4124 6454
461 393 600 447 1055

1479 393 1993 452 THEOPHYLACTI
2031 391 2392 449 BULGARL‘E
2425 393 2739 452 ARCHIEP.
2831 437 2840 440 -

3627 399 3764 452 1056

457 536 561 577 nos
601 521 786 592 habet,
837 531 1023 582 tamen
1060 526 1188 600 quia
1218 525 1523 583 bonitatem
1561 539 1718 580 suam
1766 521 2041 578 ostendere

2169 518 2256 580 διὰ
2296 524 2308 582 ἶ
2321 525 2448 600 γοῦν
2495 521 2580 598 τὸ]
2637 520 2823 581 θέλειν
2861 521 3203 592 ἐνδείξασθαι
3265 521 3362 596 τὴν
3392 521 3761 600 Ξᾶγαθότητα,

458 611 611 680 velit,
638 615 869 670 omnino
907 615 1085 672 faciet.
1132 616 1312 673 Hodie
1341 616 1491 672 enim
1535 614 1778 686 plerique
1804 621 1934 669 sunt
1968 611 2051 667 in-

458 701 685 770 creduli,
726 703 782 759 in
819 703 1008 762 futuro
1049 715 1234 763 tamen
1272 705 1473 764 saeculo
1517 719 1716 762 omnes
1761 711 2055 776 agnoscent

460 793 591 865 quid
623 794 781 850 nobis
807 794 1111 864 donaverit,
1144 814 1272 854 cum
1307 805 1532 853 sanctos
1560 796 1618 850 in
1646 795 1819 867 gloria
1850 791 2052 850 ineffa-

459 883 556 939 bili
583 887 985 956 conspexeriut.
1007 888 1173 958 Quod
1201 902 1329 944 vero
1351 888 1444 954 ait,
1471 908 1496 933 α
1529 889 1588 940 In
1607 884 1819 941 Christo
1844 887 1874 939 J
1882 900 1996 953 esu,
2024 907 2049 932 υ

460 972 567 1030 hoc
589 982 690 1042 est,
720 976 845 1030 Non
869 975 938 1031 ad
963 976 1241 1033 Christum
1265 976 1446 1033 solum
1475 975 1593 1032 haec
1616 975 1932 1042 consistent,
1957 973 2053 1029 sed

460 1078 556 1134 per
595 1064 783 1134 ipsum
825 1066 1040 1121 venient
1069 1067 1233 1122 etiam
1277 1066 1346 1122 ad
1385 1080 1504 1135 nos,
1547 1065 1710 1120 veluti
1738 1081 1768 1119 a
1801 1063 2054 1136 primitiis

463 1152 532 1209 ad
561 1160 744 1211 totum
773 1173 787 1210 :
820 1171 883 1210 ac
911 1157 1073 1212 simul
1106 1157 1521 1224 viviﬁcabimur,
1559 1172 1622 1211 ac
1651 1154 1807 1211 simul
1841 1153 2049 1210 sedebi-

457 1257 604 1298 mus.
657 1245 794 1299 Haec
837 1244 1060 1315 quidem
1109 1262 1345 1318 magnus
1389 1249 1631 1302 Joannes
1666 1243 1756 1299 hic
1792 1242 1942 1298 dicit.
1987 1246 2052 1298 In

461 1333 756 1404 Evangelia
781 1349 905 1389 vero
931 1335 1178 1391 Matthaai
1205 1336 1355 1402 dicit,
1378 1334 1528 1408 quod
1557 1343 1691 1390 tunc
1709 1349 1874 1388 nemo
1901 1331 2052 1387 sedc-

463 1421 558 1478 bit.
600 1424 741 1477 Vere
775 1422 942 1494 igitur
979 1423 1178 1494 Spiritu
1220 1433 1275 1479 et
1314 1425 1645 1480 revelatione
1685 1438 1822 1493 opus
1847 1430 1949 1489 est,
1989 1429 2049 1476 ut

459 1511 826 1583 intelligamus
883 1511 1311 1582 profunditatem
1375 1513 1763 1586 mysteriorum
1822 1512 2044 1567 horum.

455 1600 573 1657 Nisi
602 1601 750 1656 enim
787 1602 1218 1673 sapientissimus
1254 1604 1343 1658 ille
1370 1601 1564 1659 doctor
1590 1605 1832 1657 Joannes
1871 1600 2048 1658 diser-

456 1690 530 1745 tis
560 1690 742 1746 verbis
769 1689 1018 1760 dixisset,
1051 1692 1201 1764 quod
1229 1701 1285 1748 et
1315 1708 1414 1748 nos
1451 1693 1654 1748 sessuri
1685 1693 1880 1760 simus,
1921 1706 2049 1763 pos-

2163 609 2374 682 ποιήσει
2403 611 2636 681 πάντως.
2681 615 2794 672 Νῦν
2829 611 2922 690 μὲν
2955 613 3056 693 γὰρ
3107 611 3294 673 πολλοὶ
3331 613 3645 673 ἀπιστοῦσιν
3665 655 3679 682 ,
3706 616 3758 672 ἐν

2166 700 2220 759 δὲ
2241 704 2317 782 τῷ
2352 702 2595 778 μέλλοντι
2649 704 2798 760 αἰῶνι
2826 702 3016 768 πάντες
3047 701 3340 779 γνώσονται
3381 702 3434 761 τί
3462 705 3592 778 ἡμῖν
3625 704 3760 780 ἐχα-

2167 790 2383 870 ρίσατο,
2434 795 2654 872 δρῶντες
2680 794 2732 850 ἐν
2765 791 2952 872 ἀφάτῳ
3001 791 3122 870 δόξῃ
3167 791 3284 859 τοὺς
3329 794 3526 870 ἁγίους.
3562 791 3642 852 Τὸ
3665 793 3756 864 δὲ,

2162 907 2186 934 α
2229 880 2329 942 Ἐν
2387 883 2605 960 Χριστῷ
2646 882 2850 961 Ἰησοῦ,
2901 909 2925 934 ι
2979 881 3278 956 τουτέστιν,
3327 884 3446 942 Οὖκ
3486 882 3614 962 ἄχρι
3665 888 3758 941 τοῦ

2164 972 2400 1052 Χριστοῦ
2457 971 2617 1048 μόνου
2665 971 2822 1045 σταίη
2872 977 3081 1044 ταῦτα,
3133 971 3272 1032 ἀλλὰ
3324 972 3389 1030 δι’
3430 977 3593 1030 αυτοῦ
3644 971 3759 1043 ἥξει

2163 1060 2255 1119 καὶ
2283 1064 2355 1128 εἰς
2383 1065 2558 1138 ἡμᾶς,
2601 1064 2671 1128 ὡς
2701 1060 2807 1120 ἀπὸ
2851 1063 3100 1141 ἀπαρχῆς
3146 1062 3218 1129 εἷς
3263 1061 3324 1119 τὸ
3367 1060 3516 1121 ὅλονο
3547 1061 3639 1121 καὶ
3667 1085 3760 1120 συ-

2163 1152 2598 1228 ζωοποιησόμεθα
2657 1149 2746 1209 καὶ
2793 1150 3282 1229 συγκαθεδούμεθα.
3336 1152 3528 1212 Ταῦτα
3580 1149 3676 1228 μὲν
3730 1155 3758 1210 ὁ

2165 1239 2331 1318 μέγας
2374 1240 2620 1311 Ἰωάννης
2667 1241 2923 1299 ἐνταῦθα·
2979 1242 3033 1299 ἐν
3079 1239 3134 1299 δὲ
3173 1243 3248 1320 τῷ
3294 1239 3434 1299 κατὰ
3479 1241 3758 1300 Ματθαῖόν

2161 1353 2350 1410 φησιν,
2398 1330 2479 1390 ὅτι
2509 1328 2672 1397 οὐδεὶς
2704 1331 2912 1389 καθίσει
2951 1330 3091 1392 τότε.
3126 1319 3338 1396 Ὄντως
3373 1319 3462 1388 οὖν
3500 1327 3758 1406 Πνεύμα-

2161 1442 2245 1486 τος
2268 1418 2421 1501 χρεία
2466 1419 2558 1478 καὶ
2609 1418 3030 1500 ἀποκαλύψεως,
3075 1419 3216 1478 ὥστε
3257 1423 3447 1490 νοῆσαι
3493 1419 3552 1477 τὸ
3598 1419 3757 1499 βάθος

2158 1513 2264 1567 τῶν
2322 1508 2626 1587 μυστηρίων
2673 1507 2896 1569 τούτων.
2962 1512 3029 1569 Εἰ
3063 1509 3138 1586 μὴ
3185 1508 3287 1589 γὰρ
3313 1512 3484 1590 ῥητῶς
3513 1511 3691 1587 ἔλεγεν
3729 1515 3756 1568 ὃ

2159 1599 2426 1679 πάνσοφος
2468 1590 2976 1679 οἷτοςᾘδιδάσκαλος
3013 1597 3299 1674 Ἰωάννης,
3334 1597 3414 1656 ὅτι
3465 1599 3558 1657 καὶ
3603 1602 3758 1674 ἡμεῖς

2157 1677 2547 1766 καθεδούμεθα,
2605 1677 2745 1768 εἶχεν
2793 1689 2855 1747 ἄν
2915 1712 2994 1756 τις
3049 1689 3249 1760 εἰπεῖν,
3295 1688 3377 1748 ὅτι
3427 1689 3479 1746 ἐν
3535 1690 3755 1769 Χριστῷ

456 1788 540 1834 set
573 1779 770 1851 aliquis
806 1780 1083 1836 afﬁrmare
1107 1781 1253 1853 quod
1287 1783 1344 1837 in
1374 1781 1589 1838 Christo
1619 1780 1891 1848 sedemus,
1921 1796 2041 1852 per-

2156 1779 2513 1858 καθεζόμεθα,
2547 1775 2728 1859 ὥσπερ
2785 1778 2875 1837 καὶ
2935 1781 2990 1836 ἐν
3028 1781 3250 1858 Χριστῷ
3315 1780 3754 1854 προσκυνούμεθα

456 1867 582 1924 inde
627 1877 791 1940 atque
831 1871 886 1925 in
927 1870 1142 1926 Christo
1187 1871 1484 1928 adoramur
1529 1871 1596 1927 ab
1642 1871 1870 1943 angelis.
1917 1872 2043 1926 Non

454 1957 597 2013 enim
639 1974 744 2014 nos
782 1960 838 2014 in
879 1969 1063 2015 nostra
1094 1976 1326 2032 persona
1357 1960 1674 2027 adoramur,
1713 1960 1808 2016 sed
1843 1968 2042 2015 natura

448 2055 638 2104 nostra
671 2048 823 2104 unita
854 2052 971 2105 Deo
1001 2050 1204 2120 Verbo,
1231 2050 1472 2121 adorata,
1507 2051 1576 2106 ad
1609 2066 1710 2106 nos
1737 2049 1908 2123 gloria
1939 2049 2042 2105 ista

456 2139 674 2193 transit.
707 2137 861 2195 Idem
887 2138 1049 2211 igitur
1069 2148 1122 2196 et
1145 2155 1296 2197 nunc
1321 2139 1470 2209 dicit,
1500 2139 1648 2213 quod
1672 2148 1727 2196 ct
1755 2155 1855 2196 nos
1886 2139 2041 2196 sede-

448 2227 653 2284 bimus.

524 2319 706 2374 Vens.
745 2324 800 2373 8.
843 2342 869 2368 α
905 2320 1096 2376 Gratia
1124 2320 1272 2376 enim
1297 2321 1496 2377 servati
1517 2320 1645 2377 estis
1671 2336 1770 2394 per
1792 2319 1980 2376 ﬁdem.
2013 2343 2038 2369 ιο

454 2407 917 2464 Commemoratis
943 2409 1008 2464 iis
1037 2425 1157 2481 qua:
1185 2410 1285 2466 Dei
1315 2419 1465 2477 sunt,
1497 2425 1695 2481 nempe
1728 2409 1888 2480 .quod
1924 2425 2041 2480 gra-

453 2496 539 2553 tia
573 2499 774 2554 servati
813 2514 1024 2568 sumus,
1055 2499 1242 2556 intulit
1275 2500 1436 2556 etiam
1469 2499 1621 2573 quod
1656 2507 1906 2556 nostrum
1936 2507 2040 2567 est,

455 2609 480 2635 «ι
511 2588 620 2642 Per
642 2588 808 2644 ﬁdem
837 2607 850 2642 :
885 2613 907 2637 ι
934 2605 1002 2645 ne
1025 2589 1272 2646 destruat
1295 2589 1522 2646 liberum
1554 2589 1863 2646 arbitrium.

526 2699 553 2725 α
590 2680 662 2732 Et
695 2677 801 2734 hoc
827 2695 939 2735 non
967 2695 1031 2736 ex
1061 2678 1237 2750 vobis,
1262 2680 1364 2736 Dei
1393 2679 1603 2736 donum
1634 2687 1734 2736 est.
1768 2700 1796 2733 »
1827 2683 2044 2736 Rursus

448 2765 581 2823 illud
620 2769 862 2834 sustulit,
903 2769 1176 2841 inquiens,
1207 2770 1356 2842 quod
1392 2785 1574 2842 neque
1601 2769 1740 2825 ﬁdes
1779 2785 1844 2824 ex
1884 2769 2044 2826 nobis

449 2857 524 2911 sit
572 2874 584 2910 :
628 2855 734 2912 nisi
783 2859 926 2913 enim
965 2860 1230 2927 venisset,
1278 2859 1385 2914 nisi
1439 2867 1706 2925 vocasset,
1753 2874 1864 2913 non
1907 2858 2038 2914 obc-

450 2945 760 3002 diissemus.
807 2969 831 2995 α
875 2948 1169 3019 Quomodo
1205 2948 1374 3014 enim,
1413 2967 1439 2999 »
1481 2949 1680 3019 inquit,
1728 2970 1752 2995 α
1793 2946 2039 3016 credent,

452 3035 555 3090 nisi
585 3035 813 3092 audiant
831 3040 894 3091 °P
927 3037 1163 3093 Proinde
1191 3045 1244 3092 et
1270 3038 1384 3108 ipsa
1411 3036 1546 3094 ﬁdes
1569 3038 1775 3094 donum
1806 3037 1910 3092 Dei
1937 3045 2038 3094 est.

2151 1869 2252 1928 ὑπὸ
2311 1868 2572 1949 ἀγγέλων.
2633 1869 2714 1929 Οὖ
2764 1867 2866 1948 γὰρ
2899 1867 2954 1926 δὲ
3007 1867 3058 1906 ⁸⁷
3110 1870 3266 1946 ἡμεῖς
3307 1867 3748 1948 προσκυνούμεθα

2152 1960 2612 2040 αὖτοπροσώπως,
2663 1956 2802 2018 ἀλλὰ
2845 1961 2940 2028 τῆς
2970 1956 3174 2037 φύσεως
3205 1959 3363 2032 ἡμῶν
3411 1961 3505 2028 τῆς
3535 1956 3748 2034 ἡνωμέ-

2151 2072 2242 2119 νης
2270 2053 2346 2130 τῷ
2370 2051 2496 2129 Θεῷ
2544 2047 2698 2127 Λόγῳ
2736 2046 3231 2130 ’προσκυνουμένηῇ
3267 2048 3338 2113 εἷς
3365 2050 3510 2120 ἡμᾶς
3559 2051 3592 2118 ἡ
3626 2047 3750 2115 δόξα

2151 2139 2432 2198 διαϐαίνει.
2482 2140 2654 2199 Τοῦτο
2685 2125 2774 2196 οὖν
2824 2137 2968 2216 λέγει
3021 2136 3113 2196 καὶ
3155 2141 3279 2214 νῦν,
3329 2134 3410 2196 ὅτι
3462 2135 3554 2195 καὶ
3595 2145 3750 2215 ἡμεῖς

2151 2228 2534 2305 καθεδούμεθα.

2235 2340 2264 2375 α
2299 2322 2385 2398 Τῇ
2417 2318 2520 2398 γὰρ
2565 2317 2744 2397 χάριτί
2776 2320 2893 2376 ἐστε
2938 2314 3266 2393 σεσωσμένοι
3302 2314 3389 2375 διὰ
3426 2314 3672 2382 πίστεως.
3706 2338 3737 2373 n

2152 2407 2339 2468 Εἰπὼν
2387 2408 2454 2466 τὰ
2482 2413 2571 2466 τοῦ
2602 2410 2772 2480 Θεοῦ,
2808 2403 2890 2465 ὅτι
2933 2405 3118 2487 χάριτι
3148 2403 3421 2482 ἐσώθημεν
3444 2449 3459 2478 ,
3491 2403 3677 2484 ἐπάγει
3698 2405 3752 2440 ⁸⁸

2150 2498 2243 2557 καὶ
2273 2498 2332 2558 τὸ
2373 2497 2662 2578 ἡμέτερον,
2717 2497 2810 2569 τὸ,
2849 2523 2874 2550 α
2915 2495 3020 2556 Διὰ
3049 2499 3144 2568 τῆς
3198 2493 3427 2563 πίστεως
3450 2517 3464 2534 ο
3492 2523 3516 2547 ι
3551 2491 3636 2554 ἵνα
3672 2497 3748 2574 μὴ

2151 2587 2451 2666 λυμήνηται
2483 2586 2542 2646 τὸ
2568 2585 2926 2655 αὐτεξούσιον.

2229 2704 2254 2733 α
2290 2677 2398 2738 Καὶ
2427 2681 2584 2737 τοῦτο
2621 2680 2716 2735 οὐκ
2747 2675 2798 2745 ἐξ
2835 2678 3020 2752 ὑμῶν·
3060 2676 3202 2735 Θεοῦ
3248 2673 3308 2732 τὸ
3340 2675 3527 2756 δῶρον.
3565 2703 3588 2728 ι
3629 2677 3753 2738 Πά-

2149 2769 2231 2826 λιν
2281 2768 2410 2827 αὖτὸ
2441 2769 2651 2839 ἀνεῖλε,
2710 2765 2803 2824 καὶ
2833 2788 3023 2844 φησιν,
3081 2763 3161 2823 ὅτι
3215 2762 3336 2825 οὐδὲ
3377 2769 3410 2836 ἡ
3459 2765 3632 2832 πίστις
3688 2766 3741 2836 ἐξ

2149 2859 2303 2934 ἡμῶν
2325 2878 2338 2892 ·
2366 2859 2412 2915 εἰ
2444 2856 2518 2935 μὴ
2543 2857 2646 2934 γὰρ
2675 2846 2862 2928 ἦλθεν,
2907 2855 2952 2913 εἷ
2983 2852 3060 2932 μὴ
3099 2852 3344 2914 ἐκάλεσεν
3367 2898 3383 2928 ,
3415 2854 3511 2913 οὐκ
3543 2854 3604 2913 ἂν
3635 2859 3745 2915 ὕπ-

2149 2947 2473 3022 ηκούσαμεν.
2510 2967 2540 3003 (ι
2567 2947 2694 3012 Πῶς
2726 2944 2860 3023 γὰρ,
2892 2966 2922 3002 ›)
2955 2943 3085 3024 φησὶ
3104 2987 3120 3016 ,
3159 2965 3190 3000 (ι
3223 2942 3628 3017 πιστεύσουσιν,
3654 2944 3748 3003 ἐὰν

2151 3034 2226 3108 μὴ
2254 3034 2548 3095 ἀκούσωσιν
2573 3055 2589 3112 ;
2625 3057 2653 3093 ι)
2684 3032 2864 3093 εὨστε
2898 3034 2989 3092 καὶ
3012 3033 3145 3104 αὕτη
3171 3035 3334 3111 δῶρον
3358 3035 3524 3092 Οεοῦ.
3556 3031 3632 3094 Ἤ
3656 3035 3750 3094 καὶ

449 3125 548 3180 Vel
571 3125 728 3180 aliter
753 3142 767 3179 :
790 3128 912 3182 Non
933 3126 1103 3182 ﬁdem
1122 3127 1253 3183 dicit
1275 3127 1487 3183 donum
1510 3127 1630 3192 Dei,
1657 3133 1919 3182 caeterum
1945 3143 2041 3198 per

2156 3124 2327 3192 ἄλλως
2355 3145 2368 3159 ⁰
2395 3125 2475 3186 Οὖ
2497 3123 2592 3194 τὴν
2619 3122 2795 3182 πίστιν
2827 3121 2968 3201 λέγει
3010 3124 3174 3201 δῶρον
3203 3127 3345 3183 Θεοῦ
3362 3167 3378 3194 ,
3415 3121 3553 3180 ἀλλὰ
3579 3123 3639 3181 τὸ
3662 3123 3750 3182 διὰ

456 3214 622 3270 ﬁdem
659 3217 886 3284 servari,
919 3215 1023 3272 hoc
1051 3224 1133 3272 est
1160 3216 1365 3273 donum
1400 3216 1517 3272 Dei.
1549 3220 1680 3272 Esto
1715 3217 1859 3272 enim
1893 3217 2040 3288 quod

453 3304 589 3361 ﬁdes
631 3314 818 3361 nostra
867 3307 955 3372 sit,
999 3305 1282 3376 quomodo
1325 3307 1596 3376 potuisset
1637 3307 1738 3362 ista
1781 3307 1896 3362 sola
1940 3322 2042 3362 nos

452 3411 694 3464 servare,
720 3395 823 3452 nisi
850 3398 970 3452 Deo
996 3397 1286 3468 placuisset
1307 3411 1411 3453 nos
1428 3395 1700 3468 suscipere
1726 3411 1822 3467 per
1842 3396 2039 3468 ipsam,

449 3500 519 3540 ne
555 3485 614 3541 in
651 3493 832 3541 totum
871 3486 1043 3542 simus
1086 3485 1271 3558 otiosi,
1299 3487 1397 3542 sed
1433 3494 1498 3542 ut
1533 3501 1634 3542 nos
1677 3501 1895 3559 quoque
1946 3486 2042 3542 ali-

447 3575 580 3648 quid
608 3575 858 3632 conferre
887 3575 1207 3633 videamur?

520 3669 695 3722 Vens.
731 3673 784 3723 9.
819 3690 843 3714 α
878 3669 1002 3723 Non
1032 3683 1103 3723 ex
1136 3666 1414 3738 operibus,
1446 3682 1514 3722 ne
1544 3667 1664 3738 quis
1691 3666 1970 3740 glorietur.
2011 3691 2035 3716 ν

445 3759 564 3814 Nos
591 3772 758 3827 opera
787 3755 1052 3813 habentes
1081 3772 1190 3812 non
1223 3757 1442 3828 repulit,
1475 3772 1665 3813 verum
1697 3757 1939 3828 proditos
1969 3757 2039 3813 ab

451 3846 708 3918 operibus
752 3846 924 3918 gratia
971 3862 1073 3901 nos
1119 3846 1373 3912 servavit,
1421 3854 1483 3902 ut
1528 3863 1590 3902 ex
1635 3855 1832 3902 eventu
1872 3863 2038 3904 nemo

450 3934 648 3992 habeat
675 3934 823 3992 unde
851 3936 1074 4008 gloriari
1103 3944 1288 4007 queat.
1321 3937 1461 3991 Nam
1492 3935 1806 4006 conjunctio
1837 3960 1860 3986 ει
1895 3939 1975 3993 Ut
2011 3961 2034 3985 »

448 4025 538 4080 hic
559 4042 671 4081 non
701 4033 785 4082 est
812 4025 1069 4093 causalis,
1098 4025 1192 4080 sed
1224 4040 1290 4080 ex
1321 4037 1516 4080 eventu
1543 4027 1641 4080 rei.

515 4211 703 4263 Vens.
739 4212 826 4261 10.
864 4229 887 4253 ει
922 4205 1102 4276 lpsius
1131 4205 1278 4260 enim
1306 4221 1499 4262 sumus
1524 4205 1754 4272 factura,
1784 4207 1950 4262 creati
1979 4208 2038 4263 in

445 4296 666 4352 Christo
718 4298 850 4350 Jesu
897 4295 951 4350 in
1005 4293 1262 4364 operibus
1311 4295 1487 4363 bonis,
1543 4311 1667 4367 quae
1714 4297 2040 4368 praeparavit

443 4391 616 4452 Deus,
641 4393 706 4440 ut
733 4385 790 4439 in
821 4384 951 4455 ipsis
973 4383 1340 4441 ambulemus.
1375 4409 1400 4433 υ
1432 4388 1514 4441 Ne
1539 4387 1582 4441 si
1609 4385 1824 4452 audias,
1847 4403 1952 4442 non
1975 4402 2037 4442 ex

2155 3214 2384 3282 πίστεως
2409 3217 2672 3286 σωθῆναι,
2703 3218 2858 3272 10310
2889 3211 3054 3292 δῶρόν
3095 3214 3206 3270 ἐστι
3233 3213 3399 3272 Θεοῦ.
3433 3209 3619 3272 Ἔστω
3642 3214 3751 3294 γὰρ

2151 3306 2233 3366 ὅτι
2273 3309 2307 3377 ἡ
2357 3303 2532 3372 πίστις
2581 3303 2868 3383 ἡμέτερον,
2901 3305 3014 3369 πῶς
3071 3299 3132 3359 ἂν
3181 3299 3398 3379 ἴσχυσεν
3443 3299 3578 3374 αὕτη
3611 3303 3750 3379 μόνη

2150 3398 2354 3469 σῶσαι,
2409 3397 2455 3453 εἰ
2509 3391 2585 3472 μὴ
2633 3396 2661 3450 ὃ
2703 3392 2840 3459 Θεὸς
2885 3392 3146 3466 ηὖδόκησε
3181 3391 3431 3470 δεχθῆναι
3484 3391 3550 3448 δι’
3585 3394 3751 3464 αὐτῆς

2149 3485 2321 3562 ἡμᾶς’,
2350 3482 2436 3542 ἴνα
2491 3482 2566 3560 μὴ
2595 3481 2654 3541 τὸ
2681 3481 2798 3542 ὅλον
2830 3472 2974 3560 ὦμεν
3006 3479 3192 3562 ἀργοὶ,
3239 3477 3379 3539 ἀλλὰ
3425 3481 3664 3558 δοκῶμέν
3693 3505 3748 3542 τι

2149 3573 2242 3634 καὶ
2273 3572 2421 3632 αὐτοὶ
2442 3572 2851 3651 συνεισενεγκεῖν
2870 3595 2886 3644 ;

2233 3691 2255 3717 α
2284 3665 2403 3724 Οὔκ
2433 3662 2485 3731 ἐξ
2543 3661 2710 3741 ἔργων
2731 3707 2744 3733 ,
2775 3660 2862 3719 ἵνα
2889 3658 2965 3738 μή
3034 3683 3111 3726 τις
3142 3658 3508 3740 καυχήσηται.
3545 3685 3570 3711 υ
3602 3660 3750 3740 Οὐχὶ

2149 3754 2365 3833 ἔχοντας
2422 3751 2552 3832 ἔργα
2605 3751 2859 3810 ἀπώσατο
2907 3753 3078 3826 ἡμᾶς,
3139 3750 3278 3808 ἀλλὰ
3333 3750 3748 3830 προδεδομένους

2149 3843 2250 3902 ὑπὸ
2271 3845 2377 3901 τῶν
2429 3840 2627 3922 ἔργων,
2687 3840 2870 3920 χάριτι
2901 3838 3136 3912 ἔσωσεν,
3189 3838 3330 3898 ὥστε
3388 3839 3442 3907 ἐξ
3483 3838 3748 3898 ἀποτελέ-

2148 3955 2349 4008 σματος
2407 3931 2611 4008 μηδένα
2663 3931 2842 3989 λοιπὸν
2889 3928 3028 4008 ἔχειν
3085 3935 3409 4008 καυχᾶσθαι.
3472 3928 3553 3988 Τὸ
3603 3927 3739 4007 γὰρ,

2148 4051 2172 4074 σι
2203 4021 2359 4093 Ἵνα,
2396 4047 2420 4072 ιι
2450 4022 2544 4078 οὖκ
2572 4018 2920 4097 αἰτιολογικόν
2955 4021 3127 4094 ἐστιν,
3173 4019 3289 4078 ἀλλ’
3320 4021 3381 4077 ἐκ
3415 4021 3508 4092 τῆς
3538 4017 3744 4077 ἀποϐά-

2148 4135 2277 4178 σεως
2299 4114 2389 4169 τοῦ
2415 4107 2752 4187 πράγματος.

2237 4221 2268 4258 (ι
2298 4203 2472 4259 Αὐτοῦ
2503 4199 2603 4278 γάρ
2636 4201 2794 4275 ἐσμεν
2831 4198 3039 4280 ποίημα
3059 4243 3075 4272 ,
3112 4197 3404 4266 κτισθέντες
3435 4199 3486 4256 ἐν
3523 4197 3745 4280 Χριστῷ

2146 4289 2325 4362 Ἰησοῦ
2358 4288 2444 4346 ἐπὶ
2474 4277 2644 4369 ἔργοις
2685 4289 2896 4366 ἀγαθοῖς
2917 4334 2932 4361 ,
2969 4277 3044 4354 οἶς
3085 4286 3479 4368 προητοίμασεν
3514 4291 3541 4346 ὁ
3573 4277 3743 4358 Θεὸς,

2144 4378 2232 4438 ἵνα
2281 4381 2333 4437 ἐν
2375 4381 2551 4446 αὐτοῖς
2603 4377 3080 4457 περιπατήσωμεν.
3133 4399 3164 4436 ›)
3202 4375 3328 4437 Ἵνα
3371 4375 3447 4454 μὴ
3480 4377 3747 4452 ἀκούσας,

446 4475 706 4548 operibus
766 4489 866 4530 nos
928 4489 1044 4530 esse
1103 4473 1451 4547 justiﬁcatos,
1515 4475 1671 4531 deses
1735 4477 1833 4531 ﬁas
1894 4476 2034 4532 circa

2151 4469 2228 4527 ὅτι
2269 4470 2365 4527 οὐκ
2402 4467 2454 4535 ἐξ
2487 4467 2652 4548 ἔργων
2686 4466 3068 4544 ἐδικαιώθημεν
3093 4511 3109 4542 ,
3157 4467 3467 4548 ῥαθυμήσῃς
3515 4466 3636 4546 περὶ
3678 4465 3744 4524 τὰ

443 4581 640 4638 opera;
691 4565 785 4631 ait,
832 4563 979 4636 quod
1022 4580 1173 4620 nunc
1216 4572 1337 4635 post
1381 4563 1545 4620 ﬁdem
1587 4565 1847 4636 operibus
1897 4582 2034 4637 opus

441 4665 544 4712 est.
571 4655 838 4712 Conditus
862 4671 918 4710 es
943 4655 1092 4709 enim
1123 4655 1181 4709 in
1206 4653 1423 4710 Christo
1447 4655 1600 4720 Jesu,
1630 4662 1685 4710 et
1710 4671 1852 4711 nova
1881 4672 2032 4712 crea-

441 4753 563 4801 tura
606 4743 781 4801 factus
819 4760 896 4814 es,
929 4744 1189 4800 defuncto
1234 4743 1333 4799 tibi
1380 4744 1810 4803 veterehomine
1852 4745 1906 4800 in
1936 4747 2032 4801 ba-

441 4836 711 4908 ptismate.
779 4839 861 4890 Ac
915 4832 1386 4906 quemadmodum
1438 4834 1495 4889 in
1547 4833 1812 4906 principio
1864 4836 2026 4907 381

439 4941 567 4980 cum
595 4941 709 4980 non
747 4939 912 4992 esses,
950 4923 1206 4994 produxit
1243 4931 1294 4979 te
1331 4933 1395 4980 ut
1423 4939 1592 4991 esses,
1633 4924 1708 4979 sic
1735 4925 2030 4980 etiamnum

441 5024 502 5071 ut
530 5015 668 5071 bene
702 5029 868 5081 esses,
914 5022 968 5070 te
1004 5013 1233 5084 protulit
1273 5029 1284 5064 :
1321 5013 1683 5085 conditusque
1714 5029 1794 5085 es,
1831 5031 1942 5070 non
1972 5023 2033 5070 ut

439 5105 651 5172 otieris,
701 5119 902 5160 verum
956 5111 1018 5159 ut
1067 5103 1333 5174 opereris,
1381 5111 1435 5158 et
1481 5104 1538 5158 in
1575 5103 1734 5160 bonis
1775 5105 2032 5174 operibus

441 5195 714 5262 ambules,
758 5194 862 5250 hoc
905 5199 1008 5261 est,
1055 5209 1280 5249 omnem
1327 5193 1506 5249 aetatis
1547 5201 1660 5250 tum
1709 5209 1930 5249 cursum
1977 5195 2036 5250 in

440 5283 587 5340 hisce
616 5283 867 5356 perﬁcias
899 5305 910 5340 :
947 5299 1061 5340 non
1090 5283 1230 5340 duos
1259 5292 1438 5352 tresve
1467 5299 1658 5353 annos,
1687 5283 1784 5341 sed
1813 5299 2035 5339 omnem

441 5374 565 5432 vitae
606 5381 716 5429 tute
757 5389 978 5430 cursum
1017 5391 1028 5429 :
1067 5372 1174 5429 hoc
1207 5373 1356 5429 enim
1403 5372 1608 5430 indicat
1633 5389 1747 5446 per,
1783 5373 2035 5430 ambule-

513 5521 536 5548 θ
568 5518 745 5573 Rom.
777 5531 840 5585 Χ,
884 5522 967 5576 14.

2146 4558 2311 4638 ἔργα,
2364 4557 2524 4639 φησὶν
2572 4555 2652 4615 ὅτι
2681 4562 2771 4616 νῦν
2827 4557 2962 4633 μετὰ
3005 4557 3101 4630 τὴν
3150 4556 3330 4615 πίστιν
3369 4556 3526 4637 χρεία
3559 4556 3746 4636 ἔργων.

2143 4648 2426 4720 Ἐκτίσθης
2468 4645 2572 4726 γὰρ
2629 4649 2681 4705 ἐν
2726 4649 2942 4727 Χριστῷ
2973 4645 3191 4719 Ἰησοῦ,
3237 4645 3330 4705 καὶ
3385 4646 3500 4705 νέον
3531 4647 3744 4721 ποίημα

2142 4739 2356 4817 ἐγένου,
2412 4735 2759 4803 ἀποθανόντος
2811 4760 2891 4795 σοι
2941 4742 3032 4795 τοῦ
3088 4738 3319 4794 παλαιοῦ
3364 4736 3649 4814 ἀνθρώπου
3692 4737 3745 4794 ἐν

2141 4832 2218 4908 τῷ
2261 4825 2616 4908 βαπτίσματι.
2671 4826 2780 4886 Καὶ
2809 4824 2988 4906 ὥσπερ
3015 4828 3066 4884 ἐν
3097 4827 3241 4906 ἀρχῇ
3286 4823 3394 4882 ἀπὸ
3424 4829 3515 4882 τοῦ
3538 4824 3743 4908 μὴ’-ὄν·

2139 4940 2224 4984 τος
2255 4920 2326 4985 εἰς
2354 4915 2416 4976 τὸ
2444 4907 2576 4974 εἶναι
2613 4914 2894 4994 παρήχθης
2919 4959 2934 4989 ,
2989 4914 3124 4975 οὕτω
3161 4921 3252 4974 νῦν
3283 4917 3355 4981 εἰς
3399 4913 3460 4972 τὸ
3511 4906 3568 4973 εὖ
3610 4904 3744 4973 εἶναι

2137 5005 2452 5086 παρήγαγε-⁸
2505 5004 2596 5063 καὶ
2635 5005 2904 5078 ἐκτίσθης,
2953 5006 3054 5084 οὐχ
3099 5003 3187 5062 ἵνα
3237 5007 3430 5085 ἀργῇς,
3474 5005 3592 5062 ἀλλ’
3655 5002 3744 5061 ἵνα

2141 5097 2372 5177 ἐργάζῃ,
2402 5094 2496 5154 καὶ
2527 5099 2823 5175 περιπατῇς
2853 5098 2906 5153 ἐν
2938 5102 3047 5163 τοῖς
3079 5097 3297 5172 ἀγαθοῖς
3348 5092 3546 5174 ἔργοις·
3579 5116 3740 5151 τουτ-

2144 5185 2293 5262 έστι,
2324 5193 2505 5246 πᾶσαν
2530 5184 2626 5257 τὴν
2659 5187 2775 5244 ὁδὸν
2806 5189 2896 5244 τοῦ
2948 5184 3063 5264 βίου
3106 5182 3359 5262 διανύσῃς
3405 5185 3458 5242 ἐν
3512 5182 3742 5255 τούτοις,

2143 5277 2202 5336 οὐ
2234 5275 2326 5335 δύο
2445 5282 2583 5356 τρεῖς
2616 5273 2910 5348 ἐνιαυτοὺς,
2967 5273 3106 5332 ἀλλὰ
3138 5283 3320 5333 πᾶσαν
3354 5273 3449 5344 τὴν
3488 5274 3606 5331 ὁδον
3652 5277 3747 5342 τῆς

2147 5367 2284 5437 ζωῆς
2312 5389 2430 5426 σου.
2479 5367 2658 5425 Τοῦτο
2685 5364 2788 5447 γὰρ
2835 5364 3128 5425 αἰνίττεται
3174 5362 3260 5423 διὰ
3286 5368 3410 5437 τοῦ,
3440 5366 3744 5444 περιπατῆ-

1826 5610 2017 5670 Varia
2061 5612 2363 5672 lectiones.

512 5702 554 5736 ⁸⁷
585 5701 697 5754 οῦδὲ
724 5699 820 5774 γὰρ
845 5717 899 5757 0.
976 5700 1021 5739 ⁸⁸
1047 5699 1266 5773 ἐπήγαγε
1296 5717 1348 5757 0.
