4124 6424
362 454 498 506 1057
1212 449 1563 506 EXPOSlTlO
1604 453 1671 507 IN
1709 453 1915 511 EPIST.
1956 457 1990 510 Α

2029 458 2046 508 )
2087 454 2319 512 EPHES.
2362 485 2432 497 —
2469 456 2621 514 CAP.
2665 459 2732 514 ll.
3520 471 3657 527 1058

359 602 466 637 σαι.
498 575 567 638 Ὁ
587 575 691 656 γὰρ
720 575 858 642 Θεὸς
892 574 1256 655 προητοίμασε
1287 580 1485 637 ταῦτα’
1518 575 1657 638 ὥστε
1682 580 1779 638 οὗκ
1807 579 1951 640 ἔστιν
1981 637 1987 648 ι

2026 597 2208 647 ⁵ιιιιιε.
2258 585 2406 639 Deus
2453 583 2603 638 enim
2662 583 2979 656 praeparavit
3026 585 3174 654 haec;
3227 590 3480 661 quocirca
3540 610 3654 652 non

360 667 723 728 ἀναϐαλέσθαι
741 711 760 738 ,
787 670 856 735 ὡς
881 667 1174 744 ὡρισμένου
1197 665 1367 726 θεόθεν
1389 673 1481 728 τοῦ
1493 665 1646 747 ἔργου
1663 668 1763 727 33’.
1782 668 1955 730 Ἀλλὰ

2070 671 2197 726 licet
2228 671 2316 726 illa
2352 671 2594 744 rejicere,
2629 688 2728 729 ceu
2758 689 2922 745 opere
2960 673 3216 732 divinitus
3257 678 3548 740 destinato.
3590 687 3654 740 In

358 759 449 817 καὶ
481 761 532 816 ἐν
575 766 738 816 πᾶσιν
762 781 774 794 ·
807 759 852 816 εἰ
881 755 982 838 γὰρ
1013 755 1066 816 ἓν
1107 756 1312 831 λείπει,
1371 758 1676 830 ἐκολοϐώθη
1701 765 1735 832 ἡ
1765 761 1952 840 ἀρετή.

2067 761 2326 832 operibus
2351 761 2529 832 bonis,
2557 777 2670 818 non
2699 762 2756 818 in
2790 780 2899 820 uno
2923 780 3107 835 opere,
3139 765 3236 822 sed
3273 767 3329 823 in
3355 772 3611 830 omnibus
3641 795 3654 832 :

358 847 429 910 Ὀ
461 847 516 908 δὲ
566 846 831 927 Θεολόγος
865 845 1153 927 Γρηγόριος
1201 847 1285 918 τὸ,
1319 872 1343 899 α
1390 847 1707 916 κτισθέντες
1757 849 1841 907 ἐπ’
1867 848 1956 928 ἔρ-

2067 866 2196 906 nam
2226 850 2271 907 si
2311 867 2484 906 unum
2522 850 2688 919 desit,
2727 852 2980 909 mutilata
3007 863 3091 910 est
3127 855 3315 914 virtus.
3361 859 3658 934 Gregorius

357 962 468 1018 γοις
498 941 740 1019 ἀγαθοῖς,
769 966 794 990 ιι
843 938 902 997 οὗ
948 937 1192 1020 περὶτῆς
1244 939 1295 996 ἐν
1327 939 1403 1017 τῷ
1453 936 1788 1015 βαπτίσματι
1840 939 1952 997 κτί-

2069 949 2255 996 autem
2273 940 2584 1014 Theologus
2610 941 2778 1009 istud,
2811 965 2835 990 κ
2854 944 3035 1000 Creati
3060 945 3115 1000 in
3145 947 3404 1018 operibus
3427 948 3608 1021 bonis,
3629 976 3655 1004 ι

359 1052 522 1102 σεως,
554 1028 692 1087 ἀλλὰ
721 1027 843 1108 περὶ
867 1031 960 1100 τῆς
995 1025 1340 1108 δημιουργίας
1369 1025 1421 1065 ⁸9
1443 1026 1733 1096 ἐξεδέξατο.

2070 1045 2181 1085 non
2229 1029 2296 1086 de
2341 1031 2618 1086 creatione
2659 1031 2716 1086 in
2754 1030 3101 1104 baptismate,
3139 1051 3329 1092 verum
3369 1038 3438 1094 de
3481 1041 3657 1112 prima

2066 1119 2342 1176 creatione
2363 1120 2748 1190 interpretatus
2771 1129 2873 1178 est.

441 1239 466 1265 α
503 1212 597 1272 Διὸ
651 1209 1039 1289 μνημονεύετε,
1095 1209 1174 1269 ὅτι
1214 1212 1363 1288 ὑμεῖς
1410 1233 1540 1270 ποτε
1606 1207 1674 1270 τὰ
1721 1209 1843 1284 ἔθνη
1902 1213 1956 1272 ἐν

2139 1211 2319 1266 Vsus.
2357 1216 2440 1265 11.
2478 1234 2503 1258 «
2536 1214 2768 1282 Propter
2791 1211 2941 1284 quod
2970 1229 3245 1273 memores
3271 1227 3468 1289 estote,
3505 1220 3657 1294 quod

361 1302 553 1381 σαρκὶ,
601 1303 648 1361 οἱ
687 1304 962 1379 λεγόμενοι
1007 1299 1334 1380 ἀκροϐυστία
1375 1299 1476 1359 ὑπὸ
1517 1303 1637 1382 τῆς,
1671 1301 1958 1380 λεγομένης

2067 1314 2165 1355 vos
2206 1300 2338 1356 olim
2371 1308 2557 1372 gentes
2583 1301 2642 1356 in
2678 1317 2860 1370 carne,
2905 1304 2998 1375 qui
3039 1304 3287 1362 dicimini
3330 1312 3654 1382 praeputium

358 1397 650 1472 περιτομῆς
712 1392 766 1449 ἐν
820 1391 980 1470 σαρκὶ
1034 1389 1450 1470 χειροποιήτου,
1506 1389 1587 1449 ὅτι
1622 1381 1716 1462 ἦτε
1775 1393 1832 1450 ἐν
1880 1395 1956 1472 τῷ

2069 1387 2138 1443 ab
2164 1405 2225 1444 ea
2257 1405 2378 1460 quae
2407 1389 2604 1446 dicitur
2631 1391 2976 1448 circumcisio
3020 1393 3078 1448 in
3117 1411 3283 1453 carne
3321 1381 3657 1470 manufacta,

359 1485 530 1563 καιρῷ
581 1479 765 1563 ἐκείνῳ
811 1481 977 1562 χωρὶς
1026 1483 1285 1560 Χριστοῦ.
1340 1508 1364 1534 υ
1398 1478 1582 1540 Εἰπὼν
1631 1479 1714 1538 ὅτι
1743 1481 1960 1561 νεκροὺς

2068 1478 2216 1550 quod
2245 1479 2414 1535 eratis
2438 1479 2528 1535 illo
2555 1480 2612 1536 in
2639 1488 2886 1552 tempore
2901 1483 3016 1539 sine
3035 1484 3270 1543 Christo.
3300 1510 3324 1534 ι»
3346 1489 3485 1544 Cum
3505 1489 3662 1546 dixis-

360 1570 514 1638 ὄντας
551 1569 745 1643 ἔσωσε,
776 1575 868 1628 ν’ὖν
899 1570 1082 1647 μέλλει
1126 1573 1326 1643 εἰπεῖν,
1353 1569 1508 1628 τίνων
1540 1568 1784 1640 ἐποίησεν
1816 1569 1959 1640 ἴσους

2069 1577 2152 1623 set
2191 1567 2340 1640 quod
2370 1579 2618 1626 mortuos
2642 1573 2899 1641 servarit,
2939 1573 3189 1630 dicturus
3212 1576 3330 1648 jam
3358 1586 3442 1634 est
3465 1580 3663 1652 quibus

360 1661 453 1720 καὶ
528 1659 1020 1740 συγκληρονόμους,
1095 1659 1186 1718 καὶ
1243 1659 1322 1717 ὅτι
1393 1663 1498 1718 τῶν
1565 1661 1916 1739 Ἰσραηλιτῶν
1941 1683 1955 1698 ·

2068 1659 2305 1730 aequales
2343 1658 2534 1716 fecerit
2569 1668 2623 1716 et
2659 1660 3316 1736 cohaeredes,f_nimirum,
3349 1669 3613 1726 Israelitis
3646 1689 3659 1726 :

363 1750 503 1830 μέγα
552 1751 654 1830 γὰρ
712 1742 776 1822 ἧν
804 1749 865 1808 τὸ
903 1751 1104 1809 τούτων
1146 1748 1388 1826 ἀξίωμα·
1447 1749 1540 1808 καί
1569 1772 1699 1830 φησι
1725 1773 1738 1786 ο
1775 1772 1807 1805 a
1860 1748 1958 1811 Διὸ

2065 1748 2256 1820 ingens
2274 1748 2418 1805 enim
2443 1750 2642 1806 horum
2668 1759 2786 1807 erat
2803 1751 3034 1824 dignitas
3060 1762 3114 1809 et
3133 1757 3450 1814 auctoritas.
3475 1761 3548 1814 Et
3563 1760 3661 1826 ait,

365 1839 742 1917 μνημονεύετε.
764 1861 794 1897 ι)
830 1875 912 1888 —
947 1862 977 1896 α
1005 1839 1120 1901 Διό.
1154 1861 1183 1897 ›>
1226 1840 1422 1910 Ποῖον;
1456 1837 1606 1900 Διότι
1634 1838 1952 1918 ἐκτίσθημεν

2069 1856 2098 1890 ι(
2145 1840 2374 1910 Pr0pter
2409 1839 2560 1912 quod
2599 1855 2874 1898 memores
2911 1851 3086 1900 estote
3128 1862 3140 1900 :
3178 1868 3203 1893 ι»
3234 1855 3458 1917 propter
3483 1847 3661 1920 quid?

362 1933 446 1988 ἐπ’
478 1934 645 2011 ἔργοις
692 1933 938 2009 ἀγαθοῖς·
997 1935 1150 1990 τοῦτο
1211 1930 1314 2010 γὰρ
1379 1926 1536 2008 μόνον
1590 1929 1771 1988 ἱκανὸν
1816 1935 1960 2008 ἡμᾶς

2068 1931 2357 2000 Propterea
2391 1929 2541 2002 quod
2586 1929 2755 1986 creati
2787 1931 2961 1987 simus
3003 1932 3072 1989 ad
3113 1949 3275 2005 opera
3316 1936 3461 1992 bona
3499 1954 3512 1992 :
3557 1937 3662 1994 hoc

361 2030 544 2081 πεῖσαι
593 2025 686 2092 τῆς
729 2023 920 2100 ἀρετῆς
974 2021 1365 2097 ἐπιμελεῖσθαι.
1419 2046 1444 2072 α
1495 2017 1872 2096 Μνημονεύετε
1921 2042 1989 2104 »ς

2033 2017 2215 2095 ὲοιιίιη
2261 2018 2446 2074 solum
2495 2018 2700 2075 sufﬁcit
2740 2021 3068 2092 persuadere
3113 2023 3292 2090 nobis,
3341 2033 3406 2080 ut
3447 2025 3661 2084 virtutis

362 2109 450 2182 δὲ,
483 2100 629 2184 εἷπε,
664 2109 797 2168 διότι
843 2109 954 2176 ἔθος
998 2109 1110 2167 ἐστὶ
1139 2117 1248 2177 τοῖς
1280 2109 1388 2168 ἀπὸ
1443 2110 1646 2180 πολλῆς
1693 2108 1956 2176 εὐτελείας
1987 2100 1990 2105 ’

2065 2106 2338 2162 rationem
2365 2106 2685 2165 habeamus.
2721 2133 2745 2158 κ
2769 2113 3048 2168 Memores
3080 2134 3104 2160 ιο
3133 2121 3321 2169 autem
3347 2136 3372 2164 α
3404 2122 3598 2184 estote,
3630 2139 3655 2167 ιο

366 2201 437 2267 εἷς
489 2198 614 2281 ὕψος
665 2201 1063 2277 ἀναδραμοῦσι,
1112 2198 1248 2276 μηδὲ
1292 2201 1593 2275 μεμνῆσθαι
1623 2201 1726 2257 τῶν
1772 2197 1960 2278 προτέ-

2062 2194 2222 2264 dixit,
2261 2211 2328 2253 eo
2371 2197 2518 2268 quod
2561 2198 2879 2272 plerumque
2907 2200 3028 2256 ﬁeri
3069 2201 3264 2272 soleat,
3306 2213 3367 2260 ut
3407 2203 3441 2259 ii
3489 2205 3581 2276 qui
3627 2223 3658 2263 a

364 2314 491 2368 ρων.
521 2289 593 2349 Τί
642 2286 697 2347 δὲ
733 2315 758 2342 ι
791 2289 1150 2366 μνημονεύετε
1176 2311 1190 2363 ;
1245 2316 1269 2340 ι»
1299 2285 1432 2348 "Ott
1463 2287 1958 2369 ἀπηλλοτριωμένοι

2061 2301 2263 2357 magna
2291 2287 2499 2344 vilitate
2533 2287 2604 2344 ad
2633 2287 2908 2362 fastigium
2933 2290 3216 2362 quoddam
3255 2295 3494 2365 provecti
3524 2295 3653 2364 sint,

363 2371 456 2450 ἦτε
511 2383 602 2437 τοῦ
657 2380 889 2457 Χριστοῦ
943 2379 996 2435 ἐν
1058 2380 1167 2445 τοῖς
1231 2376 1413 2458 πρώην
1474 2377 1704 2456 καιροῖςο
1757 2381 1846 2436 νῦν
1903 2375 1958 2436 δὲ

2064 2375 2259 2446 prioris
2302 2385 2476 2433 status
2515 2393 2584 2433 ne
2644 2379 3003 2436 meminerint
3052 2380 3298 2452 quidem.
3349 2383 3492 2453 Quid
3529 2401 3659 2442 vero

363 2468 516 2548 ἐγγὺς
559 2468 795 2547 ἐγένεσθε
849 2470 1044 2540 αὐτοῦ,
1078 2465 1258 2548 ὥσπερ
1305 2467 1395 2525 καὶ
1427 2470 1455 2525 ὃ
1484 2467 1729 2547 Ἰσραήλ.
1785 2469 1960 2526 Τοῦτο

2065 2472 2150 2519 est
2183 2464 2341 2537 cujus
2378 2481 2657 2523 memores
2701 2483 2819 2524 esse
2854 2467 3114 2526 debetis?
3159 2470 3322 2542 Quod
3366 2472 3661 2530 abalienati

365 2558 459 2635 μὲν
489 2549 578 2617 οὖν
630 2561 658 2615 ὁ
707 2557 901 2624 σκοπὸς
949 2561 1038 2615 τοῦ
1073 2559 1249 2633 λόγου.
1284 2555 1432 2636 σΟρα
1483 2555 1568 2630 δὲ,
1615 2559 1729 2624 πῶς
1758 2557 1960 2638 εὐφυῶς

2067 2555 2234 2610 eratis
2272 2569 2304 2610 a
2347 2555 2566 2612 Christo
2608 2557 2950 2629 temporibus
2975 2559 3222 2629 pristinis
3273 2581 3286 2616 :
3336 2576 3484 2618 nunc
3529 2579 3661 2620 vero

363 2646 692 2707 καταϐάλλει
740 2646 836 2718 τὴν
888 2644 1218 2727 περιτομὴν,
1274 2645 1477 2714 δεικνὺς
1523 2647 1577 2703 ἐν
1626 2645 1768 2726 λόγῳ
1813 2645 1959 2726 μόνῳ

2065 2642 2352 2700 viciniores
2382 2643 2482 2716 ipsi
2525 2644 2654 2701 facti
2705 2647 2857 2714 estis,
2897 2657 3061 2720 atque
3090 2648 3228 2705 adeo
3268 2649 3318 2705 ei
3359 2653 3662 2724 appropin-

365 2737 711 2818 διαφέρουσαν
776 2740 871 2808 τῆς
930 2735 1316 2817 ἀκροϐυστίας,
1366 2735 1460 2795 καὶ
1531 2739 1627 2794 οὖκ
1682 2737 1736 2793 ἐν
1797 2735 1954 2812 ἔργῳ.

2067 2733 2293 2803 quastis,
2344 2735 2568 2806 perinde
2608 2751 2673 2792 ac
2732 2737 2924 2793 Israel.
2975 2737 3084 2794 Hic
3138 2738 3304 2811 igitur
3356 2739 3519 2813 hujus
3558 2742 3661 2799 loci

369 2850 396 2885 α
433 2826 617 2904 Ὑμεῖς
645 2825 768 2906 γὰρ,
792 2853 816 2879 υ
838 2826 990 2908 φησὶ,
1019 2853 1040 2878 α
1065 2824 1134 2884 τὰ
1157 2827 1276 2896 ἔθνη
1305 2829 1355 2885 ἐν
1383 2825 1574 2904 σαρκὶ,
1609 2850 1633 2876 ιι
1656 2823 1770 2883 ἀλλ’
1791 2826 1886 2883 οὐκ
1907 2826 1960 2882 ἐν

2068 2838 2265 2894 scopus
2313 2834 2415 2880 est.
2458 2825 2847 2882 Animadverte
2904 2836 3091 2883 autem
3145 2843 3316 2900 quam
3364 2830 3500 2886 scite
3554 2832 3665 2888 cir-

365 2916 654 2994 πνεύματι·
689 2913 781 2974 καὶ
812 2937 842 2974 α
869 2913 1163 2994 λεγόμενοι,
1192 2939 1222 2970 1i
1256 2916 1375 2973 ἀλλ’
1408 2916 1504 2972 οὖκ
1533 2913 1703 2981 ὄντες*
1725 2916 1796 2980 ὡς
1826 2912 1888 2971 ἂν
1916 2913 1961 2970 εἷ

2068 2911 2466 2968 cumcisionem
2516 2913 2758 2986 dejiciat,
2812 2916 3110 2973 ostendens
3153 2933 3277 2974 eam
3327 2919 3446 2976 solo
3494 2921 3662 2977 verbo

363 3005 574 3084 ἔλεγεν,
628 3005 710 3065 ὅτι
761 3004 856 3065 Ἐν
919 3008 1075 3083 σαρκὶ
1133 3005 1286 3084 ἔχετε
1331 3003 1392 3062 τὸ
1440 3003 1694 3078 ἔλαττον,
1752 3005 1849 3062 οὐκ
1908 3005 1960 3062 ἐν

2069 2999 2290 3058 differre
2336 3018 2366 3058 a
2412 3004 2703 3076 praeputio,
2741 3021 2855 3062 non
2891 3022 3077 3079 opere.
3118 3009 3227 3064 Vos
3265 3009 3414 3065 enim
3452 3018 3662 3083 gentes,

363 3096 650 3174 πνεύματι.
717 3095 826 3155 Καὶ
856 3093 1016 3154 πάλιν
1037 3118 1048 3131 ·
1081 3122 1105 3148 α
1157 3093 1301 3154 cT190
1331 3097 1425 3166 τῆς
1461 3092 1751 3173 λεγομένης
1805 3116 1963 3172 περι-

2070 3090 2269 3163 inquit,
2318 3091 2372 3148 in
2412 3109 2592 3162 carne,
2637 3111 2750 3152 non
2784 3095 2839 3151 in
2872 3096 3068 3168 spiritu
3099 3117 3110 3154 :
3151 3097 3247 3169 qui
3277 3098 3540 3169 dicimini,
3568 3101 3663 3157 sed

362 3191 526 3262 τομῆς
569 3188 621 3244 ἐν
654 3184 848 3266 σαρκί·
881 3213 905 3236 ι
937 3183 1035 3256 τὴν
1091 3185 1142 3242 ἐν
1198 3183 1373 3261 λόγοις
1432 3184 1607 3263 μόνοις
1663 3183 1755 3243 καὶ
1805 3181 1964 3266 σαρκὶ

2070 3197 2181 3237 non
2218 3183 2345 3238 estis
2399 3201 2413 3239 :
2446 3183 2670 3255 perinde
2707 3185 2863 3257 quasi
2895 3186 3060 3254 dicat,
3102 3189 3166 3243 In
3201 3203 3371 3246 carne
3417 3190 3548 3246 estis
3583 3189 3665 3246 in-

363 3276 679 3356 προτίμησιν
732 3263 934 3346 δηλῶν.
974 3273 1043 3334 Ἦ
1094 3272 1189 3352 μὲν
1249 3266 1337 3332 οὖν
1382 3272 1706 3354 ἀκροϐυστία
1751 3273 1844 3331 οὐκ
1897 3263 1962 3344 ἦν

369 3365 484 3379 ,ι
629 3363 1006 3379 ...-...
1149 3363 1436 3379 ...η
1591 3361 1954 3379 .......

2033 3318 2036 3338 ,
2069 3268 2320 3344 feriores,
2365 3289 2478 3328 non
2511 3274 2566 3330 in
2604 3275 2817 3346 spiritu.
2849 3278 2918 3331 Et
2957 3292 3147 3334 rursus
3199 3296 3212 3334 :
3259 3301 3284 3327 «
3332 3277 3421 3334 Ab
3448 3295 3509 3336 ea
3538 3296 3661 3352 quae

364 3365 526 3424 δεινὸν
547 3411 563 3439 ,
595 3366 711 3425 οὐδὲ
767 3363 1048 3444 βδελυκτὸν
1070 3409 1088 3441 ,
1123 3367 1167 3421 εἷ
1215 3365 1305 3421 καὶ
1350 3363 1558 3442 ἐλέγετο
1589 3363 1697 3444 ὕπο.
1724 3365 1828 3420 τῶν
1871 3361 1960 3419 ἐπὶ

2068 3359 2270 3416 dicitur
2301 3361 2648 3420 circumcisio
2696 3365 2755 3420 in
2787 3380 2975 3434 carne,
3010 3389 3036 3415 η
3077 3367 3448 3439 praelationem
3477 3377 3535 3425 et
3566 3368 3665 3426 ho-

365 3461 432 3536 τῇ
475 3458 737 3534 περιτομῇ
769 3442 1176 3532 Ἵκομπαζόντων
1198 3476 1211 3490 ’
1243 3453 1304 3512 τὸ
1359 3453 1412 3511 δὲ
1442 3451 1606 3533 χωρὶς
1653 3442 1788 3510 εἶναι
1819 3453 1867 3511 Χ
1879 3474 1962 3530 ρι-

2069 3465 2266 3505 norem
2295 3451 2554 3521 innuens,
2585 3453 2677 3524 qui
2704 3454 2758 3508 in
2783 3455 2915 3511 solis
2947 3456 3123 3512 verbis
3153 3462 3206 3512 et
3230 3472 3396 3514 carne
3423 3467 3660 3516 constat.

365 3535 488 3605 στοῦ
509 3589 525 3617 ,
552 3553 704 3605 τοῦτο
730 3535 792 3617 ἦν
824 3543 988 3610 ὅντως
1023 3543 1190 3602 δεινὸν
1221 3541 1312 3602 καὶ
1345 3541 1632 3622 ἀφόρητον.
1665 3539 1736 3601 Τί
1767 3539 1963 3611 δήποτε

2076 3539 2411 3610 Ριοεεριιιὶιιη]
2456 3542 2620 3612 igitur
2661 3557 2771 3598 non
2827 3552 2946 3599 erat
2990 3545 3168 3616 gravis
3207 3562 3271 3601 ac
3317 3549 3664 3605 exsecrabilis

367 3634 575 3708 μέλ)ιωῦ
636 3633 801 3704 δεῖξαι
888 3631 1074 3700 αὐτοὺς
1136 3630 1416 3698 κοινωνοὺς
1473 3638 1566 3704 τῆς
1629 3630 1780 3701 δόξης
1857 3629 1964 3694 τοῖς

2072 3643 2181 3695 res,
2239 3630 2453 3684 etiamsi
2501 3631 2780 3688 diceretur
2835 3634 2904 3688 ab
2958 3633 3024 3690 iis
3081 3635 3174 3706 qui
3225 3635 3663 3694 circumcisionis

366 3724 721 3803 Ἰσραηλίταις
741 3770 756 3800 ,
813 3729 1056 3805 καθαιρεῖ
1093 3722 1154 3782 τὸ
1187 3726 1291 3780 τῶν
1315 3722 1665 3802 Ἰσραηλιτῶν
1711 3719 1961 3796 ἀξίωμας

2071 3718 2297 3774 nomine
2339 3720 2532 3776 cristas
2579 3721 2854 3777 tollerent.
2907 3722 3030 3777 Sine
3075 3723 3294 3780 Christo
3343 3741 3471 3780 vero
3521 3742 3660 3796 esse,

365 3814 504 3874 Ἀλλ’
534 3813 664 3895 ὅρα,
702 3817 756 3874 ἐν
781 3813 887 3872 τίσι
932 3818 1217 3892 καθαιρεῖ⁶
1268 3813 1322 3870 ἐν
1365 3820 1471 3878 τοῖς
1515 3809 1588 3888 μὴ
1637 3807 1960 3887 ἀναγκαίοις.

2071 3806 2205 3862 illud
2231 3807 2459 3864 demum
2492 3826 2618 3866 vere
2641 3819 2694 3866 et
2721 3826 2883 3882 grave
2911 3820 2966 3867 et
2993 3813 3348 3869 intolerabile.
3381 3819 3662 3887 Quorsum

366 3906 448 3963 Οὐ
476 3905 580 3984 γάρ
613 3906 754 3964 ἐστιν
781 3905 1068 3981 ἀναγκαῖον
1099 3908 1132 3975 ἡ
1165 3901 1462 3982 περιτομὴ,
1489 3901 1624 3959 ἀλλὰ
1657 3899 1957 3979 ἀδιάφορον.

2074 3895 2240 3967 igitur
2302 3909 2708 3956 monstraturus
2774 3917 2869 3958 eos
2941 3917 3061 3960 esse
3121 3903 3411 3984 participes
3474 3905 3663 3976 gloria:

367 3993 460 4053 Ἐν
487 3982 562 4052 δὲ’
591 3994 698 4061 τοῖς
750 3994 1056 4072 ἀναγκαίοις
1111 3991 1202 4051 καὶ
1257 3990 1457 4072 σφόδρα
1500 3989 1741 4071 ἐπαίρει,
1781 3986 1960 4067 ἁγίους

2069 3986 2464 4058 Israelitarum,
2516 3990 2844 4063 dignitatem
2896 3991 3270 4049 Israelitarum
3322 3982 3538 4050 elevat?
3588 4002 3664 4050 At

365 4083 635 4162 ὀνομάζων
699 4081 818 4151 τοὺς
879 4082 1220 4162 Ἰσραηλίτας
1279 4081 1370 4140 καὶ
1430 4080 1652 4148 οἰκείους
1722 4081 1848 4157 Θεῷ
1881 4075 1950 4136 θθ.

2074 4085 2266 4148 reputa
2302 4085 2486 4135 tecum
2531 4080 2586 4136 in
2623 4081 2823 4154 quibus
2868 4081 3060 4151 elevet,
3104 4083 3164 4138 in
3210 4083 3373 4140 rebus
3413 4083 3665 4141 videlicet

367 4197 479 4237 non
523 4181 755 4254 perinde
796 4181 1115 4236 necesariis.
1185 4183 1313 4237 Non
1350 4179 1496 4236 enim
1551 4195 1639 4235 res
1699 4185 1783 4234 est
1823 4173 2126 4231 necessaria
2175 4176 2544 4248 circumcisio,
2597 4180 2694 4238 sed
2742 4180 3056 4239 indifferens
3114 4197 3178 4238 ac
3235 4181 3430 4240 media.
3473 4185 3538 4240 In
3577 4199 3666 4240 re-

368 4272 469 4328 bus
498 4288 625 4327 vero
656 4271 977 4328 necessariis
1003 4271 1344 4326 vehementer
1370 4285 1465 4326 eos
1492 4268 1708 4336 attollit,
1742 4273 1957 4324 sanctos
1986 4264 2282 4325 nominans
2319 4270 2590 4328 Israelitas
2631 4279 2798 4344 atque
2825 4271 3156 4329 domesticos
3183 4274 3306 4330 Dei.

451 4386 477 4418 ιι
521 4361 1040 4443 Ἀπηλλοτριωμένοι
1073 4365 1164 4433 τῆς
1194 4359 1467 4427 πολιτείας
1496 4363 1589 4418 τοῦ
1637 4358 1885 4438 Ἰσραήλ.
1918 4377 1949 4414 ι)
1989 4357 2040 4420 Ι)

2033 4369 2040 4411 ι
2141 4359 2316 4416 Vsus.
2362 4366 2446 4415 12.
2493 4383 2518 4409 α
2557 4361 2790 4417 Alienati
2831 4381 2860 4417 ει
2903 4365 3321 4421 conversatione
3366 4365 3598 4422 Israelis.
3638 4389 3661 4416 η

366 4454 485 4510 υύκ
516 4443 628 4511 εἷπε
648 4499 662 4525 ,
695 4451 1115 4532 Κεχωρισμένοι,
1145 4451 1263 4509 ἀλλ’
1299 4473 1325 4506 α
1362 4450 1892 4530 Ἀπηλλοτριωμένοι·
1925 4471 1955 4503 n

2073 4448 2239 4519 382
2259 4451 2380 4505 Non
2405 4449 2565 4518 dixit,
2590 4452 2878 4525 segregati,
2906 4452 3021 4520 sed,
3049 4475 3072 4501 α
3098 4453 3347 4523 alienati,
3371 4478 3395 4503 ι
3419 4457 3667 4528 quando-

364 4540 478 4599 ἐπεὶ
526 4541 617 4599 καὶ
647 4543 695 4599 οἱ
745 4540 1084 4620 Ἰσραηλῖται
1112 4544 1208 4611 τῆς
1237 4542 1461 4617 νομικῆς
1517 4538 1609 4596 καὶ
1637 4537 1780 4598 κατὰ
1819 4536 1960 4598 Θεὸν

2071 4538 2292 4609 quidem
2329 4549 2383 4596 et
2411 4541 2666 4597 Israelitas
2693 4551 2844 4598 extra
2883 4542 3109 4615 legalem
3148 4544 3392 4615 adeoque
3420 4545 3664 4602 divinam

361 4630 625 4696 πολιτείας
677 4621 814 4701 ἦσαν
845 4629 1020 4697 ἐκτός·
1068 4631 1188 4689 ἀλλ’
1233 4630 1332 4709 οὐχ
1369 4631 1440 4710 ᾡς
1487 4627 1791 4708 ἀλλότριοι,
1841 4626 1958 4687 ἀλλ’

2070 4626 2243 4685 vitam
2271 4638 2450 4700 erant,
2479 4631 2576 4688 sed
2602 4647 2712 4688 non
2751 4639 3013 4704 tanquam
3051 4632 3239 4701 alieni,
3269 4632 3364 4690 sed
3399 4641 3663 4706 tanquam

361 4723 432 4786 ὡς
468 4720 712 4801 ῥᾴθυμοι.

2071 4717 2350 4776 socordes.

445 4831 472 4866 ιι
517 4809 621 4870 Καὶ
665 4809 798 4879 ξένοι
833 4812 937 4868 τῶν
976 4810 1247 4881 διαθηκῶν
1277 4810 1372 4880 τῆς
1414 4805 1754 4887 ἐπαγγελίας.
1783 4829 1814 4864 ι)
1851 4805 1961 4867 Καὶ

2145 4832 2171 4858 κ
2207 4813 2274 4866 Et
2300 4809 2542 4883 hospites
2564 4818 3020 4870 testamentorum
3043 4812 3445 4886 promissionis.
3474 4832 3502 4866 ν)
3529 4816 3663 4871 Haec

359 4903 512 4958 τοῦτο
555 4899 719 4977 μέγας
747 4898 1037 4980 χωρισμός.
1082 4899 1202 4958 Οὔκ
1251 4889 1365 4957 εἷπε
1394 4897 1497 4974 γὰρ
1517 4945 1533 4975 ,
1568 4896 1648 4955 ὅτι
1673 4898 1754 4960 Οὐ
1783 4919 1956 4979 προσ-

2068 4897 2232 4963 etiam
2261 4915 2459 4973 magna
2487 4903 2758 4974 separatio
2789 4913 2890 4960 est.
2922 4905 3044 4960 Non
3075 4903 3223 4960 enim
3248 4903 3406 4972 dixit,
3436 4906 3560 4960 Non
3589 4912 3669 4960 at-

361 4989 567 5066 ἔχοντες
611 4992 727 5056 ταῖς
765 4987 1071 5061 διαθήκαις,
1101 4987 1239 5047 ἀλλὰ
1264 5033 1280 5061 ,
1328 4988 1520 5059 Πάντη
1567 5009 1595 5043 (ι
1633 4987 1788 5056 ξένοι.
1830 5009 1858 5043 ι)
1892 4990 1960 5048 Εἰ

2071 4989 2352 5046 tendentes
2378 4992 2740 5061 testamentis,
2775 4992 2873 5050 sed
2911 4992 3156 5061 omnino,
3195 4993 3450 5065 hospites.
3488 5017 3513 5042 ι»
3547 4993 3665 5049 Etsi

361 5078 450 5134 καὶ
499 5077 602 5156 γὰρ
658 5081 705 5137 οἳ
758 5079 1094 5158 Ἰσραηλῖται
1139 5076 1383 5146 ἐξέπεσον
1442 5080 1546 5135 τῶν
1596 5079 1953 5157 ἐπαγγελιῶν,

2067 5079 2216 5135 enim
2247 5082 2510 5138 Israelita
2551 5082 2865 5139 exciderunt
2892 5099 2922 5138 a
2969 5083 3444 5155 promissionibus,
3484 5091 3666 5139 tamen

361 5167 476 5226 ἀλλ’
502 5171 604 5246 οὐχ
635 5172 705 5235 ὡς
753 5167 906 5236 ξένοι.
955 5167 1110 5234 Τίνες
1161 5169 1215 5225 δὲ
1247 5170 1303 5226 αἱ
1354 5169 1602 5238 διαθῆκαι
1656 5172 1750 5239 τ’ἧς
1780 5168 1954 5246 ἐπαγ-

2065 5184 2177 5225 non
2219 5176 2278 5226 ut
2323 5168 2569 5244 hOSpites
2611 5180 2669 5228 et
2713 5173 2894 5229 alieni.
2945 5177 3018 5228 At
3051 5187 3304 5244 quaenam
3344 5180 3474 5228 sunt
3503 5181 3664 5229 testa-

358 5256 564 5333 γελίας;
607 5282 632 5310 ι
671 5256 772 5316 Σοὶ
806 5256 962 5316 δώσω
1011 5256 1102 5316 καὶ
1142 5259 1218 5314 τῶ
1263 5254 1536 5335 σπέρματί
1575 5278 1668 5315 σου
1721 5255 1815 5327 τὴν
1855 5260 1954 5336 γῆν

2063 5267 2250 5316 menta
2302 5261 2730 5332 promissionis?
2783 5285 2808 5311 ιι
2858 5261 2982 5318 Tibi
3037 5261 3186 5318 dabo
3222 5270 3277 5318 et
3326 5262 3524 5318 semini
3568 5270 3666 5318 tuo

359 5344 585 5419 ταύτην·
622 5369 652 5402 ι
687 5347 780 5406 καὶ
811 5348 911 5406 ὅσα
963 5347 1121 5427 ἕτερα
1153 5346 1547 5425 ἐπηγγείλατο,
1582 5349 1955 5425 πνευματικῶς

2142 5365 2268 5406 ram
2305 5349 2447 5407 hanc
2482 5348 2519 5420 τ,
2562 5375 2588 5400 ι
2621 5360 2677 5409 et
2705 5367 3053 5425 quaecunque
3093 5351 3196 5408 alia
3231 5351 3504 5423 promisit,
3553 5350 3665 5424 spi-
3757 5357 3770 5370 '

357 5435 566 5506 πάντως
589 5435 870 5514 νοούμενα.

2065 5439 2329 5499 ritualiter
2361 5440 2661 5498 intellecta.

447 5568 468 5605 ²
489 5569 633 5629 Gen.
661 5585 770 5629 xv.
799 5574 896 5627 18.

754 5610 770 5640 ’
1763 5651 1952 5716 Variae
1995 5655 2294 5716 lectiones.

433 5757 475 5795 ⁸⁸
502 5761 528 5792 ’⁸
560 5756 636 5816 fa.
662 5757 784 5818 Ἐπὶ
813 5756 976 5834 ἔργοις
1003 5756 1238 5836 ἀγαθοις,
1271 5758 1369 5836 οὗχ
1393 5760 1467 5818 ἑνί
1495 5760 1770 5839 ἕργῳδχθθ
1801 5767 1889 5832 τῆς
1917 5766 2115 5837 πρώτης
2137 5758 2460 5838 δημιουργίας
2478 5775 2556 5817 m.
2635 5755 2678 5796 9°
2705 5758 2832 5816 9εοῦ
2862 5776 2915 5819 ο.
