4124 6428
469 449 606 503 1059

459 662 862 720 resurrectione
887 670 943 719 et
972 662 1351 720 retributione.

535 771 564 806 ι(
600 755 672 810 Et
690 753 810 809 sine
830 755 951 810 Deo
975 752 1030 809 in
1056 753 1282 811 mundo.
1313 777 1337 805 ι›
1361 754 1535 828 Atqui
1558 753 1691 812 deos
1710 752 2015 809 adorabant
2041 772 2052 808 :

458 841 554 899 sed
585 840 660 898 dii
702 857 818 899 non
854 851 1033 899 erant.
1073 842 1290 915 Adjecit
1317 851 1523 911 autem,
1576 861 1604 894 «
1642 845 1708 898 In
1749 840 1983 908 mundo,
2027 863 2052 889 »

459 940 522 988 ut
545 930 801 988 ostendat
827 931 978 1005 quod
1005 948 1118 989 non
1159 933 1342 990 solum
1372 933 1428 989 in
1458 932 1774 990 coelestibus
1801 930 2055 988 Hebraeis

465 1029 622 1078 erant
655 1020 963 1091 inferiores,
1004 1038 1199 1079 verum
1243 1022 1412 1078 etiam
1447 1023 1502 1078 in
1543 1022 1706 1079 rebus
1742 1037 1906 1094 super
1941 1029 2056 1078 ter-

460 1127 584 1168 ram
611 1111 942 1170 celebribus.
972 1113 1259 1185 Siquidem
1290 1113 1549 1169 Israelita:
1590 1119 1815 1185 propter
1841 1110 2057 1168 cultum

458 1200 560 1259 Dei
585 1200 929 1259 celeberrimi
960 1209 1018 1259 et
1047 1201 1339 1258 clarissimi
1367 1201 1614 1259 fuerunt.

529 1293 711 1350 Vnus.
762 1299 853 1351 13.
903 1315 928 1343 (ι
979 1293 1135 1349 Nunc
1170 1301 1358 1350 autem
1395 1291 1454 1348 in
1501 1291 1719 1349 Christo
1765 1294 1921 1363 Jesu,
1966 1305 2070 1349 vos

460 1385 553 1459 qui
605 1382 896 1456 aliquando
959 1383 1124 1440 eratis
1177 1383 1363 1456 longe,
1416 1398 1584 1455 prope
1627 1381 1760 1438 facti
1829 1384 1966 1440 estis
2015 1383 2070 1438 in

459 1474 727 1547 sanguine
755 1472 982 1531 Christi.
1011 1494 1038 1524 ι
1073 1475 1267 1546 Longe
1295 1487 1514 1530 eramus
1539 1489 1570 1529 a
1598 1475 1740 1540 Deo,
1775 1488 1887 1529 non
1914 1472 2057 1543 loco,

461 1565 564 1623 sed
600 1566 880 1622 voluntate
907 1572 960 1619 et
1002 1563 1130 1620 vitae
1169 1563 1606 1620 conversatione.
1663 1564 1821 1618 Nunc
1868 1571 2054 1619 autem

462 1653 754 1730 propinqui
781 1653 907 1710 facti
937 1668 1152 1722 sumus,
1182 1669 1296 1709 non
1324 1652 1742 1710 conversatione
1773 1652 1867 1720 (nil
1900 1653 2046 1708 enim

1499 445 2011 502 THEOPHYLACTI
2048 444 2406 500 ΒυιΟΑῐὶΙΑΞ
2444 444 2762 500 ARCHIEP.

536 595 561 622 α
593 574 758 646 Spem
804 587 918 629 non
959 571 1250 630 habentes.
1296 594 1323 622 ν
1353 575 1439 630 De
1481 572 1676 630 futuris
1711 573 1938 636 scilicet,
1985 569 2056 628 de
2087 574 2140 638 Α

3635 449 3774 500 1060

2259 593 2284 626 α
2316 569 2551 631 Ἐλπίδα
2585 569 2658 649 μὴ
2696 569 2925 651 ἔχοντες.
2966 590 2996 628 ι)
3033 569 3149 642 Τὴν
3182 570 3297 651 περῖ
3330 572 3433 629 τῶν
3468 568 3772 648 μελλόντων

2170 658 2414 737 δηλαδὴ,
2446 659 2543 733 τὴν
2572 663 2669 733 τῆς
2699 660 3040 728 ἀναστάσεως
3069 659 3162 719 καὶ
3201 659 3622 726 ἄνταποδόσεως.

2255 777 2280 802 (ι
2324 751 2429 810 Καὶ
2471 753 2613 810 ἄθεοι
2645 751 2699 809 ἐν
2723 752 2799 830 τῷ
2852 749 3060 830 κόσμῳ.
3094 774 3124 806 »
3171 750 3364 810 Καίτοι
3413 749 3560 817 θεοὺς
3595 772 3771 831 προσ-

2167 838 2380 900 εκύνουν
2409 859 2423 875 ⁸
2453 841 2573 900 ἀλλ’
2605 840 2703 899 οὐκ
2733 831 2871 912 ἦσαν
2903 841 3034 900 θεοί.
3065 841 3378 922 Προσέθηκε
3409 839 3464 899 δὲ
3489 839 3578 912 τὸ,
3617 861 3644 896 (ι
3675 841 3772 900 Ἐν

2166 934 2242 1009 τῷ
2271 929 2457 1010 κόσμῳ
2477 975 2493 1003 ,
2525 954 2556 986 n
2588 927 2675 988 ἵνα
2711 928 2852 1009 δείξῃ
2889 928 2969 989 ὅτι
2995 931 3052 989 οὗ
3085 931 3241 1007 μόνον
3288 933 3342 988 ἐν
3374 937 3482 997 τοῖς
3511 927 3772 1008 οὐρανίοις

2166 1021 2526 1094 ἠλαττοῦντο,
2564 1019 2704 1080 ἀλλὰ
2745 1020 2838 1079 καὶ
2870 1021 2922 1078 ἐν
2963 1029 3072 1088 τοῖς
3123 1019 3263 1079 κατὰ
3293 1023 3390 1099 γῆν
3433 1019 3671 1088 ἐνδόξοις.
3699 1021 3771 1078 Οἱ

2175 1111 2277 1189 γὰρ
2310 1108 2644 1190 Ἰσραηλῖται
2692 1109 2784 1168 καὶ
2833 1109 2918 1167 διὰ
2963 1107 3059 1181 τὴν
3101 1108 3402 1169 θεοσέϐειαν
3434 1107 3630 1178 ἔνδοξοι
3677 1107 3769 1169 καὶ

2177 1198 2564 1278 εὐγενέστατοι.

2266 1312 2294 1348 α
2336 1288 2472 1350 Νυνὶ
2511 1287 2565 1348 δὲ
2610 1290 2662 1347 ἐν
2694 1291 2912 1370 Χριστῷ
2943 1289 3151 1364 Ἰησοῦ,
3193 1292 3340 1369 ὑμεῖς
3381 1286 3432 1348 οἵ
3469 1312 3598 1348 ποτε
3627 1288 3772 1356 ὄντες

2181 1379 2393 1460 μακρὰν
2411 1425 2427 1453 ,
2460 1376 2612 1458 ἐγγὺς
2639 1379 2917 1458 ἐγενήθητε
2943 1382 2993 1440 ἐν
3024 1382 3100 1458 τῷ
3132 1379 3322 1456 αἵματι
3347 1384 3438 1438 τοῦ
3460 1381 3712 1458 Χριστοῦ.
3740 1407 3764 1431 υ

2170 1467 2405 1549 Μακρὰν
2435 1460 2571 1547 ἦμεν
2593 1471 2766 1541 Θεοῦ,
2798 1471 2856 1529 οὗ
2887 1474 2962 1550 τῷ
2991 1469 3174 1550 τόπῳ,
3195 1467 3332 1530 ἀλλὰ
3362 1473 3428 1550 τῇ
3459 1468 3766 1549 προαιρέσει

2167 1558 2259 1619 καὶ
2293 1564 2359 1640 τῇ
2411 1559 2686 1640 πολιτείᾳ·
2718 1559 2833 1618 νυνὶ
2882 1563 2938 1618 δὲ
2963 1559 3142 1638 ’ἐγγὺς
3199 1559 3556 1638 ἐγενήθημεν,
3596 1559 3655 1618 οὐ
3699 1563 3766 1639 τῇ

2169 1648 2411 1730 πολιτείᾳ
2469 1648 2638 1729 (οὐδὲν
2691 1647 2794 1727 γὰρ
2852 1648 3236 1727 εἰσηνέγκαμεν
3285 1648 3338 1717 ἐξ
3389 1649 3609 1728 ἔργων),
3643 1649 3760 1705 ἀλλ’

460 1713 747 1801 attulimus
784 1759 851 1800 ex
887 1713 1185 1816 operibus),
1218 1743 1314 1800 sed
1342 1743 1400 1799 in
1428 1743 1649 1800 Christo
1676 1744 1807 1800 Jesu
1837 1751 1893 1800 et
1926 1758 2049 1799 san-

2171 1741 2223 1800 ἐν
2249 1743 2466 1821 Χριστῷ
2511 1739 2725 1815 Ἰησοῦ,
2766 1738 2856 1796 καὶ
2899 1743 2978 1820 τῷ
3012 1736 3204 1816 αἵματι
3248 1741 3437 1798 αὐτοῦ.
3465 1738 3630 1804 Αὐτὸς
3659 1737 3763 1817 γὰρ

458 1834 625 1907 guine
648 1832 780 1904 eius.
802 1837 946 1890 Nam
977 1834 1093 1906 ipse
1119 1833 1387 1906 sanguine
1416 1849 1516 1890 suo
1545 1850 1644 1906 pro
1664 1833 1822 1889 nobis
1847 1831 2050 1898 effuso,

457 1939 622 1996 seque
663 1924 782 1996 ipso
819 1939 918 1995 pro
957 1923 1119 1979 nobis
1156 1923 1378 1988 tradito,
1409 1922 1659 1980 liberavit
1686 1938 1790 1978 nos
1817 1939 1847 1979 a
1878 1923 2052 1994 capti-

457 2014 646 2081 vitate,
678 2028 804 2087 quae
831 2029 935 2070 nos
964 2013 1153 2086 procul
1183 2012 1502 2070 removebat
1529 2013 1599 2069 ab
1627 2013 1770 2085 ipso,
1798 2021 1853 2069 et
1883 2027 2052 2084 prope

454 2103 695 2161 adduxit.
745 2105 907 2160 Potes
953 2111 1142 2159 autem
1189 2104 1358 2158 etiam
1411 2103 1490 2158 sic
1539 2101 1860 2175 intelligere,
1904 2103 2052 2174 quod

455 2192 645 2266 procul
668 2207 892 2249 eramus
929 2192 998 2250 ab
1029 2191 1309 2262 Israelitis,
1339 2191 1458 2265 jam
1490 2208 1621 2248 vero
1659 2192 1789 2264 ipsis
1833 2191 2051 2264 prOpitt-

455 2283 548 2356 qui
581 2282 708 2339 facti
737 2297 949 2339 sumus.

527 2375 704 2429 Vnus.
755 2377 844 2429 14.
880 2395 907 2422 ‹‹
946 2374 1068 2445 Ipse
1105 2372 1257 2429 enim
1297 2379 1380 2428 est
1417 2388 1516 2444 pax
1546 2378 1753 2439 nostra,
1792 2372 1887 2445 qui
1927 2371 2053 2429 fecit

455 2471 687 2535 utraque
716 2478 912 2518 unum.
953 2485 978 2512 ιι
1019 2463 1166 2518 Ante
1202 2461 1636 2518 incarnationem
1665 2461 1813 2518 enim
1857 2463 2052 2535 ingens

453 2559 573 2608 erat
596 2551 880 2609 inimicitia
909 2552 1052 2609 inter
1075 2552 1552 2608 circumcisionem
1579 2560 1635 2608 ct
1665 2552 2001 2624 praeputium
2033 2571 2047 2607 :

452 2657 601 2698 nunc
647 2650 840 2699 autem
875 2657 1064 2715 pacem
1095 2641 1275 2714 adepti
1321 2657 1534 2711 sumus,
1579 2657 1756 2698 unum
1795 2641 1921 2699 facti
1957 2657 2052 2714 per

453 2730 640 2787 fidem.
680 2733 803 2789 Non
850 2747 1015 2804 porro
1057 2731 1208 2788 enim
1243 2731 1660 2788 circumcisione
1701 2739 1756 2786 et
1781 2731 2050 2803 praeputio

451 2819 759 2892 signamur,
797 2820 899 2876 sed
948 2821 1097 2878 idem
1138 2836 1429 2893 unumque
1474 2819 1636 2876 nobis
1682 2820 1902 2892 signum
1941 2829 2048 2889 est,

457 2908 588 2965 ﬁdes
613 2908 746 2981 ipsa.
794 2909 1094 2982 Fingamus
1122 2910 1272 2966 enim
1318 2909 1480 2978 duos,
1527 2910 1763 2967 alterum
1803 2925 2047 2980 servum,

2164 1832 2224 1889 τὸ
2252 1827 2389 1908 αἷμα
2438 1828 2652 1908 ἐκχέας,
2696 1827 2788 1887 καὶ
2821 1827 2938 1895 δοὺς
2993 1827 3126 1908 ὑπὲρ
3157 1831 3308 1907 ἡμῶν
3363 1828 3571 1902 ἑαυτὸν,
3611 1829 3762 1909 ἐῤῥύ-

2164 1943 2294 1978 σατο
2321 1925 2465 1995 ἡμᾶς
2513 1923 2606 1990 τῆς
2639 1917 3015 1998 αἰχμαλωσίας
3060 1923 3156 1990 τῆς
3203 1917 3576 1999 μακρυνούσης
3620 1923 3762 1993 ἡμᾶς

2163 2010 2254 2066 ἀπ’
2301 2012 2457 2068 αὐτοῦ
2478 2055 2494 2082 ,
2529 2009 2634 2084 καὶ,
2666 2007 2817 2087 ἐγγὺς
2863 2007 3058 2088 ἤγαγε.
3110 2009 3383 2088 Δύνασαιὲ
3409 2007 3462 2067 δὲ
3496 2010 3587 2067 καὶ
3621 2007 3761 2066 οὕτω

2162 2101 2380 2176 νοῆσαι,
2429 2101 2509 2157 δτι
2557 2097 2788 2178 Μακρὰν
2839 2089 2973 2177 ἦμεν
3005 2101 3109 2157 τῶν
3153 2098 3547 2180 Ἰσραηλιτῶν·
3573 2102 3663 2156 νῦν
3707 2097 3763 2156 δὲ

2162 2187 2317 2266 ἐγγὺς
2339 2191 2510 2248 αὐτῶν
2542 2187 2858 2268 γεγόναμεν.

2241 2399 2266 2426 α
2310 2371 2484 2441 Αὐτὸς
2507 2371 2610 2454 γάρ
2645 2375 2784 2433 ἐστιν
2815 2374 2849 2444 ἡ
2900 2370 3082 2452 εἰρήνη
3125 2374 3307 2450 ἡμῶν,
3340 2374 3368 2431 6
3423 2370 3648 2445 ποιήσας
3695 2371 3759 2430 τὰ

2163 2461 2438 2543 ἀμφότερα
2487 2463 2567 2525 ἕν.
2644 2489 2668 2516 υ
2731 2461 2848 2542 Πρὸ
2901 2459 3003 2542 γὰρ
3057 2464 3152 2534 τῆς
3209 2461 3759 2544 ἐνανορωπῄσεωςθί,

2162 2553 2371 2629 μεγάλη
2406 2552 2574 2632 ἔχθρα
2624 2557 2691 2634 τῇ
2733 2554 2998 2631 περιτομῇ
3040 2551 3172 2632 πρὸς
3221 2551 3320 2626 τὴν
3369 2551 3758 2634 ἀκροϐυστίαν·

2159 2646 2249 2700 νῦν
2279 2640 2334 2700 δὲ
2366 2641 2778 2724 εἰρηνεύσαμεν,
2829 2640 2885 2699 ἓν
2917 2642 3186 2720 γεγονότες
3215 2647 3280 2722 τῇ
3321 2641 3516 2703 πίστει.
3558 2641 3758 2702 Οὐκέτι

2160 2730 2263 2810 γὰρ
2297 2735 2363 2812 τῇ
2394 2737 2655 2812 περιτομῇ
2697 2735 2787 2791 καὶ
2841 2729 3170 2812 ἀκροϐυστίᾳ
3221 2729 3756 2812 χαρακτηριξόμεθα,

2160 2818 2278 2879 ἀλλ’
2313 2819 2368 2879 ἓν
2404 2821 2666 2898 ἐπίσημον
2699 2821 2928 2901 ἔχομεν,
2979 2819 3075 2892 τὴν
3105 2821 3304 2883 πίστιν.
3337 2816 3630 2882 Ἔστωσαν
3657 2819 3758 2898 γὰρ

2162 2909 2255 2968 δύο
2282 2909 2418 2978 τινὲς
2438 2955 2454 2983 ,
2499 2915 2527 2969 6
2557 2911 2651 2988 μὲν
2681 2912 2888 2984 δοῦλος,
2921 2913 2948 2968 6
2976 2909 3030 2969 δὲ
3064 2911 3360 2983 υἱοποίητος
3392 2911 3472 2948 ⁰²⁶
3504 2909 3757 2990 ἀμφότε-

452 2998 689 3056 alterum
719 2998 894 3056 ﬁlium
921 2998 1331 3072 adoptatitium,
1367 3007 1531 3072 atque
1556 2999 1754 3056 ambos
1794 3000 2048 3057 eumdem

2159 3022 2238 3079 ροι
2273 2998 2328 3058 δὲ
2366 3003 2443 3078 τῷ
2490 3003 2634 3080 αὐτῷ
2679 2999 3201 3080 προσκρουσάτωσαν
3234 3000 3316 3038 9³·
3355 3004 3381 3059 6
3415 2999 3508 3077 μὲν
3541 3003 3752 3073 ἀποκη-

453 3084 751 3145 offendisse
795 3106 809 3145 :
852 3088 1020 3157 hunc,
1050 3088 1395 3147 abdicatione
1425 3089 1596 3162 digna
1627 3087 2047 3158 committenda,

453 3175 624 3245 illum,
677 3178 802 3250 quia
849 3176 1030 3235 factus
1078 3179 1155 3235 sit
1195 3177 1476 3251 transfuga
1528 3199 1540 3233 :
1587 3178 1786 3235 deinde
1833 3180 2051 3252 utrique

453 3265 853 3323 constituantur
880 3265 1128 3324 haeredes
1164 3275 1221 3324 et
1261 3267 1508 3340 genuini.
1559 3269 1643 3323 En
1680 3266 1753 3324 ad
1791 3268 2048 3325 eumdem

452 3355 723 3411 honorem
752 3354 1000 3428 perducti
1023 3365 1172 3425 sunt,
1193 3356 1412 3429 duoque
1436 3356 1526 3413 isti
1553 3373 1723 3413 unum
1747 3365 1880 3414 sunt
1902 3357 2046 3415 facti.

451 3445 618 3501 Hunc
645 3445 714 3502 ad
741 3445 976 3503 modum
1011 3455 1201 3518 gentes
1243 3455 1295 3503 et
1324 3446 1585 3504 Israelita“:
1627 3467 1640 3504 :
1672 3447 1781 3504 illae
1821 3448 2044 3521 quidem

452 3541 514 3590 ut
545 3535 708 3603 servi,
747 3534 804 3592 bi
835 3552 962 3593 vero
988 3536 1250 3594 Israelita;
1285 3545 1349 3593 ut
1378 3536 1475 3593 ﬁlii
1504 3537 1869 3610 impegerunt.
1901 3537 2049 3608 Quid

452 3622 656 3693 igitur?
689 3625 896 3683 adeone
934 3641 1194 3700 magnum
1232 3626 1554 3700 participare
1579 3643 1708 3683 cum
1748 3627 2048 3685 lsraclitis?

449 3713 518 3770 ad
556 3714 724 3772 caalos
766 3731 945 3789 usque
974 3732 1075 3773 nos
1111 3716 1439 3789 perduxisti,
1476 3717 1668 3789 etiam
1697 3716 1878 3774 denuo
1920 3725 2049 3774 tan-

450 3818 618 3875 quam
646 3804 972 3875 praeclarum
1001 3805 1135 3877 quid
1163 3804 1311 3862 istud
1339 3804 1548 3862 affers?
1575 3807 1694 3876 Nm,
1726 3806 1928 3877 inquit,
1959 3806 2044 3862 illa

448 3892 598 3948 enim
627 3900 846 3966 oportet
871 3894 982 3951 ﬁde
1017 3893 1481 3968 comprehendere
1529 3913 1544 3952 :
1587 3895 1693 3951 ista
1733 3911 1884 3964 vero,
1915 3895 2049 3967 ipsis

449 3982 616 4039 etiam
640 3983 917 4054 operibus.
942 3987 1239 4054 Praeterea,
1269 3999 1382 4040 non
1407 3983 1512 4040 hoc
1529 3983 1740 4054 asserit,
1773 3984 1921 4056 quod
1947 4001 2047 4041 nos

448 4071 517 4128 ad
552 4072 776 4129 illorum
805 4072 1020 4145 generis
1048 4072 1435 4130 claritudinem
1470 4073 1637 4145 383
1677 4073 1997 4145 perduxerit
2030 4093 2044 4130 :

449 4159 548 4216 sed
589 4160 738 4232 quod
763 4169 818 4216 et
853 4177 957 4216 nos
992 4170 1047 4217 et
1073 4161 1198 4218 illos
1241 4162 1551 4233 provexerit
1586 4165 1772 4234 potius
1815 4163 1883 4219 ad
1922 4180 2047 4220 ma-

441 4249 582 4320 jora.
625 4252 1010 4307 Verumtatem
1052 4250 1230 4324 major
1253 4259 1336 4308 est
1365 4268 1494 4324 erga
1529 4267 1634 4308 nos
1666 4252 2043 4311 beneﬁcentia.

2159 3087 2346 3169 ρύξεως
2394 3089 2515 3158 ἄξια
2544 3088 2776 3170 πράξας,
2825 3093 2853 3148 6
2882 3087 2938 3148 δὲ
2981 3090 3344 3171 δραπετεύσας
3367 3115 3378 3127 ο
3411 3081 3532 3149 εἶτα
3585 3090 3758 3168 ἀμφό-

2157 3201 2297 3259 τεροι
2342 3178 2670 3256 γενέσθωσαν
2715 3178 3038 3261 κληρονόμοι
3084 3179 3178 3239 καὶ
3230 3180 3458 3259 γνήσιοι.
3503 3180 3640 3240 Ἰδοὺ
3689 3181 3760 3245 εἰς

2159 3267 2285 3346 μίαν
2313 3269 2557 3350 ἤχθησαν
2606 3268 2702 3343 τὴν
2761 3267 2951 3346 τιμὴν,
3000 3270 3091 3328 καὶ
3121 3270 3169 3328 οἱ
3213 3269 3305 3329 δύο
3352 3269 3634 3350 γεγόνασιν
3674 3270 3753 3330 ἓν.

2158 3357 2319 3418 Οὕτω
2347 3359 2440 3418 καὶ
2489 3361 2536 3419 οἱ
2587 3357 2779 3418 ἐθνικοὶ
2812 3357 2903 3416 καὶ
2956 3361 3002 3416 οἱ
3031 3358 3400 3438 Ἰσραηλῖται·
3445 3360 3493 3418 οἱ
3542 3357 3638 3438 μὲν
3686 3360 3758 3426 ὡς

2157 3449 2361 3520 δοῦλοι,
2409 3449 2458 3507 οἱ
2509 3447 2564 3506 δὲ
2583 3447 2923 3530 Ἰσραηλῖται
2954 3450 3025 3514 ὥς
3064 3449 3205 3522 υἱοὶ,
3252 3448 3754 3530 προσκεκρουκότες.

2156 3536 2229 3598 Τί
2258 3528 2379 3612 οῦνς
2440 3537 2580 3618 μέγα
2611 3528 2683 3598 τὸή
2721 3541 3041 3610 κοινωνῆσαι
3091 3546 3200 3604 τοῖς
3229 3528 3616 3617 Ἰσραηλίταις
3667 3540 3760 3604 Εἰς

2155 3625 2272 3694 τοὺς
2302 3627 2551 3708 οὐρανοὺς
2571 3627 2621 3667 ⁹⁴
2672 3632 2815 3705 ἡμᾶς
2877 3626 3180 3706 ἀνήγαγες,
3233 3628 3324 3686 καὶ
3368 3633 3458 3688 νῦν
3491 3626 3754 3706 ὡς’μέγα

2155 3718 2316 3775 πάλιν
2342 3721 2497 3777 τοῦτο
2527 3717 2728 3799 φέρεις;
2775 3715 2918 3789 Ναὶ,
2970 3715 3127 3798 φησίν
3148 3741 3161 3754 ·
3195 3719 3370 3777 ἐκεῖνα
3416 3718 3510 3797 μὲν
3541 3716 3646 3798 γὰρ
3689 3723 3755 3798 τῇ

2154 3806 2331 3867 πίστει
2387 3807 2494 3888 χρὴ
2547 3806 2986 3884 καταλαμϐάνειν
3012 3807 3093 3842 9⁵·
3152 3813 3322 3866 ταῦτα
3384 3808 3438 3867 δὲ
3498 3809 3590 3868 καὶ
3648 3816 3757 3874 τοῖς

2155 3895 2324 3975 ἔργοις
2373 3897 2569 3963 αὐτοῖς.
2622 3893 2826 3962 Ἄλλως
2881 3919 2972 3972 τε,
3025 3899 3082 3955 οὐ
3137 3901 3290 3956 τοῦτο
3336 3897 3512 3979 λέγει,
3555 3897 3636 3957 ὅτι
3682 3901 3755 3965 εἰς

2155 3987 2250 4056 τὴν
2288 3987 2555 4064 εὐγένειαν
2610 3984 2821 4044 ἐκείνων
2854 3984 2905 4023 9⁸
2957 3989 3100 4063 ἡμᾶς
3158 3985 3456 4066 ἀνήγαγεν,
3511 3988 3630 4044 ἀλλ’
3674 3985 3756 4046 ὅτι

2155 4073 2246 4132 καὶ
2271 4077 2411 4150 ἡμᾶς
2447 4074 2719 4140 κάκείνους
2752 4076 2825 4140 εἰς
2852 4073 3091 4150 μείζονα.
3136 4075 3292 4149 Πλὴν
3321 4077 3514 4155 μείζων
3555 4080 3588 4148 ἡ
3620 4075 3756 4158 πρὸς

2155 4167 2300 4239 ἡμᾶς
2367 4163 2664 4244 εὐεργεσία·
2742 4164 2957 4232 ἐκείνοις
3028 4163 3124 4241 μὲν
3183 4164 3287 4245 γὰρ
3364 4166 3754 4246 ἐπηγγείλατο·

2155 4254 2284 4329 ἡμῖν
2338 4253 2392 4314 δὲ
2448 4253 2566 4314 οὔτε
2620 4252 3000 4331 ἐπηγγείλατο,
3057 4254 3149 4314 καὶ
3205 4256 3529 4338 ποῤῥωτέρω
3583 4248 3755 4334 ἦμεν,

450 4337 566 4393 Illis
604 4337 875 4410 siquidem
916 4339 1268 4411 promiserat,
1315 4339 1474 4396 nobis
1517 4357 1646 4398 vero
1677 4358 1745 4400 ne
1787 4343 2044 4415 promisit

2158 4342 2297 4402 κατὰ
2318 4343 2377 4403 τὸ
2409 4343 2655 4426 ἀνωτέρω
2677 4343 2994 4420 ὑπόδειγμα.

449 4425 691 4498 quidem,
747 4427 845 4484 sed
903 4430 1093 4501 procul
1149 4429 1461 4500 aberamus,
1514 4432 1674 4504 juxta
1727 4433 2044 4504 exemplum

446 4531 610 4588 supra
641 4517 904 4590 positum.

521 4628 548 4654 α
580 4609 648 4662 Et
689 4606 933 4664 medium
973 4609 1240 4682 parietem
1285 4611 1540 4668 maceria:
1579 4612 1814 4682 solvens,
1866 4612 2040 4669 inimi-

443 4695 632 4751 citiam
667 4697 722 4752 in
759 4713 924 4755 carne
963 4715 1082 4756 sua.
1127 4723 1153 4750 υ
1184 4703 1579 4773 Interpretatur
1610 4700 1740 4773 quid
1774 4712 1894 4758 erat
1929 4720 2039 4759 mc-

443 4783 566 4842 dius
593 4786 775 4857 paries
809 4789 1087 4858 maceriae,
1119 4789 1401 4848 inimicitia
1434 4783 1684 4848 videlicet
1710 4791 1955 4864 gentium
1987 4803 2041 4849 et

442 4873 764 4930 Judmorum
792 4875 1050 4934 adversus
1074 4881 1278 4949 Deum,
1304 4895 1430 4951 quae
1456 4894 1522 4936 ex
1552 4880 1755 4936 nostris
1776 4881 2040 4938 nasceba-

443 4969 535 5019 tur
561 4962 803 5032 delictis,
831 4973 893 5021 ut
917 4975 971 5021 et
996 4967 1262 5040 propheta
1303 4967 1441 5024 dicit
1477 4985 1490 5022 :
1526 4990 1551 5017 (ι
1583 4969 1785 5024 Nonne
1835 4968 2038 5042 iniqui-

443 5061 582 5110 tates
609 5061 808 5109 vestrte
838 5052 1084 5112 dividunt
1124 5057 1273 5114 inter
1309 5071 1406 5114 vos
1440 5066 1495 5113 et
1521 5073 1612 5114 me
1639 5061 1708 5113 εἰ)
1734 5078 1761 5111 ››
1793 5058 2038 5115 Medium

444 5140 611 5214 igitur
647 5140 814 5199 istum
861 5143 1152 5218 parietem,
1194 5145 1538 5202 inimicitiam
1579 5146 1726 5218 dico,
1783 5146 2041 5203 dissolvit

441 5246 506 5287 ac
533 5229 752 5287 diremit
780 5229 837 5286 in
861 5234 1081 5306 propria
1106 5251 1272 5292 carne
1301 5251 1419 5292 sua.
1451 5236 1785 5305 Quomodo?
1823 5236 2039 5292 Sistens

440 5321 546 5377 illic
574 5319 940 5378 inimicitiam.
971 5325 1256 5394 Quatenus
1284 5324 1436 5381 enim
1467 5325 1644 5382 univit
1671 5342 1792 5382 eam
1823 5325 2033 5396 deitati,

441 5411 796 5483 perspicuum
829 5419 914 5467 est
935 5413 1084 5486 quod
1107 5414 1604 5474 reconciliationem
1635 5415 1854 5486 fecerit,
1882 5433 2036 5473 com-

517 5494 544 5533 8
577 5495 678 5549 lsa.
705 5505 834 5562 ιιι,
873 5499 926 5549 2.

2235 4632 2257 4659 α
2289 4605 2396 4666 Καὶ
2443 4607 2503 4666 τὸ
2557 4607 2867 4690 μεσότοιχον
2932 4613 3022 4668 τοῦ
3083 4611 3333 4690 φραγμοῦ
3389 4607 3605 4690 λυσας,
3650 4607 3750 4681 τὴν

2152 4694 2342 4775 ἔχθραν
2396 4697 2448 4754 ἐν
2503 4701 2568 4778 τῇ
2603 4688 3040 4779 σαρκὶηαῦτοῦ.»
3095 4688 3419 4778 Ἑρμηνεόει
3474 4697 3528 4756 τί
3571 4688 3637 4769 ἧν
3692 4698 3756 4758 τὸ

2149 4783 2460 4865 μεσότοιχον
2490 4793 2584 4845 τοῦ
2643 4793 2924 4868 φραγμοῦ,
2957 4787 3050 4847 καὶ
3100 4810 3287 4870 φησιν,
3317 4787 3395 4846 ὅτι
3442 4791 3476 4859 ἡ
3525 4787 3687 4868 ἔχθρα
3721 4793 3753 4861 ἡ

2146 4872 2276 4955 πρὸς
2327 4876 2464 4938 Θεὸν
2495 4880 2599 4935 τῶν
2639 4879 2852 4936 ἐθνικῶν
2905 4903 2962 4938 τε
3009 4877 3101 4937 καὶ
3151 4880 3256 4936 τῶν
3298 4875 3603 4952 Ἰουδαίων,
3635 4876 3753 4949 ἥτις

2153 4965 2214 5021 ἐκ
2243 4968 2350 5023 τῶν
2399 4964 2669 5047 ἡμετέρων
2722 4966 2955 5027 ἐτίκτετο
3002 4966 3495 5048 παραπτωμάτων,
3535 4969 3608 5034 ὡς
3663 4967 3753 5025 καὶ

2148 5057 2175 5110 6
2226 5053 2503 5135 προφήτης
2583 5054 2773 5137 φησίν·
2810 5085 2835 5110 ιι
2893 5056 3037 5137 Οὐχὶ
3107 5059 3161 5115 αἱ
3252 5055 3514 5136 ἁμαρτίαι
3601 5059 3750 5133 ὑμῶν

2148 5142 2415 5202 διιστῶσιν
2466 5145 2734 5223 ἄνάμεσον
2793 5149 2922 5226 ἐμοῦ
2969 5147 3060 5206 καὶ
3121 5149 3298 5223 ὕμῶν,
3355 5173 3378 5199 ιν
3437 5148 3613 5206 Τοῦτο
3662 5137 3752 5204 οῦν

2147 5231 2206 5290 τὸ
2239 5233 2576 5314 μεσότοιχον,
2606 5233 2700 5307 τὴν
2735 5233 2927 5315 ἔχθραν
2969 5235 3137 5318 φημὶ,
3174 5235 3358 5294 ἔλυσεν
3399 5235 3452 5293 ἐν
3582 5235 3751 5316 οἰκείᾳ

2148 5324 2327 5401 σαρκί.
2368 5327 2522 5400 1183;;
2577 5325 2794 5397 Στήσας
2842 5329 2955 5384 ἐκεῖ
3007 5326 3102 5398 τὴν
3165 5325 3382 5407 ἔχθραν.
3446 5325 3594 5385 Καοὸ
3647 5325 3751 5404 γὰρ

2145 5409 2346 5481 ἥνωσεν
2382 5415 2543 5488 αὐτὴν
2598 5419 2662 5490 τῇ
2702 5415 2942 5491 θεότητι,
2975 5415 3237 5497 πρόδηλον
3282 5413 3362 5474 ότι
3396 5414 3747 5493 καταλλαγὴν

1831 5570 2023 5630 Variae
2069 5572 2374 5636 lectiones.

441 5653 551 5785 96:1
583 5652 994 5726 ἐνανλρωπησεως
1042 5659 1128 5710 τοῦ
1164 5657 1322 5728 λόγου
1370 5674 1450 5714 m.
1525 5659 1568 5694 ⁹²
1595 5659 1890 5728 ἰδιοποῐητος
1927 5677 1980 5717 ο.

534 5735 697 5785 κείνην
725 5751 785 5785 ο.

534 5735 697 5790 κείνην
725 5751 785 5792 0.

2059 5662 2103 5698 93
2125 5663 2549 5734 προσκρούσαντες
2586 5681 2638 5723 0.

2717 5665 2761 5700 ⁸⁵
2793 5666 3075 5739 ἀνθρώπους
3123 5683 3173 5724 0.
3253 5666 3297 5702 9⁵
3341 5667 3636 5740 παραλαμϐ.
3690 5681 3746 5724 ο.
