4124 6426
335 428 463 483 1061

1223 419 1579 479 EXPOSITIO
1619 421 1685 478 ΙΝ
1726 420 1930 477 EPIST.
1969 420 2061 477 AD
2101 421 2335 479 EPHES.
2376 453 2446 463 -—
2483 423 2632 480 CAP.
2676 423 2740 479 11.

3501 427 3639 482 1062

330 550 585 625 ἐποίησε,
639 551 944 610 πλακεισῶν
991 545 1083 609 xui
1147 546 1622 628 περιπτυξαμένων
1689 544 1928 618 αλλήλας

2053 547 2253 620 plicatis
2298 556 2355 605 et
2397 564 2457 606 se
2501 547 2735 604 invicem
2781 545 3234 617 amplectentibus
3280 546 3500 607 duabus
3540 565 3639 607 na-

331 643 437 700 τῶν
464 640 557 699 δύο
600 638 828 721 φύσεων.
883 639 991 700 Καὶ
1027 637 1202 707 ἄλλως
1231 637 1318 711 δὲ,
1364 636 1457 697 xui
1486 641 1561 717 τῷ
1591 637 1644 675 9⁷
1682 635 1931 715 ἀναμάρ-

332 752 491 802 τητος
518 733 782 809 φανῆναι,
816 728 909 788 xui
938 728 1026 788 τὸν
1071 725 1230 803 νόμον
1261 725 1437 786 πάντα
1485 727 1807 809 πληρῶσαι,
1833 723 1932 798 τὴν

334 805 542 900 ἔχθραν-
559 818 768 878 ἔλυσεν.
802 817 872 879 ¢0
924 816 1029 900 γὰρ
1072 815 1231 894 νόμος
1264 815 1506 898 φραγμὸς
1557 805 1654 895 μὲν
1700 805 1797 889 ἦν,
1840 812 1932 873 ἅτε

332 906 464 990 πρὸς
519 907 818 989 ἀσφάλειαν
872 906 1069 984 δοθεὶς,
1114 903 1204 963 ἵνα
1251 905 1620 987 περιφράττῃο
1655 901 1932 983 παραϐαι-

332 996 548 1074 νόμενος
578 994 669 1071 δὲ,
719 995 1032 1077 μεσότοιχον
1086 993 1318 1064 ἀνέδειξε
1374 994 1471 1068 τὴν
1522 992 1793 1075 ἁμαρτίαν
1820 1015 1835 1030 ο
1868 992 1934 1051 δι’

333 1077 395 1147 οὗ
419 1086 472 1126 9⁸
526 1088 622 1145 οὗκ
663 1086 716 1146 ἐν
766 1084 1031 1169 ἀσφαλείᾳ
1083 1089 1481 1164 καθισταμεθα,
1538 1086 1659 1143 ἀλλ’
1692 1080 1939 1164 ἐχωριζό-

337 1182 475 1254 μεθα
495 1181 589 1236 τοῦ
619 1177 785 1239 Θεοῦ.
1626 1246 1627 1249 η

417 1292 445 1321 u
471 1266 581 1326 Τὸν
605 1265 764 1343 νόμον
795 1266 901 1324 τῶν
931 1265 1157 1325 ἐντολῶν
1185 1267 1237 1324 ἐν
1270 1263 1498 1344 δόγμασι
1519 1260 1885 1343 καταργήσας.
1911 1288 1936 1317 ι

332 1354 459 1417 Ἵνα
488 1353 566 1433 μή
593 1378 671 1423 τις
700 1354 855 1435 εἴπῃ⁹
885 1353 960 1416 Τί
988 1345 1106 1431 οὖν,
1132 1356 1176 1414 εἰ
1204 1357 1299 1427 τῆς
1330 1353 1427 1433 μὲν
1459 1352 1719 1435 προτέρας
1746 1375 1935 1434 παρα-

336 1445 543 1513 ϐάσεως
600 1449 693 1505 τοῦ
757 1442 920 1524 νόμου
970 1443 1361 1523 ἀπηλλάγημεν
1378 1443 1457 1517 99,
1517 1444 1679 1503 πάλιν
1735 1441 1790 1502 δὲ
1837 1443 1938 1500 αὖ-

337 1534 426 1595 τὸν
474 1534 885 1614 ἀναγκαζόμεθα
935 1534 1148 1613 τηρεῖν;
1202 1532 1398 1613 φησὶν,
1472 1530 1552 1591 ὅτι
1611 1530 1724 1592 Καὶ
1778 1532 1935 1590 αὐτὸν

345 1624 525 1686 ἔλυσε.
574 1622 710 1693 Δοὺς
756 1622 858 1705 γὰρ
887 1627 1019 1703 ἡμῖν
1059 1628 1245 1683 τοῦτον
1278 1624 1348 1691 εἷς
1389 1622 1715 1702 ἀσφάλειαν,
1755 1619 1939 1694 ἐπειδὴ

347 1715 442 1775 οὒκ
504 1712 870 1799 ἐφυλάξαμεν,
937 1710 1051 1772 δέον
1121 1710 1378 1789 κολάσαι,
1438 1713 1468 1770 ὁ
1501 1708 1575 1790 ,δὲ
1634 1711 1725 1770 τὸν
1779 1710 1942 1787 νόμον

346 1802 668 1875 κατέλυσεν,
717 1800 900 1883 ὥσπερ
950 1802 1012 1860 ἂν
1057 1800 1107 1861 εἴ
1153 1826 1232 1871 τις
1281 1802 1610 1883 παιδαγωγῷ
1665 1800 1942 1881 παραδοὺς

347 1892 588 1967 παιδίον,
639 1893 821 1963 ἐπειδὴ
866 1891 943 1969 μὴ
977 1891 1260 1965 ὓπακούει,
1318 1891 1534 1951 καὶτοῦ
1587 1891 1941 1969 παιδαγωγοῦ
1976 1931 2025 1995 Β

346 1981 734 2063 ἐλευθερώσειε.
796 1981 980 2060 Νόμον
1034 1980 1089 2040 δὲ
1143 1983 1366 2042 ἐντολῶν
1410 1979 1591 2040 τοῦτόν
1645 2003 1833 2062 φησιν,
1871 1985 1944 2049 ὡς

347 2070 469 2152 περὶ
535 2071 805 2152 πολιτείας
861 2069 1268 2149 διαταττόμενον
1293 2070 1308 2109 ¹
1338 2093 1352 2109 ⁸
1419 2070 1663 2148 δόγματα
1728 2069 1782 2128 δὲ
1841 2069 1940 2144 τὴν

344 2160 552 2238 πίστιν,
622 2151 709 2223 οἶα
775 2158 863 2220 διὰ
931 2160 1212 2242 δογμάτων
1267 2160 1658 2240 συνισταμένην
1689 2182 1704 2200 ·
1768 2163 1839 2227 ὥς
1895 2163 1942 2220 εἰ

345 2249 524 2331 ἔλεγεν
544 2296 562 2326 ,
607 2250 689 2310 ὅτι
733 2251 851 2312 ἀντὶ
883 2257 978 2313 τοῦ
1019 2249 1136 2331 βίου
1164 2251 1345 2312 πίστιν
1376 2249 1691 2331 εἰσήγαγεν.
1724 2250 1810 2311 Οὐ
1839 2248 1943 2332 γὰρ

345 2339 398 2410 ἐξ
420 2342 640 2401 ἐντολῶν
679 2340 1102 2420 ἐδικαιώθημιν,
1149 2344 1256 2400 τῶν
1304 2340 1432 2400 τάδε
1477 2339 1571 2400 xui
1598 2337 1729 2399 τάδε
1778 2339 1942 2421 διορι-

346 2430 577 2507 ζομένων
611 2436 780 2489 ποιεῖν
804 2447 821 2465 ⁸
878 2430 1000 2489 ἀλλ’
1034 2456 1061 2484 κ
1120 2429 1212 2489 ἐὰν
1258 2427 1549 2507 πιστεύσῃς
1713 2429 1941 2508 καρδία,

347 2519 440 2579 xui
467 2518 799 2599 ὁμολογήσῃς
828 2522 907 2601 τῷ
937 2518 1193 2595 στόματι,
1242 2516 1482 2598 σωθήσῃ.
1516 2544 1542 2573 ι
1572 2517 1648 2579 Ἢ
1702 2518 1943 2598 δόγματά

348 2632 479 2691 φησι
532 2607 628 2675 τὰς
691 2605 1059 2691 ἀποφαντικὰς
1130 2613 1223 2670 τοῦ
1292 2607 1493 2690 Κυρίου
1547 2607 1944 2691 παραγγελίας,

346 2697 495 2758 τόδεο
527 2725 554 2752 ιι
586 2695 819 2778 Ἐγὼᾶδὲ
864 2696 1005 2777 λέγω
1035 2698 1158 2775 ὓμῖν
1180 2747 1193 2771 ,
1232 2698 1310 2777 μὴ
1340 2697 1536 2777 ὀμόσαι
1563 2698 1729 2766 ὅλως
1761 2724 1785 2751 ιι
1816 2696 1945 2775 xui,

350 2815 373 2841 ι
396 2787 489 2861 Μὴ
515 2789 849 2868 ὁργισθῆναι’
878 2816 901 2841 ι
926 2787 1019 2847 xui
1047 2786 1117 2847 τὰ
1149 2793 1390 2850 τοιαῦτα.

430 2904 453 2931 α
481 2874 605 2939 Ἵνα
654 2875 775 2947 τοὺς
846 2876 939 2937 δύο
980 2878 1137 2958 κτίσῃ
1192 2879 1245 2938 ἐν
1295 2869 1469 2958 ἑαυτῷ
1514 2878 1586 2945 εἷς
1615 2875 1710 2937 ἕνα
1761 2875 1943 2937 καινὸν

349 2965 646 3049 ἄνθρωπον.
699 2992 725 3021 ι
771 2968 855 3029 Οὐ
906 2965 994 3027 τὸν
1059 2962 1309 3042 θΕλληνα
1363 2966 1609 3039 ἐποίησεν
1658 2968 1946 3045 Ἰουδαῖον,

348 3055 465 3116 ἀλλ’
507 3054 835 3139 ἀμφοτέρους
886 3059 958 3126 εἷς
1004 3056 1230 3139 κρείττω
1282 3057 1614 3117 κατάστασιν
1653 3055 1941 3138 ἀνήγαγεν.

348 3147 467 3208 Οὐκ
513 3138 629 3207 εἶπε
683 3144 773 3220 δὲ,
826 3138 1206 3226 Μεταϐοίλῃ²,
1262 3145 1422 3223 ἀλλὰ,
1455 3174 1480 3201 ι
1536 3145 1750 3229 Κτίσῃ,
1800 3175 1827 3201 ιο
1856 3144 1944 3208 ἵνα

2041 637 2200 693 turis.
2240 643 2415 710 Atque
2455 636 2623 694 etiam
2661 636 2765 692 alia
2809 636 3037 704 ratione,
3077 634 3229 708 quod
3270 653 3465 710 expers
3509 656 3637 714 pec-

2043 728 2155 783 cati
2207 727 2541 801 apparuerit,
2599 726 3016 799 univcrsamque
3068 726 3246 799 legem
3306 727 3638 801 impleverit,

2043 815 2378 875 inimicitiam
2418 817 2601 873 diluit.
2643 818 2756 873 Lex
2787 815 2932 873 enim
2960 832 3128 888 ‘sepes
3156 820 3295 886 erat,
3329 832 3531 892 nempe
3571 822 3642 878 ad

2044 906 2389 963 securitatem
2413 905 2561 976 data,
2589 914 2652 961 ut
2674 904 3012 963 obﬁrmaret.
3039 906 3164 961 Non
3187 913 3397 962 servata
3423 916 3611 965 autem
3627 950 3643 979 ,

2045 996 2289 1054 ostendit
2319 996 2562 1054 medium
2595 995 2860 1067 parietem
2891 1003 3193 1067 peccatum,
3220 1011 3252 1052 a
3287 1011 3399 1069 quo
3426 995 3640 1056 factum

2045 1095 2126 1143 est
2155 1095 2218 1143 ut
2244 1102 2355 1143 non
2383 1101 2631 1142 essemus
2668 1086 2724 1142 in
2754 1092 2871 1142 tuto
2900 1093 2954 1142 et
2977 1085 3287 1157 securitate,
3314 1085 3414 1144 sed
3438 1103 3470 1145 a
3518 1090 3638 1147 Deo

2048 1176 2232 1249 potius
2256 1191 2662 1248 separaremur.

2118 1268 2300 1323 Vens.
2342 1272 2427 1322 15.
2466 1289 2495 1331 ,α
2527 1267 2731 1339 Legem
2761 1265 3152 1322 mandatorum
3178 1263 3237 1321 in
3272 1262 3507 1323 decretis
3536 1267 3645 1326 ab-

2049 1355 2218 1411 olens.
2262 1378 2285 1403 ιι
2326 1357 2409 1412 Ne
2447 1352 2737 1428 quisquam
2767 1353 3030 1426 objiciat:
3069 1352 3214 1424 Quid
3255 1362 3483 1426 protest,
3526 1357 3572 1414 si
3614 1372 3645 1413 ει

2049 1443 2217 1515 priori
2249 1442 2383 1517 legis
2406 1442 2837 1517 transgressione
2863 1441 3098 1511 liberati,
3128 1458 3324 1501 rursus
3361 1459 3487 1502 eam
3522 1461 3646 1504 ser-

2053 1548 2179 1588 vare
2227 1532 2551 1606 adigamur?
2597 1532 2692 1600 ait,
2754 1534 2942 1605 Ipsam
3001 1547 3221 1605 quoque
3270 1532 3452 1591 solvit.
3504 1535 3644 1592 Cum

2051 1622 2199 1679 enim
2237 1622 2380 1679 hanc
2403 1622 2560 1680 nobis
2586 1622 2654 1679 ad
2684 1622 3049 1679 munitionem
3083 1622 3339 1693 dedisset,
3368 1624 3496 1698 quia
3534 1642 3650 1683 non

2052 1712 2448 1771 custodivimus
2472 1730 2614 1781 eam,
2640 1712 2872 1770 debebat
2893 1727 2994 1769 nos
3021 1712 3218 1787 punire
3245 1731 3260 1770 :
3289 1715 3441 1787 atqui
3472 1715 3648 1789 legem

2052 1800 2098 1860 is
2146 1804 2303 1877 plane
2352 1804 2605 1862 dissolvit
2647 1812 2701 1860 et
2748 1804 3049 1876 abrogavit,
3088 1819 3244 1877 aeque
3293 1820 3359 1861 ac
3408 1805 3453 1862 si
3502 1808 3648 1880 quis,

2053 1893 2143 1950 ubi
2185 1913 2416 1968 puerum
2452 1894 2748 1968 paedagogo
2789 1892 3126 1962 tradidisset,
3158 1892 3326 1962 hunc,
3365 1910 3493 1951 cum
3537 1913 3647 1952 non

2053 1987 2316 2054 obediret,
2345 2003 2376 2042 a
2403 1985 2703 2058 paedagogo
2737 1999 2957 2057 quoque
2986 1983 3194 2041 liberet.
3225 1985 3429 2058 Legem
3459 1996 3643 2043 autem

2048 2075 2437 2133 mandatorum
2464 2075 2563 2143 ait,
2602 2082 2868 2147 tanquam
2904 2071 2973 2131 de
3002 2072 3108 2129 vita
3134 2081 3191 2130 et
3220 2073 3468 2131 moribus
3498 2091 3639 2147 pra!-

2048 2167 2398 2239 cipientem:
2450 2162 2709 2236 dogmata
2753 2178 2879 2220 vero
2916 2178 3012 2219 seu
3057 2161 3299 2234 decreta,
3340 2162 3529 2236 ﬁdem,
3582 2175 3645 2223 ut

2050 2270 2176 2328 quae
2219 2269 2319 2326 per
2362 2252 2623 2326 dogmata
2668 2252 2961 2322 consistat;
3004 2251 3228 2325 perinde
3272 2254 3429 2325 quasi
3477 2254 3641 2311 dicat.

2049 2347 2156 2400 Pro
2186 2341 2297 2399 vita
2336 2341 2505 2398 [idem
2546 2340 2872 2399 introduxit.
2915 2342 3040 2397 Non
3075 2340 3229 2398 enim
3264 2356 3332 2398 ex
3369 2344 3651 2401 mandatis

2049 2431 2167 2488 hinc
2195 2439 2251 2488 et
2288 2431 2381 2487 illa
2420 2429 2599 2489 facere
2628 2431 3070 2504 praecipientibus
3095 2432 3466 2505 justiﬁcamur
3508 2453 3521 2490 :
3554 2452 3647 2492 vc-

2050 2537 2174 2578 rum
2207 2521 2255 2577 si
2290 2520 2589 2578 credideris
2615 2521 2670 2577 in
2711 2518 2896 2590 corde,
2933 2527 2990 2578 et
3015 2536 3114 2579 ore
3148 2519 3435 2579 confessus
3464 2522 3649 2595 fueris,

2052 2620 2113 2667 tu
2153 2611 2336 2668 salvus
2376 2610 2506 2668 eris.
2542 2610 2641 2669 Vcl
2680 2611 2946 2684 dogmata
2987 2610 3223 2683 appellat
3248 2612 3499 2685 negativa
3533 2618 3646 2671 Do-

2050 2702 2189 2759 mini
2212 2701 2474 2759 mandata
2508 2721 2523 2760 :
2556 2725 2583 2752 α
2616 2704 2732 2775 Ego
2761 2700 2880 2759 dico
2909 2701 3083 2772 vobis,
3113 2717 3186 2758 ne
3232 2703 3460 2761 omnino
3493 2704 3651 2777 jure-

2052 2789 2175 2852 tish
2209 2815 2222 2851 :
2267 2819 2292 2846 ιο
2337 2803 2414 2866 et,
2459 2817 2486 2844 «
2526 2797 2609 2852 Ne
2636 2794 2946 2852 irascamini
2978 2794 3016 2863 ί,
3047 2815 3076 2847 ››
3122 2802 3179 2851 et
3224 2793 3277 2852 id
3315 2811 3485 2869 genus
3523 2797 3649 2854 alia.

2127 2908 2153 2935 ι
2192 2887 2275 2943 Ut
2304 2885 2445 2943 duos
2471 2883 2674 2943 condat
2701 2885 2757 2942 in
2786 2885 2987 2957 seipse,
3014 2885 3073 2941 in
3100 2901 3279 2942 unum
3309 2902 3519 2945 novum
3551 2888 3652 2945 ba-

2051 2972 2273 3032 minem.
2303 2995 2330 3025 »
2367 2977 2496 3032 Non
2533 2990 2601 3032 ex
2630 2975 2830 3032 Graeco
2856 2973 3115 3031 Judaeum
3144 2972 3293 3044 fecit,
3323 2974 3418 3031 sed
3457 2976 3654 3033 ambos

2049 3065 2119 3122 ad
2143 3064 2428 3123 meliorem
2462 3070 2669 3121 statum
2693 3061 2926 3119 reduxit.
2958 3066 3084 3120 Non
3104 3060 3249 3119 dixit
3273 3072 3485 3135 autem,
3516 3069 3645 3122 Per-

2052 3163 2246 3222 mutct,
2308 3154 2426 3225 sed,
2486 3173 2513 3208 (ι
2572 3153 2809 3223 Condat,
2858 3176 2887 3205 ι
2953 3161 3016 3210 ut
3072 3153 3353 3227 perspicue
3403 3156 3656 3214 ostendat

348 3234 529 3317 δείξῃθ
558 3238 791 3332 ἐναργῶς
838 3236 899 3296 τὸ
927 3236 1245 3332 λεγόμενον,
1292 3234 1384 3296 καὶ
1417 3236 1499 3296 ὅτι
1528 3237 1944 3332 diuini-ipost:-

2055 3245 2203 3318 quod
2247 3244 2403 3313 dixit,
2449 3252 2506 3301 et
2544 3242 2694 3318 quod
2734 3260 2767 3301 a
2806 3243 3148 3301 naturalibus
3193 3244 3359 3302 rebus
3397 3245 3654 3319 deinceps

346 3330 455 3385 κῶν
485 3324 819 3406 πραγμάτων
873 3327 1154 3407 ἀποπηδᾷν
1202 3331 1345 3404 ἡμᾶς
1384 3328 1444 3386 οὗ
1479 3323 1587 3408 χρὴ
1617 3324 1827 3388 λοιπόν.
1863 3326 1945 3389 Τὸ

348 3415 402 3475 δὲ
424 3461 441 3494 ,
467 3443 493 3469 σι
522 3415 619 3477 Ἒν
659 3417 868 3496 ἑαυτῷ,
903 3444 925 3467 ι
961 3415 995 3488 ἢ
1043 3415 1159 3474 ἀντὶ
1185 3421 1314 3491 τοῦ,
1350 3443 1375 3470 ει
1433 3414 1520 3476 Δι’
1548 3417 1777 3475 ἑαυτοῦ·
1825 3444 1849 3471 ι
1891 3419 1948 3477 οὐ

346 3504 450 3585 γὰρ
496 3503 653 3573 ἄλλος
701 3510 856 3564 τοῦτο
899 3502 1121 3586 ἔπραξεν
1139 3503 1188 3582 ⁸,
1232 3507 1352 3565 ἀλλ’
1404 3503 1558 3572 αὐτὸς
1606 3501 1674 3563 δι’
1719 3507 1945 3584 ἑαυτοῦ,

347 3595 440 3655 καὶ
469 3593 557 3655 τὸν
587 3592 851 3654 Ἰουδαῖον
898 3593 991 3655 καὶ
1040 3595 1129 3654 τὸν
1159 3594 1360 3655 ἐθνικὸν
1420 3593 1823 3674 ἀναχωνεύσας,
1853 3595 1945 3654 ἕνα

350 3684 601 3764 ἀνήνεγκε
639 3685 818 3746 καινὸν
873 3684 965 3744 xui
995 3683 1322 3763 θαυμαστόν.
1371 3679 1453 3745 ’Ἢ
1500 3684 1583 3744 ὅτι
1622 3683 1774 3752 αὐτὸς
1797 3687 1944 3765 πρῶ-

348 3798 433 3843 τος
459 3773 624 3835 τύπον
674 3773 970 3856 παρασχὼν
1002 3775 1092 3835 καὶ
1147 3774 1447 3855 ὑπόδειγμα
1466 3819 1483 3849 ,
1521 3773 1614 3833 xui
1647 3772 1824 3855 φανεὶς
1857 3773 1951 3834 xui

350 3866 504 3935 αὐτὸς
535 3867 747 3943 πρῶτον
797 3870 951 3926 τοῦτο
1001 3866 1132 3947 ὅπερ
1161 3864 1391 3933 ἐκείνους
1443 3861 1691 3938 ἐποίησε·
1744 3862 1838 3924 xui
1868 3863 1950 3924 ὅτι

349 3953 504 4031 μέσος
567 3956 761 4036 ἀμφοῖν
811 3953 1115 4036 γενόμενος,
1177 3953 1269 4014 xui
1325 3954 1469 4014 ἔνθεν
1536 3953 1624 4012 τὸν
1681 3951 1945 4015 Ἰουδαῖον

349 4043 636 4126 κατασχὼν
657 4089 674 4119 ,
732 4045 974 4104 κάκεῖθεν
1041 4044 1131 4105 τὸν
1183 4041 1437 4117 Ἕλληνα
1461 4091 1477 4122 ,
1530 4042 1622 4102 xui
1681 4042 1951 4122 συμμίξας

349 4131 567 4208 αὐτοὺς,
595 4133 688 4194 xui
739 4142 848 4195 πᾶν
874 4134 936 4194 τὸ
983 4133 1258 4215 ἀλλότριον
1299 4134 1593 4215 ἀφανίσας,
1645 4133 1947 4195 ἀνέπλασεν

352 4223 548 4305 ἀνωθεν
606 4222 695 4285 διὰ
738 4222 905 4305 πυρὸς
954 4223 1046 4284 xui
1113 4223 1327 4291 ὕδατος.
1384 4222 1483 4283 Ἐν
1644 4222 1945 4304 ἀνθρωπίνῃ

351 4304 442 4373 οἷν
465 4312 647 4395 φύσει,
697 4312 734 4387 ἢ
785 4304 1110 4394 προσέλαϐε,
1143 4317 1294 4395 κοινῇ
1324 4311 1456 4394 οὔσῃ
1501 4317 1593 4371 τοῦ
1650 4335 1708 4371 τε
1746 4315 1951 4374 ἐθνικοῦ

353 4402 445 4462 xui
493 4410 587 4464 τοῦ
645 4400 936 4478 Ἰουδαίου,
984 4401 1079 4462 xui
1137 4400 1272 4484 ῧπὲρ
1327 4400 1641 4484 ἀμφοτέρων
1703 4404 1946 4483 προσλη-

354 4491 594 4590 φθείση’,-
620 4494 675 4552 ἐν
725 4490 1131 4590 ταύτῃμπάσης
1184 4497 1384 4590 (ρθορᾶς
1437 4490 1531 4553 xui
1590 4490 1948 4590 παλαιότητρς
1978 4524 2031 4590 D

349 4586 442 4655 τῆς
482 4582 535 4653 ἐξ
565 4581 841 4663 ἁμαρτιῶν
877 4581 1308 4663 ἠλλοτριωμένῃ,
1338 4580 1532 4662 ﬁxi-to:
1581 4579 1701 4649 τοὺς
1746 4580 1839 4642 δύο
1875 4585 1950 4651 εἷς

352 4671 445 4732 ἕνα
473 4670 651 4733 καινὸν
699 4670 1004 4754 ἄνθρωπον,
1033 4675 1126 4733 τοῦ
1169 4670 1346 4752 γήρως
1396 4674 1501 4730 τῶν
1533 4668 1812 4751 ἁμαρτιῶν
1858 4672 1952 4732 καὶ

351 4764 447 4834 τῆς
475 4761 721 4830 ἀδικίαςδ
766 4759 1213 4841 ἀπηλλαγμένον.
1253 4760 1429 4822 οὐκέτι
1461 4761 1565 4842 γὰρ
1596 4763 1705 4829 τοῖς
1746 4760 1896 4829 ἰδίοις
1927 4763 1951 4802 θ

354 4849 609 4931 ἷδιώμασι
647 4850 738 4911 καὶ
785 4842 933 4920 οὗτος
975 4853 1217 4920 κάκεῖνος
1267 4849 1781 4933 χαρακτηρίζονται,
1831 4850 1949 4911 ἀλλ’

354 4940 465 5009 ἑνὸς
539 4939 821 5022 ἀνθρώπου
896 4944 991 5001 τοῦ
1065 4939 1205 5002 κατὰ
1286 4939 1519 5022 Χριστὸν
1589 4938 1955 5022 μροφωθόντος

355 5027 622 5108 ἰδιώματα
679 5030 1008 5114 ἀμφοτέρους
1058 5030 1565 5113 χαρακτηρίζουσιν.
1626 5030 1948 5113 Ἐγγύτερον

354 5119 409 5179 δὲ
460 5119 570 5203 ἅψῃ
632 5124 725 5180 τοῦ
775 5120 1096 5202 λεγομένου,
1155 5118 1251 5180 ἐὰν
1308 5120 1559 5202 ἐννοήσῃς
1608 5119 1698 5181 τὸν
1754 5119 1953 5203 Κύριον

355 5209 912 5294 ἀκρογωνιαῖονζλίθον
925 5256 946 5293 ,
972 5208 1185 5279 τούτους
1209 5206 1265 5271 δὲ
1298 5209 1391 5272 δύο
1409 5253 1427 5285 ,
1462 5212 1673 5294 τοίχους
1702 5210 1755 5269 ἐν
1783 5210 1955 5294 τούτῳ

354 5299 717 5380 κτιζομένους.

438 5417 461 5444 ι
489 5393 669 5453 Ποιῶν
728 5391 964 5476 εἰρήνην.
1020 5417 1046 5447 ι
1078 5391 1188 5453 Καὶ
1247 5392 1376 5474 πρὸς
1430 5393 1694 5468 ἀλλήλους
1749 5390 1845 5461 μὲν
1886 5396 1949 5477 (ὁ

424 5489 453 5530 ¹¹
481 5496 686 5556 Matth.
713 5513 781 5570 ν,
807 5503 899 5557 54.
990 5499 1145 5565 ‘Isa,
1170 5508 1296 5572 LIV,
1325 5506 1378 5559 9.

2057 3349 2168 3390 non
2206 3341 2462 3407 Oporteat
2497 3333 2732 3391 resilire.
2774 3333 2919 3391 Illud
2960 3341 3166 3404 autem,
3205 3355 3231 3383 σι
3280 3337 3347 3391 In
3379 3334 3581 3409 seipse,
3622 3357 3649 3390 »

2057 3423 2343 3496 accipitur,
2368 3423 2453 3480 vel
2481 3439 2602 3497 pro,
2646 3445 2671 3471 α
2708 3426 2935 3496 Propter
2960 3424 3206 3497 seipsum
3249 3443 3264 3481 :
3299 3448 3326 3476 ιι
3366 3441 3483 3483 non
3510 3426 3657 3484 enim

2055 3511 2252 3585 aliquis
2293 3512 2436 3569 alius
2460 3511 2608 3569 istud
2648 3511 2797 3582 fecit,
2843 3512 2944 3571 sed
2989 3512 3102 3585 ipse
3147 3529 3246 3586 per
3285 3513 3555 3587 seipsum,
3604 3526 3661 3572 et

2056 3603 2317 3659 Judaeum
2346 3611 2400 3658 et
2424 3602 2688 3675 gentilem
2715 3601 2984 3671 conﬂans,
3010 3619 3182 3659 unum
3205 3603 3435 3675 protulit
3452 3620 3658 3662 novum

2057 3699 2113 3748 et
2140 3689 2310 3763 384
2337 3688 2746 3746 admirandum.
2778 3690 2875 3746 Vel
2909 3688 3060 3764 quod
3088 3690 3202 3762 ipse
3232 3691 3475 3763 primum
3503 3693 3656 3749 exhi-

2059 3781 2238 3837 buerit
2276 3779 2572 3838 formulam
2620 3781 2781 3837 nobis
2830 3788 2887 3836 et
2932 3781 3231 3854 exemplar,
3285 3781 3539 3855 visusque
3589 3784 3660 3840 sit

2058 3868 2145 3927 ille
2187 3871 2404 3944 primus
2440 3870 2517 3941 id,
2557 3870 2709 3945 quod
2757 3870 2884 3929 illos
2932 3869 3062 3929 fecit
3107 3889 3122 3927 :
3172 3878 3231 3929 et
3266 3870 3399 3945 quia
3444 3872 3658 3930 medius

2061 3960 2300 4035 utrisque
2324 3958 2520 4032 factus,
2560 3960 2689 4018 hinc
2715 3961 2976 4018 Judaeum
3015 3976 3310 4034 occupans,
3340 3961 3486 4018 illinc
3525 3978 3652 4019 vero

2060 4052 2341 4122 Graecum,
2371 4052 2739 4111 commiscens
2767 4052 2907 4122 illos,
2939 4067 3002 4109 ac
3039 4067 3206 4109 omne
3240 4053 3387 4126 quod
3419 4052 3657 4111 alienum

2061 4149 2180 4198 erat
2229 4142 2617 4215 exterminans,
2668 4141 2929 4199 divinitus
2983 4157 3081 4215 per
3139 4140 3329 4216 ignem
3366 4152 3422 4200 et
3457 4159 3657 4217 aquam

2060 4231 2358 4290 reﬁnxerit.
2387 4235 2452 4289 In
2475 4232 2719 4289 humana
2739 4231 2909 4306 igitur
2932 4241 3125 4289 natura
3149 4248 3317 4306 quam
3340 4236 3659 4308 assumpsit,

2060 4338 2184 4395 quae
2212 4321 2527 4379 communis
2554 4330 2637 4379 est
2663 4337 2793 4380 cum
2829 4322 3025 4380 Graeco
3060 4330 3183 4380 tum
3209 4321 3428 4393 Iudaeo,
3458 4332 3514 4382 et
3554 4342 3656 4398 pro

2061 4413 2347 4486 utriusque
2393 4412 2569 4469 salute
2626 4419 2935 4485 assumpta,
2991 4412 3047 4469 in
3105 4412 3235 4484 hac,
3287 4413 3539 4488 inquam,
3589 4417 3663 4474 ab

2061 4501 2214 4559 omni
2241 4502 2592 4574 corruptione
2615 4510 2671 4559 et
2696 4509 2963 4559 vetustate
2990 4517 3058 4559 ex
3086 4502 3319 4575 peccatis
3349 4513 3662 4575 contracta,

2058 4592 2311 4661 alienata,
2363 4592 2609 4650 condidit
2645 4591 2788 4650 duos
2828 4591 2884 4648 in
2922 4608 3095 4649 unum
3126 4608 3337 4650 novum
3372 4593 3662 4653 hominem

2059 4696 2091 4737 a
2141 4681 2294 4738 senio
2349 4681 2556 4754 peccati
2606 4690 2772 4756 atque
2825 4681 3104 4755 injustitia:
3154 4681 3465 4739 liberatam.
3526 4686 3655 4742 Non

2059 4768 2240 4827 adhuc
2281 4770 2427 4827 enim
2456 4770 2549 4828 hic
2590 4781 2648 4829 et
2675 4771 2763 4827 ille
2798 4772 2913 4829 suis
2941 4771 3206 4845 cujusque
3240 4771 3664 4845 proprietatibus

2059 4859 2460 4933 exprimuntur,
2491 4860 2590 4918 sed
2610 4860 2770 4918 unius
2791 4860 3031 4919 hominis
3048 4860 3358 4920 secundum
3382 4863 3663 4920 Christum

2066 4948 2292 5008 formati
2355 4949 2619 5008 idiomata
2693 4960 2995 5023 utrumque
3055 4949 3344 5010 denotant.
3430 4952 3667 5026 Pr0pius

2065 5047 2253 5098 autem
2290 5039 2530 5115 attinges
2575 5039 2725 5113 quod
2764 5039 2987 5109 dicitur,
3029 5038 3078 5098 si
3114 5040 3443 5099 intellexeris
3478 5042 3668 5116 ipsum

2063 5129 2371 5187 Dominum
2408 5146 2527 5187 esse
2568 5131 2885 5203 angularem
2926 5145 3211 5188 summum
3251 5130 3515 5204 lapidem,
3564 5131 3669 5190 hos

2063 5227 2248 5293 autem
2276 5218 2435 5289 duos,
2468 5219 2700 5292 parietes
2729 5218 2786 5275 in
2813 5219 2941 5291 ipso
2969 5216 3237 5276 conditos.

2136 5426 2163 5453 (ι
2209 5400 2436 5459 Faciens
2479 5415 2691 5474 pacem.
2732 5419 2762 5455 ››
2815 5402 2886 5458 Et
2930 5398 3073 5459 inter
3111 5416 3171 5460 se
3208 5407 3409 5459 mutuo
3465 5417 3480 5458 :
3525 5418 3662 5463 nam

1790 5583 1986 5647 Varia!
2030 5583 2335 5648 lectiones.

1790 5586 1928 5646 Vari
2148 5586 2162 5601 '
2209 5605 2335 5648 nes.
2560 5596 2571 5607 ‘

425 5675 470 5713 9"
499 5677 558 5733 τὸ
590 5692 669 5773 9..
720 5671 765 5773 ’ξ
787 5679 867 5732 διὸ
887 5692 969 5773 0..
1019 5677 1065 5773 ξθ
1089 5677 1540 5773 ἀπηλλάγμεθαα
1618 5682 1635 5719 ¹
1665 5586 2211 5758 ὃιαλεγόμεῗῖονιῗῖῐιίζ
2238 5681 2548 5756 μεταποιήσῃ
2578 5698 2657 5739 m.
2732 5680 2754 5717 ⁸
2783 5680 2899 5758 δόξῃ
2922 5696 2981 5741 ο.
3059 5683 3079 5717 ⁵
3127 5677 3274 5757 ἄλλῳ
3297 5686 3448 5739 τοῦτο
3491 5681 3671 5739 ἐπέτα-

353 5757 432 5822 ξεν
460 5773 519 5818 ο.
592 5757 615 5796 ⁸
642 5758 789 5815 ἀνοία
816 5774 873 5818 o.
947 5758 973 5795 ⁸
993 5758 1195 5823 οἰκείοις
1222 5776 1276 5820 0.
