4124 6426
454 428 586 482 1063

1464 423 1982 482 THEOPHYLACTI
2024 422 2382 480 BULGARl/E
2421 422 2734 479 ARCHIEP.

3621 414 3763 470 1064

445 550 667 607 Judazus
695 557 815 606 tum
850 548 1034 622 gentili
1065 547 1367 621 copulatur,
1403 550 1623 622 quando
1653 551 1825 609 ﬁdelis
1856 550 2044 618 fuerit,

2158 548 2261 630 γὰρ
2287 549 2543 617 Ἰουδαῖος
2597 547 2824 630 τότειτῷ
2874 548 3060 628 ἐθνικῷ
3105 542 3461 615 συνάπτεται,
3491 539 3618 600 ὅταν
3669 563 3758 630 πιέ

449 641 693 696 maxime
735 655 865 696 vero
902 637 1044 711 apud
1083 641 1262 694 Deum
1306 658 1318 693 :
1366 639 1512 711 quod
1556 643 1728 713 magis
1771 641 2052 715 proprium

445 737 550 797 est,
578 737 642 784 ut
668 727 922 799 deinceps
948 728 1189 798 patefiet.

518 820 702 874 Vnus.
742 823 827 874 16.
876 837 903 869 (ι
934 820 1004 872 Et
1037 825 1097 874 ut
1124 818 1450 875 renonciliet
1477 819 1671 876 ambos
1711 821 1767 876 in
1799 837 1908 879 uno
1937 837 2057 877 cor-

449 923 582 980 pore
622 911 742 963 Deo
795 922 890 980 per
929 922 1170 963 crucem.
1220 910 1340 964 Non
1387 907 1548 981 dixit,
1607 911 1892 980 Conciliet,
1933 910 2049 980 sed,

453 1022 478 1047 α
507 997 869 1066 Reconciliet,
905 1018 932 1050 »
969 997 1265 1053 ostendens
1303 998 1452 1070 quod
1492 1006 1548 1054 et
1585 1000 1716 1056 olim
1749 1017 1846 1072 per
1875 1001 2053 1072 legem

449 1088 838 1144 conciliabatur
867 1087 937 1144 ad
969 1091 1148 1143 Deum
1182 1087 1421 1145 humana
1451 1097 1645 1146 natura
1677 1107 1690 1144 :
1732 1090 1929 1147 deinde
1956 1106 2054 1163 per

446 1178 936 1250 transgressionem
985 1176 1209 1232 inimica
1265 1177 1440 1250 magis
1508 1177 1670 1246 facta,
1737 1195 1929 1234 rursus
1980 1176 2052 1236 ad

449 1271 630 1324 Deum
665 1267 1108 1324 reconciliatione
1137 1282 1274 1338 opus
1308 1266 1524 1337 habuit,
1567 1283 1691 1341 quae
1736 1269 1893 1340 quasi
1930 1284 2051 1340 per-

448 1357 610 1426 fecta,
656 1359 858 1412 merito
905 1355 1206 1428 appellatur
1243 1357 1639 1414 reconciliatio.
1691 1381 1718 1407 α
1764 1362 1823 1413 ln
1868 1373 1978 1413 uno
2025 1381 2049 1406 υ

448 1455 633 1504 autem
666 1470 691 1495 α
723 1461 974 1518 corpore,
1023 1467 1046 1494 ι
1085 1445 1190 1502 hoc
1227 1455 1326 1513 est,
1359 1462 1480 1503 suo.
1529 1450 1666 1517 Quae
1706 1447 1856 1504 enim
1890 1445 2050 1503 nobis

449 1537 749 1594 debebatur
790 1553 971 1609 poena,
1013 1537 1125 1606 ipse
1163 1537 1423 1594 sustinuit
1458 1537 1514 1594 in
1552 1553 1779 1608 corpore
1807 1553 1907 1593 suo
1954 1553 2051 1608 per

450 1645 690 1696 crucem,
714 1627 768 1684 id
805 1627 953 1700 quod
984 1642 1148 1698 supra
1177 1627 1339 1699 dixit,
1373 1647 1401 1679 ι(
1434 1631 1497 1683 In
1527 1644 1691 1684 carne
1729 1647 1741 1683 :
1772 1648 1800 1679 »
1839 1644 1901 1684 ac
1927 1644 2047 1683 rur-

449 1736 564 1776 sus.
610 1721 765 1775 Duos
789 1717 988 1774 condet
1030 1717 1088 1772 in
1125 1718 1324 1789 seipso.
1373 1717 1636 1774 Nonnulli
1670 1727 1877 1787 autem,
1921 1741 1944 1766 «
1980 1721 2048 1774 In

448 1825 558 1866 uno
599 1823 828 1880 corpore
868 1827 896 1861 »
931 1808 1012 1863 sic
1056 1806 1456 1874 intellexerunt,
1490 1824 1588 1878 pro
1631 1823 1696 1865 eo
1743 1806 1893 1881 quod
1937 1816 2040 1877 est,

2162 628 2280 706 στος
2335 640 2613 719 γένηται),
2678 628 2914 716 μάλιστα
2963 637 3018 697 δὲ
3064 635 3193 716 πρὸς
3244 634 3332 692 τὸν
3385 630 3617 693 Θεόνοό
3665 628 3756 688 καὶ

2161 729 2502 808 οἰκειότερον,
2533 733 2604 797 ὡς
2635 729 2718 787 διὰ
2748 732 2852 788 τῶν
2880 727 2994 799 ἑξῆς
3025 727 3193 798 δηλοῖ.

2243 845 2266 871 α
2299 807 2410 878 Καὶ
2454 817 2869 897 ἀποκαταλλάξῃ
2908 814 3026 883 τοὺς
3059 809 3398 904 ἀμφοτέρους
3439 813 3490 871 ἐν
3539 809 3615 870 ἐνὶ
3649 807 3757 904 σῶ-

2161 932 2292 985 ματι
2334 911 2409 989 τῷ
2438 912 2564 988 Θεῷ
2595 909 2680 967 διὰ
2709 909 2820 988 τοῦς
2842 912 3090 985 σταυροῦ.
3138 933 3159 957 ι
3193 907 3311 964 Οὐκ
3349 900 3462 962 εἰπε
3484 947 3501 980 ,
3533 900 3756 960 Καταλ-

2160 997 2316 1078 λάξῃ,
2341 997 2476 1070 ἀλλ’,
2501 1024 2524 1050 α
2557 996 2994 1074 Ἇποκαταλλάξῃ
3022 1019 3035 1033 ο
3065 1023 3088 1048 υ
3113 992 3316 1060 δεικνὺς
3344 993 3425 1051 ὅτι
3445 991 3537 1052 καὶ
3558 990 3644 1049 διὰ
3665 992 3755 1047 τοῦ

2157 1087 2319 1164 νόμου
2370 1087 2712 1159 κατήλλακτο
2767 1090 2841 1167 τῷ
2909 1086 3082 1164 Θεῷτ
3135 1088 3168 1156 ἠ
3227 1081 3528 1162 ἀνθρωπίνη
3571 1079 3753 1160 φύσις·

2158 1167 2273 1236 εἶτα
2321 1176 2407 1236 διὰ
2439 1181 2535 1248 τῆς
2561 1176 2922 1257 παραϐάσεως
2945 1176 2971 1213 ⁸
3005 1171 3170 1255 ἐχθρὰ
3221 1174 3424 1248 μᾶλλον
3455 1168 3747 1257 γενομένη,

2157 1267 2343 1340 ἐδεήθη
2395 1258 2538 1332 αὖθις
2582 1256 2678 1338 τῆς
2723 1266 2853 1347 πρὸς
2898 1267 3036 1325 Θεὸν
3090 1263 3472 1340 καταλλαγῆς,
3507 1259 3623 1332 ἥτις
3660 1256 3755 1316 καὶ

2155 1358 2228 1423 ὡς
2276 1355 2451 1414 τελεία
2503 1355 2717 1424 εἰκότως
2766 1357 3012 1414 καλεῖται
3064 1349 3512 1431 ἀποκαταλλαγή.
3571 1376 3595 1403 α
3654 1347 3754 1409 Ἐν

2157 1445 2232 1504 ἑνὶ
2261 1472 2285 1497 ι»
2337 1445 2391 1503 δὲ
2422 1473 2446 1499 ‹‹
2502 1445 2750 1523 σώματι,
2784 1471 2808 1498 υ
2857 1445 3123 1517 τουτέστι,
3167 1444 3246 1523 τῷ
3283 1445 3461 1500 αὕτοῦ.
3518 1439 3605 1510 Τὴ
3652 1439 3756 1517 γὰρ

2154 1534 2499 1617 ὀφειλομένην
2549 1538 2680 1614 ἡμῖν
2711 1535 2859 1607 δίκην
2893 1534 3044 1617 αὐτὸς
3077 1531 3280 1604 ὑπέστη
3319 1531 3407 1590 διὰ
3462 1535 3553 1589 τοῦ
3590 1551 3756 1586 σταυ-

2157 1615 2246 1704 ροῦ
2275 1645 2288 1659 °
2339 1624 2470 1704 ὅπερ
2513 1625 2605 1684 καὶ
2645 1625 2893 1704 ἀνωτέρω
2941 1615 3119 1699 εἶπεν,
3173 1651 3198 1676 σι
3249 1622 3348 1682 Ἐν
3490 1617 3684 1699 σαρκί·
3731 1645 3756 1671 ι

2154 1714 2245 1773 καί
2295 1714 2456 1772 πάλιν
2494 1714 2612 1782 τοὺς
2659 1713 2751 1773 δύο
2791 1714 2961 1774 κτίσει
3011 1715 3064 1773 ἐν
3109 1714 3300 1792 ἑαυτῷ.
3356 1709 3511 1775 Τινὲς
3567 1707 3621 1766 δὲ
3666 1707 3754 1780 τὸ,

2156 1831 2180 1857 ε
2213 1802 2308 1864 Ἐν
2336 1803 2410 1863 ἐνὶ
2441 1803 2688 1882 σώματι,
2723 1833 2746 1858 ο
2784 1803 2947 1870 οὕτως
2979 1801 3239 1882 ἐνόησαν,
3271 1799 3387 1860 ἀντὶ
3417 1803 3508 1858 τοῦ
3527 1844 3542 1873 ,
3571 1796 3752 1858 Οἰονεὶ

448 1899 610 1955 veluti
640 1914 814 1954 unum
841 1912 1039 1969 corpus
1079 1895 1250 1953 factos
1279 1905 1563 1970 utrosque,
1609 1898 1769 1971 cujus
1815 1897 1930 1969 ipse
1961 1905 2043 1954 est

2156 1893 2204 1953 ἓν
2237 1897 2395 1972 σῶμα
2423 1895 2732 1974 γενομένους
2764 1892 3132 1975 ἀμφοτέρους,
3181 1881 3241 1952 οἷ
3301 1888 3457 1957 αὖτός
3507 1889 3620 1947 ἐστι
3666 1910 3758 1946 κε-

448 1990 630 2062 caput,
661 1987 966 2044 conciliavit
1007 1989 1146 2044 Deo.

519 2099 548 2128 «
591 2076 932 2134 Interﬁciens
968 2075 1317 2132 inimicitiam
1359 2075 1414 2131 in
1457 2076 1595 2148 ipso.
1639 2095 1668 2130 »
1720 2077 1843 2133 Non
1885 2073 2044 2145 dixit,

447 2167 685 2234 solvens,
717 2181 912 2222 verum
941 2166 1091 2237 quod
1125 2174 1182 2221 et
1212 2167 1480 2237 majorem
1511 2165 1679 2222 habet
1716 2165 2044 2238 emphasim,

453 2279 479 2306 α
517 2256 856 2315 Interﬁeiens
888 2278 914 2303 »
947 2262 1008 2311 ut
1034 2269 1146 2311 non
1173 2255 1415 2326 amplius
1448 2263 1717 2328 resurgat.
1752 2255 2044 2326 Quomodo

449 2347 616 2419 igitur
653 2361 841 2402 rursus
872 2345 1116 2418 resurgit
1144 2345 1475 2401 inimicitia?
1516 2345 1612 2401 Illa
1646 2345 1868 2417 quidem
1903 2361 2044 2402 nun-

450 2453 614 2510 quam
645 2437 902 2508 resurgit,
940 2435 1039 2492 sed
1079 2436 1239 2492 aliam
1270 2451 1698 2508 progeneramus
1727 2451 1828 2492 nos
1865 2435 2046 2492 denuo

449 2534 752 2599 peccantes.
805 2524 970 2595 Quod
1007 2525 1102 2593 ait,
1159 2549 1184 2575 α
1225 2527 1287 2580 1η
1337 2526 1478 2598 ipso,
1529 2549 1554 2573 ν
1597 2526 1678 2582 vel
1721 2524 1790 2582 ad
1821 2541 2046 2582 crucem

447 2616 790 2673 referendum
817 2625 922 2682 est,
951 2615 1033 2671 vel
1062 2614 1130 2671 ad
1160 2631 1358 2686 corpus
1387 2615 1573 2687 ipsius.
1610 2615 1831 2671 Etenim
1861 2615 2049 2671 inimi-

447 2706 633 2762 citiam
663 2707 720 2762 in
751 2721 912 2762 cruce
939 2705 1105 2761 etiam
1135 2703 1339 2761 occidit
1367 2714 1422 2761 et
1454 2705 1508 2760 in
1538 2706 1763 2778 proprio
1795 2719 2044 2778 corpore,

450 2796 506 2852 in
538 2811 647 2869 quo
676 2809 898 2852 crucem
930 2794 1152 2866 recepit.

522 2888 700 2941 Vens.
746 2891 830 2939 17.
871 2907 896 2932 ιι
931 2887 1000 2938 Et
1022 2884 1269 2951 veniens,
1299 2882 1696 2955 evangelizavit
1728 2898 1918 2955 pacem
1949 2900 2044 2940 vo-

448 2974 534 3030 bis
565 2973 658 3045 qui
693 2973 852 3045 longe
892 2973 1077 3040 eratis,
1111 2981 1167 3028 et
1194 2973 1261 3028 iis
1298 2973 1388 3044 qui
1421 2988 1611 3044 prope.
1653 2996 1678 3022 ιο
1713 2976 1838 3030 Non
1877 2973 2045 3029 alium

450 3063 618 3131 misit,
658 3062 753 3119 sed
792 3063 905 3134 ipse
946 3062 1096 3118 venit
1123 3061 1262 3118 servi
1311 3077 1374 3118 ac
1411 3061 1644 3117 ministri
1687 3061 1927 3118 formam
1968 3062 2049 3117 in-

2155 1983 2298 2065 φαλὴ
2320 2029 2338 2060 ,
2364 1983 2660 2056 κατήλλαξε
2691 1988 2767 2064 τῷ
2797 1986 2948 2064 Θεῷ.

2242 2100 2268 2126 ιι
2312 2057 2648 2142 ’Ᾰποκτείνας
2816 2057 3009 2154 ἔχθραν
3067 2073 3120 2130 ἐν
3160 2072 3327 2151 αὐτῷ.
3362 2091 3394 2126 n
3429 2069 3550 2130 Οὖκ
3593 2057 3742 2141 εἶπε,

2155 2161 2367 2234 Λύσας,
2401 2163 2538 2222 ἀλλὰ
2573 2162 2633 2223 τὸ
2683 2162 3179 2245 ἐμφαντικώτερον,
3241 2181 3272 2219 (ι
3313 2156 3678 2245 Ἇξτοκτείνας,
3717 2179 3750 2216 n

2153 2251 2290 2311 ὥστε
2335 2251 2530 2332 μηκέτι
2580 2252 2747 2325 αὐτὴν
2780 2255 3095 2326 ἀναστῆναι.
3150 2251 3278 2317 Πῶς
3333 2240 3424 2308 οὖν
3475 2247 3755 2308 ἀνίσταται

2155 2332 2301 2410 αὖθις
2351 2348 2386 2414 ἡ
2445 2341 2645 2422 ἔχθρα;
2699 2341 2916 2414 Ἐκείνη
2971 2341 3068 2420 μὲν
3138 2339 3390 2400 οὐδέποτε
3445 2336 3754 2397 ἀνίσταται’

2152 2431 2335 2514 ἑτέραν
2381 2431 2434 2492 δὲ
2491 2432 2737 2511 τίκτομεν
2795 2437 2950 2509 ἡμεῖς
2992 2423 3138 2498 αὖθις
3203 2428 3621 2508 ἁμαρτάνοντες.
3671 2427 3753 2488 Τὸ

2157 2522 2234 2593 δὲ,
2265 2549 2289 2574 ι
2314 2521 2410 2583 Ἐν
2453 2523 2618 2604 αὐτῷ,
2650 2550 2674 2575 ιι
2709 2521 2744 2594 ἢ
2778 2523 2830 2581 ἐν
2864 2525 2940 2600 τῷ
2994 2523 3230 2601 σταυρῷ,
3284 2519 3403 2598 ἧοέν
3429 2521 3505 2599 τῷ
3544 2517 3756 2594 σώματι

2157 2616 2340 2675 αὐτοῦ.
2385 2612 2496 2675 Καὶ
2557 2613 2661 2694 γὰρ
2719 2613 2815 2686 τὴν
2887 2611 3082 2692 ἔχθραν
3136 2614 3228 2670 καὶ
3285 2611 3338 2669 ἐν
3402 2612 3486 2694 τῷ
3540 2610 3755 2688 σταυρῷ

2157 2701 2462 2778 ἀπέκτεινε,
2510 2703 2603 2762 καὶ
2651 2705 2704 2763 ἐν
2748 2707 2824 2784 τῷ
2859 2702 3038 2784 οἰκείῳ
3067 2699 3314 2780 σώματι,
3361 2701 3415 2759 ἐν
3447 2697 3490 2781 ᾧ
3541 2697 3756 2758 καὶτὸν

2155 2793 2383 2874 σταυρὸν
2407 2791 2708 2862 ἀνεδέξατο.

2238 2911 2264 2937 α
2313 2884 2418 2944 Καὶ
2471 2882 2633 2943 ἐλθὼν
2709 2882 3088 2963 εὐηγγελίσατο
3143 2878 3356 2960 εἰρήνην
3415 2880 3539 2957 ὑμῖν
3567 2877 3592 2916 ⁹
3647 2886 3754 2946 τοῖς

2159 2973 2370 3054 μακρὰν
2395 2973 2487 3032 καὶ
2528 2977 2636 3040 τοῖς
2683 2971 2855 3050 ἐγγύς.
2880 2975 3042 3033 -Οὐκ
3095 2970 3255 3030 ἄλλον
3298 2971 3570 3051 ἔπεμψεν,
3631 2970 3753 3027 ἀλλ’

2157 3062 2313 3131 αὐτὸς
2359 3055 2548 3137 ἦλθεν,
2577 3063 2842 3142 ὑπηρέτου
2875 3063 2965 3120 καὶ
3013 3062 3255 3120 διακόνου
3298 3058 3446 3127 τάξιν
3478 3059 3752 3126 ἀναδειξάο

449 3153 644 3222 duens,
674 3176 700 3201 α
731 3151 1145 3225 praedicavitque
1169 3166 1384 3225 pacem,
1413 3171 1438 3203 ι)
1471 3150 1538 3208 ad
1570 3156 1748 3208 Deum
1773 3151 2046 3220 videlicet,

2158 3175 2312 3253 μενος
2373 3150 2825 3253 .-δεξ.],,καὶιι
2871 3151 3250 3253 εὐηγγελίσατο
3295 3148 3528 3253 εἰρήνην,
3564 3177 3588 3202 ιο
3627 3149 3758 3227 πρὸς

449 3243 557 3298 illis
584 3265 608 3292 ‹‹
640 3242 735 3314 qui
761 3243 919 3314 longe
943 3265 966 3290 ιι
995 3249 1153 3296 erant
1177 3241 1450 3314 gentibus,
1480 3263 1504 3288 «
1533 3249 1586 3296 et
1613 3242 1676 3296 iis
1701 3242 1792 3313 qui
1819 3258 1988 3313 prope
2015 3265 2039 3291 ν

451 3341 607 3388 erant
641 3331 870 3388 Iudaeis.
911 3330 984 3386 Hi
1024 3330 1169 3387 enim
1207 3334 1328 3386 Deo
1363 3330 1744 3388 familiariores
1774 3333 2046 3404 putaban-

448 3430 559 3478 tur.
605 3421 761 3477 Dixit
800 3420 954 3478 enim
994 3420 1242 3478 Christus
1285 3439 1299 3476 :
1344 3439 1372 3472 «
1402 3421 1598 3476 Pacem
1650 3419 1896 3492 relinquo
1943 3437 2046 3477 vo—

451 3511 569 3567 bisi
606 3528 619 3566 :
649 3535 674 3560 η
703 3519 779 3581 et,
809 3534 834 3560 ι
859 3510 1146 3579 Conﬁdite,
1171 3509 1338 3582 385
1367 3525 1468 3583 ego
1495 3511 1595 3566 vici
1625 3510 1895 3566 mundum
1919 3504 1945 3542 "
1973 3532 1985 3566 :
2016 3534 2041 3560 ι)

449 3610 524 3669 et,
576 3620 603 3653 «
643 3605 802 3657 Pater
836 3616 932 3657 vos
969 3609 1116 3656 amat
1151 3596 1162 3632 '
1195 3618 1209 3654 :
1247 3623 1272 3650 ιο
1305 3608 1380 3670 et,
1424 3623 1448 3650 α
1482 3601 1678 3656 Omnia
1704 3616 2046 3673 quascunque

451 3690 729 3761 petieritis,
751 3689 1023 3763 accipietis
1041 3695 1102 3744 ιη.
1130 3713 1156 3740 ιο
1183 3691 1320 3746 Haec
1343 3691 1491 3746 enim
1513 3691 1697 3747 omnia
1725 3691 1870 3762 pacis
1894 3690 2044 3762 signa

450 3788 598 3837 sunt.

517 3873 696 3928 Vnus.
734 3877 818 3926 18.
855 3894 879 3921 α
915 3870 1193 3941 Quoniam
1222 3887 1318 3944 per
1345 3871 1528 3943 ipsum
1562 3869 1832 3925 habemus
1861 3884 2043 3926 acces-

447 3977 571 4016 sum
608 3961 774 4017 ambo
807 3961 861 4015 in
892 3977 1003 4016 uno
1035 3961 1240 4032 Spiritu
1270 3960 1339 4016 ad
1371 3965 1610 4018 Patrem.
1646 3983 1671 4008 ιο
1707 3962 1850 4014 Iram
1887 3959 2046 4016 solvit

450 4067 544 4122 per
590 4051 871 4124 propriam
923 4059 1187 4116 mortem,
1251 4050 1512 4122 deinceps
1549 4057 1732 4105 autem
1781 4049 2045 4105 amabiles

449 4139 576 4195 fecit
619 4140 770 4195 Patri
827 4155 923 4210 per
968 4139 1254 4210 Spiritum,
1294 4146 1480 4211 gratos
1527 4154 1628 4194 nos
1681 4137 1886 4194 faciens
1934 4155 2044 4195 una

451 4227 638 4299 gratia.
687 4231 809 4284 Non
851 4227 1001 4282 enim
1048 4228 1170 4283 illos
1217 4236 1276 4282 ut
1323 4228 1633 4292 vieiniores,
1677 4228 1899 4299 majori,
1942 4245 2045 4286 nos

452 4331 579 4371 vero
625 4324 687 4371 ut
723 4315 1068 4383 remotiores,
1116 4316 1313 4372 minori
1359 4316 1586 4372 doanvit
1635 4336 1650 4370 :
1695 4318 1790 4373 scd
1831 4317 1883 4372 in
1931 4334 2044 4374 uno

451 4405 659 4478 Spiritu
719 4405 963 4477 utrisque
1016 4422 1183 4461 unam
1230 4406 1462 4478 gratiam
1522 4406 1691 4474 dedit,
1745 4407 1933 4479 sicque
1975 4407 2045 4464 ad

450 4499 673 4552 Patrem
704 4494 985 4551 conduxit.
1018 4496 1136 4562 Vel,
1173 4517 1199 4544 «
1226 4498 1315 4565 In,
1349 4519 1374 4544 »
1407 4497 1880 4568 praepositionem,
1920 4513 2039 4568 pro,

2155 3241 2242 3301 τὸν
2289 3242 2426 3302 Θεὸν
2468 3241 2708 3314 δηλαδήο
2747 3269 2772 3295 α
2828 3244 2934 3309 τοῖς
2979 3241 3216 3321 μακρὰν,
3257 3267 3280 3292 ι
3337 3243 3444 3305 τοῖς
3499 3241 3755 3305 ἐθνικοῖς·

2157 3361 2179 3383 η
2213 3333 2304 3391 καὶ
2357 3331 2463 3397 τοῖς
2513 3330 2695 3410 ἐγγὺς,
2732 3359 2757 3384 ιι
2797 3332 2903 3397 τοῖς
2943 3329 3246 3398 Ἰουδαίοις·
3299 3328 3604 3408 οἰκειότεροι
3649 3327 3755 3408 γὰρ

2156 3412 2297 3482 οὗτοι
2329 3419 2536 3480 ἐδόκουν
2578 3424 2655 3502 τῷ
2697 3423 2846 3502 Θεῷ.
2887 3421 2994 3480 Καὶ
3045 3419 3147 3498 γὰρ
3202 3419 3411 3497 ἔλεγεν·
3463 3446 3487 3470 σι
3519 3418 3755 3498 Εἰρήνην

2157 3510 2352 3591 ἀφίημι
2375 3511 2425 3548 ⁴⁰
2455 3514 2580 3589 ὑμῖν
2610 3535 2621 3548 ·
2651 3538 2673 3564 υ
2703 3511 2828 3591 καὶ⁷
2865 3537 2888 3564 α
2921 3512 3220 3590 Θαρσεῖτε,
3261 3507 3367 3584 ἐγὼ
3393 3507 3644 3580 νενίκηκα
3665 3506 3756 3566 τὸν

2155 3601 2390 3677 κόσμονο
2452 3627 2476 3652 »
2529 3599 2649 3672 καὶ,
2691 3627 2714 3653 α
2745 3600 2814 3661 Ὀ
2867 3603 3060 3680 Πατὴρ
3131 3603 3271 3676 ὑμᾶς
3325 3601 3502 3680 φιλεῖ·
3553 3625 3576 3651 υ
3628 3597 3756 3671 καὶ,

2156 3719 2180 3741 «ι
2211 3690 2400 3751 Πάντα
2451 3688 2551 3748 ὅσα
2597 3689 2660 3748 ἂν
2693 3689 3018 3768 αἰτήσησοε,
3077 3689 3327 3770 λήψεσθε.
3357 3714 3382 3740 ι
3411 3691 3600 3749 Ταῦτα
3650 3686 3756 3769 γὰρ

2153 3778 2326 3838 πάντα
2356 3783 2450 3850 τῆς
2474 3778 2682 3858 εἰρήνης
2713 3777 3003 3859 τεκμήρια.

2235 3897 2260 3924 α
2290 3868 2420 3929 ⁶¹Οτι
2452 3871 2518 3927 δι’
2547 3870 2705 3929 αὐτοῦ
2753 3871 2944 3950 ἔχομεν
2976 3867 3072 3941 τὴν
3099 3865 3452 3950 προσαγωγὴν
3502 3867 3548 3925 οἳ
3578 3866 3754 3947 ἀμφό-

2154 3981 2330 4038 τεροι,
2385 3962 2438 4017 ἐν
2489 3957 2565 4016 ἑνὶ
2618 3957 2931 4036 Πνεῦματι,
2977 3957 3106 4038 πρὸς
3153 3957 3240 4016 τὸν
3289 3955 3590 4036 Πατέρα.»
3635 3956 3754 4028 Τὴν

2157 4047 2251 4125 μὲν
2282 4047 2322 4082 ⁴¹
2372 4047 2533 4128 ὀργὴν
2576 4046 2731 4106 ἔλυσε
2786 4047 2872 4106 διὰ
2917 4053 3011 4107 τοῦ
3041 4045 3234 4106 οἰκείου
3272 4047 3531 4120 θανάτου,
3569 4045 3754 4105 λοιπὸν

2156 4137 2210 4196 δὲ
2233 4135 2323 4195 καὶ
2349 4136 2669 4215 ἐπεράστους
2717 4136 2933 4209 ἐποίησε
2966 4140 3042 4217 τῷ
3071 4136 3281 4216 Πατρί,
3319 4135 3406 4194 διὰ
3458 4141 3550 4194 τοῦ
3581 4134 3755 4194 Πνεῦ-

2157 4249 2348 4303 ματος,
2391 4225 2698 4306 χαριτώσας
2727 4231 2873 4304 ἡμας
2923 4235 3019 4306 μιᾷ
3049 4225 3250 4305 χάριτι.
3281 4226 3364 4283 Οὖ
3394 4224 3496 4304 γὰρ
3527 4223 3755 4292 ἐκείνους

2157 4314 2252 4392 μὲν
2306 4315 2528 4391 μείζονι,
2579 4319 2650 4383 ὡς
2681 4315 2833 4395 ἐγγὺς
2873 4314 3057 4393 ὄντας,
3110 4319 3252 4392 ἡμᾶς
3291 4315 3344 4374 δὲ
3389 4319 3459 4381 ὣς
3505 4313 3752 4392 μακρὰν,

2156 4405 2428 4464 ἐλάττονιο
2481 4407 2604 4464 ἀλλ’
2656 4409 2709 4466 ἐν
2773 4405 2849 4464 ἑνὶ
2915 4406 3194 4480 Πνεύματι
3254 4405 3381 4483 μίαν
3437 4403 3758 4486 ἀμφοτέροις

2153 4493 2310 4574 χάριν
2347 4494 2574 4568 δέδωκε,
2633 4494 2725 4554 καὶ
2783 4495 2920 4555 οὕτω
2951 4494 3258 4576 προσήγαγε
3301 4497 3377 4573 τῷ
3428 4492 3624 4574 Πατρί.
3673 4490 3758 4554 Ἢ

450 4587 573 4650 Per,
601 4585 833 4657 accepit,
864 4593 924 4641 ut
954 4585 1026 4641 sit
1049 4585 1318 4641 sententia
1351 4585 1663 4657 huiusmodi
1697 4604 1710 4642 :
1738 4588 1840 4641 Per
1865 4586 2045 4658 ipsum

2156 4584 2231 4658 τὸ,
2258 4611 2282 4638 α
2301 4583 2397 4643 Ἐν
2420 4630 2436 4658 ,
2461 4610 2485 4637 ιο
2512 4584 2627 4644 ἀντὶ
2649 4589 2763 4657 τοῦ,
2794 4585 2900 4656 διὰ,
2913 4575 3054 4644 ἔστιν
3073 4632 3088 4658 ,
3108 4581 3196 4642 ἵνα
3265 4586 3292 4642 ὁ
3316 4582 3470 4661 λόγος
3497 4587 3757 4654 τοιοῦτος,

451 4683 506 4731 et
539 4690 636 4748 per
671 4675 933 4748 Spiritum
961 4675 1181 4732 adducti
1205 4691 1398 4732 sumus
1419 4674 1489 4731 ad
1517 4679 1754 4732 Patrem.

524 4861 698 4916 Vens.
741 4862 827 4914 19.
871 4881 897 4907 «ι
933 4862 1080 4932 Ergo
1108 4858 1224 4930 jam
1258 4873 1369 4915 non
1409 4857 1540 4916 estis
1577 4857 1817 4930 hospites
1858 4865 1916 4915 et
1951 4859 2049 4916 ad-

454 4962 624 5015 venm,
654 4947 748 5004 sed
783 4948 1032 5005 concives
1061 4957 1402 5004 sanctorum.
1449 4971 1474 4997 ν
1508 4948 1643 5018 Quia
1674 4948 1843 5005 Filius
1863 4957 2050 5006 manet

451 5036 507 5092 in
536 5037 955 5110 sempiternum,
985 5038 1074 5109 qui
1105 5053 1216 5094 non
1239 5046 1367 5094 sunt
1387 5038 1734 5094 consecuturi
1757 5054 2048 5110 supernam

453 5128 750 5194 civitatem,
790 5127 1034 5200 hospites
1091 5136 1144 5185 et
1195 5128 1418 5184 advenae
1477 5137 1628 5185 sunt.
1690 5131 1802 5183 Nos
1863 5138 2047 5185 autem

454 5217 589 5274 tales
616 5233 762 5273 nunc
801 5234 914 5273 non
945 5234 1158 5288 sumus,
1190 5234 1380 5274 verum
1417 5219 1672 5274 concives
1709 5227 2046 5287 sanctorum,

454 5323 566 5363 non
623 5307 946 5380 simpliciter
997 5308 1340 5374 Iudaeorum,
1401 5317 1666 5365 cmterum
1729 5317 2049 5366 sanctorum

457 5397 676 5454 illorum
686 5397 1120 5471 patriarcharum
1139 5406 1196 5456 et
1210 5397 1624 5471 prophetarum,
1642 5414 1706 5456 ac
1719 5397 1775 5454 in
1796 5401 2048 5457 eamdem

2155 4672 2236 4732 ὅτι
2291 4676 2376 4736 Δι’
2399 4677 2560 4736 αὐτοῦ
2591 4675 2682 4734 καὶ
2734 4679 2827 4734 τοῦ
2888 4673 3203 4753 Πνεύματος
3253 4671 3638 4755 προσήχθημεν
3680 4674 3759 4754 τῷ

2159 4764 2357 4846 Πατρί.

2242 4880 2266 4908 α
2295 4851 2429 4934 Ἄρα
2461 4847 2547 4913 οὖν
2602 4851 2779 4914 οὐκέτι
2823 4854 2940 4914 ἐστὲ
2991 4851 3124 4922 ξένοι
3172 4851 3264 4913 καί
3310 4849 3759 4932 πάροικοι,ἀλλὰ

2162 4945 2484 5020 συμπολῖται
2532 4946 2637 5002 τῶν
2676 4943 2859 5022 ἁγίων.
2921 4970 2945 4997 ιο
2971 4942 3195 5016 Ἐπειδὴ
3249 4945 3278 5001 6
3319 4943 3447 5011 Υἱὸς
3503 4939 3650 5019 μένει
3686 4942 3760 5008 εἰς

2158 5035 2247 5093 τὸν
2278 5035 2477 5107 αἰῶνα,
2535 5037 2582 5093 οἱ
2634 5033 2710 5112 μὴ
2738 5028 3017 5112 μέλλοντες
3052 5032 3320 5112 ἐπιτυχεῖν
3349 5036 3446 5103 τῆς
3505 5032 3615 5091 ἅνω
3661 5029 3761 5088 πός

2158 5127 2308 5196 λεως,
2343 5122 2474 5192 ξένοι
2521 5123 2613 5184 καὶ
2664 5121 2911 5203 πάροικοί
2944 5125 3101 5184 εἰσιν.
3138 5121 3328 5200 Ἡμεῖς
3358 5121 3414 5180 δὲ
3445 5123 3503 5180 οὗ
3535 5128 3761 5180 τοιοῦτοι

2159 5219 2285 5290 νῦν,
2343 5213 2478 5272 ἀλλὰ
2531 5215 2856 5289 συμπολῐται
2903 5216 3010 5271 τῶν
3043 5211 3244 5292 ἆγίωνο
3293 5213 3395 5293 οὐχ
3440 5213 3622 5280 ἀπλῶς
3657 5212 3762 5269 τῶν

2159 5303 2466 5378 Ἰουδαίων,
2517 5303 2657 5364 ἀλλὰ
2695 5307 2802 5364 τῶν
2833 5302 2998 5383 ἁγίων
3029 5301 3243 5362 ἐκείνων
3274 5305 3381 5361 τῶν
3407 5303 3762 5383 πατριαρχῶν

2158 5393 2250 5453 καὶ
2302 5397 2620 5477 προφητῶν,
2667 5392 2758 5453 καὶ
2791 5394 2865 5460 εἰς
2911 5391 3008 5466 τὴν
3048 5392 3216 5466 αὐτὴν
3245 5391 3399 5453 πόλιν
3445 5391 3764 5474 ἀπεγράφη-

544 5532 744 5592 jJoan.
773 5547 904 5606 νιν,
927 5538 1014 5592 17.
1090 5527 1298 5591 IKJoan.
1326 5548 1463 5604 xxx,
1501 5539 1595 5593 33.
1671 5533 1686 5570 ι
1715 5537 1881 5593 Joan.
1912 5552 2043 5605 xw,
2071 5542 2161 5594 23.
2238 5547 2278 5574 ω
2308 5539 2481 5595 Marc.
2512 5553 2600 5609 XI,
2633 5542 2723 5596 24.

1812 5643 1844 5715 εῃ
1873 5637 2061 5698 Variae
2102 5639 2404 5700 lectiones.

531 5727 550 5766 .,

577 5733 693 5788 ποτὲ
721 5727 1091 5802 κατηλλᾶττετο
1120 5733 1236 5808 πρὶς
1262 5730 1470 5812 Θεὸνξο.
1547 5733 1568 5772 ⁸
1596 5733 1680 5800 τὰς
1704 5736 2094 5813 παραϐάσειςξο.
2173 5737 2196 5772 ⁹
2221 5736 2345 5811 ἡμῖν
2371 5753 2428 5797 ο.
2504 5737 2547 5774 ¹⁰
2577 5737 2781 5811 εἰρήνην
2813 5737 3007 5811 ἀφίεται
3029 5752 3086 5797 o.
3168 5736 3206 5774 “
3239 5735 3330 5806 τὴν
3361 5731 3450 5811 μὲν
3488 5728 3578 5791 οὖν
3611 5751 3690 5794 m.
