4124 6422
326 499 464 553 1065
1223 495 1578 552 EXPOSITIO
1622 497 1687 552 IN
1727 494 1938 553 EPIST.
1980 496 2072 553 AD
2111 495 2348 552 EPHES.
2381 524 2453 538 —
2491 497 2641 552 CAP.
2684 498 2772 552 Ill.
3493 503 3629 556 1066

323 645 446 699 μεν,
477 619 575 693 τὴν
620 621 674 680 ἐν
718 629 826 687 τοῖς
875 622 1134 701 οὐρανοῖς,
1171 620 1266 692 τὴν
1306 622 1590 701 μένουσαν,
1637 621 1704 695 ἣν
1735 626 1923 684 ἐκεῖνοι

1997 674 2008 690 ι
2035 623 2230 679 urbem
2267 621 2563 695 conscripti
2593 637 2809 692 sumus,
2839 637 2962 695 quae
2989 622 3042 678 in
3059 622 3206 679 coelis
3236 632 3338 695 est,
3356 640 3480 699 qua:
3501 640 3625 697 per-

321 711 564 771 ἕπόθουν.
2035 721 2270 783 severat,
2299 727 2466 785 quam
2495 712 2574 768 illi
2606 712 2774 769 etiam
2800 711 3200 769 desiderabant.

408 829 432 853 κ
469 800 576 861 Καὶ
619 805 804 861 οἰκεῖοι
851 804 1010 862 Θεοῦ.
1067 825 1090 850 ἰ
1135 799 1315 883 Ὅπερ
1361 805 1551 863 ἐκεῖνοι
1582 802 1667 862 διὰ
1714 804 1924 863 πολλῶν

2109 825 2135 852 «ι
2161 806 2242 860 Ac
2265 802 2554 860 domestici
2580 803 2695 859 Dei.
2725 826 2748 851 υ
2771 802 2934 874 Quod
2962 803 3036 858 illi
3069 819 3164 875 per
3194 803 3397 860 multos
3414 803 3627 862 labores

328 890 500 951 πόνων
545 891 698 967 μόγις
761 889 944 969 ἔσχον,
1001 895 1156 967 ἡμεῖς
1201 891 1386 973 χάριτι
1439 891 1662 974 εὕρομεν
1715 896 1925 952 οἰκειω-

2035 892 2122 948 vix
2159 893 2536 962 obtinuerunt,
2570 907 2675 949 nos
2722 909 2819 965 per
2859 893 3088 965 gratiam
3131 893 3459 963 invenimus,
3512 899 3626 952 Deo

327 980 500 1047 θέντες
572 984 648 1060 τῷ
700 983 848 1060 Θεῷ.
909 979 1046 1040 Ἰδοὺ
1101 987 1134 1053 ἡ
1186 981 1333 1048 ἐλπὶς
1388 985 1481 1054 τ’ἧς
1525 981 1780 1054 κλήσεως·
1836 981 1925 1040 ἐπὶ

2034 980 2229 1052 dediti,
2271 998 2335 1039 ac
2375 981 2662 1040 domestici
2692 981 2840 1039 facti.
2873 985 3011 1039 Ecce
3035 999 3156 1055 spes
3189 983 3493 1040 vocationis
3522 1002 3535 1039 :
3569 986 3628 1040 in

327 1068 598 1137 τοιαύταις
644 1069 747 1151 γὰρ
801 1069 1010 1129 ἐλπίσιν
1064 1070 1397 1148 ἐκλήθημεν,
1436 1070 1522 1130 ἵνα
1563 1077 1782 1131 τοιαῦτα
1830 1071 1925 1130 λά-

2035 1071 2128 1127 tali
2175 1071 2325 1129 enim
2384 1088 2478 1145 spe
2513 1072 2690 1130 vocati
2741 1088 2952 1143 sumus,
2992 1079 3055 1129 ut
3101 1073 3232 1129 talia
3279 1075 3447 1130 etiam
3488 1075 3628 1131 reci-

329 1159 534 1236 ϐωμεν.

2036 1162 2268 1232 piamus.

419 1277 443 1302 «ι
501 1248 1044 1328 Ἐποικοδομηθέντες
1104 1249 1194 1309 ἐπὶ
1240 1252 1316 1331 τῷ
1363 1251 1593 1332 θεμελίῳ
1634 1254 1741 1310 τῶν
1795 1251 1928 1310 ἀπο-

2107 1253 2289 1308 Vnns.
2328 1255 2414 1308 20.
2453 1273 2485 1305 α
2519 1252 2947 1325 Superaediﬁcati
2985 1269 3150 1326 super
3202 1252 3625 1312 fundamentum

328 1338 534 1400 στόλων
563 1339 655 1398 καὶ
698 1343 1005 1420 προφητῶν.
1042 1367 1066 1394 ι
1100 1340 1215 1411 Τὴν
1246 1341 1380 1420 ἄγαν
1405 1340 1594 1400 ἕνωσιν
1628 1342 1733 1400 τῶν
1765 1342 1926 1400 ἐθνῶν

2036 1341 2414 1410 apostolorum
2447 1349 2502 1398 et
2526 1343 2946 1416 prophetarum.
2984 1363 3013 1396 τι
3047 1343 3323 1401 Eximiam
3353 1345 3631 1401 coaduna-

329 1430 430 1501 τὴν
462 1428 594 1510 πρὸς
641 1427 760 1496 τοὺς
787 1429 1062 1510 προφήτας
1105 1430 1197 1490 καὶ
1228 1431 1555 1499 ἀποστόλους
1589 1439 1829 1510 σημᾶναι
1879 1430 1929 1468 ⁴²

2037 1431 2244 1487 tionem
2263 1432 2512 1504 gentium
2534 1432 2601 1488 ad
2629 1433 2926 1505 prophetas
2951 1442 3006 1489 et
3025 1433 3301 1506 apostolos
3329 1433 3639 1507 signiﬁcare

331 1519 520 1597 θέλων,
579 1545 604 1577 ε
656 1517 1231 1596 Ἐποικοδομηθέντες,
1280 1547 1304 1573 υ
1338 1519 1515 1601 φησίνο
1561 1519 1745 1600 ὥσπερ
1774 1518 1839 1592 ἢν
1885 1521 1930 1578 εἰ

2039 1521 2249 1589 volens,
2313 1541 2340 1573 «
2389 1521 2841 1593 Superaediﬁcati,
2909 1548 2931 1572 υ
2967 1523 3147 1594 inquit
3193 1541 3206 1578 :
3239 1523 3460 1596 perinde
3497 1540 3560 1580 ac
3590 1525 3636 1580 si

333 1609 499 1689 ἔλεγε
553 1608 816 1688 Θεμέλιος
864 1609 1169 1670 ὑπόκεινται
1220 1611 1268 1668 οῖ
1333 1614 1602 1692 προφῆται
1649 1609 1740 1670 καὶ
1789 1610 1930 1670 ἀπό-

2039 1609 2220 1666 dicere
2251 1610 2434 1667 vellet.
2466 1611 2908 1668 Fundamentum
2939 1613 3101 1684 positi
3123 1621 3256 1670 sunt
3281 1613 3567 1685 prophetae
3581 1622 3641 1671 et

335 1702 542 1774 στολοι,
590 1702 741 1776 ὑμεῖς
787 1699 844 1758 δὲ
897 1698 994 1772 τὴν
1044 1698 1235 1772 λοιπὴν
1280 1699 1564 1778 οἰκοδομὴν
1613 1693 1963 1779 ἀναπληρώ-ί

2041 1699 2273 1771 apostoli
2318 1716 2416 1756 vos
2459 1700 2720 1773 reliquam
2764 1710 3097 1758 structuram
3141 1705 3547 1774 complevistis,
3579 1711 3641 1759 ut

336 1803 492 1863 σάτε,
541 1787 680 1849 ὥστε
720 1788 964 1867 γενέσθαι
1021 1788 1140 1856 τοὺς
1185 1789 1388 1856 πάντας
1443 1789 1538 1849 ἕνα
1592 1791 1716 1851 ναὸν
1767 1791 1926 1849 Θεοῦο

2039 1803 2230 1845 omnes
2253 1805 2348 1845 vos
2367 1789 2689 1846 efﬁciamini
2713 1807 2884 1847 unum
2909 1793 3176 1864 templum
3199 1793 3299 1848 Dei
3324 1810 3337 1847 :
3360 1793 3635 1866 ejusmodi

335 1870 444 1939 οἷον
495 1878 560 1951 δή
611 1881 724 1938 ἐστι
766 1877 848 1952 τὸ,
895 1877 1075 1938 ἐπάνω
1118 1882 1466 1962 πατριαρχῶν
1512 1879 1604 1939 καὶ
1645 1881 1931 1959 προφητῶν

2041 1879 2250 1936 scilicet
2303 1887 2388 1936 est
2435 1880 2592 1947 illud,
2636 1897 2801 1954 super
2849 1881 3152 1954 prophetas
3197 1891 3251 1938 et
3297 1882 3637 1954 patriarchas

336 1970 749 2046 οῖκοδομεῖσθαι⁸
795 1965 824 2025 ὃ
869 1970 1109 2048 ἀλλαχοῦ
1142 1968 1516 2048 ἐγκεντρισμὸν
1566 1967 1728 2046 λέγει.
1766 1967 1935 2048 Πρώ-

2043 1968 2488 2042 εεάἰῐὶοδτί,ᾳιιοᾶ
2510 1970 2640 2027 alibi
2672 1971 2990 2026 insitionem
3022 1971 3175 2027 dicit.
3209 1971 3425 2027 Primos
3445 1982 3634 2028 autem

338 2081 455 2126 τους
486 2057 540 2117 δὲ
579 2055 698 2125 τοὺς
747 2059 1071 2124 ἀποστόλους
1094 2057 1349 2136 τέθεικεν,
1381 2061 1426 2117 εἰ
1472 2057 1564 2118 καὶ
1598 2057 1816 2139 ἔσχατοι
1858 2061 1936 2137 τῷ

2043 2059 2326 2130 apostolos
2353 2061 2556 2131 posuit.
2601 2061 2816 2116 etiamsi
2846 2061 2958 2116 sint
2986 2070 3233 2134 tempore
3270 2062 3552 2118 novissimi
3588 2074 3637 2120 ιι.

339 2147 512 2228 χρόνῳ
522 2193 537 2208 .

422 2265 446 2290 α
471 2236 666 2304 Ὅντος
697 2236 1081 2318 ἀκρογωνιαίου
1114 2239 1276 2299 αὐτοῦ
1307 2243 1397 2296 τοῦ
1428 2240 1664 2318 Χριστοῦ
1693 2237 1932 2309 Ἰησοῦ.ιυ

2123 2259 2149 2294 ‹‹
2192 2243 2317 2314 Ipso
2370 2257 2594 2299 summo
2646 2241 2892 2316 angulari
2961 2242 3137 2316 lapide
3194 2244 3463 2301 existente
3513 2247 3641 2302 Jesu

342 2327 408 2388 Ὁ
450 2327 510 2386 τὸ
539 2335 639 2387 πᾶν
677 2326 910 2407 συνέχων
961 2327 1101 2388 ἐστὶν
1134 2331 1161 2385 ὁ
1209 2329 1462 2407 Χριστός.
1512 2328 1582 2388 Ὀ
1636 2329 1738 2408 γὰρ
1783 2333 1939 2408 ἀκρο-

2049 2331 2288 2387 Christo.
2339 2355 2364 2379 ν
2404 2332 2507 2404 Qui
2539 2333 2721 2388 omnia
2768 2332 3032 2400 continet,
3083 2342 3166 2389 est
3203 2333 3468 2391 Christus.
3523 2337 3645 2407 Ipse

344 2420 587 2496 γωνιαῖος
617 2416 712 2475 καὶ
741 2415 862 2482 τοὺς
891 2415 1100 2496 τοίχους
1133 2418 1343 2498 συνέχει
1373 2416 1466 2498 καὶ
1495 2417 1616 2484 τοὺς
1644 2416 1934 2496 θεμελίους.

2049 2421 2198 2476 enim
2247 2437 2500 2477 sumnms
2544 2422 2823 2492 angularis
2867 2422 2999 2493 lapis
3042 2432 3096 2478 et
3137 2423 3368 2494 parietes
3399 2425 3644 2480 continet

349 2495 454 2568 Καὶ
484 2504 601 2586 ὅρα,
648 2504 776 2566 ποτὲ
807 2506 902 2582 μὲν
953 2495 1111 2565 αὐτὸν
1149 2495 1346 2566 ἄνωθεν
1382 2495 1795 2587 σύσφίγγεινγτὸ
1834 2517 1940 2566 πᾶν

2052 2519 2107 2565 et
2141 2509 2512 2566 fundamenta.
2549 2510 2932 2565 Mximadverte
2960 2513 3045 2565 hic
3067 2512 3212 2582 quod
3244 2529 3643 2584 nonnunquam

343 2595 507 2676 λέγει,
541 2594 664 2655 ἔνθα
707 2594 798 2654 καὶ
833 2593 1068 2676 κεφαλὴν
1117 2595 1275 2655 αὐτὸν
1317 2596 1586 2674 ὀνομάζει·
1618 2594 1749 2656 ποτὲ
1789 2595 1843 2655 δὲ
1886 2597 1945 2656 τὸ

2054 2600 2233 2672 ipsum
2265 2615 2497 2672 superne
2515 2601 2728 2673 cingere
2756 2601 3067 2656 universum
3088 2601 3256 2669 dicat,
3284 2603 3373 2658 ubi
3405 2611 3456 2658 et
3487 2612 3648 2676 caput

345 2685 603 2759 κάτωθεν,
636 2687 709 2750 ὣς
755 2683 845 2743 ἐπὶ
877 2690 966 2744 τοῦ
1019 2684 1420 2767 ἀκρογωνιαίουο
1472 2688 1714 2766 ἀλλαχοῦ
1753 2687 1807 2744 δὲ
1854 2685 1946 2745 καὶ

2054 2689 2229 2758 ipsum
2248 2697 2433 2745 vocet:
2463 2705 2856 2760 nonnunquam
2872 2699 3056 2746 autem
3077 2699 3132 2746 et
3148 2689 3311 2760 infra,
3330 2701 3391 2747 ut
3409 2693 3464 2747 in
3485 2709 3651 2764 angu-

348 2775 584 2854 θεμέλιον
617 2773 774 2833 αὐτόν
804 2798 984 2853 φησιν.

2057 2779 2155 2835 lari
2173 2778 2348 2850 lapide
2368 2796 2380 2833 :
2403 2779 2530 2834 alibi
2551 2788 2737 2834 autem
2762 2787 2816 2833 et
2832 2777 3252 2836 fumiamentum
3274 2781 3453 2854 ipsum
3470 2790 3647 2838 vocat.

438 2887 470 2925 ς(
497 2867 594 2926 Ἐν
623 2856 667 2944 ᾧ
690 2873 840 2925 πᾶσα
870 2870 904 2937 ἡ
931 2864 1184 2943 οἰκοδομὴ
1212 2867 1776 2947 συναρμολογουμένη,
1803 2865 1951 2935 αὔξει

2129 2872 2308 2925 Vsus.
2348 2874 2437 2924 2t.
2475 2892 2497 2916 ιι
2544 2871 2604 2924 In
2645 2885 2756 2942 quo
2784 2870 2961 2925 omnis
2992 2870 3281 2926 aediﬁcatio
3319 2881 3651 2938 constructa,

349 2958 423 3024 εἷς
476 2954 600 3014 ναὸν
651 2952 799 3034 ἅγιον
850 2958 902 3014 ἐν
956 2954 1159 3037 Κυρίῳ.
1218 2982 1247 3012 ››
1288 2956 1383 3017 Ἰἰν
1436 2961 1512 3036 τῶ
1554 2957 1948 3038 ἀκρογωνιαίῳ,

2059 2958 2258 3014 crescit
2279 2959 2332 3013 iu
2357 2957 2624 3030 templum
2653 2967 2902 3014 sanctum
2929 2959 2982 3014 in
3009 2960 3268 3015 Domino.
3297 2984 3320 3008 ιι
3355 2962 3416 3015 In
3437 2978 3657 3018 summo

350 3048 505 3126 φησὶ,
549 3044 701 3128 λίθῳ,
739 3044 1006 3121 τουτέστι,
1056 3051 1130 3126 τῷ
1174 3050 1398 3128 Χριστῷ
1432 3043 1506 3126 ⁸³,
1550 3056 1703 3106 πᾶσα
1740 3051 1774 3119 ἡ
1821 3049 1958 3107 οίκο⁹

2033 3045 2311 3120 Iangulari
2347 3047 2520 3120 lapide
2551 3049 2686 3116 isto,
2733 3048 2951 3104 Christo
2991 3050 3272 3117 nimirum,
3307 3051 3484 3108 omnis
3524 3051 3661 3107 aedi-

354 3135 518 3214 δομὴ,
563 3133 822 3210 τουτέστι,
859 3134 1054 3202 πάντες
1079 3137 1127 3194 οἱ
1179 3136 1360 3196 πιστοὶ
1408 3135 1958 3218 συναρμολογούμενοι

2067 3137 2273 3201 ﬁcatio,
2324 3136 2379 3194 id
2425 3145 2530 3206 est,
2578 3154 2774 3194 omnes
2827 3138 3014 3195 ﬁdeles
3059 3141 3355 3196 constructi
3399 3148 3453 3196 ct
3498 3141 3658 3210 uniti,

357 3226 448 3285 καὶ
479 3224 752 3303 ἑνούμενοι
781 3228 1034 3306 συμφυῶς
1063 3226 1156 3285 καὶ
1195 3226 1593 3304 ἀδιασπάστως,
1623 3225 1839 3295 αὔξουσι
1867 3226 1959 3285 καὶ

2066 3227 2359 3300 congenite
2389 3235 2443 3283 et
2472 3227 2906 3299 inseparabiliter
2929 3237 3184 3285 crescunt
3213 3237 3268 3285 et
3295 3231 3661 3302 complentur,

361 3317 820 3396 ἀναπληροῦνται,
861 3312 1001 3375 ὥστε
1051 3315 1293 3394 γενέσθαι
1337 3315 1461 3384 ναὸς
1505 3318 1667 3376 Θεοῦ.
1715 3342 1739 3371 α
1785 3316 1960 3376 Ἐνοι-

2071 3317 2241 3389 386
2263 3325 2322 3373 ut
2355 3317 2486 3372 ﬁant
2516 3318 2781 3389 templum
2801 3318 2920 3374 Dei.
2963 3342 2984 3366 α
3015 3319 3292 3374 Habitabo
3318 3321 3484 3389 enim,
3522 3343 3547 3370 ιι
3574 3321 3661 3376 in-

361 3406 512 3477 κήσω
539 3431 564 3456 ιι
592 3403 717 3482 γὰρ,
747 3404 928 3486 φησὶν,
967 3431 988 3455 σι
1031 3405 1085 3462 ἐν
1112 3407 1308 3480 αὐτοῖς,
1341 3404 1430 3464 καὶ
1459 3403 1902 3485 ἐμπεριπατήσω.
1933 3432 1958 3458 ιι

2068 3406 2216 3478 quit,
2253 3429 2278 3455 ‹‹
2321 3405 2378 3461 in
2404 3405 2535 3477 ipsis
2565 3415 2619 3462 et
2650 3406 3002 3463 iuambulabo
3035 3414 3078 3464 ο.
3115 3430 3142 3458 ››
3176 3411 3316 3465 Nam
3345 3417 3400 3465 et
3420 3425 3671 3466 commu-

370 3493 476 3554 Καὶ
526 3497 678 3574 κοινῇ
723 3495 895 3573 γὰρὴ
942 3492 1276 3566 Ἐκκλησία,
1326 3493 1386 3553 τὸ
1445 3496 1739 3574 ἄθροισμα,
1787 3494 1960 3576 φημὶ,

2070 3496 2212 3551 niter
2237 3495 2495 3560 Ecclesia,
2528 3495 2633 3550 hoc
2675 3503 2778 3562 est,
2826 3496 3072 3552 collectio
3101 3498 3353 3554 omnium
3398 3498 3662 3569 ﬁdelium,

365 3584 577 3644 πάντων
607 3586 712 3642 τῶν
741 3585 975 3658 πιστῶν,
1005 3583 1126 3651 ναὸς
1170 3586 1334 3657 Θεοῦ,
1363 3583 1456 3642 καὶ
1499 3583 1724 3652 ἕκαστος
1751 3583 1806 3642 δὲ
1831 3582 1960 3663 ἰδίᾳ.

2071 3583 2269 3642 dicitur
2293 3583 2563 3654 templum
2597 3585 2721 3650 Dei,
2745 3593 2800 3641 et
2825 3586 3203 3657 unusquisque
3225 3587 3501 3658 privatim.
3539 3611 3564 3635 «ι
3601 3589 3666 3644 In

365 3673 444 3733 Τὸ
471 3671 551 3752 δὲ,
590 3693 621 3731 (ι
652 3671 746 3733 Ἐν
795 3673 1006 3754 Κυρίῳ,
1046 3699 1070 3724 ιι
1103 3673 1220 3732 ἀντὶ
1243 3679 1352 3746 τοῦ,
1388 3671 1490 3732 Διὰ
1523 3677 1618 3745 τῆς
1642 3677 1732 3732 τοῦ
1767 3672 1966 3754 Κυρίου

2074 3673 2318 3730 Domino
2344 3697 2368 3722 ι»
2387 3683 2572 3729 autem
2600 3673 2754 3740 dixit,
2777 3690 2897 3746 pro,
2920 3678 3017 3730 Per
3034 3675 3264 3746 gratiam
3286 3676 3538 3743 Domini,
3558 3693 3671 3733 non

367 3761 603 3843 χάριτος,
633 3764 691 3820 οὐ
724 3763 791 3820 δι’
823 3763 1102 3842 ἡμετέρων
1127 3763 1300 3822 πόνων
1331 3762 1405 3822 ⁴·⁵.
1451 3761 1553 3823 Διὰ
1578 3763 1634 3821 δὲ
1663 3767 1756 3822 τοῦ
1784 3764 1970 3836 εἰπεῖν,

2078 3781 2173 3836 per
2199 3771 2418 3820 nostros
2435 3763 2672 3819 labores.
2691 3766 2828 3820 Cum
2844 3773 3028 3819 autem
3053 3764 3210 3833 dicit,
3245 3786 3272 3818 ‹‹
3299 3767 3620 3833 constructi,
3644 3790 3666 3816 ι

373 3851 962 3931 Συναρμολογούμενοι,
999 3853 1257 3912 δείκνυσιν
1285 3855 1356 3920 ὡς
1393 3853 1440 3890 ¹⁵
1492 3856 1586 3912 οὐκ
1610 3851 1754 3912 ἔστιν
1796 3852 1972 3918 ἄλλως

2080 3853 2322 3910 ostendit
2347 3853 2493 3926 quod
2524 3853 2577 3908 in
2599 3853 2866 3926 templum
2899 3853 2997 3910 Dei
3035 3869 3149 3910 non
3180 3854 3340 3910 aliter
3367 3855 3671 3912 coalescere

373 3946 688 4014 συντεθῆναι
732 3939 781 3975 ¹⁶
810 3946 884 4010 εἷς
909 3940 1038 4000 ναὸν
1071 3944 1234 4015 Θεοῦ,
1267 3943 1314 4000 εἰ
1355 3940 1430 4020 μὴ
1465 3943 1556 4002 καὶ
1587 3942 1675 4002 τὸν
1710 3943 1820 4024 βίον
1857 3941 1976 4022 ἔχο-

2083 3943 2377 4016 possimus,
2423 3942 2524 3998 nisi
2565 3952 2620 4000 et
2670 3943 2840 3999 vitam
2887 3943 3133 4000 vivamus
3179 3959 3302 4017 qua:
3347 3942 3673 4017 respondeat

378 4053 473 4110 μεν
500 4030 769 4112 οἷκείωσιν
799 4031 996 4112 ἔχοντα
1025 4031 1154 4111 πρὸς
1185 4031 1274 4090 τὸν
1315 4033 1710 4112 ἀκρογωνιαῖον.

1315 4033 1710 4112 ἀκρογωνιαῖον.
2085 4033 2189 4106 ipsi
2218 4049 2442 4090 summo
2467 4032 2715 4105 angulari
2736 4031 2923 4105 lapidi.

465 4143 494 4179 α
533 4120 628 4182 Ἰίν
765 4121 855 4180 καὶ
896 4125 1045 4198 ὑμεῖς
1094 4123 1554 4198 συνοικοδομεῖσθε
1601 4125 1673 4191 εἰς
1725 4145 1978 4194 κατοικη-

2157 4125 2342 4179 Vsus.
2373 4128 2462 4178 22.
2499 4146 2523 4170 ‹‹
2550 4125 2616 4178 In
2645 4139 2754 4195 quo
2783 4131 2838 4179 et
2863 4139 2959 4180 vos
2991 4123 3402 4181 coaediﬁcamini
3435 4123 3492 4181 in
3519 4124 3675 4182 habi-

378 4209 558 4288 τήριον
586 4216 679 4270 τοῦ
717 4215 858 4272 Θεοῦ
903 4213 954 4268 ἐν
1006 4213 1300 4286 ΙΙνεύματι.
1336 4237 1360 4264 ι»
1394 4211 1504 4270 Καὶ
1549 4212 1744 4278 πάντες
1783 4212 1878 4288 μὲν
1923 4213 1968 4270 οἱ

2048 4279 2051 4288 λ
2081 4213 2326 4269 taculum
2364 4213 2469 4268 Dei
2501 4212 2556 4268 in
2586 4213 2810 4285 Spiritu.
2857 4237 2881 4263 ι»
2913 4214 3173 4272 Universi
3217 4213 3446 4288 quidem
3485 4215 3676 4272 ﬁdeles

388 4263 550 4288 --.τ-η
599 4263 675 4270 η-
725 4263 854 4272 ν---
904 4263 945 4268 -.
1008 4263 1300 4286 --πη-ω--.
1348 4263 1352 4264 κ
1394 4263 1504 4270 -----
1557 4263 1744 4278 .-πηη
1783 4263 1871 4288 Γ--
1927 4263 2007 4270 -.η

379 4301 558 4358 πιστοὶ
594 4303 647 4359 ἐν
698 4299 867 4381 τούτῳ
915 4301 1438 4377 συνοικοδομοῦνται,
1488 4301 1579 4359 καὶ
1623 4305 1774 4379 ὑμεῖς
1820 4302 1875 4360 δὲ
1921 4303 2007 4361 οῖ

2089 4263 2326 4269 -_---__-__
2364 4263 2469 4268 _--
2586 4263 2809 4285 erm---
2923 4263 3173 4272 -_-.----
3260 4263 3446 4271 ψη.--
3488 4263 3677 4272 ..-νη

2086 4305 2142 4359 in
2185 4302 2291 4360 hoc
2335 4303 2772 4371 coaediﬁeantur,
2818 4319 2883 4361 ac
2930 4320 3026 4360 vos
3067 4263 3288 4377 quoque
3330 4306 3571 4379 Ephesii,
3623 4318 3685 4364 ut

381 4389 645 4470 Ἐφέσιοι,
677 4388 814 4450 ὥστε
843 4380 998 4450 εἶναι
1049 4391 1456 4470 κατοικητήριον
1504 4394 1647 4451 Θεοῦ
1696 4393 1749 4450 ἐν
1799 4391 1975 4452 Πνεύ-

2087 4393 2204 4451 sitis
2247 4391 2622 4450 habitaculum
2651 4394 2756 4450 Dei
2793 4393 2852 4449 in
2893 4393 3118 4467 Spiritu,
3151 4396 3256 4451 hoc
3292 4406 3395 4463 est,
3437 4412 3532 4469 per
3559 4397 3681 4470 Spi-

385 4504 532 4554 ματι,
563 4483 798 4540 τουτέστι
827 4479 915 4539 διὰ
942 4485 1037 4552 τῆς
1064 4486 1153 4540 τοῦ
1203 4481 1520 4558 Πνεύματος
1567 4480 1872 4562 συνεργείας

2089 4483 2228 4540 ritus
2255 4483 2520 4540 auxilium
2548 4504 2561 4540 :
2594 4483 2758 4540 velut
2779 4483 3021 4540 sensibili
3050 4490 3340 4542 structura:
3357 4496 3685 4560 opponeret,

383 4565 456 4629 ἺΙ
489 4570 618 4649 πρὸς
667 4567 1071 4642 ἀντιδιαστολὴν
1116 4573 1210 4642 τῆς
1242 4575 1498 4644 αἰσθητῆς
1541 4561 1823 4648 οἰκοδομῆς
1864 4561 1979 4630 εἶπε

2093 4571 2250 4636 dixit,
2298 4596 2323 4621 ‹‹
2357 4575 2421 4628 In
2452 4573 2676 4644 Spiritu.
2712 4597 2738 4623 υ
2768 4573 3000 4631 Perinde
3028 4590 3091 4631 ac
3117 4574 3161 4629 si
3189 4574 3359 4642 dicat,
3396 4575 3492 4630 Dei
3519 4575 3688 4632 habi-

385 4657 464 4731 τὸ,
503 4685 526 4712 ιι
560 4658 658 4718 Ἐν
689 4658 990 4737 Πνεύματι.
1037 4685 1062 4712 ιι
1110 4659 1310 4719 ὡσανεὶ
1357 4659 1523 4742 ἔλεγε·
1557 4659 1984 4742 Κατοικητήριον

2094 4662 2346 4719 taculum
2405 4663 2709 4734 spirituale.
2759 4662 2994 4719 Proinde
3039 4662 3108 4720 ad
3156 4664 3463 4720 secundum
3514 4681 3692 4737 usque

386 4754 477 4808 τοῦ
519 4750 664 4808 Θεοῦ
716 4748 764 4783 ⁸⁸
812 4749 1193 4828 πνευματικόνο
1242 4745 1378 4830 Ἄρα
1411 4741 1500 4810 οὖν
1549 4749 1712 4832 μέχρι
1741 4755 1834 4822 τῆς
1876 4741 1987 4810 δευ-

2099 4751 2399 4809 adventum
2419 4752 2539 4810 haec
2563 4751 2919 4810 coaediﬁcatio
2949 4753 3011 4809 ﬁt
3030 4768 3127 4825 per
3146 4752 3373 4812 ubilibet
3387 4751 3695 4812 credentes.

389 4836 542 4917 τέρας
587 4837 881 4920 παρουσίας
922 4843 956 4912 ἡ
1009 4840 1444 4919 συνοικοδόμησις
1473 4839 1609 4913 αὕτη
1653 4842 1857 4921 γίνεται
1899 4838 1987 4900 διὰ

391 4931 494 4988 τῶν
526 4926 782 4988 ἑκάστοτε
806 4929 1166 4991 πιστευόντων
1181 4983 1194 4996 .

980 5055 1271 5117 ΚΕΦΑΛ.
1319 5055 1402 5118 1".

2727 5060 2968 5118 CAPUT
3001 5064 3094 5118 lll.

487 5192 514 5227 α
555 5167 760 5230 Τούτου
813 5170 970 5252 χάριν
1020 5170 1122 5250 ἐγὼ
1180 5173 1396 5242 Παῦλος
1448 5174 1476 5231 ὁ
1542 5172 1754 5252 δέσμιος
1818 5171 1999 5247 Ἰησοῦ

2183 5183 2358 5237 Vnas.
2408 5186 2458 5235 1.
2509 5178 2742 5252 «Hujus
2779 5178 2856 5234 rei
2901 5178 3067 5251 gratia
3115 5193 3214 5251 ego
3255 5176 3456 5234 Paulus
3495 5178 3711 5234 vinctus

403 5259 634 5341 Χριστοῦ
671 5259 804 5340 ὑπὲρ
837 5264 986 5339 ὑμῶν
1013 5263 1119 5320 τῶν
1153 5263 1334 5324 ἐθνῶν.
1369 5289 1394 5316 ι
1426 5261 1612 5324 Εἰπὼν
1643 5267 1734 5323 τοῦ
1765 5265 2001 5344 Χριστοῦ

2114 5270 2322 5329 Christi
2371 5272 2506 5326 Jesu
2551 5286 2651 5342 pro
2699 5269 2852 5325 vobis
2880 5269 3154 5342 gentibus.
3190 5293 3215 5319 ιο
3261 5271 3401 5326 Cum
3445 5269 3715 5328 hactenus

403 5347 500 5421 τὴν
548 5349 673 5431 περὶ
708 5355 854 5428 ἡμᾶς
901 5351 1251 5431 κηδεμονίαν,
1298 5351 1542 5430 ἐμϐαίνει
1586 5353 1634 5390 '9
1689 5353 1871 5415 λοιπὸν
1915 5351 2006 5413 καὶ

2115 5360 2318 5420 Christi
2349 5376 2476 5433 erga
2506 5376 2609 5418 nos
2624 5375 2812 5418 curam
2843 5359 3155 5438 indicasset,
3183 5359 3437 5431 deinceps
3457 5359 3528 5418 ad
3555 5375 3715 5416 suam

480 5529 507 5557 ιι
535 5521 705 5579 Rom.
736 5533 829 5594 xx,
858 5527 946 5580 19.
1022 5522 1241 5582 °Levit.
1289 5535 1471 5595 xxtn,
1507 5531 1592 5582 lt.

1814 5596 2005 5659 Variae
2048 5597 2353 5659 lectiones.

486 5741 528 5777 ¹²
551 5741 763 5806 ἐνδεῖξαι
805 5759 886 5802 m.
983 5743 1030 5779 ⁸³
1055 5739 1236 5819 τούτῳ,
1266 5749 1339 5820 τῷ
1377 5744 1594 5821 Χριστῷ,
1622 5747 1757 5823 φημὶ
1779 5762 1840 5806 0.
1923 5747 1968 5783 ¹⁵
1992 5749 2196 5820 πόνημα
2241 5761 2293 5804 o.
2374 5746 2416 5781 ¹⁸
2444 5747 2520 5800 ὅτι
2550 5762 2602 5803 ο.
2681 5743 2724 5782 ¹⁶
2752 5745 3136 5814 συντελεσθῆναι
3160 5762 3214 5805 ο.
3291 5746 3332 5782 ¹⁷
3376 5745 3620 5820 ἐνεργείας
3658 5760 3692 5803 o
3717 5786 3730 5800 .

420 5820 462 5859 ¹³
484 5824 697 5897 Χριστοῦ
725 5838 779 5882 0.
858 5823 903 5858 ¹⁹
934 5825 1150 5880 ἐκϐαίνει
1179 5841 1236 5883 o.

704 5917 940 5973 Parnm"
977 5915 1085 5976 Gn.
1123 5917 1339 5975 CXXIV.
3381 5925 3448 5978 34
