4124 6426
508 464 642 518 1067

1467 460 1980 520 THEOPHYLACTI
2021 461 2381 521 BULGARIIE
2413 461 2727 520 ARCHIEP.

3668 461 3805 515 1068

497 603 715 660 quoque
761 585 972 642 transit.
1019 587 1178 657 Quia,
1246 587 1425 659 nquit,
1462 587 1730 646 Dominus
1773 606 1930 647 meus
1969 590 2093 647 talia

2208 590 2294 651 ἐπί
2324 587 2420 662 τὴν
2453 593 2660 650 ἑαυτοῦ.
2698 587 2804 650 Καὶ
2841 587 3042 661 ἐπειδὴ,
3093 587 3283 668 φησὶν,
3315 590 3344 645 ὃ
3387 585 3664 658 Δεσπότης
3703 609 3806 663 μου

499 693 628 750 erga
656 692 760 733 nos
776 675 1046 744 exhibuit,
1064 692 1286 733 necesse
1303 686 1386 734 est
1414 686 1474 734 ut
1499 694 1600 750 ego
1616 695 1742 751 quae
1762 696 1862 752 pro
1893 679 2096 736 viribus

498 775 713 839 potero,
765 764 1024 822 afferrem
1075 784 1089 822 :
1137 765 1349 824 vinctus
1396 767 1561 840 igitur
1607 784 1731 825 sum
1767 785 1870 842 pro
1917 769 2092 826 vobis.

498 858 643 913 Nam
671 855 804 912 licet
828 853 920 912 ille
947 855 1242 912 cruxiﬁxus
1275 855 1366 925 sit,
1389 872 1489 929 ego
1516 863 1701 914 tamen
1728 859 1943 915 vinctus
1968 874 2094 914 sum

502 961 604 1018 pro
641 945 815 1001 vobis.
862 945 1061 1002 Dicens
1089 953 1300 1016 autem,
1353 969 1377 994 τι
1423 947 1532 1003 Pro
1563 946 1718 1004 vobis
1746 947 2024 1021 gentibus,
2067 970 2093 997 ιι

501 1035 606 1092 hoc
634 1034 915 1102 indicavit,
936 1035 1081 1108 quod
1108 1038 1235 1092 Non
1260 1035 1442 1092 solum
1466 1052 1562 1094 vos
1582 1053 1699 1095 non
1719 1053 2094 1106 exsecramur,

503 1141 694 1182 verum
709 1125 875 1182 etiam
900 1125 1174 1181 vincimur
1195 1133 1418 1198 propter
1445 1141 1560 1196 vos,
1584 1135 1638 1184 et
1653 1126 1853 1184 Christi
1881 1127 2097 1183 vinctos

502 1231 603 1272 nos
631 1215 776 1288 ipsos
799 1213 1175 1283 nominamus,
1206 1214 1394 1287 gloriae
1430 1214 1489 1271 id
1517 1216 1681 1273 nobis
1705 1215 1986 1273 ducentes.

575 1307 757 1362 Vsus.
793 1309 846 1360 2.
893 1323 922 1356 «
968 1303 1250 1377 Siquidem
1299 1303 1586 1362 audivistis
1629 1305 2099 1378 dispensationem

504 1395 696 1467 gratiae
737 1409 862 1467 qua;
893 1393 1016 1451 data
1061 1401 1144 1450 est
1172 1393 1306 1450 mihi
1347 1409 1478 1468 erga
1521 1411 1640 1452 vos.
1688 1419 1716 1446 ι)
1760 1395 2098 1453 Vaticinium

505 1484 611 1539 Dei
634 1483 702 1540 ad
733 1482 1002 1540 Ananiam
1044 1483 1224 1539 innuit
1254 1503 1267 1539 :
1320 1506 1345 1533 α
1376 1486 1488 1540 Vas
1528 1484 1813 1542 electionis
1843 1484 1975 1542 mihi
2010 1485 2100 1540 ille

507 1581 611 1643 est,
653 1581 714 1628 ut
753 1580 934 1644 portet
976 1588 1182 1628 nomen
1227 1589 1416 1629 meum
1457 1589 1647 1630 coram
1694 1574 1945 1649 gentibus
1987 1600 2036 1641 ρ.
2066 1593 2094 1626 »

506 1663 920 1720 Revelationem
949 1677 1171 1735 quoque
1212 1663 1485 1736 mysterii,
1517 1679 1582 1720 eo
1628 1664 1778 1736 quod
1807 1665 1876 1720 ab
1913 1663 2104 1719 homi—

508 1752 670 1808 nibus
724 1752 859 1809 illud
902 1768 1015 1808 non
1073 1751 1342 1818 didicerit,
1403 1754 1595 1826 gratiae
1641 1753 2102 1826 dispensationem

506 1850 682 1899 vocat.
716 1841 808 1898 Sic
852 1843 1026 1911 enim,
1065 1841 1270 1915 inquit,
1318 1841 1654 1915 dispensavit
1679 1843 1853 1916 gratia
1883 1843 2006 1912 Dei,
2042 1851 2105 1898 ut

2203 687 2421 740 τοιαῦτα
2460 679 2761 747 ἐπεδείξατο
2796 682 2868 746 εἰς
2917 683 3084 755 ἡμᾶς,
3129 676 3336 754 ἀνάγκη
3371 676 3513 752 κάμέ
3551 675 3616 734 τὰ
3667 675 3806 734 κατὰ

2205 769 2426 846 δύναμιν
2477 771 2810 848 εἰσενεγκεῖν.
2860 766 3090 844 Δέσμιος
3133 755 3222 826 οὖν
3279 769 3387 841 εἰμι
3441 765 3573 846 ὑπὲρ
3636 768 3804 842 ὑμῶν.

2208 859 2276 918 Εἰ
2321 857 2421 935 γὰρ
2473 859 2666 923 ἐκεῖνος
2698 854 3034 936 ἐσταυρώθη,
3081 853 3185 932 ἐγὼ
3236 861 3358 933 γοῦν
3407 853 3629 932 δέδεμαι
3677 853 3807 931 ὑπὲρ

2205 952 2374 1025 ὖμῶν.
2427 949 2608 1007 Εἰπὼν
2662 947 2740 1026 δὲ,
2792 975 2816 1001 α
2865 951 2988 1008 Τῶν
3039 948 3223 1023 ἐθνῶν,
3257 970 3286 1001 ι)
3337 950 3493 1006 τοῦτο
3541 945 3805 1026 ἐνέφηνεν,

2204 1039 2285 1097 δτι
2316 1040 2397 1099 Οὖ
2433 1039 2591 1117 μόνον
2620 1041 2760 1115 ὑμᾶς
2783 1038 2840 1096 οὐ
2871 1035 3280 1117 βδελυττόμεθα,
3307 1034 3447 1094 ἀλλὰ
3474 1033 3566 1093 καὶ
3587 1035 3809 1111 δεσμού-

2207 1134 2342 1206 μεθα
2397 1130 2461 1187 δι’
2510 1131 2667 1203 ὑμᾶς,
2715 1127 2808 1187 καὶ
2865 1129 3098 1207 Χριστοῦ
3149 1124 3395 1202 δεσμίους
3434 1123 3652 1191 ἑαυτοὺς
3695 1128 3808 1184 ὀνο-

2209 1219 2444 1297 μάζομεν
2476 1216 2874 1292 σεμνυνόμενοι.

2295 1332 2324 1367 α
2359 1308 2429 1370 Εἰ
2471 1330 2531 1385 γε
2561 1307 2823 1380 ἠκούσατε
2853 1305 2947 1379 τὴν
2991 1305 3293 1384 οἰκονομίαν
3326 1309 3419 1379 τῆς
3451 1303 3669 1385 χάριτος
3715 1310 3808 1378 τῆς

2209 1397 2444 1470 δοθείσης
2486 1420 2576 1473 μοι
2629 1400 2700 1464 εἰς
2753 1399 2911 1473 ὑμᾶς.
2952 1421 2976 1448 ιν
3019 1395 3136 1468 Τὴν
3170 1393 3464 1477 πρόρρησιν
3517 1395 3808 1453 αἰνίττεται

2209 1493 2299 1546 τοῦ
2329 1490 2470 1548 Θεοῦ
2503 1486 2597 1558 τὴν
2631 1487 2757 1566 πρὸς
2777 1487 2862 1545 τὸν
2895 1485 3162 1562 Ἀνανίαν,
3191 1487 3269 1543 ὅτι
3297 1510 3323 1539 α
3360 1487 3556 1551 Σκεῦας
3587 1485 3808 1559 ἐκλογῆς

2211 1577 2301 1655 μοί
2333 1581 2468 1650 ἐστι,
2501 1581 2593 1636 τοῦ
2622 1576 2891 1655 βαστάσαι
2920 1574 2980 1634 τὸ
3008 1575 3177 1654 ὄνομά
3209 1599 3310 1650 μου
3339 1573 3558 1632 ἐνώπιον
3591 1576 3806 1635 ἐθνῶν..

2221 1667 2328 1728 Καὶ
2371 1666 2470 1738 τὴν
2502 1665 2838 1746 ἀποκάλυψιν
2871 1663 2926 1724 δὲ
2956 1669 3048 1724 τοῦ
3097 1663 3416 1744 μυστηρίου,
3449 1660 3530 1721 ὅτι
3560 1665 3618 1722 οὗ
3659 1661 3808 1743 παρὰ

2213 1755 2498 1836 ἀνθρώπων
2555 1753 2748 1832 ἔμαθεν
2810 1753 2961 1827 αὐτὸ,
3017 1753 3321 1830 οἰκονομίαν
3375 1753 3595 1834 χάριτος
3645 1751 3807 1832 λέγει.

2213 1847 2374 1905 Οὕτω
2425 1848 2528 1926 γὰρ
2581 1844 2920 1926 ᾠκονόμησεν
2967 1848 3000 1916 ἡ
3055 1845 3230 1924 χάρις,
3280 1842 3433 1920 φησὶν
3491 1846 3582 1900 τοῦ
3641 1844 3806 1918 θεοῖν

507 1931 722 1989 οωιίιιιε
766 1947 994 1988 vocarer
1037 1947 1154 2004 ego,
1206 1939 1379 2003 utque
1421 1942 1721 1989 excaecaret
1749 1933 1955 1988 lumine
1999 1948 2094 1988 suo

2212 1935 2405 1995 ἄνωθέν
2460 1959 2526 2012 με
2576 1938 2874 2010 κληθῆναι,
2920 1934 3011 1993 καὶ
3058 1938 3371 2014 πηρωθῆναι
3415 1933 3491 2010 τῷ
3543 1930 3678 2011 φωτὶ
3711 1933 3806 2007 ἐμὲ

505 2038 598 2079 me
625 2021 1058 2089 inobedientem,
1091 2029 1153 2077 ut
1198 2022 1275 2077 sic
1301 2021 1528 2078 tandem
1553 2021 1857 2078 obedirem.
1904 2046 1927 2070 α
1960 2024 2104 2093 Erga

506 2128 604 2169 vos
648 2135 674 2160 ιν
729 2118 934 2174 autem,
980 2110 1180 2183 inquit,
1230 2110 1359 2166 data
1411 2118 1496 2166 est
1541 2111 1684 2166 mihi
1737 2111 1929 2183 gratia.
1980 2115 2103 2183 Ipse

506 2217 754 2275 namque
779 2201 915 2257 dixit
958 2199 1114 2267 mihi,
1151 2222 1178 2248 ιι
1222 2198 1314 2255 Ad
1340 2208 1527 2273 gentes
1557 2201 1878 2273 longinquas
1907 2217 2101 2257 eman-

507 2289 657 2346 dabo
684 2297 738 2346 te
768 2312 816 2354 q.
856 2312 879 2339 ι
912 2289 1144 2346 Proinde
1181 2290 1373 2363 gratiae
1399 2289 1502 2346 hoc
1531 2298 1711 2347 totum
1740 2299 1845 2362 est,
1878 2298 1933 2347 et
1959 2290 2100 2346 nihil

507 2395 608 2453 ego
637 2395 889 2436 mearum
914 2379 1094 2436 virum
1124 2381 1306 2436 attuli.

576 2472 758 2527 Vens.
788 2476 839 2525 3.
873 2491 897 2518 ‹‹
930 2469 1210 2540 Quoniam
1237 2469 1544 2528 secundum
1575 2470 1969 2528 revelationem
1994 2487 2101 2528 no-

502 2569 621 2616 tum
647 2560 778 2616 fecit
808 2559 936 2615 mihi
966 2559 1316 2632 mysterium.
1354 2583 1379 2610 ιι
1427 2562 1588 2630 Ecce,
1625 2560 1821 2633 gratiae
1850 2577 1988 2632 opus
2016 2569 2101 2616 est

500 2650 744 2723 mysterii
803 2649 1078 2706 revelatio.
1147 2649 1476 2722 Mysterium
1537 2657 1622 2706 est
1683 2651 1834 2706 enim
1885 2666 2096 2719 revera,

499 2747 690 2813 gentes
734 2737 805 2796 ad
833 2738 1123 2810 majorem,
1157 2755 1322 2812 quam
1344 2739 1668 2796 Judaeorum
1696 2739 1786 2808 sit,
1825 2739 2094 2796 honorem

499 2845 527 2884 a
557 2843 782 2885 summa
827 2827 1030 2883 vilitate
1059 2827 1343 2885 reducere.

573 2940 599 2966 α
633 2917 782 2974 Sicut
808 2933 971 2988 supra
1001 2916 1194 2989 scripsi
1223 2917 1284 2972 in
1313 2917 1484 2974 brevi.
1525 2940 1550 2967 ι»
1583 2919 1666 2973 De
1697 2917 1898 2991 quibus
1927 2918 2093 2990 387

497 3023 662 3079 supra
689 3007 908 3063 locutus
938 3015 1042 3074 est,
1069 3005 1202 3062 dicit
1225 3005 1375 3079 quod
1398 3014 1607 3063 vocatae
1635 3006 1745 3063 sint
1764 3015 1956 3079 gentes
1973 3022 2097 3080 qua

499 3097 660 3168 longe
687 3103 875 3164 erant;
923 3092 1186 3167 quodque
1215 3095 1472 3152 aediﬁcati
1519 3096 1628 3150 sint
1668 3110 1837 3166 supra
1865 3096 2099 3168 patriar-

2207 2027 2296 2084 τὸν
2348 2028 2563 2097 ἀπειθῆ,
2621 2023 2708 2082 ἵνα
2764 2022 2901 2082 οὕτω
2946 2029 3071 2100 γοῦν
3129 2026 3352 2083 πεισθῶ.
3415 2024 3509 2088 Εἰς
3548 2025 3684 2097 ὗμᾶς
3724 2020 3803 2097 δὲ,

2211 2114 2386 2196 φησὶν,
2439 2115 2590 2186 ἐδόθη
2625 2137 2715 2190 μοι
2759 2117 2791 2183 ἡ
2824 2111 2998 2192 χάρις.
3033 2112 3203 2180 Αὐτὸς
3248 2111 3352 2190 γάρ
3390 2134 3479 2188 μοι
3527 2101 3696 2183 εἶπεν,
3729 2110 3808 2168 ὅτι

2215 2227 2241 2261 ιι
2294 2208 2383 2271 Εἰς
2417 2203 2537 2276 ἔθνη
2584 2202 2794 2284 μακρὰν
2829 2201 2935 2278 ἐγὼ
2977 2204 3261 2262 ἀποστελῶ
3298 2223 3378 2260 σε.
3427 2223 3456 2258 ι)
3493 2196 3670 2258 ’Ὥστε
3716 2204 3808 2272 τῆς

2207 2295 2422 2376 χάριτος
2451 2294 2511 2353 τὸ
2540 2303 2665 2368 πᾶν,
2697 2291 2789 2350 καὶ
2822 2290 2970 2350 οὐδὲν
3001 2292 3156 2359 αὐτὸς
3191 2290 3497 2370 εἰσήνεγκα.

2293 2499 2323 2531 α
2360 2474 2491 2537 "Ott
2519 2472 2660 2534 κατὰ
2708 2471 3046 2554 ἀποκάλυψιν
3076 2469 3330 2554 ἐγνώρισέ
3367 2493 3459 2548 μοι
3505 2470 3562 2529 τὸ
3595 2471 3806 2548 μυστή-

2209 2587 2338 2645 ριον.
2394 2587 2422 2622 »
2459 2563 2598 2625 Ἰδοὺ
2629 2567 2722 2636 τῆς
2763 2562 2979 2645 χάριτος
3007 2562 3068 2622 τὸ
3103 2562 3283 2642 ἔργον,
3313 2566 3347 2634 ἡ
3381 2567 3472 2620 τοῦ
3513 2560 3803 2639 μυστηρίου

2208 2654 2558 2736 ἀποκάλυψις.
2590 2655 2900 2734 Μυστήριον
2943 2651 3046 2734 γὰρ
3075 2657 3144 2718 ὥς
3194 2654 3427 2724 ἀληθῶς,
3473 2650 3534 2709 τὸ
3573 2650 3640 2708 τὰ
3681 2649 3804 2722 ἔθνη

2206 2746 2278 2811 εἰς
2324 2744 2539 2821 μείζονα
2585 2748 2692 2803 τῶν
2722 2741 2995 2804 Ἰουδαίων
3029 2739 3192 2820 τιμὴν
3241 2743 3526 2820 ἀναγαγεῖν
3577 2739 3683 2797 ἀπὸ
3711 2745 3808 2812 τῆς

2207 2834 2372 2914 ἄκρας
2405 2832 2690 2900 εὐτελείας.

2287 2909 2311 2977 ιι
2355 2922 2546 2990 Καθὼς
2595 2921 2908 3004 προέγραψα
2945 2923 2997 2980 ἐν
3049 2920 3232 3002 ὀλίγῳ.
3285 2947 3308 2974 ιι
3353 2918 3489 3001 Περὶ
3539 2910 3614 2979 ὧν
3662 2909 3805 2978 εἶπεν

2207 3011 2477 3092 ἀνωτέρω,
2510 3011 2653 3091 λέγει
2684 3009 2764 3070 ὅτι
2797 3011 2993 3086 ἐκλήθη
3023 3010 3093 3070 τὰ
3137 3011 3257 3085 ἔθνη
3291 3009 3420 3070 ὄντα
3458 3010 3690 3091 μακράν·
3723 3007 3804 3068 ὅτι

2203 3102 2592 3183 ἐπῳκοδομήθη
2653 3109 2762 3169 τοῖς
2818 3100 3198 3182 πατριάρχαις,
3257 3100 3351 3159 καὶ
3401 3099 3500 3159 ὅσα
3553 3103 3797 3158 τοιαῦτα.

498 3186 654 3256 chas,
701 3193 755 3242 et
782 3201 1125 3258 quaecunque
1171 3193 1302 3242 sunt
1335 3184 1674 3258 hujusmodi.
1711 3209 1738 3236 ι
1775 3187 1840 3242 In
1878 3186 2032 3266 brevi
2065 3209 2091 3238 ι

2206 3217 2230 3244 α
2263 3192 2360 3254 Ἐν
2391 3191 2553 3275 ὀλίγῳ
2583 3219 2604 3246 ι
2637 3191 2716 3269 δὲ,
2750 3192 2866 3250 ἀντὶ
2895 3196 3010 3265 τοῦ,
3045 3190 3130 3250 διὰ
3171 3189 3224 3228 ²⁰
3256 3188 3521 3271 βραχέων.

498 3283 709 3344 autem,
740 3290 860 3346 pro,
895 3274 1100 3347 paucis,
1130 3274 1286 3331 dixit.

568 3367 754 3422 Vens.
793 3369 851 3420 4.
901 3388 926 3412 ιι
961 3365 1127 3420 Juxta
1166 3363 1318 3437 quod
1357 3364 1589 3437 potestis
1628 3364 1866 3438 legentes
1901 3362 2096 3421 intelli-

497 3471 625 3528 gere
687 3453 1060 3528 cognitionem
1112 3470 1292 3511 meam
1349 3455 1404 3510 in
1460 3455 1723 3528 mysterio
1786 3453 2008 3512 Christi.
2064 3479 2089 3504 υ

495 3543 713 3618 Scripsi,
761 3543 956 3618 inquit,
984 3559 1098 3601 non
1127 3551 1400 3618 quantum
1429 3545 1739 3617 oportebat,
1770 3543 1866 3601 sed
1896 3560 2092 3601 secun-

492 3633 628 3691 dum
659 3635 802 3690 vires
843 3642 1054 3690 vestras
1095 3641 1150 3690 et
1184 3642 1408 3706 captum
1452 3641 1722 3691 vestrum.
1770 3636 1854 3690 Ex
1891 3634 2094 3706 quibus

495 3724 719 3797 potestis
751 3724 1055 3797 intelligere
1083 3724 1464 3797 cognitionem
1482 3741 1668 3782 meam
1693 3739 1819 3798 quae
1853 3723 1991 3780 mihi
2011 3731 2097 3781 est

492 3814 546 3870 in
587 3815 853 3888 mysterio
881 3813 1108 3884 Christi,
1144 3813 1250 3872 hoc
1286 3823 1391 3883 est,
1422 3814 1704 3888 quomodo
1733 3812 2092 3888 cognoverim

491 3912 547 3960 et
593 3903 954 3962 intellexerim
1003 3904 1328 3976 mysterium
1377 3903 1606 3975 Christi,
1661 3902 1812 3978 quod
1858 3903 2014 3961 sedet
2063 3919 2096 3960 a

492 3994 722 4064 dextris,
760 3993 909 4066 quod
933 4009 1038 4050 nos
1079 3994 1248 4050 etiam
1293 3992 1580 4050 considere
1610 3993 1831 4062 fecerit,
1861 3993 2010 4066 quod
2040 3992 2096 4050 in

501 4085 682 4156 seipso
693 4082 1001 4141 condiderit
1015 4091 1275 4156 utrosque
1293 4081 1348 4138 in
1371 4097 1542 4138 unum
1559 4098 1767 4139 novum
1783 4082 2095 4151 hominem,

505 4179 563 4230 et
590 4187 931 4247 quaecunque
971 4171 1072 4228 alia
1098 4171 1168 4228 ad
1202 4171 1526 4245 mysterium
1556 4172 1852 4244 pertinent.
1906 4177 2097 4246 Agno-

510 4264 669 4320 scetis
707 4262 879 4334 igitur
904 4259 1230 4333 dignitatem
1257 4261 1589 4334 cognitionis
1637 4277 1796 4332 meae,
1832 4262 2098 4335 quoniam

502 4361 656 4412 tanta
685 4349 1001 4425 patefecerit
1038 4349 1180 4408 mihi
1221 4353 1390 4408 Deus.
1421 4355 1564 4408 Nam
1598 4352 1746 4425 quod
1773 4351 1880 4410 hoc
1908 4351 2096 4425 magni

492 4442 720 4500 honoris
747 4441 837 4512 sit,
863 4439 991 4498 audi
1021 4459 1034 4497 :
1070 4464 1096 4491 α
1128 4443 1256 4499 Non
1299 4439 1429 4498 fecit
1458 4441 1560 4510 sic,
1593 4464 1620 4492 ν
1652 4443 1850 4515 inquit,
1889 4462 1917 4495 α
1941 4441 2092 4498 omni

491 4535 642 4607 genti
671 4537 715 4603 τ,
746 4552 774 4586 ))
810 4531 1070 4606 quoniam
1092 4530 1520 4604 justiﬁcationes
1540 4539 1598 4589 et
1617 4531 1822 4604 judicia
1852 4547 1948 4590 sua
1971 4547 2093 4588 ma-

488 4623 767 4681 nifestavit
796 4621 982 4681 Israeli
1009 4625 1054 4678 ⁸.

563 4717 731 4771 Vens.
781 4719 841 4770 5.
894 4735 920 4762 ι
977 4711 1143 4783 Quod
1188 4711 1310 4769 aliis
1353 4711 1808 4786 generationibus
1851 4726 1963 4769 non
2005 4722 2092 4771 est

488 4805 740 4879 agnitum
779 4803 908 4859 ﬁliis
947 4803 1260 4873 hominum,
1309 4803 1452 4860 sicut
1481 4819 1632 4860 nunc
1670 4801 1967 4861 revelatum
2007 4810 2091 4860 est

487 4894 687 4952 sanctis
731 4893 848 4966 ejus
888 4891 1154 4966 apostolis
1181 4899 1344 4964 atque
1372 4891 1656 4965 prophetis
1701 4891 1759 4949 in
1795 4891 2021 4964 Spiritu.
2056 4917 2080 4942 ι

488 4985 630 5057 Quid
653 4983 856 5057 igitur?
899 4985 1025 5038 Non
1054 4991 1255 5038 norant
1283 4982 1608 5055 prephetaa?
1631 4983 1804 5055 Ecqui
1833 4981 2088 5040 Christus

484 5075 662 5148 inquit
687 5095 700 5132 :
745 5095 774 5124 «
803 5076 988 5130 Moses
1018 5081 1074 5128 et
1102 5071 1392 5145 Propheta:
1433 5071 1503 5130 de
1532 5087 1622 5129 me
1649 5073 2020 5145 scripserunt?
2057 5095 2082 5122 ι»

482 5165 575 5230 Et,
608 5186 633 5213 α
662 5162 991 5222 Scrutamini
1021 5161 1353 5235 Scripturas,
1396 5162 1505 5221 illae
1537 5178 1775 5236 namque
1799 5169 1931 5220 sunt
1959 5178 2084 5235 quae

480 5255 864 5312 testimonium
893 5252 1179 5326 perhibent
1206 5252 1275 5310 de
1301 5268 1394 5310 me
1422 5256 1474 5309 ti’
1506 5277 1532 5302 »
1563 5253 1812 5310 Primum
1852 5252 2081 5324 quidem

481 5344 588 5403 hoc
613 5362 759 5403 nunc
784 5344 986 5400 Paulus
1013 5343 1107 5412 ait,
1141 5342 1290 5420 quod
1319 5342 1574 5401 omnibus
1603 5341 1924 5400 hominibus
1965 5357 2080 5398 non

477 5434 644 5493 fuerit
687 5436 986 5492 revelatum
1034 5451 1048 5490 :
1104 5429 1316 5491 addidit
1356 5433 1532 5505 enim,
1591 5456 1618 5484 α
1670 5433 1828 5502 Quod
1867 5432 1923 5488 in
1961 5431 2082 5488 aliis

559 5580 584 5616 ι’
600 5571 725 5630 Act.
757 5587 844 5642 ιχ,
875 5576 961 5629 13.

2118 4633 2170 4701 D

1049 5582 1072 5615 ει
1091 5571 1218 5628 Act.
1250 5583 1405 5644 χχιι,
1435 5574 1522 5626 21.
1596 5573 1619 5603 τ
1641 5568 1786 5626 Psal.
1815 5581 2053 5638 chvu,
2083 5569 2142 5624 8.
2217 5576 2238 5604 ⁸
2265 5563 2408 5623 Ibid.
2434 5565 2528 5623 20.

2283 3386 2308 3412 α
2342 3356 2485 3439 Πρὸς
2517 3354 2545 3416 ὃ
2587 3354 2806 3416 δύνασθε
2847 3351 3296 3436 ἀναγινώσκοντες
3323 3357 3514 3426 νοῆσαι
3556 3352 3654 3425 τὴν
3684 3351 3808 3412 σύν-

2203 3446 2311 3506 εσίν
2361 3471 2460 3525 μου
2502 3449 2555 3505 ἐν
2595 3450 2668 3526 τῷ
2713 3444 2990 3525 μυστηρίῳ
3023 3449 3115 3504 τοῦ
3146 3447 3405 3524 Χριστοῦ.
3445 3467 3474 3502 ο
3523 3441 3804 3525 Ἔγραψα,

2204 3537 2388 3619 φησὶν,
2415 3539 2515 3616 οὐχ
2539 3536 2658 3595 ὅσον
2693 3540 2880 3619 ἐχρῆν,
2912 3535 3051 3594 ἀλλὰ
3080 3533 3211 3615 πρὸς
3241 3532 3339 3606 τὴν
3367 3532 3590 3611 δύναμιν
3628 3535 3805 3610 ὑμῶν,

2203 3616 2296 3688 καὶ
2338 3627 2440 3688 ὅσα
2469 3630 2710 3709 χωρεῖτεο
2744 3616 2796 3694 ἐξ
2825 3616 2898 3684 ὧν
2929 3625 3154 3684 δύνασθε
3199 3627 3447 3705 χωρῆσαι
3477 3621 3571 3683 καὶ
3617 3626 3809 3695 νοῆσαι

2202 3717 2300 3790 τὴν
2334 3716 2544 3777 σύνεσίν
2587 3741 2711 3794 μου,
2749 3713 2848 3789 τὴν
2879 3716 2933 3774 ἐν
2977 3717 3054 3794 τῷ
3100 3713 3379 3796 μυστηρίῳ
3425 3717 3520 3774 τοῦ
3551 3715 3808 3794 Χριστοῦ,

2202 3808 2464 3882 τουτέστι,
2512 3809 2642 3873 Πῶς
2689 3809 2894 3878 συνῆκα
2945 3803 3006 3864 τὸ
3059 3802 3352 3884 μυστήριον
3391 3807 3486 3863 τοῦ
3542 3805 3806 3882 Χριστοῦ,

2205 3896 2405 3972 εἴτουν,
2434 3895 2672 3968 Ἰῖνόησα
2706 3893 2787 3954 ὅτι
2811 3894 3043 3968 κάθηται
3085 3896 3146 3954 ἐκ
3195 3893 3402 3967 δεξιῶν,
3433 3894 3514 3952 ὅτι
3544 3891 3636 3952 καὶ
3662 3897 3809 3970 ἡμᾶς

2206 3988 2565 4047 συνεκάθισεν·
2596 3983 2678 4044 ὅτι
2707 3987 2760 4044 ἐν
2796 3986 2972 4065 ἑαυτῷ
3007 3984 3212 4044 ἔκτισεν
3247 3980 3580 4065 ἀμφοτέρους
3611 3983 3683 4048 εἰς
3712 3981 3804 4041 ἕνα

2204 4077 2385 4137 καινὸν
2415 4077 2713 4157 ἄνθρωπον,
2761 4073 2854 4134 καὶ
2890 4075 2992 4134 ὅσα
3029 4079 3122 4132 τοῦ
3155 4074 3474 4157 μυστηρίου.
3529 4076 3574 4134 Γ
3576 4071 3806 4132 νώσεσθε

2203 4161 2292 4228 οὖν
2323 4164 2384 4226 τὸ
2431 4153 2640 4244 ἀξίωμα
2669 4171 2766 4240 τῆς
2821 4162 3082 4231 συνέσεώς
3131 4186 3252 4243 μου,
3284 4153 3351 4233 ἐξ
3381 4153 3455 4222 ῶν
3507 4162 3806 4233 τηλικαῦτά

2206 4281 2297 4336 μοι
2348 4256 2627 4338 ἐγνώρισεν
2660 4259 2688 4316 ὃ
2732 4252 2892 4324 Θεός.
2937 4252 3069 4316 "Ott
3120 4253 3222 4334 γὰρ
3258 4252 3494 4333 μεγάλης
3542 4250 3590 4289 ³⁸
3643 4255 3806 4327 τιμῆς

2204 4353 2381 4427 τοῦτο,
2417 4345 2593 4406 ἄκουε·
2623 4373 2648 4402 α
2689 4346 2807 4408 Οὐκ
2839 4344 3086 4417 ἐποίησεν
3116 4343 3280 4422 οὕτω,
3316 4369 3341 4397 ν
3370 4343 3522 4424 φησὶ,
3566 4363 3597 4400 α
3639 4342 3802 4402 παντὶ

2204 4438 2338 4498 ἔθνει
2362 4436 2440 4517 ⁵³,
2465 4460 2494 4494 η
2524 4436 2604 4497 ὅτι
2630 4432 2969 4516 δικαιώματα
2988 4431 3080 4494 καὶ
3109 4433 3345 4516 κρίματα
3368 4435 3528 4492 αὑτοῦ
3552 4430 3802 4512 ἐγνώρισε

2201 4532 2278 4611 τῷ
2301 4523 2544 4609 Ἰσραήλ.

2285 4727 2311 4757 ι
2342 4699 2420 4763 ⁸0
2450 4698 2650 4782 ἑτέραις
2682 4697 2885 4778 γενεαῖς
2915 4699 3013 4758 οὐκ
3060 4697 3355 4780 ἐγνωρίσθη
3388 4696 3494 4765 τοῖς
3522 4696 3651 4763 υἱοῖς
3693 4696 3798 4754 τῶν

2199 4789 2526 4873 ἀνθρώπων,
2569 4793 2642 4858 ὥς
2684 4794 2773 4849 νῦν
2825 4787 3177 4869 ἀπεκαλύφθη
3232 4795 3340 4856 τοῖς
3403 4785 3571 4867 ἆγίοις
3636 4786 3797 4880 αὐτοῦ

2196 4882 2508 4948 ἀποστόλοις
2554 4880 2646 4940 καὶ
2688 4877 2984 4959 προφήταις
3027 4880 3081 4938 ἐν
3138 4874 3437 4953 Πνεύματι.
3495 4903 3520 4929 υ
3555 4875 3628 4937 Τί
3670 4874 3795 4947 οῧν;

2193 4973 2289 5032 οὐκ
2315 4971 2511 5052 ᾔδεσαν
2542 4972 2590 5029 οἱ
2637 4972 2938 5050 προφῆται;
2981 4968 3217 5034 καὶπῶς
3264 4990 3424 5049 φησιν
3476 4969 3504 5024 ὁ
3538 4965 3794 5043 Χριστὸς,

2191 5064 2272 5122 ὅτι
2308 5083 2338 5121 α
2367 5063 2602 5132 Μωϋσῆς
2633 5058 2726 5118 καὶ
2753 5060 2801 5117 οἳ
2830 5061 3102 5139 προφῆται
3133 5056 3255 5136 περὶ
3288 5060 3418 5133 ἐμοῦ
3453 5055 3721 5135 ἔγραψανς
3756 5076 3787 5111 n

2191 5152 2306 5231 καὶ,
2364 5179 2392 5204 ιι
2427 5150 2716 5230 Ἐρευνᾶτε
2747 5147 2840 5216 τὰς
2889 5146 3128 5228 Γραφάςο
3168 5147 3365 5205 ἐκεῖναι
3411 5146 3696 5231 γάρ’ῌεῖσιν
3739 5146 3792 5202 αἱ

2190 5225 2551 5323 μαρτυροῦσαι
2604 5237 2727 5319 περὶ
2769 5225 2950 5312 ἐμοῦ,
2987 5225 3029 5290 υ-
3074 5239 3295 5317 Πρῶτον
3347 5235 3444 5309 μὲν
3495 5225 3583 5294 οῦν
3638 5232 3792 5292 τοῦτό

2190 5355 2349 5414 φησιν
2401 5334 2430 5391 6
2474 5331 2723 5401 Παῦλος,
2773 5328 2854 5387 ὅτι
2892 5335 3054 5387 πᾶσιν
3105 5324 3398 5406 ἀνθρώποις
3440 5327 3533 5384 οὖκ
3585 5326 3794 5381 ἀπεκα-

2190 5420 2380 5504 λύφθηο
2428 5420 2724 5503 προσέθηκε
2782 5417 2903 5500 γάρ’
2969 5439 2999 5476 (ι
3042 5415 3120 5476 *Ο
3168 5415 3370 5498 ἑτέραις
3429 5421 3632 5494 γενεαῖς
3695 5414 3790 5472 οὐκ

2619 5565 2820 5620 tJoan.
2854 5576 2914 5633 ν,
2951 5565 3046 5618 29.

1840 5696 2061 5773 Neria:
2120 5693 2423 5757 lectiones.

543 5802 590 5838 ¹⁰
616 5801 744 5858 κατὰ
769 5819 824 5862 0.
901 5803 940 5840 ²¹
970 5804 1055 5859 καὶ
1081 5807 1159 5859 ὅτι
1188 5824 1300 5877 μεγ.
1336 5820 1394 5863 0.
1473 5805 1516 5841 ”
1542 5807 1704 5862 πάντα
1733 5803 1850 5873 ἔθνη
1885 5819 1943 5860 o.
