4124 6458
318 514 452 569 1069

312 637 604 721 ἐγνωρίσθη
648 646 756 709 τοῖς
795 641 928 708 υἱοῖς
965 642 1072 700 τῶν
1108 640 1426 722 ἀνθρώπων.
1471 669 1495 694 κ

1193 514 1547 572 EXPOSITIO
1587 517 1652 572 IN
1692 517 1899 573 EPIST.
1938 517 2033 572 AD
2069 517 2309 573 EPHES.
2348 544 2419 557 -
2458 482 2607 572 στὶν.
2653 517 2739 573 ur.

3474 520 3620 575 1070

1547 640 1779 703 Ἔπειτα
1820 641 1913 702 καὶ
1941 646 1998 710 Α
2024 640 2470 715 generationibus
2490 657 2606 699 non
2630 649 2715 699 est
2738 639 3079 714 patefactum
3102 640 3232 700 ﬁliis
3252 641 3567 702 hominum.
3593 666 3621 693 -

315 725 396 787 ὅτι
451 727 617 797 οὕτως
663 730 761 789 οὒκ
819 729 1112 811 ἐγνωρίσθη
1160 730 1276 791 οὐδὲ
1321 739 1429 800 τοῖς
1481 732 1800 814 προφήταις,
1839 736 1910 801 ὡς

2031 731 2230 789 Deinde
2250 740 2307 790 et
2326 731 2478 806 quod
2488 730 2560 788 ad
2574 731 2722 789 hunc
2741 730 2975 789 modum
2994 747 3065 789 ne
3084 730 3378 806 prophetis
3390 733 3624 807 quidem

315 823 402 878 νῦν
454 818 543 878 διὰ
574 822 679 878 τῶν
726 818 1056 902 πραγμάτων
1089 823 1264 880 αὐτῶν
1295 820 1587 901 ἐγνωρίσθη
1620 827 1727 892 τοῖς
1770 824 1907 882 ἀπο-

317 908 541 985 στόλοις,
572 907 667 967 καὶ
696 916 805 976 τοῖς
843 911 895 968 ἐν
924 913 991 991 τῇ
1023 913 1198 990 Καινῇ
1238 909 1552 993 προφήταις,
1598 911 1685 971 διὰ
1732 911 1913 974 Πνεῦ-

319 1021 484 1073 ματος
514 995 685 1078 ἁγίου.
728 999 795 1058 Εἰ
826 997 901 1075 μὴ
931 998 1038 1078 γὰρ
1066 998 1127 1058 τὸ
1173 1002 1398 1077 Πνεῦμα
1432 999 1635 1070 ἐδίδαξε
1674 1001 1763 1062 τὸν
1798 1001 1915 1063 Πέ-

316 1110 467 1165 τρον,
517 1088 612 1149 οὐκ
668 1085 731 1147 ἂν
765 1086 853 1147 τὸν
897 1089 1095 1148 ἐθνικὸν
1158 1089 1450 1169 Κορνήλιον
1501 1090 1641 1168 μετὰ
1674 1094 1778 1151 τῶν
1819 1089 1915 1151 σὺν

317 1179 462 1257 αὐτῷ
507 1176 852 1256 παρεδέξατο.
910 1177 1021 1238 Καὶ
1063 1178 1179 1259 ὅρα,
1211 1178 1293 1238 ὅτι
1338 1180 1584 1260 περὶτῆς
1627 1186 1918 1260 περιτομῆς

316 1265 486 1344 οὐδὲν,
518 1267 659 1325 ἀλλὰ
690 1268 813 1346 περὶ
843 1271 948 1327 τὸἳν
991 1270 1151 1329 ἐθνῶν
1181 1267 1242 1329 τὸ
1277 1272 1504 1345 Πνεῦμα
1529 1270 1917 1332 ἀποκαλύπτει·

318 1354 455 1434 μέγα
488 1355 592 1437 γὰρ
625 1348 688 1430 ἦν
737 1359 798 1416 τὸ
841 1357 960 1427 τοὺς
992 1357 1221 1427 ἐθνικοὺς
1248 1359 1369 1427 τοὺς
1420 1359 1733 1440 βδελυκτοὺς
1777 1365 1918 1423 ὕπο-

317 1448 590 1528 δεχθῆναι·
631 1445 725 1506 καὶ
771 1446 936 1516 οὕτως
980 1448 1211 1528 ἀκριϐῶς
1240 1451 1336 1510 οὖκ
1367 1449 1568 1530 ᾔδεσαν
1610 1452 1659 1510 οἱ
1695 1451 1916 1513 παλαιοὶ

317 1536 377 1595 τὸ
426 1536 735 1618 μυστήριον,
783 1535 916 1598 ὅπου
965 1561 1025 1615 γε
1069 1538 1161 1599 καὶ
1219 1540 1424 1620 Πέτρος
1470 1544 1498 1598 ὁ
1540 1547 1785 1610 τοσοῦτος
1822 1547 1918 1615 τῆς

316 1625 466 1707 παρὰ
494 1630 589 1686 τοῦ
619 1625 930 1705 Πνεύματος
960 1629 1148 1703 ἐδεήθη
1179 1629 1300 1710 περὶ
1324 1629 1526 1689 τούτων
1550 1631 1917 1701 διδασκαλίας.

400 1831 425 1859 ι
463 1793 621 1867 Εἶναι
655 1803 723 1865 τὰ
751 1805 876 1880 ἔθνη
925 1807 1338 1889 συγκληρονόμα
1367 1809 1460 1869 καὶ
1507 1808 1792 1888 σύσσωμα,
1824 1809 1918 1870 καὶ

320 1894 637 1975 συμμέτοχοι
683 1899 782 1968 τῆς
832 1897 1153 1976 ἐπαγγελίας
1206 1900 1396 1980 αὐτοῦ,
1447 1902 1501 1961 ἐν
1554 1903 1633 1981 τῷ
1671 1900 1914 1983 Χριστῷ,

319 1984 406 2071 διὰ
435 1990 526 2045 τοῦ
572 1984 923 2065 Εάὖγγελίου.
974 2014 999 2039 ιο
1028 1986 1189 2048 Τοῦτ’
1222 1988 1337 2049 ἔστι
1385 1989 1446 2050 τὸ
1491 1987 1809 2071 μυστήριον,
1856 1989 1916 2048 τὸ

320 2063 456 2132 εἶναι
486 2072 554 2132 τὰ
607 2063 729 2148 ἔθνη
778 2075 1192 2157 συγκληρονόμα
1232 2081 1311 2159 τῷ
1359 2063 1587 2160 Ἰσραὴλ
1619 2063 1715 2151 τῆς
1744 2063 1919 2158 ἐπαγ-

318 2162 499 2242 γελίας
529 2163 622 2223 καὶ
669 2165 1010 2247 συμμέτοχα.
1049 2169 1312 2248 Μετεῖχον
1353 2170 1458 2248 γὰρ
1508 2174 1558 2233 οἱ
1587 2171 1920 2251 Ἰσραηλῖται

318 2258 415 2324 τῆς
463 2255 821 2334 ἐπαγγελίας,
885 2257 956 2323 ὡς
1004 2255 1145 2324 ἔθνος
1198 2256 1366 2338 ἅγιον·
1412 2257 1670 2339 μετέσχον
1723 2258 1922 2330 ταύτης

320 2341 416 2404 σὺν
485 2345 662 2412 αὐτοῖς
729 2345 823 2404 καὶ
880 2347 928 2404 οἱ
986 2345 1116 2415 τέως
1164 2348 1456 2430 ἀκάθαρτοι
1519 2348 1728 2408 ἐθνικοί*
1782 2347 1921 2408 ἀλλὰ

322 2436 468 2509 πῶςς
528 2461 554 2487 ι
606 2433 702 2496 Ἐν
752 2438 829 2516 τῷ
880 2437 1120 2517 Χριστῷσ
1173 2464 1198 2490 ιν
1246 2438 1519 2513 τουτέστι,
1575 2439 1661 2497 διὰ
1707 2443 1801 2513 τῆς
1851 2441 1923 2505 εἷς

322 2524 553 2603 Χριστὸν
596 2524 855 2598 πίστεως,
905 2524 1018 2597 ἥτις
1071 2525 1159 2586 διὰ
1210 2533 1303 2587 τοῦ
1356 2529 1685 2607 Εὖαγγελίου
1746 2530 1925 2596 αὐτοῖς

322 2616 695 2693 προσγέγονεν.
742 2616 862 2676 Οὐκ
889 2615 1122 2694 ἠρκέσθη
1158 2615 1236 2688 δὲ,
1285 2645 1311 2670 ι
1362 2617 1788 2700 Συγκληρονόμα
1831 2618 1922 2678 καὶ

324 2703 642 2785 συμμέτοχα
668 2731 692 2756 ι
723 2702 906 2778 εἰπὼν,
932 2707 1052 2763 ἀλλ’
1075 2703 1164 2766 ἵνα
1189 2705 1405 2787 δηλώσῃ
1430 2706 1524 2780 τὴν
1545 2707 1748 2779 πολλὴν
1773 2707 1925 2787 ἐγγύ-

324 2816 461 2866 τητα
492 2791 584 2852 καὶ
612 2792 821 2870 ἕνωσιν,
852 2822 875 2848 α
913 2795 1214 2875 Σύσσωμα,
1242 2825 1267 2850 ιι
1298 2785 1467 2856 εἶπεν.
1503 2795 1606 2859 ἻΞν
1630 2795 1736 2879 γὰρ
1764 2785 1923 2876 σῶμα

324 2882 603 2962 γεγόνασιν
642 2886 691 2943 οἱ
735 2883 928 2944 ἐθνικοὶ
980 2886 1113 2966 πρὸς
1158 2886 1279 2954 τοὺς
1329 2887 1669 2968 Ἰσραηλίτας
1724 2885 1921 2966 ἁγίους,

328 2981 427 3054 μιᾷ
458 2976 664 3058 κειραλῇ
693 2977 769 3054 τῷ
799 2977 1022 3058 Χριστῷ
1048 2975 1534 3057 συγκρατούμενον.

410 3084 440 3121 ε
472 3055 556 3124 Οὗ
599 3055 868 3145 ἐγενόμην
915 3055 1197 3138 διάκονος,
1233 3064 1376 3127 κατὰ
1422 3065 1521 3139 τὴν
1576 3065 1779 3148 δωρεὰν
1830 3070 1926 3139 τῆς

323 3151 543 3234 χάριτος
572 3158 664 3213 τοῦ
705 3155 885 3231 θεοῦ,
920 3154 1019 3227 τὴν
1048 3156 1289 3216 δοθεῖσάν
1336 3179 1428 3235 μοι
1459 3155 1603 3217 κατὰ
1640 3154 1737 3229 τὴν
1777 3155 1927 3239 ἐνέρ-

324 3266 472 3322 γειαν
514 3247 608 3315 τῆς
643 3243 913 3322 δυνάμεως
942 3245 1125 3308 αὐτοῦ.
1165 3269 1196 3305 ι
1228 3249 1339 3307 Τοῦ
1373 3246 1704 3327 Εὖαγγελίου
1749 3249 1925 3325 ἐγενό-

328 3356 433 3411 μην
481 3332 740 3408 διάκονος,
770 3335 863 3395 καὶ
908 3334 1121 3412 δέσμιός
1170 3338 1280 3412 εἰμι
1320 3335 1497 3396 ἕνεκεν
1540 3336 1751 3396 τούτου’
1803 3338 1924 3396 ἀλλ’

325 3423 423 3482 οὐκ
450 3422 556 3500 ἐμὴ
604 3428 639 3497 ἡ
671 3423 927 3505 ἐνέργεια,
958 3424 1097 3485 ἀλλὰ
1129 3424 1300 3506 δωρεά
1332 3429 1444 3486 ἐστι
1478 3429 1635 3486 τοῦτο
1662 3430 1756 3499 τῆς
1787 3426 1927 3494 θείας

326 3511 564 3593 χάριτος,
591 3512 708 3586 ἥτις
736 3515 889 3586 ἐδόθη
923 3537 1036 3592 μοι,
1067 3518 1167 3596 οὐχ
1197 3515 1397 3588 ἅπλῶς,
1426 3514 1545 3575 οὐδὲ
1576 3515 1925 3597 μικρολόγως,

328 3602 467 3662 ἀλλὰ
520 3603 756 3672 δυνατῶς
808 3604 902 3662 καὶ
951 3604 1264 3685 φιλοτίμως,
1322 3604 1412 3664 καὶ
1469 3607 1541 3672 ὣς
1584 3604 1650 3664 ἂν
1702 3604 1925 3685 ἐνεργή-

294 3679 299 3689 ’
330 3714 465 3752 σειεν
492 3692 547 3732 ³³
575 3696 605 3752 ὁ
633 3693 850 3761 δυνατὸς
877 3679 1034 3762 (θεός.
1061 3679 1159 3769 Ἲ-Ι,
1188 3694 1270 3753 ὅτι
1308 3693 1665 3775 Ἐδωρήσατό
1709 3679 1802 3773 μοί
1829 3679 1926 3767 τὴν

330 3781 624 3863 διακονίαν,
654 3783 864 3856 ἐνέθηκε
898 3783 954 3843 δέ
982 3808 1073 3861 μοι
1104 3784 1198 3844 καὶ
1242 3783 1490 3862 δύναμιν.
1535 3784 1617 3845 Οὐ
1645 3782 1749 3865 γὰρ
1777 3783 1930 3866 ἤρκει

329 3870 390 3929 τὸ
420 3871 651 3947 ἀξίωμα,
688 3875 734 3932 εἷ
778 3872 854 3950 μὴ
892 3873 984 3933 καὶ
1028 3873 1249 3953 δύναμις
1294 3872 1604 3955 προσετέθη.
1652 3872 1794 3955 Τρία
1824 3874 1928 3957 γὰρ

332 3963 473 4038 ἡμᾶς
521 3962 602 4021 δεῖ
642 3963 1001 4044 συνεισφέρειν
1033 3967 1106 4032 εἰς
1150 3962 1250 4036 τὴν
1283 3965 1578 4041 διακονίαν,
1622 3964 1804 4046 ψυχὴν
1847 3987 1929 4047 φι-

330 4051 627 4113 λοκίνδυνον
648 4099 666 4129 ,
716 4051 903 4134 σοφίαν
955 4054 1045 4113 καὶ
1093 4053 1318 4127 σύνεσιν,
1370 4056 1461 4115 καὶ
1508 4054 1618 4134 βίον
1673 4055 1928 4127 ἄληπτονο

331 4138 418 4198 τὸν
471 4142 527 4201 δὲ
569 4141 711 4204 Θεὸν
764 4141 985 4222 δύναμιν
1036 4144 1261 4224 διδόναι,
1306 4144 1370 4204 δι’
1426 4136 1490 4217 ἧς
1531 4152 1703 4204 ταῦτα
1754 4144 1932 4204 πάντα

330 4227 618 4313 ἕμπρακτα
644 4232 817 4292 ἔσται.

419 4435 451 4468 α
483 4410 646 4487 Ἐμοὶ
675 4414 752 4494 τῷ
783 4414 1173 4498 ἐλαχιστοτέρῳ
1202 4412 1416 4474 πάντων
1445 4417 1551 4476 τῶν
1583 4414 1745 4493 ἁγίων
1780 4416 1932 4492 ἐδόθη

1950 1954 2000 2018 Β

2019 823 2301 893 cognitum
2330 821 2514 893 fuerit,
2553 837 2712 895 aeque
2756 837 2822 879 ac
2862 837 3013 879 nunc
3040 837 3141 895 per
3160 837 3253 880 res
3281 822 3427 897 ipsas
3465 832 3627 897 pate-

2019 910 2228 969 factum
2272 918 2358 969 est
2398 912 2662 986 apostolis
2705 919 2762 969 et
2802 911 2944 969 Novi
2979 912 3321 970 Testamenti
3350 912 3627 986 prephetis

2021 1016 2118 1076 per
2142 1002 2413 1075 Spiritum
2436 1010 2713 1059 sanctum.
2743 1001 2862 1059 Nisi
2904 1002 3052 1059 enim
3079 1002 3316 1076 Spiritus
3352 1001 3629 1061 docuisset

2021 1093 2265 1162 Petrum,
2297 1092 2640 1161 Cornelium,
2669 1091 2765 1165 qui
2799 1108 2864 1148 ex
2890 1092 3147 1165 gentibus
3186 1101 3329 1165 erat,
3362 1109 3497 1151 cum
3516 1093 3629 1151 suis

2019 1197 2134 1239 non
2156 1182 2481 1255 suscepisset
2504 1190 2554 1238 υ.
2596 1183 2835 1239 Observa
2864 1192 3050 1239 autem
3089 1183 3241 1256 quod
3280 1183 3349 1242 de
3386 1183 3628 1242 circum-

2021 1271 2229 1330 cisione
2254 1272 2417 1343 nihil,
2464 1272 2534 1330 de
2582 1273 2840 1345 gentibus
2866 1288 2999 1330 vero
3041 1272 3434 1332 revelationem
3459 1274 3628 1331 faciat

2022 1362 2275 1436 Spiritus.
2313 1366 2425 1419 Res
2467 1363 2619 1420 enim
2664 1362 2833 1421 ardua
2878 1371 2997 1420 erat
3057 1372 3113 1421 et
3157 1379 3378 1439 magna,
3438 1373 3627 1438 gentes

2024 1461 2327 1511 exsecratas
2343 1446 2412 1510 ad
2465 1453 2823 1526 Evangelium
2882 1452 3135 1523 admitti;
3186 1463 3350 1527 atque
3410 1461 3628 1511 veteres

2022 1544 2160 1602 adeo
2188 1551 2374 1600 exacte
2399 1544 2721 1617 mysterium
2755 1542 2863 1600 hoc
2903 1559 3021 1601 non
3047 1552 3341 1613 noverunt,
3382 1544 3629 1618 quando-

2022 1633 2250 1706 quidem
2270 1641 2328 1690 et
2352 1635 2569 1702 Petrus,
2595 1633 2690 1706 qui
2712 1640 2901 1691 tantus
2916 1640 3056 1703 erat,
3073 1631 3178 1691 hac
3207 1632 3278 1692 de
3304 1650 3364 1691 re
3392 1634 3630 1708 Spiritus

2025 1724 2363 1780 institutione
2396 1722 2714 1796 indiguerit.

2097 1816 2273 1871 Vens.
2306 1818 2362 1870 6.
2397 1836 2423 1863 α
2455 1814 2664 1870 Gentes
2690 1828 2811 1870 esse
2856 1811 3193 1871 coheredes.
3241 1822 3299 1871 et
3319 1829 3629 1887 concorpo-

2025 1903 2185 1972 rales,
2210 1911 2267 1960 et
2299 1902 2720 1976 eomparticipes
2757 1903 3138 1976 promissionis
3177 1903 3296 1977 ejus
3325 1904 3382 1960 in
3410 1903 3629 1961 Christo

2031 2011 2126 2067 per
2161 1993 2537 2066 Evangelium.
2585 2016 2609 2043 ι
2655 1994 2776 2049 Ηοο
2799 2001 2882 2049 est
2910 1993 3264 2066 mysterium,
3301 2003 3491 2067 gentes
3515 2009 3630 2050 esse

2025 2083 2340 2141 cohaeredes
2391 2083 2773 2156 promissionis
2833 2083 3022 2139 Israeli
3094 2082 3278 2151 factae,
3353 2084 3628 2155 simulque

2024 2174 2331 2247 participes.
2366 2172 2710 2243 Erant:enim
2751 2172 3430 2246 participespromissionis
3459 2176 3633 2230 Israe-

2027 2264 2157 2333 litzc,
2185 2279 2286 2321 ceu
2312 2279 2449 2337 gens
2474 2272 2679 2320 saneta.
2723 2265 2795 2319 Et
2847 2271 3040 2335 gentes
3086 2262 3353 2319 hactenus
3403 2263 3633 2335 impurae

2031 2352 2195 2427 hujus
2223 2369 2331 2410 una
2357 2370 2487 2410 cum
2519 2352 2647 2426 ipsis
2687 2352 2977 2426 participes
3018 2351 3264 2410 fuerunt.
3314 2356 3389 2409 At
3419 2368 3524 2425 qua
3550 2368 3635 2408 ra-

2030 2443 2216 2499 tione?
2250 2466 2275 2492 α
2305 2446 2367 2499 In
2396 2443 2636 2512 Christo,
2686 2465 2712 2492 ι»
2745 2442 2852 2499 hoc
2895 2450 2997 2511 est,
3030 2458 3127 2515 per
3176 2441 3343 2499 ﬁdem
3388 2443 3449 2499 in
3476 2442 3633 2498 Chri-

2032 2540 2202 2600 stum,
2248 2548 2373 2606 qum
2420 2548 2515 2601 per
2542 2531 2895 2605 Evangelium
2936 2531 3067 2602 ipsis
3107 2531 3327 2604 obtigit.
3359 2534 3474 2587 Nec
3499 2532 3634 2587 satis

2032 2623 2109 2679 illi
2160 2622 2261 2679 fuit
2304 2622 2506 2688 dicere,
2551 2621 2894 2687 Celimrcdes,
2948 2621 3222 2694 simulque
3267 2620 3557 2693 participes
3614 2640 3629 2678 :

2031 2729 2223 2769 verum
2250 2720 2313 2769 ut
2343 2711 2547 2768 indicet
2589 2727 2849 2783 magnam
2889 2711 3360 2784 propinquitatem
3391 2720 3448 2767 et
3472 2711 3629 2766 unio-

2032 2819 2182 2872 nem,
2219 2822 2248 2856 α
2271 2801 2595 2875 Corporales
2626 2824 2652 2851 ι
2682 2802 2853 2873 388
2881 2802 3046 2858 etiam
3066 2799 3235 2857 dixit.
3262 2802 3454 2856 Unum
3482 2801 3632 2856 enim

2032 2909 2234 2967 corpus
2278 2891 2408 2950 facti
2455 2899 2588 2949 sunt
2648 2890 2849 2948 ethnici
2904 2906 3033 2947 cum
3095 2890 3355 2947 lsraelitis
3406 2891 3628 2960 sanctis,

2035 2983 2137 3041 sub
2166 3000 2278 3040 uno
2305 2982 2485 3056 capite
2510 2981 2733 3039 Christo
2769 2989 3117 3038 contentum.

2105 3077 2288 3132 Vens.
2320 3079 2371 3129 7.
2408 3096 2435 3123 σι
2466 3073 2635 3145 Cujus
2663 3071 2840 3129 factus
2868 3087 2993 3128 sum
3021 3070 3275 3128 minister
3304 3086 3399 3144 per
3423 3069 3633 3127 donum

2036 3165 2224 3238 gratim
2252 3163 2380 3231 Dei,
2402 3161 2552 3236 quod
2583 3162 2778 3220 datum
2810 3170 2894 3220 est
2923 3161 3063 3218 mihi
3105 3160 3414 3219 secundum
3441 3177 3639 3233 opera-

2035 3256 2252 3312 tionem
2280 3254 2542 3327 potentia:
2575 3253 2714 3326 ejus.
2760 3275 2786 3302 ιο
2837 3251 3113 3325 Evangelii
3156 3250 3334 3309 factus
3370 3267 3496 3307 sum
3533 3251 3640 3306 mi-

2035 3346 2228 3415 nister,
2254 3353 2313 3401 et
2354 3342 2567 3399 vinctus
2599 3358 2724 3399 sum
2770 3342 2942 3415 ipsius
2988 3340 3164 3414 gratia
3213 3360 3229 3398 :
3279 3357 3471 3398 verum
3526 3356 3641 3396 non

2036 3449 2227 3492 meum
2264 3449 2407 3506 opus
2443 3441 2527 3489 est
2567 3431 2766 3496 isthue,
2809 3431 2906 3489 sed
2946 3430 3158 3488 donum
3187 3429 3389 3488 divinae
3424 3430 3638 3503 gratiae,

2034 3538 2159 3596 quae
2181 3517 2312 3580 'data
2335 3530 2420 3579 est
2446 3520 2604 3590 mihi,
2629 3536 2742 3577 non
2769 3519 3111 3593 simpliciter,
3138 3535 3318 3593 neque
3356 3534 3639 3592 perparce,

2037 3612 2135 3670 sed
2157 3620 2412 3684 potenter
2435 3618 2491 3666 et
2512 3610 2830 3677 liberaliter,
2859 3624 2923 3665 ac
2954 3616 3221 3682 tanquam
3245 3609 3361 3682 jam
3384 3616 3644 3680 operetur

2038 3705 2210 3759 Deus.
2236 3701 2357 3769 Vel,
2384 3698 2833 3773 quandoquidem
2862 3697 3088 3755 donavit
3133 3697 3267 3753 mihi
3297 3700 3448 3754 Deus
3474 3697 3643 3754 hocce

2038 3791 2428 3861 ministerium,
2483 3789 2709 3861 largitus
2737 3796 2820 3845 est
2872 3787 3076 3859 pariter
3133 3787 3273 3843 mihi
3317 3787 3640 3859 potentiam.

2038 3886 2180 3939 Nam
2211 3897 2327 3937 non
2360 3879 2495 3937 satis
2541 3879 2738 3936 fuisset
2764 3878 3087 3947 auctoritas,
3116 3877 3226 3934 nisi
3246 3875 3463 3949 adjecta
3494 3885 3642 3933 esset

2038 3970 2300 4046 potentia.
2330 3969 2458 4025 Tria
2488 3976 2707 4041 oportet
2742 3983 2846 4023 nos
2874 3965 3071 4024 afferre
3108 3974 3164 4023 et
3189 3966 3540 4023 contribuere
3569 3964 3640 4022 ad

2040 4060 2429 4123 ministerium,
2476 4058 2721 4114 animam
2781 4055 3152 4130 periculorum
3194 4062 3502 4121 amantem,
3555 4068 3643 4112 sa-

2038 4150 2308 4224 pientiam
2368 4156 2425 4206 et
2483 4147 2845 4214 intellectum,
2895 4147 3178 4219 vitamque
3232 4145 3574 4218 inculpatum
3625 4163 3638 4200 :

2038 4245 2191 4299 Deus
2235 4248 2420 4297 autem
2460 4239 2719 4294 virtutem
2760 4236 2912 4305 dare,
2956 4253 3056 4308 per
3086 4250 3255 4309 quam
3297 4236 3417 4293 haec
3461 4234 3644 4293 omnia

2041 4329 2281 4388 efﬁcacia
2310 4329 2444 4386 sint.

2115 4424 2291 4478 Vens.
2317 4426 2373 4476 8.
2406 4443 2434 4470 υ
2466 4418 2600 4475 Mihi
2629 4403 2860 4475 minimo
2884 4415 3142 4477 omnium
3170 4424 3488 4475 sanctorum
3518 4415 3644 4473 data

333 4504 368 4572 ἡ
422 4502 577 4581 χάρις
620 4501 776 4575 αὕτη.
824 4524 855 4562 ι)
895 4503 1118 4577 Ἐπειδὴ
1158 4504 1343 4582 μέλλει
1389 4505 1558 4585 λέγειν
1600 4507 1661 4563 τὸ
1716 4504 1935 4585 μέγεθος

2042 4520 2125 4568 est
2149 4511 2323 4584 gratia
2352 4510 2490 4568 haec.
2521 4532 2549 4561 υ
2592 4508 2730 4580 Quia
2775 4508 2940 4566 verba
2983 4507 3230 4565 facturus
3257 4515 3340 4565 est
3364 4507 3432 4563 de
3458 4507 3648 4579 gratim

334 4580 431 4662 τῆς
460 4591 603 4660 θείας
650 4591 886 4673 χάριτος,
917 4592 999 4654 ἴδε
1027 4594 1081 4653 τί
1112 4580 1537 4674 ταπεινοφρονιῗιν
1574 4580 1933 4676 περὶὲαυτοῢ

2042 4580 2556 4675 Dei'amplitudine,
2584 4599 2710 4655 vide
2728 4607 2929 4671 quanta
2951 4596 3222 4654 modestia
3244 4595 3314 4653 de
3341 4610 3399 4651 se
3421 4595 3535 4666 ipse
3562 4594 3646 4648 lo-

333 4680 499 4759 λέγει.
553 4680 713 4742 Μετὰ
752 4682 856 4764 γὰρ
906 4682 975 4742 τὰ
1017 4690 1254 4744 τοσαῦτα
1304 4683 1696 4765 κατορθώματα
1745 4687 1935 4766 ἐλαχι-

2043 4699 2265 4765 quatur.
2314 4694 2451 4747 Post
2481 4688 2637 4746 enim
2678 4697 2764 4745 tot
2811 4687 3070 4759 praeclara
3110 4685 3371 4752 facinora,
3401 4683 3645 4754 scipsum

334 4770 579 4851 στότερον
619 4771 806 4832 ἑαυτὸν
851 4773 1006 4832 καλεῖ
1036 4774 1090 4813 ²⁴
1103 4819 1125 4853 ,
1177 4775 1235 4834 οὗ
1273 4775 1377 4832 τῶν
1421 4775 1752 4849 ἀποστόλων,
1798 4774 1938 4837 ἀλλὰ

333 4858 549 4919 πάντων
577 4864 681 4921 τῶν
712 4860 903 4941 ἁγίων,
936 4862 1199 4938 τουτέστι,
1244 4865 1351 4922 τῶν
1394 4867 1622 4927 πιστῶν.
1670 4867 1844 4926 Τοῦτο
1880 4864 1937 4926 δὲ

338 4953 538 5026 μεῖζον,
593 4947 716 5011 ὅσον
769 4974 832 5031 γε
873 4954 947 5021 εἷς
991 4952 1474 5035 ταπεινοφροσύνης
1513 4952 1567 4989 2⁵
1611 4954 1787 5035 λόγον,
1830 4961 1941 5030 τοῦ,

340 5066 361 5091 τι
389 5041 509 5099 οὖκ
539 5038 648 5120 εἰμὶ
678 5040 861 5110 ἱκανὸς
899 5043 1182 5103 καλεῖσθαι
1206 5042 1261 5083 ²⁶
1290 5041 1599 5112 ἀπόστολος.
1628 5072 1654 5098 η

419 5156 445 5181 σι
472 5131 567 5190 Ἐν
613 5130 724 5199 τοῖς
769 5130 969 5193 ἔθνεσιν
1015 5132 1472 5214 εὐαγγελίσασθαι
1512 5133 1603 5194 τὸν
1644 5131 1940 5215 ἀνεξιχνία-

338 5239 460 5279 στον
509 5220 737 5278 πλοῦτον
784 5226 880 5281 τοῦ
924 5224 1182 5303 Χριστοῦ.
1234 5252 1260 5278 ιι
1308 5221 1451 5283 Ποία
1502 5222 1693 5307 χάρις,
1743 5221 1939 5304 φησὶν,

2044 4781 2346 4838 minimum
2388 4778 2644 4853 appellat,
2683 4794 2799 4834 non
2839 4777 3235 4848 apostolorum,
3277 4777 3373 4831 sed
3395 4772 3646 4829 omnium

2042 4880 2384 4939 sanctorum,
2433 4868 2541 4926 hoc
2584 4876 2687 4936 est,
2728 4866 2995 4924 ﬁdelium.
3043 4868 3166 4922 Hoc
3193 4872 3407 4933 autem,
3438 4862 3484 4918 si
3532 4877 3652 4918 mo-

2046 4960 2285 5019 destiam
2309 4967 2550 5033 spectes,
2595 4957 2775 5031 majus
2804 4965 2888 5013 est
2915 4956 3033 5023 illo,
3088 4976 3116 5005 α
3146 4956 3272 5011 Non
3302 4969 3424 5010 sum
3452 4952 3651 5025 dignus

2046 5052 2235 5109 vocari
2262 5048 2545 5123 apostolus
2566 5057 2615 5104 ν.
2652 5070 2679 5097 υ
2806 5116 2821 5127 Γ

2123 5164 2151 5192 α
2180 5142 2243 5197 In
2276 5137 2532 5213 gentibus
2576 5130 2948 5208 evangelizarc
2999 5130 3527 5206 impervestigabiles
3569 5128 3648 5187 di-

2048 5231 2209 5289 vitias
2233 5229 2453 5288 Christi.
2489 5251 2516 5279 ι
2543 5227 2759 5298 Qualis,
2791 5225 2985 5297 inquit,
3014 5223 3188 5298 gratia
3217 5223 3344 5280 data
3367 5230 3453 5278 est
3480 5219 3652 5277 mihi?

339 5308 493 5382 ἐδόθη
527 5332 651 5387 μοι;
683 5336 708 5364 α
736 5310 818 5372 Τὸ
860 5313 914 5372 ἐν
944 5319 1053 5381 τοῖς
1094 5313 1296 5374 ἔθνεσιν
1325 5313 1784 5394 εὐαγγελίσασθαι·
1828 5341 1854 5368 ι
1894 5315 1944 5375 οἱ

2050 5324 2131 5380 Ut
2160 5321 2220 5378 in
2244 5318 2503 5393 gentibus
2529 5316 2823 5390 praedicem
2848 5314 3223 5388 Evangelium.
3249 5311 3355 5370 Alii
3380 5311 3532 5369 enim
3552 5310 3656 5365 cir-

343 5396 441 5474 μὲν
477 5397 581 5478 γὰρ
613 5399 767 5461 ἄλλοι
815 5404 886 5470 εἷς
931 5402 1030 5476 τὴν
1084 5402 1404 5485 περιτομὴν,
1455 5401 1612 5471 αὐτὸς
1660 5403 1716 5463 δὲ
1760 5405 1832 5472 εἰς
1876 5403 1944 5463 τὰ

2052 5409 2394 5480 cumcisioni,
2425 5408 2544 5482 ipse
2570 5422 2699 5464 vero
2739 5404 2997 5478 gentibus
3032 5402 3399 5476 Evangelium
3438 5416 3659 5457 annun-

343 5486 485 5562 ἔθνη.
517 5487 691 5550 Ὥστε
732 5490 949 5573 χάριτος
995 5493 1163 5553 ἐδεῖτο
1190 5492 1252 5554 τὸ
1298 5492 1389 5554 τὸν
1432 5491 1838 5575 ἐλαχιστότερον
1875 5491 1944 5554 τὰ

2053 5501 2244 5561 tiabat.
2279 5497 2515 5558 Proinde
2549 5497 2722 5572 gratia
2747 5494 3041 5570 indigebat,
3065 5508 3196 5551 cum
3221 5489 3425 5550 minori
3447 5489 3662 5563 majora

427 5653 457 5682 τι
480 5647 602 5704 Act.
628 5661 685 5713 κ,
722 5650 775 5704 3.
863 5647 936 5706 "I
965 5648 1095 5707 Cor.
1136 5664 1240 5721 xv,
1272 5654 1330 5708 9.

1746 5721 1936 5787 Varie
1975 5722 2284 5786 lectiones.

417 5832 464 5870 ”
487 5832 737 5909 ἐνήργησε
769 5851 823 5895 o.
895 5837 939 5874 ”
966 5837 1222 5894 ἀποκαλεῖ
1245 5854 1300 5900 o.
1375 5837 1422 5878 ³⁸
1444 5841 1864 5916 μετριοφροσῦνης
1889 5858 1946 5903 ο.
2020 5841 2065 5878 ³⁸
2087 5841 2334 5911 κληθῆναι
2360 5855 2416 5896 0.
