4124 6430
514 482 638 534 1οῖ1

1531 483 1572 537 Τ
1578 482 2046 541 HEOPHYLACTI
2089 483 2450 541 BULGARIAE
2488 480 2799 538 ARCHIEP.

3678 478 3815 532 1072

505 604 874 664 crederentur.
920 606 1059 663 Cum
1105 606 1253 663 enim
1279 606 1384 680 ipsi
1404 607 1717 681 iujunctum
1752 619 1899 669 esset
1925 620 1987 670 ut
2012 613 2101 669 in-

2223 611 2389 688 μείζω
2433 612 2804 681 πιστευθῆναι.
2855 605 2924 669 Ὀ
2968 605 3072 687 γὰρ
3121 603 3243 675 τοὺς
3292 604 3534 685 χείρονας
3578 600 3822 681 ἐπιστρέ-

508 692 737 752 feriores
792 702 849 752 et
892 695 1104 767 pejores
1143 694 1215 752 ad
1266 695 1547 754 Christum
1599 709 1960 772 converteret,
2015 718 2111 775 per

512 786 618 842 hoc
644 786 825 858 ipsum
841 801 1075 859 magnus
1110 785 1371 856 efﬁcitur,
1398 788 1491 861 qui
1512 805 1718 861 parvus
1767 791 2062 851 videbatur
2090 812 2107 864 ;

515 874 702 947 gratim
730 874 897 948 igitur
924 873 981 930 id
1017 890 1155 947 opus
1186 884 1295 933 est.
1348 877 1406 934 Si
1455 886 1642 936 autem
1693 880 2111 955 impervestiga-

512 964 648 1020 biles
682 971 812 1021 sunt
849 963 1056 1022 divitiae
1082 964 1252 1037 ipsius
1292 976 1585 1040 postquam
1633 970 1797 1027 nobis
1836 972 2109 1044 apparuit,

512 1060 719 1126 quanto
746 1053 922 1128 magis
955 1054 1190 1111 essentia
1221 1055 1373 1127 ejus?
1402 1058 1696 1127 Quomodo
1735 1060 1903 1133 igitur
1933 1064 2115 1118 Euno-

514 1142 660 1201 mius
683 1157 745 1201 se
772 1143 939 1201 istam
967 1143 1451 1216 comprehendisse
1477 1146 1752 1219 jactabat?

583 1233 764 1291 Vens.
789 1239 846 1290 9.
878 1255 905 1283 α
932 1236 1006 1291 Et
1034 1232 1344 1292 illuminare
1372 1251 1591 1306 omnes,
1620 1253 1748 1311 quas
1776 1238 1849 1297 sit
1879 1239 2108 1314 dispen-

513 1324 652 1382 satio
702 1322 946 1397 mysterii
978 1322 1285 1380 absconditi
1335 1339 1367 1381 a
1391 1326 1611 1385 saeculis
1638 1327 1695 1385 in
1725 1332 1862 1387 Deo.
1891 1348 1921 1384 η
1949 1329 2110 1403 Quod

510 1422 704 1488 gentes
750 1413 973 1487 quidem
1023 1413 1282 1472 vocandae
1333 1424 1509 1487 erant,
1559 1427 1827 1475 noverant
1877 1417 2111 1477 fortasse

510 1520 609 1577 per
654 1504 919 1577 Spiritum
964 1521 1092 1561 cum
1158 1505 1459 1577 propheta,
1501 1515 1626 1565 tum
1671 1508 1849 1582 angeli
1897 1527 1913 1566 :
1960 1510 2109 1583 quod

512 1608 640 1649 vero
669 1592 738 1649 ad
766 1600 919 1649 tanta
947 1593 1113 1659 bona,
1140 1603 1198 1651 et
1224 1594 1292 1652 ad
1323 1595 1630 1652 sedendum
1652 1612 1817 1671 super
1844 1596 2105 1655 thronum

510 1682 634 1750 Dei,
666 1684 808 1755 quis,
838 1699 1047 1756 quaeso,
1094 1684 1199 1742 hoc
1240 1691 1636 1758 exspectasset?
1681 1689 1822 1744 Eam
1865 1688 1939 1745 ob
1988 1704 2107 1745 rem

510 1793 539 1823 σι
579 1772 903 1845 mysterium
933 1797 959 1824 ι
992 1773 1098 1831 hoc
1135 1783 1313 1843 vocat,
1344 1798 1372 1826 α
1411 1774 1470 1831 in
1499 1779 1621 1834 Deo
1648 1776 2043 1835 absconditum
2075 1795 2105 1835 ο

505 1861 738 1931 saeculis,
770 1884 796 1913 ι
836 1862 944 1920 hoc
970 1872 1073 1933 est,
1099 1872 1259 1922 antea
1302 1872 1359 1922 et
1386 1881 1419 1922 a
1446 1866 1720 1939 principio
1754 1886 1767 1923 :
1802 1883 1914 1924 non
1952 1867 2101 1926 enim

504 1967 694 2009 recens
716 1960 801 2009 est
827 1951 948 2011 haec
974 1953 1332 2028 dispensatio,
1373 1963 1431 2011 et
1452 1955 1555 2027 ipsi
1587 1956 1691 2013 soli
1720 1958 1966 2031 cognita.

503 2132 608 2205 ἕξει
639 2132 747 2204 Qui
782 2135 970 2191 omnia
997 2135 1201 2192 creavit
1232 2150 1328 2208 per
1355 2138 1543 2193 Jesum
1573 2136 1871 2193 Christum.
1917 2161 1942 2187 υ
1986 2138 2112 2195 Pul-

505 2223 637 2280 chre
665 2224 953 2282 creationis
979 2224 1260 2282 meminit.
1297 2225 1401 2297 Qui
1443 2226 1593 2283 enim
1623 2227 1809 2283 omnia
1837 2226 2104 2295 condidit,

505 2315 678 2382 Deus,
709 2313 910 2385 inquit,
937 2321 1023 2371 est
1064 2330 1159 2387 per
1187 2314 1495 2385 Christum,
1540 2316 1671 2373 Sine
1707 2316 1855 2389 ipsos
1878 2317 2046 2386 enim,
2080 2340 2105 2366 ιι

505 2403 704 2475 inquit,
748 2402 991 2460 «factum
1040 2411 1125 2461 est
1168 2404 1300 2461 nihil
1327 2413 1396 2462 ιε
1448 2428 1473 2455 ι
1516 2414 1571 2462 et
1612 2407 1721 2463 hoc
1765 2422 1860 2479 per
1921 2406 2105 2481 ipsum

502 2491 728 2549 revelat.

577 2583 747 2656 389
766 2586 942 2641 Vens.
970 2589 1056 2640 10.
1085 2585 1209 2641 «Ut
1226 2584 1530 2642 innotescat
1547 2600 1694 2642 nunc
1714 2583 2107 2657 principatibus

505 2682 561 2729 et
592 2673 953 2744 potestatibus
976 2672 1030 2729 in
1055 2672 1370 2730 caelestibus
1386 2688 1480 2746 per
1507 2673 1807 2731 Ecelesiam
1841 2672 2108 2731 multifor-

500 2761 608 2817 mis
635 2761 894 2834 sapientia
924 2762 1054 2819 Dei.
1097 2785 1125 2813 ι
1151 2765 1346 2836 Neque
1373 2763 1685 2835 superiores
1709 2763 2105 2836 principatuset

503 2859 819 2922 potestates,
857 2867 1034 2923 neque
1063 2851 1351 2909 inferiores
1377 2861 1575 2909 norant
1617 2853 1943 2926 mysterium
1987 2853 2106 2925 glo-

499 2941 596 2996 riae
629 2941 897 3013 gentium.
934 2940 1156 2997 Etenim
1181 2940 1358 3013 angeli
1399 2949 1454 2997 et
1486 2941 1802 3013 archangeli
1838 2942 1946 2999 hoc
1990 2950 2110 2999 tan-

499 3038 615 3086 tum
642 3028 809 3086 modo
842 3038 1189 3101 compertum
1235 3029 1531 3099 habebant,
1568 3030 1718 3103 quod
1751 3032 1915 3089 Israel
1956 3038 2101 3089 esset

502 3135 626 3190 pars
653 3120 903 3189 Domini,
934 3119 1181 3192 adeoque
1206 3120 1439 3192 populus
1462 3119 1651 3192 ipsius.
1684 3121 1902 3179 Gabriel
1939 3138 2102 3194 porro

502 3207 608 3264 hoc
634 3217 849 3264 tantum
896 3216 1078 3275 norat,
1119 3206 1270 3281 quod
1306 3219 1624 3265 servaturus
1667 3218 1810 3267 esset
1840 3212 2103 3283 populum

502 3312 664 3353 suum
691 3313 722 3353 a
761 3297 993 3369 peccatis
1028 3296 1161 3354 suis.
1213 3297 1374 3369 Quod
1420 3307 1606 3355 autem
1648 3310 1837 3372 gentes
1879 3309 2097 3359 tantum

408 3390 411 3393 ’
503 3387 770 3443 honorem
801 3395 1287 3458 consequerentur,
1332 3403 1483 3444 nunc
1512 3397 1719 3445 norunt
1758 3398 1813 3446 et
1843 3406 2097 3463 supernae

501 3478 758 3549 potentiae
784 3486 838 3534 et
881 3476 1127 3546 inferum,
1179 3493 1275 3549 per
1320 3479 1644 3548 Ecclesiam,
1704 3478 1810 3537 hoc
1845 3489 1949 3548 est,
2003 3498 2096 3554 per

503 3566 762 3624 beneﬁcia
791 3583 916 3640 qua}
946 3566 1100 3624 nobis
1143 3576 1271 3624 sunt
1297 3568 1515 3625 collata.
1554 3571 1696 3625 Nam
1724 3579 1911 3627 nostra
1933 3570 2097 3628 bene-

505 3658 626 3713 ﬁcia
651 3674 774 3730 quae
800 3656 1043 3730 magistri
1068 3665 1197 3714 sunt
1218 3657 1285 3714 iis
1303 3658 1590 3731 sapientia:
1618 3660 1734 3716 Dei.
1762 3663 1887 3717 Non
1908 3671 2095 3719 autem

498 3747 984 3819 illamsimpliciter
1023 3747 1231 3804 variam
1280 3747 1434 3817 dicit,
1501 3748 1620 3815 sed,
1670 3748 2094 3822 multiformem,

497 3839 612 3893 sive
658 3836 969 3894 admodum
989 3837 1195 3894 variam
1233 3835 1531 3894 artiﬁcium
1564 3838 1854 3913 ejusatque
1880 3839 2097 3899 incom-

498 3927 1019 4000 prehensibilitatem
1057 3925 1388 3999 signiﬁcans.
1415 3927 1718 3995 Gregorius
1743 3938 1927 3987 autem
1958 3934 2099 4006 Nys-

497 4033 684 4087 senus,
728 4020 872 4074 Ante
914 4016 1378 4081 incarnationem,
1420 4016 1619 4089 inquit,
1651 4019 1952 4089 simplicem
1991 4038 2099 4079 no-

496 4122 615 4163 ram
653 4107 902 4163 ccelestes
927 4105 1159 4161 virtutes
1190 4104 1509 4176 sapientiam
1546 4107 1673 4177 Dei,
1720 4123 1920 4181 nempe
1948 4110 2097 4183 quod

499 4194 686 4251 omnia
721 4196 835 4251 sola
884 4209 984 4249 sua
1039 4193 1321 4250 voluntate
1373 4194 1679 4253 condiderit
1726 4196 2097 4270 deprehende-

499 4285 739 4355 bantque
779 4300 908 4340 eum
934 4298 1053 4338 esse
1097 4290 1409 4355 potentem,
1452 4284 1710 4358 quodque
1743 4290 1928 4345 omnia
1966 4305 2099 4346 con-

501 4381 742 4429 servaret
777 4371 1010 4443 sapienti
1032 4372 1430 4443 gubernatione
1460 4392 1475 4431 :
1520 4390 1585 4431 ac
1621 4376 1926 4449 sapientem
1951 4394 2100 4435 cura-

499 4478 691 4530 orem,
728 4462 822 4536 qui
873 4461 1211 4534 prospiceret
1246 4461 1433 4532 rebus,
1476 4467 1846 4538 agnoscebant
1884 4485 1900 4522 :
1937 4467 2095 4524 nihil-

2219 723 2335 784 φειν
2384 699 2601 814 regesti;
2643 698 2782 758 κατὰ
2842 701 2999 756 τοῦτο
3049 694 3180 756 αὐτὸ
3232 694 3400 773 μέγας
3440 693 3667 772 γίνεται,
3716 691 3820 751 κᾶν

2333 787 2371 814 Α
2539 785 2604 814 rt
2644 779 2701 814 3'1
2753 786 2985 814 v1---”
3019 774 3104 814 -33-.
3138 785 3193 814 ,ι
3228 792 3453 814 ..-ει--.-..
3516 784 3582 814 In
3633 781 3684 814 Μ
3726 785 3789 814 α..

2220 774 2407 870 μικρὸς
2437 774 2503 861 ἦν
2753 786 2987 867 Χάριτος
3014 774 3105 845 οὖν
3136 785 3199 845 τὸ
3226 792 3477 863 πρᾶγμα.
3516 784 3583 843 Εἰ
3630 781 3686 841 δὲ
3725 785 3823 841 ἆν-

2217 877 2546 958 εξιχνίαστος
2588 880 2617 936 ὁ
2667 880 2891 943 πλοῦτος
2941 876 3106 935 αὐτοῦ
3149 875 3240 933 καὶ
3289 871 3428 948 μετὰ
3457 870 3519 932 τὸ
3561 874 3821 954 φανῆναι,

2215 966 2369 1049 πόσῳ
2417 966 2470 1006 ²⁷
2510 966 2714 1046 μᾶλλον
2747 969 2783 1038 ἡ
2810 965 2994 1039 οὐσία,
3027 966 3149 1031 Πῶς
3173 962 3347 1024 τοίνυν
3392 960 3652 1040 Εὗνόμιος
3677 960 3820 1021 ταύ-

2216 1080 2313 1129 την
2346 1056 2673 1116 καταλαϐεῖν
2708 1054 2978 1133 ἐκόμπαζε
2996 1078 3011 1128 ;

2308 1255 2337 1293 ιι
2370 1234 2479 1297 Καὶ
2508 1234 2740 1316 φωτίσαι
2783 1234 3009 1306 πάντας,
3056 1232 3134 1300 τίς
3180 1234 3215 1304 ἡ
3266 1230 3544 1310 οἰκονομία
3582 1236 3676 1292 τοῦ
3713 1254 3819 1310 μυ·

2216 1325 2436 1405 στηρίου
2484 1330 2578 1385 τοῦ
2609 1322 3088 1404 ἀποκεκρυμμένου
3134 1320 3243 1380 ἀπὸ
3268 1326 3374 1382 τῶν
3419 1320 3626 1381 αἰώνων
3657 1322 3711 1381 ἐν
3739 1324 3820 1402 τῷ

2214 1415 2363 1497 Θεῷ.
2402 1440 2427 1469 ι
2453 1411 2587 1476 Ὅτι
2636 1413 2733 1492 μὲν
2784 1413 2888 1495 γὰρ
2927 1412 3287 1486 κληθήσονται
3327 1411 3395 1472 τὰ
3432 1411 3574 1485 ἔθνη,
3619 1411 3819 1492 ᾔδεσαν

2214 1502 2341 1572 ἴσως
2370 1501 2458 1564 διὰ
2488 1508 2582 1564 τοῦ
2629 1501 2946 1581 Πνεύματος
2978 1501 3071 1561 καὶ
3113 1505 3164 1561 οῖ
3209 1505 3478 1583 προφῆται
3507 1501 3598 1561 καὶ
3637 1504 3686 1561 οἱ
3723 1500 3822 1580 ἄγα-

2213 1596 2384 1672 γελοι·
2413 1590 2495 1653 ὅτι
2527 1591 2582 1652 δὲ
2611 1592 2700 1653 ἐπὶ
2728 1592 3001 1666 τοιούτοις,
3028 1589 3122 1651 καὶ
3155 1589 3293 1651 ὥστε
3322 1590 3412 1652 ἐπὶ
3439 1589 3493 1630 ³⁸
3522 1589 3611 1650 τὸν
3639 1589 3820 1671 θρόνον

2213 1681 2434 1743 καθίσαι
2482 1682 2573 1743 τὸν
2609 1687 2702 1742 τοῦ
2754 1684 2924 1762 Θεοῦ,
2970 1685 3127 1741 τοῦτο
3175 1678 3254 1748 τίς
3305 1679 3369 1739 ἂν
3426 1679 3821 1760 προσεδόκησας

2214 1771 2318 1833 Διὰ
2367 1776 2524 1833 τοῦτο
2569 1770 2865 1851 μυστήριον
2906 1770 3036 1832 αὖτὸ
3077 1772 3231 1830 καλεῖ
3263 1772 3316 1830 ἓν
3364 1772 3442 1852 τῷ
3469 1772 3597 1852 Θεῷ
3627 1771 3823 1830 ἀποκε-

2218 1861 2521 1943 κρυμμένον
2581 1862 2688 1922 ἀπὸ
2732 1860 2786 1900 ²⁰
2833 1863 2939 1920 τῶν
2990 1859 3217 1920 αἰώνων·
3265 1860 3567 1933 τουτέστιν,
3621 1859 3822 1919 ἄνωθεν

2145 1962 2194 2026 Β
2222 1949 2314 2010 καὶ
2352 1951 2405 2021 ἐξ
2437 1954 2623 2032 ἀρχῆς.
2671 1953 2754 2012 Οὔ
2799 1950 2904 2032 γὰρ
2934 1949 3239 2032 πρόσφατός
3287 1950 3430 2009 ἐστιν
3461 1953 3496 2023 ἡ
3541 1948 3821 2028 οἰκονομία

2221 2040 2381 2117 αὕτη,
2413 2042 2502 2101 καὶ
2539 2042 2686 2122 αὐτῷ
2714 2040 2859 2123 μόνῳ
2885 2036 3274 2119 γινωσκομένη.

2301 2156 2327 2183 α
2356 2134 2454 2211 Τῷ
2500 2130 2570 2190 τὰ
2620 2129 2799 2189 πάντα
2841 2128 3085 2189 κτίσαντι
3136 2128 3224 2187 διὰ
3273 2128 3451 2201 Ἰησοῦ
3490 2127 3741 2209 Χριστοῦ.
3784 2152 3818 2186 ι

2222 2221 2414 2289 Καλῶς
2459 2219 2679 2289 κτίσεως
2705 2218 3115 2298 ἐμνημόνευσεν·
3162 2221 3190 2277 ὁ
3230 2217 3333 2300 γὰρ
3374 2216 3442 2277 τὰ
3486 2217 3662 2278 πάντα
3708 2218 3823 2278 κτί-

2217 2332 2337 2384 σας,
2385 2308 2544 2385 Θεὸς,
2596 2307 2761 2392 φησὶ,
2808 2312 2897 2371 διὰ
2943 2314 3038 2370 τοῦ
3086 2310 3342 2386 Χριστοῦ.
3403 2333 3429 2361 α
3485 2307 3668 2389 Χωρὶς
3716 2306 3822 2390 γὰρ

2218 2400 2405 2476 αὐτοῦ,
2443 2423 2474 2457 ››
2513 2399 2663 2479 φησὶ,
2699 2421 2728 2458 (ι
2754 2398 2964 2479 γέγονεν
2991 2398 3110 2459 οὐδὲ
3142 2395 3217 2456 ἕν·
3246 2419 3277 2456 ›)
3317 2395 3409 2457 καὶ
3439 2401 3600 2457 τοῦτο
3628 2396 3698 2457 δι’
3730 2400 3825 2457 αὖ·

2215 2493 2306 2548 τοῦ
2339 2488 2732 2552 ἀποκαλύπτει.

2300 2607 2323 2630 ιι
2356 2576 2479 2641 Ἵνα
2524 2581 2791 2661 γνωρισθῇ
2839 2582 2929 2637 νῦν
2976 2578 3091 2645 ταῖς
3142 2578 3336 2659 ἀρχαῖς
3384 2576 3478 2637 καὶ
3516 2584 3631 2645 ταῖς
3674 2576 3819 2647 ἐξου-

2219 2666 2357 2737 σίαις
2390 2672 2445 2729 ἐν
2492 2676 2601 2737 τοῖς
2651 2666 2981 2749 ἐπουρανίοις
3013 2667 3102 2727 διὰ
3152 2671 3249 2740 τῆς
3284 2666 3613 2741 Ἐκκλησίας
3642 2670 3677 2739 ἡ
3720 2691 3820 2728 πο·

2214 2757 2518 2827 λυποίκιλος
2546 2757 2705 2840 σοφία
2732 2762 2829 2817 τοῦ
2856 2761 3020 2821 Θεοῦ.
3053 2778 3083 2815 »
3127 2754 3272 2817 Ούτε
3309 2759 3365 2816 αἱ
3391 2756 3502 2817 ἅνω
3530 2756 3695 2837 ἀρχαὶ
3723 2756 3819 2817 καὶ

2215 2846 2466 2921 ἐξουσίαι,
2515 2846 2634 2907 οὔτε
2685 2848 2741 2907 αἱ
2800 2846 2949 2906 κάτω
3007 2845 3203 2927 ᾔδεσαν
3260 2845 3322 2905 τὸ
3377 2845 3672 2927 μυστήριον
3722 2849 3819 2917 τῆς

2215 2936 2366 3010 δόξης
2395 2941 2499 2996 τῶν
2531 2939 2769 2996 ἐθνικῶν.
2804 2936 2913 2998 Καὶ
2952 2935 3053 3017 γὰρ
3096 2936 3190 2994 καὶ
3225 2934 3440 3015 ἄγγελοι
3474 2934 3817 3018 καὶμᾷρχάγ-

2213 3028 2359 3102 γελοι
2405 3031 2562 3086 τοῦτο
2612 3025 2771 3103 μόνον
2821 3015 3046 3106 ᾔδεσαν,
3099 3024 3181 3083 ὅτι
3223 3030 3251 3086 ὁ
3296 3024 3524 3105 Ἰσραὴλ
3571 3015 3647 3098 ἦν
3667 3015 3817 3105 μερὶς

2214 3114 2438 3196 Κυρίου,
2498 3116 2590 3176 καὶ
2630 3113 2758 3183 λαὸς
2804 3116 2989 3174 αὐτοῦ.
3029 3114 3139 3175 Καὶ
3188 3117 3218 3173 ὃ
3265 3117 3310 3176 Γ
3315 3113 3513 3196 αϐριήλ
3567 3113 3623 3174 δὲ
3663 3119 3818 3175 τοῦτο

2216 3204 2373 3284 μόνον
2421 3205 2726 3285 ἐγίνωσκεν,
2754 3200 2837 3263 ὅτι
2880 3203 3041 3265 σώσει
3074 3203 3163 3263 τὸν
3201 3204 3331 3264 λαὸν
3373 3205 3531 3265 αὐτοῦ
3570 3203 3679 3263 ἀπὸ
3710 3206 3819 3262 τῶν

2130 3272 2178 3338 C
2209 3267 2488 3376 αμαρτιῶν
2520 3267 2723 3355 «trav:
2765 3290 2898 3355 Ὅτι
2929 3294 2983 3353 δὲ
3035 3292 3126 3353 καὶ
3159 3293 3212 3353 οἱ
3261 3291 3455 3353 ἐθνικοὶ
3493 3292 3821 3367 τηλικαύτης

2206 3387 2366 3461 τιμῆς
2396 3383 2688 3456 τεύξονται,
2739 3386 2829 3441 νῦν
2876 3380 3117 3461 ἔγνωσαν
3166 3381 3258 3441 καὶ
3307 3384 3364 3441 αἱ
3405 3381 3514 3441 ἄνω
3564 3381 3819 3460 δυνάμεις

2204 3474 2297 3533 καὶ
2327 3475 2382 3532 αἱ
2412 3473 2580 3548 κάτω,
2613 3472 2701 3532 διὰ
2747 3476 2843 3545 τῆς
2872 3470 3227 3543 Ἐκκλησίας,
3268 3473 3532 3545 τουτέστι,
3586 3470 3677 3531 διὰ
3707 3475 3816 3530 τῶν

2205 3565 2277 3631 εἰς
2325 3567 2471 3640 ἡμᾶς
2535 3562 2854 3642 γενομένων.
2921 3562 2990 3620 Αἱ
3043 3564 3145 3639 γὰρ
3195 3562 3269 3629 εἰς
3316 3564 3463 3638 ἡμᾶς
3512 3559 3817 3640 εὐεργεσίαι

2205 3652 2520 3712 διδάσκαλοι
2573 3653 2749 3719 αὐτοῖς
2800 3651 3039 3728 ἐγένοντο
3101 3652 3195 3721 τῆς
3250 3650 3437 3731 σοφίας
3490 3654 3581 3709 τοῦ
3645 3652 3814 3713 Θεοῦ.

2205 3743 2330 3821 Οὐχ
2376 3742 2561 3810 ἅπλῶς
2610 3739 2668 3801 δὲ
2714 3738 2963 3811 ποικίλην
3014 3738 3181 3811 αὐτήν
3225 3762 3408 3818 φησιν,
3457 3739 3597 3799 ἀλλὰ
3644 3742 3819 3799 πολυ-

2205 3831 2474 3904 ποίκιλον,
2524 3831 2586 3891 τὸ
2631 3828 2926 3910 πάντεχνον
2979 3831 3141 3899 αὐτῆς
3185 3830 3357 3901 δηλῶν
3388 3827 3480 3887 καὶ
3513 3828 3815 3902 ἀκατανόηο

2202 3944 2313 3980 τον.
2347 3919 2417 3981 Ὁ
2451 3917 2506 3979 δὲ
2537 3918 2756 3991 Νύσσης
2787 3916 3096 4000 Γρηγόριος,
3131 3917 3246 3995 Πρὸ
3290 3916 3389 3995 μὲν
3420 3922 3517 3990 τῆς
3542 3920 3815 3998 ἐνανθρω-

2202 4010 2450 4084 πήσεως,
2516 4007 2711 4088 φησὶν,
2765 4006 2943 4081 ἁπλῆν
3002 4006 3056 4045 ³ο
3108 4007 3393 4088 ἐγίνωσκον
3452 4012 3509 4067 αἱ
3575 4006 3815 4087 οὐράνιοι

2201 4097 2447 4176 δυνάμεις
2492 4086 2590 4170 τὴν
2636 4096 2824 4179 σοφίαν
2869 4101 2964 4156 τοῦ
2995 4097 3160 4171 Θεοῦ,
3217 4086 3351 4169 οἷον,
3410 4086 3805 4176 ἐδημιούργησε

2199 4182 2268 4248 ’τὰ
2297 4186 2472 4246 πάντα
2503 4185 2715 4259 θελήσει
2746 4185 2903 4265 μόνῃ,
2937 4183 3029 4245 καὶ
3054 4184 3335 4245 κατενόουν
3367 4185 3525 4246 αὐτὸν
3553 4187 3800 4261 δυνατὸν,

2202 4278 2430 4358 διετήρει
2458 4276 2503 4315 ³⁸
2547 4275 2618 4335 τὰ
2646 4275 2823 4336 πάντα
2955 4279 3092 4356 σοιρῇ
3134 4273 3412 4349 διοικήσει,
3441 4274 3535 4334 καὶ
3562 4298 3803 4352 προνοη-

2204 4365 2300 4437 τὴν
2329 4367 2488 4447 σοφὸν
2532 4364 2583 4402 ³³
2612 4362 2980 4444 ἐπεγίνωσκον
3012 4362 3104 4422 καὶ
3147 4363 3295 4422 οὐδὲν
3342 4365 3396 4422 ἓν
3437 4363 3636 4432 τούτοις
3674 4388 3814 4424 ποι·-

2215 4455 2379 4516 κίλον’
2421 4453 2710 4530 τουτέστιν,
2743 4453 2876 4514 ἄλλο
2919 4452 3014 4529 μὲν
3063 4451 3145 4527 ὂν,
3205 4452 3337 4514 ἄλλο
3380 4454 3437 4513 δὲ
3485 4457 3813 4532 ἀπογεννῶν.

502 4566 610 4625 que
658 4522 716 4609 in
742 4522 846 4608 .his
873 4522 1104 4608 .vari‘um
1156 4560 1261 4621 est,
1311 4522 1431 4609 hoc,
1453 4522 1561 4622 est,
1592 4563 1653 4612 ut
1692 4522 1854 4613 aliud
1876 4555 2102 4630 quidem

2219 4544 2593 4626 Σαρκωθέντος
2641 4522 2707 4606 si
2728 4548 2824 4604 τοῦ
2853 4522 2996 4604 Θεοῦ
3034 4522 3230 4623 Λόγου,
3284 4541 3372 4602 διὰ
3415 4547 3520 4604 τῶν
3564 4522 3816 4603 ἐναντίων

500 4651 664 4713 esset,
713 4640 859 4699 aliud
897 4656 1026 4698 vero
1068 4639 1328 4698 efﬁceret.
1376 4643 1664 4703 lncarnato
1692 4653 1877 4703 autem
1918 4647 2102 4706 Verbo

504 4730 625 4799 Dei,
653 4747 749 4804 per
767 4730 1038 4788 contraria
1066 4737 1338 4788 transacta
1367 4740 1497 4789 sunt
1521 4735 1812 4805 contraria,
1838 4752 1935 4809 per
1955 4752 2104 4795 mor-

503 4832 612 4878 tem
643 4821 776 4890 vita,
823 4835 923 4893 per
966 4819 1400 4878 imbecillitatem
1449 4824 1711 4895 potentia,
1760 4841 1860 4898 per
1909 4836 2103 4884 contu-

503 4911 725 4967 meliam
753 4908 950 4982 gloria,
983 4924 1081 4981 per
1108 4909 1292 4966 omnia
1332 4910 1461 4968 vilia
1504 4920 1562 4968 et
1604 4913 1818 4987 abjecta
1871 4918 1989 4973 Deo
2018 4916 2101 4975 di-

498 5016 603 5073 gna
625 5008 682 5057 et
720 4998 999 5072 praeclara.
1032 5002 1193 5056 Hanc
1229 4998 1298 5056 ad
1318 5000 1587 5059 rationem
1615 5003 1977 5062 multiformis
2005 5021 2097 5062 sa-

498 5089 704 5163 pientia
730 5097 788 5147 et
832 5087 1074 5162 potentia
1115 5087 1217 5145 Dei
1261 5090 1575 5148 caelestibus
1622 5093 1922 5152 virtutibus
1953 5110 2099 5153 nunc

497 5179 712 5253 cognita
744 5187 847 5237 est.
900 5178 1134 5252 Quando
1179 5178 1329 5235 enim
1376 5196 1477 5238 nos
1527 5180 1837 5255 didicimus,
1876 5192 1998 5241 tum
2044 5193 2101 5243 et

2210 4634 2275 4694 τὰ
2323 4634 2537 4695 ἐναντία
2585 4632 2935 4714 κατωρθώθη,
2982 4632 3071 4692 διὰ
3123 4630 3348 4692 θανάτου
3379 4631 3510 4712 ζωὴ,
3549 4633 3617 4693 δι’
3658 4635 3820 4694 ἀσθε-

2207 4726 2349 4793 νείας
2402 4725 2653 4803 δύναμις,
2700 4725 2770 4784 δι’
2817 4720 3032 4800 ἀτιμίας
3089 4720 3240 4796 δόξα,
3305 4722 3392 4781 διὰ
3447 4722 3662 4784 πάντων
3709 4727 3818 4783 τῶν

2207 4817 2432 4875 εὐτελῶν
2513 4813 2582 4873 τὰ
2655 4817 2949 4894 θεοπρεπῆ.
3015 4810 3203 4878 Οὕτως
3265 4804 3355 4870 οὖν
3435 4813 3817 4882 πολυποίκιλος

2208 4902 2445 4983 ἐγνώσθη
2491 4906 2523 4976 ἡ
2556 4902 2716 4985 σοφία
2759 4900 2850 4962 καὶ
2881 4905 2915 4974 ἡ
2947 4899 3164 4978 δύναμις
3193 4905 3286 4961 τοῦ
3325 4904 3466 4963 Θεοῦ
3508 4910 3625 4969 ταῖς
3655 4904 3816 4982 οὖρα-

2204 4995 2332 5064 νίοις
2363 4992 2621 5072 δυνάμεσι
2651 4996 2764 5054 νῦν.
2796 4988 2934 5052 ⁰Οτε
2955 4989 3059 5071 γὰρ
3091 4996 3248 5065 ἡμεῖς
3269 4990 3555 5069 ἐμάθομεν,
3576 4991 3694 5052 τότε
3720 4997 3819 5051 κά-

2206 5086 2378 5143 κεῖναι
2400 5083 2467 5142 δι¹
2494 5086 2677 5159 ἡμῶν,
2704 5084 2907 5163 ὁρῶσαι
2930 5078 3028 5151 τὴν
3051 5078 3387 5153 Ἐκκλησίαν
3410 5081 3564 5141 τίνων
3590 5079 3817 5156 ἠξιώθη,

2204 5171 2296 5233 καὶ
2326 5171 2392 5231 δι’
2422 5171 2586 5245 αὐτῆς
2614 5174 2689 5241 εἷς
2723 5174 2916 5251 γνῶσιν
2946 5168 3328 5247 ὁδηγούμεναι.

497 5270 603 5327 illa),
643 5285 742 5343 per
793 5285 897 5327 nos
933 5277 1291 5343 agnoverunt,
1338 5285 1403 5327 ae
1445 5270 1689 5330 videntes
1723 5274 1944 5346 quantis
1975 5274 2137 5333 bonis
2171 5270 2418 5332 Ecclesia
2460 5269 2534 5328 sit
2573 5268 2796 5339 donata,
2840 5282 2939 5343 per
2984 5267 3164 5340 ipsam
3213 5267 3382 5326 etiam
3429 5267 3499 5324 ad
3541 5268 3811 5342 cognitio-

497 5375 629 5417 nem
668 5366 804 5416 sunt
836 5359 1133 5432 perductae.
1148 5420 1165 5431 η

567 5450 738 5509 Vnus.
781 5456 870 5507 11.
906 5468 937 5505 ι(
969 5452 1286 5512 Secundum
1311 5451 1731 5527 praeﬁnitionem
1766 5455 2101 5515 saeculorum

579 5588 785 5645 llJoan.
819 5601 864 5658 ι,
896 5591 953 5645 3.

2292 5475 2321 5507 ι
2367 5448 2527 5513 Κατὰ
2580 5449 2827 5535 πρόθεσιν
2868 5449 2972 5509 τῶν
3033 5447 3269 5525 αἶώνων,
3323 5447 3389 5522 ἣν
3440 5447 3690 5524 ἐποίησεν
3756 5451 3811 5509 ἐν

1898 5665 2089 5728 Varia
2129 5668 2440 5732 lectiones.

568 5760 614 5799 ³⁷
638 5762 815 5838 πολλῷ
843 5782 896 5822 0.
971 5762 1016 5802 ³⁸
1041 5764 1108 5831 εἶς
1129 5783 1185 5826 0.
1260 5768 1304 5806 ²⁹
1327 5771 1422 5844 πρὸ
1450 5788 1508 5832 ο.
1581 5770 1628 5810 ⁸ο
1653 5768 1821 5837 ἅπλῶς
1857 5789 1912 5832 ο.
1989 5774 2032 5812 δι
2066 5773 2137 5830 ἴσ.
2168 5774 2253 5829 καὶ
2275 5776 2354 5829 ὅτι
2380 5774 2591 5849 διετίο.
2668 5775 2712 5811 ³³
2732 5774 2906 5847 σοφίαν
2943 5790 2999 5832 ο.

1043 6393 2756 6422 Μ
