4124 6414
323 436 461 492 1073

1179 433 1533 492 EXPOSITIO
1572 435 1641 491 IN
1681 431 1892 493 EPIST.
1932 425 2024 485 AD
2105 421 2298 480 PHES.
2331 451 2401 466 —
2436 419 2588 477 CAP.
2631 419 2718 476 Ill.

3494 427 3630 483 1074

318 561 540 642 Χριστῷ
567 559 752 634 Ἰησοῦ
776 563 852 642 τῷ
887 560 1072 642 Κυρίῳ
1113 563 1292 638 ἡμῶν.
1326 585 1354 620 ι)
1396 563 1507 624 Νῦν
1535 560 1632 636 μὲν
1663 559 1923 640 ἐγνώσθη,

2039 565 2204 624 quam
2244 548 2378 606 fecit
2399 549 2460 604 in
2503 547 2720 606 Christo
2747 550 2878 606 Jesu
2918 549 3158 607 Domino
3187 561 3400 610 nostro.
3437 577 3474 615 ,ι
3508 557 3633 610 Jam

321 651 500 732 φησὶν,
519 655 554 724 ἡ
581 651 740 732 σοφία
761 655 866 710 τῶν
895 651 1018 730 περὶ
1043 651 1097 689 ³³
1123 655 1265 728 ἡμᾶς
1280 651 1601 730 γενομένων,
1623 650 1766 718 πλὴν
1788 648 1920 709 ἄνω-

322 745 407 799 θεν
441 731 504 812 ἧν
533 731 934 820 προωρισμένη.
978 765 1009 796 α
1063 739 1218 802 Κατᾶ
1245 741 1494 820 πρόθεσιν
1536 769 1560 793 ιο
1603 739 1724 822 γὰρ,
1770 739 1921 820 φησὶ,

330 853 359 884 ιι
392 832 496 887 τῷν
521 828 743 888 αἰώνων·
765 853 792 888 ι)
821 830 1083 902 τουτέστι,
1106 829 1246 889 κατὰ
1268 830 1565 910 πρόγνωσιν
1587 833 1690 889 τῶν
1714 829 1927 902 μελλόν-

322 943 430 978 των
461 916 686 977 αἰώνων.
717 915 878 1004 ’ῌδει
907 919 1012 998 γὰρ
1042 923 1069 979 δ
1093 917 1230 986 Θεὸς
1256 919 1323 979 τὰ
1356 919 1612 996 ἐσόμενα,
1643 919 1734 978 καὶ
1764 917 1926 985 οὕτως

325 1008 507 1088 ὥρισε.
556 1009 636 1069 Τὸ
683 1007 762 1083 δὲ,
824 1030 854 1068 α
893 1007 1004 1070 Ἦν
1051 1007 1299 1082 ἐποίησεν
1348 1011 1400 1068 ἐν
1449 1007 1666 1090 Χριστῷ
1719 1008 1922 1084 Ἰησοῦ,

325 1104 520 1156 νοεῖται
566 1095 663 1174 μὲν
694 1097 940 1179 περὶτῆς
988 1099 1194 1179 σοφίας,
1228 1097 1347 1171 ἤτοι
1377 1101 1471 1170 τῆς
1515 1098 1814 1176 οἰκονομίας
1860 1099 1927 1171 ἣν

326 1186 572 1258 ἐποίησεν
603 1190 631 1246 ὁ
664 1186 857 1267 Πατὴρ
890 1187 976 1246 διὰ
1004 1193 1095 1246 τοῦ
1136 1190 1290 1249 Υῖοῦ.
1335 1189 1404 1250 Ὁ
1433 1188 1487 1247 δὲ
1521 1187 1920 1266 Χρυσόστομος,

329 1299 356 1332 (ι
391 1267 500 1337 inv
549 1275 820 1349 ἐποίησεν,
857 1302 887 1333 n
924 1277 1195 1356 ἀναγνοὺς,
1235 1268 1344 1339 τΩν
1387 1276 1634 1350 ἐποίησεν
1682 1275 1923 1350 αἰώνων,

324 1365 512 1447 φησὶν,
546 1367 574 1424 δ
603 1366 740 1434 Θεὸς
783 1364 870 1425 διὰ
899 1373 990 1426 τοῦ
1023 1369 1179 1428 Υἱοῦ.

405 1565 429 1591 α
465 1537 557 1597 Ἐν
611 1528 656 1618 ᾧ
712 1537 906 1617 ἔχομεν
967 1535 1062 1610 τὴν
1112 1539 1421 1620 παρῤησίαν
1475 1538 1568 1598 καὶ
1610 1537 1705 1609 τὴν
1753 1561 1925 1616 προσ-

325 1626 562 1705 αγωγὴν,
598 1631 649 1687 ἐν
681 1626 994 1698 πεποιθήσει
1016 1626 1102 1686 διὰ
1131 1633 1225 1700 τῆς
1253 1628 1486 1694 πίστεως
1519 1631 1702 1688 αὐτοῦ.
1735 1651 1766 1685 υ
1795 1626 1926 1688 c'01:

325 1715 411 1800 διὰ
461 1722 554 1775 τοῦ
613 1719 850 1796 Χριστοῦ
906 1716 968 1776 τὸ
1016 1727 1124 1776 πᾶν
1169 1716 1375 1798 γέγονε,
1415 1719 1601 1794 δῆλον,
1645 1716 1830 1800 φησὶν,
1877 1716 1926 1786 ἐξ

323 1796 397 1864 ὧν
449 1804 606 1873 αὖτός
655 1807 798 1866 ἐστιν
845 1810 874 1865 ὁ
919 1805 1277 1887 προσαγαγὼν
1317 1796 1483 1885 ἡμᾶς.
1532 1796 1686 1879 Πλὴν
1725 1809 1827 1887 οὐχ
1855 1811 1926 1874 ὡς

326 1893 662 1974 αἰχμάλωτοι
737 1894 1146 1977 προσήχθημεν,
1216 1897 1324 1955 οὐδ’
1395 1901 1466 1964 ὡς
1538 1896 1925 1976 ἡμαρτηκότες,

327 1984 465 2043 ἀλλὰ
507 1983 815 2066 παῤῥησίαν
866 1984 1077 2066 ἔχομεν’
1123 1988 1225 2067 οὐχ
1267 1985 1451 2052 ἅπλῶς
1499 1987 1572 2060 ³-⁸,
1611 1986 1750 2045 ἀλλὰ
1787 1985 1924 2063 μετὰ

325 2077 418 2132 τοῦ
469 2074 778 2134 πεποιθέναι
831 2075 922 2134 καὶ
975 2078 1207 2156 θαῤῥεῖν.
1256 2077 1429 2136 Πόθεν
1482 2075 1534 2134 δὲ
1566 2081 1733 2134 ταῦτα
1766 2075 1924 2151 ἡμῖν;

323 2162 427 2222 Διὰ
471 2167 566 2234 τῆς
595 2163 845 2236 πίστεως,
878 2163 1056 2246 φησίν
1089 2163 1222 2238 αὕτη
1266 2165 1369 2244 γὰρ
1399 2163 1612 2225 λύσασα
1643 2164 1710 2224 τὰ
1741 2163 1922 2246 ἆμαρ-

322 2251 562 2332 τήματα,
593 2252 899 2334 παῤῥησίαν
930 2253 1022 2313 καὶ
1065 2253 1251 2337 θάῤῥος
1280 2259 1410 2330 ἡμῖν
1442 2253 1670 2327 ἐνέθηκε.

404 2369 428 2396 α
466 2343 561 2402 Διὸ
590 2345 844 2420 αἰτοῦμαι
894 2341 969 2418 μὴ
1021 2345 1266 2404 ἓκκακεῖν
1315 2345 1368 2403 ἐν
1408 2344 1524 2410 ταῖς
1565 2343 1774 2424 θλίψεσί
1822 2367 1922 2420 μου

327 2431 457 2510 ὑπὲρ
490 2434 658 2508 ὑμῶν,
691 2431 806 2504 ἥτις
855 2432 968 2491 ἐστὶ
997 2433 1120 2503 δόξα
1158 2436 1328 2510 ὑμῶν.
1382 2460 1403 2485 ιο
1437 2432 1540 2493 Διὰ
1569 2438 1741 2505 τοῦτο,
1767 2432 1918 2511 φησί.

330 2522 522 2594 ΙΙοίον;
550 2519 702 2582 Διότι
733 2519 874 2600 μέγα
901 2522 963 2582 τὸ
1008 2522 1299 2603 μυστήριον
1343 2526 1437 2593 τῆς
1480 2521 1720 2594 κλήσεως
1748 2525 1918 2599 ὑμῶν,

323 2609 416 2669 καὶ
463 2611 673 2690 μεγάλα
726 2609 762 2668 ἃ
831 2610 1202 2684 ἐνεπιστεύθην
1269 2612 1401 2690 ἐγὼ,
1452 2609 1590 2671 ὥστε
1643 2610 1922 2692 κηρύττειν

323 2703 469 2777 ὑμῖν,
521 2699 615 2761 καὶ
663 2699 870 2780 ἀνάγκη
927 2701 1042 2761 ἐστὶ
1095 2703 1338 2762 δεδέσθαι
1403 2725 1503 2780 με,
1555 2701 1646 2762 καὶ
1695 2702 1925 2781 πάσχειν

325 2793 504 2857 κακῶς
549 2789 700 2870 παρὰ
748 2793 856 2850 τῶν
891 2791 966 2868 μὴ
1004 2791 1284 2852 συνιέντων
1333 2791 1395 2852 τὸ
1441 2791 1752 2874 μυστήριον,
1786 2791 1924 2851 ἀλλὰ

327 2877 730 2959 ἀντιλεγόντων
812 2883 1066 2959 αἰτοῦμαι
1138 2884 1278 2960 ὑμᾶς
1351 2879 1437 2940 ἵνα
1499 2880 1575 2960 μὴ
1641 2884 1924 2954 ἐκκακῆτε·

325 2969 591 3040 τουτέστι,
631 2969 972 3051 ταράσσησθε
1020 2970 1112 3030 καὶ
1158 2969 1472 3052 θορυϐἧσθε,
1512 2975 1584 3040 ὣς
1613 2971 1924 3052 παραλόγου

2040 656 2185 697 nunc
2225 638 2452 713 quidem
2492 639 2712 712 cognita
2759 647 2864 710 est,
2901 640 3102 712 inquit,
3134 642 3406 713 sapientia
3437 659 3633 701 eorum

2036 745 2162 803 qua:
2208 729 2371 786 nobis
2422 729 2738 802 obtigerunt
2779 747 2796 784 :
2845 737 3089 786 attamen
3135 730 3246 802 jam
3293 733 3428 788 olim
3472 741 3632 791 antea

2036 828 2191 878 erant
2204 820 2606 894 praedestinata.
2624 822 2767 877 Nam
2784 843 2810 870 α
2825 819 3126 877 secundum
3144 821 3585 893 praeﬁnitionem,
3604 848 3629 872 υ

2036 911 2239 984 inquit,
2263 936 2288 961 ει
2318 910 2672 979 saeculorum,
2707 933 2730 958 ιο
2759 909 2866 968 hoc
2890 919 2994 980 est,
3027 911 3331 969 secundum
3349 913 3635 984 prtescien-

2036 1001 2171 1057 tiam
2204 1001 2534 1058 saeculorum
2564 999 2897 1057 futurorum.
2933 1003 3109 1058 Norat
3136 1001 3281 1058 enim
3320 1006 3473 1059 Deus
3507 1017 3631 1074 qua:

2039 1096 2268 1146 ventura
2295 1097 2499 1159 essent,
2527 1097 2584 1146 et
2609 1089 2686 1146 sic
2711 1088 2957 1146 deﬁnivit
2981 1099 3146 1163 atque
3173 1090 3432 1148 decrevit.
3469 1091 3630 1161 Quod

2036 1187 2222 1236 autem
2246 1178 2344 1246 ait,
2380 1201 2406 1228 α
2461 1179 2646 1249 Quam
2693 1178 2822 1236 fecit
2849 1180 2906 1236 in
2935 1179 3166 1237 Christo
3193 1182 3341 1250 Iesu,
3370 1205 3395 1230 ι
3433 1180 3632 1238 intelli-

2037 1268 2185 1341 gitur
2226 1267 2294 1326 de
2339 1268 2608 1340 sapientia
2660 1268 2774 1324 sive
2829 1267 3229 1340 dispensatione
3296 1286 3464 1342 quam
3506 1269 3634 1326 fecit

2034 1361 2202 1414 Pater
2223 1374 2318 1431 per
2338 1357 2555 1414 Filium.
2577 1357 3006 1429 Chrysostomus
3024 1366 3233 1428 autem,
3263 1383 3289 1408 α
3307 1361 3444 1430 Quae
3454 1358 3585 1416 fecit
3603 1384 3628 1410 ι

2035 1449 2243 1520 legens,
2283 1449 2422 1517 Quae
2450 1446 2597 1514 fecit,
2639 1449 2834 1520 inquit,
2863 1448 3065 1504 smcula
3105 1453 3257 1506 Deus
3282 1464 3378 1522 per
3406 1449 3628 1506 Filium.

2107 1541 2287 1593 Vens.
2340 1543 2425 1593 12.
2457 1561 2481 1586 α
2521 1541 2583 1592 In
2621 1553 2730 1610 quo
2765 1537 3032 1594 habemus
3067 1537 3326 1595 ﬁduciam
3361 1547 3416 1596 et
3446 1555 3634 1596 acces-

2034 1644 2158 1685 sum
2191 1627 2248 1683 in
2273 1627 2603 1685 conﬁdentia
2631 1643 2726 1700 per
2751 1627 2912 1683 ﬁdem
2941 1643 3077 1700 ejus.
3115 1651 3141 1678 ιο
3167 1628 3330 1701 Quod
3354 1645 3447 1702 per
3479 1629 3634 1686 Chri-

2037 1725 2184 1772 stum
2210 1716 2403 1773 omnia
2432 1715 2572 1772 facta
2610 1717 2749 1786 sint,
2779 1717 2905 1773 hinc
2943 1726 3026 1773 est
3064 1720 3442 1792 perspicuum,
3481 1721 3630 1791 quod

1952 1794 2000 1856 B
2036 1805 2148 1878 ipse
2185 1815 2268 1862 est
2296 1807 2392 1878 qui
2435 1804 2659 1862 adducit
2691 1821 2809 1863 nos.
2851 1807 3022 1879 Atqui
3051 1823 3164 1864 non
3203 1816 3264 1865 ut
3300 1809 3496 1881 captivi
3525 1808 3632 1866 ad-

2032 1895 2186 1951 ducti
2225 1911 2441 1963 sumus,
2475 1911 2652 1968 neque
2697 1895 2859 1952 veluti
2905 1902 3237 1969 peccatores,
3279 1897 3377 1954 sed
3417 1899 3633 1955 liberta-

2032 1995 2146 2042 tem
2202 1987 2467 2042 habemus
2523 2007 2534 2042 :
2581 2001 2759 2058 neque
2803 2003 2924 2042 eam
2979 1988 3314 2060 simplicem,
3357 1988 3453 2045 sed
3499 2005 3630 2045 cum

2031 2075 2362 2132 conﬁdentia
2414 2084 2467 2132 et
2504 2075 2720 2133 ﬁducia.
2753 2077 2918 2134 Unde
2956 2093 3085 2133 vero
3113 2077 3232 2135 haec
3266 2077 3428 2134 nobis
3451 2078 3630 2135 bona?

2036 2167 2136 2220 Per
2165 2165 2353 2234 ﬁdem,
2378 2165 2552 2238 inquit
2585 2186 2596 2219 :
2627 2166 2744 2223 haec
2769 2167 2919 2223 enim
2946 2176 3164 2239 peccata
3199 2167 3437 2237 solvens,
3461 2169 3630 2242 390

2031 2256 2336 2312 libertatem
2378 2255 2538 2312 nobis
2557 2265 2611 2312 ct
2636 2256 2892 2313 ﬁduciam
2919 2257 3200 2329 imposuit.

2101 2349 2282 2402 Vens.
2319 2353 2404 2402 13.
2436 2368 2459 2394 α
2483 2348 2714 2418 Propter
2739 2346 2843 2402 hoc
2865 2356 3011 2419 peto,
3045 2355 3104 2404 ut
3135 2363 3249 2403 non
3272 2348 3541 2404 deﬁciatis
3576 2349 3628 2404 in

2031 2435 2420 2492 afﬂictionibus
2444 2435 2580 2492 meis
2607 2452 2706 2508 pro
2728 2437 2904 2504 vobis,
2926 2451 3050 2508 quae
3073 2445 3155 2493 est
3179 2437 3352 2509 gloria
3377 2447 3574 2494 vestra.
3602 2463 3626 2488 υ

2035 2529 2265 2597 Propter
2306 2524 2430 2592 hoc,
2475 2525 2673 2597 inquit.
2717 2525 2889 2595 Quale
2929 2526 3070 2583 hoc?
3121 2527 3284 2600 Quod
3328 2528 3521 2600 ingens
3562 2530 3631 2585 sit

2032 2615 2358 2687 mysterium
2400 2615 2702 2671 vocationis
2728 2623 2942 2684 vestrae,
2974 2623 3029 2672 et
3064 2617 3216 2689 quod
3257 2633 3454 2689 magna
3494 2617 3629 2674 mihi

2032 2704 2235 2762 credita
2271 2711 2402 2760 sunt
2453 2712 2513 2760 ut
2547 2702 2840 2776 praedicem
2885 2705 3058 2774 vobis,
3094 2721 3160 2762 ac
3190 2721 3410 2763 necesse
3434 2716 3520 2763 est
3544 2723 3635 2764 me

2032 2794 2274 2849 vinctum
2307 2807 2448 2859 esse,
2500 2801 2556 2850 et
2585 2791 2752 2867 afﬂigi
2798 2793 2966 2850 abiis
3013 2795 3105 2866 qui
3155 2810 3272 2851 non
3315 2795 3632 2868 intelligunt

2033 2883 2363 2954 mysterium
2406 2881 2530 2951 hoc,
2571 2881 2670 2939 sed
2713 2884 2765 2939 ei
2798 2884 3219 2953 contradicunt;
3253 2900 3390 2958 rogo
3420 2900 3537 2954 vos,
3570 2895 3630 2942 ut

2031 2986 2144 3029 non
2187 2971 2475 3041 deﬁciatis,
2513 2972 2619 3028 hoc
2646 2980 2761 3039 est,
2788 2973 3089 3029 turbemini
3119 2974 3629 3045 tumultueminive,

323 3059 457 3126 τινὸς
485 3044 792 3138 γενομένου.
829 3060 969 3130 Δόξα
1000 3058 1105 3142 γὰρ
1147 3044 1298 3139 ὓμῷν
1333 3063 1536 3138 μᾶλλον
1567 3044 1722 3122 τοῦτό
1753 3044 1920 3134 ἐστιν,

2036 3077 2136 3120 ceu
2183 3079 2272 3118 res
2299 3062 2572 3135 quaepiam
2619 3071 2816 3134 praeter
2854 3063 3174 3136 opinionem
3217 3066 3523 3137 contigerit.
3569 3044 3633 3122 In

325 3146 404 3207 ὅτι
434 3148 602 3218 οὕτως
648 3147 930 3226 ἠγάπησεν
970 3152 1106 3223 ὑμᾶς
1141 3150 1192 3190 ³⁵
1223 3154 1250 3210 ὁ
1280 3150 1442 3227 Θεὸς,
1473 3149 1615 3212 ὥστε
1658 3153 1717 3211 06
1769 3151 1924 3228 μόνον

324 3239 411 3298 τὸν
466 3239 596 3300 Υῐὸν
648 3239 808 3298 αὐτοῦ
845 3241 1026 3298 δοῦναι
1063 3239 1194 3320 ὑπὲρ
1246 3243 1418 3318 ὑμῶν,
1467 3241 1606 3302 ἀλλὰ
1659 3241 1750 3300 καὶ
1785 3245 1928 3320 ἡμᾶς

323 3326 442 3397 τοὺς
493 3327 712 3396 δούλους
761 3330 922 3397 αὐτοῦ
976 3330 1064 3388 διὰ
1109 3328 1206 3402 τὴν
1259 3329 1520 3411 ὑμετέραν
1560 3331 1820 3413 ὠφέλειαν
1853 3334 1926 3398 εἰς

325 3415 594 3486 κινδύνους
641 3417 904 3479 ἐκδιδόναι
955 3420 1047 3478 καὶ
1085 3418 1277 3496 δεσμά.
1318 3421 1386 3480 Εἰ
1433 3419 1488 3478 δὲ
1531 3422 1586 3478 αἱ
1635 3419 1760 3496 ἐμαὶ
1806 3422 1925 3478 θλί-

326 3510 440 3587 ψεις
484 3505 606 3576 δόξα
646 3509 826 3585 ὑμῶν,
873 3510 1059 3590 πολλῷ
1102 3510 1307 3585 μᾶλλον
1357 3508 1443 3569 διὰ
1496 3513 1602 3568 τῶν
1654 3510 1923 3588 ὖμετέρων

327 3595 730 3668 δοξασθήσεσθε.
790 3595 970 3658 ⁴⁷Ωστε
1043 3595 1178 3675 μηδὲ
1253 3597 1380 3659 ὅταν
1439 3596 1589 3658 αὐτοὶ
1646 3597 1921 3673 θλίϐησθε,

327 3687 623 3746 ἕκκακεῖτε.

417 3797 446 3833 ιι
480 3775 688 3837 Τούτου
731 3774 890 3856 χάριν
933 3775 1166 3855 κάμπτω
1196 3777 1265 3837 τὰ
1301 3777 1499 3857 γόνατά
1533 3802 1634 3857 μου
1677 3776 1806 3856 πρὸς
1834 3776 1922 3836 τὸν

329 3863 547 3943 Πατέρα
571 3869 661 3924 τοῦ
693 3864 891 3945 Κυρίου
921 3869 1077 3943 ἡμῶν
1109 3866 1290 3941 Ἰησοῦ
1315 3870 1566 3950 Χριστοῦ,
1599 3865 1652 3936 ἐξ
1683 3857 1744 3927 06
1773 3875 1923 3926 πᾶσα

328 3955 530 4034 πατριὰ
558 3958 612 4014 ἐν
637 3957 845 4035 οὗρανῷ
878 3955 970 4014 καὶ
999 3956 1087 4016 ἐπὶ
1119 3961 1216 4035 γῆς
1248 3957 1587 4034 ὀνομάζεται.
1623 3980 1652 4017 »
1693 3955 1920 4030 Ἐπειδή

328 4042 491 4126 οὕτως
545 4045 881 4124 ἠγαπήθητε,
933 4045 1024 4104 καὶ
1081 4048 1441 4121 ἀκατάληπτά
1490 4051 1591 4110 εἰσι
1633 4045 1699 4107 τὰ
1747 4046 1921 4126 ἀγαθὰ

331 4123 404 4191 ὧν
454 4123 671 4216 ἐτύχετε
698 4135 792 4195 καὶ
833 4133 1093 4204 τεύξεσθε·
1142 4135 1398 4218 εὔχομαι,
1424 4138 1618 4219 ξφησὶν,
1669 4135 1756 4197 ἵνα
1794 4123 1921 4218 δοθῇ

329 4225 449 4299 ὑμῖν
491 4224 647 4305 χάρις
679 4223 1047 4294 ἐνοικήσαντος
1086 4228 1210 4303 ὑμῖν
1244 4234 1335 4287 τοῦ
1381 4229 1638 4306 Χριστοῦ,
1680 4229 1922 4287 καταλα-

330 4311 440 4371 ϐεῖν
480 4312 616 4373 αὐτὰ
665 4313 739 4386 ³⁸,
789 4315 883 4372 καὶ
931 4319 1130 4392 γνῶναι
1179 4319 1289 4383 πῶς
1327 4316 1664 4394 ἠγαπήθητε.
1701 4315 1816 4391 Τὴν
1863 4315 1920 4375 δὲ

2035 3153 2268 3226 gloriam
2321 3153 2469 3209 enim
2509 3153 2613 3209 hoc
2657 3162 2894 3209 vestram
2943 3155 3123 3225 potius
3168 3154 3340 3225 cedit,
3383 3155 3534 3228 quod
3557 3157 3631 3214 ita

2038 3258 2134 3300 vos
2160 3241 2352 3300 dilexit
2379 3245 2547 3307 Deus,
2595 3250 2656 3298 ut
2684 3241 2887 3298 nedum
2918 3244 3117 3300 Filium
3147 3260 3310 3301 suum
3355 3261 3455 3318 pro
3478 3248 3634 3303 vobis

2032 3332 2188 3388 daret
2217 3347 2410 3388 verum
2439 3332 2602 3389 etiam
2632 3348 2736 3389 nos
2763 3348 2949 3388 servos
2980 3349 3110 3390 suos
3148 3344 3342 3392 vestra:
3383 3351 3630 3393 commo-

2031 3421 2214 3478 ditatis
2241 3423 2416 3494 gratia
2445 3421 2500 3478 in
2536 3421 2771 3494 pericula
2801 3429 2860 3478 et
2886 3422 3096 3478 vincula
3117 3425 3436 3498 conjiceret.
3471 3428 3632 3496 Quod

2033 3512 2079 3566 si
2115 3527 2253 3569 meae
2293 3510 2624 3568 afﬁictiones
2651 3511 2822 3584 gloria
2864 3521 3044 3568 vestra
3084 3521 3196 3582 est,
3245 3516 3424 3571 multo
3455 3520 3634 3589 magis

2034 3617 2130 3673 per
2190 3609 2398 3658 vestras
2451 3600 2913 3673 gloriﬁcabimini.
2960 3605 3147 3674 Quare
3186 3619 3368 3675 neque
3411 3608 3634 3677 quando

2031 3691 2136 3763 ipsi
2162 3688 2494 3763 afﬁigamini
2511 3731 2526 3758 ,
2559 3689 2848 3747 deﬁciatis.

2103 3783 2280 3838 Vsus.
2321 3785 2408 3850 14,
2434 3787 2522 3838 15.
2555 3803 2582 3828 α
2614 3780 2795 3853 Hujus
2819 3780 2894 3837 rei
2915 3781 3084 3854 gratia
3111 3782 3274 3839 ﬂecto
3304 3800 3481 3856 genua
3507 3802 3631 3844 mea

2029 3869 2102 3928 ad
2129 3874 2351 3928 Patrem
2389 3871 2609 3928 Domini
2637 3871 2815 3927 nostri
2843 3873 2976 3928 Jesu
3001 3871 3221 3928 Christi.
3251 3876 3331 3930 Ex
3363 3891 3474 3946 quo
3505 3892 3629 3933 om-

2029 3961 2118 4018 nis
2143 3959 2436 4034 paternitas
2468 3961 2527 4017 in
2545 3962 2685 4018 cmlo
2711 3968 2766 4018 et
2784 3961 2842 4017 in
2863 3970 3004 4017 terra
3024 3963 3362 4019 nominatur.
3393 3988 3417 4014 υ
3442 3967 3629 4036 Quan-

2031 4050 2338 4124 doquidem
2371 4049 2507 4107 adeo
2535 4050 2712 4107 dilecti
2756 4051 2906 4120 estis,
2949 4059 3005 4107 et
3046 4052 3629 4125 incomprehensibilia

2032 4148 2166 4197 sunt
2201 4139 2346 4197 bona
2385 4155 2508 4212 quae
2555 4140 2709 4196 nacti
2745 4140 2875 4197 estis
2925 4149 2979 4197 et
3007 4141 3430 4212 nanciscemini,
3482 4146 3626 4216 Oro,

2031 4231 2229 4302 inquit,
2262 4239 2326 4288 ut
2361 4231 2526 4287 detur
2562 4230 2718 4287 vobis
2753 4230 2924 4304 gratia
2952 4235 3357 4290 commorantis
3395 4235 3455 4291 in
3481 4236 3634 4293 vobis

2031 4320 2256 4386 Christi,
2290 4328 2352 4376 ut
2379 4319 2864 4393 comprehendatis
2907 4336 2993 4389 ea,
3034 4323 3326 4395 sciatisque
3355 4334 3630 4397 quantum

329 4400 466 4478 μετὰ
494 4401 821 4471 κατανύξεως
851 4402 1031 4476 δέησιν
1069 4403 1304 4479 ἕσήμανε
1337 4405 1422 4464 διὰ
1453 4413 1564 4481 τοῦ,
1606 4429 1636 4466 α
1669 4406 1922 4482 Κάμπτω

2040 4411 2221 4469 dilecti
2256 4411 2396 4468 sitis.
2427 4411 2804 4468 Precationem
2832 4418 3018 4468 autem
3042 4429 3172 4469 cum
3210 4416 3634 4487 compunctionc

327 4491 396 4550 τὰ
429 4490 624 4571 γόνατά
654 4514 780 4570 μου.
819 4515 848 4551 ››
889 4491 992 4552 Ἒκ
1019 4498 1112 4553 τοῦ
1145 4495 1255 4554 ἅνω
1293 4495 1347 4554 δὲ
1375 4497 1588 4576 Πατρὸς
1631 4519 1661 4555 α
1692 4505 1864 4574 πᾶσα,
1899 4524 1924 4551 υ

329 4581 491 4661 φησὶ,
518 4609 542 4636 ι
578 4581 798 4661 πατριάο
831 4609 856 4635 κ
888 4613 969 4626 --
1003 4584 1140 4643 «ἐπὶ
1169 4591 1264 4658 τῆς
1297 4590 1397 4664 γῆς
1421 4608 1450 4643 ι)
1486 4585 1583 4660 μὲν
1612 4585 1706 4654 τὰς
1743 4585 1926 4666 γενεὰς

329 4672 600 4747 ὀνομάζων
641 4671 898 4751 πατριὰς,
939 4673 1046 4733 ἀπὸ
1083 4679 1174 4732 τοῦ
1214 4677 1320 4732 τῶν
1371 4673 1617 4756 πατέρων
1672 4675 1926 4752 ὀνόματος

330 4759 469 4819 οὕτω
519 4762 871 4838 καλουμένας·
940 4788 963 4813 α
1022 4765 1074 4821 ἐν
1130 4765 1338 4845 οὐρανῷ
1408 4788 1436 4823 ››
1505 4765 1592 4839 δὲ,
1645 4764 1762 4824 ἐπεὶ
1819 4766 1929 4824 ἐκεῖ

330 4849 496 4917 οὐδεὶς
541 4848 594 4919 ἐξ
641 4851 847 4918 οὐδενὸς
901 4861 1178 4928 γεννᾶται,
1217 4853 1448 4935 πατριὰς
1498 4853 1568 4914 τὰ
1605 4853 1928 4932 συστήματα

327 4937 470 5018 λέγει
517 4939 590 4978 ³⁷·
630 4940 896 5015 τουτέστι,
950 4942 1043 5001 καὶ
1077 4941 1172 5011 τὰς
1207 4941 1318 5000 ἄνω
1366 4944 1458 5002 καὶ
1496 4943 1592 5013 τὰς
1624 4944 1773 5004 κάτω
1825 4967 1929 5026 φυ-

329 5028 424 5096 λὰς
495 5029 650 5098 αὐτὸς
706 5029 949 5108 ἕποίησε,
1021 5032 1114 5091 καὶ
1181 5033 1271 5091 ἀπ’
1330 5036 1491 5094 αὐτοῦ
1551 5034 1931 5114 ὀνομαζόμενοι

329 5119 570 5202 πατέρες.

410 5330 434 5358 α
467 5299 592 5362 Ἵνα
629 5302 742 5383 δῴη
791 5304 914 5381 ύμῖν
947 5303 1084 5364 κατὰ
1119 5303 1204 5364 τὸν
1248 5306 1474 5364 πλοῦτον
1513 5308 1608 5378 τῆς
1643 5305 1795 5380 δόξης
1837 5310 1931 5366 αὓ-

329 5395 445 5466 τοῦ,
481 5392 700 5470 δυνάμει
747 5397 1147 5473 κραταιωθῆναι
1190 5393 1277 5452 διὰ
1305 5399 1398 5453 τοῦ
1432 5395 1743 5474 Πνεύματος
1774 5401 1931 5457 αὐτοῦ

331 5485 402 5549 εἰς
442 5481 530 5542 τὸν
577 5481 686 5543 ἔσω
733 5481 1028 5564 ἄνθρωπον·
1067 5487 1390 5557 κατοικῆσαι
1435 5485 1526 5546 τὸν
1561 5486 1794 5567 Χριστὸν
1846 5487 1932 5548 διὰ

2034 4502 2379 4575 signiﬁcavit,
2399 4517 2530 4557 cum
2548 4499 2697 4572 dicit,
2734 4523 2756 4550 α
2781 4502 2964 4558 Flecto
2988 4518 3164 4574 genua
3194 4519 3336 4560 mea.
3377 4528 3400 4553 ιο
3436 4507 3515 4561 Ex
3535 4522 3634 4561 su-

2032 4607 2200 4666 perno
2216 4600 2402 4648 autem
2413 4594 2572 4648 Patre
2591 4614 2616 4640 α
2630 4591 2814 4647 omnis
2831 4611 2858 4644 ››
2873 4600 2974 4658 est,
2990 4592 3186 4664 inquit,
3205 4617 3227 4639 α
3251 4595 3460 4665 paterni
3467 4603 3551 4651 tas
3571 4615 3584 4650 :
3604 4619 3628 4645 υ

2031 4711 2107 4724 -
2137 4705 2161 4730 α
2192 4697 2357 4754 super
2376 4689 2583 4737 terram
2605 4700 2634 4733 »
2664 4678 2888 4754 quidem
2916 4681 3298 4753 generationes
3318 4690 3376 4738 et
3393 4682 3634 4741 familias

2038 4772 2340 4828 nominans
2365 4770 2588 4842 πατρὶας,
2623 4786 2652 4827 a
2683 4777 2898 4843 patrum
2918 4770 3144 4827 nomine
3171 4770 3252 4826 sic
3279 4772 3582 4845 appellatas
3615 4793 3628 4829 :

2041 4884 2067 4910 α
2112 4861 2168 4917 in
2208 4859 2363 4918 caelis
2394 4867 2614 4928 autem,
2671 4882 2696 4909 ιι
2744 4857 2874 4930 quia
2910 4858 3021 4915 illic
3059 4874 3224 4916 nemo
3266 4876 3330 4917 ex
3375 4862 3634 4935 quopiam

2037 4951 2309 5019 nascitur,
2341 4948 2694 5022 paternitates
2747 4948 2862 5005 sive
2904 4946 3144 5006 familias
3206 4950 3356 5022 ipsos
3417 4952 3636 5008 ordines

2041 5051 2098 5099 et
2121 5040 2320 5098 choros
2347 5039 2481 5098 dicit
2513 5057 2526 5096 :
2558 5038 2661 5096 hoc
2699 5045 2805 5106 est,
2837 5053 2966 5095 cum
2992 5039 3300 5110 superiores
3336 5047 3455 5097 tum
3497 5039 3636 5098 infe-

2040 5132 2216 5190 riores
2245 5131 2360 5205 ipse
2401 5129 2581 5187 tribus
2624 5127 2767 5198 fecit,
2799 5135 2855 5185 et
2897 5127 2966 5185 ab
3012 5127 3132 5200 ipso
3160 5137 3289 5186 sunt
3316 5130 3406 5203 qui
3452 5132 3637 5188 nomi-

2043 5230 2248 5279 nantur
2275 5227 2480 5294 patres.

2113 5314 2295 5370 Vens.
2344 5315 2432 5380 16,
2468 5315 2558 5365 17.‘
2594 5328 2623 5362 ‹‹
2652 5311 2734 5366 Ut
2769 5307 2862 5365 det
2899 5307 3052 5365 vobis
3075 5308 3381 5366 secundum
3420 5307 3644 5368 divitias

2043 5404 2233 5478 gloriae
2257 5417 2393 5471 suae,
2433 5401 2636 5456 virtute
2664 5397 3009 5456 corroborari
3038 5414 3135 5471 per
3175 5399 3441 5471 Spiritum
3479 5415 3642 5456 suum

2044 5496 2104 5552 in
2151 5491 2391 5551 interiori
2419 5489 2646 5548 homine
2678 5505 2690 5547 :
2725 5498 2787 5547 ut
2810 5488 3020 5548 habitet
3047 5488 3296 5548 Christus
3334 5505 3430 5562 per
3474 5489 3643 5547 ﬁdem

1736 5622 1924 5684 Varia
1967 5623 2272 5684 lectiones.

405 5750 452 5787 ⁸³
472 5750 592 5825 πρὸς
624 5766 679 5810 0.
753 5751 800 5790 “
833 5752 920 5807 καὶ
941 5753 1126 5822 ταύτην
1163 5753 1261 5826 οὔχ
1289 5754 1458 5820 ἅπλῶς
1485 5771 1567 5815 m.
1640 5756 1688 5795 ⁸⁸
1715 5755 1943 5829 ἐποίησεν
1965 5756 2094 5832 ἡμᾶς
2121 5773 2175 5816 o.
2253 5754 2300 5792 ³⁶
2330 5751 2483 5821 αὖτὴν
2515 5770 2569 5810 0.
2646 5750 2693 5786 ³⁷
2717 5751 2880 5824 λέγων
