4124 6420
486 413 620 468 1075

482 537 533 593 in
564 535 822 595 cordibus
867 537 1061 595 vestris

479 627 611 684 dati.
641 650 667 679 ι
702 627 920 701 Ecquid
947 643 1047 685 oro
1076 642 1178 700 pro
1208 626 1398 684 vobis?
1427 628 1509 685 Ut
1534 627 1630 685 det
1658 627 1838 696 vobis,
1868 642 1970 684 ceu
1999 627 2088 683 di-

454 735 575 774 ros
609 725 666 775 et
705 717 995 793 gloriﬁcari
1039 716 1254 783 volens,
1285 716 1553 774 adversus
1581 717 1918 774 tentationes
1960 733 2088 774 cor-

487 807 736 866 roborari
754 849 771 878 ,
796 815 862 864 ut
888 823 1003 864 non
1030 807 1330 865 turbemini
1371 807 1442 864 ab
1471 806 1653 879 hisce,
1685 823 1749 865 ac
1787 806 2087 864 transfera-

490 896 619 955 mini
665 898 792 956 alio.
825 901 999 956 Porro
1021 912 1140 955 non
1180 904 1470 955 contentus
1492 895 1703 968 dicere,
1746 920 1771 946 α
1819 896 2091 955 Corrobo-

489 988 620 1059 rari,
647 1011 673 1038 ν
690 987 907 1061 adjecit,
932 1009 958 1038 α
980 989 1042 1044 In
1057 987 1335 1061 potentia:
1356 1011 1383 1037 ι
1403 1002 1468 1043 ex
1481 986 1785 1045 abundanti
1799 986 1946 1044 enim
1966 1002 2090 1060 pre-

487 1088 642 1136 catur
667 1078 747 1135 eis
772 1077 939 1135 bona.
970 1076 1268 1152 Quomodo
1293 1085 1483 1134 autem
1506 1076 1893 1135 corroborari?
1929 1099 1954 1126 α
1982 1080 2090 1134 Per

488 1168 759 1240 Spiritum
778 1167 896 1242 ejus
923 1185 938 1224 :
973 1190 998 1217 ι
1031 1167 1149 1241 ipse
1174 1182 1413 1240 namque
1441 1174 1529 1224 est
1547 1167 1642 1240 qui
1666 1166 1839 1224 robur
1857 1166 2086 1240 praebet.

487 1257 642 1314 Sicut
667 1264 724 1314 et
751 1256 952 1326 Isaias,
994 1279 1021 1306 α
1050 1256 1318 1329 Spiritum
1346 1256 1566 1313 roboris
1611 1279 1636 1306 ιι
1672 1255 1827 1313 dicit.
1868 1258 1939 1312 Et
1975 1271 2089 1312 non

488 1346 668 1404 solum
697 1354 759 1402 ut
782 1344 1197 1416 confortemini,
1217 1361 1408 1403 verum
1436 1346 1602 1403 etiam
1628 1344 1775 1419 quod
1802 1345 1984 1418 maius
2007 1352 2090 1402 est

487 1444 542 1492 et
586 1434 988 1505 abundantius,
1018 1456 1045 1484 α
1090 1443 1154 1492 ut
1188 1443 1245 1490 et
1271 1434 1520 1491 Christus
1558 1433 1826 1490 inhabitet
1857 1433 2088 1491 interio-

487 1540 606 1581 rem
642 1524 929 1583 hominem
973 1547 998 1574 ι»
1033 1534 1279 1582 vestrum
1320 1543 1335 1581 :
1380 1523 1488 1580 hoc
1528 1529 1640 1595 est,
1677 1546 1704 1574 α
1737 1526 1799 1581 In
1829 1522 2088 1579 cordibus

489 1614 704 1686 vestris,
750 1635 779 1667 »
829 1630 942 1671 non
992 1615 1282 1688 superﬁcie
1327 1623 1511 1682 tenus,
1554 1613 1652 1670 sed
1694 1614 1751 1670 in
1789 1613 2085 1686 profundo.

489 1705 745 1776 Quanam
773 1704 1024 1763 ratione?
1048 1706 1152 1761 Per
1177 1704 1368 1762 ﬁdem.
1404 1707 1553 1761 Nam
1581 1705 1640 1760 in
1668 1702 1929 1761 cordibus
1954 1702 2089 1759 ﬁde-

1410 409 1927 468 THEOPHYLAC‘I‘I
1963 410 2330 468 BULGARL‘E
2367 413 2685 471 ARCHIEP.

1110 554 1126 593 :
1172 534 1229 593 in
1269 535 1538 594 charitate
1581 536 1805 595 radicati
1849 545 1906 594 et
1949 537 2076 594 fun-

2192 543 2283 610 τῆς
2315 538 2544 607 πίστεως
2586 544 2640 601 ἐν
2677 543 2793 608 ταῖς
2823 539 3067 622 καρδίαις
3098 544 3272 620 ὑμῶν,
3324 544 3376 602 ἓν
3407 541 3593 621 ἀγάπῃ
3642 543 3791 624 ἕρῤι-

3652 417 3792 473 1076

2194 631 2419 704 ζωμένοι
2472 627 2566 689 καὶ
2623 630 3081 708 τεθεμελιωμένοι.
3134 656 3165 689 ι
3223 631 3295 692 Τί
3347 630 3577 713 εὔχομαι
3627 632 3789 709 ὑμῖν,

2193 745 2217 773 σι
2251 717 2373 779 Ἵνα
2405 717 2515 801 δῴη
2552 722 2705 797 ὑμῖν,
2760 743 2787 777 ε
2823 722 2893 788 ὡς
2939 719 3186 789 πλούσιος
3233 721 3324 781 καὶ
3354 721 3663 791 δοξάζεσθαι
3700 720 3792 781 θέ-

2193 808 2332 882 λων,
2400 813 2795 886 κραταιωθῆναι
2853 808 2984 888 πρὸς
3052 809 3173 878 τοὺς
3235 808 3595 891 πειρασμοὺς,
3651 809 3791 870 ὥστε

2195 897 2270 974 μὴ
2327 901 2629 958 κλονεῖσθαι
2702 898 2804 957 ὕπὸ
2858 897 3100 975 τούτων,
3169 900 3525 978 προσέθηκεν,
3582 903 3636 957 ἒν
3701 899 3791 958 καὶ

2192 986 2615 1068 παραφέρεσθαι.
2699 988 2818 1048 Οὐκ
2892 987 3164 1068 ἀρκεσθεὶς
3222 988 3277 1048 δὲ
3345 993 3451 1071 τῷ,
3515 1017 3540 1042 ι
3615 989 3792 1050 Δυνά-

2194 1099 2282 1153 μει
2335 1077 2442 1158 (a)-
2504 1102 2530 1130 ι
2580 1078 2639 1137 ἐκ
2689 1078 2994 1157 περιουσίας
3046 1077 3154 1159 γὰρ
3215 1078 3404 1145 αὐτοὺς
3583 1078 3788 1158 αὐτοῖς)

2194 1165 2480 1246 ἐπεύχεται
2518 1166 2587 1226 τὰ
2624 1167 2824 1246 ἀγαθά.
2878 1170 3004 1235 Πῶς
3051 1169 3104 1226 δὲ
3147 1173 3574 1249 κραταιωθῆναις
3618 1192 3648 1227 α
3690 1170 3791 1228 Διὰ

2193 1264 2285 1318 τοῦ
2334 1256 2646 1334 Πνεύματος
2675 1258 2856 1317 αὐτοῦ·
2889 1284 2911 1310 ιι
2946 1257 3077 1317 αὐτὸ
3108 1258 3213 1341 γάρ
3245 1260 3359 1317 ἐστι
3399 1257 3460 1318 τὸ
3496 1261 3593 1333 τὴν
3639 1258 3791 1339 ἰσχὺν

2193 1346 2452 1427 παρέχον,
2484 1342 2705 1427 ⁸Ώσπερ
2735 1345 2827 1405 καὶ
2859 1350 2887 1405 ὁ
2925 1343 3175 1419 Ἡσαΐας,
3205 1376 3229 1402 α
3261 1350 3486 1426 Πνεῦμα
3530 1348 3732 1429 ἰσχύος,
3766 1376 3791 1401 υ

2194 1436 2347 1517 φησί.
2411 1434 2519 1497 Καὶ
2568 1438 2626 1495 οὖ
2679 1434 2835 1512 μόνον
2895 1440 3323 1516 κραταιωθῆναι,
3387 1436 3527 1496 ἀλλὰ
3579 1439 3669 1496 καὶ
3729 1436 3791 1498 τὸ

2196 1528 2371 1603 μεῖζον
2402 1524 2492 1584 καὶ
2542 1526 2953 1608 περισσότερον,
2996 1554 3020 1580 «ι
3056 1530 3392 1599 Κατοικῆσαι
3427 1527 3516 1586 τὸν
3561 1526 3790 1608 Χριστὸν

2194 1617 2269 1683 εἷς
2320 1613 2409 1674 τὸν
2464 1614 2570 1674 ἔσω
2629 1615 2904 1694 ἄνθρωπον
2959 1643 2983 1667 ιι
3040 1620 3208 1692 ὑμῶν’
3269 1615 3563 1690 τουτέστιν,
3607 1643 3633 1671 α
3696 1616 3792 1677 Ἐν

2194 1713 2310 1775 ταῖς
2356 1703 2599 1787 καρδίαις
2643 1707 2814 1782 ὑμῶν,
2851 1729 2875 1756 υ
2907 1707 3002 1764 οὐκ
3050 1705 3400 1780 ἐπιπολαίως,
3436 1704 3556 1764 ἀλλ’
3605 1706 3658 1764 ἐν
3693 1705 3793 1786 βά-

489 1796 628 1851 lium
657 1794 867 1851 habitat
887 1793 1158 1863 Christus,
1185 1795 1350 1867 391
1393 1810 1524 1851 cum
1563 1796 1721 1851 Patre
1749 1794 1994 1862 veniens,
2025 1801 2082 1850 et

2195 1800 2295 1858 θει.
2327 1797 2458 1862 Πῶς
2470 1813 2487 1870 ;
2526 1817 2557 1850 α
2588 1793 2691 1856 Διὰ
2722 1798 2817 1866 τῆς
2841 1793 3088 1863 πίστεως.
3126 1820 3151 1848 ιι
3182 1796 3278 1857 Ἐν
3307 1795 3410 1877 γὰρ
3435 1803 3550 1862 ταῖς
3579 1798 3795 1863 πισταῖς

486 1884 833 1941 mansionem
870 1884 929 1940 in
969 1884 1081 1940 illis
1125 1881 1362 1951 faciens,
1415 1883 1884 1955 quemadmodum
1939 1898 2083 1956 prae-

486 1974 629 2031 dixit
655 1980 702 2031 Y.
734 1975 872 2031 Haec
904 1982 1096 2032 autem
1122 1972 1508 2047 assequemini,
1552 1972 1786 2030 radicati
1827 1973 1888 2029 in
1921 1972 2085 2030 dilec-

486 2065 636 2122 tione
668 2063 805 2139 ejus,
848 2064 897 2121 si
930 2079 1031 2121 nec
1069 2062 1473 2121 transferamini
1501 2078 1606 2120 nec
1632 2063 1952 2121 turbemini.
1981 2063 2085 2121 Vel

487 2155 657 2228 igitur
681 2154 793 2211 duo
821 2152 902 2211 eis
935 2152 1200 2211 divinitus
1226 2152 1344 2210 dari
1382 2160 1654 2225 precatur,
1688 2161 1745 2210 et
1784 2152 2084 2210 confortari

486 2260 583 2315 per
630 2243 933 2315 Spiritum,
975 2250 1033 2299 et
1080 2242 1364 2300 Christum
1404 2242 1740 2300 commorari
1787 2243 1846 2299 in
1895 2242 2083 2300 cordi-

484 2334 571 2390 ius
594 2333 884 2405 ipsorum:
916 2333 1022 2402 vel,
1053 2334 1134 2390 Ut
1155 2330 1564 2402 confortemini,
1593 2332 1789 2406 inquit,
1817 2341 1876 2389 et
1899 2332 2085 2390 idonei

489 2420 893 2480 licbiacfmniut
933 2423 1191 2481 Christus
1226 2421 1442 2482 habitet
1467 2421 1525 2480 in
1559 2422 1825 2483 interiore
1856 2423 2085 2481 homine

485 2521 685 2572 ι’σεῐιίο.

554 2697 739 2755 Vsus.
767 2699 853 2753 18.
878 2717 905 2745 α
933 2697 1016 2755 Ut
1030 2693 1248 2768 possitis
1263 2693 1733 2767 comprehendere
1751 2709 1880 2751 cum
1908 2695 2087 2751 omni-

482 2785 584 2841 bus
622 2785 847 2853 sanctis,
879 2799 1002 2858 quae
1028 2785 1102 2842 sit
1127 2783 1361 2844 latitudo
1381 2824 1396 2853 ,
1444 2791 1502 2841 et
1527 2783 1833 2857 longitudo,
1874 2792 1930 2841 et
1958 2800 2085 2857 pro-

484 2873 759 2947 funditas,
798 2882 853 2931 et
878 2873 1206 2932 sublimitas.
1256 2897 1283 2924 ιι
1316 2873 1486 2944 Quod
1528 2873 1801 2946 principio
1832 2881 2087 2945 precatus

481 2971 566 3021 est
576 3005 597 3035 ,
635 2971 700 3021 nt
725 2963 887 3020 detur
927 2961 1003 3021 eis
1030 2963 1270 3036 Spiritus
1313 2963 1597 3036 sapientiae
1645 2970 1699 3019 et
1739 2962 2087 3020 revelationis

482 3062 544 3112 ut
584 3054 763 3111 sciant
805 3068 931 3128 quae.
980 3053 1054 3111 sit
1093 3068 1219 3125 spes
1269 3052 1568 3110 vocationis
1599 3060 1656 3109 et
1684 3060 1904 3121 caetera,
1939 3052 2085 3109 idem

483 3153 539 3201 et
582 3159 740 3201 nunc
784 3144 865 3200 ait
918 3162 932 3198 :

483 3232 748 3291 omnibus
787 3255 814 3282 ι
847 3231 1106 3289 ﬁdelibus
1132 3231 1458 3306 mysterium
1497 3247 1598 3305 pro
1628 3230 1783 3289 vobis
1810 3231 2091 3303 dispensa-

482 3332 605 3380 tum
651 3343 665 3380 :
696 3322 827 3397 quid
863 3322 1000 3380 adeo
1027 3337 1289 3396 magnum
1328 3329 1434 3391 est,
1465 3330 1529 3379 ut
1556 3337 2005 3396 quoquoversum
2032 3330 2090 3379 et

484 3414 543 3470 in
569 3428 768 3471 omnes
787 3413 859 3470 sit
887 3421 1174 3470 extensum
1203 3421 1408 3486 partes.
1435 3412 1604 3469 Unde
1632 3421 1688 3469 et
1707 3413 2087 3485 corporalibus

484 3504 669 3577 ipsum
713 3503 1004 3577 descripsit
1049 3502 1264 3577 ﬁguris,
1313 3501 1795 3576 comprehendens
1839 3519 1969 3559 cum
1998 3519 2085 3559 su-

483 3609 675 3667 perna,
714 3602 839 3650 tum
876 3592 1090 3650 inferna
1136 3601 1300 3665 atque
1327 3601 1657 3650 transversa.
1687 3592 1831 3650 Dixi
1860 3593 2081 3665 quidem

482 3691 538 3742 et
571 3699 693 3757 ego,
745 3683 951 3757 inquit,
993 3683 1062 3741 de
1100 3682 1280 3750 hisce,
1326 3699 1514 3741 verum
1542 3699 1655 3740 non
1686 3690 1915 3756 possunt
1967 3682 2085 3740 haec

482 3789 580 3847 per
607 3789 764 3832 meos
805 3788 1095 3831 sermones
1123 3775 1259 3831 satis
1298 3772 1593 3831 commode
1638 3773 1797 3843 disci,
1846 3771 1942 3829 sed
1988 3789 2084 3845 per

482 3863 752 3936 Spiritum
779 3872 1033 3921 sanctum
1066 3885 1078 3920 :
1110 3879 1215 3920 nec
1240 3864 1488 3936 poteritis
1513 3864 1636 3921 haec
1661 3864 1818 3919 aliter
1838 3879 2084 3936 compre-

479 3952 743 4025 hendere,
800 3953 905 4010 nisi
967 3952 1408 4011 corroboremini
1461 3969 1558 4026 per
1621 3952 1914 4025 Spiritum.
1986 3956 2086 4009 Est

477 4045 625 4101 enim
658 4044 837 4101 multo
867 4043 1069 4101 robore
1102 4059 1263 4115 opus,
1310 4058 1374 4098 ac
1402 4043 1511 4099 nisi
1542 4042 1813 4099 inhabitet
1848 4042 1906 4099 in
1934 4041 2086 4099 vobis

482 4133 757 4200 Christus,
786 4132 923 4189 nihil
952 4131 1173 4188 efﬁcere
1207 4133 1533 4204 poterimus.
1563 4132 1863 4205 Gregorius
1898 4138 2084 4188 autem

483 4224 766 4295 Nyssenus
792 4236 889 4293 per
909 4220 1280 4289 latitudinem,
1303 4220 1723 4292 longitudinem,
1747 4219 2086 4294 profundita-

483 4320 621 4379 tem,
651 4317 706 4366 et
732 4308 1105 4379 altitudinem,
1132 4325 1359 4366 crucem
1402 4309 1875 4384 signiﬁcariﬂicit;
1920 4320 2086 4383 atque

483 4398 619 4456 adeo
657 4397 991 4471 Apostolum
1050 4398 1302 4471 Ephesiis
1348 4400 1706 4472 comprecari,
1755 4410 1818 4458 ut
1866 4400 2083 4473 possint

482 4487 952 4563 comprehendere
991 4489 1171 4545 crucis
1217 4489 1562 4562 mysterium.
1609 4491 1886 4547 Universa
1927 4490 2079 4547 enim

475 4578 811 4652 dispensatio
846 4579 904 4634 in
959 4578 1063 4635 hoc
1092 4578 1428 4648 continetur,
1481 4587 1646 4652 atque
1698 4580 1755 4636 in
1812 4579 1915 4637 hac
1962 4580 2077 4652 ipsa

478 4668 731 4726 omnium
760 4667 1003 4726 maxime
1039 4668 1329 4726 tremenda
1354 4676 1440 4725 est
1466 4684 1624 4737 crux,
1652 4684 1716 4725 ex
1758 4686 1863 4742 qua
1896 4669 2075 4726 chari-

480 4766 561 4815 tas
591 4759 697 4816 Dei
724 4757 966 4815 maxime
999 4757 1438 4825 demonstratur,
1466 4757 1942 4831 quemadmodum
1962 4759 2077 4831 ipse

479 4848 753 4906 Dominus
796 4846 936 4905 dicit
974 4867 1017 4905 ι.
1050 4850 1351 4922 Propterea
1385 4857 1438 4905 et
1460 4848 1663 4906 Paulus
1685 4846 1756 4907 de
1782 4847 2079 4907 dilectione

478 4938 647 4995 infert
679 4958 696 4996 :

546 5031 722 5087 Vsus.
757 5032 845 5085 l9.
879 5051 904 5077 α
950 5027 1100 5086 Scire
1143 5027 1315 5085 etiam
1357 5029 1863 5101 supereminentem
1910 5028 2084 5087 scien-

476 5121 570 5179 tias
591 5119 916 5179 charitatem
942 5120 1165 5179 Christi.
1198 5141 1225 5171 »
1269 5122 1349 5180 Ut
1370 5120 1614 5194 possitis,
1652 5120 1850 5194 inquit,
1880 5136 2082 5194 cogno-

566 5258 774 5315 IJoan.
804 5272 938 5329 xxv,
972 5263 1063 5316 23.
1158 5258 1354 5315 zJoan.
1386 5272 1487 5330 xv,
1518 5260 1603 5313 12.

992 3165 1019 3193 α
1068 3119 1151 3201 Ut
1195 3142 1421 3216 possitis
1465 3119 1934 3214 comprehendere
1962 3159 2088 3199 cum
2117 3119 2162 3183 Ο

2192 1883 2434 1967 καρδίαις
2466 1885 2605 1945 οἰκεῖ
2631 1886 2890 1964 Χριστὸς,
2924 1884 3063 1959 μετὰ
3105 1890 3198 1945 τοῦ
3227 1885 3445 1965 Πατρὸς
3486 1887 3790 1967 ἐρχόμενος,

2191 1976 2283 2037 καὶ
2332 1974 2494 2053 μονὴν
2550 1978 2679 2057 παρ’
2725 1976 2909 2043 αὐταῖς
2945 1978 3135 2049 ποιῶν,
3191 1975 3332 2037 καθὰ
3380 1976 3697 2057 προείρηται
3738 1975 3792 2013 ³⁸

2192 2069 2356 2148 αὐτῷ.
2417 2064 2634 2126 Τούτων
2698 2063 2753 2123 δὲ
2806 2064 3175 2141 ἕπιτεύξεσθε,
3233 2064 3569 2149 ἐρριζωμένοι
3620 2068 3674 2125 ἕν
3725 2069 3792 2146 τῇ

2194 2156 2378 2237 ἀγάπῃ
2428 2155 2767 2238 «bram-uoti.
2821 2153 2896 2232 μὴ
2945 2156 3377 2238 παραφερόμενοι
3432 2155 3524 2216 καὶ
3569 2155 3794 2216 κλονού-

2195 2269 2364 2325 μενοι.
2414 2241 2577 2304 Ἤτοι
2616 2234 2704 2305 οὖν
2749 2242 2838 2303 δύο
2870 2245 3035 2318 αὐτῆς
3089 2244 3396 2328 ἐπεύχεται,
3448 2246 3510 2305 τό
3555 2268 3611 2304 τε
3659 2268 3790 2325 κρα-

2190 2338 2483 2407 ταιωθῆναι
2531 2332 2617 2394 διὰ
2665 2338 2760 2394 τοῦ
2812 2333 3149 2412 Πνεύματος,
3204 2335 3296 2395 καὶ
3347 2336 3409 2394 τὸ
3474 2339 3793 2407 κατοικῆσαι

2191 2426 2281 2487 τὸν
2327 2423 2564 2505 Χριστὸν
2613 2426 2666 2484 ἐν
2719 2434 2834 2492 ταῖς
2882 2425 3125 2505 καρδίαις
3170 2429 3374 2499 αὐτῶν,
3423 2424 3478 2498 ἢ,
3506 2422 3629 2485 Ἵνα
3663 2448 3794 2504 κρα-

2191 2519 2475 2589 ταιωθῆτε,
2506 2515 2660 2597 ιρησὶ,
2704 2513 2795 2573 καὶ
2827 2514 3111 2586 ἐπιτήδειοι
3146 2515 3388 2596 γένησθε,
3429 2516 3567 2574 ὥστε
3599 2543 3623 2567 α
3653 2538 3793 2574 κατ-

2194 2609 2408 2680 οικῆσαι
2437 2605 2526 2666 τὸν
2559 2602 2790 2684 Χριστὸν
2831 2605 2905 2672 εἷς
2948 2604 3039 2663 τὸν
3085 2604 3193 2664 ἔσω
3224 2604 3497 2688 ἄνθρωπον
3536 2631 3562 2659 ι
3613 2608 3790 2683 ὑμῶν.

2361 2692 2389 2720 υ
2641 2718 2656 2733 κ
2694 2693 2708 2715 I
3158 2694 3172 2714 ι
3385 2693 3402 2718 \
3745 2702 3766 2713 ι

2285 2718 2316 2756 ιι
2389 2698 2483 2758 Ινα
2530 2692 2845 2774 ἐξισχυσητε
2891 2694 3297 2755 καταλαϐεσθαι
3348 2718 3445 2755 συν
3499 2704 3635 2755 πᾶσι
3684 2716 3794 2762 τοις

2197 2785 2385 2864 ἆγίοις,
2419 2785 2473 2846 τί
2499 2784 2562 2845 τὸ
2605 2784 2802 2851 πλάτος
2833 2785 2925 2844 καὶ
2964 2789 3133 2863 μῆκος
3162 2785 3254 2845 καὶ
3285 2785 3445 2866 βάθος
3474 2786 3565 2845 καὶ
3591 2784 3740 2866 ὕψος.
3766 2807 3794 2837 ι

2193 2874 2375 2957 υοπερ
2414 2874 2708 2955 ἀρχόμενος
2750 2873 2970 2954 ηὔξατο,
3022 2873 3108 2934 ἵνα
3154 2875 3279 2956 δοθῇ
3334 2876 3511 2944 αὐτοῖς
3560 2879 3791 2952 Πνεῦμα

2196 2965 2381 3047 σοφίας
2426 2965 2518 3024 καὶ
2567 2964 2978 3045 ἀποκαλύψεως,
3022 2967 3094 3035 εἷς
3133 2966 3193 3025 τὸ
3241 2964 3435 3025 εἰδέναι
3467 2965 3545 3035 τίς
3583 2969 3722 3026 ἐστιν
3754 2969 3788 3036 ἡ

2194 3055 2342 3122 ἐλπὶς
2406 3057 2499 3125 τ’ἤς
2551 3053 2821 3129 κλήσεως,
2879 3053 2973 3113 καὶ
3031 3055 3099 3114 τὰ
3155 3054 3290 3127 ἑξῆςθ
3344 3060 3502 3116 τοῦτο
3556 3055 3647 3115 καὶ
3702 3059 3790 3113 νῦν

2196 3168 2375 3226 φησιν·
2432 3170 2456 3197 α
2511 3140 2635 3202 Ἵνα
2684 3142 2996 3224 ἐξισχύσητε
3060 3144 3460 3205 καταλαϐέσθαι
3515 3144 3605 3206 σὺν
3659 3154 3792 3203 πᾶσι

2195 3235 2302 3301 τοῖς
2348 3261 2373 3287 κ
2416 3232 2623 3300 πιστοῖς
2666 3233 2726 3292 τὸ
2765 3233 3057 3314 μυστήριον
3105 3234 3166 3294 τὸ
3196 3234 3329 3316 ὑπὲρ
3383 3238 3533 3313 ὑμῶν
3578 3236 3795 3294 οἰκονο-

2199 3322 2393 3401 μηθὲν,
2440 3321 2575 3382 οὕτω
2632 3321 2769 3402 μέγα
2801 3322 2891 3400 ὂν,
2941 3322 3080 3383 ὥστε
3124 3329 3405 3405 πανταχοῦ
3454 3324 3789 3385 ἐκτετάσθαι.

2195 3413 2290 3474 Διὸ
2338 3413 2429 3472 καὶ
2460 3416 2787 3489 σωματικοῖς
2817 3413 2947 3473 αὐτὸ
3004 3413 3279 3496 ὑπέγραψε
3319 3413 3595 3494 σχήμασι,
3643 3437 3795 3496 περιμ-

2193 3503 2373 3564 λαϐὼν
2421 3504 2514 3564 καὶ
2560 3504 2630 3563 τὰ
2673 3502 2800 3577 ἅνω,
2844 3502 3034 3563 καὶτὰ
3080 3505 3248 3581 κάτω,
3292 3505 3384 3565 καὶ
3440 3504 3508 3565 τὰ
3555 3507 3616 3564 ἐκ
3658 3507 3796 3564 πλα-

2192 3593 2341 3673 γίων.
2392 3583 2563 3655 Εἶπον
2616 3592 2712 3671 μὲν
2761 3592 2888 3676 γὰρ,
2922 3592 3078 3673 φησὶ,
3110 3595 3202 3654 καὶ⁸
3255 3593 3380 3671 ἐγώ·
3425 3597 3522 3655 οὐκ
3571 3594 3683 3655 ἔστι
3737 3594 3795 3654 δὲ

2190 3683 2278 3743 διὰ
2308 3686 2410 3742 τῶν
2456 3684 2600 3760 ἐμῶν
2633 3681 2804 3761 λόγων
2838 3689 3009 3744 ταῦτα
3056 3691 3247 3761 μαθεῖν
3285 3687 3502 3758 ἱκανῶς,
3536 3687 3675 3744 ἀλλὰ
3704 3683 3792 3744 διὰ

2188 3778 2281 3834 τοῦ
2316 3771 2633 3853 Πνεύματος
2674 3777 2765 3831 τοῦ
2809 3771 2982 3852 ἁγίουο
3018 3773 3127 3834 οὐδ’
3162 3773 3225 3833 ἂν
3266 3774 3440 3843 ἄλλως
3489 3774 3790 3855 ἐξισχύσετε

2190 3869 2362 3923 ταῦτα
2407 3862 2735 3923 καταλαϐεῖν
2789 3861 2870 3937 39,
2918 3866 2966 3924 εἰ
3019 3861 3095 3942 μὴ
3138 3869 3508 3943 κραταιωθῆτε
3556 3865 3642 3923 διὰ
3693 3869 3789 3924 τοῦ

2193 3952 2528 4032 Πνεύματος.
2579 3950 2791 4032 ’ἰσχύος
2839 3950 2943 4033 γὰρ
2991 3954 3192 4025 πολλῆς
3242 3954 3422 4033 χρεία,
3473 3953 3564 4013 καὶ
3610 3958 3655 4014 εἰ
3714 3955 3790 4031 μὴ

2192 4041 2455 4115 ἐνοικήσει
2501 4042 2624 4117 ὑμῖν
2674 4044 2703 4101 ὃ
2734 4041 2988 4123 Χριστὸς,
3022 4043 3133 4101 οὐδ’
3166 4041 3228 4102 ἂν
3260 4049 3597 4126 κατορθῶσαι
3636 4045 3792 4117 δυνη-

2194 4132 2410 4211 θείημεν
2438 4129 2514 4191 ⁴⁰.
2548 4130 2621 4191 Ὀ
2651 4130 2707 4191 δὲ
2733 4129 2955 4205 Νύσσης
2984 4131 3274 4212 Γρηγόριος
3303 4132 3389 4194 διὰ
3419 4138 3511 4193 τοῦ
3534 4133 3787 4206 πλάτους,

2193 4222 2285 4281 καὶ
2336 4220 2560 4296 μήκους,
2608 4218 2701 4279 καὶ
2755 4220 2971 4301 βάθους,
3021 4222 3114 4305 καὶΪ
3168 4221 3360 4302 ὕψους,
3420 4223 3508 4283 τὸν
3567 4225 3792 4305 σταυρὸν

2194 4310 2294 4392 ἔφη
2344 4312 2651 4382 δηλοῦσθαιο
2684 4309 3004 4391 ἐπεύχεσθαι
3051 4302 3141 4371 οὖν
3182 4311 3272 4371 τὸν
3319 4312 3634 4373 Ἀπόστολον
3686 4302 3795 4382 τοῖς

2194 4399 2488 4482 Ἐφεσίοις,
2535 4403 2605 4469 ὡς
2650 4397 2713 4459 ἂν
2762 4398 3083 4480 ἐξισχύσωσι
3134 4402 3536 4462 καταλαϐέσθαι
3584 4402 3646 4462 τὸ
3698 4410 3793 4464 τοῦ

2191 4495 2419 4570 σταυροῦ
2471 4489 2779 4571 μυστήριον.
2835 4487 2904 4550 Ἦ
2956 4489 3058 4571 γὰρ
3105 4500 3256 4551 πᾶσα
3304 4491 3578 4569 οἰκονομία
3621 4491 3793 4575 τούτῳ

2189 4579 2591 4661 ἐμπεριέχεται,
2619 4578 2732 4662 ,καὶ
2778 4579 2840 4639 τὸ
2873 4579 3069 4655 ταύτης
3118 4580 3547 4662 φρικωδέστατον
3577 4585 3604 4641 ὁ
3633 4607 3794 4642 σταυ-

2189 4669 2272 4749 ρός
2302 4659 2462 4729 ἐστιν)
2507 4669 2558 4739 ἐξ
2588 4659 2649 4729 οὗ
2677 4667 2770 4728 καὶ
2799 4673 2833 4742 ἡ
2866 4670 3048 4749 ἀγάπη
3084 4659 3173 4730 τοῦ
3209 4672 3351 4731 Θεοῦ
3403 4672 3637 4749 μάλιστα
3692 4673 3795 4732 δείο

2186 4783 2394 4834 κνυται,
2425 4759 2496 4829 ὥς
2523 4782 2653 4842 φησι
2694 4757 2788 4817 καὶ
2816 4762 2846 4818 ὁ
2876 4758 3091 4843 Κύριος·
3121 4759 3202 4823 διὸ
3229 4760 3325 4822 καὶ
3353 4764 3382 4822 ὃ
3413 4763 3629 4831 Παῦλος
3665 4765 3787 4823 ἔπι-

2189 4848 2334 4932 φέρει
2363 4850 2488 4933 περὶ
2537 4856 2633 4925 τῆς
2663 4847 2895 4928 ἀγάπης·

2271 5051 2295 5079 ι
2336 5021 2550 5085 Γνῶναί
2608 5045 2667 5082 τε
2731 5018 2828 5095 τὴν
2894 5021 3335 5104 ὑπερϐάλλουσαν
3402 5027 3499 5097 ἧς
3550 5026 3795 5105 γνώσεως

2193 5112 2407 5193 ἀγάπην
2454 5119 2549 5174 τοῦ
2599 5114 2858 5194 Χριστοῦ.
2907 5139 2931 5167 υ
2971 5112 3076 5175 Καὶ
3121 5111 3210 5174 ἵνα
3264 5113 3789 5198 ἐξισχύσητε,ξφησὶ,

1858 5337 2050 5398 Variae
2092 5338 2400 5403 lectiones.

553 5445 598 5482 ³⁸
624 5448 832 5519 προεῖπε
859 5463 909 5505 0.
985 5446 1030 5481 3°
1057 5447 1235 5503 λαϐεῖν
1261 5463 1316 5505 0.
1395 5446 1439 5481 ¹⁸⁰
1465 5445 1535 5504 ἴσ.
1569 5445 1859 5517 δυνηθείητε
1889 5462 1944 5503 0.

551 5562 620 5626 (a)
649 5562 856 5616 Textus
890 5559 983 5619 hic
1012 5560 1173 5633 plane
1217 5559 1569 5635 perturbatus
1607 5569 1707 5618 est.
1754 5560 1983 5618 Rectius
2024 5575 2082 5617 se

478 5638 646 5695 habet
682 5640 845 5697 lectio
881 5640 1095 5698 codicis
1133 5642 1191 5698 S.
1240 5641 1437 5708 Marci,
1477 5641 1573 5697 ὕπὸ
1612 5641 1821 5710 τούτων,
1874 5640 1959 5695 καὶ
1986 5659 2080 5695 πα-

480 5721 805 5791 ραφέρεσθαι,
846 5720 939 5775 οὒκ
984 5720 1234 5794 ἀρκεσθεὶς
1282 5722 1335 5776 δὲ
1380 5728 1452 5797 τῷ
1494 5723 1881 5797 κραταιωθῆναι,
1924 5742 2079 5793 προσ-

2191 5560 2365 5629 έθηκεν
2394 5562 2443 5613 ἐν
2472 5560 2699 5631 δυνάμει.
2733 5562 2808 5617 Et
2829 5560 2907 5617 ita
2931 5560 3125 5635 legisse
3168 5565 3494 5621 Montanum
3521 5563 3794 5634 ,Lonice-

2190 5657 2350 5711 rum,
2394 5640 2527 5713 quin
2568 5650 2623 5698 et
2652 5642 2993 5714 Persenam,
3037 5658 3102 5702 ex
3143 5643 3391 5718 ipsorum
3440 5644 3793 5706 versionibus

2187 5722 2322 5781 satis
2347 5722 2639 5796 colligitur.
