4124 6418
375 414 510 475 1077

1272 414 1625 473 EXPOSITIO
1661 415 1728 473 IN
1766 412 1979 472 EPIST.
2007 412 2106 473 AD
2145 414 2377 474 EPHES.
2418 443 2490 458 —
2526 415 2679 472 CAP.
2718 418 2810 477 Illa

3536 420 3676 476 1078

368 544 568 621 γνῶναι
593 542 692 618 τὴν
721 544 942 626 ἀγάπην
967 548 1060 605 τοῦ
1100 544 1339 626 ξριστοῦ
1374 541 1467 615 τὴν
1499 541 1860 622 ὃπὶρέχουσαν
1904 539 1952 584 ⁴⁴

2078 556 2226 598 scere
2252 541 2580 599 charitatem
2606 541 2835 611 Christi,
2865 541 3285 601 antecellentem
3312 542 3466 601 omni
3497 544 3677 602 scien-

368 634 549 706 πάσης
578 623 844 715 γνώσεως.
880 635 1037 697 Ἐπεὶ
1073 623 1173 694 οῦν
1206 632 1453 714 ὑπερέχει
1488 633 1665 715 πάσης
1701 631 1964 711 γνώσεως,

371 729 482 792 πῶς
527 712 840 803 γνωσόμεθα
899 728 1085 800 ἡμεῖς;
1143 712 1376 803 Πρῶτον
1432 722 1528 799 μὲν
1582 712 1671 781 οὐν
1721 721 1966 800 γνώσεως

371 814 650 895 ὑπερέχειν
684 815 882 889 ταύτην
931 805 1101 891 εἶπεν,
1152 812 1485 894 ἀνθρωπίνης
1529 811 1758 885 δηλαδή⁹
1817 813 1966 888 ὑμεῖς

370 902 424 961 δὲ
462 904 519 963 οὐ
561 905 632 962 δι’
659 902 990 986 ἀνθρωπίνης
1024 901 1289 988 γνώσεως,
1339 901 1478 960 ἀλλὰ
1526 900 1614 961 διὰ
1653 898 1966 988 Πχεύματος

369 992 725 1071 ἐπιγνώσεσθε
762 980 995 1065 ταύτην.
1024 980 1306 1069 νἝπειτα,
1337 990 1456 1053 οὐδὲ
1494 994 1653 1050 τοῦτο
1683 980 1847 1062 εἶπεν,
1883 988 1965 1047 ὅτι

376 1081 645 1144 Γνώσεσθε
698 1081 864 1154 αὐτὴν
906 1082 1045 1155 πόση
1090 1081 1171 1151 τίς
1224 1084 1389 1153 ἐστιν,
1447 1081 1568 1140 ἀλλ’
1610 1078 1739 1140 αὐτὸ
1783 1083 1963 1157 τοῦτο,

368 1173 449 1230 ὅτι
504 1173 715 1250 μεγάλη
764 1171 897 1245 ἐστὶ,
932 1172 1023 1231 καὶ
1066 1169 1148 1230 ὅτι
1196 1168 1443 1251 ὑπερέχει
1488 1168 1664 1243 πάσης
1699 1167 1964 1245 γνώσεως.

367 1264 545 1322 Τοῦτο
578 1262 767 1336 δέομαι
796 1264 934 1339 ὐμᾶς
963 1259 1111 1341 ποιρᾶ
1143 1264 1236 1320 τοῦ
1265 1258 1581 1339 Πνεύματος
1614 1263 1819 1338 μαθεῖν.
1850 1255 1964 1318 Καὶ

365 1351 442 1417 τίς
492 1356 678 1423 τοῦτο,
729 1350 910 1433 φησὶν,
959 1352 1166 1430 ἀγνοεῖς
1222 1349 1452 1422 Πάντες,
1506 1347 1598 1409 καὶ
1637 1349 1684 1408 οἱ
1730 1348 1860 1428 πρὸς
1897 1345 1963 1404 τὰ

366 1440 484 1499 καθ’
530 1442 760 1512 ἑκάστην
796 1440 1047 1519 γινόμενα
1084 1439 1539 1522 δυσχεραίνοντες,
1585 1436 1676 1495 καὶ
1723 1438 1771 1496 οἳ
1822 1459 1962 1515 προ-

365 1535 625 1608 τιμῶντες
664 1532 753 1590 τὸν
791 1532 1120 1607 Μαμμωνᾶν
1157 1535 1251 1589 τοῦ
1279 1530 1440 1588 Θεοῦο
1472 1532 1543 1593 ὡς
1582 1525 1630 1586 εἴ
1672 1549 1733 1606 γε
1762 1524 1959 1597 ταύτην

368 1619 749 1698 ἐγινώσκομιν,
780 1622 875 1680 οὐκ
926 1619 990 1679 ἄν
1024 1618 1144 1680 οὔτε
1188 1622 1281 1692 τῆς
1330 1616 1590 1702 Προνοίας
1632 1614 1962 1696 κατεγογγό-

365 1715 545 1788 ζομεν,
579 1710 701 1771 οὔτε
733 1718 844 1779 τοῖς
876 1715 1109 1789 παροῦσι
1140 1707 1517 1789 προσείχομεν,
1551 1704 1877 1773 ἀποστάντες
1907 1704 1961 1744 ⁴²

2075 632 2188 689 tiae.
2225 631 2504 702 Quoniam
2537 647 2666 689 vero
2693 631 2848 688 omni
2892 631 3134 690 scientiae
3177 633 3473 700 antecellit,
3527 650 3674 708 quo-

2074 721 2245 777 modo
2267 738 2370 778 uos
2397 725 2829 795 cognoscemus?
2856 721 3105 779 Primum
3130 722 3359 793 quidem
3374 722 3510 781 dicit
3531 723 3676 783 hanc

2074 811 2423 867 antecelleret
2449 811 2696 869 scientiae
2710 854 2725 879 ,
2746 810 3013 868 nimirum
3036 809 3298 870 humanae
3320 830 3337 871 :
3359 828 3464 871 vos
3484 822 3675 871 autem

2072 916 2187 956 non
2227 917 2322 973 per
2350 900 2650 958 humanam
2679 901 2903 975 quidem
2936 902 3223 969 scentiam,
3249 901 3346 961 sed
3369 918 3465 975 per
3502 905 3677 976 Spir;-

2072 995 2191 1045 tum
2220 990 2559 1062 cognoscetis
2593 990 2757 1048 hanc.
2807 991 3037 1063 Deinde,
3076 1009 3190 1049 non
3218 991 3326 1051 hoc
3361 991 3518 1061 dixit,
3566 995 3673 1051 Co-

2071 1080 2344 1151 gnosrelis
2388 1095 2532 1150 eam,
2575 1088 2778 1153 quanta
2818 1082 2894 1137 sit
2939 1100 2952 1136 :
3003 1082 3098 1138 sed
3143 1080 3250 1139 hoc
3291 1080 3492 1155 ipsum,
3518 1085 3672 1157 quod

2071 1182 2269 1239 magna
2297 1168 2391 1234 sit,
2422 1177 2480 1225 et
2511 1169 2659 1242 quod
2700 1178 2989 1243 exsuperet
3031 1186 3252 1227 omnem
3288 1171 3575 1229 scientiam
3613 1182 3672 1230 et

2071 1256 2466 1327 cognitionem.
2520 1261 2638 1315 Hoc
2688 1273 2901 1331 precor,
2941 1258 3140 1333 inquit,
3177 1268 3241 1316 ut
3269 1277 3365 1317 vos
3393 1276 3427 1317 a
3458 1261 3669 1335 Spiritu

2070 1342 2319 1402 diseatis.
2346 1347 2485 1417 Quis
2519 1357 2725 1418 autem,
2769 1348 2966 1422 inquit,
2994 1348 3141 1406 istud
3180 1349 3390 1408 nescit?
3418 1351 3667 1409 Omnes:

2069 1442 2126 1489 et
2154 1434 2249 1506 qui
2285 1451 2434 1509 aegro
2472 1437 2657 1493 animo
2702 1437 2982 1509 accipiunt
3018 1452 3143 1511 quae
3172 1437 3230 1494 in
3278 1439 3525 1512 singulos
3554 1440 3671 1498 dies

2070 1521 2231 1593 ﬁunt,
2277 1532 2331 1580 et
2370 1526 2462 1597 qui
2504 1517 2883 1582 mammonam‘
2928 1529 3044 1583 Deo
3087 1526 3405 1599 praeierunt.
3445 1530 3590 1585 Nam
3623 1530 3674 1587 si

2071 1610 2214 1669 hanc
2251 1629 2727 1686 cognosceremus,
2772 1614 3205 1689 haudquaquam
3247 1617 3510 1675 adversus
3541 1621 3675 1677 Pro-

2074 1701 2890 1774 videntiammurmuraremus,
2917 1721 3094 1778 neque
3120 1706 3286 1764 rebus
3314 1709 3676 1780 praesentibus

364 1767 545 1875 aee;
568 1767 1075 1877 egestate;
1097 1767 1517 1878 aesaes:
1534 1794 1685 1878 Ὅρα
1716 1793 1797 1869 δὲ,
1829 1767 1875 1855 ει
1922 1800 1956 1868 ἡ

2078 1791 2321 1849 animum
2362 1793 2759 1862 addiceremus,
2812 1809 2842 1850 a
2897 1796 3017 1851 Deo
3065 1767 3379 1854 deficientes
3443 1798 3539 1871 qui
3594 1799 3675 1855 sic

366 1889 551 1969 ἀγάπη
613 1890 860 1973 ὐπερέχει
910 1889 1087 1963 πάσης
1141 1886 1408 1971 γνώσεως,
1464 1883 1616 1971 πόσῳ
1666 1887 1869 1965 μᾶλλον
1923 1888 1956 1958 ἠ

363 1979 517 2041 οὐσία
532 2004 549 2054 ;

452 2168 480 2202 α
513 2142 636 2207 Ἵνα
664 2146 984 2225 πληρωθῆτε
1006 2144 1079 2210 εἷς
1108 2150 1216 2201 πᾶν
1243 2142 1303 2203 τὸ
1327 2141 1600 2224 πλήρωμα
1628 2146 1721 2201 τοῦ
1750 2140 1915 2201 Θεοῦ.
1937 2164 1961 2192 ν

366 2238 544 2315 Διχῶς
592 2232 750 2294 τοῦτό
794 2257 928 2300 τινες
980 2233 1224 2304 ἕνόησαψ
1293 2228 1328 2304 ἢ
1403 2231 1531 2312 γὰρ,
1591 2228 1714 2292 Ἵνα
1768 2231 1961 2307 γνῶτε,

368 2323 557 2406 φησὶν,
606 2321 691 2383 ὅτι
740 2325 796 2382 ἐν
846 2320 1023 2403 Πατρὶ
1073 2320 1166 2382 καὶ
1208 2323 1325 2402 Υῖῷ
1367 2320 1458 2381 καὶ
1509 2320 1789 2395 Πνεόματι
1831 2318 1966 2400 ἁγίῳ

368 2420 741 2493 προσκυνεῖται
771 2417 899 2491 ἡμῖν
942 2415 971 2471 ὁ
1011 2410 1165 2478 Θεόςο
1212 2416 1368 2471 τοῦτο
1413 2410 1517 2493 γὰρ
1554 2409 1827 2491 πλήρωμα
1873 2416 1967 2469 τοῦ

367 2492 537 2575 Θεοῦ,
587 2505 624 2575 ἥ
659 2502 846 2583 Τριάς·
890 2501 946 2577 ἢ,
984 2499 1128 2575 Ἵνα,
1175 2501 1357 2581 φησὶν,
1410 2492 1505 2573 ἦτε
1553 2497 1966 2583 πεπληρωμένοι

364 2593 545 2666 πάσης
574 2576 784 2674 ἀρετῆς,
814 2584 879 2666 ἧς
925 2590 1136 2674 πλήρης
1171 2576 1200 2649 δ
1228 2576 1384 2658 Θεός.
1432 2593 1689 2671 Κρεῖττον
1727 2576 1783 2649 δὲ
1814 2576 1965 2667 οἶμαι

368 2671 828 2751 νοεῖσθαι-οὔτως*
876 2679 1005 2742 Ἵνα
1047 2671 1150 2754 θῆτε
1190 2678 1382 2740 τέλειοι
1427 2682 1483 2741 ἐν
1520 2678 1668 2758 πάσῃ
1824 2676 1965 2738 κατὰ

368 2772 505 2832 Θεὸν
559 2771 886 2849 τελειότητι,
938 2770 1113 2832 πάντα
1173 2769 1524 2852 γινώσκοντες
1576 2768 1648 2831 τὰ
1703 2774 1840 2843 θεῖα,
1893 2770 1967 2836 ὡς

372 2861 563 2924 ἔνεστι.

448 2978 473 3006 α
500 2952 681 3034 Τῷᾼδὲ
708 2950 986 3034 δυναμένῳ
1027 2951 1163 3034 ὖπὲρ
1200 2950 1378 3012 πάντα
1409 2953 1635 3023 ποιῆσαι
1676 2952 1969 3031 ὑπερεκπε-

373 3046 552 3124 ρισσοῦ
601 3032 676 3100 ὧν
722 3032 1013 3121 αἰτούμεθα
1053 3040 1089 3115 ἢ
1124 3032 1368 3121 νοοῦμεν,
1413 3039 1556 3101 κατὰ
1601 3039 1698 3113 τὴν
1741 3039 1966 3118 δύναμιν

366 3132 462 3204 τὴν
492 3129 870 3213 ἐνεργουμένην
918 3132 972 3191 ἓν
1001 3135 1158 3209 ἡμῖν.
1194 3133 1355 3212 Αὐτῷ
1396 3135 1431 3203 ἡ
1481 3129 1604 3200 δόξα
1631 3132 1685 3191 ἐν
1732 3134 1799 3212 τῇ
1839 3130 1971 3192 Ἐκ-

369 3220 565 3304 κλησίᾳ
595 3225 648 3282 ἕν
684 3222 904 3303 Χριστῷ
934 3221 1144 3297 Ἰησοῦ,
1191 3224 1265 3290 εἷς
1312 3220 1491 3289 πάσας
1524 3220 1621 3289 τὰς
1660 3218 1842 3300 γενεὰς
1876 3224 1970 3282 τοῦ

370 3314 557 3379 αἰῶνος
606 3314 712 3371 τῶν
760 3309 987 3370 αἰώνων.
1045 3310 1235 3390 Ἀμήν.
1300 3338 1325 3379 np
1384 3310 1534 3388 Ἐγὼ
1599 3310 1724 3389 μὲν,
1782 3309 1966 3387 φησὶν,

370 3400 615 3481 εὔχομαι·
669 3400 823 3469 αὐτὸς
892 3400 948 3461 δὲ
1012 3401 1104 3461 καὶ
1164 3404 1271 3461 τῶν
1322 3404 1465 3479 ἐμῶν
1521 3402 1692 3481 εὐχῶν
1753 3399 1968 3478 μείζονα

370 3492 673 3571 ἐργάσεται.
726 3490 965 3553 Δύναται
994 3491 1097 3573 γὰρ
1144 3493 1205 3551 οὐ
1252 3493 1409 3570 μόνον
1451 3490 1629 3549 πάντα
1674 3490 1708 3550 ἃ
1752 3487 1970 3569 εὔχεταί

369 3606 467 3654 τις,
498 3580 637 3641 ἀλλὰ
676 3579 769 3641 καὶ
804 3607 829 3634 ι
864 3580 1000 3664 ὑπὲρ
1038 3580 1217 3641 πάντα
1254 3604 1282 3639 ι
1329 3583 1573 3655 ποιῆσαι,
1605 3580 1699 3641 καὶ
1736 3602 1767 3640 α
1809 3583 1968 3658 61mp-

371 3677 706 3751 εκπερισσοῦ,
757 3696 785 3723 ι
828 3672 1088 3744 τουτέστι,
1132 3670 1427 3753 φιλοτίμως
1479 3668 1573 3729 καὶ
1616 3670 1851 3751 δαψιλῶς
1894 3667 1968 3727 ⁴³.

370 3759 479 3822 Δύο
507 3763 561 3821 δὲ
597 3758 896 3842 ὑπερϐολὰς
941 3758 1141 3835 τίθησι,
1172 3760 1268 3835 τὸ,
1312 3783 1340 3817 α
1373 3759 1549 3839 Ὑπὲρ
1581 3760 1778 3834 πάντα,
1814 3787 1839 3813 α
1876 3762 1968 3822 καὶ

370 3850 453 3928 τὸ,
524 3872 555 3909 σ
612 3850 1129 3932 Ὑπερεκπερισσοῦ.
1196 3871 1228 3909 n
1290 3846 1412 3911 Ἒνι
1455 3848 1559 3930 γὰρ
1606 3848 1699 3908 καὶ
1751 3850 1966 3912 πλείονα

370 3948 538 4000 ποιεῖν
585 3943 693 4000 τῶν
737 3938 1090 4015 αἰτηθέντων,
1144 3938 1220 4017 μὴ
1268 3939 1450 4017 μέντοι
1490 3942 1967 4022 ὑπερεκπερισσοῦ,

373 4027 404 4088 ὅ
450 4033 565 4089 ἐστι
619 4031 854 4110 δαψιλῶς
903 4028 997 4089 καὶ
1051 4028 1188 4106 μετᾶ
1240 4029 1564 4110 φιλοτιμίας
1604 4030 1723 4087 ἀλλ’
1762 4033 1791 4089 ὃ
1832 4030 1970 4100 Θεὸς

374 4119 650 4202 ἀμφότερα
700 4118 941 4179 δύναται·
998 4119 1182 4200 ὥσπερ
1249 4111 1339 4180 οὐν
1400 4119 1492 4178 καὶ
1550 4118 1654 4192 ἤδη
1706 4120 1967 4195 ἠδυνήθη,

372 4210 462 4270 καὶ
514 4209 805 4293 ἕνήργησεν
853 4211 907 4269 ἐν
958 4213 1088 4288 ἡμῖν
1134 4210 1345 4289 μεγάλα
1394 4210 1486 4269 καὶ
1528 4208 1752 4284 ἐξαίσια,
1804 4212 1973 4271 υἱοθε-

2072 1882 2240 1953 392
2268 1898 2371 1939 nos
2397 1882 2608 1941 dilexit.
2655 1883 2900 1941 Observa
2955 1892 3162 1954 autem,
3201 1886 3245 1943 si
3280 1885 3519 1944 charitas
3557 1886 3676 1960 ejus

2070 1970 2285 2027 excellit
2344 1989 2567 2032 omnem
2612 1973 3005 2048 cognitionem,
3064 1983 3270 2049 quanto
3323 1976 3498 2051 magis
3557 1978 3675 2051 ipsa

2068 2060 2302 2120 essentia
2321 2064 2347 2121 Ρ

2148 2175 2175 2203 α
2211 2155 2294 2210 Ut
2325 2154 2659 2227 impleamini
2687 2154 2743 2212 in
2783 2170 3003 2213 omnem
3050 2155 3447 2228 plenitudinem
3467 2158 3589 2216 Dei.
3643 2183 3669 2210 ι

2075 2241 2338 2300 Bifariam
2376 2246 2628 2302 nonnulli
2662 2245 2771 2303 hoc
2811 2245 3210 2304 intellexerunt.
3264 2249 3348 2305 Ut
3366 2248 3569 2317 sciatis,
3597 2250 3676 2305 in-

2072 2333 2214 2406 quit,
2250 2333 2332 2390 vel
2373 2335 2523 2407 quod
2560 2336 2616 2391 in
2663 2337 2827 2392 Patre
2873 2346 2932 2392 et
2965 2335 3099 2393 Filio
3142 2344 3199 2392 et
3239 2338 3449 2408 Spiritu
3486 2347 3677 2395 sancto

2074 2423 2336 2480 adoretur
2372 2425 2535 2481 nobis
2569 2428 2754 2493 Deus;
2799 2425 2918 2483 haec
2951 2425 3101 2483 enim
3130 2426 3411 2497 plenitudo
3448 2428 3548 2484 Dei
3572 2436 3674 2495 est,

2073 2529 2273 2586 nempe
2308 2514 2548 2570 Trinitas
2616 2532 2630 2570 :
2675 2514 2756 2570 vel
2797 2522 2858 2571 ut
2898 2513 3017 2571 sitis
3046 2514 3275 2587 impleti,
3306 2515 3500 2588 inquit,
3527 2519 3677 2573 omni

2077 2605 2276 2660 virtute
2304 2620 2411 2676 qua
2442 2603 2633 2677 plenus
2670 2612 2753 2660 est
2794 2607 2963 2661 Deus.
2999 2604 3227 2662 Rectius
3257 2613 3444 2663 autem
3484 2607 3679 2680 opinor

2075 2694 2155 2750 sic
2182 2693 2446 2767 intellegi,
2478 2696 2559 2752 Ut
2602 2694 2723 2750 sitis
2752 2693 2980 2767 perfecti
3011 2694 3070 2751 in
3098 2696 3248 2751 omni
3278 2694 3460 2752 divina
3502 2695 3676 2768 perfe-

2075 2784 2275 2851 ctione,
2327 2784 2511 2842 omnia
2547 2783 2729 2842 divina
2770 2792 3179 2860 cognoscentes,
3220 2793 3494 2858 quatenus
3531 2786 3674 2842 licet.

2150 2961 2327 3017 Vens.
2367 2964 2459 3029 20,
2498 2964 2588 3016 21.
2621 2980 2647 3008 α
2693 2957 2756 3015 Εἰ
2805 2966 2992 3016 autem
3018 2957 3110 3032 qui
3141 2965 3324 3032 potest
3373 2975 3537 3033 super
3565 2977 3682 3017 om-

2078 3050 2172 3106 nia
2201 3049 2378 3107 facere
2426 3065 2493 3107 ex
2521 3048 2821 3106 abundanti
2852 3061 3021 3121 super
3067 3064 3131 3105 ea
3171 3064 3296 3122 quae
3323 3048 3557 3121 petimus
3585 3060 3684 3107 aut

2078 3139 2450 3213 intelligimus,
2491 3137 2799 3195 secundum
2852 3138 3154 3211 potentiam
3181 3153 3306 3211 qum
3341 3147 3601 3212 operatur
3627 3139 3684 3195 in

2078 3229 2260 3287 nobis.
2314 3228 2427 3300 Ipsi
2475 3228 2652 3301 gloria
2703 3228 2763 3284 in
2816 3226 3057 3284 Ecclesia
3099 3227 3153 3283 in
3200 3226 3417 3284 Christo
3440 3230 3593 3297 Iesu,
3623 3228 3685 3285 in

2079 3333 2272 3376 omnes
2293 3316 2670 3391 generationes
2696 3315 2881 3373 saeculi
2908 3316 3258 3374 seculorum.
3278 3317 3479 3373 Amen.
3516 3340 3542 3367 υ
3563 3318 3683 3390 Ego

2078 3407 2303 3480 quidem
2348 3422 2564 3479 precor,
2610 3406 2809 3478 inquit,
2859 3405 2976 3479 ipse
3001 3415 3187 3462 autem
3225 3414 3282 3462 et
3308 3407 3450 3464 meis
3476 3408 3683 3464 oratio-

2076 3495 2241 3553 nibus
2283 3495 2495 3569 majora
2538 3494 2761 3552 efﬁciet.
2808 3497 3000 3551 Potest
3027 3495 3178 3551 enim
3205 3511 3320 3551 non
3357 3495 3538 3552 solum
3566 3512 3687 3553 om-

2076 3586 2169 3642 nia
2196 3601 2322 3659 quae
2347 3584 2642 3659 quisquam
2668 3591 2791 3641 orat
2816 3623 2832 3652 ,
2861 3582 2956 3640 sed
2991 3599 3157 3655 super
3181 3584 3369 3640 omnia
3397 3584 3599 3651 facere,
3629 3596 3686 3644 et

2082 3698 2110 3726 ι
2151 3690 2317 3748 supra
2356 3689 2422 3731 ex
2451 3672 2775 3742 abundanti,
2819 3693 2847 3723 ι»
2879 3671 2987 3729 hoc
3014 3682 3117 3742 est,
3155 3672 3439 3746 splendide
3483 3684 3540 3732 et
3577 3676 3683 3733 lar-

2078 3765 2237 3839 giter.
2268 3768 2424 3822 Duos
2464 3771 2649 3820 autem
2675 3760 2768 3818 hic
2795 3776 3051 3819 excessus
3076 3761 3253 3834 ponit,
3292 3785 3317 3813 α
3349 3763 3525 3836 Super
3566 3780 3688 3822 om-

2077 3856 2193 3925 nia,
2229 3879 2256 3905 »
2282 3864 2338 3913 et
2376 3878 2403 3905 σι
2443 3856 2619 3927 Supra
2656 3868 2722 3910 ex
2751 3851 3074 3909 abundanti.
3111 3876 3137 3903 υ
3163 3852 3321 3910 Licet
3349 3853 3499 3910 enim
3526 3854 3684 3928 plura

2076 3945 2277 4016 facere,
2306 3961 2473 4018 quam
2500 3959 2628 4017 quae
2656 3951 2937 4017 petuntur,
2984 3958 3099 3998 non
3120 3951 3307 3999 tamen
3346 3959 3414 4001 ex
3459 3959 3684 4018 supera-

2079 4035 2351 4093 bundanti
2404 4034 2746 4099 excellentia,
2802 4032 2948 4105 quod
3014 4041 3100 4089 est
3158 4032 3401 4105 largiter,
3464 4043 3522 4091 et
3555 4050 3686 4092 cum

2082 4124 2401 4181 liberalitate
2430 4140 2448 4176 :
2495 4138 2687 4180 verum
2728 4123 2880 4178 Deus
2916 4129 3148 4194 utraque
3189 4129 3391 4195 potest,
3421 4125 3684 4196 quemad-

2083 4213 2315 4271 modum
2354 4221 2410 4270 et
2428 4212 2546 4286 jam
2572 4228 2720 4268 nunc
2748 4211 2947 4285 potuit,
2976 4218 3032 4268 et
3059 4219 3318 4284 operatus
3344 4220 3430 4269 est
3453 4212 3509 4269 in
3527 4213 3688 4270 nobis

371 4300 540 4368 τάσεις
576 4298 700 4367 τοὺς
742 4297 960 4380 ἐχθροὺς
1006 4301 1168 4359 αὐτοῦ
1219 4299 1472 4365 ἐθνικούς.
1520 4298 1699 4360 Ὥστε
1746 4302 1807 4360 ἐκ
1860 4303 1964 4359 τῶν

2078 4321 2283 4378 magna
2310 4311 2365 4361 et
2381 4303 2585 4361 eximia
2612 4302 2798 4359 hostes
2826 4317 2975 4371 suos,
3008 4311 3222 4376 gentes,
3262 4302 3322 4359 in
3353 4303 3497 4360 ﬁlios
3548 4303 3686 4362 ado-

374 4388 480 4460 ἤδη
532 4387 660 4468 περὶ
700 4391 846 4465 ἡμᾶς
894 4389 1308 4467 ἐνεργηθέντων,
1365 4390 1524 4462 δῆλον
1577 4387 1670 4447 καὶ
1727 4387 1756 4447 δ
1804 4381 1973 4453 εἶπον.

380 4477 619 4544 Εἰκότως
673 4476 729 4536 δὲ
787 4479 857 4545 εἷς
914 4475 1215 4554 δοξολογίαν
1278 4476 1584 4537 κατακλείει
1650 4476 1739 4537 τὸν
1796 4478 1975 4559 λόγον,

380 4564 608 4635 δοξάζων
643 4563 731 4626 τὸν
785 4565 1082 4648 εὐεργέτην·
1116 4566 1229 4643 ἅμα
1270 4567 1325 4626 δὲ
1373 4564 1462 4625 ἵνα
1495 4567 1583 4627 καὶ
1622 4567 1791 4649 ταύτῃ
1837 4569 1977 4651 δείξῃ

380 4656 442 4716 τὸ
472 4653 690 4734 μέγεθος
733 4660 839 4717 τῶν
885 4654 1182 4737 γενομένων
1221 4660 1373 4732 ἡμῖν.
1406 4658 1525 4717 Οὐκ
1578 4655 1643 4716 ἂν
1673 4657 1776 4737 γὰρ
1824 4660 1980 4719 ἐθαυ-

383 4746 614 4818 μάζετο,
640 4744 786 4825 εἰμὴ
815 4748 1117 4822 τηλικαῦτα
1146 4745 1396 4818 δέδωκεν,
1428 4747 1594 4818 ἡλίκα
1621 4746 1670 4781 ⁴⁴
1697 4749 1770 4814 εἷς
1800 4752 1979 4828 θαῦμα

380 4835 473 4894 καὶ
512 4834 664 4905 δόξαν
709 4843 895 4898 κινεῖν.
943 4836 1069 4917 Οὐχ
1117 4837 1301 4905 ἁπλῶς
1345 4836 1402 4895 δέ
1452 4858 1635 4917 φησιν.
1677 4863 1700 4889 α
1738 4838 1902 4918 Αὐτῷ
1943 4843 1978 4914 ἡ

380 4925 524 5004 δόξα,
563 4953 586 4979 υ
617 4923 757 4985 ἀλλὰ
786 4924 902 5004 καὶ,
938 4948 969 4982 α
1018 4924 1123 4987 Διὰ
1148 4924 1328 4997 Ἰησοῦ
1373 4927 1632 5007 Χριστοῦ.
1672 4953 1695 4980 ι
1742 4930 1837 5009 Τῷ
1867 4928 1980 4989 ὄντι

378 5015 482 5096 γὰρ
530 5015 700 5085 οὐδεὶς
746 5013 971 5075 δύναται
1016 5014 1138 5075 οὐδὲ
1190 5014 1433 5090 δοξάσαι,
1475 5018 1523 5076 εἰ
1565 5015 1644 5093 μὴ
1675 5019 1729 5076 ἓν
1886 5024 1980 5080 τοῦ

382 5108 616 5187 Χριστοῦ
644 5105 830 5187 χάριτι
857 5104 952 5165 καὶ
999 5104 1245 5184 δυνάμει.
1279 5106 1450 5175 Αὐτὸς
1497 5105 1603 5188 γάρ
1636 5108 1779 5167 ἐστιν
1826 5111 1855 5168 ὃ
1888 5109 1981 5168 καὶ

380 5196 509 5276 πρὸς
551 5194 855 5276 δοξολογίαν
906 5200 1052 5274 ἡμᾶς
1101 5199 1366 5278 χαριτῶν,
1416 5196 1507 5256 καὶ
1559 5195 1820 5257 δῖδάσκων
1867 5201 1981 5268 πῶς

381 5285 461 5345 δεῖ
496 5289 655 5346 τοῦτο
703 5292 897 5347 ποιεῖν.
959 5306 989 5344 ιι
1034 5283 1131 5347 Ἐν
1171 5290 1238 5366 τῇ
1274 5285 1579 5369 Ἐκκλησία
1611 5285 1665 5348 δὲ
1698 5290 1732 5359 ἡ
1773 5286 1897 5356 δόξα
1948 5315 1974 5343 ιι

381 5378 473 5437 τοῦ
525 5376 692 5451 Θεοῦ,
748 5375 943 5444 καλῶς’
993 5374 1129 5450 αὕτη
1184 5375 1288 5457 γὰρ
1340 5374 1486 5455 μένει
1553 5378 1828 5454 διηνεκῶς,
1887 5377 1982 5438 καὶ

2086 4403 2269 4468 ptans.
2323 4391 2564 4451 Proinde
2606 4408 2673 4449 ex
2718 4391 2785 4448 iis
2834 4407 2959 4465 quae
2997 4393 3117 4465 jam
3155 4392 3299 4450 circa
3340 4409 3447 4450 nos
3474 4402 3691 4467 peracta

2086 4493 2220 4542 sunt
2256 4482 2610 4557 perspicuum
2646 4489 2732 4539 est
2777 4481 2928 4555 quod
2966 4481 3113 4540 dixi.
3161 4482 3362 4540 Merito
3404 4492 3591 4543 autem
3632 4486 3691 4543 in

2088 4575 2192 4632 Dei
2216 4573 2378 4632 laude
2420 4586 2742 4630 sermonem
2791 4570 3091 4639 concludit,
3143 4571 3504 4645 gloriﬁcando
3521 4572 3690 4634 bene-

2086 4663 2359 4723 factorem
2390 4682 2402 4721 :
2433 4670 2490 4722 et
2515 4662 2677 4721 simul
2705 4670 2769 4719 ut
2803 4661 2908 4719 hac
2946 4661 3163 4718 ratione
3189 4661 3447 4721 ostendat
3471 4664 3690 4739 magni-

2089 4754 2346 4812 tudinem
2391 4769 2586 4811 eorum
2630 4766 2756 4826 qua
2799 4750 2963 4809 nobis
3002 4749 3339 4824 obtigerunt.
3386 4754 3514 4810 Non
3540 4754 3689 4812 enim

2087 4845 2477 4915 admiraretur,
2520 4844 2626 4903 nisi
2677 4851 2834 4902 tanta
2875 4841 3133 4913 dedisset,
3171 4852 3377 4917 quanta
3414 4843 3482 4902 ad
3510 4843 3690 4903 admi-

2087 4937 2365 4994 rationem
2397 4942 2453 4991 et
2486 4933 2721 5007 gloriam
2757 4932 3140 4991 concitandam
3191 4933 3329 4991 satis
3368 4941 3531 4991 esset.
3562 4936 3691 4992 Non

2087 5026 2410 5101 simpliciter
2437 5034 2625 5084 autem
2665 5023 2819 5096 dixit,
2857 5047 2884 5074 α
2937 5024 3049 5098 Ipsi
3094 5023 3292 5097 gloria,
3326 5046 3353 5075 ιι
3384 5022 3485 5080 sed
3521 5023 3690 5083 etiam

2092 5141 2118 5167 ι
2158 5119 2264 5173 Per
2284 5118 2476 5173 Jesum
2505 5115 2807 5184 Christum,
2843 5136 2866 5163 ο
2901 5117 3116 5171 Revera
3141 5114 3289 5170 enim
3316 5129 3484 5171 nemo
3511 5122 3695 5189 potest

2088 5223 2158 5264 ne
2182 5205 2486 5280 gloriﬁcare
2532 5203 2781 5279 quidem.
2818 5204 2925 5261 nisi
2950 5205 3005 5260 in
3050 5203 3254 5260 Christi
3284 5204 3460 5277 gratia
3501 5213 3559 5262 et
3584 5204 3695 5260 vir-

2087 5305 2228 5354 tute.
2262 5298 2389 5368 Ipse
2416 5296 2563 5353 enim
2603 5302 2690 5352 est
2725 5293 2816 5367 qui
2849 5294 3011 5351 nobis
3058 5293 3130 5352 ad
3171 5295 3353 5351 Deum
3382 5294 3693 5367 gloriﬁcan-

2088 5385 2230 5444 dum
2257 5394 2317 5445 et
2341 5385 2580 5460 gratiam
2605 5383 2851 5450 confert,
2872 5392 2931 5443 et
2953 5385 3048 5458 qui
3090 5383 3252 5443 docet
3278 5383 3559 5458 quomodo
3588 5382 3695 5444 hoc

1796 5562 1992 5626 Variae
2030 5562 2348 5625 lectiones.

452 5734 493 5771 “
524 5733 937 5807 ὐπερϐαλλόντως
961 5732 1185 5808 ἔχουσαν
1211 5750 1287 5795 m.
1366 5735 1410 5771 δ’
1436 5733 1828 5801 ἇποστκτοῦντες
1856 5752 1915 5798 ο.
1991 5736 2038 5773 ⁴³
2065 5736 2118 5792 ἔκ
2155 5736 2441 5811 φιλοτιμίας
2460 5732 2547 5804 ita)
2570 5732 2800 5809 δαψιλίας
2826 5749 2908 5793 ω.
2986 5732 3029 5770 ⁴⁴
3056 5732 3203 5789 ἱκανὰ
3223 5749 3277 5792 o.
