4124 6452
409 416 545 475 i083

1404 417 1923 479 THEOPHYLACTI
1959 415 2320 475 BULGARL‘E
2359 415 2670 473 ARCHIEP.

3563 410 3699 469 i084

398 550 665 616 tanquam
694 542 941 600 debitum
970 542 1066 602 tibi
1091 542 1284 602 datum
1316 552 1424 602 est.
1457 546 1527 601 Et
1553 543 1820 618 quoniam
1843 560 1991 601 men-

2112 543 2188 623 μὴ
2221 542 2678 624 πολυπραγμόνει.
2716 544 2786 603 Εἰ
2835 538 2939 621 γὰρ
2984 542 3013 600 6
3055 537 3193 606 Θεὸς
3240 536 3531 624 ἐμέτρηεε,
3557 535 3704 598 πάν-

399 652 588 695 suram
617 639 770 694 Dens
791 637 1106 710 prmﬁnivit,
1130 653 1200 695 ne
1219 638 1291 696 sis
1316 638 1587 696 curiosus.
1614 640 1758 696 Nam
1778 638 1824 696 si
1852 644 1998 695 Deus

399 751 716 792 mensuram
769 734 1072 802 distribuit,
1126 734 1351 791 omnino
1392 733 1689 792 commode
1745 734 1802 792 id
1846 734 1996 793 fecit.

396 828 712 886 Necessaria
766 829 954 901 igitur,
1010 838 1065 886 et
1111 830 1249 887 citra
1305 844 1426 901 qua:
1469 845 1579 885 non
1615 828 1791 901 possis
1836 828 1996 890 Chri-

397 918 611 974 stianus
639 916 806 989 395
844 933 984 984 esse,
1033 917 1353 973 communia
1397 926 1541 973 sunt.
1577 916 1669 972 Sin
1701 916 1998 990 quisquam

399 1007 537 1062 alius
567 1006 917 1063 excellentius
945 1006 1157 1063 donum
1194 1005 1414 1074 habent,
1444 1021 1513 1062 ne
1540 1005 1630 1063 tibi
1670 1005 1851 1062 isthuc
1887 1005 1993 1062 do-

399 1098 506 1153 leat
558 1116 572 1152 :
639 1096 1092 1170 quandoquidem
1137 1104 1194 1152 et
1258 1096 1411 1152 labor
1463 1094 1617 1152 istius
1662 1095 1845 1167 major
1887 1103 1989 1164 est,

400 1186 629 1259 perinde
671 1203 737 1245 ac
776 1187 831 1243 in
876 1203 1144 1260 procursu
1196 1184 1359 1243 dicet.
1421 1187 1547 1241 Non
1593 1184 1733 1241 dixit
1779 1193 1988 1254 autem,

396 1279 558 1333 Juxta
602 1292 923 1335 mensuram
962 1276 1387 1349 uniuscujusque
1418 1275 1561 1344 ﬁdei,
1593 1290 1667 1333 ne
1695 1275 1754 1331 in
1794 1290 1995 1334 moero-

2103 659 2207 702 τως
2225 634 2275 673 ⁵⁵
2301 633 2669 713 συμφερόντως
2699 636 2855 692 τοῦτο
2885 629 3128 701 ἐποίησε.
3160 627 3251 691 Τὰ
3284 626 3382 713 μὲν
3411 617 3501 687 οὖν
3532 628 3703 707 ἄναγ-

2105 725 2262 799 καῖα,
2286 723 2378 783 καὶ
2408 714 2481 784 ὧν
2501 721 2668 802 χωρὶς
2691 723 2786 781 οὐκ
2811 720 2923 780 ἔστι
2966 717 3285 799 Χριστιανὸν
3314 707 3481 789 εἶναι,
3509 715 3659 777 κοινά
3687 740 3701 753 ·

2106 816 2151 872 εἰ
2180 814 2235 875 δέ
2262 838 2313 873 τι
2352 813 2533 871 πλεῖον
2563 812 2674 892 ἔχει
2720 814 2772 871 ἐν
2802 809 3098 891 χαρίσματι
3126 811 3155 866 6
3185 808 3329 867 δεῖνα
3349 850 3367 880 ,
3402 805 3479 885 μὴ
3508 806 3663 885 άλγει
3683 830 3699 845 ·

2105 903 2222 964 ἐπεὶ
2274 902 2366 965 καὶ
2412 905 2441 961 ὁ
2484 900 2642 969 πόνος
2680 902 2910 972 πλείων,
2959 902 3028 965 ὡς
3077 895 3277 977 προῖὼν
3334 898 3441 978 ἐρεῖ
3463 896 3531 957 ⁵⁵.
3581 897 3702 957 Οὐκ

2106 985 2221 1055 εἶπε
2252 991 2342 1066 δὲ,
2377 988 2536 1055 Κατὰ
2573 988 2637 1051 τὸ
2671 989 2861 1071 μέτρον
2910 993 3004 1059 τῆς
3047 988 3274 1051 ἑκάστου
3301 985 3567 1060 πίστεως,
3615 983 3703 1046 ἵνα

2103 1083 2177 1162 μὴ
2210 1085 2285 1150 εἷς
2331 1080 2565 1156 ἀθυμίαν
2600 1079 2812 1160 ἐμϐάλῃ
2866 1077 2986 1145 τοὺς
3016 1077 3084 1137 τὰ
3136 1077 3392 1138 ἐλάττονα
3448 1076 3702 1157 ἔχοντας,

2104 1174 2243 1234 ἀλλὰ
2397 1170 2610 1243 θελήσει
2636 1175 2728 1230 τοῦ
2761 1169 2991 1235 διδόντος
3038 1168 3260 1242 ἀνέθηκε
3292 1164 3353 1227 τὸ
3381 1165 3606 1250 μέτρον,
3629 1170 3702 1235 ὡς

2104 1264 2167 1325 ἂν
2196 1261 2331 1344 μηδὲ
2353 1263 2622 1340 ’τολμῶσιν
2653 1258 2787 1328 ὅλως
2815 1262 3189 1339 λογοπραγεῖν.

398 1381 514 1422 rem
544 1365 802 1439 conjiciat
836 1381 932 1422 eos
971 1364 1171 1438 quibus
1218 1365 1431 1422 minora
1475 1372 1603 1421 sunt
1645 1364 1840 1422 collata
1895 1384 1908 1421 :
1960 1372 2228 1423 caeterum
2279 1359 2549 1418 voluntati
2587 1357 2766 1417 dantis
2812 1373 3138 1416 mensuram
3192 1354 3397 1427 retulit,
3454 1370 3526 1413 ne
3579 1369 3704 1412 om-

398 1455 529 1511 nino
553 1455 869 1528 obstrepere
896 1456 1151 1512 audeant.

470 1547 649 1602 Vnas.
700 1552 752 1601 8.
810 1568 835 1594 α
867 1547 1098 1618 Propter
1150 1545 1301 1618 quod
1351 1544 1484 1601 dicit
1532 1544 1898 1603 :Aseendens
1933 1546 1992 1604 in

397 1633 597 1702 altum,
647 1634 923 1708 captivam
947 1634 1107 1691 duxit
1133 1634 1523 1708 captivitatem,
1567 1633 1822 1708 deditque
1848 1634 1992 1693 dona

397 1721 718 1781 hominibus
757 1742 809 1785 ιι.
865 1746 892 1775 ι
946 1722 1110 1796 Quod
1151 1723 1318 1793 dona,
1367 1722 1567 1795 inquit,
1606 1725 1720 1796 ipse
1755 1724 1989 1796 dederit,

399 1813 624 1885 planum
655 1821 739 1870 est
782 1828 850 1871 ex
894 1828 963 1871 eo
1017 1813 1165 1887 quod
1223 1812 1498 1886 Propheta
1547 1812 1708 1885 dicit,
1748 1835 1778 1865 «
1828 1814 1996 1873 Dedit

397 1901 545 1960 dona
572 1901 908 1963 hominibus.
946 1925 973 1954 ι
1021 1904 1194 1977 Atqui
1222 1904 1512 1976 propheta,
1556 1904 1860 1976 Accepisti,
1909 1905 1997 1962 in-

397 1992 535 2065 quit,
569 1990 715 2050 dona
763 2012 778 2050 :
825 1993 977 2067 quod
1017 1992 1172 2051 idem
1217 2001 1316 2050 est.
1359 1996 1504 2051 Nam
1540 1996 1712 2065 Deus,
1737 1993 1876 2052 dum
1903 1994 2001 2053 dat

395 2080 749 2154 charismata,
776 2083 978 2157 accipit
1004 2082 1365 2141 ministerium
1397 2101 1412 2139 :
1444 2083 1537 2157 qni
1568 2099 1700 2140 vero
1724 2084 1999 2143 charisma

397 2170 619 2245 accipit,
664 2182 730 2229 ut
783 2181 1043 2246 operetur
1086 2180 1144 2229 et
1193 2172 1425 2243 laboret,
1473 2173 1689 2244 accipit.
1726 2174 1996 2244 Quocirca

399 2260 567 2320 otiosi
606 2276 729 2320 esse
770 2277 887 2319 non
932 2261 1220 2321 debemus.
1264 2264 1329 2319 In
1373 2263 1757 2320 summitatem
1806 2272 1994 2322 autem

401 2350 670 2421 ascendit,
726 2350 810 2410 vel
848 2351 1063 2421 crucis,
1101 2351 1185 2409 vel
1220 2351 1346 2409 creti
1380 2368 1476 2424 per
1506 2353 1945 2426 assumptionem
1978 2373 1996 2415 :

399 2439 550 2513 quod
589 2449 645 2498 et
687 2442 872 2515 potius
914 2450 1019 2511 est,
1047 2442 1195 2499 velut
1221 2457 1291 2500 ex
1319 2442 1778 2514 consequentibus
1804 2443 1994 2516 liquet.

398 2529 631 2601 Qualem
659 2539 844 2588 autem
870 2531 1249 2605 captivitatem
1284 2530 1460 2589 dicit?
1506 2532 1725 2589 Diaboli
1772 2548 1787 2587 :
1821 2533 1996 2605 capti-

400 2637 532 2678 vum
571 2622 721 2678 enim
766 2622 911 2695 cepit
956 2621 1265 2691 diabolum,
1310 2629 1369 2679 et
1413 2631 1674 2692 mortem,
1725 2630 1781 2679 et
1820 2622 1997 2681 male-

398 2708 724 2783 dictionem,
758 2720 813 2768 et
840 2719 1150 2784 peccatum,
1178 2727 1389 2784 nosque
1426 2710 1652 2769 diabolo
1693 2711 1990 2785 subjectos,

398 2802 951 2873 commemoratisque
970 2801 1092 2875 jam
1132 2801 1423 2859 obnoxios.

469 2892 645 2947 Vens.
676 2894 731 2959 9,
761 2898 848 2947 10.
892 2913 919 2940 ιι
960 2889 1124 2963 Quod
1169 2899 1353 2948 autem
1401 2892 1672 2960 ascendit,
1717 2891 1850 2965 quid
1893 2901 1996 2961 est,

2021 1777 2070 1841 Β

2192 1567 2223 1602 ιι
2250 1542 2345 1604 Διὸ
2372 1540 2516 1619 λέγει
2536 1563 2552 1578 ·
2581 1538 2806 1606 Ἀναϐὰς
2835 1540 2880 1599 εἰ
2918 1537 3051 1621 ὕψος
3080 1529 3501 1618 ᾗχμαλώτευσεν
3531 1537 3701 1616 αἰχμ-

2101 1632 2371 1712 αλωσίαν,
2421 1629 2515 1691 καὶ
2555 1630 2719 1691 ἔδωκε
2760 1629 2968 1705 δόματα
2997 1634 3104 1694 τοῖς
3152 1625 3471 1712 ἁνθρώποιςέ
3508 1652 3534 1680 ιε
3570 1625 3704 1687 υΟτι

2103 1722 2284 1796 αὐτὸς,
2311 1706 2491 1804 φησὶν,
2511 1718 2675 1779 ἔδωκε
2704 1718 2773 1778 τὰ
2788 1716 3104 1798 χαρίσματα
3119 1762 3136 1793 ,
3169 1706 3332 1789 δῆλον
3353 1714 3405 1786 ἐξ
3430 1706 3505 1776 ὧν
3525 1719 3554 1775 6
3572 1738 3703 1796 προ-

2101 1813 2273 1896 φήτης
2299 1812 2473 1891 λέγει,
2502 1808 2585 1869 ὅτι
2629 1834 2654 1861 ι
2682 1808 2896 1869 Ἔδωκε
2927 1806 3135 1883 δόματα
3169 1813 3279 1872 τοῖς
3310 1804 3634 1886 ἀνθρώποις.
3669 1832 3699 1861 υ

2105 1894 2216 1965 Καὶ
2270 1902 2376 1980 μὴν
2407 1905 2436 1961 6
2464 1896 2737 1981 προφήτης
2787 1919 2814 1955 ιι
2865 1895 3134 1969 ἼΞλαϐες,
3168 1895 3336 1977 φησὶ,
3381 1894 3594 1972 δόματα
3618 1918 3632 1933 ο
3667 1917 3697 1955 ι

2102 1992 2295 2053 ταυτὸν
2326 1992 2384 2051 δέ
2424 1993 2556 2051 ἐστι.
2600 1985 2786 2054 Διδοῦς
2815 1986 2917 2069 γὰρ
2962 1990 2990 2046 ὁ
3019 1985 3157 2053 Θεὸς
3170 1985 3222 2022 ⁵⁸
3253 1983 3321 2045 τὰ
3349 1983 3702 2067 χαρίσματα,

2106 2079 2493 2162 ἇντιλαμϐάνει
2524 2078 2623 2152 τὴν
2655 2076 2950 2138 διακονίαν.
2984 2075 3057 2138 ¢0
3092 2073 3195 2155 γὰρ
3241 2074 3426 2135 λαϐὼν
3458 2075 3705 2158 χάρισμα

2107 2173 2195 2233 διὰ
2230 2171 2291 2232 τὸ
2345 2174 2573 2252 ἐνεργεῖν
2600 2192 2653 2228 τι
2683 2170 2773 2227 καὶ
2803 2176 3000 2248 κοπιᾷν
3049 2164 3336 2242 λαμϐάνει.
3389 2166 3598 2227 Οὐκοῦν
3645 2167 3705 2225 οὗ

2108 2265 2188 2323 δεῖ
2238 2260 2538 2339 άθυμεῖνδτ.
2586 2261 2674 2327 Εἷς
2705 2258 2832 2338 ὕψος
2862 2260 2916 2317 δὲ
2973 2256 3138 2329 ἀνέϐη
3178 2254 3214 2329 ἢ
3249 2254 3311 2316 τὸ
3355 2262 3449 2317 τοῦ
3478 2262 3707 2338 σταυροῦ

2104 2352 2140 2426 ἢ
2184 2352 2244 2413 τὸ
2275 2356 2367 2412 τοῦ
2392 2352 2612 2431 οὐρανοῦ
2632 2394 2649 2426 ,
2681 2351 2735 2408 ἐν
2786 2352 2851 2429 τῇ
2892 2346 3188 2429 ἀναλήψει*
3217 2344 3245 2405 8
3273 2345 3365 2405 καὶ
3398 2347 3603 2423 μᾶλλον
3637 2348 3707 2413 ὣς

2107 2445 2166 2502 ἐκ
2213 2445 2316 2502 τῶν
2358 2437 2701 2517 ἐπαγομένων
2754 2439 2933 2510 δῆλον.
2988 2436 3161 2497 Ποίαν
3210 2435 3267 2495 δὲ
3323 2434 3705 2515 αἰχμαλωσίαν

2107 2532 2275 2614 φησίς
2309 2529 2424 2603 Τὴν
2454 2534 2546 2589 τοῦ
2587 2526 2837 2587 διαϐόλου
2861 2550 2875 2565 ο
2907 2527 3255 2608 αἰχμάλωτον
3282 2525 3388 2606 γὰρ
3423 2523 3585 2614 ἔλαϐε
3615 2524 3704 2614 τδν

2106 2612 2388 2695 διάϐολον,
2421 2617 2628 2679 καὶτὸν
2677 2616 2925 2689 θάνατον,
2975 2616 3067 2675 καὶ
3105 2614 3203 2686 τὴν
3248 2614 3419 2696 ἀρὰν,
3473 2613 3565 2674 καὶ
3610 2612 3707 2686 τὴν

2107 2710 2375 2791 ἁμαρτίαν
2395 2757 2412 2788 ,
2444 2708 2535 2769 xui
2567 2711 2709 2783 ἡμᾶς
2741 2707 2795 2765 δὲ
2832 2705 2949 2773 τοὺς
2993 2705 3093 2765 ὑπὸ
3130 2710 3220 2765 τοῦ
3258 2702 3508 2764 διαϐόλου
3532 2702 3708 2783 ὄντας,

2107 2802 2198 2861 καὶ
2220 2801 2328 2868 τοῖς
2354 2803 2585 2882 ῥηθεῖσιν
2616 2796 2978 2878 ἐνεχομένους.

2194 2919 2220 2944 α
2254 2889 2338 2951 Τὸ
2369 2888 2460 2962 δὲ,
2482 2887 2667 2959 Ἀνέϐη
2688 2930 2705 2957 ,
2756 2886 2807 2945 τί
2837 2888 3011 2958 ἐστιν,
3051 2886 3097 2945 εἰ
3127 2883 3203 2962 μὴ
3252 2883 3335 2944 ὅτι
3368 2882 3461 2944 καὶ
3502 2882 3707 2957 κατέϐη

401 2980 510 3036 nisi
551 2978 703 3052 quod
725 2979 1071 3038 descenderit
1110 2981 1277 3037 etiam
1320 2981 1559 3054 primum
1606 2982 1663 3037 in
1716 2981 2004 3039 inferiores

2109 2983 2314 3060 xgo'irov
2343 2982 2414 3044 εἷς
2443 2977 2509 3037 τὰ
2562 2976 2837 3054 κατώτερα
2872 2975 3007 3055 μέρη
3051 2979 3147 3048 τῆς
3194 2975 3331 3053 γῆςξς
3358 2972 3432 3035 Ὀ
3461 2972 3564 3053 γὰρ
3596 2998 3700 3033 κα-

412 3076 595 3142 partes
622 3072 817 3127 terrae?
854 3069 958 3140 Qui
997 3070 1298 3140 descendit,
1330 3071 1446 3142 ipse
1474 3081 1555 3127 est
1586 3070 1680 3145 qui
1723 3080 1782 3128 et
1809 3086 2004 3128 ascen-

2109 3056 2272 3136 ταϐὰς
2332 3065 2487 3133 αὐτός
2554 3069 2666 3125 ἐστι
2722 3066 2811 3125 καὶ
2862 3068 2890 3123 6
2941 3063 3147 3131 ἀναϐὰς
3195 3062 3443 3144 ὑπεράνω
3493 3064 3708 3122 πάντων

401 3160 485 3216 dit
535 3174 697 3231 supra
731 3175 931 3216 omnes
951 3159 1142 3228 caelos,
1183 3168 1245 3216 ut
1287 3160 1546 3231 impleret
1579 3159 1782 3218 omnia.
1836 3184 1861 3210 ιι
1919 3163 1998 3217 De

403 3247 719 3304 humilitate
749 3246 836 3303 hic
863 3246 1149 3321 disputans
1172 3249 1400 3316 Paulus,
1444 3248 1720 3305 Christum
1749 3249 2002 3321 producit

401 3337 742 3410 exemplum,
789 3336 933 3394 sicut
977 3337 1033 3393 in
1084 3337 1326 3410 Epistola
1373 3336 1444 3394 ad
1473 3338 1846 3412 Philippenses
1903 3365 1929 3397 c
1981 3357 1996 3397 :

403 3425 914 3498 Quemadmodum,
942 3426 1138 3499 inquit,
1181 3428 1271 3484 ille
1311 3444 1426 3484 non
1467 3428 1737 3485 recusavit
1772 3428 1997 3485 descen-

402 3515 555 3585 dere,
608 3517 688 3573 sic
754 3518 963 3590 etlvos
1018 3533 1132 3574 non
1181 3527 1431 3575 recusate
1477 3533 1576 3590 per
1625 3518 1999 3575 humilitatem

403 3621 504 3663 vos
554 3605 871 3665 demittere.
947 3606 1112 3680 Quod
1146 3608 1297 3665 enim
1364 3607 1722 3677 descenderit,
1792 3609 1998 3682 μετεβί-

404 3711 571 3755 cuum
599 3705 682 3754 est
718 3713 785 3753 ex
828 3694 1121 3771 Propheta,
1177 3697 1275 3769 qui
1319 3713 1446 3755 eum
1492 3696 1804 3756 ascendisse
1845 3714 2000 3756 asse-

401 3786 497 3844 rit.
554 3789 639 3844 De
689 3791 807 3846 Deo
864 3788 1020 3845 enim
1073 3802 1204 3846 cum
1262 3787 1464 3846 dicitur
1519 3787 1670 3861 quod
1735 3788 2002 3846 ascende-

402 3875 496 3946 rit,
552 3877 921 3935 necessarium
985 3885 1067 3934 est
1127 3876 1369 3951 primum
1428 3878 1752 3936 descensum
1811 3879 2004 3935 intelli-

402 3982 577 4041 gere:
626 3967 696 4025 de
721 3968 1038 4026 hominibus
1056 3976 1246 4025 autem
1290 3982 1451 4025 secus
1491 3975 1593 4025 est.
1648 3970 1769 4039 Quo
1815 3976 2002 4025 autem

403 4055 725 4114 descendit?
772 4055 863 4114 Ad
926 4055 1151 4114 inferos.
1203 4057 1324 4113 Hos
1367 4058 1516 4113 enim
1569 4056 1788 4115 inﬁmas
1841 4065 2006 4115 terrae

405 4156 590 4218 partes
622 4147 859 4219 appellat
878 4147 1040 4218 juxta
1070 4161 1431 4204 communem
1460 4146 1784 4218 opinionem
1815 4162 2007 4219 quem-

404 4235 709 4293 admodum
743 4244 798 4292 et
827 4236 996 4292 Jacob
1019 4233 1214 4307 inquit,
1251 4257 1278 4283 α
1310 4234 1606 4292 Deducetis
1638 4251 1810 4293 canos
1851 4252 2008 4293 meos

405 4340 535 4382 cum
580 4324 775 4382 dolore
818 4324 886 4380 ad
926 4323 1132 4381 inferos
1169 4346 1198 4389 (ι
1238 4340 1253 4379 :
1308 4346 1334 4373 ιο
1386 4341 1450 4381 ac
1498 4324 1694 4394 David,
1740 4349 1766 4376 ιι
1797 4327 2005 4384 Similis

2107 3162 2213 3216 τῶν
2265 3159 2533 3236 οὖρανῶν,
2561 3153 2650 3214 ἵνα
2693 3155 2955 3234 πληρώσῃ
3006 3152 3073 3214 τὰ
3118 3151 3320 3215 πάντα.
3359 3177 3388 3210 ιι
3436 3152 3570 3233 Περὶ
3606 3176 3708 3211 ται

2109 3245 2519 3328 πεινοφροσόνης
2578 3244 2944 3323 διαλεγόμενος
2995 3244 3223 3303 ἐνταῦθα
3254 3247 3283 3303 6
3326 3244 3575 3314 Παῦλος,
3619 3242 3711 3301 τὸν

2111 3336 2346 3417 Χριστὸν
2383 3336 2616 3417 παράγει
2662 3332 2994 3414 ὑπόδειγμα,
3050 3330 3232 3415 ὥσπερ
3260 3333 3353 3394 καὶ
3400 3335 3454 3392 ἐν
3582 3333 3712 3411 πρὸς

2112 3425 2544 3500 (ιιιλιπαιτησίουις⁸
2584 3423 2677 3483 καί
2703 3446 2860 3505 φησιν
2880 3470 2895 3495 ,
2934 3423 3015 3482 ὅτι
3044 3421 3228 3501 ὥσπερ
3260 3423 3454 3489 ἐκεῖνος
3482 3422 3542 3480 οὐ
3566 3445 3708 3502 παρ-

2108 3515 2349 3596 ῃτήσατο
2384 3512 2724 3587 καταϐῆναι,
2776 3511 2915 3572 οὕτω
2963 3511 3102 3590 μηδὲ
3158 3517 3307 3589 ὓμεῖς
3361 3518 3710 3590 παραιτεῖσοε

2108 3607 2205 3680 τὴν
2255 3605 2343 3665 διὰ
2415 3603 2893 3683 ταπεινοφροσύνης
2948 3600 3371 3680 συγκατάϐασιν.
3419 3597 3552 3662 "Ott
3608 3600 3712 3683 γὰρ

2109 3694 2334 3766 κατέϐη,
2361 3695 2519 3767 δῆλον
2550 3694 2656 3754 ἀπὸ
2684 3697 2774 3752 τοῦ
2807 3692 2973 3752 εἰπεῖν
3002 3690 3089 3752 τὸν
3120 3690 3421 3773 προφήτην,
3448 3690 3569 3750 8n-
3597 3689 3711 3750 ’Λν-

2110 3785 2227 3860 έϐη.
2256 3813 2283 3839 ν
2315 3783 2447 3844 Ἐπὶ
2473 3782 2579 3865 γὰρ
2608 3785 2783 3855 Θεοῦ,
2814 3780 2940 3842 ὅταν
2962 3780 3188 3860 λέγηται
3216 3782 3303 3854 τὸ,
3341 3804 3373 3837 ιι
3405 3777 3648 3852 Ἀναϐὰς,
3672 3804 3701 3840 n

2112 3875 2319 3953 ἀνάγκη
2371 3877 2579 3954 πρῶτον
2636 3871 2938 3932 κατάϐασιν
2978 3872 3211 3949 ἐννοεῖν,
3266 3868 3355 3930 ἐπὶ
3401 3869 3456 3929 δὲ
3499 3869 3709 3949 ἀνθρώ-

2113 3990 2263 4044 πων,
2307 3963 2503 4025 οὗκέτι.
2556 3964 2671 4022 Ποῦ
2702 3961 2757 4020 δὲ
2786 3959 3024 4034 κατέϐη;
3081 3963 3175 4027 Εἷς
3221 3959 3311 4020 τὸν
3344 3959 3504 4043 ᾅδην*
3528 3966 3711 4020 τοῦτον

2112 4053 2215 4134 γὰρ
2241 4052 2518 4133 κατώτερα
2565 4049 2704 4131 μέρη
2750 4055 2845 4122 τῆς
2870 4056 2969 4130 γῆς
3015 4050 3190 4129 λέγει,
3230 4049 3372 4109 κατὰ
3404 4048 3499 4124 τὴν
3532 4051 3712 4119 κοινὴν

2115 4143 2397 4203 ὑπόνοιαν·
2450 4145 2521 4208 ὣς
2560 4141 2650 4200 καὶ
2696 4143 2724 4198 6
2763 4139 2995 4201 Ἰακώϐ·
3029 4169 3052 4193 ει
3119 4137 3392 4208 Κατάξετε
3442 4139 3503 4199 τὸ
3549 4138 3715 4218 γῆράς

2115 4256 2217 4310 μου
2246 4233 2365 4310 μετ’
2399 4230 2586 4305 ὀδύνης
2619 4231 2689 4297 εἷς
2717 4229 2883 4312 ᾅδην·
2912 4251 2941 4287 )›
2979 4229 3072 4289 καὶ
3092 4232 3120 4289 6
3162 4227 3333 4289 Δαυΐδ
3357 4253 3370 4267 ·
3410 4252 3440 4286 ιι
3469 4228 3711 4305 Ὁμοιω-

2115 4322 2345 4400 θήσομαι
2400 4321 2508 4388 τοῖς
2553 4319 2970 4380 καταϐαίνουσιν
3017 4322 3090 4388 εἰς
3132 4318 3353 4379 λάκκον.
3423 4341 3451 4375 ε
3492 4318 3710 4391 Κατέϐη

407 4429 505 4470 ero
544 4412 1007 4470 descendentibus
1050 4413 1107 4469 in
1152 4413 1339 4470 lacum
1374 4444 1420 4475 θ.
1453 4433 1482 4470 )›
1516 4415 1813 4474 Descendit
1840 4416 2005 4488 igitur

2115 4411 2287 4470 τοίνυν
2356 4413 2432 4478 εἰς
2475 4410 2543 4470 τὰ
2588 4408 2875 4470 κατώτατα
2947 4409 3112 4489 μέρη,
3163 4410 3280 4488 μεθ’
3330 4408 3366 4468 ἃ
3412 4409 3504 4469 οὐκ
3564 4408 3705 4467 ἔστ.ν

408 4503 479 4560 ad
520 4503 738 4561 intimas
782 4511 982 4577 partes,
1024 4503 1170 4560 ultra
1212 4519 1349 4576 quas
1376 4520 1491 4561 non
1518 4512 1604 4561 est
1652 4505 1802 4563 aliud
1830 4505 2003 4579 quid:

407 4602 464 4652 et
489 4594 736 4652 ascendit
760 4610 927 4667 supra
958 4594 1168 4663 omnia,
1201 4595 1342 4651 ultra
1369 4609 1497 4668 quae
1521 4610 1637 4652 non
1682 4605 1815 4653 sunt
1852 4596 1957 4654 alia
1989 4614 2003 4652 :

408 4700 513 4741 nec
563 4684 783 4742 obstitit
839 4684 890 4741 ei
953 4682 1267 4753 descensus,
1341 4685 1640 4757 quominus
1691 4685 2013 4745 ascenderet

410 4777 481 4831 Et
527 4789 631 4832 vos
677 4773 864 4849 igitur,
916 4773 960 4831 si
1015 4773 1401 4844 humiliemini,
1478 4774 1879 4834 exaltabimini.
1925 4775 2011 4833 0h

409 4863 554 4921 hanc
595 4864 746 4921 enim
798 4879 1026 4920 causam
1070 4862 1195 4922 haec
1243 4864 1429 4921 omnia
1481 4861 1671 4934 efﬁcit,
1722 4874 1785 4922 ut
1824 4865 2011 4923 omnia

410 4955 635 5028 impleat
705 4952 994 5011 dominatu
1060 4953 1488 5028 operationeque
1547 4969 1668 5024 sua,
1724 4954 1890 5029 idque
1956 4955 2011 5011 in

409 5060 592 5115 carne,
639 5043 1090 5118 quandoquidem
1117 5042 1401 5101 divinitate
1439 5045 1558 5118 jam
1606 5053 1764 5103 antea
1811 5053 2010 5103 cuncta

409 5135 731 5208 compleret.
771 5136 906 5192 Haec
958 5142 1142 5192 autem
1182 5133 1446 5191 adversus
1484 5134 1714 5193 Paulum
1750 5136 2011 5193 Samosa-

411 5233 625 5283 tensem
669 5233 724 5283 et
777 5224 1096 5283 Nestorium
1147 5232 1289 5282 sunt.
1338 5223 1446 5296 Qui
1500 5225 1652 5284 enim
1704 5224 2009 5295 descendit,

482 5390 509 5426 ι’
534 5386 687 5447 Psal.
718 5402 851 5460 xw,
879 5390 932 5447 8.

2115 4501 2291 4582 ἕτερόν
2322 4524 2371 4560 τι
2397 4522 2413 4540 ·
2465 4500 2554 4559 καὶ
2587 4498 2755 4573 ἀνέϐη
2780 4497 3029 4579 ὑπεράνω
3078 4499 3294 4559 πάντων
3318 4542 3334 4571 ,
3370 4501 3503 4579 ὗπὲρ
3534 4497 3567 4557 ἃ
3618 4500 3715 4556 οὐκ.

2117 4591 2260 4650 ἔστιν
2309 4589 2499 4671 ἕτεραο
2549 4590 2641 4650 καὶ
2687 4592 2784 4650 οὐκ
2825 4587 3122 4649 ἐνεπόδισεν
3171 4589 3318 4669 αὐτῷ
3348 4595 3382 4662 ἡ
3413 4587 3713 4656 κατάϐασις

2120 4683 2194 4748 εἷς
2228 4678 2325 4752 τὴν
2356 4679 2639 4741 ἀνάϐασιν.
2690 4681 2801 4739 Καὶ
2857 4682 3005 4756 ὗμεῖς
3034 4677 3206 4739 τοίνυν
3250 4679 3296 4736 εἰ
3328 4683 3668 4738 ταπεινοῦσοξ
3690 4725 3705 4751 ,

2120 4769 2484 4851 tamenquae.
2517 4767 2725 4830 Τούτου
2760 4766 2865 4848 γὰρ
2899 4769 3058 4848 χάριν
3092 4766 3497 4847 ἐπεξεργάζεται
3527 4775 3716 4843 ταῦτα,

2117 4858 2207 4919 ἵνα
2260 4855 2525 4936 πληρώσῃ
2578 4856 2647 4916 τὰ
2698 4857 2874 4917 πάντα
2896 4857 2947 4895 ⁵⁸
3004 4861 3098 4930 τῆς
3169 4855 3477 4924 δεσποτείας
3528 4859 3721 4931 αὐτοῦ,

2120 4949 2211 5009 καὶ
2241 4952 2337 5019 τῆς
2381 4945 2667 5029 ἐνεργείας,
2716 4946 2808 5006 καὶ
2834 4948 2885 5005 ἐν
2910 4945 3098 5027 σαρκὶ,
3141 4945 3258 5006 ἐπεὶ
3288 4949 3355 5025 τῇ
3398 4968 3460 5024 γε
3508 4948 3718 5018 θεότητι

2118 5038 2209 5098 καὶ
2266 5040 2520 5120 πρότερον
2570 5036 2639 5098 τὰ
2667 5036 2844 5096 πάντα
2894 5036 3149 5118 ἕπλήρου.
3184 5035 3345 5098 Κατὰ
3393 5033 3615 5096 Παύλου
3664 5036 3720 5096 δὲ

2118 5134 2208 5189 τοῦ
2264 5125 2669 5207 Σαμοσατέως,
2733 5127 2827 5187 καὶ
2890 5125 3214 5208 Νεστορίου,
3268 5131 3461 5190 ταῦτα.
3493 5125 3558 5188 Ὁ
3617 5125 3721 5207 γὰρ

2119 5216 2390 5298 καταϐὰς,
2428 5217 2586 5291 δῆλον
2617 5214 2697 5277 ὅτι
2746 5216 2856 5277 ἄνω
2884 5214 2959 5277 ὢν
2992 5215 3196 5292 κατέϐη
3217 5260 3235 5293 ,
3285 5215 3378 5278 καὶ
3409 5215 3707 5298 σαρκούμε-

1027 5386 1305 5461 °Philipp.
1335 5403 1410 5458 ιι,
1442 5394 1496 5446 8.
1567 5388 1596 5427 ἀ
1627 5390 1772 5448 Gen.
1798 5404 1986 5461 xxiv,
2017 5394 2105 5447 38.
2183 5398 2205 5427 ο
2230 5388 2375 5447 Psal.
2400 5402 2611 5461 xvvu,
2639 5394 2692 5447 1.

1833 5518 2027 5580 Variae
2070 5519 2374 5583 lectiones.

485 5648 576 5702 ἰδ
599 5646 698 5719 γὰρ
717 5646 840 5709 Θεὸς
859 5645 1025 5719 ἔμέτρ.
1047 5647 1133 5703 καὶ
1153 5649 1274 5707 πάν.
1305 5664 1361 5707 o.
1434 5650 1482 5686 ⁸⁵
1512 5650 1650 5724 λέγει
1673 5665 1729 5708 0.
1804 5649 1850 5685 ⁵³
1876 5649 2151 5723 ἀνθρώποις
2185 5649 2264 5705 τε
2290 5651 2603 5723 χαρίσματα,
2637 5650 2882 5724 λαμϐάνει
2908 5669 2960 5707 τ.
2987 5651 3037 5708 δ.
3115 5649 3158 5685 ⁸⁷
3183 5648 3272 5705 οὒκ
3306 5645 3396 5705 οὖν
3438 5651 3526 5704 δεῖ
3548 5648 3722 5722 ἀργεῖν

413 5744 467 5785 0.
544 5728 591 5766 ³⁸
622 5726 710 5781 τὸν
739 5727 934 5781 ἅπαντα
956 5728 1145 5800 κόσμον
1169 5745 1249 5786 m.
