4124 6436
441 423 579 479 1085

1324 419 1683 478 EXPOSI'I‘IO
1722 421 1791 477 IN
1828 420 2041 479 EPIST.
2078 421 2173 481 AD
2210 422 2449 480 EPHES.
2485 445 2559 465 -ι-
2594 422 2747 480 CAP.
2787 421 2875 480 IV.

3598 428 3738 486 I086

436 569 520 618 νος
564 550 637 618 εἰς
664 546 762 623 τὴν
791 550 924 630 γῆν,
974 546 1068 609 καὶ
1098 544 1271 608 θανὼν
1301 548 1374 616 εἰς
1420 546 1513 607 τὸν
1544 544 1678 630 ᾅδην
1702 570 1718 588 ο
1757 546 1850 607 καὶ
1878 553 1908 610 ὁ
1938 548 2033 608 αὗ-

2145 547 2373 622 planum
2394 556 2479 605 est
2505 547 2659 621 quod
2681 563 2813 605 cum
2834 548 2893 605 in
2919 550 3172 622 supernis
3198 560 3363 621 esset,
3391 551 3743 610 descenderit

434 639 521 710 τός
549 640 664 701 ἐστι
692 637 787 701 καὶ
808 628 934 715 εἶς’,
965 638 1061 700 οὐκ
1082 636 1239 705 ἄλλος
1266 635 1359 697 καὶ
1389 628 1570 706 ἄλλος.

517 842 541 868 ι
573 811 686 875 Καὶ
715 812 873 882 αὐτὸς
918 812 1142 875 ἔδωκεν.
1197 838 1222 867 ι
1255 810 1632 894 Ἐμφαντικῶς
1678 809 1734 872 δὲ
1788 802 1906 872 εἷπε
1940 811 2035 889 τὸ,

443 932 466 954 ε
502 901 695 973 Αὐτός.
763 930 790 958 ι
844 900 919 965 Ὀ
973 901 1078 984 γὰρ
1138 902 1295 977 οὕτω,
1365 901 1532 984 φησὶ,
1609 902 2037 983 προνοησάμενος

434 996 622 1070 ἡμῶν,
652 993 744 1054 καὶ
775 994 910 1074 ὑπὲρ
949 994 1105 1071 ἡμῶν
1149 992 1225 1070 μὴ
1265 990 1733 1073 παραιτησάμενος
1763 991 1893 1072 ἄχρι
1940 993 2034 1051 καὶ

433 1087 540 1142 τῶν
575 1081 889 1165 κατωτέρων
923 1086 1099 1164 μερῶν
1129 1084 1428 1155 κατελθεῖν,
1462 1083 1563 1161 οὐχ
1585 1082 1767 1150 ἁπλῶς
1792 1083 1887 1150 τὰς
1915 1082 2035 1141 δια-

432 1171 598 1249 νομὰς
631 1176 736 1233 τῶν
765 1172 1119 1254 χαρισμάτων
1150 1170 1426 1254 ἐποίησεν,
1476 1169 1616 1231 ἀλλὰ
1654 1172 1812 1244 δῆλον
1842 1174 1913 1239 ὣς
1941 1193 2030 1231 σο-

433 1265 541 1343 φῶς
569 1261 662 1323 καὶ
682 1252 1053 1344 συμφερόντως
1076 1260 1146 1321 ⁵9.
1177 1264 1301 1329 Πῶς
1325 1252 1415 1321 οὖν
1440 1262 1621 1338 ἀλγεῖς
1636 1306 1651 1334 ,
1677 1264 1749 1328 ὣς
1763 1261 1859 1319 οὐκ
1886 1260 2033 1322 εὖλό-

432 1376 539 1430 γως
564 1354 663 1423 τῆς
695 1352 949 1430 διανομῆς
976 1350 1299 1429 γενομένης;
1324 1349 1587 1430 Ἀλλαχοῦ
1628 1351 1684 1410 δὲ
1713 1349 1775 1411 τὸ
1805 1349 2033 1425 Πνεῦμά

434 1464 564 1520 φησι
621 1441 917 1518 διανέμειν·
961 1464 988 1500 ιι
1017 1441 1114 1501 Ἐν
1143 1430 1187 1500 ὦ
1226 1438 1319 1500 καὶ
1347 1442 1487 1517 ὑμᾶς
1531 1438 1678 1500 ἔθετο
1708 1438 1768 1500 τὸ
1804 1443 2030 1516 Πνεῦμα

434 1530 493 1589 τὸ
540 1528 693 1611 ἅγιον
718 1554 731 1568 ο
760 1552 791 1589 ι)
829 1532 922 1590 καὶ
945 1575 962 1604 ,
990 1558 1016 1583 ν
1044 1531 1234 1591 Πάντα
1258 1533 1455 1609 ἐνεργεῖ
1500 1530 1561 1590 τὸ
1600 1528 1655 1589 ἓν
1676 1528 1771 1590 καὶ
1808 1528 1870 1588 τὸ
1900 1529 2033 1589 αὐτὸ

434 1622 685 1698 Πνεῦμα.
711 1643 740 1681 ι)
777 1620 887 1680 Καὶ
907 1622 1171 1700 ἀλλαχοῦ,
1194 1618 1283 1678 τὸν
1308 1618 1552 1698 Πατέρα,
1572 1622 1642 1687 ὡς
1665 1620 1752 1699 τὸ,
1787 1640 1818 1677 α
1834 1614 2031 1681 Ἔθετο

430 1714 458 1769 ὁ
481 1709 617 1777 Θεὸς
661 1711 716 1769 ἓν
743 1714 813 1792 τῇ
867 1709 1169 1789 Ἐκκλησία
1220 1710 1429 1790 πρῶτον
1483 1709 1841 1784 ἀποστόλους,
1879 1735 1903 1761 ι
1934 1709 2026 1769 καὶ

428 1798 495 1857 τὰ
527 1798 678 1873 ἑξῆς·
724 1798 817 1859 καὶ
847 1798 946 1873 τὸ,
1011 1821 1041 1858 ι(
1072 1797 1220 1878 Ἐγὼ
1251 1796 1545 1879 ἐφύτευσα,
1577 1797 1845 1866 Ἀπολλὼς
1894 1798 2028 1859 ἐπό-

2141 653 2241 710 per
2288 637 2728 695 incarnationem
2771 638 2829 695 in
2864 647 3094 710 terram,
3142 648 3199 697 et
3242 656 3342 713 per
3383 651 3625 700 mortem
3667 641 3739 699 ad

2142 728 2313 802 396
2340 727 2565 796 inferos,
2596 727 2860 801 idemque
2888 736 2946 784 et
2971 745 3134 800 unus,
3158 746 3272 786 non
3291 730 3556 790 diversus.

2211 820 2396 876 Vnus.
2437 823 2525 874 11.
2572 842 2599 868 α
2643 820 2716 875 Et
2754 818 2869 891 ipse
2914 817 3135 876 dedit.»
3187 820 3507 893 Emphatice
3552 832 3739 880 autem

2141 907 2300 977 dixit,
2333 925 2361 963 α
2393 911 2532 980 Ipse.
2566 930 2593 957 ι
2626 908 2736 979 Qui
2773 907 2922 965 enim
2950 908 3091 966 adeo
3121 909 3299 966 nostri
3333 926 3524 968 curam
3554 911 3742 984 gessit,

2139 1006 2205 1054 ut
2248 1013 2350 1070 pro
2391 997 2550 1055 nobis
2594 1014 2711 1054 non
2745 998 3013 1055 recusarit
3052 1014 3124 1055 ne
3168 998 3241 1055 ad
3272 998 3490 1056 inﬁmas
3518 1000 3744 1073 quidem

2140 1094 2306 1144 terra
2335 1095 2520 1160 partes
2549 1086 2908 1159 descendere,
2943 1087 3093 1144 haud
3125 1087 3443 1161 simpliciter
3483 1088 3743 1148 distrilzuo

2139 1175 2320 1232 tiones
2367 1175 2644 1234 donorum
2690 1175 2843 1246 fecit,
2872 1193 3068 1233 verum
3104 1177 3331 1249 planum
3358 1187 3443 1235 est
3471 1177 3622 1252 quod
3653 1195 3740 1235 sa-

2138 1265 2355 1338 pienter
2412 1273 2469 1323 et
2514 1265 2827 1323 commode.
2877 1264 3026 1335 Quid
3063 1266 3231 1339 igitur
3275 1267 3429 1325 doles
3473 1277 3741 1341 tanquam

2138 1367 2252 1410 non
2279 1367 2440 1426 aqua
2469 1353 2782 1412 distributio
2807 1352 2954 1411 facta
2996 1353 3111 1412 sit?
3148 1355 3273 1412 Alio
3311 1364 3498 1413 autem
3534 1357 3588 1412 in
3619 1357 3741 1414 loco

2138 1441 2403 1513 Spiritum
2431 1441 2564 1500 dicit
2594 1442 2931 1516 dispensare.
2969 1468 2994 1492 α
3046 1445 3110 1501 In
3162 1461 3275 1518 quo
3322 1453 3380 1502 et
3416 1462 3520 1502 nos
3561 1446 3744 1518 posuit

2136 1532 2369 1604 Spiritus
2405 1532 2651 1591 sanctusf
2680 1550 2695 1590 :
2724 1557 2752 1584 ν
2792 1542 2866 1605 et,
2904 1557 2929 1585 α
2962 1534 3157 1591 Omnia
3201 1544 3463 1607 operatur
3504 1552 3649 1592 unus
3689 1544 3747 1592 et

2136 1620 2288 1678 idem
2326 1622 2582 1694 Spiritus.
2636 1645 2663 1673 ιι
2706 1622 2860 1679 Alias
2901 1631 2959 1679 et
2994 1622 3137 1695 patri
3185 1623 3294 1680 hoc
3339 1625 3535 1681 tribuit
3584 1643 3600 1682 :
3656 1633 3740 1695 ut,

2138 1732 2164 1759 κ
2204 1711 2395 1767 Posuit
2423 1714 2574 1768 Deus
2598 1711 2658 1768 in
2676 1711 2955 1769 Ecclesian
2972 1713 3214 1785 primum
3230 1713 3458 1786 quidem
3517 1723 3744 1787 aposto-

2138 1799 2242 1871 los,
2278 1822 2309 1852 ιι
2334 1809 2392 1857 et
2420 1816 2546 1874 qua:
2569 1809 2900 1874 sequuntur.
2924 1805 3016 1870 Et,
3051 1824 3077 1851 ι
3109 1805 3226 1875 Ego
3254 1802 3514 1875 plantavi,
3542 1802 3743 1876 Apollo

429 1911 542 1947 τισε
563 1935 579 1962 ,
626 1888 716 1948 καὶ
757 1892 785 1948 ὁ
814 1889 951 1957 Θεὸς
983 1874 1230 1962 ηὔξανεν.
1280 1874 1306 1943 ί
1344 1874 1611 1950 Ἐνταῦθα
1646 1887 1703 1949 δὲ
1758 1889 1848 1949 τὸν
1874 1888 2023 1952 Υἱόν.

2141 1891 2357 1964 rigavit,
2400 1893 2556 1948 Deus
2595 1899 2783 1948 autem
2835 1874 3243 1949 incrementum
3256 1874 3271 1875 η
3286 1891 3442 1949 dedit
3479 1901 3525 1949 ε.
3572 1874 3613 1944 1-
3638 1894 3744 1950 Hic

432 1977 549 2039 Μία
573 1979 677 2060 ἄρα
709 1983 744 2053 ἡ
767 1976 1003 2061 ἐνέργεια
1019 1980 1124 2038 τῶν
1152 1979 1330 2060 τριῶν.

512 2178 535 2204 α
585 2147 727 2218 Τοὺς
787 2148 884 2228 μὲν
943 2147 1307 2224 ἀποστόλους,
1372 2148 1495 2217 τοὺς
1552 2148 1608 2209 δὲ
1663 2149 1957 2233 προφήτας.
2006 2177 2031 2207 ι

436 2240 721 2321 Πρῶτοιοὶ
765 2237 1087 2316 ἀπόστολοι,
1119 2237 1304 2313 ἐπειδὴ
1340 2237 1433 2299 καὶ
1475 2229 1814 2322 προφητείας-
1853 2229 2027 2322 εἶχονο

431 2319 567 2392 οἱνδὲ
596 2333 902 2411 προφῆται,
935 2333 986 2392 οἱ
1017 2330 1071 2391 ἐν
1099 2332 1168 2410 τῇ
1213 2327 1329 2412 Νέᾳ
1366 2319 1611 2406 δηλαδὴ,
1647 2331 1743 2391 οὐκ
1762 2319 1910 2411 εἶχον
1927 2319 2031 2393 καὶ

428 2419 753 2494 ἀποστολὴν.

511 2538 535 2565 ιι
572 2513 624 2572 Τ
626 2508 714 2579 οὺς
757 2508 813 2570 δὲ
837 2509 1234 2593 εὐαγγελιστάς.
1280 2538 1305 2564 ι
1350 2509 1432 2573 Ἦ
1460 2507 1581 2577 τοὺς
1607 2509 1671 2569 τὸ
1701 2510 2028 2592 Εὖαγγέλιον

430 2598 912 2683 συγγραψαμένους
927 2600 1007 2671 θθ,
1128 2598 1250 2669 τοὺς
1305 2598 1382 2683 μὴ
1414 2597 1714 2679 περιιόντας
1764 2598 1862 2677 μὲν
1890 2625 2027 2662 παν-

426 2680 627 2771 ταχοῦ,
658 2680 1173 2772 ἐῦαγγελιζομένους
1200 2690 1245 2749 δ’
1287 2680 1402 2765 οῦν,
1448 2690 1521 2758 ὡς
1572 2688 1880 2770 Πρίσκιλλα
1933 2688 2027 2751 καὶ

428 2780 679 2850 Ἀκύλας.

509 2898 534 2923 α
563 2869 703 2939 Τοὺς
734 2869 791 2931 δὲ
843 2868 1103 2951 ποιμένας
1145 2867 1238 2931 καὶ
1286 2867 1653 2939 διδασκάλους.
1688 2895 1714 2924 n
1758 2867 1900 2940 Τοὺς
1930 2869 2027 2941 τὰς

430 2957 793 3043 Ἐκκλησίας,
834 2956 1327 3043 ἐγκεχειρισμένους
1388 2957 1569 3040 λέγει,
1624 2956 1759 3029 τοὺς¹
1801 2959 2028 3021 ἐπισκό-

428 3073 586 3125 πους,
632 3040 737 3119 οἶος
773 3042 842 3125 ἧν
885 3040 1175 3131 Τιμόθεος,
1205 3047 1366 3117 Τίτος
1386 3094 1405 3124 ,
1433 3048 1528 3111 καὶ
1559 3051 1608 3110 οἱ
1635 3054 1884 3112 τοιοῦτοι.
1918 3049 2026 3113 Δό-

2143 1990 2331 2038 autem
2349 1980 2551 2039 Filium
2577 1979 3015 2055 dispensatorem
3036 1980 3189 2039 facit.
3222 1983 3351 2040 Una
3378 1981 3544 2056 igitur
3570 1982 3741 2041 trium

2142 2079 2227 2127 est
2253 2071 2520 2144 operatio.

2216 2184 2243 2211 σι
2296 2159 2584 2233 Quosdam
2622 2160 2850 2233 quidem
2890 2161 3188 2235 apostolos,
3241 2159 3514 2234 quosdam
3553 2169 3743 2217 autem

2139 2250 2463 2323 prophetas.
2516 2274 2543 2301 υ
2580 2249 2750 2307 Primi
2801 2258 2932 2307 sunt
2973 2250 3242 2323 apostoli,
3290 2249 3743 2324 quandoquidem

2139 2349 2197 2397 et
2222 2339 2539 2413 prophetias
2576 2339 2858 2397 habebant
2896 2357 2912 2394 :
2954 2340 3243 2413 prophetae
3266 2348 3475 2411 autem,
3506 2340 3566 2396 in
3583 2342 3743 2397 Novo

2138 2429 2344 2486 scilicet
2393 2431 2772 2499 Testamento,
2837 2429 3210 2502 apostolatum
3268 2446 3382 2486 non
3442 2428 3739 2505 habebant.

2212 2542 2238 2569 σι
2284 2518 2440 2576 Alios
2484 2535 2615 2575 vero
2662 2518 3047 2592 evangelistas.
3093 2541 3119 2567 ιι
3165 2520 3263 2574 Vel
3323 2535 3420 2575 eos
3467 2518 3562 2592 qui
3604 2535 3740 2575 con-

2137 2608 2478 2681 scripserunt
2536 2609 2848 2681 Evangelia,
2896 2608 2979 2664 vel
3034 2609 3129 2681 qui
3180 2625 3295 2665 non
3336 2607 3586 2681 undique
3630 2608 3742 2665 cir-

2133 2698 2444 2766 cmnierint,
2480 2697 2842 2771 Evangelium
2869 2706 3060 2755 tamen
3108 2697 3494 2770 praedicantes,
3547 2698 3742 2770 quales

2133 2786 2377 2858 fuerunt,
2413 2788 2655 2844 Priscilla
2688 2796 2745 2844 et
2772 2787 2970 2860 Aquila
2997 2810 3055 2852 ιι.

2211 2902 2237 2929 α
2261 2878 2414 2936 Alios
2436 2886 2624 2935 autem
2652 2886 2902 2951 pastores
2929 2885 2985 2933 et
3012 2876 3290 2934 doctores.
3336 2901 3364 2929 ιι
3395 2881 3508 2935 Eos
3536 2877 3740 2951 quibus

2133 2968 2398 3026 Ecclesia:
2472 2976 2632 3025 erant
2711 2967 3024 3025 commissa:
3096 2966 3369 3038 intelligit,
3453 2968 3742 3041 episcopos

2135 3058 2364 3127 scilicet,
2395 3057 2587 3131 quales
2632 3066 2792 3114 erant
2831 3055 3176 3126 Timotheus,
3222 3057 3378 3113 Titus
3419 3066 3476 3113 et
3521 3057 3608 3113 alii
3633 3056 3742 3114 hu-

426 3163 584 3199 νασαι
614 3140 669 3200 δὲ
717 3138 975 3220 ποιμένας
1024 3139 1119 3201 καὶ
1160 3137 1281 3208 τοὺς
1330 3139 1722 3221 πρεσϐυτέρους
1775 3142 1869 3201 καὶ
1906 3142 2024 3202 ἐπι-

2136 3146 2395 3220 iusmodi.
2442 3146 2655 3204 Poteris
2702 3156 2893 3204 autem
2937 3162 3036 3218 per
3078 3154 3348 3216 pastores,
3389 3146 3743 3220 presbyteros

428 3228 653 3299 σκόπους
694 3235 908 3303 νοῆσαι·
955 3227 1309 3298 διδασκάλους
1339 3227 1424 3307 δὲ,
1455 3229 1549 3290 καὶ
1577 3229 1699 3299 τοὺς
1724 3229 2019 3301 διακόνους.

2135 3245 2192 3294 et
2231 3236 2519 3310 episcopos
2562 3236 2868 3310 intelligere
2910 3253 2924 3293 :
2965 3252 3065 3308 per
3113 3234 3373 3292 doctores
3399 3251 3530 3292 vero
3549 3279 3564 3304 ,
3594 3235 3742 3308 ipsos

429 3320 540 3408 Καὶ
589 3318 692 3401 γὰρ
765 3319 858 3380 καὶ
886 3312 1052 3396 οἶτοιξ
1085 3318 1154 3392 τὴ
1209 3318 1539 3408 καθαρτικὴν
1578 3317 1728 3390 τάξιν
1781 3319 2055 3402 ἔχοντες,

2136 3328 2302 3384 etiam
2343 3326 2607 3384 diaconos
2647 3326 2900 3399 adeoque
2965 3324 3267 3383 ministros.
3318 3327 3542 3383 Etenim
3573 3335 3629 3382 et
3666 3326 3743 3383 illi

428 3407 515 3467 διὰ
538 3414 629 3470 τοῦ
654 3408 814 3491 λόγου
843 3408 1158 3492 καθαίρουσι
1185 3405 1418 3479 πάντως.

510 3611 533 3636 α
567 3583 710 3666 Πρὸς
766 3583 859 3645 τὸν
915 3583 1286 3667 καταρτισμὸν
1340 3585 1449 3644 τῶν
1497 3582 1705 3663 ἁγίων,
1760 3586 1807 3643 εἰ
1878 3581 2032 3663 ἔργον

428 3674 726 3749 διακονίας,
770 3676 843 3743 εἷς
871 3672 1158 3752 οἰκοδομὴν
1197 3679 1288 3733 τοῦ
1319 3672 1564 3750 σώματος
1593 3677 1686 3734 τοῦ
1714 3673 1978 3755 Χριστοῦ.
2006 3701 2033 3728 ι

425 3763 597 3845 ⁶Ορᾷς
666 3764 728 3824 τὸ
781 3762 1023 3843 ἀξίωμα;
1083 3759 1386 3839 Ἕκαστος,
1455 3762 1633 3844 φησὶ,
1685 3762 2028 3843 καταρτίζει,

425 3852 648 3922 ἕκαστος
693 3855 933 3914 διακονεῖ
972 3852 1108 3935 πρὸς
1156 3853 1257 3926 τὴν
1309 3851 1595 3933 οἰκοδομὴν
1626 3856 1720 3912 τοῦ
1782 3851 2032 3930 σώματος

426 3949 520 4002 τοῦ
547 3945 815 4024 Χριστοῦ,
859 3943 981 4018 ἤτοι
1009 3947 1106 4016 τῆς
1157 3942 1507 4015 Ἐκκλησίας.
1538 3938 1713 4003 ⁴¹Ωστε
1752 3943 1806 4003 τί
1853 3945 2031 4023 ἀλγεῖς

431 4036 501 4102 ὡς
530 4028 750 4096 ἔλαττον
784 4034 1031 4115 χάρισμα
1069 4031 1290 4106 λαϐών;
1328 4031 1439 4093 Καὶ
1481 4032 1584 4113 γὰρ
1609 4032 1701 4093 καὶ
1736 4032 1801 4093 σὺ
1839 4059 1865 4088 α
1898 4033 2029 4115 πρὸς

427 4122 513 4184 τὸν
544 4124 908 4206 καταρτισμὸν
955 4127 1062 4184 τῶν
1115 4122 1303 4202 ἁγίων,
1355 4143 1386 4181 ›)
1435 4121 1718 4199 τουτέστι,
1761 4121 1895 4203 πρὸς
1930 4123 2027 4197 τὴν

425 4213 689 4294 ὠφέλειαν
709 4216 815 4274 τῶν
846 4216 1049 4274 πιστῶν
1075 4257 1092 4287 ,
1121 4213 1214 4272 καὶ
1246 4210 1344 4285 τὴν
1365 4211 1636 4272 τελείωσιν
1658 4214 1704 4251 θ’
1741 4213 2023 4282 συντελεῖς.

423 4293 572 4383 Ὅρα
597 4293 686 4363 οὖν
711 4347 728 4377 ,
761 4302 836 4381 μὴ
865 4301 1042 4363 λαϐὼν
1063 4301 1125 4363 τὸ
1155 4301 1428 4383 χάρισμα,
1462 4300 1552 4361 ἵνα
1593 4301 1785 4370 ἄλλους
1815 4303 2027 4365 οἰκοδο-

430 4396 560 4472 μῇς,
603 4383 717 4452 εἶτα
768 4395 828 4453 ἐκ
867 4398 959 4453 τοῦ
989 4399 1195 4475 φθονεῖν
1225 4399 1333 4461 τοῖς
1381 4395 1587 4469 μεῖζοσι
1612 4437 1630 4469 ,
1676 4390 1897 4453 σεαυτὸν
1922 4416 2026 4453 κα-

426 4481 747 4565 ταστρέψῃς.
824 4479 1091 4558 Ἔπειτα,
1164 4484 1209 4543 εἰ
1290 4480 1423 4561 πρὸς
1476 4480 1843 4562 καταρτισμὸν
1920 4484 2026 4541 τῶν

2143 3415 2398 3473 ordinem
2440 3415 2706 3474 habentes
2737 3414 3095 3489 expurgandi,
3125 3432 3227 3489 per
3259 3414 3489 3473 verbum
3517 3415 3742 3473 omnino

2141 3507 2335 3564 sordes
2364 3505 2585 3563 tollunt.

2212 3598 2397 3654 Vsus.
2428 3600 2513 3652 12.
2553 3618 2578 3645 α
2624 3593 2716 3651 Ad
2743 3594 3281 3651 consummationem
3308 3603 3654 3662 sanctorum,
3684 3594 3743 3651 in

2139 3702 2278 3760 opus
2303 3684 2607 3753 ministerii,
2636 3683 2694 3740 in
2716 3682 3139 3741 aediﬁcationem
3167 3682 3414 3755 corporis
3455 3682 3679 3741 Christi.
3711 3706 3740 3735 ιι

2137 3774 2304 3832 Vides
2388 3773 2751 3848 dignitatem?
2835 3772 3235 3845 Unusquisque
3316 3771 3593 3830 ministrat
3668 3774 3743 3831 ad

2136 3865 2570 3923 exstructionem
2600 3863 2849 3935 corporis
2881 3860 3107 3932 Christi,
3138 3861 3251 3918 sive
3284 3861 3563 3920 Ecclesia.
3594 3863 3741 3934 Quid

2135 3953 2320 4028 itaque
2365 3969 2510 4028 aegre
2564 3951 2701 4021 fers,
2753 3968 2857 4009 ceu
2915 3950 3100 4008 minus
3162 3950 3377 4008 donum
3428 3951 3742 4024 acceperis?

2135 4046 2280 4101 Nam
2307 4053 2363 4101 et
2382 4052 2444 4101 ut
2470 4065 2496 4091 α
2528 4042 2599 4100 ad
2627 4041 3164 4099 consummationem
3189 4049 3533 4111 sanctorum,
3577 4064 3604 4091 ι
3630 4040 3742 4098 hoc

2132 4143 2235 4203 est,
2284 4132 2356 4189 ad
2396 4130 2850 4190 commoditatem
2906 4129 3157 4187 ﬁdelium
3218 4138 3275 4186 et
3331 4128 3739 4202 perfectionem

2133 4222 2477 4280 commodas.
2507 4222 2651 4280 Cave
2690 4220 2855 4294 igitur
2882 4236 2953 4276 ne
3010 4228 3236 4293 accepto
3285 4218 3434 4275 dono
3490 4228 3554 4276 ut
3599 4219 3739 4278 alios

2130 4311 2391 4380 aediﬁces,
2435 4310 2673 4383 teipsum
2713 4309 3017 4381 majoribus
3056 4306 3357 4366 invidendo
3410 4308 3737 4367 subvertas.

2131 4404 2426 4469 Praeterea,
2483 4401 2529 4457 si
2577 4399 2651 4456 ad
2705 4397 3245 4456 consummationem
3302 4397 3552 4456 ﬁdelium
3600 4397 3743 4455 alius

2133 4491 2345 4563 accepit
2379 4490 2560 4563 majus
2605 4488 2841 4559 donum,
2888 4488 3073 4560 cogita
3123 4486 3273 4561 quod
3309 4488 3478 4560 ipsius
3519 4504 3741 4561 quoque

424 4575 627 4630 πιστῶν
673 4572 862 4631 ἔλαϐεν
895 4572 1056 4640 ἄλλος
1099 4571 1161 4632 τὸ
1201 4573 1383 4650 μεῖζον
1426 4569 1705 4652 χάρισμα,
1735 4568 1900 4630 ἐννόει
1942 4570 2055 4654 ὅτις

2136 4580 2290 4639 labor
2336 4588 2393 4635 et
2441 4578 2810 4636 ministerium
2867 4577 3048 4651 majus
3091 4585 3192 4647 est,
3244 4585 3300 4633 et
3343 4575 3414 4633 de
3459 4577 3578 4634 istis
3626 4592 3742 4634 arn-

424 4662 516 4721 καὶ
549 4662 741 4737 μείζων
781 4667 811 4723 ὁ
833 4660 995 4730 κόπος
1018 4660 1111 4721 καὶ
1151 4665 1187 4735 ἡ
1216 4659 1460 4722 διακονία
1480 4706 1498 4735 ,
1539 4659 1683 4733 καὶὴ
1713 4658 1803 4719 ἐπὶ
1827 4660 2027 4729 τούτοις

423 4749 610 4825 εὖθόνη
643 4751 856 4828 μείζων.
921 4749 1126 4820 Ἄλλως
1171 4751 1262 4826 δὲ,
1311 4753 1424 4819 πῶς
1476 4753 1533 4809 οὗ
1587 4748 1873 4809 σατανικὸν
1920 4750 2024 4810 πά-

424 4845 510 4908 θος
551 4842 751 4922 φθονεῖν
824 4844 903 4922 τῷ
953 4840 1320 4922 καταρτίζοντι
1393 4840 1485 4899 καὶ
1534 4841 1901 4919 οἰκοδομοῦντι
1967 4839 2028 4900 τὸ

424 4933 583 5010 σῶμα
618 4933 896 5013 Χριστοῦ;
929 4930 1169 4992 ἀντιθέου
1197 4929 1301 5011 γὰρ
1327 4934 1504 4993 τοῦτο.

503 5049 529 5077 ι
559 5021 743 5104 Μέχρι
776 5020 1204 5101 καταντήσωμεν
1249 5023 1298 5080 οἱ
1344 5019 1539 5091 πάντες
1567 5022 1639 5088 εἷς
1664 5017 1764 5093 τὴν
1804 5020 2029 5096 ἑνότητα

422 5113 517 5184 τῆς
571 5109 833 5187 πίστεως,
904 5111 999 5171 καὶ
1049 5113 1144 5184 τῆς
1204 5108 1541 5190 ἐπιγνώσεως
1593 5115 1687 5170 τοῦ
1745 5111 1881 5171 Υἶοῦ
1935 5115 2029 5170 τοῦ

422 5201 588 5266 Θεοῦ.
632 5226 659 5256 ι
690 5202 875 5284 Μέχρι
921 5199 1044 5262 τότε
1073 5200 1420 5283 ἐργάζεσθαι,
1467 5200 1637 5283 φησὶ,
1681 5199 1790 5280 χρὴ
1821 5201 2025 5269 πάντας

423 5288 545 5359 τοὺς
566 5290 817 5373 χάρισμα
846 5289 1109 5360 λαϐόντας
1124 5337 1141 5367 ,
1185 5290 1278 5351 καὶ
1302 5298 1524 5373 κοπιᾷν,
1566 5289 1660 5350 καὶ
1685 5290 1983 5368 οἰκοδομεῖν
2002 5335 2021 5365 ,

423 5378 524 5450 ἕως
568 5370 663 5442 68'
689 5379 980 5466 φθάσωμεν
1046 5382 1121 5450 εἷς
1194 5379 1291 5454 τὴν
1338 5370 1562 5456 ἑνότητα
1611 5384 1710 5455 τῆς
1756 5378 2020 5450 πίστεως.

2136 4670 2369 4744 pliorem
2386 4668 2662 4726 rationem
2680 4666 2896 4725 reddet.
2911 4668 3116 4735 Porro,
3144 4665 3238 4739 qui
3258 4681 3375 4723 non
3399 4664 3738 4723 diabolicum

2135 4769 2299 4828 esset,
2327 4768 2383 4816 te
2410 4759 2489 4816 illi
2516 4757 2782 4827 invidere,
2817 4755 2909 4830 qui
2933 4756 3139 4815 Christi
3182 4771 3384 4827 corpus
3424 4754 3660 4813 absolvit
3687 4764 3743 4812 et

2133 4849 2403 4908 aediﬁcat?
2448 4846 2602 4906 Istud
2637 4846 2787 4905 enim
2822 4844 3067 4903 hominis
3110 4853 3197 4903 est
3243 4844 3338 4918 qui
3384 4847 3502 4902 Deo
3544 4843 3741 4904 adver-

2140 4949 2314 4997 satur.

2208 5030 2387 5086 Vnus.
2435 5033 2522 5084 13.
2573 5050 2598 5077 α
2630 5028 2823 5082 Donec
2857 5040 3214 5082 occurramus
3251 5040 3445 5081 omnes
3471 5023 3531 5079 in
3557 5023 3745 5081 unita-

2138 5127 2252 5176 tem
2280 5117 2409 5174 ﬁdei
2433 5125 2519 5174 est
2545 5115 2841 5191 agnitionis
2868 5113 2988 5172 Filii
3020 5113 3141 5171 Dei.
3195 5136 3218 5163 ι
3237 5116 3514 5186 Eousque,
3542 5113 3741 5186 inquit,

2137 5208 2351 5281 operari
2401 5216 2623 5281 oportet
2687 5220 2882 5262 omnes
2932 5204 3029 5277 qui
3100 5202 3247 5259 dona
3300 5212 3635 5275 acceperunt
3688 5210 3745 5260 et

2131 5297 2382 5355 laborare
2402 5306 2459 5354 et
2485 5295 2779 5365 aediﬁcare,
2825 5293 3003 5350 donec
3037 5292 3447 5366 pervenerimus
3472 5292 3543 5348 ad
3567 5291 3744 5350 unita-

2130 5397 2246 5446 tem
2296 5387 2463 5461 297
2524 5385 2658 5445 ﬁdei
2702 5385 2848 5443 :hoc
2875 5391 2980 5454 est,
3018 5398 3193 5457 usque
3220 5381 3361 5442 dum
3397 5380 3745 5441 demonstre-

493 5516 514 5554 ί
542 5519 667 5576 Act.
699 5531 809 5587 xx,
838 5521 931 5575 28.
1006 5519 1037 5559 ε
1059 5519 1088 5575 Ι
1117 5518 1248 5576 Cer.
1281 5531 1394 5589 xu,
1425 5522 1516 5575 28.
1591 5511 1621 5551 ¹¹
1654 5518 1781 5577 Act.
1807 5530 1998 5586 xvm,
2031 5522 2089 5582 2,
2122 5520 2176 5572 3.

1807 5616 1999 5679 Variae
2038 5615 2351 5679 lectiones.

492 5744 538 5780 ‘9
562 5742 715 5817 σοφὸς
741 5744 1092 5819 συμφερόντως
1118 5759 1175 5804 0.
1250 5744 1296 5782 °°
1318 5746 1696 5819 συγγράψαντας
1720 5759 1796 5805 m.
1875 5742 1917 5780 ⁶¹
1944 5741 2239 5812 τελειότητα
2266 5757 2323 5799 0.
