4124 6460
345 447 480 501 1087

1355 439 1872 498 THEOPHYLAC’I‘I
1912 435 2274 492 BULGARLE
2311 432 2629 490 ARCHIEP.

3507 426 3643 482 1088

341 586 468 626 mur
510 584 703 624 omnes
743 584 912 624 uuam
959 577 1015 624 et
1044 567 1239 623 eadem
1280 566 1448 622 [idem
1488 566 1713 635 habere,
1755 580 1963 637 neque,

2072 561 2311 621 ‘ours'crw
2331 605 2346 635 ,
2379 559 2526 626 ⁰Εως
2571 558 2632 617 ἂν
2677 559 2970 637 δειχθῶμεν
3004 556 3051 615 οἱ
3081 553 3276 620 πάντες
3306 551 3434 632 μίαν
3465 550 3645 610 πίστιν

341 658 694 731 dogmatibus
725 656 970 728 differre,
1001 673 1182 730 neque
1208 655 1391 728 quoad
1423 657 1591 712 vitam
1640 655 1804 711 sectis
1824 654 1937 726 qui-

343 749 577 804 busdam
596 748 742 803 inter
759 763 862 803 nos
886 747 1168 802 dissidere.
1192 749 1334 802 Tum
1363 747 1511 802 enim
1537 762 1666 801 vera
1693 753 1778 801 est
1809 743 1938 800 ﬁdei

345 838 543 908 unitas,
567 846 690 894 tum
720 837 1066 910 agnoscimus
1090 837 1289 893 Filium
1303 836 1424 905 Dei,
1449 835 1672 907 quando
1697 844 1752 890 et
1770 833 1826 889 in
1846 833 1944 888 do-

346 927 524 982 ctrina
557 936 767 982 rectam
797 927 1127 982 sententiam
1170 925 1543 994 habuerimus,
1581 934 1637 980 et
1664 923 1944 979 charitatis

349 1014 630 1073 vinculum
661 1015 1076 1072 servaverimus.
1114 1014 1363 1072 Charitas
1386 1014 1531 1070 enim
1564 1013 1810 1071 Christus
1840 1020 1943 1068 est.

424 1209 450 1238 α
491 1190 555 1242 In
591 1186 768 1244 virum
817 1187 1124 1259 perfectum
1157 1230 1169 1255 ,
1222 1195 1278 1241 et
1317 1186 1370 1241 in
1418 1199 1738 1241 mensuram
1772 1184 1949 1241 astatis

351 1275 704 1349 plenitudinis
751 1276 968 1333 Christi.
1053 1299 1078 1323 ››
1121 1274 1318 1333 Virum
1352 1273 1661 1347 perfectum
1693 1282 1749 1329 et
1796 1289 1951 1328 men-

352 1381 538 1422 suram
567 1366 768 1432 aetatis,
800 1365 1187 1437 perfectiorem
1226 1364 1551 1438 dogmatum
1578 1362 1950 1437 cognitionem

354 1455 486 1512 dicit
516 1475 529 1510 :
564 1455 1038 1527 quemadmodum
1067 1464 1122 1510 et
1148 1453 1546 1528 plenitudinem
1575 1452 1793 1521 Christi,
1827 1468 1954 1508 om-

355 1545 642 1601 nimodam
694 1554 860 1618 atque
923 1545 1192 1617 integram
1253 1545 1423 1615 ipsius
1476 1542 1847 1616 cognitionem
1892 1551 1948 1598 et

356 1633 525 1690 ﬁdem
554 1656 565 1691 :
597 1634 856 1690 nimirum
875 1633 1023 1706 quod
1040 1651 1182 1690 unus
1206 1650 1270 1688 ex
1285 1633 1615 1689 Trinitatem
1635 1649 1762 1688 cum
1783 1640 1950 1700 esset,

360 1733 415 1779 et
444 1723 674 1794 aaqualis
713 1724 878 1792 Patri,
925 1721 1099 1778 factus
1141 1723 1211 1778 sit
1245 1723 1435 1792 homo,
1471 1738 1581 1778 una
1617 1738 1853 1795 persona
1896 1722 1953 1776 in

357 1813 570 1868 duabus
598 1813 810 1868 nutaris
841 1821 896 1867 et
921 1812 1291 1868 voluntatibus
1320 1821 1375 1868 et
1399 1811 1814 1884 operationibus
1851 1830 1864 1866 :
1899 1819 1955 1865 et

2045 651 2283 732 ἔχοντες,
2318 649 2454 728 μήτε
2503 646 2643 708 κατὰ
2677 647 2745 706 τὰ
2776 647 3021 725 δόγματα
3049 643 3416 732 διαφερόμενοι
3441 690 3454 714 ,
3501 639 3648 732 *μήτε

2047 730 2108 800 ἐν
2129 749 2235 808 τοῖς
2285 739 2425 799 κατὰ
2453 737 2544 799 τὸν
2596 736 2710 819 βίον
2744 736 3025 818 σχίσματα
3055 733 3264 815 ἔχοντες
3314 731 3444 814 πρὸς
3467 730 3520 770 ⁶²
3546 731 3650 789 ἀλ-

2046 829 2264 903 λήλους.
2323 829 2463 891 Τότε
2516 827 2620 908 γὰρ
2651 832 2685 899 ἡ
2731 824 2930 899 ἀληθὴς
2985 825 3164 897 ἑνότης
3229 827 3325 896 τ’ἧς
3390 820 3651 897 πίστεως,

2049 921 2168 980 τότε
2219 917 2643 1000 ἐπιγινώσκομεν
2677 916 2767 976 τὸν
2807 917 2938 976 Υἶὸν
2969 919 3064 975 τοῦ
3111 914 3254 974 Θεοῦ
3275 958 3290 987 ,
3316 911 3443 970 ὅταν
3475 910 3566 969 καὶ
3602 913 3656 970 ἐν

2050 1017 2161 1078 τοῖς
2225 999 2486 1088 δόγμασιν
2548 1005 2939 1086 ὀρθοδοξῶμεν,
2994 1003 3086 1063 καὶ
3131 1007 3227 1076 τῆς
3291 1000 3503 1078 ἀγάπης
3566 999 3657 1060 τὸν

2055 1099 2348 1176 σύνδεσμον
2371 1101 2738 1178 συντηρῶμεν.
2771 1095 2989 1176 Ἀγάπη
3020 1092 3123 1175 γὰρ
3154 1095 3182 1152 ὁ
3207 1090 3457 1172 Χριστός.

2149 1212 2179 1249 (ι
2226 1190 2322 1257 Εἰς
2357 1187 2520 1264 ἄνδρα
2541 1187 2760 1262 τέλειον,
2800 1187 2872 1253 εἰς
2913 1183 3099 1265 μέτρον
3129 1181 3344 1254 ἡλικίας
3393 1184 3486 1240 τοῦ
3516 1183 3660 1252 πλη-

2060 1279 2307 1360 ρώματος
2336 1282 2424 1338 τοῦ
2470 1279 2729 1358 Χριστοῦ.
2771 1299 2800 1335 n
2853 1269 3051 1354 Ἄνδρα
3079 1271 3300 1344 τέλειον,
3330 1269 3422 1329 καὶ
3466 1267 3661 1349 μέτρον

2058 1368 2270 1441 ἡλικίας
2291 1412 2306 1441 ,
2339 1368 2484 1445 λέγει
2514 1366 2610 1440 τὴν
2635 1364 2969 1442 τελειοτέραν
2988 1365 3095 1420 τῶν
3127 1360 3404 1442 δογμάτων
3431 1362 3623 1438 γνῶσιν
3646 1382 3658 1394 ·

2061 1456 2243 1537 ὥσπερ
2303 1455 2395 1516 καὶ
2426 1455 2694 1536 πλήρωμα
2727 1460 2819 1514 τοῦ
2866 1455 3126 1533 Χριστοῦ,
3174 1450 3272 1523 τὴν
3302 1450 3542 1537 παντελῆ
3574 1448 3664 1505 καὶ

2061 1529 2350 1627 ὁλόκληρον
2422 1529 2831 1627 αὓτόῦμνγνῶσιν
2910 1529 3004 1602 καὶ
3055 1541 3267 1600 πίστιν·
3311 1538 3393 1598 ὅτι
3447 1529 3520 1604 εἷς
3571 1540 3666 1609 τῆς

2061 1623 2290 1718 Τριάδος
2348 1634 2422 1694 ὢν
2462 1634 2552 1693 καὶ
2579 1623 2700 1700 ἶσος
2729 1637 2806 1712 τῷ
2845 1629 3051 1710 Πατρὶ,
3085 1628 3295 1708 γέγονεν
3348 1628 3623 1707 ἄνθρωπος
3644 1672 3660 1700 ,

2065 1727 2163 1806 μία
2228 1726 2517 1792 ὑπόστασις
2577 1727 2630 1784 ἐν
2689 1723 2805 1783 δυσὶ
2859 1723 3046 1802 φύσεσι
3095 1720 3187 1779 καὶ
3253 1718 3520 1795 θελήμασι
3573 1717 3667 1776 καὶ

2065 1815 2378 1896 ἐνεργείαις·
2418 1815 2511 1875 καὶ
2567 1811 2704 1892 μετὰ
2756 1817 2850 1871 τοῦ
2905 1809 3154 1888 σώματος
3211 1806 3540 1896 συνεδριάζει
3591 1809 3667 1884 τῷ

358 1919 483 1958 cum
515 1918 744 1974 corpore
776 1903 915 1957 Patri
949 1901 1170 1970 assidet,
1219 1901 1508 1974 venietque
1552 1917 1680 1957 cum
1726 1901 1865 1973 ipso,
1900 1909 1955 1956 et

2072 1895 2274 1984 Harrpl,
2303 1903 2394 1964 καὶ
2425 1903 2537 1976 ἥξει
2569 1902 2684 1982 μετ’
2710 1903 2868 1960 αὐτοῦ
2887 1945 2902 1973 ,
2934 1899 3027 1959 καὶ
3077 1898 3178 1958 ὅσα
3226 1898 3367 1984 ἄλλα
3408 1895 3532 1974 περὶ
3561 1897 3661 1955 αὖ-

360 2007 698 2063 quaecunque
725 1991 831 2046 alia
859 1990 929 2046 de
971 1991 1092 2063 ipso
1135 1999 1287 2048 recte
1327 1990 1709 2063 intelliguntur
1761 2006 1827 2046 ac
1874 1989 1957 2044 di-

360 2089 577 2136 cuntur.
610 2079 906 2148 Quomodo
931 2079 1093 2153 igitur
1121 2078 1252 2134 alias
1295 2077 1678 2151 imperfectam
1707 2077 1840 2134 dicit
1867 2095 1959 2133 co-

361 2169 664 2243 gnitionem
680 2173 961 2224 nostram?
979 2171 1061 2225 Ut
1077 2177 1388 2240 opponatur
1406 2167 1611 2225 futura:
1622 2166 1923 2240 cognitioni
1942 2188 1954 2224 :

363 2259 449 2313 hic
498 2275 626 2314 vero
677 2267 931 2330 respectu
973 2257 1435 2314 immutabilitatis
1481 2257 1620 2330 ejus,
1659 2256 1958 2330 perfectam

361 2348 735 2420 cognitionem
781 2346 933 2404 dixit.
965 2346 1198 2418 Quando
1234 2347 1382 2403 enim
1419 2363 1532 2403 non
1569 2345 1952 2416 exciderimus,

359 2446 482 2493 tum
513 2436 740 2508 perfecti
763 2452 973 2506 sumus,
1007 2445 1067 2492 ut
1091 2453 1160 2492 ex
1199 2435 1554 2508 sequentibus
1584 2435 1772 2508 liquet.

437 2529 616 2583 Vens.
677 2531 765 2582 14.
821 2549 847 2575 α
906 2529 988 2583 Ut
1022 2525 1138 2599 jam
1206 2542 1320 2582 non
1380 2525 1552 2583 simus
1596 2525 1809 2598 parvuli
1860 2525 1963 2580 ﬂu-

365 2626 635 2686 ctuantes,
663 2625 718 2672 et
745 2615 1203 2672 circumferamur
1229 2615 1382 2672 omni
1414 2625 1578 2673 vento
1606 2615 1894 2673 doctrina.
1932 2638 1959 2665 ιι

365 2709 447 2764 Ut
489 2707 663 2779 ipsam
717 2707 992 2778 exiguam,
1039 2706 1238 2779 inquit,
1286 2722 1605 2762 mensuram
1661 2721 1830 2777 quam
1874 2720 1961 2760 ac-

365 2796 633 2867 cepimus,
659 2796 1042 2852 contineamus
1077 2795 1311 2853 ﬁrmiter
1347 2804 1403 2851 et
1436 2795 1631 2862 solide,
1663 2804 1720 2851 et
1745 2811 1860 2850 non
1884 2794 1966 2850 in-

369 2885 600 2940 l'antium
650 2885 822 2940 instar
861 2885 1245 2941 concutiamur
1285 2894 1342 2940 et
1385 2884 1827 2957 circumagamur
1868 2883 1966 2939 abs

369 2974 562 3046 quovis
590 2973 837 3031 doctore.
871 2974 960 3030 Ad
988 2974 1095 3030 hoc
1124 2974 1271 3030 enim
1300 2972 1426 3028 data
1457 2982 1586 3029 sunt
1613 2973 1964 3042 charismata,

369 3073 430 3119 ut
496 3061 772 3120 aediﬁcent
845 3071 1011 3136 atque
1053 3063 1533 3120 consummentine
1617 3071 1968 3119 concutiatur

370 3154 486 3225 ipsa
555 3162 853 3210 structura.
896 3155 1036 3210 Cum
1067 3169 1197 3208 vero
1223 3152 1316 3219 ait.
1383 3175 1406 3199 α
1455 3155 1578 3206 Jam
1620 3169 1753 3217 non,
1807 3174 1832 3199 ι»

373 3243 578 3298 dicavit
633 3242 764 3297 olim
810 3258 906 3297 eos
956 3242 1013 3297 id
1070 3259 1189 3298 esse
1253 3257 1460 3313 passos.
1497 3241 1748 3314 Seipsum
1779 3251 1966 3298 autem

370 3340 752 3400 connumerat,
801 3341 862 3386 ut
906 3348 1020 3386 non
1073 3331 1238 3387 veluti
1291 3331 1648 3398 conviciator,
1699 3330 1796 3386 sed
1837 3347 1966 3387 cum

372 3421 651 3476 hilaritate
699 3421 956 3494 corrigat.
1005 3424 1080 3476 At
1125 3437 1256 3476 cum
1299 3421 1396 3488 ait,
1457 3445 1480 3470 α
1522 3423 1898 3491 Fluctuantes,
1937 3443 1962 3470 ι

372 3510 612 3565 ostendit
638 3511 694 3566 in
716 3511 862 3582 quali
889 3511 1129 3582 periculo
1150 3511 1460 3568 constitutae
1491 3521 1619 3568 sunt
1644 3511 1752 3568 illac
1771 3511 1968 3567 anima:

374 3615 498 3672 qua:
527 3600 669 3655 circa
699 3609 847 3656 recta
883 3601 1140 3674 dogmata
1171 3609 1302 3656 sunt
1347 3601 1644 3658 instabiles.
1690 3605 1754 3656 In
1805 3609 1966 3672 tropo

373 3698 559 3745 autem
601 3705 978 3762 perseverans,
1039 3699 1222 3745 tentos
1268 3691 1439 3747 etiam
1491 3691 1671 3747 vocati
1718 3690 1966 3748 diversas

375 3778 676 3849 doctrinas,
702 3780 1043 3852 minimeque
1057 3780 1482 3837 consentientes.

451 3893 477 3918 «ι
503 3872 565 3925 In
595 3870 836 3942 nequitia
863 3870 1175 3939 hominum,
1199 3871 1254 3926 in
1273 3872 1493 3940 astutia,
1523 3871 1594 3927 ad
1623 3872 1970 3928 circumven-

374 3960 584 4014 tionem
643 3960 864 4015 erroris.
931 3982 958 4009 ι
1029 3959 1272 4013 Κυϐευταὶ
1333 3960 1613 4029 dicuntur,
1690 3962 1786 4033 qui
1847 3961 1974 4016 talis

375 4058 605 4105 utuntur
654 4049 1016 4122 :hujusmodi
1058 4059 1188 4105 sunt
1234 4048 1354 4105 falsi
1389 4049 1666 4118 doctores,
1714 4060 1973 4122 transpo-

376 4146 571 4192 nentes
615 4137 990 4208 simpliciores,
1028 4153 1129 4192 ceu
1168 4137 1330 4206 talos,
1362 4147 1526 4210 prout
1558 4138 1847 4194 voluerint.
1894 4140 1976 4194 Ne

379 4225 560 4299 igitur,
591 4226 788 4297 inquit,
838 4242 942 4280 nos
984 4225 1445 4282 circumferamur
1485 4228 1542 4282 in
1570 4227 1837 4298 nequitia,
1868 4227 1979 4284 sive

379 4315 617 4371 versutia
666 4314 784 4370 hac.
821 4313 1162 4386 Quomodo?
1209 4318 1272 4370 In
1338 4317 1571 4385 astutia,
1627 4316 1700 4373 ad
1747 4333 1973 4373 eurum-

381 4404 695 4459 ventionem
750 4404 1120 4474 imposturmn
1188 4404 1294 4461 hoc
1353 4415 1456 4474 est,
1521 4405 1593 4462 ad
1615 4406 1984 4478 quodcunque

2070 2001 2160 2056 τοῦ
2196 1978 2369 2076 ’ὀρθῶς
2415 1978 2612 2054 νοεῖται
2669 1990 2760 2050 καὶ
2813 1990 3045 2069 λέγεται.
3105 1990 3232 2076 Πῶς
3284 1978 3374 2046 οὖν
3424 1987 3666 2076 ἀλλαχοῦ

2071 2075 2247 2157 ἀτελῆν
2287 2082 2430 2164 λέγει
2501 2085 2598 2156 τὴν
2651 2085 2843 2160 γνῶσιν
2873 2083 3059 2158 ἡμῶν·
3111 2075 3212 2144 ⁶Ως
3239 2076 3370 2156 πρὸς
3418 2075 3666 2164 ἀντιδιοι⁶

2071 2175 2263 2246 στολὴν
2290 2162 2382 2244 τῆς
2437 2171 2732 2248 μελλούσης
2775 2169 3020 2249 γνώσεως
3041 2183 3057 2199 ⁶
3082 2169 3328 2249 ³ἐνταῦθα
3360 2165 3414 2226 δὲ
3441 2167 3510 2230 ὥς
3541 2162 3671 2243 πρὸς

2069 2265 2129 2323 τὸ
2152 2261 2537 2342 ἀμετάπτωτον
2593 2250 2708 2319 εἶπε
2785 2259 2993 2320 τελείαν
3055 2256 3149 2329 τὴν
3206 2257 3424 2334 γνῶσιν.
3489 2251 3669 2313 νΟταν

2066 2354 2169 2434 γὰρ
2198 2355 2271 2432 μὴ
2304 2351 2754 2430 μεταπίπτωμεν,
2783 2350 2902 2410 τότε
2942 2345 3133 2408 τέλειοί
3186 2349 3377 2424 ἐσμεν,
3398 2347 3471 2412 ὡς
3509 2344 3668 2416 δῆλον

2071 2443 2158 2505 διὰ
2180 2447 2286 2503 τῶν
2320 2441 2457 2515 ἑξῆς.

2157 2557 2188 2589 α
2225 2532 2344 2593 Ἵνα
2372 2529 2567 2610 μηκέτι
2613 2519 2758 2608 ὦμεν
2789 2527 3006 2602 νήπιοι,
3052 2526 3142 2586 καὶ
3192 2521 3665 2600 κλυδωνιζόμενοι,

2071 2622 2163 2682 καὶ
2196 2621 2598 2704 περιφερόμενοι
2648 2617 2811 2678 παντὶ
2861 2617 3045 2698 ἀνέμῳ
3089 2618 3186 2704 τῆς
3220 2613 3591 2704 διδασκαλίας.
3638 2635 3670 2669 ιι

2069 2711 2188 2775 Ἵνα
2222 2702 2384 2784 αὖτῦ,
2419 2709 2549 2792 φησὶ
2576 2755 2596 2789 ,
2631 2708 2692 2769 τὸ
2720 2705 2896 2787 ὀλίγον
2928 2705 3118 2787 μέτρον
3156 2702 3503 2781 δὲλάϐομεν,
3543 2724 3676 2792 κατ-

2074 2803 2283 2884 έχωμεν
2337 2790 2566 2880 βεϐαίως
2618 2797 2712 2857 καί
2770 2798 3034 2878 στεῤῥῶς,
3090 2792 3181 2853 καὶ
3242 2793 3320 2884 μὴ
3381 2798 3471 2884 ᾡς,
3501 2790 3678 2884 νήπιοι

2073 2879 2424 2968 σαλευώμεθα
2454 2889 2547 2948 καὶ
2580 2886 2993 2969 περιφερώμεθα
3041 2884 3144 2943 ὕπὸ
3166 2883 3366 2951 παντὸς
3399 2879 3675 2940 διδασκά-

2075 2982 2188 3040 λου.
2219 2978 2354 3040 Ἐπὶ
2394 2978 2566 3058 τούτῳ
2593 2976 2696 3057 γὰρ
2741 2975 2995 3048 ἐδόθησαν
3038 2974 3108 3034 τὰ
3137 2971 3487 3053 χαρίσματα,
3520 2972 3590 3037 εἰς
3619 2970 3680 3030 τὸ

2071 3069 2364 3145 οἰκοδομεῖν
2395 3067 2488 3127 καὶ
2535 3066 2900 3146 καταρτίζειν,
2943 3063 3031 3122 ἵνα
3085 3063 3161 3141 μὴ
3194 3060 3549 3134 σαλεύηταιὴ
3596 3062 3676 3118 οἷ-

1889 3151 1969 3206 ίη·
2003 3174 2048 3238 C
2081 3159 2307 3235 κοδομή.
2336 3161 2431 3218 Ἐν
2481 3155 2536 3216 δὲ
2565 3159 2643 3236 τῷ
2691 3158 2894 3227 εἰπεῖν,
2927 3181 2953 3207 α
2998 3152 3256 3225 Μηκέτι,
3304 3176 3329 3203 ιο
3378 3147 3538 3218 ἔδειξε
3587 3148 3681 3238 καὶ

2079 3249 2250 3307 πάλαι
2298 3253 2456 3306 τοῦτο
2505 3243 2854 3311 πεπονθότας.
2885 3243 3083 3314 Τίθησι
3119 3241 3175 3300 δὲ
3221 3240 3312 3300 καὶ
3345 3239 3562 3310 ἑαυτὸν,
3594 3237 3681 3297 ἵνα

2077 3338 2152 3415 μὴ
2198 3341 2268 3406 ὥς
2291 3335 2588 3414 ὀνειδίζων,
2617 3333 2754 3395 ἀλλὰ
2802 3335 2919 3410 μεθ’
2949 3331 3262 3413 ἱλαρότητος
3299 3326 3678 3409 διορθώσηται.

2077 3425 2180 3486 Διὰ
2215 3425 2268 3485 δὲ
2299 3431 2396 3485 τοῦ
2428 3427 2598 3485 εἰπεῖν
2614 3424 2695 3506 ,ξυ
2752 3422 3239 3499 Κλυδωνιζόμενοι,
3277 3444 3302 3472 ι
3335 3419 3594 3506 δείκνυσιν
3626 3419 3682 3476 ἐν

2074 3513 2170 3597 οἵῳ
2213 3515 2438 3595 κινδύνῳ
2487 3514 2618 3574 εἰσὶν
2639 3505 2725 3573 ﬁeri
2778 3515 3002 3590 ἀπαγεῖς
3056 3508 3186 3591 πρὸς
3234 3509 3331 3580 τὴν
3379 3505 3680 3588 ὀρθοδοξίαν

2075 3604 2265 3686 ψυχαί.
2299 3607 2386 3683 Τῇ
2423 3608 2594 3685 τροπῇ
2621 3603 2677 3662 δὲ
2718 3599 2963 3678 ἐμμένων
2985 3646 3003 3681 ,
3051 3598 3144 3659 καὶ
3174 3597 3399 3677 ἀνέμους
3450 3597 3672 3656 ἐκάλεσε

2075 3695 2171 3763 τὰς
2193 3693 2468 3776 διαφόρους
2499 3691 2870 3760 διδασκαλίας.

2170 3889 2199 3925 (ι
2233 3865 2328 3927 Ἐν
2359 3870 2428 3945 τῇ
2456 3864 2644 3945 κυϐείᾳ
2670 3866 2771 3922 τῶν
2795 3861 3114 3942 ἀνθρώπων,
3139 3862 3191 3920 ἓν
3217 3857 3534 3939 πανουργία,
3554 3859 3685 3938 πρὸς

2081 3954 2175 4028 τὴν
2207 3955 2481 4034 μεθοδείαν
2510 3959 2602 4033 τῇς
2627 3952 2852 4026 πλάνης.
2885 3980 2910 4005 υ
2943 3950 3219 4012 Κυϐευταὶ
3243 3949 3487 4026 λέγονται
3511 3951 3560 4007 οἱ
3575 3958 3684 4016 τοῖς

2081 4048 2298 4112 πεσσοῖς
2326 4042 2653 4123 κεχρημένοι
2683 4063 2695 4077 ³
2729 4041 2957 4101 τοιοῦτοί
3014 4043 3145 4100 εἰσιν
3174 4042 3220 4100 οἱ
3259 4037 3683 4120 ψευδοδιδάσκα-

2081 4137 2198 4207 λοι,
2243 4132 2606 4210 μετατιθέντες
2635 4130 2815 4212 [πρὸς]
2865 4129 2987 4198 τοὺς
3030 4127 3437 4212 ἀφελεστέρους,
3495 4125 3680 4206 ὥσπερ

2086 4222 2306 4290 πεττοὺς
2325 4270 2341 4299 ,
2373 4224 2444 4289 ὡς
2496 4211 2794 4300 βούλονται.
2825 4219 2948 4281 Ἵνα
3005 4211 3094 4278 οὖν
3119 4265 3136 4297 ,
3170 4218 3302 4300 φησὶ
3321 4264 3337 4296 ,
3371 4217 3447 4294 μὴ
3471 4239 3688 4296 περιφε-

2092 4313 2304 4393 ρώμεθα
2349 4317 2503 4388 ἡμεῖς
2534 4314 2586 4371 ἐν
2616 4315 2683 4390 τῇ
2727 4309 2912 4392 κυϐείᾳ
2937 4308 3131 4381 ταύτη.
3167 4311 3321 4387 Πῶς,
3364 4327 3392 4364 (ι
3423 4309 3520 4367 Ἐν
3550 4328 3688 4366 παν-

2093 4402 2444 4483 ουργίᾳ,πρὸς
2474 4400 2572 4472 τὴν
2606 4403 2820 4479 μεθοδεν
2863 4427 2889 4453 ιι
2923 4403 3016 4470 τῆς
3044 4448 3056 4470 ,
3090 4398 3314 4470 πλάνης,
3351 4419 3380 4455 ο
3410 4395 3686 4475 τουτέστι,

381 4492 656 4564 deceptrix
713 4510 907 4550 eorum
966 4494 1363 4551 circumventio
1429 4496 1677 4566 voluerit,
1742 4496 1815 4553 ad
1873 4495 1963 4551 ho<

2091 4493 2222 4572 πρὸς
2251 4494 2385 4572 ὅπερ
2413 4495 2447 4564 ἡ
2484 4490 2683 4557 πλάνος
2714 4491 2887 4550 αὐτῶν
2939 4488 3180 4566 μεθοδεία
3229 4487 3510 4567 βούλεται,
3558 4487 3690 4565 πρὸς

377 4583 694 4656 transpositi
719 4592 772 4640 et
797 4585 1160 4641 circumacti..
1184 4585 1264 4642 Oh
1291 4585 1424 4642 nihil
1456 4586 1602 4642 enim
1613 4586 1761 4643 aliud
1790 4587 1974 4642 omnia

377 4673 642 4730 fallaciter
681 4683 956 4730 conantur
1007 4683 1062 4730 et
1107 4683 1224 4731 arte
1268 4674 1509 4747 quadam
1561 4675 1973 4745 machinantur,

382 4779 548 4836 quam
574 4773 637 4819 ut
675 4763 960 4820 seducant.
995 4764 1228 4821 Pulchre
1264 4774 1453 4822 autem
1487 4766 1766 4838 apposuit,
1803 4786 1830 4814 «
1861 4767 1978 4821 Ho-

381 4853 631 4910 minum:
666 4875 692 4902 ν
726 4870 815 4911 res
842 4854 991 4910 enim
1016 4853 1215 4912 divinae
1261 4855 1560 4912 versutiam
1600 4871 1665 4912 ac
1705 4854 1978 4928 deceptio-

383 4960 513 5000 nem
537 4961 652 5000 non
675 4943 990 5000 admittunt.

449 5038 633 5095 Vnus.
673 5039 761 5092 15.
812 5059 839 5086 α
889 5034 1190 5092 Veritatem
1234 5045 1420 5092 autem
1461 5045 1730 5093 sectantes
1759 5037 1813 5092 in
1845 5035 1976 5093 cha-

381 5130 546 5186 ritate
593 5142 904 5184 crescemus
949 5127 1004 5182 in
1059 5126 1241 5198 ipsum
1289 5142 1386 5200 per
1415 5127 1618 5197 omnia,
1673 5129 1844 5200 398
1886 5129 1978 5200 qui

382 5227 465 5275 est
487 5226 652 5290 caput
677 5217 943 5273 Christus.
979 5239 1004 5266 ι»
1039 5217 1398 5275 Fraudulenti
1441 5220 1590 5274 enim
1627 5220 1765 5275 etin
1800 5220 1979 5275 verbis

384 5308 606 5377 versuti,
653 5306 838 5362 omnia
889 5305 1060 5362 notha
1112 5311 1167 5362 et
1229 5306 1361 5364 falsa
1415 5309 1738 5380 loquuntur,
1799 5325 1979 5381 neque

391 5397 695 5470 quidquam
734 5398 792 5453 in
842 5398 974 5470 ipsis
993 5407 1077 5454 est
1107 5399 1186 5454 vel
1233 5415 1432 5456 sanum
1475 5401 1558 5456 vel
1602 5399 1816 5458 stabile.
1865 5401 1978 5456 Nos

391 5495 578 5545 autem
632 5486 844 5544 veritati
889 5489 1174 5546 studentes
1215 5489 1271 5546 in
1317 5488 1590 5548 dilectone
1631 5505 1760 5564 erga
1805 5494 1989 5548 Deum

2084 4585 2252 4642 ἐκεῖνο
2302 4581 2703 4659 μετατιθέμενοι
2756 4578 2850 4639 καὶ
2901 4579 3326 4660 περιφερόμενοι.
3390 4577 3474 4636 Δι’
3530 4575 3680 4635 οὐδὲν

2051 4710 2054 4712 ~
2084 4671 2187 4753 γὰρ
2213 4670 2344 4732 ἄλλο
2403 4671 2582 4730 πάντα
2627 4667 2970 4748 μεθοδεύουσι
3003 4669 3095 4727 καὶ
3139 4667 3513 4748 τεχνάζονται,
3556 4664 3593 4738 ἢ
3623 4665 3684 4725 τὸ

2084 4766 2316 4843 πλανᾷν.
2367 4763 2563 4828 Καλῶς
2595 4760 2649 4820 δὲ
2705 4757 3030 4840 προσέθηκε·
3071 4780 3100 4817 α
3133 4761 3258 4818 Τῶν
3301 4756 3630 4837 ἀνθρώπων·
3664 4783 3688 4809 ι

2086 4853 2153 4912 τὰ
2206 4852 2310 4933 γὰρ
2355 4856 2447 4913 τοῦ
2500 4851 2644 4912 Θεοῦ
2699 4849 2918 4910 κυϐείαν
2971 4847 3064 4907 καὶ
3121 4847 3334 4920 ἀπάτην
3391 4847 3488 4906 οὖκ
3530 4843 3690 4927 ἔχου-

2089 4965 2192 5005 σιν.

2177 5053 2208 5091 (ι
2265 5029 2636 5102 Ἀληθευοντες
2685 5029 2741 5090 δὲ
2821 5031 2874 5088 ἐν
2938 5029 3163 5109 ἀγάπῃ,
3242 5025 3555 5104 αὐξήσωμεν
3619 5029 3693 5094 εἷς

2089 5119 2248 5181 αὐτὸν
2319 5119 2390 5179 τὰ
2452 5119 2662 5194 πάντα,
2716 5117 2769 5186 ὅς
2824 5121 2966 5178 ἐστιν
3029 5124 3064 5193 ἡ
3137 5115 3384 5198 κεφαλὴ,
3445 5119 3474 5176 ὁ
3552 5118 3691 5195 Χρι-

2088 5210 2228 5279 στός.
2280 5234 2312 5268 ιο
2369 5211 2441 5271 Οἱ
2499 5209 2596 5287 μὲν
2647 5216 2934 5290 πανοῦργοι
2993 5208 3082 5268 καὶ
3132 5207 3393 5289 χυϐευταὶ
3441 5209 3547 5266 τῶν
3597 5204 3691 5265 λό-

2091 5325 2197 5378 γων
2238 5300 2450 5378 ἰπάντα
2475 5299 2529 5338 ⁸³
2579 5298 2705 5358 νόθα
2758 5299 2848 5358 καὶ
2909 5299 3078 5380 ψευδῆ
3127 5298 3340 5378 ἔχουσι,
3395 5295 3488 5356 καὶ
3546 5293 3696 5356 οὐδὲν

2091 5392 2145 5449 ἐν
2179 5392 2360 5458 αὐτοῖς
2411 5389 2552 5469 ὗγιὲς
2600 5389 2692 5448 καὶ
2749 5389 3029 5467 στάσιμον.
3070 5387 3265 5464 ⁶Ημεῖς
3302 5384 3360 5446 δὲ
3408 5386 3694 5459 ἀληθεύον-

2098 5503 2181 5549 τες
2213 5482 2266 5541 ἒν
2325 5479 2508 5562 ἀγάπῃ
2667 5503 2737 5562 ,τε
2771 5478 2900 5562 πρὸς
2950 5477 3038 5538 τὸν
3087 5476 3226 5539 Θεὸν
3277 5475 3370 5538 καὶ
3426 5474 3558 5558 πρὸς
3604 5473 3694 5534 τὸν

1787 5651 1979 5713 Variae
2027 5652 2327 5714 lectiones.
2419 5692 2423 5696 ι

460 5739 505 5773 ⁸³
535 5737 600 5800 εἰς
648 5757 702 5798 0.
789 5740 836 5774 ⁸³
861 5740 1036 5802 πάντες
1063 5756 1118 5797 0.
