4124 6420
440 433 459 486 Ι
470 432 576 486 089

1422 426 1642 486 OSlTlO
1680 429 1746 484 IN
1785 426 2000 486 EPIST.
2039 425 2132 485 AD
2173 424 2414 485 EPHES.
2453 459 2521 469 -—-
2562 428 2710 485 CAP.

3605 437 3744 491 1090

434 554 692 628 πλησίον,
737 553 828 613 καὶ
857 553 1055 631 μηκέτι
1075 554 1122 591 θ’
1154 553 1321 636 ψευδῆ
1349 553 1590 634 δόγματα
1623 552 1860 635 ἔχοντες,
1893 553 2028 633 μήτε

2147 563 2189 611 3t
2254 554 2586 627 proximum,
2636 568 2815 626 neque
2891 553 3148 626 dogmata
3211 553 3344 612 falsa
3409 557 3746 624 retinentes.

435 649 486 704 ἐν
524 642 799 724 ὑποκρίσει
858 647 1046 713 ζῶντες
1100 644 1369 724 (ἐνταῦθα
1412 643 1516 725 γὰρ
1565 645 1710 703 δοκεῖ
1773 645 1864 704 καὶ
1911 643 2033 725 περὶ

437 733 552 814 βίου
591 734 769 802 αὐτοῖς
795 731 1177 814 διαλέγεσθαι),
1218 732 1532 812 αὐξήσωμεν
1564 736 1637 800 εἰς
1687 733 1920 814 Χριστὸν
1965 732 2034 792 τὰ

437 823 614 882 πάντα
662 826 848 901 ἡμῶν,
901 823 989 883 τόν
1015 847 1072 882 τε
1125 821 1237 900 βίον
1288 823 1381 882 καὶ
1434 822 1502 882 τὰ
1553 823 1815 902 δόγματα.
1877 825 2035 903 Αὐτῷ

437 911 539 992 γὰρ
579 914 786 993 κεφαλῇ
833 912 943 973 ὄντι
1011 911 1290 992 ὀφείλομεν
1340 912 1734 994 προσαρμόζειν
1789 913 1858 972 τὰ
1906 913 2036 990 ἡμέ-

432 1025 559 1082 τερα
578 1049 595 1078 ,
639 1001 726 1061 ἵνα
779 1001 945 1079 μηδὲν
996 1001 1372 1074 ἀκατάλληλον
1404 1003 1649 1083 φέρωμεν
1678 1002 1770 1061 καὶ
1801 1001 2037 1083 ἀνάρμο-

434 1115 556 1150 στον
583 1095 679 1164 τῆς
733 1092 1004 1171 κεφαλῆς,
1056 1090 1196 1151 ἀλλὰ
1257 1092 1433 1151 πάντα
1482 1090 1611 1172 πρὸς
1667 1091 1824 1151 αὐτὸν
1874 1091 2036 1160 αὐξά-

433 1204 631 1260 νωμεν.

523 1291 552 1328 ιι
582 1269 676 1340 Ἐξ
730 1259 790 1330 οὗ
841 1279 948 1330 πᾶν
1005 1270 1065 1330 τὸ
1119 1272 1280 1348 σῶμα
1333 1270 1892 1351 συναρμολογούμενον
1941 1269 2033 1330 καὶ

432 1359 888 1438 συμϐιϐαζόμενον
941 1358 1027 1419 διὰ
1076 1359 1256 1433 πάσης
1312 1359 1449 1442 ἁφῆς
1505 1365 1600 1432 τῆς
1651 1360 2031 1441 ἐπιχορηγίας,

432 1449 552 1508 κατ’
602 1448 866 1532 ἐνέργειαν
937 1452 990 1509 ἐν
1066 1449 1246 1531 μέτρῳ
1290 1449 1403 1516 ἑνὸς
1462 1449 1690 1510 ἑκάστου
1751 1451 1936 1530 μέρους
1954 1451 2036 1524 (⁵⁵,

432 1538 528 1612 τὴν
573 1538 794 1612 αὔξησιν
835 1543 927 1599 τοῦ
984 1538 1232 1617 σώματος
1287 1542 1557 1616 ποιεῖται,
1617 1541 1692 1607 εἰς
1749 1537 2036 1616 οἰκοδομὴν

437 1632 624 1689 ἑαυτοῦ
657 1631 710 1688 ἐν
738 1627 944 1708 ἀγάπῃ.
997 1651 1025 1687 ›)
1064 1627 1135 1690 Ἣ
1173 1627 1382 1689 διάνοια
1431 1635 1522 1688 τοῦ
1556 1632 1717 1710 ῥητοῦ
1777 1631 2034 1708 τοιαύτη,

437 1722 484 1778 εἰ
527 1719 617 1778 καὶ
662 1720 881 1798 ἀσαφῶς
930 1717 1272 1800 πέφρασται·
1309 1719 1565 1799 Καθάπερ
1615 1721 1668 1777 ἐν
1715 1721 1792 1800 τῷ
1823 1717 2038 1796 σώματι

2143 659 2323 716 neque
2364 643 2422 700 in
2461 643 2734 717 hypocrisi
2783 642 3025 699 viventes
3081 644 3190 712 (hic
3238 645 3388 702 enim
3441 646 3658 706 videtur
3693 657 3752 706 et

2144 733 2212 789 de
2276 735 2386 790 vita
2424 734 2558 806 ipsis
2603 733 2765 790 verba
2797 731 2997 801 facere)
3043 750 3341 806 augeamus
3378 737 3434 792 in
3458 737 3742 796 Christum

2145 828 2327 884 omnia
2379 837 2588 895 nostra,
2646 827 2821 884 vitam
2863 827 3128 885 nimirum
3173 838 3232 886 et
3277 828 3604 889 doctrinam.
3638 832 3747 906 Ipsi

2144 918 2314 985 enim,
2361 919 2456 990 qui
2509 924 2675 989 caput
2739 925 2842 984 est,
2885 916 3154 973 debemus
3217 917 3481 991 adaptare
3537 927 3747 991 nostra,

2144 1016 2206 1063 ut
2256 1006 2391 1063 nihil
2451 1023 2564 1062 non
2617 1006 2958 1078 respondens
3003 1014 3058 1062 et
3120 1007 3519 1068 inconveniens
3577 1010 3744 1082 capiti

2144 1095 2395 1154 feramus
2417 1139 2432 1162 ,
2461 1095 2558 1152 sed
2588 1095 2772 1151 omnia
2801 1111 3100 1169 augeamus
3125 1095 3195 1152 ad
3226 1097 3426 1170 ipsum.

2220 1279 2398 1332 Vens.
2446 1281 2530 1332 16.
2583 1297 2608 1324 ι
2659 1279 2739 1332 Ex
2772 1291 2885 1347 quo
2923 1283 3105 1332 totum
3147 1292 3370 1349 corpus,
3395 1289 3744 1352 compactum

2147 1373 2202 1422 et
2225 1381 2535 1421 connexum
2579 1381 2676 1438 per
2727 1381 2953 1423 omnem
3002 1366 3324 1438 juncturam
3365 1369 3747 1428 subministra-

2147 1454 2331 1524 tionis,
2365 1453 2672 1512 secundum
2703 1457 3083 1527 operationem
3122 1457 3179 1512 in
3206 1472 3466 1514 mensura
3495 1460 3745 1517 uniuscu-

2144 1545 2346 1617 jusque
2419 1544 2675 1614 membri,
2740 1554 3104 1618 augmentum
3173 1547 3422 1620 corporis
3487 1546 3631 1617 facit,
3675 1547 3746 1605 ad

2147 1634 2573 1692 aediﬁcationem
2596 1636 2679 1691 sui
2718 1635 2888 1708 ipsius
2927 1636 2983 1692 in
3019 1636 3300 1693 charitate.
3337 1657 3366 1690 »
3399 1637 3578 1710 Hujus
3641 1637 3744 1694 loci

2145 1738 2338 1779 sensus
2380 1723 2504 1778 talis
2540 1729 2642 1790 est,
2669 1722 2883 1779 etiamsi
2908 1723 3141 1780 obscure
3167 1724 3348 1781 dictus
3377 1725 3449 1781 sit
3497 1742 3511 1779 :
3545 1727 3748 1796 Quem-

436 1805 497 1866 τὸ
528 1812 740 1885 πνεῦμα
768 1807 828 1866 τὸ
858 1807 966 1868 ἀπὸ
1007 1814 1101 1870 τοῦ
1127 1808 1420 1889 ἐγκεφάλου
1459 1807 1782 1868 καταϐαῖνον
1824 1807 1911 1866 διὰ
1931 1810 2037 1866 τῶν

2147 1813 2448 1870 admodum
2501 1813 2558 1870 in
2601 1829 2833 1886 corpore
2876 1813 3117 1886 spiritus,
3166 1815 3258 1887 qui
3318 1829 3349 1871 e
3390 1815 3616 1872 cerebro
3653 1814 3746 1872 de-

435 1896 630 1976 νεύρων
675 1899 774 1976 οὖχ
820 1896 1004 1965 ἅπλῶς
1056 1897 1241 1956 δίδωσι
1284 1906 1417 1956 πᾶσι
1464 1905 1572 1966 τοῖς
1612 1895 1904 1974 μέλεσιτὴν
1950 1897 2035 1955 αἶς

437 1991 620 2060 σθησιν
639 2032 657 2066 ,
710 1986 850 2047 ἀλλὰ
876 1987 1016 2047 κατὰ
1047 1987 1330 2065 ἀναλογίαν
1363 1986 1608 2068 ἑκάστῳ,
1638 1990 1716 2067 τῷ
1753 1985 1848 2064 μὲν
1878 1985 2039 2046 πλέον

435 2074 683 2146 δέξασθαι
717 2075 1021 2158 δυναμένῳ,
1051 2075 1210 2135 πλέον
1231 2121 1245 2149 ,
1284 2079 1360 2156 τῷ
1392 2075 1446 2135 δὲ
1481 2076 1733 2152 ἔλαττον,
1773 2075 1993 2134 ἔλαττον
2022 2099 2035 2112 ·

436 2164 576 2223 οὕτω
609 2163 701 2225 καὶ
752 2168 780 2224 ὂ
809 2167 1038 2246 Χριστὸς
1073 2167 1143 2232 εἷς
1181 2163 1274 2232 τὰς
1292 2164 1469 2247 ψυχὰς
1508 2168 1687 2242 ἡμῶν,
1715 2163 1906 2231 αἵτινές
1937 2167 2040 2224 εἰσι

438 2253 578 2329 μέλη
609 2257 799 2326 αὐτοῦ,
836 2264 1068 2315 ποιεῖται
1114 2252 1210 2326 τὴν
1244 2254 1505 2334 χορηγίαν
1534 2257 1638 2312 τῶν
1685 2254 2040 2334 χαρισμάτων

437 2344 596 2402 αὐτοῦ
617 2387 632 2417 ,
662 2346 762 2424 οὐχ
793 2344 1003 2419 ἁπλῶς,
1035 2345 1153 2403 ἀλλ’
1190 2363 1219 2402 (ι
1257 2346 1310 2402 ἐν
1340 2344 1520 2425 μέτρῳ
1543 2343 1654 2411 ἑνὸς
1677 2343 1903 2402 ἑκάστου
1939 2343 2038 2420 μέ-

435 2434 587 2511 λους,
629 2455 660 2492 ι)
705 2433 996 2507 τουτέστιν,
1021 2436 1088 2502 ὡς
1133 2432 1354 2492 δύναται
1382 2437 1632 2513 χωρῆσαι
1658 2433 1883 2492 ἕκαστον
1907 2456 1919 2468 ·
1946 2431 2038 2491 καὶ

433 2520 570 2582 οὕτω
611 2523 670 2582 τὸ
717 2526 874 2599 σῶμα
933 2523 1074 2582 ἅπαν
1125 2551 1148 2576 ι
1205 2521 1301 2596 τὴν
1359 2522 1643 2600 οἰκοδομὴν
1673 2523 1764 2581 καὶ
1817 2521 2036 2594 αὔξησιν

433 2613 622 2672 ἑαυτοῦ
653 2613 878 2672 ποιεῖται
908 2615 960 2671 ἐν
1012 2612 1230 2692 ἀγάπῃ.
1267 2639 1291 2666 ιι
1321 2610 1522 2678 Ἄλλως
1553 2611 1656 2693 γὰρ
1697 2613 1789 2670 οὐκ
1821 2610 1934 2670 ἔστι
1953 2611 2038 2670 δέ·

437 2699 625 2769 ξασθαι
707 2701 800 2773 τήν
869 2701 1130 2782 χορηγίαν
1191 2706 1285 2761 τοῦ
1353 2701 1552 2760 ἄνωθεν
1625 2699 2038 2768 καταϐαίνοντος

438 2791 748 2868 Πνεύματος
769 2839 785 2868 ,
821 2796 905 2873 ὑφ’
935 2784 993 2852 οὗ
1029 2791 1117 2851 καὶ
1147 2790 1550 2870 ζωογονούμεθα
1583 2789 1678 2873 καὶ
1706 2789 1930 2867 αὔξομεν
1957 2791 2033 2867 θδ,

438 2881 580 2958 εἰμὴ
625 2881 710 2942 διὰ
756 2869 1104 2961 τῆς-ἀγάπης
1177 2869 1544 2961 συνδεδεμένοι
1592 2869 1736 2958 ὦμεν
1769 2879 1860 2938 καὶ
1897 2883 2036 2951 ἡνω-

435 2969 617 3046 μένοι,
672 2975 742 3038 ὡς
793 2971 848 3030 ἓν
893 2974 1078 3048 σῶμα.
1123 2968 1344 3053 Ὥσπερ
1399 2970 1534 3051 γὰρ,
1584 2973 1629 3029 εἷ
1682 2969 1864 3049 τύχοι,
1918 2968 2038 3050 χεὶρ

435 3063 837 3122 ἀποσπασθεῖσα
901 3065 993 3120 τοῦ
1041 3059 1327 3139 σώματος,
1385 3064 1446 3120 οὗ
1475 3058 1684 3128 δέξαιτο
1736 3058 1799 3116 ἂν
1851 3057 1912 3117 τὸ
1958 3059 2041 3116 αἰ-

437 3150 624 3224 σθητὸν
668 3157 912 3228 πνεῦμα,
961 3140 1046 3210 οἶα
1104 3153 1200 3222 τῆς
1248 3149 1526 3230 συνεχείας
1572 3149 2036 3230 ᾀποδιαιρεθεῖσαο

436 3217 574 3299 οὕτω
619 3239 710 3300 καὶ
773 3217 928 3300 ὗίιεῖς
1012 3240 1101 3300 ἐὰν
1260 3217 1522 3300 ὖνωῖίένοι
1573 3227 1718 3300 ὦμεν
1797 3217 1856 3297 οὗ
1883 3237 2035 3300 8570'-
2072 3217 2116 3281 Ο

799 3287 806 3300 I
859 3288 879 3299 ο
941 3284 958 3300 α
1286 3280 1294 3300 Ι
1732 3285 1750 3300 Ω

797 3249 958 3319 ςμεῖς,
1012 3240 1101 3300 ἐὰν
1139 3239 1214 3318 μὴ
1260 3239 1522 3312 ἡνωμένοι
1573 3239 1750 3317 ὦμεν,
1797 3239 1856 3297 οὗ
1883 3239 2035 3318 δεχό-

438 3336 573 3407 μεθα
598 3330 693 3402 τὴν
725 3331 831 3390 ἀπὸ
871 3334 964 3402 τῆς
993 3332 1230 3411 κεφαλῆς
1277 3333 1429 3406 ἡμῶν
1460 3336 1551 3390 τοῦ
1589 3331 1828 3411 Χριστοῦ
1859 3350 2036 3386 κατα-

439 3417 726 3479 ϐαίνουσαν
770 3425 862 3480 τοῦ
894 3407 1208 3498 Πνεύματος
1237 3417 1421 3499 χάριν.
1448 3419 1552 3478 Διὰ
1576 3422 1734 3476 τοῦτο
1761 3407 1874 3476 εἷπε
1896 3461 1912 3488 ,
1945 3415 2036 3474 καὶ

439 3508 518 3568 ὅτι
548 3529 576 3565 α
628 3509 709 3570 Τὸ
740 3513 900 3587 σῶμα
940 3507 1498 3590 συναρμολογούμενον
1551 3505 1645 3566 καὶ
1702 3504 2038 3584 συμϐιϐαζό-

443 3621 604 3669 μενον
630 3622 642 3635 ·
669 3622 696 3657 n
728 3597 1000 3660 τουτέστιν
1017 3643 1034 3674 ,
1058 3601 1160 3679 οὐχ
1191 3597 1373 3665 ἅπλῶς
1401 3595 1658 3676 κειμένων
1687 3597 1792 3654 τῶν
1821 3596 1995 3672 μελῶν
2019 3643 2032 3665 ,

440 3686 581 3747 ἀλλὰ
609 3687 702 3747 καὶ
754 3687 1071 3766 ἡνωμένων,
1122 3687 1216 3747 καὶ
1270 3685 1495 3746 ἑκάστου
1531 3685 1617 3746 τὸν
1661 3685 1851 3745 οἰκεῖον
1877 3683 2035 3743 τόπον

445 3777 760 3858 ἐπέχοντος,
823 3776 915 3837 καὶ
981 3776 1058 3852 μὴ
1122 3774 1608 3858 παρηρθρωμένου,
1690 3772 1828 3852 μηδὲ
1891 3773 2039 3854 παρὰ

445 3871 635 3946 σχῆμα
666 3866 930 3945 κειμένου.
969 3866 1110 3946 Παρ’
1139 3872 1269 3944 ἡμῖν
1303 3867 1398 3942 μὲν
1423 3855 1510 3925 οὖν
1542 3867 1654 3924 ἐστι
1678 3866 1738 3924 τὸ
1771 3885 2039 3942 συναρμο-

437 3957 606 4036 λογεῖν
669 3956 893 4025 ἑαυτοὺς
943 3956 1037 4014 καὶ
1083 3955 1438 4034 συμϐιϐάζειν
1505 3954 1590 4014 διὰ
1643 3958 1738 4026 τῆς
1795 3953 2033 4030 ἀγάπηςο

439 4051 534 4104 τοῦ
564 4044 618 4104 δὲ
654 4046 896 4126 Χριστοῦ
920 4091 937 4124 ,
970 4049 1064 4119 τῆς
1109 4047 1343 4126 κεφαλῆς
1381 4048 1536 4120 ἡμῶν
1573 4045 1634 4103 τὸ
1671 4048 1880 4120 πνεῦμα
1922 4044 2040 4100 ἐπι-

446 4137 690 4195 στέλλειν
716 4135 790 4193 ⁶⁷.
828 4135 896 4197 Ὀ
925 4144 1030 4203 πᾶς
1075 4126 1164 4194 οἷν
1215 4134 1364 4213 λόγος
1394 4134 1515 4214 περὶ
1559 4130 2041 4214 ταπεινοφροσύνης

449 4224 544 4284 καὶ
575 4225 832 4296 ἑνώσεως.
865 4224 946 4286 Τὸ
971 4225 1023 4282 δὲ
1042 4269 1058 4298 ,
1100 4245 1127 4281 (ι
1159 4223 1264 4285 Διὰ
1297 4223 1472 4296 πάσης
1493 4223 1632 4303 ἁφῆς
1660 4227 1753 4294 τῆς
1783 4225 2041 4301 ἐπιχορη-

445 4314 588 4392 γίας,
619 4338 647 4372 n
679 4320 833 4374 τοῦτο
865 4316 1016 4386 δηλοῖ
1035 4361 1050 4379 .,
1083 4311 1164 4373 ὅτι
1193 4313 1253 4373 τὸ
1295 4317 1504 4390 πνεῦμα
1533 4312 1593 4370 τὸ
1623 4313 1730 4372 ἀπο
1758 4315 1850 4382 τῆς
1877 4333 2041 4390 κεφα-

443 4407 538 4475 λῆς
614 4403 1057 4484 ἐποχετευόμενον
1129 4402 1221 4462 καὶ
1298 4403 1727 4482 χορηγούμενον,
1815 4399 2042 4459 ἅπτεται

445 4493 684 4555 πάντων.
723 4494 805 4555 Τὸ
833 4493 1006 4553 τοίνυν
1038 4495 1196 4572 σῶμα
1253 4490 1399 4559 αὔξει
1437 4491 1530 4550 καὶ
1568 4491 1926 4567 οἰκοδομεῖται
1956 4488 2042 4548 διὰ

446 4589 539 4642 τοῦ
619 4583 917 4643 ἅπτεστθαι
991 4586 1094 4642 τῶν
1163 4584 1339 4661 μελῶν
1375 4579 1472 4652 τὴν
1547 4580 1894 4662 ἐπιχορηγίαν
1952 4584 2044 4640 τοῦ

445 4671 786 4751 πνεύματος,
827 4671 921 4733 καὶ
945 4674 1172 4753 ἐνεργεῖν
1222 4673 1276 4730 ἐν
1335 4673 1512 4738 αὖτοῖς
1563 4670 1756 4748 (τοῦτο
1806 4668 1909 4749 γάρ
1935 4671 2047 4728 ἐστι

445 4761 526 4834 τὸ,
565 4787 590 4814 α
628 4765 772 4823 Κατ’
806 4759 1072 4842 ἐνέργειαν
1095 4760 1154 4842 υ)
1175 4783 1188 4798 ·
1219 4757 1358 4832 ἣδτι
1384 4758 1482 4833 τὴν
1519 4757 1784 4840 ἐνέργειαν
1812 4765 1918 4825 τοῖς
1948 4756 2046 4836 μέ-

443 4852 557 4910 λεσι
585 4852 646 4912 τὸ
673 4856 881 4928 πνεῦμα
910 4851 1115 4912 δίδωσι.

531 4963 559 4999 α
591 4943 764 5002 Τοῦτο
799 4931 887 5000 οὖν
915 4940 1054 5018 λέγω
1079 4939 1170 5000 καὶ
1221 4937 1563 5021 μαρτύρομαι
1593 4939 1645 4998 ἐν
1682 4935 1865 5018 Κυρίῳ
1885 4983 1902 5015 ,
1929 4961 2048 5014 μη-

444 5029 556 5090 κέτι
603 5033 744 5108 ὑμᾶς
803 5039 1156 5112 περιπατεῖν,
1226 5028 1400 5097 καθὼς
1455 5028 1545 5089 καὶ
1585 5029 1650 5087 τὰ
1703 5027 1865 5086 λοιπὰ
1923 5027 2044 5101 ἔθνη

444 5128 758 5202 περιπατεῖ,
808 5124 860 5181 ἐν
895 5119 1218 5199 ματαιότητι
1265 5125 1354 5179 τοῦ
1404 5119 1518 5185 νοὸς
1573 5121 1769 5178 αὐτων.
1816 5140 1843 5174 ι»
1878 5118 2044 5177 Διδα-

445 5211 676 5283 σκάλου,
726 5211 786 5270 οὗ
843 5209 999 5286 μόνον
1029 5210 1089 5268 τὸ
1113 5209 1389 5291 παραινεῖν
1408 5252 1424 5282 ,
1478 5208 1616 5266 ἀλλὰ
1667 5206 1758 5265 καὶ
1789 5205 1849 5264 τὸ
1880 5209 2045 5288 ἐκφο-

449 5298 587 5373 ϐεῖν,
619 5299 703 5360 διὰ
733 5303 824 5359 τοῦ
873 5298 965 5359 καὶ
1009 5299 1100 5359 τὸν
1153 5297 1292 5359 Θεὸν
1335 5299 1554 5378 ἐφιστᾷν
1601 5300 1708 5363 τοῖς
1740 5299 2040 5373 μαθηταῖς,

445 5387 627 5470 ὥσπερ
676 5389 767 5448 καὶ
797 5389 1022 5449 ἐνταῦθα
1076 5390 1290 5452 Παῦλος
1335 5388 1497 5448 ποιεῖ.
1540 5413 1566 5440 ι
1601 5385 1962 5468 Μαρτύρομαι
2010 5412 2035 5440 ν

447 5475 582 5560 γὰρ,
617 5478 808 5560 φησὶν,
831 5481 972 5558 ὑμᾶς
1003 5505 1027 5533 ιι
1063 5480 1116 5539 ἓν
1155 5477 1338 5560 Κυρίῳ
1361 5501 1375 5515 ·
1414 5505 1440 5532 ιο
1469 5473 1743 5556 τουτέστι,
1777 5475 2042 5557 Μάρτυρα

2149 1903 2365 1960 scendit
2406 1919 2506 1975 per
2537 1919 2757 1973 nervos,
2803 1921 2914 1960 non
2965 1904 3287 1976 simpliciter
3335 1904 3429 1962 dat
3487 1905 3746 1962 omnibus

2154 1991 2423 2048 membris
2454 2009 2698 2063 sensum,
2733 1993 2831 2050 sed
2864 1993 3160 2066 unicuique
3186 1993 3493 2050 secundum
3524 2011 3752 2067 propor-

2151 2081 2382 2150 tionem,
2444 2083 2494 2138 ei
2555 2083 2784 2155 quidem
2828 2082 2978 2154 quod
3045 2081 3200 2153 plura
3268 2082 3512 2154 recipere
3565 2092 3750 2156 potest

2150 2170 2325 2242 plura,
2369 2171 2517 2245 quod
2545 2187 2672 2229 vero
2693 2173 2896 2241 minus,
2929 2172 3114 2228 minus
3147 2191 3160 2228 :
3197 2170 3273 2226 sic
3313 2179 3370 2229 et
3405 2171 3653 2229 Christus
3691 2174 3746 2230 in

2149 2263 2361 2319 animas
2414 2271 2630 2320 nostras
2694 2279 2819 2335 quae
2875 2270 3003 2317 sunt
3068 2278 3314 2319 memara
3381 2262 3569 2335 ipsius,
3620 2263 3750 2321 facit

2151 2351 2649 2424 suppeditationem
2700 2350 3091 2406 charismatum
3148 2367 3399 2420 suorum,
3446 2368 3562 2408 non
3619 2353 3751 2409 sim-

2149 2441 2380 2514 pliciter,
2427 2440 2525 2497 sed
2559 2457 2658 2512 pro
2706 2455 2964 2496 mensura
3011 2439 3307 2512 cujuslibet
3357 2441 3612 2510 membri,
3643 2442 3747 2499 hoc

2149 2540 2234 2587 est
2266 2530 2492 2603 perinde
2545 2539 2607 2586 ut
2653 2529 2939 2602 quodlibet
2996 2537 3179 2601 potest
3217 2545 3412 2602 capere
3461 2549 3476 2585 :
3533 2529 3748 2606 hacque

2151 2621 2359 2677 ratione
2385 2628 2569 2676 totum
2608 2636 2809 2691 corpus
2845 2618 3283 2677 aedificationem
3308 2628 3364 2676 et
3385 2630 3747 2694 augmentum

2151 2711 2406 2782 suiipsius
2433 2709 2566 2766 facit
2603 2710 2656 2765 in
2699 2709 3009 2766 dilectione.
3045 2710 3219 2765 Aliter
3263 2709 3413 2766 enim
3460 2727 3575 2767 non
3619 2712 3747 2768 licet

2150 2801 2390 2872 recipere
2413 2798 2908 2872 suppeditationem
2962 2799 3342 2856 descendentis
3370 2799 3602 2872 desuper
3627 2803 3749 2874 Spi-

2156 2891 2316 2958 ritus,
2346 2906 2377 2945 a
2417 2906 2526 2961 quo
2571 2898 2626 2945 et
2664 2888 3007 2945 viviﬁcamur
3040 2898 3096 2945 et
3131 2890 3448 2958 crescimus,
3508 2890 3611 2946 nisi
3654 2907 3750 2964 per

2152 2980 2502 3036 dilectionem
2555 2979 2784 3035 connexi
2822 2977 3112 3047 fuerimus,
3180 2987 3235 3035 et
3280 2980 3421 3035 uniti
3485 2989 3748 3054 tanquam

2150 3087 2325 3126 unum
2375 3086 2596 3141 corpus.
2650 3072 2730 3126 Ut
2777 3069 2945 3138 enim,
3011 3069 3247 3141 exempli
3298 3070 3494 3142 gratia,
3551 3087 3750 3129 manus

2147 3176 2179 3216 a
2235 3175 2467 3232 corpore
2517 3158 2703 3216 avulsa
2754 3175 2868 3215 non
2907 3175 3071 3231 porro
3109 3161 3382 3232 receperit
3431 3160 3750 3219 sensibilem

2147 3249 2422 3322 spiritum,
2451 3266 2516 3305 eo
2547 3248 2696 3322 quod
2725 3264 2756 3305 a
2788 3247 3148 3305 continuitate
3169 3247 3394 3306 diducta
3417 3258 3502 3306 est
3539 3266 3553 3304 :
3588 3251 3666 3307 sic
3697 3260 3753 3307 et

2146 3356 2267 3408 nos,
2289 3340 2392 3395 nisi
2416 3339 2552 3394 uniti
2575 3337 2858 3407 fuerimus,
2880 3356 2991 3394 non
3007 3337 3302 3411 recipimus
3327 3355 3355 3396 a
3371 3339 3546 3413 capite
3558 3349 3749 3398 nostro

2145 3423 2377 3485 Christo'
2415 3427 2844 3484 descendentem
2884 3429 3120 3500 Spiritus
3175 3429 3437 3500 gratiam.
3485 3432 3746 3488 Proterea

2145 3517 2303 3586 dixit,
2335 3540 2362 3567 (ι
2385 3519 2598 3589 Corpus
2625 3525 2978 3589 compactum
3001 3525 3057 3574 et
3078 3533 3412 3586 connexum,
3444 3541 3472 3570 ν
3507 3518 3614 3577 hoc
3638 3529 3742 3591 est,

2144 3623 2259 3664 non
2285 3606 2612 3678 simpliciter
2654 3606 2845 3678 positis
2874 3605 3166 3674 membris,
3193 3622 3386 3663 verum
3415 3607 3584 3664 etiam
3613 3626 3744 3666 con-

2139 3697 2368 3770 junctis,
2399 3703 2454 3752 et
2474 3710 2811 3767 unoquoque
2848 3695 3130 3768 proprium
3164 3695 3349 3752 locum
3379 3695 3634 3763 habente,
3688 3707 3752 3754 ut

2146 3785 2364 3842 nullum
2391 3785 2644 3842 luxatum
2673 3784 2763 3853 sit,
2796 3800 2975 3856 neque
3006 3792 3202 3854 praeter
3235 3781 3476 3841 formam
3503 3787 3739 3844 colloca-

2146 3883 2290 3932 tum.
2312 3878 2376 3932 In
2393 3875 2556 3932 nobis
2579 3874 2743 3947 igitur
2763 3883 2848 3930 est
2865 3875 3014 3947 ipsos
3034 3882 3352 3931 construere
3371 3883 3428 3930 et
3446 3892 3748 3950 coagmen-

2147 3974 2264 4022 tare
2290 3981 2390 4039 per
2433 3964 2786 4022 dilectionem
2837 3983 2849 4019 :
2895 3964 3098 4020 Christi
3131 3980 3258 4020 vero
3304 3965 3496 4036 capitis
3545 3967 3742 4035 nostri,

2147 4056 2403 4128 spiritum
2431 4054 2748 4111 immittere.
2781 4056 2956 4110 Totus
3005 4053 3168 4126 igitur
3217 4053 3305 4109 hic
3334 4070 3518 4112 sermo
3565 4055 3750 4112 estde

2149 4145 2462 4202 humilitate
2490 4152 2545 4201 et
2571 4145 2798 4201 unitate.
2827 4144 2988 4215 Quod
3043 4160 3170 4200 vero
3200 4145 3294 4215 ait,
3331 4163 3361 4197 ιι
3393 4148 3497 4202 Per
3523 4161 3750 4203 omnem

2145 4235 2472 4309 juncturam
2544 4233 3088 4303 subministrationis,
3159 4259 3182 4283 »
3255 4235 3545 4292 denuntiat
3619 4235 3748 4306 hoc,

2151 4323 2304 4398 quod
2351 4325 2572 4396 spiritus
2623 4340 2654 4380 a
2702 4323 2877 4396 capite
2935 4323 3198 4381 adversus
3271 4333 3327 4381 et
3375 4324 3756 4398 suppeditatus

2151 4415 2338 4470 omnia
2367 4414 2671 4486 contingat.
2703 4415 2917 4484 Corpus
2959 4413 3126 4486 igitur
3153 4414 3348 4470 crescit
3373 4423 3428 4471 et
3455 4415 3756 4472 ardificatur

2073 4546 2124 4610 Β
2152 4520 2248 4580 per
2278 4503 2384 4560 hoc
2409 4503 2561 4604 quod
2592 4503 2822 4604 spiritus
2859 4503 3229 4610 suppeditatio
3253 4504 3506 4604 membra
3537 4505 3755 4610 contio.-

2153 4601 2268 4666 gat,
2322 4601 2485 4665 atque
2534 4593 2590 4648 in
2636 4594 2717 4650 eis
2774 4601 3030 4664 operetur
3085 4592 3211 4660 (hoc
3273 4601 3357 4649 est
3405 4593 3552 4649 enim
3598 4593 3750 4661 illud,

2158 4707 2183 4732 σ‹
2225 4682 2546 4741 Secundum
2614 4681 2990 4756 operationem
3040 4685 3113 4751 ιο),
3163 4681 3246 4737 vel
3309 4681 3458 4754 quod
3533 4682 3757 4754 spiritus

2154 4773 2347 4831 tribuit
2373 4773 2750 4847 operationem
2785 4772 3072 4829 membris.

2228 4947 2400 5018 399
2427 4947 2601 5004 Vnus.
2639 4951 2728 5002 17.
2767 4967 2790 4994 ‹‹
2823 4945 2946 5000 Hoc
2986 4942 3152 5016 igitur
3178 4941 3302 5000 dico
3333 4948 3388 4999 et
3413 4940 3673 4999 testiﬁcor
3700 4942 3756 5000 in

2155 5036 2421 5106 Domino,
2469 5044 2534 5091 ut
2573 5035 2688 5108 jam
2725 5049 2845 5090 non
2884 5031 3196 5102 ambuletis,
3246 5031 3391 5088 sicut
3427 5037 3482 5088 et
3526 5031 3753 5104 reliqua:

2155 5135 2343 5198 gentes
2391 5125 2680 5182 ambulant
2730 5124 2787 5179 in
2833 5123 3072 5179 vanitate
3119 5137 3313 5178 sensus
3359 5121 3466 5178 sui.
3516 5145 3542 5171 ν
3604 5125 3753 5178 Prae-

2156 5215 2393 5287 ceptoris
2417 5223 2502 5272 est
2536 5230 2646 5270 non
2683 5213 2861 5270 solum
2892 5211 3190 5281 adhortari,
3233 5227 3422 5268 verum
3451 5210 3614 5268 etiam
3644 5219 3755 5268 ter-

2155 5320 2298 5374 rere,
2351 5320 2450 5377 per
2500 5303 2606 5361 hoc
2673 5301 2822 5376 quod
2861 5304 3016 5360 Deus
3059 5299 3343 5373 discipulis
3365 5301 3531 5357 etiam
3615 5309 3757 5358 astet

2150 5401 2315 5466 atque
2367 5395 2576 5467 praesit,
2647 5390 3123 5466 quemadmodum
3185 5391 3276 5448 hic
3351 5390 3556 5448 Paulus
3616 5391 3753 5464 agit.

2155 5509 2179 5533 ιι
2221 5485 2418 5542 Testor
2448 5504 2480 5537 ι)
2511 5483 2680 5552 enim,
2725 5481 2926 5555 inquit,
2955 5479 3114 5539 vobis
3148 5503 3174 5531 α
3207 5480 3261 5539 in
3285 5481 3551 5554 Domino,
3595 5504 3620 5530 ι»
3653 5479 3760 5538 hoc

1862 5633 2050 5692 Variae
2092 5632 2394 5694 lectiones.

521 5748 565 5787 ει
591 5747 717 5826 μήτε
747 5764 802 5809 ο.
878 5748 922 5787 οε
954 5748 1131 5824 μέλους
1160 5763 1215 5807 ο,
1245 5804 1250 5806 _
1301 5747 1348 5784 ⁸⁸
1371 5747 1651 5822 αὖξάνομεν
1683 5759 1739 5805 0.
1817 5745 1875 5818 θ’,
1889 5744 2176 5820 ἐπιπέμπειν
2201 5761 2260 5804 ο.
