4124 6456
381 462 513 519 1091
1414 452 1929 514 THEOPHYLACTI
1969 449 2328 511 BULGARI/E
2365 446 2678 507 ARCHIEP.
3547 446 3685 503 1092

378 593 487 658 est,
534 591 731 643 testem
785 582 1091 643 Dominum
1120 580 1279 653 facio,
1320 581 1472 656 quod
1499 598 1610 640 non
1653 581 1980 640 occultarim

2058 578 2172 647 1er
2218 577 2413 659 Κύριον
2445 578 2701 653 ποιοῦμαι
2730 572 2816 653 ⁸⁸,
2848 571 2937 659 ἔτι
2971 572 3069 633 οὖκ
3107 571 3506 656 ἀπεκρυψάμην
3555 571 3686 653 πρὸς

374 691 438 733 ea
468 654 617 750 qua:
645 674 802 732 vobis
858 672 1089 731 dicenda
1126 654 1355 730 fuerint:
1397 676 1524 729 Non
1557 671 1704 729 dixit
1755 680 1964 742 autem,

2082 673 2221 747 ὑμᾶς
2250 666 2286 726 ἃ
2307 654 2317 659 ’
2336 667 2414 725 δεῖ
2442 666 2631 727 εἰπεῖν.
2678 664 2798 726 Οὔκ
2827 654 2942 723 εἶπε
2996 661 3076 739 δὲ,
3106 654 3344 736 Μηκέτι
3362 666 3502 742 ὑμᾶς
3531 685 3683 741 περι·-

374 768 460 823 Ne
505 779 675 838 porro
718 774 821 820 vos
876 762 1171 819 ambulctis
1211 760 1685 835 quemadmodum
1724 760 1972 818 ambula-

2080 763 2268 816 πατεῖν
2298 757 2371 823 ὣς
2399 761 2769 835 περιεπατεῖτε
2788 799 2804 826 ,
2830 751 2921 810 ἵνα
2950 751 3026 829 μὴ
3058 750 3236 833 πλήξῃ
3261 774 3275 790 ⁸
3297 752 3435 812 ἀλλὰ
3455 794 3471 823 ,
3503 780 3525 803 ιι
3563 753 3678 811 Καη

374 853 541 924 batis,
582 868 654 911 ne
696 851 875 910 irritet
924 866 1061 909 eos:
1108 851 1225 922 sed,
1277 873 1303 900 σι
1336 851 1697 925 Reliquarum
1723 850 1974 924 gentium

2083 846 2183 915 θὼς
2225 843 2318 906 καὶ
2359 843 2428 904 τὰ
2454 843 2619 904 λοιπὰ
2652 843 2811 917 ἔθνη,
2842 863 2874 901 n
2926 844 3004 924 τῷ
3048 842 3240 923 ἑτέρων
3287 841 3685 925 παραδείγματι

372 942 565 1015 instar,
613 960 646 997 ia
690 940 890 1015 inquit,
941 941 1181 998 aliorum
1229 940 1486 1013 exemplo
1531 941 1658 998 illos
1702 940 1977 1013 castigans

2082 935 2418 1019 σωφρονίζων
2481 932 2693 1002 αὐτούς.
2750 956 2780 992 α
2811 932 2906 994 Ἐν
2962 933 3280 1008 ματαιότητι
3306 931 3362 991 δὲ
3402 936 3495 992 τοῦ
3517 931 3626 996 νοὸς
3646 954 3673 988 n

371 1038 429 1090 et
454 1030 739 1090 erudiens.
771 1033 838 1088 In
867 1030 1107 1088 vanitate
1142 1045 1307 1102 porro
1330 1029 1530 1088 mentis
1569 1029 1974 1087 circumambu-

2082 1026 2471 1108 περιεπάτουν,
2517 1021 2612 1083 καὶ
2658 1025 2729 1091 ὥς
2769 1022 2835 1082 τὰ
2877 1020 3070 1082 εἴδωλα
3117 1021 3434 1100 σεϐόμενοι,
3493 1025 3584 1080 καὶ
3616 1025 3687 1087 ὡς

372 1121 580 1193 labant,
612 1129 669 1178 et
704 1120 836 1194 quia
888 1118 1039 1177 idola
1090 1119 1362 1192 colebant,
1410 1126 1467 1177 et
1511 1120 1637 1193 quia
1680 1118 1978 1177 affectibus

2082 1124 2192 1184 τοῖς
2245 1115 2440 1176 πάθεσι
2495 1112 2860 1183 δουλεύοντες,
2908 1111 3001 1172 καὶ
3050 1111 3162 1180 τοῖς
3209 1115 3304 1172 τοῦ
3334 1112 3538 1189 κόσμου
3573 1135 3681 1188 μα-

372 1211 489 1269 suis
526 1208 914 1279 inserviebant,
944 1219 1001 1267 et
1038 1209 1164 1283 quia
1214 1208 1411 1266 mundi
1448 1208 1784 1266 vanitatibus
1827 1206 1976 1265 afﬁxi

2083 1204 2251 1274 ταίοις
2308 1201 2746 1286 προσηλωμένοι·
2820 1203 2854 1260 ἃ
2927 1198 3226 1278 ματαιότης
3284 1200 3554 1279 λέγονται,
3612 1200 3681 1258 Ξι’

373 1308 552 1359 erant.
603 1301 743 1373 Quae
786 1299 910 1358 ideo
960 1299 1176 1356 vanitas
1218 1298 1500 1367 dicuntur,
1555 1314 1621 1357 eo
1672 1297 1824 1372 quod
1875 1314 1978 1355 nos

2084 1294 2215 1355 αὐτὸ
2264 1300 2452 1372 τοῦτο,
2502 1291 2585 1353 ὅτι
2636 1298 2793 1371 ἡμεῖς
2860 1292 3038 1360 αὐτοῖς
3085 1290 3327 1370 ματαίως
3391 1290 3646 1371 χρώμεθα

372 1389 483 1448 illis
525 1405 667 1449 vane
718 1396 944 1448 utamur
997 1406 1013 1446 :
1068 1404 1181 1446 non
1234 1389 1388 1447 enim
1435 1404 1535 1447 sua
1587 1396 1785 1447 natura
1837 1403 1977 1445 vana

2081 1385 2144 1443 οὗ
2168 1384 2270 1465 γὰρ
2397 1384 2600 1443 ἑαυτῶν
2633 1381 2788 1464 φύσει
2832 1380 3036 1461 μάταιά
3079 1384 3182 1442 εἶσι
3203 1404 3216 1418 ·
3247 1381 3390 1441 καλὰ
3424 1386 3528 1460 γὰρ
3567 1382 3685 1437 ἰσὶταν

371 1488 502 1537 sunt
528 1497 544 1537 :
570 1479 727 1539 valde
755 1493 994 1553 namque
1019 1478 1168 1536 bona
1200 1486 1330 1535 sunt
1357 1478 1593 1536 condita.

795 1493 994 1553 amque
1019 1478 1168 1536 bona
1200 1486 1330 1535 sunt
1357 1478 1593 1536 condita.
2083 1474 2423 1546 ἐκτίσθησαν.

443 1573 626 1629 Vnus.
659 1575 748 1627 18.
781 1593 805 1619 α
835 1568 1099 1627 Tenebris
1127 1568 1486 1626 obscuratum
1529 1570 1795 1626 habentes
1823 1567 1977 1625 intel-

2175 1590 2200 1616 ε
2223 1561 2630 1642 Ἐσκοτισμένοι
2661 1567 2728 1643 τῇ
2782 1560 2985 1641 διανοίᾳ
3006 1606 3023 1636 ,
3052 1558 3548 1642 ἀπηλλοτριωμένοι
3594 1563 3686 1631 τῆς

373 1659 609 1725 lectum,
644 1657 933 1716 abalienati
978 1674 1010 1714 a
1065 1658 1173 1715 vita
1225 1657 1347 1715 Dei.
1416 1680 1441 1708 ι
1492 1661 1710 1716 Lumen
1752 1658 1976 1732 quidem

2084 1654 2226 1726 ζωῆς
2266 1659 2358 1713 τοῦ
2407 1656 2575 1716 Θεοῦ.
2630 1651 2713 1714 Τὸ
2762 1651 2859 1728 μὲν
2906 1654 3015 1733 φῶς
3064 1650 3276 1727 ἔλαμπε
3327 1654 3420 1723 τῆς
3474 1673 3533 1709 τε
3575 1656 3684 1709 θεο-

377 1748 601 1806 lucebat
644 1747 851 1805 divinae
892 1746 1223 1820 cognitionis
1273 1761 1538 1820 puraeque
1606 1747 1733 1804 vitm
1782 1763 1797 1801 :
1869 1746 1975 1818 ipsi

2082 1741 2311 1819 γνωσίας
2370 1743 2462 1802 καὶ
2510 1748 2603 1802 τοῦ
2649 1746 2885 1822 καθαροῦ
2918 1740 3072 1822 βίου·
3121 1739 3272 1801 αὐτοὶ
3307 1738 3364 1800 δὲ
3408 1740 3685 1800 ἐσκότισαν

373 1844 557 1893 autem
595 1835 1025 1893 obtenebrarunt
1078 1835 1309 1908 seipsos,
1352 1835 1685 1893 imbecillem
1711 1833 1978 1893 facientes

2082 1831 2325 1905 ἑαυτοὺς,
2387 1831 2599 1899 ἀσθενὲς
2650 1831 2968 1904 ποιήσαντες
3016 1830 3076 1890 τὸ
3130 1835 3224 1902 τῆς
3271 1833 3447 1912 ψυχῆς
3503 1831 3679 1910 διορα-

372 1926 570 1983 animae
593 1925 1036 1999 perspicuitatem
1054 1940 1149 1998 per
1171 1924 1464 1997 caliginem
1488 1924 1795 1983 affectuum
1814 1941 1976 1983 mun-

384 2015 474 2035 ,μ
491 2030 751 2035 “an”-
1124 2014 1372 2035 “L-___--
1437 2015 1577 2035 __,__
1635 2014 1866 2035 “-4---”
1928 2022 1976 2035 ,Α

2082 1921 2227 1981 τικὸν
2259 1920 2346 1981 διὰ
2380 1920 2478 1994 τὴν
2524 1920 2695 2002 ἀχλὺν
2735 1924 2841 1981 τῶν
2885 1923 3070 1980 παθῶν
3120 1919 3213 1980 καὶ
3265 1925 3371 1980 τῶν
3421 1923 3683 1999 βιωτικῶν

2082 2033 2167 2035 ηαξ
2217 2010 2292 2035 μθδ
2324 2033 2363 2035 ην
2443 2009 2569 2035 (ΠΝ
2707 2010 2798 2035 .,\_
2880 2008 2993 2035 i,\‘
3068 2034 3073 2035 ,
3136 2009 3151 2035 ἶ
3209 2011 3234 2035 δ
3278 2008 3527 2035 ,ΙῨηΙηΙῑΩ
3588 2010 3681 2035 ᾼῖμκ

374 2015 755 2089 danarumque
796 2030 1076 2072 curarum.
1124 2014 1380 2072 Rheuma
1431 2015 1585 2072 enim
1634 2014 1895 2084 multum,
1921 2022 1977 2072 et

2077 2010 2391 2091 φροντίδων.
2443 2009 2651 2089 Ῥεῦμα
2704 2010 2809 2089 γὰρ
2871 2008 3006 2070 πολὺ
3064 2009 3157 2069 καὶ
3205 2008 3451 2069 δυσίατόν
3476 2008 3527 2047 θ’
3583 2010 3685 2066 εἶσι

372 2103 673 2161 difﬁculter
715 2104 977 2170 curabile,
1025 2113 1158 2160 sunt
1197 2103 1433 2161 affectus
1479 2112 1536 2161 et
1580 2104 1974 2162 ollicitudines

2077 2101 2146 2158 τά
2169 2124 2227 2159 τε
2270 2101 2417 2175 πάθη
2469 2099 2562 2160 καὶ
2609 2103 2665 2161 αἱ
2695 2099 2952 2182 μέριμναι
3001 2104 3093 2159 τοῦ
3123 2098 3362 2178 κόσμου,
3412 2100 3682 2159 ἐπιθολοῦ⁸

374 2194 679 2252 mundanae
724 2209 851 2268 quae
898 2202 1147 2252 mentem
1188 2195 1526 2266 perturbant.
1576 2197 1872 2267 Propterea
1917 2202 1977 2252 et

2080 2213 2171 2249 σαι
2197 2189 2290 2262 τὴν
2322 2190 2578 2253 διάνοιαν.
2622 2189 2726 2249 Διὰ
2768 2194 2921 2250 τοῦτο
2956 2189 3049 2249 καὶ
3078 2193 3172 2262 τῆς
3206 2194 3299 2249 τοῦ
3335 2191 3480 2250 Θεοῦ
3519 2193 3682 2261 ζωῆς,

370 2285 481 2340 vita
515 2283 642 2356 Dei,
684 2283 743 2339 id
784 2291 868 2340 est
894 2282 1102 2352 divina,
1143 2297 1265 2355 quae
1299 2282 1606 2341 secundum
1636 2287 1817 2341 Deum
1863 2292 1969 2353 est,

2080 2280 2110 2339 ὅ
2162 2282 2276 2341 ἐστι
2319 2282 2414 2351 τῆς
2458 2279 2601 2340 κατὰ
2653 2278 2823 2356 Θεὸν,
2860 2278 3379 2359 ἀπηλλοτριώθησαν
3411 2280 3457 2339 οἱ
3519 2275 3687 2345 οὕτως

370 2373 662 2431 abalienati
691 2380 825 2429 sunt
848 2372 942 2446 qui
972 2373 1051 2430 sic
1071 2389 1128 2429 se
1155 2372 1452 2430 habebant.
1483 2373 1972 2442 Rationalisfenim

2083 2368 2312 2450 ἔχοντες.
2368 2371 2484 2430 Τοῦ
2549 2371 2766 2449 λογικοῦ
2813 2366 2919 2451 γὰρ
2970 2366 3111 2443 ζωὴ,
3167 2372 3228 2428 τὸ
3278 2368 3377 2441 τὴν
3430 2367 3684 2440 ἀλήθειαν

371 2461 481 2519 vita
521 2469 625 2530 est,
669 2461 961 2519 veritatem
1004 2462 1330 2535 intelligere.
1375 2462 1484 2532 Qui
1525 2478 1656 2520 vero
1710 2462 1783 2521 ad
1829 2462 1973 2520 hanc

2080 2466 2247 2517 νοεῖν·
2279 2462 2307 2517 ὃ
2362 2458 2418 2518 δὲ
2459 2457 2590 2538 πρὸς
2658 2459 2858 2532 ταύτην
2910 2457 3204 2538 τυφλωθεὶς
3229 2507 3242 2528 ,
3296 2457 3512 2526 εἰκότως
3565 2459 3682 2519 οὐδὲ

368 2551 584 2625 caligat,
629 2549 824 2609 merito
869 2566 942 2609 ne
988 2550 1119 2608 vivit
1161 2550 1414 2624 quidem,
1466 2567 1534 2609 eo
1578 2551 1726 2626 quod
1773 2553 1973 2610 veritas

2084 2554 2180 2628 ζῇ,
2227 2546 2315 2606 διὰ
2355 2547 2417 2607 τὸ
2466 2548 2562 2621 τὴν
2620 2547 2874 2621 ἀλήθειαν
2915 2539 3051 2607 εἶναι
3103 2547 3285 2608 οὐσίαν
3323 2546 3411 2607 καὶ
3455 2551 3563 2630 φῶς
3590 2553 3685 2607 τοῦ

372 2641 443 2698 sit
469 2640 778 2699 substantia
808 2648 865 2697 et
891 2640 1078 2698 lumen
1114 2641 1367 2698 rationis.
2081 2637 2262 2717 λόγου.

450 2749 479 2783 ι(
517 2733 750 2804 Propter
790 2729 1160 2805 ignorantiam
1201 2745 1326 2805 quae
1361 2730 1524 2788 estin
1565 2730 1719 2805 ipsis,
1750 2739 1975 2805 prapter

2165 2754 2186 2781 η
2222 2726 2327 2788 Διὰ
2350 2726 2449 2801 τὴν
2482 2727 2702 2805 ἄγνοιαν
2737 2727 2836 2800 τὴν
2865 2717 3027 2788 οὖσαν
3069 2727 3271 2800 αὐτοῖς,
3305 2726 3391 2788 διὰ
3438 2727 3533 2801 τὴν
3566 2726 3683 2786 πώ-

369 2821 677 2879 οαξοίῑιιιειιι
721 2820 902 2878 cordis
950 2820 1215 2893 ipsorum,
1277 2842 1304 2870 ι
1362 2821 1417 2876 Si
1481 2820 1649 2894 igitur
1689 2821 1973 2895 ignorant,

2083 2840 2242 2898 ρωσιν
2273 2821 2367 2890 τῆς
2411 2818 2632 2899 καρδίας
2660 2820 2857 2879 αὐτῶν.
2911 2845 2937 2870 ιο
2974 2818 3037 2877 Ei
3075 2806 3165 2876 οὖν
3199 2820 3477 2895 ἀγνοοῦσι,
3510 2817 3564 2876 τί
3590 2818 3685 2875 αὖ·

372 2909 508 2983 quid
545 2925 641 2967 eos
678 2914 945 2967 accusas?
994 2909 1258 2983 ignorans
1307 2909 1460 2966 enim
1523 2909 1809 2968 docendus
1867 2919 1971 2982 est,

2081 2915 2191 2975 τοῖς
2223 2909 2494 2986 ἐγκαλεῖς
2529 2908 2620 2967 τὸν
2650 2905 2754 2987 γὰρ
2801 2910 3088 2985 ἀγνοοῦντα
3126 2908 3472 2966 διδάσκεσθαι
3502 2909 3584 2966 δεῖ
3607 2907 3678 2980 ⁷³,

370 3015 486 3056 non
525 2997 886 3056 accusandus.
920 2999 1095 3072 Atqui
1122 2998 1458 3071 ignorantia,
1506 2998 1710 3071 inquit,
1755 3009 1977 3073 propter

2082 2999 2142 3057 οὗ
2200 3001 2637 3076 κατηγορεῖσθαι.
2695 2995 2837 3056 Ἀλλ’
2885 3001 2920 3069 ἡ
2976 2996 3199 3074 ἄγνοια,
3246 2996 3379 3077 φησὶ
3442 2994 3529 3056 διὰ
3586 2995 3682 3068 τὴν

373 3089 679 3149 οωοίῑεῐεω
705 3087 774 3145 iis
799 3086 1053 3156 accessit,
1080 3086 1133 3144 id
1169 3096 1254 3144 est
1295 3095 1521 3161 propter
1561 3088 1974 3161 stupiditatem;

2083 3083 2334 3164 πώρωσιν
2384 3087 2560 3153 αὐτοῖς
2604 3083 2919 3164 ἐπεγένετο,
2968 3084 3000 3144 ὅ
3037 3090 3150 3146 ἐστι
3198 3085 3243 3136 τί
3286 3083 3373 3145 δῖὰ
3406 3084 3501 3158 τὴν
3534 3088 3686 3143 ἀναι-

372 3178 666 3252 stupiditas
678 3184 865 3234 autem
886 3191 954 3234 ex
970 3176 1196 3234 illorum
1223 3176 1590 3248 propensione
1607 3177 1677 3236 ad
1701 3178 1975 3251 impuram

2087 3172 2350 3246 σθησίανο
2405 3179 2437 3246 ἡ
2487 3173 2542 3233 δὲ
2595 3174 2949 3248 ἀναισθησία,
2999 3177 3060 3234 ἐκ
3089 3179 3182 3247 τῆς
3227 3173 3357 3255 πρὸς
3411 3174 3499 3234 τὸν
3551 3173 3689 3233 ἀκά-

372 3230 565 3326 vitam.
597 3266 972 3340 Quamobrem
998 3264 1427 3338 reprehensione
1471 3265 1622 3338 digni
1651 3230 1812 3324 sunt.r
1832 3268 1974 3326 Audi

2087 3269 2278 3345 θαρτον
2320 3262 2431 3343 βίον
2479 3264 2763 3333 διαθέσεως
2821 3265 2995 3323 αὐτῶν
3011 3264 3083 3324 ⁷².
3134 3262 3311 3324 ’Ὧστε
3344 3264 3685 3345 ἐγκαλεῖσθαι

378 3358 528 3415 enim
547 3366 603 3415 et
630 3373 758 3431 qua:
784 3364 1110 3429 sequuntur.

2090 3352 2245 3423 ἄξιοι.
2270 3347 2473 3413 Ἀκουε
2495 3355 2598 3434 γὰρ
2627 3352 2721 3412 καὶ
2745 3356 2850 3413 τῶν
2875 3352 3023 3427 ἑξῆς.

449 3450 628 3506 Vens.
675 3454 771 3506 19.
832 3469 859 3498 ιι
911 3447 1016 3520 Qui
1056 3446 1430 3520 desperantes,
1477 3447 1688 3520 seipsos
1734 3447 1979 3505 tradide-

2181 3465 2209 3502 «
2264 3441 2474 3511 Οἵτινες
2545 3444 2916 3524 ἀπηλγηκότες
2968 3442 3184 3511 ἑαυτοὺς
3233 3443 3549 3525 παρέδωκαν

375 3545 509 3597 runt
584 3536 964 3610 impudicitiae,
1049 3536 1105 3592 in
1159 3537 1538 3608 operationem
1613 3536 1977 3595 immunditizc

2091 3533 2345 3615 ἀσελγείᾳ
2364 3576 2382 3605 ,
2436 3535 2509 3601 εἷς
2538 3533 2790 3613 ἐργασίαν
2821 3533 3001 3604 πάσης
3044 3533 3372 3612 ἀκαθαρσίας
3400 3535 3453 3592 ἐν
3501 3536 3687 3594 πλεον-

373 3627 558 3685 omnis
587 3642 715 3684 cum
751 3626 1027 3685 aviditate.
1093 3649 1120 3674 ι
1149 3625 1343 3682 Viden’
1379 3643 1444 3682 ex
1487 3626 1768 3684 voluntate
1814 3637 1978 3700 atque

2088 3621 2218 3704 εξίᾳ.
2254 3646 2283 3683 ι
2339 3622 2536 3704 εΟρᾷς,
2590 3626 2671 3682 ὅτι
2720 3624 2781 3682 ἐκ
2831 3622 3189 3703 προαιρέσεως
3236 3625 3412 3691 αὐτοῖς
3441 3628 3473 3694 ἡ
3529 3625 3687 3682 ἀναι-

374 3717 655 3790 proposito
700 3716 841 3773 banc
891 3716 968 3774 eis
1016 3714 1403 3788 stupiditatem
1454 3722 1626 3775 esse?
1685 3739 1711 3767 α
1768 3720 1977 3790 Despe-

2090 3712 2323 3792 σθησίας
2369 3733 2397 3769 ιι
2430 3712 2829 3791 Ἄπηλγηκότες
2868 3735 2897 3771 ιο
2934 3710 3058 3793 γὰρ,
3101 3711 3528 3794 φησὶ,τουτέστι
3553 3736 3689 3773 κατ-

374 3815 602 3864 rantesn
629 3807 801 3876 enim,
819 3805 1018 3880 inquit,
1043 3804 1151 3862 hoc
1178 3814 1286 3873 est,
1315 3821 1512 3879 segnes
1538 3805 1700 3877 facti,
1728 3806 1977 3864 nolentes

2088 3801 2551 3884 εῤῥᾳϐυμηκότες,
2588 3802 2680 3861 καὶ
2712 3802 2786 3880 μὴ
2834 3801 3070 3869 θέλοντες
3099 3805 3292 3880 καμεῖν
3317 3801 3449 3883 πρὸς
3479 3800 3575 3874 τὴν
3605 3802 3688 3884 εῦ-

373 3897 619 3954 laborare
666 3901 731 3955 ut
757 3896 1037 3954 inveniant
1062 3896 1297 3964 bonum,
1345 3896 1496 3953 omni
1539 3895 1734 3953 dolore
1759 3905 1977 3954 tantum

2091 3883 2231 3973 ρεσιν
2251 3897 2345 3952 τοῦ
2374 3893 2564 3965 καλοῦ,
2596 3891 2688 3950 καὶ
2735 3891 3045 3972 ἀναλγήτως
3079 3890 3419 3965 διατεθέντες,
3452 3890 3547 3952 καὶ
3576 3883 3688 3954 οἶον

373 4002 485 4044 non
527 3995 807 4057 vacantes,
870 4003 936 4043 ac
985 3985 1153 4042 veluti
1191 3985 1265 4041 ad
1310 3985 1603 4042 stultitiam
1640 3985 1863 4056 redacti,
1918 4001 1978 4042 se

2089 3980 2488 4061 μεμωραμένοι,
2529 4002 2560 4039 α
2598 3979 2813 4049 ἑαυτοὺς
2866 3980 3190 4063 παρέδωκαν
3325 3981 3596 4062 ἀσελγείᾳ.
3649 4004 3678 4041 n

374 4075 480 4150 ipsi
517 4075 865 4134 tradiderunt
907 4074 1266 4148 impudicitiae
1316 4094 1334 4130 :
1375 4084 1437 4133 ut
1465 4073 1601 4147 quid
1631 4072 1873 4131 faciant?
1896 4078 1979 4132 Ut

2083 4069 2204 4131 Ἵνα
2250 4070 2303 4129 τί
2348 4075 2602 4144 ποιῶσιν;
2643 4067 2763 4132 Ἵνα
2814 4072 3135 4151 ἐργάζωνται
3179 4071 3275 4144 τήν
3327 4072 3687 4154 ἀκαθαρσίαν·

376 4174 670 4238 operentur
709 4164 1095 4237 impuritatem
1133 4163 1320 4218 :hanc
1366 4163 1517 4218 enim
1560 4162 1798 4219 exercitii
1840 4180 1972 4219 con-

2089 4158 2321 4239 μελέτην
2376 4158 2623 4240 γὰρκαὶ
2675 4159 2830 4240 ἔργον
2884 4159 3117 4232 διηνεκὲς
3146 4161 3199 4199 ⁷³
3237 4158 3415 4221 ἔθεντο
3449 4159 3647 4235 ταύτην
3672 4205 3685 4220 .

373 4253 626 4327 tinuique
654 4253 837 4327 operis
876 4252 998 4310 loco
1050 4260 1375 4323 posuerunt,
1404 4268 1506 4308 nec
1552 4268 1722 4309 unam
1749 4253 1975 4326 quidem

2084 4248 2178 4309 καὶ
2225 4251 2326 4330 οὐχ
2375 4246 2430 4307 ἓν
2472 4239 2627 4321 εἶδος,
2664 4239 2803 4308 ἀλλὰ
2855 4259 3053 4310 πᾶσαν.
3103 4252 3230 4317 Πῶς
3274 4241 3365 4310 οῦν
3405 4254 3499 4311 οὐκ
3530 4248 3683 4328 ἔμελ·

374 4343 494 4418 ejus
533 4342 791 4416 speciem,
842 4341 941 4399 sed
987 4340 1363 4414 amnigenam.
1409 4342 1517 4414 Qui
1564 4341 1733 4415 igitur
1774 4359 1890 4400 non
1917 4344 1976 4400 in

2084 4340 2175 4398 λον
2226 4341 2565 4411 ἀναισθητεῖν
2628 4339 2676 4397 οἱ
2736 4336 2952 4405 ἑαυτοὺς
3010 4339 3334 4419 παραδόντες
3383 4340 3683 4421 ἀκαθαρσίᾳ

374 4448 660 4492 summum
688 4440 969 4505 stuporem
995 4431 1213 4488 venturi
1258 4440 1432 4502 erant,
1466 4431 1563 4505 qui
1590 4432 1797 4505 seipsos
1822 4435 1975 4490 omni

2084 4427 2235 4510 πάσῃ
2259 4451 2276 4501 ;
2304 4425 2377 4488 Ὀ
2405 4428 2510 4509 γὰρ
2558 4428 2855 4511 ἀκάθαρτος
2898 4428 3008 4508 βίος
3028 4473 3045 4503 ,
3077 4427 3171 4488 καὶ
3201 4429 3479 4509 δογμάτων
3513 4453 3682 4502 πονη-

374 4522 744 4582 immunditiei
793 4520 1175 4580 tradiderunt?
1244 4520 1465 4577 Etenim
1517 4521 1808 4579 immunda
1859 4522 1972 4579 vita

2058 4522 2198 4598 ηρῶν
2244 4516 2441 4595 αἴτιος,
2514 4517 2605 4577 καὶ
2664 4517 2859 4585 παντὸς
2937 4520 3105 4577 καλοῦ
3164 4518 3379 4596 ἄγνοιαν
3455 4522 3686 4596 ἐμποιεῖ.

373 4612 703 4687 dogmatum
742 4627 964 4686 quoque
1000 4624 1299 4685 pravorum
1342 4609 1515 4683 400
1557 4626 1719 4669 causa
1760 4620 1865 4681 est,
1915 4621 1972 4670 et

2076 4612 2257 4669 Ὀταν
2285 4606 2459 4667 τοίνυν
2498 4608 2738 4687 ἀλλαχοῦ
2790 4606 3021 4686 ἀκούσῃς
3042 4651 3059 4681 ε
3092 4606 3174 4666 ὅτι
3207 4610 3236 4666 ὁ
3264 4607 3402 4676 Θεὸς
3430 4608 3685 4691 παρέδω-

374 4703 557 4760 omnis
588 4703 718 4760 boni
747 4701 1118 4777 ignorantiam
1161 4700 1323 4773 parit.
1369 4699 1607 4773 Quando
1658 4700 1824 4776 igitur
1865 4702 1970 4759 alio

2076 4722 2167 4760 κεν
2197 4698 2270 4765 εἷς
2315 4696 2571 4763 ἀδόκιμον
2601 4703 2753 4769 νοῦν,
2813 4696 3058 4775 μέμνηςο
3094 4697 3184 4757 καὶ
3227 4697 3415 4757 τούτου
3453 4705 3546 4760 τοῦ
3577 4702 3684 4780 ῥη-

373 4793 430 4849 in
485 4792 606 4850 loco
652 4790 952 4862 audiveris,
1015 4789 1165 4863 quod
1220 4793 1375 4848 Deus
1416 4789 1710 4848 tradiderit
1763 4807 1858 4850 eos
1911 4793 1971 4849 in

2077 4794 2200 4866 τοῦ,
2237 4786 2331 4847 καὶ
2388 4785 2736 4864 συμϐιϐάζων
2780 4785 3090 4868 ἀμφότερα,
3154 4787 3262 4847 νόει
3310 4785 3391 4846 ὅτι
3419 4786 3542 4856 τοὺς
3583 4812 3687 4847 πα-

372 4882 668 4955 reprobam
706 4889 974 4950 mentem,
1022 4878 1371 4937 reminiscere
1414 4880 1583 4937 etiam
1628 4878 1793 4954 hujus
1842 4883 1972 4952 loci,

2087 4875 2343 4961 ραδόντας
2388 4874 2605 4943 ἑαυτοὺς
2635 4880 2663 4936 ὁ
2706 4874 2844 4943 Θεὸς
2895 4876 3112 4955 λέγεται
3154 4877 3524 4957 παραδοῦναι,
3566 4878 3684 4937 ἀντὶ

374 4979 540 5045 atque
575 4969 933 5044 compingens
972 4977 1298 5043 utrumque,
1349 4968 1598 5042 intellige
1637 4969 1789 5044 quod
1826 4974 1977 5030 Deus

2081 4972 2204 5041 τοῦ,
2263 4965 2735 5047 συγκεχωρηκέναι
2779 4965 2870 5025 καὶ
2929 4964 3468 5045 ἐγκαταλελοιπέναι,
3496 4968 3678 5041 ἐπειδὴ

371 5061 589 5120 dicatur
630 5059 842 5118 tradere
883 5075 979 5117 eos
1029 5059 1125 5133 qui
1176 5058 1388 5132 seipsos
1444 5058 1693 5130 tradunt,
1743 5060 1851 5118 hoc
1893 5069 1976 5119 est

2083 5056 2255 5127 ἀξίους
2314 5055 2533 5124 ἑαυτοὺς
2558 5055 2745 5115 τούτου
2799 5053 3074 5127 ἐποίησαν.
3133 5056 3239 5115 Καὶ
3270 5060 3347 5139 τῷ
3395 5059 3561 5117 εἰπεῖν
3599 5060 3678 5133 δὲ,

372 5152 717 5226 permittere,
756 5165 973 5207 necnon
1026 5148 1349 5218 concedere,
1414 5147 1865 5224 quandoquidem
1916 5166 1976 5208 se

2089 5167 2119 5204 σ
2152 5145 2249 5207 Ἐν
2279 5143 2582 5225 πλεονεξίᾳ,
2618 5170 2648 5201 )›
2683 5144 3061 5225 προαιρετικὴν
3084 5143 3180 5215 τὴν
3215 5147 3562 5220 ἀναισθησίαν
3585 5150 3684 5208 αὖα

373 5240 572 5316 dignos
611 5239 717 5298 hoc
745 5240 1012 5314 permissu
1061 5239 1327 5297 fecerunt.
1378 5239 1465 5295 Ad
1496 5238 1617 5297 haec
1643 5254 1775 5296 eum
1815 5240 1970 5311 dicit,

2083 5242 2192 5303 τοῖς
2237 5235 2626 5316 προσματυρεῖ.
2680 5233 2841 5308 Ἰἰξῆν
2875 5235 2979 5316 γὰρ
3001 5235 3099 5309 73",
3131 5235 3291 5316 φησὶν
3311 5281 3330 5314 ,
3384 5237 3562 5305 αὐτοῖς
3590 5236 3682 5297 καὶ

376 5351 404 5382 α
443 5333 590 5391 Cum
630 5330 910 5402 aviditate,
965 5352 988 5382 ι
1054 5330 1421 5387 voluntariam
1479 5330 1558 5385 eis
1594 5328 1971 5404 stupiditatem

2083 5324 2380 5407 χρημάτων
2438 5324 2529 5384 καὶ
2560 5326 2750 5397 ἧδονῆς
2805 5328 2857 5384 ἐν
2902 5329 3206 5407 συμμετρίᾳ
3257 5326 3588 5388 ἀπολαύειν·
3636 5331 3684 5386 οἱ

371 5419 562 5479 adesse
603 5428 854 5479 testatur.
914 5419 1187 5477 Licuisset
1231 5418 1386 5476 enim
1429 5418 1508 5476 eis
1550 5426 1607 5476 et
1632 5419 1880 5493 pecuniis
1917 5428 1975 5477 et

2081 5416 2137 5474 δὲ
2173 5414 2271 5486 τὴν
2295 5414 2556 5496 ἀμετρίαν
2588 5416 2824 5491 ἑλόμενοι
2862 5416 2916 5472 ἐν
2954 5426 3117 5475 πᾶσιν
3178 5418 3251 5485 εἰς
3283 5416 3533 5501 πώρωσιν
3577 5409 3678 5492 ἧλ-

372 5510 741 5584 voluptatibus
776 5509 1060 5568 moderate
1100 5507 1209 5566 frui
1257 5526 1272 5564 :
1327 5507 1404 5565 illi
1446 5524 1576 5566 vero
1603 5509 1973 5583 intemperan-

1526 5524 1576 5566 ro
1603 5509 1973 5583 intemperan-
2080 5508 2168 5564 θον
2199 5502 2295 5563 καὶ
2332 5504 2681 5579 ἀναισθησίαν
2714 5502 2909 5575 παντὸς
2934 5505 3154 5583 ἀγαθοῦ.

374 5600 511 5658 tiam
538 5601 818 5675 eligentes,
848 5598 911 5657 in
933 5596 1191 5658 omnibus
1228 5596 1300 5656 ad
1341 5597 1649 5657 caecitatem
1676 5608 1966 5730 vengrunt,
1997 5608 2054 5730 (it
2079 5601 2552 5688 insensibilitatem
2587 5602 2831 5677 cujusvis
2850 5602 3002 5661 boni.

1823 5693 1970 5730 aria;
2035 5689 2317 5730 actiones.

1774 5676 1970 5733 Varia:
2013 5676 2076 5734 let

448 5752 493 5787 ⁸⁸
519 5752 730 5824 παράγω
756 5766 813 5808 o.
888 5751 933 5786 ⁵³
956 5751 1200 5805 δῦσϐατον
1224 5765 1282 5809 ο.
1354 5750 1400 5786 ⁷⁰
1422 5748 1521 5823 χρὴ
1546 5765 1604 5809 ο.
1677 5747 1719 5790 τί
1744 5750 1860 5823 ἦτοι
1883 5770 1942 5812 o.
2016 5754 2063 5791 ⁷³

1774 5676 1970 5733 Varia:
2013 5676 2317 5737 lectiones.
2658 5676 2663 5677 ί

1677 5747 1719 5790 τί
1744 5750 1860 5823 ἦτοι
1883 5770 1942 5812 o.
2016 5754 2063 5791 ⁷³
2088 5754 2259 5820 αὖτοῖς
2283 5770 2342 5813 o.
2419 5754 2464 5792 ⁷³
2489 5755 2572 5812 διὰ
2593 5757 2776 5821 παντὸς
2808 5774 2883 5818 m.
2959 5759 3012 5796 ⁷³
3028 5760 3051 5788 ⁸⁷
3082 5753 3171 5813 οὖν
3193 5774 3249 5816 0.
