4124 6418
379 445 514 502 1093

377 660 426 723 εί
444 686 505 742 γε
551 662 707 722 αὐτὸν
756 658 1021 734 ἠκούσατε
1041 706 1058 736 ,
1088 660 1200 740 ξκαὶ
1228 660 1283 719 ἐν
1330 662 1475 740 αὖτῷ
1504 656 1817 739 ἐδιδάχθητε
1836 704 1855 739 ,
1880 681 1979 719 κα-

377 751 478 818 θώς
520 754 666 812 ἐστιν
718 749 942 823 ἀλήθεια
987 752 1042 810 ἐν
1101 752 1179 831 τῷ
1225 747 1407 822 Ἰησοῦ
1427 792 1447 827 ,
1510 748 1800 810 ἀποθέσθαι
1842 750 1983 825 ὑμᾶς

376 839 515 900 κατὰ
550 839 650 913 τὴν
680 839 945 921 προτέραν
977 837 1316 921 ἀναστροφὴν
1368 837 1459 898 τὸν
1517 838 1748 899 παλαιὸν
1777 836 1980 919 ἄνθρω-

374 953 495 991 πον.
528 952 558 989 ι
591 932 680 992 Τὰ
704 930 801 1009 μὲν
832 933 954 1004 ἔθνη
973 927 1082 969 ⁷³“
1102 927 1266 998 οὕτως
1290 928 1429 1011 ἔχει’
1454 956 1480 982 σι
1509 931 1657 1005 ὑμεῖς
1686 926 1742 987 δὲ
1773 927 1874 1009 οὐχ
1890 924 1982 986 οὕ-

375 1043 478 1087 τως
521 1019 744 1097 ἐμάθετε
778 1019 868 1079 τὸν
896 1018 1165 1101 Χριστὸν,
1207 1018 1260 1078 εί
1290 1042 1349 1098 γε
1396 1018 1666 1091 ἠκούσατε
1707 1015 1797 1076 τὸν
1834 1020 1980 1096 Χρι-

375 1110 497 1171 στὸν
519 1156 535 1186 ,
569 1109 664 1171 καὶ
690 1112 745 1170 ἐν
765 1113 908 1191 αὐτῷ
936 1109 1255 1191 ἐδιδάχθητε
1274 1109 1350 1171 ⁷⁴.
1372 1131 1387 1147 ⁸
1422 1136 1449 1163 ιο
1482 1107 1756 1168 τουτίστιν
1777 1152 1794 1186 ,
1818 1104 1980 1166 Ἐπεὶ

377 1198 599 1276 ἐμάθετε
647 1200 740 1261 τὸν
791 1198 1043 1282 Χριστόν.
1105 1199 1188 1260 Οὔ
1233 1196 1340 1280 γὰρ
1389 1195 1781 1279 άμφιϐάλλων,
1816 1194 1980 1268 ἶάλλὰ

376 1289 470 1349 καὶ
516 1289 721 1370 σφόδρα
769 1287 1269 1367 διαϐεϐαιούμενος,
1320 1287 1459 1348 οὕτω
1486 1287 1540 1326 ⁷³
1597 1284 1753 1368 φησί.
1800 1287 1981 1346 Τοῦτο

376 1378 480 1460 γάρ
511 1381 624 1439 ἐστι
678 1385 866 1441 μαθεῖν
913 1377 1004 1440 τὸν
1038 1379 1312 1458 Χριστὸν,
1362 1376 1426 1438 τὸ
1476 1379 1644 1458 ὀρθῶς
1693 1379 1873 1458 βιοῦν·
1905 1375 1980 1441 ὥς

377 1465 410 1526 δ
433 1491 494 1548 γε
542 1472 789 1551 πονηρῶς
848 1472 951 1539 ζῶν
1006 1470 1184 1548 ἀγνοεῖ
1236 1468 1327 1527 τὸν
1378 1465 1635 1547 Χριστόν.
1674 1490 1701 1518 α
1749 1462 1890 1528 Θεὸν
1939 1483 1969 1521 ››

377 1557 515 1639 γὰρ,
548 1559 710 1636 φησὶν
732 1605 749 1636 ,
783 1580 812 1618 (ι
844 1559 1198 1638 ὁμολογοῦσιν
1250 1556 1443 1617 εἰδέναι
1464 1600 1483 1632 ,
1531 1557 1641 1624 τοῖς
1694 1552 1752 1614 δὲ
1804 1553 1978 1634 ἔργοις

380 1650 684 1728 ἀρνοῦνται.
722 1675 749 1701 ι
773 1650 855 1711 Τὸ
898 1647 984 1723 δὲ,
1043 1671 1072 1706 ε
1111 1646 1304 1716 Καθῶς
1336 1647 1478 1707 ἐστιν
1509 1644 1752 1720 ἀλήθεια,
1779 1668 1805 1697 ι
1838 1640 1979 1703 οὕτω

380 1738 461 1798 δεῖ
484 1741 677 1810 νοῆσαι
721 1739 796 1813 ⁷⁸,
830 1737 911 1799 ὅτι
935 1738 1063 1819 Οὐχ
1105 1736 1287 1819 ὥσπερ
1318 1734 1386 1797 τὰ
1415 1738 1539 1811 ἔθνη
1570 1737 1623 1795 ἐν
1653 1732 1980 1811 ματαιότητι

379 1833 791 1906 περιπατοῦσιν,
846 1827 984 1889 οὕτω
1025 1828 1116 1888 καὶ
1161 1831 1312 1904 ὑμεῖς
1362 1825 1451 1885 ἐπὶ
1497 1826 1607 1893 τοῖς
1638 1826 1815 1890 αὐτοῖς
1848 1844 1976 1882 συν-

381 1917 573 1977 ἔθεσθε.
621 1920 704 1979 Οὐ
754 1919 857 1999 γὰρ
925 1916 1221 1996 ματαιότης
1273 1914 1343 1975 τὰ
1392 1921 1485 1977 τοῦ
1539 1918 1807 1997 Χριστοῦ,
1860 1908 1981 1999 ἀλλ’

1267 441 1623 500 EXPOSITIO
1661 441 1727 498 ΙΝ
1768 435 1976 499 EPIST.
2017 442 2111 500 AD
2150 442 2389 501 EPHES.
2423 476 2492 486 —
2532 445 2683 502 CAP.
2728 448 2819 503 IV.

458 599 483 626 ιι
532 570 725 650 ’Υμεῐς
787 570 845 631 δὲ
910 571 1013 651 οὐχ
1068 566 1235 637 οὕτως
1283 569 1506 649 ἐμάθετε
1567 568 1658 629 τὸν
1707 567 2003 650 Χριστὸνμ

2151 571 2328 627 Vens.
2382 578 2567 630 20-22.
2622 595 2647 621 α

3540 453 3679 510 ΙΟΜ

2726 576 2839 631 Vos
2895 580 3077 630 autem
3122 588 3234 632 non
3276 575 3349 632 ita
3406 575 3678 637 didicistis

2084 658 2365 717 Christum
2401 682 2415 718 :
2464 661 2739 736 siquidem
2778 661 2963 735 ipsum
3003 661 3311 733 audivistis,
3358 674 3413 723 et
3448 668 3507 724 in
3554 668 3673 741 ipso

2083 747 2229 805 docti
2278 750 2430 820 estis,
2477 751 2618 808 sicut
2665 761 2751 809 est
2779 751 2979 809 veritas
3007 752 3064 809 in
3091 754 3246 825 Jesu,
3276 753 3550 828 deponere
3582 775 3681 815 vos

2082 838 2386 896 secundum
2421 840 2662 914 priorem
2702 843 3179 900 conversationem
3213 852 3453 902 veterem
3491 845 3678 904 homi-

2081 944 2235 985 nem.
2265 953 2291 979 ι
2324 932 2533 988 Gentes
2579 930 2809 1005 quidem
2837 932 2913 988 sic
2952 948 3012 989 se
3052 932 3277 1003 habent,
3329 950 3429 990 vos
3484 944 3672 993 autem

2087 1034 2206 1075 non
2265 1020 2345 1076 sic
2400 1019 2673 1078 didicistis
2700 1021 3004 1091 Christum,
3056 1022 3357 1097 siquidtem
3382 1024 3677 1083 audivistis

2082 1106 2383 1180 Christum,
2439 1119 2495 1167 et
2554 1112 2613 1168 in
2678 1110 2796 1184 ipso
2852 1111 3083 1170 instituti
3113 1112 3245 1170 estis
3317 1131 3331 1169 :
3400 1112 3508 1171 hoc
3564 1123 3677 1183 est,

2080 1197 2530 1273 quandoquidem
2549 1200 2821 1259 didicistis
2849 1201 3152 1261 Christum.
3190 1205 3307 1259 Non
3334 1204 3486 1261 enim
3518 1203 3676 1261 dubi-

2080 1296 2225 1356 tans,
2254 1298 2515 1347 caeterum
2548 1289 2851 1349 admodum
2875 1292 3126 1349 ﬁrmatus
3157 1300 3321 1365 atque
3350 1302 3533 1349 certus
3563 1293 3680 1353 hare

2080 1377 2234 1434 dicit.
2286 1381 2426 1437 Nam
2492 1389 2547 1437 et
2598 1380 2705 1439 hoc
2750 1390 2854 1450 est,
2919 1381 3129 1440 discere
3180 1381 3483 1451 Christum,
3538 1394 3684 1441 recte

2082 1467 2265 1526 vivere
2316 1486 2330 1525 :
2376 1470 2600 1543 perinde
2646 1487 2712 1529 ac
2763 1472 2859 1545 qui
2897 1472 3159 1530 scelerate
3206 1471 3358 1544 vivit,
3401 1473 3684 1532 Christum

2081 1555 2322 1629 ignorat.
2376 1561 2559 1617 Deum
2634 1582 2660 1612 ι
2724 1561 2895 1632 enim,
2960 1561 3163 1636 inquit,
3231 1584 3256 1612 ι
3348 1562 3690 1621 conﬁtentur

2082 1661 2143 1704 se
2186 1662 2372 1717 nosse,
2426 1647 2585 1707 factis
2629 1658 2813 1707 autem
2855 1659 3059 1724 negant
3097 1648 3132 1707 ί.
3192 1675 3218 1703 υ
3275 1650 3439 1722 Quod
3490 1662 3680 1710 autem

2082 1737 2181 1807 ait,
2211 1760 2236 1785 «ι
2277 1737 2429 1795 Sicut
2451 1747 2536 1796 est
2560 1739 2779 1810 veritas,
2829 1761 2856 1790 ιι
2903 1740 2982 1796 sic
3034 1740 3325 1815 intelliges,
3360 1740 3510 1814 quod
3559 1745 3684 1800 Non

2086 1825 2227 1882 sicut
2267 1835 2458 1901 gentes
2497 1829 2552 1884 in
2602 1829 2843 1887 vanitate
2899 1830 3426 1901 circumambulant,
3473 1833 3554 1888 sic
3599 1842 3685 1889 est

2089 1932 2186 1972 vos
2210 1917 2277 1972 ad
2298 1916 2491 1974 eadem
2520 1935 2657 1975 vana
2678 1918 2808 1975 estis
2837 1920 3131 1992 compositi
3159 1928 3324 1992 atque
3353 1921 3680 1993 comparati.

381 2006 603 2080 ἀλήθεια
616 2053 635 2083 ,
686 1989 781 2067 καί
809 1989 877 2067 τὰ
926 1989 1309 2087 δόγματαέκαὶ
1364 2010 1394 2066 ὁ
1451 1989 1696 2087 pix.“
1740 2000 1838 2081 μὲν
1868 1997 1975 2081 γὰρ

2086 2005 2220 2076 Quae
2251 2005 2399 2063 enim
2454 2006 2655 2065 Christi
2706 2017 2855 2079 sunt,
2901 1989 3022 2065 tum
3058 1989 3356 2083 dogmata,
3399 1989 3523 2066 tum
3552 2010 3681 2081 vita,

378 2095 619 2176 ἁμαρτία
673 2098 891 2177 ψεῦδος,
938 2101 1011 2165 ὥς
1059 2094 1455 2172 ἀνυπόστατος,
1517 2093 1609 2156 καὶ
1656 2092 1733 2171 μὴ
1778 2090 1977 2171 ἔχουσα

2086 2110 2200 2151 non
2230 2103 2360 2151 sunt
2397 2096 2630 2167 vanitas,
2660 2098 2757 2154 sed
2797 2098 3016 2155 veritas.
3059 2099 3350 2155 Peccatum
3380 2106 3568 2155 autem
3602 2110 3687 2157 est

376 2184 553 2253 τέλοςο
583 2190 618 2259 ἡ
652 2185 709 2245 δὲ
740 2184 903 2266 ἀρετὴ
948 2184 1207 2264 ἀλήθεια,
1258 2187 1331 2253 ὣς
1376 2187 1651 2267 ὓφιστῶσα
1707 2179 1802 2241 καὶ
1834 2178 1982 2246 τέλος

2087 2184 2299 2240 vanitas
2337 2193 2395 2242 et
2432 2186 2799 2256 mendacium,
2838 2195 2900 2244 ut
2941 2186 3090 2260 quod
3118 2187 3421 2245 substantia
3460 2196 3519 2245 et
3556 2188 3689 2246 sub-

375 2273 601 2355 ἔχουσα.
624 2276 696 2337 Τί
722 2276 779 2335 δὲ
825 2275 1174 2356 ἐδιδάχθητε,
1200 2274 1295 2334 καὶ
1318 2274 1369 2334 τί
1416 2278 1558 2335 ἐστιν
1606 2277 1640 2345 ἡ
1671 2268 1812 2331 κατὰ
1841 2270 1982 2351 Χρι-

2086 2273 2236 2344 jeeto
2256 2284 2458 2342 careat,
2490 2293 2594 2333 nec
2619 2276 2819 2334 habeat
2841 2276 3257 2350 perfectionem.
3290 2278 3477 2334 Virtus
3493 2287 3680 2336 autem

382 2365 506 2423 στὸν
544 2364 806 2439 ἀλήθεια;
859 2365 945 2427 Τὸ
994 2366 1286 2427 ἄποθέσθσι
1332 2367 1471 2443 ὑμᾶς
1496 2365 1550 2403 ⁷7
1602 2362 1690 2422 τὸν
1747 2357 1979 2419 παλαιὸν

2090 2362 2294 2419 veritas
2354 2374 2453 2436 est,
2530 2375 2591 2421 ut
2654 2382 2778 2439 qttm
2840 2366 3118 2437 subsistat,
3181 2375 3239 2424 et
3290 2366 3683 2441 perfectionem

383 2452 692 2533 ἄνθρωπον,
747 2455 1023 2534 τουτέστι,
1075 2457 1166 2516 τὸν
1214 2458 1309 2525 τῆς
1341 2451 1601 2536 προτέρας
1642 2450 1982 2528 ἀναστροφῆς

2089 2450 2367 2525 ﬁnemque
2393 2453 2610 2512 habeat.
2645 2456 2794 2526 Quid
2815 2465 3001 2512 autem
3016 2455 3165 2513 docti
3183 2456 3350 2513 estis?
3374 2464 3430 2513 et
3455 2457 3583 2530 quid
3604 2466 3688 2514 est

380 2544 590 2622 τρόπον,
605 2547 698 2604 καὶ
719 2542 815 2617 τὴν
842 2542 1080 2605 παλαιὰν
1108 2544 1248 2617 ζωὴν
1270 2545 1361 2604 καὶ
1387 2544 1717 2626 ἐφάμαρτον.

2091 2541 2292 2598 veritas
2320 2544 2625 2600 secundum
2656 2545 2978 2603 Christum?
3007 2546 3305 2616 Nimirum,
3337 2554 3398 2602 ut
3424 2546 3690 2619 abjiciatis

384 2650 620 2700 veterem
683 2642 992 2712 hominem,
1048 2643 1156 2700 hoc
1220 2652 1325 2712 est,
1401 2642 1601 2715 prioris
1664 2640 1792 2696 vita:
1845 2630 2382 2705 conservationisque
2435 2650 2636 2702 mores,
2693 2634 2942 2708 adeoque
2989 2634 3392 2709 praecedentem
3466 2635 3685 2693 vivendi

382 2732 659 2792 rationem
687 2734 929 2808 peccatis
960 2732 1286 2793 obnoxiam.

469 2850 496 2877 α
529 2823 642 2886 Τὸν
690 2822 1033 2907 φθειρόμενον
1077 2823 1217 2885 κατὰ
1247 2824 1343 2892 τὰς
1373 2821 1652 2901 ἐπιθυμίας
1705 2822 1797 2891 τῆς
1835 2812 1978 2874 ἀπά-

2161 2833 2186 2860 ι
2231 2811 2341 2885 Qui
2364 2817 2738 2889 corrumpitur
2769 2814 3079 2873 secundum
3111 2814 3383 2873 desideria
3413 2816 3632 2873 erroris.
3657 2840 3684 2866 ιι

383 2937 500 2987 της.
538 2941 565 2968 υ
600 2898 779 2996 Διχῶς
814 2898 978 2974 ’τοῦτο
1018 2913 1254 2986 νοήσεις·
1294 2912 1330 2986 ἢ
1369 2914 1451 2974 ὅτι
1494 2898 1676 2993 ὥσπερ
1711 2913 1768 2970 αἱ
1798 2908 1978 2965 ἐπιθυ-

2086 2898 2353 2959 Bifariam
2398 2904 2504 2960 hoc
2544 2904 2812 2979 intelliges
2858 2922 2872 2960 :
2910 2904 2990 2961 vel
3021 2903 3171 2996 quod
3199 2919 3360 2996 aeque
3386 2905 3689 2996 utieupidi-

385 3004 502 3082 μίαι
531 2994 870 3086 φθείρονται’,
917 3003 1058 3063 οὕτω
1100 3005 1192 3064 καὶ
1224 3008 1252 3065 ὁ
1287 3003 1444 3072 αὐτὸς
1502 3002 1800 3083 ἄνθρωπος.
1829 3018 1983 3086 τοντ·

2087 2997 2233 3047 tates
2292 3003 2744 3067 corrumpuntur,
2805 2995 2886 3052 sic
2932 3003 2988 3052 et
3046 2995 3160 3069 ipse
3211 2994 3402 3066 homo,
3458 2995 3565 3053 hoc
3607 3006 3692 3053 est

381 3081 525 3155 ἐστιν
545 3081 592 3156 *ὃ
634 3081 926 3175 λογισμὸς,
976 3092 1270 3177 φθείρεται.
1327 3097 1455 3163 Πῶς
1500 3092 1556 3153 δὲ
1604 3081 1660 3152 αἱ
1704 3085 1982 3166 ἐπιθυμίαι

2088 3081 2460 3151 ratiocinatio,
2514 3084 2903 3158 corrumpitur.
2959 3084 3255 3159 Quomodo
3308 3094 3497 3143 autem
3538 3086 3691 3160 cupi-

381 3182 679 3267 φθείρονται
697 3169 722 3261 ;’
758 3169 1036 3246 Ὅτι-καὶ
1092 3169 1232 3265 νόσῳ
1254 3185 1308 3224 ⁷⁸
1342 3183 1404 3245 τὸ
1439 3183 1632 3250 κάλλος
1666 3178 1982 3262 μαραίνεται

2090 3169 2295 3229 ditates
2339 3176 2809 3249 corrumpuntur?
2852 3177 3063 3249 Nempe
3118 3183 3175 3233 et
3205 3175 3403 3234 morbo
3446 3185 3501 3233 et
3538 3176 3692 3234 senio

382 3261 472 3333 διαὶ
498 3261 669 3357 γήρᾳ,
695 3273 788 3334 καὶ
834 3279 869 3349 ἡ
915 3271 1069 3356 ἰσχὺς
1100 3261 1387 3347 ὡσαύτως,
1419 3275 1514 3334 καὶ
1569 3272 1755 3338 ἁπλῶς
1798 3267 1977 3364 πάντα

2092 3261 2448 3333 pulchritudo
2487 3266 2795 3336 marcescit,
2824 3281 2889 3322 ac
2935 3264 3106 3322 robur
3147 3264 3303 3322 virile
3347 3266 3694 3324 consimilem

382 3350 593 3446 θανάτιρ
618 3350 694 3424 ⁷τὸ
728 3350 1029 3425 τελευταῖον
1072 3362 1309 3426 λύονται.
1367 3386 1397 3423 ι(
1433 3363 1528 3424 Ἐν
1560 3361 1734 3441 ἐκείνῃ
1771 3385 1797 3412 ιο
1833 3356 1937 3438 γὰρ
1959 3401 1977 3431 ,

2091 3350 2163 3406 ad
2209 3350 2464 3421 modum,
2506 3369 2571 3410 ac
2621 3364 2800 3411 morte
2846 3354 3072 3413 tandem
3135 3356 3456 3430 simpliciter
3506 3357 3694 3413 omnia

382 3452 540 3534 φησὶ,
572 3479 599 3509 α
741 3452 919 3537 ἡμέρᾳ
947 3453 1145 3522 πάντες
1194 3454 1396 3513 ἀπολοῦ
1435 3476 1525 3512 ται
1568 3453 1616 3511 οἱ
1647 3447 1982 3525 διαλογισμοὶ

382 3545 560 3604 αὐτοῦ.
612 3564 646 3602 α
674 3541 755 3605 Ἢ
782 3541 866 3618 τὸ,
904 3564 937 3603 α
968 3541 1127 3605 Κατὰ
1154 3541 1249 3610 τὰς
1276 3540 1592 3621 ἐπιθυμίας,
1628 3567 1654 3595 υ
1693 3537 1811 3597 ἀντὶ
1848 3540 1941 3596 τοῦ
1963 3578 1982 3609 ,

382 3632 486 3692 ὕπὸ
528 3634 635 3693 τῶν
682 3632 996 3711 ἐπιθυμιῶν.
1058 3633 1169 3695 Καὶ
1200 3632 1307 3715 γὰρ
1332 3634 1437 3693 ὑπὸ
1480 3629 1680 3692 τούτων
1714 3626 1982 3709 φθείρεται

381 3721 656 3793 ὃπαλαιὸς
683 3727 836 3806 ἡμῶν
883 3723 1158 3806 άνθρωπος
1178 3768 1195 3799 ,
1230 3722 1412 3804 ὥσπερ
1451 3722 1513 3782 τὸ
1537 3723 1676 3803 ἔριον
1708 3718 1799 3778 καὶ
1829 3722 1858 3776 ὁ
1890 3715 1978 3774 σί-

382 3812 573 3893 δηρος,
626 3812 714 3895 ὕφ’
757 3803 834 3874 ὧν
880 3803 1165 3893 γεννῶσιν,
1210 3814 1318 3874 ὑπὸ
1361 3803 1560 3872 τούτων
1625 3809 1975 3870 ἀπολοῦνται.

383 3902 495 3964 Καὶ
544 3903 651 3984 γὰρ
692 3903 785 3965 καὶ
835 3901 988 3977 δόξης
1034 3902 1171 3984 ἔρως
1244 3901 1545 3981 ἀπόλλυσι,
1598 3898 1692 3961 καὶ
1737 3901 1979 3980 ψυχικῶς

381 3990 741 4070 μὶνπάντως,
786 3991 902 4053 ἔστι
946 3993 993 4054 δ’
1017 3991 1104 4054 ὅτε
1145 3991 1238 4052 καὶ
1263 3995 1621 4071 σωματικῶςυ
1649 3988 1743 4050 καὶ
1788 3984 1982 4060 ἡδοναὶ

379 4081 596 4161 ὁμοίως.
662 4083 857 4151 Καλῶς
911 4080 968 4143 δέ
1001 4081 1215 4156 ἀπάτην
1259 4083 1481 4144 ἐκάλεσε
1528 4080 1626 4154 τὴν
1672 4081 1733 4140 ἐκ
1776 4075 1977 4136 τούτων

379 4172 598 4247 ἡδονήν.
630 4170 946 4255 Ὑπόκρισις
991 4173 1094 4255 γάρ
1115 4175 1229 4234 ἐστι
1291 4173 1383 4233 καὶ
1426 4173 1665 4255 ψεῦδος,
1700 4172 1771 4235 ὣς
1811 4164 1978 4240 ἡδονὴ

379 4260 478 4346 μὲν
530 4250 1016 4344 σχηματιζομένη,
1057 4250 1247 4346 πικρία
1280 4261 1336 4321 δὲ
1381 4250 1566 4346 dvitwa
1603 4250 1757 4321 οὖσα.
1805 4259 1981 4318 Τοῦτο

380 4341 472 4411 οὖν
695 4396 713 4429 ,
743 4353 806 4413 τὸ
833 4340 966 4415 ἄλλο
993 4340 1284 4436 φαινομένη
1305 4395 1323 4428 ,
1358 4349 1493 4412 ἄλλο
1518 4340 1676 4411 εἶναι.

468 4620 498 4659 ιι
526 4598 863 4662 Ἀνανεοῦσθε
919 4599 976 4660 δὲ
1029 4603 1106 4683 τῷ
1133 4597 1397 4678 πνεύματι
1438 4602 1530 4659 τοῦ
1591 4596 1705 4667 νοὸς
1733 4600 1906 4677 ὑμῶν.
1940 4624 1973 4660 ιι

379 4686 500 4752 Ἵνα
523 4689 600 4769 μή
638 4714 717 4760 τις
752 4689 952 4772 νομίσῃ
983 4688 1079 4751 ὅτι»
1117 4689 1296 4772 ἕτερον
1338 4687 1610 4769 ἐπεισάγει
1655 4687 1934 4770 ἄνθρωπον
1960 4737 1979 4771 ,

378 4780 573 4862 φησίν·
606 4807 634 4835 α
679 4780 1054 4844 Ἀνανεοῦσθεο
1111 4802 1140 4841 ι)
1213 4780 1513 4857 τουτέστιν,
1559 4778 1690 4842 αὐτὸ
1720 4779 1782 4840 τὸ
1809 4802 1977 4862 γεγη-

379 4869 539 4952 ρακὸς
579 4873 887 4932 ἁνανεῶσαι
916 4870 969 4909 ⁷9
992 4873 1086 4933 καὶ
1137 4872 1352 4931 ἀλλοῖον
1411 4876 1656 4945 ποιῆσαι.
1688 4867 1868 4931 "non
1912 4871 1975 4932 τὸ

378 4959 478 5040 μὲν
500 4961 852 5041 ὑποκείμενον
893 4960 957 5021 τὸ
1002 4961 1153 5042 αὐτὸ,
1189 4964 1224 5034 ἡ
1257 4960 1314 5021 δὲ
1365 4959 1638 5040 μεταϐολὴ
1665 5003 1685 5036 ,
1715 4964 1809 5021 τοῦ
1855 4962 1978 5043 τρό-

376 5072 480 5111 που
498 5049 612 5111 ἐστὶ
637 5050 731 5112 καὶ
754 5055 851 5126 τῆς
876 5049 1115 5132 γνώμης.
1151 5052 1278 5120 Πῶς
1303 5052 1350 5111 δ’
1382 5050 1436 5090 ⁸ο
1461 5050 1526 5111 ἂν
1556 5051 1760 5132 γίνοιτο
1777 5055 1813 5124 ἡ
1838 5053 1981 5112 ἀνα-

377 5141 594 5218 νέωσις;
648 5139 753 5203 Διὰ
803 5145 900 5201 τοῦ
945 5140 1098 5221 ἁγίου
1154 5139 1468 5219 Πνεύματος
1486 5184 1504 5216 ,
1560 5146 1654 5201 τοῦ
1702 5143 1757 5202 ἐν
1786 5142 1864 5223 τῷ
1894 5140 1979 5202 νοῒ

375 5234 529 5310 ἡμῶν
584 5235 975 5300 κατοικοῦντος.
1034 5234 1087 5294 Τ
1088 5234 1118 5294 ὸ
1143 5231 1247 5313 γὰρ
1299 5235 1524 5311 Πνεῦμα
1579 5233 1675 5292 οὐκ
1724 5231 1973 5314 ἀνέχεται

375 5324 620 5386 παλαιῶν
690 5320 957 5406 πράξεων.
1011 5320 1091 5385 ⁸0
1150 5322 1208 5383 δὲ
1260 5322 1405 5405 λέγει
1424 5367 1444 5404 ,
1496 5322 1729 5386 τοιοῦτόν
1788 5325 1934 5385 ἐστιν
1956 5347 1972 5362 ’

471 5478 614 5539 “rit.
638 5492 687 5551 ι,
717 5482 809 5539 16.
906 5475 1091 5537 5Psal.
1119 5492 1303 5551 σειν,
1336 5485 1397 5537 4.

2089 3438 2481 3500 dissolvuntur.
2529 3462 2557 3496 ‹‹
2604 3446 2669 3500 In
2696 3444 2786 3501 illa
2812 3444 2960 3502 enim
2998 3444 3110 3512 die,
3140 3467 3166 3495 ιο
3200 3444 3404 3520 inquit,
3434 3446 3696 3519 peribunt

2089 3544 2286 3586 omnes
2331 3531 2696 3605 cogitationes
2759 3532 2876 3605 ejus
2938 3530 2979 3589 J.
3041 3557 3068 3583 ι
3120 3533 3248 3604 Vel,
3301 3552 3331 3588 ι(
3373 3535 3692 3593 Secundum

2087 3620 2585 3693 concupiscentias,
2627 3644 2652 3672 ι
2706 3621 2869 3691 dixit,
2912 3638 3034 3696 pro,
3088 3638 3121 3680 a
3158 3624 3620 3697 concupiscentiis
3674 3643 3691 3679 :

2088 3709 2294 3766 etenim
2356 3710 2428 3767 ab
2491 3710 2577 3767 his
2619 3712 2996 3785 corrumpitur
3050 3721 3207 3770 vetus
3252 3721 3442 3770 noster
3499 3713 3691 3784 homo,

2087 3799 2560 3872 quemadmodum
2606 3804 2729 3862 lana
2778 3810 2836 3858 et
2861 3800 3078 3860 ferrum
3124 3802 3194 3860 ab
3238 3802 3308 3859 iis
3357 3818 3481 3878 quae
3530 3819 3693 3879 gene-

2086 3898 2231 3956 rant,
2264 3888 2338 3947 ad
2385 3889 2473 3947 his
2516 3890 2687 3949 etiam
2741 3901 3194 3967 corrumpuntur.
3238 3895 3385 3951 Nam
3412 3902 3471 3951 et
3498 3894 3692 3968 gloria

2087 3995 2247 4037 amor
2263 3979 2463 4054 perdit,
2484 3997 2601 4055 quo
2626 3981 2701 4039 ad
2725 3982 2975 4040 animam
2996 3983 3247 4049 omnino,
3278 3998 3686 4058 nonnunquam

2088 4070 2257 4127 etiam
2286 4069 2474 4145 quoad
2506 4087 2707 4145 corpus
2738 4090 2752 4128 :
2799 4071 2966 4145 401
3008 4087 3074 4129 ac
3102 4072 3412 4147 voluptates
3439 4072 3695 4130 similiter

2087 4160 2237 4217 Belle
2261 4170 2447 4218 autem
2495 4177 2744 4220 errorem
2790 4162 3003 4220 vocavit
3042 4163 3381 4236 voluptatem
3437 4178 3504 4221 ex
3547 4163 3695 4221 hisce

2087 4259 2530 4323 promanantem.
2589 4252 2772 4309 Fucus
2822 4250 2974 4309 enim
3038 4259 3141 4322 est,
3197 4260 3254 4309 et
3314 4251 3692 4324 mendacium,

2089 4339 2386 4413 voluptatis
2412 4339 2640 4415 quidem
2668 4341 2907 4415 speciem
2946 4350 3002 4399 et
3043 4341 3278 4417 ﬁguram
3304 4341 3534 4414 habens,
3565 4358 3694 4401 cum

2088 4429 2268 4503 reipsa
2305 4429 2445 4487 nihil
2478 4430 2626 4489 aliud
2662 4432 2734 4489 sit
2765 4447 2936 4506 quam
2970 4432 3354 4490 amarulentia.
3386 4435 3525 4491 Haec
3548 4432 3694 4491 enim

2012 4519 2070 4590 Ι)
2095 4528 2179 4578 est
2200 4519 2450 4594 deceptio
2478 4520 2629 4579 aliud
2663 4519 2860 4591 videri,
2889 4519 3040 4579 aliud
3062 4537 3194 4579 vero
3228 4537 3369 4580 esse.

2164 4610 2352 4669 Vnus.
2378 4615 2469 4668 23.
2501 4633 2527 4660 «ι
2564 4610 2934 4669 Renovamini
2967 4609 3162 4685 Spiritu
3185 4611 3387 4668 mentis
3411 4619 3626 4669 vestrae.
3664 4634 3692 4662 ι

2090 4701 2174 4758 Ne
2216 4700 2338 4774 quis
2388 4700 2664 4759 existimet
2712 4701 2882 4758 alium
2922 4699 3201 4758 introduci
3246 4699 3554 4771 hominem,
3596 4700 3691 4772 ait,

2095 4812 2123 4841 α
2166 4791 2536 4848 Renovamini
2576 4810 2590 4848 :
2632 4790 2739 4848 hoc
2784 4799 2891 4860 est,
2949 4789 3131 4864 ipsum
3180 4788 3331 4864 quod
3383 4790 3691 4862 consenuit,

2090 4881 2427 4952 resuscitate,
2497 4889 2554 4938 et
2623 4881 2774 4939 aliud
2836 4878 3018 4938 facite.
3086 4879 3321 4938 Proinde
3381 4879 3692 4954 subjectum

2091 4970 2319 5045 quidem
2355 4971 2503 5029 idem
2530 4979 2633 5040 est,
2669 4972 3006 5043 permutatio
3037 4980 3224 5028 autem
3249 4978 3334 5027 est
3374 4985 3594 5028 morum
3638 4978 3694 5028 et

2090 5060 2311 5119 mentis.
2343 5063 2421 5120 At
2448 5061 2543 5134 qui
2588 5060 2686 5119 ﬁat
2730 5061 2835 5118 ista
2890 5060 3213 5117 renovatio?
3268 5061 3375 5117 Per
3423 5058 3693 5132 Spiritum

2086 5161 2374 5221 sanctum,
2406 5152 2499 5224 qui
2548 5150 2760 5207 habitat
2810 5150 2868 5206 in
2896 5158 3085 5207 mente
3139 5157 3329 5205 nostra
3388 5166 3402 5203 :
3453 5148 3690 5223 Spiritus

2087 5243 2240 5300 enim
2266 5257 2377 5298 non
2414 5239 2646 5298 sustinet
2700 5239 2883 5314 priora
2930 5248 2984 5297 et
3028 5247 3213 5296 vetera
3250 5253 3437 5313 opera.
3521 5240 3697 5297 Porro

2088 5331 2242 5408 quod
2281 5331 2376 5403 ait,
2418 5339 2502 5389 est
2548 5329 2865 5403 hujusmodi
2929 5347 2945 5385 :
3015 5329 3378 5386 Renovamini
3422 5327 3691 5402 spirituali

1822 5564 2008 5629 Varia
2029 5564 2356 5649 lectiones.

450 5682 497 5720 ’⁸⁸
512 5684 567 5715 “
613 5682 704 5759 μὲν
747 5682 939 5749 ἐθνικὸς
994 5698 1076 5742 m.
1149 5680 1195 5719 "
1218 5681 1369 5740 αὖτδν
1426 5680 1699 5754 ἠκούσατεο
1749 5689 2028 5759 τουτέστιν,
2083 5685 2278 5761 lauda:
2296 5682 2446 5741 αὐτὸν
2503 5680 2803 5754 ἐδιδάχθητε
2848 5696 2904 5741 o.
2980 5676 3025 5717 ⁷⁵
3049 5679 3225 5756 τοῦτό.
3236 5697 3292 5740 ο.
3364 5681 3410 5717 ’³⁸
3434 5682 3619 5756 νοήσῃς
3641 5697 3695 5741 o.

375 5764 654 5842 πῆμεςο,
728 5762 1243 5842 τεκαὶτὰρνόσῳο.
1319 5764 1763 5831 πᾶναζωῶσαιο.
1846 5768 2094 5847 “limbo
