4124 6448
426 437 563 491 1095

1439 429 1953 487 THEOPHYLACTI
1989 426 2350 486 BULGARUE
2386 427 2701 487 ARCHIEP.

3589 431 3729 487 1096

418 556 774 616 renovatione
822 557 879 614 in
928 564 1109 615 mente
1151 565 1354 626 vestra,
1410 556 1507 614 sed
1555 573 1670 613 non
1722 555 2018 630 corporali,

2138 554 2470 617 Ἀνανεοῧσθε
2497 552 2863 631 πνευματικὴν
2909 552 3202 617 ἀνανέωσιν
3245 555 3301 614 ἐν
3331 556 3409 635 τῷ
3428 551 3512 614 νοῒ
3542 556 3729 633 ὑμῶν,

420 657 477 706 et
500 649 557 705 in
575 663 808 721 corpore
832 646 992 705 facta.

496 741 676 797 Van.
718 744 807 795 24.
887 763 911 788 α
977 741 1047 794 Ει
1101 737 1310 795 induite
1366 753 1573 795 novum
1626 736 1933 793 hominem.
1989 757 2014 783 ι»

424 829 619 887 Viden’
660 828 972 903 subjectum
1008 828 1151 886 idem
1190 845 1326 898 esse,
1368 844 1568 901 nempe
1612 827 1758 900 quod
1804 824 2021 883 exuitur

424 928 481 977 et
510 918 789 977 induitur?
822 918 1143 977 indumenta
1193 929 1379 976 autem
1409 918 1576 985 varia,
1625 926 1816 990 utpote
1846 916 2020 973 virtus

429 1019 486 1066 et
543 1009 787 1067 vitium?
825 1012 905 1068 Ut
948 1011 1092 1065 enim
1134 1009 1262 1066 exui
1301 1018 1355 1065 et
1374 1007 1550 1077 indui,
1590 1006 1747 1064 facile
1773 1014 1859 1063 est
1895 1025 1908 1059 :
1942 1005 2019 1062 sic

428 1108 486 1156 et
513 1098 704 1156 vitium
741 1108 799 1156 et
839 1100 1029 1168 virtus,
1082 1098 1286 1155 facilira
1322 1106 1469 1167 sunt,
1519 1097 1563 1153 si
1622 1097 1872 1153 velimus.
1913 1097 2022 1152 Cur

424 1202 557 1245 vero
608 1188 893 1246 hominem
914 1189 1154 1263 appellat
1213 1187 1428 1256 vitium,
1463 1196 1520 1244 et
1561 1186 1821 1244 eumdem
1852 1185 2021 1242 virtu-

427 1282 590 1353 temi?
614 1281 893 1355 Quoniam
926 1296 993 1336 ex
1045 1278 1299 1352 operibus
1322 1285 1549 1335 notatur
1587 1276 1755 1333 homo
1800 1295 1812 1330 :
1854 1284 2021 1349 atque

424 1369 546 1429 hac
579 1388 697 1428 non
742 1371 928 1427 minus
972 1384 1142 1441 quam
1181 1377 1377 1425 natura
1427 1366 1673 1423 indicant
1713 1364 2022 1433 hominem,

427 1460 543 1517 sive
574 1461 752 1518 bonus
787 1460 900 1517 sive
938 1458 1118 1516 malus
1159 1457 1248 1515 sit.
1282 1459 1470 1515 Novus
1509 1456 1678 1529 igitur
1707 1454 1876 1511 homo
1917 1463 2020 1523 est,

438 1550 535 1622 qui
578 1566 644 1607 ex
692 1550 1014 1623 baptismate
1049 1557 1284 1605 novatus
1321 1555 1423 1616 est,
1480 1545 1575 1619 qui
1627 1554 1680 1602 et
1725 1544 1886 1601 fortis
1905 1558 2024 1601 esse

435 1637 619 1709 debet,
646 1640 761 1697 sine
787 1626 954 1714 rugis,
987 1647 1043 1695 et
1078 1654 1240 1695 sanus
1291 1655 1304 1694 :
1348 1636 1467 1694 haec
1509 1634 1655 1693 enim
1684 1633 1869 1693 omnia
1897 1642 2028 1691 sunt

420 1745 656 1802 juvenis.

505 1927 531 1954 α
572 1898 677 1974 Qui
714 1899 1023 1960 secundum
1064 1904 1250 1959 Deum
1297 1907 1511 1958 creatus
1549 1905 1633 1956 est
1660 1896 1713 1954 iu
1734 1896 1942 1971 justitia
1967 1902 2022 1955 et
2056 1900 2104 1965 Β

430 1992 720 2049 sanctitate
768 1990 1043 2047 veritatis.
1094 2013 1120 2040 υ
1166 1994 1296 2058 lste,
1337 1988 1536 2062 inquit,
1599 1988 1768 2045 homo
1810 1996 2026 2044 creatus

426 2091 529 2153 est,
578 2098 693 2138 non
751 2079 1059 2138 secundum
1110 2079 1456 2152 cupiditates,
1506 2076 1604 2135 sed
1649 2101 1674 2127 «ι
1719 2076 2026 2134 secundum

428 2175 636 2241 Deum,
678 2194 704 2221 ιι
746 2170 853 2227 hoc
877 2178 959 2228 est
983 2187 1016 2227 a
1059 2172 1176 2226 Deo
1198 2177 1301 2236 est,
1330 2177 1581 2225 creatura
1608 2167 1732 2223 talis
1760 2182 1885 2240 quae
1908 2169 2024 2223 Deo

427 2261 624 2335 placet,
662 2260 719 2316 in
762 2259 1119 2332 baptismate,
1160 2275 1271 2315 non
1301 2274 1364 2315 ex
1395 2273 1535 2330 aqua
1565 2267 1618 2313 et
1646 2266 1811 2327 terra,
1840 2256 1933 2313 sed
1963 2255 2021 2311 in

420 2350 635 2423 justitia
680 2359 735 2406 et
771 2350 1082 2406 sanctitate.
1125 2351 1260 2405 Haec
1301 2348 1449 2405 enim
1506 2347 1730 2421 hujusce
1787 2346 2024 2403 hominis

428 2450 560 2498 sunt
582 2439 910 2497 substantia.
941 2438 1161 2496 Justitia
1189 2437 1357 2512 igitur
1383 2438 1550 2494 virtus
1574 2446 1655 2495 est
1682 2436 2019 2505 universalis,

430 2527 908 2604 quemadmodum
971 2530 1138 2586 etiam
1198 2529 1440 2585 solemus
1488 2527 1643 2584 illum
1667 2527 1887 2601 justum
1932 2543 2025 2600 ap-

437 2621 658 2695 pellare,
680 2620 773 2693 qui
800 2620 1089 2693 inculpatae
1113 2617 1240 2676 vita:
1263 2627 1363 2675 est.
1392 2617 1704 2690 Quinetiam
1728 2617 2020 2687 Dominus,

436 2711 490 2784 «Ξ
507 2710 646 2780 Nisi,
694 2733 719 2759 ιο
758 2708 951 2782 inquit,
1000 2733 1027 2760 ιι
1080 2707 1439 2766 abundaverit
1459 2707 1669 2781 justitia
1698 2716 1875 2765 vestra
1907 2708 2028 2780 plus

442 2815 610 2873 quam
654 2798 1059 2856 Pharisaeorum
1115 2812 1166 2865 k;
1221 2820 1246 2847 ι
1298 2814 1528 2855 onmem
1565 2797 1717 2854 enim
1769 2797 2027 2853 virtutem

432 2888 524 2946 hic
567 2889 713 2946 dicit.
766 2889 1043 2945 Sanctitas
1088 2896 1277 2944 autem
1325 2887 1531 2960 puritas
1567 2896 1668 2958 est,
1702 2895 1863 2959 atque
1887 2886 2029 2943 adeo

429 2978 639 3052 implen
715 2993 884 3035 omne
930 2975 1204 3034 debitum.
1284 2975 1769 3048 Quemadmodum
1845 2984 1900 3033 et
1963 2975 2033 3034 de

431 3067 665 3125 mortuis
709 3067 1056 3124 sanctitatem
1107 3066 1360 3135 dicimus,
1409 3065 1627 3138 quando
1678 3065 1876 3139 aliquis
1929 3064 2031 3122 de-

430 3157 569 3227 bita,
599 3156 712 3214 sive
752 3157 903 3230 justa
944 3156 1010 3212 iis
1053 3155 1373 3229 persolverit
1415 3175 1427 3211 :
1481 3165 1553 3225 et,
1609 3154 2028 3227 Ἀφωσιωσάμην,

2127 645 2247 705 ἀλλ’
2275 648 2332 706 οὖ
2353 644 2665 725 σωματικὴν
2684 645 2777 706 καὶ
2809 646 2863 704 ἐν
2886 643 3099 722 σώματι
3127 641 3429 723 γινομένην.

2219 756 2247 793 ι(
2276 735 2388 796 Καὶ
2440 734 2728 794 ἐνδύσασθε
2778 734 2866 794 τὸν
2896 734 3076 794 καινὸν
3137 734 3441 810 ἄνθρωπον.
3496 758 3527 790 π
3561 730 3731 814 Ὁρᾷς

2131 824 2300 884 ὅτιτὸ
2355 822 2699 903 ὑποκείμενον
2739 824 2796 885 ἔν
2855 827 3000 902 ἐστι,
3038 824 3099 885 τὸ
3131 824 3451 902 ἐκδυόμενον
3498 823 3591 882 καὶ
3644 827 3728 882 ἐν·

2132 918 2414 993 δυόμενον·
2462 915 2533 974 τὰ
2586 915 2642 974 δὲ
2694 913 2965 992 ἐνδύματα
3028 913 3287 996 διάφορα,
3340 912 3646 987 τουτέστιν,
3693 916 3727 984 ἡ

2132 1005 2296 1066 κακία
2324 1007 2417 1064 καὶ
2480 1009 2515 1076 ἡ
2572 1003 2769 1085 ἀρετή;
2808 1001 3030 1083 θΩσπερ
3087 1003 3191 1083 γὰρ
3242 1002 3305 1063 τὸ
3355 1002 3729 1063 ἀποδύσασθαι

2131 1096 2224 1157 καὶ
2266 1095 2585 1156 ἐνδύσασθαι
2639 1093 2850 1177 ῥᾴδιον,
2878 1094 3018 1154 οὕτω
3044 1092 3137 1153 καὶ
3177 1093 3343 1153 κακία
3394 1090 3487 1152 καὶ
3524 1091 3723 1172 ἀρετὴ,

2132 1186 2225 1245 ἐὰν
2249 1184 2580 1262 θελήσωμεν.
2628 1182 2733 1245 Διὰ
2763 1184 2814 1243 τί
2862 1185 2918 1244 δὲ
2964 1184 3241 1263 ἄνθρωπον
3285 1184 3440 1243 καλεῖ
3491 1180 3587 1253 τὴν
3628 1204 3726 1241 κα·

2133 1275 2252 1336 κίαν
2275 1319 2293 1351 ,
2317 1274 2408 1335 καὶ
2449 1272 2729 1355 ἄνθρωπον
2759 1273 2855 1347 τὴν
2886 1271 3111 1355 ἆρετήν;
3147 1268 3281 1334 ⁶Οτι
3311 1275 3373 1355 ἐκ
3419 1274 3525 1331 τῶν
3561 1270 3727 1351 ἔργων

2133 1353 2585 1447 χαρακτηρίζεται
2613 1369 2641 1425 ὁ
2671 1353 2978 1443 ἄνθρωπος,
3027 1362 3120 1422 καὶ
3159 1365 3260 1443 οὔχ
3322 1353 3487 1435 ἧττον
3528 1362 3731 1443 φύσεως

2133 1463 2303 1517 ταῦτα
2353 1453 2644 1515 δεικνύουσι
2682 1453 2783 1535 κτὸν
2837 1453 3151 1535 ἄνθρωπον,
3201 1457 3310 1513 εἴτε
3354 1452 3550 1531 ἀγαθὸν
3573 1497 3591 1530 ,
3624 1450 3730 1510 εἴτε

2134 1544 2386 1626 πονηρόν.
2421 1544 2620 1611 Καινὸς
2649 1534 2738 1604 οὖν
2769 1534 3078 1625 ἄνθρωπος,
3123 1547 3152 1603 ὁ
3192 1542 3379 1626 νέοςζὸ
3410 1542 3471 1601 ἐκ
3493 1545 3585 1601 τοῦ
3625 1546 3728 1622 βα-

2134 1622 2472 1713 πτίσματος,
2521 1633 2576 1702 ὃς
2627 1633 2718 1692 καὶ
2770 1622 2982 1716 ἰσχυρὸς
3042 1631 3239 1714 ὀφείλει
3291 1622 3453 1707 εἶναι,
3499 1630 3593 1691 καὶ
3645 1634 3734 1712 ῥυ-

2139 1726 2287 1794 τίδας
2314 1723 2391 1805 μὴ
2435 1724 2604 1807 ἔχων,
2643 1724 2736 1783 καὶ
2767 1722 2988 1802 ὗγιεινός
3012 1745 3026 1761 ⁸
3077 1727 3250 1784 ταῦτα
3309 1721 3415 1803 γὰρ
3478 1720 3655 1781 πάντα
3673 1718 3721 1760 ⁸⁸

2134 1840 2275 1877 νεου.

2218 1931 2249 1963 α
2279 1904 2389 1968 Τδν
2439 1904 2579 1966 κατὰ
2633 1903 2773 1967 Θεὸν
2823 1900 3100 1964 κτισθέντα
3155 1904 3209 1962 ἐν
3269 1898 3582 1982 δικαιοσύνῃ
3634 1898 3731 1961 καὶ

2132 1996 2369 2070 ὁσιότητι
2391 2000 2487 2069 τῆς
2517 1994 2766 2068 ἀληθείας
2795 1995 2872 2057 ⁸³.
2904 2020 2928 2047 ιο
2957 1984 3129 2071 Οἷτος
3153 2038 3171 2071 ,
3212 1991 3371 2074 φησὶν
3394 2039 3409 2070 ,
3462 1994 3491 2051 ὁ
3523 1993 3727 2072 ἄνθρω-

2132 2111 2229 2156 πος
2262 2086 2507 2160 ἐκτίσθη,
2556 2087 2612 2145 οὗ
2641 2086 2783 2145 κατὰ
2835 2083 2929 2151 τὰς
2957 2082 3272 2161 ἐπιθυμίας,
3320 2081 3461 2141 ἀλλὰ
3508 2109 3533 2137 ι
3586 2079 3731 2142 κατὰ

2132 2175 2272 2238 Θεόν
2293 2197 2307 2212 ’
2335 2199 2362 2234 ι
2400 2173 2692 2247 τουτέστιν,
2734 2173 2836 2234 ὑπὸ
2868 2178 3010 2237 Θεοῦ
3056 2173 3228 2233 κτίσιν
3276 2161 3609 2247 τοιαύτην,ᾗ
3641 2172 3732 2231 εὖ·

2132 2274 2433 2347 αρεστεῖται
2452 2265 2611 2339 Θεὸς,
2635 2266 2688 2325 ἐν
2809 2262 3159 2347 κολυμϐήθρᾳ
3176 2307 3192 2336 ,
3223 2264 3320 2322 οὐκ
3341 2261 3394 2331 ἐξ
3425 2261 3613 2329 ὕδατος
3638 2261 3731 2321 καὶ⁵

2132 2360 2265 2437 γῆς,
2299 2354 2417 2416 ἀλλ’
2452 2376 2481 2414 ιι
2509 2356 2561 2414 ἐν
2592 2354 2902 2435 δικαιοσύνῃ
2937 2352 3029 2413 καὶ
3059 2353 3321 2426 ὁσιότητι·
3357 2379 3379 2405 ’⁸
3405 2355 3602 2413 Ταῦτα
3624 2350 3730 2437 γᾴρ

2132 2445 2339 2525 ἡούσία
2374 2451 2465 2505 τοῦ
2496 2443 2733 2505 τοιούτου
2790 2444 3091 2525 ἀνθρώπου.
3125 2442 3450 2514 Δικαιοσύνη
3497 2441 3593 2519 μὲν
3639 2433 3729 2501 οὖν

2134 2536 2275 2596 ἐστιν
2306 2542 2340 2608 ἡ
2371 2534 2595 2595 καθόλου
2627 2532 2786 2616 ἆρετή
2807 2577 2824 2609 ,
2871 2531 3054 2612 ὥσπερ
3098 2531 3190 2592 καὶ
3220 2531 3482 2610 εἰώθαμεν
3533 2530 3734 2591 δίκαιον

2134 2624 2409 2704 ὀνομάζειν
2453 2624 2543 2685 τὸν
2599 2625 2982 2695 ἀνεπίληπτον.
3019 2621 3128 2684 Καὶ
3189 2625 3218 2681 ὁ
3267 2620 3465 2701 Κύριος
3490 2643 3505 2658 ⁸
3542 2642 3574 2679 α
3602 2619 3734 2681 Ἐὰν

2137 2713 2213 2790 μὴ
2267 2711 2592 2795 περισσεύσῃ
2641 2717 2676 2786 ἡ
2708 2711 3017 2784 δικαιοσύνη
3054 2714 3201 2789 ὑμῶν
3238 2712 3422 2770 πλεῖον
3472 2713 3578 2770 τῶν
3607 2710 3736 2770 Φα-

2140 2803 2356 2885 ρισαίων
2385 2803 2437 2842 ⁸³
2458 2821 2474 2837 ⁶
2506 2828 2537 2861 κ
2569 2801 2668 2876 τὴν
2707 2801 2811 2883 γὰρ
2837 2811 3016 2862 πᾶσαν
3060 2799 3256 2883 ἀρετὴν
3286 2800 3513 2861 ἐνταῦθά
3543 2823 3727 2881 φησιν.

2137 2892 2390 2966 Ὁσιότης
2415 2892 2471 2953 δὲ
2517 2896 2553 2966 ἡ
2595 2891 2929 2974 καθαρότης,
2962 2891 3055 2952 καὶ
3101 2890 3162 2949 τὸ
3190 2893 3479 2971 πληρῶσαι
3518 2898 3624 2949 πᾶν
3668 2890 3730 2949 τὸ

2139 2983 2475 3065 ὀφειλόμενον
2500 3002 2512 3014 ·
2578 2982 2710 3042 καθὸ
2761 2980 2985 3060 λέγομεν
3041 2981 3132 3041 καὶ
3195 2980 3286 3040 ἐπὶ
3338 2982 3443 3039 τῶν
3498 2983 3733 3059 νεκρῶν,

2141 3073 2236 3145 τὴν
2291 3071 2483 3145 ὁσίαν,
2548 3070 2676 3130 ὅταν
2727 3094 2805 3138 τις
2862 3069 2930 3129 τὰ
3006 3070 3326 3152 ὀφειλόμενα
3408 3070 3494 3127 ἐπ’
3559 3070 3737 3137 αὐτοῖς

2144 3161 2466 3242 πληρώσῃ⁸⁴
2486 3206 2502 3235 ,
2532 3160 2623 3220 καὶ
2668 3159 2761 3235 τὸ,
2791 3159 3243 3241 Ἀφωσιωσάμην.
3290 3157 3450 3221 Ἐπεὶ
3482 3158 3652 3219 δὲκαὶ
3685 3162 3737 3219 ἐν

431 3247 539 3303 hoc
565 3254 667 3317 est,
708 3245 1093 3319 Expiationem
1133 3244 1255 3301 feci.
1296 3244 1433 3315 Quia
1494 3261 1621 3302 vero
1656 3254 1712 3302 et
1760 3245 1815 3301 in
1851 3243 2032 3301 Veteri

2140 3258 2206 3332 τῇ
2252 3249 2726 3334 Παλαιᾷῃέλέγετο
2773 3250 3124 3327 δικαιοσύνη,
3178 3249 3338 3330 φησὶν
3402 3247 3483 3308 ὅτι
3522 3248 3740 3310 Ἐκεῖνα

431 3339 786 3394 Testamento
820 3334 1029 3407 justitia
1076 3334 1378 3403 dicebatur,
1440 3334 1585 3390 illam
1633 3334 1795 3408 hujus
1864 3334 2031 3391 fuisse

434 3426 664 3499 ﬁguram
700 3423 963 3483 afﬁrmat.
1034 3427 1153 3498 Ego
1190 3434 1380 3481 autem
1428 3423 1527 3480 tibi
1573 3423 1642 3482 de
1686 3424 1933 3481 veritatis
1979 3431 2035 3480 et

431 3515 712 3590 Evangelii
760 3514 975 3589 justitia
1036 3515 1237 3588 loquor
1308 3532 1322 3570 :
1374 3514 1454 3570 vel
1501 3513 1557 3569 in
1625 3513 2031 3586 oppositionem

429 3605 653 3679 iustitiae
693 3603 988 3673 simulatae,
1028 3604 1298 3678 justitiam
1354 3603 1595 3660 veritatis
1623 3603 1773 3660 dixit.
1804 3604 2035 3661 Creatus

418 3702 520 3751 est
558 3693 779 3768 quidem
824 3692 995 3751 homo
1047 3694 1147 3750 iste
1192 3694 1247 3749 iu
1276 3692 1601 3767 baptismate
1648 3708 1743 3766 per
1760 3692 2033 3766 justitiam

434 3794 491 3842 et
516 3784 860 3842 sanctitatem
900 3805 914 3842 :
954 3793 1173 3857 oportet
1215 3793 1401 3840 autem
1444 3784 1626 3857 ipsum
1661 3792 1719 3840 et
1760 3800 1908 3841 nunc
1938 3799 2038 3856 per

432 3877 604 3932 vitam
639 3882 697 3931 et
736 3890 900 3949 opera
945 3874 1192 3933 induere.
1240 3874 1475 3945 Quando
1532 3883 1719 3931 autem
1766 3874 2038 3932 audiveris

433 3964 684 4037 induere,
733 3964 904 4039 402
942 3964 1018 4023 ita
1052 3965 1294 4039 intellige
1329 3974 1393 4022 ut
1426 3980 1707 4037 nunquam
1751 3962 2036 4037 deponas;

432 4065 496 4114 ut
549 4072 616 4114 eo
676 4055 799 4113 loco
850 4076 864 4113 :
934 4054 1188 4129 «:lnduit
1247 4053 1712 4124 maledictionem,
1771 4062 2037 4126 tanquam

432 4146 697 4219 palliumt
727 4163 742 4203 :
778 4167 807 4196 ν
832 4153 891 4202 et
922 4168 949 4195 «ι
986 4143 1458 4201 Amictuslumine
1479 4165 1547 4201 ιιι.
1576 4167 1601 4193 υ
1626 4144 2033 4202 Consuevimus

434 4235 605 4293 etiam
631 4234 834 4305 dicere,
865 4233 970 4291 Hic
996 4232 1152 4289 illum
1185 4232 1394 4289 induit.

504 4325 686 4382 Vens.
709 4328 799 4379 25.
824 4346 853 4374 «ι
880 4322 1200 4394 Propterea,
1224 4320 1474 4394 deposito
1504 4320 1809 4393 mendacio,
1844 4321 2023 4396 loqui-

438 4414 574 4472 mini
650 4412 937 4471 veritatem
999 4413 1342 4486 unsquisque
1420 4429 1546 4469 cum
1610 4413 1862 4485 proximo
1915 4428 2036 4484 suo,

2142 3348 2231 3403 τοῦ
2256 3341 2419 3401 τύπου
2452 3332 2632 3412 ίῆσαν.
2673 3339 2822 3418 Ἐγὼ
2852 3340 2910 3400 δέ
2953 3364 3035 3401 σοι
3075 3339 3172 3412 τὴν
3226 3343 3324 3410 τῆς
3358 3338 3608 3413 ἀληθείας
3651 3339 3745 3399 καὶ

2140 3440 2232 3493 τοῦ
2276 3429 2603 3510 Εὖαγγελίου
2634 3430 2796 3511 φημί,
2830 3426 2904 3491 Ἢ
2960 3429 3089 3510 πρὸς
3119 3428 3527 3511 ἆντιδιασλτολὴν
3558 3432 3653 3500 τῆς
3685 3431 3740 3488 ἐν

2143 3521 2383 3604 σχήματι
2429 3509 2520 3580 καὶ
2567 3509 2844 3602 ὕποκρίσει
2899 3509 3266 3604 δικαιοσύνηςι,
3323 3509 3438 3580 εἶπε
3494 3518 3593 3593 τὴν
3651 3523 3744 3591 τῆς

2144 3600 2422 3684 ἀληθείας.
2479 3600 2733 3683 Ἐκτίσθη
2766 3608 2860 3686 μὲν
2902 3600 3048 3676 οὗτος
3097 3613 3126 3669 ὁ
3159 3608 3438 3690 ἄνθρωπος
3465 3610 3518 3667 ἐν
3546 3612 3623 3688 τῷ
3644 3611 3746 3687 βα-

2145 3700 2405 3778 πτίσματι
2430 3698 2518 3759 διὰ
2548 3698 2899 3779 ξδικαιοσύνης
2930 3697 3025 3757 καὶ
3064 3697 3339 3772 ὁσιότητος
3365 3719 3376 3732 °
3424 3697 3745 3759 ἐνδύσασθαι

2145 3790 2200 3850 δὲ
2252 3790 2410 3850 αὐτὸν
2449 3790 2529 3849 δεῖ
2562 3788 2652 3848 καὶ
2680 3792 2771 3848 ν’ὖν
2823 3786 2912 3848 διὰ
2965 3792 3055 3848 τοῦ
3108 3787 3224 3868 βίου
3254 3791 3347 3849 καὶ
3393 3791 3499 3847 τῶν
3552 3787 3740 3868 ἔργων.

2143 3878 2322 3941 ’Ὅταν
2355 3880 2410 3938 δὲ
2438 3877 2668 3958 ἀκούσῃς
2697 3877 2789 3954 τὸ,
2839 3877 3177 3955 ἐνδύσασθαι,
3201 3877 3261 3938 τὸ
3306 3876 3575 3956 μηδέποτε
3606 3880 3747 3938 ἀπο·

2146 3968 2328 4029 θέσθαι
2371 3966 2477 4029 νόει
2512 3991 2526 4006 ’
2555 3969 2626 4035 ὣς
2650 3967 2747 4041 τὸ,
2781 3995 2804 4020 ιι
2840 3967 3168 4029 Ἐνεδύσατο
3216 3968 3457 4050 κατάραν
3510 3972 3580 4035 ὣς
3608 3966 3742 4045 ἱμά-

2147 4081 2255 4119 τιον
2274 4081 2288 4095 ·
2320 4084 2346 4111 ιι
2369 4056 2483 4130 καὶ,
2526 4080 2556 4117 σ
2588 4056 2658 4117 Ὁ
2690 4056 3142 4138 περιϐαλλόμενος
3177 4060 3307 4139 φῶς.
3350 4080 3379 4116 α
3407 4057 3514 4119 Καὶ
3543 4057 3743 4117 εἰώθα-

2148 4171 2243 4226 μεν
2267 4145 2463 4226 λέγειν.
2500 4144 2573 4208 Ὃ
2598 4147 2741 4205 δεῖνα
2776 4146 2864 4207 τὸν
2896 4147 3040 4205 δεῖνα
3074 4147 3378 4211 ἐνεδύσατο.

2232 4340 2264 4374 ε
2296 4316 2393 4378 Διὸ
2416 4317 2735 4398 ἀποθέμενοι
2763 4317 2822 4379 τὸ
2850 4320 3038 4403 ψεῦδος
3055 4367 3070 4395 ,
3096 4322 3308 4381 λαλεῖτε
3340 4318 3591 4393 ἀλήθειαν
3618 4318 3748 4381 ἕκα-

2148 4430 2268 4475 στος
2298 4407 2434 4484 μετὰ
2476 4416 2567 4469 τοῦ
2620 4409 2850 4482 πλησίον
2895 4413 3088 4484 αὓτοῦ,
3141 4405 3224 4469 ὅτι
3286 4410 3443 4488 ἐσμὲν
3498 4410 3746 4483 ἀλλήλων

435 4505 695 4579 quoniam
723 4520 913 4562 sumus
968 4502 1202 4560 invicem
1247 4502 1516 4560 membra.
1571 4526 1596 4553 ιο
1639 4507 1779 4560 Cum
1815 4519 2032 4577 genera-

2145 4496 2306 4574 μέλη.
2339 4524 2364 4552 »
2391 4496 2598 4571 Εἰπὼν,
2627 4525 2651 4551 α
2678 4500 2789 4561 Τὸν
2807 4499 3032 4560 παλαιὸν
3050 4499 3354 4579 ἄνθρωπον,
3378 4528 3399 4550 υ
3423 4502 3742 4574 καθολικῶς,

435 4597 537 4653 tim
567 4595 763 4653 veteris
807 4593 1051 4653 hominis
1091 4593 1436 4650 mentionem
1479 4592 1714 4663 fecisset,
1772 4592 2032 4666 deinceps

2145 4586 2330 4647 λοιπὸν
2383 4589 2475 4647 καὶ
2518 4587 2660 4648 κατὰ
2708 4589 2866 4670 μέρος
2908 4588 3066 4650 αὐτὸν
3102 4588 3429 4670 ὑπογράφει·
3467 4589 3560 4650 καὶ
3591 4592 3743 4669 πρῶ-

436 4686 718 4760 speciatim
781 4701 879 4760 per
942 4693 1124 4759 partes
1180 4699 1311 4740 eum
1367 4684 1645 4754 describit,
1726 4698 1790 4740 ac
1857 4683 2032 4756 primo

2148 4699 2237 4736 τον
2265 4676 2326 4736 τὸ
2377 4679 2568 4759 ψεῦδος
2620 4680 2913 4740 ἀποκόπτει
2944 4679 3004 4738 τὸ
3036 4678 3165 4759 πρὸς
3200 4680 3488 4752 ἀλλήλους’
3527 4679 3618 4739 καὶ
3648 4679 3775 4749 τὰς·

436 4775 788 4834 mendacium
837 4783 1074 4843 resecat,
1130 4772 1279 4847 quod
1332 4771 1394 4828 fit
1429 4773 1572 4830 inter
1612 4787 1715 4829 nos
1760 4771 2032 4845 invicem;

2151 4767 2321 4835 αἰτίας
2375 4768 2600 4847 ἐπάγει,
2652 4766 2735 4828 ὅτι
2761 4792 2820 4829 τε
2870 4767 3097 4842 πλησίον
3149 4767 3308 4844 ἐσμὲν
3339 4768 3619 4846 ἀλλήλων,
3650 4768 3745 4829 καὶ

436 4880 735 4939 causasque
761 4863 988 4923 adducit
1012 4907 1029 4929 ,
1052 4863 1197 4937 quod
1221 4862 1458 4936 proximi
1482 4862 1625 4919 inter
1645 4877 1747 4918 nos
1765 4862 1961 4931 simus,
1989 4869 2032 4917 e1

2152 4856 2214 4918 τὸ
2243 4859 2420 4935 μεῖζον
2471 4857 2564 4917 καὶ
2606 4857 3082 4940 ἐντρεπτικώτερον
3103 4902 3119 4933 ,
3168 4861 3249 4918 δτι
3301 4858 3547 4931 ἀλλήλων
3605 4858 3744 4937 μέλη

440 4956 591 5029 quod
657 4955 843 5028 majus
925 4963 1027 5025 est,
1103 4952 1487 5025 majoremque
1553 4950 1715 5009 nobis
1776 4950 2045 5026 pudorem

437 5045 731 5115 suffundit,
807 5043 956 5118 quod
1018 5043 1158 5101 alter
1230 5041 1452 5100 alterius
1526 5040 1778 5099 membra
1841 5041 2045 5112 simus;

440 5136 666 5210 perinde
694 5136 848 5210 quasi
888 5135 994 5191 hoc
1041 5134 1186 5191 dicat
1239 5153 1252 5190 :
1303 5132 1588 5205 Numquid
1625 5132 1818 5189 oculus
1855 5130 2050 5188 videns

2154 4944 2315 5024 ἐσμέν
2339 4988 2352 5003 .
2410 4948 2483 5013 ὣς
2523 4945 2587 5006 ἂν
2619 4949 2665 5006 εἰ
2693 4953 2849 5008 τοῦτο
2890 4946 3061 5028 λέγων
3082 4971 3095 4985 ·
3140 4948 3236 5021 Μὴ
3293 4949 3564 5029 ὀφθαλμὸς
3616 4948 3746 5009 ἰδὼν

2156 5034 2332 5116 θηρίον
2366 5033 2620 5117 ψεύδεται
2651 5036 2782 5118 πρὸς
2811 5037 2899 5097 τὸν
2929 5037 3068 5098 πόδα
3091 5083 3107 5113 ,
3135 5038 3226 5098 καὶ
3268 5038 3325 5098 οὖ
3358 5039 3571 5123 δίδωσιν
3596 5040 3744 5120 αὐτῷ

2157 5133 2372 5205 φυγεῖν,
2410 5124 2488 5187 Ἢ
2519 5125 2645 5186 ὅταν
2683 5126 2891 5207 ὄρυγμα
2934 5127 3067 5208 βαθὺ
3096 5127 3199 5188 ὑπὸ
3242 5126 3502 5207 καλάμων
3531 5128 3627 5189 καὶ
3649 5132 3749 5208 γῆς

443 5234 775 5283 venenatum
814 5224 1034 5293 animal,
1075 5223 1341 5279 mentitur
1384 5221 1651 5280 adversus
1685 5220 1903 5294 pedem,
1941 5236 2032 5277 nec

2149 5215 2597 5290 ὗποκαλύπτηται
2625 5214 2702 5292 ⁸⁵,
2756 5217 2847 5277 καὶ
2904 5217 3257 5295 δοκιμάζηται
3303 5217 3391 5277 διὰ
3417 5217 3468 5255 ⁸⁸
3516 5224 3608 5279 τοῦ
3638 5241 3740 5280 πο-

443 5315 669 5390 conjicit
685 5331 818 5372 eum
842 5315 901 5370 in
929 5313 1123 5387 fugam
1145 5313 1283 5370 PVeI
1314 5327 1443 5370 cum
1474 5310 1807 5385 profundam
1835 5309 2032 5367 fossam

2147 5303 2252 5377 δὸς,
2295 5304 2371 5382 μὴ
2424 5305 2675 5386 ψεύδεται
2721 5309 2749 5365 ὁ
2782 5310 2940 5381 ποῦςὀ
2973 5306 3065 5365 καὶ
3094 5308 3191 5367 οὐκ
3218 5306 3548 5387 ἀπαγγέλλει
3583 5310 3665 5390 τῷ
3685 5310 3744 5369 ὁ·

442 5405 546 5463 sub
620 5403 816 5462 culmis
896 5420 961 5461 ac
1024 5412 1172 5461 terra
1229 5401 1474 5459 abditam
1541 5418 1635 5475 pes
1721 5401 2032 5474 explorarit,

2152 5395 2413 5476 φθαλμῷ,
2452 5393 2543 5456 ἵνα
2596 5395 2820 5478 ἑτέρωσε
2873 5394 2959 5476 ἴδῃ
3001 5395 3091 5458 καὶ
3142 5395 3270 5481 εὕρῃ
3312 5397 3581 5479 πάροδον;
3626 5397 3748 5481 καὶ

515 5516 545 5556 κ
570 5521 775 5579 Matth.
811 5535 871 5590 v,
899 5528 952 5578 2.
1028 5516 1044 5554 ¹
1073 5520 1215 5579 Psal.
1250 5534 1436 5592 cvm,
1469 5525 1557 5577 18.
1653 5518 1862 5578 ImPsal.
1891 5533 2030 5586 cm,
2055 5524 2110 5579 ι.

1809 5681 1835 5703 η
1849 5622 2042 5685 Variae
2083 5624 2387 5690 lectiones.
2592 5689 2599 5693 .

511 5732 553 5769 ⁸⁸
582 5734 778 5796 πάντως
801 5748 859 5790 o.‘
928 5729 975 5767 ⁸³
1002 5730 1090 5786 καὶ
1110 5727 1316 5804 ἀληθείᾳ
1341 5745 1395 5789 0.
1472 5730 1518 5768 ⁸³
1543 5732 1877 5807 γραμματέων
1909 5720 1961 5791 oi
1990 5720 2024 5756 ³³
2040 5731 2085 5769 ⁸⁸
2108 5716 2243 5807 agre?
2270 5733 2448 5810 τελέσῃ
2477 5750 2538 5795 0.
2620 5733 3092 5812 εδ-ἔπικαλύπτηται
3118 5753 3176 5797 0.
3252 5737 3297 5775 ⁸⁵
3318 5738 3413 5796 imo
3439 5755 3493 5799 ο.
