4124 6458
357 482 497 536 1097

1207 479 1560 538 EXPOSITIO
1597 483 1664 538 IN
1703 483 1910 540 EPIST.
1951 485 2043 539 AD
2088 487 2322 544 EPHES.
2361 517 2435 530 —
2473 489 2625 545 CAP.
2667 491 2752 544 IV.

3519 497 3658 551 1098

353 605 536 672 ἅπλῶς
595 603 682 664 ἐπὶ
709 602 720 630 ³
744 603 958 663 πάντων
1019 604 1080 663 τὸ
1131 605 1261 664 αὐτὸ
1313 606 1568 686 εὑρήσεις.
1616 608 1806 675 Οὕτως
1859 599 1947 667 οῦν

2076 613 2335 684 numquid
2394 613 2658 670 mentitur
2713 629 2827 684 pes,
2891 630 3068 686 neque
3134 616 3291 672 oculo
3343 619 3652 687 denuntiat,

353 693 450 754 καὶ
499 699 656 771 ἡμεῖς
699 691 776 769 μὴ
823 692 1136 773 ψευδώμεθα
1189 696 1318 776 πρὸς
1371 697 1420 734 ⁸⁷
1476 697 1756 770 ἀλλήλους·
1815 697 1950 775 μέλη

353 784 457 865 γάρ
489 788 653 861 ἐσμεν
682 783 795 851 ἑνὸς
837 782 1084 861 σώματος
1108 783 1178 842 ⁸⁸.

445 1077 473 1114 (ι
513 1055 848 1134 Ὀργίζεσθε,
894 1055 986 1114 καὶ
1020 1055 1094 1132 μὴ
1143 1055 1494 1136 ἁμαρτάνετε.
1527 1087 1551 1111 υ
1591 1049 1750 1119 Εἶπε·
1795 1082 1822 1116 (ι
1855 1061 1949 1134 Μὴ

353 1145 629 1229 ψεύδεσθε.
663 1167 693 1203 n
732 1145 892 1206 Ἐπεὶ
931 1137 1020 1205 οῦν
1051 1149 1308 1229 πολλάκις
1330 1148 1438 1206 ἀπὸ
1467 1149 1686 1229 ψεύδους
1717 1150 1952 1208 τίκτεται

353 1228 507 1318 ὀργὴ,
558 1235 742 1311 φησὶν,
791 1236 870 1295 ὅτι
903 1236 1085 1296 Καλὸν
1117 1235 1212 1312 μὲν
1246 1228 1309 1308 ἦν
1357 1228 1598 1314 μηδόλως
1637 1240 1950 1318 ὀργίζεσθαι·

354 1327 469 1388 ἐπεὶ
520 1326 575 1384 δὲ
613 1324 829 1396 συνέϐη,
868 1325 970 1384 κᾶν
1017 1325 1091 1401 μὴ
1133 1327 1262 1407 πρὸς
1307 1326 1574 1409 ἁμαρτίαν
1609 1327 1867 1408 ἐξαχθῆτε
1901 1330 1950 1365 ⁸9

354 1419 415 1476 ἐκ
443 1420 534 1476 τοῦ
568 1414 814 1494 ἀμέτρως
841 1413 1151 1494 χρήσασθαι
1181 1421 1248 1494 τῇ
1297 1417 1448 1496 ὀργῇ.
1479 1417 1636 1484 Τινὲς
1678 1417 1734 1476 δέ
1766 1443 1949 1498 φασιν,

353 1504 435 1565 ὅτι
479 1504 576 1583 μία
629 1505 1004 1584 ἀναμάρτητος
1051 1505 1204 1585 ὀργὴ,
1258 1509 1293 1577 ἡ
1341 1508 1470 1586 πρὸς
1521 1505 1640 1574 τοὺς
1699 1507 1952 1586 δαίμονας

355 1595 446 1655 καὶ
492 1594 561 1652 τὰ
597 1593 764 1668 πάθη,
821 1594 887 1666 ἣν
943 1596 1235 1674 εἰσηγεῖται
1283 1599 1414 1674 ἡμῖν
1453 1600 1678 1656 ἐνταῦθα
1738 1601 1765 1655 ὁ
1821 1603 1953 1666 θεῖος

355 1684 406 1745 Ἀ
413 1683 690 1750 πόστολος.

443 1889 472 1924 σι
526 1863 615 1926 Ὀ
645 1864 792 1936 ἥλιος
857 1865 933 1942 μὴ
991 1865 1250 1926 ἐπιδυέτω
1307 1866 1394 1926 ἐπὶ
1461 1870 1536 1947 τῷ
1596 1871 1947 1946 παροργισμῷ

2061 711 2122 758 ut
2141 703 2246 758 alio
2272 704 2329 760 in
2363 703 2482 760 loco
2508 704 2810 776 conspiciat
2843 713 3009 776 atque
3052 705 3294 763 inveniat
3319 710 3656 766 transitum?

2059 792 2142 846 Ac
2174 792 2490 864 simpliciter
2526 792 2583 848 in
2606 794 2860 848 omnibus
2890 793 3039 849 idem
3063 795 3324 852 invenies.
3367 801 3526 854 Hunc
3570 799 3644 856 ad

2060 881 2292 936 modum
2351 891 2407 938 et
2465 899 2568 938 nos
2608 899 2722 938 non
2775 884 3131 953 mentiamur,
3193 902 3371 956 neque
3407 885 3658 945 fallamus

2060 971 2199 1026 alter
2230 975 2466 1027 alterum
2496 993 2508 1028 :
2534 972 2783 1028 membra
2804 973 2948 1028 enim
2975 990 3165 1030 sumus
3190 975 3352 1031 unius
3377 978 3649 1049 corporis.

2131 1063 2309 1117 Vnus.
2364 1067 2452 1118 26.
2511 1061 2885 1128 «lrascimini,
2926 1073 2982 1118 et
3012 1080 3080 1120 ne
3128 1066 3383 1135 peccetis.
3439 1090 3464 1115 »
3505 1069 3661 1122 Men-

2058 1148 2277 1206 dacium
2333 1153 2576 1222 primum
2623 1151 2811 1220 vetuit,
2872 1161 2927 1208 et
2973 1154 3097 1223 quia
3141 1170 3530 1226 saepenumero
3591 1172 3658 1211 ex

2061 1239 2350 1294 mendacio
2384 1241 2464 1295 ira
2492 1240 2750 1313 gignitur,
2799 1241 2911 1296 ait:
2951 1243 3168 1298 Bonum
3212 1245 3438 1314 quidem
3470 1245 3660 1302 fuisset

2061 1328 2287 1384 omnino
2342 1345 2456 1384 non
2516 1329 2678 1384 irasci
2741 1345 2752 1380 :
2809 1329 2893 1385 sin
2961 1339 3148 1386 autem
3214 1334 3524 1405 contigerit,
3589 1333 3661 1390 ad

2060 1427 2348 1489 peccatum
2398 1427 2586 1474 tamen
2634 1435 2700 1474 ex
2735 1419 3108 1476 immoderato
3154 1421 3251 1477 irae
3302 1439 3407 1478 usu
3455 1421 3660 1481 deferri

2059 1508 2247 1564 nolite.
2271 1508 2534 1563 Nonnulli
2586 1518 2901 1565 asseverant
2946 1527 3115 1566 unam
3169 1527 3288 1567 esse
3335 1513 3478 1568 iram
3535 1529 3662 1586 qua“:

2058 1614 2170 1652 non
2201 1607 2423 1668 peccet;
2455 1607 2642 1669 utpote
2671 1615 2795 1670 quae
2823 1599 2892 1654 sit
2933 1599 3230 1656 adversum
3273 1600 3562 1660 daemones
3605 1612 3662 1660 et

2058 1703 2253 1758 pravos
2271 1687 2437 1742 animi
2453 1696 2656 1756 motus,
2678 1688 2749 1743 ad
2764 1705 2931 1761 quam
2959 1705 3061 1744 nos
3083 1689 3188 1745 hoc
3212 1691 3269 1746 in
3289 1691 3412 1748 loco
3435 1692 3661 1752 divinus

2055 1775 2380 1832 adhortatur
2405 1777 2718 1848 Apostolus.

2136 1892 2159 1915 α
2195 1867 2282 1923 Sol
2317 1884 2429 1922 non
2481 1866 2697 1922 occidat
2744 1885 2909 1940 super
2941 1869 3284 1926 iracundiam
3326 1881 3589 1928 vestram.
3629 1895 3655 1921 ιι

357 1959 524 2034 ὑμῶν.
576 1977 604 2013 ι)
655 1955 748 2027 Μὴ
782 1955 1138 2034 παραμενέτω
1185 1980 1291 2028 σοι,
1350 1957 1531 2036 φησὶν,
1585 1957 1672 2016 ἐπὶ
1715 1956 1848 2015 πολὺ
1894 1959 1954 2018 τὸ

2076 1959 2144 2011 Ne
2196 1965 2509 2028 perseveret
2557 1956 2705 2028 apud
2753 1929 2828 2013 te‘
2865 1957 3070 2014 diutius
3123 1975 3282 2028 aequo
3357 1960 3659 2020 iracundiae

358 2047 546 2120 πάθος,
582 2045 717 2121 μηδὲ
765 2044 1076 2104 καταλιπὼν
1118 2049 1254 2122 ὖμᾶς
1287 2050 1314 2104 ὁ
1354 2045 1503 2117 ἥλιος
1533 2045 1750 2128 ἐχθροὺς
1781 2047 1950 2107 ἀπέλ-

357 2140 442 2214 θῃ,
504 2134 712 2212 μήποτε
781 2135 872 2195 καὶ
932 2135 1119 2216 φανείη
1175 2134 1403 2204 ἀναξίοις
1475 2136 1799 2217 ἐπιλάμψας·
1866 2138 1956 2195 καὶ

357 2225 492 2301 ἅμα,
523 2222 714 2300 μήπως
762 2230 796 2296 ἡ
839 2223 928 2293 νὺξ
975 2224 1136 2283 πλέον
1167 2223 1444 2303 ἀνακαύσῃ
1476 2224 1536 2283 τὸ
1571 2231 1676 2307 πῦρ
1727 2227 1812 2284 διὰ
1851 2231 1956 2286 τῶν

360 2317 568 2374 ἐννοιῶν
587 2360 602 2388 ,
635 2314 726 2374 καὶ
757 2313 1043 2381 ἐπιϐουλὰς
1072 2314 1400 2394 συσκευάσῃ.

451 2519 474 2542 α
509 2493 602 2564 Μὴ
636 2494 804 2551 δίδοτε
835 2493 994 2553 τόπον
1025 2497 1100 2574 τῷ
1145 2493 1400 2575 διαϐόλῳ.
1442 2522 1465 2547 ››
1498 2494 1582 2554 Τὸ
1616 2495 1879 2566 ἀλλήλους
1904 2495 1956 2532 ⁹⁰

363 2585 614 2658 πολεμεῖν
628 2583 829 2665 ,λῃτοῦτό
858 2585 970 2642 ἐστι
1004 2583 1165 2643 τόπον
1197 2583 1395 2643 διδόναι
1422 2588 1497 2665 τῷ
1529 2584 1780 2665 διαϐόλῳ.
1811 2581 1958 2652 Ἕως

362 2670 464 2751 γὰρ
518 2671 580 2730 ἂν
631 2660 776 2748 ὦμεν
841 2671 1108 2749 ἡνωμένοι
1160 2673 1251 2732 καὶ
1320 2674 1763 2752 πεπυκνωμένοι,
1817 2676 1962 2735 οὐδὲν

363 2761 634 2838 ἐπεισάγει
679 2766 785 2821 τῶν
815 2765 1007 2821 ἑαυτοῦ
1038 2766 1257 2835 ἐκεῖνος,
1308 2762 1402 2821 ἅτε
1453 2763 1526 2841 μὴ
1581 2763 1834 2843 εὑρίσκων
1870 2765 1962 2822 τό-

364 2872 480 2908 πον·
531 2850 744 2911 ἐπειδὰν
797 2851 852 2910 δὲ
883 2850 1011 2932 εὖρῃ
1065 2851 1347 2911 διάστασίν
1399 2876 1517 2911 τινα
1573 2855 1625 2911 ἐν
1661 2860 1816 2930 ἡμῖν,
1847 2853 1966 2914 τότε

365 2942 435 3006 ὡς
464 2939 624 3000 τόπον
658 2939 848 3020 εὓρὼν,
900 2941 1275 3022 παρεμϐάλλει
1311 2941 1403 3013 τὴν
1435 2942 1673 3022 κεφαλὴν
1705 2947 1776 3011 ὥς
1820 2943 1960 3025 ὄφις,

367 3029 457 3087 καὶ
494 3038 586 3090 τοῦ
627 3032 818 3091 λοιποῦ
857 3030 1033 3091 πάντα
1082 3031 1170 3090 τὸν
1206 3031 1361 3090 ὁλκὸν
1404 3038 1496 3092 τοῦ
1552 3032 1799 3112 σώματος
1843 3057 1962 3092 συν-

366 3119 665 3200 εφέλκεται.

455 3328 479 3355 ιι
514 3300 584 3363 Ὁ
615 3299 859 3361 κλέπτων
892 3301 1086 3378 μηκέτι
1133 3301 1426 3362 κλεπτέτω.
1463 3327 1494 3358 δ)
1531 3301 1698 3384 Ὁρᾷς
1729 3301 1796 3360 τὰ
1830 3303 1967 3378 μέλη

377 3396 470 3450 τοῦ
510 3392 741 3450 παλαιοῦ
781 3392 1082 3469 ἀνθρώπου,
1130 3394 1335 3472 ψεῦδος,
1386 3393 1736 3469 μνησικακία,
1771 3395 1970 3471 κλοπή;

372 3481 489 3540 Οὔκ
522 3471 640 3539 εἶπε
675 3480 762 3550 δὲ,
809 3481 1130 3550 Κολαζέσθω
1170 3484 1198 3539 ὁ
1237 3481 1514 3553 κλέπτων,
1554 3481 1714 3553 ἀλλὰ,
1749 3482 1968 3554 Στήτω,

372 3570 526 3652 φησὶ,
559 3575 650 3630 τοῦ
691 3575 880 3631 κακοῦ.
916 3569 1127 3630 Ἐκεῖνο
1173 3571 1267 3646 μὲν
1299 3571 1404 3649 γὰρ
1435 3575 1540 3628 τῶν
1575 3571 1673 3638 ἔξω
1721 3572 1975 3641 δικαστη-

374 3659 528 3740 ρίων,
569 3665 724 3720 τοῦτο
767 3660 821 3718 δὲ
869 3664 964 3731 τῆς
1007 3667 1100 3719 τοῦ
1154 3663 1389 3739 Χριστοῦ
1439 3660 1804 3726 διδασκαλίας.
1860 3663 1974 3719 Ποῦ

281 3745 284 3747 λ
375 3749 430 3809 δέ
479 3752 607 3809 εἰσιν
657 3751 704 3808 οἱ
732 3748 1008 3828 λεγόμενοι
1056 3750 1318 3830 Καθαροὶ,
1359 3751 1406 3809 οἳ
1440 3749 1603 3828 ῥύπου
1650 3749 1849 3814 παντὸς
1898 3753 1974 3830 τῷ

374 3839 484 3898 ὄντι
519 3839 757 3919 πλήρεις,
793 3841 841 3898 οἱ
878 3839 976 3910 τὴν
1021 3839 1307 3913 μετάνοιαν
1355 3841 1722 3918 ἀναιροῦντες;
1757 3837 1975 3899 Ἀκουέ-

376 3952 554 3988 τωσαν
603 3927 704 4009 γὰρ
753 3924 833 3986 ὅτι
883 3928 1024 3986 ἔστιν
1069 3929 1444 3987 ἀποδύσασθαι
1483 3928 1542 3987 τὸ
1596 3927 1864 4006 ἔγκλημα,
1917 3931 1976 3986 οὗ

380 4018 534 4094 μόνον
585 4020 883 4090 ἀποστῆναι
922 4018 968 4054 9'
1006 4023 1097 4076 τοῦ
1138 4017 1549 4100 ἁμαρτήματος,
1595 4017 1734 4077 ἀλλὰ
1781 4017 1872 4076 καὶ
1917 4019 1977 4078 τὸ

379 4108 570 4187 ἀγαθόν
599 4131 650 4166 τι
680 4107 1006 4187 ἐργάζεσθαι.
1038 4106 1226 4167 Ἄκουε
1258 4106 1360 4187 γὰρ
1389 4113 1481 4167 τοῦ
1512 4107 1652 4180 ἑξῆςο

462 4404 486 4430 σι
517 4379 741 4438 Μᾶλλον
776 4375 830 4436 δὲ
875 4377 1137 4450 κοπιάτω,
1169 4378 1515 4457 ἐργαζόμενος
1545 4377 1605 4436 τὸ
1637 4378 1832 4456 ἀγαθὸν
1865 4387 1980 4442 ταῖς

383 4466 584 4548 χερσὶν,
610 4465 700 4524 ἵνα
730 4466 830 4545 ἔχῃ
867 4467 1209 4542 μεταδιδόναι
1252 4470 1329 4547 τῷ
1353 4466 1538 4546 χρείαν
1584 4465 1783 4547 ἔχοντι.
1819 4488 1849 4524 1)
1896 4467 1978 4526 Οὖ

382 4555 484 4636 γὰρ
527 4559 678 4635 ἀρκεῖ
724 4555 1035 4614 παύσασθαι
1071 4561 1165 4627 τῆς
1210 4556 1506 4636 ἁμαρτίας,
1554 4555 1693 4615 ἀλλὰ
1742 4555 1836 4615 καὶ
1884 4554 1980 4627 τὴν

383 4646 624 4704 ἐναντίαν
685 4648 846 4718 αὐτῆς
907 4645 1026 4704 ὁδὸν
1086 4648 1377 4722 μετελθεῖν.
1453 4644 1655 4724 Πρώην
1717 4644 1987 4725 εἰργάζετο

384 4735 445 4795 τὸ
475 4735 672 4808 κακόν;
702 4743 793 4796 νῦν
828 4737 1128 4814 ἐργαζὲσθω
1172 4736 1232 4793 τὸ
1263 4735 1476 4812 ἀγαθόν·
1515 4733 1605 4792 καὶ
1635 4735 1734 4812 οὐχ
1784 4735 1984 4805 ἁπλῶς,

387 4825 526 4884 ἀλλὰ
564 4824 700 4902 μετὰ
738 4825 920 4884 κόπου·
953 4823 1068 4902 ἅμα
1110 4825 1227 4903 μὲν,
1257 4823 1346 4883 ἵνα
1389 4824 1651 4905 συντρίψῃ
1695 4825 1755 4882 τὸ
1801 4827 1982 4899 σῶμα,

387 4914 448 4974 τὸ
495 4913 620 4994 πρὶν
656 4914 762 4974 ἀπὸ
807 4918 902 4986 τῆς
953 4915 1142 4994 ἀργίας
1188 4913 1255 4972 τὰ
1297 4916 1442 4974 κακὰ
1493 4911 1824 4991 μεμαθηκός*
1875 4913 1992 4990 ἅμα

391 5002 470 5078 δὲ,
524 5001 614 5060 ἵνα
655 5003 1063 5085 δαψιλεστέρους
1117 5003 1219 5084 ἔχῃ
1263 5002 1381 5070 τοὺς
1431 5007 1526 5076 τῆς
1579 5006 1715 5074 ζωῆς
1770 5001 1994 5085 τρόπους

391 5093 484 5152 καὶ
517 5097 710 5173 πόρους
739 5083 819 5171 9³,
851 5083 953 5152 καὶ
975 5083 1246 5174 μεταδιδῷ
1275 5093 1366 5152 καὶ
1390 5094 1588 5167 ἄλλοις,
1627 5094 1739 5151 ἀνθ’
1767 5083 1840 5150 ὧν
1870 5091 1993 5170 πρὶν

392 5185 460 5242 τὰ
492 5186 598 5243 τῶν
631 5182 808 5242 ἄλλων
855 5186 1130 5264 ὖςρῃρεῖτο,
1161 5189 1249 5242 νῦν
1282 5182 1489 5262 ἑτέρους
1536 5185 1850 5263 εὐεργετῶν.
1883 5185 1998 5241 Βα-

395 5271 507 5344 ϐαὶ,
553 5276 665 5340 πῶς
715 5272 970 5354 ἀγγέλους
1012 5273 1155 5334 ποιεῖ
1181 5272 1242 5331 τὸ
1287 5271 1618 5352 Εὖαγγέλιον
1647 5270 1766 5337 τοὺς
1811 5271 1998 5350 σχεδὸν

398 5361 654 5440 δαίμονας
676 5365 691 5422 l

486 5555 516 5593 α
550 5536 666 5602 Πᾶς
714 5533 869 5615 λόγος
913 5535 1116 5616 σαπρὸς
1169 5537 1226 5594 ἐκ
1278 5539 1366 5593 τοῦ
1413 5533 1679 5614 στόματος
1723 5535 1874 5612 ἱμῶν
1925 5532 2002 5610 μὴ

2066 2040 2316 2110 affectus,
2357 2057 2534 2111 neque
2565 2043 2643 2096 sol
2669 2059 2698 2096 a
2728 2042 2881 2098 vobis
2907 2042 3155 2098 hostibus
3183 2044 3406 2100 relictus
3433 2055 3489 2101 et
3517 2062 3660 2102 non-

2066 2130 2201 2186 dum
2249 2129 2613 2187 reconciliatis
2672 2133 2851 2198 abeat,
2923 2149 2993 2188 ne
3053 2132 3196 2188 forte
3246 2134 3431 2190 lumen
3509 2135 3663 2191 vobis

2065 2219 2302 2293 indignis
2349 2220 2646 2291 praebuisse
2674 2219 2926 2276 videatur
2957 2240 2968 2275 :
3001 2221 3161 2276 simul
3191 2222 3376 2288 etiam,
3436 2241 3507 2282 ne
3548 2241 3660 2281 nox

2067 2309 2452 2365 vehementius
2506 2310 2772 2366 accendat
2799 2309 2981 2382 ignem
3011 2327 3110 2382 per
3155 2313 3532 2385 cogitationes,
3582 2316 3664 2371 in‘

2062 2399 2332 2470 sidiasque
2350 2409 2524 2471 paret.

2134 2493 2312 2545 Vnus.
2353 2494 2437 2542 27.
2488 2512 2514 2538 α
2548 2491 2627 2544 Ne
2653 2488 2795 2546 detis
2849 2489 3030 2546 locum
3064 2490 3306 2548 diabolo.
3363 2516 3388 2541 ιι
3421 2495 3574 2550 Inter
3604 2511 3663 2551 se

2066 2588 2261 2634 mutuo
2320 2595 2588 2650 pugnare,
2643 2578 2790 2635 istud
2846 2589 2931 2635 est
2989 2580 3173 2636 locum
3230 2581 3362 2638 dare
3421 2583 3664 2640 diabolo.

2074 2672 2217 2724 Nam
2271 2669 2538 2740 tantisper
2604 2667 2737 2724 dum
2802 2669 3010 2724 unitate
3062 2671 3345 2741 conjuncti
3397 2671 3664 2730 fuerimus

2075 2768 2240 2830 atque
2275 2757 2617 2826 condensati,
2651 2757 2783 2813 nihil
2818 2759 2907 2813 ille
2928 2775 3159 2816 suorum
3225 2760 3517 2818 adversum
3567 2779 3672 2819 nos

2076 2846 2395 2917 introducit,
2452 2864 2550 2903 ceu
2590 2865 2704 2903 non
2754 2847 3038 2904 inveniens
3091 2850 3298 2906 locum.
3349 2855 3426 2906 At
3478 2869 3673 2924 quam-

2077 2938 2318 3010 primum
2370 2936 2817 2993 animadverterit
2881 2937 3280 2996 dissensionem
3339 2941 3484 2998 inter
3547 2959 3670 3011 nos,

2078 3037 2196 3082 tum
2253 3043 2354 3083 ceu
2408 3027 2630 3083 invento
2687 3029 2829 3096 loco,
2881 3038 3046 3101 caput
3093 3046 3256 3086 suum
3312 3031 3678 3104 subintroiicit

2078 3116 2348 3189 serpentis
2393 3115 2583 3185 instar,
2622 3133 2686 3172 ac
2737 3116 2995 3191 deinceps
3034 3134 3262 3177 omnem
3319 3121 3511 3194 reliqui
3550 3138 3677 3178 cor-

2077 3206 2226 3278 poris
2260 3215 2502 3262 tractum
2532 3207 2812 3262 contrahit
2839 3224 3048 3265 secum.

2149 3299 2321 3352 Vnus.
2371 3302 2459 3352 28.
2497 3320 2519 3344 α
2550 3297 2654 3367 Qui
2681 3297 2986 3367 furabatur,
3032 3301 3151 3371 jam
3205 3318 3317 3358 non
3357 3301 3594 3359 furetur.
3651 3325 3677 3350 ν

2081 3386 2487 3445 Animadvertis
2524 3387 2777 3442 membra
2806 3389 3004 3446 veteris
3036 3389 3293 3460 hominis,
3328 3392 3684 3449 mendacium

2082 3487 2233 3548 puta,
2267 3474 2522 3531 vindicta;
2560 3476 2941 3548 cupiditatem,
2987 3477 3195 3535 furtum
3260 3485 3284 3536 Ρ
3361 3485 3488 3538 Non
3544 3480 3683 3539 dixit

2082 3575 2287 3633 autem,
2347 3565 2618 3619 Puniatur
2660 3564 2750 3636 qui
2787 3565 2994 3622 furtum
3042 3569 3343 3624 committit
3401 3591 3413 3626 :
3461 3569 3581 3638 sed,
3633 3574 3685 3626 Α

2083 3655 2250 3724 malo,
2305 3654 2504 3725 inquit,
2534 3653 2780 3710 desistat.
2815 3655 2956 3712 Illud
2992 3658 3141 3713 enim
3173 3658 3240 3713 ad
3270 3658 3453 3715 forum
3498 3670 3686 3716 exter-

2087 3761 2242 3812 num,
2268 3743 2374 3800 hoc
2398 3752 2581 3799 autem
2609 3743 2678 3799 ad
2709 3743 3020 3801 doctrinam
3055 3746 3422 3803 Christianam
3450 3758 3681 3821 spectat.

2083 3832 2195 3890 Ubi
2236 3842 2367 3888 sunt
2412 3841 2598 3888 autem
2656 3832 2748 3905 qui
2779 3832 2947 3905 403
2996 3835 3214 3890 Cathari
3243 3834 3524 3905 dicuntur,
3556 3853 3686 3894 cum

2084 3938 2275 3977 revera
2317 3921 2469 3977 omni
2516 3920 2762 3976 sordium
2813 3938 3014 3993 genere
3087 3923 3196 3979 sint
3245 3924 3454 3992 referti,
3511 3927 3690 3999 pmni-

2084 4011 2314 4067 tentiam
2343 4009 2653 4066 auferentes
2675 4010 2957 4068 ?Audiant
2979 4012 3126 4068 enim
3145 4013 3294 4084 quod
3313 4013 3472 4070 liceat
3486 4031 3688 4072 exuere

2084 4117 2305 4170 noxam,
2337 4110 2392 4157 et
2427 4118 2541 4156 non
2587 4101 2821 4157 soluma
2874 4111 3100 4174 peccato
3154 4101 3440 4173 desistere,
3486 4120 3687 4161 verum

2005 4225 2055 4288 Β
2089 4192 2254 4247 etiam
2313 4191 2445 4247 boni
2489 4189 2693 4263 aliquid
2737 4191 2971 4263 operari.
3015 4191 3162 4248 Audi
3196 4194 3345 4250 enim
3391 4194 3546 4268 quod
3597 4211 3689 4251 se-

2087 4281 2292 4354 quitur.

2162 4394 2187 4420 ιι
2247 4371 2420 4443 Magis
2470 4381 2658 4428 autem
2703 4370 2915 4428 laboret
2959 4373 3242 4444 operando
3286 4375 3540 4432 manibus
3580 4375 3692 4432 suis

2089 4459 2238 4531 quod
2269 4460 2476 4516 bonum
2517 4470 2617 4530 est,
2655 4470 2718 4516 ut
2741 4460 2942 4518 habeat
2984 4463 3128 4519 unde
3164 4464 3373 4520 tribuat
3401 4465 3695 4522 necessita-

2091 4559 2205 4606 tem
2264 4550 2509 4623 patienti.
2571 4574 2598 4599 ιι
2653 4553 2779 4606 Non
2839 4553 2988 4608 enim
3041 4553 3173 4608 satis
3248 4564 3331 4610 est
3377 4570 3409 4610 a
3467 4563 3694 4628 peccato

2098 4640 2400 4712 quiescere,
2449 4639 2547 4696 sed
2589 4641 2861 4696 contraria
2919 4641 2968 4697 ei
3019 4641 3103 4697 via
3147 4652 3232 4697 est
3281 4643 3554 4712 adeunda,
3614 4643 3698 4702 di-

2098 4746 2319 4785 versum
2358 4730 2427 4786 ab
2454 4746 2518 4786 eo
2551 4729 2960 4786 conficiendum
2988 4731 3112 4786 iter.
3146 4735 3325 4788 Antea
3365 4732 3697 4805 operabatur

2097 4819 2351 4874 malum?
2369 4820 2486 4891 jam
2516 4837 2662 4876 nunc
2693 4829 2950 4891 operetur
2977 4820 3188 4876 bonum
3216 4841 3228 4876 :
3270 4838 3453 4894 neque
3479 4822 3536 4879 id
3565 4824 3697 4880 sim-

2099 4908 2331 4980 pliciter,
2393 4924 2586 4965 verum
2641 4925 2770 4965 cum
2827 4909 3036 4978 labore,
3095 4910 3300 4982 partim
3358 4911 3582 4984 quidem
3639 4923 3701 4969 ut

2101 5006 2353 5053 conterat
2391 5013 2610 5071 corpus,
2640 4997 2794 5070 quod
2815 5008 2976 5054 antea
3019 5015 3084 5055 ex
3119 5009 3344 5072 torpore
3376 5003 3520 5057 mala
3558 5001 3698 5059 didi-

2105 5097 2257 5143 cerat
2336 5105 2351 5142 :
2420 5104 2552 5143 vero
2623 5095 2685 5143 ut
2753 5087 3016 5159 largiores
3071 5087 3271 5145 habeat
3332 5089 3459 5146 vitm
3518 5105 3703 5148 mores

2107 5187 2163 5233 et
2185 5175 2492 5232 facultates.
2526 5178 2608 5232 Ac
2649 5177 2929 5248 impertiat
2956 5177 3122 5233 etiam
3163 5177 3297 5248 aliis,
3345 5178 3439 5235 ubi
3472 5181 3702 5237 antehac

2107 5267 2281 5322 aliena
2303 5266 2635 5338 sublegerat,
2654 5265 2769 5336 jam
2790 5265 2909 5320 aliis
2928 5265 3347 5323 beneficentiam
3370 5268 3700 5326 exhibendo.

2109 5360 2260 5412 Deus
2301 5356 2470 5411 bone!
2525 5365 2587 5412 ut
2615 5356 2972 5427 Evangelium
3015 5372 3112 5413 eos
3153 5356 3284 5413 facit
3325 5359 3568 5430 angelos,
3611 5360 3706 5433 qui

2112 5446 2222 5501 fere
2249 5445 2532 5501 daemones
2553 5444 2802 5501 fuerant.

2185 5538 2368 5594 Vsus.
2402 5539 2491 5593 29.
2545 5557 2569 5584 α
2621 5535 2817 5593 Omnis
2857 5551 3042 5594 sermo
3089 5538 3270 5595 malus
3305 5554 3368 5596 ex
3399 5555 3495 5596 ore
3525 5547 3707 5596 vestro

1828 5663 2017 5722 Variae
2064 5660 2370 5720 lectiones.

476 5789 522 5829 ⁸⁷
551 5789 616 5852 εἰς
647 5806 696 5846 0.
778 5788 821 5824 ⁸⁸
847 5797 937 5844 τοῦ
966 5792 1118 5844 αὐτοῦ
1148 5791 1377 5862 σώματος
1403 5807 1479 5847 m.
1557 5789 1600 5824 ⁸ο
1629 5788 1914 5860 ἐξενεχθῆτε
1946 5804 1998 5845 0.

689 5881 928 5937 PATROL.
969 5883 1076 5939 Gn.
1119 5881 1336 5937 CXXIV.

2076 5784 2121 5820 9“
2149 5782 2391 5850 ἀλλήλοις
2416 5795 2466 5838 0.
2549 5779 2590 5816 ⁹¹
2622 5782 2681 5836 τὸ
2701 5779 2881 5849 στῆναι
2910 5799 2964 5841 0.
3041 5783 3084 5820 ⁸³
3110 5789 3198 5839 τοῦ
3221 5786 3328 5857 βίου
3356 5790 3526 5860 πόρους
3555 5804 3607 5846 0.

3290 5883 3356 5935 35
