4124 6476
484 501 619 554 1099

1516 492 2026 548 THEOPHYLACTI
2068 491 2430 547 BULGABIE
2467 492 2783 549 ARCHIEP.

3653 502 3789 555 H00

480 638 595 680 non
641 620 925 695 procedat.
969 642 996 669 ι»
1027 621 1353 675 Sermonem
1379 617 1591 673 malum
1622 616 1862 674 otiosum
1889 616 2045 688 appel

2186 616 2571 696 ἐκπορευέσθω.
2602 639 2629 677 ι)
2672 616 2890 702 Σαπρὸν
2938 618 3092 696 λόγον
3140 618 3229 677 τὸν
3277 619 3437 701 ἀργόν
3487 644 3650 702 φησι,
3696 624 3788 683 καὶ

476 713 575 780 lat,
639 710 998 768 temerarium
1048 708 1558 779 importunumque,
1606 705 1773 763 veluti
1827 705 2071 773 facetias,

470 801 899 872 stultiloquium.
941 801 1214 855 Caeterum
1256 813 1490 870 Spurcus
1534 805 1589 852 et
1614 798 1933 869 graveolens
1982 812 2074 865 po-

467 890 576 946 tius
620 900 704 946 est
730 887 1147 959 turpiloquium,
1196 885 1533 953 convicium,
1563 886 1910 941 Obtrectatio.
1943 888 2071 940 Non

468 978 613 1034 enim
648 993 837 1035 rerum
879 986 934 1034 et
966 992 1196 1049 Operum
1223 974 1635 1045 tantummodo,
1665 990 1857 1030 verum
1907 974 2068 1029 etiam

468 1067 767 1124 verborum
814 1067 1031 1123 luemus
1071 1081 1283 1138 poenas.

540 1179 567 1205 α
608 1154 716 1213 Sed
757 1157 801 1212 si
825 1155 946 1228 quis
968 1155 1147 1212 bonus
1185 1164 1269 1212 est
1296 1154 1366 1211 ad
1392 1154 1813 1212 aediﬁcationem
1834 1152 2072 1209 necessi-

464 1246 611 1315 tatis,
646 1255 710 1303 ut
746 1245 843 1302 det
873 1245 1112 1319 gratiam
1160 1244 1528 1301 audientibus.
1561 1266 1590 1295 ››
1625 1248 1744 1301 Hoc
1782 1252 1885 1311 est,
1919 1241 2071 1315 quod

463 1333 786 1407 proximum
816 1333 1074 1400 aedificat,
1104 1342 1161 1390 et
1218 1333 1286 1390 ad
1326 1342 1656 1407 praesentem
1686 1332 2069 1388 necessitatem

465 1423 599 1479 utile
652 1433 756 1493 est,
781 1424 912 1480 illud
944 1426 1255 1495 loquamur,
1293 1432 1349 1479 et
1397 1439 1509 1480 non
1540 1423 1856 1496 importune
1879 1429 1934 1477 et
1986 1421 2068 1476 in-

464 1512 783 1582 commode,
817 1522 877 1570 ut
910 1513 1191 1569 auditores
1217 1512 1418 1586 gratias
1447 1512 1609 1568 nobis
1638 1520 1823 1584 agant.
1860 1514 2000 1566 Nam
2022 1509 2067 1564 si

464 1600 598 1673 quid
652 1601 953 1658 dixerimus
995 1600 1147 1673 quod
1202 1601 1403 1657 animae
1457 1602 1650 1674 prosit,
1702 1609 1865 1670 agent
1906 1598 2067 1655 nobis

462 1688 661 1762 gratias
684 1689 984 1754 auditores,
1015 1700 1083 1746 ut
1120 1689 1212 1761 qui
1242 1706 1341 1764 per
1365 1707 1463 1745 nos
1490 1689 1663 1761 δά]ιηὶ
1695 1690 1804 1745 sint
1833 1708 1844 1744 :
1874 1690 1956 1744 vel
1982 1697 2064 1756 ut,

461 1780 655 1849 inquit,
674 1796 771 1836 eos
804 1783 1076 1853 gratiosos
1119 1791 1173 1835 et
1203 1781 1468 1836 amabiles
1498 1779 1694 1835 reddat
1734 1795 1945 1835 sermo.
1984 1780 2065 1834 Ut

459 1868 607 1925 enim
646 1878 988 1941 unguentum
1048 1869 1279 1942 gratiam
1322 1870 1477 1927 addit
1513 1870 1943 1936 aSsumentibus,
1985 1868 2061 1923 sic

455 1967 511 2015 et
550 1973 732 2015 sermo
769 1959 987 2015 divinus
1005 1969 1062 2015 et
1098 1960 1298 2016 anima:
1333 1959 1501 2016 utilis.
1536 1959 1726 2015 Viden’
1777 1958 2061 2030 quomodo

456 2045 607 2119 quod
654 2063 874 2120 semper
932 2050 1134 2104 Paulus
1186 2049 1534 2116 adhortatur,
1582 2047 1638 2103 id
1689 2048 1857 2104 etiam
1912 2062 2060 2102 nunc

457 2151 559 2191 nos
591 2146 732 2204 oret,
777 2146 840 2193 ut
874 2137 1212 2194 aedificemus
1259 2138 1594 2210 proximum,
1641 2138 1787 2209 quod
1827 2146 1928 2205 est,
1960 2153 2062 2192 nos

455 2225 642 2298 ipsos?
670 2226 774 2297 Qui
803 2228 953 2281 enim
989 2227 1147 2283 alteri
1181 2228 1441 2283 salutaria
1474 2226 1730 2295 consulit,
1762 2225 1915 2298 prius
1957 2224 2059 2281 sibi

454 2314 570 2386 ipse
600 2314 750 2370 istud
780 2314 974 2372 faciet.

524 2406 707 2461 Vnus.
742 2412 834 2461 30.
887 2428 910 2453 α
943 2407 1125 2463 Nolite
1152 2407 1478 2463 contristare
1510 2405 1771 2477 Spiritum
1804 2416 2056 2462 sanctum

451 2494 576 2550 Dei.
624 2518 649 2543 υ
693 2495 751 2550 Si
793 2494 1042 2567 proferas
1080 2496 1310 2552 verbum
1337 2512 1601 2569 spurcum
1644 2504 1701 2551 et
1745 2495 2055 2551 Christiano

452 2599 549 2639 ore
592 2582 906 2656 indignum,
943 2602 1057 2641 non
1083 2586 1366 2643 hominem
1386 2586 1740 2653 contristasti,
1774 2587 1868 2641 sed
1897 2584 2056 2657 Spiri-

449 2680 572 2728 tum
604 2673 725 2742 Dei,
758 2689 789 2729 a
829 2689 938 2746 quo
971 2674 1303 2732 beneﬁcium
1338 2675 1615 2747 accepisti,
1649 2691 1679 2730 a
1719 2691 1831 2745 quo
1862 2673 2055 2730 sancti-

448 2761 673 2819 ﬁcatum
708 2773 792 2819 est
824 2780 887 2820 os
927 2774 1107 2821 tuum.
1143 2766 1316 2821 Infert
1332 2765 1497 2838 igitur
1525 2781 1631 2837 qua
1668 2765 1725 2820 in
1752 2780 1811 2819 re
1846 2764 2053 2819 beneﬁ-

448 2849 598 2907 cium
649 2854 1047 2925 acceperimus.

525 2962 550 2988 «ι
584 2942 648 2996 In
672 2956 781 3012 quo
805 2942 1001 3013 signati
1050 2943 1180 2998 estis
1209 2943 1267 2998 in
1295 2943 1441 3000 diem
1477 2942 1893 3015 redemptionis.
1923 2965 1947 2991 υ
1999 2944 2052 2997 Is

448 3028 597 3085 enim
626 3029 854 3102 signavit
878 3047 1003 3099 nos,
1040 3040 1208 3103 atque
1252 3033 1590 3104 imperatorii
1642 3031 1818 3105 gregis
1861 3040 2050 3088 osten-

446 3115 529 3174 dit
564 3135 685 3175 esse
718 3139 732 3175 :
772 3120 818 3176 is
848 3137 962 3176 non
1004 3121 1251 3192 permisit
1287 3137 1390 3177 nos
1428 3122 1588 3177 statui
1630 3137 1760 3178 cum
1803 3120 2051 3176 obnoxiis

446 3206 541 3263 irae
570 3208 671 3264 Dei
706 3228 719 3264 :
758 3208 855 3265 sed
889 3208 1125 3281 signavit
1164 3226 1269 3266 nos
1307 3218 1362 3266 et
1402 3211 1727 3283 segregavit,
1780 3220 1841 3266 ut
1876 3211 2049 3266 simus

446 3296 722 3370 redempti
747 3297 815 3354 ab
845 3299 1067 3354 eadem.
1106 3303 1305 3356 Nonne
1335 3299 1500 3372 igitur
1539 3299 1712 3373 pudet
1740 3316 1842 3356 nos
1866 3300 2044 3371 ipsum

443 3384 805 3444 contristare?
850 3387 1138 3458 Signatum
1186 3396 1271 3443 est
1307 3404 1370 3443 os
1419 3396 1579 3444 tuum
1620 3405 1649 3443 a
1690 3388 1915 3461 Spiritu,
1986 3396 2046 3443 ut

442 3473 581 3530 nihil
620 3473 908 3548 indignum
949 3478 1067 3548 ipso
1111 3477 1348 3549 loquaris
1393 3494 1406 3532 :
1454 3493 1524 3532 ne
1567 3475 1833 3534 dissolvas
1880 3477 2045 3549 igitur

439 3563 699 3636 sigillum.

507 3744 680 3820 404
706 3750 885 3804 Vnns.
916 3754 1002 3805 31.
1040 3770 1067 3797 ει
1094 3749 1288 3806 Omnis
1318 3749 1700 3818 amarulentia,
1733 3758 1790 3805 et
1836 3750 1940 3819 ira,
1985 3759 2041 3806 et

434 3835 737 3907 indignato,
769 3846 826 3893 et
847 3837 1076 3907 clamor,
1102 3848 1159 3894 et
1182 3838 1520 3911 blasphemia
1560 3838 1784 3895 tollatur
1833 3854 1866 3893 a
1887 3838 2040 3895 vobis

434 3941 559 3982 cum
594 3926 747 3982 omni
767 3927 989 3984 malitia.
1028 3951 1054 3975 »
1084 3930 1187 3984 Per
1216 3943 1379 4001 supra
1406 3937 1848 3985 commemorata
1895 3928 2034 3985 iram

433 4012 659 4069 sustulit
700 4033 714 4068 :
756 4030 906 4070 nunc
941 4025 1126 4071 autem
1159 4015 1404 4089 stirpitus
1450 4033 1575 4073 eam
1620 4017 1803 4073 evellit
1839 4034 1854 4071 :
1886 4032 2034 4073 ama-

432 4103 663 4159 rulentia
689 4105 833 4159 enim
857 4114 913 4159 et
933 4105 1325 4176 indignationis
1361 4114 1417 4162 et
1446 4108 1544 4162 ire
1572 4106 1724 4162 radix
1754 4116 1854 4162 est.
1895 4110 2035 4163 Cum

432 4192 584 4246 enim
636 4207 837 4247 succus
877 4208 1101 4248 amarus
1127 4203 1479 4265 exasperatus
1524 4194 1709 4261 fuerit,
1748 4200 2036 4251 vasculum

432 4280 647 4335 excedit
667 4280 723 4335 in
754 4296 863 4351 quo
890 4282 1221 4351 continetur,
1248 4299 1452 4356 perque
1481 4293 1660 4340 totum
1683 4300 1884 4355 corpus
1914 4283 2034 4341 fun-

429 4366 601 4437 ditur,
631 4383 697 4424 ac
719 4369 1005 4426 hominem
1033 4371 1194 4442 plaue
1221 4370 1435 4428 efferat.
1470 4374 1845 4430 Amarulentia
1868 4372 2034 4445 igitur

430 4465 515 4514 est
541 4457 752 4514 occulta
783 4458 1169 4530 inflammatio,
1227 4461 1412 4529 dolus,
1451 4462 1522 4517 ad
1571 4463 2031 4519 malefaciendum

2184 708 2381 764 εἰκαῖον
2413 707 2503 765 καὶ
2550 708 2798 789 ἄκαιρον,
2842 699 2947 767 οἷον
2993 699 3369 786 εὐτραπελίαν,
3423 699 3781 790 μωρολογίαν.

2183 795 2401 872 Σαπρὸς
2438 795 2493 853 δὲ
2523 796 2616 854 καὶ
2648 796 2886 868 δυσώδης
2931 798 3010 856 ἔτι
3043 799 3246 873 μᾶλλον
3288 803 3321 867 ἡ
3355 800 3721 878 αἰσχρολογία,
3750 806 3783 872 ἡ

2180 885 2433 964 λοιδορία,
2470 891 2501 955 ἡ
2551 888 2873 945 καταλαλιά·
2923 889 2981 945 οὐ
3035 887 3141 967 γὰρ
3182 885 3422 966 πράξεων
3474 888 3649 965 μόνων
3705 890 3778 967 ⁹³,

2181 970 2321 1032 ἀλλὰ
2351 974 2442 1032 καὶ
2471 974 2726 1054 ῥημάτων
2755 974 2965 1053 τίνομεν
2996 976 3165 1043 δίκας.

2261 1171 2285 1197 π
2318 1143 2461 1203 Ἀλλ’
2513 1143 2562 1203 εἴ
2601 1170 2681 1212 τις
2729 1147 2924 1224 ἀγαθὸς
2954 1146 3083 1225 πρὸς
3118 1146 3402 1224 οἰκοδομὴν
3446 1152 3541 1219 τῆς
3569 1150 3779 1229 χρείας,

2178 1231 2267 1291 ἵνα
2304 1236 2378 1311 δῷ
2431 1234 2590 1313 χάριν
2634 1244 2741 1303 τοῖς
2784 1236 3054 1296 ἀκούουσι.
3110 1259 3141 1295 ι)
3178 1237 3489 1310 Τουτέστιν,
3520 1239 3698 1320 Ὅπερ
3727 1240 3774 1278 ⁹⁴

2179 1323 2451 1400 οἰκοδομεῖ
2495 1324 2582 1383 τὸν
2629 1324 2887 1399 πλησίον,
2922 1326 3213 1404 ἀναγκαῖον
3267 1325 3325 1385 ὂν
3359 1326 3411 1367 9³
3560 1351 3776 1407 προκει-

2179 1413 2312 1490 μένῃ
2356 1412 2542 1492 χρεία,
2597 1415 2765 1472 ἐκεῖνο
2818 1420 3201 1495 φθεγγώμεθα,
3252 1415 3344 1474 καὶ
3412 1414 3488 1493 μὴ
3549 1419 3777 1498 ἀκαίρως

2176 1502 2266 1559 καὶ
2316 1502 2617 1580 ἀχρήστως,
2667 1500 2757 1561 ἵνα
2789 1506 2946 1585 χάριν
2998 1509 3130 1580 ἡμῖν
3163 1506 3347 1564 εἰδεῖεν
3398 1510 3446 1564 οἱ
3479 1508 3770 1575 ἀκούοντες.

2177 1588 2307 1649 Ἐὰν
2351 1594 2453 1669 γὰρ
2505 1594 2815 1672 ψυχωφελές
2844 1618 2896 1652 τι
2929 1594 3305 1674 φθεγγώμεθα,
3349 1598 3773 1677 εὖχαριστήσου-

2320 1685 2335 1702 ρ
2390 1689 2408 1699 ~
2607 1684 2618 1703 θ
2702 1682 2716 1701 I
2939 1687 2955 1707 ε
3067 1687 3083 1705 ν
3281 1685 3293 1703 I
3485 1685 3510 1709 Ἄ
3626 1688 3649 1711 α

2177 1703 2257 1737 σιν
2308 1704 2438 1754 ημιν
2490 1684 2538 1738 οἱ
2589 1705 2878 1753 ακουοντες,
2927 1708 2997 1750 ως
3050 1687 3430 1763 ωφεληθεντες.
3516 1690 3565 1747 H
3658 1689 3772 1765 Ινα,

2175 1769 2355 1843 φησὶν,
2417 1768 2604 1839 αὐτοὺς
2647 1772 3109 1850 κεχαριτωμένους
3166 1776 3463 1853 ἐργάσηται
3513 1779 3540 1833 ὁ
3591 1775 3765 1854 λόγος.

2172 1859 2386 1937 ullo-nep
2427 1858 2531 1939 γὰρ
2576 1860 2636 1917 τὸ
2684 1861 2849 1942 μύρον
2895 1866 3053 1940 χάριν
3106 1862 3288 1922 δίδωσι
3332 1872 3439 1930 τοῖς
3486 1868 3772 1940 μεταλαμ-

2171 1948 2444 2026 ϐαίνουσιν,
2496 1948 2634 2006 οὕτω
2685 1950 2776 2007 καὶ
2827 1954 2855 2008 ὁ
2905 1952 3057 2028 λόγος
3109 1956 3241 2018 θεῖος
3288 1953 3380 2012 καὶ
3428 1949 3769 2036 ψυχωφελῆς.

2171 2035 2352 2116 Ὁρᾷς,
2400 2037 2544 2104 ὅπως
2592 2039 2721 2119 ὅπερ
2776 2037 2858 2097 ἀεὶ
2890 2049 3141 2118 παραινεῖ
3186 2044 3431 2115 Παῦλος,
3483 2035 3633 2103 τοῦτο
3681 2044 3774 2102 καὶ

2168 2132 2261 2184 νῦν
2287 2126 2444 2195 ἀξιῶν
2483 2132 2645 2201 ἡμᾶς,
2688 2130 2985 2204 οἰκοδομεῖν
3017 2132 3104 2191 τὸν
3134 2133 3386 2203 πλησίον,
3418 2132 3550 2212 ὅπερ
3601 2132 3768 2210 ἐστὶν,

2168 2216 2412 2289 ἐαυτούς;
2466 2215 2536 2276 c0
2596 2216 2699 2295 γὰρ
2754 2218 2917 2299 ἑτέρῳ
2977 2220 3045 2279 τὰ
3116 2223 3410 2301 ψυχωφελῆ
3469 2227 3766 2303 παραινῶν,

2168 2307 2352 2385 πολλῷ
2383 2305 2550 2376 δήπου
2580 2306 2834 2386 πρότερον
2870 2311 3067 2389 ἐαυτῷ.

2253 2418 2282 2449 α
2320 2396 2426 2454 Καὶ
2460 2395 2533 2469 μὴ
2565 2397 2780 2455 λυπεῖτε
2811 2399 2870 2455 τὸ
2905 2401 3126 2475 Πνεῦμα
3154 2399 3216 2459 τὸ
3243 2400 3391 2478 ἅγιον
3421 2408 3513 2461 τοῦ
3542 2406 3706 2466 Θεοῦ.
3746 2434 3768 2456 ιο

2167 2482 2296 2545 Ἐὰν
2348 2483 2522 2563 εἴπῃς,
2573 2485 2734 2566 φησὶ,
2788 2491 2934 2566 ῥῆμα
2991 2489 3194 2571 σαπρὸν
3261 2490 3353 2548 καὶ
3412 2491 3619 2561 ἀνάξιον
3676 2501 3765 2553 τοῦ

2166 2576 2542 2652 Χριστιανικοῦ
2601 2575 2882 2651 στόματος,
2954 2579 3048 2635 οὐκ
3114 2578 3391 2656 ἄνθρωπον
3462 2583 3762 2657 ἐλύπησας,

2165 2665 2303 2755 ἀλλὰ
2348 2664 2405 2755 τὸ
2460 2667 2688 2755 Πνεῦμα.
2717 2672 2808 2725 τοῦ
2834 2670 3004 2755 Θεοῦ,
3050 2669 3134 2747 ὑφ’
3168 2660 3227 2727 οὗ
3266 2671 3644 2755 είιηργετήθης,
3676 2678 3764 2755 ὑφ’

2164 2742 2221 2810 οὗ
2251 2754 2477 2828 ἡγιάσθη
2522 2778 2613 2814 σου
2645 2753 2705 2812 τὸ
2747 2754 2943 2832 στόμα.
2981 2742 3213 2833 Ἐπάγει
3257 2742 3487 2818 οὗν-καὶ
3521 2742 3764 2844 τίεῦηρ-

2161 2843 2483 2919 γετήθημεν.

2251 2954 2279 2989 (ι
2311 2930 2408 2992 Ἐν
2433 2923 2475 3012 ᾧ
2501 2934 2890 3013 ἐσφραγίσθητε
2921 2937 2992 3002 εἷς
3017 2936 3225 3016 ἡμέραν
3250 2939 3687 3019 ἀπολυτρώσεως.
3721 2966 3749 3002 ››

2162 3022 2338 3080 Τοῦτο
2392 3024 2495 3102 γὰρ
2565 3024 2883 3102 ἐσφράγισεν
2938 3029 3102 3100 ἡμᾶς,
3179 3027 3270 3085 καὶ
3325 3032 3421 3099 τῆς
3484 3032 3761 3106 βασιλικῆς

2084 3150 2129 3213 C
2162 3112 2352 3187 ἀγέλης
2398 3109 2588 3178 ἔδειξεν
2636 3113 2807 3179 ἄντας’
2856 3119 3009 3173 τοῦτο
3057 3116 3153 3174 οὐκ
3207 3118 3409 3198 ἀφῆκεν
3440 3123 3582 3194 ἡμᾶς
3612 3118 3761 3181 ἵστα-

2159 3205 2278 3258 σθαι
2324 3198 2461 3273 μετὰ
2496 3203 2602 3259 τῶν
2642 3202 2946 3261 ὑπευθύνων
2976 3207 3071 3274 τῆς
3120 3207 3278 3283 ὀργῆς
3309 3212 3399 3266 τοῦ
3428 3207 3593 3281 Θεοῦ,
3638 3212 3758 3270 ἀλλ’

2157 3290 2473 3368 ἐσφράγισεν
2506 3296 2646 3366 ἡμᾶς
2678 3292 2768 3349 καὶ
2800 3292 3067 3374 ἀφώρισεν
3110 3292 3160 3330 9⁸
3206 3297 3281 3362 εἰς
3322 3295 3382 3353 τὸ
3420 3286 3554 3355 εἶναι
3598 3299 3757 3360 λελυο

2154 3380 2454 3457 τρωμένους
2500 3382 2562 3439 ἐκ
2613 3381 2832 3453 ταύτης.
2907 3386 3082 3442 Τοῦτο
3152 3375 3241 3442 οὖν
3311 3387 3601 3456 λυποῦντες
3663 3393 3756 3451 οὐκ

2154 3469 2552 3548 αἰσχυνόμεθας
2603 3469 2995 3553 Ἐσφράγισταί
3042 3496 3136 3532 σου
3189 3473 3249 3532 τὸ
3295 3474 3470 3553 στόμα
3523 3479 3626 3537 ὕπὸ
3665 3484 3754 3540 τοῦ

2155 3559 2488 3632 Πνεύματος,
2538 3557 2677 3619 ὥστε
2743 3560 2912 3637 μηδὲν
2965 3560 3178 3631 ἀνάξιον
3231 3563 3389 3623 αὐτοῦ
3441 3564 3633 3644 λέγειν’
3677 3570 3753 3646 μὴ

2148 3648 2308 3727 λύσῃς
2336 3647 2388 3686 9⁷
2418 3649 2513 3721 τὴν
2545 3651 2836 3729 σφραγῖδα.

2237 3759 2266 3795 (‹
2304 3741 2462 3797 nam
2497 3738 2704 3818 πικρία,
2743 3740 2834 3797 καὶ
2874 3740 3057 3814 θυμὸς,
3089 3741 3181 3801 καὶ
3211 3743 3364 3820 ὀργὴ,
3398 3743 3490 3802 καὶ
3519 3746 3749 3827 κραυγὴ,

2148 3826 2238 3884 καὶ
2281 3828 2599 3909 βλασφημία
2633 3829 2847 3907 ἀρθήτω
2876 3832 2968 3908 ἀφ’
2994 3833 3168 3900 ὑμῶν,
3216 3832 3308 3890 σὺν
3337 3833 3486 3913 πάσῃ
3518 3826 3703 3915 κακίᾳ,
3729 3865 3753 3890 ιι

2147 3917 2342 3975 Ἀνεὶλε
2396 3920 2491 3994 μὲν
2551 3916 2641 3975 καὶ
2685 3919 2773 3977 διὰ
2818 3924 2924 3977 τῶν
2974 3919 3174 3980 ἀνωθεν
3235 3920 3288 3959 9⁸
3343 3922 3606 4002 ῥηθέντων
3651 3926 3750 3998 τὴν

2144 4004 2332 4097 ὀργὴν,
2372 4006 2475 4097 καὶ,
2512 4011 2601 4064 νῦν
2646 4006 2702 4066 δὲ
2733 4008 3013 4089 πρόῤῥιζον
3062 4009 3226 4082 αὐτὴν
3282 4012 3521 4093 ἀνασπᾷ·
3570 4018 3604 4086 ἡ
3645 4015 3749 4097 γὰρ

2144 4094 2354 4170 πικρία,
2396 4096 2488 4153 καὶ
2538 4102 2632 4155 τοῦ
2675 4101 2839 4173 θυμοῦ
2884 4099 2976 4156 καὶ
3016 4104 3110 4170 τῆς
3163 4103 3322 4178 ὀργῆς
3372 4102 3510 4178 ῥίζα.
3560 4094 3750 4164 Ἐπειζ

2146 4182 2240 4239 δὰν
2292 4182 2394 4261 γὰρ
2464 4187 2492 4243 ὁ
2547 4184 2719 4263 χυμὸς
2784 4188 2970 4268 πικρὸς
3025 4188 3243 4265 γένηται
3295 4190 3748 4268 δριμυσσόμενος,

2145 4271 2233 4328 ἐπὶ
2276 4270 2435 4332 πλέον
2485 4274 2791 4348 ὑπερϐαίνει
2855 4277 2916 4336 τὸ
2964 4276 3151 4353 στέγον
3202 4283 3445 4357 ἀγγεῖον,
3496 4282 3588 4340 καὶ
3629 4284 3748 4343 καθ’

2140 4357 2261 4419 ὅλου
2291 4366 2467 4440 χεῖται
2514 4369 2606 4421 τοῦ
2661 4363 2935 4449 σωματος,
2981 4370 3072 4425 καὶ
3120 4368 3358 4445 ἐκθηριοῖ
3401 4366 3492 4427 τὸν
3532 4371 3741 4449 ἄνθρω-

2141 4472 2261 4508 πον.
2320 4452 2518 4529 Πικρία
2555 4450 2651 4528 μὲν
2696 4444 2785 4513 οὖν
2818 4458 2959 4514 ἐστιν
3003 4462 3037 4527 ἡ
3070 4444 3388 4533 ὓπουλύτης,
3423 4460 3456 4529 ἡ
3489 4444 3746 4535 δολιότης,

426 4546 769 4619 prmparatio.
818 4547 1125 4620 Indignatio
1161 4527 1366 4606 auth
1400 4527 1500 4607 irae
1551 4561 1635 4606 est
1668 4552 2020 4624 principium,

2154 4542 2172 4610 ἡ
2206 4540 2333 4620 πρὸς
2369 4527 2441 4631 τδ
2474 4527 2778 4602 κακοποιεῖν
2826 4548 3142 4621 παρασκευή
3195 4545 3263 4585 99'
3305 4545 3465 4624 θυμὸς
3498 4548 3553 4606 δὲ
3600 4527 3745 4631 ἀρχῆ

425 4638 591 4695 veluti
620 4638 869 4694 accensio
890 4639 1168 4708 quaedam.
1204 4642 1288 4693 Ira
1310 4648 1497 4694 autem
1524 4648 1629 4702 est,
1663 4657 1787 4711 quae
1810 4642 1925 4713 jam
1955 4642 2025 4698 ad

426 4740 568 4793 Opus
593 4728 918 4798 patrandum
958 4737 1160 4800 turget.
1186 4728 1324 4796 Quia
1367 4744 1494 4784 vero
1522 4729 1607 4785 ira
1632 4730 1733 4805 nisi
1769 4730 2026 4787 habuerit

424 4816 728 4873 clamorem
755 4818 915 4872 simul
942 4816 1380 4873 inflammantem
1412 4818 1605 4889 ipsam,
1634 4816 1794 4875 facile
1820 4821 2025 4876 exstin-

424 4905 633 4979 guitur,
654 4905 873 4977 adjicit:
909 4907 1072 4979 Quod
1101 4910 1311 4963 clamor
1334 4907 1497 4963 etiam
1522 4909 1768 4973 tollatur,
1792 4910 1898 4964 hoc
1917 4917 2019 4979 est,

423 4995 782 5062 oblitteretur,
812 5004 877 5051 ut
905 4996 1068 5052 nulla!
1085 4996 1221 5051 adeo
1252 4996 1494 5068 reliquiae
1526 5007 1804 5055 maneant.
1839 5001 2024 5071 Equus

421 5086 569 5141 enim
592 5094 677 5141 est
701 5084 1043 5153 vociferatio,
1089 5101 1347 5142 ascensor
1371 5096 1561 5144 autem
1610 5088 1690 5143 ira
1747 5110 1761 5145 :
1818 5089 2019 5159 impedi

420 5189 651 5246 equum,
677 5183 733 5231 et
753 5175 1058 5231 subvenisti
1087 5192 1459 5232 ascensorem.
1512 5178 1664 5233 Tolle
1688 5178 1854 5233 etiam
1883 5179 2021 5234 blas-

418 5265 722 5336 phemiam,
779 5265 895 5320 sive
933 5265 1267 5331 convicium,
1306 5266 1456 5338 quod
1499 5267 1744 5322 nascitur
1802 5284 1868 5323 ex
1911 5267 2012 5325 ira.

416 5353 682 5411 Accendit
727 5363 913 5411 autem
943 5370 1063 5410 eam
1107 5355 1488 5411 vehementius
1532 5372 1630 5427 per
1668 5355 2015 5413 vociferatio-

414 5457 565 5499 nem.
599 5443 739 5513 Quia
779 5458 906 5498 vero
938 5443 1181 5516 plerique
1232 5452 1362 5500 sunt
1389 5444 1478 5517 qui
1533 5446 1841 5501 clanculum
1875 5463 2019 5503 mor-

416 5521 605 5590 deant,
658 5522 798 5579 nihil
849 5524 1077 5595 quidem
1135 5526 1319 5596 palam
1365 5525 1637 5596 dicentes;
1698 5526 2018 5583 mordentes

2139 4630 2319 4708 ὅργῆς,
2360 4621 2465 4689 οἷον
2502 4633 2849 4707 ἀναθυμίασίς
2894 4658 2972 4701 τις
3002 4634 3093 4696 ὤν’
3141 4634 3275 4714 ὀργὴ
3327 4621 3401 4707 δὲ,
3442 4641 3475 4708 ἡ

2138 4719 2197 4776 τὸ
2245 4721 2556 4797 ἐργάζεσθαί
2585 4748 2637 4781 τι
2681 4726 2913 4803 ὀργῶσα.
2964 4724 3121 4787 Ἐπεὶ
3151 4726 3207 4784 δὲ
3260 4729 3293 4797 ἡ
3327 4725 3483 4803 ὀργὴ,
3539 4728 3630 4787 ἐὰν
3665 4729 3740 4805 μὴ

2136 4810 2235 4887 ἔχῃ
2266 4812 2361 4879 τὴν
2390 4814 2628 4889 κραυγὴν
2662 4814 3079 4874 συνεκκαίουσαν
3113 4815 3299 4888 αὐτὴν,
3331 4815 3539 4897 ταχέως
3587 4818 3741 4877 σϐέν-

2134 4922 2309 4965 νυται,
2336 4903 2520 4977 φησὶν,
2545 4904 2624 4958 ὅτι
2655 4925 2685 4960 (ι
2711 4902 2870 4973 Καὶὴ
2898 4904 3104 4980 κραυγὴ
3124 4905 3358 4984 ἀρθήτω
3386 4929 3415 4961 ν
3446 4905 3736 4980 τουτέστιν,

2142 4988 2521 5076 Αφανισθήτω,
2587 4991 2752 5066 μηδὲν
2805 4994 3051 5073 λείψανον
3107 4994 3331 5071 μενέτω.
3386 4993 3587 5062 Ἵππος
3635 4996 3740 5076 γάρ

2133 5075 2351 5166 ἐστινὴ
2412 5080 2641 5158 κραυγὴ,
2695 5081 2968 5156 ἀναϐάτης
3017 5083 3072 5143 δὲ
3126 5088 3158 5154 ἡ
3209 5083 3362 5166 ὀργή*
3413 5075 3734 5162 συμπόδισον

2132 5163 2219 5222 τὸν
2270 5163 2455 5240 ἵππον,
2508 5173 2597 5226 καὶ
2647 5172 3013 5253 κατέστρεψας
3063 5173 3150 5233 τὸν
3208 5163 3490 5248 ἐπιϐάτην.
3555 5173 3733 5236 Ἀνελε

2132 5254 2186 5313 δὲ
2216 5256 2306 5312 καὶ
2353 5260 2449 5328 τὴν
2487 5260 2854 5341 βλασφημίαν,
2896 5261 3016 5333 ἤτοι
3048 5263 3345 5340 λοιδορίαν,
3380 5263 3496 5336 ἥτις
3543 5273 3730 5342 γεννᾶ-

2131 5366 2217 5401 ται
2272 5342 2365 5420 μὲν
2415 5347 2565 5405 ἀπὸ⁴
2613 5355 2705 5421 τῆς
2734 5352 2920 5430 ὀργῆς,
2954 5354 3257 5411 συνεκκαίει
3316 5352 3372 5411 δὲ
3430 5354 3519 5413 ἐπὶ
3553 5358 3731 5428 μεῖζον

2129 5431 2296 5523 αὐτὴν
2347 5432 2434 5492 διὰ
2484 5440 2577 5508 τῆς
2631 5444 2883 5519 κραυγῆς.
2945 5440 3104 5500 Ἐπεὶ
3152 5440 3208 5500 δὲ
3249 5442 3437 5503 πολλοὶ
3468 5445 3734 5523 λαθροδῆ-

2130 5522 2257 5580 κταί
2286 5524 2420 5597 εἶσι,
2453 5526 2618 5602 μηδὲν
2648 5528 2744 5603 μὲν
2797 5528 2822 5564 ²
2866 5529 3125 5607 λέγοντες,
3179 5532 3452 5598 δάκνοντες
3502 5533 3557 5591 δὲ
3602 5558 3733 5611 κρυ-

1810 5636 2004 5696 Variae
2038 5639 2337 5699 lectiones.

492 5736 537 5771 ⁸³
558 5736 711 5807 μόνον
760 5752 814 5793 0.

413 5835 505 5869 κακ
515 5855 526 5869 .
547 5820 976 5888 παρεσκευασμένη
1006 5836 1059 5875 ο.

895 5737 937 5770 οι
980 5736 1115 5810 εἴπερ
1157 5755 1215 5795 ο,
1294 5740 1337 5774 95
1368 5738 1419 5794 ἐν
1460 5758 1514 5798 ο,
1592 5740 1636 5774 9⁸
1684 5740 1909 5814 ἐφόρεσεν
1958 5760 2011 5800 0.

1140 5819 1155 5852 ¹
1183 5819 1279 5873 ὕπὸ
1317 5837 1371 5876 0.
1447 5822 1469 5854 ’³
1496 5823 1628 5894 μέγα
1653 5839 1707 5880 0.

2091 5744 2133 5777 9⁷
2169 5749 2214 5798 τί
2251 5742 2337 5801 οὖν
2364 5747 2497 5812 λύεις
2539 5767 2593 5809 o.

2670 5752 2715 5787 9‘3
2758 5752 2977 5826 ἀνωτὲρη
3005 5770 3058 5811 ο.
3137 5755 3180 5789 ⁰⁹
3196 5756 3482 5829 καχυποψία
3516 5761 3633 5830 πρὸς
3669 5760 3728 5812 τὸ
