4124 6482
358 559 487 612 H0!

1228 559 1578 616 EXPOSITIO
1622 559 1685 612 IN
1727 552 1940 610 EPIST.
1981 550 2072 604 AD
2115 552 2351 606 EPHES.
2394 583 2462 591 —
2501 555 2650 610 CAP.
2693 557 2757 608 ν.

3528 562 3665 614 1102

353 681 501 758 φίως,
536 681 627 740 καὶ
673 683 848 765 ἀφανῆ
898 683 988 742 καὶ
1018 681 1414 763 ἐνδομυχοῦσαν
1455 683 1552 750 τὴν
1587 681 1777 742 κακίαν
1821 684 1949 738 ὕπο-

2070 685 2244 735 autem
2272 679 2598 748 clanculum,
2633 680 2923 737 obscuram
2955 689 3011 737 et
3039 681 3376 739 reconditam
3397 683 3662 740 malitiam

351 777 648 851 τηροῦντεςο
699 771 788 831 διὰ
845 777 1000 831 τοῦτο
1051 774 1367 851 προσέθηκε,
1432 796 1461 832 α
1515 771 1624 834 Σὺν
1675 772 1822 849 πάσῃ
1856 794 1954 829 κα-

352 861 470 941 κίᾳ,
511 884 540 918 ι)
575 861 836 938 τουτέστι,
866 861 960 921 καὶ
990 871 1156 942 μικρᾷ
1190 863 1281 921 xui
1314 862 1545 944 μεγάλῃ.

442 973 470 1007 α
505 949 720 1011 Γίνεσθε
750 949 807 1009 δὲ
839 953 912 1017 εἷς
961 952 1224 1023 ἀλλήλους
1269 955 1517 1031 χρηστοὶ,
1569 951 1951 1030 εὔσπλαγχνοι,

353 1041 693 1120 χαριζόμενοι
745 1043 972 1107 ἑαυτοῖς.
1020 1062 1048 1098 ι)
1111 1039 1270 1100 Ἐπεὶ
1319 1039 1372 1100 δὲ
1425 1042 1520 1100 οὔκ
1570 1044 1720 1120 ἀρκεῖ
1767 1046 1800 1112 ἡ
1849 1041 1952 1098 τῶν

353 1133 534 1188 κακῶν
588 1127 768 1208 ἀποχὴ
819 1129 950 1210 πρὸς
987 1129 1048 1188 τὸ
1092 1133 1272 1210 τυχεῖν
1322 1135 1418 1199 τῆς
1468 1130 1766 1210 βασιλείας,
1816 1127 1954 1187 ἀλλὰ

353 1218 433 1276 δεῖ
477 1217 569 1276 xui
613 1221 706 1288 τῆς
753 1221 859 1278 τῶν
901 1221 1113 1295 ἀγαθῶν
1158 1219 1405 1300 ἐργασίας
1461 1222 1526 1298 (εἰ
1566 1219 1668 1299 γὰρ
1718 1219 1953 1299 ἐλλείψο⁸

356 1332 452 1386 μεν
483 1311 655 1387 ἀγαθῇ
700 1307 890 1389 πράξει
933 1308 981 1382 ³,
1015 1310 1087 1375 εἰς
1119 1308 1332 1388 γέενναν
1365 1308 1683 1390 ῥιπτόμεθα,
1731 1308 1828 1367 κᾶν
1880 1308 1954 1384 μὴ

354 1396 518 1456 κακὸν
571 1396 881 1477 πράξωμεν,
937 1401 1009 1466 ὡς
1065 1399 1223 1468 δῆλον
1286 1401 1394 1458 ἀπὸ
1453 1401 1664 1458 πολλῶν
1730 1403 1783 1457 ἐν
1851 1406 1958 1464 τοῖς

356 1485 700 1564 Εὗαγγελίοις
797 1487 884 1548 διὰ
916 1492 1070 1546 τοῦτο
1099 1490 1126 1546 ὃ
1173 1491 1384 1555 Παῦλος
1426 1487 1494 1545 τὰ
1524 1490 1696 1568 φαῦλα
1738 1486 1956 1552 ἀνελὼν,

357 1575 446 1633 ἐπὶ
491 1575 590 1646 τὴν
623 1579 728 1634 τῶν
761 1578 971 1655 ἀγαθῶν
1011 1577 1263 1658 ἐργασίαν
1306 1581 1639 1656 παρακαλεῖ,
1685 1579 1777 1638 καί
1810 1599 1956 1659 φησι·

365 1695 390 1720 «ι
428 1668 646 1728 Γίνεσθε
686 1669 933 1749 χρηστοὶ,
973 1694 1002 1725 ao
1037 1671 1166 1748 πρὸς
1213 1671 1614 1742 ἀντιδιαστολὴν
1658 1675 1752 1742 τῆς
1781 1672 1957 1748 ὀργῆς·

366 1781 395 1816 α
429 1757 815 1839 εὔσπλαγχνοι,
866 1781 897 1816 )›
947 1759 1076 1839 πρὸς
1130 1758 1532 1832 ἀντιδιαστολὴν
1583 1765 1678 1832 τῆς
1729 1757 1958 1838 πικρίας·

370 1871 399 1906 (ί
426 1847 768 1928 χαριζόμενοι
816 1852 1041 1921 ἑαυτοῖς,
1106 1872 1136 1906 ›)
1193 1849 1452 1922 τουτέστι,
1519 1848 1954 1928 συγγνωμονικοὶ,

359 1939 450 1998 xui
479 1947 588 2006 τοῖς
633 1937 1030 2019 ἁμαρτάνουσιν
1081 1940 1341 2020 ἀφιέντες,
1389 1939 1517 2018 πρὸς
1561 1938 1958 2010 ἀντιδιαστολὴν

2071 1943 2283 1997 veniam
2329 1941 2572 1999 inclinati

358 2032 453 2100 τῆς
481 2025 670 2094 κακίας
695 2027 786 2086 xui
820 2027 1189 2109 βλασφημίας.

444 2139 472 2174 ‹(
511 2115 702 2184 Καθὼς
729 2117 820 2175 xui
853 2121 882 2176 ὁ
912 2118 1049 2185 Θεὸς
1085 2117 1375 2199 ἐχαρίσατο
1414 2123 1541 2196 ἡμῖν
1574 2119 1595 2156 ’⁵
1648 2119 1698 2176 ἐν
1740 2121 1958 2198 Χριστῷ

355 2206 553 2281 Ἰησοῦ.
585 2234 607 2259 ιι
655 2206 880 2280 Ἐπειδὴ
913 2209 1400 2288 δυσωπητικώτερα
1427 2207 1494 2267 τὰ
1525 2209 1958 2289 παραδείγματα,

357 2297 446 2356 τὸν
497 2295 636 2357 Θεὸν
678 2296 911 2377 παράγει
941 2299 1012 2364 εἷς
1064 2297 1384 2374 ὑπόδειγμα.
1439 2297 1547 2358 Καὶ
1586 2297 1816 2369 ἠδύνατο
1863 2295 1959 2374 μὲν

361 2388 553 2461 εἰπεῖν,
603 2383 682 2442 ὅτι
734 2390 761 2445 ὁ
814 2385 950 2452 Θεὸς
1001 2377 1164 2444 εἶπεν·
1227 2415 1251 2439 ‹‹
1311 2383 1502 2467 Ἄφετε
1552 2386 1644 2446 xui
1694 2388 1959 2466 ἀφεθήσε-

361 2480 451 2534 σθε
480 2475 526 2513 δ’
562 2498 590 2532 ι)
625 2474 766 2546 πλὴν
807 2476 924 2534 ἐπεὶ
967 2479 1074 2542 τοῖς
1107 2475 1390 2552 μέλλουσιν
1426 2478 1708 2536 ἀπιστοῦσι
1750 2476 1957 2551 πολλοὶ,

359 2563 428 2622 τὰ
481 2565 839 2643 προγεγονότα
888 2565 1122 2645 παράγει
1173 2567 1244 2632 εἰς
1290 2567 1350 2625 τὸ
1405 2565 1593 2643 μέσον,
1643 2568 1738 2626 καί
1780 2591 1958 2648 φησιν,

360 2655 440 2713 ὅτι
462 2681 486 2708 σι
510 2657 580 2715 Ὅ
599 2656 734 2722 Θεὸς
756 2654 1188 2734 ἐχαρίσατο-ἡμῖν
1209 2657 1254 2716 θ,
1277 2679 1307 2711 »
1336 2657 1489 2729 Πῶς,
1512 2678 1541 2713 (ι
1560 2656 1650 2714 Ἐν
1671 2659 1909 2737 Χριστῷ,
1937 2683 1958 2708 υ

362 2744 629 2816 τουτέστι,
661 2745 798 2820 μετὰ
827 2749 922 2802 τοῦ
952 2744 1196 2804 κινδύνου
1243 2751 1333 2804 τοῦ
1365 2747 1497 2805 Υἱοῦ
1549 2747 1711 2804 αὐτοῦ
1749 2746 1838 2804 xui
1868 2750 1961 2818 τῆς

363 2839 568 2914 σφαγῆς
616 2835 796 2895 αὐτοῦ.
851 2833 930 2895 Σὺ
981 2832 1078 2910 μὲν
1110 2834 1212 2914 γὰρ
1263 2834 1388 2901 ἴσως
1425 2834 1708 2903 ἀκινδύνως
1735 2835 1956 2916 χαρίζῃ’

361 2924 554 2990 ἐκεῖνος
600 2925 656 2983 δὲ
690 2926 792 3004 οὐχ
840 2922 1022 2989 οὕτως⁸
1071 2924 1162 2982 xui
1211 2922 1273 2983 σὺ
1321 2923 1416 3000 μὲν
1464 2927 1540 3005 τῷ
1595 2926 1806 3007 ἀδελφῷ
1845 2949 1959 3001 σου,

360 3015 556 3080 ἐκεῖνος
586 3012 642 3071 δὲ
673 3013 756 3071 σοὶ
782 3014 954 3093 ἐχθρῷ
984 3012 1095 3072 ὄντι
1127 3015 1299 3092 ἀφῆκε
1335 3013 1426 3072 xui
1466 3014 1778 3095 ἐχαρίσατο.
1811 3013 1961 3093 ιὈρα

363 3101 437 3176 δὲ,
467 3107 582 3168 πῶς
628 3102 746 3161 ἀντὶ
776 3108 870 3161 τοῦ
904 3103 1091 3177 εἰπεῖν,
1140 3102 1498 3183 Χαριζόμενοι
1537 3105 1806 3177 ἀλλήλοις,
1845 3096 1961 3164 εἷπε

2058 769 2466 840 subservantes,
2495 779 2781 842 propterea
2807 770 3010 843 adjicit,
3057 794 3082 820 α
3130 773 3270 828 Cum
3301 773 3454 829 omni
3495 775 3648 830 mali-

2060 858 2158 927 tia,
2190 880 2218 912 »
2251 859 2358 915 hoc
2385 869 2488 930 est,
2520 868 2576 916 et
2607 860 2825 917 modica
2852 871 2908 917 et
2935 877 3154 934 magna.

2133 951 2317 1005 Vnus.
2369 957 2459 1007 32.
2495 974 2520 999 ιο
2551 953 2742 1006 Estote
2771 959 2961 1007 autem
2993 951 3226 1008 invicem
3256 968 3466 1020 comes,
3498 953 3662 1010 mise-

2061 1039 2327 1106 ricordes,
2364 1039 2738 1097 condonantes
2767 1041 3073 1114 vobisipsis.
3126 1066 3151 1092 ι»
3195 1042 3334 1112 Quia
3387 1058 3506 1098 non
3532 1043 3662 1099 satis

2064 1138 2146 1185 est
2181 1145 2212 1185 a
2261 1131 2415 1186 malis
2455 1131 2727 1187 abstinere
2792 1139 2856 1186 ut
2901 1148 3133 1204 regnum
3184 1132 3512 1204 assequeris,
3565 1132 3664 1189 sed

2065 1220 2342 1276 bonorum
2389 1235 2619 1292 operum
2661 1221 2903 1292 peractio
2934 1221 3100 1276 etiam
3128 1229 3211 1278 est
3234 1223 3542 1279 necessaria
3598 1222 3658 1287 (si

2064 1308 2210 1363 enim
2255 1309 2464 1365 bonum
2520 1311 2734 1382 operari
2773 1311 3304 1382 praetermiserimus,
3355 1312 3417 1367 in
3467 1311 3664 1383 gehen-

2064 1413 2195 1454 nam
2243 1400 2672 1471 praecipitamur,
2715 1400 2931 1456 etiamsi
2966 1400 3179 1456 malum
3206 1416 3321 1456 non
3347 1407 3657 1473 operemur,

2070 1496 2130 1542 ut
2157 1504 2222 1544 ex
2244 1489 2431 1544 multis
2459 1487 2738 1561 Evangelii
2767 1491 2902 1546 locis
2920 1490 3173 1562 liquet“);
3230 1490 3375 1547 hanc
3420 1490 3492 1546 ob
3544 1505 3664 1546 rem

2069 1583 2288 1650 Paulus,
2318 1583 2544 1638 sublatis
2573 1584 2750 1652 malis,
2782 1584 2850 1640 ad
2876 1585 3150 1640 bonorum
3171 1584 3545 1655 operationem
3568 1586 3662 1641 ad-

2069 1671 2341 1739 hortatur,
2379 1697 2400 1720 α
2440 1676 2642 1740 Estote,
2677 1696 2703 1724 υ
2739 1673 3009 1746 inquiens,
3046 1697 3070 1721 ‹ι
3099 1689 3309 1743 comes,
3339 1693 3365 1726 »
3397 1674 3463 1730 ad
3497 1691 3664 1747 oppo-

2069 1761 2319 1818 sitionem
2371 1762 2511 1819 ira}:
2562 1762 3016 1830 «misericordes,
3065 1786 3092 1813 υ
3137 1773 3200 1819 ut
3241 1773 3485 1835 opponat
3512 1780 3667 1820 ama-

2069 1852 2322 1908 rulentiae
2355 1872 2366 1908 :
2403 1876 2429 1901 κ
2475 1852 2847 1910 condonantes
2878 1853 3190 1924 vobisipsis,
3222 1873 3249 1905 »
3285 1852 3393 1909 hoc
3442 1862 3555 1920 est,
3594 1854 3665 1910 ad

2639 1961 2653 1999 :
2704 1951 2760 1999 et
2803 1943 3156 2015 peccantibus
3197 1942 3560 2012 dimittentes,
3607 1953 3670 2000 ut

2068 2041 2307 2105 opponat
2329 2031 2558 2088 malitiae
2594 2040 2652 2088 et
2675 2032 3050 2104 blasphemiae.

2147 2143 2173 2171 ι(
2215 2122 2366 2178 Sicut
2393 2131 2449 2178 et
2487 2126 2639 2179 Deus
2668 2123 2895 2179 donavit
2921 2122 3079 2179 nobis
3108 2124 3160 2178 in
3192 2123 3412 2179 Christo
3440 2125 3592 2180 Jesu.
3639 2148 3664 2174 υ

2068 2212 2346 2283 Quoniam
2375 2213 2620 2284 exempla
2647 2212 2823 2284 magis
2850 2220 3092 2279 movent,
3126 2214 3306 2267 Deum
3336 2228 3434 2283 pro
3481 2228 3666 2268 exem-

2071 2302 2161 2371 plo
2192 2301 2468 2374 producit.
2498 2304 2781 2358 Potuisset
2807 2301 3040 2374 quidem
3070 2301 3278 2373 dicere,
3331 2303 3479 2358 Deus
3504 2302 3666 2368 dixit,

2073 2415 2097 2440 ‹‹
2158 2391 2457 2462 Dimittite,
2497 2401 2551 2448 et
2579 2391 2889 2448 dimittetur
2935 2391 3122 2448 vobis°
3156 2409 3170 2445 :
3215 2415 3240 2440 ιι
3283 2400 3670 2448 verumtamen

2067 2481 2197 2553 quia
2236 2480 2307 2536 de
2351 2479 2552 2537 futuris
2595 2483 2759 2538 rebus
2804 2481 3046 2554 plerique
3074 2481 3345 2548 dubitant,
3389 2495 3511 2552 quae
3546 2481 3667 2554 jam

2068 2580 2193 2626 ante
2236 2579 2509 2626 transacta
2547 2579 2696 2636 sunt,
2727 2571 2795 2626 .in
2825 2570 3074 2627 medium
3127 2571 3358 2641 promit,
3390 2570 3665 2641 inquiens,

2073 2685 2098 2708 α
2165 2663 2314 2716 Deus
2363 2660 2592 2717 donavit
2659 2659 2835 2716 nobis.
2889 2684 2914 2708 ››
2958 2659 3282 2729 Quomodo?
3322 2662 3388 2714 In
3423 2660 3665 2729 Christo,

2070 2747 2174 2804 hoc
2201 2757 2304 2813 est,
2349 2765 2476 2804 cum
2506 2749 2746 2820 periculo
2780 2748 2905 2804 Filii
2934 2748 3017 2805 sui
3061 2748 3500 2820 mactationeque
3524 2749 3663 2821 ejus.

2069 2839 2153 2894 Tu
2188 2837 2420 2895 fortasse
2455 2839 2590 2895 citra
2643 2838 2948 2911 periculum
2995 2837 3201 2906 donas;
3251 2839 3343 2894 ille
3379 2854 3507 2894 vero
3556 2855 3671 2894 non

2067 2928 2189 2984 sic:
2230 2936 2382 2984 actu
2419 2928 2648 3001 quidem
2687 2927 2849 2984 fratri
2890 2935 3016 2995 tuo;
3066 2927 3160 2982 ille
3203 2943 3333 2982 vero
3371 2927 3495 2996 tibi,
3539 2943 3668 2983 cum

2073 3017 2247 3074 hostis
2297 3034 2464 3086 esses,
2509 3018 2724 3074 remisit
2766 3034 2831 3074 ac
2880 3017 3130 3073 donavit.
3189 3016 3437 3072 Observa
3484 3025 3672 3073 autem

2029 3174 2042 3195 ‘
2070 3107 2350 3181 quomodo
2380 3124 2480 3180 pro
2523 3125 2588 3164 eo
2616 3107 2765 3181 quod
2794 3107 3015 3177 diceret,
3049 3105 3325 3162 donantes
3349 3106 3487 3162 alter
3515 3107 3675 3162 alteri

360 3192 439 3265 τὸ,
471 3214 499 3249 ι(
518 3190 780 3260 Ἑαυτοῖς·
807 3215 836 3250 ι)
864 3191 1112 3252 δεικνύων
1135 3191 1216 3251 ὅτι
1239 3193 1364 3252 ὅταν
1389 3193 1568 3262 ἄλλοις
1589 3195 1742 3254 ἄλλοι
1765 3197 1788 3233 ⁷
1808 3218 1846 3275 χ
1851 3220 1959 3274 αρι-

2070 3175 2288 3267 dixerit,
2326 3218 2355 3251 (ι
2382 3175 2553 3254 ὶῖοιιὶε
2574 3175 2724 3269 ipsis,
2767 3217 2795 3248 ι)
2847 3175 3141 3253 ostendens
3173 3212 3266 3268 per
3289 3194 3417 3263 hoc,
3452 3195 3604 3268 quod
3628 3196 3674 3252 si

362 3281 604 3360 ζώμεθα,
655 3283 727 3349 εἰς
777 3285 921 3359 ἡμᾶς
966 3280 1155 3348 αὐτοὺς
1203 3281 1300 3354 τὴν
1351 3283 1509 3364 χάριν
1561 3289 1812 3362 ποιοῦμεν
1843 3284 1965 3344 ἔκα-

363 3391 502 3436 στος.

935 3461 982 3517 Κ
996 3459 1225 3518 ΕΦΑΛ.
1274 3457 1396 3518 16'.

445 3592 468 3617 α
518 3565 736 3626 Γίνεσθε
769 3555 859 3624 οὔν
890 3564 1126 3643 μιμηταὶ
1176 3570 1268 3624 τοῦ
1299 3567 1464 3642 Θεοῦ,
1513 3566 1585 3632 ὥς
1621 3567 1779 3625 τέκνα
1831 3573 1965 3645 ἀγα-

364 3656 534 3728 πητά.
569 3684 595 3709 ν
627 3655 722 3722 Ὡς
751 3659 779 3713 ὁ
809 3657 1086 3728 Δεσπότης
1117 3679 1176 3714 σε
1226 3655 1530 3735 ἠγάπησεν,
1584 3657 1863 3730 ἀγάπησον
1900 3658 1962 3717 σὺ

363 3745 450 3804 τὸν
482 3746 725 3827 ἀδελφὸν,
758 3747 849 3804 καὶ
879 3745 1132 3820 ἐμιμήσω
1173 3744 1311 3804 Θεὸν
1343 3745 1483 3804 κατὰ
1513 3744 1577 3804 τὸ
1605 3746 1846 3808 δυνατόν.
1881 3751 1963 3808 Οὐ

363 3835 466 3916 γὰρ
520 3835 660 3895 ἔστιν
711 3836 934 3892 ἐνταῦθα
982 3834 1167 3892 πενίαν
1223 3833 1586 3914 αἰτιάσασθαι,
1629 3835 1719 3894 καὶ
1771 3839 1962 3912 εἰπεῖν,

362 3925 444 4000 ὅτι
475 3922 606 3984 ’an
651 3922 864 4003 ἀφήσω,
895 3925 1208 3999 ζημιοῦμαι·
1243 3923 1363 3983 ἀλλ’
1403 3923 1532 4003 ἄφες
1568 3927 1644 4004 τῷ
1679 3925 1965 3984 πταίσαντι

366 4014 649 4080 ἀδαπάνως
711 4010 804 4071 xui
859 4011 1146 4093 ἀζημίως,
1184 4012 1275 4070 καὶ
1338 4012 1628 4091 ἐκέρδησας
1694 4015 1861 4093 μέγα,
1906 4016 1966 4074 τὸ

367 4100 710 4179 μιμήσασθαι
746 4099 836 4158 τὸν
884 4100 1043 4161 Θεόν.
1075 4091 1212 4160 Εἶτα
1243 4102 1334 4158 καὶ
1385 4102 1554 4172 ἄλλην
1599 4103 1624 4139 8
1656 4104 1831 4162 αἰτίαν
1884 4107 1964 4163 εὖ-

365 4189 673 4270 γενεστέραν
725 4189 750 4226 9
805 4188 1028 4261 τίθησιν.
1085 4218 1108 4242 ‹‹
1171 4188 1270 4258 ²Ως
1319 4191 1476 4249 τέκνα
1534 4218 1557 4244 ιο
1607 4191 1728 4271 γὰρ,
1779 4195 1959 4273 φησὶν,

367 4307 391 4333 ι
430 4278 704 4358 ἀγαπητά·
739 4306 764 4333 η
793 4282 1053 4351 τουτέστι,
1086 4278 1198 4339 Καὶ
1243 4280 1410 4350 ἀλλην
1450 4280 1498 4316 ¹⁰
1528 4282 1765 4362 ἀνάγκην
1812 4283 1962 4363 ἔχετε

369 4375 648 4448 μιμεῖσθαι
689 4367 778 4428 τὸν
834 4371 1058 4448 Πατέρα
1101 4372 1248 4444 ὑμῶν
1300 4369 1372 4430 ⁴¹.
1410 4370 1570 4429 Ἐπεὶ
1604 4372 1658 4428 δὲ
1693 4372 1751 4431 οὐ
1791 4374 1966 4434 πάντα

367 4459 436 4517 τὰ
464 4458 623 4518 τέκνα
657 4461 902 4536 μιμεῖται
931 4459 1019 4516 τὸν
1051 4460 1278 4538 πατέρα,
1310 4459 1606 4540 προσέθηκε
1636 4460 1720 4534 τὸ,
1750 4484 1781 4521 α
1815 4461 1970 4543 Ἀγα-

368 4549 531 4621 πητά·
569 4575 594 4601 ιο
628 4552 676 4607 οἱ
705 4546 812 4627 γὰρ
841 4553 1063 4606 τοιοῦτοι
1094 4545 1214 4613 τοὺς
1258 4549 1496 4628 πατέρας
1527 4556 1837 4628 μιμοῦνται.

455 4659 483 4693 α
523 4637 631 4698 Kui
676 4638 1018 4718 περιπατεῖτε
1064 4639 1117 4695 ἐν
1151 4635 1360 4716 ἀγάπῃ,
1404 4639 1578 4706 καθὼς
1621 4641 1713 4698 καὶ
1759 4643 1787 4698 ὁ
1830 4645 1965 4722 Χρι-

369 4727 489 4792 στὸς
519 4725 568 4764 ⁴²
599 4726 880 4805 ἠγάπησεν
904 4729 1062 4803 ὑμᾶς,
1096 4724 1188 4784 καὶ
1217 4726 1523 4805 παρέδωκεν
1566 4727 1746 4788 ἑαυτὸν
1794 4755 1964 4806 προσ-

371 4818 535 4897 φορὰν
569 4817 660 4876 καὶ
692 4817 877 4874 θυσίαν
909 4819 985 4896 τῷ
1031 4817 1158 4896 Θεῷ
1188 4818 1258 4883 εἷς
1284 4816 1454 4894 ὀσμὴν
1481 4817 1726 4886 εὐωδίας.
1762 4847 1785 4874 υ
1829 4820 1967 4880 Ἰδοὺ

369 4911 404 4978 ἡ
451 4905 664 4964 πάντων
704 4907 963 4973 ὕπόθεσις-
1001 4904 1198 4979 ταύτης
1240 4905 1342 4986 γὰρ
1394 4905 1581 4982 οὔσης,
1642 4909 1700 4966 οὗ
1745 4912 1971 4990 κραυγὴ,

369 4996 428 5052 οὐ
470 4995 650 5070 θυμὸς,
677 4996 736 5055 οὗ
788 4995 1126 5077 βλασφημία,
1159 4996 1298 5053 ἀλλὰ
1350 4997 1524 5055 πάντα
1569 4998 1847 5078 ἀνῄρηται·
1880 5000 1958 5058 διὸ

370 5083 582 5163 ὕστερον
623 5084 684 5143 τὸ
729 5085 1017 5166 κεφάλαιον
1066 5089 1220 5143 τοῦτο
1264 5085 1465 5145 τέθεικε
1498 5086 1568 5148 ⁴³.
1619 5087 1874 5147 Διδάσκει
1904 5089 1959 5148 δὲ

371 5173 462 5232 xui
519 5173 676 5232 πόθεν
746 5174 1032 5252 ἐγενόμεθα
1078 5173 1254 5234 τέκνα·
1305 5175 1386 5233 ὅτι
1454 5179 1514 5236 ἐκ
1582 5179 1672 5247 τῆς
1723 5179 1956 5254 ἀγάπης.

371 5265 578 5322 Οὐκοῦν
629 5263 899 5342 περιέπειν
960 5262 1158 5337 ταύτην
1218 5263 1527 5345 ὀφείλομεν,
1584 5268 1655 5333 ὡς
1709 5266 1958 5347 πρόξενον

372 5352 656 5431 γενομένην
693 5356 789 5425 τῆς
832 5353 972 5420 θείας
1022 5352 1298 5420 υἱοθεσίας.
1327 5353 1544 5436 εὨσπερ
1593 5355 1693 5437 γὰρ
1745 5361 1965 5416 νοσοῦν-

448 5531 474 5555 ¹²
504 5521 706 5581 Matth.
736 5537 834 5592 III,
868 5527 958 5578 25.
1023 5533 1045 5558 ο
1074 5522 1209 5579 Luc.
1235 5539 1327 5592 v1,
1360 5529 1448 5580 37.

2004 4547 2055 4611 Ι)
2087 4559 2289 4629 posuit,
2349 4581 2373 4607 «
2402 4557 2584 4613 dilecti
2624 4575 2638 4611 :

2073 3286 2240 3360 405
2271 3288 2394 3345 aliis
2419 3288 2506 3343 alii
2546 3289 2836 3354 donemus,
2868 3287 2924 3342 in
2942 3303 3048 3344 nos
3095 3286 3246 3358 ipsos
3292 3285 3492 3358 singuli
3547 3302 3674 3358 gra-
3703 3357 3706 3360 γ

2071 3378 2204 3434 tiam
2235 3377 2629 3449 impendimus.

2694 3478 2934 3533 CAPUT
2957 3478 3023 3531 V.

2141 3577 2322 3630 Vnus.
2363 3581 2408 3629 1.
2443 3597 2466 3621 ‹‹
2523 3577 2708 3630 Estote
2738 3589 2870 3645 ergo
2896 3573 3204 3627 imitatores
3242 3571 3365 3638 Dei,
3408 3570 3548 3627 sicut
3576 3571 3675 3627 ﬁlii

2069 3663 2272 3720 dilecti.
2307 3687 2332 3710 ιι
2361 3661 2855 3733 Quemadmodum
2881 3660 3155 3717 Dominus
3178 3668 3231 3716 te
3255 3659 3481 3727 dilexit,
3512 3660 3593 3714 sic
3613 3669 3676 3716 tu

2071 3753 2234 3824 dilige
2276 3752 2519 3820 fratrem,
2553 3760 2682 3808 tum
2711 3751 2962 3806 imitatus
2990 3766 3047 3805 es
3077 3752 3258 3804 Deum
3291 3765 3391 3821 pro
3439 3747 3672 3804 viribus.

2071 3846 2195 3898 Non
2223 3841 2348 3898 licet
2375 3842 2522 3897 enim
2549 3840 2636 3896 hic
2666 3847 3037 3912 paupertatem
3069 3837 3306 3906 causari,
3368 3853 3433 3892 ac
3471 3836 3676 3905 dicere,

2074 3933 2127 3986 Si
2158 3932 2446 4000 remisero,
2499 3930 2777 3986 damnum
2808 3929 2981 4002 patior
3031 3947 3043 3983 :
3084 3926 3182 3982 sed
3220 3926 3299 3982 illi
3331 3926 3428 3999 qui
3463 3933 3675 3998 peccat,

2073 4023 2246 4094 gratis
2266 4022 2575 4088 remitte,ac
2599 4021 2718 4076 sine
2735 4027 2983 4091 sumptu,
2997 4025 3053 4072 et
3076 4017 3314 4072 lucratus
3334 4032 3390 4072 es
3410 4031 3673 4086 magnum

2077 4111 2425 4178 thesaurum,
2457 4125 2657 4182 nempe
2686 4107 2838 4182 quod
2865 4111 3047 4164 Deum
3069 4107 3316 4162 imitatus
3347 4120 3424 4161 es.
3460 4104 3676 4160 Deinde

2076 4209 2132 4256 et
2158 4201 2318 4256 aliam
2340 4216 2566 4256 causam
2591 4199 2993 4271 praeclariorem
3024 4197 3180 4269 ponit
3208 4214 3221 4250 :
3258 4219 3282 4243 «ι
3316 4196 3472 4251 Sicut
3500 4193 3617 4260 ﬁlii,
3645 4213 3674 4247 »

2079 4289 2276 4361 inquit,
2335 4315 2360 4337 «
2395 4289 2582 4346 dilecti
2627 4308 2641 4345 :
2703 4313 2728 4337 υ
2770 4288 2878 4344 hoc
2923 4295 3024 4353 est,
3077 4286 3245 4343 aliam
3291 4284 3680 4341 necessitatem

2078 4380 2307 4448 habetis,
2338 4378 2589 4435 imitandi
2637 4378 2905 4433 nimirum
2947 4380 3173 4432 Patrem
3221 4384 3487 4432 vestrum.
3526 4375 3684 4442 Quo--

2076 4471 2225 4525 niam
2254 4485 2383 4524 vero
2434 4484 2549 4525 non
2576 4482 2770 4523 omnes
2798 4465 2959 4522 liberi
2990 4465 3277 4521 imitantur
3313 4473 3551 4536 patrem,
3581 4478 3682 4534 ap-

2684 4575 2712 4608 »
2761 4555 2897 4612 tales
2933 4555 3080 4610 enim
3112 4562 3326 4625 patrem
3373 4552 3680 4607 imitantur.

2151 4651 2332 4704 Vens.
2370 4655 2422 4703 2.
2471 4669 2498 4696 «
2528 4648 2599 4701 Et
2654 4645 2932 4700 ambulate
2969 4644 3024 4698 in
3073 4642 3396 4711 dilectione,
3436 4641 3580 4696 sicut
3627 4648 3683 4694 et

2080 4736 2332 4792 Christus
2357 4734 2550 4792 dilexit
2576 4750 2693 4804 vos,
2736 4742 2790 4789 et
2815 4731 3041 4789 tradidit
3067 4731 3313 4803 seipsum
3343 4729 3682 4785 oblationem

2081 4835 2136 4882 et
2164 4825 2405 4883 hostiam
2450 4828 2571 4880 Deo
2601 4825 2659 4880 in
2709 4822 2936 4879 odorem
2973 4821 3137 4877 bona;
3169 4818 3498 4892 fragrantia.
3537 4839 3564 4865 ι
3598 4819 3685 4872 En

2095 4915 2329 4972 )mnium
2352 4913 2772 4970 fundamentum
2793 4911 3046 4966 charitas.
3090 4908 3204 4967 Ubi
3235 4908 3381 4964 enim
3412 4906 3535 4963 haec
3574 4913 3680 4972 est,

2076 5022 2190 5061 non
2217 5005 2448 5070 clamor,
2479 5020 2593 5059 non
2650 5003 2750 5072 ira,
2798 5016 2909 5057 non
2953 4999 3320 5072 blasphemia,
3359 4996 3459 5053 sed
3487 4994 3679 5052 omnia

2075 5097 2288 5153 sublata
2319 5102 2450 5151 sunt
2496 5111 2510 5148 :
2552 5100 2838 5165 propterea
2889 5097 3168 5161 postremo
3211 5099 3489 5142 summam
3534 5082 3680 5139 hanc

2077 5185 2278 5258 posuit.
2328 5188 2509 5240 Docet
2557 5189 2746 5238 autem
2787 5187 2845 5235 et
2892 5178 3038 5235 unde
3089 5176 3221 5233 facti
3258 5175 3440 5231 simus
3488 5171 3679 5238 liberi,

2076 5291 2144 5330 ex
2195 5273 2458 5329 cbaritate
2515 5271 2782 5328 videlicet.
2838 5269 3020 5338 Quare
3074 5267 3216 5322 hanc
3279 5263 3475 5320 sectari
3516 5260 3684 5319 debe-

2076 5379 2224 5434 mus,
2272 5373 2533 5437 tanquam
2578 5377 2702 5418 eam
2755 5375 2880 5434 qua
2925 5359 3086 5415 nobis
3124 5355 3368 5430 praebeat
3422 5353 3683 5410 ﬁliorum.

1773 5617 1956 5678 Variae
2011 5619 2307 5677 lectiones.

449 5785 471 5815 ³
499 5782 689 5853 ἀγαθὴν
717 5783 886 5854 πρᾶξιν
919 5799 972 5840 0.
1053 5782 1073 5816 ⁸
1100 5782 1218 5854 ὑμῖν
1251 5799 1300 5840 ο.

380 5864 421 5898 ‘9
452 5863 622 5926 ἄλλως
645 5880 699 5922 0.
778 5864 816 5898 “
843 5863 986 5936 ἡμῶν
1017 5881 1072 5921 0.
1154 5865 1194 5898 ¹²
1221 5864 1342 5926 Θεὸς
1498 5865 1538 5901 ’3
1567 5869 1835 5937 προσέθηκε
1869 5885 1925 5927 0.

1380 5784 1401 5818 θ
1429 5784 1794 5856 ἀφεθήσεταιο.
1873 5789 1894 5821 θ
1917 5788 2037 5860 ὑμῖν
2065 5805 2119 5845 ο.
2196 5789 2216 5821 ⁷
2237 5786 2321 5841 ἐὰν
2344 5786 2497 5848 ἄλλος
2523 5784 2668 5858 ἄλλῳ
2692 5801 2746 5842 ο,
2809 5785 2831 5822 8
2857 5785 3025 5846 ἄλλως
3056 5800 3109 5841 0.
3175 5783 3195 5817 ε’
3230 5781 3576 5853 ἐναργεστέραν
3609 5796 3685 5837 m.
