4124 6462
467 534 604 587 1103

1515 520 2033 580 THEOPHYLACTI
2070 518 2429 577 BULGARI/E
2466 520 2788 578 ARCHIEP.

3630 516 3771 573 1104

458 654 831 727 adeptionem.
886 649 1376 724 Quemadmodum
1429 649 1576 705 enim
1631 655 1963 721 aegrotantes
2008 644 2056 703 si

2165 668 2280 720 τες,
2335 646 2428 707 ἐὰν
2474 647 2836 728 ὠφεληθῶμεν
2886 642 3155 726 φαρμάκῳ
3208 641 3345 717 τινὶ,
3392 640 3485 703 καὶ
3538 640 3666 701 αὐτὸ
3712 641 3775 699 τὸ

457 741 783 816 adjuvemur
810 742 1108 815 pharmaco
1136 739 1420 813 quopiam,
1450 738 1631 810 ipsum
1665 735 1831 793 etiam
1885 735 2058 808 phar-

461 831 602 888 maci
632 847 843 888 nomen
880 844 1212 888 veneramur
1269 848 1283 884 ε
1327 828 1407 884 sic
1461 835 1519 882 et
1564 825 1889 882 charitatem
1939 839 2059 881 am-

461 922 619 995 plecti
659 921 927 979 debemus
977 942 990 976 :
1027 936 1121 994 per
1170 919 1315 977 hanc
1350 919 1497 975 enim
1545 916 1772 975 tradidit
1813 916 2056 990 seipsum

459 1027 560 1083 pro
598 1011 761 1069 nobis
785 1011 1082 1068 Dominus.
1116 1010 1288 1083 Atqui
1313 1010 1403 1067 ille
1444 1024 1542 1081 pro
1568 1007 1806 1065 inimicis
1832 1006 2059 1079 quidem

461 1100 689 1158 tradidit
739 1102 1005 1173 seipsum,
1057 1109 1119 1156 tu
1172 1114 1303 1156 vero
1349 1099 1541 1155 amicis
1594 1113 1802 1170 parces.
1877 1099 2061 1168 Quare

459 1198 578 1247 tum
609 1207 732 1248 vere
776 1190 1083 1247 imitaberis
1104 1189 1412 1258 Christum,
1441 1187 1664 1261 quando
1688 1187 1938 1244 hostibus
1964 1186 2057 1244 be.

458 1278 747 1339 nefeceris.
780 1282 925 1337 Tum
955 1280 1111 1337 enim
1136 1289 1385 1336 servatur
1421 1277 1574 1351 quod
1603 1278 1699 1349 ait,
1745 1300 1771 1328 «ι
1803 1278 1975 1335 Sicut.
2031 1301 2056 1327 ν

458 1373 528 1428 Et
562 1388 664 1444 pro
713 1371 969 1429 hostibus
1027 1370 1194 1439 mori,
1249 1369 1399 1427 istud
1444 1377 1529 1427 est
1580 1369 1762 1426 hostia
1812 1378 1869 1426 et
1922 1368 2062 1426 odor

457 1464 620 1521 bonae
648 1462 990 1537 fragrantiae.
1023 1466 1145 1520 Hoc
1187 1462 1341 1519 enim
1396 1469 1451 1518 et
1476 1460 1731 1519 Christus
1759 1458 1934 1517 factus
1957 1470 2059 1529 est,

460 1553 703 1610 moriens
731 1569 831 1626 pro
856 1554 1020 1610 nobis
1061 1552 1337 1610 hostibus.
1372 1555 1556 1624 Atque
1604 1550 1710 1607 hoc
1738 1559 1820 1606 est
1852 1550 2061 1606 imitari

462 1647 669 1700 Deum.

532 1735 703 1789 Vens.
750 1738 804 1788 3.
864 1756 889 1781 ιι
919 1731 1230 1790 Fornicatio
1268 1739 1478 1799 autem,
1519 1739 1574 1788 et
1603 1730 1789 1787 omnis
1822 1730 2060 1787 immun-

458 1821 612 1891 ditia,
654 1829 751 1878 aut
788 1821 1003 1891 varitia,
1042 1837 1145 1878 nec
1194 1821 1517 1878 nominetur
1544 1819 1691 1893 apud
1750 1835 1869 1890 vos,
1918 1821 2064 1877 sicut

457 1910 616 1969 decet
642 1919 880 1968 sanctos.
932 1934 959 1961 υ
999 1911 1138 1968 Cum
1181 1910 1406 1968 dixisset
1450 1908 1521 1966 de
1569 1925 1757 1967 amara
1809 1910 2061 1982 passione

2168 734 2339 813 ὄνομα
2381 740 2474 795 τοῦ
2516 735 2802 818 φαρμάκου
2852 737 3110 812 τιμῶμεν·
3164 729 3305 792 οὕτω
3342 732 3434 790 καὶ
3485 728 3585 803 τὴν
3638 728 3773 809 ἀγοί-

2169 848 2276 897 πην
2332 825 2601 908 περιέπειν
2636 824 2934 905 ὀφείλομεν·
2987 821 3074 881 διὰ
3115 820 3314 893 ταύτην
3366 820 3471 899 γὰρ
3519 820 3773 899 παρέδω-

2169 938 2259 974 κεν
2292 915 2479 974 ἑαυτὸν
2529 915 2660 994 ὖπὲρ
2691 917 2846 993 ἡμῶν
2893 916 2921 971 6
2973 909 3269 983 Δεσπότης.
3323 909 3514 972 Καίτοι
3578 911 3772 976 ἐκεῖνος

2172 1002 2267 1081 μὲν
2318 1004 2449 1086 ὑπὲρ
2509 1005 2713 1084 ἐχθρῶν
2744 1002 3052 1085 παρέδωκεν
3098 999 3309 1075 ἑαυτὸν,
3352 998 3417 1058 σὺ
3449 998 3503 1058 δὲ
3551 1000 3655 1057 τῶν
3687 998 3774 1079 φί-

2169 1094 2280 1154 λων
2312 1093 2488 1174 φείσῃ.
2518 1091 2698 1174 ⁰Ωστε
2750 1091 2865 1152 τότε
2910 1090 3073 1160 ὅντως
3105 1088 3318 1170 μιμήσῃ
3349 1086 3601 1168 Χριστὸν,
3643 1086 3771 1147 ὅταν

2171 1182 2289 1251 τοὺς
2323 1172 2546 1265 ἐχθροὺς
2591 1172 2649 1242 εὐ
2696 1185 2873 1262 ποιῇς.
2902 1179 2985 1243 Τὸ
3028 1179 3155 1259 γὰρ,
3200 1205 3223 1229 α
3276 1176 3497 1251 Καθὼς,
3552 1197 3585 1236 n
3654 1176 3775 1237 τότε

2170 1272 2415 1343 σώζεταυ
2458 1273 2551 1333 καὶ
2602 1273 2662 1333 τὸ
2700 1271 2834 1352 ὓπὲρ
2880 1272 3085 1351 ἐχθρῶν
3126 1271 3429 1342 ἀποθανεῖν,
3468 1267 3622 1327 τοῦτό
3661 1269 3773 1327 ἐστι

2170 1363 2326 1421 θυσία
2378 1361 2470 1422 καὶ
2525 1360 2668 1439 ὀσμὴ
2721 1358 2960 1428 εὐωδίας·
3011 1362 3168 1418 τοῦτο
3201 1358 3305 1438 γὰρ
3350 1356 3443 1419 καὶ
3473 1359 3504 1416 6
3544 1356 3772 1437 Χριστὸς

2170 1453 2407 1532 γέγονεν,
2455 1449 2737 1510 ἀποθανὼν
2786 1450 2921 1531 ὑπὲρ
2975 1451 3130 1528 ἡμῶν
3181 1450 3285 1506 τῶν
3343 1448 3566 1528 ἐχθρῶνο
3615 1446 3772 1506 τοῦτό

2172 1544 2284 1601 ἐστι
2314 1541 2656 1621 μιμήσασθαι
2685 1538 2775 1600 τὸν
2806 1538 2968 1599 Θεόν.

2261 1753 2291 1790 ε(
2334 1730 2568 1810 Πορνεία
2606 1728 2662 1790 δὲ
2695 1728 2787 1788 καὶ
2826 1736 2980 1787 πᾶσα
3013 1725 3339 1807 ἀκαθαρσία,
3392 1721 3428 1797 ἢ
3467 1724 3769 1804 πλεονεξία,

2173 1820 2309 1898 μηδὲ
2339 1818 2677 1898 ὀνομαζέσθω
2707 1819 2836 1898 παρ’
2879 1818 3004 1895 ὑμῖν
3023 1863 3042 1896 ,
3072 1814 3248 1883 καθὼς
3277 1815 3472 1898 πρέπει
3501 1814 3689 1894 ἁγίοις.
3740 1843 3764 1868 ι»

2170 1896 2353 1970 Εἰπὼν
2382 1896 2505 1990 περὶ
2534 1913 2625 1968 τοῦ
2657 1896 2847 1989 πικροῦ
2877 1907 3076 1975 πάθους
3107 1911 3199 1965 τοῦ
3221 1896 3410 1984 θυμοῦ,
3439 1896 3598 1977 ἦλθεν
3634 1904 3772 1984 [καὶ]

456 2003 574 2067 irae,
608 2001 756 2057 venit
781 2000 853 2057 ad
879 2001 1067 2058 minus
1097 2001 1333 2069 malum,
1362 1999 1875 2071 concupiscentiam
1904 1999 2056 2057 vide-

2171 1998 2259 2058 ἐπὶ
2300 1999 2360 2058 τὸ
2392 1976 2552 2071 ἧττον
2582 1976 2771 2070 κακὸν,
2824 1997 2921 2069 τὴν
2953 1993 3254 2072 ἐπιθυμίανσ
3289 1976 3495 2062 ’ὣς-καὶ
3543 1997 3572 2052 6
3608 1976 3771 2071 νομοζ

455 2090 584 2147 licet
633 2109 647 2145 :
689 2089 1167 2162 quemadmodum
1214 2099 1270 2147 et
1302 2090 1583 2163 legislator
1628 2104 1758 2145 cum
1802 2088 2055 2160 dixisset,

463 2203 488 2227 «ι
538 2182 663 2237 Non
693 2179 930 2247 occides,
975 2199 1003 2231 »
1055 2179 1208 2252 quod
1259 2187 1343 2236 est
1391 2179 1513 2247 irae,
1550 2177 1794 2236 secundo
1828 2178 2053 2251 subjun-

457 2267 559 2338 xit,
593 2291 619 2317 «ι
648 2270 772 2325 Non
798 2269 1112 2326 committes
1154 2267 1513 2339 adulterium,
1570 2291 1596 2317 υ
1628 2267 1776 2340 quod
1822 2276 1907 2324 est
1932 2285 2060 2325 con-

459 2355 833 2426 cupiscentia).
881 2359 964 2415 Ut
1003 2357 1153 2413 enim
1198 2354 1587 2425 amarulentia,
1650 2353 1965 2413 vociferatio
2006 2365 2061 2413 et

455 2443 810 2515 blasphemia,
850 2444 919 2501 ab
961 2447 1042 2501 ira
1080 2445 1509 2517 proﬁciscuntur
1550 2462 1563 2501 :
1607 2446 1687 2502 ita
1728 2460 1761 2500 a
1793 2447 2054 2519 concupi-

454 2534 624 2590 scibili
644 2534 843 2593 animae
870 2534 1111 2608 appetitu
1137 2534 1424 2592 fornicatio
1441 2543 1497 2592 et
1550 2535 1837 2608 impuritas
1857 2543 1912 2591 et
1937 2552 2060 2592 ava-

454 2623 598 2680 ritia.
654 2624 777 2681 Pari
843 2641 1086 2698 namque
1137 2625 1353 2681 ratione
1396 2625 1662 2697 pecunias
1702 2640 1958 2682 amamus
2005 2634 2061 2682 et

456 2729 709 2785 corpora.
758 2717 839 2771 Ne
894 2714 1255 2771 nominentur
1308 2714 1481 2785 igitur
1533 2714 1679 2786 apud
1721 2731 1816 2773 vos
1866 2714 2060 2788 hujus-

460 2803 636 2872 modi,
660 2804 752 2860 sed
782 2804 884 2860 toti
906 2804 1025 2861 sitis
1055 2805 1195 2876 puri.
1236 2804 1419 2861 Verba
1451 2806 1600 2860 enim
1621 2804 1688 2861 ad
1719 2821 1886 2878 opera
1916 2806 2061 2862 viam

454 2892 714 2964 praebent.
749 2896 939 2966 Itaque
966 2893 1010 2949 si
1033 2893 1211 2949 sancti
1232 2893 1386 2962 estis,
1418 2901 1474 2950 et
1498 2894 1680 2966 lingua
1726 2902 1905 2951 vestra
1934 2910 2058 2952 san-

454 2990 540 3038 cta
574 2980 662 3037 sit.
706 2980 886 3037 Infert
921 2990 1103 3037 autem
1145 2981 1401 3054 deinceps
1432 3001 1446 3038 :

454 3069 626 3142 4.06
698 3072 881 3128 Vnus.
930 3080 984 3126 4.
1022 3093 1046 3120 α
1074 3070 1379 3142 Turpitudo
1427 3071 1919 3144 etstultiloquium,
1962 3082 2061 3131 aut

455 3158 689 3228 facetiae,
720 3176 845 3233 quae
882 3176 998 3216 non
1028 3169 1159 3217 sunt
1199 3159 1475 3227 decentia,
1507 3160 1606 3217 sed
1659 3161 1835 3234 magis
1857 3164 2056 3235 gratia-

453 3264 579 3305 rum
611 3248 771 3304 actio.
799 3271 825 3297 α
853 3248 1338 3319 Quemadmodum
1360 3249 1661 3305 clamorem
1683 3251 1939 3318 removit,
1962 3253 2055 3325 qui

2166 2087 2320 2163 θέτης
2349 2087 2513 2148 εἰπὼν
2556 2087 2635 2159 τὸ,
2673 2113 2699 2141 α
2730 2089 2813 2149 Οὐ
2844 2086 3135 2168 φονεύσεις,
3179 2112 3203 2137 ι
3237 2083 3369 2165 ὅπερ
3395 2082 3513 2144 ἐστὶ
3538 2088 3632 2142 τοῦ
3679 2088 3772 2143 θυ-

2169 2185 2290 2256 μοῦ,
2321 2177 2562 2259 δεύτερον
2593 2175 2745 2253 ἔταξε
2774 2176 2859 2250 τὸ,
2890 2205 2915 2229 σι
2947 2177 3030 2236 Οὐ
3066 2173 3390 2256 μοιχεύσεις,
3428 2194 3459 2231 ι)
3497 2171 3630 2253 ὅπερ
3658 2173 3774 2232 ἐστὶ

2167 2273 2260 2340 τῆς
2291 2266 2595 2342 ἐπιθυμίας.
2626 2263 2844 2346 "Qun-ep
2874 2264 2978 2347 γὰρ
3007 2269 3042 2336 ἡ
3090 2262 3304 2344 πικρία,
3350 2263 3443 2322 καὶ
3475 2266 3509 2334 ἡ
3540 2260 3771 2342 κραυγὴ,

2167 2358 2259 2417 καὶ
2297 2361 2331 2430 ἡ
2382 2355 2722 2438 βλασφημία,
2761 2362 2855 2416 τοῦ
2901 2358 3087 2433 θυμοῦ·
3133 2354 3273 2412 οὕτω
3305 2351 3397 2411 καὶ
3444 2355 3537 2411 τοῦ
3590 2353 3771 2411 ἐπιθυ-

2168 2452 2420 2527 μητικοῦ,
2453 2451 2487 2519 ἡ
2516 2445 2769 2526 πορνεία,
2798 2445 2893 2504 καὶ
2933 2449 2967 2516 ἡ
3010 2441 3338 2523 ἀκαθαρσία,
3378 2441 3471 2501 καὶ
3509 2445 3544 2513 ἡ
3583 2443 3772 2501 πλεον-

2168 2537 2297 2607 εξία·
2345 2539 2422 2617 τῷ
2463 2534 2569 2617 γὰρ
2612 2538 2755 2615 αὐτῷ
2801 2533 2893 2593 καὶ
2940 2533 3237 2617 χρημάτων
3282 2533 3488 2611 ἐρῶμεν
3525 2530 3617 2590 καὶ
3666 2554 3773 2590 σω-

2169 2610 2405 2706 μάτων..
2450 2610 2606 2699 Μηδὲ
2659 2610 3100 2703 ὀνομαζέσθώσαν
3170 2610 3260 2681 οὐν
3316 2610 3456 2702 παρ’
3521 2622 3645 2698 ὑμῖν
3702 2620 3773 2680 τὰ

2164 2722 2404 2792 τοιαῦτα,
2451 2715 2572 2776 ἀλλ’
2625 2714 2907 2794 ὁλόκληροι
2956 2711 3297 2795 καθαρεύετε’
3355 2712 3403 2770 οἱ
3442 2709 3547 2791 γὰρ
3598 2708 3769 2789 λόγοι,

2164 2807 2281 2875 ὁδὸς
2316 2806 2447 2887 πρὸς
2482 2804 2552 2865 τὰ
2580 2804 2905 2885 πράγματα.
2940 2802 3114 2863 Ὥστε
3159 2802 3206 2861 εἰ
3245 2799 3388 2878 ἅγιοί
3418 2803 3555 2871 ἐστε,
3599 2799 3692 2859 καὶ
3735 2804 3771 2872 ἡ

2166 2898 2386 2976 γλῶσσα
2418 2898 2568 2974 ὑμῶν
2598 2894 2726 2972 ἁγία
2755 2894 2915 2954 ἔστω.
2952 2891 3230 2973 Ἐπιφέρει
3262 2889 3317 2949 δὲ
3360 2889 3453 2950 καὶ
3483 2888 3618 2961 ἑξῆς·

2257 3099 2287 3136 ι(
2318 3075 2430 3138 Καὶ
2478 3074 2785 3156 αἰσχρότης,
2825 3072 2917 3132 καὶ
2966 3070 3290 3153 μωρολογία,
3330 3068 3365 3141 ἢ
3418 3068 3766 3150 εὐτραπελία,

2164 3167 2231 3226 τὰ
2261 3170 2357 3226 οὐκ
2381 3163 2672 3241 ἀνήκοντα,
2707 3160 2845 3222 ἀλλὰ
2876 3164 3082 3240 μᾶλλον
3111 3158 3451 3242 εὐχαριστία.
3500 3183 3525 3210 κ
3553 3156 3770 3237 Ὥσπερ

2163 3256 2261 3329 τὴν
2312 3254 2549 3335 κραυγὴν
2616 3239 2902 3334 περιεῖλεν,
2952 3250 3137 3332 ὄχημα
3172 3239 3368 3310 ὀὖσαν
3419 3252 3513 3320 τῆς
3584 3249 3764 3329 ὀργῆς·

453 3346 536 3393 est
563 3340 660 3394 irm
688 3338 1005 3395 vehiculum
1035 3357 1047 3394 :
1074 3338 1156 3395 sic
1184 3355 1333 3394 nunc
1357 3338 1856 3411 turpiloquentiam
1886 3349 1942 3397 et
1967 3339 2055 3397 fa-

2165 3344 2302 3405 οὕτω
2329 3349 2419 3403 νῦν
2467 3341 2563 3414 τὴν
2595 3341 2976 3422 αἰσχρολογίαν
3025 3339 3119 3399 καὶ
3159 3337 3540 3419 εὐτραπελίαν,
3574 3336 3765 3417 ὄχημα

451 3428 647 3497 cetias,
673 3443 798 3499 qua:
826 3436 956 3484 sunt
990 3426 1370 3485 fornicationis
1413 3428 1749 3486 vehiculum.
1782 3432 1867 3487 Ne
1902 3431 2054 3487 dicas

450 3516 600 3573 enim
623 3515 872 3586 facetias,
894 3533 1072 3590 neque
1114 3518 1314 3590 turpia,
1336 3526 1390 3574 et
1424 3517 1731 3575 exstinxisti
1762 3519 2052 3577 ﬂammam

450 3604 855 3664 fornicationis.
901 3606 1118 3665 Deinde
1157 3623 1227 3664 ne
1262 3607 1516 3664 videatur
1542 3608 1782 3665 nimium
1826 3626 2054 3667 severus

450 3704 505 3752 et
529 3712 804 3766 morosus,
838 3697 1039 3770 quippe
1076 3697 1172 3771 qui
1200 3696 1576 3755 urbanitatem
1602 3696 1911 3768 exscindat,
1936 3716 2054 3757 cau-

449 3801 567 3841 sam
599 3784 800 3854 intulit,
846 3785 1098 3859 inquiens
1139 3806 1152 3842 :
1190 3809 1216 3836 α
1260 3789 1396 3858 Quae
1419 3803 1529 3844 non
1566 3796 1698 3844 sunt
1722 3787 1995 3859 decentia,
2028 3813 2052 3839 »

449 3873 555 3931 hoc
599 3884 702 3944 est,
734 3891 859 3948 quae
886 3875 1026 3932 nihil
1050 3876 1122 3933 ad
1151 3892 1250 3932 vos
1272 3885 1535 3948 spectant.
1566 3878 1647 3934 Ut
1675 3877 1825 3934 enim
1874 3879 2053 3936 coria-

390 3950 403 3965 ”
448 3962 530 4021 rio
557 3980 673 4021 non
702 3964 829 4022 licet
857 3965 1161 4038 quidquam
1185 3963 1366 4022 facere
1387 3981 1582 4022 eorum
1630 3982 1754 4039 quae
1781 3984 1896 4024 non
1924 3977 2056 4025 sunt

445 4067 562 4110 sua:
588 4053 744 4121 artis,
790 4053 935 4109 hanc
977 4053 1049 4110 ad
1095 4055 1369 4111 rationem
1414 4054 1763 4111 Christianus
1826 4065 2059 4115 sanctus

451 4139 628 4197 factus
652 4158 763 4198 non
793 4140 958 4199 debet
992 4142 1146 4214 loqui
1174 4158 1302 4215 quae
1348 4142 1581 4200 minime
1619 4145 1955 4202 conveniunt
1982 4146 2051 4203 ad

450 4230 945 4287 sanctiﬁcationem
977 4248 990 4285 :
1024 4247 1146 4302 quae
1182 4233 1335 4288 enim
1364 4231 1497 4290 nulli
1525 4241 1654 4290 sunt
1698 4234 1842 4305 usui,
1910 4235 2058 4291 nihil

453 4318 527 4374 ad
561 4335 685 4375 nos.
713 4318 819 4375 Sed
856 4321 901 4375 si
938 4319 1068 4391 quid
1103 4319 1253 4392 loqui
1273 4322 1428 4389 velis,
1460 4323 1770 4395 gratiarum
1806 4324 1953 4381 actio
1983 4325 2054 4380 sit

452 4407 553 4463 tibi
600 4406 836 4480 quodvis
883 4407 1141 4476 verbum;
1202 4425 1265 4466 ac
1338 4410 1383 4466 si
1449 4412 1799 4469 consueveris
1848 4413 2053 4486 gratias

451 4511 632 4569 agere,
672 4495 1051 4553 recordaberis
1090 4512 1156 4553 ex
1207 4497 1352 4572 quali
1404 4500 1581 4571 qualis
1637 4500 1711 4557 sis
1749 4497 1948 4566 factus,
1997 4512 2053 4558 et

452 4584 664 4657 lugebis
720 4584 863 4641 mala
938 4595 1053 4655 tua,
1113 4584 1578 4660 admiraberisque
1638 4587 1709 4645 ad
1768 4597 2052 4662 stuporem

2166 3426 2327 3494 οὐσαν
2366 3437 2461 3505 τῆς
2508 3431 2778 3512 πορνείας.
2824 3430 2927 3503 Μὴ
2961 3428 3114 3509 εἴπῃς
3164 3428 3294 3508 γὰρ,
3335 3426 3512 3507 φησὶν,
3553 3428 3763 3499 ἀστεῖα,

2167 3523 2301 3602 μηδὲ
2352 3521 2577 3603 αἰσχρὰ,
2622 3519 2715 3580 καὶ
2759 3518 3094 3583 κατέσϐεσας
3143 3516 3239 3588 τὴν
3285 3515 3458 3599 φλόγα
3508 3519 3603 3588 τῆς
3635 3538 3767 3596 πορ-

2163 3613 2323 3681 νείας.
2355 3602 2497 3673 Εἶτα
2537 3608 2623 3669 ἵνα
2655 3608 2730 3688 μὴ
2762 3607 2882 3685 δόξῃ
2920 3607 3086 3687 βαρὺς
3135 3606 3228 3665 καὶ
3268 3604 3537 3677 δύσκολος,
3574 3606 3647 3672 ὡς
3675 3605 3767 3663 ἐκ-

2163 3704 2374 3763 κόπτων
2425 3700 2523 3773 τὴν
2578 3698 2959 3780 εὐτραπελίαν,
3011 3695 3250 3775 ἐπήγαγε
3289 3694 3381 3754 καὶ
3422 3694 3515 3765 τὴν
3570 3693 3767 3767 αἰτίαν,

2164 3793 2348 3852 εἰπών·
2401 3813 2433 3846 «ί
2478 3787 2566 3851 Τὰ
2614 3788 2689 3866 μὴ
2741 3787 3027 3859 ἀνήκοντα,
3074 3807 3102 3843 ι)
3156 3784 3423 3859 τουτέστι,
3481 3782 3567 3843 Τὰ
3617 3780 3768 3841 οὐδὲν

2162 3881 2291 3962 πρὸς
2336 3884 2494 3957 ὑμᾶς.
2534 3875 2751 3958 Ὥσπερ
2796 3877 2899 3957 γὰρ
2948 3878 2976 3935 6
3008 3873 3334 3951 σκυτοτόμος
3378 3874 3472 3932 οὐκ
3527 3869 3769 3962 ἀνέξεταί

2160 3958 2218 4029 τι.
2241 3977 2408 4028 ποιεῖν
2440 3969 2489 4006 ⁴⁴
2529 3971 2634 4027 τῶν
2664 3966 2739 4045 μὴ
2771 3963 3075 4039 ἀνηκόντων
3121 3965 3195 4030 εἷς
3221 3963 3321 4035 τὴν
3353 3964 3514 4021 αὐτοῦ
3546 3958 3763 4041 τέχνηνο

2161 4056 2299 4115 οὕτω
2340 4056 2429 4115 καὶ
2472 4059 2500 4115 ὁ
2552 4052 2871 4135 Χριστιανὸς
2920 4053 3067 4132 ἅγιος
3096 4049 3397 4130 γενόμενος,
3438 4051 3535 4110 οὐκ
3571 4047 3770 4129 ὀφείλει

2159 4146 2329 4224 λέγειν
2361 4145 2427 4205 τὰ
2461 4142 2671 4224 [αὐτοῦ]
2704 4141 2780 4221 μὴ
2813 4142 3079 4215 ἀνήκοντα
3108 4143 3180 4209 εἰς
3211 4138 3504 4218 ἁγιασμόν.
3540 4138 3625 4199 Τὰ
3664 4138 3768 4218 γὰρ

2162 4237 2255 4296 οὐκ
2290 4238 2340 4294 ἐν
2394 4233 2572 4315 χρείᾳ,
2606 4233 2755 4294 οὐδὲν
2786 4232 2916 4312 πρὸς
2961 4238 3124 4310 ἡμᾶς.
3172 4229 3317 4290 Ἀλλ’
3361 4227 3425 4288 ἂν
3468 4228 3623 4309 θέλῃς
3671 4228 3768 4287 λέ-

2161 4349 2271 4404 γειν
2320 4347 2391 4399 τι,
2458 4322 2775 4405 εὐχαριστία
2826 4320 2965 4381 ἔστω
3018 4344 3105 4381 σοι
3145 4327 3255 4381 πᾶν
3314 4322 3479 4397 ῥῆμα’
3524 4318 3618 4379 καὶ
3671 4317 3765 4377 ἐὰν

2161 4417 2370 4495 ἐθισθῇς
2425 4413 2780 4495 εὐχαριστεῖν,
2833 4408 3291 4490 ἀναμιμνησθήσῃ
3349 4407 3402 4446 ⁴⁵
3450 4406 3531 4474 τίς
3589 4405 3663 4466 ὢν
3718 4408 3771 4467 τί

2160 4503 2398 4582 γέγονας,
2453 4502 2546 4563 καὶ
2604 4501 2884 4574 πενθήσεις
2940 4500 3029 4559 ἐπὶ
3073 4507 3179 4567 τοῖς
3231 4506 3343 4565 σοῖς
3408 4500 3613 4570 κακοῖς,
3671 4496 3767 4557 καὶ

2161 4593 2616 4674 ὓπερεκπλαγήσῃ
2671 4592 2760 4652 τὸν
2796 4588 3047 4652 τοιούτων
3100 4588 3151 4628 ⁴⁶
3202 4612 3262 4648 σε
3315 4585 3645 4661 ἀξιώσαντα,
3675 4585 3770 4646 καὶ

452 4690 625 4747 usque
653 4689 802 4741 eum,
835 4673 926 4747 qui
947 4676 1113 4732 tantis
1138 4684 1193 4733 te
1221 4676 1477 4749 dignatus
1514 4679 1587 4735 sit
1617 4677 1794 4746 bonis,
1822 4695 1927 4737 nec
1953 4680 2051 4736 tibi

2165 4673 2279 4744 οὐδὲ
2311 4683 2495 4776 καιρύν
2528 4682 2658 4752 ἔξεις
2689 4683 2823 4776 ἄλλο
2853 4705 2905 4741 τι
2955 4682 3145 4776 εἰπεῖν.
3192 4674 3684 4776 ρύιγὰρὶγέλωτος

453 4764 669 4820 vacabit
692 4763 842 4821 aliud
870 4764 1132 4838 quiddam
1163 4765 1369 4823 dicere.
1402 4767 1528 4822 Non
1552 4765 1704 4822 enim
1732 4766 1877 4824 risus
1906 4765 2053 4840 {ace-

452 4852 768 4925 tiarumque
797 4869 1038 4925 praesens
1074 4864 1297 4928 tempus
1315 4865 1417 4925 est,
1461 4856 1558 4912 sed
1586 4856 1765 4913 luctus
1789 4865 1846 4913 et
1874 4866 2058 4915 certa-

452 4942 643 4999 minis.
682 4942 863 4998 Hostis
904 4943 1098 5000 circuit
1124 4944 1382 5002 dentibus
1406 4943 1664 5003 frendens
1686 4945 1949 5004 adversus
1976 4957 2052 5017 te,

453 5044 515 5084 ac
539 5037 600 5086 tu
630 5028 773 5085 ludis
817 5039 870 5085 et
896 5028 1274 5089 urbanitatem
1322 5035 1581 5089 exerces?
1620 5030 1862 5090 Difficile
1904 5035 2055 5092 enim

454 5126 539 5173 est
558 5127 613 5174 te
636 5117 794 5174 illum
840 5119 1081 5188 vincere,
1127 5120 1341 5177 etiamsi
1370 5121 1572 5178 acriter
1608 5129 1813 5192 certes;
1848 5132 2058 5196 quanto

454 5206 632 5280 magis
659 5207 705 5263 si
735 5205 914 5263 ludas!
966 5208 1108 5279 Quid
1157 5218 1341 5267 autem
1396 5220 1480 5267 est
1530 5207 1779 5267 facetus?
1841 5210 2059 5283 Facilis,

454 5297 547 5368 qui
576 5296 762 5353 omnia
789 5297 871 5364 ﬁt,
920 5294 1078 5354 facile
1116 5308 1438 5372 permutans
1463 5315 1766 5357 sermones.
1803 5302 1929 5357 Hoc
1956 5317 2058 5358 au—

458 5391 573 5439 tem
623 5394 706 5441 est
739 5385 939 5442 mentis
967 5386 1236 5444 instabilis
1262 5396 1319 5445 et
1346 5389 1536 5446 alienae
1571 5388 1641 5445 ab
1681 5389 1747 5445 iis
1770 5391 1867 5463 qui
1887 5399 2055 5464 petrae

456 5473 720 5529 serviunt.

526 5562 704 5619 Vens.
732 5567 789 5634 5,
817 5563 871 5619 6.
908 5583 935 5615 ιι
957 5565 1076 5621 Hoc
1095 5564 1245 5622 enim
1264 5566 1464 5636 sciatis,
1495 5567 1648 5642 quod
1671 5568 1858 5626 omnis
1879 5568 2058 5627 forni-

2163 4763 2510 4855 εὐτραπελίας
2572 4777 2600 4832 6
2668 4771 2854 4853 παρὼν
2907 4769 3124 4849 καιρὸς,
3180 4766 3321 4827 ἀλλὰ
3379 4765 3598 4855 πένθους
3636 4763 3767 4855 Δκαὶ

2164 4852 2385 4943 ἀγῶνος.
2442 4861 2513 4924 Ὅ
2580 4852 2766 4942 ἐχθρὸς
2814 4860 3064 4942 περιίεισι
3132 4857 3322 4940 τρίζων
3387 4854 3504 4923 τοὺς
3555 4852 3769 4943 ὀδόντας

2163 4941 2302 5013 κατὰ
2351 4956 2478 5030 σοῦ,
2529 4941 2642 5010 καί
2680 4941 2745 5010 σὺ
2795 4950 3000 5018 παίζεις
3060 4947 3150 5007 καὶ
3215 4943 3605 5027 εὐτραπελεύῃ;
3657 4941 3767 5004 Καὶ

2166 5040 2547 5120 ἀγωνιζόμενον
2617 5039 2723 5121 γὰρ
2800 5037 3050 5119 δυσχερὲς
3120 5038 3282 5096 αὐτοῦ
3362 5032 3767 5112 περιγενέσθαι,

2168 5132 2320 5212 πόσῳ
2360 5154 2421 5210 γε
2469 5131 2672 5209 μᾶλλον
2701 5128 2992 5201 παίζοντα;
3025 5124 3098 5188 Τί
3140 5125 3198 5186 δέ
3227 5126 3371 5184 ἐστιν
3415 5123 3759 5212 εὐτράπελος;

2171 5220 2242 5283 Ὁ
2289 5207 2522 5299 εὔκολος,
2566 5222 2594 5278 6
2640 5219 2817 5279 πάντα
2863 5216 3153 5298 γινόμενος,
3183 5217 3212 5272 6
3242 5213 3469 5281 εὐκόλως
3513 5207 3757 5293 περιτρέ-

2163 5334 2277 5369 πων
2306 5310 2426 5377 τοὺς
2466 5309 2669 5388 λόγους·
2712 5314 2869 5368 τοῦτο
2900 5306 2957 5366 δὲ
2989 5303 3223 5365 ἀστάτου
3271 5302 3488 5382 γνώμης
3531 5299 3624 5360 καὶ
3663 5300 3763 5358 ἀλ-

2163 5398 2371 5479 λοτρίας
2400 5401 2505 5458 τῶν
2636 5398 2808 5479 πέτρᾳ
2840 5393 3212 5458 δουλευόντων.

2243 5588 2270 5616 ιι
2299 5561 2477 5622 Τοῦτο
2504 5559 2608 5642 γάρ
2654 5560 2773 5620 ἐστι
2814 5558 3180 5638 γινώσκοντες,
3226 5552 3309 5615 ὅτι
3352 5562 3458 5621 πᾶς
3485 5550 3696 5633 πόρνος,
3727 5549 3763 5621 ἢ

1836 5730 2038 5812 _Variae
2083 5730 2392 5795 lectiones.

536 5835 579 5871 “‘
612 5841 824 5905 ποιῆσαι
840 5853 894 5898 0.
968 5841 1010 5878 ⁸⁸
1036 5841 1395 5918 ἀναμνησθήσῃ
1425 5862 1478 5904 ο.
1558 5845 1601 5882 ¹⁶
1628 5847 1881 5903 τοσούτων
1907 5864 1960 5906 ο.
