4124 6438
415 414 554 467 “05
1312 406 1662 463 EXPOSITIO
1705 409 1769 462 lN
1808 407 2018 463 EPIST.
2061 409 2152 462 AD
2192 408 2429 464 EPHES.
2479 438 2550 449 —
2588 410 2736 464 CAP.
2780 411 2844 464 V.
3588 423 3724 476 “06

409 536 728 616 ἀκάθαρτος,
779 533 814 606 ἢ
869 532 1211 606 πλεονέκτης,
1265 533 1320 601 ὅς
1385 535 1526 592 ἐστιν
1597 533 2037 613 εἰδωλολάτρης,

2123 542 2299 602 cator,
2329 541 2424 589 aut
2454 534 2796 603 immundus,
2822 543 2917 592 aut
2941 552 3162 606 avarus,
3194 539 3287 610 qui
3337 549 3420 596 est
3449 541 3721 601 idolorum

409 627 506 685 οὐκ
554 625 664 706 ἔχει
707 623 1062 705 κληρονομίαν
1113 625 1168 682 ἐν
1335 622 1581 704 βασιλείᾳ
1625 627 1718 683 τοῦ
1767 622 2005 703 Χριστοῦ

2115 621 2315 692 cultor,
2329 639 2443 680 non
2464 623 2632 680 habet
2652 623 3103 682 haereditatemin
3119 642 3292 699 regno
3307 628 3504 687 Christi
3520 642 3573 688 et
3593 635 3719 690 Dei.

409 716 499 795 καὶ
547 716 713 775 Θεοῦ.
766 712 974 786 Μηδεὶς
1028 717 1164 790 ὑμᾶς
1204 711 1467 772 ἀπατάτω
1516 721 1686 781 κενοῖς
1737 713 1930 792 λόγοις.
1973 740 1997 766 υ

2113 715 2291 770 Nemo
2307 729 2404 770 vos
2422 712 2648 770 seducat
2672 713 2921 770 inanibus
2941 714 3139 770 verbis.
3151 717 3431 774 nFuerunt
3445 721 3716 795 nonnulli,

407 793 589 866 ’Ἦσάν
635 828 792 876 τινες,
830 804 901 870 ὡς
940 804 1136 877 ἔοικεν,
1175 805 1223 862 οἱ
1254 802 1496 882 λόγοντες
1541 805 1671 883 παρ’
1718 801 2003 885 Ἐφεσίοις,

2114 811 2178 859 ut
2219 803 2450 872 videtur,
2484 804 2630 876 apud
2661 803 2954 876 Ephesios,
2987 807 3079 878 qui
3116 807 3368 864 dicerent
3393 811 3541 882 quod
3575 793 3721 867 Deus

404 893 486 953 ὅτι
539 893 776 976 φοϐῆσαι
825 892 988 952 θέλων
1042 894 1070 950 6
1117 892 1278 966 Θεὸς,
1333 899 1501 952 ταῦτα
1551 891 1884 971 ἀπηγόρευσε
1936 893 2003 950 τὰ

2115 891 2234 949 haec
2265 893 2402 949 levia
2424 892 2794 965 prohibuerit,
2825 904 2886 951 ut
2913 895 3382 968 perterrefaceret.
3413 901 3546 969 Quae
3567 902 3716 957 enim

405 985 615 1056 εὐτελῆ.
664 982 736 1044 Τί
767 981 872 1064 γὰρ
919 982 1114 1041 ἄτοπον
1143 982 1204 1042 τὸ
1234 983 1433 1053 εἰπεῖν,
1485 980 1673 1061 Μωρὲ,
1706 980 1793 1040 ἵνα
1828 980 2005 1062 ἔνοχος

2113 981 2422 1039 absurditas
2451 993 2537 1039 est
2565 982 2768 1051 dicere,
2811 985 3005 1054 Stulte,
3035 997 3097 1044 ut
3121 995 3410 1060 propterea
3441 990 3714 1062 quispiam

403 1072 622 1152 γένηται
651 1071 836 1151 γεέννῃ
886 1074 914 1130 6
946 1071 1138 1152 εἷπῴνς
1175 1073 1288 1140 πῶς
1337 1070 1392 1129 δὲ
1440 1073 1468 1129 6
1499 1071 1818 1143 πλεονέκτης
1853 1071 2003 1130 εἴδω-

2105 1071 2374 1152 gehennae
2427 1072 2707 1129 obnoxius
2765 1072 2896 1129 ﬁat?
2955 1079 3024 1130 Et
3073 1077 3354 1148 quomodo
3397 1094 3596 1135 avarus
3633 1088 3715 1135 est

401 1149 698 1244 λολάτρηςς
740 1149 974 1228 Τούτους
1028 1150 1118 1220 οὖν
1170 1159 1464 1219 αἰνίττεται
1513 1162 1540 1217 6
1577 1159 1892 1227 Ἅπόστολος
1933 1159 2007 1196 "-

2108 1149 2396 1218 idololatra
2441 1165 2464 1217 ξ’
2505 1165 2624 1218 Hos
2645 1162 2825 1236 itaque
2877 1173 3035 1220 notat
3062 1164 3165 1222 hoc
3221 1166 3341 1222 loco
3386 1170 3710 1240 Apostolus,

400 1251 556 1324 δηλοῖ
604 1253 658 1311 δὲ
717 1250 810 1310 καὶ
859 1255 895 1323 ἡ
925 1249 1202 1330 ἐπαγωγή·
1235 1278 1260 1302 ι
1309 1249 1513 1321 Μηδεὶς
1557 1252 1693 1326 ὑμᾶς
1745 1249 2003 1309 ἀπατάτω

2112 1250 2261 1322 quod
2285 1259 2341 1306 et
2369 1251 2540 1306 illatio
2575 1251 2781 1309 indicat
2809 1275 2821 1309 :
2858 1276 2884 1303 «
2931 1255 3110 1311 Nemo
3145 1271 3242 1312 vos
3286 1255 3516 1315 seducat
3543 1259 3710 1317 inani-

401 1349 569 1408 κενοῖς
612 1339 808 1419 λόγοις.
864 1364 895 1396 »
933 1339 1094 1400 Κενοὶ
1123 1337 1226 1420 γὰρ
1268 1338 1418 1420 λόγοι
1449 1340 1497 1398 οἱ
1526 1337 1848 1419 πρόσκαιρον
1893 1339 2002 1420 χά-

2113 1338 2216 1396 bus
2257 1337 2459 1396 verbis.
2492 1359 2518 1393 »
2547 1341 2732 1398 lnania
2763 1343 2908 1398 enim
2936 1343 3102 1400 verba
3141 1353 3288 1416 sunt,
3317 1361 3440 1418 quae
3481 1349 3714 1420 gratiam

404 1453 482 1510 ριν
519 1431 752 1510 ἔχοντες,
786 1429 876 1488 ἐπὶ
918 1429 973 1488 δὲ
1008 1432 1113 1488 τῶν
1143 1427 1311 1510 ἔργων
1342 1429 1606 1510 ἄχρηστοι
1653 1428 1997 1507 δεικνύμενοι,

2111 1429 2508 1500 temporariam
2545 1428 2784 1499 habent;
2827 1431 2900 1488 ad
2933 1448 3100 1503 opera
3154 1450 3307 1504 vero,
3364 1435 3571 1492 inutilia
3623 1439 3718 1494 de-

401 1518 496 1578 καὶ
529 1520 712 1592 ἀπάτη
743 1519 805 1578 τὸ
841 1523 1059 1578 τοιαῦτα
1089 1519 1422 1599 χαρίζεσθαι.
1455 1514 1590 1578 Ὅτι
1617 1517 1720 1598 γὰρ
1750 1521 1778 1577 6
1805 1521 2002 1578 πλεον-

2111 1526 2495 1576 monstrantur
2554 1542 2566 1579 :
2611 1528 2802 1593 estque
2848 1521 3151 1594 impostura
3181 1523 3495 1595 hujusmodi
3545 1527 3712 1583 verba

401 1608 557 1682 έκτης
620 1607 1025 1689 εἰδωλολάτρης,
1079 1607 1333 1685 μάνθανε·
1395 1629 1426 1666 α
1473 1609 1555 1668 Οὐ
1605 1609 1827 1667 δύνασθε
1875 1610 2002 1690 Θεῷ

2111 1607 2311 1664 facere.
2353 1610 2515 1679 Quod
2562 1620 2753 1667 autem
2795 1627 2995 1668 avarus
3033 1613 3103 1669 sit
3145 1613 3458 1686 idololatra,
3505 1615 3655 1673 disce
3699 1638 3710 1672 :

401 1698 664 1759 δουλεύειν
697 1698 790 1759 καὶ
818 1702 1140 1779 Μαμμωνᾷ.
1174 1724 1197 1751 ι
1237 1697 1468 1771 Ἀπέστη
1501 1697 1753 1779 ἄραράπὸ
1797 1700 1941 1759 Θεοῦ
1975 1703 2002 1757 ὁ

2116 1722 2140 1747 α
2171 1701 2295 1755 Non
2324 1700 2554 1771 potestis
2573 1703 2694 1756 Deo
2718 1701 2920 1757 servire
2951 1712 3006 1759 et
3034 1705 3376 1762 Mammonae
3400 1742 3444 1777 ρ.
3474 1729 3498 1755 ››
3522 1707 3715 1762 Deﬁcit

397 1789 740 1868 πλεονέκτης,
779 1788 1014 1848 δουλεύει
1053 1778 1109 1847 δὲ
1157 1791 1343 1869 χρυσῷ
1366 1811 1380 1825 ·
1424 1789 1538 1853 πῶς
1578 1778 1667 1846 οῦν
1715 1789 1810 1846 οὐκ
1849 1789 1999 1848 εἴδω⁹

2111 1785 2294 1861 itaque
2330 1805 2361 1845 a
2392 1792 2509 1846 Deo
2555 1804 2776 1860 avarus,
2825 1800 2880 1846 et
2926 1791 3154 1848 inservit
3189 1808 3323 1849 auro
3376 1815 3389 1850 :
3425 1797 3521 1868 qui
3550 1796 3715 1868 igitur

395 1843 804 1957 λολάτρηςξηΕἷ
850 1877 904 1936 δὲ
936 1876 1081 1957 λέγει
1114 1843 1292 1951 ’δῖῑῖτι
1315 1848 1458 1938 Ὀὐκ
1501 1875 1720 1949 ἔστησεν
1759 1878 1805 1912 ¹⁹
1838 1879 1992 1936 εἴδω-

2111 1893 2225 1934 non
2278 1878 2444 1935 fuerit
2478 1879 2755 1936 idolorum
2795 1881 3007 1937 cultor?
3055 1885 3227 1940 Porro
3271 1884 3314 1939 si
3363 1843 3536 1953 dielat,
3567 1843 3711 1942 lgNon

396 1969 510 2046 λον,
558 1968 611 2026 τί
639 1973 826 2043 τοῦτο;
859 1967 1000 2028 Οὐδὲ
1049 1967 1151 2046 γὰρ
1197 1969 1244 2025 οἱ
1293 1966 1619 2046 ἀστειότεροι
1653 1971 1759 2026 τῶν
1792 1966 1993 2040 Ἑλλή·

2103 1968 2248 2022 erexi
2281 1967 2444 2038 idola,
2485 1969 2616 2041 quid
2651 1978 2772 2026 tum
2823 1973 3055 2043 postea?
3108 1987 3287 2044 neque
3337 1973 3486 2029 enim
3532 1976 3707 2047 genti-

395 2081 496 2116 νων
527 2056 762 2126 εἰδώλοις
805 2061 1122 2137 προσκυνεῖν
1153 2055 1484 2136 ὡμολόγουν,
1518 2055 1658 2114 ἀλλὰ
1709 2060 1776 2136 τῇ
1809 2057 1996 2137 Ἀφρο-

2107 2053 2182 2109 les
2237 2054 2560 2111 urbaniores
2594 2071 2652 2112 se
2709 2057 2853 2113 idola
2901 2057 3132 2114 adorare
3211 2059 3545 2131 fatebantur,
3609 2062 3707 2118 sed

395 2147 512 2227 δίτῃ
557 2147 870 2228 τυχὸν,’καὶ
916 2149 993 2227 τῷ
1039 2144 1206 2227 Ἄρει·
1239 2151 1413 2205 ταῦτα
1460 2144 1518 2205 δὲ
1564 2145 1731 2220 πάθη.
1762 2147 1905 2205 Ἀλλ’
1936 2151 1993 2206 οὖ

2106 2146 2378 2201 Venerem
2409 2144 2640 2203 fortasse
2660 2157 2716 2203 et
2735 2149 2970 2204 Martem
3002 2167 3015 2203 :
3042 2149 3142 2205 ista
3171 2157 3355 2205 autem
3384 2149 3706 2208 animorum

394 2237 580 2317 σφάζει
623 2236 676 2273 ³ο
714 2235 992 2316 πρόϐατα’
1024 2237 1164 2296 ἀλλὰ
1212 2235 1519 2317 ἀνθρώπους
1569 2234 1660 2296 καὶ
1698 2236 1873 2317 ψυχὰς
1903 2240 1994 2297 λο-

2105 2241 2234 2289 sunt
2259 2233 2507 2291 affectus.
2547 2238 2623 2292 At
2654 2252 2769 2292 non
2798 2245 3001 2293 mactat
3019 2253 3151 2293 oves
3179 2258 3191 2293 :
3235 2236 3487 2295 homines
3519 2248 3703 2296 tamen

391 2325 566 2405 γικάς.
601 2328 674 2387 Οἱ
728 2323 996 2400 ’Ἕλληνες
1047 2329 1156 2393 τοῖς
1200 2330 1292 2384 τοῦ
1327 2328 1468 2386 Θεοῦ
1513 2324 1773 2402 κτίσμασι
1815 2350 1996 2406 προσ-

2103 2330 2306 2379 mactat
2335 2331 2390 2379 et
2426 2325 2640 2381 animas
2664 2326 2974 2383 rationales.
3013 2326 3264 2384 Gentiles
3292 2327 3395 2384 Dei
3426 2337 3703 2384 creaturas

391 2414 676 2490 εκύνησαν,
749 2418 777 2474 6
829 2416 885 2474 δὲ
945 2413 1266 2486 πλεονέκτης
1335 2418 1411 2494 τῷ
1479 2417 1669 2473 ἑαυτοῦ
1731 2415 1994 2494 ποιήματι

2102 2411 2446 2469 adorabant:
2488 2429 2683 2470 avarus
2711 2425 2898 2471 autem
2957 2432 3120 2472 suum
3168 2415 3336 2488 407
3388 2415 3558 2487 ipsius
3605 2417 3706 2489 ﬁg-

390 2514 697 2586 προσκυνεῖ.
753 2507 836 2566 Οὐ
885 2504 930 2540 ²⁴
966 2503 1068 2586 γὰρ
1116 2507 1145 2562 6
1190 2504 1327 2586 Θεὸς
1375 2503 1674 2572 πλεονεξίαν
1722 2505 1990 2580 ἐποίησεν,

2093 2509 2349 2557 mentum
2383 2502 2454 2558 ad
2482 2513 2621 2559 orat.
2655 2506 2779 2560 Non
2805 2504 2956 2560 enim
3004 2508 3156 2560 Deus
3186 2505 3474 2561 avaritiam
3507 2505 3691 2562 condi-

389 2584 510 2654 ἀλλ’
540 2599 574 2667 ἡ
610 2593 842 2676 ἡμετέρα
871 2584 1168 2666 ἀπληστία.
1209 2584 1391 2670 Οἶμαι
1428 2592 1484 2652 δὲ
1513 2592 1604 2652 τὸν
1634 2595 1852 2653 Παῦλον
1887 2596 1993 2654 ἀπὸ

2102 2588 2202 2658 dit,
2235 2589 2330 2646 sed
2369 2600 2554 2647 nostra
2585 2592 2979 2649 insatiabilitas.
3009 2593 3224 2664 Opinor
3243 2603 3428 2649 autem
3463 2594 3698 2650 Paulum

388 2689 479 2743 τοῦ
518 2683 696 2745 Δαϐὶδ
743 2688 900 2744 τοῦτο
931 2685 1096 2742 εἰπεῖν
1128 2681 1321 2762 τρόπον
1367 2683 1566 2765 ἕτερον.
1606 2681 1847 2744 Ἕκείνου
1889 2683 1992 2766 γὰρ

2102 2693 2133 2734 a
2171 2678 2385 2736 Davide
2424 2679 2532 2736 hoc
2560 2680 2763 2751 dicere,
2808 2681 2917 2738 alio
2956 2691 3143 2738 tamen
3192 2681 3379 2739 modo.
3412 2683 3513 2738 lllo
3555 2684 3701 2739 enim

389 2774 649 2850 λέγοντος,
695 2800 720 2825 αι
748 2774 838 2835 Τὰ
884 2771 1078 2832 εἴδωλα
1106 2776 1212 2831 τῶν
1253 2775 1412 2832 ἐθνῶν
1445 2771 1692 2854 ἀργύριον
1726 2772 1817 2832 καὶ
1859 2797 1993 2855 χρυ-

2101 2778 2479 2838 asseverante,
2541 2792 2566 2818 α
2626 2770 2925 2826 Simulacra
2982 2771 3249 2843 gentium,
3307 2781 3599 2843 argentum
3650 2783 3705 2829 et

389 2862 520 2937 σίον,
570 2888 595 2915 ι
647 2862 994 2943 ἀντιστρέψαι
1041 2866 1195 2921 τοῦτο
1231 2861 1372 2920 κατὰ
1417 2860 1514 2933 τὴν
1557 2865 1798 2941 μεγάλην
1831 2866 1990 2924 αὑτοῦ

2101 2871 2298 2913 aurum
2319 2868 2348 2910 ρ
2377 2864 2401 2891 *
2436 2883 2461 2908 ιι
2497 2876 2512 2912 -.
2537 2858 2652 2928 ipse
2672 2874 2770 2930 pro
2802 2874 2898 2914 sua
2927 2874 3124 2930 magna
3156 2857 3424 2931 sapientia
3450 2859 3701 2927 invertit,

389 2951 611 3033 σοφίαν,
659 2952 740 3011 ὅτι
788 2952 849 3011 τὸ
897 2950 1148 3032 ἀργύριον
1203 2949 1295 3010 καὶ
1347 2951 1407 3010 τὸ
1465 2951 1716 3032 χρυσίον,
1769 2951 1986 3016 εἴδωλα.

2100 2951 2428 3020 Argentum,
2461 2947 2739 3019 inquiens,
2786 2955 2840 3002 et
2868 2963 3065 3003 aurum
3098 2957 3228 3002 sunt
3256 2947 3420 3003 idola.
3462 2949 3703 3005 Proinde

387 3043 619 3152 063(0va
644 3045 674 3100 6
708 3040 978 3123 λατρεύων
1012 3039 1249 3122 ἀργυρίῳ
1281 3040 1375 3099 καὶ
1423 3041 1655 3122 χρυσίῳ,
1707 3043 1990 3103 εἰδωλολά-

2100 3038 2194 3108 qui
2223 3039 2362 3096 colit
2393 3046 2691 3110 argentum
2719 3046 2775 3093 et
2795 3053 3012 3107 aurum,
3063 3038 3291 3095 omnino
3313 3047 3397 3095 est
3422 3037 3700 3096 idolorum

2100 3127 2278 3152 Aulo-..

385 3153 514 3212 τρης
542 3131 772 3199 πάντως.

667 3155 772 3199 τως,
2025 3127 2070 3152 υ
2097 3127 2295 3184 ϐὶΙΙῐΟΓ.

475 3241 504 3279 (t
531 3220 634 3282 Διὰ
679 3226 848 3280 ταῦτα
892 3219 998 3301 γὰρ
1046 3219 1262 3301 ἔρχεται
1313 3224 1348 3292 ἡ
1393 3220 1526 3300 ὀργὴ
1579 3225 1672 3279 τοῦ
1713 3222 1855 3282 Θεοῦ
1897 3223 1985 3282 ἐπὶ

2166 3218 2397 3290 Propter
2432 3217 2552 3274 haec
2587 3217 2737 3273 enim
2772 3218 2924 3272 venit
2949 3217 3029 3273 ira
3076 3217 3183 3273 Dei
3230 3217 3288 3272 in
3328 3216 3474 3273 ﬁlios
3513 3217 3701 3274 inobe—

381 3309 502 3379 τοὺς
529 3309 670 3378 υἱοὺς
711 3315 806 3384 τῆς
831 3309 1122 3378 ἀπειθείας.
1157 3333 1186 3368 ιι
1220 3309 1299 3370 Ἢ
1331 3309 1418 3369 διὰ
1448 3309 1546 3382 τὴν
1576 3312 1848 3391 πορνείαν,
1896 3314 1985 3372 καὶ

2090 3305 2336 3364 dientiaa.
2364 3329 2385 3357 ι»
2409 3307 2506 3363 Vel
2533 3315 2757 3379 propter
2779 3306 3204 3363 fornicationem
3221 3316 3277 3363 et
3294 3306 3694 3379 impuritatem,

382 3399 480 3470 τὴν
510 3399 864 3480 ἀκαθαρσίαν,
897 3397 988 3457 καὶ
1032 3397 1130 3472 τὴν
1178 3397 1639 3479 εἰδωλολατρείαν·
1672 3401 1708 3472 ἢ
1741 3398 1826 3458 διὰ
1865 3401 1985 3468 τοὺς

2093 3395 2172 3451 vel
2204 3406 2428 3469 propter
2463 3395 2743 3453 idolorum
2795 3396 3088 3464 culturam,
3133 3397 3213 3452 vel
3242 3404 3470 3468 propter
3507 3396 3701 3470 hujus-

381 3490 650 3557 τοιούτους
719 3487 904 3568 λόγους
963 3492 1070 3547 τῶν
1147 3487 1490 3548 ἀπατεώνων.
1571 3487 1864 3556 Ἀπειθείας
1929 3491 1982 3550 δὲ

2090 3483 2240 3540 modi
2252 3484 2616 3556 deceptornm
2627 3501 2930 3542 sermones.
2953 3485 3347 3542 lnobedientize
3358 3495 3542 3542 autem
3560 3488 3699 3547 lilios

381 3579 544 3653 υἱοὺς,
576 3577 696 3648 τοὺς
745 3578 946 3660 σφόδρα
979 3581 1230 3653 ἀπειθεῖς,
1259 3576 1378 3644 τοὺς
1407 3581 1485 3659 τῷ
1529 3581 1657 3660 Θεῷ
1687 3580 1984 3638 ἀπιστοῦν-

2089 3573 2226 3629 dicit
2246 3573 2403 3630 valde
2449 3574 2845 3644 inobedientes,
2870 3590 2900 3629 a
2931 3578 3051 3631 Deo
3081 3574 3414 3644 deﬁcientes,
3462 3591 3528 3633 ac
3564 3587 3677 3635 tra-

380 3693 498 3746 τας,
533 3669 654 3738 τοὺς
683 3669 752 3728 τὰ
780 3673 1002 3728 τοιαῦτα
1032 3667 1470 3748 δογματίζοντας.

1305 3691 1470 3736 mag,
2089 3661 2284 3718 dentes
2307 3662 2624 3735 hujusmodi
2655 3661 2933 3734 dogmata.

471 3780 499 3816 (ι
544 3760 642 3831 Μὴ
687 3749 775 3818 οἷν
840 3757 1046 3837 γίνεσθε
1096 3757 1428 3837 συμμέτοχοι
1481 3760 1676 3817 αὐτῶν⁹
1721 3751 1814 3830 ἦτε
1877 3759 1981 3839 γάρ

2160 3754 2341 3808 Vnus.
2387 3758 2440 3806 7.
2480 3771 2506 3805 «
2547 3751 2728 3808 Nolite
2770 3767 2902 3824 ergo
2939 3751 3085 3807 efﬁci
3128 3753 3426 3825 participes
3472 3771 3688 3813 eorum.

378 3871 508 3908 ποτε
559 3848 765 3921 σκότος,
816 3851 908 3907 νῦν
948 3846 1004 3906 δὲ
1052 3850 1161 3929 φῶς
1213 3849 1266 3906 ἐν
1309 3845 1581 3929 Κυρίῳῖλι)
1637 3850 1780 3908 Ἀλλ’
1815 3850 1981 3926 ὑμεῖς,

2090 3841 2269 3899 Eratis
2296 3842 2442 3897 enim
2480 3840 2770 3913 aliquando
2804 3841 3065 3910 tenebrae,
3115 3857 3264 3897 nunc
3300 3851 3488 3899 autem
3517 3844 3609 3899 lux
3635 3846 3692 3902 in

377 3937 530 4020 φησὶ,
602 3937 678 4016 μὴ
741 3925 1138 4017 συγκοινωνεῖτε
1209 3925 1411 4002 αὖτοῖςξ
1463 3925 1604 3996 Εἶτα
1666 3925 1980 4016 ἀναμιμνή-

2087 3931 2352 3988 Domino.
2411 3955 2436 3979 υ
2482 3936 2559 3986 At
2597 3947 2712 3998 vos,
2765 3930 2960 4002 inquit,
3019 3945 3089 3986 ne
3133 3931 3554 3989 communicetis
3590 3935 3685 3990 eis.

379 4019 496 4087 σκει
533 4025 586 4062 ²²
632 4025 821 4094 αὐτοὺς
853 4030 946 4098 τῆς
991 4025 1251 4107 προτέρας
1297 4025 1510 4100 κακίας,
1565 4026 1754 4106 λέγων’
1797 4027 1981 4087 Ἐννο-

2090 4020 2304 4077 Deinde
2321 4020 2526 4076 scelera
2537 4022 2719 4093 priora
2739 4020 2817 4076 eis
2833 4019 2906 4075 ad
2920 4020 3248 4077 memoriam
3267 4030 3508 4091 revocat,
3533 4024 3693 4095 Cogi-

377 4117 544 4189 ήσατε
585 4117 638 4177 τί
665 4109 786 4190 ἦτε,
818 4116 911 4175 καὶ
942 4114 995 4175 τί
1033 4115 1309 4196 γεγόνατε,
1344 4116 1435 4174 καὶ
1486 4114 1566 4176 ὅτι
1602 4117 1709 4177 ἀπὸ
1740 4116 1980 4196 σκότους,

2089 4119 2222 4179 tate,
2261 4112 2529 4183 inquiens,
2563 4109 2694 4182 quid
2733 4109 2914 4178 eratis,
2963 4117 3017 4165 et
3045 4109 3178 4182 quid
3207 4109 3337 4166 facti
3371 4111 3508 4182 sitis,
3541 4112 3689 4185 quod

377 4209 508 4288 φῶς.
541 4205 815 4286 Πρότερον
849 4205 902 4244 2³
934 4204 1030 4283 μὲν
1060 4205 1162 4286 γὰρ
1195 4207 1286 4264 καὶ
1334 4205 1571 4288 κατὰᾼτὰ
1618 4206 1862 4286 δόγματα
1894 4208 1984 4266 καὶ

2092 4217 2122 4255 a
2147 4200 2386 4256 tenebris
2416 4200 2606 4256 lumen
2640 4199 2772 4255 facti
2812 4199 2951 4255 sitis.
2994 4199 3247 4255 Primum
3285 4199 3509 4272 quidem
3551 4211 3607 4256 et
3632 4202 3689 4259 in

375 4285 517 4355 κατὰ
547 4285 637 4354 τὸν
692 4285 804 4377 βίον
850 4294 1034 4362 σκότος
1087 4285 1409 4378 αὐτόχρημα
1471 4285 1582 4367 ἧτεο
1635 4285 1722 4356 νῦν
1773 4297 1826 4356 δὲ
1865 4299 1976 4378 φῶς

2090 4289 2456 4363 dogmatibus,
2498 4297 2554 4344 et
2601 4290 2659 4344 in
2692 4291 2820 4346 vita:
2848 4290 3282 4360 conversatione,
3334 4291 3579 4348 tenebrw
3628 4308 3685 4348 re

377 4389 515 4460 ἐστε,
545 4384 641 4446 ἅτε
669 4387 761 4444 καὶ
792 4384 932 4446 Θεὸν
963 4386 1340 4464 ἐπεγνωκότες,
1378 4385 1470 4443 καὶ
1498 4383 1628 4464 ἔργα
1660 4385 1831 4467 φωτὸς
1857 4411 1978 4464 μετ-

2051 4398 2058 4438 l
2083 4380 2198 4452 ipsa
2223 4379 2393 4436 eratis
2425 4399 2436 4434 :
2474 4395 2623 4436 nunc
2645 4395 2771 4435 vero
2801 4379 2986 4435 lumen
3006 4380 3159 4448 estis,
3191 4388 3381 4453 utpote
3412 4389 3468 4437 et
3495 4385 3679 4439 Deum

378 4474 564 4543 ιόντες.
612 4476 786 4537 Τοῦτο
834 4473 889 4532 δὲ
919 4475 1132 4552 γέγονεν
1185 4476 1309 4551 ὑμῖν
1361 4475 1457 4532 οὐκ
1507 4474 1613 4532 ἀπὸ
1641 4478 1736 4547 τῆς
1785 4475 1976 4553 ὑμετέ-

2082 4477 2500 4542 cognosccntes,
2541 4477 2598 4526 et
2625 4486 2790 4542 opera
2835 4469 2969 4527 lucis
3009 4469 3291 4528 facientes.
3337 4474 3461 4528 Hoc
3502 4480 3689 4530 autem

377 4589 472 4646 ρας
516 4566 729 4644 ἀρετῆς,
783 4565 902 4646 ἀλλ’
953 4565 1005 4621 ἐν
1042 4562 1254 4642 Κυρίῳ,
1305 4562 1546 4622 τουτέστι
1582 4562 1668 4621 διὰ
1709 4568 1805 4637 τῆς
1835 4566 1976 4632 θείας

2083 4559 2310 4632 contigit
2321 4559 2477 4616 vobis
2497 4575 2612 4615 non
2631 4575 2663 4615 a
2681 4567 2860 4616 vestra
2876 4559 3102 4626 virtute,
3121 4561 3216 4616 sed
3247 4583 3271 4607 α
3291 4559 3349 4614 in
3370 4561 3628 4630 Domino,
3660 4585 3685 4610 η

374 4643 606 4734 χάριτος.
660 4655 779 4715 Οὐκ
821 4643 910 4712 οὖν
963 4652 1198 4732 ὀφείλετε
1240 4659 1349 4720 τοῖς
1398 4653 1526 4718 υἱοῖς
1571 4657 1665 4723 τῆς
1709 4653 1976 4722 ἀπειθείας

2081 4649 2188 4704 hoc
2207 4657 2291 4706 est
2314 4665 2411 4722 per
2437 4647 2682 4705 divinam
2702 4649 3090 4721 gratiam.Non
3118 4647 3333 4705 debetis
3356 4648 3518 4722 igitur
3563 4649 3688 4707 ﬁliis

373 4747 661 4816 κοινωνεῖν,
715 4744 795 4824 ἐφ’
849 4741 935 4808 οὓς
982 4743 1196 4822 ἔρχεται
1241 4745 1276 4812 ἡ
1328 4739 1480 4821 ὀργή·
1533 4741 1660 4800 ποτὲ
1721 4741 1823 4824 γᾲρ
1877 4735 1972 4817 ἦτε

2083 4737 2464 4796 inobedientiae
2487 4747 2541 4795 et
2565 4739 2972 4795 incredulitatis
2991 4737 3432 4807 communicare,
3463 4739 3518 4794 in
3549 4755 3689 4811 quos

371 4837 599 4892 τοιοῦτοι
630 4831 722 4891 καὶ
751 4823 886 4902 ἄξιοι
935 4833 1113 4912 ὀργῆς·
1155 4835 1246 4890 νῦν
1289 4829 1344 4890 δὲ
1396 4829 1588 4890 οὐκέτι·
1619 4829 1694 4909 μὴ
1735 4823 1826 4892 οῦν
1856 4856 1969 4892 πα-

2083 4829 2228 4884 venit
2249 4829 2348 4883 ira.
2394 4827 2687 4899 Quondam
2715 4828 2864 4885 enim
2888 4829 3058 4885 eratis
3086 4828 3223 4885 tales
3269 4827 3534 4902 dignique
3576 4829 3681 4897 ira,

372 4922 760 5004 λινδρομήσητε
793 4919 923 5002 πρὸς
964 4919 1026 4979 τὸ
1056 4918 1260 4988 σκότος.

2082 4933 2233 4973 nunc
2271 4926 2456 4974 autem
2505 4933 2618 4973 non
2643 4933 2808 4988 porro
2860 4937 2876 4973 :
2912 4933 2983 4974 ne
3023 4917 3187 4991 igitur
3217 4933 3411 4975 rursus
3451 4919 3682 4975 curratis

2083 5007 2154 5064 ad
2191 5007 2461 5064 tenebras.

457 5105 484 5140 α
518 5081 613 5150 Ὡς
639 5083 799 5142 τέκνα
843 5081 1013 5164 φωτὸς
1059 5090 1423 5163 περιπατεῖτε.
1460 5109 1484 5135 ι»
1510 5081 1839 5158 ⁵Τουτέστιν,
1882 5087 1972 5144 εὖ-

2155 5100 2338 5154 Vnns.
2361 5105 2414 5154 8.
2434 5120 2460 5147 σι
2483 5101 2564 5155 Ut
2586 5097 2684 5153 ﬁlii
2706 5097 2845 5153 lucis
2865 5096 3162 5154 ambulate.
3181 5121 3205 5147 υ
3228 5099 3349 5153 Ηοο
3369 5105 3451 5154 est
3462 5097 3683 5165 decore,

373 5171 686 5252 σχημόνως,
737 5172 828 5232 καὶ
877 5173 948 5239 ὡς
979 5170 1136 5246 εἰκὸς,
1166 5169 1256 5230 τὸν
1287 5173 1340 5230 ἐν
1387 5171 1523 5259 φωτὶ
1554 5177 1970 5253 περιπατοῦντα.

2082 5195 2136 5242 et
2164 5187 2636 5259 quemadmodum
2656 5187 2814 5243 decet
2836 5202 2965 5242 eum
2989 5187 3081 5259 qui
3105 5186 3163 5242 in
3187 5187 3397 5244 lumine
3417 5187 3679 5243 ambulat.

373 5250 595 5322 Μᾶλλον
645 5260 698 5319 δὲ
746 5260 838 5320 καὶ
869 5260 1051 5329 ἄλλοις
1081 5264 1190 5340 φῶς
1233 5263 1376 5337 ἡμᾶς
1402 5250 1548 5320 εἶναι
1593 5250 1970 5324 δῖακελεύεται.

2084 5250 2228 5345 Quin
2261 5277 2448 5348 potius
2472 5277 2588 5332 aliis
2616 5277 2780 5332 etiam
2808 5291 2912 5332 nos
2939 5250 3122 5332 lumen
3151 5291 3268 5333 esse
3291 5275 3447 5347 jubet
3476 5294 3490 5332 :
3523 5278 3685 5333 lumi-

373 5350 450 5411 Τὸ
478 5350 582 5431 γὰρ
610 5355 702 5409 τοῦ
744 5350 914 5430 φωτὸς
940 5348 1148 5429 τέκνον,
1181 5350 1396 5419 πάντως
1426 5351 1516 5409 καὶ
1547 5353 1676 5411 αὐτὸ
1704 5355 1829 5433 φῶς.

1728 5355 1829 5419 ὣς.
2084 5365 2168 5421 nis
2197 5367 2340 5422 enim
2372 5366 2516 5422 ﬁlius
2541 5366 2770 5422 omnino
2804 5374 2861 5422 et
2883 5367 3000 5438 ipse
3024 5365 3212 5423 lumen
3249 5376 3356 5423 est.

457 5484 698 5542 PMatth.
731 5490 934 5554 v1,14.
1025 5485 1095 5529 ιι*
1118 5484 1265 5542 Psal.
1297 5500 1474 5556 cxm,
1511 5491 1598 5542 14.

1775 5587 1966 5646 Variae
2011 5590 2311 5651 lectiones.

443 5703 488 5739 ¹⁷
521 5705 720 5768 Παῦλος
753 5721 806 5762 0.
883 5705 930 5744 ¹⁸
960 5705 1121 5778 λέγεις
1141 5718 1194 5761 0.
1273 5704 1316 5736 39
1339 5704 1524 5771 ἔστησα
1545 5721 1600 5763 0.
1677 5708 1722 5740 ²⁰
1748 5709 2086 5780 σφαγιάζειω
2184 5712 2226 5746 ⁵η
2263 5709 2374 5763 οὐδὲ
2403 5727 2453 5767 0.
2537 5712 2578 5744 εἳ
2619 5712 2706 5766 ἵνα
2747 5711 3099 5785 ἀναμιμνήσκῃ
3125 5727 3179 5768 0.
3256 5711 3300 5743 ²³
3323 5715 3516 5780 πρῶτον
3549 5725 3602 5767 0.
