4124 6430
409 381 547 434 1107

405 601 458 648 et
487 592 688 665 iustitia
733 599 790 647 et
831 592 1078 650 veritate.
1111 615 1136 641 η
1188 591 1376 647 Veluti
1419 592 1815 663 interpretatur
1841 593 2003 648 nobis

404 683 525 754 quis
553 683 623 739 sit
664 681 808 737 filius
855 681 1010 747 lucis,
1039 681 1317 754 inquiens,
1352 681 1443 753 qui
1477 681 1720 738 fructum
1762 683 2004 755 Spiritus

408 772 599 828 habet.
634 773 755 843 lpse
785 769 931 826 enim
962 771 1199 841 Spiritus
1227 768 1468 827 fructum
1506 771 1743 844 profert,
1773 788 1884 828 non
1913 773 2005 829 illa

405 877 531 934 quae
561 859 940 932 praediximus,
985 875 1176 915 verum
1204 861 1478 916 contraria
1526 862 1706 932 potius
1735 881 1748 917 :
1781 863 2000 918 bonita-

404 960 519 1007 tem
545 966 667 1022 quae
690 949 1062 1006 amarulentiae
1085 958 1141 1005 et
1159 949 1277 1018 irae,
1293 949 1567 1020 justitiam
1593 966 1715 1022 quae
1735 951 2001 1021 avaritiae,

417 1057 481 1096 ac
500 1041 786 1096 veritatem
812 1055 933 1112 quae
968 1039 1305 1110 impuritatis
1327 1039 1481 1096 falsae
1510 1040 1775 1113 voluptati
1825 1057 2006 1113 oppo-

411 1132 564 1187 nitur
578 1132 838 1186 .Omnem
853 1139 1037 1186 autem
1051 1129 1357 1186 bonitatem
1369 1129 1649 1202 dicit,quae
1664 1147 1791 1205 erga
1817 1147 2009 1188 omnes

407 1230 510 1290 est,
541 1221 746 1277 nedum
775 1219 1006 1288 amicos,
1036 1218 1132 1276 sed
1155 1219 1332 1292 magis
1361 1234 1489 1292 erga
1509 1219 1716 1276 hostes.

479 1497 657 1551 Vens.
707 1499 795 1550 lo.
851 1511 879 1545 «
932 1492 1236 1549 Probantes
1283 1491 1418 1564 quid
1472 1491 1549 1548 sit
1603 1490 2005 1564 beneplacitum

405 1584 674 1641 Domino.
717 1606 745 1631 ν
789 1581 1027 1639 Probare
1068 1581 1437 1653 perfectorum
1483 1590 1586 1649 est,
1627 1581 1718 1652 qui
1756 1582 2004 1654 judicare

407 1682 656 1748 possunt.
693 1671 1034 1745 lmperfectae
1064 1671 1248 1742 itaque
1276 1687 1338 1726 ac
1366 1671 1620 1743 reprobae
1670 1673 1872 1728 mentis
1899 1681 2002 1741 est,

406 1779 523 1819 non
549 1763 767 1834 eligere,
810 1777 988 1832 neque
1022 1761 1158 1816 velle
1203 1775 1327 1832 quae
1355 1763 1474 1815 Deo
1517 1760 1786 1831 placeant,
1816 1761 2005 1834 quales

406 1861 536 1909 sunt
562 1868 724 1924 supra
751 1850 1175 1907 commemorati
1205 1849 1457 1906 affectus.

477 1945 657 1999 Vens.
714 1948 802 2010 11,
859 1947 949 1997 12.
997 1962 1024 1989 κ
1074 1942 1144 1996 Et
1185 1955 1255 1995 ne
1294 1940 1715 1998 communicetis
1744 1940 2005 2013 operibus

405 2034 767 2092 infructuosis
817 2034 1199 2102 tenebrarum,
1263 2034 1442 2106 magis
1497 2043 1687 2091 autem
1727 2043 1782 2090 et
1832 2033 2004 2106 408

404 2125 737 2198 redarguite.
787 2127 927 2197 Qua:
971 2124 1119 2179 enim
1168 2123 1226 2178 in
1250 2123 1468 2179 occulto
1531 2123 1674 2180 ﬁunt
1729 2124 1796 2180 ab
1848 2124 2000 2194 ipsis,

405 2224 566 2286 turpe
619 2221 704 2269 est
758 2212 927 2268 etiam
981 2211 1184 2267 dicere.
1235 2234 1262 2260 ν
1303 2209 1630 2284 Infrugifera
1672 2220 1801 2268 sunt
1861 2220 2010 2269 tene-

404 2304 632 2359 brarum
684 2310 739 2358 et
766 2300 975 2374 peccati
1026 2316 1190 2371 opera
1236 2319 1253 2355 :
1315 2299 1448 2355 nihil
1501 2301 1647 2356 enim
1690 2299 1899 2358 fructus
1931 2302 2009 2358 fe-

407 2401 543 2449 runt
587 2399 789 2463 praeter
838 2399 1082 2446 mortem
1119 2399 1178 2446 et
1202 2389 1578 2462 ignominiam.
1624 2393 1748 2447 Non
1799 2399 2014 2462 oportet

404 2483 570 2555 igitur
607 2481 1021 2537 communicare
1072 2480 1273 2536 talibus
1315 2481 1597 2552 Operibus,
1639 2479 1740 2537 sed
1782 2497 2010 2553 arguere

405 2573 612 2644 potius,
671 2571 777 2627 hoc
815 2578 899 2626 est
938 2571 1207 2626 instruere
1253 2569 1388 2625 talia
1432 2578 1677 2643 agentes.
1713 2570 2005 2639 Quomodo

404 2662 573 2734 igitur
599 2660 706 2717 alio
736 2661 795 2715 in
843 2660 984 2727 loco,
1030 2659 1183 2728 dicit,
1219 2681 1244 2707 α
1279 2661 1361 2714 Ne
1394 2659 1691 2731 judicetis?
1743 2683 1768 2709 ν
1793 2663 1898 2715 Pro
1938 2675 2004 2716 eo

405 2751 551 2824 quod
576 2759 676 2818 est,
707 2753 785 2805 Ne
809 2749 1207 2805 condemnetis.
1236 2747 1402 2804 Aliud
1431 2759 1616 2804 autem
1642 2755 1725 2804 est
1754 2765 2000 2821 arguere,

405 2850 462 2897 et
487 2839 630 2896 aliud
659 2839 1050 2895 condemnare.
1102 2843 1347 2909 Arguere
1375 2838 1526 2893 enim
1565 2839 1633 2893 ad
1657 2839 2004 2894 emendatio-

404 2946 534 2986 nem
583 2928 813 3000 pertinet
853 2946 866 2980 :
899 2927 1272 2984 condemnare
1319 2943 1448 2982 vero
1496 2927 1566 2983 ad
1608 2928 1919 2983 convicium
1948 2935 2004 2983 et

404 2989 862 3075 diffamationem.
893 3021 1183 3078 Praeterea,
1220 3018 1341 3071 Non
1363 3015 1632 3088 judicate,
1663 3016 1732 3072 de
1757 3016 2002 3072 minimis
2037 2989 2081 3053 C

405 3109 644 3180 peccatis
687 3106 842 3163 dicit.
890 3106 1069 3161 Infert
1110 3106 1320 3174 itaque,
1361 3126 1386 3153 α
1434 3105 1579 3174 Quid
1619 3113 1804 3161 autem
1851 3105 2004 3161 vides

404 3197 678 3253 festucam
699 3197 756 3252 in
781 3197 943 3252 oculo
972 3195 1151 3251 fratris
1170 3196 1252 3254 tui
1273 3205 1302 3246 (ι
1353 3197 1376 3248 P
1403 3218 1426 3242 ι»
1455 3195 1610 3250 Clam
1635 3203 1823 3251 autem
1848 3203 2005 3252 notat

407 3285 610 3343 Paulus
660 3285 897 3341 nefarias
926 3285 1196 3356 quasdam
1225 3303 1334 3354 res,
1377 3301 1503 3358 quae
1552 3284 1696 3355 apud
1736 3284 2003 3356 Ephesios

408 3375 754 3448 peculiariter
777 3375 960 3431 locum
987 3374 1284 3432 habebant.

478 3467 657 3522 Vnus.
707 3471 790 3521 13.
846 3487 871 3513 α
913 3465 1116 3522 Omnia
1171 3473 1358 3522 autem
1410 3481 1534 3536 quae
1577 3473 1908 3536 arguuntur,
1970 3482 2000 3520 a

403 3555 616 3611 lumine
649 3553 1090 3612 manifestantur.
1139 3578 1166 3604 ι
1212 3557 1355 3611 Cum
1411 3554 1656 3611 dixisset.
1709 3556 1823 3609 Vos
1868 3555 2002 3611 estis

403 3645 612 3708 lumen.
645 3645 829 3700 lumen
856 3652 1044 3701 autem
1090 3645 1267 3716 arguit
1294 3659 1418 3717 qua:
1476 3644 1534 3698 in
1558 3642 1804 3698 tenebris
1831 3643 1994 3712 fiunt,

406 3733 574 3790 infert
614 3756 627 3791 :
668 3734 724 3789 Si
748 3733 914 3807 igitur
949 3750 1049 3790 vos
1088 3735 1384 3790 virtutibus
1412 3733 1694 3804 conspicui
1718 3733 1856 3802 sitis,
1889 3749 2002 3789 non

404 3832 703 3895 potuerunt
742 3825 912 3880 latere
946 3825 1179 3881 scelesti.
1210 3827 1292 3882 Ut
1333 3823 1483 3879 enim
1521 3823 1744 3878 lucerna
1786 3823 2004 3880 lucente

407 3913 494 3969 fur
515 3930 630 3970 non
656 3913 956 3986 ingreditur
985 3931 1000 3967 :
1032 3914 1111 3970 sic
1146 3914 1354 3969 lumine
1395 3912 1614 3968 virtutis
1646 3921 1842 3968 vestrae
1891 3911 2001 3968 ful-

403 4011 584 4076 gente,
614 4004 690 4060 illi
721 4004 1028 4075 capientur,
1058 4020 1089 4059 a
1126 4003 1281 4059 vobis
1316 4001 1622 4073 praesertim
1653 4001 2003 4058 sermonibus

403 4093 689 4149 erudiendi
719 4092 831 4146 vim
872 4092 1208 4148 habentibus
1233 4090 1533 4162 redarguti.

479 4205 505 4231 α
553 4183 736 4238 Omne
776 4182 925 4236 enim
967 4180 1118 4252 quod
1157 4179 1559 4248 manifestatur,
1603 4180 1790 4237 lumen
1829 4189 1934 4238 est.
1967 4204 1992 4230 ιο

405 4268 886 4340 Quemadmodum
910 4270 1108 4324 vulnus
1125 4267 1167 4323 si
1198 4277 1548 4342 contegatur,
1575 4270 1784 4325 nullam
1808 4285 2004 4325 curam

404 4359 620 4430 recipit,
651 4357 727 4413 sic
772 4366 829 4413 et
866 4366 1171 4429 peccatum.
1201 4359 1343 4414 Cum
1371 4367 1557 4415 autem
1586 4358 1998 4415 manifestatum

403 4449 589 4517 fuerit,
619 4447 852 4504 efﬁcitur
882 4448 992 4517 lux,
1027 4465 1142 4504 non
1177 4459 1462 4520 peccatum
1507 4449 1708 4522 ipsum,
1741 4457 2007 4506 caeterum

407 4539 451 4594 is
478 4539 573 4611 qui
594 4547 852 4610 operatus
871 4549 972 4595 est.
1004 4541 1146 4595 Cum
1175 4539 1323 4594 enim
1344 4539 1675 4611 redargutus
1695 4539 2009 4609 resipuerit,

404 4643 468 4683 ac
494 4628 871 4684 remissionem
901 4637 1235 4685 consecutus
1263 4627 1449 4698 fuerit,
1483 4644 1666 4684 nonne
1709 4627 1827 4698 ejus
1850 4635 2007 4682 tene-

404 4716 518 4772 bra
549 4715 826 4774 mundata)
871 4725 1041 4774 sunt?
1081 4719 1204 4786 Vel,
1239 4718 1364 4774 Vita
1407 4725 1610 4785 vestra,
1645 4716 1846 4787 inquit,
1895 4731 2012 4771 ma-

403 4804 603 4862 nifesta
659 4823 790 4864 cum
841 4807 936 4875 sit,
984 4808 1174 4863 lumen
1194 4814 1321 4863 est:
1371 4821 1535 4862 nemo
1570 4794 1721 4860 enim
1761 4804 1929 4860 ﬁdem
1957 4813 2010 4860 et

401 4893 676 4950 actionem
740 4895 1275 4965 irreprehensibilem
1323 4892 1631 4950 abscondit.
1699 4895 1836 4964 Quae
1882 4909 2012 4950 vero

401 4983 765 5050 occultantur,
821 4991 1106 5054 propterea
1164 4982 1318 5054 quod
1364 4982 1525 5054 digna
1588 4991 1721 5038 sunt
1770 4982 2012 5039 tenebris

401 5071 745 5127 occultantur
789 5090 802 5126 :
851 5085 977 5142 quae
1007 5087 1238 5143 arguere
1284 5079 1502 5143 oportet
1531 5079 1587 5127 et
1637 5070 2007 5129 manifestare.

472 5162 647 5217 Vnus.
687 5165 772 5216 14.
826 5183 851 5208 α
904 5163 1203 5230 Propterea
1253 5161 1429 5218 dicit:
1487 5162 1882 5234 Expergiscere
1920 5162 2011 5234 qui

399 5247 629 5312 dormis,
663 5256 719 5304 et
741 5264 906 5321 surge
931 5263 999 5304 ex
1027 5249 1280 5319 mortuis,
1307 5257 1367 5304 et
1409 5249 1694 5307 illucescet
1715 5251 1812 5306 tibi
1846 5250 2012 5307 Chri-

402 5345 534 5392 stus.
567 5357 593 5388 »
632 5339 1016 5394 Dormientem
1037 5346 1090 5394 et
1118 5346 1400 5395 mortuum
1424 5340 1658 5410 peccatis
1683 5339 1773 5395 hic
1795 5340 2017 5395 immer-

475 5502 499 5534 (ι
531 5490 730 5546 Matth.
758 5506 873 5559 vn,
905 5497 957 5546 3.

1423 376 1933 433 THEOPHYLACTI
1972 378 2330 434 BULGARIA‘I
2368 380 2682 434 ARCHIEP.

474 506 718 559 Vnas.9.
747 524 772 551 α
802 503 1039 557 Fructus
1063 501 1208 556 enim
1229 501 1466 573 Spiritus
1495 501 1551 557 in
1571 503 1724 558 omni
1755 503 2000 559 bonitate
2032 511 2084 573 Α

3580 379 3718 434 “08

2200 526 2231 562 (ι
2262 503 2332 564 Ὁ
2361 503 2465 585 γὰρ
2501 505 2702 584 καρπὸς
2746 510 2839 564 τοῦ
2875 504 3193 585 Πνεύματος
3223 508 3275 564 ἐν
3323 505 3472 585 πάσῃ
3512 507 3716 583 ἀγαθω·

2110 592 2264 672 σύνῃ,
2309 596 2401 653 καὶ
2435 595 2772 674 δικαιοσύνῃ,
2828 595 2920 653 καὶ
2962 595 3207 676 ἀληθείᾳ.
3249 623 3275 647 ι»
3311 591 3530 674 εὨσπερ
3563 596 3714 674 ἐφερ-

2115 683 2328 758 μηνεύει
2354 687 2484 759 ἡμῖν
2507 729 2525 758 ,
2557 683 2609 742 τί
2635 686 2748 743 ἐστι
2775 683 2835 742 τὸ
2866 683 3046 743 τέκνον
3077 691 3170 744 τοῦ
3201 683 3388 766 φωτὸς,
3419 683 3510 741 καί
3557 707 3713 764 φησιν

2113 771 2194 830 δ’τι
2235 773 2296 831 τὸ
2328 771 2379 810 ²⁴
2410 772 2499 831 τὸν
2546 773 2752 853 καρπὸν
2791 778 2883 832 τοῦ
2916 774 3227 851 Πνεύματος
3255 772 3376 853 ἔχον
3417 771 3498 810 ²⁵·
3523 774 3584 831 τὸ
3613 772 3714 852 γὰρ

2115 865 2339 939 Πνεῦμα
2383 871 2730 942 καρποφορεῖ,
2768 865 2864 921 οὐκ
2907 865 3082 921 ἐκεῖνα
3113 863 3146 922 ἃ
3189 863 3534 942 προείπομεν,
3578 863 3715 922 ἀλλὰ

2112 951 2179 1011 τὰ
2209 951 2439 1024 ἐναντία,
2469 951 2564 1023 τὴν
2618 951 2991 1031 ὄγαθωσύνην,
3022 952 3138 1024 ἥτις
3279 951 3468 1033 πικρίᾳ
3510 951 3602 1011 καὶ
3647 954 3715 1022 τῆ

2113 1043 2244 1121 ὀργῇ
2321 1043 2641 1100 ἀντίκειται·
2721 1041 3095 1115 δικαιοσύνην,
3171 1041 3294 1112 ἥτις
3358 1041 3572 1100 ἐναντία

2114 1129 2420 1212 πλεονεξίαι
2483 1131 2574 1190 καὶ
2625 1130 2724 1201 τὴν
2782 1132 3064 1203 ἀλήθειαν,
3113 1130 3232 1202 ἥτις
3289 1130 3576 1203 ἀνθέστηκε
3645 1136 3713 1210 τῇ

2115 1222 2295 1301 ψευδεῖ
2324 1223 2487 1302 ἡδονῇ
2533 1225 2627 1292 τῆς
2659 1222 3012 1300 ἀκαθαρσίας.
3046 1224 3240 1281 Πᾶσαν
3283 1221 3338 1278 δὲ
3368 1217 3716 1298 ἀγαθωσύνῃν
3769 1291 3774 1298 ί

2114 1311 2278 1389 λέγει,
2311 1311 2408 1381 τὴν
2443 1311 2571 1390 πρὸς
2605 1311 2832 1384 πάντας,
2879 1314 2936 1371 οὖ
2969 1309 3128 1388 μόνον
3157 1310 3362 1392 φίλους,
3397 1309 3538 1371 ἀλλὰ
3570 1313 3711 1387 μᾶλ-

2117 1402 2206 1459 λον
2237 1402 2369 1481 πρὸς
2400 1400 2519 1468 τοὺς
2549 1401 2784 1482 ἐχθρούς.

2202 1513 2230 1549 α
2269 1491 2672 1569 Δοκιμάζοντες,
2715 1491 2766 1549 τί
2814 1493 2952 1550 ἐστιν
3002 1491 3285 1570 εὐάρεστον
3329 1493 3406 1572 τῷ
3437 1489 3641 1572 Κυρίῳ.
3681 1516 3710 1546 »

2117 1580 2198 1639 Τὸ
2247 1581 2546 1656 δοκιμάζειν
2593 1584 2697 1639 τῶν
2728 1580 2944 1639 τελείων
2974 1579 3110 1654 ἐστὶ,
3156 1583 3262 1638 τῶν
3313 1579 3507 1660 κρίνειν
3551 1581 3714 1638 δυνα-

2116 1669 2307 1745 μένων.
2340 1670 2515 1730 ⁰Ωστε
2569 1672 2782 1736 ἀτελοῦς
2831 1671 2920 1729 καὶ
2970 1671 3225 1744 ἀδοκίμου
3259 1671 3493 1736 διανοίας
3533 1669 3590 1727 τὸ
3637 1668 3714 1744 μὴ

2113 1762 2182 1818 τὰ
2228 1764 2303 1839 τῷ
2339 1759 2526 1840 Κυρίῳ
2571 1758 2864 1838 ἀρέσκοντα
2903 1761 3185 1841 αἱρεῖσθαι,
3233 1749 3318 1817 οἶα
3359 1757 3431 1818 τὰ
3481 1759 3593 1818 ἄνω
3641 1761 3716 1818 εἰ·

2035 1834 2083 1895 Β
2120 1834 2323 1930 ρημένα
2353 1834 2520 1921 πάθη..

2201 1961 2231 1998 (ι
2263 1938 2369 1998 Καὶ
2416 1939 2491 2017 μὴ
2540 1938 2938 2017 συγκοινωνεῖτε
2993 1944 3104 2008 τοῖς
3153 1938 3325 2018 ἔργοις
3391 1946 3500 2006 τοῖς
3553 1938 3718 2018 ἀκάρ-

2114 2053 2228 2097 ποις
2272 2033 2363 2088 τοῦ
2401 2028 2637 2102 σκότους,
2683 2031 2887 2104 μᾶλλον
2932 2028 2987 2088 δὲ
3017 2029 3109 2088 καὶ
3161 2029 3428 2108 ἐλέγχετε.
3487 2027 3575 2089 Τὰ
3615 2029 3717 2110 γὰρ

2113 2122 2286 2200 κρυφῆ
2317 2117 2570 2196 γινόμενα
2599 2117 2687 2175 ὑπ’
2717 2119 2894 2177 αὐτῶν
2932 2116 3151 2197 αἰσχρόν
3203 2121 3314 2176 ἐστι
3345 2117 3437 2176 καὶ
3465 2117 3656 2194 λέγειν.
3685 2141 3712 2175 »

2117 2206 2365 2285 Ἀκαρπα
2426 2207 2494 2266 τὰ
2543 2212 2635 2266 τοῦ
2691 2206 2908 2273 σκότους
2960 2209 3052 2265 καὶ
3113 2211 3206 2279 τῆς
3255 2207 3520 2286 ἁμαρτίας
3567 2205 3718 2286 ἔργα·

2119 2299 2212 2355 οὐκ
2252 2298 2384 2354 ἄλλο
2414 2295 2517 2378 γὰρ
2555 2302 3010 2378 καρποφοροῦσιν,
3048 2299 3094 2355 εἰ
3126 2297 3201 2374 μὴ
3252 2300 3475 2357 θάνατον
3503 2296 3594 2356 καὶ
3636 2299 3720 2354 αἰ-

2122 2385 2341 2464 σχύνην.
2373 2389 2492 2446 Οὖκ
2521 2377 2610 2444 οῦν
2645 2387 2721 2444 δεῖ
2753 2386 3120 2464 συγκοινωνεῖν
3157 2394 3264 2452 τοῖς
3298 2384 3468 2465 ἔργοις
3492 2385 3717 2464 τούτοις,

2120 2473 2257 2534 ἀλλὰ
2313 2477 2516 2550 μᾶλλον
2577 2475 2838 2554 ἐλέγχειν,
2890 2477 2920 2533 ὅ
2987 2477 3100 2533 ἐστι
3149 2475 3417 2533 παιδεύειν
3475 2472 3594 2542 τοὺς
3651 2475 3720 2534 τὰ

2116 2569 2334 2622 τοιαῦτα
2385 2565 2736 2644 πράττοντας.
2774 2567 2902 2631 Πῶς
2950 2555 3038 2624 οῦν
3076 2566 3315 2644 ἀλλαχοῦ
3350 2587 3496 2644 φησι·
3545 2593 3570 2617 ι
3621 2566 3718 2636 Μὴ

2115 2652 2358 2732 κρίνετε;
2422 2680 2444 2706 υ
2509 2652 2648 2713 Ἀντὶ
2719 2658 2834 2725 τοῦ,
2885 2653 2979 2724 Μὴ
3019 2651 3386 2731 κατακρίνετε.
3444 2648 3609 2712 Ἄλλο
3664 2652 3718 2712 δὲ

2114 2741 2351 2822 ἔλεγχος,
2399 2743 2492 2800 καὶ
2541 2743 2673 2801 ἄλλο
2704 2742 3039 2821 κατάκρισις·
3094 2745 3121 2800 6
3155 2741 3250 2820 μὲν
3297 2740 3399 2822 γὰρ
3440 2741 3528 2801 ἐπὶ
3581 2743 3720 2824 διορ-

2115 2829 2351 2904 θώσει,ἡ
2394 2830 2448 2890 δὲ
2489 2831 2576 2891 ἐπὶ
2620 2831 2798 2912 μώμῳ
2827 2831 2919 2891 καὶ
2959 2830 3347 2906 ἐκπομπεύσει.
3404 2826 3609 2898 Ἄλλως
3661 2855 3719 2890 τε

2112 2920 2191 2992 τὸ,
2235 2947 2259 2976 α
2294 2919 2392 2992 Μὴ
2424 2921 2647 2999 κρίνετε,
2698 2949 2720 2974 υ
2750 2921 2888 3002 περὶ
2918 2925 3021 2980 τῶν
3054 2920 3354 3001 ἐλαχίστων
3395 2921 3719 3000 ἁμαρτημά-

2112 3032 2215 3066 των
2245 3009 2425 3088 φησίν.
2462 3009 2695 3085 Ἐπάγει
2719 3001 2849 3081 οῦν,
2869 3033 2896 3067 ι(
2919 3010 2991 3070 Τί
3027 3009 3080 3068 δὲ
3106 3009 3317 3090 βλέπεις
3346 3010 3406 3068 τὸ
3438 3010 3635 3090 κάρφος
3659 3011 3719 3069 τὸ

2111 3101 2164 3156 ἐν
2202 3102 2278 3178 τῷ
2307 3100 2565 3178 ἐφθαλμῷ
2610 3104 2702 3157 τοῦ
2743 3101 2967 3178 ἀδελφοῦ
2999 3121 3126 3173 σου;
3160 3121 3189 3154 n
3245 3098 3548 3159 Αἷνίττεται
3592 3100 3644 3160 δὲ
3692 3103 3718 3156 6

2115 3190 2325 3255 Παῦλος
2355 3187 2734 3269 ἆῤῥητοποιίας
2759 3186 2901 3256 τινὰς
2949 3189 3002 3246 ἐν
3045 3194 3111 3269 τῇ
3158 3187 3374 3271 Ἐφέσῳ
3422 3193 3717 3270 ἐπιχωρια-

2112 3275 2299 3344 ζούσας
2343 3276 2418 3338 ²⁶.

2210 3475 2237 3509 (ι
2271 3447 2356 3508 Τὰ
2401 3439 2457 3507 δὲ
2487 3450 2663 3510 πάντα
2696 3448 3045 3528 ἐλεγχόμενα,
3088 3449 3190 3509 ὕπὸ
3229 3453 3324 3507 τοῦ
3351 3449 3522 3530 φωτὸς
3551 3474 3715 3531 φανε-

2111 3547 2316 3623 ροῦται.
2350 3560 2380 3596 n
2421 3537 2628 3612 Εἰπὼν,
2658 3538 2739 3596 ὅτι
2771 3541 2902 3605 Φῶς
2940 3541 3082 3618 ἐστε,
3112 3537 3172 3596 τὸ
3200 3537 3254 3597 δὲ
3282 3542 3387 3620 φῶς
3411 3539 3616 3623 ἐλέγχει
3653 3540 3719 3598 τὰ

2109 3636 2162 3692 ἐν
2196 3634 2269 3709 τῷ
2300 3626 2478 3687 σκότει
2528 3628 2800 3706 γινόμενα,
2834 3627 3042 3706 ἐπάγει·
3075 3625 3169 3687 Ἂν
3211 3627 3384 3686 τοίνυν
3436 3619 3529 3700 ἦτε
3573 3632 3722 3705 ὑμεῖς

2108 3719 2366 3800 ἐνάρετοι,
2409 3720 2466 3776 οὖ
2516 3717 2834 3787 δυνήσονται
2878 3719 3058 3777 λαθεῖν
3105 3719 3153 3775 οῖ
3188 3717 3432 3798 πονηροί.
3481 3716 3576 3784 Ὡς
3615 3717 3720 3797 γὰρ

2108 3811 2302 3889 λύχνου
2343 3806 2615 3887 φαίνοντος
2653 3813 2680 3867 6
2720 3807 2954 3880 κλέπτης
2984 3808 3080 3866 οὔκ
3130 3805 3195 3864 ἂν
3235 3809 3535 3887 ἐπεισέλθῃ·
3580 3807 3716 3867 οὕτω

2108 3906 2199 3958 τοῦ
2244 3897 2412 3979 φωτὸς
2453 3901 2548 3967 τῆς
2594 3895 2854 3976 ὓμετέρας
2911 3898 3105 3977 ἀρετῆς
3150 3895 3481 3975 λάμποντος,
3523 3898 3715 3957 ἐκεῖνοι

2109 3987 2430 4058 ἁλώσονται,
2461 3985 2635 4052 ἄλλως
2679 4009 2736 4044 τε
2767 3985 2860 4044 καὶ
2889 3989 2978 4067 ὑφ’
3013 3986 3064 4023 ²⁷
3097 3989 3245 4064 ὑμῶν
3273 3985 3446 4066 λόγοις
3489 3989 3711 4046 παιδευ-

2112 4086 2278 4144 τικοῖς
2325 4074 2686 4154 ἐλεγχόμενοι.

2195 4195 2217 4222 ιι
2250 4169 2371 4227 Πᾶν
2406 4163 2507 4243 γὰρ
2553 4165 2615 4223 τὸ
2653 4165 3063 4246 φανερούμενον,
3109 4169 3217 4246 φῶς
3263 4167 3422 4226 ἐστιν.
3451 4192 3477 4219 ιο
3504 4165 3718 4247 ’Ὠσπερ

2111 4259 2171 4318 τὸ
2203 4260 2417 4338 τραῦμα
2456 4255 2857 4330 καλυπτόμενον
2893 4254 2945 4293 2⁸
2991 4255 3242 4330 οὐδεμιᾶς
3280 4255 3540 4316 ἀπολαύει
3573 4262 3724 4334 θερα-

2113 4346 2282 4419 πείας,
2317 4343 2454 4403 οὕτω
2484 4343 2573 4402 καὶ
2616 4347 2648 4414 ἡ
2699 4343 2964 4424 ἁμαρτία.
3005 4343 3258 4404 Ἐπειδὰν
3314 4344 3368 4404 δὲ
3414 4351 3722 4426 φανερωθῇ,

2113 4438 2317 4514 γίνεται
2345 4437 2472 4514 φῶς,
2503 4433 2622 4513 οὐχὶ
2654 4435 2789 4505 αὐτὴ
2819 4439 2853 4506 ἡ
2893 4432 3157 4512 ἁμαρτία,
3203 4435 3322 4494 ἀλλ’
3365 4439 3392 4495 6
3435 4435 3724 4513 ἐργαζόμε-

2114 4549 2218 4592 νος.
2278 4521 2457 4583 εὈταν
2509 4525 2612 4604 γὰρ
2663 4524 2934 4603 ἐλεγχθεὶς
2979 4522 3309 4600 μετανοήσῃ,
3361 4524 3452 4582 καὶ
3493 4524 3726 4604 ἀφέσεως

2114 4615 2279 4694 τύχῃ,
2319 4615 2414 4671 οὐκ
2458 4613 2783 4693 ἐξεκαθάρθη
2825 4617 2984 4672 αὐτοῦ
3022 4611 3081 4670 τὸ
3126 4613 3343 4683 σκότος;
3387 4611 3484 4686 ¹Η,
3527 4613 3606 4671 ὅτι
3655 4612 3722 4674 Ὁ

2118 4705 2212 4782 μὲν
2267 4701 2514 4782 ὑμέτερος
2571 4704 2701 4783 βίος,
2746 4703 2896 4783 φησὶ,
2944 4701 3164 4783 φανερὸς
3225 4699 3319 4773 ὢν,
3381 4706 3490 4782 φῶς
3553 4705 3716 4762 ἐστιν’

2116 4793 2281 4859 οὐδεὶς
2318 4791 2422 4870 γὰρ
2473 4792 2697 4870 κρύπτει
2727 4794 2823 4864 τὴν
2873 4791 3168 4868 ἀμώμητον
3217 4796 3397 4851 πίστιν
3435 4791 3528 4850 καὶ
3576 4800 3719 4871 πρᾶ-

2118 4883 2213 4951 ξιν.
2263 4880 2352 4942 Τὰ
2387 4879 2442 4937 δὲ
2489 4881 2850 4960 κρυπτόμενα,
2906 4879 2992 4940 διὰ
3025 4880 3085 4939 τὸ
3131 4879 3252 4948 ἄξια
3301 4872 3435 4941 εἶναι
3483 4881 3717 4953 σκότους,

2117 4970 2431 5050 κρύπτεται,
2461 4968 2494 5026 ἃ
2521 4972 2601 5028 δεῖ
2641 4969 2880 5050 ἐλέγχειν
2912 4969 3002 5028 καὶ
3033 4976 3309 5051 φανεροῦν,

2199 5179 2224 5204 α
2260 5151 2354 5211 Διὸ
2382 5149 2544 5226 λέγει·
2572 5147 2844 5231 Ἔγειραι,
2877 5154 2905 5209 6
2945 5149 3233 5223 καθεύδων,
3277 5153 3369 5209 καὶ
3417 5149 3624 5210 ἀνάστα
3658 5153 3716 5210 ἐκ

2117 5245 2220 5300 τῶν
2270 5244 2487 5320 νεκρῶν,
2517 5238 2610 5298 καὶ
2657 5237 2939 5318 ἐπιφαύσει
2971 5263 3053 5298 σοι
3096 5243 3124 5298 6
3155 5239 3403 5319 Χριστός.
3446 5268 3470 5292 υ
3511 5241 3717 5300 Καθεύ-

2121 5331 2277 5389 δοντα
2326 5327 2418 5388 καὶ
2457 5328 2638 5408 νεκρὸν
2682 5328 2770 5387 τὸν
2825 5331 2876 5388 ἐν
2921 5327 3207 5408 ἁμαρτίαις
3254 5329 3404 5409 φησί.
3457 5329 3565 5390 Καὶ
3613 5329 3717 5410 γὰρ

1797 5563 1986 5623 Variae
2031 5564 2328 5623 lectiones.

469 5678 512 5711 ³⁵
541 5678 568 5730 ὁ
597 5694 651 5734 0.
725 5679 769 5712 ’δ
792 5678 925 5751 ἔχων
955 5695 1008 5738 0.
1086 5680 1130 5714 ’³⁸
1157 5679 1608 5751 ἐμφιλοχωρούστις
1632 5696 1711 5737 m.
1787 5682 1829 5714 2⁷
1864 5680 1943 5750 ἀφ’
1975 5697 2031 5737 ο.

2106 5679 2151 5712 ³³
2175 5678 2516 5750 κρυπτόμενον
2543 5693 2576 5734 0
2587 5721 2599 5733 .
