4124 6438
391 401 530 454 1109

1274 393 1625 451 EXPOSlTlO
1663 393 1730 448 IN
1770 388 1976 447 EPIST.
2019 389 2111 443 AD
2150 389 2384 443 EPHES.
2425 385 2531 428 ——"'
2540 387 2693 447 CAP.
2729 388 2793 440 V.

3564 383 3701 438 4110

392 523 631 597 δυσώδης
692 524 833 583 ἐστὶν
883 526 953 590 ὡς
1010 526 1038 581 6
1090 521 1307 600 νεκρὸς,
1356 521 1446 581 καὶ
1502 520 1874 598 ἃνενέργητος,
1917 519 1988 581 ὡς

2098 528 2221 568 sum
2276 511 2433 569 dicit.
2482 514 2659 582 Eque
2710 525 2951 583 namque
2978 508 3139 565 virosi
3192 517 3277 565 est
3303 506 3490 565 odoris
3535 516 3700 580 atque

391 618 421 674 6
448 614 753 689 καθεύδων,
798 611 891 672 καὶ
943 610 1274 691 ὀνειρώττει,
1307 610 1398 670 καὶ
1437 610 1760 692 φαντάζεται
1792 607 1859 665 τὰ
1887 608 1989 664 ἀν-

391 705 691 765 υπόστατα.
738 702 916 764 ⁰Οταν
965 694 1055 761 οἷν
1086 705 1273 781 ἐγερθῇ
1317 726 1396 768 τις
1428 703 1534 761 ἀπὸ
1563 706 1656 770 τῆς
1690 698 1988 780 ἁμαρτίας,

390 793 508 854 τότε
534 792 816 874 ἐπιφαύσει
858 794 1005 873 αὐτῷ
1052 794 1080 849 6
1128 792 1385 870 Χριστὸς,
1416 790 1688 850 τουτέστιν
1709 837 1721 858 ,
1750 787 1985 864 ἐπιλάμ-

389 885 513 964 ψει,
559 882 743 960 ὥσπερ
796 882 886 941 καὶ
916 885 944 939 6
994 881 1141 952 ἥλιος
1199 882 1305 947 τοῖς
1353 880 1405 950 ἐξ
1453 879 1618 938 ὕπνου
1669 881 1976 956 ἐγερθεῖσιν.

390 972 541 1040 εἘως
570 970 675 1052 γὰρ
725 970 787 1029 ἂν
821 976 872 1029 ἐν
907 968 1195 1048 ἁμαρτίαις
1249 970 1358 1028 ἐστὶ
1379 1016 1394 1044 ,
1448 978 1593 1046 μισεῖ
1632 967 1691 1026 τὸ
1719 973 1828 1047 φῶς
1849 1016 1863 1034 ,
1897 966 1987 1024 καὶ

392 1066 485 1121 οὐκ
510 1061 726 1143 ἔρχεται
755 1059 886 1140 πρὸς
921 1060 1051 1120 αὐτό
1081 1059 1152 1120 ²⁹.
1189 1062 1270 1119 Οὖ
1296 1059 1418 1138 περὶ
1453 1060 1690 1119 ἀπίστων
1721 1058 1777 1118 δὲ
1818 1063 1990 1115 ταῦτα

393 1151 550 1229 μόνον
592 1151 790 1233 φησὶν,
853 1150 990 1209 ἀλλὰ
1048 1148 1137 1209 καὶ
1170 1149 1294 1230 περὶ
1338 1153 1566 1210 πιστῶν.
1616 1148 1804 1230 Εὕροις
1846 1148 1890 1205 δ’
1925 1147 1987 1205 ἂν

391 1241 644 1324 διαφορὰν
682 1246 778 1300 τοῦ
820 1265 878 1300 τε
907 1240 1250 1307 καθεύδοντος
1284 1239 1375 1299 καὶ
1420 1244 1512 1298 τοῦ
1541 1244 1750 1319 νεκροῦ.
1788 1236 1990 1297 Πολλοὶ

389 1330 494 1410 γὰρ
520 1333 580 1390 τὸ
616 1330 781 1390 κακὸν
833 1329 927 1407 μὲν
958 1335 1258 1404 ποιοῦντες,
1311 1332 1390 1410 τῷ
1446 1328 1796 1411 πραττομένῳ
1829 1327 1883 1384 δὲ
1931 1329 1988 1385 οὐ

392 1426 786 1495 συναινοῦντες,
808 1418 1149 1486 καθεύδοντες
1177 1419 1239 1478 ἂν
1275 1422 1510 1498 λεχθεῖεν
1535 1442 1548 1456 ·
1579 1417 1630 1477 οἳ
1660 1418 1751 1475 καὶ
1781 1416 1990 1497 ταχέως

393 1510 776 1579 διυπνίζονται·
824 1509 954 1588 πρὸς
986 1507 1073 1577 οὓς
1130 1508 1228 1581 τὸ,
1269 1532 1297 1567 (ι
1332 1508 1601 1588 Ἔγειραι.
1650 1535 1673 1561 υ
1710 1503 1893 1566 Ἄλλοι
1933 1508 1989 1565 δὲ

392 1599 484 1658 καὶ
511 1604 719 1659 ποιοῦσι
746 1599 807 1657 τὸ
851 1598 1014 1658 κακὸν
1034 1643 1051 1671 ,
1084 1599 1176 1658 καὶ
1225 1605 1631 1679 συνηγοροῦσιν·
1679 1596 1730 1656 οἳ
1761 1598 1853 1657 καὶ
1899 1621 1988 1655 νε-

392 1687 508 1768 κροὶ
537 1687 600 1747 ἂν
638 1689 978 1766 ὀνομασθεῖεν
995 1687 1070 1764 ³⁰,
1109 1691 1182 1757 ὣς
1210 1688 1726 1766 δυσανακλητότεροι
1756 1687 1885 1766 πρὸς
1926 1687 1987 1745 τὸ

2098 611 2369 665 mortuus,
2418 611 2473 657 et
2502 616 2700 656 vacans
2732 598 2956 671 perinde
2985 598 3230 667 actione,
3280 612 3344 653 ac
3380 597 3696 664 dormiens,

2098 702 2154 748 et
2169 692 2383 748 somnia
2409 690 2581 754 videt,
2594 699 2649 745 et
2664 689 3002 759 imaginatur
3022 704 3085 744 ea
3104 702 3228 758 quae
3244 703 3354 743 non
3372 687 3696 744 subsistunt.

2097 782 2237 838 Cum
2266 781 2433 852 igitur
2458 780 2725 836 excitatus
2754 777 2917 833 fuerit
2945 778 3215 850 quispiam
3247 792 3278 832 a
3307 786 3551 847 peccato,
3574 784 3699 833 tum

2096 871 2311 927 illuscet
2343 872 2391 926 ei
2411 870 2677 927 Christus.
2702 869 2806 923 hoc
2826 875 2927 933 est,
2962 865 3207 939 fulgebit,
3237 866 3380 922 sicut
3407 867 3485 922 sol
3515 866 3581 922 iis
3606 866 3701 937 qui

2097 976 2126 1015 e
2153 976 2352 1016 somno
2376 968 2505 1016 sunt
2533 958 2768 1014 excitati.
2801 955 3088 1027 Tantisper
3133 955 3285 1012 enim
3319 954 3454 1010 dum
3485 955 3543 1011 in
3571 970 3701 1026 pec-

2094 1050 2229 1105 catis
2253 1058 2355 1117 est,
2386 1049 2503 1105 odit
2539 1048 2741 1115 lucem,
2774 1062 2878 1102 nec
2910 1047 3056 1102 venit
3097 1043 3167 1101 ad
3213 1045 3407 1117 ipsam.
3471 1046 3596 1101 Non
3632 1044 3701 1102 de

2098 1137 2410 1194 infidelibus
2455 1146 2644 1193 autem
2686 1136 2806 1193 haec
2851 1143 3072 1191 tantum
3117 1134 3267 1202 dicit,
3304 1149 3497 1191 verum
3536 1141 3593 1190 et
3632 1132 3701 1189 de

2097 1227 2363 1283 ﬁdelibus.
2397 1227 2648 1283 Invenias
2673 1235 2859 1282 autem
2902 1224 3198 1280 discrimen
3238 1223 3384 1279 inter
3422 1222 3702 1287 dormien-

2095 1325 2208 1372 tem
2235 1326 2290 1372 et
2315 1325 2617 1373 mortuum.
2653 1315 2904 1386 Plerique
2932 1313 3077 1370 enim
3107 1314 3197 1385 qui
3233 1313 3442 1369 malum
3478 1312 3701 1385 quidem

2096 1415 2342 1477 patrant,
2392 1415 2672 1477 patratum
2721 1413 2904 1461 autem
2950 1420 3068 1459 non
3108 1402 3512 1474 comprobant,
3565 1401 3698 1458 dor-

2097 1497 2328 1551 mientes
2357 1496 2464 1552 dici
2486 1496 2727 1567 possint,
2762 1494 2858 1567 qui
2885 1502 2941 1549 et
2968 1492 3216 1550 celeriter
3245 1493 3558 1548 excitantur
3584 1509 3598 1547 :
3630 1490 3703 1548 ad

2097 1600 2235 1656 quos
2264 1586 2504 1656 pertinet
2528 1584 2672 1658 quod
2704 1583 2856 1653 dicit,
2890 1604 2915 1633 ιι
2940 1582 3353 1654 Expergiscere.
3380 1604 3406 1630 ιι
3439 1581 3702 1638 Nonnulli

2097 1682 2286 1730 autem
2306 1672 2479 1746 409
2503 1681 2559 1728 et
2588 1672 2803 1729 faciunt
2824 1671 3053 1740 malum,
3077 1679 3134 1727 et
3162 1670 3586 1742 patrocinentur
3607 1670 3656 1726 ei
3683 1689 3698 1726 :

393 1758 610 1855 ἀγαθόν.
660 1758 856 1855 εὍμως
904 1778 995 1837 καὶ
1048 1758 1248 1845 τούτοις
1291 1782 1319 1836 6
1371 1758 1525 1856 λόγος
1576 1758 1748 1858 ἐμδοᾷ
1802 1758 1878 1844 ὧς
1928 1776 1988 1834 ἂν

2100 1764 2194 1835 qui
2225 1763 2429 1819 mortui
2457 1763 2562 1819 dici
2590 1770 2817 1836 queant,
2866 1769 2929 1817 ut
2955 1761 3050 1858 qui
3083 1758 3360 1858 difficilius
3388 1759 3456 1816 ad
3488 1759 3701 1816 bonum

392 1868 677 1926 ἀνασταῖεν
700 1891 712 1904 ·
743 1869 801 1928 οὗ
830 1867 933 1947 γὰρ
970 1866 1317 1946 ἀπογνωστέα
1346 1874 1380 1942 ἡ
1401 1868 1604 1948 τρεπτὴ
1635 1868 1803 1948 φύσις.

482 2139 508 2174 (ι
543 2117 772 2178 Βλέπετε
807 2108 897 2177 οῦν
921 2165 941 2191 ,
968 2122 1082 2188 πῶς
1113 2119 1352 2201 ἀκριϐῶς
1393 2126 1771 2200 περιπατεῖτε,
1801 2115 1876 2192 μὴ
1917 2120 1988 2184 ὥς

392 2207 609 2286 ἄσοφοι,
661 2209 779 2267 ἀλλ’
810 2211 879 2276 ὥς
929 2209 1099 2286 σοφοί.
1134 2234 1162 2265 n
1222 2209 1330 2269 Καὶ
1379 2210 1453 2269 ἔτι
1508 2207 1604 2280 τὴν
1651 2208 1867 2289 πικρίαν
1901 2206 1989 2265 καὶ

390 2297 487 2368 τὴν
534 2297 695 2377 ὀργὴν
741 2298 1079 2377 ἐκκαθαίρει,
1135 2301 1205 2365 ὡς
1257 2297 1318 2356 ἂν
1360 2301 1404 2357 εἰ
1454 2298 1625 2373 λέγων
1665 2298 1863 2374 αὐτοῖς,
1910 2296 1989 2356 ὅτι

394 2385 655 2465 Πρόϐατοὶ
710 2390 830 2447 ἕστε
885 2385 1083 2462 μεταξὺ
1139 2387 1353 2461 λύκων,
1430 2387 1617 2445 πολλοὶ
1672 2386 1803 2467 πρὸς
1850 2391 1989 2461 ὑμᾶς

392 2476 754 2555 ἀγριαίνουσι,
827 2476 918 2534 καὶ
974 2479 1023 2536 οἱ
1080 2478 1432 2536 οἰκειότατον
1493 2478 1743 2556 βλέπετε,
1802 2476 1989 2553 μηδενὶ

392 2565 523 2623 δῶτε
597 2566 840 2647 ἀφορμὴν
900 2564 1126 2646 ἔχθραςο
1180 2566 1321 2640 πλὴν
1350 2571 1443 2637 τῆς
1494 2567 1754 2638 πίστεως,
1807 2566 1989 2644 μηδεὶς

392 2656 536 2730 ὑμῶν
562 2654 607 2691 ³¹
660 2654 834 2733 ἕτερόν
867 2681 917 2714 τι
971 2655 1296 2736 ἐγκαλείτω,
1346 2656 1483 2714 ἀλλὰ
1534 2655 1627 2715 καὶ
1683 2654 1844 2731 τιμὴν
1898 2656 1987 2714 καὶ

391 2742 632 2812 ὑπακοὴν
661 2753 839 2804 πᾶσαν
881 2745 1242 2804 ἐπιδείκνυσθε
1263 2790 1279 2816 ,
1308 2744 1431 2805 ἔνθα
1476 2745 1551 2822 μὴ
1579 2750 1609 2816 ἡ
1642 2744 1815 2810 πίστις
1857 2748 1985 2823 βλά-

391 2856 590 2904 πτηται
611 2878 628 2907 ,
662 2834 755 2893 καὶ
798 2834 1104 2913 περιστεραὶ
1139 2834 1370 2912 γίνεσθε.
1400 2838 1581 2896 Τοῦτο
1621 2833 1725 2913 γὰρ
1774 2835 1986 2916 σοφίας,

389 2922 510 2995 ἤτοι
548 2923 888 3004 φρονήσεως,
943 2933 1006 2982 τὸ
1061 2933 1240 3003 τηρεῖν
1291 2924 1511 2993 ἑαυτοὺς
1570 2924 1986 2998 ἀνεπιλήπτους,

389 3013 592 3090 μηδένα
619 3015 995 3093 ἀμυνομένους.

478 3209 502 3237 α
538 3182 1015 3264 Ἐξαγοραζόμενοι
1084 3184 1174 3243 τὸν
1232 3186 1436 3264 καιρόν.
1483 3208 1511 3243 ›)
1580 3188 1660 3246 Οὐ
1723 3187 1993 3254 ποικίλους

389 3280 535 3352 ἡμᾶς
564 3263 696 3332 εἶναι
743 3275 1004 3347 διδάσκει,
1057 3276 1177 3333 ἀλλ’
1220 3263 1425 3347 ἐπειδὴ,
1460 3274 1653 3357 φησὶν,
1699 3278 1794 3333 οὐκ
1833 3279 1988 3347 ,ἔστιν

391 3362 643 3442 ὑμέτερος
670 3366 697 3421 6
735 3364 917 3440 καιρὸς
939 3407 954 3436 ,
987 3363 1127 3423 ἀλλὰ
1178 3365 1427 3443 πάροικοί
1452 3369 1605 3436 ἐστε,
1637 3366 1727 3423 καὶ
1759 3366 1989 3445 παρεπί-

392 3455 587 3526 δημοι,
621 3452 712 3511 καὶ
764 3454 1063 3533 ἀλλότριοι,
1095 3452 1169 3531 μὴ
1219 3456 1423 3525 ζητεῖτε
1467 3453 1629 3528 τιμὴν
1676 3456 1764 3511 καὶ
1800 3454 1984 3530 δόξαν,

393 3542 529 3617 μηδὲ
584 3541 873 3614 ἐκδίκησιν,
921 3544 1060 3602 ἀλλὰ
1090 3542 1268 3602 πάντα
1300 3542 1514 3622 φέρετε,
1563 3545 1660 3600 κάν
1691 3542 1860 3621 τούτῳ
1899 3543 1988 3600 τὸν

391 3629 574 3709 καιρὸν
620 3632 996 3712 ἐξαγοράζετε·
1027 3633 1204 3691 πάντα
1250 3634 1540 3691 κατάθεσθε
1584 3629 1681 3688 ὅσα
1715 3630 1778 3689 ἂν
1824 3631 1987 3689 θέλω-

393 3745 494 3781 σιν.
532 3719 752 3801 Ὥσπερ
785 3720 834 3779 εἴ
851 3746 928 3788 τις
955 3724 1227 3791 πλούσιος,
1258 3725 1392 3801 ὁρῶν
1417 3746 1560 3787 τινας
1590 3720 1830 3785 ἐπιόντας
1851 3719 1987 3780 ὥστε

393 3811 548 3871 αὐτὸν
600 3814 835 3883 ἀνελεῖν,
896 3811 1069 3871 πάντα
1111 3813 1269 3871 δώσει
1321 3809 1414 3870 καὶ
1471 3811 1721 3880 ἐξελεῖται
1774 3811 1995 3870 ἑαυτόν·

392 3900 531 3958 οὕτω
557 3901 648 3960 καὶ
680 3903 831 3977 ὑμεῖς
860 3899 1035 3959 πάντα
1073 3902 1221 3975 δότε,
1265 3904 1337 3969 ὥς
1379 3902 1439 3959 τὸ
1468 3903 1754 3983 κεφάλαιον
1789 3901 1991 3960 διασώ-

392 3994 587 4050 σασθαι
612 4036 628 4063 ,
654 3989 751 4062 τὴν
776 3991 952 4049 πίστιν
975 3989 1133 4069 λέγω.

480 4108 504 4133 α
537 4076 673 4140 Ὅτι
717 4082 772 4139 αἱ
817 4080 1010 4159 ἡμέραι
1038 4079 1267 4159 πονηραί
1316 4084 1470 4140 εἰσιν.
1510 4104 1538 4140 »
1573 4084 1654 4142 Οὖ
1683 4082 1778 4154 τὴν
1810 4081 1989 4140 οὐσίαν

392 4174 497 4230 τῶν
547 4173 765 4248 ἡμερῶν
797 4169 1109 4252 διαᾷἀλλειο
1163 4168 1311 4252 οὐσία
1364 4170 1467 4251 γὰρ
1517 4172 1719 4251 ἡμέρας
1770 4171 1829 4229 τὸ
1886 4176 1992 4252 φῶς

392 4260 585 4340 τυχὸν,
632 4259 725 4319 καὶ
778 4262 832 4318 αῖ
880 4251 1054 4337 ὧραι*
1111 4258 1189 4326 τίς
1222 4250 1310 4317 οῦν
1364 4262 1593 4339 πονηρία
1640 4263 1693 4318 ἐν
1754 4262 1987 4335 τούτοις;

395 4350 533 4410 ἀλλὰ
563 4350 651 4408 διὰ
683 4348 748 4407 τὰ
797 4352 850 4409 ἐν
887 4357 1002 4415 ταῖς
1048 4349 1274 4430 ἡμέραις
1303 4350 1591 4428 γινόμενα,
1635 4351 1730 4420 τὰς
1791 4352 1994 4429 ἡμέρας

2099 1850 2346 1906 revocari
2368 1860 2589 1924 queant.
2613 1854 2876 1907 Attamen
2892 1857 2947 1904 et
2966 1847 3052 1904 his
3078 1847 3311 1904 verbum
3339 1848 3615 1915 inclamat,
3641 1854 3703 1904 ut

2100 1949 2330 2013 surgant
2374 1961 2386 1997 :
2420 1955 2535 1997 non
2575 1939 2728 1995 enim
2770 1936 3175 2011 deSperandum
3211 1944 3294 1993 est
3337 1936 3406 1993 de
3450 1934 3700 1993 mutabili

2097 2039 2292 2086 natura
2301 2071 2315 2086 .

2172 2124 2360 2181 Vens.
2399 2129 2485 2180 15.
2529 2145 2554 2172 ‹‹
2586 2122 2783 2179 Videte
2810 2122 2994 2195 itaque
3015 2120 3298 2194 quomodo
3320 2130 3478 2178 caute
3496 2121 3697 2179 ambu-

2098 2212 2245 2281 letis,
2290 2230 2401 2269 non
2439 2214 2592 2285 quasi
2623 2212 2972 2284 insipientes,
3006 2210 3105 2267 sed
3132 2210 3301 2267 veluti
3330 2211 3620 2281 sapientes.
3668 2234 3695 2259 ν

2099 2303 2536 2359 Amarulentiam
2586 2301 2772 2357 adhuc
2835 2300 3084 2372 iramque
3134 2308 3421 2373 expurgat,
3478 2299 3701 2373 perinde

2097 2392 2256 2463 quasi
2286 2392 2432 2448 dicat
2455 2392 2551 2461 eis,
2582 2393 2728 2448 Oves
2758 2391 2891 2446 estis
2910 2389 2968 2445 in
3002 2391 3261 2463 luporum
3292 2389 3508 2457 medio,
3537 2389 3699 2447 multi

2096 2496 2225 2551 erga
2256 2497 2351 2537 vos
2382 2480 2551 2537 feroci
2577 2488 2709 2536 sunt
2732 2480 2938 2547 animo,
2969 2479 3061 2552 qui
3092 2478 3258 2534 etiam
3288 2477 3701 2535 familiarissimi

2098 2570 2350 2626 videntur
2373 2591 2385 2626 :
2410 2570 2594 2626 videte
2623 2577 2809 2632 autem
2832 2584 2903 2624 ne
2923 2568 3165 2639 cuipiam
3189 2566 3333 2624 detis
3351 2567 3700 2625 occasionem

2097 2659 2397 2715 inimicitia:
2420 2677 2434 2713 :
2456 2659 2558 2715 nisi
2582 2658 2707 2714 ﬁdei
2726 2674 2911 2726 causa,
2929 2672 3097 2713 nemo
3114 2672 3209 2712 vos
3228 2656 3282 2711 in
3306 2656 3414 2713 alio
3437 2657 3699 2729 quopiam

2097 2758 2337 2818 accuset,
2385 2758 2651 2805 caeterum
2690 2756 2745 2803 et
2772 2748 3039 2803 honorem
3077 2755 3133 2802 et
3175 2762 3399 2801 omnem
3428 2745 3700 2803 obedien-

2098 2839 2230 2895 tiam
2269 2848 2544 2909 praestate,
2591 2838 2688 2894 ubi
2728 2837 2864 2893 ﬁdes
2909 2853 3025 2892 non
3067 2835 3445 2905 labefactetur,
3494 2851 3559 2892 ac
3601 2852 3695 2893 co-

2096 2928 2413 2986 lumbarum
2464 2944 2563 2984 vos
2608 2943 2765 2984 more
2819 2925 3037 3000 geratis.
3087 2926 3378 2998 Sapientia:
3419 2926 3573 2983 enim
3614 2935 3701 2983 est

2098 3026 2261 3088 atque
2290 3016 2618 3086 prudentiae,
2645 3032 2863 3073 servare
2892 3015 3139 3088 vosipsos
3158 3015 3695 3088 irreprehensibiles,

2100 3109 2377 3163 neminem
2403 3108 2747 3165 ulciscentes.

2168 3200 2350 3256 Van.
2387 3203 2472 3253 16.
2510 3220 2536 3246 α
2583 3196 2935 3253 Redimentes
2979 3204 3220 3268 tempus.
3277 3217 3303 3244 ιι
3346 3196 3475 3252 Non
3521 3196 3701 3253 varios

2097 3303 2199 3343 nos
2227 3304 2347 3344 esse
2375 3287 2557 3355 docet,
2583 3304 2776 3343 verum
2796 3287 2921 3360 quia
2945 3294 3168 3357 tempus
3194 3301 3308 3341 non
3324 3293 3407 3342 est
3430 3295 3697 3356 vestrum,

2098 3375 2195 3431 sed
2236 3377 2462 3432 advenae
2507 3376 2659 3444 estis,
2691 3384 2746 3432 et
2788 3375 3085 3448 peregrini,
3116 3383 3171 3429 et
3195 3374 3388 3444 exteri,
3432 3391 3503 3432 ne
3551 3391 3702 3448 qum-

2096 3464 2229 3520 ratis
2283 3465 2550 3520 honorem
2613 3474 2669 3521 et
2716 3465 2947 3537 gloriam
3016 3478 3196 3536 neque
3252 3462 3544 3534 ultionem,
3599 3465 3698 3522 sed

2097 3553 2282 3610 omnia
2312 3553 2472 3622 ferte,
2504 3562 2671 3625 atque
2699 3554 2757 3608 in
2792 3553 2900 3609 hoc
2930 3561 3148 3623 tempus
3185 3552 3441 3609 redimite
3466 3572 3480 3608 :
3505 3554 3696 3610 omnia

2091 3643 2256 3698 etiam
2281 3658 2406 3715 quae
2434 3643 2734 3710 voluerint,
2766 3641 3086 3714 permititte.
3121 3640 3614 3714 Quemadmodum
3652 3644 3697 3700 si

2096 3733 2217 3805 quis
2279 3733 2571 3804 opulentus
2611 3731 2789 3787 videat
2852 3730 3061 3803 aliquos
3128 3731 3445 3786 invadentes
3519 3747 3577 3786 se
3636 3741 3701 3788 ut

2097 3823 2281 3893 ipsum
2320 3820 2675 3888 interﬁciant,
2721 3820 2909 3876 omnia
2938 3818 3094 3875 dabit
3121 3834 3289 3890 seque
3330 3819 3510 3892 ipsum
3555 3820 3699 3876 redi-

2097 3920 2214 3967 met
2246 3932 2257 3965 :
2294 3911 2442 3966 hunc
2477 3911 2546 3966 ad
2576 3910 2802 3965 modum
2834 3917 2891 3965 et
2918 3924 3015 3964 vos
3049 3909 3234 3965 omnia
3266 3906 3416 3977 date,
3445 3918 3507 3965 ut
3534 3920 3699 3981 caput

2099 4008 2152 4054 et
2174 4002 2452 4057 summam
2477 3999 2833 4066 conservetis,
2854 4014 3055 4070 nempe
3076 3997 3264 4054 ﬁdem.

2173 4112 2198 4139 α
2230 4088 2503 4161 Quoniam
2534 4087 2651 4143 dies
2697 4087 2828 4143 mali
2870 4096 3017 4143 sunt.
3059 4110 3086 4137 ιν
3111 4088 3239 4143 Non
3267 4086 3483 4144 dierum
3515 4104 3698 4146 essen-

2097 4179 2233 4234 tiam
2277 4175 2654 4248 reprehendit,
2702 4176 2960 4242 (essentia
2998 4176 3145 4231 enim
3180 4174 3289 4232 dici
3318 4176 3409 4233 lux
3453 4186 3537 4233 est
3577 4177 3699 4234 for-

2097 4268 2276 4335 tassis,
2311 4275 2365 4322 et
2409 4267 2607 4322 horae:
2654 4281 2780 4339 quae
2805 4266 2974 4331 igitur
3008 4266 3065 4321 in
3113 4265 3260 4321 hisce
3306 4267 3509 4322 malitia
3563 4272 3702 4336 est?)

2100 4358 2194 4413 sed
2226 4365 2451 4429 pr0pter
2477 4372 2541 4412 ea
2582 4371 2708 4428 qum
2738 4357 2793 4410 in
2821 4354 3019 4412 diebus
3049 4354 3210 4426 ﬁunt,
3241 4355 3464 4412 easdem
3489 4357 3704 4414 videtur

393 4441 533 4497 δοκεῖ
581 4438 887 4499 διαϐάλλειν
909 4462 925 4475 ·
957 4439 1196 4519 καθάπερ
1248 4440 1506 4516 εἰώθαμεν
1538 4442 1709 4519 λέγειν
1731 4465 1744 4478 ·
1801 4440 1987 4512 Κακὴν

2098 4448 2348 4502 incusare
2382 4465 2395 4499 :
2428 4445 2657 4517 perinde
2696 4460 2760 4500 ac
2789 4446 3031 4502 solemus
3058 4443 3279 4514 dicere,
3307 4447 3521 4502 Malum
3555 4445 3704 4503 diem

394 4528 596 4609 ἡμέραν
629 4529 911 4607 διήγαγον,
945 4529 1032 4586 διὰ
1060 4526 1127 4585 τὰ
1159 4530 1211 4585 ἐν
1240 4526 1408 4607 ταύτῃ
1445 4528 1726 4605 συμϐάντα
1759 4530 1985 4603 δηλαδὴ,

394 4618 428 4676 ἃ
458 4617 582 4698 παρ’
613 4618 901 4699 ἀνθρώπων
942 4622 1188 4697 πονηρῶν
1222 4616 1428 4697 ἐγένετο
1453 4618 1523 4690 ³²,
1555 4622 1614 4677 οὗ
1646 4618 1794 4699 παρὰ
1823 4621 1984 4680 Θεοῦ.

396 4709 498 4767 Διὰ
545 4713 698 4766 τοῦτο
749 4707 919 4765 τοίνυν
963 4710 1022 4766 αἱ
1065 4706 1267 4787 ἡμέραι
1325 4708 1554 4786 πονηραὶ
1596 4706 1867 4787 λέγονται,
1924 4714 1992 4774 ὡς

392 4795 650 4876 πονηροὺς
699 4796 1004 4876 ἀνθρώπους
1049 4797 1266 4876 ἔχουσαι
1323 4798 1375 4853 ἐν
1426 4799 1608 4863 αὐταῖς
1646 4804 1987 4877 κρατοῦντας.

483 4992 510 5024 α
535 4968 638 5029 Διὰ
666 4972 821 5027 τοῦτο
851 4967 925 5043 μὴ
956 4967 1161 5046 γίνεσθε
1192 4968 1444 5050 ἄφρονες,
1484 4968 1622 5029 ἀλλὰ
1654 4970 1913 5037 συνιέντες
1943 4970 1996 5028 τί

394 5057 455 5117 τὸ
503 5058 712 5133 θέλημα
743 5062 835 5116 τοῦ
882 5063 1047 5121 Θεοῦ.
1082 5080 1112 5115 n
1164 5057 1420 5130 Ἐπειδὴ,
1464 5057 1644 5137 φησίν,
1677 5062 1732 5117 αἱ
1794 5060 1994 5138 ἡμέραι

396 5146 654 5226 πονηροὺς
735 5147 1035 5223 ἀνθρώπους
1092 5147 1335 5228 ἔχουσιν,
1412 5151 1562 5225 ὑμεῖς
1627 5151 1698 5215 ὡς
1751 5150 1993 5229 φρόνιμοι

398 5239 646 5297 σπεύδετε
707 5237 974 5315 μηδεμίαν
1025 5243 1199 5304 αὐτοῖς
1252 5238 1497 5319 ἀφορμὴν
1547 5239 1778 5296 διδόναι’
1839 5246 1994 5297 τοῦτο

398 5326 501 5406 γὰρ
527 5327 585 5386 τὸ
607 5329 814 5405 θέλημα
857 5335 948 5388 τοῦ
978 5329 1120 5388 Θεοῦ
1139 5374 1156 5401 ,
1212 5328 1271 5386 τὸ
1302 5331 1354 5385 ἐν
1394 5337 1557 5386 πᾶσιν
1609 5329 1994 5398 ἀνεπιλήπτους

400 5418 612 5485 ἑαυτοὺς
647 5425 856 5499 τηρεῖν,
903 5416 1040 5495 μετὰ
1066 5423 1158 5477 τοῦ
1191 5418 1281 5477 καὶ
1332 5416 1430 5489 τὴν
1473 5417 1651 5476 πίστιν
1684 5418 1987 5499 φυλάττειν.

2100 4536 2355 4609 transegi,
2398 4544 2625 4609 propter
2662 4549 2729 4591 ea
2762 4534 3028 4591 nimirum
3050 4550 3177 4607 quae
3206 4535 3264 4590 in
3306 4535 3429 4605 ipso
3453 4535 3703 4609 contige-

2100 4634 2253 4693 runt,
2285 4638 2409 4696 qua:
2438 4623 2508 4679 ab
2545 4623 2861 4679 hominibus
2911 4623 3088 4695 pravis
3124 4621 3271 4679 facta
3316 4631 3472 4690 sunt,
3512 4639 3626 4680 non
3670 4640 3702 4681 a

2104 4717 2243 4769 Deo.
2298 4715 2592 4786 Propterea
2646 4713 2811 4786 igitur
2859 4711 2978 4768 dies
3023 4712 3178 4784 pravi
3230 4710 3508 4782 dicuntur,
3577 4721 3702 4769 tan-

2106 4821 2271 4878 quam
2308 4807 2603 4862 sceleratos
2634 4804 2890 4860 homines
2933 4804 2992 4859 in
3040 4802 3147 4858 illis
3187 4801 3539 4860 dominantes
3597 4802 3702 4859 ha-

2105 4895 2289 4950 beant.

2178 4987 2357 5040 Vsus.
2388 4989 2454 5040 17
2462 5028 2474 5041 .
2513 5006 2537 5033 α
2564 4985 2865 5055 Propterea
2892 4997 3004 5039 non
3034 4982 3150 5038 sitis
3177 4981 3576 5053 imprudentes,
3604 4982 3705 5037 sed

2103 5073 2467 5146 intelligentes
2510 5088 2633 5145 qua:
2680 5074 2751 5128 sit
2802 5072 3057 5127 voluntas
3114 5073 3232 5127 Dei.
3286 5094 3307 5119 ι
3368 5071 3507 5144 Quia
3566 5069 3702 5140 dies,

2104 5163 2299 5235 inquit,
2329 5178 2525 5230 pravos
2556 5161 2807 5217 homines
2837 5160 3090 5228 habeant,
3131 5176 3226 5216 vos
3254 5161 3431 5216 instar
3458 5160 3705 5234 pruden-

2102 5252 2241 5307 tium
2270 5254 2397 5307 date
2430 5268 2675 5323 operam,
2722 5268 2789 5305 ne
2828 5249 2998 5307 ullam
3039 5251 3114 5305 eis
3152 5250 3503 5308 occasionem
3543 5247 3707 5306 detis.

2106 5344 2239 5397 Haec
2298 5341 2447 5397 enim
2496 5350 2581 5397 est
2621 5342 2878 5397 voluntas
2927 5340 3054 5409 Βιιὶ,
3099 5348 3162 5395 ιιι
3208 5354 3307 5394 vos
3343 5340 3398 5395 in
3441 5338 3700 5395 omnibus

2104 5429 2410 5501 inculpatos
2435 5430 2582 5486 salva
2624 5429 2731 5485 tide
2765 5428 3120 5484 conservetis.

1785 5580 1977 5639 Variae
2020 5583 2317 5643 lectiones.

473 5694 516 5728 3°
536 5695 711 5767 τὸφῶς
739 5713 788 5753 0.
865 5698 908 5729 δί’
939 5698 1219 5768 νομισθεῖεν
1250 5712 1305 5751 0.
1381 5697 1420 5730 ³¹
1456 5697 1573 5768 ὓμῑν
1601 5713 1654 5753 ο.

1732 5697 1775 5729 ³³
1800 5698 2025 5767 γίνονται
2050 5713 2105 5755 ο.
