4124 6466
416 417 549 473 1111

484 543 665 598 Vnus.
695 546 780 597 18.
808 562 835 590 οι
865 542 937 597 Et
954 542 1122 597 nolite
1146 541 1409 597 inebriari
1429 541 1580 598 vino.
1606 564 1635 592 ι
1659 544 1807 598 Iram
1830 539 2012 597 adhuc
2038 546 2094 609 Α

415 630 638 702 corrigit
676 647 689 683 :
738 644 872 686 nam
902 639 960 687 et
996 629 1103 686 vini
1137 628 1501 688 immoderata
1539 631 1688 703 potio
1718 631 2014 687 iracundos

415 717 548 778 facit
586 735 649 776 ac
704 719 1048 777 temerarios.
1118 719 1283 790 Quod
1349 729 1535 777 autem
1584 720 2016 778 immoderatum

419 827 586 869 usum
615 810 859 879 damnet,
887 810 1113 884 planum
1155 819 1237 868 est
1272 827 1338 868 ex
1380 827 1467 881 eo,
1513 809 1664 884 quod
1700 827 1815 866 non
1856 811 2011 879 dixit,

417 903 500 958 Ne
544 900 711 957 bibite
762 921 774 955 :
818 899 937 969 sed,
992 923 1018 949 α
1062 901 1146 956 Ne
1183 900 1554 957 inebriamini.
1593 923 1619 950 ν
1668 900 2018 955 Temulentia

418 998 607 1047 autem
646 998 730 1046 est
774 988 842 1045 ab
871 1005 1124 1057 excessu;
1152 1005 1283 1046 nam
1318 990 1510 1046 vinum
1556 988 1841 1045 moderate
1870 1005 2017 1045 sum-

418 1089 580 1152 ptum
617 1089 673 1135 et
710 1079 996 1135 sanitatem
1025 1078 1194 1135 efﬁcit
1218 1078 1463 1151 (perinde
1505 1095 1568 1135 ac
1590 1079 1704 1152 ipse
1737 1079 1901 1136 etiam
1944 1079 2020 1135 ait

419 1168 491 1225 ad
520 1167 929 1236 Timotheum")
958 1177 1014 1224 et
1036 1168 1310 1233 laetitiam,
1341 1178 1405 1224 ut
1439 1168 1611 1225 David
1636 1169 1711 1224 ait
1734 1182 1772 1223 ε.
1802 1171 2020 1225 Rursus

420 1257 699 1329 Scriptura
720 1258 797 1314 ait
823 1261 879 1313 ει
910 1281 937 1306 α
960 1260 1103 1313 Date
1122 1257 1317 1315 vinum
1345 1258 1724 1329 maerentibus,
1754 1274 1818 1314 ac
1838 1258 2019 1315 ebrie-

416 1359 594 1406 tatem
632 1372 658 1399 ιι
711 1350 824 1405 sive
855 1348 1236 1421 profusionem
1280 1373 1307 1399 α
1355 1349 1686 1406 dolentibus.
1729 1371 1755 1399 ι
1802 1351 2022 1407 Frontis

417 1439 567 1496 enim
594 1438 947 1511 asperitatem
977 1436 1149 1511 410
1195 1447 1252 1494 et
1292 1438 1520 1495 nebulas
1558 1437 1805 1494 dissolvit
1850 1456 1864 1494 :
1897 1455 2020 1511 pro-

416 1536 605 1599 pterea
634 1535 689 1583 et
711 1542 945 1599 corpora
971 1536 1163 1583 nostra
1204 1531 1356 1584 Deus
1388 1526 1676 1584 moderata
1708 1537 1763 1583 et
1789 1543 2021 1600 pr0por-

404 1614 697 1672 'tionabilia
761 1614 924 1687 fecit,
975 1624 1037 1672 ut
1080 1616 1265 1687 paucis
1323 1617 1439 1673 sint
1492 1625 1772 1688 contenta,
1846 1627 1903 1674 et
1952 1618 2022 1676 ad

418 1706 649 1761 alteram
686 1704 855 1761 vitam
892 1704 1166 1761 festinent.

493 1818 520 1844 «ι
553 1798 615 1851 In
645 1810 755 1867 quo
792 1803 875 1851 est
908 1795 1084 1852 luxus.
1118 1819 1142 1845 ο
1175 1797 1298 1852 Hoc
1326 1805 1409 1853 est
1437 1796 1833 1853 immoderatus
1860 1814 2012 1855 usus.
2053 1810 2102 1873 Β

424 1886 548 1941 Non
600 1886 745 1941 enim
791 1894 992 1953 servat,
1043 1885 1142 1942 sed
1192 1885 1372 1958 perdit
1412 1903 1526 1943 non
1579 1903 1784 1959 corpus
1822 1890 2031 1972 solum,

418 1974 514 2030 sed
554 1982 610 2030 et
634 1973 876 2030 animam
907 1996 919 2031 ε
954 1974 1074 2032 haec
1097 1975 1246 2031 enim
1272 1984 1356 2032 est
1382 1975 1579 2043 asotia,
1613 1976 1671 2032 id
1711 1985 1795 2033 est
1837 1977 2035 2056 luxus,

423 2063 535 2120 sive
579 2063 816 2120 luxuria.
858 2065 963 2121 Vel
1007 2063 1225 2118 ἀσωτίαν
1273 2065 1431 2138 juxta
1481 2065 1630 2138 vulgi
1670 2066 2033 2122 consuetudi-

421 2169 555 2210 nem
583 2170 684 2227 pro
712 2153 932 2211 libidine
959 2156 1160 2229 accipit
1193 2174 1207 2210 :
1256 2172 1323 2212 ex
1350 2155 1672 2214 temulentia
1696 2156 1841 2212 enim
1866 2157 2032 2215 libido

419 2245 681 2301 nascitur.

491 2335 672 2390 Vens.
739 2340 807 2391 19
858 2356 885 2384 α
938 2334 1044 2391 Sed
1096 2335 1404 2407 implemini
1460 2336 1687 2408 Spiritu,
1741 2337 2031 2408 loquentes

417 2424 707 2497 vobisipsis
733 2425 790 2480 in
840 2423 1087 2496 psalmis,
1130 2433 1187 2480 et
1231 2424 1475 2498 hymnis,
1526 2434 1582 2481 et
1610 2425 1841 2482 canticis
1869 2428 2029 2498 Spiri-

416 2514 673 2585 tualibus,
726 2521 1012 2569 cantantes
1054 2522 1111 2568 et
1155 2514 1446 2586 psallentes
1505 2515 1561 2569 in
1615 2515 1782 2571 corde
1839 2525 2024 2572 vestro

417 2604 685 2661 Domino.
729 2627 755 2652 ι
805 2603 919 2672 Vis,
963 2603 1169 2675 inquit,
1212 2603 1426 2660 laetari?
1457 2606 1605 2678 Fuge
1634 2605 1742 2660 vini
1774 2606 2026 2677 repletio-

416 2713 569 2765 nem,
591 2707 647 2754 et
664 2698 870 2769 Spiritu
888 2706 1081 2754 sancto
1098 2697 1379 2771 impleare.
1403 2700 1527 2755 Hoc
1556 2707 1742 2754 autem
1765 2697 2023 2756 obveniet

416 2788 537 2857 tibi,
588 2789 630 2844 si
663 2789 901 2861 psallere
942 2787 1216 2845 didiceris.
1266 2789 1567 2844 Psallentes
1618 2790 1768 2845 enim
1816 2790 2019 2863 Spiritu

419 2886 607 2933 sancto
634 2876 950 2947 implentur,
997 2877 1229 2948 perinde
1259 2892 1326 2932 ac
1362 2876 1399 2931 ii
1429 2876 1528 2949 qui
1568 2876 1846 2932 satanicas
1888 2893 2020 2932 can-

2127 2872 2251 2930 λειν.
2330 2873 2404 2932 Οἱ
2472 2870 2763 2952 ψάλλοντες
2811 2869 2915 2951 γὰρ

2121 2962 2307 3041 ἁγίου,
2349 2961 2532 3040 ὥσπερ
2561 2964 2607 3019 οἱ
2646 2959 2858 3040 ᾅδοντες
2894 2959 2990 3028 τὰς
3038 2958 3331 3028 σατανικὰς
3359 2960 3529 3043 ᾠδὰς,
3588 2961 3758 3022 πνεύ-

416 2967 615 3023 tilenas
688 2966 1003 3033 concinunt,
1086 2966 1278 3037 spiritu
1334 2965 1625 3021 immundo
1699 2966 2015 3038 implentur.

416 3058 654 3113 Psallere
688 3065 873 3113 autem
913 3056 972 3112 in
1011 3055 1198 3124 corde,
1240 3056 1347 3112 hoc
1382 3065 1486 3125 est,
1520 3072 1649 3112 cum
1691 3057 1915 3112 scientia
1962 3066 2019 3112 et
2053 3113 2093 3135 η
2127 3074 2292 3127 ματος
2338 3055 2658 3129 ἀκαθάρτου.
2714 3055 2967 3110 Ψάλλειν
2998 3055 3054 3109 δὲ
3107 3055 3159 3109 ἐν
3207 3055 3258 3130 ττι

2051 3114 2096 3175 C
2127 3114 2442 3215 ἔστιίμετὰ
2489 3114 2780 3211 amics-(oc,
2835 3138 2927 3197 καὶ
2975 3137 3049 3215 μὴ
3085 3114 3419 3221 ῥεμϐδίλένηξ
3620 3164 3757 3220 καθ’

418 3144 585 3200 corde
607 3160 721 3200 non
740 3143 848 3200 huc
866 3144 997 3200 illuc
1011 3153 1280 3201 versante.
1312 3146 1421 3218 Qui
1439 3145 1589 3200 enim
1615 3145 1803 3201 animo
1832 3146 2017 3200 obser-

418 3238 513 3285 vat
529 3230 658 3300 quid
680 3231 891 3302 psallat,
915 3231 1004 3287 ille
1022 3231 1191 3288 corde
1213 3234 1414 3304 psallit.
1431 3237 1519 3307 ¹Ειι
1524 3232 1706 3305 pende
1726 3233 1813 3289 hic
1833 3243 2019 3289 autem

416 3317 565 3389 quod
595 3327 884 3391 postquam
929 3320 1173 3375 animam
1226 3320 1294 3376 ab
1350 3321 1711 3377 amarulentia
1788 3321 2016 3392 aliisque

419 3408 708 3466 affectibus
756 3410 936 3482 pravis
1001 3413 1337 3484 purgaverit,
1387 3411 1876 3486 misericordesque
1920 3430 2023 3470 nos

418 3496 632 3571 fecerit,
664 3508 719 3556 et
761 3500 832 3557 ad
859 3501 1284 3558 condonandum
1322 3503 1613 3574 proclives,
1644 3511 1766 3557 tum
1813 3502 2022 3574 Spiritu

421 3598 611 3645 sancto
658 3590 876 3662 impleri
911 3605 1014 3647 nos
1042 3591 1384 3647 adhortatur.
1414 3593 1537 3647 Non
1568 3593 1718 3648 enim
1756 3592 2018 3664 simplici-

419 3687 508 3736 ter
552 3681 749 3750 veniet,
799 3680 895 3736 sed
940 3680 1192 3753 implebit
1230 3680 1396 3737 corda
1437 3690 1643 3737 nostra.
1675 3683 1814 3738 Cum
1841 3682 2024 3755 itaque

418 3778 641 3827 tantum
681 3771 873 3827 lumen
902 3770 963 3826 in
1003 3771 1161 3828 nobis
1184 3770 1372 3842 fuerit,
1405 3770 1614 3844 reliqua
1640 3772 1815 3828 virtus
1852 3772 2024 3828 facilis

417 3866 476 3915 et
498 3860 659 3930 plana
682 3860 804 3917 erit.

491 3953 677 4008 Vnus.
710 3957 800 4007 20.
838 3973 863 4000 ι
885 3951 1104 4009 Gratias
1132 3959 1354 4023 agentes
1381 3966 1601 4023 semper
1621 3967 1720 4024 pro
1741 3952 2019 4022 omnibus,

417 4042 477 4097 in
494 4040 725 4099 nomine
740 4041 967 4096 Domini
979 4041 1157 4097 nostri
1174 4041 1205 4094 J
1209 4054 1306 4094 esu
1326 4039 1548 4110 Christi,
1577 4044 1697 4097 Deo
1715 4050 1769 4097 et
1790 4042 1957 4098 Patri.
1994 4065 2020 4092 ιο

419 4130 683 4201 Semper;
722 4145 834 4185 non
863 4129 1043 4185 solum
1089 4128 1148 4183 in
1190 4126 1598 4199 tranquillitate,
1628 4146 1822 4186 verum
1853 4130 2022 4188 etiam

418 4218 476 4273 in
502 4204 838 4274 maeroribus
867 4236 881 4273 :
912 4232 1014 4273 nec
1042 4232 1142 4289 pro
1180 4217 1339 4273 bonis
1369 4226 1603 4288 tantum,
1644 4235 1836 4276 verum
1865 4220 2024 4277 etiam

1456 415 1976 472 THEOPHYLACTI
2013 414 2372 471 summm
2407 414 2722 471 meumr.

3592 419 3754 474 1112

2212 562 2242 600 α
2270 540 2382 603 Kal
2424 539 2501 619 μὴ
2547 540 2873 618 μεθύσκεσθε
2903 540 3050 622 οἴνῳ.
3080 563 3110 600 ι)
3152 538 3264 601 Kal
3297 542 3376 599 ἔτι
3420 537 3520 613 τὴν
3562 541 3755 623 ὀργὴν

2123 630 2335 699 κολάζει
2369 653 2383 668 ·
2441 630 2533 690 καὶ
2589 629 2692 711 γὰρ
2743 634 2835 689 τοῦ
2896 630 3040 690 οἴνου
3089 634 3125 702 ἡ
3192 628 3422 711 ἀμετρία
3483 631 3756 711 ὀργίλους

2124 724 2269 780 ποιεῖ
2307 720 2398 778 καὶ
2425 727 2664 800 θρασεῖς.
2706 716 2840 781 Ὅτι
2884 719 2941 778 δὲ
2964 719 3022 760 ³³
3050 720 3145 791 τὴν
3177 718 3435 799 ἀμετρίαν
3480 722 3715 789 κολάζει
3736 766 3754 793 ,

2126 810 2312 881 δῆλον·
2343 811 2403 867 οὗ
2425 798 2529 889 γδιρ
2553 798 2705 886 εἶπε,
2751 807 2847 881 Μὴ
2877 809 3091 882 πίνετε,
3144 798 3330 883 ἀλλὰ,
3369 830 3397 868 α
3435 810 3532 882 Μὴ
3570 809 3753 887 μεθύ-

2127 903 2335 957 σκεσθε.
2367 926 2392 952 ιι
2439 898 2593 970 Μέθη
2638 897 2694 957 δὲ
2735 896 2789 966 ἐξ
2833 898 3125 976 ἀμετρίας·
3159 898 3273 957 ἐπεί
3299 921 3361 977 γε
3411 898 3756 976 συμμέτρως

2126 987 2405 1065 πινόμενος
2430 991 2457 1045 ὁ
2486 978 2652 1059 οἶνος,
2699 988 2793 1046 καὶ
2822 987 3000 1065 ὑγείαν
3043 989 3254 1064 ἐμποιεῖ
3283 989 3373 1064 (ὡς
3404 977 3547 1054 οὗτος
3582 986 3757 1053 αὐτός

2128 1100 2286 1157 φησιν
2319 1079 2373 1136 ἐν
2505 1075 2556 1111 ³⁴
2585 1076 2715 1157 πρὸς
2740 1076 3057 1156 Τιμόθεον),
3086 1077 3176 1136 καὶ
3207 1076 3565 1157 εὐφροσύνην,
3728 1081 3760 1136 ὃ

2130 1156 2299 1226 Δαυῒδ
2333 1166 2610 1247 μαρτυρεῖ.
2636 1156 2764 1227 Kal
2818 1167 2979 1226 πάλιν
3027 1171 3061 1238 ἡ
3092 1156 3316 1247 Γραφήέ
3347 1188 3376 1223 α
3405 1166 3539 1226 Δότε
3597 1156 3758 1225 οἶνον

2129 1264 2235 1323 τοῖς
2266 1259 2318 1315 ἐν
2347 1257 2569 1329 λύπαις,
2588 1255 2679 1315 καὶ
2713 1261 2907 1333 μέθην,
2943 1279 2971 1313 »
3004 1255 3122 1328 ἤτοι
3154 1256 3398 1337 διάχυσιν
3422 1300 3441 1330 ,
3481 1278 3509 1314 α
3541 1264 3666 1323 τοῖς
3698 1259 3760 1316 ἐν

2130 1345 2356 1415 ὀδύναις.
2413 1368 2442 1404 »
2502 1344 2584 1408 Τὸ
2629 1345 2732 1425 γὰρ
2780 1343 2955 1425 τραχὺ
3007 1345 3100 1403 καὶ
3141 1344 3386 1426 συννεφὲς
3405 1344 3456 1380 ³⁵
3504 1343 3755 1410 διαλύει.

2130 1436 2235 1495 Διὰ
2276 1441 2432 1495 τοῦτο
2489 1434 2582 1494 καὶ
2622 1440 2650 1494 ὁ
2677 1434 2816 1503 Θεὸς
2867 1433 3153 1515 σύμμετρα
3193 1436 3349 1512 ἡμῶν
3396 1433 3464 1493 τὰ
3507 1434 3759 1511 σώματα

2132 1525 2410 1599 ἐποίησεν,
2451 1522 2591 1583 ὥστε
2631 1524 2825 1602 ὀλίγοις
2873 1524 3179 1604 ἀρκεῖσθαι,
3233 1522 3325 1583 καὶ
3371 1522 3503 1605 πρὸς
3546 1524 3756 1604 ἑτέραν

2128 1617 2267 1687 ζωὴν
2299 1614 2618 1694 ἐπείγεσθαι.

2222 1817 2251 1852 (ι
2277 1793 2371 1855 Ἐν
2398 1784 2443 1876 ᾧ
2473 1795 2615 1853 ἐστιν
2646 1793 2870 1852 ἀσωτία.
2904 1817 2933 1853 υ
2956 1791 3247 1854 Τουτέστιν
3267 1836 3284 1866 ,
3313 1791 3544 1873 ἄμετρος
3597 1797 3756 1873 χρῆ-

2140 1908 2239 1950 σις.
2262 1886 2346 1944 Οὐ
2374 1883 2478 1963 γὰρ
2507 1882 2662 1953 σώζει
2680 1928 2696 1957 ,
2748 1881 2865 1942 ἀλλ’
2895 1883 3183 1942 ἀπόλλυσιν
3209 1926 3226 1956 ,
3257 1883 3317 1941 οὔ
3358 1882 3419 1942 τὸ
3449 1884 3619 1960 σῶμα
3653 1882 3763 1960 μό-

2136 1997 2223 2032 νον
2241 2018 2258 2052 ,
2289 1971 2428 2032 ἀλλὰ
2452 1974 2543 2032 καὶ
2570 1973 2667 2045 τὴν
2699 1972 2898 2055 ψυχήν.
2935 1972 3048 2033 Καὶ
3077 1971 3233 2032 τοῦτό
3262 1974 3402 2032 ἔστιν
3437 1976 3471 2044 ἡ
3502 1973 3756 2033 ἀσωτία.

2134 2062 2211 2123 Ἢ
2269 2061 2500 2122 ἀσωτίαν
2546 2066 2772 2123 ἐνταῦθα
2822 2060 2962 2122 κατὰ
3019 2062 3116 2135 τὴν
3178 2065 3285 2121 τῶν
3328 2063 3557 2121 ἰδιωτῶν
3616 2086 3760 2121 συν-

2133 2154 2315 2225 ήθειαν
2336 2198 2353 2227 ,
2410 2153 2508 2225 τὴν
2541 2153 2834 2213 ἀκολασίαν
2881 2152 3061 2233 φησίν.
3109 2151 3211 2213 Ἕκ
3239 2152 3342 2232 γὰρ
3388 2155 3483 2225 τῆς
3513 2150 3695 2231 μέθης
3719 2158 3757 2226 ἡ

2134 2241 2399 2301 ἀκολασία
2423 2242 2683 2303 τίκτεται.

2220 2354 2251 2391 (ι
2281 2333 2441 2393 Ἀλλὰ
2479 2334 2783 2410 πληροῦσθε
2836 2333 2889 2390 ἐν
2923 2329 3239 2410 Πνεύματι,
3275 2333 3571 2398 λαλοῦντες
3618 2335 3754 2391 ἑαυ-

2128 2429 2235 2490 τοῖς
2264 2424 2526 2502 ψαλμοῖς,
2579 2421 2673 2480 καὶ
2720 2419 2934 2498 ὕμνοις,
2967 2422 3060 2481 καὶ
3105 2421 3267 2503 ᾠδαῖς
3312 2426 3756 2499 πνευματικαῖς,

2128 2509 2376 2593 ᾅδοντες,
2455 2512 2545 2571 καὶ
2604 2510 2894 2593 ψάλλοντες
2950 2512 3002 2569 ἐν
3077 2515 3144 2589 τῇ
3202 2511 3398 2593 καρδίᾳ
3454 2515 3614 2588 ὑμῶν
3676 2516 3758 2594 τῷ

2129 2600 2333 2681 Κυρίῳ,
2387 2625 2417 2661 ι)
2477 2601 2698 2675 Βούλει,
2749 2602 2944 2682 φησὶν,
2979 2599 3385 2681 εὖφραίνεσθαη
3438 2606 3613 2682 φεῦγε
3655 2601 3759 2677 τὴν

2125 2692 2230 2751 ἀπὸ
2257 2697 2349 2751 τοῦ
2372 2690 2512 2751 οἴνου
2543 2693 2821 2771 πλήρωσιν
2841 2739 2858 2766 ,
2912 2690 3004 2750 καὶ
3047 2688 3271 2763 θέλησον
3310 2696 3667 2773 πληροῦσθαι
3700 2695 3756 2751 ἐν

2124 2782 2403 2859 Πνεύματι
2436 2781 2591 2860 ἁγίῳ.
2631 2784 2806 2841 Τοῦτο
2849 2781 2905 2840 δὲ
2936 2779 3230 2859 ἔσταιλισοι,
3270 2780 3360 2841 ἐὰν
3398 2781 3584 2862 μάθῃς
3611 2783 3760 2865 ψάλ-

3010 2870 3328 2947 Πνεύματος
3398 2873 3755 2951 πληροῦνται

2127 3074 2292 3127 ματος
2338 3051 2658 3129 ἀκαθάρτου.
2714 3050 2967 3110 Ψάλλειν
2998 3049 3054 3109 δὲ
3107 3053 3159 3109 ἐν
3320 3050 3565 3131 καρδίᾳ,
3608 3052 3762 3112 τοῦτ’

2132 3230 2267 3298 δίας.
2298 3230 2364 3290 Ὁ
2408 3230 2510 3311 γὰρ
2563 3229 2872 3310 προσέχων,
2922 3232 3115 3297 ἐκεῖνος
3165 3234 3217 3291 ἐν
3272 3230 3465 3310 καρδίᾳ
3521 3232 3747 3312 ψάλλει.

2128 3316 2363 3400 ⁶Ὀρα”δὲ
2386 3364 2403 3396 ,
2460 3318 2540 3377 ὅτι
2572 3317 2711 3395 μετὰ
2743 3316 2802 3375 τὸ
2832 3319 3118 3398 καθαρίσαι
3166 3316 3260 3389 τὴν
3293 3317 3470 3399 ψυχὴν
3509 3318 3621 3378 ἀπὸ
3650 3343 3749 3378 πι-

2129 3409 2278 3489 κρίας
2298 3405 2352 3446 ³⁵
2399 3408 2491 3466 καὶ
2547 3411 2652 3467 τῶν
2698 3406 2876 3466 ἄλλων
2924 3411 3145 3482 παθῶν,
3194 3409 3285 3469 καὶ
3334 3409 3749 3491 εὖσπλάγχνους

2131 3504 2351 3570 ποιῆσαι
2395 3498 2487 3557 καὶ
2530 3497 3023 3577 συγγνωμονικοὺς,
3073 3497 3195 3558 τότε
3219 3496 3314 3569 τὴν
3364 3500 3426 3557 ἐκ
3461 3504 3560 3557 τοῦ
3589 3499 3747 3578 ἁγίου

2132 3588 2447 3664 Πνεύματος
2475 3587 2751 3667 πλήρωσιν
2781 3590 2910 3663 ἡμῖν
2942 3591 3241 3667 ὑφηγεῖται.
3285 3587 3368 3647 Οὖ
3403 3584 3509 3666 γὰρ
3555 3586 3748 3653 ἁπλῶς

2132 3675 2510 3747 ἐπελεύσεται,
2576 3676 2714 3735 ἀλλὰ
2773 3675 3053 3756 πληρώσει
3104 3674 3202 3748 τὴν
3271 3674 3496 3756 καρδίαν
3557 3678 3741 3751 ἡμῶν.

2130 3767 2399 3829 Τοσούτου
2436 3765 2489 3824 δὲ
2519 3768 2574 3824 ἐν
2622 3770 2754 3841 ἡμῖν
2785 3764 2930 3833 ὄντος
2968 3764 3167 3847 φωτὸς,
3211 3766 3367 3847 ῥᾳδία
3401 3761 3495 3824 καὶ
3527 3763 3746 3833 εὔκολος

2133 3855 2283 3916 ἔσται
2304 3856 2396 3914 καὶ
2421 3861 2453 3927 ἡ
2481 3855 2642 3926 λοιπὴ
2675 3854 2863 3935 ἀρετή.

2225 3968 2253 4003 (ι
2289 3947 2751 4023 Εὐχαριστοῦντες
2806 3943 3035 4003 πάντοτε
3090 3943 3226 4026 ὕπὲρ
3275 3943 3527 4019 πάντων,
3580 3947 3633 4003 ἐν
3667 3949 3744 4027 τῷ

2134 4035 2355 4111 ὀνόματι
2383 4039 2474 4092 τοῦ
2499 4033 2695 4113 Κυρίου
2724 4036 2877 4108 ἡμῶν
2906 4032 3082 4105 Ἰησοῦ
3100 4036 3339 4114 Χριστοῦ
3356 4079 3372 4107 ,
3395 4036 3473 4114 τῷ
3497 4036 3629 4114 Θεῷ
3649 4038 3743 4093 καὶ

2138 4125 2333 4205 Πατρί.
2360 4150 2500 4177 ι-α
2522 4122 2763 4183 Πάντοτε
2775 4124 2825 4171 ³7
2847 4146 2861 4161 ο
2881 4144 2911 4181 n
2939 4125 2997 4182 οὗ
3019 4124 3121 4204 γὰρ
3138 4125 3189 4182 ἐν
3211 4123 3383 4183 ἀνέσει
3399 4123 3585 4201 μόνον,
3602 4123 3742 4184 ἀλλὰ

2137 4214 2227 4274 καὶ
2254 4219 2305 4273 ἐν
2331 4211 2556 4284 λύπαις,
2584 4212 2676 4271 καὶ
2707 4215 2808 4292 οὐχ
2846 4211 2977 4292 ὑπὲρ
3008 4215 3112 4271 τῶν
3144 4214 3357 4290 ἀγαθῶν
3379 4212 3564 4293 μόνον,
3599 4211 3741 4271 ἀλλὰ

420 4323 522 4379 pro
565 4306 859 4362 tristibus:
907 4315 961 4362 et
988 4322 1088 4379 pro
1136 4306 1200 4362 iis
1245 4307 1409 4364 rebus
1457 4325 1592 4381 quas
1643 4311 1916 4381 novimus,
1970 4319 2024 4366 et

2136 4303 2229 4363 καὶ
2254 4306 2356 4362 τῶν
2375 4304 2653 4382 λυπηρῶν,
2673 4302 2764 4360 καὶ
2779 4294 2851 4361 ὧν
2875 4300 3020 4382 [μὲν]
3043 4301 3198 4379 ἴσμεν
3213 4347 3228 4375 ,
3247 4302 3337 4361 καὶ
3357 4293 3430 4361 ὧν
3451 4304 3547 4361 οὐκ
3557 4300 3735 4379 ἴσμεν.

420 4411 557 4469 quas
583 4412 697 4452 non
741 4396 1001 4453 novimus
1052 4415 1065 4454 :
1111 4412 1209 4469 per
1250 4393 1462 4454 omnes
1496 4398 1649 4454 enim
1688 4399 1832 4455 bene
1864 4398 2027 4456 nobis

2140 4393 2251 4455 Kal
2281 4391 2385 4471 γὰρ
2415 4391 2502 4450 διὰ
2545 4391 2758 4451 πάντων
2809 4389 3247 4471 εὖεργετούμεθα,
3294 4389 3395 4451 κᾶν
3436 4394 3734 4470 ἀγνοῶμεν.

420 4485 503 4556 ﬁt,
533 4486 748 4544 etiamsi
782 4487 1126 4560 ignoremus.
1155 4488 1299 4544 Sunt
1345 4498 1534 4545 autem
1579 4490 1771 4561 gratiae
1800 4488 2024 4560 agenda

2138 4479 2501 4562 Εὖχαριστέον
2521 4479 2573 4519 ³⁸
2594 4481 2650 4539 δὲ
2680 4484 2757 4562 τῷ
2788 4482 2968 4562 Πατρὶ
3004 4503 3036 4540 α
3067 4484 3119 4540 ἐν
3152 4480 3372 4557 ὀνόματι
3414 4489 3507 4542 τοῦ
3538 4478 3738 4561 Κυρίου

420 4579 539 4633 Deo
565 4577 711 4634 Patri
745 4597 775 4631 ιι
812 4579 870 4634 in
896 4579 1127 4636 nomine
1174 4579 1398 4636 Domini
1444 4580 1621 4636 nostri
1655 4581 1808 4647 Jesu,
1847 4598 1876 4632 ι)
1911 4578 2020 4637 hoc

420 4675 522 4738 est,
554 4676 617 4723 ut
644 4668 808 4725 simul
826 4669 1178 4726 nominemus
1201 4669 1510 4726 Dominum
1537 4671 1761 4737 Jesum,
1792 4677 1847 4725 et
1872 4684 2017 4726 assu-

420 4773 640 4814 mamus
666 4759 865 4832 ipsum,
890 4775 987 4817 ceu
1018 4759 1384 4816 mediatorem
1412 4774 1539 4816 cum
1570 4758 1865 4830 bonorum,
1898 4769 2019 4817 tum

419 4847 589 4920 ipsius
628 4848 930 4920 gratiarum
972 4849 1226 4905 actionis.

491 4938 674 4993 Vens.
705 4941 793 4993 21.
827 4959 853 4985 α
879 4937 1117 5009 Subjecti
1147 4938 1285 4993 alter
1320 4938 1483 4995 alteri
1513 4939 1571 4994 in
1598 4938 1799 4995 timore
1830 4940 1953 4995 Dei.
1989 4962 2015 4989 υ

418 5028 503 5081 En
529 5041 715 5083 rursus
741 5025 1024 5083 charitatis
1052 5028 1403 5083 mentionem
1433 5027 1561 5084 facit
1600 5048 1613 5085 :
1646 5043 1712 5086 ex
1740 5027 1841 5085 hac
1866 5030 2017 5086 enim

421 5123 505 5170 est
562 5114 829 5184 subjectio
874 5126 1071 5172 mutua
1124 5125 1181 5173 et
1224 5116 1560 5185 obedientia;
1617 5133 1736 5173 non
1795 5126 2020 5190 propter

420 5204 764 5262 mundanam
778 5206 1097 5277 quampiam
1108 5213 1203 5261 aut
1218 5205 1520 5263 humanam
1536 5204 1988 5264 commoditatem
1999 5247 2013 5276 ,

492 5404 515 5433 "
541 5401 725 5459 lTim.
752 5416 813 5469 v,
841 5407 927 5457 23.

1004 5401 1184 5459 'Psal.
1220 5415 1358 5472 cm,
1415 5408 1500 5459 ιδ.
1575 5406 1594 5439 ι
1617 5406 1782 5461 Prov.
1804 5418 1983 5474 xxxx,
2011 5406 2067 5460 6.

2127 4575 2280 4650 ἡμῶν
2303 4570 2513 4645 Ἰησοῦ,
2553 4593 2584 4629 ))
2636 4571 2940 4641 τουτέστιν,
2984 4569 3341 4645 ὀνομάζοντες
3371 4571 3463 4630 καὶ
3509 4572 3597 4629 τὸν
3627 4569 3736 4630 Κύ-

2130 4686 2238 4740 ριον
2272 4660 2509 4735 Ἰησοῦν,
2559 4661 2650 4720 καὶ
2681 4660 3306 4741 συμπαραλαμϐάνοντες
3338 4660 3481 4742 [καὶ]
3519 4659 3678 4720 αὐτὸν
3714 4704 3733 4733 ,

2126 4756 2196 4819 ὥς
2228 4751 2450 4829 μεσίτην
2500 4749 2627 4810 ὄντα
2668 4749 2761 4810 καὶ
2818 4753 2924 4809 τῶν
2970 4752 3210 4828 ἀγαθῶν,
3274 4751 3366 4811 καὶ
3420 4753 3586 4824 αὐτῆς
3633 4752 3729 4821 τῆς

2127 4839 2484 4922 εὐχαριστίας.

2218 4952 2248 4988 (ι
2277 4928 2737 5006 Ὑποτασσόμενοι
2767 4927 3016 5002 ἀλλήλοις
3044 4931 3097 4988 ἐν
3128 4930 3277 5012 φόϐῳ
3312 4931 3483 4993 Θεοῦ.
3521 4953 3551 4990 ι)
3591 4926 3728 4990 Ἰδοὺ

2127 5019 2290 5080 πάλιν
2333 5025 2367 5093 ἡ
2414 5020 2619 5099 ἀγάπη.
2685 5019 2788 5078 Ἐκ
2840 5018 3037 5092 ταύτης
3081 5019 3185 5099 γὰρ
3225 5026 3260 5094 ἡ
3296 5019 3425 5100 πρὸς
3468 5017 3730 5092 ἀλλήλους

2128 5108 2403 5188 ὓποταγή·
2450 5111 2508 5168 οὗ
2543 5107 2631 5167 διά
2667 5130 2719 5165 τι
2756 5109 3013 5186 κοσμικὸν
3046 5106 3080 5181 ἢ
3125 5108 3483 5189 ἀνθρώπινον,
3516 5110 3642 5170 ἀλλ’
3670 5106 3723 5162 ἓν

2128 5198 2295 5280 φόϐῳ,
2329 5199 2503 5280 [φησὶ,
2524 5198 2631 5278 τοῦ]
2664 5199 2823 5259 Θεοῦ.
2855 5200 2926 5259 Οἱ
2948 5198 3054 5280 γὰρ
3077 5197 3165 5257 διὰ
3185 5199 3325 5259 Θεὸν
3346 5195 3717 5275 ὑποτασσόμε-

1805 5554 1992 5615 Variae
2034 5555 2342 5616 lectiones.

488 5720 533 5755 ³³
557 5722 653 5794 γὰρ
681 5738 733 5778 0.
811 5721 855 5755 ³⁸
884 5723 990 5785 τοῖς
1012 5738 1067 5781 0.
1143 5720 1187 5759 ³⁵
1216 5726 1467 5801 γνοςρῶδες
1495 5741 1573 5783 In.
1649 5727 1694 5760 ³⁸
1715 5726 1885 5787 κακίας
1913 5741 1968 5785 0.
2044 5725 2089 5760 ⁸⁷
2114 5727 2348 5795 πάντοτε,
2377 5723 2532 5799 ἤγουν
2563 5726 2797 5793 διηνεκῶς
2821 5740 2901 5783 m.
2984 5724 3028 5761 ³⁸
3077 5727 3435 5798 εὐχαριστεῖς).
