4124 6458
401 421 536 475 1113

1276 416 1627 474 EXPOSITIO
1665 418 1731 474 IN
1771 416 1982 473 EPIST.
2021 419 2114 474 AD
2154 419 2388 476 EPHES.
2434 451 2496 462 —
2536 421 2687 478 CAP.
2729 425 2794 478 V.

3567 432 3706 488 1114

398 567 476 602 νοι
509 542 790 618 ἀλλήλοις,
819 544 1070 605 οὐδέποτε
1093 542 1696 616 σκανδαλισθήσονταιῆ
1735 543 1976 616 διαλυθή-

2112 553 2376 602 caeterum
2403 547 2462 603 in
2489 548 2690 605 timore
2728 548 2842 606 Dei.
2873 551 2976 622 Qui
3001 552 3153 609 enim
3178 554 3279 611 Dei
3310 555 3532 613 nomine
3569 556 3708 616 ohe-

398 656 577 692 σονται
598 678 616 707 ,
644 638 876 693 τοιοῦτον
916 633 1205 713 σύνδεσμον
1228 633 1454 714 ἔχοντες.

484 837 512 872 (ι
543 817 613 874 Αἱ
642 818 915 896 γυναῖκες,
965 818 1071 882 τοῖς
1119 814 1265 882 ἰδίοις
1311 814 1560 894 ἀνδράσιν
1594 816 1987 890 ὑποτάσσεσθε,

395 906 465 970 ὡς
508 908 587 985 τῷ
651 906 854 986 Κυρίῳ.
895 929 923 964 ››
959 907 1080 985 Οὐχ
1108 905 1292 972 ἁπλῶς
1339 906 1430 964 καὶ
1486 907 1602 978 εἰκῆ
1653 904 1857 978 πολλὴν
1894 906 1991 979 τὴν

394 993 632 1066 σπουδὴν
665 1004 896 1054 ποιεῖται
933 999 962 1054 6
993 998 1203 1062 Παῦλος
1245 993 1376 1074 ὑπὲρ
1405 998 1502 1067 τῆς
1551 996 1832 1074 συζυγίας,
1866 999 1988 1056 ἀλλ’

394 1082 577 1156 ἐπειδὴ
645 1085 737 1143 καὶ
794 1088 822 1144 6
876 1084 1014 1152 Θεὸς
1075 1085 1275 1157 ταύτης
1339 1083 1392 1153 ἐξ
1465 1087 1638 1166 ἀρχῆς
1686 1085 1987 1168 ἐφρόντισεν

393 1172 776 1253 ὑπερϐολικῶς.
828 1177 925 1255 Τῷ
989 1173 1091 1254 γὰρ
1148 1173 1318 1254 Ἀδὰμ
1350 1172 1446 1246 τὴν
1507 1174 1737 1257 ἀδελφὴν
1785 1178 1984 1254 αὑτοῦ,

393 1263 598 1338 μᾶλλον
657 1263 710 1322 δὲ
761 1263 860 1337 τὴν
897 1263 1196 1346 θυγατέρα,
1230 1264 1322 1323 καὶ
1370 1264 1424 1323 τί
1467 1264 1638 1343 λέγω,
1672 1265 1770 1339 τὴν
1812 1265 1986 1345 σάρκα

391 1349 488 1423 τὴν
538 1356 697 1412 αὐτοῦ
745 1353 974 1426 ἥνωσεν.
1028 1344 1162 1414 Εἶτα
1221 1354 1603 1427 πληθυνθέντος
1631 1359 1722 1413 τοῦ
1770 1344 1983 1435 γένους,

389 1440 480 1499 καὶ
505 1441 806 1522 περαιτέρω
834 1443 923 1503 τὸν
952 1442 1125 1524 γάμον
1157 1442 1438 1517 ἐξέτεινεν,
1470 1443 1558 1503 ἵνα
1602 1443 1678 1521 μὴ
1720 1444 1816 1516 τὴν
1849 1444 1986 1524 ἀγά-

390 1554 497 1602 πην
549 1534 803 1612 συστείλῃ
851 1536 924 1602 εἷς
958 1533 1146 1611 μόνους
1179 1532 1300 1601 τοὺς
1349 1542 1636 1614 συγγενεῖς.
1673 1533 1782 1595 Καὶ
1810 1539 1838 1595 6
1870 1538 1981 1614 βίος

393 1619 454 1705 δὲ
487 1625 640 1699 ἡμῶν
690 1621 776 1681 διὰ
820 1627 925 1681 τῷν
979 1626 1234 1702 συζυγιῷν
1289 1633 1656 1705 συγκροτεῖται
1677 1623 1747 1684 ³9.
1804 1625 1986 1698 Φησὶν

393 1699 508 1787 οὖν,
545 1711 623 1770 ὅτι
657 1738 680 1764 α
724 1715 796 1774 Αἱ
827 1721 1100 1793 γυναῖκες,
1138 1714 1499 1774 ὑποτάσσεσθε
1525 1718 1630 1783 τοῖς
1649 1714 1921 1795 ἀνδράσιν.
1962 1742 1986 1769 ι

392 1799 525 1861 Ἐὰν
552 1801 654 1881 γὰρ
689 1805 740 1861 ἐν
772 1803 992 1887 ὁμονοίᾳ
1035 1809 1069 1875 ἡ
1128 1803 1348 1882 συζυγία
1400 1796 1460 1885 ᾗ,
1513 1805 1605 1862 καὶ
1651 1808 1834 1872 παῖδες
1864 1804 1984 1886 τρέ-

2104 633 2296 704 diunt,
2334 650 2620 710 nunquam
2662 638 3014 697 offendentur
3050 648 3146 697 aut
3171 641 3546 702 dissolventur
3572 661 3704 705 cum

2099 725 2268 781 talem
2297 742 2501 784 nexum
2529 727 2839 785 habuerint.

2173 818 2340 872 Vsus.
2365 822 2455 872 22.
2490 840 2516 865 α
2547 819 2786 884 Uxores,
2813 820 3028 876 maritis
3059 822 3296 894 pr0priis
3324 823 3558 883 subdita
3587 827 3706 885 sitis

2097 905 2266 962 veluti
2293 907 2557 962 Domino.
2587 931 2613 956 »
2644 909 2771 964 Non
2799 909 3114 982 simpliciter
3141 927 3205 968 ac
3234 920 3442 970 temere
3461 915 3703 974 multum

2096 996 2398 1068 seduloque
2419 997 2636 1054 laborat
2657 999 2858 1055 Paulus
2888 1015 2990 1072 pro
3014 1002 3261 1075 conjugii
3287 1003 3578 1076 ﬁrmitate,
3602 1007 3703 1066 sed

2097 1086 2226 1158 quia
2267 1090 2420 1144 Deus
2448 1087 2618 1144 etiam
2655 1104 2688 1144 a
2725 1089 2998 1162 principio
3025 1090 3193 1164 hujus
3216 1093 3487 1151 eximiam
3510 1111 3702 1153 curam

2095 1175 2282 1247 gessit.
2321 1175 2543 1233 Adamo
2572 1177 2726 1234 enim
2763 1194 3016 1236 sororem
3053 1196 3234 1250 suam,
3267 1182 3382 1239 imo
3406 1185 3595 1256 potius
3626 1186 3700 1242 ﬁ-

2095 1265 2253 1335 liam,
2283 1275 2336 1323 et
2365 1266 2500 1339 quid
2528 1267 2684 1324 dico?
2713 1284 2937 1325 carnem
2961 1269 3137 1342 ipsius
3162 1272 3456 1344 copulavit.
3485 1275 3700 1332 Deinde

2093 1355 2457 1428 multiplicato
2501 1372 2720 1428 genere,
2763 1359 2930 1416 latius
2959 1360 3381 1418 matrimonium
3423 1363 3694 1433 extendit,

2093 1443 2260 1516 411
2290 1461 2361 1502 ne
2389 1446 2744 1504 dilectionem
2769 1447 2838 1505 ad
2865 1447 3012 1506 solos
3031 1459 3301 1522 cognatos
3327 1451 3698 1511 contraheret.

2092 1535 2265 1590 Porro
2324 1534 2439 1591 vita
2509 1545 2696 1592 nostra
2751 1553 2846 1609 per
2895 1538 3154 1611 conjugia
3199 1539 3537 1598 continetur.
3605 1544 3701 1598 Ait

2095 1637 2225 1696 ergo
2259 1641 2273 1678 :
2309 1647 2334 1672 (ι
2366 1626 2600 1695 Uxores,
2657 1626 2916 1699 subjectae
2945 1635 3119 1684 estote
3165 1629 3383 1686 maritis
3411 1631 3624 1688 vestris.
3669 1656 3695 1683 ιι

2094 1712 2152 1768 Si
2207 1713 2355 1769 enim
2396 1714 2455 1770 in
2497 1716 2791 1772 concordia
2843 1716 3260 1775 matrimonium
3310 1717 3496 1788 fuerit,
3544 1723 3699 1793 pueri

2094 1801 2233 1858 bene
2273 1802 2596 1874 educantur,
2645 1813 2702 1862 et
2749 1804 2937 1862 famuli
2991 1806 3244 1864 ordinate
3301 1823 3421 1866 sese
3470 1809 3694 1880 habent,

391 1913 575 1970 φονται
624 1895 838 1971 καλῶς,
870 1892 960 1952 καὶ
1009 1895 1212 1953 οἰκέται
1248 1897 1594 1966 εὐτακτοῦσι,
1649 1896 1742 1953 καὶ
1779 1895 1976 1974 πάντα,

2089 1890 2338 1966 adeoque
2377 1903 2575 1951 cuncta
2620 1904 2738 1951 tam
2791 1895 3101 1952 vicinorum
3159 1913 3325 1969 quam
3389 1899 3695 1957 amicorum

389 1980 477 2040 καὶ
517 1980 583 2040 τὰ
636 1986 741 2041 τῶν
790 1984 1078 2060 γειτόνων,
1133 1984 1226 2043 καὶ
1262 1984 1329 2043 τὰ
1359 1987 1465 2065 τῶν
1514 1983 1712 2062 φίλων,
1746 1976 1804 2043 εὖ
1847 1983 1982 2065 ἔχει.

389 2071 675 2130 Δουλεύετε
705 2072 758 2131 δὲ
790 2077 861 2140 ὡς
893 2077 970 2152 τῷ
999 2073 1198 2156 Κυρίῳ.
1249 2077 1376 2141 Πῶς
1405 2063 1489 2132 οὑν
1532 2075 1770 2154 ἀλλαχοῦ
1792 2063 1984 2155 γέγρα-

387 2183 547 2220 πται·
579 2190 604 2216 α
635 2159 728 2222 Ἂν
762 2163 837 2240 μή
882 2186 959 2230 τις
994 2163 1328 2237 ἀποτάξηται
1377 2163 1631 2242 γυναικὶ,
1670 2164 1762 2223 καὶ
1795 2164 1980 2244 [γυνὴ]

387 2251 566 2331 ἀνδρὶ,
609 2255 667 2311 οὐ
709 2251 932 2311 δύναταί
963 2277 1050 2329 μοι
1097 2253 1438 2325 ἀκολουθεῖν;
1477 2279 1500 2306 υ
1551 2255 1619 2313 Εἰ
1651 2253 1753 2334 γὰρ
1803 2257 1874 2322 ὥς
1908 2259 1983 2334 τῷ

387 2339 572 2421 Κυρίῳ
622 2338 884 2401 δουλεύειν
912 2341 1054 2423 χρὴ,
1102 2346 1216 2410 πῶς
1258 2341 1401 2421 λέγει
1433 2344 1540 2401 δεῖν
1594 2343 1982 2423 ἀφίστασθαι⁴⁰

385 2431 470 2488 διὰ
495 2429 584 2489 τὸν
613 2430 839 2510 Κύριον;
871 2430 1003 2492 "Ott
1025 2431 1107 2505 τὸ,
1135 2454 1164 2490 (ι
1192 2430 1317 2504 ⁶Ως,
1340 2454 1369 2490 n
1394 2434 1452 2490 οὐ
1474 2431 1686 2500 πάντως
1707 2433 1983 2514 πάνταχοῦ

384 2518 648 2594 ἰσοτιμίας
677 2520 842 2579 ἐστίν.
873 2519 974 2594 Ἢ,
1015 2520 1094 2580 ὅτι
1135 2548 1160 2574 ιι
1192 2519 1595 2581 Ὑποτάσσεσθε
1624 2544 1652 2580 ι)
1688 2524 1877 2582 εἰδυῖαι
1901 2524 1981 2582 ὅτι

386 2612 464 2689 τῷ
492 2611 619 2690 Θεῷ
669 2608 970 2670 δουλεύετε*
1029 2611 1328 2684 τουτέστιν,
1391 2613 1437 2669 εἰ
1490 2610 1692 2689 καὶμὴ
1755 2612 1841 2671 διὰ
1891 2611 1980 2671 τὸν

383 2699 549 2778 ἄνδρα
576 2701 1022 2780 προηγουμένως,
1068 2701 1209 2761 ἀλλά
1237 2725 1298 2780 γε
1346 2700 1433 2760 διὰ
1464 2699 1551 2760 τὸν
1582 2705 1780 2782 Κύριον
1802 2702 1873 2760 ⁴¹.
1913 2706 1980 2763 Εἰ

383 2788 485 2868 γὰρ
532 2793 651 2870 ὃτῇ
697 2790 797 2860 ἔξω
851 2795 992 2871 ἀρχῇ
1025 2792 1462 2867 ἀντιταττόμενος
1525 2795 1588 2872 τῇ
1633 2796 1725 2850 τοῦ
1785 2791 1981 2872 Κυρίου

382 2877 608 2959 δίαταγῇ
649 2880 964 2953 ἀνθέστηκε·
997 2882 1180 2961 πολλῷ
1220 2882 1426 2957 μᾶλλον
1460 2885 1493 2953 ἡ
1528 2883 1605 2961 τῷ
1653 2880 1804 2961 ἀνδρὶ
1835 2883 1979 2942 ἀντι-

379 2968 696 3046 ταττομένη.
719 2964 897 3029 ’Ὠστε
950 2970 1008 3028 ἐκ
1051 2974 1147 3028 τοῦ
1201 2969 1436 3030 ἐναντίου
1484 2976 1517 3043 ἡ
1577 2970 1976 3050 ὑποταττομένη

378 3061 454 3137 τῷ
476 3057 659 3140 Κυρίῳ
690 3058 1070 3119 ὑποτάσσεται.

2095 1991 2224 2038 sunt
2282 1982 2341 2037 in
2393 1982 2535 2039 felici
2590 1993 2758 2040 statu.
2819 1985 3030 2041 Servitc
3079 1995 3265 2042 autem
3303 1987 3380 2044 eis
3426 1996 3696 2060 tanquam

2093 2073 2358 2129 Domino.
2391 2073 2565 2146 Ecqui
2596 2073 2720 2130 alibi
2747 2074 3017 2148 scriptum
3041 2083 3126 2131 est
3157 2097 3170 2133 :
3206 2097 3232 2124 α
3266 2076 3383 2134 Nisi
3417 2078 3544 2150 quis
3562 2079 3694 2135 reli-

2095 2161 2277 2232 querit
2303 2178 2535 2220 uxorem
2564 2171 2619 2220 et
2659 2164 2864 2233 virum,
2896 2180 3010 2220 non
3036 2166 3240 2235 poterit
3264 2181 3356 2223 me
3381 2168 3535 2239 sequi
3563 2170 3633 2223 ll?
3664 2191 3690 2217 ιο

2091 2251 2234 2306 Nam
2264 2251 2307 2306 si
2331 2260 2598 2324 tanquam
2626 2253 2871 2309 Domino
2899 2253 3252 2310 serviendum
3282 2263 3388 2326 est,
3413 2257 3695 2328 quomodo

2089 2338 2488 2398 discedendum
2508 2357 2626 2398 esse
2649 2342 2782 2399 dicit
2800 2352 3026 2416 propter
3049 2347 3397 2401 Dominum?
3416 2347 3692 2416 Quoniam

2090 2429 2446 2500 adverbium,
2508 2455 2534 2482 α
2581 2433 2782 2500 Veluti,
2837 2457 2864 2483 ι»
2915 2450 3034 2491 non
3086 2443 3173 2491 est
3222 2437 3429 2509 ubique
3468 2438 3695 2509 aequalis

2090 2517 2318 2576 honoris
2357 2529 2506 2576 nota.
2542 2522 2639 2578 Vel
2688 2521 2927 2580 subdita:
2977 2524 3115 2594 sitis,
3175 2525 3271 2593 ait,
3328 2543 3356 2577 ι(
3383 2526 3632 2583 Scientes
3664 2550 3690 2576 ιο

2087 2609 2238 2682 quod
2266 2610 2513 2668 serviatis
2559 2613 2678 2668 Deo
2719 2633 2740 2668 :»
2765 2611 2873 2669 hoc
2910 2622 3014 2679 est,
3047 2614 3091 2669 si
3117 2630 3233 2671 non
3262 2623 3486 2688 propter
3512 2616 3692 2673 virum

2089 2700 2383 2772 imprimis,
2417 2709 2636 2772 propter
2665 2702 2974 2758 Dominum
3001 2712 3210 2760 tamen.
3261 2706 3406 2761 Nam
3447 2705 3495 2762 si
3525 2706 3572 2761 is
3597 2707 3692 2778 qui

2089 2789 2348 2845 exteriori
2409 2791 2668 2860 potestati
2715 2791 2943 2860 resistit,
2987 2793 3299 2850 Dominicaa
3359 2793 3691 2852 ordinationi

2087 2879 2310 2948 resistit,
2361 2879 2562 2935 multo/
2590 2881 2765 2953 magis
2805 2896 2928 2952 quae
2968 2882 3170 2939 marito
3218 2898 3320 2940 suo
3368 2883 3685 2941 reluctatur.

2084 2970 2274 3041 Itaque
2329 2985 2360 3026 e
2407 2969 2706 3039 contrario,
2759 2986 2884 3043 quae
2940 2972 3136 3028 marito
3184 2972 3398 3042 obedit,
3443 2975 3689 3031 Domino

2087 3058 2292 3116 obedit.

464 3169 492 3204 α
515 3143 648 3208 Ὅτι
686 3151 715 3207 6
743 3147 878 3225 ἀνήρ
927 3151 1043 3209 ἐστι
1079 3148 1285 3230 κεφαλή
1321 3153 1415 3221 τῆς
1444 3150 1724 3230 γυναικὸς,
1769 3153 1839 3219 ὡς
1886 3161 1976 3211 καὶ

2159 3150 2341 3206 Vnns.
2363 3155 2451 3206 23.
2483 3173 2508 3199 α
2533 3151 2812 3222 Quoniam
2836 3151 2920 3207 vir
2939 3160 3104 3224 caput
3129 3160 3213 3209 est
3237 3153 3507 3223 mulieris,
3547 3153 3694 3211 sicut

377 3241 406 3294 6
434 3237 664 3318 Χριστὸς
719 3238 927 3319 κεφαλὴ
977 3243 1072 3310 τῆς
1100 3238 1465 3313 Ἐκκλησίας,
1517 3239 1610 3299 καὶ
1655 3240 1809 3308 αὐτός
1866 3245 1977 3301 ἐστι

379 3326 558 3406 σωτὴρ
606 3333 701 3386 τοῦ
755 3327 1026 3406 σώματος.
1083 3351 1112 3386 »
1162 3327 1289 3388 Ἀπὸ
1333 3331 1604 3408 λογισμῶν
1655 3340 1875 3412 συνιστᾷ
1916 3331 1976 3390 τὸ

379 3416 484 3474 δεῖν
539 3417 932 3477 ὑποτάσσεσθαι
989 3417 1084 3486 τὰς
1131 3421 1410 3497 γυναῖκας,
1482 3418 1574 3477 καὶ
1622 3423 1715 3490 τῆς
1769 3420 1977 3497 ἀγάπης

376 3504 626 3565 ὑπόθεσιν
666 3505 759 3566 καὶ
791 3507 1040 3590 ἀφορμὴν
1085 3507 1294 3580 τίθησι,
1324 3508 1386 3565 τὸ
1429 3505 1518 3566 τὸν
1556 3507 1650 3584 μὲν
1687 3508 1852 3588 ἄνδρα
1877 3508 1974 3581 τὴν

376 3596 605 3674 ἀρχικήν
678 3598 770 3656 καὶ
839 3597 1196 3678 προνοητικὴν
1260 3595 1407 3665 τάξιν
1463 3596 1674 3676 ἐπέχειν
1725 3597 1972 3678 (κεφαλὴ

377 3684 480 3764 γάρ
510 3687 655 3763 ἐστι,
687 3685 852 3766 φησὶ,
905 3688 996 3746 καὶ
1057 3685 1311 3767 σωτήρ)’
1364 3685 1460 3758 τὴν
1511 3685 1567 3744 δὲ
1604 3694 1830 3766 γυναῖκα
1877 3687 1973 3762 τὴν

375 3775 760 3847 ὑποτακτικήν·
815 3781 972 3852 σῶμα
1024 3777 1126 3858 γάρ
1152 3779 1317 3838 ἐστιν.
1365 3774 1585 3855 εὨσπερ
1626 3775 1716 3834 καὶ
1770 3780 1798 3835 6
1833 3779 1970 3857 Χρι-

375 3865 493 3933 στὸς
517 3869 610 3936 τῆς
660 3865 989 3938 Ἐκκλησίας
1024 3866 1096 3924 ὣν
1151 3864 1387 3948 κεφαλὴ,
1440 3867 1738 3948 προνοεῖται
1779 3867 1974 3940 ταύτης

373 3954 462 4012 καὶ
493 3953 672 4024 σώζειο
709 3955 846 4015 οὕτω
874 3955 1048 4015 τοίνυν
1105 3955 1198 4016 καὶ
1243 3959 1270 4014 6
1296 3954 1466 4037 ἀνὴρ,
1525 3955 1703 4035 σωτὴρ
1734 3962 1826 4015 τοῦ
1858 3958 1974 4018 σώ-

374 4066 540 4118 ματος
578 4047 774 4117 αὐτοῦ,
816 4046 1057 4106 τουτέστι
1105 4050 1200 4118 τῆς
1229 4045 1496 4124 γυναικός.
1539 4048 1698 4119 Πῶς,
1753 4038 1861 4125 οῧνξ
1881 4049 1974 4107 οὐκ

370 4132 567 4212 ὀφείλει
609 4134 997 4195 ὑποτάσσεσθαι
1060 4140 1127 4215 τῇ
1167 4137 1374 4216 κεφαλῇ
1407 4135 1468 4194 τὸ
1513 4139 1694 4212 σῶμα,
1745 4140 1811 4217 τῇ
1842 4161 1971 4218 προσ

370 4223 623 4302 νοουμένῃ
652 4223 744 4283 καὶ
775 4228 1016 4306 σωζούσῃ
1037 4248 1054 4298 ;

452 4340 476 4364 α
514 4312 658 4373 Ἀλλ’
674 4312 855 4393 ὥσπερ
877 4319 909 4386 ἡ
933 4313 1232 4386 Ἐκκλησία
1246 4315 1608 4374 ὑποτάσσεται
1624 4320 1699 4397 τῷ
1717 4319 1934 4398 Χριστῷ
1948 4365 1964 4392 ,

2085 3247 2141 3294 et
2181 3238 2435 3296 Christus
2461 3249 2543 3296 est
2589 3249 2753 3313 caput
2792 3241 3074 3310 Ecclesiae,
3113 3250 3168 3299 et
3195 3242 3308 3315 ipse
3335 3251 3419 3300 est
3443 3252 3693 3300 servator

2084 3330 2352 3400 corporis.
2374 3352 2398 3378 ι
2422 3329 2754 3387 Rationibus
2773 3331 3068 3388 conﬁrmat
3088 3333 3239 3405 quod
3255 3342 3474 3406 oportet
3492 3351 3693 3391 uxores

2084 3419 2355 3491 subjectas
2396 3435 2532 3487 esse,
2563 3419 2982 3495 dilectionisque
3015 3433 3408 3495 argumentum
3446 3433 3501 3480 et
3529 3440 3690 3481 occa-

2081 3508 2296 3564 sionem
2323 3509 2477 3580 ponit
2497 3524 2573 3565 -ex
2609 3508 2714 3566 hoc
2745 3510 2896 3581 quod
2944 3512 3178 3568 maritus
3204 3513 3430 3570 rectoris
3458 3522 3514 3570 et
3558 3531 3691 3586 pro-

2083 3599 2344 3670 spectoris
2391 3599 2578 3655 locum
2624 3599 2866 3656 obtineat
2907 3605 3091 3672 (caput
3139 3601 3286 3658 enim
3327 3611 3433 3669 est,
3479 3603 3573 3673 ait,
3632 3613 3688 3661 et

2082 3693 2366 3756 servator),
2417 3704 2559 3744 uxor
2613 3704 2744 3744 vero
2788 3688 2992 3745 subditi
3044 3689 3262 3758 locum;
3305 3707 3505 3762 corpus
3539 3691 3686 3748 enim

2083 3784 2184 3833 est.
2226 3777 2712 3848 Quemadmodum
2742 3786 2799 3833 et
2826 3777 3098 3847 Christus,
3139 3794 3269 3834 cum
3311 3779 3382 3835 sit
3427 3780 3688 3837 Ecclesiae

2083 3875 2266 3939 caput,
2318 3867 2436 3940 ejus
2471 3883 2662 3922 curam
2703 3868 2866 3940 gerit,
2917 3882 3151 3939 eamque
3206 3875 3386 3924 servat
3437 3887 3452 3926 :
3504 3869 3583 3926 sic
3631 3878 3687 3925 et

2084 3956 2314 4012 maritus
2365 3965 2610 4012 servator
2654 3958 2740 4012 sui
2787 3966 2871 4013 est
2917 3956 3184 4028 corporis,
3226 3957 3334 4014 hoc
3362 3967 3446 4014 est
3473 3959 3683 4014 uxoris.

2083 4045 2380 4116 Quomodo
2405 4047 2572 4118 igitur
2588 4062 2703 4103 non
2726 4045 2895 4104 debet
2926 4045 3088 4102 subdi
3112 4047 3277 4120 capiti
3301 4063 3521 4120 corpus,
3555 4063 3684 4104 cum

2083 4151 2274 4192 curam
2305 4136 2420 4208 ejus
2449 4144 2623 4209 gerat,
2653 4135 2892 4209 illudque
2925 4137 3149 4192 servet?

2147 4310 2325 4365 Vsus.
2363 4312 2452 4363 24.
2486 4330 2511 4356 α
2543 4306 2654 4365 Sed
2683 4307 2828 4364 sicut
2852 4307 3095 4366 Ecclesia
3121 4308 3412 4382 subjicitur
3439 4309 3681 4380 Christo,

371 4401 507 4461 οὕτω
531 4403 621 4462 καὶ
651 4406 706 4462 αἱ
736 4404 978 4484 γυναῖκες
1023 4411 1132 4471 τοῖς
1165 4405 1312 4472 ἰδίοις
1343 4405 1596 4486 ἀνδράσιν
1631 4407 1684 4464 ἐν
1710 4407 1895 4468 παντί.
1927 4430 1954 4465 ››

2087 4396 2158 4453 sic
2198 4405 2256 4453 et
2292 4413 2490 4453 uxores
2527 4398 2643 4453 suis
2672 4397 2886 4453 maritis
2924 4399 2983 4454 in
3021 4400 3241 4472 quovis.
3277 4422 3304 4449 ιι
3337 4401 3484 4456 Hinc
3511 4400 3685 4458 disces

371 4488 646 4551 Ἐντεῦθεν
722 4493 939 4574 μαθήσῃ
1001 4494 1415 4575 σαφέστερον,ὃ
1475 4495 1724 4576 ἀνωτέρω
1788 4487 1965 4571 εἶπεν,

365 4578 444 4638 ὅτι
481 4603 511 4640 α
536 4579 933 4642 Ὑποτάσσεσθε
990 4587 1096 4650 τοῖς
1143 4581 1394 4663 ἀνδράσιν
1419 4629 1435 4656 ,
1466 4588 1536 4650 ὡς
1570 4587 1648 4665 τῷ
1685 4585 1895 4666 Κυρίῳ.
1939 4610 1967 4644 n

367 4669 524 4730 Ἐπεὶ
598 4670 703 4750 γὰρ
777 4672 1044 4752 ὀφείλουσι
1106 4674 1346 4752 γυναῖκες
1403 4673 1805 4734 ὑποτάσσεσθαι
1858 4684 1966 4744 τοῖς

367 4759 635 4841 ἀνδράσὶν,
657 4763 728 4829 ὡς
757 4765 790 4834 ἡ
825 4761 1126 4836 Ἐκκλησία
1156 4766 1233 4844 τῷ
1262 4765 1486 4842 Χριστῷ
1509 4807 1526 4836 ,
1559 4766 1592 4834 ἡ
1635 4763 1690 4821 δὲ
1719 4763 1961 4839 Ἐκκλη-

363 4848 451 4908 σία
494 4850 583 4909 κοιὶ
637 4852 884 4929 γυναῖκές
929 4855 1093 4912 εἰσιν
1138 4855 1206 4918 ὡς
1251 4857 1328 4932 τῷ
1359 4855 1582 4934 Χριστῷ
1615 4853 1718 4933 ἄρα
1762 4858 1839 4912 τῷ
1863 4856 1964 4912 ἀν-

364 4938 447 5018 δρὶ
501 4940 856 5001 ὑποτάσσεθαι
904 4940 1100 5022 ὀφείλει
1157 4945 1190 5013 ἡ
1243 4933 1582 5019 γυνήκΠῷς
1630 4942 1726 5019 δέ;
1759 4933 1866 5021 ἀρα
1912 4945 1967 5002 ἐν

361 5028 521 5088 παντὶ
555 5029 774 5110 [καιρῷ]
808 5030 1010 5090 κελεύει
1055 5029 1476 5105 ὑποτάσσεσθαις
1528 5022 1632 5110 ἀρα
1684 5030 1834 5112 [γὰρ]
1871 5031 1962 5091 καὶ

369 5117 494 5176 ὅταν
545 5121 616 5186 εἷς
666 5117 916 5179 ἀπιστίαν
967 5124 1176 5199 συνωθῇ
1225 5125 1252 5179 6
1304 5117 1469 5197 ἀνήρ,
1527 5117 1671 5179 Ἀλλ’
1725 5121 1790 5178 οὐ
1841 5120 1963 5199 περὶ

369 5207 606 5266 ἀπίστων
631 5209 832 5288 ἀνδρῶν
880 5211 908 5267 6
958 5209 1108 5288 λόγος
1151 5213 1240 5268 νῦν
1270 5213 1344 5289 τῷ
1388 5207 1617 5291 Παύλῳ,
1654 5207 1794 5266 ἀλλὰ
1838 5208 1962 5290 περὶ

365 5299 600 5371 πιστῶν,
628 5297 757 5378 πρὸς
785 5296 870 5364 οὕς
897 5296 1101 5372 δηλαδὴ
1123 5296 1214 5356 καὶ
1245 5295 1487 5378 ἔγραφεν.

433 5475 459 5501 ιι
480 5467 616 5524 Luc.
645 5481 774 5536 xw,
805 5471 898 5522 26.

2080 4488 2326 4560 apertius
2367 4487 2516 4560 quod
2555 4487 2704 4544 dixit
2749 4503 2936 4560 supra,
2977 4507 3004 4541 ι(
3031 4489 3423 4562 Obtemperate
3451 4490 3686 4564 propriis

2081 4577 2292 4634 maritis
2332 4583 2591 4649 tanquam
2631 4578 2892 4634 Domino.
2943 4601 2970 4627 ι
3021 4577 3484 4650 Quandoquidem
3535 4580 3682 4636 enim

2080 4687 2281 4728 uxores
2325 4670 2528 4728 debent
2573 4670 2734 4729 subdi
2759 4666 3005 4739 maritis,
3050 4679 3111 4727 ut
3146 4671 3388 4728 Ecclesia
3433 4672 3678 4741 Christo,

2078 4761 2326 4818 Ecclesia
2353 4771 2545 4820 autem
2582 4771 2638 4818 et
2666 4761 2926 4818 mulieres
2969 4770 3132 4832 sunt;
3161 4771 3430 4834 tanquam
3455 4762 3680 4819 Christo

2078 4850 2245 4923 igitur
2280 4852 2482 4924 conjux
2511 4852 2710 4908 marito
2739 4850 2900 4907 subdi
2925 4841 3113 4906 debet.
3168 4851 3461 4921 Quomodo
3508 4853 3679 4908 vero?

2078 4943 2223 4997 Num
2258 4941 2312 4996 in
2357 4941 2509 4997 omni
2530 4941 2694 5014 jubet
2731 4939 2934 4997 subdi?
2963 4943 3114 4996 Num
3145 4941 3365 5012 quando
3403 4940 3474 4998 ad
3503 4941 3679 4997 incre-

2077 5031 2364 5088 dulitatem
2407 5045 2529 5087 eam
2576 5030 2909 5102 compulerit
2952 5030 3218 5086 maritus?
3248 5031 3417 5104 Atqui
3451 5030 3522 5086 de
3552 5030 3682 5085 inli-

2075 5120 2287 5176 delibus
2313 5137 2461 5177 nunc
2499 5136 2611 5177 non
2637 5119 2880 5192 loquitur
2907 5119 3136 5189 Paulus,
3164 5119 3258 5176 sed
3295 5119 3363 5177 de
3403 5118 3675 5189 ﬁdelibus,

2078 5207 2148 5265 ad
2171 5225 2310 5282 quos
2329 5209 2533 5266 scilicet
2560 5208 2850 5265 scribebat.

1737 5643 1750 5656 ο
1765 5575 1958 5635 Variae
2003 5577 2308 5637 lectiones.

451 5745 493 5778 39
515 5745 798 5800 συνίσταται
820 5761 898 5802 m.
937 5745 982 5780 ¹⁴⁰
1008 5745 1167 5818 λέγεις
1190 5747 1266 5799 ὅτι
1289 5744 1490 5820 δεῖόᾶφ.
1514 5762 1568 5802 0.
1647 5747 1682 5781 “
1717 5746 1842 5800 Θεόν
1873 5763 1926 5803 0.
