4124 6418
477 385 609 436 11ίὸ

461 605 515 652 et
548 595 792 652 Christus
832 595 1016 651 dilexit
1068 595 1391 662 Ecclesiam,
1444 603 1500 648 et
1552 594 1791 663 seipsum
1839 591 2068 648 tradidit

463 703 562 758 pro
615 701 696 741 ea.
750 708 776 733 η
827 684 1053 750 Vidisti,
1116 683 1399 756 quomodo
1452 683 1787 753 compulerit
1831 697 2066 736 uxorem

461 777 662 832 Paulus
691 773 848 831 subdi
886 774 981 830 tibi
1031 774 1086 828 in
1117 789 1373 830 mensura
1415 788 1522 845 qua
1573 773 1792 829 Christo
1823 771 2066 827 Ecclesia

459 866 713 923 subditur
763 880 777 918 :
827 863 956 920 audi
980 864 1098 936 jam
1129 861 1411 934 quomodo
1446 871 1502 918 te
1530 878 1723 918 rursus
1757 869 1915 932 cogat
1941 860 2064 916 dili-

464 971 597 1027 gere
622 970 771 1021 eam,
800 969 904 1008 nec
934 953 1176 1008 heriliter
1203 953 1439 1024 teipsum
1469 968 1678 1023 gerere.
1711 951 1886 1010 Dilige
1915 951 2066 1005 enim

463 1046 639 1118 ipsam
669 1062 682 1099 :
713 1042 857 1115 quali
889 1057 1150 1098 mensura
1169 1042 1197 1096 Τ
1219 1044 1336 1111 Qua
1369 1050 1424 1096 et
1453 1041 1701 1096 Christus
1736 1039 2059 1095 Ecclesiam.

459 1136 604 1193 Gere
660 1148 850 1188 curam
901 1132 1107 1204 ipsius,
1165 1130 1637 1203 quemadmodum
1695 1139 1752 1186 et
1815 1130 2069 1184 Christus

458 1224 715 1282 Ecclesia
753 1240 766 1278 :
817 1237 880 1278 ac
924 1222 968 1278 si
1021 1220 1156 1292 quid
1205 1220 1372 1293 412
1417 1229 1472 1275 te
1509 1228 1762 1291 oporteat
1805 1219 1936 1290 pati,
1985 1211 2070 1296 vel_

463 1316 635 1372 etiam
684 1312 829 1368 mori
878 1327 978 1384 pro
1032 1312 1170 1382 ipsa,
1228 1327 1297 1366 ne
1343 1326 1586 1366 recuses.
1642 1311 1727 1364 Tu
1774 1308 1924 1364 enim
1967 1301 2069 1380 ips'

453 1420 646 1462 amore
690 1402 981 1473 copulatus
1025 1401 1145 1456 hac
1177 1399 1373 1468 facies;
1407 1400 1499 1455 ille
1545 1415 1678 1454 vero
1718 1399 1778 1453 in
1827 1398 1955 1453 odio
2008 1414 2066 1453 se

461 1501 887 1568 prosequentem
912 1497 966 1546 et
985 1492 1310 1547 adulteram.
1342 1492 1411 1545 Et
1459 1487 1932 1562 quemadmodum
1976 1487 2066 1543 ille

459 1591 801 1640 aversantem
833 1581 1013 1652 ipsum
1045 1580 1115 1636 ad
1146 1597 1204 1635 se
1230 1579 1477 1648 adduxit,
1517 1595 1630 1634 non
1683 1577 1848 1632 minis
1888 1593 2067 1648 neque

459 1671 812 1730 contumeliis
851 1688 862 1725 :
900 1672 1044 1725 hunc
1091 1669 1160 1725 ad
1193 1669 1423 1725 modum
1469 1670 1512 1724 si
1568 1669 1681 1740 ipse
1721 1675 2064 1723 aversantem

460 1771 517 1818 te
539 1760 884 1832 conspexeris
916 1759 1204 1831 conjugem
1233 1769 1408 1826 tuam,
1442 1769 1605 1829 atque
1633 1756 1846 1812 deliciis
1888 1756 2065 1811 indul-

460 1861 702 1925 gentem,
736 1851 910 1905 multa
957 1849 1252 1906 dilectione
1295 1857 1351 1903 et
1385 1847 1733 1920 providentia
1781 1845 2062 1902 attrahere
2096 1887 2143 1948 Β

459 1941 526 1998 ad
554 1950 608 1996 te
649 1955 852 1996 conare
885 1957 897 1994 :
931 1947 985 1993 et
1013 1939 1055 1993 si
1095 1937 1397 2009 quidquam
1431 1937 1658 2008 patiaris
1696 1952 1794 2007 pro
1824 1937 1961 2005 ipsa,
1994 1952 2062 1990 ne

457 2029 704 2102 obiicias,
737 2043 913 2100 neque
945 2027 1269 2084 conVicieris
1299 2025 1349 2082 ei
1385 2045 1397 2080 :
1424 2041 1603 2098 neque
1635 2023 1786 2080 enim
1815 2023 2066 2079 Christus

457 2120 718 2177 Ecclesia
746 2118 948 2189 obiecit
981 2116 1308 2189 quidquam.

528 2213 703 2264 Vens.
756 2215 846 2264 26.
885 2230 910 2255 ει
941 2209 1022 2264 Ut
1045 2207 1188 2261 illam
1216 2205 1603 2273 sanctiﬁcaret,
1635 2204 1912 2260 inundans
1940 2221 2064 2259 eam

459 2301 676 2357 lavacro
722 2312 879 2370 aqua
920 2297 978 2352 in
1031 2295 1215 2352 verbo.
1271 2320 1294 2345 ιο
1347 2297 1516 2367 Igitur
1569 2296 1788 2366 impura
1847 2303 1966 2349 erat
2013 2302 2069 2348 et

458 2386 744 2445 immunda
769 2396 823 2443 et
843 2385 1124 2452 deformis,
1143 2395 1199 2440 at
1214 2395 1502 2457 propterea
1518 2401 1632 2440 non
1653 2392 1736 2439 est
1755 2392 2069 2439 exsecratus

460 2495 584 2536 eam
616 2496 627 2534 :
661 2478 742 2534 sic
762 2493 941 2549 neque
968 2485 1029 2530 tu
1049 2485 1202 2531 tuam
1229 2475 1401 2546 ipsius
1425 2476 1720 2546 conjugem
1751 2474 2068 2538 exsecraris,

464 2570 568 2626 etsi
601 2567 838 2623 maxime
888 2565 1157 2621 deformis
1196 2565 1368 2621 fuerit
1406 2581 1469 2620 ac
1499 2565 1639 2620 vilis.
1676 2563 1841 2634 Quod
1886 2571 2070 2618 autem

457 2657 720 2716 deformis
739 2655 900 2712 fuerit
920 2656 1179 2723 Ecclesia,
1209 2655 1340 2710 audi
1365 2671 1376 2705 :
1408 2655 1586 2710 Eratis
1613 2654 1762 2708 enim
1789 2652 2069 2724 quondam

460 2749 705 2805 tenebra
732 2765 746 2802 :
774 2746 931 2817 quid,
953 2761 1164 2817 quaso,
1193 2745 1442 2800 tenebris
1461 2753 1545 2800 est
1565 2743 1775 2815 nigrius
1794 2745 1816 2797 Ρ
1837 2741 2076 2796 servien-

458 2847 542 2894 tes
589 2837 814 2892 malitia
865 2843 921 2891 et
973 2835 1196 2890 invidia
1232 2853 1244 2888 :
1279 2833 1415 2905 quid
1445 2833 1824 2888 immundius?
1877 2830 2074 2886 inobe-

455 2927 688 2988 dientes,
742 2923 948 2990 stolidi,
978 2924 1094 2978 imo
1143 2932 1198 2978 et
1227 2922 1535 2993 blasphemi
1571 2939 1584 2976 ε
1643 2920 1780 2993 quid
1809 2921 1961 2976 hisce
1988 2929 2074 2974 est

461 3014 633 3087 magis
651 3011 904 3068 deforme
925 3014 948 3066 Ρ
967 3015 1367 3068 Verumtamen
1391 3019 1653 3082 tanquam
1673 3025 1770 3079 pro
1798 3007 2067 3072 formosa,

461 3113 724 3175 tanquam
747 3116 846 3173 pro
874 3098 1199 3156 admiranda
1235 3100 1481 3170 seipsum
1512 3097 1763 3154 tradidit.
1811 3097 2073 3168 Purgavit

460 3203 648 3250 autem
685 3193 898 3247 lavacro
927 3205 1118 3263 aqua,
1155 3189 1260 3244 hoc
1300 3199 1382 3244 est
1413 3189 1766 3259 baptismate.
1805 3211 1830 3236 α
1869 3189 1933 3242 In
1959 3201 2073 3240 ver-

461 3284 554 3339 bo.
595 3307 619 3331 n
651 3281 847 3351 Quali?
880 3283 942 3335 ln
976 3260 1196 3335 nomine
1227 3279 1425 3345 Patris,
1475 3286 1532 3334 et
1571 3278 1716 3346 Filii,
1744 3286 1800 3333 et
1825 3276 2061 3348 Spiritus
2098 3260 2145 3322 G

463 3370 660 3426 sancti.

531 3461 712 3516 Vens.
767 3462 857 3512 27.
905 3479 930 3507 ε
990 3458 1073 3512 Ut
1118 3455 1398 3513 exhiberet
1447 3457 1551 3514 sibi
1596 3458 1708 3530 ipse
1767 3457 2062 3529 gloriosam

462 3547 780 3604 Ecclesiam.
804 3571 832 3596 »
862 3549 991 3603 Non
1017 3547 1338 3619 simpliciter
1369 3564 1583 3618 puram,
1623 3547 1718 3603 sed
1745 3546 2062 3620 gloriosam.

463 3637 948 3711 Quemadmodum
987 3637 1150 3710 igitur
1186 3637 1434 3694 Christus
1479 3638 1734 3693 omnium
1785 3638 2063 3692 bonorum

456 3737 648 3784 auctor
693 3739 775 3783 est
813 3727 1090 3795 Ecclesia,
1130 3729 1207 3782 sic
1251 3735 1307 3783 et
1355 3737 1412 3782 tu
1456 3727 1532 3782 sis
1581 3728 1736 3782 uxori
1780 3735 1893 3782 tua
1939 3743 1952 3780 :
1999 3741 2064 3780 ac

458 3816 936 3890 quemadmodum
967 3817 1083 3884 ille,
1122 3817 1271 3888 quod
1301 3817 1369 3873 ad
1407 3819 1650 3873 animam
1697 3817 1915 3883 attinet,
1947 3817 2064 3886 pul-

458 3907 826 3964 chritudinem
874 3908 923 3962 ei
967 3907 1255 3978 acquisivit
1304 3922 1537 3978 eamque
1576 3907 1890 3973 exornavit;
1943 3906 2063 3977 pari

461 3997 676 4052 ratione
698 3998 834 4052 tuin
863 3995 970 4052 hoc
998 3997 1278 4061 incumbe,
1301 4011 1412 4050 non
1430 3997 1481 4050 in
1505 3995 1756 4066 corporis
1780 4005 2060 4050 ornatum.

461 4087 514 4142 Si
536 4087 684 4142 enim
716 4087 914 4142 anima
955 4083 1198 4141 formam
1236 4095 1403 4156 atque
1457 4085 1933 4156 pulchritudinem
1974 4085 2063 4139 in-

464 4178 652 4249 quiras
680 4191 710 4231 a
753 4176 1003 4247 conjuge,
1039 4175 1227 4230 statim
1253 4190 1376 4229 eam
1403 4175 1451 4229 ei
1476 4175 1704 4239 efﬁcies,
1728 4190 2066 4246 componens

464 4267 666 4336 ipsam,
701 4264 1075 4334 exbibensque
1122 4265 1417 4336 gloriosam
1463 4264 1768 4320 secundum
1809 4265 2062 4336 Spiritum

467 4369 597 4408 cum
620 4352 847 4423 tibiipsi,
883 4361 1000 4406 tum
1028 4356 1164 4410 Deo.

544 4465 568 4491 α
611 4445 732 4498 Non
764 4443 1054 4498 habentem
1093 4443 1364 4498 maculam
1413 4453 1508 4500 aut
1546 4461 1768 4514 rugam,
1800 4455 1896 4502 aut
1933 4445 2061 4518 quid

1457 377 1970 432 THEOPHYLACTI
2010 375 2368 430 BULGARLE
2409 376 2728 432 ARCHIEP.

528 509 701 565 Vnus.
732 513 820 562 25.
861 529 886 554 α
927 509 996 563 Et
1024 506 1141 573 viri,
1185 505 1393 576 diligite
1419 519 1620 560 uxores
1656 512 1891 569 vestras,
1919 503 2060 558 sicut
2091 509 2144 570 Α

3657 381 3795 432 1116

2258 525 2286 560 α
2323 504 2390 564 Οἱ
2427 504 2648 582 ἄνδρες,
2686 506 2932 580 ἀγαπᾶτε
2966 502 3058 570 τὰς
3103 511 3358 580 γυναῖκας
3389 506 3634 576 ἑαυτῶν,
3687 528 3794 562 κα-

2174 591 2273 660 θὼς
2313 593 2402 652 καί
2448 597 2475 650 ὁ
2531 594 2759 670 Χριστὸς
2814 593 3065 671 ἠγάπησε
3119 593 3214 662 τὴν
3267 593 3641 664 Ἐκκλησίαν,
3697 594 3794 650 καὶ

2175 683 2360 740 ἑαυτὸν
2405 681 2712 761 παρέδωκεν
2747 683 2878 759 ὑπὲρ
2939 687 3123 753 αὐτῆς.
3172 704 3200 738 ι)
3245 673 3430 752 Εἶδες,
3487 686 3604 748 πῶς
3666 708 3794 742 συν-

2173 772 2346 844 ώθησε
2377 769 2471 842 τὴν
2502 780 2724 846 γυναῖκα
2755 775 2782 828 ὃ
2818 773 3028 838 Παῦλος
3067 770 3462 830 ὑποτάσσεσθαί
3492 795 3580 830 σοι
3625 775 3682 830 ἐν
3715 775 3795 852 τῷ

2174 860 2376 943 μέτρῳ,
2405 852 2448 941 ᾧ
2489 859 2580 918 xui
2609 867 2642 933 ἡ
2678 859 2978 930 Ἐκκλησία
3004 860 3366 919 ὑποτάσσεται
3405 864 3482 940 τῷ
3514 862 3756 941 Χριστῷ
3783 883 3796 895 ·

2175 951 2332 1009 ἄκουε
2384 949 2616 1016 καὶπῶς
2666 973 2724 1007 σε
2777 951 2935 1008 πάλιν
2981 952 3266 1026 ἀναγκάζει
3315 951 3532 1029 ἀγαπᾷν
3576 949 3796 1022 αὐτὴν,

2177 1042 2294 1098 ἀλλ’
2354 1040 2472 1120 οὐχὶ
2523 1042 2858 1120 δεσποτικῶς
2902 1039 3310 1120 προσφέρεσθαι.
3403 1037 3625 1114 Ἀγάπα
3687 1039 3796 1118 γὰρ

2176 1129 2364 1202 αὐτήνι
2418 1133 2554 1210 ποίῳ
2607 1127 2812 1210 μέτρῳ;
2841 1118 2915 1212 ’δῼ
2945 1127 3037 1186 καὶ
3056 1118 3092 1187 Ἵὸ
3118 1128 3350 1206 Χριστὸς
3399 1127 3496 1198 τὴν
3535 1127 3796 1201 Ἐκκλη-

2178 1220 2326 1277 σίαν·
2369 1220 2577 1298 προνόει
2632 1217 2892 1292 adria”,
2941 1223 3012 1284 ὡς
3067 1219 3157 1276 καὶ
3189 1221 3218 1276 ὁ
3263 1217 3492 1296 Χριστὸς
3548 1218 3797 1289 ἐκείνης·

2177 1307 2277 1366 κᾶν
2304 1310 2394 1389 δέῃ
2415 1332 2466 1366 τι
2498 1312 2715 1381 παθεῖν,
2749 1308 2848 1366 κᾶν
2893 1310 3171 1366 ἀποθανεῖν
3205 1309 3269 1365 δι’
3309 1307 3496 1378 αὐτὴν,
3537 1307 3619 1385 μὴ
3652 1330 3804 1386 παρ-

2179 1400 2397 1476 αιτήσῃ.
2451 1397 2530 1458 Σὺ
2564 1397 2658 1471 μὲν
2696 1397 2798 1477 γὰρ
2833 1398 2939 1470 ἤδη
2989 1397 3268 1478 συναφθεὶς
3321 1399 3491 1477 αὐτῇ,
3549 1397 3803 1467 ποιήσεις

2175 1494 2375 1545 ταῦτα·
2426 1491 2620 1553 ἐκεῖνος
2660 1489 2714 1546 δὲ
2772 1489 2843 1553 εἷς
2892 1493 3149 1563 μισοῦσαν
3194 1486 3284 1544 καὶ
3317 1489 3636 1566 μοιχαλίδα.
3683 1485 3798 1546 Καὶ

2175 1576 2354 1656 ὥσπερ
2434 1579 2630 1644 ἐκεῖνος
2694 1577 2789 1648 τὴν
2841 1576 3312 1657 ἀποστρεφομένην
3395 1577 3555 1634 αὐτὸν
3615 1599 3793 1654 προσ-

2173 1668 2440 1745 ηγάγετο,
2517 1668 2613 1724 οὐκ
2686 1669 2930 1732 ἀπειλαῖς
2991 1666 3108 1724 οὐδὲ
3184 1664 3438 1744 ὕϐρεσιν*
3498 1664 3649 1723 οὕτω
3702 1665 3796 1723 xui

2175 1758 2328 1822 αὐτὸς
2360 1758 2456 1816 κᾶν
2491 1757 2964 1835 ἀποστρεφομένην
2997 1755 3110 1832 ἴδῃς
3140 1755 3231 1813 xui
3261 1755 3638 1834 θρυπτομένην
3668 1803 3684 1826 ,

2173 1848 2342 1924 πολλῇ
2381 1849 2566 1924 ἀγάπῃ
2603 1849 2695 1904 xui
2733 1850 2799 1924 τῇ
2834 1845 3055 1926 προνοίᾳ
3081 1844 3518 1924 προσαγαγέσθαι
3563 1845 3792 1916 σπεῦδε,

2174 1935 2270 1994 κᾶν
2306 1935 2474 2015 πάθῃς
2521 1960 2574 1994 τι
2625 1937 2756 2013 ὑπὲρ
2792 1939 2980 2006 αὐτῆς,
3027 1933 3102 2012 μὴ
3131 1936 3414 2013 ὀνειδίσῃς·
3462 1933 3715 2014 οὐδὲγὰρ
3767 1937 3795 1992 ὁ

2173 2034 2399 2114 Χριστὸς
2417 2034 2511 2104 τὴν
2547 2033 2902 2105 Ἐκκλησίαν.

2265 2227 2292 2262 ιι
2314 2203 2437 2264 Ἵνα
2493 2204 2654 2276 αὐτὴν
2686 2204 2908 2283 ἁγιάσῃ,
2973 2203 3266 2284 καθαρίσας
3321 2207 3396 2284 τῷ
3445 2205 3664 2284 λουτρῷ
3701 2210 3794 2263 τοῦ

2175 2295 2359 2362 ὕδατος
2384 2297 2436 2353 ἐν
2468 2295 2690 2376 ῥήματι.
2727 2319 2756 2349 n
2804 2294 2936 2374 Ἄρα
2988 2295 3208 2371 ἄναγνος
3257 2285 3353 2366 ἦν,
3407 2294 3503 2352 xui
3552 2293 3792 2374 ἀκάθαρ-

2175 2419 2290 2465 τος,
2335 2395 2426 2453 καὶ
2465 2393 2735 2473 ἄμορφος,
2788 2393 2907 2453 ἀλλ’
2939 2394 3035 2452 οὐκ
3068 2392 3417 2460 ἐϐδελύξατο·
3471 2393 3616 2452 οὕτω
3655 2392 3793 2471 μηδὲ

2179 2484 2240 2542 σὺ
2289 2484 2386 2554 τὴν
2437 2489 2632 2542 σαυτοῦ
2668 2491 2928 2560 γυναῖκα,
2957 2485 3057 2541 κᾶν
3106 2483 3458 2562 ἀμορφοτάτη
3503 2475 3636 2563 ﬁ”,
3690 2481 3793 2542 κᾶν

2176 2574 2413 2643 εὐτελής.
2440 2572 2690 2652 θυτιγὰρ
2716 2574 2954 2653 ἄμορφος
2978 2565 3041 2645 ἦν
3069 2579 3102 2645 ἡ
3145 2572 3471 2644 Ἐκκλησία,
3517 2573 3748 2632 ἄκουσον
3776 2597 3789 2611 ο

2190 2687 2216 2720 (ι
2245 2653 2382 2722 Ἷίτε
2403 2664 2502 2741 γάρ
2533 2687 2662 2722 ποτε
2693 2662 2908 2729 σκότος·
2941 2686 2970 2720 »
3013 2662 3065 2721 τί
3093 2665 3196 2742 γὰρ
3223 2663 3442 2730 σκότους
3475 2661 3792 2738 μελανώτε-

2185 2777 2268 2833 ρον
2290 2754 2376 2826 M;
2411 2752 2757 2819 Δουλεύοντες
2810 2752 2974 2831 κακίᾳ
3027 2753 3117 2811 καὶ
3170 2752 3371 2832 φθόνῳ·
3429 2755 3488 2810 τί
3549 2755 3790 2833 ἀκαθαρ-

2179 2844 2419 2922 τότερον;
2469 2843 2760 2917 Ἀπειθεῐς,
2811 2845 3052 2917 ἀνόητοι,
3104 2843 3243 2900 ἀλλὰ
3294 2842 3384 2901 καὶ
3432 2844 3792 2926 βλάσφημοι·

2180 2933 2232 2991 τί
2251 2933 2446 2992 τούτων
2479 2933 2904 3011 εἶδεχθέστερον;
2947 2932 3088 2990 Ἀλλ’
3117 2933 3262 3007 ὅμως
3294 2935 3364 2996 ὡς
3397 2932 3537 3012 ὑπὲρ
3566 2933 3789 3010 ὡραίας,

2181 3026 2250 3089 ὡς
2293 3023 2424 3100 ὑπὲρ
2489 3026 2838 3095 θαυμαστῆς,
2877 3021 3063 3079 ἑαυτὸν
3121 3021 3390 3089 ἐξέδωκεν.
3457 3021 3795 3100 Ἐκαθάρισε

2181 3109 2235 3170 δὲ
2265 3113 2340 3190 τῷ
2372 3113 2578 3190 λουτρῷ
2612 3115 2702 3167 τοῦ
2733 3110 2922 3176 ὕδατος
2946 3156 2962 3186 ,
2995 3110 3233 3170 τουτέστι
3280 3114 3356 3190 τῷ
3417 3111 3790 3188 βαπτίσματι.

2189 3223 2218 3258 (ί
2250 3200 2346 3258 Ἐν
2397 3199 2614 3280 ῥήματι.
2658 3223 2684 3257 ι)
2734 3198 2910 3281 Ποίῳ;
2963 3197 3056 3259 Ἐν
3104 3199 3323 3276 ὀνόματι
3382 3204 3488 3258 τοῦ
3545 3198 3792 3279 Πατρὸς,

2173 3291 2265 3348 καὶ
2297 3295 2386 3348 τοῦ
2420 3291 2572 3361 Υἱοῦ,
2607 3288 2697 3347 καὶ
2723 3295 2812 3348 τοῦ
2847 3290 2999 3368 ἁγίου
3035 3291 3366 3366 Πνεύματος.

2314 3462 2339 3487 υ
2699 3462 2715 3484 Ι
2891 3465 2905 3483 9
2951 3462 2964 3482 ἵ
3182 3465 3215 3479 Ν
3268 3461 3290 3484 ν
3642 3462 3658 3484 9

2257 3485 2286 3520 α
2345 3465 2432 3522 Ινα
2464 3487 2787 3542 παραστησῃ
2849 3486 3004 3530 αυτος
3048 3465 3220 3541 έαυτῳ
3263 3461 3468 3529 ενδοξον
3517 3463 3617 3534 τὴν
3669 3465 3772 3522 Εκ-

2171 3554 2462 3624 κλησίαν.»
2504 3556 2627 3632 Οὐχ
2658 3554 2839 3618 ἁπλῶς
2869 3552 3128 3630 καθαρὰν,
3159 3554 3279 3610 ἀλλ’
3309 3551 3533 3621 ἔνδοξον.
3556 3550 3778 3632 υΩσπερ

2171 3643 2342 3700 τοίνυν
2413 3645 2441 3700 ὅ
2491 3644 2721 3721 Χριστὸς
2782 3644 2998 3700 πάντων
3049 3641 3211 3708 αἴτιος
3285 3645 3388 3698 τῶν
3451 3645 3664 3719 ἀγαθῶν
3717 3647 3780 3720 τῇ

2171 3732 2507 3812 Ἰἰκκλησίομ
2564 3735 2703 3790 οὕτω
2757 3731 2849 3790 καὶ
2896 3730 2988 3790 ἔσὺ
3045 3729 3109 3788 σὺ
3157 3736 3222 3812 τῇ
3275 3735 3342 3809 σῇ
3397 3731 3645 3809 γυναικί·
3695 3731 3784 3790 xui

2171 3820 2353 3899 ὥσπερ
2413 3822 2704 3894 ἐκεῖνοςδτὸ
2774 3821 2914 3879 κατὰ
2967 3821 3148 3902 ψυχὴν
3203 3822 3397 3886 κάλλος
3451 3826 3586 3900 αὐτῇ
3638 3844 3782 3900 περι-

2173 3911 2484 3982 matricum-0'
2540 3909 2678 3969 οὕτω
2736 3911 2828 3969 καὶ
2861 3910 2924 3969 σὺ
2969 3911 3092 3988 περὶ
3139 3915 3294 3968 τοῦτο
3321 3910 3369 3942 ³⁸⁵
3425 3913 3656 3977 σπεῦδε,
3707 3911 3778 3984 μὴ

2173 4003 2293 4080 περὶ
2337 4001 2393 4058 τὸ
2456 4008 2546 4060 τοῦ
2578 3999 2841 4075 σώματος.
2910 3997 3002 4060 Ἂν
3051 3999 3154 4078 γὰρ
3207 4003 3381 4080 ψυχῆς
3428 4002 3626 4066 κάλλος
3670 4004 3781 4058 ἐπι-

2174 4093 2333 4168 ζητῇς
2391 4088 2540 4167 παρὰ
2589 4095 2682 4160 τῆς
2707 4089 2994 4166 γυναικὸς,
3034 4089 3242 4168 ταχέως
3286 4091 3421 4169 αὐτῇ
3473 4095 3631 4147 τοῦτο
3687 4089 3781 4157 δη-

2178 4178 2532 4258 μιουργήσεις,
2581 4182 2847 4258 ῥυθμίζων
2883 4179 3046 4249 αὐτὴν
3104 4180 3194 4236 καὶ
3246 4179 3589 4255 παριστάνων
3633 4177 3777 4235 ἔνδο-

2179 4267 2262 4336 ξον
2292 4268 2427 4325 κατὰ
2458 4273 2668 4344 πνεῦμα
2699 4267 2790 4326 xui
2817 4272 2995 4346 σαυτῷ
3026 4268 3117 4325 καὶ
3150 4271 3239 4347 τῷ
3265 4269 3410 4348 Θεῷ.

2263 4466 2291 4499 (ι
2324 4441 2416 4512 Μὴ
2449 4442 2673 4520 ἔχουσαν
2698 4443 2883 4500 σπῖλον
2905 4486 2919 4513 ,
2945 4441 2973 4512 ἢ
3010 4442 3215 4523 ῥυτίδα,
3240 4441 3274 4513 ἤ
3303 4445 3481 4499 τιτῶν
3510 4439 3778 4507 τοιούτων,

467 4532 816 4604 hujusmodi,
853 4531 950 4588 sed
999 4541 1060 4589 ut
1107 4542 1252 4587 esset
1303 4545 1490 4589 sancta
1529 4543 1583 4589 et
1618 4536 1986 4590 immaculata.
2033 4559 2055 4582 υ

2198 4535 2303 4591 -))θ
2334 4531 2357 4589 ἵ
2443 4523 2476 4568 β’
2522 4536 2534 4553 ‹
2587 4533 2598 4554 ν
2741 4532 2752 4550 \
2801 4533 2822 4554 ν
3201 4535 3216 4556 \
3332 4530 3344 4550 ι
3528 4533 3540 4554 \
3753 4528 3766 4550 ι

2184 4558 2216 4590 α
2241 4573 2249 4589 κ
2275 4569 2288 4589 ι
2359 4559 2421 4589 να
2449 4559 2476 4612 ῃ
2512 4557 2635 4608 αγια
2668 4556 2760 4590 και
2790 4556 3034 4610 αμωμος.
3069 4555 3096 4589 ))
3127 4537 3228 4592 Δια
3258 4557 3457 4590 τουτων
3488 4555 3554 4589 τα
3577 4534 3778 4609 ψυχικα

467 4624 570 4678 Per
615 4622 733 4678 hac
777 4622 977 4678 anima
1005 4621 1136 4678 dicit
1170 4621 1421 4677 affectus.
1469 4625 1701 4680 Macula
1745 4624 1892 4680 enim
1936 4633 2067 4680 sunt

466 4721 713 4768 recentes
767 4712 1034 4780 affectus,
1067 4729 1205 4784 quos
1258 4721 1315 4768 et
1362 4712 1585 4770 abluere
1631 4713 1816 4783 facile,
1870 4715 1962 4786 qui
2013 4723 2068 4770 et

468 4802 800 4872 vituperium
829 4801 1156 4858 efferebant.
1188 4805 1363 4872 Ruga
1401 4812 1608 4871 autem,
1661 4802 1785 4875 qua
1819 4815 2068 4876 tempore

467 4893 763 4948 inveterata
802 4901 952 4957 sunt,
984 4907 1106 4962 qua
1156 4902 1214 4948 et
1257 4893 1507 4964 impuros
1537 4893 1833 4962 faciebant,
1876 4903 2066 4968 utpote

467 4997 575 5036 non
618 4980 773 5036 facile
809 4981 1070 5037 eluibilia.
1125 4982 1229 5037 Sed
1272 4983 1522 5038 divinum
1572 4985 1846 5040 lavacrum
1877 4985 2067 5040 omnia

469 5071 736 5142 purgavit,
778 5081 834 5126 et
877 5079 1099 5126 sanctos
1130 5082 1183 5126 et
1226 5072 1612 5129 immaculatos
1656 5074 1920 5131 exhibuit.

540 5161 721 5215 Vens.
757 5165 842 5214 28.
895 5178 923 5210 ς(
954 5161 1040 5214 Sic
1069 5159 1272 5215 debent
1299 5163 1399 5216 viri
1430 5164 1654 5234 diligere
1688 5179 1886 5219 uxores
1912 5181 2062 5233 suas,

467 5257 529 5304 ut
575 5265 806 5320 corpora
851 5265 967 5304 sua.
1017 5272 1041 5298 υ
1099 5252 1223 5305 Non
1267 5260 1531 5322 tanquam
1577 5253 1752 5324 majus
1793 5255 2067 5326 magisque

470 5339 836 5394 necessarium
880 5339 986 5394 hoc
1015 5341 1328 5410 exemplum
1361 5342 1478 5414 jam
1522 5344 1676 5414 ponit
1714 5344 1852 5414 (jam
1905 5355 2066 5401 antea

470 5429 614 5483 enim
638 5428 860 5499 planum
889 5437 992 5497 est,
1021 5430 1224 5485 Christi
1257 5430 1639 5488 habitudinem
1665 5433 1733 5488 ad
1765 5435 2065 5490 Ecclesiam

2178 4621 2320 4699 λέγει
2348 4624 2516 4693 πάθη.
2557 4622 2750 4682 Σπῖλοι
2783 4621 2876 4698 μὲν
2908 4613 2996 4678 οὖν
3022 4621 3089 4679 τὰ
3117 4621 3397 4700 πρόσφατα
3429 4625 3533 4680 τῶν
3566 4621 3776 4687 παθῶν,

2179 4713 2212 4770 ἃ
2255 4712 2343 4770 xui
2375 4713 2736 4790 ἀπονίψασθαι
2783 4711 2960 4791 ῥᾴδιον
2981 4711 3054 4782 ¹¹“,
3094 4710 3128 4767 ἃ
3167 4713 3255 4768 καὶ
3285 4714 3477 4786 μῶμον
3537 4706 3776 4768 ἐνεποίει.

2179 4802 2414 4868 Ῥυτίδες
2432 4802 2486 4858 δὲ
2517 4802 2584 4858 τὰ
2625 4804 2700 4879 τῷ
2747 4801 2924 4880 χρόνῳ
2969 4799 3362 4870 παλαιωθέντα,
3395 4800 3428 4858 ἃ
3471 4797 3566 4858 xui
3607 4795 3772 4870 ἀνάγ-

2177 4915 2293 4957 νους
2324 4891 2510 4964 ἐτίθει,
2572 4890 2938 4948 δυσαπόνιπτα
2968 4889 3117 4950 ὄντα.
3174 4889 3333 4947 Ἀλλὰ
3380 4888 3512 4968 [διὰ]
3546 4886 3604 4944 τὸ
3645 4891 3772 4944 θεῖον

2175 4982 2392 5056 λουτρὸν
2459 4979 2634 5037 πάντα
2689 4979 2951 5058 ἐκάθηρε,
3013 4980 3104 5038 xui
3153 4977 3331 5056 ἁγίους
3385 4980 3477 5037 καὶ
3526 4977 3771 5052 ἀμώμους

2176 5071 2534 5148 παρέστησεν.

2263 5184 2289 5215 α
2317 5160 2504 5224 Οὕτως
2539 5159 2837 5238 ὀφείλουσιν
2869 5161 2916 5218 οἱ
2965 5158 3147 5236 ἄνδρες
3196 5161 3410 5238 ἀγαπᾷν
3456 5157 3549 5221 τὰς
3580 5153 3770 5212 ἑαυτῶν

2175 5253 2459 5328 γυναῖκας,
2491 5252 2558 5316 ὡς
2586 5248 2652 5306 τὰ
2684 5252 2882 5307 ἑαυτῶν
2919 5249 3166 5324 σώματα.
3199 5271 3224 5305 ››
3267 5251 3392 5326 Οὐχ
3419 5251 3490 5312 ὡς
3526 5247 3698 5318 μεῖζον
3720 5236 3767 5275 ﬂ

2175 5339 2470 5415 ὑπόδειγμα
2531 5339 2622 5396 xui
2675 5342 3204 5416 ἀναγκαστικώτερον
3265 5345 3420 5396 τοῦτο
3475 5333 3650 5399 τίθησι
3683 5333 3770 5386 νῦν

2179 5428 2458 5506 (πρόδηλον
2483 5427 2584 5507 γὰρ
2611 5428 2690 5486 ὅτι
2723 5433 2757 5499 ἡ
2797 5433 2887 5485 τοῦ
2940 5430 3179 5507 Χριστοῦ
3229 5426 3356 5506 πρὸς
3403 5424 3497 5494 τὴν
3533 5423 3766 5488 Ἐκκλη-

1891 5548 2082 5607 Varia
2125 5552 2424 5609 lectiones.

546 5661 588 5694 ‘3
616 5662 793 5727 ταύτης
815 5678 864 5716 0.
943 5664 982 5695 "3
1009 5663 1082 5729 εἴη
1116 5679 1168 5717 0.
1249 5664 1286 5694 "'°
1311 5666 1610 5736 μελάντερον
1640 5684 1692 5723 0.
1778 5669 1815 5701 ³³⁵
1841 5671 1981 5722 τοῦδε
2015 5688 2068 5726 0.

2148 5672 2190 5702 ⁵⁸
2224 5671 2414 5742 εὖχερὲς
2447 5688 2520 5729 m.

2605 5671 2639 5702 ὀῖ
2670 5672 2796 5741 μέγα
2829 5686 2904 5725 m.
