4124 6416
343 360 481 412 1117

1236 359 1593 416 EXPOSITIO
1634 361 1700 415 IN
1737 360 1942 416 EPIST.
1985 361 2076 415 AD
2114 361 2350 417 EPHES.
2390 390 2463 402 —
2491 361 2648 417 CAP.
2691 363 2754 416 V.

3505 370 3642 424 1118

339 481 459 540 σίαν
499 482 678 563 σχέσις
723 483 913 560 μείζων
947 485 1084 543 ἐστὶν
1127 482 1160 556 ἢ
1198 485 1584 562 ὕποδείγματος
1625 485 1774 564 λόγος
1819 485 1932 565 ⁴⁸),

2051 488 2155 543 hoc
2179 488 2430 559 exemplo
2456 486 2724 558 majorem
2750 493 2906 557 esse),
2931 505 3122 545 verum
3139 498 3405 563 tanquam
3424 491 3652 548 vicinius

338 572 458 630 ἀλλ’
487 575 557 640 ὡς
602 573 881 652 ἐγγύτερον
907 573 996 632 καὶ
1024 573 1358 654 οἰκειότερον.
1404 572 1526 636 Ἵνα
1569 574 1672 652 γὰρ
1721 573 1795 652 μὴ
1835 575 1936 655 ἔχῃ

339 685 416 726 τις
461 663 660 742 λέγειν,
711 661 792 721 ὅτι
839 664 1034 730 ἐκεῖνος
1081 664 1218 730 Θεὸς
1267 655 1364 737 ἦν,
1423 663 1515 724 καὶ
1563 663 1746 725 ἑαυτὸν
1791 689 1937 746 παρ-

341 751 556 810 έδωκενο
587 752 835 833 ἑτέρωθεν
867 753 996 826 ἡμῖν
1022 751 1119 825 τὴν
1155 753 1395 832 ἀνάγκην
1427 753 1726 834 ἐφίστησιν.
1762 754 1941 836 Ὀφεί-

339 844 492 900 λουσι
522 840 660 923 γὰρ,
693 842 852 924 φησὶν
875 887 890 915 ,
933 845 1176 923 ἀγαπᾷνο
1213 843 1482 903 τουτέστιν
1505 887 1522 916 ,
1557 845 1616 901 οὗ
1645 846 1796 924 χάρις
1827 847 1938 904 ἐστὶ

338 931 400 990 τὸ
427 940 562 1011 πρᾶγ
577 957 686 1008 μα,
728 931 846 990 ἀλλ’
878 932 1062 1012 ὀφειλὴ
1094 933 1186 992 καὶ
1227 933 1467 1010 ἀνάγκη·
1510 937 1669 1012 σῶμα
1701 934 1804 1012 γάρ
1841 935 1938 995 σού

339 1021 482 1079 ἐστιν
533 1024 566 1093 ἡ
614 1020 763 1098 γυνή.
809 1023 860 1081 Τ
862 1021 890 1080 ὸ
920 1022 1016 1098 μὲν
1053 1014 1146 1082 οὖν
1194 1027 1287 1080 τοῦ
1336 1021 1568 1100 Χριστοῦ
1608 1023 1938 1101 ὑπόδειγμα,

338 1111 398 1168 οὖ
428 1108 515 1168 διὰ
542 1109 603 1169 τὸ
634 1112 738 1170 δεῖν
774 1115 988 1193 ἀγαπᾷν
1035 1111 1192 1186 μόνον
1214 1157 1231 1184 ,
1272 1113 1412 1172 ἀλλὰ
1445 1112 1538 1170 καὶ
1587 1111 1674 1171 διὰ
1719 1112 1781 1194 τὸ
1811 1116 1938 1194 ῥυθ-

341 1199 511 1276 μίζειν
559 1198 884 1280 παρέλαϐεν.
943 1224 973 1256 α
1020 1199 1143 1261 Ἵνα
1179 1225 1208 1259 »
1255 1199 1378 1281 γὰρ,
1429 1201 1628 1282 φησὶν,
1672 1224 1700 1261 α
1742 1193 1940 1282 ᾗᾶγία

337 1289 430 1348 καὶ
483 1288 727 1367 ἄμωμος.
761 1318 786 1342 ν
833 1290 915 1351 Τὸ
950 1290 1006 1352 δὲ
1053 1294 1148 1363 τῆς
1201 1291 1435 1374 σαρκὸς,
1490 1291 1578 1350 διὰ
1623 1289 1683 1351 τὸ
1724 1295 1938 1375 ἀγαπᾷν

339 1378 514 1457 μόνον.

426 1491 455 1526 ι(
489 1467 558 1530 Ὀ
606 1471 832 1548 ἀγαπῶν
871 1469 967 1544 τὴν
999 1475 1228 1551 γυναῖκα
1280 1475 1441 1532 αὑτοῦ
1488 1472 1677 1532 ἑαυτὸν
1733 1475 1937 1555 ἀγαπᾷ.

338 1559 530 1626 Οὐδεὶς
573 1560 678 1639 γάρ
722 1583 853 1620 ποτε
885 1561 984 1632 τὴν
1035 1565 1226 1622 ἑαυτοῦ
1271 1564 1448 1642 σάρκα
1487 1563 1777 1639 ἐμίσησεν,
1824 1564 1941 1624 ἀλλ’

339 1648 578 1728 ἐκτρέφει
632 1649 724 1708 καὶ
771 1652 960 1710 θάλπει
1009 1653 1207 1728 αὐτὴν,
1276 1652 1452 1719 καθὼς
1497 1652 1588 1711 καὶ
1632 1657 1660 1712 ὁ
1708 1656 1942 1731 Χριστὸς

336 1736 433 1809 τὴν
460 1737 816 1810 Ἐκκλησίαν.
855 1763 882 1796 n
919 1739 1034 1811 Τὴν
1065 1741 1473 1817 ἐπιτεταμένην,
1502 1742 1663 1821 φησὶ,
1693 1742 1784 1801 καὶ
1818 1745 1937 1802 ἐπι-

340 1797 718 1904 μέμελημένην
777 1797 1085 1910 θεραπείαν-
1100 1797 1105 1798 7
1119 1797 1125 1798 γ
1436 1797 1442 1798 7
1457 1797 1473 1816 ’
1618 1797 1630 1801 v
1642 1797 1939 1912 ξῇψᾷανρκί·
1976 1797 2023 1859 Β

338 1914 476 1975 ὥστε
524 1917 616 1976 καὶ
657 1917 720 1976 σὺ
750 1923 816 1997 τῇ
849 1919 1080 1998 γυναικί.
1135 1923 1310 1980 Πάλιν
1341 1922 1396 1979 δὲ
1435 1925 1510 2001 τῷ
1551 1923 1768 2001 Χριστῷ
1801 1933 1938 2002 χρᾶ-

337 2029 427 2065 ται
479 2005 607 2086 πρὸς
653 2008 982 2087 ὑπόδειγμα,
1040 2010 1288 2068 δεικνύων
1347 2009 1428 2069 ὅτι
1488 2011 1580 2069 καὶ
1637 2014 1665 2068 ὁ
1718 2011 1944 2090 Χριστὸς

339 2101 484 2174 ἡμᾶς
514 2100 582 2163 ὡς
611 2096 809 2157 οἰκείαν
841 2100 1004 2156 αὐτοῦ
1035 2098 1210 2179 σάρκα
1236 2100 1536 2178 ἠγάπησεν.

432 2184 614 2247 «"01:
658 2189 794 2264 μέλη
843 2189 1002 2265 ἐσμὲν
1048 2195 1142 2248 τοῦ
1175 2187 1426 2267 σώματος
1460 2195 1638 2250 αὐτοῦ.
1689 2213 1719 2248 ι)
1769 2193 1941 2252 Τουτ-

339 2276 484 2352 έστι,
521 2277 843 2354 γνησιότητα
874 2278 1239 2360 πολλὴνδὲπρὸς
1271 2278 1427 2338 αὐτὸν
1451 2280 1664 2360 ἔχομεν.

427 2475 456 2505 ιι
488 2452 591 2510 Ἐκ
619 2453 715 2523 τῆς
745 2449 938 2531 σαρκὸς
977 2454 1169 2524 αὐτοῦ,
1221 2453 1311 2511 καὶ
1361 2455 1420 2511 ἐκ
1463 2457 1567 2512 τῶν
1613 2453 1808 2513 ὀστέων
1840 2457 1938 2513 αὖ·

337 2545 451 2602 τοῦ.
489 2567 512 2593 ι
545 2540 674 2601 Ἀπὸ
704 2541 806 2620 γὰρ
848 2547 945 2613 τῆς
985 2544 1251 2621 ἡμετέρας
1299 2543 1512 2622 γέγονεν
1563 2541 1726 2617 ὕλης,
1759 2542 1942 2625 ὥσπερ

339 2631 430 2691 καὶ
464 2634 496 2699 ἡ
532 2629 645 2691 Εὕα
675 2632 736 2689 ἐκ
764 2631 932 2711 [τῆς]
959 2637 1049 2689 τοῦ
1091 2631 1286 2708 Ἀδάμ.
1328 2633 1434 2691 Καὶ
1469 2630 1652 2712 ὥσπερ
1684 2637 1789 2692 ἐκεῖ
1819 2657 1944 2692 100-

341 2721 476 2794 αὐτη
509 2720 730 2798 ἐγγύτης
778 2720 918 2779 ἐστὶν
937 2765 954 2791 ,
987 2720 1126 2779 οὕτω
1168 2722 1258 2781 καὶ
1292 2724 1373 2800 ἐφ’
1404 2727 1579 2799 ἡμῶν.
1623 2726 1727 2782 Καὶ
1770 2724 1944 2791 ἄλλως

341 2809 396 2869 δὲ
446 2812 504 2868 ἐκ
547 2813 641 2880 τῆς
685 2808 876 2890 σαρκὸς
923 2813 1083 2869 αὐτοῦ
1115 2814 1313 2888 ἐσμεν,
1348 2812 1438 2869 καὶ
1491 2815 1550 2870 ἐκ
1595 2816 1696 2870 τῶν
1747 2815 1943 2872 ὀστέων

340 2901 539 2977 αὐτοῦ,
583 2899 665 2958 ὅτι
694 2924 753 2959 τε
793 2899 977 2980 ὥσπερ
1009 2903 1204 2968 ἐκεῖνος
1252 2903 1311 2959 ἐκ
1344 2899 1657 2979 Πνεύματος
1688 2902 1942 2981 γεγέννη-

337 2988 440 3047 ται’
462 2989 584 3048 ἄνευ
616 2987 894 3055 συνουσίας
921 3012 935 3026 ·
967 2987 1106 3048 οὕτω
1151 2989 1242 3048 καὶ
1272 2995 1426 3066 ἡμεῖς
1455 2993 1508 3049 ἐν
1557 2993 1634 3072 τῷ
1681 2993 1887 3072 λουτρῷ
1921 3015 1935 3029 ·
1970 3025 2016 3082 G

340 3078 430 3138 καὶ
487 3076 567 3138 ὅτι
625 3078 1018 3156 μεταλαϐόντες
1076 3082 1183 3138 τῶν
1249 3078 1586 3159 μυστηρίων,
1640 3083 1700 3140 ἐκ
1754 3082 1936 3143 τούτου

341 3167 526 3237 εὐθέως
563 3168 614 3206 ⁴⁹
669 3168 1174 3243 μεταπλαττόμεθα.
1239 3169 1540 3230 Συνελόντα
1601 3164 1689 3230 οὖν
1746 3173 1945 3245 εἰπεῖν,

338 3259 494 3317 τοῦτό
544 3281 737 3340 φησιν,
769 3257 849 3317 ὅτι
894 3259 989 3329 τὴν
1038 3259 1206 3340 ἄκραν
1263 3260 1562 3330 οἰκειότητα
1610 3259 1740 3339 πρὸς
1787 3262 1944 3321 αὐτὸν

341 3351 556 3428 ἔχομεν.
593 3348 698 3407 Καὶ
747 3347 848 3428 γὰρ
895 3347 988 3407 καὶ
1027 3347 1168 3406 κατὰ
1196 3348 1256 3407 τὸ
1285 3346 1552 3426 ὁρώμενον
1602 3348 1943 3423 ἐκοινώνησεν

340 3441 470 3512 ἡμῖν
519 3437 711 3518 σαρκὸς
749 3437 842 3496 καὶ
894 3435 1118 3514 αἵματος
1152 3461 1165 3474 ⁸
1213 3437 1305 3496 καὶ
1340 3437 1480 3496 κατὰ
1527 3437 1589 3496 τὸ
1627 3438 1938 3515 νοούμενον,

343 3526 506 3594 αἴτιος
541 3531 636 3598 τῆς
662 3531 1027 3601 πνευματικῆς
1073 3525 1425 3593 ἀναπλάσεως
1457 3531 1587 3604 ἡμῖν
1634 3527 1840 3605 ἐγένετο
1870 3529 1940 3602 ⁵ο,

340 3615 520 3697 ὥσπερ
551 3617 641 3675 καὶ
671 3619 698 3674 ὁ
727 3614 897 3692 Ἀδὰμ
1028 3614 1145 3696 Εὕα
1175 3620 1267 3686 τῆς
1293 3615 1556 3684 πλάσεως.

431 3734 455 3759 ι’(
511 3705 651 3765 Ἀντὶ
699 3705 889 3764 τούτου
939 3705 1254 3786 καταλείψει
1293 3706 1564 3784 ἄνθρωπος
1605 3706 1691 3766 τὸν
1735 3706 1941 3788 πατέρα

343 3798 504 3854 αὓτοῦ
533 3796 622 3854 καὶ
655 3793 752 3866 τὴν
799 3793 1049 3876 μητέρα,
1097 3796 1191 3854 καὶ
1235 3794 1769 3876 προσκολληθήσεται
1812 3798 1940 3877 πρὸς

339 3885 437 3957 τὴν
470 3893 697 3964 γυναῖκα
743 3887 934 3958 αὑτοῦ,
987 3885 1079 3944 καὶ
1112 3886 1323 3944 ἔσονται
1372 3887 1418 3945 οἱ
1451 3884 1494 3922 ⁵⁸
1533 3886 1624 3943 δύο
1651 3886 1725 3954 εἷς
1766 3887 1940 3968 σάρκα

345 3974 491 4052 μίαν.
534 3998 563 4032 (ι
592 3973 732 4036 Ἰδοὺ
775 3976 865 4034 καὶ
891 3974 1067 4055 ἕτερον
1093 3975 1363 4052 δικαίωμα
1387 4020 1406 4051 ,
1439 3972 1519 4032 ὅτι
1559 3974 1650 4034 καὶ
1681 3975 1800 4044 τοὺς
1827 4001 1942 4054 γεν-

343 4063 670 4143 νησαμένους
696 4088 774 4131 τις
794 4065 971 4145 ἀφεὶς,
995 4065 1166 4147 ἐκείνῃ
1207 4065 1774 4146 [προσκολληθήσεται
1803 4069 1892 4125 καὶ
1913 4069 1935 4147 ]

344 4153 732 4232 συμπλέκεται.
762 4155 870 4215 Καὶ
891 4156 986 4214 οὖκ
1006 4145 1140 4228 εἷπε,
1162 4145 1504 4229 Συνοικήσει,
1531 4154 1691 4228 ἀλλὰ,
1711 4185 1733 4208 ιι
1760 4145 1939 4236 Προσξ

343 4244 753 4319 κολληθήσεται,
780 4272 807 4296 ι
845 4244 939 4315 τὴν
965 4245 1330 4304 ἀδιάσπαστον
1346 4244 1398 4283 ⁵²
1419 4243 1608 4304 ἕνωσιν
1639 4247 1833 4316 δηλῶν.
1858 4247 1938 4308 Τὸ

2048 586 2103 633 et
2149 577 2327 648 magis
2362 575 2646 632 familiare.
2701 579 2784 633 Ne
2838 579 2964 650 quis
3005 578 3153 634 enim
3195 580 3438 652 objiciat,
3498 583 3652 638 Deus

2049 675 2166 722 erat
2211 667 2322 734 ille,
2352 675 2410 721 et
2446 681 2545 738 pro
2576 666 2737 722 nobis
2765 683 2884 722 sese
2911 667 3134 723 tradidit
3165 687 3179 724 :
3226 670 3443 726 aliunde
3489 671 3649 727 nobis

2049 757 2429 813 necessitatem
2455 759 2526 812 ob
2546 757 2736 812 oculos
2760 757 2976 812 statuit.
3007 759 3227 815 Debent
3251 759 3424 828 enim,
3448 759 3644 831 inquit,

2047 846 2288 918 diligere,
2321 845 2376 902 id
2400 854 2502 914 est,
2535 862 2622 901 res
2650 846 2762 916 ipsa
2789 845 2959 918 413
3001 864 3110 902 non
3135 855 3220 903 est
3259 849 3450 920 gratia,
3487 859 3658 906 caete-

2048 951 2176 990 rum
2202 934 2452 991 debitum
2480 944 2563 990 est
2582 943 2636 990 et
2648 937 2941 991 necessitas
2964 954 2977 991 :
3001 952 3131 991 nam
3169 952 3311 992 uxor
3345 945 3432 992 est
3453 953 3652 1008 corpus

2049 1032 2228 1080 tuum.
2261 1023 2461 1080 Christi
2507 1024 2688 1096 itaque
2723 1024 3039 1095 exemplum
3077 1041 3192 1082 non
3239 1025 3310 1082 ob
3345 1026 3525 1082 solam
3565 1026 3649 1084 di-

2048 1113 2336 1170 lectionem
2365 1113 2680 1185 assumpsit,
2713 1129 2907 1169 verum
2933 1115 3096 1170 etiam
3125 1123 3186 1170 ut
3217 1131 3400 1172 mores
3429 1124 3650 1172 nostros

2051 1212 2425 1276 componeret.
2474 1206 2632 1272 Nam,
2669 1227 2694 1253 α
2727 1205 2810 1261 Ut
2853 1212 3040 1260 sancta
3081 1205 3178 1273 sit,
3234 1229 3259 1254 ιι
3291 1205 3487 1278 inquit,
3532 1230 3559 1256 α
3596 1213 3651 1263 et

2050 1294 2433 1349 immaculata.
2452 1317 2478 1341 υ
2503 1293 2670 1362 Quod
2699 1309 2826 1350 vero
2845 1292 2916 1350 de
2937 1309 3101 1350 carne
3125 1292 3352 1367 profert,
3379 1295 3451 1351 ob
3470 1295 3648 1352 solam

2049 1381 2405 1439 dilectionem
2427 1391 2527 1438 est.

2125 1496 2152 1522 ι(
2176 1476 2350 1530 Vens.
2370 1479 2460 1540 28,
2479 1479 2572 1529 29.
2602 1497 2626 1522 α
2646 1473 2754 1547 Qui
2771 1472 3190 1545 diligituxorem
3205 1489 3382 1544 suam,
3405 1477 3649 1546 seipsum

2050 1562 2225 1635 dilgit.
2271 1564 2450 1620 Nemo
2512 1564 2658 1619 enim
2709 1579 2954 1636 unquam
3001 1579 3161 1619 suam
3216 1563 3384 1635 ipsius
3429 1580 3652 1621 carnem

2051 1653 2176 1708 odio
2230 1652 2450 1721 habuit,
2498 1653 2595 1709 sed
2643 1654 2819 1708 nutrit
2871 1662 2926 1709 et
2980 1651 3132 1708 fovet
3197 1668 3343 1720 eam,
3403 1653 3545 1710 sicut
3595 1663 3649 1710 et

2050 1742 2297 1798 Christus
2329 1743 2647 1798 Ecclesiam.
2684 1765 2710 1791 η
2744 1744 3046 1811 Intensam,
3080 1742 3278 1814 inquit,
3324 1751 3378 1798 et
3403 1743 3652 1799 sedulam

2050 1847 2241 1888 curam
2285 1832 2658 1904 unusquisque
2697 1831 2847 1886 carni
2898 1847 3012 1888 suae
3041 1830 3267 1887 adhibet
3307 1851 3319 1886 :
3365 1832 3550 1902 itaque
3599 1840 3655 1888 et

2051 1930 2110 1978 tu
2135 1922 2308 1977 uxori.
2339 1923 2552 1977 Rursus
2578 1931 2765 1977 autem
2787 1921 3005 1976 Christo
3033 1937 3130 1992 pro
3164 1920 3419 1992 exemplo
3452 1920 3658 1989 utitur,

2053 2011 2347 2067 ostendens
2385 2010 2540 2084 quod
2569 2019 2626 2068 et
2662 2010 2914 2067 Christus
2953 2025 3056 2065 nos
3082 2026 3184 2066 ceu
3215 2010 3500 2082 propriam
3529 2027 3648 2066 car-

2053 2117 2182 2157 nem
2209 2117 2373 2157 suam
2401 2101 2610 2156 dilexit.

2125 2193 2299 2248 Vens.
2333 2197 2422 2248 30.
2451 2214 2474 2239 α
2503 2191 2642 2261 Quia
2665 2190 2921 2246 membra
2950 2205 3145 2246 sumus
3173 2189 3424 2262 corporis
3449 2191 3584 2263 ejus.
3624 2216 3649 2240 δ)

2053 2283 2177 2337 Hoc
2231 2289 2333 2350 est,
2397 2281 2702 2354 plurimum
2760 2280 2923 2336 nobis
2987 2296 3118 2336 cum
3183 2296 3249 2336 eo
3313 2281 3656 2353 cognationis

2053 2376 2156 2424 est.

2126 2480 2152 2507 α
2202 2460 2285 2514 De
2323 2473 2491 2514 carne
2522 2458 2708 2531 ipsius,
2741 2468 2798 2515 et
2824 2476 2889 2515 ex
2914 2459 3129 2515 ossibus
3156 2459 3294 2532 ejus.
3325 2481 3349 2507 υ
3388 2463 3432 2515 Α
3463 2467 3654 2515 nostra

2051 2547 2200 2603 enim
2229 2547 2462 2603 materia
2488 2548 2667 2604 factus
2687 2557 2792 2616 est,
2822 2558 2884 2604 ut
2914 2551 3022 2604 Eva
3049 2565 3115 2604 ex
3137 2548 3337 2604 Adam.
3374 2550 3441 2603 Et
3461 2565 3658 2622 quem-

2052 2635 2355 2692 admodum
2402 2635 2512 2691 illic
2539 2645 2620 2692 est
2661 2652 2861 2708 magna
2923 2637 3319 2708 pr0pinquitas,
3385 2637 3456 2691 ita
3505 2636 3656 2692 inter

2051 2741 2169 2781 nos.
2191 2728 2399 2781 Sumus
2418 2734 2602 2781 autem
2625 2735 2680 2781 et
2705 2728 2862 2781 aliter
2881 2725 2949 2782 de
2978 2742 3144 2781 carne
3170 2726 3312 2796 ejus,
3353 2735 3410 2780 et
3438 2725 3655 2780 ossibus

2053 2816 2408 2887 ejus,nempe
2446 2825 2508 2871 ut
2543 2815 2634 2871 ille
2671 2832 2732 2870 ex
2774 2815 2977 2886 Spiritu
3008 2825 3175 2870 natus
3214 2822 3296 2870 est
3328 2814 3465 2871 citra
3494 2830 3654 2870 com-

2050 2905 2364 2960 mistionem
2408 2905 2598 2973 maris,
2643 2906 2723 2960 sic
2752 2913 2808 2960 et
2833 2921 2936 2960 nos
2967 2904 3024 2959 in
3056 2905 3276 2960 lavacro
3311 2921 3324 2960 :
3353 2913 3474 2959 tum
3504 2905 3656 2977 quod

2052 3013 2153 3052 nos
2195 2995 2496 3066 assumptis
2540 2995 2820 3069 mysteriis
2871 2993 3132 3050 divinitus
3170 2991 3656 3050 transformamur.

2051 3090 2234 3159 Atque
2264 3094 2325 3140 ut
2345 3087 2666 3141 summatim
2695 3084 2898 3152 dicam,
2935 3083 3042 3139 hoc
3077 3083 3156 3138 ait
3186 3101 3200 3138 :
3245 3083 3485 3138 maxima
3529 3099 3656 3139 cum

2055 3192 2121 3231 eo
2187 3175 2350 3231 nobis
2391 3173 2736 3230 familiaritas
2785 3173 3094 3230 intercedit.
3160 3175 3305 3230 Nam
3368 3172 3661 3228 visibiliter

2054 3264 2486 3321 communicavit
2510 3264 2799 3320 nobiscum
2833 3278 2998 3319 carne
3026 3271 3084 3318 et
3124 3263 3394 3333 sanguine
3425 3280 3438 3315 :
3473 3261 3660 3316 invisi-

2054 3354 2240 3410 biliter
2279 3363 2467 3409 autem
2513 3362 2705 3408 auctor
2746 3353 2906 3408 nobis
2958 3352 3258 3423 spiritualis
3308 3350 3659 3408 reformatio-

2053 3443 2141 3498 nis
2184 3442 2408 3508 exstitit,
2461 3439 2601 3496 sicut
2643 3449 2699 3496 et
2736 3441 2920 3497 Adam
2967 3443 3098 3495 Eva;
3151 3439 3442 3496 creationis
3488 3455 3653 3494 causa

2051 3529 2178 3586 fuit.

2123 3713 2302 3768 Vens.
2351 3715 2438 3766 31.
2475 3732 2501 3757 α
2535 3713 2763 3782 Propter
2791 3708 2896 3764 hoc
2937 3709 3210 3780 relinquet
3241 3708 3412 3766 homo
3442 3718 3658 3781 patrem

2050 3817 2216 3858 suum
2243 3810 2300 3857 et
2327 3809 2583 3868 matrem,
2616 3809 2672 3854 et
2690 3798 3001 3854 adhaerebit
3027 3799 3186 3854 uxori
3215 3813 3350 3864 suae,
3384 3809 3658 3874 eruntque

2049 3895 2161 3952 duo
2189 3895 2246 3951 in
2276 3909 2501 3952 carnem
2528 3909 2718 3949 unam.
2751 3915 2778 3942 η
2819 3895 2959 3949 Ecce
2986 3893 3220 3949 alterum
3256 3909 3438 3950 causae
3471 3893 3652 3952 ﬁrma-

2049 3993 2324 4052 mentum,
2351 3998 2574 4055 nempe,
2605 3982 2922 4054 pareutibus
2954 3982 3070 4038 suis
3117 3983 3394 4054 quispiam
3424 3983 3652 4052 relictis,

2047 4073 2121 4128 illi
2147 4073 2512 4128 connectitur.
2545 4073 2658 4128 Nec
2703 4070 2862 4136 dixit,
2894 4071 3272 4139 Cohabitabit,
3321 4071 3449 4137 sed,
3483 4096 3507 4120 α
3542 4080 3658 4144 Ag-

2049 4162 2426 4236 glutinabitur,
2489 4184 2515 4210 ι
2562 4162 2829 4216 unionem
2878 4161 3269 4217 indivisibilcm
3326 4161 3660 4234 significans.

2050 4255 2167 4309 Hoc
2196 4261 2404 4320 autem,
2449 4275 2474 4300 κ
2506 4253 2568 4306 In
2597 4267 2819 4307 carnem
2859 4267 3047 4318 unam,
3079 4271 3107 4303 ››
3141 4252 3406 4324 accipitur
3433 4251 3657 4324 quidem

344 4334 419 4408 δὲ,
451 4363 475 4388 ιι
505 4337 598 4403 Εἰς
623 4335 798 4413 σάρκα
828 4333 977 4410 μίαν,
999 4362 1022 4388 ιι
1055 4334 1456 4411 ἐκλαμϐάνεται
1496 4332 1591 4411 μὲν
1631 4337 1720 4393 καὶ
1759 4337 1942 4406 ἁπλῶς

2053 4342 2372 4414 simpliciter
2419 4346 2606 4413 (atque
2657 4341 2730 4397 ita
2784 4356 3018 4414 magnus
3073 4341 3164 4397 ille
3214 4342 3474 4414 Joannes)
3535 4359 3657 4414 pro,

344 4422 508 4490 οὕτως
536 4429 564 4484 ὁ
598 4423 764 4502 μέγας
794 4423 1046 4496 Ἰωάννης
1076 4423 1191 4482 ἀντὶ
1221 4428 1312 4482 τοῦ
1355 4421 1614 4484 Ἔσονται
1646 4428 1743 4501 μία
1779 4426 1940 4506 σάρξ·

345 4513 636 4571 αἰνίττεται
675 4512 730 4573 δὲ
758 4512 849 4572 καί
879 4537 930 4572 τι
965 4511 1143 4594 ἕτερον
1163 4558 1182 4587 ,
1205 4513 1299 4572 καὶ
1327 4511 1406 4570 ὅτι
1428 4513 1642 4572 ἔσονται
1674 4517 1722 4574 οἱ
1753 4516 1842 4575 δύο
1872 4517 1944 4583 εἰς

342 4603 404 4660 τὸ
433 4602 758 4661 ἀποτελέσαι
789 4602 914 4679 μίαν
942 4601 1139 4682 σάρκα,
1167 4602 1228 4661 τὸ
1251 4601 1431 4661 τέκνον
1462 4603 1691 4676 δηλαδή.

433 4714 463 4749 α
493 4691 570 4752 Τὸ
601 4690 890 4772 μυστήριον
925 4700 1081 4753 τοῦτο
1131 4691 1268 4770 μέγα
1303 4690 1443 4750 ἐστίν
1469 4715 1484 4729 ο
1517 4691 1623 4770 ἐγὼ
1655 4691 1709 4750 δὲ
1753 4693 1892 4772 λέγω
1924 4715 1937 4728 ·

341 4782 413 4847 εἷς
457 4780 685 4860 Χριστὸν
734 4782 824 4840 καὶ
873 4783 944 4849 εἰς
995 4780 1090 4852 τὴν
1143 4781 1497 4852 Ἐκκλησίαν.
1560 4809 1586 4832 υ
1645 4783 1936 4856 Τουτέστι,

342 4869 480 4948 μέγα
513 4894 563 4929 τι
593 4871 683 4929 καὶ
713 4871 1018 4948 θαυμαστὸν
1059 4869 1274 4948 ᾐνίξατο
1307 4874 1334 4928 ὁ
1368 4869 1630 4949 μακάριος
1671 4874 1932 4943 Μωῦσῆς.

339 4962 435 5041 Τῷ
487 4958 599 5018 ὄντι
658 4958 761 5040 γὰρ
815 4959 1138 5038 μυστήριον,
1193 4960 1255 5020 τὸ
1304 4958 1425 5039 τοὺς
1474 4962 1936 5039 γεννησαμένους,

339 5049 457 5116 τοὺς
528 5049 1030 5129 ταλαιπωρηθέντας
1088 5048 1172 5107 ἐπ’
1242 5051 1420 5128 αὐτῷ,
1473 5049 1594 5116 τοὺς
1666 5050 1938 5130 εὐεργετή-

341 5160 536 5206 σαντας
570 5140 780 5219 ἀφεῖναι
807 5185 826 5216 ,
862 5144 955 5198 καὶ
999 5141 1462 5219 προσκολληθῆναι
1491 5137 1620 5216 πρὸς
1650 5137 1744 5212 τὴν
1778 5138 1945 5216 μηδέ-

341 5250 470 5285 ποτε
501 5233 814 5307 θεαθεῖσαν,
865 5227 1001 5303 μηδὲ
1039 5226 1493 5308 προκατάρξασάν
1533 5251 1671 5296 τινος
1718 5232 1940 5308 ἀγαθοῦ.

343 5316 504 5393 Μέγα
573 5317 736 5385 ὄντως
799 5319 1118 5400 μυστήριον,
1165 5320 1297 5386 τέως
1348 5317 1531 5395 μέντοι
1583 5320 1656 5385 εἷς
1712 5318 1946 5399 Χριστὸν

343 5405 736 5484 ἐκλαμϐάνεται
784 5411 913 5488 παρ’
945 5410 1073 5485 ἐμοῦ
1115 5413 1290 5485 τοῦτο,
1323 5406 1515 5485 φησὶν,
1549 5408 1599 5444 ⁵³
1629 5412 1700 5474 ὥς
1746 5433 1960 5491 προφη-

2054 4435 2227 4488 Erunt
2256 4447 2385 4487 caro
2415 4447 2542 4488 una.
2577 4431 2862 4503 Significat
2884 4439 3069 4486 autem
3100 4440 3156 4486 et
3173 4431 3318 4487 aliud
3346 4431 3610 4502 quiddam
3645 4453 3656 4487 :

2054 4537 2183 4575 nam
2215 4527 2377 4576 erunt
2397 4519 2531 4588 duo,
2559 4528 2623 4574 ut
2651 4519 2935 4591 perficiant
2957 4533 3185 4574 carnem
3212 4533 3402 4585 unam,
3443 4518 3653 4590 prolem

2053 4609 2326 4666 videlicet.

2120 4702 2306 4756 Vens.
2334 4705 2422 4755 32.
2450 4722 2474 4748 α
2500 4701 2920 4755 Sacramentum
2950 4697 3058 4753 hoc
3093 4713 3357 4771 magnum
3385 4704 3502 4766 est;
3525 4697 3652 4754 dico

2047 4799 2235 4846 autem
2277 4806 2400 4862 ego,
2443 4791 2501 4846 in
2535 4789 2754 4846 Christo
2797 4797 2852 4845 et
2885 4789 3144 4844 Ecclesia.
3195 4811 3220 4837 ιο
3258 4791 3377 4844 Hoc
3401 4797 3504 4858 est,
3537 4805 3656 4845 ma-

2047 4895 2216 4950 gnum
2233 4880 2498 4952 quiddam
2521 4889 2578 4935 et
2594 4877 2989 4935 admirandum
3005 4877 3165 4934 divus
3180 4880 3366 4932 Moses
3383 4877 3654 4934 indicavit-

2048 4973 2256 5025 Revera
2285 4969 2431 5025 enim
2463 4969 2786 5042 mysterium
2824 4977 2926 5036 est,
2973 4977 3034 5024 ut
3083 4984 3180 5024 eos
3219 4967 3312 5040 qui
3343 4968 3522 5040 ipsum
3566 4983 3658 5040 ge-

2049 5060 2292 5129 nuerint,
2313 5061 2405 5132 qui
2427 5061 2498 5114 oh
2524 5060 2706 5131 ipsum
2730 5061 2931 5114 multas
2957 5073 3236 5113 aerumnas
3259 5059 3403 5130 passi
3434 5056 3657 5125 fuerint,

2057 5151 2260 5223 quique
2303 5150 2361 5205 in
2416 5151 2597 5222 ipsum
2646 5151 2932 5205 innumera
2994 5148 3254 5204 beneﬁcia
3304 5147 3654 5214 contulerint,

2058 5241 2271 5296 deserat
2299 5241 2588 5313 quispiam,
2620 5249 2676 5295 et
2700 5239 3068 5310 agglutinetur
3093 5239 3138 5292 ei
3178 5252 3342 5308 quam
3377 5252 3656 5309 nunquam

2055 5338 2184 5385 ante
2226 5331 2596 5402 conspexerit,
2627 5343 2810 5401 neque
2857 5328 3160 5401 quidquam
3203 5326 3334 5382 boni
3382 5336 3543 5381 antea
3591 5327 3660 5397 sit

2067 5435 2212 5475 orsa.
2242 5421 2440 5491 Ingens
2488 5434 2677 5475 revera
2735 5418 2842 5474 hoc
2883 5418 3211 5491 mysterium
3259 5421 3374 5485 est,
3435 5415 3654 5472 interim

1740 5509 1941 5567 Variae
1989 5509 2288 5570 lectiones.

416 5596 458 5629 ’⁵⁸
491 5596 558 5659 εἰς
584 5596 921 5668 ὓποδείγματα
947 5595 1105 5666 λόγου
1133 5612 1188 5653 0.
1270 5595 1313 5629 "'9
1357 5595 1530 5658 ἐνθέως
1557 5612 1613 5653 o.

340 5676 512 5747 φησὶν,
541 5677 643 5748 ἐγὼ
673 5693 727 5733 ο.

1690 5597 1734 5630 ⁵ο
1787 5598 1964 5668 γέγονε
2007 5613 2060 5654 0.

2142 5599 2178 5632 δί
2222 5598 2273 5652 αἱ
2303 5614 2357 5654 0.
2435 5598 2477 5631 δε
2518 5597 2816 5652 ἀδιάστατον
2854 5615 2905 5654 ο.
2983 5600 3027 5630 “3
3065 5597 3442 5668 ἐπιλαμϐάνομαι
3479 5599 3647 5659 τοῦτο,
