4124 6426
459 398 596 452 1H9

1463 387 1980 446 THEOPHYLACTI
2020 385 2379 441 BULGARIIE
2414 386 2728 442 ARCHIEP.

3623 387 3764 440 H20

452 527 642 576 tamen
671 518 740 576 ad
777 518 1059 576 Christum
1077 559 1091 586 ,
1120 517 1336 590 inquit,
1369 514 1539 588 414
1568 530 1670 588 ego
1710 514 1816 570 hoc
1841 511 2039 579 refero,

2155 516 2314 579 τικῶς
2341 512 2464 592 περὶ
2511 515 2673 573 αὐτοῦ
2716 511 2924 592 λεχθέν.
2969 513 3080 573 Kui
3127 511 3232 594 γὰρ
3266 511 3359 572 xui
3405 512 3562 578 αὐτὸς
3595 513 3766 590 ἀφῆκε

457 617 722 682 tanquam
762 608 1081 682 prophetice
1126 607 1194 665 de
1225 623 1293 663 eo
1320 606 1528 662 dictum
1554 611 1715 661 esset.
1743 602 1965 659 Etenim
2005 610 2062 658 et

455 701 568 774 ipse
599 702 810 760 dimisit
849 709 1086 775 patrem,
1119 715 1233 755 non
1278 697 1436 754 locali
1473 697 1738 763 transitu,
1780 693 1874 751 sed
1916 709 2052 749 con-

451 789 723 848 descensu
759 788 829 846 ad
871 804 1118 855 carnem,
1176 787 1432 858 venitque
1487 783 1559 840 ad
1605 798 1890 856 sponsam,
1931 796 2054 853 quae

449 881 631 953 ipsum
672 895 962 952 nunquam
999 884 1310 951 agnoverat,
1345 873 1637 946 factusque
1674 880 1758 928 est
1784 871 2051 942 eumipsa

449 985 593 1027 unus
629 969 874 1040 spiritus.
912 991 938 1016 α
987 967 1089 1037 Qui
1138 965 1292 1023 enim
1359 964 1604 1021 Domino
1660 961 2048 1035 agglutinatur,

451 1073 591 1115 unus
631 1058 854 1131 spiritus
903 1065 988 1115 est
1022 1066 1067 1111 ιι.
1102 1079 1128 1105 ι
1174 1058 1358 1125 Quare
1409 1053 1576 1126 igitur
1625 1051 2048 1108 matrimonium

449 1147 717 1220 culpatur,
777 1147 873 1204 ubi
929 1147 1135 1203 Paulus
1177 1146 1359 1217 ipsum
1414 1159 1512 1216 pro
1560 1141 1802 1215 mysterii
1849 1139 2046 1196 Christi

445 1237 703 1309 exemplo
756 1234 1032 1310 producit,
1096 1233 1420 1310 mysterium
1492 1232 1577 1289 vel
1640 1237 2044 1288 sacramentum

448 1328 750 1383 nominans
767 1330 791 1382 ξ’
2048 1386 2052 1390 ,

517 1420 700 1475 Vnus.
722 1423 808 1473 33.
844 1439 870 1464 α
895 1418 1297 1472 Verumtamen
1323 1421 1378 1470 et
1408 1429 1506 1470 vos
1531 1411 1729 1485 singuli
1753 1410 2044 1484 unusquis-

446 1521 554 1580 que
595 1521 828 1562 uxorem
877 1521 1038 1562 suam
1081 1504 1221 1560 sicut
1247 1503 1485 1575 seipsum
1532 1501 1740 1575 diligat.
1798 1525 1824 1551 ι
1853 1501 2042 1573 Atqui,

447 1597 648 1668 inquit,
691 1595 905 1652 etiamsi
951 1594 1243 1666 allegorice
1273 1594 1392 1649 haec
1439 1592 1770 1664 acceperim,
1819 1598 2044 1663 propter

445 1701 677 1741 uxorem
700 1693 884 1741 tamen
916 1684 1059 1742 dicta
1104 1692 1236 1740 sunt
1282 1703 1294 1738 :
1342 1697 1524 1755 neque
1555 1681 1813 1754 allegoria
1859 1680 2042 1736 mariti

445 1791 574 1847 erga
618 1790 850 1833 uxorem
889 1771 1287 1841 habitudinem,
1315 1788 1437 1845 quae
1487 1779 1567 1828 est
1603 1769 1907 1827 secundum
1957 1769 2043 1826 lit-

443 1873 640 1932 teram,
682 1864 922 1920 invertit.
963 1863 1142 1920 Debet
1183 1862 1330 1919 enim
1386 1862 1764 1934 unusquisque
1811 1875 2044 1917 uxorem

444 1969 601 2011 suam
616 1953 846 2026 diligere
871 1970 934 2010 ac
959 1952 1168 2021 fovere,
1203 1950 1354 2008 haud
1383 1967 1541 2008 secus
1561 1966 1733 2022 quam
1773 1951 2038 2022 seipsum.

441 2046 555 2101 Nec
578 2041 716 2099 mihi
740 2042 906 2113 dicas,
939 2045 1102 2099 Hunc
1130 2051 1184 2098 et
1218 2042 1366 2097 hunc
1399 2039 1676 2096 defectum
1706 2039 1871 2096 habet
1905 2054 2046 2094 uxor

442 2149 565 2189 mea
591 2151 603 2190 :
637 2149 769 2189 nam
795 2141 848 2188 et
875 2140 937 2188 tu
968 2133 1026 2187 in
1041 2147 1202 2188 carne
1228 2139 1322 2186 tua
1349 2128 1600 2186 defectus
1631 2128 1820 2198 habes,
1851 2129 2043 2198 veluti,

441 2240 669 2280 manum
718 2223 1002 2290 mutilam,
1046 2221 1246 2294 pedem
1289 2219 1571 2288 claudum,
1621 2219 1846 2274 oculum
1909 2224 2046 2274 stra-

442 2314 625 2370 bum:
669 2313 787 2370 hac
831 2328 961 2370 vero
1008 2328 1125 2369 non
1175 2309 1472 2378 abscindis,
1519 2308 1614 2365 sed
1663 2307 1860 2382 maiori
1913 2323 2043 2364 cura

438 2401 693 2477 dignaris.

515 2516 540 2540 ιι
575 2494 736 2549 Uxor
771 2501 954 2549 autem
985 2501 1048 2548 ut
1071 2500 1279 2548 metuat
1305 2490 1510 2546 virum.
1537 2512 1561 2538 ιο
1589 2489 1726 2560 Quia
1756 2487 2043 2561 aequalitas

436 2584 660 2640 honoris
705 2583 1028 2640 seditionem
1077 2597 1480 2654 nonnunquam
1530 2581 1697 2653 parit,
1744 2588 2039 2653 propterea

439 2673 700 2729 timorem
727 2673 955 2741 inducit,
986 2681 1051 2728 ut
1082 2687 1227 2728 unus
1272 2671 1347 2727 sit
1388 2671 1730 2744 principatus
1771 2669 1856 2724 vir
1902 2669 2035 2740 ipse.

437 2765 652 2819 Metum
697 2772 880 2820 autem
921 2763 1012 2818 hic
1068 2761 1340 2820 intensam
1388 2760 1748 2817 reverentiam
1789 2768 1844 2815 et
1871 2760 2040 2815 animi

438 2854 877 2909 contractionem
905 2852 1061 2918 dicit,
1110 2851 1204 2924 qui
1249 2851 1505 2908 homines
1551 2851 1819 2922 ingenuos
1859 2848 2039 2919 decet,

438 2957 548 2998 non
593 2941 865 2997 servilem.
910 2943 989 2997 Ex
1029 2939 1344 3010 huiusmodi
1385 2947 1536 2995 metu
1562 2938 1780 2994 dilectio
1809 2953 2037 3009 compa-

439 3031 682 3099 rabitur;
711 3031 936 3103 ipsaque
971 3045 1162 3086 rursus
1200 3037 1414 3084 metum
1443 3037 1498 3084 et
1525 3027 1886 3085 reverentiam
1908 3043 2038 3083 con-

2083 1823 2132 1886 B

2165 602 2253 661 τὸν
2299 602 2542 683 πατέρα,
2591 603 2650 661 οὗ
2696 607 2892 684 τοπικῇ
2941 602 3273 684 μεταϐάσει,
3320 602 3461 662 ἀλλὰ
3637 600 3769 681 πρὸς

2164 691 2261 764 τὴν
2307 692 2480 772 σάρκα
2525 683 2958 770 συγκαταϐάσει,
3010 690 3102 751 καὶ
3147 683 3275 764 ἦλθε
3314 691 3444 772 πρὸς
3483 688 3581 764 τὴν
3614 690 3766 767 νύμ-

2165 806 2299 863 φην,
2351 782 2449 854 τὴν
2491 782 2718 841 πάντοτε
2765 782 2922 840 αὐτὸν
2973 780 3349 861 ἀγνοήσασαν,
3407 779 3498 839 xui
3557 779 3766 859 ἐγένετο

2162 875 2299 952 αὐτῇ
2333 875 2404 940 εἰς
2452 877 2664 949 πνεῦμα
2708 871 2785 934 ἕν.
2827 892 2857 929 ιι
2898 870 2965 931 Ὁ
3001 869 3105 952 γὰρ
3152 869 3481 946 κολλώμενος
3521 871 3599 952 τῷ
3649 873 3766 931 Κυ-

2163 951 2345 1042 ρίῳίέν
2376 961 2588 1037 πνεῦμά
2617 963 2749 1020 ἐστι.
2789 984 2817 1020 ιι
2869 963 2998 1027 Πῶς
3049 951 3137 1019 οἷν
3187 958 3540 1032 διαϐέϐληται
3587 963 3615 1018 ὁ
3657 961 3764 1037 γά-

2161 1075 2256 1129 μος
2277 1097 2292 1127 ,
2342 1051 2475 1112 ὅπου
2504 1074 2565 1129 γε
2596 1053 2812 1120 Παῦλος
2843 1053 2915 1118 εἰς
2961 1049 3261 1129 ὑπόδειγμα
3301 1056 3484 1110 τοῦτον
3529 1049 3764 1129 παράγει

2159 1147 2250 1200 τοῦ
2303 1140 2443 1201 κατὰ
2483 1139 2712 1223 Χριστὸν
2748 1139 3078 1222 μυστηρίου,
3111 1139 3204 1200 καὶ
3258 1137 3418 1198 αὐτὸν
3470 1137 3765 1219 μυστήριον

2155 1233 2427 1310 ὀνομάζων
2442 1255 2459 1307 ;
2941 1247 2950 1256 ”

2248 1434 2276 1470 ι(
2305 1411 2457 1484 Πλὴν
2504 1413 2596 1472 xui
2636 1415 2786 1490 ὑμεῖς
2815 1413 2862 1472 οἱ
2899 1415 3017 1472 καθ’
3047 1411 3142 1472 ἕνα
3181 1411 3404 1480 ἕκαστος
3435 1411 3533 1483 τὴν
3569 1413 3762 1470 ἑαυτοῦ

2154 1511 2381 1582 γυναῖκα
2411 1501 2574 1570 οὕτως
2617 1504 2859 1581 ἀγαπᾶτε
2902 1505 2974 1570 ὥς
3007 1501 3213 1562 ἑαυτόν.
3259 1524 3288 1560 n
3327 1500 3483 1572 Πλὴν
3507 1547 3524 1578 ,
3561 1501 3761 1582 φησὶν,

2156 1593 2200 1650 εἰ
2237 1591 2328 1650 xui
2377 1593 2741 1673 ἀλληγορικῶς
2790 1596 2961 1651 ταῦτα
3009 1590 3341 1670 ἐξελαϐόμην
3373 1591 3450 1665 ⁵⁴,
3483 1590 3625 1666 ὅμως
3670 1591 3764 1650 καὶ

2155 1680 2243 1740 διὰ
2311 1680 2409 1753 τὴν
2458 1689 2687 1759 γυναῖκα
2743 1680 3017 1762 εἴρηνται,
3091 1680 3184 1741 xui
3233 1682 3330 1740 οὖκ
3379 1680 3664 1762 ἀνατρέπει
3725 1685 3759 1752 ἡ

2157 1770 2450 1850 ἀλληγορία
2480 1769 2578 1843 τὴν
2617 1770 2758 1830 κατὰ
2803 1771 2864 1830 τὸ
2911 1771 3139 1851 γράμμα
3189 1769 3372 1850 σχέσιν
3393 1775 3516 1848 ιτοῦ
3577 1768 3763 1850 ἀνδρὸς

2155 1860 2284 1941 πρὸς
2315 1859 2410 1932 τὴν
2439 1868 2689 1940 γυναῖκα.
2740 1859 2979 1942 Ὀφείλει
3010 1860 3113 1940 γὰρ
3145 1859 3378 1941 [φησὶν]
3409 1857 3630 1925 ἕκαστος
3663 1858 3760 1930 τὴν

2155 1958 2383 2027 γυναῖκα
2413 1953 2662 2032 ἀγαπᾷν,
2704 1953 2797 2009 xui
2843 1951 3100 2024 θάλπειν,
3149 1952 3220 2017 ὡς
3251 1948 3456 2008 ἑαυτόν.
3517 1947 3628 2008 Καὶ
3683 1949 3761 2026 μή

2159 2061 2250 2117 μοι
2301 2039 2461 2118 λέγε,
2513 2038 2593 2098 ὅτι
2640 2039 2759 2099 τόδε
2805 2039 2899 2098 xui
2946 2039 3066 2099 τόδε
3109 2038 3169 2098 τὸ
3221 2041 3504 2116 ἐλάττωμα
3553 2037 3664 2118 ἔχει
3723 2043 3758 2110 ἡ

2155 2128 2288 2210 γυνή
2321 2153 2334 2166 ·
2366 2130 2458 2188 καὶ
2482 2129 2584 2210 γὰρ
2618 2131 2670 2189 ἐν
2700 2132 2766 2208 τῇ
2816 2128 2974 2209 σαρκί
3019 2152 3115 2188 σου
3168 2127 3528 2206 ἐλαττώματα
3578 2128 3719 2207 ἔχεις
3743 2175 3757 2201 ,

2154 2208 2261 2278 οἷον
2282 2267 2298 2298 ,
2331 2208 2746 2300 χεῖρανκυλλὴν,
2775 2208 2913 2278 πόδα
2953 2219 3127 2298 χωλὸν
3145 2263 3162 2291 ,
3211 2217 3484 2299 ὀφθαλμὸν
3510 2219 3760 2298 διάστρο-

2153 2331 2251 2389 φον
2281 2333 2294 2346 ο
2327 2311 2447 2368 ἀλλ’
2472 2309 2569 2368 οὑκ
2603 2309 2878 2377 ἐκκόπτεις
2919 2315 3086 2370 ταῦτα
3110 2357 3125 2384 ,
3156 2308 3394 2374 πλείονος
3447 2306 3501 2367 δὲ
3552 2310 3756 2386 μᾶλλον

2153 2397 2458 2475 ἐπιμελείας
2489 2399 2673 2468 ἀξιοῖς.

2233 2515 2256 2542 α
2285 2487 2355 2548 Ἦ
2387 2488 2441 2548 δὲ
2463 2488 2594 2568 γυνὴ
2617 2487 2706 2546 ἵνα
2735 2487 2966 2566 φοϐῆται
2987 2487 3076 2547 τὸν
3100 2489 3284 2568 ἄνδρα.
3308 2517 3332 2540 »ι
3365 2487 3590 2560 Ἐπειδὴ
3624 2489 3760 2548 nixu-

2151 2577 2446 2638 ταστασίαν
2493 2581 2637 2638 ποιεῖ
2682 2583 2715 2650 ἡ
2751 2577 3027 2654 ἰσοτιμία,
3083 2577 3172 2637 διὰ
3229 2582 3386 2637 τοῦτο
3445 2579 3532 2637 τὸν
3591 2576 3758 2658 φόϐον

2149 2667 2382 2746 εἰσάγει,
2419 2667 2508 2726 ἵνα
2547 2667 2646 2746 μία
2689 2666 2831 2748 ἀρχὴ
2942 2671 2970 2726 ὁ
3009 2667 3164 2747 ἀνήρ.
3198 2667 3385 2728 Φόϐον
3427 2667 3484 2726 δὲ
3528 2668 3756 2728 ἐνταῦθα

2149 2755 2246 2828 τὴν
2293 2755 2674 2834 ἐπιτεταμένην
2724 2755 3004 2816 εὐλάϐειαν
3053 2757 3144 2816 καὶ
3191 2755 3455 2828 συστολὴν
3485 2754 3625 2834 λέγει
3658 2756 3756 2834 ⁵⁵,

2149 2845 2238 2903 τὸν
2286 2847 2571 2926 ἐλευθέροις
2622 2845 2928 2926 πρέποντα,
2961 2849 3018 2905 οὗ
3060 2845 3149 2905 τὸν
3204 2847 3469 2906 δουλικόν.
3525 2843 3628 2906 Ἐκ
3660 2852 3754 2905 τοῦ

2146 2934 2380 2994 τοιούτου
2423 2936 2590 3015 φόϐου
2639 2935 2730 2994 καὶ
2776 2940 2810 3008 ἡ
2853 2935 3037 3014 ἀγάπη
3069 2936 3604 3015 συγκροτηθήσεται,
3659 2937 3754 2996 καὶ

2147 3022 2281 3096 αὐτὴ
2326 3025 2490 3085 πάλιν
2532 3025 2688 3084 αὐτὸν
2738 3029 3110 3105 συγκροτήσει.
3161 3025 3456 3104 Ἀγαπήσει
3507 3025 3603 3103 μὲν
3649 3026 3756 3106 γὰρ

437 3120 661 3177 ciliahit.
695 3119 902 3194 Diliget
925 3121 1075 3175 enim
1099 3118 1301 3192 conjux
1329 3118 1528 3186 virum,
1561 3126 1828 3189 tanquam
1855 3132 2039 3172 mem-

2157 3119 2190 3186 ἡ
2222 3113 2354 3210 γυνὴ
2412 3115 2503 3173 τὸν
2535 3113 2733 3196 ἄνδρα,
2765 3117 2837 3182 ὡς
2885 3115 3081 3210 μέλυοςξ
3127 3114 3491 3210 φοϐηθήσεται
3527 3115 3610 3187 δὲ,
3637 3115 3755 3188 ἤτοι

438 3209 631 3278 brum;
654 3217 870 3265 metuet
907 3216 1095 3266 autem
1119 3223 1213 3263 seu
1233 3207 1545 3274 honorabit,
1571 3216 1830 3279 tanquam
1856 3215 2036 3278 caput.

437 3297 584 3371 Quid
610 3312 739 3352 vero
773 3297 815 3351 si
841 3313 953 3352 non
983 3304 1194 3352 metuat
1225 3295 1464 3351 mulier?
1505 3298 1591 3351 Tu
1635 3304 1820 3352 tamen
1850 3293 2036 3365 dilige,

438 3395 642 3460 tuoque
677 3387 863 3442 ofﬁcio
910 3385 1153 3459 fungere.
1189 3385 1450 3441 Similiter
1488 3394 1544 3441 et
1571 3387 1790 3455 mulier,
1825 3384 2037 3441 etiamsi

435 3491 549 3532 non
571 3475 845 3548 diligatur,
871 3483 1080 3531 metuat
1104 3483 1309 3530 tamen.
1345 3474 1736 3532 Animadverte
1756 3473 2037 3547 quomodo

438 3565 629 3622 multis
694 3564 870 3622 verbis
920 3564 1386 3621 demonstraverit
1445 3580 1509 3620 ac
1572 3573 1892 3637 persecutus
1945 3562 2034 3632 sit,

437 3655 717 3728 quomodo
769 3671 798 3711 a
842 3655 1047 3711 marito
1099 3655 1174 3711 sit
1200 3654 1480 3728 diligenda
1510 3656 1736 3728 conjux.
1763 3659 1846 3710 De
1884 3661 2036 3710 metu

434 3754 622 3801 autem
652 3759 764 3800 non
789 3744 1016 3815 perinde
1045 3743 1222 3799 multa
1264 3743 1432 3800 tradit
1456 3761 1470 3799 :
1497 3742 1854 3800 dilectionem
1884 3743 2035 3798 enim

433 3833 637 3906 primas
674 3832 924 3890 obtinere
959 3833 1154 3890 voluit.
1188 3834 1410 3888 Etenim
1453 3834 1658 3905 conjux
1700 3843 1854 3890 metu
1893 3832 2035 3890 dile-

430 3923 629 3979 ctionis
655 3931 906 3979 metuere
928 3924 1195 3979 maritum
1224 3921 1408 3990 debet,
1436 3923 1512 3978 uti
1544 3922 1758 3979 dictum
1791 3931 1894 3990 est,
1921 3939 2035 3980 non

435 4029 500 4069 e0
541 4012 635 4086 qui
680 4012 842 4068 faciat
881 4021 1124 4067 tremere
1178 4027 1242 4066 ac
1285 4027 1507 4083 pavere,
1564 4028 1628 4066 ex
1676 4027 1787 4084 quo
1839 4012 2032 4069 odium

433 4102 617 4175 potius
649 4101 892 4157 nascitur
940 4100 1082 4156 :sed
1114 4100 1217 4168 ita,
1267 4107 1328 4156 ut
1377 4115 1490 4154 non
1527 4100 1888 4170 contradicat,
1920 4117 2033 4158 non

428 4191 698 4262 insurgat,
732 4189 1032 4261 primatum
1062 4204 1180 4245 non
1227 4187 1453 4244 ambiat.
1484 4189 1603 4244 Etsi
1631 4189 1780 4245 enim
1809 4207 1917 4247 una
1958 4192 2034 4247 sit

429 4295 574 4346 caro,
628 4285 684 4332 et
733 4277 1103 4349 principatum
1147 4277 1348 4333 habeat
1397 4278 1564 4333 etiam
1608 4278 1746 4350 ipsa,
1796 4296 2030 4353 eamque

430 4369 500 4424 ob
529 4366 828 4434 rationem,
858 4366 1126 4439 aequalem
1141 4365 1469 4438 dignitatem
1500 4385 1512 4422 :
1540 4384 1735 4424 verum
1757 4369 2033 4426 secundus

430 4467 514 4513 est
539 4455 857 4513 dominatus
881 4455 1098 4526 mulier,
1131 4457 1364 4513 maritus
1404 4466 1592 4513 autem
1638 4457 1806 4515 habet
1825 4459 2028 4531 aliquid
2061 4483 2112 4548 D

433 4545 688 4620 amplius.

1051 4638 1291 4694 CAPUT
1318 4640 1414 4694 VI.

497 4744 680 4798 Vnus.
732 4751 779 4800 1.
833 4765 859 4790 α
909 4741 1052 4811 Filii,
1098 4741 1321 4798 obedite
1372 4743 1696 4814 parentibus
1730 4745 1927 4800 vestris
1967 4745 2024 4800 in

421 4831 686 4888 Domino.
707 4854 733 4879 »
753 4831 1238 4906 Quemadmodum
1259 4833 1350 4905 qui
1367 4849 1566 4906 corpus
1581 4833 1753 4906 ﬁngit,
1777 4835 2018 4907 primum

426 4921 651 4995 quidem
681 4929 864 4994 caput,
906 4919 1106 4977 deinde
1141 4922 1369 4990 collum,
1402 4932 1685 4996 postremo
1712 4924 1879 4996 pedes
1908 4923 2022 4981 for-

428 5019 546 5067 mat
607 5028 620 5066 :
671 5011 749 5066 sic
796 5019 851 5066 et
905 5010 1100 5066 Paulus
1159 5010 1293 5068 dixit
1351 5011 1420 5068 de
1485 5014 1668 5069 mariti
1710 5013 2023 5086 principatu

425 5100 629 5172 primo,
663 5098 861 5156 deinde
909 5099 978 5156 de
1007 5100 1192 5158 uxoris
1219 5100 1507 5159 dominatu
1526 5104 1719 5171 altero,
1761 5102 2023 5177 deinceps

424 5186 496 5244 de
531 5189 696 5244 tertio
726 5189 1048 5262 principatu,
1073 5189 1166 5262 qui
1188 5199 1272 5246 est
1301 5190 1469 5264 415
1503 5191 1824 5262 liberorum,
1851 5194 2017 5250 verba

421 5277 593 5334 facit:
625 5279 841 5334 mulieri
862 5280 1007 5334 enim
1030 5280 1178 5336 solus
1209 5281 1438 5337 maritus
1458 5279 1798 5350 dominatur,
1833 5283 2023 5341 liberis

426 5376 612 5424 autem
653 5376 709 5424 et
745 5385 902 5426 uxor.
938 5368 1171 5427 Obedite
1215 5370 1402 5443 igitur,
1434 5371 1632 5444 inquit,
1680 5372 2020 5446 parentibus,

504 5535 530 5560 ιι
555 5529 575 5582 1
605 5527 734 5585 Cor.
764 5532 983 5598 v1,_l7.

2155 3203 2400 3280 τιμήσει,
2432 3206 2502 3272 ὡς
2532 3195 2795 3286 κεφαλήν.
2828 3203 2900 3265 Τί
2940 3195 3030 3264 οὖν
3059 3195 3226 3282 διν-μὴ
3257 3203 3488 3286 φοϐῆται
3516 3208 3550 3275 ἡ
3585 3205 3717 3284 γυνή
3735 3227 3751 3279 ;

2152 3293 2232 3354 Σὺ
2260 3294 2444 3371 ἀγάπα
2462 3341 2477 3370 ,
2502 3294 2562 3353 τὸ
2590 3301 2786 3354 σαυτοῦ
2810 3293 2947 3353 ποίει
2980 3319 2993 3332 ·
3034 3294 3227 3371 ὁμοίως
3257 3295 3349 3354 καὶ
3383 3298 3417 3366 ἡ
3445 3293 3577 3373 γυνὴ
3602 3340 3618 3366 ,
3652 3294 3754 3354 κᾶν

2151 3383 2226 3461 μὴ
2261 3386 2570 3462 ἀγαπᾶται,
2619 3383 2760 3458 ὅμως
2803 3382 2858 3443 δὲ
2898 3383 3184 3465 φοϐείσθω.
3239 3381 3388 3464 ⁰Ορα
3429 3382 3518 3456 δὲ,
3571 3382 3650 3442 ὅτι
3693 3385 3755 3444 τὸ

2149 3473 2278 3551 μὲν,
2313 3476 2422 3540 πῶς
2468 3474 2548 3532 δεῖ
2590 3477 2805 3554 ἀγαπᾷν
2839 3473 2927 3533 τὸν
2970 3473 3136 3552 ἄνδρα
3185 3472 3282 3545 τὴν
3334 3483 3562 3551 γυναῖκα
3592 3520 3608 3551 ,
3665 3475 3751 3534 διὰ

2147 3566 2358 3623 πολλῶν
2392 3563 2552 3630 ἔδειξε
2579 3587 2594 3601 ο
2623 3562 2684 3622 τὸ
2710 3563 2764 3622 δὲ
2792 3569 2884 3622 τοῦ
2916 3562 3080 3644 φόϐου
3123 3563 3298 3624 οὐκέτι
3347 3562 3638 3634 πλατύνει,
3668 3562 3751 3621 ὅτι

2147 3658 2304 3712 τοῦτο
2371 3653 2610 3731 μάλιστα
2657 3652 2906 3732 βούλεται
2955 3661 3202 3730 κρατεῖν,
3259 3652 3320 3710 τὸ
3365 3656 3460 3724 τῆς
3512 3651 3748 3731 ἀγάπης.

2150 3741 2260 3802 Καὶ
2289 3741 2392 3822 γὰρ
2423 3741 2516 3801 xui
2561 3745 2594 3813 ἡ
2625 3741 2797 3820 γυνὴ,
2847 3745 2918 3808 ὡς
2959 3740 3200 3821 εἴρηται,
3253 3741 3339 3800 τὸν
3384 3743 3444 3799 ἐκ
3483 3745 3578 3814 τῆς
3608 3743 3750 3822 ἀγά-

2146 3855 2250 3903 πης
2275 3831 2435 3911 φόϐον
2472 3831 2752 3911 φοϐεῖσθαι
2787 3831 3019 3911 ὀφείλει,
3061 3830 3181 3910 οὐχὶ
3220 3829 3310 3890 τὸν
3335 3834 3592 3890 ποιοῦντα
3623 3831 3749 3912 τρέ-

2147 3945 2264 3998 μειν
2319 3926 2412 3980 καὶ
2463 3920 2727 3993 δεδιέναι,
2797 3919 2850 3988 ἐξ
2901 3912 2962 3980 οὗ
3014 3921 3168 3997 μῖσος
3217 3918 3456 3978 τίκτεται
3509 3921 3744 3998 μᾶλλον,

2147 4010 2264 4070 ἀλλ’
2297 4007 2437 4070 ὥστε
2475 4009 2549 4087 μὴ
2596 4008 2886 4089 ἀντιλέγειν
2910 4057 2925 4084 ,
2957 4009 3096 4088 μηδὲ
3128 4009 3544 4082 ἐπανίστασθαι,
3585 4009 3659 4088 μὴ
3692 4011 3746 4048 ⁵6

2142 4105 2245 4158 τῶν
2278 4099 2547 4179 πρωτείων
2580 4101 2726 4180 ἐρᾷν.
2781 4101 2850 4159 Εἰ
2880 4099 2983 4180 γὰρ
3025 4101 3116 4158 καὶ
3147 4098 3245 4177 μία
3296 4098 3427 4178 σάρξ
3473 4100 3616 4176 ἐστι,
3653 4100 3747 4158 καὶ

2145 4187 2317 4270 ἀρχὴν
2369 4187 2479 4268 ἔχει
2526 4189 2617 4246 καὶ
2663 4187 2797 4261 αὑτὴ
2844 4187 3080 4267 ἰσότιμον
3117 4190 3170 4227 ⁵⁷
3200 4187 3339 4247 κατὰ
3366 4194 3556 4262 τοῦτο,
3607 4189 3745 4247 ἀλλὰ

2143 4279 2234 4337 xui
2285 4277 2504 4359 δευτέρα
2550 4277 2698 4360 ἀρχή
2749 4281 2891 4339 ἐστιν
2939 4283 2974 4352 ἡ
3021 4277 3184 4359 γυνὴ,
3219 4277 3310 4337 xui
3345 4277 3505 4337 πλέον
3560 4277 3670 4359 ἔχει
3719 4281 3749 4337 ὑ

2144 4392 2299 4447 ανηρ.

2731 4630 3025 4691 ΚΕΦΑΛ.
3071 4628 3175 4708 ς’.

2219 4762 2249 4794 α
2301 4738 2388 4799 Τὰ
2435 4736 2644 4815 τέκνα(
2675 4737 2970 4795 ὑπακούετε
3021 4744 3130 4804 τοῖς
3180 4741 3421 4816 γονεῦσιν
3483 4739 3632 4814 ὑμῶν
3688 4737 3743 4795 ἐν

2138 4827 2341 4910 Κυρίῳ.
2375 4852 2404 4884 ιι
2461 4825 2716 4906 Καθάπερ
2745 4850 2822 4894 τις
2851 4829 3010 4904 σῶμα
3053 4825 3327 4910 πλάττων,
3379 4828 3590 4907 πρῶτον
3639 4824 3737 4903 μὲν

2133 4906 2239 4990 τὴν-
2276 4906 2548 4999 κεφαλὴν,
2604 4916 2787 4975 ἔπειτα
2829 4915 2918 4974 τὸν
2968 4913 3202 4996 αὐχένα,
3252 4906 3378 4999 εἶτα
3426 4906 3734 4973 τελευταῖον

2132 5004 2250 5073 τοὺς
2279 4994 2442 5074 πόδας
2477 5005 2713 5078 τίθησινο
2748 5004 2886 5064 οὕτω
2933 4994 3046 5065 xuii
3067 4994 3286 5071 Παῦλος
3330 4994 3444 5064 εἰπε
3476 5004 3600 5081 περὶ
3643 5008 3736 5062 τοῦ

2134 5095 2319 5176 ἀνδρὸς
2363 5099 2457 5168 τῆς
2499 5093 2718 5176 πρώτης
2763 5097 2967 5175 ἀρχῆς,
3001 5083 3119 5154 εἰπε
3171 5091 3249 5173 [
3305 5085 3458 5170 εἶτα]
3496 5092 3585 5152 xui
3617 5091 3740 5172 περί

2135 5189 2229 5256 τῆς
2263 5184 2506 5264 γυναικὸς
2546 5188 2642 5256 τῆς
2673 5184 2917 5264 δευτέρας
2949 5185 3117 5263 ἀρχῆς
3144 5207 3158 5220 ·
3205 5182 3347 5264 λέγει
3375 5190 3462 5243 νῦν
3494 5183 3584 5241 καὶ
3614 5181 3737 5260 περὶ

2134 5278 2229 5348 τῆς
2260 5276 2440 5355 τρίτης
2486 5276 2686 5355 ἀρχῆς,
2717 5277 2822 5332 τῶν
2855 5271 3075 5332 τέκνων.
3117 5275 3234 5344 Τῆς
3275 5272 3371 5350 μὲν
3419 5271 3522 5353 γὰρ
3552 5293 3736 5351 γυναι-

2134 5364 2278 5446 κὸςρ
2315 5363 2448 5445 ἀνὴρ
2486 5365 2639 5442 μόνος
2671 5362 2860 5444 ἄρχει,
2892 5365 2996 5421 τῶν
3043 5360 3095 5421 δὲ
3138 5361 3346 5420 παίδων
3379 5362 3470 5421 καὶ
3497 5366 3531 5434 ἡ
3578 5359 3732 5441 γυνή.

1795 5614 1803 5672 ξ
1822 5603 2390 5687 νανίεείιεειὶοῐιεδδ

510 5687 553 5721 ⁸⁸
584 5687 765 5757 ἐνόησα
799 5704 875 5744 m.
956 5689 1000 5722 ⁵⁵
1029 5691 1131 5742 νόει
1157 5705 1210 5747 ο.
1290 5691 1334 5724 ⁸⁸
1366 5692 1487 5762 μηδὲ
1513 5709 1565 5748 o.
1650 5695 1689 5727 b7
1723 5693 1968 5766 ἰσοτιμίαν
1990 5711 2046 5751 ο.
