4124 6458
408 484 538 540 H21

406 609 740 672 Ὑπακούετε
771 601 887 684 οὖν,
931 608 1062 690 φησὶ
1086 653 1104 686 ,
1137 607 1242 676 τοῖς
1285 609 1523 683 γονεῦσιν
1547 605 1716 690 ,αλλ’
1745 633 1769 658 ι
1792 606 1845 662 ἐν
1883 607 1997 664 Κυ-

2115 601 2214 658 sed
2246 626 2272 652 α
2319 602 2376 658 in
2429 601 2673 690 Domino
2722 621 2734 656 :

408 702 532 783 ρίῳ,
559 722 590 759 ο
635 700 940 774 τουτέστιν,
980 700 1108 762 ὅταν
1146 695 1284 757 κατὰ
1341 693 1536 776 Κύριον
1577 685 1708 774 ᾗτὰ
1737 693 2005 772 προστάγ-

406 782 555 868 ματα
584 789 638 830 ⁵⁸
669 813 682 828 ο
720 789 837 849 ἐπεὶ
877 789 969 850 ἐὰν
1012 790 1085 855 εἰς
1115 785 1363 848 ἀσέϐειαν
1407 788 1617 865 συνωθῇ
1649 787 1678 842 ὁ
1718 782 1926 863 πατὴρ,
1967 783 2002 855 ἢ

407 882 655 960 βούλεται
706 883 1005 962 προσῆσαι
1050 877 1146 949 τὴν
1193 875 1458 955 θυγατέρα
1485 917 1503 947 ,
1556 872 1590 936 ἢ
1639 873 1866 953 αἰσχρὰν
1920 872 2005 962 τέ-

404 995 539 1052 χνην
567 961 773 1039 διδάξαι
802 969 890 1029 τὸν
920 969 1064 1043 υἱὸν,
1097 968 1156 1026 οὗ
1198 965 1336 1026 κατὰ
1381 963 1578 1046 Κύριόν
1614 965 1726 1022 ἐστι
1749 961 1810 1022 τὸ
1838 961 2004 1043 πρόσ-

405 1085 623 1142 ταγμα,
658 1059 774 1120 οὐδὲ
805 1057 1090 1120 ὑπακούειν
1124 1059 1225 1117 δεῖ.

497 1173 528 1210 ιι
553 1152 724 1211 Τοῦτο
752 1149 856 1229 γάρ
887 1151 1000 1208 ἐστι
1050 1148 1274 1207 δίκαιον.
1309 1141 1465 1220 Τίμα
1511 1142 1602 1202 τὸν
1650 1141 1859 1222 πατέρα
1907 1164 2002 1200 σου

405 1240 498 1300 καὶ
541 1239 638 1312 τὴν
663 1238 892 1320 ’μητέρα
943 1262 1068 1315 σου,
1117 1235 1232 1309 ἥτις
1285 1233 1426 1296 ἐστὶν
1477 1233 1662 1304 ἐντολῆ
1712 1231 1899 1312 πρώτη
1953 1231 2005 1288 ἐν

406 1331 748 1412 ἐπαγγελίαις
808 1329 884 1389 ⁵9.
934 1350 964 1386 ι»
1028 1327 1136 1389 Καὶ
1192 1323 1347 1406 φύσει
1383 1322 1587 1382 δίκαιόν
1637 1325 1784 1394 ἐστι,
1840 1321 2005 1412 φησὶ,

404 1411 593 1495 τοῦτο,
628 1420 721 1480 καὶ
775 1418 878 1478 ὑπὸ
927 1421 1019 1477 τοῦ
1073 1415 1236 1494 νόμου
1296 1413 1709 1496 προστάσσεται.
1764 1413 1894 1478 Πῶς
1951 1411 2006 1469 δέ

406 1533 598 1592 φησιν,
643 1509 726 1569 ὅτι
776 1507 965 1590 πρώτη
1015 1503 1197 1577 ἐντολή
1249 1506 1362 1564 ἐστι
1409 1507 1562 1563 τοῦτο
1601 1502 1690 1576 60;
1726 1501 1845 1592 Ούκ
1895 1499 2006 1560 ἔστι

405 1589 548 1680 γάρ’
584 1589 738 1658 νᾶλλὰ
789 1589 888 1671 τὸ,
945 1620 975 1653 α
1006 1597 1088 1656 Οὐ
1140 1594 1437 1677 φονεύσεις·
1483 1594 1564 1652 Οὐ
1614 1589 1936 1680 μοιχεύσεις.
1974 1611 2001 1645 ›)

406 1679 546 1750 Ἀλλ’
599 1689 730 1771 ὅρα,
788 1688 842 1747 τί
895 1687 1220 1768 προσέθηκεν
1265 1707 1278 1722 ’
1337 1711 1361 1737 α
1418 1682 1516 1750 Ἐν
1566 1679 1941 1771 ἐπαγγελίαις.-
1968 1701 1996 1736 ››

405 1768 645 1842 Ἐκεῖναί
693 1777 797 1860 γὰρ
852 1779 906 1836 αἱ
969 1779 1180 1857 πρῶται
1236 1775 1331 1832 οὔκ
1396 1772 1608 1854 ἔχουσιν
1685 1768 2008 1860 ἐπαγγελίας

405 1870 496 1929 καὶ
539 1859 870 1947 ἂντιμισθίας
895 1891 908 1904 ·
955 1863 1321 1946 ἀναχωρήσεις
1359 1863 1462 1942 γάρ
1493 1868 1596 1923 εἰσι
1640 1863 1817 1920 κακῶν
1846 1905 1862 1936 ,
1911 1859 2005 1917 οὐκ

1316 479 1662 536 EXPOSITIO
1702 481 1765 534 IN
1806 479 2018 535 EPIST.
2063 479 2151 534 AD
2190 479 2423 534 EPHES.
2467 507 2535 518 —
2574 478 2727 533 CAP.
2771 479 2860 532 Vl.

3576 479 3714 534 H22

2797 626 2820 652 η
2855 601 2960 658 hoc
3008 609 3109 671 est,
3139 601 3364 675 quando
3407 602 3713 660 secundum

2110 692 2414 748 Dominum
2470 689 2700 761 fuerint,
2747 707 2871 764 quae
2919 690 3072 748 vobis
3118 691 3407 749 mandant.
3465 696 3610 749 Nam
3666 692 3712 749 si

2109 789 2269 853 pater
2297 780 2367 837 ad
2393 781 2736 852 impietatem
2765 789 2820 836 te
2849 781 3165 853 compellat,
3194 789 3289 837 aut
3316 781 3488 838 ﬁliam
3513 783 3718 854 prosti-

2110 879 2265 928 tuere
2293 870 2440 940 velit,
2470 879 2566 927 aut
2591 878 2809 943 turpem
2830 879 3005 927 artem
3035 870 3232 928 docere
3257 871 3456 937 ﬁlium,
3485 887 3598 928 non
3626 881 3717 930 est

2109 959 2414 1017 secundum
2469 960 2779 1016 Dominum
2808 959 3134 1018 mandatum
3183 959 3311 1029 hoc,
3367 977 3550 1034 neque
3578 962 3710 1020 obe-

2111 1050 2374 1107 diendum
2404 1058 2508 1107 est.

2182 1143 2368 1197 Vens.
2413 1147 2464 1210 1,
2487 1146 2540 1196 2.
2585 1165 2609 1190 ι
2644 1141 2766 1197 Ηοο
2793 1141 2942 1198 enim
2971 1141 3192 1215 justum
3215 1151 3317 1199 est.
3349 1142 3581 1200 Honora
3615 1159 3714 1217 pa-

2111 1238 2257 1286 trem
2281 1239 2440 1287 tuum
2467 1239 2524 1287 et
2549 1240 2783 1288 matrem
2813 1239 2966 1288 tuam
3009 1250 3022 1287 :
3057 1230 3208 1304 quod
3254 1240 3340 1288 est
3383 1232 3712 1290 mandatum

2112 1319 2353 1390 primum
2371 1320 2428 1375 in
2455 1319 2842 1392 promissione.
2881 1343 2908 1369 »
2942 1321 2991 1375 Α
3017 1328 3214 1376 natura
3243 1320 3347 1377 hoc
3367 1321 3583 1393 justum
3608 1331 3711 1389 est,

2111 1408 2306 1481 inquit,
2325 1416 2449 1465 tum
2464 1407 2660 1482 etlege
2681 1417 2906 1466 cautum
2937 1417 3041 1466 est.
3067 1409 3362 1480 Quomodo
3391 1418 3576 1468 autem
3608 1411 3717 1468 hoc

2111 1497 2358 1569 primum
2387 1497 2712 1555 mandatum
2741 1497 2901 1567 dixit,
2931 1514 3062 1555 cum
3105 1515 3223 1556 non
3251 1499 3352 1555 sit?
3395 1500 3534 1556 lllud
3560 1501 3712 1557 enim

2115 1587 2296 1659 potius
2324 1586 2563 1659 primum
2595 1596 2680 1644 est
2721 1607 2733 1643 :
2766 1611 2791 1636 «
2824 1590 2950 1645 Non
2978 1588 3213 1659 occides,
3246 1591 3370 1645 Non
3399 1588 3720 1646 moechabe-

2114 1676 2211 1732 ris.
2248 1701 2271 1725 υ
2307 1681 2386 1733 At
2411 1678 2559 1733 enim
2598 1677 2722 1734 vide
2751 1676 2887 1748 quid
2915 1677 3192 1750 adjecerit,
3225 1701 3249 1726 «
3295 1681 3352 1733 In
3383 1681 3707 1751 promissio-

2113 1781 2204 1822 ne.
2255 1789 2282 1815 ι
2327 1767 2512 1822 Prima
2541 1767 2686 1824 enim
2741 1767 2831 1822 illa
2858 1783 2971 1823 non
3001 1767 3208 1823 habent
3235 1769 3634 1841 promissiones
3660 1781 3717 1827 et

2113 1854 2426 1912 mercedem
2447 1854 2769 1929 adjunctam
2815 1872 2828 1908 :
2859 1863 2987 1912 sunt
3007 1857 3154 1912 enim
3194 1871 3226 1911 a
3255 1858 3415 1913 malis
3441 1857 3717 1916 discessus

406 1927 945 2040 dynﬁﬁvwépyaclnv
998 1927 1164 2021 οὐδεὶς
1197 1927 1271 2012 ’δὲ
1308 1927 1504 2031 ’μίσθὸς
1555 1955 1631 2032 τῷ
1687 1954 1780 2040 τοῖ’)
1833 1927 2004 2040 κακοῦ

2114 1944 2363 2016 quidam,
2410 1927 2530 2001 non
2569 1946 2848 2002 bonorum
2892 1945 3265 2018 operationes;
3308 1963 3476 2003 nemo
3519 1959 3712 2005 autem

407 2037 752 2130 ἀπεχομένῳ.
785 2045 937 2118 Αὕτη
984 2043 1076 2119 δὲ,
1105 2043 1288 2114 ἐπειδὴ
1319 2045 1519 2121 ἀγαθοῦ
1563 2038 1819 2130 ἐργασίαν
1863 2037 1999 2130 ἐχει,

405 2126 592 2221 πρώτη
649 2126 740 2196 καὶ
803 2135 1122 2214 ἐπαγγελίαν
1179 2131 1412 2201 ἐδέξατο.
1473 2128 1781 2209 Θαυμαστὴ
1859 2126 1913 2221 δὲ
1968 2131 2002 2198 ἡ

405 2216 566 2297 τάξις.
601 2225 826 2300 Ἐπειδὴ
875 2226 976 2306 γὰρ
1015 2224 1263 2302 ἀπήγαγε
1308 2223 1412 2280 τῶν
1467 2223 1713 2301 πονηρῶν
1762 2216 2003 2298 πράξεων

405 2321 436 2376 ὁ
480 2315 763 2396 νομοθέτης
809 2314 932 2382 τοὺς
983 2311 1323 2393 ἀνθρώπους,
1376 2311 1586 2388 μέλλων
1631 2312 1702 2375 εἷς
1751 2307 1848 2380 τὴν
1897 2308 2001 2396 τῶν

403 2393 614 2487 ἀγαθῶν
645 2405 898 2488 ἐργασίαν
933 2402 1245 2484 ἐμϐιϐάζειν
1270 2449 1286 2476 ,
1326 2401 1546 2482 πρώτην
1594 2393 2000 2488 διετάξατοτῂν

407 2485 478 2564 εἷς
506 2496 624 2564 τοὺς
650 2485 835 2575 γονέας
867 2493 1052 2570 τιμήν.
1101 2489 1325 2562 Ἐπειδὴ
1366 2489 1469 2570 γὰρ
1500 2486 1648 2548 αὐτοὶ
1693 2486 1830 2566 μετὰ
1861 2485 2001 2546 Θεὸν

407 2589 606 2668 πρῶτοι
635 2584 908 2666 εὖεργέται
953 2587 1112 2660 ἡμῖν,
1148 2579 1242 2640 ἅτε
1283 2585 1373 2639 τοῦ
1423 2582 1516 2658 ζῇν
1562 2577 1720 2637 αἴτιοι
1745 2621 1760 2650 ,
1792 2575 2006 2642 εἰκότως

406 2679 610 2756 πρῶτοι
637 2679 742 2735 τῶν
771 2671 1045 2754 ἡμετέρων
1085 2669 1447 2730 ἀπολαύσειαν
1483 2671 1728 2750 καρπῶν.

494 2954 520 2989 α
551 2927 674 2992 Ἵνα
708 2919 763 2989 εὖ
796 2951 879 2988 σοι
921 2926 1179 3007 γένηται,
1215 2924 1304 2984 καὶ
1350 2924 1445 3004 ἔσῃ
1490 2920 1874 3004 μακροχρόνιος
1915 2916 2003 2977 ἐπὶ

408 3025 502 3094 ἧς
533 3025 649 3100 γῆς.
679 3043 707 3078 ι)
747 3015 894 3098 αὈροι
926 3018 1000 3091 δ’,
1037 3020 1150 3083 πῶς
1181 3017 1240 3075 οὗ
1266 3012 1450 3095 μακρὰ
1483 3015 1706 3072 ἐνταῦθα
1735 3009 1881 3090 λέγει
1912 3008 2004 3068 καὶ

409 3109 616 3184 πολλὰ,
643 3109 739 3168 ἅτε
767 3106 840 3186 μὴ
875 3105 1180 3184 δυναμένων
1205 3108 1310 3165 τῶν
1343 3104 1549 3162 παίδων
1594 3102 1786 3182 μακρῷ
1825 3123 2002 3180 παρα-

407 3203 727 3273 κολουθῆσαι
759 3198 810 3234 ⁰²
859 3197 1022 3278 λόγῳ.
1065 3193 1268 3262 Ἄλλως
1314 3217 1370 3253 τε
1419 3198 1509 3253 τοῦ
1547 3191 1729 3268 ἀνδρὸς
1773 3188 1866 3250 καὶ
1911 3193 2005 3278 τῆς

408 3290 651 3371 γυναικὸς
698 3277 1086 3370 ῥυθμισθέντων
1138 3283 1274 3344 κατὰ
1322 3282 1440 3350 τοὺς
1481 3280 1672 3360 νόμους
1716 3279 1802 3346 οὓς
1847 3277 2004 3371 αὐτος

407 3367 611 3462 φθάσας
653 3367 865 3451 ἔθηκεν,
897 3379 956 3435 οὖ
987 3377 1186 3435 πολλοῦ
1215 3374 1463 3451 καμάτου
1491 3373 1559 3432 τὰ
1590 3371 1779 3430 παιδία
1810 3367 2005 3428 ὑποτά-

409 3456 516 3538 ξαι.
563 3467 704 3528 Ἀλλ’
751 3466 870 3528 οὖδὲ
917 3465 1039 3546 περὶ
1101 3469 1194 3536 τῆς
1243 3461 1517 3543 βασιλείας
1573 3458 1910 3538 διαλέγεται,
1969 3456 2005 3528 ἤ

406 3581 542 3628 τινος
585 3561 689 3617 τῶν
717 3558 968 3637 ὑψηλῶν,
1008 3554 1147 3613 ἀλλὰ
1193 3553 1228 3612 ἃ
1258 3551 1493 3630 μάλιστα
1537 3549 1685 3631 ψυχὴ
1739 3546 2008 3637 νηπιώᾼδης

408 3651 630 3710 ἀκοῦσαι
673 3635 818 3719 ζητεῖ
850 3644 938 3719 ⁵³,
986 3649 1156 3704 ταῦτα
1199 3643 1376 3714 τίθησι
1406 3665 1418 3677 ο
1465 3639 1592 3720 πρὸς
1637 3638 1739 3718 γὰρ
1791 3635 2008 3709 νηπίους

409 3740 553 3820 αὐτῷ
584 3741 613 3796 ὁ
641 3737 814 3815 λόγος.
865 3734 938 3796 Τί
986 3733 1040 3792 δὲ
1082 3733 1336 3810 ἡδύτερον
1365 3729 1522 3790 παισὶ
1565 3736 1664 3820 τοῦ,
1704 3748 2008 3808 μακροχρο-

408 3817 605 3900 νῆσαι;
653 3827 770 3885 ἐπεὶ
819 3824 910 3884 καὶ
940 3827 1046 3890 τοῖς
1075 3821 1354 3890 Ἰουδαίοις
1379 3865 1396 3898 ,
1429 3824 1500 3887 ὡς
1537 3817 1742 3892 νηπίοις
1767 3863 1783 3890 ,
1837 3820 2008 3875 ταῦτα

408 3918 758 3995 ἐνομοθετήθη
781 3961 798 3990 ,
832 3915 908 3994 μὴ
945 3913 1256 3992 δυναμένοις
1285 3910 1624 3991 τελειοτέρων
1657 3907 1895 3969 ἀκούειν.

492 4125 516 4148 σ
549 4098 658 4159 Καὶ
688 4099 734 4156 οἱ
760 4094 1016 4178 πατέρες,
1047 4093 1123 4172 μὴ
1143 4093 1486 4175 παροργίζετε
1509 4091 1576 4152 τὰ
1605 4089 1764 4150 τέκνα
1795 4090 1962 4166 ὕμῶν.
1986 4113 2008 4178 ε

411 4189 530 4248 Οὔκ
575 4178 754 4261 εἶπεν,
790 4177 1060 4264 Ἀγαπᾶτε
1083 4205 1096 4219 °
1148 4189 1302 4244 τοῦτο
1342 4181 1531 4249 αὐτοὺς
1557 4182 1606 4220 ⁸-⁸
1651 4184 1686 4252 ἡ
1718 4179 1868 4260 φύσις
1918 4177 2010 4235 καὶ

410 4277 631 4345 ἄκοντας
660 4279 876 4335 ἀπαιτεί
905 4299 918 4312 ο
948 4274 1112 4350 ἀλλὰ,
1153 4297 1185 4330 α
1234 4271 1328 4344 Μὴ
1360 4270 1710 4352 παροργίζετε
1742 4294 1754 4308 υ
1784 4292 1812 4327 ››
1852 4291 2009 4326 τουτ-

407 4365 546 4440 ἐστι,
579 4365 672 4439 Μὴ
705 4363 1039 4444 ἀποκλήρους
1084 4363 1175 4422 καὶ
1219 4365 1626 4441 ἁποκηρύκτους
1652 4359 1884 4432 ποιεῖτε,
1915 4355 2007 4417 καὶ

411 4460 671 4536 φορτικῶς
703 4457 880 4521 αὐτοῖς
930 4453 1228 4525 ἐπίκεισθε,
1270 4454 1372 4532 οὐχ
1407 4455 1477 4518 ὡς
1525 4449 1850 4530 ἐλευθέροις,
1886 4447 2008 4505 ἀλλ’

409 4548 479 4611 ὡς
506 4545 855 4628 ἀνδραπόδοις
880 4589 896 4622 ,
918 4542 1011 4602 καὶ
1040 4541 1121 4601 ἀεὶ
1155 4541 1286 4622 πρὸς
1315 4539 1502 4607 αὐτοὺς
1531 4538 1924 4620 δυσχεραίνετε.

501 4737 530 4774 ιι
570 4715 713 4778 Ἀλλ’
759 4713 1037 4796 ἐκτρέφετε
1084 4710 1218 4772 αὐτὰ
1261 4713 1314 4770 ἐν
1369 4709 1587 4792 παιδεία
1632 4709 1726 4768 xui
1769 4707 2010 4788 νουθεσίᾳ

409 4805 628 4887 Κυρίου.
659 4832 684 4859 ι
715 4805 844 4866 Ἐπὶ
887 4803 984 4876 τὴν
1024 4801 1200 4883 ἀρχὴν
1249 4801 1342 4860 καὶ
1385 4800 1562 4862 αἰτίαν
1605 4803 1700 4872 τῆς
1739 4801 2012 4878 ὓποταγῆς

410 4895 594 4975 ἀνάγει
619 4896 693 4971 ⁵⁵,
727 4895 820 4954 καὶ
851 4893 1084 4953 δείκνυσι
1110 4891 1218 4959 τοῖς
1262 4893 1500 4972 πατράσι
1522 4934 1540 4964 ,
1576 4892 1688 4957 πῶς
1712 4887 2011 4960 πειθηνίους

407 4984 526 5054 τοὺς
579 4987 775 5053 παῖδας
821 4982 1155 5055 ποιήσουσιν.
1245 4979 1380 5042 Ἐὰν
1425 4979 1529 5061 γὰρ
1579 4978 1766 5060 θέλῃς,
1820 4977 2010 5058 φησὶν,

409 5074 691 5135 ὑπακούειν
763 5097 855 5134 σου
905 5073 1026 5140 τοὺς
1082 5073 1308 5148 παῖδας,
1372 5070 1593 5151 ἔκτρεφε
1656 5068 1846 5136 αὐτοὺς
1903 5075 2011 5132 τοῖς

408 5165 562 5233 θείοις
611 5165 782 5244 λόγοις
803 5187 816 5201 ·
864 5161 956 5222 καὶ
998 5161 1072 5240 μὴ
1117 5161 1271 5242 εἴπῃς
1317 5158 1397 5220 ὅτι
1445 5159 1776 5237 μοναζόντων
1809 5156 1922 5216 ἐστὶ
1951 5155 2010 5214 τὸ

410 5254 793 5335 ἀναγινώσκειν
821 5251 918 5320 τὰς
947 5251 1172 5332 [θείας]
1207 5256 1250 5313 Γ
1255 5249 1444 5332 ραφάς.
1479 5249 1690 5316 Παντὸς
1731 5247 1834 5328 γὰρ
1865 5247 2010 5325 Χρι-

411 5349 626 5405 στιανοῢ
663 5343 818 5403 τοῦτό
845 5345 976 5415 ἐστι,
1019 5341 1111 5401 καὶ
1154 5341 1391 5420 μάλιστα
1431 5343 1536 5398 τῶν
1567 5340 1858 5417 κοσμικῶν,
1903 5337 2012 5416 ὅσῳ

409 5433 501 5492 καὶ
543 5433 781 5500 πλείονος
829 5431 1073 5514 βοηθείας
1117 5431 1361 5502 δέονται,
1413 5430 1488 5496 ὥς
1527 5430 1581 5487 ἐν
1615 5427 1760 5510 ζάλῳ
1799 5427 1968 5507 [ζάλῃ
1994 5471 2011 5504 ,

411 5523 642 5607 σάλῳῑθ]
699 5521 866 5591 ὄντες.
899 5519 1071 5581 Ὥστε
1119 5517 1254 5602 ὑπὲρ
1302 5525 1395 5579 σοῦ
1445 5519 1649 5600 γίνεται
1700 5518 1762 5578 τὸ
1802 5516 2010 5576 ἀκούειν

2038 4606 2088 4670 D

2115 2033 2209 2089 dat
2247 2034 2558 2092 mercedem
2601 2035 2648 2091 ei
2689 2035 2783 2108 qui
2815 2051 2845 2092 a
2891 2036 3036 2092 malo
3081 2036 3340 2092 abstinet.
3374 2038 3498 2093 Hoc
3526 2045 3715 2094 autem

2115 2122 2464 2188 mandatum,
2492 2124 2754 2197 quoniam
2800 2125 2928 2181 boni
2956 2125 3332 2198 operationem
3373 2125 3560 2196 habet,
3608 2127 3717 2199 pri-

2114 2230 2274 2270 mum
2326 2213 2490 2270 etiam
2542 2214 2967 2287 promissionem
3035 2215 3266 2287 accepit.
3340 2215 3719 2273 Admirandus

2113 2313 2298 2360 autem
2330 2303 2468 2360 ordo
2491 2313 2592 2360 est.
2619 2307 2761 2362 Cum
2791 2304 2940 2362 enim
2967 2320 2999 2360 a
3026 2306 3207 2378 pravis
3252 2305 3508 2378 operibus
3561 2305 3721 2379 legis-

2115 2393 2256 2449 lator
2325 2393 2577 2450 homines
2636 2393 2975 2463 abduxisset,
3048 2394 3416 2467 perducturus
3473 2411 3569 2452 eos
3645 2395 3718 2452 ad

2113 2481 2392 2538 bonorum
2413 2483 2815 2554 operationem,
2835 2483 3080 2555 primum
3100 2499 3229 2556 erga
3259 2493 3515 2557 parentes
3541 2484 3614 2542 ho
3625 2502 3719 2543 no-

2112 2587 2234 2628 rem
2279 2571 2562 2628 constituit
2583 2579 2745 2644 atque
2787 2572 3036 2628 sancivit.
3069 2572 3531 2646 Quandoquidem
3560 2576 3718 2632 enim

2109 2657 2188 2716 illi
2216 2661 2375 2718 nobis
2391 2662 2557 2734 primi
2585 2670 2712 2733 post
2732 2665 2915 2718 Deum
2931 2661 3309 2720 benefactores
3337 2671 3491 2734 sunt,
3513 2664 3716 2738 quippe

2114 2751 2236 2823 quia
2269 2752 2397 2809 vitae
2441 2760 2713 2821 auctores,
2759 2767 2872 2808 non
2901 2751 3188 2809 immerito
3217 2752 3380 2826 primi
3427 2763 3578 2823 sunt,
3619 2756 3716 2828 qui

2112 2849 2436 2898 nostrorum
2457 2840 2738 2898 fructuum
2775 2841 3150 2898 emolumenta
3195 2844 3432 2914 capiant.

2185 2934 2371 2989 Vrsas.
2413 2938 2465 2987 3.
2497 2955 2524 2980 ι
2555 2935 2637 2990 Ut
2661 2931 2799 2988 bene
2819 2931 2913 2987 tibi
2939 2932 3031 3003 sit,
3054 2940 3111 2989 et
3142 2932 3218 2989 sis
3243 2933 3525 3008 longaevus
3553 2950 3719 3008 super

2114 3027 2341 3076 terram.
2375 3043 2401 3070 ιο
2454 3019 2719 3092 Expende
2748 3019 2841 3077 hic
2863 3029 3048 3078 tecum
3078 3023 3388 3096 ,quomodo
3416 3040 3529 3081 non
3559 3026 3719 3100 longa

2113 3109 2261 3166 dicat
2292 3118 2348 3166 et
2374 3110 2566 3178 multa,
2600 3110 2865 3184 quoniam
2884 3113 3036 3184 pueri
3063 3128 3178 3168 non
3197 3113 3407 3185 possint
3443 3114 3719 3187 prolixum

2109 3214 2427 3256 sermonem
2457 3200 2692 3272 assequi.
2718 3202 2989 3258 Praeterea
3008 3202 3208 3259 marito
3225 3210 3281 3259 et
3301 3203 3536 3276 conjuge
3562 3203 3721 3276 juxta

2126 3305 2274 3362 eges,
2326 3305 2463 3362 quas
2516 3289 2646 3362 ipsis
2694 3289 2848 3362 prius
2900 3291 3086 3362 posuit
3139 3291 3412 3361 formatis,
3458 3308 3574 3349 non
3623 3303 3709 3350 est

2114 3379 2299 3451 magni
2319 3379 2528 3435 laboris
2557 3395 2756 3452 pueros
2800 3379 2935 3451 ipsis
2963 3381 3256 3454 subjicere.
3289 3383 3501 3439 Verum
3539 3399 3718 3456 neque

2113 3466 2181 3522 de
2211 3483 2383 3540 regno
2413 3467 2501 3523 hic
2525 3467 2766 3534 disserit,
2794 3484 2970 3541 neque
3010 3469 3080 3525 de
3119 3471 3284 3527 rebus
3322 3471 3657 3530 sublimibus
3702 3491 3715 3527 :

2114 3572 2304 3611 verum
2369 3572 2494 3629 qua:
2553 3556 2909 3627 potissimum
2967 3558 3153 3614 anima
3206 3559 3474 3616 infantilis
3526 3561 3721 3619 audire

2114 3644 2404 3713 desiderat,
2442 3643 2562 3701 haec
2610 3645 2812 3716 ponit:
2857 3645 2926 3701 ad
2955 3645 3203 3704 infantes
3233 3647 3384 3703 enim
3442 3649 3491 3704 ei
3534 3665 3720 3708 sermo

2113 3742 2211 3790 est.
2237 3732 2380 3806 Quid
2407 3740 2595 3790 autem
2616 3732 2916 3806 jucundius
2945 3736 3154 3806 pueris,
3182 3751 3354 3809 quam
3383 3735 3476 3794 diu
3501 3739 3721 3795 vivere?

2113 3821 2562 3896 quandoquidem
2599 3831 2653 3879 et
2674 3820 2902 3891 Iudaeis,
2945 3831 3208 3894 tanquam
3236 3821 3569 3891 infantibus,
3600 3826 3722 3885 hac

2115 3913 2234 3985 lege
2279 3921 2412 3970 sunt
2453 3912 2685 3981 sancita,
2714 3911 2808 3984 qui
2839 3911 3163 3984 perfectiora
3215 3913 3406 3970 audire
3456 3931 3572 3972 non
3616 3933 3717 3989 po-

2115 4010 2360 4058 tuerunt.

2117 4144 2123 4154 ,
2186 4094 2368 4149 Vens.
2398 4096 2454 4147 4.
2491 4115 2516 4141 α
2548 4095 2619 4149 Et
2661 4099 2862 4165 patres,
2893 4091 3069 4151 nolite
3101 4091 3172 4150 ad
3213 4093 3556 4152 iracundiam
3585 4112 3720 4169 pro-

2117 4198 2316 4239 vocare
2363 4181 2508 4238 ﬁlios
2552 4190 2781 4239 vestros.
2835 4205 2860 4233 ιι
2902 4185 3029 4240 Non
3073 4183 3232 4254 dixit,
3280 4183 3505 4258 Diligite
3548 4205 3562 4243 :
3614 4186 3722 4244 hoc

2117 4273 2268 4328 enim
2295 4280 2486 4328 natura
2520 4271 2590 4327 ab
2615 4272 2750 4344 ipsis
2794 4272 2874 4328 vel
2904 4273 3089 4330 invitis
3124 4275 3401 4346 postulat:
3427 4274 3546 4346 sed,
3575 4298 3602 4326 α
3637 4279 3722 4334 Νο

2117 4362 2186 4418 ad
2219 4362 2361 4418 iram
2410 4363 2721 4434 provocetis
2754 4383 2766 4419 :
2801 4387 2825 4411 υ
2872 4362 2981 4419 hoc
3001 4371 3103 4430 est,
3135 4380 3248 4421 non
3277 4363 3595 4424 exhzeredes
3624 4382 3721 4424 eos

2117 4451 2351 4522 faciatis,
2395 4467 2575 4524 neque
2619 4450 2882 4508 abdicetis
2927 4468 3046 4520 eos,
3078 4468 3256 4526 neque
3311 4469 3576 4512 onerosos
3624 4472 3723 4514 vos

2120 4541 2227 4598 illis
2270 4540 2598 4610 exhibeatis,
2627 4557 2730 4598 ceu
2755 4557 2866 4599 non
2913 4541 3031 4598 sint
3074 4543 3254 4610 liberi,
3300 4543 3398 4599 sed
3444 4545 3719 4617 mancipia

2123 4647 2442 4704 semperque
2457 4647 2581 4702 erga
2608 4629 2754 4703 ipsos
2776 4647 2923 4704 aegro
2948 4631 3067 4687 sitis
3083 4632 3288 4688 animo.

2197 4745 2221 4770 α
2280 4722 2386 4779 Sed
2447 4721 2675 4779 educato
2707 4737 2802 4778 eos
2829 4723 2886 4778 in
2933 4720 3222 4795 disciplina
3273 4730 3330 4778 et
3356 4724 3711 4796 correptione

2121 4810 2368 4867 Domini.
2404 4833 2429 4859 ››
2461 4809 2551 4867 Ad
2585 4809 2920 4883 principium
2943 4810 3188 4883 adeoque
3208 4826 3434 4868 causam
3458 4811 3721 4870 obedien-

2121 4901 2215 4956 tiae
2234 4899 2499 4964 ascendit,
2515 4908 2901 4973 monstratque
2913 4900 3236 4974 parentibus
3251 4915 3493 4974 quanam
3501 4903 3720 4960 ratione

2122 4990 2441 5046 obedientes
2465 4989 2608 5046 ﬁlios
2653 4989 2876 5047 faciant.
2923 4991 2980 5046 Si
3006 4990 3175 5059 enim,
3206 4990 3410 5064 inquit,
3446 4991 3618 5064 416
3640 4993 3724 5050 vis

2119 5077 2346 5136 obedire
2371 5088 2496 5136 tuos
2520 5078 2680 5147 ﬁlios,
2720 5078 2945 5136 institue
2971 5095 3066 5136 eos
3092 5079 3291 5136 divinis
3322 5079 3676 5138 sermonibus
3703 5124 3718 5152 ,

2117 5184 2295 5242 neque
2317 5169 2482 5238 dicas,
2519 5167 2921 5226 monachorum
2958 5167 3350 5226 tantummodo
3395 5185 3514 5226 esse
3543 5171 3721 5244 legere

2117 5259 2426 5332 Scripturas
2455 5279 2472 5314 :
2515 5257 2807 5332 cujuslibet
2833 5258 2982 5315 enim
3009 5258 3300 5316 Christiani
3340 5267 3448 5328 est,
3480 5259 3721 5316 maxime

2121 5363 2317 5405 eorum
2347 5349 2438 5422 qui
2471 5348 2526 5405 in
2551 5348 2762 5405 mundo
2807 5356 3112 5416 versantur,
3149 5356 3356 5420 quanto
3381 5348 3592 5422 majore
3620 5349 3721 5422 ipsi

2121 5437 2326 5495 auxilio
2354 5437 2622 5511 indigent,
2648 5453 2751 5496 ceu
2776 5438 2832 5494 in
2859 5445 3188 5511 tempestate
3207 5445 3452 5511 agentes.
3478 5437 3722 5496 Proinde

2121 5541 2220 5598 pro
2257 5536 2316 5584 te
2361 5535 2446 5585 est
2473 5525 2623 5600 quod
2647 5525 2874 5584 audiant
2910 5527 3066 5585 liberi
3099 5527 3437 5600 Scripturam
3481 5547 3492 5582 :
3534 5525 3723 5584 dicent

1809 5614 2002 5675 Varia:
2045 5613 2350 5680 lectiones.

485 5701 528 5738 ⁵⁸
571 5701 986 5775 προσταττόμενα
1013 5716 1068 5758 o.
1144 5697 1189 5734 ⁸⁹
1218 5697 1498 5773 ἐπαγγελίᾳ
1525 5713 1586 5758 ο.

414 5782 511 5856 γὰρ
553 5783 727 5846 αὐτοὺς
752 5798 840 5844 m,
911 5782 955 5817 ⁸⁸
980 5779 1167 5846 ἀνῆλθε
1192 5795 1247 5837 0.

1674 5693 1718 5731 ⁸ο
1747 5694 1870 5764 αὕτη
1901 5712 1955 5754 ο.
2033 5694 2072 5729 ⁶¹
2117 5699 2230 5768 ὁρᾶς
2271 5713 2329 5756 0.
2406 5697 2450 5734 ⁵³
2473 5697 2628 5751 mvri
2653 5696 2991 5765 ἀκολουθῆσαι
3018 5714 3073 5756 0.
3149 5699 3194 5734 ⁸³
3226 5718 3345 5754 ποτε
3367 5715 3420 5757 0.
3497 5698 3541 5733 ⁸³
3575 5702 3722 5754 τοῦτο
