4124 6406
429 472 562 523 H23

1472 464 1987 522 THEOPHYLACTI
2028 462 2382 518 BULGARIIE
2421 463 2735 519 ARCHIEP.

3600 463 3736 517 1124

427 592 574 648 enim
611 592 757 648 illinc
789 609 802 646 :
839 615 864 641 α
916 595 1142 648 Honora
1203 598 1418 665 patrem
1475 599 1637 647 tuum
1684 599 1738 646 et
1783 597 2016 646 matrem

2143 587 2330 654 αὐτοὺς
2367 593 2460 659 τῆς
2488 591 2722 670 Γραφῆς·
2755 587 3084 664 μαθήσονται
3127 587 3229 669 γὰρ
3259 589 3454 647 ἐκεῖθεν
3477 610 3490 624 ο
3525 613 3550 640 α
3580 586 3737 670 ’[ίμα

427 690 602 738 tuam.
638 705 664 730 ιο
703 685 858 738 Itane
884 682 1183 754 gentilibus
1215 679 1560 737 sermonibus
1604 680 1807 736 educas
1845 679 2024 735 ﬁlium

423 779 605 838 tuum,
633 787 702 827 ex
740 771 944 844 quibus
969 772 1199 842 pessima
1243 786 1476 843 quaeque
1504 769 1802 839 docentur,
1826 769 2025 826 divinis

424 869 611 917 autem
634 862 980 918 sermonibus
1004 877 1116 917 non
1158 862 1329 917 item?

495 1038 672 1092 νεεδ.
721 1041 773 1089 5.
809 1059 834 1084 α
867 1035 1038 1103 Servi,
1069 1034 1288 1090 obedite
1319 1033 1564 1089 dominis
1613 1031 1945 1089 carnalibus.
1992 1052 2020 1085 »

425 1124 561 1195 Quia
599 1133 654 1180 et
693 1140 980 1181 servorum
1008 1125 1179 1181 virtus
1207 1124 1278 1180 ad
1317 1123 1534 1180 familiae
1571 1123 2023 1179 constitutionem

426 1214 662 1286 pertinet
690 1230 923 1287 eamque
964 1214 1198 1286 perﬁcit,
1244 1229 1315 1269 ne
1350 1213 1492 1268 hanc
1543 1212 1770 1284 quidem
1809 1221 2023 1282 partem

424 1303 650 1376 negligit
689 1319 703 1357 :
753 1303 850 1360 sed
897 1303 965 1360 ad
1000 1303 1142 1360 hanc
1173 1311 1452 1375 postremo
1472 1303 1639 1370 venit,
1682 1301 2022 1374 quandoqui-

424 1393 558 1449 dem
611 1403 669 1449 et
719 1393 987 1466 dignitate
1025 1402 1302 1464 postrema
1339 1392 1428 1448 sit.
1462 1394 1588 1447 Non
1631 1407 1796 1464 porro
1836 1399 2021 1446 autem

426 1482 574 1538 hisce
610 1491 877 1555 tanquam
922 1483 1156 1554 parvulis
1202 1490 1258 1538 et
1295 1480 1594 1537 infantibus
1641 1480 1878 1549 disserit,
1928 1479 2024 1536 sed

424 1579 689 1644 tanquam
749 1572 954 1628 adultis
1005 1580 1063 1627 et
1100 1577 1496 1628 consummatae
1556 1570 1757 1636 aetatis,
1802 1569 2024 1642 perinde

424 1678 488 1718 ac
515 1662 564 1716 in
603 1677 866 1733 procursu
895 1660 1420 1716 demonstrabimus.
1463 1659 1736 1715 Dominos
1777 1660 2025 1716 carnales

421 1751 677 1806 dominos
703 1751 1065 1822 temporarias
1089 1758 1264 1806 vocat.
1303 1750 1501 1806 Statim
1531 1749 1679 1805 enim
1710 1764 1805 1804 eos
1835 1765 2028 1804 conso-

419 1839 589 1906 latur,
617 1840 1010 1910 temporariam
1040 1839 1199 1896 istam
1222 1840 1544 1895 servitutem
1575 1855 1692 1896 esse
1721 1837 2025 1895 ostendens

419 1937 474 1985 et
499 1945 620 2001 qua:
639 1945 766 1985 cum
784 1945 949 1986 carne
975 1930 1140 1986 simul
1167 1929 1516 1986 dissolvatur.

494 2039 522 2070 «
545 2020 684 2076 Cum
714 2020 919 2075 timore
957 2036 1021 2075 ac
1048 2027 1318 2088 tremore,
1368 2019 1426 2074 in
1475 2019 1819 2090 simplicitate
1837 2016 2020 2073 cordis

418 2109 605 2176 vestri,
636 2109 782 2165 sicut
824 2109 1064 2166 Christo.
1115 2133 1140 2159 ι)
1173 2112 1257 2164 De
1305 2108 1539 2164 muliere
1584 2107 1749 2162 verba
1793 2106 2018 2172 faciens,

418 2198 742 2270 simpliciter
771 2197 931 2262 dixit,
955 2208 1016 2254 ut
1044 2198 1310 2254 maritum
1336 2206 1549 2253 metuat
1577 2215 1591 2252 :
1619 2197 1709 2252 hic
1734 2212 1864 2252 vero
1892 2211 2020 2252 cum

418 2287 853 2360 exaggeratione.
887 2290 1123 2344 Tremor
1161 2287 1311 2343 enim
1367 2296 1450 2342 est
1494 2286 1704 2342 timoris
1758 2286 2017 2342 intensio.

418 2378 582 2433 Uxor
626 2377 775 2433 enim
824 2377 1030 2433 marito
1081 2393 1179 2448 par
1225 2387 1329 2442 est,
1381 2377 1734 2448 ejusdemque
1776 2393 1905 2432 cum
1953 2392 2018 2432 eo

420 2465 666 2535 honoris,
695 2475 752 2523 et
775 2466 940 2522 libera
975 2476 1061 2522 est
1092 2485 1106 2522 :
1137 2467 1281 2522 servi
1321 2475 1505 2522 autem
1555 2482 1671 2522 non
1710 2475 1840 2521 sunt
1872 2465 2020 2539 ejus-

417 2555 545 2612 dem
609 2555 853 2613 honoris.
918 2556 1187 2629 Quamvis
1241 2556 1385 2612 enim
1446 2554 1642 2611 fratres
1706 2554 2018 2612 secundum

412 2643 693 2702 Christum
736 2655 898 2714 sunt;
940 2661 1069 2701 cum
1113 2655 1307 2702 tamen
1337 2645 1541 2701 liberos
1570 2644 1808 2700 alterum
1855 2645 2015 2701 alteri

411 2734 634 2791 obedire
683 2735 944 2807 praecipit,
991 2734 1238 2808 adeoque
1289 2751 1523 2791 uxorem
1567 2735 1788 2798 marito,
1839 2734 2018 2790 multo

419 2825 597 2898 magis
624 2841 810 2881 servos
837 2825 1086 2881 dominis
1115 2841 1309 2898 parere
1327 2823 1461 2880 vult.
1494 2827 1690 2896 Neque
1719 2825 1872 2879 enim
1899 2824 2019 2881 haec

415 2930 502 2970 res
529 2915 745 2987 generis
785 2914 1090 2971 obscuritas
1119 2923 1223 2981 est,
1271 2914 1368 2970 sed
1399 2915 1574 2984 prima
1605 2914 1789 2985 potius
1817 2914 2020 2970 nobili-

416 3013 519 3072 tas,
574 3004 788 3060 novisse
852 3019 912 3061 se
982 3003 1271 3060 moderate
1345 3019 1552 3076 gerere,
1605 3011 1769 3075 atque
1825 3002 2019 3060 cedere

414 3094 688 3166 proximo.
717 3094 855 3163 Quia
893 3109 1020 3150 vero
1058 3111 1176 3149 non
1219 3093 1374 3165 pauci
1419 3092 1678 3149 dominos
1721 3107 1851 3148 suos
1898 3109 2018 3149 me-

403 3191 600 3260 tuunt,
627 3200 740 3240 non
758 3201 825 3239 ex
843 3183 1224 3239 benevolentia
1246 3191 1459 3251 tamen,
1481 3181 1576 3238 sed
1603 3181 1824 3253 quando
1855 3182 2021 3239 latere

415 3281 638 3345 queant,
675 3271 900 3328 insidias
944 3272 1025 3328 eis
1066 3280 1310 3339 struunt,
1363 3280 1418 3327 et
1463 3270 1840 3327 fraudulenter
1891 3287 2020 3328 cum

2053 1948 2102 2010 B

2135 678 2222 736 τὸν
2280 678 2488 758 πατέρα
2542 702 2665 752 σου,
2719 679 2813 737 καὶ
2865 677 2961 750 τὴν
3011 677 3219 758 μητέρα
3282 701 3398 739 σου.
3461 703 3484 728 δ’
3561 667 3732 750 Εἶτα,

2139 768 2476 840 Ἑλληνικοῖς
2525 770 2622 846 μὲν
2671 767 2845 846 λόγοις
2905 767 3312 849 συνανατρέφεις
3367 767 3457 826 τὸν
3528 768 3734 844 παῖδα,

2135 856 2186 926 ἐξ
2234 849 2306 915 ὧν
2357 857 2534 918 πάντα
2580 857 2651 917 τὰ
2697 856 2940 938 χείριστα
2991 857 3330 932 διδάσκεται,
3384 861 3494 924 τοῖς
3544 856 3600 917 δὲ
3642 861 3737 916 τοῦ

2133 949 2274 1007 Θεοῦ
2307 948 2478 1006 οὐκέτι
2495 973 2511 1021 ;

2213 1064 2237 1090 κ
2268 1039 2338 1097 Οἱ
2365 1039 2569 1109 δοῦλοι,
2600 1036 2892 1096 ὓπακούετε
2930 1045 3038 1104 τοῖς
3065 1037 3204 1097 κατὰ
3236 1037 3411 1118 σάρκα
3441 1035 3662 1118 κυρίοις.
3698 1058 3727 1092 ι)

2133 1123 2360 1197 Ἐπειδὴ
2393 1126 2484 1185 καὶ
2521 1129 2686 1198 ἡτῶν
2736 1131 2957 1186 οἰκετῶν
3007 1127 3171 1208 ἀρετὴ
3220 1129 3292 1194 εἰς
3339 1126 3600 1186 σύστασιν
3645 1131 3739 1197 τῆς

2133 1216 2300 1284 οἰκίας
2325 1214 2376 1251 ⁶⁰
2419 1218 2693 1288 συντελεῖ,
2743 1215 2863 1276 οὐδὲ
2901 1216 3090 1276 τούτου
3135 1222 3226 1277 τοῦ
3274 1216 3466 1298 μέρους
3509 1216 3697 1294 ἀμελεῖ
3722 1238 3737 1252 ·

2133 1305 2251 1364 ἀλλ’
2304 1306 2517 1386 ἔρχεται
2575 1305 2664 1366 καὶ
2727 1305 2815 1364 ἐπὶ
2862 1311 3016 1365 τοῦτο
3081 1305 3345 1386 ἔσχατον,
3404 1306 3586 1378 ἐπειδὴ
3645 1303 3738 1364 καὶ

2132 1393 2360 1475 ἔσχατόν
2411 1399 2525 1454 ἐστι
2574 1400 2652 1476 τῷ
2705 1394 2987 1472 ἀξιώματι.
3059 1395 3258 1456 Οὐκέτι
3307 1395 3361 1454 δὲ
3415 1396 3615 1462 τούτοις
3665 1397 3738 1461 ὣς

2132 1485 2362 1552 παιδίοις
2404 1485 2615 1558 νηπίοις
2665 1485 3005 1561 διαλέγεται,
3058 1487 3176 1544 ἀλλ’
3221 1488 3291 1553 ὡς
3322 1484 3565 1559 τελείοις,
3596 1483 3737 1543 καθὰ

2133 1576 2404 1656 προϊόντες
2456 1574 2715 1652 δείξομεν.
2793 1574 2953 1634 Κατὰ
3009 1575 3184 1655 σάρκα
3242 1577 3296 1635 δὲ
3348 1574 3579 1652 κυρίοις,
3632 1581 3738 1640 τοῖς

2133 1665 2476 1744 προσκαίροις
2518 1665 2702 1745 φησίν.
2740 1663 2912 1730 Εὐθὺς
2945 1664 3050 1746 γὰρ
3079 1669 3475 1744 παραμυθεῖται
3504 1661 3693 1731 αὐτοὺς
3718 1705 3733 1734 ,

2131 1754 2456 1835 πρόσκαιρον
2515 1753 2789 1823 ὑποδείξας
2844 1753 2940 1826 τὴν
2991 1755 3264 1828 δουλείαν,
3320 1754 3412 1814 καὶ
3462 1759 3529 1834 τῇ
3581 1751 3739 1833 σαρκὶ

2136 1845 2642 1925 συγκαταλυομένην
2654 1893 2666 1905 .

2227 2041 2254 2076 ι(
2284 2016 2438 2079 Μετὰ
2469 2018 2632 2099 φόϐου
2677 2016 2766 2076 καὶ
2799 2017 2998 2100 τρόμου
3019 2063 3036 2096 ,
3069 2020 3120 2077 ἐν
3166 2016 3428 2089 ἁπλότητι
3465 2019 3560 2086 τῆς
3602 2039 3738 2094 καρ-

2131 2107 2244 2175 δίας
2288 2112 2436 2186 ὑμῶν
2461 2152 2477 2180 ,
2508 2111 2579 2174 ὥς
2618 2110 2693 2186 τῷ
2738 2110 2978 2187 Χριστῷ.
3014 2133 3038 2160 ιι
3071 2106 3201 2168 Ἐπὶ
3249 2107 3345 2183 μὲν
3375 2110 3468 2176 τῆς
3495 2105 3740 2183 γυναικὸς

2131 2198 2312 2264 ἁπλῶς
2342 2188 2507 2270 εἶπεν,
2543 2219 2571 2255 ς(
2601 2194 2722 2258 Ἵνα
2752 2197 2983 2277 φοϐῆται
3012 2196 3100 2255 τὸν
3127 2196 3294 2275 ἄνδρα
3324 2219 3340 2233 -
3364 2220 3394 2250 τι
3430 2198 3656 2253 ἐνταῦθα
3681 2193 3737 2253 δὲ

2132 2292 2248 2366 μετ’
2304 2288 2617 2354 ἐπιτάσεως.
2651 2287 2721 2347 ⁸0
2761 2285 2864 2367 γὰρ
2906 2286 3100 2367 τρόμος
3153 2286 3392 2353 ἐπίτασις
3427 2284 3612 2366 φόϐου.
3665 2283 3733 2345 Ἦ

2132 2376 2228 2454 μὲν
2281 2376 2384 2464 γὰρ
2432 2377 2604 2453 γυνὴ,
2659 2378 2914 2456 ὁμότιμος
2959 2379 3038 2457 τῷ
3093 2375 3242 2457 ἀνδρὶ
3291 2375 3383 2434 καὶ
3443 2374 3736 2464 ἐλευθέρα·

2129 2470 2176 2526 οἱ
2234 2467 2288 2526 δὲ
2346 2462 2552 2540 δοῦλοι,
2614 2470 2673 2526 οὐ
2732 2472 2826 2539 τῆς
2877 2469 3040 2539 αὐτῆς
3094 2470 3277 2542 τιμῆς.
3360 2465 3427 2524 Εἰ
3485 2462 3588 2543 γὰρ
3644 2465 3735 2522 καὶ

2130 2557 2345 2638 ἀδελφοὶ
2392 2555 2532 2615 κατὰ
2575 2557 2812 2637 Χριστόν
2864 2558 3028 2626 εἰσιν,
3079 2554 3198 2616 ἀλλ’
3247 2553 3430 2625 ἐπειδὴ
3484 2553 3577 2612 καὶ
3618 2552 3735 2620 τοὺς

2128 2649 2426 2725 ἐλευθέρους
2468 2646 2718 2718 ἀλλήλοις
2768 2646 3164 2706 ὓποτάσσεσθαι
3208 2642 3443 2716 κελεύει,
3491 2642 3584 2702 καὶ
3639 2641 3733 2714 τὴν

2128 2737 2356 2815 γυναῖκα
2386 2739 2462 2815 τῷ
2503 2736 2680 2815 ἀνδρὶ,
2728 2738 2913 2815 πολλῷ
2958 2737 3161 2812 μᾶλλον
3201 2732 3320 2801 τοὺς
3373 2733 3582 2798 δούλους
3629 2741 3738 2799 τοῖς

2129 2825 2344 2906 κυρίοις.
2375 2824 2517 2884 Οὐδὲ
2563 2825 2666 2904 γὰρ
2711 2825 2986 2904 δυσγένεια
3029 2824 3089 2883 τὸ
3121 2823 3347 2904 πρᾶγμά
3378 2824 3520 2882 ἐστιν
3541 2867 3557 2895 ,
3593 2819 3734 2880 ἀλλὰ

2131 2917 2332 2991 μᾶλλον
2383 2913 2570 2992 πρώτη
2608 2913 2882 2991 εὐγένεια,
2927 2913 2987 2972 τὸ
3017 2914 3227 3000 ,εἰδέναι
3277 2912 3611 2991 μετριάζειν,
3643 2913 3733 2969 καὶ

2133 3002 2264 3085 [τὸ]
2299 3003 2456 3062 εἴκειν
2499 3006 2576 3082 τῷ
2621 3002 2868 3075 πλησίον.
2925 2999 3084 3062 Ἐπεὶ
3129 3003 3184 3060 δὲ
3214 3001 3403 3060 πολλοὶ
3446 2999 3735 3076 φοϐοῦνται

2131 3092 2226 3172 μὲν
2273 3092 2392 3160 τοὺς
2449 3092 2739 3165 δεσπότας,
2791 3095 2887 3150 οὐκ
2930 3090 2982 3160 ἒξ
3031 3091 3235 3160 εὐνοίας
3285 3091 3382 3164 δὲ,
3432 3091 3554 3148 ἀλλ’
3607 3086 3733 3148 ὅταν

2128 3182 2378 3254 λάθωσιν,
2410 3181 2840 3241 ἐπιϐουλεύουσιν
2887 3182 3064 3247 αὐτοῖς
3094 3181 3186 3242 καὶ
3216 3184 3568 3260 κακουργοῦσι
3595 3224 3613 3256 ,
3645 3181 3734 3237 διὰ

2127 3278 2284 3331 τοῦτο
2314 3271 2656 3351 προστίθησιν
2682 3294 2696 3309 ·
2734 3295 2763 3331 ‹‹
2805 3271 2902 3331 Ἐν
2935 3270 3200 3343 ἁπλότητι
3228 3269 3447 3351 καρδίας
3473 3317 3487 3341 ,
3525 3294 3550 3322 ιο
3583 3270 3734 3328 niveu-

415 3362 495 3418 eis
522 3369 718 3436 agunt;
750 3361 897 3431 ideo,
950 3384 977 3411 α
1010 3365 1074 3418 In
1097 3361 1443 3434 simplicitate
1471 3360 1674 3425 cordis,
1719 3385 1743 3409 ν
1769 3362 2016 3434 apponit,

2131 3365 2233 3442 ρῶν
2263 3360 2359 3434 τὴν
2389 3363 2711 3442 κακουργίαν
2723 3411 2734 3420 .

417 3450 847 3508 fraudulentiam
877 3452 1094 3508 tollens.

483 3544 660 3598 Vsns.
700 3549 754 3599 6.
800 3565 825 3590 α
865 3544 990 3598 Non
1023 3541 1093 3598 ad
1130 3542 1354 3598 oculum
1381 3541 1695 3612 servientes,
1727 3543 1883 3614 quasi
1909 3541 2014 3599 ho-

414 3632 656 3688 minibus
687 3632 987 3704 placentes.
1035 3655 1060 3680 ω
1096 3633 1216 3688 Hoc
1246 3641 1346 3701 est,
1378 3648 1489 3688 non
1519 3640 1736 3688 tantum
1769 3647 2015 3704 praesen-

413 3721 560 3778 tibus
586 3721 830 3778 dominis
859 3729 915 3777 et
951 3721 1284 3791 videntibus,
1329 3720 1426 3778 sed
1452 3721 1769 3778 absentibus
1799 3737 2016 3794 quoque

412 3811 612 3868 eodem
651 3810 818 3869 modo
846 3812 1060 3868 servite.

487 3924 512 3950 α
545 3901 651 3958 Sed
692 3910 755 3957 ut
800 3901 940 3957 servi
971 3901 1199 3959 Christi.
1249 3924 1274 3949 τι
1319 3902 1426 3972 Qui
1469 3900 1653 3973 itaque
1699 3900 2016 3957 hominibus

410 3990 613 4062 placet,
666 4007 780 4047 non
825 4001 910 4047 est
950 4007 1140 4046 servus
1184 3988 1412 4058 Christi,
1457 3998 1519 4045 ut
1568 3998 1623 4045 et
1663 3989 1720 4044 in
1764 3990 1870 4046 alio
1895 3990 2016 4047 loco

407 4080 562 4148 dicit,
596 4099 610 4138 :
654 4103 679 4128 α
712 4079 766 4136 Si
785 4080 1106 4136 hominibus
1134 4079 1433 4150 placerem,
1463 4078 1668 4134 Christi
1686 4095 1876 4136 servus
1903 4095 2015 4136 non

408 4185 589 4226 essem
615 4180 660 4223 '.
695 4192 722 4218 ν

487 4278 516 4311 ‹‹
557 4258 838 4314 Facientes
885 4258 1222 4314 voluntatem
1248 4258 1356 4313 Dei
1397 4273 1460 4313 ex
1485 4258 1672 4313 animo
1715 4274 1842 4314 cum
1866 4258 2013 4315 bona

410 4346 711 4403 voluntate.
746 4365 774 4398 ι)
800 4346 934 4417 Quia
955 4355 1141 4418 potest
1167 4345 1361 4419 aliquis
1386 4347 1444 4401 in
1459 4347 1807 4419 simplicitate
1832 4348 2016 4404 cordis

410 4444 465 4492 et
487 4436 624 4491 citra
653 4435 842 4492 dolum
869 4435 1093 4503 servire,
1136 4451 1239 4491 nec
1268 4444 1456 4491 tamen
1497 4435 1755 4492 omnibus
1783 4435 2010 4502 viribus,

407 4526 501 4583 sed
522 4534 734 4581 certum
760 4526 1153 4582 tantummodo
1182 4534 1239 4581 et
1263 4525 1553 4582 deﬁnitum
1580 4542 1718 4596 opus
1763 4525 2013 4597 persequi

2209 3554 2233 3579 κ
2268 3525 2362 3600 Μὴ
2392 3526 2523 3584 κατ’
2557 3524 3039 3608 ὀφθαλμοδουλείαν
3064 3570 3080 3600 ,
3115 3527 3188 3591 ὡς
3219 3523 3675 3606 ἀνθρωπάρεσκοι.
3705 3551 3730 3577 ν

2126 3616 2385 3677 Τουτέστι
2407 3662 2422 3690 ,
2475 3616 2550 3692 μὴ
2615 3615 2772 3694 μόνον
2823 3615 3101 3695 παρόντων
3149 3617 3252 3673 τῶν
3306 3616 3576 3673 δεσποτῶν
3638 3614 3731 3673 καὶ

2125 3705 2368 3787 ὁρώντων
2395 3752 2412 3780 ,
2470 3705 2611 3764 ἀλλὰ
2666 3706 2759 3764 καὶ
2827 3703 3099 3779 ἀπόντων,
3155 3702 3320 3773 οὕτως
3371 3705 3547 3771 αὐτοῖς
3607 3705 3730 3764 δου-

2127 3797 2300 3856 λεύετε
2313 3844 2323 3854 .
2748 3852 2755 3859 .

2210 3909 2238 3944 α
2272 3885 2418 3946 Ἀλλ’
2463 3889 2534 3953 ὥς
2565 3886 2740 3946 δοῦλοι
2793 3891 2885 3944 τοῦ
2942 3887 3200 3966 Χριστοῦ.
3267 3907 3294 3942 n
3352 3884 3421 3946 Ὁ
3477 3887 3730 3964 ἀνθρωπ-

2123 3975 2343 4054 άρεσκος
2373 3977 2431 4035 οὐ
2463 3977 2641 4042 δοῦλος
2685 3980 2776 4034 τοῦ
2815 3977 3080 4054 Χριστοῦ,
3114 3972 3295 4054 ὥσπερ
3342 3973 3437 4034 καὶ
3485 3977 3727 4052 ἀλλαχοῦ

2125 4065 2265 4141 λέγει
2291 4089 2305 4103 ·
2341 4088 2371 4124 ι(
2407 4067 2476 4125 Εἰ
2503 4063 2798 4144 ἀνθρώποις
2839 4064 3066 4144 ἤρεσκον
3087 4112 3102 4138 ,
3153 4067 3388 4144 Χριστοῦ
3419 4065 3602 4130 δοῦλος
3631 4065 3727 4122 οὐκ

2125 4155 2190 4213 ἂν
2219 4154 2387 4232 ἤμην.
2427 4176 2455 4211 ι)
3422 4213 3426 4218 .

2209 4268 2240 4299 α
2292 4247 2575 4311 Ποιοῦντες
2621 4243 2681 4304 τὸ
2711 4244 2919 4321 θέλημα
2966 4251 3056 4305 τοῦ
3093 4247 3238 4306 Θεοῦ
3289 4246 3347 4304 ἐκ
3396 4246 3573 4323 ψυχῆς
3610 4245 3728 4317 μετ’

2124 4334 2326 4402 εὐνοίας
2355 4336 2428 4397 ⁸⁷.
2463 4358 2490 4393 ι)
2533 4333 2758 4406 Ἐπειδὴ
2802 4334 2914 4394 ἔστι
2953 4333 3048 4410 μὲν
3099 4336 3151 4392 ἐν
3203 4333 3467 4404 ἁπλότητι
3505 4331 3728 4411 καρδίας

2121 4424 2214 4483 καὶ
2258 4424 2460 4492 ἀδόλως
2491 4423 2778 4496 δουλεύειν,
2831 4423 2907 4501 μὴ
2959 4423 3142 4501 μέντοι
3186 4447 3246 4502 γε
3289 4427 3357 4504 τῇ
3385 4420 3534 4502 πάσῃ
3560 4420 3729 4480 δυνά-

2125 4537 2250 4590 μει,
2284 4513 2423 4572 ἀλλὰ
2464 4513 2620 4590 μόνον
2668 4514 2730 4573 τὸ
2778 4513 3145 4592 ἀφωρισμένον
3193 4513 3361 4573 ποιεῖν
3405 4510 3560 4591 ἔργον
3597 4533 3610 4548 ·
3640 4509 3729 4568 διὰ

409 4624 465 4673 et
496 4615 751 4688 perﬁcere
790 4635 802 4671 :
853 4615 995 4672 hanc
1021 4615 1094 4672 ob
1130 4631 1252 4673 rem
1285 4615 1511 4687 apponit
1531 4615 1672 4688 jam,
1711 4637 1738 4664 «
1785 4618 1867 4671 Ex
1895 4614 2013 4671 ani-

2126 4608 2278 4662 τοῦτο
2307 4603 2622 4684 προστίθησι
2651 4609 2742 4662 νῦν
2765 4650 2781 4679 ,
2810 4631 2834 4657 α
2861 4607 2963 4664 Ἐκ
2990 4605 3181 4683 ψυχῆς,
3214 4628 3238 4656 ››
3269 4599 3565 4673 τουτέστιν,
3591 4603 3652 4659 ἐκ
3673 4602 3726 4638 θδ

407 4721 525 4774 mo,
556 4729 581 4755 ιι
613 4705 717 4761 hoc
745 4713 846 4773 est,
877 4707 1009 4762 totis
1037 4706 1246 4761 viribus
1273 4713 1327 4760 et
1341 4704 1512 4760 animi
1536 4705 1967 4776 promptitudine
1992 4727 2003 4762 :

405 4794 541 4864 imo,
587 4817 615 4845 ι)
675 4811 805 4851 cum
861 4795 1245 4850 benevolentia
1305 4794 1511 4860 etiam,
1572 4781 1692 4850 hoc~
1729 4802 1812 4849 est
1862 4795 2008 4849 ultro

406 4892 462 4940 et
489 4892 704 4956 sponte,
754 4900 868 4940 non
905 4886 974 4939 vi.
1015 4886 1139 4939 Hoc
1172 4884 1342 4939 modo
1385 4884 1665 4939 servitutis
1694 4883 2009 4957 ignobilitas

401 4973 638 5043 tollitur,
687 4974 734 5029 si
784 4973 1093 5029 voluntario
1146 4971 1357 5029 bonum
1420 4971 1622 5030 faciant
1676 4972 1838 5041 servi,
1893 4989 2006 5027 non

403 5072 772 5133 exspectantes
840 5063 1222 5119 necessitatem
1285 5070 1340 5118 et
1393 5061 1586 5133 ﬂagra.
1655 5061 2007 5119 Voluntatem

401 5160 588 5208 autem
615 5152 714 5208 Dei
737 5153 816 5208 vel
839 5152 1211 5209 obedientiam
1239 5159 1427 5207 vocate
1455 5150 1592 5222 (vult
1620 5152 1768 5207 enim
1796 5153 2004 5207 bonam

402 5258 587 5298 rerum
607 5242 1057 5300 constitutionem
1081 5251 1137 5300 et
1165 5241 1417 5298 ordinem
1444 5245 1635 5309 Deus),
1667 5243 1772 5310 vel,
1801 5244 1865 5296 In
1894 5241 2003 5296 illis

402 5330 619 5388 obedite
642 5331 888 5388 dominis
925 5332 1136 5400 vestris,
1168 5332 1226 5386 in
1242 5330 1440 5403 quibus
1469 5334 1622 5387 Deus
1654 5347 1753 5386 vos
1780 5345 2001 5386 morem

403 5421 517 5475 vult
554 5437 762 5494 gerere.
794 5424 1050 5478 Fortasse
1098 5421 1267 5491 enim,
1303 5429 1365 5476 ut
1391 5429 1446 5476 et
1472 5419 1540 5476 de
1571 5420 1757 5477 liberis
1785 5419 2000 5476 dictum

473 5552 496 5578 τ
530 5542 790 5614 Galat.1,
823 5549 907 5598 10.

2117 4694 2294 4766 πάσης
2343 4698 2439 4766 τῆς
2512 4693 2785 4772 δυνάμεως
2853 4693 2946 4752 καὶ
3000 4691 3337 4771 προθυμίας’
3395 4690 3533 4749 ἀλλὰ
3593 4691 3723 4762 καὶ,

2122 4807 2152 4838 α
2185 4787 2322 4844 Μετ’
2349 4784 2584 4859 εὐνοίας,
2628 4806 2659 4842 ι)
2694 4781 2976 4855 τουτέστι,
3031 4781 3169 4859 μετὰ
3215 4780 3395 4852 πάσης
3440 4781 3710 4858 ἀποδοχῆς

2115 4873 2208 4933 καὶ
2244 4873 2597 4951 αὐθαιρέτως,
2637 4871 2712 4951 μὴ
2743 4872 2850 4931 ἀπὸ
2880 4873 3017 4952 βίας.
3056 4871 3219 4932 Οὕτω
3262 4870 3354 4929 καὶ
3381 4873 3415 4941 ἡ
3448 4868 3724 4948 δυσγένεια

2115 4967 2210 5034 τῆς
2269 4962 2506 5030 δουλείας
2570 4970 2955 5043 περιαιρεῖται,
3011 4960 3105 5020 ἐὰν
3179 4959 3385 5026 ἑκόντες
3438 4957 3500 5018 τὸ
3559 4956 3722 5017 καλὸν

2114 5055 2336 5112 ποιῶσιν
2365 5054 2412 5111 οἱ
2459 5054 2672 5129 δοῦλοι,
2720 5050 2916 5128 καὶμὴ
2967 5049 3319 5130 περιμένωσιν
3350 5047 3590 5125 ἀνάγκην
3633 5045 3726 5105 καὶ⁸

2117 5143 2403 5222 μάστιγας.
2469 5143 2703 5220 Θέλημα
2776 5139 2832 5200 δὲ
2888 5145 3066 5218 Θεοῦ,
3125 5139 3161 5211 ἢ
3219 5140 3280 5197 τὸ
3331 5137 3729 5198 ὕποτάσσεσθαι

2114 5233 2300 5309 (τοῦτο
2327 5230 2431 5310 γὰρ
2463 5231 2602 5290 θέλει
2651 5235 2679 5290 ὁ
2725 5230 2897 5305 Θεὸς,
2930 5229 3026 5300 τὴν
3063 5227 3373 5306 εὐταξίαν),
3403 5225 3438 5296 ἢ
3461 5274 3476 5300 ,
3514 5226 3596 5285 ὅτι
3631 5227 3724 5290 Εἰς

2113 5322 2291 5380 ἐκεῖνα
2335 5321 2734 5398 ὑποτάσσεσθε,
2778 5323 2826 5379 οἱ
2878 5321 3088 5397 δοῦλοι,
3131 5327 3238 5384 τοῖς
3291 5315 3488 5396 κυρίοις
3538 5315 3610 5391 ⁶⁹,
3649 5319 3723 5377 εἷς

2113 5411 2146 5468 ἃ
2172 5411 2308 5468 θέλει
2344 5414 2370 5467 ὁ
2399 5409 2553 5477 Θεός.
2583 5411 2764 5490 Τυχὸν
2800 5408 2924 5488 γὰρ,
2953 5407 3084 5487 ὅπερ
3126 5406 3218 5467 καὶ
3252 5405 3341 5466 ἐπὶ
3383 5408 3490 5465 τῶν
3521 5404 3721 5464 τέκνων

1807 5659 1995 5718 Variae
2061 5659 2361 5718 lectiones.

482 5767 527 5801 δεῖ
550 5764 830 5836 οἰκονομίας
849 5783 902 5824 0.
991 5768 1030 5800 θτ
1060 5766 1312 5839 εὐμενείας
1331 5785 1384 5824 0.
1463 5767 1508 5803 ⁸⁵⁸
1539 5767 1663 5838 μετὰ
1692 5783 1744 5823 0.

1823 5766 1867 5800 ⁸9
1909 5767 2168 5826 δεσπόταις
2193 5782 2246 5822 0.
