4124 6418
366 433 501 484 H25

1275 433 1623 490 EXPOSITIO
1663 435 1727 487 ΙΝ
1769 432 1974 488 EPIST.
2017 435 2107 488 AD
2149 437 2390 491 EPHES.
2431 465 2502 475 ——
2539 436 2690 490 CAP.
2731 436 2818 488 Ἦ.

3530 439 3667 492 1126

360 553 597 634 εἴρηται,
643 558 716 622 εἰς
756 556 954 636 αἰσχρά
994 579 1112 614 τινα
1158 563 1480 617 συνωθοῦσιν
1510 559 1562 592 ⁷⁰
1593 559 1642 616 οἱ
1672 557 1954 630 δεσπόται,

2071 569 2170 628 est,
2235 560 2305 616 ad
2358 559 2534 632 turpia
2580 559 2835 633 quaadam
2895 558 3226 630 compellant
3281 559 3514 627 domini,
3587 561 3668 616 vel

472 647 484 666 Ἵ
583 647 597 667 5
653 644 666 663 Ι
922 645 944 666 Ἰ
1149 649 1163 669 Ἰ
1331 647 1342 667 ‘
1454 653 1486 666 Ν
1601 647 1612 668 Ι
1833 648 1846 668 Ι

359 642 392 713 ἢ
443 667 512 712 εις
569 645 859 716 ασεϐειαν,
911 661 1066 706 ατινα
1113 669 1208 706 ουκ
1249 649 1350 706 εἶσι
1395 671 1486 706 του
1537 655 1676 708 θειου
1720 649 1960 725 θελημα-

358 757 463 800 τος.

441 827 823 890 «Δουλεύοντες
844 825 962 904 [ὡς]
982 831 1058 906 τῷ
1094 826 1310 906 Κυρίῳ,
1339 828 1430 886 καὶ
1455 830 1551 885 οὐκ
1582 828 1895 907 ἀνθρώποις.
1938 853 1962 877 ιι

365 913 532 980 Αὐτὸς
563 914 667 993 γὰρ
717 917 1038 996 ἀναδέχεται
1089 915 1184 986 τὴν
1234 919 1364 997 πρὸς
1410 917 1528 982 τοὺς
1575 918 1835 984 δεσπότας
1874 919 1962 976 εὖ·

357 1007 730 1082 γνωμοσύνην,
777 1010 848 1072 ὡς
889 1007 932 1041 ⁷⁸
973 1007 1062 1064 καὶ
1113 1007 1207 1076 τὴν
1265 1006 1508 1075 εὐταξίαν
1559 1008 1914 1085 νομοθετήσας
1946 1031 1960 1046 ⁸

356 1093 447 1152 καὶ
491 1098 518 1152 6
565 1092 639 1171 μὴ
672 1092 873 1164 τούτοις
910 1099 980 1164 ὣς
1025 1096 1129 1177 χρὴ
1181 1096 1476 1172 δουλεύων,
1529 1099 1606 1178 τῷ
1649 1097 1773 1178 θείῳ
1815 1097 1962 1176 νόμῳ

358 1183 692 1243 ἀνθίσταται.

446 1297 476 1332 (ι
512 1275 753 1352 Εἶδότες,
801 1276 881 1334 ὅτι
924 1277 952 1336 ὃ
996 1279 1086 1337 ἐάν
1130 1303 1180 1335 τι
1217 1277 1438 1345 ἕκαστος
1485 1279 1688 1357 ποιήσῃ
1731 1279 1962 1356 ἀγαθὸν,

355 1369 512 1422 τοῦτο
541 1365 804 1440 κομιεῖται
851 1365 1002 1444 παρὰ
1030 1372 1125 1425 τοῦ
1171 1367 1396 1447 Κυρίου,
1443 1369 1546 1427 εἴτε
1598 1371 1810 1439 δοῦλος,
1853 1371 1962 1427 εἴτε

355 1454 646 1532 ἐλεύθερος.
684 1477 712 1511 ι)
780 1453 1005 1528 Ἐπειδὴ
1066 1456 1202 1524 εἰκὸς
1272 1449 1337 1528 ἦν
1393 1457 1615 1524 πολλοὺς
1672 1457 1962 1529 δεσπότας,

359 1537 632 1616 Ἕλληνας
677 1543 829 1610 ὄντας
876 1545 966 1604 καὶ
1015 1545 1300 1619 ἀπίστους,
1333 1548 1499 1621 μηδὲν
1547 1547 1742 1620 ἀγαθὸν
1793 1555 1960 1606 ποιεῖν

362 1640 469 1699 τοῖς
499 1635 671 1698 καλῶς
704 1633 1042 1694 δουλεύουσιν
1083 1637 1306 1703 εἰκέταις
1333 1681 1348 1708 ,
1383 1636 1564 1717 φησίν,
1617 1635 1697 1694 ὅτι
1735 1637 1850 1696 Κᾶν
1886 1636 1960 1710 μὴ

361 1721 510 1800 παρὰ
541 1728 635 1781 τοῦ
660 1724 796 1782 κατὰ
823 1746 998 1802 σάρκα
1027 1724 1078 1759 ⁷²
1112 1725 1366 1785 δεσπότου
1397 1726 1566 1806 λάϐῃς
1597 1725 1690 1792 τὰς
1713 1725 1962 1801 ἀμοιϐὰς,

361 1813 509 1892 παρὰ
563 1818 652 1870 τοῦ
707 1813 921 1873 πάντων
969 1813 1241 1874 Δεσπότου
1293 1818 1531 1894 ἐκδέχου.
1584 1817 1851 1875 Ἰἰνταῦθα
1908 1813 1963 1874 δὲ

359 1900 593 1973 ἔδειξεν,
645 1903 725 1961 ὅτι
756 1907 827 1970 ὡς
878 1904 1218 1983 τελειοτέροις
1268 1907 1445 1972 αὐτοῖς
1489 1906 1823 1984 διαλέγεται,
1872 1905 1961 1963 καὶ
1994 1945 2042 2007 Β

361 1992 461 2070 οὐχ
505 1994 576 2058 ὡς
612 2001 718 2058 τοῖς
759 1992 966 2053 παισίν.
1016 1993 1274 2060 Ἐκείνοις
1324 1995 1420 2071 μὲν
1474 1995 1577 2074 γὰρ
1628 1994 1722 2065 τὴν
1755 1995 1842 2053 ἐπὶ
1871 1999 1966 2072 γῆς

363 2077 698 2158 μακροζωΐαν
749 2081 1056 2162 προέτεινε,
1109 2083 1322 2150 τούτους
1383 2085 1438 2142 δὲ
1485 2084 1615 2164 πρὸς
1667 2085 1728 2144 τὸ
1774 2083 1968 2162 μέλλον

362 2171 704 2252 παρέπεμψε.

443 2287 466 2312 α
495 2260 603 2320 Καὶ
629 2264 675 2318 οἱ
703 2261 910 2341 κύριοι,
936 2262 1004 2322 τὰ
1037 2261 1173 2321 αὐτὰ
1202 2273 1400 2322 ποιεῖτε
1434 2264 1564 2343 πρὸς
1595 2262 1802 2329 αὐτούς.
1835 2291 1858 2316 ››
1888 2298 1968 2310 -

363 2375 384 2400 α
415 2349 503 2406 Τὰ
535 2350 694 2412 αὐτά.
727 2378 749 2402 ν
800 2355 978 2424 Ποῖα,
1014 2352 1146 2411 Μετ’
1194 2355 1395 2420 εὐνοίας
1437 2353 1737 2427 δουλεύετε,
1768 2355 1858 2412 καὶ
1891 2355 1965 2432 μὴ

363 2443 433 2505 ὡς
481 2443 951 2517 ἀνθρωπάρεσκοι,
1005 2441 1144 2500 ἀλλὰ
1201 2441 1338 2514 μετὰ
1382 2442 1544 2523 φόϐου
1595 2442 1686 2501 καὶ
1731 2444 1961 2522 τρόμου,

362 2534 454 2586 τοῦ
502 2531 630 2608 πρὸς
673 2532 810 2592 Θεὸν
847 2531 1074 2603 δηλαδή.
1134 2531 1246 2590 Κᾶν
1284 2532 1390 2610 γὰρ
1421 2532 1688 2602 αὐτολεξεὶ
1736 2536 1831 2591 οὐκ
1880 2523 1963 2592 εἶ-

359 2641 454 2676 πεν
482 2667 494 2688 ,
548 2619 691 2696 ὅμως
740 2628 905 2680 ταῦτα
957 2620 1226 2699 βούλεται.
1264 2621 1512 2679 Δουλεύει
1550 2621 1652 2700 γὰρ
1697 2622 1788 2681 καὶ
1819 2627 1844 2681 6
1876 2625 1962 2682 δε-

361 2707 560 2778 σπότης
590 2713 664 2787 τῷ
694 2710 890 2788 δούλῳ,
926 2712 1195 2789 μεριμνῶν
1241 2713 1374 2790 ὑπὲρ
1421 2715 1580 2770 αὐτοῦ
1605 2757 1621 2784 ,
1656 2711 1748 2770 καὶ
1788 2711 1961 2772 πάντα

361 2796 426 2855 τὰ
486 2798 716 2876 χρειώδη
775 2800 1026 2878 παρέχων
1082 2799 1158 2873 7³,
1210 2799 1300 2856 καὶ
1362 2803 1574 2872 ἁπλῶς,
1648 2803 1963 2880 ἀνεχόμενος

362 2888 550 2958 αὐτοῦ,
589 2887 682 2946 καὶ
729 2887 1175 2964 συγκαταϐαίνων
1229 2891 1406 2966 αὐτῷ,
1461 2891 1552 2948 καὶ
1596 2889 1626 2947 8
1669 2914 1799 2968 φησι
1851 2894 1960 2952 Σο-

362 2973 575 3054 λομὼν,
610 2977 1150 3057 συμπεριφερόμενος.
1187 2974 1372 3036 Ἄκουε
1403 2982 1506 3058 γὰρ
1555 2979 1647 3037 καὶ
1692 2984 1795 3037 τῶν
1829 2982 1965 3052 ἓξῆς⁶

449 3088 478 3122 (ι
514 3066 761 3132 Ἀνιέντες
791 3067 888 3136 τὴν
936 3067 1180 3138 ἀπειλήν.
1221 3090 1250 3124 ι)
1309 3069 1426 3126 Οὐκ
1484 3058 1663 3137 εἷπεν,
1720 3067 1965 3139 Ἄνιέντες

359 3153 457 3225 τὴν
494 3157 763 3234 μάστιγα,
799 3154 958 3228 ἀλλὰ,
987 3156 1092 3215 Καὶ
1123 3156 1286 3228 αὐτὴν
1323 3185 1344 3208 α
1374 3157 1468 3228 τὴν
1499 3157 1746 3229 ἀπειλήν.
1785 3186 1805 3209 υ
1834 3162 1973 3221 Πολ-

357 3245 436 3323 λῷ
474 3251 595 3324 γοῦν
646 3250 846 3322 μᾶλλον
891 3249 986 3316 τήν
1028 3245 1319 3324 τιμωρίανο
1375 3247 1640 3322 τουτέστι,
1695 3250 1852 3322 Μηδὲ
1906 3255 1959 3311 ἐν

359 3335 473 3400 ταῖς
503 3337 743 3403 ἀπειλαῖς
776 3336 952 3416 βαρεῖς
984 3335 1249 3416 φαίνεσθε.

447 3448 473 3481 ι(
514 3427 722 3492 Εἷδότες
768 3424 847 3482 ὅτι
876 3425 966 3482 καὶ
1006 3429 1154 3498 ὑμῶν
1199 3427 1370 3482 αὐτῶν
1411 3429 1462 3505 6
1493 3425 1684 3505 Κύριός
1729 3429 1872 3486 ἐστιν
1906 3432 1958 3489 ἐν

358 3524 465 3580 τοῖς
488 3516 744 3594 οὐρανοῖς.
777 3543 800 3569 ν
835 3513 983 3594 "Ops!
1005 3559 1021 3586 ,
1056 3518 1168 3580 πῶς
1199 3515 1365 3596 φοϐεῖ.
1395 3543 1418 3569 (ι
1450 3504 1528 3599 ῖῼ
1561 3504 1739 3595 μέτρῳ
1773 3545 1794 3569 ι
1825 3525 1952 3597 γὰρ,

362 3605 511 3682 φησὶ,
544 3632 566 3655 α
592 3613 830 3684 μετρεῖς,
873 3604 1381 3684 ἀντιμετρηθήσεταί
1413 3627 1524 3663 σοι’
1553 3631 1576 3656 ιο
1626 3605 1699 3676 μὴ
1728 3607 1960 3686 ἀκούσῃς

360 3695 451 3752 καὶ
477 3693 540 3754 σύ
567 3717 580 3730 ⁸
612 3723 636 3746 κ
673 3694 878 3772 Πονηρὲ
927 3695 1113 3768 δοῦλε,
1149 3703 1328 3752 πᾶσαν
1372 3695 1468 3766 τὴν
1513 3693 1727 3775 ὀφειλὴν
1777 3699 1959 3775 ἀφῆκά

362 3805 462 3858 σοι,
489 3784 584 3843 οὐκ
614 3784 718 3843 ἔδει
741 3785 831 3843 καὶ
860 3782 918 3842 σὲ
955 3786 1174 3856 ἐλεῆσαι
1200 3783 1286 3842 τὸν
1319 3782 1598 3844 σύνδουλόν
1630 3806 1756 3858 σου,

442 3986 467 4011 α
506 3957 611 4018 Καὶ
652 3958 1078 4040 προσωποληψία
1128 3959 1224 4016 οὐκ
1265 3956 1381 4016 ἔστι
1426 3959 1555 4034 παρ’
1589 3960 1754 4038 αὐτῷ.
1795 3981 1822 4014 ν
1865 3958 1957 4031 Μὴ

362 4046 584 4128 νομίσῃς
607 4093 622 4119 ,
655 4049 842 4128 φησὶν,
886 4047 965 4106 ὅτι
1006 4051 1095 4106 ἐὰν
1131 4045 1339 4119 ἀπηνὴς
1370 4047 1467 4124 ἔσῃ
1499 4051 1573 4126 τῷ
1605 4046 1777 4127 δούλῳ
1800 4095 1817 4127 ,
1863 4050 1960 4106 οὐκ

363 4135 686 4217 ἐξετασθήσῃ
733 4135 879 4218 παρὰ
933 4143 1022 4197 τοῦ
1077 4142 1221 4199 Θεοῦ
1270 4139 1356 4194 διὰ
1405 4137 1467 4195 τὸ
1517 4142 1608 4194 τοῦ
1672 4137 1959 4214 προσώπου

363 4227 586 4295 εὐτελές.
641 4232 831 4289 Ταῦτα
865 4227 968 4306 γὰρ
1015 4231 1117 4286 τῶν
1166 4225 1265 4294 ἔξω
1311 4226 1486 4302 νόμων
1521 4227 1774 4307 διαφορὰς
1818 4226 1960 4286 εἰδό-

361 4341 466 4376 των
519 4317 775 4394 εὐγενείας
828 4318 918 4376 καὶ
953 4318 1186 4385 δουλείας
1235 4317 1304 4358 74'
1358 4316 1650 4396 ἀνθρώπων
1699 4317 1802 4396 γάρ
1860 4317 1961 4376 εἶσι

361 4407 534 4475 νόμοι.
587 4408 851 4466 Ἐνταῦθα
894 4407 985 4466 καὶ
1163 4406 1255 4486 δὲ]
1305 4408 1406 4485 οὐχ
1441 4408 1634 4478 οὕτως,
1683 4408 1824 4465 ἀλλὰ
1870 4405 1962 4465 καὶ

2070 649 2137 705 da
2218 649 2581 723 impietatem,

2071 741 2218 796 tatis.

2141 833 2318 887 Vsus.
2349 838 2405 886 7.
2441 853 2466 878 «
2519 829 2824 886 Servientes
2853 829 3118 897 Domino,
3149 837 3209 886 et
3252 845 3364 885 non
3422 829 3667 886 homini-

2072 921 2194 976 bus.
2231 945 2257 969 »
2284 923 2406 991 Ipse
2425 919 2572 976 enim
2591 920 2778 991 recipit
2790 935 2933 983 eam,
2959 935 3127 991 quam
3150 919 3396 975 dominis
3413 919 3676 976 exhibent

2073 1011 2486 1082 gratitudinem,
2533 1009 2733 1082 quippe
2755 1009 2849 1082 qui
2885 1009 3094 1065 bonum
3125 1008 3183 1065 in
3213 1008 3378 1066 rebus
3421 1009 3673 1066 ordinem

2072 1101 2190 1172 lege
2217 1100 2478 1156 sanxerit.
2516 1102 2581 1154 Et
2609 1099 2701 1170 qui
2731 1097 2885 1154 hisce
2922 1115 3033 1154 non
3072 1099 3329 1168 inservit,
3359 1107 3422 1155 ut
3446 1115 3546 1170 par
3569 1109 3673 1169 est,

2075 1190 2270 1247 divinae
2302 1190 2402 1262 legi
2432 1190 2658 1246 resistit.

2143 1283 2318 1335 Vnns.
2353 1285 2404 1334 8.
2439 1303 2462 1329 α
2497 1279 2740 1336 Scientes
2768 1281 2916 1352 quod
2959 1279 3355 1352 unusquisque,
3386 1280 3670 1352 quodcun-

2073 1386 2179 1439 que
2233 1369 2426 1425 fecerit
2468 1369 2696 1436 bouum,
2745 1368 2853 1425 hoc
2895 1370 3120 1442 recipiet
3164 1385 3194 1424 a
3251 1370 3514 1438 Domino,
3561 1371 3673 1426 sive

2074 1475 2283 1525 servus,
2317 1459 2434 1516 sive
2485 1459 2644 1516 liher.
2687 1482 2710 1506 ι»
2755 1459 2895 1528 Quia
2933 1459 3230 1515 verisimile
3272 1468 3414 1524 erat,
3471 1460 3676 1515 multos

2075 1547 2338 1604 dominos
2362 1548 2591 1620 gentiles
2614 1556 2670 1602 et
2701 1547 2954 1604 inﬁdeles
2980 1548 3112 1604 nihil
3145 1548 3272 1604 boni
3301 1549 3677 1620 impertituros

2072 1639 2239 1694 servis
2271 1639 2367 1710 qui
2410 1637 2646 1693 ﬁdeliter
2696 1637 3045 1705 inservirent,
3094 1638 3344 1706 Etiamsi,
3388 1639 3588 1709 inquit,
3644 1654 3675 1693 a

2071 1727 2298 1784 domino
2319 1727 2620 1806 secundum
2650 1744 2879 1784 carnem
2917 1727 3133 1783 nullam
3159 1728 3674 1798 compensationem

2071 1817 2234 1885 feras,
2302 1818 2371 1873 ab
2437 1819 2816 1873 universorum
2865 1825 3045 1872 tamen
3106 1817 3350 1872 Domino
3398 1825 3669 1886 eXSpecta.

2073 1909 2176 1964 Hic
2222 1919 2408 1965 autem
2454 1907 2695 1963 ostendit
2738 1907 2884 1976 quod
2931 1907 3081 1962 velut
3128 1906 3548 1978 perfectioribus
3594 1905 3674 1962 eis

2077 1999 2355 2068 loquatur,
2406 2006 2462 2052 et
2504 2013 2615 2051 non
2667 1995 2829 2052 veluti
2883 1996 3083 2066 pueris.
3128 1995 3242 2050 Illis
3295 1995 3442 2048 enim
3491 1993 3587 2050 diu
3615 1995 3674 2049 in

2078 2088 2240 2143 terris
2272 2090 2438 2142 vitam
2468 2085 2792 2142 duraturam
2838 2084 3202 2157 proponebat,
3259 2084 3362 2141 hos
3388 2091 3575 2140 autem
3603 2081 3674 2138 ad

2663 664 2788 723 quae
2850 663 2962 704 non
3031 657 3162 705 sunt
3198 648 3396 706 divina:
3471 649 3668 706 volun-

2026 2254 2035 2262 _
2077 2179 2321 2234 futuram
2358 2179 2525 2233 vitam
2566 2176 2803 2232 remisit.

2150 2271 2322 2324 VEBS.
2355 2273 2408 2322 9.
2451 2289 2474 2312 «ί
2514 2269 2586 2321 Et
2624 2282 2738 2331 vos,
2770 2265 3002 2330 domini,
3033 2264 3224 2320 eadem
3241 2263 3581 2320 faciteillis.»
3603 2295 3675 2305 —

2081 2383 2105 2405 «ι
2141 2358 2368 2412 Eadem.
2405 2381 2429 2404 ιι
2457 2355 2688 2425 Qualia?
2725 2357 2808 2411 Ut
2839 2371 2968 2409 cum
3007 2354 3380 2410 benevolentia
3404 2354 3673 2421 servietis,

2077 2456 2131 2504 et
2183 2463 2299 2503 non
2345 2456 2606 2519 tanquam
2664 2444 2986 2500 hominibus
3041 2446 3339 2516 placentes,
3392 2444 3489 2500 sed
3547 2459 3674 2499 cum

2077 2539 2271 2593 timore
2317 2553 2380 2593 ac
2422 2546 2680 2602 tremore,
2718 2550 2845 2605 erga
2877 2536 3060 2588 Deum
3091 2534 3358 2589 videlicet.
3384 2533 3503 2588 Etsi
3527 2533 3675 2588 enim

2076 2628 2346 2683 verbatim
2373 2643 2482 2682 non
2509 2624 2724 2688 dixerit.
2755 2632 2997 2678 attamen
3028 2625 3130 2678 ista
3151 2622 3292 2679 vult.
3332 2623 3504 2678 Servit
3525 2622 3673 2677 enim

2074 2717 2333 2772 dominus
2391 2731 2573 2782 servo,
2606 2730 2802 2770 curam
2850 2713 2966 2784 ejus
3029 2727 3246 2784 gerens,
3307 2711 3600 2783 omniaque
3625 2710 3674 2765 ei

2069 2807 2372 2862 necessaria
2400 2804 2669 2876 praebens,
2692 2819 2754 2857 ac
2778 2801 3120 2872 simpliciter,
3179 2815 3309 2856 eum
3373 2800 3673 2866 sustinens,

2075 2897 2235 2966 eique
2287 2894 2631 2960 condonans,
2677 2900 2730 2947 et
2760 2890 2911 2963 quod
2961 2891 3040 2945 ait
3093 2891 3381 2957 Salomon,
3431 2905 3560 2944 cum
3610 2905 3676 2946 eo

2074 2985 2233 3041 simul
2260 3001 2377 3040 sese
2414 2985 2814 3054 circumagens.
2847 2978 2990 3035 Audi
3022 2979 3168 3034 enim
3199 2995 3324 3051 quae
3348 2987 3671 3050 sequuntur.

2150 3101 2174 3124 «ι
2196 3074 2563 3131 Remittentes
2580 3073 2778 3127 minas.
2805 3093 2831 3117 ι)
2855 3071 2979 3125 Non
3007 3069 3159 3135 dixit,
3187 3069 3549 3125 Remittentes
3585 3067 3678 3122 ﬂa-

2006 3173 2049 3234 C
2076 3182 2256 3238 grum,
2289 3163 2384 3221 sed
2401 3163 2564 3218 etiam
2585 3162 2730 3232 ipsas
2754 3182 2780 3208 α
2815 3157 3010 3214 minas.
3046 3182 3071 3205 υ
3096 3158 3269 3214 Multo
3289 3156 3462 3230 magis
3491 3157 3680 3228 itaque

2069 3254 2400 3327 supplicium
2437 3253 2581 3308 :hoc
2601 3260 2702 3320 est,
2736 3253 2931 3322 Neque
2957 3247 3016 3304 in
3040 3247 3168 3320 ipsis
3207 3248 3368 3304 minis
3404 3261 3599 3320 graves
3622 3253 3679 3301 et

2070 3345 2289 3402 onerosi
2321 3341 2642 3398 videamini.

2147 3457 2172 3482 α
2217 3433 2458 3488 Scientes
2515 3429 2664 3502 quod
2693 3439 2750 3485 et
2782 3428 2950 3485 vestri
2994 3429 3247 3501 ipsorum
3289 3429 3567 3484 Dominus
3593 3435 3677 3484 est

2071 3525 2125 3581 in
2150 3523 2332 3580 caelis.
2382 3543 2408 3570 ι
2457 3520 2851 3575 Animadverte
2899 3517 3181 3590 quomodo
3233 3516 3669 3588 perterrefaciat.

2073 3639 2096 3663 «
2154 3617 2274 3684 Qua
2310 3625 2564 3666 mensura
2597 3632 2622 3657 »
2659 3608 2831 3670 enim,
2862 3607 3063 3678 inquit,
3102 3629 3128 3654 ε
3164 3606 3434 3671 metieris,
3457 3621 3674 3663 remen-

2070 3703 2344 3761 surabitur
2368 3699 2468 3753 tibi
2498 3718 2511 3754 :
2544 3724 2567 3746 ι
2595 3713 2663 3752 ne
2693 3695 2886 3753 audias
2915 3703 2971 3750 et
3000 3704 3059 3752 tu
3093 3716 3106 3751 :
3145 3718 3170 3744 α
3208 3697 3370 3751 Serve
3407 3710 3672 3766 nequam,

2071 3806 2214 3846 onne
2253 3786 2498 3844 debitum
2547 3784 2734 3840 remisi
2780 3782 2904 3850 tibi,
2947 3797 3136 3839 nonne
3183 3781 3479 3853 oportebat
3515 3790 3573 3838 et
3599 3792 3675 3840 te-

2070 3878 2314 3936 misereri
2351 3874 2601 3933 conservi
2627 3875 2788 3931 tui‘?
2817 3900 2846 3925 ν

2143 3995 2168 4020 ιι
2206 3973 2272 4026 Et
2296 3982 2651 4040 personarum
2680 3967 2924 4037 acceptio
2962 3983 3074 4023 non
3107 3974 3190 4022 est
3235 3966 3388 4039 apud
3435 3981 3584 4023 eum.
3639 3989 3664 4015 ιο

2070 4063 2152 4116 Ne
2181 4060 2482 4122 existimes,
2514 4057 2708 4128 inquit,
2748 4057 2793 4113 si
2839 4057 3076 4113 immitis
3112 4056 3187 4112 sis
3215 4071 3376 4112 servo
3401 4065 3521 4124 tuo,
3554 4059 3671 4112 Do-

2073 4152 2282 4207 miuum
2331 4151 2473 4206 istuc
2515 4148 2630 4214 abs,
2662 4157 2716 4204 te
2745 4164 2858 4204 non
2884 4149 3276 4221 inquisitumm
3306 4147 3378 4203 ob
3425 4162 3672 4219 personae

2070 4237 2664 4310 contemptibilitatem.
2714 4239 2849 4294 Haec
2898 4237 3044 4291 enim
3098 4233 3433 4291 exteriorum
3490 4234 3675 4308 legum

2070 4338 2216 4396 sunt,
2250 4343 2376 4399 quae
2427 4327 2645 4383 novisse
2674 4327 2854 4382 solent
2901 4326 3204 4382 discrimen
3254 4323 3399 4381 inter
3427 4323 3674 4398 ingenui-

2073 4428 2244 4474 tatem
2275 4427 2329 4473 et
2372 4418 2691 4472 servitutem
2743 4415 3087 4473 :hominum
3151 4416 3300 4471 enim
3351 4415 3498 4486 leges
3525 4422 3674 4469 sunt.

365 4495 517 4564 αὐτὸς
546 4498 726 4562 δοῦλος
755 4488 800 4555 εἶ
840 4502 929 4554 τοῦ
961 4499 1119 4555 αὐτοῦ
1165 4496 1360 4576 Κυρίου
1380 4541 1395 4571 ,
1425 4495 1524 4552 κᾶν
1557 4497 1628 4561 εἰς
1672 4497 1958 4572 ὁμόδουλον

2075 4509 2180 4565 Ηὶο
2203 4517 2387 4564 autem
2417 4507 2494 4562 sic
2538 4522 2649 4562 non
2705 4505 2796 4572 ﬁt;
2838 4522 3025 4562 verum
3063 4513 3116 4560 et
3139 4513 3199 4560 tu
3235 4505 3351 4576 ipse
3402 4519 3594 4560 servus
3617 4518 3678 4560 es

367 4587 744 4666 αὐστηρεύωνο
778 4585 891 4646 ἐπεὶ
935 4585 1050 4644 οὐδὲ
1102 4584 1156 4652 ἐξ
1201 4590 1373 4666 ἀρχῆς
1422 4583 1660 4642 δουλείαν
1715 4586 1963 4656 ἐποίησεν

365 4679 393 4733 6
423 4676 590 4744 Θεὸς,
625 4679 742 4734 ἀλλ’
773 4681 806 4746 ἡ
837 4675 1149 4742 πλεονεξία,
1183 4679 1253 4740 ὡς
1292 4676 1380 4733 ἐπὶ
1414 4677 1519 4731 τῶν
1561 4673 1924 4752 αἰχμαλώτων
1953 4697 1966 4709 ·

365 4767 456 4823 καὶ
487 4770 520 4836 ἡ
552 4765 678 4845 πρὸς
705 4765 824 4831 τοὺς
860 4765 1097 4844 πατέρας
1145 4763 1320 4841 ὕϐρις,
1351 4767 1420 4830 ὣς
1469 4762 1554 4822 ἐπὶ
1584 4769 1674 4820 τοῦ
1723 4763 1966 4825 Χαναάν,

369 4855 521 4924 Πλὴν
547 4857 705 4914 εἶκαὶ
737 4855 810 4932 μὴ
845 4856 945 4913 ὑπὸ
987 4857 1131 4915 Θεοῦ
1165 4854 1376 4934 γέγονεν
1403 4899 1420 4930 ,
1452 4852 1596 4928 ὅμως
1626 4851 1723 4923 τὴν
1762 4856 1964 4911 ὖποτα-

364 4945 462 5022 γὴν
492 4945 626 5011 Θεὸς
677 4946 980 5020 νομοθετεῖ,
1011 4945 1098 5003 διὰ
1146 4944 1243 5016 τὴν
1276 4942 1556 5016 εὐταξίαν,
1610 4943 1701 5000 καὶ
1750 4941 1839 5001 ἵνα
1891 4941 1966 5020 μὴ

368 5035 608 5111 αἱμάτων
639 5039 667 5093 6
700 5033 809 5114 βίος
834 5035 998 5114 γέμῃ.

451 5341 480 5371 (ι
514 5316 594 5377 Τὸ
624 5314 842 5388 λοιπὸν,
891 5313 1110 5398 ἀδελφοί
1148 5336 1282 5391 μου,
1332 5314 1721 5390 ἐνδυναμοῦσθε
1763 5313 1816 5370 ἓν
1851 5314 1962 5370 Κυ-

366 5404 460 5486 ρίῳ
479 5451 495 5480 ,
524 5405 614 5466 καὶ
645 5409 698 5466 ἐν
728 5409 808 5487 τῷ
835 5406 1018 5485 κράτει
1051 5408 1146 5476 τῆς
1192 5405 1374 5484 ἰσχύος
1415 5406 1598 5465 αὐτοῦ.
1639 5426 1666 5461 ››
1712 5398 1963 5481 Στρατό-

442 5587 464 5610 ι
490 5576 690 5634 Matth.
722 5590 844 5645 vn,
872 5581 926 5631 2.
1002 5586 1028 5619 7
1058 5575 1255 5632 Matth.
1294 5590 1474 5643 *xvm,
1509 5581 1598 5630 32.

2077 4599 2324 4669 ejusdem
2355 4597 2596 4653 Domini.
2627 4596 2754 4651 licet
2781 4595 2834 4650 in
2861 4610 3193 4650 conservum
3224 4591 3396 4665 418
3423 4601 3674 4648 austerus

2076 4689 2166 4745 sis.
2215 4689 2356 4742 Nam
2406 4703 2436 4742 a
2479 4685 2747 4756 principio
2800 4688 2954 4741 Deus
2999 4683 3258 4740 servilem
3302 4680 3674 4737 conditionem

2076 4779 2237 4834 istam
2261 4794 2377 4833 non
2434 4775 2656 4844 creavit,
2705 4773 2804 4831 sed
2831 4774 3077 4842 avaritia,
3108 4780 3173 4828 ut
3217 4771 3270 4827 in
3297 4770 3529 4842 captivis
3561 4788 3575 4825 :
3616 4777 3674 4826 et

2074 4867 2297 4940 injuria,
2341 4881 2447 4938 qua
2489 4874 2667 4936 patres
2725 4873 2782 4920 et
2835 4865 3068 4936 majores
3112 4859 3438 4928 affecerunt,
3504 4867 3566 4915 ut
3616 4859 3674 4914 in

2076 4959 2334 5014 Chanaan
2367 4955 2614 5027 contigit.
2667 4953 2900 5010 Etiamsi
2943 4961 3134 5009 autem
3197 4967 3229 5008 a
3271 4955 3390 5008 Deo
3443 4963 3559 5004 non
3597 4947 3673 5004 sit

2077 5045 2316 5114 condita,
2389 5044 2782 5117 subjectionem
2846 5050 3033 5098 tamen
3113 5044 3264 5097 Deus
3351 5037 3549 5104 sancit,
3603 5037 3674 5094 ob

2075 5135 2299 5191 felicem
2341 5134 2614 5206 politiam,
2645 5141 2698 5189 et
2730 5148 2797 5187 ne
2846 5131 2962 5188 vita
2991 5130 3237 5186 humana
3281 5127 3549 5202 sanguine
3581 5141 3674 5183 re-

2069 5225 2306 5298 pleatur.

2143 5318 2329 5372 Vens.
2380 5320 2468 5372 10.
2502 5335 2532 5363 ι
2583 5311 2746 5384 Quod
2774 5319 3042 5385 superest,
3071 5309 3272 5368 fratres
3295 5311 3429 5381 mei,
3456 5309 3676 5368 confor-

2071 5406 2263 5462 tamini
2292 5405 2358 5476 _in
2398 5405 2666 5471 Domino,
2707 5402 2839 5461 etin
2873 5402 3112 5474 potentia
3187 5401 3401 5458 roboris
3443 5400 3580 5474 ejus.
3645 5422 3670 5450 ν

1764 5645 1962 5703 Varia:
2005 5641 2301 5700 lectiones.

438 5756 481 5789 τυ
531 5757 779 5826 βιάζουσιν
802 5772 878 5812 m.
957 5757 995 5790 π
1027 5756 1055 5808 6
1082 5771 1136 5812 0.
1214 5755 1257 5788 ⁷³
1279 5759 1513 5825 σαρκικοῦ
1542 5769 1598 5812 ο.

1673 5752 1717 5786 7³
1739 5751 1954 5822 πορίζων
1982 5767 2036 5807 o.

2114 5749 2157 5781 π
2181 5746 2376 5800 δούλων
2403 5764 2454 5802 0.
