4124 6418
466 426 603 479 1127

1428 425 1942 482 THEOPHYLACTI
1980 425 2339 481 BULGARUE
2376 427 2696 484 ARCHIEP.

3633 425 3774 479 H28

459 555 758 629 Cujuslibet
819 555 1022 613 domus
1077 563 1162 614 est
1209 557 1518 615 exercitus:
1567 559 1832 616 omnibus
1878 561 2054 632 itaque

2179 552 2335 611 πεδόν
2391 555 2528 613 ἐστιν
2558 557 2591 624 ἡ
2637 550 2776 611 οἰκία
2817 552 3051 611 ἑκάστου
3077 575 3089 588 ·
3121 549 3370 619 διατάξας
3417 541 3508 609 οῦν
3537 546 3631 615 τὰς
3680 551 3776 628 ἆρ-

458 645 818 716 potestatibus
869 645 1136 704 ordinatis
1185 645 1358 704 sicin
1423 648 1626 704 bellum
1695 665 1787 705 eas
1859 648 2059 705 educit.

453 737 592 791 Nam
621 751 750 792 cum
778 737 1059 808 proprium
1103 738 1353 797 ordinem
1387 753 1554 795 nemo
1597 738 2060 811 transgrediatur,

454 832 588 881 tunc
627 841 716 881 res
758 825 952 881 bellica
989 825 1130 882 bene
1173 827 1410 885 habebit.
1455 827 1594 898 Quia
1638 843 1768 884 vero
1807 828 2062 900 pleraque

454 913 822 986 imperaverat
864 930 986 987 qua:
1029 916 1139 973 visa
1180 926 1308 974 sunt
1349 915 1591 974 difficilia
1630 925 1931 984 transactu,
1977 920 2060 973 Ne

452 1005 684 1060 metuite
711 1005 911 1076 inquit,
949 1005 1046 1062 sed
1095 1006 1155 1062 in
1202 1007 1453 1074 Domini,
1492 1007 1737 1079 potentia
1771 1006 2054 1063 confidite.

457 1095 581 1148 Non
637 1093 786 1149 enim
835 1094 1162 1166 simpliciter
1206 1097 1259 1152 ei
1304 1096 1475 1152 robur
1513 1105 1617 1166 est,
1685 1095 1782 1152 sed
1814 1096 2058 1168 potentia

456 1182 673 1238 roboris
703 1201 718 1236 :
751 1182 856 1238 hoc
901 1191 1006 1251 est,
1036 1184 1378 1242 ineffabilem
1407 1185 1572 1243 habet
1594 1184 1978 1242 fortitudinem
2004 1193 2060 1242 et

454 1287 578 1343 quae
606 1271 662 1327 in
689 1287 886 1329 omnes
925 1272 1266 1331 dominetur.

527 1363 709 1418 Vnus.
747 1367 832 1417 11.
869 1384 894 1409 «ι
937 1363 1152 1420 Induite
1205 1372 1545 1420 armaturam
1576 1365 1698 1432 Dei,
1747 1373 1808 1421 ut
1837 1365 2057 1437 possitis

457 1466 552 1507 vos
588 1459 735 1506 stare
781 1449 1043 1509 adversus
1082 1452 1306 1510 insidias
1347 1454 1568 1511 diaboli.
1613 1477 1639 1503 υ
1687 1455 1825 1524 Quae
1869 1455 1937 1510 sit
1965 1471 2056 1510 ar-

457 1549 695 1608 matura,
741 1540 910 1611 paulo
949 1549 1074 1613 post
1110 1542 1348 1599 docebit.
1437 1543 1824 1600 Animadverte
1871 1553 2055 1600 autem

455 1629 738 1702 quomodo
774 1645 887 1685 non
918 1629 1123 1687 dixerit
1162 1648 1370 1704 pugnas
1422 1641 1518 1688 aut
1566 1632 1727 1701 bella,
1779 1633 1875 1689 sed
1917 1634 2051 1689 insi-

453 1717 574 1775 dias
603 1737 617 1775 :
645 1718 857 1776 insidiae
882 1719 1027 1777 enim
1057 1731 1184 1778 sunt
1210 1721 1480 1794 decipere,
1529 1737 1594 1778 ac
1648 1739 1746 1794 per
1799 1720 2050 1779 fraudem

2169 642 2271 720 χὰς
2298 642 2474 708 πάσας
2497 689 2512 716 ,
2542 641 2707 708 οὕτως
2751 642 2837 702 ἐπὶ
2867 643 2956 703 τὸν
3001 641 3233 716 πόλεμον
3271 640 3465 718 ἐξάγει.
3519 640 3628 699 Καὶ
3668 637 3773 716 γὰρ

2169 730 2295 789 ὅταν
2349 731 2423 808 μὴ
2486 731 2580 802 τὴν
2630 732 2827 791 οἰκείαν
2876 731 3024 800 τάξιν
3073 729 3462 810 ὖπερϐαίνωσιν
3515 727 3770 804 ἕκαστοι,

2169 821 2288 882 τότε
2319 821 2410 880 καὶ
2442 820 2509 880 τὰ
2544 829 2636 880 τοῦ
2670 822 2905 898 πολέμου
2937 815 2995 879 εὖ
3035 821 3288 880 κείσεται.
3337 817 3493 879 Ἐπεὶ
3537 818 3593 875 δὲ
3635 817 3773 875 πολ-

2169 911 2238 971 λὰ
2281 910 2501 978 ἐπέταξε
2556 912 2810 971 δοκοῦντα
2868 911 3313 989 δυσκατόρθωτα,
3371 907 3465 978 Μὴ
3533 906 3770 977 δείσητε,

2170 1000 2328 1080 φησὶν
2350 1046 2366 1074 ,
2407 1003 2523 1060 ἀλλ’
2570 1004 2622 1060 ἐν
2654 1005 2718 1080 τῇ
2762 1008 2852 1060 τοῦ
2884 1000 3082 1080 Κυρίου
3118 998 3339 1076 δυνάμει
3379 1000 3647 1078 θαῤῥεῖτε.
3683 996 3768 1056 Οὐ

2168 1089 2269 1169 γάρ
2301 1094 2440 1150 ἐστιν
2482 1089 2633 1170 ἰσχὺς
2681 1091 2864 1158 ἁπλῶς
2907 1092 3082 1170 αὐτῷ,
3114 1089 3252 1149 ἀλλὰ
3304 1087 3495 1168 κράτος
3541 1085 3766 1165 ἰσχύος,

2166 1180 2434 1240 τουτέστιν
2454 1227 2470 1260 ,
2508 1181 2706 1262 ἄφατον
2757 1180 2870 1261 ἔχει
2915 1180 3012 1254 τὴν
3045 1178 3231 1260 ἰσχὺν,
3267 1177 3356 1238 καὶ
3388 1178 3604 1237 πάντων
3635 1199 3770 1257 κρα-

2167 1277 2256 1330 τοῦ
2263 1295 2359 1330 σαν
2370 1317 2382 1330 .

2251 1386 2280 1416 (ί
2316 1361 2640 1422 Ἐνδύσασθε
2689 1358 2785 1433 τὴν
2827 1360 3128 1420 πανοπλίαν
3178 1365 3268 1418 τοῦ
3309 1361 3485 1432 Θεοῦ,
3533 1358 3660 1434 πρὸς
3703 1355 3768 1414 τὸ

2167 1451 2420 1510 δύνασθαι
2465 1455 2604 1528 ὑμᾶς
2654 1455 2846 1522 στῆναι
2913 1449 3040 1530 πρὸς
3093 1447 3187 1516 τὰς
3237 1447 3510 1525 μεθοδείας
3561 1448 3613 1484 ⁷⁵
3671 1452 3766 1505 τοῦ

2165 1540 2434 1602 διαϐόλου.
2471 1565 2502 1598 κ
2537 1540 2635 1606 Τίς
2669 1541 2810 1600 ἐστιν
2858 1544 2892 1610 ἡ
2946 1539 3246 1612 πανοπλία,
3293 1541 3413 1615 μετ’
3457 1537 3630 1612 ὀλίγον
3681 1535 3764 1592 δι-

2163 1629 2326 1696 δάξει.
2351 1626 2500 1709 "Ops:
2527 1629 2608 1703 δὲ,
2628 1633 2740 1698 πῶς
2768 1631 2862 1689 οὐκ
2883 1618 3018 1701 εἶπε,
3050 1628 3249 1708 Μάχας
3267 1626 3337 1701 ,ἢ
3361 1628 3435 1706 ⁷⁸,
3457 1625 3758 1701 Πολέμους,

2161 1720 2334 1797 ἀλλὰ,
2364 1747 2386 1773 ι
2418 1719 2726 1786 Μεθοδείας.
2753 1746 2774 1771 υ
2807 1717 3071 1779 Μεθοδεία
3117 1720 3221 1798 γάρ
3251 1717 3450 1777 ἔστιτὸ
3482 1718 3762 1786 ἀπατῆσαι

452 1824 665 1880 capere.
682 1811 807 1865 Non
827 1810 974 1866 enim
996 1810 1286 1866 manifesta
1314 1811 1572 1884 proponit
1595 1811 1771 1868 hostis
1795 1821 2014 1884 peccata
2037 1831 2049 1868 :

2162 1809 2250 1867 καὶ
2303 1809 2389 1868 διὰ
2441 1813 2687 1890 μηχανῆς
2727 1811 2885 1868 ἑλεῖν.
2934 1810 3031 1890 Οὖᾼ
3049 1807 3152 1887 γὰρ
3202 1808 3400 1887 φανερὰ
3449 1805 3759 1886 προτίθησιν

453 1897 684 1969 exempli
712 1898 922 1971 gratia:
960 1899 1047 1956 Ad
1072 1898 1440 1956 idololatrian]
1470 1909 1657 1973 aperte
1693 1917 1807 1957 non
1863 1902 2049 1958 horta-

453 1994 563 2051 tur,
593 1987 691 2043 sed
719 1987 825 2044 alia
875 1988 1114 2060 quadam
1174 1989 1389 2045 ratione
1434 1989 1776 2062 aggreditur,
1825 1990 2049 2046 insidias

452 2084 702 2143 struens,
745 2077 848 2132 hoc
895 2085 979 2133 est
1006 2077 1275 2134 verimilia
1305 2078 1494 2134 verbat
1531 2077 1731 2134 faciens
1771 2079 2053 2135 velamen-

453 2173 623 2238 toque
666 2173 848 2222 utens.
899 2166 1154 2233 Proinde,
1209 2183 1340 2223 cum
1393 2167 1640 2223 ostendit
1676 2167 2050 2225 adversarium

454 2270 574 2311 esse
620 2263 930 2328 potentem,
973 2255 1317 2312 horrendum
1354 2265 1410 2312 et
1447 2256 1683 2326 varium,
1720 2258 1924 2315 excitat
1952 2274 2050 2315 eos

453 2361 518 2400 ac
555 2344 839 2417 vigilantes
857 2344 1010 2402 facit.

523 2435 699 2491 Vens.
755 2441 836 2490 12.
879 2458 904 2484 ιι
947 2434 1222 2506 Quoniam
1251 2451 1363 2492 non
1405 2445 1490 2494 est
1539 2437 1704 2493 nobis
1739 2436 2050 2495 colluctatio

450 2523 709 2580 adversus
766 2525 1095 2596 sanguinem
1125 2533 1180 2581 et
1231 2542 1477 2583 carnem.
1516 2550 1540 2574 ι)
1588 2529 1654 2582 Et
1686 2526 1813 2596 hoc,
1849 2543 1962 2584 non
1994 2537 2052 2584 ut

453 2611 881 2683 perterrefaciat,
912 2629 1104 2670 verum
1155 2622 1216 2670 ut
1248 2615 1570 2672 attentiorcs
1613 2615 1832 2685 reddat,
1889 2616 2043 2673 dicit.

448 2703 586 2757 Nam
631 2703 728 2776 qui
770 2703 945 2782 hostis
992 2703 1134 2760 vires
1179 2711 1236 2760 et
1265 2706 1600 2776 [potentiam
1663 2713 1872 2773 narrat,
1919 2720 2051 2762 suos

447 2788 580 2848 facit
605 2792 781 2866 magis
825 2802 1038 2860 cautos,
1080 2795 1205 2849 Non
1227 2793 1518 2852 adversum
1548 2795 1823 2868 vulgares,
1851 2795 2046 2866 inquit,

451 2878 641 2936 hostes
683 2881 842 2938 nobis
888 2883 1032 2938 lucta
1080 2890 1187 2950 est,
1228 2897 1406 2955 neque
1454 2883 1752 2940 adversum
1790 2884 2050 2941 homines

448 2968 645 3025 iisdem
689 2971 983 3028 nobiscum
1027 2969 1320 3028 affectibus
1368 2972 1633 3040 imbutos,
1690 2973 2049 3046 eiusdemque

448 3058 738 3115 nobiscum
765 3059 1045 3132 potentiae.

525 3171 552 3196 «ι
580 3149 684 3205 Sed
699 3147 993 3206 adversum
1012 3149 1363 3222 principatus,
1390 3149 1650 3206 adversus
1671 3158 1988 3223 potestates.
2018 3177 2042 3203 υ
2081 3162 2125 3226 C

449 3235 690 3292 Perinde
732 3252 796 3293 ac
841 3241 991 3293 Deus
1033 3238 1371 3310 principatus
1413 3239 1579 3295 habet
1625 3255 1689 3296 ac
1727 3248 2049 3313 potestates,

451 3323 597 3382 hunc
651 3325 721 3382 ad
767 3326 996 3383 modum
1024 3343 1293 3400 arrogans
1315 3338 1584 3400 tyrannus
1612 3327 1928 3402 hujusmodi
1960 3348 2052 3388 or-

449 3413 605 3471 dines
642 3415 794 3473 fecit.

526 3527 551 3553 α
627 3505 908 3562 Adversus
965 3507 1156 3563 mundi
1209 3515 1466 3564 rectores.
1537 3531 1562 3556 ι»
1613 3511 1741 3565 Non
1796 3510 1945 3582 quod
1996 3511 2052 3568 in

447 3595 723 3652 mundum
751 3612 850 3653 seu
879 3606 1184 3654 creaturam
1214 3597 1591 3666 dominentur,
1621 3599 1805 3671 ejusve
1834 3599 2046 3657 domini

446 3684 557 3739 sint
589 3704 601 3740 :
629 3685 725 3742 sed
748 3687 1026 3758 Scriptura
1056 3688 1330 3745 mundum
1360 3696 1516 3744 vocat
1531 3689 1646 3760 ipsa
1672 3705 1838 3760 prava
1861 3705 2045 3762 opera,

445 3781 502 3829 et
527 3775 616 3846 qui
637 3791 701 3832 ea
725 3785 1066 3849 perpetrant,
1087 3776 1559 3850 quemadmodum
1593 3786 1649 3834 et
1681 3777 1816 3834 illud
1844 3796 1858 3832 :
1885 3802 1910 3827 α
1937 3783 2050 3836 Vos

446 3877 558 3918 non
591 3865 720 3921 estis
761 3881 827 3922 ex
863 3866 1070 3922 mundo
1123 3892 1172 3935 a,
1197 3888 1225 3917 »
1260 3866 1368 3922 hoc
1402 3872 1506 3934 est,
1555 3881 1621 3922 ex
1650 3866 1720 3922 iis
1756 3867 1850 3939 qui
1879 3883 2048 3939 prava

445 3963 759 4024 operantur.
816 3956 882 4010 In
935 3955 1039 4011 hos
1083 3955 1244 4028 igitur
1300 3953 1609 4011 voluntario
1676 3955 1734 4011 in
1800 3956 2048 4028 ipsorum

444 4042 767 4100 servitutem
827 4043 1080 4101 redactos
1149 4044 1446 4117 imperium
1515 4053 1771 4101 exercent
1833 4045 2048 4103 daemo-

445 4147 564 4188 nes.

519 4243 543 4268 α
585 4222 964 4278 Tenebrarum
990 4222 1173 4278 saeculi
1222 4221 1405 4295 hujus.
1440 4247 1466 4272 ν
1513 4223 1799 4280 Tenebras
1843 4225 2047 4298 nequi-

447 4309 579 4364 tiam
607 4309 762 4378 dicit,
810 4325 934 4382 quae
963 4310 1017 4365 in
1045 4310 1150 4367 hoc
1195 4312 1399 4368 saeculo
1428 4312 1649 4370 videtur
1687 4322 1741 4370 et
1768 4314 2046 4384 consistit;

449 4397 681 4454 ulterius
703 4406 886 4454 autem
923 4415 1037 4455 non
1073 4401 1258 4473 pergit.

527 4510 548 4537 α
604 4486 884 4544 Adversus
937 4489 1239 4561 spiritualia
1281 4491 1558 4563 nequitiae.
1619 4515 1645 4540 η
1703 4495 1822 4548 Hos
1872 4492 2043 4565 419
2077 4503 2125 4564 [)

449 4577 595 4649 ipsos
627 4578 908 4635 daemones
933 4587 1108 4636 vocat.
1143 4581 1286 4637 Cum
1311 4580 1461 4636 enim
1501 4590 1557 4637 et
1592 4581 1764 4654 angeli
1795 4582 1906 4637 sint
1937 4585 2045 4654 spi-

448 4667 609 4737 ritus,
642 4667 921 4740 apposuit,
958 4692 982 4718 α
1024 4669 1301 4742 Nequitias
1333 4689 1349 4739 ;
1391 4693 1416 4718 ιο
1447 4670 1720 4743 siquidem
1758 4671 1871 4727 illic
1917 4689 2046 4729 cum

447 4757 726 4824 bonitatis,
758 4765 878 4814 tnm
906 4757 1128 4815 luminis
1155 4767 1289 4815 sunt
1333 4757 1572 4831 spiritus.
1606 4760 1746 4831 Quia
1787 4777 1916 4818 vero
1946 4778 2049 4818 nos

446 4846 652 4904 bellum
674 4863 788 4904 non
813 4863 1003 4920 gerere
1030 4847 1328 4904 afﬁrmavit
1354 4849 1614 4906 adversus
1641 4851 1972 4923 sanguinem
1995 4859 2051 4908 et

448 4952 691 5006 carnem,
747 4953 776 4994 e
811 4938 1084 4994 contrario
1146 4938 1350 5011 adjicit,
1416 4938 1514 4995 sed
1565 4938 1826 4996 adversus
1880 4941 2046 5010 leves,

449 5026 806 5097 invincibiles,
849 5037 904 5084 et
939 5043 1035 5085 eos
1082 5028 1174 5100 qui
1225 5027 1552 5084 difﬁcillime
1601 5029 1909 5102 capiuntur,
1952 5047 2049 5102 pu-

451 5131 694 5188 gnamus
707 5161 720 5174 .

525 5231 550 5256 ‹‹
591 5210 658 5263 ln
712 5207 1047 5266 coelestibus.
1104 5231 1130 5257 ν
1184 5211 1288 5265 Per
1345 5208 1454 5266 hoc
1500 5225 1690 5266 rursus
1731 5209 2044 5267 auditorem

448 5298 670 5354 excitat.
736 5301 819 5355 De
865 5299 1103 5372 magnis,
1137 5298 1337 5371 inquit,
1381 5299 1684 5370 periculurn
1732 5308 1816 5356 est
1865 5319 1878 5355 :
1926 5317 2043 5357 non

450 5387 604 5444 enim
646 5386 717 5444 de
773 5389 1126 5444 terrestribus
1176 5397 1231 5444 et
1301 5388 1782 5460 corruptibilibus,
1825 5390 1920 5447 sed
1971 5389 2042 5447 de

522 5524 545 5548 ι
575 5515 734 5570 Joan.
765 5528 872 5581 xv,
905 5521 990 5570 19.

2159 1901 2186 1955 6
2228 1899 2412 1978 ἐχθρὸς
2454 1887 2949 1978 τὰῃᾶμαρτήματα⁶
2990 1887 3098 1956 οἷον
3123 1942 3139 1971 ,
3172 1899 3574 1978 εἰδωλολατρεῖν
3606 1917 3761 1975 φανε-

2161 1992 2258 2067 ρῶς
2307 1991 2364 2048 οὗ
2415 1989 2693 2070 παραινεῖ,
2767 1988 2884 2046 ἀλλ’
2935 1987 3126 2066 ἑτέρως
3186 1989 3317 2048 αὐτὸ
3368 1983 3760 2054 κατασκευάζει

2160 2078 2486 2154 μεθοδεύων,
2519 2078 2794 2151 τουτέστι,
2841 2077 3059 2136 πιθανὸν
3101 2077 3190 2136 τὸν
3242 2077 3398 2156 λόγον
3428 2078 3594 2135 ποιῶν
3617 2118 3632 2147 ,
3666 2073 3763 2132 καὶ

2159 2167 2564 2244 ἐπικαλύμματι
2593 2167 2889 2248 χρώμενος.
2937 2165 3042 2226 Διὰ
3079 2166 3134 2226 δὲ
3176 2173 3267 2226 τοῦ
3300 2166 3464 2234 δεῖξαι
3492 2165 3580 2224 τὸν
3611 2163 3761 2224 ἀντί-

2157 2260 2328 2316 παλον
2377 2258 2542 2318 δεινὸν
2615 2258 2746 2317 ὄντα
2795 2257 2886 2316 καὶ
2948 2255 3218 2330 ποικίλον,
3267 2256 3510 2335 διεγείρει
3574 2251 3766 2320 αὖτοὺς

2159 2347 2250 2406 καὶ
2279 2348 2462 2427 νήφειν
2493 2351 2910 2426 παρασκευάζει.

2242 2460 2269 2493 α
2305 2437 2436 2498 "Ott
2465 2440 2559 2497 οὐκ
2587 2437 2729 2496 ἔστιν
2769 2442 2900 2513 ἡμῖν
2931 2441 2966 2508 ἡ
2998 2437 3145 2508 πάλη
3182 2435 3308 2517 πρὸς
3339 2427 3476 2511 αἷμα
3502 2434 3595 2495 καὶ
3626 2433 3761 2512 σάρο

2157 2551 2248 2589 κα.
2285 2550 2312 2584 1)
2353 2528 2462 2589 Καὶ
2503 2533 2658 2587 τοῦτο
2687 2530 2780 2586 οὐκ
2821 2526 3062 2607 ἐκφοϐῶν
3109 2526 3284 2606 λέγει,
3316 2524 3454 2584 ἀλλὰ
3486 2547 3765 2605 προσεκτι-

2156 2617 2416 2696 κωτέρους
2459 2620 2642 2677 ποιῶν.
2719 2615 2787 2677 Ὁ
2839 2619 2946 2697 γὰρ
2995 2621 3086 2676 τοῦ
3149 2618 3336 2697 ἐχθροῦ
3384 2614 3480 2688 τὴν
3537 2613 3759 2692 δύναμιν

2158 2707 2519 2786 ἀφηγούμενος
2589 2707 3015 2788 ἀσφαλεστέρους
3097 2705 3242 2765 ποιεῖ
3314 2707 3434 2773 τοὺς
3508 2704 3756 2770 οἰκείους.

2157 2797 2239 2855 Οὐ
2289 2797 2418 2875 πρὸς
2473 2795 2590 2864 τοὺς
2635 2797 2890 2876 τυχόντας
2937 2797 3165 2876 ἔχομεν,
3225 2794 3415 2877 φησὶν,
3468 2791 3586 2854 οὐδὲ
3628 2793 3765 2873 πρὸς

2158 2885 2460 2966 ἀνθρώπους
2488 2887 2824 2965 ὁμοιοπαθεῖς
2853 2893 2980 2964 ἡμῖν
3015 2885 3107 2946 καὶ
3147 2883 3516 2962 ἰσοδυνάμους.

2243 3178 2271 3213 (ι
2301 3156 2462 3218 Ἀλλὰ
2515 3156 2643 3240 πρὸς
2681 3156 2776 3224 τὰς
2823 3158 3030 3239 ἀρχὰς,
3084 3156 3214 3237 πρὸς
3265 3156 3360 3224 τὰς
3411 3154 3665 3224 ἐξουσίας.
3730 3178 3759 3212 »

2157 3245 2369 3326 σΩσπερ
2416 3251 2444 3306 ὁ
2472 3249 2607 3317 Θεὸς
2651 3245 2820 3328 ἀρχὰς
2863 3249 2976 3327 ἔχει
3013 3248 3106 3306 καὶ
3165 3246 3434 3320 ἐξουσίας,
3481 3244 3621 3304 οὕτω
3671 3245 3765 3303 καὶ

2157 3341 2184 3395 ὁ
2217 3337 2425 3406 ἀλαζὼν
2455 3337 2700 3418 τύραννος
2727 3342 2949 3396 τοιαῦτα
2975 3335 3266 3407 ἐποιήσατο
3299 3335 3576 3415 τάγματα.

2247 3531 2276 3567 (ι
2310 3509 2451 3589 Πρὸς
2481 3507 2597 3576 τοὺς
2642 3507 3100 3590 κοσμοκράτορας.
3135 3531 3163 3566 ›)
3219 3511 3364 3589 Οὐχὶ
3400 3508 3518 3576 τοὺς
3549 3512 3640 3568 τοῦ
3673 3506 3763 3590 κό-

2159 3623 2328 3675 σμου,
2379 3601 2546 3677 ἤγουν
2614 3604 2706 3669 τῆς
2757 3598 2977 3666 κτίσεως
3047 3603 3374 3678 κρατοῦντας
3427 3622 3440 3635 ·
3486 3597 3604 3657 ἀλλ’
3650 3585 3766 3655 οἶδε

2156 3689 2353 3765 κόσμον
2405 3695 2438 3761 ἡ
2496 3687 2684 3770 Γραφὴ
2736 3689 2832 3756 τὰς
2865 3687 3096 3767 πονηρὰς
3147 3688 3362 3768 πράξεις
3416 3688 3622 3768 λέγειν,
3669 3686 3764 3744 καὶ

2156 3777 2274 3846 τοὺς
2305 3777 2502 3846 ταύτας
2531 3777 2807 3854 μετιόντας
2827 3825 2842 3852 ,
2877 3781 2949 3846 ὡς
2977 3777 3070 3850 τὸ,
3116 3801 3144 3835 ι(
3176 3777 3370 3855 Ὑμεῖς
3401 3779 3498 3838 οὖκ
3531 3776 3648 3836 ἐστὲ
3695 3777 3765 3834 ἐκ

2156 3873 2248 3926 τοῦ
2277 3867 2520 3943 κόσμου,
2557 3891 2587 3921 τ)
2621 3867 2886 3946 τουτέστιν
2906 3912 2920 3939 ,
2967 3868 3028 3925 ἐκ
3060 3870 3167 3924 τῶν
3211 3866 3278 3926 τὰ
3308 3865 3518 3946 πονηρὰ
3555 3863 3763 3942 μετιόν-

2156 3981 2282 4015 των.
2335 3956 2553 4016 Τούτων
2607 3945 2697 4013 οῦν
2749 3961 3032 4036 κρατοῦσιν
3077 3959 3124 4015 οἱ
3181 3955 3466 4036 δαίμονες,
3519 3951 3766 4033 αὐθαιρέ-

2155 4069 2260 4113 τως
2288 4043 2764 4105 ὓποδουλωθέντων
2796 4047 2847 4084 ⁷⁷
2875 4047 3071 4114 αὐτοῖς.

2246 4247 2269 4271 α
2300 4221 2410 4280 Τοῦ
2441 4219 2656 4286 σκότους
2704 4224 2798 4279 τοῦ
2851 4221 3038 4287 αἰῶνος
3089 4218 3296 4281 τούτου.
3335 4242 3365 4277 ))
3416 4219 3614 4285 Σκότος
3663 4219 3763 4290 τὴν

2157 4307 2412 4389 πονηρίαν
2465 4309 2652 4390 φησὶν,
2708 4307 2824 4380 ἥτις
2873 4310 2927 4368 ἐν
2973 4313 3049 4388 τῷ
3097 4311 3250 4368 αἰῶνι
3301 4308 3473 4391 τούτῳ
3516 4307 3763 4390 φαίνεται

2157 4401 2249 4461 καὶ
2279 4399 2610 4458 συνίσταται·
2646 4397 2943 4480 περαιτέρω
2976 4398 3030 4457 δὲ
3075 4401 3132 4457 οὗ
3163 4398 3393 4479 πρόεισι.

2246 4513 2276 4548 (ι
2308 4489 2448 4568 Πρὸς
2479 4487 2545 4546 τὰ
2590 4487 2935 4566 πνευματικὰ
2985 4491 3080 4560 τῆς
3131 4488 3410 4566 πονηρίας.
3455 4515 3479 4541 υ
3534 4487 3767 4554 Τούτους

2158 4579 2344 4645 αὐτοὺς
2390 4577 2509 4647 τοὺς
2560 4577 2815 4655 δαίμονάς
2867 4602 3047 4658 φησιν.
3109 4577 3336 4650 Ἐπειδὴ
3380 4578 3484 4658 γάρ
3525 4579 3627 4636 εἰσι
3671 4577 3767 4635 καὶ

2158 4673 2202 4730 οἱ
2253 4670 2469 4749 ἄγγελοι
2515 4673 2759 4744 πνεῦμα,
2804 4668 3100 4747 προσέθηκε
3136 4687 3149 4701 ⁸
3197 4689 3229 4725 (ι
3261 4670 3377 4740 Τῆς
3413 4667 3690 4748 πονηρίας·
3730 4688 3758 4724 τι

2157 4763 2345 4820 ἐκεῖνοι
2396 4757 2536 4838 γὰρ,
2582 4758 2911 4834 ἀγαθότητος
2964 4757 3055 4815 καί
3100 4755 3270 4838 φωτὸς
3321 4757 3620 4834 πνεύματα.
3675 4759 3767 4817 Εἰ-

2158 4848 2271 4908 πὼν
2301 4848 2389 4920 δὲ,
2443 4837 2523 4905 ὅτι
2563 4848 2623 4905 οὗ
2653 4848 2993 4924 πολεμοῦμεν
3043 4845 3171 4925 πρὸς
3221 4837 3356 4925 αἷμα
3413 4847 3506 4905 καὶ
3546 4845 3722 4926 σάρκα
3745 4889 3762 4921 ,

2160 4934 2578 4998 ἆντιδιαστέλλει
2599 4981 2614 5010 ,
2650 4937 2740 4995 καὶ
2783 4960 2942 5017 φησιν
2963 4981 2979 5011 ,
3015 4936 3096 4996 ὅτι
3123 4935 3284 4996 Ἀλλὰ
3316 4935 3449 5016 πρὸς
3493 4934 3760 5016 κούφους,

2157 5028 2248 5087 καὶ
2280 5025 2558 5097 ἀνικήτους
2589 5026 2642 5065 ⁷⁸
2672 5024 2764 5084 καὶ
2792 5025 3133 5094 δυσαλώτους
3159 5025 3465 5106 μαχόμεθα.

2240 5221 2270 5257 (ι
2305 5198 2399 5260 Ἐν
2434 5199 2541 5266 τοῖς
2570 5197 2923 5280 ἐπουρανίοις.
2963 5221 2991 5256 ›)
3037 5199 3140 5258 Διὰ
3185 5201 3338 5257 τοῦτο
3365 5197 3526 5256 πάλιν
3574 5196 3765 5276 διεγεί-

2159 5313 2235 5369 ρει
2265 5289 2356 5348 τὸν
2389 5287 2682 5368 ἀκροατήν.
2725 5288 2863 5366 Περὶ
2908 5287 3158 5363 μεγάλων
3192 5288 3322 5368 γὰρ,
3373 5286 3560 5368 φησὶν,
3589 5290 3617 5344 δ
3645 5286 3763 5345 κίν-

2157 5382 2340 5454 δυνος,
2389 5379 2448 5437 οὗ
2505 5376 2628 5459 περὶ
2679 5377 2930 5456 ἐπιγείων
2984 5376 3078 5436 καὶ
3131 5380 3405 5458 φθαρτῶν,
3467 5376 3602 5435 ἀλλὰ
3658 5379 3765 5434 τῶν

1844 5605 2031 5666 Variae
2076 5607 2374 5666 lectiones.

524 5725 567 5761 ⁷⁵
602 5726 690 5793 τὴν
722 5727 983 5798 μεθοόείαν
1022 5744 1077 5785 ο.
1155 5727 1198 5762 ἰϐ
1223 5728 1307 5782 καὶ
1335 5745 1390 5786 ο,
1468 5727 1510 5761 77
1535 5729 1602 5792 ὡς
1626 5728 1858 5786 ὓποδουλ.
1891 5746 1950 5788 0.

2033 5731 2076 5764 "‘3
2105 5729 2383 5795 εὖκινήτους
2403 5743 2457 5785 0.
