4124 6416
380 370 517 422 1129

1236 366 1586 425 EXPOSITIO
1624 367 1690 423 IN
1727 364 1939 422 EPIST.
1979 364 2071 420 AD
2110 364 2349 420 EPHES.
2387 392 2458 406 —
2495 366 2645 420 CAP.
2689 365 2774 421 XI.

3548 370 3679 424 H30

373 490 715 572 ἐπουρανίων.
765 490 845 552 Τὸ
875 490 1016 572 γὰρ,
1072 518 1095 545 α
1130 494 1213 569 ἐν,
1248 520 1274 548 ιο
1305 495 1421 555 ἀντὶ
1470 498 1593 568 τοῦ,
1644 493 1806 574 ὑπὲρ,
1857 491 1980 551 ἔστι

2087 490 2399 547 coelestibus
2441 507 2530 549 res
2588 490 2786 563 agitur.
2829 491 3155 563 Prapositio
3187 492 3337 549 enim
3368 515 3393 541 «ι
3435 492 3491 548 in
3537 516 3563 542 ν
3597 500 3681 550 est

370 582 463 641 xui
492 586 613 657 τοῦ,
660 582 777 642 διά’
820 582 951 641 ὡσεὶ
982 580 1156 662 ἔλεγε·
1210 582 1314 645 Διὰ
1361 585 1428 645 τὰ
1479 584 1769 664 ἐπουράνια
1816 584 1973 644 πολε-

374 679 573 749 μοῧμεν
591 717 609 748 ,
633 671 723 731 καὶ
753 670 839 731 διὰ
867 677 1020 732 τοῦτο
1045 671 1225 755 νήφειν
1255 674 1385 755 χρή.

460 873 488 909 α
521 849 625 912 Διὰ
656 859 806 912 τοῦτο
837 852 1125 913 ἀνελάϐετε
1170 852 1265 925 τὴν
1314 854 1618 914 πανοπλίαν
1668 860 1763 916 τοῖι⁸
1794 857 1971 931 Θεοῦ,

370 939 458 999 ἵνα
502 942 759 1014 δυνηθῆτε
800 943 1110 1015 ἀντιστῆναι
1151 946 1203 1002 ἐν
1237 948 1303 1022 τῇ
1338 943 1513 1026 ἡμέρᾳ
1550 949 1614 1025 τῇ
1662 956 1893 1027 πονηρᾷ.
1940 972 1968 1005 n

371 1029 696 1105 Τουτέστιν,
746 1034 799 1090 ἐν
832 1035 908 1112 τῷ
938 1031 1161 1112 παρόντι
1191 1035 1344 1092 αἰῶνι
1367 1034 1449 1089 7°.
1480 1039 1663 1095 τοῦτον
1694 1035 1798 1115 γὰρ
1828 1034 1974 1112 ἡμέ-

378 1146 473 1203 ραν
514 1120 749 1202 πονηράν
778 1145 967 1201 φησιν,
1000 1123 1106 1182 ἀπὸ
1132 1127 1238 1183 τῶν
1266 1124 1319 1180 ἐν
1363 1124 1509 1204 αὐτῷ
1546 1124 1841 1202 γινομένων
1873 1148 1973 1185 xu-

373 1214 505 1270 κῶν.
541 1213 947 1290 Παραμυθεῖται
999 1211 1053 1270 δὲ
1106 1212 1199 1271 xui
1252 1212 1358 1271 ἀπὸ
1409 1219 1502 1273 τοῦ
1551 1212 1718 1283 δεῖξαι
1769 1213 1975 1294 βραχὺν

373 1299 500 1359 ὄντα
551 1299 637 1359 τὸν
662 1305 753 1358 τοῦ
800 1298 1036 1376 πολέμου
1091 1301 1295 1382 καιρόν.
1332 1301 1438 1362 Διὰ
1471 1301 1574 1384 γὰρ
1626 1308 1721 1363 τοῦ
1765 1302 1973 1384 ἡμέραν

376 1390 569 1462 εἰπεῖν,
598 1390 659 1449 τὸ
685 1388 860 1471 βραχὺ
890 1389 1141 1461 ἐδήλωσε.

461 1508 487 1532 ι
518 1480 626 1540 Καὶ
677 1478 890 1539 ἅπαντα
933 1480 1392 1561 κατεργασάμενοι
1436 1485 1644 1554 στῆναι.
1676 1512 1701 1536 υ
1730 1482 1976 1545 Ἅπαντα

378 1568 447 1627 τὰ
476 1571 651 1642 πάθη,
703 1568 794 1628 καὶ
837 1568 931 1637 τὰς
969 1570 1200 1638 ἀτόπους
1257 1572 1539 1650 ἐπιθυμίας
1571 1574 1978 1655 κατεργασάμε-

378 1682 488 1732 νοι,
518 1658 755 1718 τουτέστι
783 1659 1354 1738 καταπολεμήσαντες,
1390 1662 1720 1729 καθελόντες.
1751 1663 1975 1736 Ἐπειδὴ

380 1747 435 1807 δὲ
466 1749 654 1809 πολλοὶ
682 1747 818 1825 μετὰ
844 1749 904 1807 τὸ
929 1754 1146 1821 νικῆσαι
1171 1749 1390 1827 ἔπεσον,
1418 1750 1587 1832 φησί·
1618 1774 1649 1812 ε(
1680 1755 1903 1823 Στῆναι.
1940 1777 1972 1809 »

2082 596 2203 653 pro,
2251 597 2433 654 super,
2499 580 2603 648 vel,
2653 585 2895 653 pr0pter:
2944 588 3007 636 ut
3054 581 3126 637 sit
3176 583 3494 639 sententia:
3545 584 3681 640 Pro-

2082 679 2203 742 pter
2227 671 2472 727 coelestia
2510 670 2914 743 belligeramus,
2973 669 3208 743 ideoque
3251 672 3472 744 vigilare
3513 687 3678 746 opor-

2080 769 2179 816 tet.

2148 853 2331 914 Vens,
2380 857 2464 907 13.
2517 873 2541 899 ‹‹
2574 853 2872 922 Propterea
2914 850 3145 923 accipite
3173 860 3512 908 armaturam
3544 852 3666 922 Dei,

2082 949 2144 996 ut
2179 939 2399 1012 possitis
2428 939 2688 998 resistere
2712 941 2770 995 in
2810 938 2899 996 die
2926 940 3095 997 malo.
3141 964 3167 990 ι
3202 942 3325 997 Hoc
3349 949 3434 997 est
3461 941 3517 996 in
3540 957 3678 1013 prae-

2082 1032 2227 1087 senti
2263 1032 2466 1089 saeculo
2509 1051 2521 1087 :
2567 1032 2673 1088 hoc
2718 1031 2867 1089 enim
2916 1030 3065 1089 diem
3103 1033 3313 1089 malum
3357 1032 3614 1105 appellat,
3647 1048 3679 1087 a

2081 1121 2238 1177 malis
2263 1121 2531 1177 nimirum
2568 1136 2692 1194 qua:
2720 1121 2774 1177 in
2801 1121 2916 1193 ipso
2946 1120 3104 1178 ﬁunt.
3135 1122 3466 1179 Consolatur
3494 1130 3680 1178 autem

2082 1226 2178 1283 per
2206 1210 2330 1279 hoc,
2372 1210 2521 1283 quod
2567 1210 2821 1268 ostendat
2873 1210 3037 1267 breve
3065 1210 3367 1268 admodum
3409 1227 3527 1268 esse
3553 1211 3679 1267 belli

2081 1307 2348 1373 tempus:
2387 1316 2514 1357 cum
2553 1300 2704 1358 enim
2748 1299 2899 1358 diem
2946 1300 3107 1370 dixit,
3160 1300 3484 1358 brevitatem
3528 1300 3679 1357 indi-

2082 1390 2241 1447 cavit.

2153 1521 2178 1547 ιι
2202 1500 2274 1555 Et
2299 1498 2566 1555 omnibus
2587 1497 2852 1555 confectis
2871 1506 3034 1555 stare.
3060 1519 3087 1550 ι»
3113 1498 3392 1555 Omnibus
3416 1498 3683 1554 nimirum

2082 1587 2376 1645 affectibus
2427 1597 2486 1645 et
2530 1589 2709 1659 pravis
2753 1587 3147 1660 cupiditatibus
3184 1588 3475 1657 confectis,
3518 1589 3577 1645 id
3602 1596 3687 1644 est

2081 1676 2389 1745 debellatis,
2442 1678 2656 1735 ablatis.
2711 1677 3175 1750 Quandoquidem
3245 1694 3373 1735 vero
3440 1678 3686 1750 plerique

2086 1775 2210 1839 post
2234 1767 2520 1823 victoriam
2554 1766 2894 1836 ceciderunt,
2924 1790 2949 1816 α
2993 1769 3167 1836 Stare,
3207 1790 3231 1816 ν
3270 1766 3500 1825 addidit.
3520 1770 3689 1839 [Opus

380 1838 477 1930 Δεῖ
508 1837 611 1918 γὰρ
661 1837 921 1930 μετὰ-τὴν
953 1838 1104 1909 νίκην
1149 1839 1411 1930 στάσεως,
1457 1839 1543 1930 ἵνα
1576 1842 1649 1919 μή
1696 1846 1723 1900 ὁ
1753 1841 1977 1914 νικηθεὶς

2088 1837 2172 1912 est
2194 1857 2342 1913 enim
2368 1865 2492 1930 post
2517 1856 2806 1912 victoriam
2824 1866 2875 1912 et
2885 1856 2995 1913 iam
3017 1856 3388 1925 consistentia,
3424 1873 3492 1912 ne
3512 1837 3689 1914 victus

379 1928 539 1988 πάλιν
563 1926 995 2007 ἀναμαχέσηται.
1036 1930 1100 1988 ΙΞί
1124 1929 1225 2009 γὰρ
1265 1929 1677 2011 ῥᾳθυμήσομεν,
1726 1932 1978 2004 ἀναζήσει

380 2017 591 2084 πάντως
620 2020 648 2074 ὁ
692 2016 971 2097 νεκρωθεὶς
996 2018 1051 2056 ⁸ο
1076 2017 1275 2097 ἐχθρός.
1306 2017 1455 2101 Ὅρα
1510 2019 1597 2097 δὲ,
1637 2018 1717 2080 ὅτι
1761 2021 1979 2080 δυνατὸν

379 2107 438 2166 τὸ
485 2108 916 2186 κατεργάσασθαι
967 2107 1060 2165 xui
1118 2112 1343 2180 στῆναι,
1410 2109 1499 2168 xui
1555 2112 1651 2169 οὐκ
1702 2109 1977 2191 ὀφείλομεν

379 2196 561 2255 λοιπὸν
626 2197 911 2277 ῥᾳθυμεῖν,
986 2198 1434 2277 προφασιζόμενοι
1508 2201 1590 2258 ὅτι
1662 2199 1873 2259 δυνατοὶ
1930 2204 1978 2259 οἱ

382 2285 579 2367 ἐχθροί.
633 2284 743 2345 Καὶ
771 2284 874 2365 γὰρ
910 2285 1385 2365 ἐνεδυναμώθημεν
1406 2335 1423 2363 ,
1478 2287 1567 2347 καὶ
1602 2289 1852 2363 τοιαύτην
1884 2290 1975 2350 τέ-

380 2400 514 2457 χνην
550 2374 908 2455 ἐδιδάχθημεν
933 2375 978 2410 ⁸⁸
1007 2424 1024 2454 ,
1066 2375 1207 2436 ὥστε
1248 2376 1342 2436 καὶ
1370 2376 1500 2457 πρὸς
1528 2378 1781 2455 δαίμονας
1818 2379 1977 2439 δύνα-

383 2470 505 2525 σθαι
533 2465 782 2525 παλαίειν
809 2488 822 2501 ·
852 2466 1057 2542 μᾶλλον
1094 2466 1148 2524 δὲ
1193 2466 1311 2525 οὐδὲ
1341 2467 1591 2527 παλαίειν
1609 2512 1625 2540 ,
1673 2470 1792 2526 ἀλλ’
1817 2469 1978 2537 οὕτως

382 2545 513 2614 εἶναι
546 2554 760 2637 φοϐεροὶ
808 2558 915 2622 τοῖς
960 2555 1209 2634 δαίμοσι,
1248 2556 1335 2616 διὰ
1378 2557 1474 2629 τὴν
1527 2562 1619 2617 τοῦ
1661 2560 1979 2626 ἐνοικοῦντος

382 2648 432 2703 ἐν
466 2650 591 2720 ἡμῖν
644 2644 896 2723 δύναμιν,
956 2644 1093 2704 ὥστε
1146 2645 1280 2723 μηδὲ
1331 2646 1506 2720 πάλης
1552 2648 1784 2725 δεῖσθαι,
1840 2649 1978 2707 ἀλλὰ

380 2737 566 2793 πατεῖν
594 2734 777 2795 ἐπάνω
814 2734 982 2818 ὄφεων
1033 2734 1457 2819 καὶᾼσκορπίων.
1504 2740 1556 2797 Τ
1558 2743 1694 2796 αῦτα
1749 2737 1803 2797 δὲ
1837 2737 1979 2816 λέγει

389 2827 632 2903 Παῦλος,
689 2815 871 2897 ἐπειδῆ
915 2825 1102 2885 πολλοὶ
1130 2815 1280 2898 ἦσαν*
1318 2828 1365 2884 οἱ
1396 2826 1743 2904 ἀντικείμενοι
1774 2815 1977 2901 αὐτοῖς,

382 2914 645 2974 διδάσκων
689 2912 769 2972 ὅτι
812 2916 861 2973 οἱ
918 2914 1165 2989 δαίμονες
1216 2918 1348 2992 ἡμῖν
1402 2918 1695 2993 πολεμοῦσι
1752 2915 1838 2975 διὰ
1874 2918 1977 2995 μὲ-

382 3028 487 3063 σων
534 3003 804 3065 αὐτῶνθ.
847 2985 1026 3064 ”Ωστε
1062 3005 1137 3081 μὴ
1180 2985 1290 3072 toi;
1336 2985 1628 3087 ἀνθρώποις
1678 2985 1979 3089 ὀργίζεσθε,
2007 2985 2056 3050 C

379 3092 515 3152 ἀλλὰ
543 3094 673 3176 πρὸς
700 3093 818 3161 τοὺς
847 3093 1103 3173 δαίμονας
1133 3095 1550 3176 αὖστηρεύεσθε.

463 3394 487 3416 σι
521 3367 694 3436 Στῆτε
736 3354 825 3424 οὖν
872 3365 1296 3445 περιζωσάμενοι
1342 3366 1438 3438 τὴν
1497 3366 1662 3448 ὀσφὺν
1718 3370 1868 3446 ὑμῶν
1928 3373 1981 3429 ἐν

382 3454 625 3535 ἀληθείᾳ.
663 3481 685 3507 ι
727 3453 821 3514 Ἐν
866 3463 974 3522 τοῖς
1015 3464 1281 3523 τακτικοῖς
1333 3455 1540 3536 πρῶτόν
1590 3459 1702 3516 ἐστι
1740 3458 1801 3517 τὸ
1843 3460 1980 3520 εἰδέ-

382 3568 467 3603 ναι
497 3544 715 3603 ἑστάναι
746 3547 919 3611 καλῶς
943 3567 959 3582 ο
1000 3544 1089 3602 διὰ
1127 3550 1280 3604 τοῦτο
1310 3548 1525 3612 Παῦλος
1561 3545 1685 3625 περὶ
1714 3551 1807 3619 τῆς
1837 3549 1975 3607 στάς-

384 3659 512 3702 σεως
545 3635 796 3714 παραινεῖ
820 3633 1041 3713 [λέγων]
1074 3639 1314 3715 πρῶτον,
1336 3638 1520 3694 στάσιν
1548 3639 1788 3694 ἀπαιτῶν
1822 3637 1982 3698 εὔτα-

381 3749 541 3797 κτον,
599 3723 691 3782 καὶ
741 3723 1091 3803 στρατιώταις
1146 3723 1481 3803 πρέπουσαν,
1538 3725 1629 3784 καὶ
1674 3725 1857 3807 ὀρθήν.
1912 3726 1981 3789 Ὁ

381 3811 483 3895 γὰρ
529 3816 607 3893 τῷ
662 3813 773 3872 ὄντι
830 3811 995 3880 ἑστὼς
1061 3813 1209 3894 ὀρθὸς
1258 3812 1516 3889 ἕστηκεν,
1569 3817 1664 3874 οὐκ
1715 3818 1978 3878 ἐπικλινό-

386 3904 538 3979 μενός
560 3903 610 3939 ⁸³
640 3926 775 3962 τινι·
816 3904 889 3969 ὣς
907 3901 937 3961 ὅ
959 3926 1018 3981 γε
1041 3904 1117 3981 μὴ
1144 3902 1311 3972 ἑστὼς
1361 3903 1477 3963 οὐδὲ
1508 3905 1653 3985 ὀρθός
1676 3906 1842 3963 ἐστιν’
1873 3897 1978 3967 οἷον

380 3993 659 4073 ὁλάγνος,
712 3995 739 4050 δ
780 3992 1208 4072 φιλοχρήματος,
1261 3996 1558 4076 δτρυφῶν,
1614 3997 1713 4074 οὐχ
1763 3991 1980 4057 ἵσταται

379 4082 560 4161 ὀρθὸς,
591 4080 730 4141 ἀλλὰ
761 4082 1024 4144 κέκλιται.
1076 4081 1229 4142 Μετὰ
1264 4082 1321 4141 δὲ
1370 4083 1464 4156 τὴν
1514 4084 1699 4144 στάσιν
1758 4084 1978 4154 ζώννυσι

382 4170 470 4230 τὸν
519 4170 850 4252 στρατιώτην
896 4174 1094 4242 νοητῶς
1123 4170 1336 4240 πάντως
1370 4172 1454 4244 εί,
1511 4174 1603 4233 καὶ
1647 4175 1979 4256 περισφίγγει

380 4264 468 4319 τὸν
495 4261 799 4343 διαρῤέοντα
832 4259 883 4299 ⁸⁵
938 4260 1029 4321 xui
1074 4262 1567 4343 διακεχαλασμένον
1624 4272 1739 4332 ταῖς
1794 4269 1981 4326 ἐπιθυ-

2092 1963 2275 2003 rursus
2298 1945 2367 2002 ad
2389 1945 2822 2019 oppugnandum
2862 1946 3127 2019 insurgat.
3161 1946 3214 2002 Si
3245 1946 3391 2001 enim
3437 1945 3510 2001 ad
3567 1954 3687 2001 tor-

2091 2052 2280 2105 porem
2327 2034 2462 2107 lapsi
2524 2034 2813 2103 fuerimus,
2882 2035 3166 2092 reviviscet
3218 2036 3429 2091 occisus
3489 2035 3683 2092 hostis.

2088 2126 2328 2182 Observa
2377 2133 2562 2181 autem
2610 2124 2760 2197 quod
2823 2123 3076 2196 possibile
3138 2133 3222 2180 est
3272 2133 3336 2178 ut
3394 2125 3691 2181 vincamus

2087 2223 2252 2287 atque
2294 2215 2681 2283 consistamus,
2734 2222 2790 2270 et
2833 2229 2945 2270 non
2986 2213 3254 2270 debemus
3299 2213 3356 2269 in
3404 2222 3690 2287 posterum

2088 2320 2202 2361 esse
2243 2303 2483 2374 desides,
2547 2311 2907 2377 praetexentes
2964 2302 3224 2360 fortiores
3290 2318 3411 2360 esse
3481 2303 3689 2372 hostes,

2088 2409 2258 2466 quam
2287 2394 2486 2466 quibus
2525 2394 2776 2450 resistere
2801 2409 3093 2466 queamus.
3128 2392 3349 2450 Etenim
3387 2392 3691 2451 confortati

2086 2499 2296 2551 sumus,
2339 2499 2404 2539 ac
2433 2482 2581 2538 docti
2611 2498 2802 2539 sumns
2824 2482 2988 2538 talem
3019 2490 3217 2550 artem,
3250 2490 3312 2537 ut
3346 2490 3403 2538 et
3425 2480 3694 2539 adversus

2087 2571 2371 2628 daemones
2396 2571 2587 2627 luctari
2618 2588 2887 2643 queamus
2919 2592 2930 2625 :
2957 2571 3071 2627 imo
3100 2588 3216 2627 non
3242 2571 3426 2627 solum
3455 2571 3692 2640 luctari,

2090 2678 2275 2718 verum
2302 2661 2467 2718 etiam
2505 2669 2665 2716 tanto
2690 2661 2890 2717 terrori
2918 2676 3036 2717 esse
3062 2659 3442 2726 daemonibus,
3468 2670 3695 2734 propter

2087 2752 2204 2820 ejus
2231 2751 2323 2823 qui
2367 2750 2426 2805 in
2456 2749 2615 2806 nobis
2657 2749 2871 2806 habitat
2905 2749 3177 2819 virtutem,
3206 2759 3270 2806 ut
3296 2766 3369 2806 ne
3399 2750 3552 2807 lucta
3580 2751 3695 2823 qui-

2087 2840 2215 2895 dem
2246 2856 2381 2913 opus
2428 2840 2518 2909 sit,
2562 2839 2659 2896 sed
2687 2855 2853 2912 supra
2896 2848 3179 2913 serpentes
3222 2848 3277 2896 et
3306 2841 3550 2912 scorpios
3578 2857 3697 2913 gra-

2086 2929 2330 2998 diamur,
2385 2944 2589 2999 eosque
2661 2928 3063 2985 conculcemus.
3132 2931 3268 2985 Haec
3324 2937 3512 2986 autem
3562 2930 3699 2986 dicit

2094 3020 2312 3087 Paulus,
2341 3033 2408 3075 eo
2433 3016 2585 3091 quod
2616 3018 2778 3074 multi
2806 3026 2991 3074 essent
3044 3027 3387 3091 opponentes
3413 3033 3530 3076 sese
3557 3019 3693 3085 illis;

2090 3108 2293 3167 docens
2322 3107 2472 3181 quod
2495 3107 2783 3165 daemones
2808 3107 3097 3165 nobiscum
3144 3107 3363 3165 illorum
3389 3108 3695 3165 interventu

2091 3198 2374 3255 dimicent.
2407 3200 2599 3270 Itaque
2626 3196 2951 3255 hominibus
2986 3214 3058 3254 ne
3095 3196 3416 3268 irascimini,
3446 3197 3541 3255 sed
3579 3197 3696 3256 da:—

2092 3288 2347 3345 monibus
2374 3288 2755 3344 austeritatem
2785 3297 3027 3344 vestram
3066 3286 3338 3345 exhibete.

2161 3381 2340 3434 Vens.
2368 3384 2428 3432 l4
2456 3399 2481 3427 (ι
2509 3379 2658 3433 State
2681 3392 2814 3449 ergo
2835 3378 3217 3434 circumcincti
3241 3378 3465 3435 lumbos
3490 3387 3699 3437 vestros

2089 3466 2143 3521 in
2172 3466 2420 3523 veritate.
2452 3488 2478 3515 ι»
2529 3467 2587 3521 ln
2628 3465 2791 3521 rebus
2829 3466 3037 3522 bellicis
3081 3467 3322 3537 primum
3359 3477 3443 3523 est
3479 3469 3694 3524 novisse

2089 3557 2227 3612 bene
2291 3564 2457 3612 stare.
2510 3558 2809 3626 Propterea
2876 3555 3079 3611 Paulus
3136 3556 3394 3612 stationis
3454 3558 3696 3629 primum

2089 3645 2363 3712 meminit,
2392 3652 2446 3700 et
2485 3644 2553 3700 ad
2602 3659 2726 3699 eam
2756 3643 3106 3711 adhortatur,
3133 3645 3438 3702 stationem
3475 3647 3699 3719 exigens

2089 3733 2260 3806 probe
2324 3731 2658 3799 ordinatam,
2716 3730 3096 3802 militibusque
3155 3731 3575 3789 convenientem
3639 3742 3696 3791 et

2089 3831 2345 3879 erectam.
2394 3822 2498 3892 Qui
2548 3820 2694 3877 enim
2739 3835 2927 3876 revera
2968 3826 3095 3887 stat,
3152 3827 3368 3877 erectus
3405 3828 3531 3891 stat,
3575 3838 3692 3879 non

2087 3912 2326 3969 innitens
2372 3911 2653 3984 cuipiam;
2711 3908 3185 3982 quemadmodum
3214 3910 3257 3965 is
3303 3910 3399 3983 qui
3423 3926 3533 3967 non
3563 3920 3691 3984 stat,

2087 4018 2263 4075 neque
2295 4011 2477 4058 rectus
2522 4009 2605 4057 est
2646 4020 2659 4058 :
2703 4009 2766 4057 ut
2814 3999 3065 4066 lascivus,
3098 4008 3155 4055 et
3178 3999 3530 4071 pecuniarum
3551 4017 3695 4059 ama-

2090 4103 2197 4160 tor,
2236 4101 2291 4149 et
2318 4092 2412 4165 qui
2437 4091 2497 4147 in
2526 4090 2733 4146 deliciis
2762 4097 3026 4158 versatur,
3059 4105 3175 4145 non
3209 4097 3316 4145 stat
3362 4099 3544 4146 rectus
3597 4090 3696 4149 sed

2088 4182 2324 4239 inﬂexus
2351 4189 2453 4237 est.
2496 4179 2707 4236 Edocta
2748 4179 3002 4248 statione,
3026 4178 3197 4251 cingit
3226 4177 3423 4235 deinde
3450 4179 3691 4238 militem

2088 4272 2443 4345 spiritualiter
2472 4270 2724 4340 omnino,
2766 4286 2830 4325 ac
2854 4268 3235 4341 circumcingit
3261 4267 3614 4328 diffluentem
3641 4281 3697 4328 et

385 4349 564 4427 μίαις,
596 4349 934 4410 ἀναστέλλων
976 4350 1063 4410 διὰ
1094 4355 1187 4422 τ’ῆς
1218 4352 1403 4424 ζώνης.
1441 4352 1645 4434 Ὀσφὺν
1676 4354 1729 4412 δὲ
1763 4356 1980 4416 ἐνταῦθά

2092 4363 2338 4419 solutum
2375 4362 2430 4417 in
2470 4359 2951 4432 concupiscentiis,
3022 4376 3117 4431 per
3179 4357 3352 4431 420
3415 4360 3694 4433 cingulum

384 4464 514 4520 φησι
544 4439 641 4512 τὴν
664 4445 759 4512 τῆς
786 4443 961 4521 ψυχῆς
991 4439 1197 4500 εὔτονον
1230 4441 1322 4499 xui
1354 4441 1414 4500 τὸ
1444 4451 1550 4503 πᾶν
1585 4443 1978 4516 διαϐαστάζου-

384 4553 481 4589 σαν
519 4529 761 4608 δύναμιν,
793 4528 892 4597 ⁴Ως
932 4528 1035 4611 γὰρ
1072 4533 1102 4601 ἡ
1158 4529 1342 4612 τρόπις
1372 4531 1458 4591 ἐπὶ
1498 4535 1601 4590 τῶν
1646 4537 1819 4612 νηῶν,
1843 4536 1981 4595 οὕτω

381 4616 473 4679 καὶ
502 4618 591 4678 ἐπὶ
621 4625 713 4679 τοῦ
762 4618 955 4693 ζώουὴ
998 4610 1201 4700 ὀσφὺς,
1223 4610 1330 4679 οἶόν
1377 4645 1456 4687 τις
1507 4621 1768 4696 θεμέλιος.
1806 4610 1981 4686 νυΟθεν

383 4708 476 4767 καὶ
504 4708 760 4778 πολλάκις
809 4707 1067 4786 καμόντες
1087 4752 1103 4780 ,
1154 4707 1251 4776 τὰς
1290 4718 1475 4791 χεῖρας
1508 4712 1592 4769 ἐπ’
1612 4712 1778 4784 αὐτὴν
1811 4712 1982 4782 θέντες

384 4796 808 4876 διαϐαστάζομεν
863 4797 1101 4867 ἑαυτούς.
1162 4796 1323 4858 Οὕτω
1378 4800 1470 4859 xui
1518 4804 1551 4871 ἡ
1613 4802 1779 4875 νοητὴ
1822 4802 1983 4885 ὀσφὺς

387 4887 527 4967 ἔχει,
569 4887 635 4961 ἣν
664 4888 866 4950 κελεύει
909 4887 1151 4958 ζωννύειν
1190 4889 1244 4946 ἐν
1276 4889 1499 4970 ἀληθείᾳ
1519 4935 1534 4963 ,
1563 4896 1631 4972 τῇ
1661 4915 1718 4949 τε
1748 4892 1886 4951 κατὰ
1916 4892 1982 4952 τὰ

387 4978 662 5056 δόγματα,
718 4977 896 5058 xui
926 4977 1064 5036 κατὰ
1099 4979 1187 5037 τὸν
1223 4979 1356 5057 βίον.
1402 4980 1591 5047 Οὐδεὶς
1620 4981 1721 5062 γὰρ
1750 4986 1854 5041 τῶν
1903 4983 1985 5043 αἱ·

389 5070 608 5145 ρετικῶν
642 5067 900 5137 ζώννυται
959 5068 1012 5126 ἐν
1041 5067 1296 5150 ἀληθείᾳ,
1357 5068 1495 5127 ἀλλὰ
1534 5068 1682 5128 κάτω
1736 5070 1984 5152 σύρονται

388 5156 509 5235 περὶ
537 5156 632 5229 τὴν
662 5163 796 5238 γῆν,
840 5157 988 5216 οὐδὲν
1035 5158 1233 5238 ὑψηλὸν
1276 5162 1461 5231 νοῆσαι
1508 5160 1820 5239 δυνάμενοι,
1866 5162 1987 5221 ἀλλ’

388 5246 727 5326 ἀνθρωπίνοις
773 5248 1048 5327 λογισμοῖς
1080 5248 1171 5306 καὶ
1221 5247 1369 5308 κάτω
1402 5249 1710 5330 συρομένοις
1762 5250 1830 5309 τὰ
1864 5256 1980 5312 θεῖα

391 5332 734 5406 ἐξετάζοντες.
779 5335 943 5397 Ἀλλὰ
975 5336 1066 5397 καὶ
1111 5339 1159 5396 οἱ
1201 5337 1340 5398 κατὰ
1368 5338 1456 5397 τὸν
1508 5339 1619 5419 βίον
1671 5336 1977 5423 σφαλλόμε-

390 5447 500 5502 νοι,
543 5425 635 5486 xui
792 5425 971 5509 ἀπάτῃ
1027 5431 1119 5486 τοῦ
1164 5426 1805 5511 κόσμουπροσέχοντες,
1862 5430 1982 5491 οὐδὲ

2091 4452 2372 4509 cohibens.
2403 4450 2653 4507 Lumbos
2692 4458 2881 4506 autem
2922 4448 3017 4505 hic
3063 4447 3201 4505 dicit
3240 4448 3438 4505 animae
3472 4449 3697 4507 fortitu-

2088 4542 2275 4600 dinem
2302 4549 2357 4598 et
2400 4539 2705 4614 potentiam
2746 4539 2817 4596 ad
2840 4537 3029 4595 omnia
3066 4533 3380 4595 ferendum.
3414 4540 3692 4609 Quemad-

2089 4631 2326 4689 modum
2351 4630 2503 4687 enim
2531 4628 2713 4686 carina
2748 4635 2833 4685 est
2869 4627 2929 4683 in
2964 4625 3212 4696 navibus,
3257 4626 3331 4683 ita
3373 4625 3430 4681 in
3469 4627 3689 4684 animali

2091 4721 2336 4792 lumbus,
2376 4719 2545 4777 veluti
2578 4719 2844 4775 nimirum
2878 4715 3303 4774 fundamentum
3346 4715 3629 4789 quoddam
3671 4736 3688 4771 :

2088 4811 2235 4868 unde
2264 4819 2319 4868 et
2340 4824 2722 4884 saepenumero
2755 4806 2977 4874 defessi,
3005 4805 3259 4862 manibus
3285 4820 3450 4878 super
3480 4805 3688 4862 lumbis

2092 4900 2381 4973 impositis,
2425 4914 2528 4956 nos
2579 4899 2729 4972 ipsos
2779 4896 3106 4969 baiulamus.
3149 4897 3315 4953 Hunc
3345 4894 3416 4954 ad
3455 4894 3692 4953 modum

2088 4989 2383 5063 spiritualis
2408 4989 2631 5045 lumbus
2669 4986 2855 5055 habet,
2903 5001 3070 5059 quem
3099 4985 3154 5041 in
3192 4984 3425 5042 veritate
3448 4984 3689 5042 circum-

2093 5080 2308 5154 cingere
2340 5078 2604 5153 prmeipit,
2655 5091 2780 5149 quae
2814 5091 2943 5132 cum
2983 5075 3040 5131 in
3078 5074 3428 5147 dogmatibus
3485 5083 3606 5131 tum
3639 5074 3697 5131 in

2095 5170 2201 5226 vita
2230 5170 2485 5226 reniteat.
2528 5169 2706 5223 Nemo
2740 5165 2885 5221 enim
2924 5164 3319 5221 haereticorum
3366 5164 3607 5238 cingitur
3639 5164 3697 5221 in

2094 5260 2342 5330 veritate,
2384 5258 2483 5315 sed
2527 5256 2671 5314 infra
2719 5256 2775 5312 in
2819 5262 3025 5312 terram
3076 5262 3297 5327 repunt,
3344 5253 3485 5310 nihil
3525 5252 3698 5311 altum

2092 5350 2391 5423 intelligere
2429 5347 2694 5415 valentes,
2740 5345 2834 5403 sed
2887 5343 3152 5401 humanis
3188 5342 3613 5419 cogitationibus
3647 5353 3705 5401 et

2093 5439 2251 5497 humi
2279 5438 2592 5511 repentibus
2632 5435 2818 5494 divina
2860 5434 3234 5508 explorantes.
3281 5435 3557 5492 Praeterea
3595 5433 3693 5507 qui

1806 5530 2001 5591 Varia:
2043 5532 2348 5592 lectiones.

458 5613 503 5650 7’
534 5620 689 5687 καιρῷ
711 5629 766 5672 0.
844 5613 890 5649 ⁸ο
915 5617 1124 5683 νικηθεὶς
1152 5632 1208 5674 0.
1283 5617 1323 5651 ⁸¹
1344 5617 1640 5691 ἐνεδύθημεν
1673 5635 1730 5678 0.
1806 5618 1875 5692 u,
1897 5619 2024 5676 εἰσιν
2048 5620 2100 5674 οἱ
2128 5619 2457 5691 ἀντικείμενοι
2482 5616 2649 5679 αὐτοῖς
2679 5615 2766 5669 xui
2795 5613 3442 5689 πολεμοῦντεςῖαὖτοῖςιδιὰ
3472 5634 3525 5687 μ.
3564 5627 3690 5671 α.ο.

395 5692 442 5731 ⁸⁸
473 5694 633 5751 οὐκέτι
670 5695 775 5748 κλι.
806 5711 860 5752 0.
938 5696 985 5735 “
1011 5697 1159 5751 πάλιν
1179 5713 1234 5754 ο.
1313 5699 1361 5738 ⁸⁵
1399 5700 1458 5754 τὸ
1481 5699 1708 5773 διαῤῥέον
1737 5720 1795 5757 0.

677 5785 921 5843 Parnon.
957 5786 1057 5843 GR.
1095 5787 1312 5845 CXXIV.

3320 5789 3392 5843 36
