4124 6424
424 400 548 450 1131

1401 394 1940 463 ΤΗΕΟΡΗΥΕΑΟΤΙξ
1961 390 2320 446 BULGARLE
2360 387 2676 443 ARClllEP.

3581 381 3718 434 H32

413 521 472 573 in
500 520 626 575 vitae
671 534 785 575 suae
825 520 1079 576 moribus
1116 528 1339 590 nutant,
1363 520 1666 592 mundique
1691 520 2006 590 impostura:

2120 507 2256 574 οῦτοι
2302 514 2584 583 ζώννυνται
2636 514 2686 569 ἐν
2723 507 2977 586 ἀληθείᾳ,
3011 506 3148 566 ἀλλὰ
3189 505 3335 564 κάτω
3370 503 3720 584 κεχαλασμέ-

408 608 671 664 adhibent
698 608 975 676 animum,
1006 625 1076 664 ne
1105 609 1192 665 isti
1208 609 1434 683 quidem
1467 610 1768 681 cinguntur
1793 607 1847 663 in
1868 608 2012 663 veri-

408 706 542 766 tate,
573 697 671 754 sed
704 697 850 754 infra
881 698 1107 756 demissi
1136 699 1439 756 mendaciis
1489 699 1719 755 inhiant.
1761 700 1839 753 At
1876 712 2007 752 vero

408 803 509 844 nos
543 786 650 843 hoc
683 795 842 860 pacto
873 804 984 844 non
1028 796 1247 861 Oportet
1281 805 1462 861 agere,
1515 797 1780 845 caeterum
1822 787 2006 843 omnia

408 875 709 949 transigere
747 877 806 932 in
836 878 1058 934 veritate
1104 896 1119 935 :
1173 886 1336 951 atque
1379 878 1426 935 si
1462 878 1712 935 doctrina
1741 876 1932 947 fuerit,
1954 876 2010 930 in

407 981 472 1023 ea
496 982 687 1022 verum
711 967 1035 1039 inquireref:
1077 984 1142 1024 ac
1183 969 1227 1024 si
1257 969 1394 1036 vita,
1431 969 1724 1024 similliter.
1779 969 2008 1037 Insuper

411 1056 589 1111 omnis
614 1053 726 1112 fuci
757 1055 980 1128 dolique
1010 1065 1228 1128 oportet
1250 1073 1353 1113 nos
1382 1067 1633 1129 expertes
1664 1072 1798 1125 esse,
1831 1071 2011 1127 neque

412 1145 650 1201 invicem
691 1145 831 1202 inter
872 1161 977 1202 nos
1014 1147 1260 1203 mentiri.
1307 1147 1466 1219 Quod
1495 1147 1539 1203 si
1569 1147 1710 1202 hanc
1743 1145 1815 1202 ad
1843 1147 2008 1202 ratio-

412 1251 542 1291 nem
587 1235 846 1291 succincti
906 1235 1192 1307 fuerimus,
1251 1246 1370 1292 tum
1421 1252 1640 1292 currere
1688 1235 2008 1308 poterimus.

413 1328 521 1381 Per
547 1325 855 1381 cincturam
903 1324 1140 1398 denique
1184 1327 1348 1383 istam
1390 1325 1635 1383 ostendit
1662 1342 1764 1382 nos
1795 1341 2012 1398 semper

413 1421 656 1470 armatos
712 1429 834 1470 esse
893 1414 1114 1485 debere,
1146 1415 1374 1488 perinde
1422 1432 1486 1471 ac
1539 1414 1716 1472 David
1764 1415 1945 1488 inquit
1995 1433 2009 1470 :

418 1522 449 1557 (ι
481 1503 629 1561 Sicut
647 1519 783 1560 zona
804 1519 910 1575 qua
936 1520 1152 1577 semper
1172 1505 1624 1579 circumcingitur
1647 1517 1694 1559 b.
1730 1527 1758 1555 ν
1783 1505 2013 1576 Semper

414 1594 564 1649 enim
587 1593 878 1650 adversum
895 1610 997 1651 nos
1015 1595 1219 1651 bellum
1239 1595 1468 1668 geritur.
1495 1595 1801 1668 Gregorius
1827 1603 2010 1651 autem

412 1683 724 1756 Theologus
775 1698 871 1755 per
927 1683 1180 1740 lumbum
1223 1685 1726 1756 concupiscentiam
1758 1684 2013 1756 intelligit
2040 1709 2088 1771 B

417 1773 493 1844 (in
522 1772 723 1828 lumbis
768 1772 914 1828 enim
961 1789 1122 1829 renes
1172 1782 1322 1844 sunt,
1350 1775 1445 1846 qui
1475 1775 1530 1830 in
1562 1773 1848 1846 Scriptura
1877 1791 2010 1830 con-

409 1861 759 1934 cupiscentim
785 1861 1101 1934 symbolum
1131 1869 1299 1932 sunt),
1329 1881 1426 1936 per
1472 1863 1758 1920 veritatem
1803 1873 2008 1932 autem,

412 1951 950 2023 contemplationem.
983 1953 1200 2008 Asserit
1223 1969 1354 2026 ergo
1383 1954 1530 2025 quod
1560 1954 1764 2009 Paulus
1791 1969 2012 2008 omnem

411 2041 903 2112 concupiscentiam
945 2051 1196 2098 nostram
1232 2043 1698 2114 contemplatione
1739 2051 1793 2098 et
1833 2045 2014 2099 consi-

2114 630 2190 664 νοι
2222 613 2328 671 τοῖς
2354 601 2570 684 ψευδέσι
2600 597 3050 681 προσκεχήνασιν.
3099 595 3239 656 Ἀλλ’
3273 597 3374 674 οὐχ
3404 601 3546 684 ἡμᾶς
3576 594 3716 652 οὕτω

2117 695 2196 752 δεῖ
2245 683 2415 774 ἔχειν,
2475 688 2613 750 ἀλλὰ
2682 688 2856 748 πάντα
2914 687 3149 764 μετιέναι
3200 687 3252 742 ἐν
3305 683 3526 763 ἀληθείᾳ
3556 708 3570 722 ο
3619 683 3718 742 κᾶν

2119 784 2291 861 δόγμα
2354 784 2472 855 εἴη,
2528 781 2584 840 τὸ
2641 777 2832 850 ἀληθὲς
2885 782 3092 850 ζητεῖν,
3148 776 3245 835 κᾶν
3309 775 3452 853 βίος,
3499 775 3716 848 ὁμοίως.

2118 873 2277 932 Ἀλλὰ
2325 872 2416 931 καὶ
2467 869 2826 946 ἀνυποκρίτως
2873 867 3012 947 ἔχειν
3069 865 3161 924 καὶ
3210 865 3453 947 ἀδόλως,
3493 862 3587 922 καὶ
3644 863 3720 938 μὴ

2115 963 2401 1044 ψεύδεσθαι
2450 960 2581 1040 πρὸς
2611 943 3057 1031 ἀλλήλουςίδΕὰν
3090 955 3255 1022 οὕτως
3299 943 3443 1031 ῶμεν
3480 953 3722 1029 ἐζωσμέ-

2119 1043 2229 1125 νοι,
2264 1051 2597 1128 δυνησόμεθα
2639 1048 2730 1108 καὶ
2767 1047 3000 1128 τρέχειν.
3038 1046 3141 1106 Διὰ
3173 1044 3227 1103 δὲ
3276 1049 3370 1104 τοῦ
3402 1046 3636 1119 ἐζῶσθαι,
3662 1043 3724 1102 τὸ

2120 1143 2198 1202 ἀεὶ
2231 1146 2335 1202 δεῖν
2366 1146 2509 1218 ἡμᾶς
2538 1138 2802 1198 ὡπλίσθαι
2833 1139 2983 1210 δηλοῖ
3013 1136 3066 1174 ⁸⁵
3085 1181 3100 1208 ,
3132 1139 3202 1202 ὥς
3233 1133 3324 1194 καὶ
3355 1137 3382 1192 ὁ
3415 1131 3585 1193 Δαυῒδ
3629 1131 3725 1191 λέ-

2118 1256 2230 1310 γει·
2271 1260 2295 1286 ‹‹
2324 1231 2478 1291 Ὡσεὶ
2524 1229 2576 1267 ⁸⁷
2607 1228 2746 1300 ζώνη
2779 1227 2843 1299 ἣν
2894 1225 3178 1292 διαπαντὸς
3227 1223 3643 1304 περιζώννυται·
3695 1249 3722 1274 ιι

2120 1322 2202 1382 ἀεὶ
2245 1321 2346 1402 γὰρ
2397 1317 2797 1397 πολεμούμεθα.
2868 1315 2936 1378 Ὁ
2995 1315 3051 1374 δὲ
3112 1313 3377 1393 Θεολόγος
3430 1316 3476 1375 Γ
3480 1312 3723 1394 ρηγόριος

2119 1411 2282 1491 ὀσφὺν
2339 1414 2489 1488 ἡμῶν
2549 1416 2653 1468 νοεῖ
2677 1407 2728 1442 ⁸⁸
2779 1407 2841 1466 τὸ
2893 1403 3268 1482 ἐπιθυμητικὸν
3335 1405 3431 1481 (ἐν
3491 1403 3595 1483 γὰρ

2120 1490 2277 1579 ὀσςρύϊ
2305 1502 2350 1560 οἳ
2377 1497 2554 1581 νεφροὶ
2580 1544 2596 1572 ,
2654 1496 2704 1556 οἳ
2727 1501 2818 1556 τοῦ
2858 1497 3240 1573 ἐπιθυμητικοῦ
3272 1492 3541 1572 σύμϐολον
3573 1490 3722 1581 παρὰ

2120 1572 2751 1672 τῇ’1“ραφῇ)’·’ἀλήθειαν
2783 1585 2878 1664 δὲ,
2909 1583 2972 1644 τὸ
3004 1583 3343 1665 θεωρητικόν.
3379 1585 3564 1654 Φησὶν
3594 1572 3684 1641 οῦν
3703 1625 3720 1652 ,

2121 1680 2202 1740 ὅτι
2234 1679 2484 1759 παραινεῖ
2517 1678 2731 1745 Παῦλος
2761 1686 2940 1737 πᾶσαν
2983 1673 3080 1746 τὴν
3107 1673 3390 1750 ἐπιθυμίαν
3433 1675 3586 1749 ἡμῶν
3620 1695 3715 1730 πε-

2124 1768 2388 1851 ρισφίγξαι
2435 1773 2500 1848 τῇ
2541 1765 2736 1849 θεωρίᾳ
2780 1765 2873 1824 καὶ
2924 1763 3242 1836 κατανοήσει
3294 1768 3386 1821 τοῦ
3431 1765 3599 1822 Θεοῦ.
3651 1760 3721 1821 Ὁ

2120 1858 2222 1938 γὰρ
2253 1858 2390 1918 Θεὸν
2421 1860 2628 1937 θεωρῶν
2653 1902 2669 1928 ,
2721 1855 2812 1914 καὶ
2852 1853 3162 1931 ἐνηδόμενος
3212 1851 3410 1933 τούτῳ,
3459 1853 3528 1919 ὡς
3561 1851 3723 1918 ὄντως

2121 1950 2368 2028 ἐραστῷ,
2404 1951 2518 2024 ξοῦκ
2569 1944 2634 2004 ἂν
2679 1946 2852 2005 ἐάσειε
2905 1941 3002 2015 τὴν
3057 1941 3338 2018 ἐπιθυμίαν
3383 1943 3542 2000 αὐτοῦ
3573 1941 3722 2000 κάτω

2123 2034 2620 2117 χαλασθῆναιξ,ἶκαὶ
2647 2032 3020 2115 συρῆναιξπερὶ
3052 2031 3118 2090 τὰ
3146 2031 3327 2111 γήϊνα.

412 2129 695 2187 deratione
743 2131 845 2186 Dei
893 2130 1330 2204 circumcingere
1372 2132 1648 2188 hortetur.
1705 2132 1813 2203 Qui
1858 2133 2011 2189 enim
2060 2137 2234 2191 Deum
2272 2133 2738 2205 fcontemplatur,
2799 2147 2974 2204 eoque
3021 2131 3328 2187 oblectatur
3378 2145 3480 2186 ceu
3531 2145 3721 2186 revera

413 2218 656 2289 amabili,
692 2219 1024 2277 desiderium
1072 2236 1236 2277 suum
1286 2219 1425 2277 infra
1471 2221 1685 2278 demitti
1735 2229 1790 2277 et
1812 2221 2018 2279 circum
2052 2225 2322 2282 terrestria
2355 2224 2496 2280 trahi
2527 2241 2643 2279 non
2673 2223 2833 2278 sinet.

490 2332 518 2359 (ι
577 2310 650 2364 Et
697 2309 876 2366 induti
923 2309 1149 2366 loricam
1192 2310 1440 2383 justitia}.
1493 2335 1518 2359 η
1567 2311 1854 2367 Justitiam
1910 2311 2015 2380 hic,

413 2399 822 2469 universaliter]
857 2400 1029 2455 vitam
1098 2400 1393 2457 virtutibus
1463 2409 1743 2473 comptam
1805 2401 1941 2458 dicit
2001 2421 2013 2460 :

412 2488 638 2560 perinde
671 2489 822 2561 quasi
847 2488 1013 2557 dicat,
1041 2491 1236 2546 muniti
1266 2491 1412 2547 circa
1443 2499 1636 2562 pectus
1672 2490 1839 2562 justis
1882 2508 2014 2564 ope-

413 2579 583 2634 ribus.
629 2580 713 2635 Ut
755 2579 906 2634 enim
949 2579 1116 2634 lorica
1163 2579 1444 2636 hominem
1475 2589 1765 2637 conservat
1788 2597 1858 2637 ne
1887 2597 2012 2637 sau-

413 2669 605 2736 cietur,
636 2668 715 2724 sic
743 2677 797 2724 et
816 2668 1030 2741 justitia
1060 2678 1345 2727 conservat
1385 2686 1538 2738 eum,
1583 2670 1678 2744 qui
1723 2687 1783 2728 ea
1828 2671 2015 2728 muni-

416 2765 522 2814 tur.

487 2853 662 2908 Vnns.
723 2855 807 2904 15.
842 2872 868 2898 α
913 2851 982 2905 Et
1021 2849 1240 2906 calceati
1289 2849 1460 2922 pedes
1502 2848 1558 2905 in
1602 2851 2009 2923 praeparatione
2037 2859 2082 2923 C

413 2945 685 3019 Evangelii
737 2946 911 3017 pacis.
965 2969 990 2995 »
1038 2946 1271 3003 Pulchre
1314 2945 1480 3002 nobis
1543 2945 1745 3001 tibialia
1807 2945 2005 3002 induit.

413 3038 511 3093 Vel
538 3037 701 3110 igitur
727 3035 834 3092 hoc
863 3035 1014 3104 dicit,
1046 3035 1198 3108 quod
1246 3043 1501 3108 oporteat
1544 3051 1648 3090 nos
1677 3045 2013 3108 praeparatos

413 3144 530 3183 esse
557 3125 630 3183 ad
659 3126 1025 3198 Evangelium
1053 3124 1466 3197 praedicandum
1522 3125 2014 3198 promulgandum-

410 3231 536 3289 que.
566 3236 594 3266 α
620 3214 866 3288 Speciosi
902 3237 928 3263 ιι
961 3215 1110 3270 enim
1137 3237 1161 3263 ει
1195 3213 1387 3285 pedes,
1419 3234 1446 3267 »
1483 3213 1683 3284 inquit,
1717 3236 1742 3261 «
1777 3229 2010 3285 evange-

410 3307 696 3364 lizantium
719 3321 917 3377 pacem
946 3315 986 3359 ε.
1009 3328 1035 3354 η
1070 3305 1300 3377 Velquia
1329 3313 1582 3378 oporteat
1599 3321 1700 3362 nos
1725 3315 2014 3378 promptos

412 3413 534 3454 esse
577 3396 646 3453 ad
693 3395 922 3465 exitum,
971 3395 1271 3451 secundum
1321 3396 1673 3467 Evangelium
1713 3395 1946 3452 vivendo
1997 3414 2010 3452 :

409 3486 577 3560 pedes
613 3485 759 3542 enim
790 3494 918 3541 sunt
954 3486 1079 3542 vitae
1118 3484 1456 3557 symbolum.
1495 3487 1788 3558 Propterea
1825 3485 1959 3542 dicit
1994 3507 2006 3542 :

416 3599 441 3624 α
471 3572 768 3644 Quomodo
794 3581 989 3630 exacto
1013 3573 1307 3630 ambuletis
1335 3571 1385 3628 ἀ.
1423 3597 1447 3622 ν
1471 3575 1802 3646 Prazparatio
1825 3583 2008 3631 autem

409 3665 690 3738 Evangelii
735 3671 867 3720 sunt
905 3679 1077 3736 opera
1126 3663 1270 3720 bona
1317 3662 1518 3736 quibus
1569 3664 1685 3736 ipse
1733 3664 2011 3721 Dominus

409 3754 656 3826 attendit,
702 3753 779 3809 uti
809 3753 1021 3810 dictum
1068 3761 1154 3810 est
1197 3773 1210 3810 :
1259 3776 1286 3803 α
1330 3754 1802 3826 Praeparationem
1829 3754 2008 3811 cordis

409 3845 660 3917 ipsorum
687 3843 900 3901 audivit
927 3843 1074 3900 auris
1100 3851 1194 3900 tua
1223 3845 1268 3900 ⁸.
1300 3866 1325 3891 ››
1361 3844 1826 3901 Prazclareautem
1845 3843 2005 3914 dixit,

417 3934 631 4006 «pacis.
664 3957 690 3982 υ
720 3931 1189 4004 Quandoquidem
1206 3932 1356 3988 enim
1376 3931 1502 3987 belli
1525 3948 1828 4005 pugnaeque
1838 3931 2003 4004 421

410 4022 922 4092 meminit,ostendit
931 4021 1078 4093 quod
1087 4021 1638 4078 adversusdaemones
1655 4022 2009 4093 pugnandum

408 4115 501 4184 sit,
527 4130 641 4170 non
678 4111 938 4169 adversus
969 4111 1223 4168 homines
1254 4129 1267 4165 :
1302 4111 1453 4183 pacis
1479 4110 1626 4166 enim
1658 4119 1741 4166 est
1764 4114 2007 4185 Evange-

411 4204 547 4260 lium
578 4221 593 4257 :
631 4209 689 4258 et
724 4201 873 4273 quod
915 4200 959 4257 si
995 4209 1185 4257 contra
1222 4200 1502 4257 daemones
1549 4216 1879 4273 pugnemus,
1911 4218 2002 4273 pa-

412 4309 531 4351 cem
571 4291 840 4348 babemus
895 4291 1043 4362 apud
1094 4294 1297 4359 Deum,
1353 4289 1619 4346 adversus
1682 4306 1847 4363 quem
1892 4307 2002 4347 non

413 4389 632 4456 oportet
665 4395 768 4436 nos
815 4379 996 4437 denuo
1039 4381 1342 4436 conﬂictari
1384 4379 1735 4437 dissolvendo
1788 4396 1997 4453 pacem.

413 4477 585 4530 Porro
620 4471 814 4528 laetum
853 4470 1110 4527 nuntium
1149 4478 1253 4540 est,
1283 4469 1514 4526 victoria
1537 4469 1654 4543 jam
1683 4479 1838 4542 parta
1878 4480 2001 4529 est:

411 4579 479 4620 ne
508 4561 677 4634 igitur
698 4569 1038 4617 metuamus.

483 4655 664 4709 Vens.
682 4657 768 4708 16.
792 4674 817 4699 ‹‹
831 4653 896 4706 In
909 4650 1171 4707 omnibus
1185 4658 1530 4708 assumentes
1554 4659 1772 4708 scutum
1796 4649 1942 4708 ﬁdei.
1971 4671 2000 4704 »

413 4743 535 4799 Hoc
578 4750 662 4800 est
709 4764 736 4791 «ι
781 4743 847 4797 In
889 4739 1169 4807 omnibus,
1206 4762 1233 4789 υ
1260 4755 1463 4813 nempe
1500 4741 1713 4813 pro,.in
1759 4740 2006 4808 veritate,

410 4832 616 4904 justitia
655 4839 713 4888 et
743 4830 1140 4902 prmparatione
1157 4831 1436 4903 Evangelii
1464 4848 1478 4886 :
1512 4830 1631 4887 hac
1647 4831 1793 4887 enim
1821 4831 2008 4888 omnia

413 4921 520 4979 ﬁde
543 4920 807 4993 indigent.
848 4923 974 4976 Non
1011 4928 1199 4976 autem
1244 4919 1334 4976 hic
1363 4935 1507 4976 verae
1544 4921 1825 4993 religionis
1858 4920 2012 4994 agni-

410 5013 622 5068 tionem
649 5010 822 5068 ﬁdem
847 5011 1007 5077 dicit,
1039 5009 1135 5067 sed
1165 5008 1557 5079 indubitatam,
1580 5027 1702 5084 quae
1728 5010 1797 5068 de
1817 5009 2018 5067 futuris

408 5103 634 5159 credere
667 5099 895 5174 perinde
937 5099 1120 5169 faciat,
1179 5108 1446 5172 tanquam
1495 5101 1605 5156 sint
1646 5101 1935 5174 praesentia
1997 5120 2011 5154 :

415 5207 540 5264 quae
567 5199 624 5248 et
669 5191 932 5247 miracula
975 5189 1241 5262 perﬁciat,
1288 5205 1415 5262 quae
1464 5191 1535 5246 sit
1575 5191 1712 5248 adeo
1761 5190 1933 5263 ignita
1955 5199 2010 5246 et

411 5281 648 5351 fervida,
687 5290 749 5339 ut
783 5280 867 5337 vel
906 5289 1123 5337 montes
1170 5279 1483 5336 transferat.
1524 5280 2009 5351 Quemadmodum

411 5371 579 5443 igitur
603 5380 823 5428 scutum
845 5386 940 5427 seu
982 5370 1204 5442 clypeus
1235 5369 1331 5426 toti
1378 5373 1597 5443 corpori
1623 5370 2005 5443 praetenditur,

479 5453 668 5509 stal.
697 5467 880 5522 cvm,
908 5457 998 5508 19.
1073 5461 1095 5487 °
1135 5453 1237 5507 lsa.
1281 5466 1415 5522 Lm,
1451 5459 1505 5508 7.
1580 5452 1608 5488 τι
1634 5451 1835 5524 Ephes.
1862 5469 1924 5521 ν,
1957 5457 2045 5509 15.

2219 2338 2248 2373 (ι
2280 2315 2387 2376 Καὶ
2419 2314 2762 2392 ἐνδυσάμενοι
2809 2313 2896 2373 τὸν
2927 2311 3141 2393 θώρακα
3171 2315 3266 2383 τῆς
3300 2309 3654 2384 δικαιοσύνης.
3687 2337 3717 2367 ι›

2126 2404 2478 2478 Δικαιοσύνην
2555 2406 2778 2463 ἐνταῦθα
2844 2403 2930 2462 τὸν
2985 2405 3209 2462 καθόλου
3286 2401 3531 2480 ἐνάρετον
3608 2401 3720 2481 βίον

2126 2496 2283 2575 φησὶν
2322 2495 2395 2569 89,
2447 2501 2517 2561 ὡς
2565 2492 2627 2553 ἂν
2686 2496 2733 2552 εἷ
2785 2492 2955 2572 λέγων
2980 2492 3055 2528 ⁰⁰’
3112 2490 3607 2571 Ἐνστερνισάμενοι
3653 2491 3722 2550 τὰ

2126 2585 2304 2643 δίκαια
2347 2585 2663 2665 πράγματα.
2711 2581 2811 2650 ⁶Ως
2863 2582 2964 2660 γὰρ
3013 2585 3040 2640 ὁ
3075 2580 3245 2661 θώραξ
3305 2583 3540 2659 ἄτρωτον
3571 2589 3723 2660 τηρεῖ

2125 2676 2212 2734 τὸν
2243 2673 2518 2755 ἄνθρωπον
2541 2720 2558 2753 ,
2591 2671 2730 2732 οὕτω
2755 2671 2848 2731 καὶ
2893 2671 2952 2730 τὸ
2984 2671 3187 2730 δίκαιον
3215 2671 3304 2729 τὸν
3328 2677 3480 2730 τοῦτο
3502 2673 3681 2750 ἐνστερ
3698 2705 3717 2715 -

2123 2764 2427 2841 νισάμενον.

2212 2877 2240 2913 (ι
2270 2853 2380 2915 Καὶ
2411 2852 2806 2930 ὑποδησάμενοι
2846 2850 2965 2919 τοὺς
3009 2851 3176 2921 πόδας
3209 2854 3262 2911 ἐν
3315 2850 3596 2930 ἑτοιμασίᾳ
3630 2857 3722 2909 τοῦ

2124 2943 2448 3020 Ιίὖαγγελίου
2505 2947 2598 3010 τῆς
2646 2941 2876 3022 εἰρήνης.
2929 2969 2954 2993 ν
3015 2944 3208 3008 Καλῶς
3278 2943 3539 3018 κνημῖδας
3589 2942 3720 3019 ἡμῖν

2120 3034 2446 3114 περιτίθησιν
2473 3033 2545 3092 9'.
2579 3029 2654 3090 Ἦ
2691 3036 2844 3089 τοῦτο
2873 3038 2994 3110 γοῦν
3023 3055 3213 3110 φησιν,
3261 3029 3344 3088 ὅτι
3370 3033 3447 3088 δεῖ
3480 3030 3722 3107 ἑτοίμους

2121 3114 2253 3181 εἶναι
2347 3123 2474 3203 πρὸς
2563 3120 2623 3180 τὸ
2724 3119 3154 3199 εὐαγγελίζεσθαι
3229 3119 3319 3178 καὶ
3407 3119 3712 3201 κηρύσσειν.

2122 3241 2144 3266 α
2177 3213 2394 3293 εΩραῖοι
2419 3239 2444 3264 ιι
2484 3210 2606 3291 γὰρ,
2655 3209 2836 3292 φησὶν,
2873 3237 2896 3262 σι
2937 3213 2984 3268 οἳ
3029 3210 3184 3276 πόδες
3237 3212 3340 3267 τῶν
3396 3211 3722 3293 εὐαγγελιζο-

2121 3292 2292 3380 μένων
2345 3300 2579 3382 εἷρήνην.
2630 3323 2657 3356 )›
2711 3297 2788 3359 Ἢ
2837 3298 2916 3357 ὅτι
2966 3299 3045 3358 δεῖ
3089 3305 3231 3376 ἡμᾶς
3279 3299 3520 3375 ἑτοίμους
3583 3292 3720 3358 εἶναι

2120 3393 2247 3474 πρὸς
2277 3390 2329 3427 92
2351 3391 2447 3462 τὴν
2480 3389 2685 3465 ἔξοδον,
2719 3387 2856 3448 κατὰ
2901 3387 2961 3446 τὸ
3010 3387 3338 3466 Εὖαγγέλιον
3371 3392 3612 3468 βιοῦντας
3639 3389 3713 3450 ⁹³.

2119 3485 2190 3543 Οἱ
2227 3480 2320 3559 μὲν
2355 3480 2458 3561 γὰρ
2487 3479 2677 3557 πόδες,
2727 3483 2817 3537 τοῦ
2853 3480 2968 3558 βίου
3012 3477 3278 3555 σύμϐολον
3304 3503 3316 3514 ·
3367 3476 3446 3536 διὸ
3490 3477 3582 3536 καὶ
3631 3478 3718 3538 λέ-

2118 3596 2199 3648 γει
2227 3596 2240 3608 ·
2287 3599 2310 3625 (ι
2345 3574 2469 3638 Πῶς
2502 3570 2732 3650 ἀκριϐῶς
2775 3569 3140 3650 περιπατεῖτε.
3185 3566 3509 3644 Ἑτοιμασία
3539 3567 3594 3626 δὲ
3623 3574 3717 3628 τοῦ

2121 3661 2481 3741 Εὐαγγελίου,
2517 3649 2731 3739 πράξεις
2763 3658 2986 3736 ἀγαθαὶ,
3034 3649 3116 3724 αῖς
3150 3656 3400 3736 προσέχει
3428 3657 3519 3716 καὶ
3551 3661 3578 3715 ὃ
3611 3658 3720 3718 Κύ-

2122 3775 2226 3831 ριος
2245 3796 2260 3823 ,
2313 3748 2449 3809 κατὰ
2481 3748 2540 3808 τὸ
2583 3749 2887 3829 εἰρημένον*
2907 3774 2972 3831 _«
3001 3749 3087 3827 Τῇ
3141 3745 3420 3826 ἑτοιμασίᾳ
3445 3749 3720 3831 τῶνῌκαρ-

2121 3843 2244 3899 διῶν
2276 3841 2449 3898 αὐτῶν
2481 3837 2746 3918 προσέσχε
2775 3837 2836 3896 τὸ
2878 3826 2964 3904 οῦς
2997 3860 3113 3896 σου.
3146 3859 3175 3894 ))
3215 3839 3407 3903 Καλῶς
3443 3836 3497 3894 δὲ
3533 3827 3677 3896 εἶπεν
3705 3862 3719 3875 ·

2130 3954 2159 3989 (ι
2189 3929 2439 4011 Εἰρήνης.
2471 3951 2498 3986 »
2525 3927 2751 3999 Ἐπειδὴ
2796 3927 2898 4007 γὰρ
2928 3925 3166 4004 πολέμου
3208 3925 3301 3985 καὶ
3338 3925 3519 4006 μάχης
3551 3928 3720 4004 ἐμνή-

2121 4025 2218 4090 σθη
2241 4064 2256 4092 ,
2304 4018 2562 4077 δείκνυσιν
2594 4018 2674 4076 ὅτι
2716 4017 2805 4076 τὸν
2839 4015 3072 4093 πόλεμον
3117 4015 3245 4096 πρὸς
3290 4015 3542 4092 δαίμονας
3577 4015 3717 4096 ἔχειν

2113 4108 2220 4188 χρὴ
2234 4109 2310 4186 9A,
2342 4110 2400 4168 οὖ
2434 4107 2560 4187 πρὸς
2595 4105 2924 4187 ἀνθρώπους·
2957 4105 3167 4186 εἰρήνης
3209 4104 3312 4186 γάρ
3361 4107 3498 4163 ἐστιν
3533 4109 3713 4184 Εὐαγ-

2115 4201 2285 4274 γέλιον
2309 4222 2322 4235 ·
2371 4197 2461 4256 καὶ
2508 4197 2590 4258 ὅτι
2622 4197 2710 4256 ἐὰν
2743 4195 2873 4276 πρὸς
2920 4194 3041 4261 τοὺς
3088 4195 3344 4272 δαίμονας
3376 4195 3717 4275 μαχώμεθα,

2113 4291 2238 4368 Θεῷ
2290 4286 2661 4368 εἰρηνεύομεν,
2711 4277 2754 4365 ᾧ
2825 4287 2881 4346 οὖ
2931 4286 3010 4343 δεῖ
3066 4284 3226 4343 πάλιν
3289 4285 3714 4361 ἐκπολεμοῦσθαι

2114 4376 2474 4443 καταλύοντας
2543 4374 2636 4447 τὴν
2708 4373 2939 4457 εἰρήνην.
3011 4373 3169 4457 Ἇλλᾲ
3236 4373 3325 4432 καὶ
3383 4373 3716 4453 Εὖαγγέλιόν

2115 4470 2280 4547 ἐστιν,
2305 4466 2409 4541 ἤδη
2432 4471 2466 4540 ἡ
2499 4465 2620 4539 νίκη
2642 4455 2949 4545 γεγένηται·
2983 4463 3059 4542 μὴ
3090 4455 3178 4522 οὖν
3213 4461 3559 4544 φοϐηθῶμεν.

2201 4669 2224 4695 ‹‹
2266 4639 2398 4701 ’,Επὶ
2450 4648 2612 4698 πᾶσιν
2684 4637 3039 4705 ἀναλαϐόντες
3098 4635 3190 4696 τὸν
3247 4635 3430 4716 θυρεὸν
3481 4641 3575 4709 τῆς
3623 4636 3721 4695 πί-

2119 4755 2303 4800 στεως.
2350 4759 2374 4784 υ
2405 4730 2580 4793 Τοῦτό
2613 4734 2723 4790 ἐστι
2779 4729 2873 4804 τὸ,
2912 4751 2942 4787 (ι
2970 4726 3102 4788 Ἐπὶ
3150 4736 3314 4786 πᾶσιν
3335 4773 3350 4804 ,
3378 4751 3410 4782 »
3443 4728 3558 4786 ἀντὶ
3588 4731 3678 4785 τοῦ
3699 4771 3717 4803 ,

2119 4826 2170 4882 ἐν
2196 4821 2416 4904 ἀληθείᾳ
2455 4819 2546 4879 καὶ
2576 4825 2641 4899 τῇ
2673 4818 2978 4899 δικαιοσύνῃ
3005 4865 3020 4895 ,
3074 4817 3166 4875 καὶ
3197 4821 3262 4898 τῇ
3305 4817 3592 4897 ἑτοιμασίᾳ
3626 4824 3720 4875 τοῦ

2124 4911 2450 4990 Εὐαγγελίου
2475 4928 2490 4944 ⁸
2520 4910 2762 4977 Πίστεως
2777 4908 2827 4944 ⁰⁵
2851 4909 2953 4988 γὰρ
2995 4906 3370 4986 ταῦταξπάντα
3403 4907 3592 4966 δεῖται.
3639 4911 3722 4968 Οὐ

2124 5001 2219 5074 τὴν
2275 5006 2369 5074 τῆς
2418 5003 2642 5074 ἀληθοῦς
2698 4999 2752 5057 δὲ
2809 4997 3094 5080 θρησκείας
3155 4997 3435 5075 ἐπίγνωσιν
3497 4997 3721 5057 ἐνταῦθά

2127 5117 2257 5173 φησι
2299 5091 2506 5166 πίστιν,
2559 5089 2698 5148 ἀλλὰ
2749 5090 2846 5162 τὴν
2904 5089 3251 5162 ἀδίστακτον,
3305 5087 3400 5159 τὴν
3450 5087 3574 5168 περὶ
3615 5091 3721 5146 τῶν

2121 5182 2418 5260 μελλόντων
2475 5179 2740 5241 πιστεύειν
2790 5186 3076 5253 ποιοῦσαν,
3133 5181 3203 5244 ὣς
3253 5179 3566 5259 παρόντων,
3623 5177 3718 5248 τὴν

2118 5274 2208 5332 καὶ
2235 5272 2303 5331 τὰ
2333 5272 2530 5349 σημεῖα
2558 5274 2842 5346 τελοῦσαν,
2875 5268 2967 5329 καὶ
3010 5269 3150 5328 οὕτω
3190 5267 3444 5383 διάπυξρον
3484 5265 3576 5325 καὶ
3606 5273 3722 5347 θερ-

2171 5362 2184 5383 \
2337 5366 2352 5383 τ
2497 5361 2577 5383 ιν
2771 5355 3686 5383 n~dn,,-_,¢n,-!

2120 5362 2262 5441 μὴν,
2325 5366 2395 5430 ὡς
2424 5361 2515 5422 καὶ
2548 5363 2646 5442 ὄρη
2699 5366 2974 5442 μεθιστᾷν.
3018 5355 3244 5440 Ὥσπερ
3305 5355 3394 5417 οὖν
3451 5362 3479 5418 ὁ
3544 5357 3723 5438 θυρεὸς

2121 5453 2144 5482 °
2174 5453 2318 5509 Psal.
2353 5467 2442 5521 ιχ,
2473 5459 2566 5507 40.

1786 5533 1972 5593 Variae
2038 5534 2351 5597 lectiones.

486 5621 531 5657 ⁸⁵
563 5623 830 5696 ἀγρυπνεῖν
860 5621 990 5693 ἡμᾶς
1017 5621 1173 5692 δηλοῖ
1196 5639 1246 5680 0.
1322 5622 1368 5658 ⁸⁷
1406 5623 1471 5685 ὣς
1587 5641 1641 5680 0.

416 5704 459 5738 9’
483 5705 550 5766 ὡς
578 5720 634 5761 ο.
709 5703 754 5737 9³
781 5708 1043 5766 ποιοῦντας
1071 5721 1127 5761 0.
1201 5705 1244 5738 9‘
1273 5706 1357 5757 δεῖ
1380 5721 1435 5761 0.
1511 5704 1554 5737 9⁵
1585 5708 1760 5772 ταύτης
1787 5722 1847 5762 ο.

1719 5623 1762 5657 ⁸⁸
1811 5621 1902 5689 τὴν
1947 5623 2206 5696 ἐπιθυμίαν
2258 5642 2338 5680 m.
2413 5622 2458 5658 ⁸³
2491 5623 2630 5695 λέγει
2681 5640 2731 5681 0.
2805 5623 2850 5659 ⁸ο
2876 5624 3075 5694 φάσκων
3123 5637 3180 5678 0.
3243 5619 3294 5657 ⁴¹
3333 5621 3621 5690 ὑποτίθησιν
3657 5636 3692 5679 ο
