4124 6448
343 430 478 484 1133

1165 430 1516 487 EXPOSITIO
1556 432 1623 486 ΙΝ
1662 432 1872 488 EPIST.
1912 433 2002 487 ΑΙ)
2043 434 2278 490 EPHES.
2317 465 2387 476 —
2423 437 2574 492 CAP.
2614 437 2703 490 VI.

3513 445 3645 498 1134

332 553 494 639 ἤ-γουν
526 558 561 627 ἡ
616 554 775 621 ἀσπὶς
824 555 1195 637 προϐέϐληται
1244 555 1438 624 παντὸς
1487 562 1580 616 τοῦ
1638 557 1923 636 σώματος,

2046 574 2131 614 :eu
2146 557 2315 632 janua
2335 560 2587 634 quaedam
2619 560 2931 617 custodiens
2956 570 3013 617 et
3053 564 3386 622 concludens
3423 566 3644 639 ipsum;

336 635 444 702 οἷόν
477 668 554 711 τις
604 643 735 726 θύρα
783 635 1064 727 φυλάττων
1094 645 1188 705 καὶ
1239 645 1552 726 περικλείων
1602 646 1729 707 αὐτὸ
1753 692 1771 721 ,
1802 646 1941 707 οὕτω

337 733 429 793 καὶ
458 738 493 807 ἡ
536 733 851 803 ἆδίστακτος
893 736 1071 805 πίστις
1101 734 1312 820 φυλακὴ
1355 739 1449 809 τῆς
1468 739 1645 818 ψυχῆς
1673 734 1822 811 ὅλης,
1867 735 1937 797 Ἣ

336 823 510 893 πίστις
538 821 594 883 δέ
650 826 765 886 ἐστι
812 824 1020 907 θυρεὸς,
1075 828 1135 886 οὗ
1175 824 1244 885 τὰ
1291 825 1626 908 σοφίσματα.
1660 824 1729 888 Ὁ
1760 825 1940 907 θυρεὸς

338 912 521 973 σκέπει
543 962 556 985 ,
582 914 757 975 ἐκεῖνα
781 913 837 976 δὲ
866 915 1294 994 συμποδίζουσιν.

422 1026 451 1061 ε
476 994 642 1085 Ἐνιῷ
671 1002 956 1076 δυνήσεσθε
983 1005 1163 1066 πάντα
1191 1004 1259 1064 τὰ
1298 1004 1427 1086 βέλη
1485 1010 1577 1065 τοῦ
1610 1010 1839 1086 πονηροῦ
1870 1005 1937 1065 τὰ

336 1092 694 1174 πεπυρωμένα
729 1092 940 1158 σϐέσαι.
965 1117 994 1156 ι)
1040 1095 1338 1169 Τουτέστι,
1381 1094 1475 1163 τὰς
1505 1095 1733 1164 ἀτόπους
1754 1097 1937 1155 ἐπιθυ-

338 1181 463 1260 μίας
483 1228 498 1257 ,
526 1182 647 1251 τοὺς
674 1188 770 1258 τῆς
801 1184 1050 1266 ᾅπιστίας
1092 1184 1378 1265 λογισμοὺς
1433 1175 1602 1265 (οἷον,
1637 1176 1774 1266 Ἆρα
1805 1185 1937 1244 οἶνοί-

338 1295 521 1340 στασις
574 1272 749 1349 ἔστιν;
803 1264 909 1355 ἔρα
964 1264 1236 1356 κρίσιςςί),
1267 1275 1360 1335 καὶ
1413 1264 1533 1343 τοὺς
1583 1264 1934 1355 πειρασμούς.

341 1362 714 1443 Πεπυρωμένα
749 1362 842 1438 δὲ,
900 1365 959 1423 οὐ
1016 1364 1172 1442 μόνον
1208 1363 1289 1423 ὅτι
1345 1368 1403 1424 αἱ
1455 1363 1730 1442 ἐπιθυμίαι
1778 1365 1937 1424 ἐκπυ-

340 1459 524 1532 ροῦσι,
561 1452 693 1535 πρὸς
738 1453 952 1534 πράξεις
1000 1453 1229 1535 αἰσχρὰς
1272 1454 1662 1532 ἆνακαίουσαι,
1710 1456 1828 1513 ἀλλ’
1857 1453 1939 1512 ὅτι

339 1540 431 1601 καὶ
480 1545 556 1621 τῷ
608 1543 868 1604 συνειδότι
921 1545 1156 1603 ἐντεῦθεν
1194 1544 1300 1617 ἤδη
1359 1545 1644 1620 καιόμεθα.
1685 1542 1793 1605 Καὶ
1850 1543 1936 1602 διὰ

339 1635 445 1690 τῶν
496 1635 592 1704 τῆς
622 1634 874 1702 ἀπιστίας
918 1631 973 1694 δὲ
1012 1635 1284 1713 λογισμῶν
1335 1632 1518 1715 φλέγει
1566 1638 1710 1715 ἡμᾶς
1758 1637 1786 1692 6
1817 1632 1936 1693 διά-ι

341 1721 520 1795 ϐολος,
552 1721 645 1781 καὶ
678 1722 766 1781 διᾶ
818 1726 925 1783 τῶν
958 1712 1290 1806 πειρασμῶν.
1334 1712 1405 1784 Ἦ
1438 1722 1615 1792 πίστις
1648 1712 1737 1782 οῦν
1768 1728 1934 1782 ταῦτα

2046 648 2190 706 hanc
2219 650 2288 707 ad
2327 651 2593 707 rationem
2642 650 2802 706 ﬁrma
2831 659 2888 707 et
2928 651 3233 710 indubitata
3269 654 3431 725 ﬁdes,
3471 656 3649 713 totius

2046 738 2245 797 animae
2290 749 2376 797 est
2424 739 2686 797 custodia.
2729 740 2893 797 Fides
2924 750 3113 799 autem
3146 751 3229 800 est
3258 753 3498 815 scutum,
3530 762 3646 803 non

2045 828 2402 901 sophismata.
2474 832 2708 886 Scutum
2757 831 3024 904 contegit,
3099 832 3194 889 illa
3274 850 3404 892 vero
3467 836 3644 908 impe—

2045 916 2222 976 diunt.

2129 1035 2152 1061 α
2199 1016 2268 1069 In
2295 1027 2404 1084 quo
2434 1010 2649 1084 possitis
2702 1011 2892 1067 omnia
2939 1012 3049 1069 tela
3096 1013 3227 1069 mali
3279 1012 3430 1070 illius
3474 1014 3646 1087 ignita

2043 1105 2403 1177 exstinguere.
2430 1124 2457 1151 ν
2490 1102 2611 1157 Ηοο
2632 1107 2737 1170 est,
2764 1100 3030 1158 absurdas
3071 1102 3419 1174 cupiditates,
3441 1103 3641 1161 inﬁde-

2047 1196 2214 1252 litatis
2256 1190 2645 1264 cogitationes,
2679 1189 2865 1263 quales
2903 1198 3033 1247 sunt
3087 1209 3100 1247 :
3142 1195 3289 1249 Num
3323 1195 3643 1251 resurrectio

2044 1290 2163 1343 est?
2191 1299 2326 1341 num
2349 1280 2667 1355 judicium?
2696 1296 2760 1336 ac
2788 1281 3139 1338 tentationes.
3168 1282 3345 1355 Ignita
3379 1299 3508 1341 vero
3540 1301 3639 1356 ap-

2045 1377 2237 1448 pellat,
2265 1389 2381 1430 non
2408 1372 2590 1429 solum
2637 1369 2790 1443 quod
2817 1370 3147 1443 cupiditates
3175 1373 3545 1443 inﬂammant,
3574 1375 3642 1431 ad

2043 1465 2222 1537 turpia
2252 1478 2417 1535 opera
2437 1459 2816 1529 incendentes,
2844 1476 3040 1518 verum
3070 1461 3238 1518 etiam
3261 1462 3407 1534 quod
3427 1463 3483 1518 in
3503 1479 3638 1520 con-

2044 1555 2266 1611 scientia
2294 1552 2420 1609 inde
2452 1551 2570 1624 jam
2590 1549 2907 1607 ardeamus.
2929 1552 3161 1623 Insuper
3182 1568 3277 1624 per
3300 1551 3643 1611 inﬁdelitatis

2040 1641 2479 1699 ratiocinationes
2508 1639 2757 1712 adeoque
2781 1638 3147 1710 cogitationes
3177 1641 3289 1697 urit
3314 1656 3417 1697 nos
3443 1641 3639 1699 diabo-

2041 1736 2146 1803 lus,
2188 1746 2392 1805 perque
2458 1729 2817 1787 tentationes.
2864 1728 3023 1786 Fides
3067 1729 3234 1801 igitur
3263 1730 3383 1788 haec
3426 1733 3638 1789 exstin-

341 1810 648 1871 σϐέννυσιν
702 1815 746 1871 εἰ
775 1814 877 1894 γὰρ
909 1813 1161 1891 δαίμονας
1203 1811 1517 1887 ὑποτάττει,
1566 1814 1749 1893 πολλῶ
1796 1816 1932 1889 μᾶλ-

2046 1824 2160 1895 guit
2191 1842 2203 1877 :
2231 1823 2275 1878 si
2304 1822 2456 1879 enim
2485 1819 2771 1877 daemones
2794 1817 3042 1889 subjicit,
3082 1820 3259 1876 multo
3290 1821 3473 1892 potius
3494 1819 3639 1877 affe-

341 1902 433 1960 λον
471 1901 641 1976 πάθη.
690 1902 819 1963 Εἴτε
847 1902 949 1983 γὰρ
991 1902 1243 1980 ἐπιθυμία
1274 1901 1538 1983 φλογίζει,
1578 1910 1686 1969 τοῖς
1712 1902 1933 1979 μέλλου-

342 2013 425 2050 σιν
475 1993 687 2070 ἀγαθοῖς
717 1992 1014 2068 πιστεύων,
1055 1991 1149 2051 καὶ
1175 1996 1242 2073 τῇ
1276 1990 1542 2072 μελλούσῃ
1600 1990 1929 2071 εὐφροσύνῃ,

341 2080 691 2149 κατασϐέσεις
742 2081 940 2153 ταύτην
967 2106 979 2119 ο
1014 2080 1122 2142 εἴτε
1151 2081 1475 2164 πειρασμοὶ,
1527 2079 1789 2141 πιστεύων
1830 2090 1937 2148 τοῖς

343 2169 625 2246 μέλλουσι,
667 2171 1084 2253 παρακληθήσῃ.
1140 2171 1457 2247 Ἐννόησον,
1511 2175 1624 2241 πῶς
1690 2170 1937 2254 ἐφλέγετο

343 2259 620 2340 Ἀϐραὰμ,
676 2260 763 2320 ὅτε
806 2262 892 2322 τὸν
947 2262 1055 2321 υἱὸν
1114 2261 1475 2343 προσέφερεν,
1523 2263 1641 2322 ἀλλ’
1681 2265 1715 2335 ἡ
1761 2261 1938 2328 πίστις

342 2348 587 2409 ἐσϐέννυε
615 2350 710 2422 τὴν
749 2352 942 2431 φλόγα.

423 2468 447 2493 ιι
482 2439 590 2500 Καὶ
621 2440 716 2513 τὴν
758 2440 1178 2523 περικεφαλαίαν
1207 2445 1299 2500 τοῦ
1329 2440 1594 2518 σωτηρίου
1637 2440 1875 2511 δέξασθε.
1911 2468 1933 2494 ι

342 2529 634 2603 Τουτέστι,
668 2531 762 2603 τὴν
813 2530 1082 2600 σώζουσαν
1114 2532 1206 2592 καὶ
1250 2530 1638 2612 φυλάττουσαν.
1673 2530 1805 2592 Ἐὰν
1832 2530 1935 2611 γὰρ

341 2618 436 2690 τὴν
465 2618 642 2679 πίτσιν
696 2620 940 2700 ἔχωμεν,
971 2619 1274 2702 [τουτέστι,
1323 2618 1421 2691 τὴν
1474 2619 1744 2689 σώζουσαν
1792 2625 1937 2699 ἡμᾶς

340 2710 432 2769 καὶ
487 2710 856 2791 φυλάττουσαν
871 2711 920 2788 ,]
952 2710 1160 2792 ταχέως
1210 2708 1449 2777 καὶτοὺς
1495 2709 1757 2779 σώζοντας
1785 2711 1935 2791 λογι-

341 2799 503 2876 σμοὺς
533 2800 818 2877 δεξόμεθα,
867 2799 962 2874 τὴν
995 2798 1231 2883 κεφαλὴν
1279 2803 1431 2880 ἡμῶν
1449 2845 1468 2877 ,
1499 2798 1619 2873 ἤτοι
1646 2798 1703 2859 τὸ
1731 2804 1935 2879 ἠγεμο-

341 2888 483 2949 νικὸν
506 2897 811 2970 τηροῦντας.

428 3003 457 3035 (ί
489 2980 598 3041 Καὶ
638 2980 736 3053 τὴν
759 2979 1029 3060 μάχαιραν
1059 2985 1152 3040 τοῦ
1203 2980 1514 3059 Πνεύματος
1534 3025 1553 3057 ,
1583 2981 1615 3038 ὅ
1641 2981 1752 3040 ἐστι
1786 2983 1933 3061 ῥῆμα

2043 1921 2181 1969 etus.
2207 1913 2332 1968 Sive
2352 1910 2501 1967 enim
2529 1908 2966 1980 concupiscentia
2999 1917 3051 1965 te
3074 1909 3402 1972 inﬂammat,
3441 1908 3641 1966 futuris

2043 2002 2203 2059 bonis
2251 1999 2478 2057 credens
2519 1998 2943 2070 obventuraeque
2981 1997 3210 2067 laetitiae,
3254 2014 3378 2055 eam
3421 2000 3638 2057 exstin-

2042 2107 2177 2164 gues
2205 2111 2218 2147 :
2251 2090 2365 2147 sive
2390 2088 2719 2145 tentationes
2743 2095 2796 2143 te
2830 2087 3113 2157 invadant,
3168 2087 3336 2144 ﬁdem
3364 2088 3640 2146 adhibens

2042 2180 2268 2250 futuris,
2333 2176 2775 2235 consolationem
2844 2176 3092 2248 recipies.
3164 2179 3384 2250 Reputa
3453 2187 3643 2235 tecum

2043 2269 2326 2346 quomodo
2342 2276 2592 2325 ureretur
2610 2265 2891 2324 Abraham
2906 2266 3130 2340 quando
3146 2272 3374 2340 gnatum
3394 2267 3641 2341 offerret,

2044 2360 2143 2419 sed
2164 2358 2297 2416 ﬁdes
2316 2358 2601 2414 ﬂammam
2622 2356 2786 2412 istam
2809 2356 3212 2429 exstinguebat.

2114 2453 2292 2506 VERS.
2341 2454 2428 2504 l7.
2461 2469 2486 2495 α
2520 2448 2590 2501 Et
2636 2446 2847 2517 galeam
2884 2445 3076 2502 salutis
3115 2446 3404 2503 assumite.
3440 2470 3468 2497 an
3519 2449 3643 2506 Hoc

2043 2549 2145 2610 est,
2177 2554 2301 2612 qua:
2338 2543 2515 2593 servet
2556 2543 2612 2591 et
2645 2534 2934 2613 custodiat.
2968 2536 3107 2591 Nam
3136 2535 3181 2591 si
3211 2535 3377 2593 fidem
3428 2535 3643 2594 habea-

2045 2646 2188 2698 mus,
2220 2627 2472 2702 protinus
2499 2624 2761 2681 salutares
2802 2624 2970 2680 etiam
3010 2624 3371 2699 cogitationes
3400 2627 3643 2700 accipie-

2046 2736 2191 2788 mus,
2234 2732 2358 2790 (μιαί
2386 2724 2552 2788 caput
2577 2722 2829 2771 nostrum
2874 2730 2972 2771 seu
2999 2717 3329 2789 praecipuam
3370 2724 3425 2774 et
3446 2716 3645 2789 princi-

2047 2824 2170 2883 pem
2193 2807 2372 2864 nostri
2404 2815 2621 2880 partem
2652 2813 3001 2862 conservent.

2121 3013 2147 3041 α
2186 2992 2255 3046 Et
2280 2986 2523 3062 gladium
2554 2986 2809 3060 Spiritus,
2844 2985 2995 3059 quod
3042 2994 3126 3045 est
3155 2986 3384 3044 verbum
3428 2988 3556 3045 Dei.
3617 3011 3643 3039 υ

342 3073 505 3132 Θεοῦ.
531 3092 562 3128 ›)
595 3068 701 3130 Διὰ
725 3069 820 3148 μὲν
858 3072 962 3130 τῶν
993 3069 1104 3130 ἄνω
1148 3070 1412 3152 ῥηθέντων
1442 3069 1748 3130 καθώπλισε
1782 3072 1938 3130 Παῦ-

2051 3083 2156 3137 Per
2193 3095 2257 3136 ea
2297 3093 2420 3150 quae.
2465 3093 2628 3149 supra
2656 3075 2800 3133 dicta
2849 3085 3001 3146 sunt,
3034 3078 3268 3133 armavit
3293 3093 3397 3134 nos
3443 3078 3647 3135 Paulus

339 3160 460 3237 λος,
512 3157 651 3219 ὥστε
691 3161 766 3238 μὴ
799 3159 1129 3241 βλάπτεσθαι
1177 3159 1279 3219 ὕπὸ
1326 3164 1430 3221 τῶν
1462 3163 1663 3241 ἐχθρῶν
1690 3183 1705 3197 ο
1753 3165 1845 3219 νῦν
1881 3160 1937 3220 δὲ

343 3249 551 3311 δίδωσιν
577 3249 750 3327 ὅπλα,
781 3251 849 3309 δι’
899 3240 973 3310 ῶν
1005 3250 1057 3289 9⁸
1088 3251 1236 3330 αὐτοὶ
1283 3253 1486 3328 μᾶλλον
1536 3240 1792 3330 βλάπτειν
1818 3249 1939 3319 τοὺς

342 3338 558 3420 ἐχθροὺς
608 3338 920 3420 ἰσχύσομεν.
961 3339 1123 3400 Ἤτοι
1155 3329 1244 3399 οῦν
1282 3338 1342 3399 τὸ
1380 3342 1601 3415 Πνεῦμα
1632 3339 1762 3399 αὐτό
1809 3363 1939 3420 φησι

344 3430 617 3511 μάχαιραν
650 3429 963 3506 Πνεύματος
994 3432 1456 3511 περιφραστικῶς,
1490 3428 1525 3500 ἢ
1561 3427 1658 3500 τὴν
1701 3452 1937 3507 πνευμα-

342 3517 493 3591 τικὴν
540 3520 841 3594 πολιτείαν,
890 3521 955 3578 δι’
984 3512 1047 3592 ἧς
1092 3524 1126 3592 ἡ
1157 3517 1363 3599 κεφαλὴ
1401 3522 1496 3577 τοῦ
1525 3517 1808 3598 δράκοντος
1850 3518 1940 3578 τέ-

344 3631 552 3687 μνεται.
588 3608 657 3670 Ἦ
689 3606 745 3668 δὲ
772 3606 1108 3687 πνευματικὴ
1145 3606 1282 3679 αὕτη
1327 3608 1572 3687 μάχαιρα
1617 3610 1762 3685 ῥῆμα
1793 3612 1936 3670 Θεοῦ

341 3701 487 3776 ἐστι,
536 3697 777 3758 τουτέστι
831 3699 1172 3779 πρόσταγμα.
1227 3695 1360 3757 Ἐὰν
1408 3695 1512 3776 γὰρ
1569 3696 1638 3755 τὰ
1691 3697 1939 3777 προστά-

341 3812 525 3869 γματα
566 3790 723 3865 αὖτοῦ
786 3792 1059 3867 ποιῶμεν,
1110 3789 1507 3864 ἀποκτενοῦμεν
1558 3785 1646 3845 τὸν
1690 3787 1806 3868 ὅφιν
1848 3786 1937 3847 τὸν

342 3878 550 3938 σκολιὸν
569 3924 585 3952 ,
615 3880 687 3947 ὡς
723 3877 954 3946 ⁶Ησαΐας
984 3877 1163 3960 φησίν.
1193 3874 1275 3938 Ἣ
1324 3879 1470 3957 ῥῆμα
1500 3878 1643 3936 Θεοῦ
1669 3878 1783 3936 ἐστι
1803 3921 1819 3950 ,
1841 3878 1902 3937 τὸ
1920 3923 1935 3951 ,

351 3991 381 4026 (ι
403 3969 499 4031 Ἐν
519 3973 594 4050 τῷ
613 3967 833 4049 ὀνόματι
860 3968 977 4050 [τοῦ
1005 3966 1233 4049 Κυρίου]
1258 3964 1438 4037 Ἰησοῦ
1464 3968 1705 4046 Χριστοῦ
1735 3964 1936 4049 ἔγειραι

341 4058 431 4117 καὶ
477 4058 783 4139 περιπάτει,
826 4081 857 4118 ))
894 4057 1083 4118 καὶτὰ
1114 4062 1357 4117 τοιαῦτα.
1389 4052 1470 4116 ’Ἢ
1504 4058 1686 4123 ἁπλῶς
1735 4057 1937 4138 μάχαι-

343 4171 437 4227 ραν
470 4148 805 4226 Πνεύματος,
836 4146 933 4219 τὴν
968 4151 1020 4207 ἐν
1056 4146 1336 4225 Πνεύματι
1365 4144 1579 4227 σοφίαν.
1637 4148 1811 4206 «Ζῶν
1834 4147 1936 4227 γὰρ

342 4244 372 4297 ὁ
395 4237 546 4316 λόγος
574 4242 666 4296 τοῦ
709 4239 878 4311 Θεοῦ,
933 4236 1023 4296 καὶ
1075 4235 1289 4317 ἐνεργὴς
1335 4235 1427 4295 καὶ⁸
1459 4234 1758 4315 τομώτερος
1803 4236 1937 4317 ὑπὲρ

341 4336 521 4386 πᾶσαν
553 4326 826 4408 μάχαιραν
848 4351 861 4364 ·
896 4353 921 4379 ιι
950 4327 1041 4386 καὶ
1076 4330 1104 4385 6
1131 4326 1190 4385 τὸ
1221 4325 1462 4406 χάρισμα
1506 4329 1601 4396 11]";
1634 4348 1936 4403 πνευματι-

2047 3186 2118 3226 ne
2152 3168 2419 3226 laedamur
2458 3168 2528 3224 ab
2584 3166 2832 3223 hostibus
2858 3185 2870 3222 :
2893 3181 3043 3222 nunc
3071 3182 3200 3223 vero
3230 3182 3385 3223 arma
3433 3166 3646 3224 submi-

2047 3259 2265 3327 nistrat,
2297 3258 2499 3331 quibus
2528 3256 2631 3329 ipsi
2664 3256 2841 3329 potius
2870 3272 2973 3313 nos
3007 3256 3194 3313 hostes
3240 3257 3439 3313 laedere
3467 3258 3648 3329 possi-

2048 3365 2196 3405 mus.
2233 3349 2330 3404 Vel
2378 3348 2548 3421 igitur
2582 3346 2851 3417 Spiritum
2880 3346 3059 3418 ipsum
3087 3345 3223 3402 dicit
3246 3345 3496 3417 gladium
3528 3346 3648 3419 Spi-

2048 3436 2184 3493 ritus
2209 3436 2615 3509 periphrastice,
2649 3435 2730 3491 vel
2759 3435 3106 3506 spiritualem
3136 3435 3325 3502 vitam,
3358 3451 3454 3507 per
3481 3451 3648 3507 quam

2046 3533 2209 3598 caput
2258 3524 2517 3582 draconis
2555 3523 2918 3580 abscinditur.
2960 3524 3266 3596 Spiritualis
3307 3532 3497 3581 autem
3559 3524 3650 3581 hic

2046 3615 2193 3672 ensis
2246 3615 2478 3672 verbum
2512 3613 2611 3670 Dei
2643 3622 2743 3682 est,
2788 3612 2895 3668 hoc
2923 3620 2978 3668 et
3024 3612 3369 3669 mandatum.
3414 3613 3470 3670 Si
3501 3612 3648 3671 enim

2047 3704 2303 3763 mandata
2376 3704 2495 3776 ejus
2560 3703 2876 3770 fecerimus,
2945 3701 3263 3758 occidemus
3338 3710 3649 3774 serpentem

2044 3795 2209 3851 istum
2227 3803 2559 3862 tortuosum,
2602 3802 2670 3849 ut
2719 3792 2891 3849 Isaias
2946 3790 3164 3863 inquitf
3200 3832 3215 3847 .
3256 3791 3354 3847 Vel
3408 3790 3646 3848 verbum

2049 3885 2147 3940 Dei
2171 3891 2255 3941 est
2287 3902 2300 3939 :
2355 3883 2523 3956 422
2554 3891 2637 3950 ut,
2663 3905 2689 3932 ‹‹
2725 3885 2788 3937 In
2838 3880 3063 3937 nomine
3092 3883 3227 3937 Jcsu
3256 3880 3455 3937 Christi
3485 3896 3650 3954 surge

2041 3983 2097 4032 et
2116 3974 2338 4031 ambula
2356 3984 2386 4026 ε
2414 4017 2429 4043 ,
2457 3992 2487 4026 »
2513 3972 2783 4045 hujusque
2802 3970 3029 4028 similia.
3057 3970 3156 4027 Vel
3184 3970 3509 4043 simpliciter
3533 3970 3643 4043 gla-

2044 4064 2202 4121 dium
2229 4063 2465 4135 Spiritus
2490 4061 2829 4134 spiritualem
2856 4061 3176 4133 sapientiam
3198 4068 3379 4117 vocat.
3423 4084 3449 4110 ‹‹
3479 4060 3651 4116 Vivus

2047 4163 2130 4210 est
2149 4151 2292 4209 enim
2317 4168 2501 4209 sermo
2525 4151 2627 4208 Dei
2646 4160 2702 4208 et
2721 4149 2940 4219 efﬁcax,
2967 4158 3021 4206 et
3042 4149 3432 4222 penetrabilior
3451 4150 3649 4223 quovis

2047 4243 2273 4317 gladioh
2306 4279 2320 4292 .
2378 4265 2404 4292 ι
2439 4244 2504 4299 Et
2551 4242 2641 4314 qui
2675 4240 2840 4314 hujus
2890 4239 3190 4311 spiritualis
3239 4240 3388 4297 ensis
3438 4239 3647 4297 donum

2047 4333 2232 4402 habet,
2264 4342 2321 4391 et
2344 4348 2466 4405 quae
2491 4331 2592 4389 Dei
2640 4338 2773 4388 sunt
2816 4330 3080 4402 loquitur,
3113 4345 3340 4404 prorsus
3382 4329 3651 4388 intolera-

340 4421 439 4488 κῆς
467 4417 663 4490 ταύτης
692 4417 832 4499 ἔχων
875 4415 1148 4499 μαχαίρας
1169 4461 1185 4489 ,
1214 4413 1516 4499 καὶῌλαλῶν
1550 4414 1618 4472 τὰ
1645 4420 1737 4474 τοῦ
1764 4417 1939 4496 Θεοῦ,

2054 4423 2178 4481 bilis
2219 4433 2324 4491 est,
2355 4423 2530 4495 qualis
2570 4421 2685 4494 ipse
2722 4420 2813 4477 hic
2850 4420 3076 4477 Paulus.

342 4505 655 4574 ἀνύποιστός
677 4494 730 4555 θά
747 4494 900 4568 *ἐστιν
922 4494 1074 4581 {diog
1094 4503 1248 4586 αὐτὸς
1272 4494 1422 4571 οἶτος
1441 4507 1470 4563 6
1501 4506 1734 4572 Παῦλος,

428 4620 462 4654 α
492 4596 596 4657 Διὰ
634 4595 810 4669 πάσης
838 4598 1139 4677 προσευχῆς
1169 4593 1260 4653 καὶ
1290 4592 1545 4666 δεήσεως,
1574 4593 1942 4676 προσευχόμε-

342 4711 425 4747 νοι
446 4688 499 4746 έν
526 4685 687 4746 παντὶ
912 4688 1083 4766 καιρῷ
1112 4686 1165 4744 ἐν
1195 4682 1491 4762 Πνεύματι.
1524 4710 1549 4737 ι
1597 4684 1941 4753 Καθοπλίσας

344 4775 559 4851 αὖτοὺς,
588 4776 771 4837 λοιπὸν
797 4777 890 4836 καὶ
935 4774 1025 4836 ἐπὶ
1053 4774 1142 4836 τὸν
1191 4772 1416 4855 βασιλέα
1460 4773 1609 4854 ἄγει,
1636 4772 1798 4855 ’ὥστε
1830 4775 1944 4833 δεῖ·

346 4871 467 4927 σθαι
493 4869 678 4939 αὐτοῦ,
711 4864 801 4926 ἵνα
828 4874 985 4947 χεῖρα
1004 4852 1201 4947 ὀρέξῃ.
1225 4862 1451 4936 Ἐπειδὴ
1481 4852 1584 4943 γὰρ
1614 4852 1748 4938 εἶπε,
1776 4885 1805 4922 α
1840 4869 1944 4925 Δυ-

343 4958 567 5030 νήσεσθε
600 4955 816 5030 σϐέσαι,
842 4978 873 5015 ι)
900 4955 990 5015 ἵνα
1016 4956 1090 5034 μὴ
1117 4957 1389 5035 φυσηθῶσι
1407 4953 1480 5027 9⁸,
1513 4953 1670 5031 φησὶν
1689 4999 1706 5029 ,
1730 4952 1810 5014 ὅτι
1849 4959 1947 5016 Δεῖ

347 5048 470 5123 ὑμῖν
497 5051 587 5106 τοῦ
640 5047 784 5108 Θεοῦ
805 5092 821 5125 ,
854 5045 944 5106 καὶ
993 5044 1355 5124 κατορθώσετε
1400 5043 1460 5103 τὸ
1509 5052 1618 5103 πᾶν
1664 5043 1801 5121 μετὰ
1840 5048 1943 5104 τῶν

348 5135 635 5217 εἰρημένων
665 5135 759 5196 καὶ
798 5156 826 5194 (ι
865 5134 1313 5217 προσευχόμενοι·
1351 5156 1383 5193 ι)
1415 5135 1516 5215 οὐχ
1546 5133 1751 5208 ἁπλῶς,
1778 5133 1938 5206 ἀλλὰ,

349 5254 373 5278 κ
406 5226 508 5287 Διὰ
563 5225 742 5301 πάσης
781 5229 1084 5308 προσευχῆς
1138 5223 1232 5286 καὶ
1273 5224 1499 5299 δεήσεως
1525 5269 1542 5299 ,
1594 5248 1621 5276 ιι
1657 5227 1752 5297 τῆς
1808 5224 1944 5301 μετὰ

350 5316 620 5395 κλαυθμοῦ
638 5361 657 5393 ,
693 5320 790 5389 τῆς
828 5316 965 5396 μετᾶ
999 5314 1442 5395 στερνοκτυπίας,
1492 5317 1588 5388 τῆς
1617 5314 1753 5392 μετὰ
1782 5337 1941 5393 γονυ-

350 5406 586 5481 κλισίας,
620 5408 713 5467 καὶ
742 5409 849 5467 τῶν
899 5404 1173 5470 τοιούτων.
1226 5404 1385 5467 Ἀλλὰ
1434 5403 1527 5464 καὶ
1572 5404 1700 5480 οὐκ,
1750 5406 1803 5464 ἐν
1842 5428 1943 5465 τα-

420 5541 441 5578 ί
462 5544 547 5600 Isa
578 5556 774 5612 xxvn,
805 5546 860 5600 1.
934 5542 963 5583 ε
989 5542 1114 5599 Aet.
1144 5555 1242 5599 ιιι.
1269 5547 1321 5599 6.
1398 5533 1428 5573 δ
1451 5539 1625 5597 Hebr.
1650 5554 1736 5609 ιν,
1766 5546 1865 5598 42.

2120 4609 2303 4665 Vnus.
2338 4612 2425 4663 18.
2452 4626 2479 4656 ι(
2504 4608 2610 4663 Per
2639 4619 2869 4661 omnem
2895 4601 3205 4659 orationem
3235 4609 3289 4659 et
3304 4600 3648 4672 deprecatio-

2049 4714 2180 4754 nem
2217 4705 2438 4754 orantes
2466 4695 2622 4751 omni
2657 4703 2905 4766 tempore
2935 4693 2992 4747 in
3017 4691 3242 4764 Spiritu.
3281 4714 3305 4741 υ
3347 4694 3649 4763 Postquam

2049 4787 2217 4843 armis
2255 4801 2352 4843 eos
2394 4784 2593 4855 induit,
2674 4783 2745 4840 ad
2820 4782 3214 4855 imperatorem
3256 4796 3350 4839 eos
3393 4779 3650 4853 deinceps

2049 4875 2215 4945 ducit,
2244 4883 2307 4932 ut
2329 4882 2617 4948 precentur
2640 4888 2772 4929 eum
2800 4887 2910 4945 quo
2940 4886 3169 4928 manum
3198 4870 3462 4944 porrigat.
3504 4871 3648 4927 Cum

2049 4965 2193 5023 enim
2233 4964 2485 5033 dixisset,
2519 4986 2546 5013 (ι
2599 4961 2850 5019 Poteritis
2878 4959 3255 5033 exstinguere;
3289 4982 3316 5010 ι
3353 4975 3423 5017 ne
3445 4958 3651 5016 inﬂen-

2050 5064 2161 5123 tur,
2198 5054 2398 5127 inquit,
2436 5055 2554 5110 Deo
2606 5050 2882 5123 indigetis,
2938 5058 2995 5106 et
3038 5066 3147 5106 una
3197 5064 3328 5105 eum
3371 5047 3649 5121 praedictis

2050 5144 2259 5201 orando
2284 5143 2450 5200 etiam
2474 5158 2593 5199 rem
2614 5149 2790 5198 totam
2816 5138 3108 5212 perﬁcietis
3133 5159 3146 5195 :
3169 5154 3281 5195 non
3301 5137 3648 5211 simpliciter,

2053 5234 2170 5303 sed,
2207 5258 2232 5282 «ι
2267 5235 2372 5290 Per
2393 5248 2620 5290 omnem
2648 5230 2956 5289 orationem
2987 5236 3045 5286 et
3067 5227 3515 5301 deprecationem
3535 5269 3552 5296 ,
3623 5252 3647 5278 ν

2052 5340 2179 5381 cum
2230 5323 2364 5381 ﬂetu
2390 5324 2464 5394 {et
2528 5322 2765 5395 pectoris
2807 5318 3153 5388 contusione,
3196 5332 3327 5374 eum
3364 5317 3657 5375 inﬂexione

2052 5429 2317 5488 genuum,
2344 5410 2510 5487 idque
2542 5425 2714 5486 genus
2753 5409 3019 5468 similibus
3037 5407 3244 5471 factam
3289 5427 3302 5466 :
3358 5423 3462 5466 nec
3491 5409 3633 5466 stati

1729 5644 1919 5705 Variae
1962 5644 2259 5708 lectionem

422 5763 467 5799 ⁸³⁸
492 5761 675 5835 ὅπλον,
696 5762 762 5816 δι’
785 5758 843 5818 οὗ
874 5778 931 5824 o.
1005 5761 1050 5801 ⁸⁷
1085 5762 1421 5827 ἀνυπόστατός
1443 5780 1500 5824 o.
1572 5762 1618 5798 9°
1640 5764 1899 5837 φυσιωθῶσ
1923 5782 1939 5815 ι
1967 5778 2029 5821 ο.
