4124 6424
489 431 583 482 lilii
1465 424 1976 480 THEOPHYLACTI
2021 424 2374 478 BULGARle
2411 423 2727 478 ARCHIEP.

3613 420 3748 476 H36

444 550 838 608 tantummodo
862 550 1035 618 horis,
1071 566 1262 607 verum
1309 559 1365 606 et
1418 574 1442 598 «ι
1477 550 1642 607 Omni
1679 559 1927 622 tempore
1961 567 1974 604 :
2011 573 2034 596 υ

2157 555 2306 616 κταῖς
2351 547 2546 630 ὥραις,
2593 546 2728 606 ἀλλὰ
2779 547 2902 619 καὶ,
2951 575 2973 601 ιι
3024 546 3119 608 Ἐν
3168 545 3329 605 παντὶ
3382 549 3578 625 καιρῷ*
3626 544 3748 622 καὶ,

445 652 608 714 atque
651 665 676 690 α
711 645 775 697 In
807 641 1035 713 Spiritu,
1066 663 1089 688 ιι
1141 640 1246 696 hoc
1298 649 1379 696 est
1425 641 1727 712 spiritualia
1765 647 2036 712 petentes,

446 740 502 787 et
535 731 670 788 nihil
706 729 1075 786 mundanum.
1107 730 1309 786 Dicens
1347 738 1548 797 autem,
1575 749 1604 781 «
1658 732 1896 786 Orantes
1946 743 2040 800 per

443 836 663 877 omnem
715 819 1046 887 orationem,
1107 841 1132 867 ι
1192 819 1448 876 indicavit
1489 835 1651 890 posse
1715 818 2039 892 quempiam

439 911 752 966 orationem
785 909 978 978 facere,
1008 925 1111 965 nec
1131 916 1318 966 tamen
1348 925 1536 977 orare;
1568 917 1628 964 ut
1647 908 1690 964 si
1732 908 2040 980 battologus

441 999 626 1056 fuerit.

515 1113 540 1138 ει
585 1091 653 1145 Et
696 1089 752 1144 in
791 1088 893 1146 hoc
920 1090 1100 1162 ipsum
1132 1089 1436 1162 vigilantes.
1499 1113 1524 1138 »
1580 1088 1706 1146 Sive
1734 1095 2042 1144 nocturnas

442 1179 670 1251 vigilias,
707 1179 822 1235 sive
870 1179 1067 1237 animae
1090 1179 1428 1251 vigilantiam
1461 1178 1550 1234 hic
1586 1179 1740 1245 dicit,
1774 1175 2044 1233 utrumvis

442 1269 682 1342 accipere
709 1268 855 1324 licet.
879 1269 1110 1341 Vigilem
1135 1269 1280 1324 enim
1322 1285 1437 1325 esse
1477 1276 1694 1341 oportet
1731 1268 1824 1340 qui
1855 1280 2036 1322 arma-

445 1368 533 1414 tus
563 1367 667 1425 est,
701 1367 757 1414 et
784 1375 972 1414 coram
1003 1374 1129 1432 rege
1165 1359 1326 1415 sistit.

519 1472 543 1496 α
569 1451 634 1503 In
665 1449 816 1504 omni
845 1449 1247 1520 perseverantia
1278 1457 1331 1504 ct
1360 1449 1754 1505 obsecratione.
1787 1469 1814 1497 ι)
1842 1448 2044 1517 Quem-

443 1538 742 1594 admodum
803 1537 1107 1594 Chananzea
1148 1547 1202 1595 et
1239 1539 1397 1595 vidua
1453 1547 1508 1594 et
1541 1546 1719 1594 Anna.
1776 1539 1854 1591 Ea
1897 1536 2043 1592 enim

445 1643 570 1682 vere
600 1636 683 1683 est
722 1627 958 1698 precatio
985 1643 1109 1700 quae
1139 1627 1202 1682 ﬁt
1249 1643 1377 1683 cum
1404 1627 1826 1699 perseverantia.

521 1741 545 1764 ‹‹
604 1719 710 1772 Pro
742 1716 1000 1772 omnibus
1048 1717 1278 1784 sanctis,
1310 1725 1365 1773 et
1393 1733 1492 1790 pro
1521 1734 1630 1773 me.
1686 1739 1712 1766 ιο
1740 1718 1885 1788 Ergo
1934 1736 2045 1776 non

444 1822 540 1877 pro
561 1805 850 1877 nobisipsis
878 1813 1089 1862 tantum
1125 1815 1208 1862 est
1235 1805 1526 1863 orandum.
1581 1806 1826 1864 Observa
1853 1819 2038 1866 autem

443 1895 562 1966 ejus
605 1894 972 1951 humilitatem
1011 1915 1023 1947 :
1068 1896 1272 1952 ctenim
1321 1913 1380 1952 se
1432 1897 1629 1952 ultimo
1691 1898 1811 1953 loco
1864 1901 2040 1970 ponit,

439 1985 940 2057 discipulornmque
992 1987 1243 2042 oratione
1281 2002 1418 2057 opus
1460 1987 1647 2052 habet,
1701 1987 1863 2059 idque
1913 2006 2040 2046 cum

439 2074 641 2129 catenis
663 2074 876 2129 vinetus
907 2091 1004 2146 pro
1053 2075 1275 2131 Christo
1305 2083 1606 2131 teneretur.
1651 2077 1947 2134 Enimvero
1987 2087 2044 2134 et

441 2165 633 2218 Petrus
678 2163 883 2218 catenis
920 2163 1136 2220 vinctus
1187 2171 1326 2231 erat,
1367 2179 1557 2219 verum
1602 2179 1702 2236 pro
1733 2163 1851 2238 ipso
1881 2166 2042 2223 vehe-

443 2267 599 2308 mens
635 2260 689 2307 et
714 2252 926 2307 intenta
954 2253 1132 2308 oratio
1161 2253 1230 2309 ab
1259 2253 1499 2309 Ecclesia
1559 2252 1749 2310 ﬁebat.

512 2342 687 2397 Vens.
724 2347 812 2397 19.
872 2364 896 2388 α
951 2343 1031 2398 Ut
1057 2340 1190 2397 mihi
1239 2341 1406 2398 detur
1445 2357 1630 2399 sermo
1679 2343 1732 2398 in
1763 2345 2042 2417 apertione

443 2430 556 2486 oris
611 2430 742 2486 mei.
790 2452 814 2478 ι
857 2431 979 2486 Non
1011 2431 1177 2503 igitur
1231 2430 1606 2488 meditabatur
1645 2448 1766 2504 qua:
1810 2434 2039 2502 diceret,

440 2536 630 2576 verum
655 2520 816 2576 sicuti
855 2520 1106 2576 Christus
1127 2520 1252 2576 ait:
1299 2540 1326 2571 (ι
1351 2523 1431 2576 Ne
1473 2521 1688 2577 solliciti
1740 2523 1857 2579 sitis
1907 2525 2041 2597 quid

437 2609 742 2681 loquamini
799 2627 811 2663 :
856 2609 1071 2665 dabitur
1099 2609 1246 2665 enim
1289 2610 1442 2665 vobis
1483 2610 1539 2665 in
1587 2611 1676 2666 illa
1719 2612 1855 2668 hora
1909 2613 2041 2685 quid

444 2698 746 2770 loquemini
788 2698 801 2738 ί
872 2718 883 2753 :
917 2721 944 2748 τι
995 2698 1139 2754 hunc
1169 2699 1240 2755 ad
1276 2699 1507 2755 modum
1561 2702 1759 2756 Paulus
1787 2703 2042 2774 aperiens

442 2804 524 2856 os,
561 2803 683 2859 quae
722 2802 752 2842 a
787 2790 903 2843 Deo
958 2787 1446 2859 suppeditabantur
1490 2788 1822 2860 proferebat,
1855 2791 2043 2863 sicque

444 2876 628 2932 omnia
693 2875 870 2932 divina
948 2877 1117 2949 gratia
1176 2877 1510 2948 perficiebat.
1565 2879 1712 2934 Hinc
1775 2880 2043 2952 intelliges

440 2963 684 3035 gladium
730 2965 986 3037 Spiritus,
1026 2966 1174 3038 quod
1213 2976 1294 3022 est
1343 2967 1567 3023 verbum
1598 2968 1720 3024 Dei.

512 3056 693 3111 Vens.
740 3062 830 3123 19,
864 3061 955 3110 20.
1009 3078 1034 3103 «ι
1076 3057 1157 3112 Ut
1205 3072 1332 3111 cum
1365 3054 1562 3112 ﬁducia
1602 3066 1798 3114 notum
1844 3057 2044 3116 faciam

447 3144 768 3215 mysterium
808 3143 1106 3215 Evangelii,
1141 3160 1240 3215 pro
1291 3161 1400 3216 quo
1427 3145 1705 3217 legatione
1758 3146 1960 3220 iungor
1987 3150 2044 3204 in

443 3243 652 3301 catena,
682 3241 742 3288 ut
785 3232 838 3287 in
865 3232 980 3304 ipso
1010 3232 1242 3288 audeam
1269 3233 1412 3289 sicut
1431 3243 1650 3306 oportet
1685 3251 1772 3291 me
1803 3237 1974 3309 loqui.
2014 3261 2038 3288 ι.

444 3323 565 3375 Hoc
593 3329 692 3388 est,
724 3330 786 3375 ut
839 3321 1116 3377 rationem
1170 3321 1295 3377 ﬁdei
1350 3339 1490 3380 mem
1539 3324 1794 3394 reddam,
1844 3342 2042 3398 meque

2158 667 2181 691 α
2220 640 2272 696 ἐν
2313 637 2628 716 Πνεύματι,
2669 663 2700 696 υ
2735 637 3006 710 τουτέστι,
3065 635 3402 714 πνευματικὰ
3453 637 3747 712 αἰτοῦντες,

2152 726 2314 804 μηδὲν
2347 728 2625 805 κοσμικόν.
2669 726 2772 788 Διὰ
2808 726 2861 786 δὲ
2891 731 2982 786 τοῦ
3011 728 3174 785 εἰπεῖν
3193 771 3209 799 ,
3245 747 3273 783 α
3321 726 3750 806 Προσευχόμενοι

2147 816 2234 876 διὰ
2259 819 2434 890 πάσης
2470 823 2804 898 προσευχῆς,
2841 846 2866 869 ιι
2903 816 3152 899 ᾐνίξατο,
3185 813 3268 874 ὅτι
3297 815 3412 876 ἔστι
3444 815 3536 874 καὶ
3581 837 3747 894 προσ-

2149 907 2313 988 ευχὴν
2363 913 2618 968 ποιοῦντα
2672 907 2746 986 μὴ
2802 905 3221 988 προσεύχεσθαι,
3274 904 3398 965 ὅταν
3453 907 3751 984 βαττολογῇ

2148 1023 2244 1066 τις.

2235 1112 2264 1144 (ι
2309 1087 2418 1149 Καὶ
2461 1089 2534 1154 εἷς
2564 1087 2690 1147 αὐτὸ
2738 1091 2892 1146 τοῦτο
2924 1088 3330 1162 ἀγρυπνοῦντες.
3377 1107 3405 1142 λ)
3452 1085 3579 1145 Εἴτε
3609 1109 3749 1144 παν-ο

2153 1179 2366 1258 νυχίδας
2423 1180 2646 1236 ἐνταῦθα
2704 1178 2884 1255 λέγει,
2937 1175 3039 1236 εἴτε
3086 1176 3182 1251 τὴν
3226 1181 3390 1258 ν’ἤψιν
3423 1179 3515 1247 τ’ἧς
3543 1177 3752 1255 ψυχῆς,

2153 1257 2426 1350 ἀμφότερα
2467 1267 2648 1326 δεκτοί.
2706 1267 2984 1346 Νηφάλιον
3041 1267 3142 1347 γὰρ
3179 1257 3325 1325 εἶναι
3364 1267 3443 1325 δεῖ
3489 1264 3576 1324 τὸν
3625 1269 3754 1322 καθ-ο

2151 1355 2487 1433 ωπλισμένον
2508 1401 2523 1428 ,
2555 1355 2644 1415 τὸν
2679 1355 2827 1436 παρὰ
2858 1357 3070 1435 βασιλεῖ
3095 1360 3323 1417 ἑστῶτα.

2237 1469 2265 1504 α
2297 1447 2392 1507 Ἐν
2443 1446 2592 1524 πάσῃ
2644 1445 3108 1526 προσκαρτερήσει
3155 1444 3249 1505 καὶ
3289 1444 3490 1517 δεήσει.
3522 1472 3547 1496 ››
3597 1441 3754 1513 ⁶Ωςὴ

2153 1534 2466 1608 Χαναναία,
2491 1537 2564 1602 ὡς
2593 1535 2822 1615 ἡχήρα,
2856 1538 2925 1601 ὡς
2955 1539 2987 1606 ἡ
3019 1531 3076 1593 Ἀ
3091 1558 3212 1598 ννα.
3247 1539 3423 1596 Τοῦτο
3462 1534 3564 1615 γὰρ
3596 1531 3756 1599 ὅντως

2155 1625 2286 1707 εὐχὴ
2311 1669 2328 1698 ,
2361 1629 2394 1696 ἡ
2422 1622 2557 1701 μετὰ
2601 1624 2905 1705 καρτερίας.

2243 1743 2266 1768 α
2325 1713 2462 1794 Περὶ
2517 1715 2730 1773 πάντων
2781 1712 2947 1792 ἁγίων
3007 1715 3098 1774 καὶ
3146 1716 3280 1796 ὑπὲρ
3329 1715 3480 1792 ἐμοῦ.
3546 1733 3577 1770 ι)
3638 1713 3758 1771 Οὔκ

2156 1806 2260 1886 ἄρα
2308 1804 2439 1886 ὖπὲρ
2497 1807 2701 1864 ἑαυτῶν
2769 1803 2927 1882 μόνον
2987 1803 3377 1886 προσεύχεσθαι
3443 1803 3542 1862 δεῖ.
3604 1799 3753 1880 "Oper

2151 1897 2206 1954 δὲ
2282 1893 2768 1975 ταπεινοφροσύνην
2799 1915 2814 1930 ⁸
2881 1893 2974 1953 καὶ
3045 1895 3149 1976 γὰρ
3218 1891 3446 1975 ἔσχατόν
3515 1915 3570 1950 τε
3630 1895 3757 1949 ἑαυ-

2151 1983 2241 2044 τὸν
2265 1984 2490 2056 τίθησι,
2522 1983 2612 2042 καὶ
2660 1983 2826 2041 δεῖται
2859 1987 2954 2055 τῆς
2999 1988 3106 2043 τῶν
3130 1987 3384 2061 μαθητῶν
3433 1985 3590 2062 εὐχῆς
3611 2027 3626 2055 ,
3663 1977 3755 2039 καὶ

2151 2078 2321 2133 ταῦτα
2379 2072 2626 2132 ἁλύσεσιν
2651 2071 2700 2108 ⁰⁹
2753 2071 2884 2151 ὑπὲρ
2938 2075 3177 2153 Χριστοῦ
3213 2071 3600 2154 περικείμενος.
3645 2067 3757 2130 Καὶ

2151 2163 2254 2244 γὰρ
2287 2160 2378 2222 καὶ
2412 2161 2613 2240 Πέτρος
2643 2161 2880 2223 ’ἁλύσεσι
2911 2162 2923 2196 ¹
2961 2163 3256 2242 περιέκειτο
3277 2205 3293 2233 ,
3343 2161 3460 2220 ἀλλ’
3494 2155 3630 2238 ὑπὲρ
3661 2159 3758 2216 αὖ·

2151 2260 2243 2312 τοῦ
2268 2251 2478 2324 ἐκτενὴς
2505 2249 2632 2330 εὐχὴ
2662 2251 2867 2327 ἐγένετο
2898 2251 3045 2331 παρὰ
3073 2255 3167 2323 τῆς
3197 2249 3549 2324 Ἐκκλησίας.

2232 2361 2256 2385 α
2283 2332 2408 2392 Ἵνα
2438 2355 2529 2410 μοι
2555 2334 2679 2411 δοθῇ
2700 2332 2851 2409 λόγος
2879 2335 2929 2390 ἐν
2947 2331 3138 2400 ἀνοίξει
3165 2337 3257 2390 τοῦ
3283 2331 3546 2408 στόματός
3575 2352 3696 2404 μου.
3731 2356 3757 2379 ν

2151 2424 2268 2484 Οὔκ
2300 2422 2404 2502 ἄρα
2449 2421 2675 2498 ἐμελέτα
2710 2421 2744 2479 ἃ
2778 2422 2983 2500 ἔλεγεν,
3029 2420 3167 2479 ἀλλὰ
3218 2421 3356 2480 καθὸ.
3388 2411 3533 2480 εἶπεν
3565 2425 3593 2479 ὁ
3623 2421 3759 2497 Χρι-

2151 2511 2296 2580 στός·
2333 2536 2364 2567 (ι
2400 2510 2494 2583 Μὴ
2548 2520 2872 2588 μεριμνᾶτε,
2903 2510 2954 2569 τί
3002 2510 3304 2584 λαλήσητε-
3338 2508 3621 2580 δοθήσεται
3652 2506 3757 2585 γὰρ

2151 2603 2272 2679 ὑμῖν
2304 2604 2357 2660 ἐν
2398 2599 2568 2679 ἐκείνῃ
2602 2604 2668 2680 τῇ
2700 2599 2816 2680 ὥρᾳ
2864 2600 2916 2658 τί
2942 2600 3202 2672 λαλήσετε
3239 2625 3251 2636 ·
3301 2625 3326 2651 ι
3357 2597 3497 2659 οὕτω
3528 2598 3619 2657 καὶ
3655 2598 3756 2654 αὖ·

2149 2690 2236 2758 τὸς
2265 2691 2486 2768 ἀνοίγων
2533 2691 2594 2749 τὸ
2628 2691 2834 2767 στόμα,
2868 2689 2936 2748 τὰ
2984 2692 3133 2770 παρὰ
3184 2690 3327 2749 Θεοῦ
3377 2687 3755 2768 χορηγούμενα

2152 2779 2560 2858 διεπόρθμευεν,
2606 2777 2744 2837 οὕτω
2786 2779 2961 2837 πάντα
3006 2779 3122 2859 θεία
3165 2777 3349 2857 χάριτι
3403 2779 3591 2837 ἐτέλει.
3627 2776 3758 2837 Ἐν-

2150 2875 2326 2927 τεῦθεν
2359 2869 2559 2939 νοήσεις
2590 2867 2688 2938 τὴν
2740 2868 3014 2948 μάχαιραν
3055 2873 3146 2925 τοῦ
3178 2867 3518 2945 Πνεύματος,
3567 2865 3598 2924 ὅ
3642 2867 3756 2924 ἐστι

2157 2963 2302 3040 ῥῆμα
2319 2959 2484 3018 Θεοῦ.

2249 3070 2278 3104 ι(
2305 3046 2402 3107 Ἐν
2426 3047 2702 3128 παρρησίᾳ
2739 3046 2994 3125 γνωρίσαι
3023 3046 3080 3104 τὸ
3112 3046 3404 3126 μυστήριον
3447 3052 3538 3106 τοῦ
3582 3047 3755 3122 Εὐαγ-

2153 3136 2366 3215 γελίου,
2416 3127 2550 3217 ὑπὲρ
2583 3127 2641 3195 οῧ
2688 3127 2968 3215 πρεσϐεύω
3015 3140 3065 3196 ἐν
3109 3135 3328 3207 ἁλύσει,
3372 3133 3460 3193 ἵνα
3505 3138 3557 3193 ἐν
3612 3136 3758 3214 αὐτῷ

2152 3223 2607 3308 παρρησιάσωμαι
2637 3229 2708 3290 ὡς
2739 3226 2816 3284 δεῖ
2847 3250 2913 3302 με
2938 3226 3196 3297 λαλῆσαι.
3231 3247 3260 3282 ›)
3292 3223 3609 3296 Τουτέστιν,
3632 3220 3757 3282 Ἵνα

2153 3316 2574 3394 ἀπολογήσωμαι
2605 3318 2677 3380 ὥς
2707 3315 2847 3394 χρὴ,
2883 3313 3018 3391 μετὰ
3047 3313 3348 3395 παῤῥησίας
3391 3313 3484 3372 καὶ
3515 3312 3759 3392 ἀνδρείας

441 3409 753 3479 delendam,
787 3411 1009 3482 perinde
1031 3428 1093 3468 ac
1121 3413 1396 3481 convenit,
1429 3430 1554 3470 cum
1580 3414 1840 3487 loquendi
1878 3415 2040 3473 liber-

2153 3410 2242 3463 καὶ
2281 3402 2537 3471 συνέσεως
2601 3405 2823 3475 πολλῆς.
2896 3403 3037 3483 Πρὸς
3087 3407 3235 3469 τίνας
3304 3402 3358 3461 δὲ
3414 3402 3758 3482 πρεσϐεύεις,

445 3506 555 3554 tate
604 3507 659 3554 et
694 3499 1021 3556 fortitudine
1071 3501 1354 3573 multaque
1397 3503 1704 3574 prudentia.
1764 3505 1852 3561 Ad
1903 3521 2045 3578 quos

442 3597 627 3645 autem
667 3589 934 3662 legatione
973 3591 1214 3662 fungeris
1258 3596 1280 3648 Ρ
1334 3593 1418 3649 Ad
1474 3593 1744 3664 homines,
1792 3603 1854 3650 ut
1895 3595 2044 3667 ipsos

442 3679 782 3736 reconciliem
837 3683 972 3736 Deo.
1028 3683 1102 3736 At
1160 3680 1247 3736 isti
1301 3681 1520 3738 interim
1580 3700 1668 3740 me
1724 3683 1778 3738 in
1833 3685 2043 3741 vincula

442 3769 827 3839 coniecerunt,
859 3786 989 3826 cum
1023 3778 1211 3827 tamen
1255 3770 1340 3828 lex
1378 3771 1680 3844 praecipiat,
1709 3773 1856 3846 quod
1882 3775 2042 3847 legati

442 3857 609 3930 423
635 3859 751 3914 nihi
811 3859 1083 3930 patiantur
1127 3859 1270 3916 mali.
1311 3862 1512 3917 Catena
1551 3862 1721 3934 igitur
1751 3863 1882 3918 mihi
1936 3863 2042 3918 cir-

442 3949 751 4019 cumposita
779 3956 882 4016 est,
908 3956 971 4005 ut
991 3965 1178 4006 meam
1204 3949 1358 4004 mihil
1381 3949 1640 4007 ﬁduciam
1658 3960 1714 4008 et
1733 3951 2046 4009 libertatem

440 4037 711 4093 cohibeat.
742 4041 936 4094 Vestra
974 4045 1162 4095 autem
1190 4040 1364 4095 oratio
1397 4041 1602 4110 aperiet
1653 4041 1793 4096 mihi
1843 4058 1926 4111 os,
1987 4051 2049 4098 ut

444 4126 716 4182 liberrime
772 4127 984 4198 loquar,
1025 4135 1191 4199 atque
1246 4129 1541 4200 proloquar
1595 4145 1934 4204 quaecunque
2000 4132 2047 4188 is

443 4214 533 4285 qui
564 4231 654 4270 me
685 4216 920 4286 legatum
951 4215 1294 4283 amandavit,
1328 4217 1466 4272 mihi
1493 4220 1789 4277 commisit.
1838 4220 2046 4290 Viden,

2157 3493 2299 3574 Πρὸς
2331 3493 2673 3574 ἀνθρώπους,
2735 3491 2824 3551 ἵνα
2882 3491 3068 3559 αὐτοὺς
3115 3491 3438 3561 καταλλάξω
3466 3495 3542 3572 τῷ
3591 3493 3754 3571 Θεῷ·

2154 3585 2272 3641 ἀλλ’
2311 3575 2454 3641 οὗτοι
2506 3583 2702 3655 ἔδησάν
2752 3607 2851 3660 με,
2901 3581 3075 3641 καίτοι
3128 3580 3246 3648 τοὺς
3303 3580 3556 3660 πρέσϐεις
3601 3580 3758 3657 νόμος

2154 3672 2317 3749 μηδὲν
2372 3671 2603 3752 πάσχειν
2638 3672 2826 3734 κακόν.
2863 3669 2930 3730 Ἣ
2984 3671 3078 3747 μὲν
3109 3662 3198 3729 οὖν
3250 3670 3434 3739 ἅλυσις
3476 3669 3757 3748 περιετέθη

2155 3785 2273 3838 μοι,
2303 3761 2390 3821 ἵνα
2442 3763 2760 3840 ἐπιστομίσῃ
2820 3763 2916 3834 τὴν
2971 3759 3305 3841 παῤῥησίαν⁶
3338 3765 3372 3831 ἡ
3422 3759 3477 3818 δὲ
3525 3759 3757 3841 ὑμετέρα

2152 3850 2282 3931 εὐχὴ
2314 3850 2506 3919 ἀνοίξει
2537 3875 2627 3928 μοι
2655 3851 2716 3910 τὸ
2749 3851 2957 3929 στόμα,
3000 3848 3088 3908 ἵνα
3135 3851 3243 3930 παῤ
3257 3852 3596 3928 ῥησιάζωμαι
3619 3895 3635 3923 ,
3665 3851 3758 3909 καὶ

2153 3942 2292 4001 εἴπω
2322 3940 2529 4014 πάντα,
2563 3939 2664 3999 ὅσα
2717 3945 2745 3999 ὁ
2787 3941 3005 4021 πέμψας
3049 3964 3117 4016 με
3169 3938 3406 4019 πρέσϐυν
3459 3939 3758 3999 ἐνετείλατό

2155 4055 2266 4108 μοι.
2340 4030 2505 4111 Ὁρᾷς
2559 4030 2832 4110 μάχαιραν
2888 4029 2984 4100 τὴν
3027 4027 3334 4110 παῤῥησίαν
3377 4033 3470 4088 τοῦ
3518 4029 3758 4110 ῥήματος

2153 4125 2247 4179 τοῦ
2293 4122 2472 4196 Θεοῦ,
2518 4118 2545 4178 ὃ
2588 4118 2778 4196 ἔμελλε
2837 4121 3049 4186 Παῦλος
3097 4121 3278 4178 λαλεῖν
3319 4119 3372 4177 ἐν
3417 4118 3609 4185 ἀνοίξει
3665 4127 3758 4179 τοῦ

2153 4207 2416 4285 στόματος
2439 4228 2454 4282 ;

446 4301 734 4374 gladium,
784 4303 1095 4362 libertatem
1149 4313 1203 4361 et
1227 4305 1563 4364 alacritatem
1593 4309 1916 4367 enuntiandi
1953 4309 2104 4366 verbi
2156 4307 2282 4376 Dei,
2334 4305 2485 4378 quod
2552 4316 2876 4379 accepturus
2940 4314 3058 4363 erat
3111 4308 3310 4366 Paulus
3347 4309 3399 4364 in
3479 4307 3760 4380 apertione

448 4393 597 4448 oris?

516 4483 696 4536 Vens.
731 4485 820 4535 21.
865 4505 887 4529 α
933 4485 1014 4541 Ut
1050 4492 1235 4541 autem
1291 4485 1474 4542 sciatis
1505 4494 1558 4542 et
1613 4503 1708 4545 vos
1759 4488 2112 4562 quomodoD

444 4587 528 4626 res
558 4587 697 4628 mea:
718 4570 979 4642 habeant,
1005 4573 1202 4645 quidve
1246 4591 1428 4647 agam,
1462 4578 1650 4635 omnia
1705 4579 1860 4635 vobis
1886 4587 2040 4652 pate-

446 4660 601 4717 faciet
654 4660 921 4734 Tychicns
969 4663 1196 4720 dilectus
1251 4663 1439 4734 frater,
1483 4676 1539 4724 et
1578 4668 1762 4725 ﬁdelis
1792 4669 2045 4726 minister

444 4750 495 4803 in
528 4751 784 4806 Domino.
823 4776 847 4799 »
895 4753 1030 4822 Quae
1069 4753 1136 4812 ad
1194 4754 1592 4813 institutionem
1623 4766 1676 4813 et
1703 4759 2042 4816 consolatio-

441 4857 573 4896 nem
600 4841 870 4913 pertinere
924 4842 1266 4910 videbantur,
1299 4846 1410 4917 ipse
1442 4863 1536 4917 per
1561 4847 1860 4919 Epistolam
1906 4849 2046 4907 indi-

442 4931 604 4986 cavit.
636 4931 775 5002 Quia
815 4947 944 4986 vero
990 4941 1044 4988 et
1101 4933 1446 4990 vinculorum
1485 4938 1755 5006 meminit,
1787 4954 1897 4994 non
1934 4939 2038 4994 im-

445 5028 694 5075 moratur
720 5021 777 5074 in
798 5021 1153 5078 sermonibus
1181 5022 1324 5080 circa
1355 5041 1475 5080 eam
1512 5042 1652 5095 rem,
1694 5027 1790 5083 sed
1818 5028 2041 5099 permit-

444 5107 510 5162 tit
539 5108 745 5179 aliquid
762 5117 815 5164 et
835 5112 880 5164 Τ
881 5109 1074 5182 ychico
1118 5111 1186 5168 de
1216 5128 1273 5168 se
1302 5112 1710 5182 disserendum,
1733 5131 1804 5171 ne
1853 5114 2043 5173 fratris

446 5198 731 5268 prmsentia
761 5198 834 5252 sit
873 5199 1094 5255 inutilis.
1130 5201 1184 5256 Si
1229 5202 1396 5274 igitur
1447 5203 1677 5260 dilectus
1707 5215 1816 5268 est,
1856 5207 2042 5262 omnia

447 5288 597 5342 novit
631 5306 644 5342 :
677 5288 719 5342 si
752 5287 946 5357 ﬁdelis,
978 5305 1091 5346 non
1123 5291 1438 5347 mentietur.
1464 5294 1720 5349 Minister
1753 5302 1941 5352 autem
1988 5295 2041 5352 in

446 5379 709 5444 Domino,
737 5377 842 5433 hoc
887 5389 970 5434 est
997 5388 1220 5453 propter
1237 5383 1418 5437 Deum
1437 5382 1774 5454 ministrans,
1795 5383 2044 5458 adeoque

513 5511 527 5547 ί
561 5512 762 5568 Matth.
794 5529 855 5584 Χ,
900 5520 984 5570 19.

2231 4513 2255 4537 ιι
2286 4481 2409 4547 Ἵνα
2433 4485 2487 4545 δὲ
2519 4487 2691 4558 εἰδῆτε
2724 4482 2816 4542 καὶ
2841 4487 2992 4563 ὑμεῖς
3021 4487 3086 4547 τὰ
3119 4485 3239 4546 κατ’
3263 4487 3388 4566 ἐμὲ,
3411 4487 3462 4545 τί
3485 4489 3711 4566 πράσσω
3735 4533 3752 4564 ,

2151 4575 2325 4634 πάντα
2379 4578 2501 4652 ὑμῖν
2531 4575 2776 4656 γνωρίσει
2821 4577 3090 4655 Τυχικὸς,
3129 4579 3157 4634 δ
3207 4577 3483 4654 ἀγαπητὸς
3533 4579 3757 4656 ἀδελφὸς

2151 4665 2242 4725 καὶ
2275 4665 2457 4732 πιστὸς
2509 4665 2745 4730 διάκονος
2791 4666 2844 4722 ἐν
2900 4666 3100 4747 Κυρίῳ.
3145 4693 3170 4718 ιι
3221 4664 3282 4724 ὁΑ
3323 4667 3416 4741 μὲν
3451 4658 3513 4738 ἦν
3541 4667 3756 4746 ,δογμά-

2152 4779 2254 4814 των
2291 4756 2382 4816 καὶ
2430 4753 2853 4835 παρακλήσεως,
2925 4757 3078 4822 αὐτὸς
3146 4755 3232 4816 διὰ
3285 4760 3377 4826 τῆς
3432 4756 3757 4826 Ἐπιστολῆς

2152 4844 2443 4916 ἐδήλωσενο
2497 4843 2612 4903 ἐπεὶ
2643 4843 2696 4902 δὲ
2731 4844 2940 4920 δεσμῶν
2975 4845 3246 4923 ἐμνήσθη,
3300 4847 3395 4904 οὐκ
3439 4845 3757 4924 ἐνδιατρίϐει

2150 4935 2255 5001 τοῖς
2284 4935 2405 5014 περὶ
2459 4934 2658 4993 τούτων
2713 4933 2886 5011 λόγοις
2906 4978 2921 5005 ,
2971 4937 3088 4992 ἀλλ’
3120 4935 3308 5014 ἀφίησί
3331 4959 3381 4992 τι
3429 4938 3521 4994 καὶ
3547 4938 3621 5014 τῷ
3646 4939 3756 4994 Tu-

2150 5027 2288 5104 χικῷ
2318 5026 2664 5103 διαλεχθῆναι
2715 5022 2839 5103 περὶ
2877 5025 3035 5082 αὐτοῦ
3067 5023 3250 5104 “Livor
3285 5024 3358 5101 μὴ
3409 5025 3677 5104 ἄχρηστος
3717 5029 3752 5096 ἡ

2150 5113 2414 5191 παρουσία
2459 5118 2554 5171 τοῦ
2603 5113 2826 5193 ἀδελφοῦ
2981 5115 3047 5173 Εἰ
3089 5103 3177 5172 οὖν
3229 5114 3539 5191 ἀγαπητὸς,
3575 5113 3753 5172 πάντα

2151 5193 2285 5259 οἶδεν
2311 5226 2323 5239 ·
2353 5205 2396 5260 εἷ
2431 5201 2616 5269 πιστὸς
2639 5247 2654 5275 ,
2687 5203 2745 5260 οὗ
2770 5202 3042 5280 ψεύσεται.
3079 5223 3106 5260 (ι
3137 5203 3392 5270 Διάκονος
3413 5226 3439 5260 ι)
3469 5204 3526 5262 δέ
3554 5226 3583 5262 (ι
3609 5206 3750 5262 ἐστιν

2150 5293 2202 5348 ἐν
2225 5291 2409 5373 Κυρίῳ
2429 5339 2445 5370 ,
2473 5315 2504 5350 ))
2537 5292 2809 5368 τουτέστι,
2845 5292 2930 5350 διὰ
2955 5292 3092 5352 Θεὸν
3125 5296 3380 5353 διακονῶν
3401 5341 3416 5368 ,
3441 5292 3531 5352 καὶ
3563 5297 3615 5352 ἐν
3645 5301 3753 5360 τοῖς

2150 5381 2336 5457 θείοις,
2367 5384 2424 5442 οὗ
2486 5383 2575 5442 διά
2603 5406 2655 5440 τι
2702 5382 3020 5461 κοσμικὸνίδ,
3057 5381 3090 5453 ἢ
3139 5383 3192 5442 ἔν
3223 5407 3324 5441 τινι
3369 5387 3470 5442 τῶν
3519 5378 3714 5462 γηίνων
3739 5407 3754 5420 ·

1826 5591 2022 5652 Variae
2070 5596 2374 5662 lectiones.

511 5689 554 5726 99
582 5691 754 5744 ἁλύσει
783 5708 833 5748 0.
912 5692 926 5727 ³
956 5693 1129 5748 ἁλύσει
1153 5710 1209 5752 0.
1285 5697 1306 5731 ²
1332 5695 1413 5767 ἀφ’
1446 5696 1619 5752 ἑαυτοῦ
1646 5715 1700 5756 ο.
1777 5700 1799 5732 ³
1823 5702 1906 5753 καὶ
1934 5700 1990 5755 οὗ
2020 5705 2255 5776 διατρίϐει
2279 5706 2331 5761 ἐν
2363 5709 2468 5770 τοῖς
2494 5708 2603 5780 περὶ
2627 5713 2743 5776 τοῦ,
2773 5707 2852 5768 ἴσ.
2890 5710 3103 5783 κόσμου.
