4124 6432
410 445 548 501 “37

1257 436 1609 495 EXPOSlTlO
1646 438 1715 494 IN
1752 437 1965 496 EPIST.
2007 439 2100 495 AD
2139 440 2372 500 EPHES.
2412 473 2482 486 —
2519 445 2671 502 CAP.
2711 447 2799 502 Vl.

3583 454 3720 509 H38

409 566 474 641 ἣ,
506 570 535 626 6
587 564 810 648 ἀδελφὸς
865 564 919 625 ἓν
961 561 1174 647 Κυρίῳ,
1241 562 1511 625 τουτέστιν
1556 566 1585 623 ὃ
1643 562 2002 644 πνευματικὸς

2124 564 2176 622 in
2204 566 2405 625 divinis
2433 570 2620 641 rebus,
2649 587 2762 628 non
2805 581 3031 647 propter
3056 574 3296 648 aliquam
3327 590 3446 632 rem
3478 575 3716 633 munda-

412 657 653 738 ἀδελφός.

500 837 663 900 ((⁸ον
723 835 941 919 ἔπεμψα
991 836 1124 918 πρὸς
1174 838 1310 915 ὑμᾶς
1361 837 1434 904 εἰς
1503 835 1633 896 αὐτὸ
1687 842 1873 913 τοῦτο,
1921 838 2010 899 ἵνα

410 927 621 1007 γνῶτε⁴
649 926 719 988 τὰ
768 926 893 1008 περὶ
941 930 1096 1006 ἡμῶν
1123 927 1171 1001 ⁵,
1228 927 1319 986 καὶ
1366 926 1720 1009 παρακαλέσῃ
1750 927 1842 997 τὰς
1872 952 2011 1010 καρ-

410 1019 523 1087 δίας
551 1020 722 1097 ὑμῶν.
750 1039 782 1079 n
821 1015 897 1078 Ὃ
926 1015 1073 1097 ἅγιος
1097 1014 1350 1093 Ἰωάννης
1373 1013 1540 1084 οὕτως
1570 1016 1805 1097 ἀνέγνω·
1833 1039 1865 1077 α
1891 1017 2009 1080 Ἵνα

409 1110 575 1187 γνῶτε
631 1105 702 1167 τὰ
765 1106 889 1188 περὶ
939 1110 1092 1185 ἡμῶν
1112 1129 1127 1145 ο
1169 1133 1195 1161 υ
1230 1105 1537 1179 τουτέστιν,
1567 1104 1654 1166 ἵνα
1706 1107 2008 1187 ἀπαγγείλῃ

410 1201 535 1274 ὑμῖν
563 1196 632 1257 τὰ
660 1196 786 1279 περί⁸
806 1199 936 1274 ἐμοῦ
959 1244 975 1270 ,
995 1196 1086 1257 καὶ
1113 1196 1190 1275 μὴ
1222 1199 1330 1279 ἀφῇ
1360 1200 1500 1274 ὑμᾶς
1528 1205 1849 1257 καταπεσεῖν
1879 1195 2009 1279 ὑπὲρ

412 1288 543 1363 ἐμοῦ
560 1334 578 1364 ,
627 1290 699 1355 ὡς
758 1288 812 1347 ἂν
860 1285 1045 1354 δεινοῖς
1103 1286 1280 1359 ὄντος’,
1354 1285 1448 1346 καὶ
1492 1284 1678 1347 ἅλυσιν
1710 1291 2007 1366 φοροῦντος.

409 1378 587 1437 Τοῦτο
637 1377 693 1437 δὲ
721 1375 818 1448 τὴν
846 1374 1060 1453 ἀγάπην
1103 1377 1285 1451 δηλοῖ,
1312 1378 1408 1449 τὴν
1438 1398 1495 1435 τε
1539 1377 1700 1437 αὐτοῦ
1742 1375 1871 1458 πρὸς
1902 1378 2010 1435 αὖ-

411 1465 557 1544 τοὺς,
585 1468 676 1528 καὶ
699 1466 796 1543 τὴν
830 1467 1043 1528 ἐκείνων
1071 1467 1200 1548 πρὸς
1228 1466 1405 1529 αὐτόν.

500 1678 523 1703 α
558 1650 760 1732 Εἰρήνη
789 1654 897 1720 τοῖς
927 1653 1170 1732 ἀδελφοῖς
1220 1650 1309 1711 καὶ
1353 1650 1538 1731 ἀγάπη
1574 1651 1712 1731 μετὰ
1744 1650 2006 1727 πίστεως,

413 1739 519 1798 ἀπὸ
563 1742 705 1802 Θεοῦ
755 1739 1005 1821 Πατρὸς,
1055 1741 1149 1801 καὶ
1210 1740 1405 1822 Κυρίου
1454 1740 1633 1815 Ἰησοῦ
1689 1744 1943 1823 Χριστοῦ.
1972 1764 2000 1800 ι)

400 1829 739 1912 -Ἒπεύχεται
797 1832 975 1900 αὐτοῖς
1048 1830 1262 1913 εἰρήνην
1314 1831 1405 1890 καὶ
1453 1833 1552 1904 τὴν
1609 1832 1746 1911 μετὰ
1786 1832 2015 1899 πίστεως

2116 670 2268 725 nam,
2298 658 2380 715 vel
2432 658 2504 715 ob
2532 662 2856 734 quampiam
2896 678 3015 720 rem
3048 672 3408 722 terrestrem:
3436 666 3519 722 vel
3545 665 3717 724 frater

2117 744 2178 802 in
2205 748 2469 819 Domino,
2495 749 2644 822 quod
2672 759 2776 821 est,
2803 752 3094 822 spiritualis
3138 753 3316 812 frater.

2189 839 2361 895 Vnus.
2406 845 2491 896 22.
2529 864 2555 889 α
2584 842 2761 911 Quem
2811 842 2936 899 misi
2973 843 3043 900 ad
3067 859 3162 901 vos
3193 845 3246 900 in
3276 844 3381 902 hoc
3408 844 3609 918 ipsum,
3651 855 3713 903 ut

2116 929 2463 1001 cognoscatis
2488 946 2613 1002 qua
2632 932 2778 987 circa
2801 948 2905 988 nos
2923 942 3072 1003 sunt,
3114 943 3169 990 et
3204 935 3519 991 consoletur
3545 934 3712 991 corda

2117 1024 2320 1074 vestra.
2352 1042 2377 1068 υ
2406 1019 2580 1077 Divus
2603 1023 2847 1078 Joannes
2873 1022 2953 1079 sic
2980 1022 3108 1097 legit
3141 1042 3154 1078 :
3202 1046 3227 1074 ι
3265 1026 3343 1081 Ut
3365 1024 3714 1096 cognoscatis

2118 1121 2242 1180 quae
2270 1106 2414 1166 circa
2439 1124 2540 1167 nos
2567 1117 2719 1179 sunt,
2747 1134 2771 1161 υ
2803 1110 2909 1168 hoc
2944 1120 3048 1182 est,
3081 1114 3162 1169 Ut
3199 1112 3350 1171 vobis
3376 1113 3444 1171 de
3483 1128 3578 1170 me
3608 1129 3711 1169 an-

2115 1197 2350 1268 nuntiet,
2377 1214 2479 1256 nec
2527 1198 2672 1256 sinat
2711 1216 2808 1259 vos
2845 1201 2955 1259 mei
2981 1217 3151 1259 causa
3179 1203 3565 1270 succumbere,
3623 1202 3710 1258 ni-

2119 1285 2364 1344 miumve
2404 1288 2738 1359 contristari,
2782 1291 2986 1364 quippe
3015 1292 3108 1364 qui
3149 1291 3266 1365 jam
3305 1292 3490 1365 gravia
3519 1291 3711 1349 admo-

2116 1374 2252 1433 dum
2295 1377 2492 1450 patiar,
2536 1387 2898 1453 catenamque
2932 1378 3133 1439 feram.
3194 1385 3315 1438 Hoc
3343 1391 3529 1438 autem
3581 1381 3713 1438 dile-

2116 1465 2356 1523 ctionem
2383 1467 2610 1540 indicat,
2641 1485 2767 1526 cum
2807 1469 2923 1544 ejus
2966 1486 3093 1545 erga
3121 1470 3290 1545 ipsos,
3325 1479 3447 1529 tum
3492 1471 3714 1528 illorum

2117 1571 2247 1629 erga
2285 1557 2483 1630 ipsum.

2191 1649 2372 1704 Vens.
2400 1653 2488 1705 23.
2525 1671 2549 1698 σι
2581 1652 2690 1707 Pax
2718 1649 2998 1720 fratribus,
3050 1659 3106 1706 et
3149 1649 3391 1708 charitas
3434 1667 3564 1707 cum
3607 1651 3715 1709 ﬁde

2118 1752 2149 1792 a
2181 1738 2299 1793 Deo
2330 1740 2508 1806 Patre,
2531 1748 2588 1795 et
2626 1740 2864 1797 Domino
2900 1742 3034 1797 Jesu
3065 1740 3310 1797 Christo.
3345 1764 3371 1790 ιο
3406 1743 3609 1798 Pacem
3640 1742 3717 1798 eis

2119 1834 2359 1899 exoptat,
2403 1836 2566 1902 atque
2604 1845 2732 1887 cum
2776 1828 2883 1887 ﬁde
2936 1829 3314 1887 dilectionem.
3371 1832 3492 1886 Hoc
3527 1839 3717 1888 autem

413 1918 648 1998 ἀγάπην.
683 1922 852 1981 Τοῦτο
895 1920 951 1979 δὲ
976 1920 1212 1982 τοιοῦτόν
1240 1922 1413 1992 ἐστιν,
1445 1919 1480 1992 ἢ
1503 1920 1584 1981 ὅτι
1610 1920 1699 1981 ἵνα
1729 1920 1805 1999 μὴ
1832 1924 2010 2001 ἑτερο-

2121 1916 2223 1973 tale
2248 1925 2350 1986 est,
2392 1919 2471 1974 vel
2506 1926 2569 1975 ut
2596 1917 2827 1977 diversae
2857 1918 3137 1992 opinionis
3179 1918 3437 1976 homines
3464 1935 3575 1975 non
3600 1919 3718 1976 dili-

413 2008 589 2078 δόξους
632 2010 944 2089 ἀγαπῶσιν,
988 2011 1127 2071 ἀλλὰ
1176 2009 1407 2089 μόνουςθ
1445 2009 1690 2079 πιστούςο
1727 2011 1763 2083 ἢ
1800 2008 1882 2070 ὅτι
1931 2012 2010 2070 δεῖ

2121 2015 2268 2079 gant,
2308 2005 2408 2064 sed
2434 2008 2582 2064 solos
2620 2007 2808 2065 ﬁdeles
2848 2027 2862 2065 :
2903 2008 2985 2065 vel
3024 2008 3153 2080 quia
3187 2016 3409 2080 oportet
3436 2017 3494 2066 et
3546 2007 3714 2066 ﬁdem

411 2097 502 2157 καὶ
527 2098 708 2159 πίστιν
739 2102 879 2181 ἔχειν
923 2100 1139 2174 αὐτοὺς,
1189 2100 1328 2160 ὥστε
1367 2100 1461 2160 καὶ
1504 2102 1717 2183 θαῤῥεῖν
1743 2101 1866 2182 περὶ
1902 2102 2006 2160 τῶν

2121 2095 2323 2153 habere
2358 2112 2475 2167 eos,
2498 2107 2563 2154 ut
2585 2097 2652 2154 de
2684 2096 2887 2155 futuris
2912 2098 3214 2155 conﬁdant.
3242 2098 3371 2154 Sine
3419 2097 3530 2154 ﬁde
3562 2099 3714 2156 enim

415 2187 732 2266 μελλόντῶν.
805 2189 982 2272 Χωρίς
1045 2190 1148 2272 γὰρ
1217 2190 1445 2258 πίστεως
1519 2190 1665 2252 οῦδὲν
1724 2192 1922 2274 ὠφελεῖ
1972 2194 2007 2263 ἡ

416 2278 631 2356 ἀγάπη,
680 2282 882 2357 μᾶλλον
898 2279 981 2363 μδὲ
1020 2279 1129 2340 οὐδ’
1174 2280 1237 2340 ἂν
1282 2281 1486 2361 γένοιτο
1515 2280 1700 2362 ἀγάπη
1729 2280 1895 2363 χωρὶς
1923 2279 2012 2340 πί-

414 2389 597 2436 στεως.
624 2367 805 2450 Ὅπερ
826 2370 851 2409 7
882 2358 1028 2430 εἶπεν
1070 2358 1320 2452 εἰρήνην,
1354 2370 1446 2431 καὶ
1602 2358 2011 2450 μετάνπίστεως

416 2455 647 2535 ἀγάπην.
697 2459 976 2520 Διδάσκων
1006 2461 1061 2519 δὲ
1097 2464 1208 2529 πῶς
1250 2460 1313 2520 ἂν
1353 2460 1557 2540 γίνοιτο
1603 2459 1775 2539 αὕτη,
1810 2460 2012 2538 ἐπήγα-

414 2569 538 2625 γεν,
584 2547 664 2608 ὅτι
706 2547 794 2609 διὰ
823 2553 918 2624 τῆς
966 2549 1200 2630 ἀγάπης.
1229 2550 1304 2612 Ἠ
1354 2550 1539 2629 ἀγάπη
1592 2549 1648 2610 δὲ
1691 2554 1835 2625 πῶς;
1878 2548 2009 2611 Ἐὰν

415 2636 590 2696 πίστιν
620 2637 853 2720 ἔχωμεν.

505 2748 536 2786 α
560 2726 636 2789 Ἠ
663 2728 820 2810 χάρις
848 2727 986 2807 μετὰ
1017 2727 1232 2789 πάντων
1274 2731 1383 2788 τῶν
1412 2728 1743 2809 ἀγαπώντων
1772 2729 1860 2790 τὸν
1893 2727 2010 2790 Κύ-

418 2839 524 2894 ριον
565 2820 720 2896 ἡμῶν
769 2818 976 2893 Ἰησοῦν
1018 2818 1253 2900 Χριστὸν
1286 2820 1339 2878 ἐν
1394 2818 1710 2901 ἀφθαρσίᾳ.³
1747 2819 1934 2898 Ἀμήν.
1975 2840 2006 2877 ι)

417 2905 679 2967 Ἐνταῦθα
703 2908 728 2947 ⁸
759 2910 918 2969 διεῖλε
964 2907 1062 2981 τὴν
1096 2909 1308 2989 εἰρήνην
1345 2907 1455 2968 ἀπὸ
1485 2911 1579 2980 τῆς
1620 2909 1870 2991 χάριτος,
1907 2908 2016 2989 ἰδίᾳ

417 2997 521 3062 θεὶς
544 2997 876 3079 ἀμφοτέρας,
928 2996 1101 3059 καίτοι
1143 3003 1424 3080 πανταχοῦ
1476 2997 1780 3060 συνάπτων.
1810 2997 1890 3060 Τὸ
1920 2996 1972 3056 δὲ
1997 3042 2015 3075 ,

425 3106 454 3143 α
477 3084 575 3146 Ἐν
606 3088 903 3169 ἀφθαρσίᾳ,
946 3110 977 3148 ι)
1029 3087 1149 3161 ἤτοι
1183 3089 1237 3148 ἓν
1294 3088 1642 3165 κοσμιότητι,
1676 3086 1711 3161 ἧ
1743 3091 1848 3148 τῶν
1882 3090 2015 3166 ἀγα-

416 3174 639 3235 πώντων
667 3176 756 3237 τὸν
788 3176 1023 3257 Χριστὸν
1044 3178 1069 3213 ⁰
1100 3176 1179 3255 μὴ
1215 3182 1269 3239 ἐν
1322 3176 1539 3259 πλούτῳ
1565 3177 1601 3251 ἢ
1632 3181 1687 3237 ἓν
1715 3177 1861 3259 δὸξῃ,
1894 3178 2013 3236 ἀλλ’

418 3265 472 3321 ἐν
501 3274 606 3334 τοῖς
650 3266 962 3348 ἀφθάρτοις,
1001 3265 1280 3344 τουτέστι,
1312 3265 1402 3326 διὰ
1432 3266 1501 3327 τὰ
1549 3266 1792 3348 ἄφθαρτα
1815 3290 1829 3305 ο
1867 3266 1903 3340 ἢ
1934 3266 2014 3326 ὅτι

419 3355 445 3411 ὃ
473 3358 693 3433 ἀγαπῶν
723 3356 811 3415 τὸν
842 3356 1070 3433 Χριστὸν
1116 3355 1203 3415 διὰ
1232 3359 1325 3428 τῆς
1356 3358 1546 3433 cipiat-4";
1597 3357 1754 3416 αὐτὸν
1808 3358 2013 3437 ἀγαπᾷ.

419 3443 490 3503 Ἡ
531 3444 626 3522 μὲν
653 3445 755 3526 γὰρ
801 3444 1041 3525 ἁμαρτία
1063 3493 1080 3521 ,
1111 3445 1304 3528 φθοράο
1333 3452 1365 3517 ἡ
1396 3445 1452 3504 δὲ
1485 3445 1676 3525 ἀρετὴ,
1725 3445 2012 3526 ἀφθαρσία.

422 3530 515 3601 Ὡς
544 3534 648 3615 γὰρ
693 3533 790 3607 τὴν
818 3534 1077 3617 παρθένον
1108 3535 1409 3615 φθείρεσθαι
1446 3534 1700 3613 λέγομεν,
1750 3533 1888 3594 οὕτω
1925 3532 2015 3592 καὶ

420 3622 518 3695 τὴν
555 3622 760 3705 ψυχήνο
811 3623 893 3684 διὸ
961 3624 1054 3684 καὶ
1101 3627 1348 3692 Παῦλος·
1399 3651 1422 3679 ι
1476 3626 1686 3697 Μήπως
1742 3626 1948 3705 φθαρῇ,
1981 3648 2011 3679 ³)

421 3711 553 3792 φησί
576 3760 593 3793 ,
624 3738 655 3770 ν
681 3712 748 3773 τὰ
792 3713 1037 3791 νοήματα
1081 3717 1257 3792 ὖμῶνο
1290 3738 1320 3770 ι)
1356 3712 1442 3772 καὶ
1467 3758 1483 3787 ,
1521 3740 1546 3767 α
1587 3712 2019 3793 Κατεφθαρμένοι

420 3800 508 3873 τὸν
536 3810 679 3865 νοῦν.
715 3825 744 3861 ι)
801 3802 1016 3864 Γένοιτο
1044 3793 1133 3862 οὖν
1177 3802 1269 3862 καὶ
1311 3808 1457 3881 ἡμᾶς
1484 3803 1579 3877 τὴν
1610 3801 1739 3882 πρὸς
1766 3801 1856 3861 τὸν
1887 3805 2018 3880 Χρι-

422 3892 544 3952 στὸν
596 3892 813 3970 ἀγάπην
847 3893 1135 3969 δεικνύειν,
1169 3892 1257 3953 διά
1284 3914 1341 3952 τε
1386 3892 1736 3970 κοσμιότητος
1768 3892 1818 3929 ¹⁰
1867 3890 2015 3972 βίου,

421 3981 514 4043 καὶ
552 3982 639 4041 διὰ
692 3987 783 4042 τοῦ
826 3981 896 4044 τὰ
938 3983 1183 4067 ἄφθαρτα
1237 3984 1412 4042 ἐκεῖνα
1460 3986 1636 4055 ζητεῖν
1672 3982 1879 4059 ἀγαθάσ
1927 3981 2021 4041 καὶ

422 4069 632 4147 ἅπλῶς,
699 4071 785 4132 διὰ
837 4072 1013 4145 πάσης
1064 4077 1156 4143 τῆς
1224 4071 1473 4153 ἐναρέτου
1529 4072 1831 4145 πολιτείας,
1901 4071 2016 4144 ἥτις

424 4160 686 4242 ἄφθαρτον
724 4168 874 4242 τηρεῖ
921 4159 1015 4234 τὴν
1070 4162 1282 4243 ψυχὴν,
1339 4159 1416 4239 μὴ
1480 4159 1916 4242 διαφθειρομένην
1964 4163 2018 4220 ἐν

424 4249 810 4330 ἐπιτηδεύμασι
869 4251 961 4311 καὶ
991 4250 1261 4329 ἀνομίαις,
1295 4253 1346 4310 ἐν
1380 4254 1526 4331 αὐτῷ
1557 4253 1633 4332 τῷ
1664 4252 1885 4333 Χριστῷ
1942 4253 2019 4332 τῶ

425 4340 987 4432 ἀφθάρτῳινυμφίῳῲ
1010 4344 1112 4400 τῶν
1185 4340 1460 4432 παρθένων
1526 4343 1618 4400 καὶ
1687 4341 2019 4432 ἀδιαφθόρων

2113 2185 2252 2242 nihil
2277 2187 2502 2259 prodest
2521 2187 2784 2257 charitas,
2816 2188 2929 2245 imo
2951 2203 3019 2244 ne
3047 2186 3269 2244 dilectio
3296 2187 3520 2259 quidem
3550 2186 3719 2244 fuerit

2115 2275 2235 2332 sine
2264 2275 2373 2334 ﬁde
2406 2298 2419 2334 :
2474 2276 2530 2335 id
2558 2276 2704 2349 quod
2735 2293 2927 2350 pacem
2965 2276 3128 2346 dixit,
3150 2285 3204 2333 et
3229 2292 3361 2333 cum
3406 2274 3514 2333 ﬁde
3541 2276 3718 2332 chari-

2114 2374 2309 2423 tatem.
2334 2370 2553 2424 Docens
2572 2375 2752 2424 autem
2780 2366 3065 2440 quomodo
3089 2368 3208 2425 haec
3228 2367 3341 2438 ipsa
3364 2366 3480 2437 ﬁat,
3507 2367 3715 2435 intulit,

2116 2459 2221 2513 Per
2246 2455 2588 2514 charitatem.
2621 2460 2694 2514 At
2736 2455 2881 2513 unde
2911 2444 3185 2514 charitas?
3214 2456 3271 2512 Si
3302 2455 3471 2515 ﬁdem
3521 2455 3720 2513 habea-

2120 2562 2266 2602 IDUS.

2196 2726 2371 2780 Vsus.
2413 2728 2501 2779 24.
2551 2746 2575 2771 οι
2622 2722 2810 2780 Gratia
2864 2737 2997 2778 cum
3041 2720 3303 2778 omnibus
3352 2720 3446 2793 qui
3479 2719 3721 2794 diligunt

2119 2812 2425 2870 Dominum
2463 2821 2717 2870 nostrum
2744 2814 2938 2869 Jesum
2963 2811 3246 2868 Christum
3271 2810 3327 2866 in
3357 2810 3722 2883 incorruptioo

2121 2920 2213 2961 ne.
2238 2908 2436 2960 Amen.
2471 2925 2498 2951 ι
2522 2902 2628 2958 Hic
2658 2916 2845 2973 pacem
2881 2915 2911 2955 a
2946 2900 3120 2973 gratia
3157 2898 3471 2971 distinguit,
3502 2905 3718 2955 utram-

2123 3008 2233 3066 que
2257 2992 2489 3050 seorsim
2518 3006 2749 3065 ponens,
2780 2988 2995 3048 etiamsi
3023 2987 3382 3067 ubique'alias
3406 2995 3714 3044 connectat.

2127 3081 2266 3139 Illud
2316 3097 2466 3138 vero.
2523 3100 2551 3135 ι(
2605 3082 2671 3136 In
2719 3078 3160 3150 incorruptione,
3215 3096 3244 3131 »
3295 3077 3407 3134 sive
3459 3077 3722 3149 puritate,

2128 3171 2285 3239 dicit,
2325 3172 2405 3228 vel
2434 3168 2772 3243 diligentium
2811 3167 3117 3235 Christum,
3162 3182 3274 3223 non
3318 3166 3373 3222 in
3403 3164 3606 3223 divitiis
3627 3175 3724 3222 aut

2128 3261 2323 3334 gloria,
2375 3259 2471 3316 sed
2508 3261 2565 3316 in
2603 3256 3131 3331 incorruptibilihus,
3182 3254 3288 3312 hoc
3338 3264 3442 3322 est,
3499 3262 3724 3327 propter

2122 3353 2578 3427 iucorruptibilia;
2613 3353 2694 3409 vel
2736 3352 2860 3425 quia
2899 3351 3130 3424 diligens
3157 3349 3462 3415 Christum,
3502 3356 3725 3420 propter

2126 3446 2383 3500 virtutem
2428 3443 2608 3515 ipsum
2656 3441 2854 3513 diligit.
2914 3444 3207 3497 Peccatum
3244 3438 3392 3494 enim
3423 3446 3509 3494 est
3535 3453 3725 3494 corru-

2125 3533 2257 3606 ptio,
2316 3532 2489 3588 virtus
2547 3540 2731 3588 autem
2804 3527 3310 3598 incorruptibilitas.
3362 3528 3515 3583 Sicut
3569 3527 3718 3582 enim

2126 3620 2388 3692 virginem
2412 3618 2584 3692 424
2610 3617 2892 3688 corrumpi
2921 3616 3173 3681 dicimus,
3205 3615 3338 3670 item
3367 3622 3423 3671 et
3446 3614 3718 3670 animam.

2125 3711 2419 3781 Propterea
2465 3715 2520 3763 et
2572 3705 2795 3772 Paulus,
2841 3727 2866 3753 ‹ι
2922 3705 3005 3759 Ne
3039 3718 3148 3775 quo
3197 3702 3387 3770 modo,
3439 3720 3466 3754 ›)
3522 3701 3720 3773 inquit,

2131 3805 2605 3869 «corrumpantur
2648 3809 2843 3850 sensus
2894 3793 3055 3848 vestri
3135 3809 3148 3847 :
3195 3810 3226 3844 »
3268 3798 3345 3859 et,
3404 3809 3433 3842 ι(
3462 3790 3727 3861 Corrupti

2128 3897 2318 3945 mente
2390 3880 2440 3939 κ.
2515 3909 2540 3936 ν
2592 3882 2888 3955 Contingat
2951 3881 3118 3954 igitur
3184 3888 3243 3936 et
3305 3895 3408 3935 nos
3478 3877 3725 3935 dilectio-

2128 3994 2255 4034 nem
2292 3992 2419 4049 crga
2460 3975 2742 4034 Christum
2774 3969 3081 4038 ostendere,
3117 3985 3246 4026 cum
3276 3984 3370 4041 per
3408 3967 3534 4024 vitae
3562 3984 3722 4024 orna-

2128 4077 2250 4125 tum
2274 4076 2329 4123 et
2357 4068 2667 4138 puritatem,
2707 4071 2829 4118 tum
2850 4076 2944 4133 per
2973 4059 3079 4116 hoc
3100 4058 3251 4131 quod
3279 4055 3718 4129 incorruptibilia

2128 4157 2218 4213 illa
2251 4157 2395 4213 bona
2450 4153 2791 4226 inquiramus
2832 4154 2856 4206 ?
2914 4166 2977 4206 ac
3013 4148 3362 4221 simpliciter,
3407 4162 3507 4219 per
3558 4145 3719 4201 vitam

2127 4246 2283 4303 omni
2328 4244 2529 4302 virtute
2556 4243 2935 4314 conspicuam,
2968 4254 3093 4312 quae
3124 4238 3507 4310 incorruptam
3539 4245 3724 4292 servat

2127 4337 2391 4402 animam,
2430 4349 2545 4390 non
2570 4341 2889 4403 corruptam
2925 4328 3123 4386 studiis
3147 4336 3205 4384 et
3234 4327 3640 4401 iniquitatibus,
3666 4325 3721 4381 in

424 4416 758 4515 ψυχῶν.’ῖῼ
905 4416 1029 4500 δόξα
1086 4434 1159 4499 εἰς
1219 4416 1339 4499 τοὺς
1385 4432 1581 4499 αἰῶνας
1635 4434 1739 4490 τῶν
1791 4416 2012 4492 αἰώνων.

2121 4423 2251 4497 ipso
2322 4422 2544 4481 Christo
2614 4417 3017 4490 incorruptibili
3075 4432 3279 4488 sponso
3337 4416 3607 4488 virginum
3667 4422 3724 4469 et

426 4515 613 4597 Ἀμήν.

494 4725 510 4769 ι
542 4699 593 4754 ll
619 4697 743 4755 Cor.
769 4712 850 4767 χι,
885 4702 934 4753 3.
1009 4699 1037 4734 κ
1059 4699 1117 4756 II
1135 4698 1283 4756 Tim.
1315 4713 1413 4768 ut,
1455 4704 1513 4755 8.

2127 4516 2570 4586 incorruptarum
2609 4509 2938 4578 animarum,
2993 4506 3082 4563 cui
3132 4504 3300 4578 gloria
3386 4504 3444 4560 in
3488 4502 3715 4560 saecula.

2055 4606 2107 4670 D
2136 4612 2335 4664 Amen.

1810 4770 2004 4832 Varia:
2047 4771 2349 4834 lectiones.

499 4930 649 5003 ⁴Υνῷ
675 4946 730 4986 ο·
806 4931 829 4966 ⁸
859 4930 997 5005 ὓμῶν
1027 4948 1082 4989 ο.
1157 4931 1181 4967 ⁸
1210 4932 1419 5005 μόνονο
1515 4932 1535 4966 ⁷
1562 4933 1654 5005 ὅρα
1687 4932 1739 4987 δὲ
1771 4938 1873 4996 πῶς
1917 4930 2057 4988 εἶπεν
2107 4930 2327 5004 εἰρήνην.
2373 4924 2630 4979 Διδάσκων
2658 4922 2710 4976 δὲ
2741 4938 2793 4978 ο.
2869 4919 2891 4954 ⁸
2934 4918 3025 4990 ὅρα
3070 4920 3174 4977 πῶς
3224 4931 3304 4971 m.
3382 4915 3404 4949 θ
3440 4914 3619 4984 Κύριον
3642 4918 3720 4969 'o.

428 5010 473 5044 ιο
504 5029 720 5078 ,τητα
749 5027 804 5069 ο.
