4124 6462
410 465 548 520 H39

1432 458 1949 515 THEOPHYLACTI
1986 456 2343 513 BULGARIZE
2382 454 2696 510 ARCHIEP.

3580 449 3726 505 1140

1279 749 2125 906 ΘΕΟΦΥΛ
2142 742 2852 902 ΑΚΤΟΥ

1129 1002 2164 1084 ΑΡΧΙΕΠΙΣΚΟΙΙΟΥ
2242 1000 2791 1081 ΒΟΥΛΓΑΡ
2816 999 3005 1077 ΙΑΣ

2008 1170 2135 1218 ΤΗΣ

1223 1314 1547 1441 ΤΟΥ
1646 1309 2142 1439 ΑΓΙΟΥ
2234 1306 2920 1435 ΠΑΥΛΟΥ

1121 1535 1413 1614 ΠΡΟΣ
1479 1531 2296 1614 ΦΙΛΙΠΠΗΣΙΟΥΣ
2364 1528 3001 1610 ΕΠΙΣΤΟΛΗΣ

1622 1713 2503 1850 ΕΞΗΓΗΣΙΣ.

1331 2099 2838 2265 THEOPHYLACTI

1575 2346 1974 2403 BULGARUE
2010 2342 2574 2402 ARCHIEPISCOPI

794 2487 1425 2581 EPISTOLZE
1496 2488 1759 2581 DIVI
1837 2488 2188 2579 PAULI
2267 2488 2423 2578 AD
2500 2480 3388 2575 PHILIPPENSES

1658 2666 2479 2775 EXPOSITIO.

422 3010 593 3085 ,425
648 3009 1176 3071 ARGUMENTUM
1214 3009 1574 3066 EPISTOLE
1612 3009 1715 3064 AD
1766 3008 2026 3065 PHILIP-
2053 3010 2089 3075 Α

2143 3006 2544 3067 ΥΠΟΘΕΣΙΣ
2568 3006 2723 3067 ΤΗΣ
2741 3004 2951 3065 ΠΡΟΣ
2975 3005 3553 3066 ΦΙΛΙΠΠΗΣΙΟΥΣ
3574 3006 3734 3066 ΕΠΙ-

1091 3098 1376 3154 PENSES.

494 3208 874 3278 Philippenses
919 3210 1048 3262 sunt
1076 3221 1111 3260 a
1139 3207 1359 3260 civitate
1387 3222 1414 3261 ε
1464 3205 1797 3262 Macedoniae
1820 3204 2028 3276 Philip-

417 3300 558 3368 picis
576 3313 711 3365 una,
737 3312 773 3351 a
804 3297 1056 3366 Philippo
1085 3296 1363 3350 conditore
1416 3296 1497 3350 ita
1550 3294 1718 3358 dicta,
1750 3295 2031 3366 metropoli

427 3388 821 3445 Thessalonicae
871 3390 987 3441 tum
1025 3386 1337 3441 tributarii.
1388 3385 1589 3440 Paulus
1640 3389 1819 3441 autem
1854 3387 2028 3441 multa

431 3477 573 3531 bona
601 3475 669 3530 de
690 3477 758 3530 iis
786 3478 1198 3530 testaturﬂanc
1234 3475 1562 3544 Epistolam,
1592 3474 1724 3530 dum
1749 3476 1811 3530 in
1836 3478 2027 3530 vincu-

425 3566 492 3620 lis
542 3568 695 3634 esset,
729 3566 1066 3635 conscripsit.
1103 3566 1251 3621 Nam
1282 3567 1408 3634 post
1460 3566 1695 3634 primam
1718 3566 2028 3636 apologiam

423 3656 577 3727 cujus
606 3657 664 3711 in
690 3656 945 3728 Epistola
1004 3656 1080 3711 ad
1139 3655 1470 3711 Timotheum
1514 3657 1781 3720 meminit,
1830 3659 2030 3713 iterum

424 3748 640 3800 vinctus
665 3748 802 3800 erat.
832 3742 1212 3815 Philippenses
1261 3747 1444 3799 autem
1458 3759 1563 3815 per
1589 3746 2026 3817 Epaphrodin

423 3849 508 3890 res
530 3835 863 3889 necessarias
890 3833 964 3888 ad
991 3849 1116 3889 eum
1154 3834 1463 3901 mittebant,
1502 3836 1639 3890 scire
1682 3836 1902 3905 pariter
1940 3849 2027 3889 cu-

419 3927 628 3995 pientes
658 3924 924 3995 quomodo
941 3939 1061 3979 cum
1086 3924 1180 3979 illo
1206 3929 1483 3994 ageretur.
1519 3926 1809 3998 Postquam
1845 3930 2027 3981 autem

423 4015 716 4070 verisimile
743 4018 861 4070 erat
891 4029 981 4069 eos
1013 4014 1245 4081 turbari,
1275 4029 1395 4068 cum
1425 4013 1681 4069 audirent
1707 4017 2029 4084 magisth

424 4117 583 4157 suum
616 4116 735 4157 esse
774 4103 1038 4169 vinctum,
1072 4101 1264 4157 scribit
1306 4101 1402 4154 hoc
1443 4101 1520 4155 eis
1561 4100 1787 4164 Paulus,
1838 4101 2028 4157 docens

429 4191 579 4261 quod
638 4190 855 4245 vincula
908 4206 1010 4244 sua
1042 4205 1150 4244 non
1180 4189 1409 4244 debeant
1437 4190 1580 4259 ipsos
1615 4188 1861 4257 turbare,
1894 4192 2027 4260 quin

420 4283 607 4351 potius
631 4279 977 4346 exhilarare;
999 4281 1199 4350 quippe
1221 4280 1365 4350 quod
1398 4294 1500 4349 pro
1526 4278 1741 4334 Christo
1765 4294 1828 4334 ea
1849 4282 2028 4349 patia-

2774 3095 3103 3155 ΣΤΟΛΗΣ.

2226 3225 2258 3262 (ι
2285 3204 2359 3265 Οἱ
2386 3202 2747 3274 Φιλιππήσιοι
2798 3201 2905 3262 ἀπὸ
2949 3200 3154 3268 πόλεώς
3203 3203 3306 3262 εἰσι
3362 3211 3488 3280 μιᾶς
3527 3205 3631 3262 τῶν
3678 3204 3733 3263 ἐν

2139 3291 2445 3374 Μακεδονίᾳ
2503 3292 2830 3365 Φιλίππων,
2891 3291 3031 3351 οὕτω
3086 3289 3420 3369 καλουμένης
3483 3292 3589 3350 ἀπὸ
3643 3297 3736 3350 τοῦ

2136 3384 2369 3441 οἰκιστοῦ
2380 3427 2398 3455 ,
2460 3380 2567 3440 ὑπὸ
2632 3381 2962 3461 μητρόπολιν
3018 3379 3139 3439 τότε
3222 3379 3627 3454 Θεσσαλονίκην
3684 3380 3730 3417 ¹¹

2134 3473 2425 3539 τελοῦντες.
2488 3472 2677 3532 Πολλὰ
2739 3470 2793 3530 δὲ
2875 3473 3053 3537 αὐτοῖς
3124 3469 3341 3550 χρηστὰ
3427 3472 3457 3528 ὁ
3519 3472 3737 3539 Παῦλος

2138 3569 2416 3642 μαρτυρεῖ.
2476 3561 2572 3622 Ἐν
2646 3561 2858 3639 δεσμοῖς
2924 3559 2977 3619 δὲ
3038 3558 3112 3618 ὢν
3167 3557 3367 3641 ἔγραψε
3423 3557 3518 3631 τὴν
3579 3558 3735 3642 Ἐπι-

2137 3640 2363 3722 στολήν·
2410 3649 2584 3729 ,μετὰ
2643 3649 2749 3730 γὰρ
2819 3648 2917 3720 τὴν
2985 3647 3202 3731 πρώτην
3276 3648 3567 3727 ἀπολογίαν
3587 3640 3737 3731 {Ai-Hc

2137 3739 2375 3817 ἐμνήσθη
2411 3727 2483 3799 ’ἓν
2536 3744 2603 3819 τῇ
2656 3727 2794 3817 ’πρὸς
2852 3727 3139 3815 Τιμόθεον,
3193 3730 3338 3806 αὖθις
3391 3738 3566 3811 ἐδέθη.
3625 3727 3735 3800 ὟΗ-

2136 3851 2238 3888 σαν
2308 3829 2365 3889 δὲ
2433 3831 2484 3888 οἱ
2556 3828 2919 3901 Φιλιππήσιοι
3000 3829 3070 3886 δι’
3125 3827 3516 3909 Ἐπαφροδίτου
3592 3827 3735 3906 πέμ-

2136 3922 2328 3997 ψαντες
2379 3920 2521 4000 αὗτῷ
2575 3916 2645 3976 τὰ
2695 3916 2826 3998 πρὸς
2879 3916 2974 3989 τὴν
3046 3916 3234 3999 χρείαν
3273 3939 3289 3954 ·
3352 3915 3466 3994 ἅμα
3524 3916 3581 3976 δὲ
3642 3918 3733 3977 καὶ

2136 4010 2333 4083 γνῶναι
2387 4008 2624 4075 θέλοντες
2677 4007 2745 4067 τὰ
2780 4006 2898 4065 κατ’
2955 4006 3136 4066 αὖτόν.
3194 4004 3352 4066 Ἐπεὶ
3384 4005 3436 4045 ⁴²
3496 4005 3552 4065 δὲ
3596 4005 3736 4074 εἰκὸς

2136 4088 2200 4168 ἦν
2281 4095 2468 4163 αὐτοὺς
2543 4096 2901 4177 θορυϐηθῆναι
2981 4096 3310 4164 ἀκούσαντας
3386 4098 3456 4162 ὥς
3530 4096 3735 4155 ἐδέδετο

2137 4189 2165 4244 ὁ
2215 4187 2569 4260 διδάσκαλος,
2629 4185 2758 4244 αὐτὸ
2827 4190 2983 4245 τοῦτο
3042 4185 3235 4265 γράφει
3295 4184 3507 4256 αὐτοῖς,
3586 4185 3733 4244 διδά-

2138 4298 2280 4334 σκων
2333 4273 2414 4333 ὅτι
2472 4274 2539 4333 τὰ
2590 4275 2762 4353 δεσμὰ
2838 4278 2898 4334 οὗ
2964 4275 3205 4354 θορυϐεῖν
3272 4272 3460 4341 αὐτοὺς
3506 4273 3731 4356 ὀφείλει,

427 4373 539 4424 tur.
567 4369 859 4425 Consilium
872 4372 1052 4423 autem
1072 4370 1145 4424 eis
1173 4369 1291 4433 dat,
1315 4373 1379 4424 ut
1396 4370 1509 4424 sint
1523 4369 1828 4437 unanimes,
1845 4374 1897 4425 et
1921 4371 2024 4426 hu-
2060 4378 2089 4440 ε

2136 4365 2273 4424 ἀλλὰ
2334 4363 2507 4443 χαρὰν
2556 4365 2853 4443 προξενεῖν,
2910 4362 2999 4423 διὰ
3032 4353 3037 4354 ν
3066 4363 3127 4423 τὸ
3177 4362 3308 4444 ὓπὲρ
3366 4353 3603 4442 Χριστοῦ
3658 4353 3733 4422 εἷ-

428 4460 551 4513 mili
562 4456 735 4530 426
749 4459 968 4526 affectu
974 4458 1205 4528 praediti
1209 4501 1220 4513 .
1245 4459 1433 4528 Carpit
1447 4459 1674 4529 insuper
1682 4459 1916 4528 Judceos,
1932 4464 2031 4530 qui

427 4551 528 4605 sub
554 4551 963 4607 Christianismi
997 4553 1277 4620 praetextu
1300 4551 1548 4619 opimone
1583 4553 1830 4620 corrupti
1847 4557 2025 4616 erant,

421 4652 595 4709 panes
610 4652 693 4692 eos
721 4653 1022 4709 pravosque
1047 4643 1350 4709 operatores
1370 4636 1673 4708 appellans.
1696 4640 1871 4695 Multa
1900 4656 2027 4710 quo-

426 4725 608 4795 quede
624 4726 865 4781 moribus
893 4729 1032 4797 ipsis
1054 4728 1294 4782 disserit.
1318 4728 1507 4783 Faciat
1533 4729 1696 4783 etiam
1722 4729 2026 4798 prudenter

427 4817 747 4871 mentionem
783 4817 1077 4872 missorum
1131 4816 1242 4871 sibi
1292 4816 1739 4872 necessariorum.
1795 4819 2026 4875 Videtur

428 4908 605 4959 autem
625 4904 913 4975 honoriﬁce
932 4920 1051 4960 cum
1074 4905 1188 4959 illis
1205 4906 1429 4960 miscere
1446 4906 1731 4977 colloquia.
1759 4909 2025 4975 Magnam

425 4995 566 5048 enim
592 4994 847 5049 virtutem
876 4999 928 5050 et
984 4994 1058 5048 ad
1083 4993 1243 5062 ﬁdem
1264 4995 1753 5064 promptitudinem
1780 4996 2023 5050 ostende-

428 5080 574 5135 bant.
603 5083 709 5137 Hic
764 5086 881 5138 erat
913 5098 1170 5154 purpura:
1217 5084 1498 5138 venditrim
1536 5103 1553 5137 :
1590 5085 1675 5139 hic
1724 5084 2025 5156 Synagogce

417 5171 669 5240 princeps
689 5171 948 5241 credidit;
977 5172 1062 5228 hic
1086 5178 1351 5244 praeterea
1378 5172 1589 5229 Paulus
1630 5176 1828 5243 ﬂagris
1859 5190 2024 5230 ccesus

424 5275 543 5314 cum
580 5261 699 5316 Sila
735 5263 795 5315 in
844 5277 1107 5318 carcerem
1140 5263 1406 5333 conjectus
1442 5264 1588 5331 fuit;
1646 5264 1733 5318 hic
1770 5268 1823 5319 et
1851 5279 2021 5320 carce-

424 5351 503 5404 ris
525 5359 700 5407 custos
744 5367 855 5407 uno
886 5354 1039 5422 signo
1076 5359 1376 5424 permotus,
1408 5356 1629 5409 accessit
1661 5353 1878 5411 Christo
1904 5370 2024 5409 cum

427 5440 679 5493 universa
716 5439 901 5507 domo;
932 5441 1022 5497 hic
1072 5443 1229 5498 duces
1273 5442 1519 5498 militum
1548 5444 1847 5497 timuerunt
1873 5446 2021 5497 Pau-

427 5523 561 5595 lum,
589 5533 963 5601 rogaruntque
985 5534 1048 5585 ut
1067 5532 1271 5601 exiret;
1327 5546 1392 5586 ac
1433 5533 1643 5588 omnino
1698 5531 2023 5603 prcedicatio

2134 4477 2242 4515 ναι.
2328 4450 2690 4529 Συμϐουλεύει
2763 4451 2820 4511 δὲ
2880 4452 3059 4518 αὐτοῖς
3138 4452 3229 4511 καὶ
3302 4451 3426 4533 περὶ
3493 4450 3737 4529 ὁμονοίας

2132 4542 2225 4603 καὶ
2298 4541 2796 4623 ταπεινοφροσύνης.
2882 4541 3235 4602 Καθάπτεται
3329 4540 3386 4600 δὲ
3459 4541 3551 4600 καὶ
3630 4543 3735 4599 τῶν

2131 4632 2433 4711 Ἰουδαίων,
2512 4635 2616 4691 τῶν
2713 4635 2765 4691 ἐν
2866 4631 3217 4712 προσχήματι
3306 4632 3734 4713 Χριστιανισμοῦ

2132 4726 2209 4804 τῷ
2260 4722 2485 4801 δόγματι
2533 4721 2973 4800 λυμαινομένων,
3028 4721 3120 4780 καὶ
3173 4720 3336 4789 κύνας
3394 4719 3584 4789 αὐτοὺς
3630 4743 3734 4779 κα-

2132 4814 2248 4883 λεῖ,
2309 4812 2402 4870 καὶ
2477 4809 2671 4877 κακοὺς
2732 4811 2978 4892 ἐργάτας.
3050 4809 3376 4889 Διαλέγεταί
3432 4833 3490 4870 τε
3560 4811 3738 4876 αὐτοῖς

2131 4898 2305 4960 πολλὰ
2359 4898 2485 4979 περὶ
2535 4901 2700 4971 ἠθῶν.
2763 4901 3048 4978 Μέμνηται
3106 4899 3161 4959 δὲ
3217 4902 3444 4966 συνετῶς
3494 4898 3589 4958 καὶ
3631 4903 3734 4959 τῶν

2131 4988 2474 5068 πεμφθέντων
2535 4989 2827 5068 χρειωδῶν.
2892 4988 3162 5048 Φαίνεται
3238 4987 3293 5047 δὲ
3372 4987 3510 5066 μετὰ
3575 4992 3736 5065 τιμῆς

2134 5080 2308 5145 αὐτοῖς
2391 5076 2762 5156 διαλεγόμενος
2802 5100 2816 5117 ο
2890 5077 2983 5138 καὶ
3065 5076 3170 5158 γὰρ
3253 5078 3458 5148 πολλὴν
3543 5076 3735 5157 ἀρετὴν

2134 5168 2465 5237 ἐπεδείξαντο
2504 5168 2552 5204 ’³
2610 5168 2705 5228 καὶ
2776 5168 3179 5242 ἐπιτηδειότητα
3240 5169 3312 5235 εἰς
3379 5166 3477 5241 τὴν
3534 5168 3733 5228 πίστιν.

2132 5256 2398 5319 Ἐνταῦθα
2468 5249 2533 5331 ἦν
2606 5262 2639 5332 ἠ
2718 5259 3157 5340 πορφυροπῶλις·
3212 5260 3437 5317 ἐνταῦθα
3481 5260 3511 5315 ὁ
3574 5257 3734 5337 ἀρχι-

2133 5349 2432 5426 συνάγωγος
2515 5348 2825 5407 ἐπίστευσεν
2871 5371 2884 5384 ’
2936 5350 3161 5407 ἐνταῦθα
3236 5350 3264 5404 ὁ
3334 5347 3555 5413 Παῦλος
3634 5370 3737 5422 μα-

2134 5438 2359 5517 στιχθεὶς
2420 5435 2558 5515 μετὰ
2614 5443 2709 5496 τοῦ
2793 5439 2932 5498 Σίλα
2998 5435 3288 5517 καθείρχθη
3330 5459 3345 5475 ο
3405 5437 3631 5497 ἐνταῦθα
3708 5439 3736 5494 ὁ

2134 5523 2468 5605 δεσμοφύλαξ
2526 5524 2632 5584 ἀπὸ
2659 5526 2705 5563 ”
2770 5526 2879 5591 ἐνὸς
2956 5523 3180 5599 σημείου
3253 5524 3521 5605 προσῆλθε
3597 5524 3733 5602 Χρι-

1819 5670 2007 5730 Variae
2052 5672 2350 5732 lectiones.

498 5772 540 5806 ¹¹
574 5772 930 5843 μητροπόλεως
952 5776 1064 5829 τότε
1088 5774 1457 5845 θεσσαλονίκης
1484 5794 1537 5834 0.
1616 5779 1660 5812 ¹²
1685 5776 1851 5845 ἐπειδὴ
1878 5795 1934 5836 ο.
2012 5780 2056 5813 ¹³
2084 5779 2322 5843 ἐνέδειξαν
2355 5795 2408 5836 ο.
2489 5780 2532 5814 ¹⁸
2580 5779 2672 5834 ὑπὸ
2701 5794 2760 5839 οο
