4124 6466
484 457 614 512 1141

1413 458 1768 515 EXPOSITIO
1808 461 1872 515 IN
1912 458 2120 515 EPIST.
2160 460 2251 515 AD
2290 460 2572 516 PHILIPP.
2605 491 2675 500 —
2713 462 2862 518 CAP.
2905 465 2943 518 1.

3646 472 3787 526 1142

479 585 591 663 στῷ
637 579 775 660 μετὰ
851 586 946 655 τῆς
1014 582 1184 651 οἷκὶας
1259 585 1411 658 ὅλης·
1469 586 1693 644 ἐνταῦθα
1750 588 1797 644 οῖ
1873 608 2063 666 στρατ·

2187 585 2303 655 eius
2348 586 2695 656 splendidum
2743 589 3025 645 exordium
3079 592 3292 649 habuit.
3333 592 3523 665 Atque
3572 595 3682 653 hac
3717 613 3786 652 es:

477 673 597 749 ηγοὶ
649 671 989 753 ἐφοϐήθησαν
1037 672 1126 733 τὸν
1196 676 1443 748 Παῦλον,
1492 675 1586 735 καὶ
1646 672 1879 747 ἠξίωσαν
1931 674 2069 743 ἐξελ·

2183 676 2339 732 Actis
2363 676 2650 732 discimus.
2682 677 2996 734 Attestatur
3018 684 3202 737 autem
3242 682 3376 753 ipsis
3425 685 3630 741 Paulus
3674 699 3787 740 non

476 767 610 821 θεῖν·
657 763 748 822 καὶ
817 761 951 830 ὅλως
1023 762 1280 843 λαμπρὰν
1348 763 1475 844 ἔσχε
1532 764 1593 824 τὸ
1651 764 1904 845 κήρυγμα
1976 764 2063 837 τὴν

2180 765 2336 821 modo
2361 765 2523 835 ﬁdem
2544 772 2766 837 rectam,
2792 768 3034 839 adeoque
3074 772 3344 840 pericula,
3392 788 3579 829 verum
3622 777 3785 831 etiam

476 852 684 932 ἀρχήν·
754 852 847 913 καὶ
908 860 1077 913 ταῦτα
1162 852 1267 912 ἀπὸ
1333 856 1438 912 τῶν
1494 852 1747 935 Πράξεων
1804 854 2063 931 μανθάνο-

2174 855 2522 921 voluntatem,
2547 873 2667 927 quae
2703 857 2926 914 libenter
2966 861 3242 931 impertiat
3296 864 3601 931 egentibus.
3636 866 3779 932 Quo-

485 965 604 1020 μεν.
674 945 1090 1025 Προσμαρτυρεῖ
1140 942 1196 1002 δὲ
1245 945 1439 1023 ξαῦτοῖς
1490 947 1517 1003 ὁ
1581 946 1792 1011 Παῦλος
1867 945 1925 1004 οὗ
1982 944 2077 1023 μό-

471 1056 559 1091 νον
613 1032 789 1092 πίστιν
832 1033 994 1113 ὀρθὴν
1049 1032 1142 1092 καὶ
1186 1032 1516 1113 Ϋκινδύνους,
1573 1032 1714 1092 ἀλλὰ
1770 1032 1863 1093 καὶ
1917 1035 2076 1111 εὔμε-

472 1122 689 1182 τάδοτον
769 1112 1099 1203 προαίρεσιν.
1180 1112 1287 1183 ’Ὧν
1360 1119 1533 1182 ἕνεκεν
1607 1121 1858 1197 ἁπάντων
1939 1122 2072 1205 σφό-

473 1212 571 1290 δρα
594 1214 758 1292 φιλῷν
792 1211 981 1279 αὐτοὺς
1004 1212 1097 1272 καὶ
1134 1215 1304 1289 τιμῷν
1331 1211 1593 1295 φαίνεται.
1638 1240 1665 1265 ι

2190 963 2314 1001 rum
2353 950 2593 1002 omnium
2622 964 2786 1003 causa
2807 949 3142 1007 vehementer
3163 968 3247 1008 eos
3273 968 3395 1008 eum
3441 970 3644 1020 amare,
3669 960 3785 1013 tum

2138 1070 2144 1076 .
2187 1035 2452 1092 honorare
2513 1037 2750 1094 videtur.

985 1531 2085 1653 THEOPHYLACTI
2171 1535 3266 1656 COMMENTARIUS

1489 1759 1565 1822 IN
1613 1758 2041 1824 EPISTOLAM
2089 1759 2196 1823 AD
2245 1760 2813 1824 PHILIPPENSES.

851 2087 1308 2149 ΚΕΦΑΛΑΙΟΝ
1342 2086 1677 2148 ΠΡΩΤΟΝ.

557 2238 585 2273 (ι
615 2216 828 2283 Παῦλος
873 2214 965 2274 καὶ
997 2213 1254 2291 Τιμόθεος
1283 2215 1458 2271 δοῦλοι
1509 2211 1691 2283 Ἰησοῦ
1726 2214 1985 2290 Χριστοῦ,
2027 2233 2056 2269 ι)

468 2306 734 2367 Ἐνταῦθα
762 2306 821 2364 οὗ
857 2303 1035 2375 τίθησι
1074 2302 1136 2362 τὸ
1160 2306 1319 2361 αὑτοῦ
1345 2300 1555 2379 ἀξίωμα
1581 2301 1705 2380 [ὅτι]
1747 2305 1776 2360 ὃ
1810 2300 2060 2361 Ἀπόστο-

467 2400 587 2468 λος,
617 2393 756 2453 ἀλλὰ
796 2396 976 2455 δοῦλον
1026 2392 1207 2465 Ἰησοῦ
1240 2395 1475 2471 Χριστοῦ
1505 2390 1689 2450 ἑαυτὸν
1730 2391 2058 2474 προγράφει·

466 2486 604 2566 μέγα
649 2485 744 2562 μὲν
793 2483 885 2543 καὶ
934 2487 1090 2542 τοῦτο
1119 2480 1176 2541 ὂν
1199 2530 1216 2555 ,
1248 2479 1390 2553 πλὴν
1442 2480 1757 2561 κοινότερον.
1811 2483 2062 2563 Τιμοθέῳ

465 2574 520 2634 δὲ
560 2574 774 2657 γράφων
804 2572 895 2632 καὶ
938 2573 1268 2652 Κορινθίοις,
1317 2569 1613 2630 ἀπόστολον
1663 2570 1849 2630 ἑαυτὸν
1881 2573 2058 2633 καλεῖ.

461 2665 534 2727 Τί
569 2664 797 2738 δήποτε;
828 2662 959 2724 ι’Ότι
1002 2662 1112 2721 ἐκεῖ
1160 2660 1256 2737 μὲν
1312 2658 1504 2737 ἔμελλε
1555 2660 1728 2720 πολλᾶ
1789 2659 2061 2721 διατάττε-

466 2761 589 2815 σθαι
607 2802 624 2830 ,
671 2753 764 2813 καὶ
813 2752 898 2812 διὰ
939 2756 1093 2811 τοῦτο
1146 2748 1435 2810 ἀνελάϐετο
1504 2748 1566 2809 τὸ
1631 2753 1724 2808 τοῦ
1767 2751 2061 2810 ἀποστόλου

467 2844 713 2922 ἀξίωμα·
756 2844 978 2902 ἐνταῦθα
1019 2841 1074 2899 δὲ
1122 2838 1270 2900 οὐδὲν
1301 2843 1533 2900 τοιοῦτον
1590 2838 1895 2914 ἐπιτάττει,
1943 2839 2062 2900 ἀλλ’

466 2937 536 3004 ὥς
564 2932 848 3012 ὁμοτίμους
870 2941 1027 3010 τιμᾷ.

552 3009 765 3084 «ﬂatu
811 3032 917 3089 τοῖς
960 3009 1128 3099 ἁγίοις
1184 3025 1237 3078 ἓν
1291 3021 1506 3099 Χριστῷ
1533 3025 1641 3085 τοῖς
1664 3019 1881 3096 Ἰησοῦ,
1914 3009 2063 3079 οἶσιν

468 3117 519 3174 ἓν
551 3113 870 3178 Φιλίπποις.
905 3136 936 3167 ι)
962 3108 1188 3181 Ἐπειδὴ
1214 3108 1308 3168 καὶ
1340 3109 1586 3171 Ἰουδαῖοι
1615 3106 1835 3175 ἑαυτοὺς
1885 3109 2064 3189 ἁγίους

466 3203 719 3277 ἐκάλουν,
756 3205 827 3269 ὣς
845 3199 973 3268 λαὸς
1011 3198 1158 3278 ἅγιος
1178 3245 1198 3275 ,
1238 3196 1325 3257 διὰ
1348 3204 1502 3258 τοῦτο
1532 3197 1888 3276 προσέθηκενο
1923 3199 2063 3259 «Ἔν

468 3295 685 3373 Χριστῷ
714 3291 913 3362 Ἰησοῦ.
953 3317 979 3342 ν
1016 3292 1087 3350 Οἱ
1134 3289 1236 3369 γὰρ
1293 3290 1345 3346 ἐν
1404 3290 1626 3368 Χριστῷ
1657 3286 1854 3367 ιἸησοῦ
1922 3288 2063 3368 ἅγιοι

466 3381 627 3450 ὅντως
650 3379 817 3458 εἰσὶν,
850 3382 1041 3439 ἐκεῖνοι
1066 3377 1121 3437 δὲ
1152 3376 1391 3459 βέϐηλοι.

2560 2087 2727 2161 427
2759 2091 3004 2148 CAPUT
3028 2092 3350 2149 PRIMUM.

2243 2202 2435 2272 Vsus?
2464 2221 2517 2271 1.
2554 2217 2759 2271 Paulus
2786 2221 2839 2272 et
2866 2219 3191 2282 Timotheus,
3217 2221 3364 2275 servi
3390 2223 3521 2275 Jesu
3547 2220 3776 2277 Christi.

2171 2305 2275 2361 Hic
2300 2321 2415 2362 non
2436 2306 2600 2379 ponit
2627 2306 2950 2386 dignitatem
2969 2308 3423 2364 auctoritatemve
3452 2324 3610 2365 suam
3635 2314 3781 2383 Apo-

2170 2395 2367 2465 stolus,
2394 2410 2585 2451 verum
2620 2410 2680 2452 se
2730 2394 2960 2452 servum
2988 2398 3120 2453 Jesu
3168 2396 3373 2454 Christi
3404 2397 3615 2454 scribit.
3660 2401 3778 2456 Ma-

2169 2502 2337 2558 gnum
2390 2486 2619 2559 quidem
2679 2488 2847 2544 etiam
2901 2487 3006 2544 hoc
3062 2497 3163 2557 est,
3245 2488 3341 2546 sed
3399 2490 3775 2547 communius.

2167 2575 2461 2632 Timotheo
2499 2585 2686 2633 autem
2726 2578 2968 2651 scribens
2996 2582 3061 2635 'et
3092 2578 3391 2636 Corinthiis
3412 2619 3429 2647 ,
3460 2581 3776 2652 apostolum

2168 2682 2286 2724 sese
2314 2674 2497 2724 vocat.
2535 2668 2713 2737 Quam
2739 2667 2811 2724 ob
2829 2683 3051 2724 causam
3073 2671 3098 2724 Ρ
3129 2669 3271 2740 Quia
3292 2668 3404 2725 illic
3425 2669 3597 2726 multa
3617 2669 3777 2727 ordi-

2166 2764 2395 2813 naturus
2420 2764 2556 2826 erat,
2582 2764 2874 2829 propterea
2895 2758 3127 2830 apostoli
3152 2758 3535 2817 auctoritatem
3558 2774 3745 2818 assum

2168 2847 2293 2921 psit.
2334 2848 2441 2904 Hic
2468 2857 2656 2904 autem
2702 2847 2835 2904 nihil
2865 2848 2975 2904 tale
3007 2847 3266 2921 injungit,
3298 2847 3396 2906 sed
3432 2846 3584 2905 velut
3604 2863 3763 2922 pares

2171 2937 2388 2996 honore
2431 2938 2798 3012 prosequitur.

2243 3030 2502 3086 Omnibus
2536 3030 2738 3085 sanctis
2762 3031 2822 3085 in
2848 3029 3069 3085 Christo
3090 3031 3217 3085 Jesu
3237 3071 3256 3094 ,
3288 3031 3386 3100 qui
3417 3033 3545 3085 sunt
3568 3031 3774 3103 Philip-

2164 3121 2274 3190 pis.
2297 3118 2441 3188 Quia
2463 3117 2640 3176 Judaei
2668 3117 2877 3190 seipsos
2904 3127 3124 3175 sanctos
3166 3119 3526 3191 appellabant,
3570 3120 3775 3192 quippe

2168 3209 2293 3281 quia
2323 3208 2560 3281 populus
2595 3216 2818 3265 sanctus
2868 3215 3048 3276 erant,
3081 3223 3210 3265 eam
3257 3207 3333 3266 ob
3378 3224 3501 3265 rem
3547 3207 3773 3283 adjecit,

2172 3302 2234 3356 In
2268 3301 2476 3358 Christo
2511 3303 2658 3357 Iesu.
2687 3299 2798 3372 Qui
2822 3298 2974 3356 enim
2995 3299 3060 3355 in
3107 3299 3329 3357 Christo
3354 3299 3490 3357 Jesu
3539 3307 3697 3369 sunt,
3739 3300 3774 3356 ii

2172 3401 2296 3443 vere
2319 3395 2451 3443 sunt
2500 3387 2697 3455 sancti,
2728 3388 2803 3444 illi
2840 3397 3027 3445 autem
3059 3387 3303 3459 profani.

555 3492 587 3530 α
618 3469 1033 3536 Συνεπισκόποις
1086 3467 1179 3527 καὶ
1228 3466 1509 3532 διακόνοις.
1539 3488 1570 3523 ν
1635 3464 2063 3534 Συνεπισκόπους

2242 3476 2588 3567 coepiscopis
2629 3481 2683 3532 et
2722 3477 2982 3567 diaconis.
3024 3477 3394 3567 Coepiscopos
3416 3478 3772 3567 presbyteros

468 3551 581 3620 εἶπε
627 3558 745 3627 τοὺς
793 3557 1220 3639 πρεσϐυτέρουςο
1274 3558 1333 3615 οὗ
1389 3554 1494 3637 γὰρ
1538 3554 1630 3639 δὴῌ
1661 3558 1715 3615 ἐν
1761 3563 1861 3637 μιᾷ
1911 3556 2064 3616 πόλει

461 3650 649 3710 πολλοὶ
689 3640 824 3723 ἦσαν
843 3635 1161 3709 ἐπίσκοποι.
1211 3643 1386 3707 Οὔπω
1435 3635 1543 3725 γὰρ
1596 3635 1734 3715 ἦσαν
1792 3635 2063 3726 διακεκρι-

469 3741 602 3819 μένα
644 3738 714 3799 τὰ
749 3738 1016 3817 ὀνόματα,
1062 3735 1202 3797 ἀλλὰ
1252 3735 1345 3795 καὶ
1391 3739 1441 3795 οῖ
1489 3733 1769 3794 ἐπίσκοποι
1831 3733 2062 3795 διάκονοι

467 3830 558 3890 καὶ
608 3828 959 3910 πρεσϐύτεροι
1008 3830 1323 3887 ἐκαλοῦντο.
1377 3828 1476 3904 Τῷ
1525 3823 1627 3905 γὰρ
1675 3822 1926 3906 Τιμοθέῳ
1954 3826 2066 3883 ἐπι-

468 3920 650 4002 σκόπῳ
699 3918 810 3979 ὄντι
851 3918 1013 4000 φησί’
1050 3941 1080 3974 α
1107 3915 1223 3988 Τὴν
1245 3915 1515 3974 διακονίαν
1574 3936 1669 3973 σου
1728 3915 2065 3995 πληροφόρη-

465 4032 553 4068 σον
574 4032 590 4047 ο
619 4030 650 4067 ι)
692 4008 783 4068 καὶ
810 4008 996 4081 πάλιν,
1037 4026 1065 4065 ιι
1093 4002 1172 4067 "0
1197 4003 1456 4079 ἕδόθη’σοι
1488 4002 1625 4083 μετὰ
1650 4002 1930 4072 ἐπιθέσεως
1957 4007 2061 4062 τῶν

464 4102 660 4181 χειρῶν
709 4102 801 4159 τοῦ
860 4094 1270 4178 πρεσϐυτερίου·
1308 4119 1339 4152 )›
1372 4093 1612 4155 τουτέστι
1666 4096 1773 4152 τῶν
1842 4095 2063 4153 ἐπισκό-

466 4211 607 4249 πωνο
657 4189 718 4248 οὔ
760 4186 865 4267 γὰρ
923 4185 1272 4267 πρεσϐύτεροι
1322 4184 1413 4244 τὸν
1458 4183 1747 4245 ἐπίσκοπον
1795 4183 2062 4265 ἐχειροτό-

464 4300 607 4340 νουν.
656 4276 768 4338 Καὶ
806 4268 966 4350 αῧ¹⁵,
994 4278 1043 4336 οἱ
1083 4273 1435 4355 πρεσϐύτεροι
1472 4272 1754 4333 ἐπίσκοποι
1788 4273 2059 4352 ἐλέγοντο,

466 4371 536 4434 ὡς
566 4371 972 4432 ἐπισκοποῦντες
1017 4363 1222 4438 δηλαδὴ
1267 4365 1356 4422 καὶ
1384 4363 1535 4422 αὖτοὶ
1566 4363 1653 4422 τὸν
1703 4362 1832 4421 λαὸν
1853 4409 1871 4440 ,
1922 4361 2062 4423 ὥστε

466 4456 734 4536 καθαίρειν
814 4457 907 4515 καὶ
960 4454 1205 4536 φωτίζειν
1271 4452 1388 4520 τοὺς
1440 4451 1736 4529 δεομένους.
1797 4453 1955 4519 Τίνος
2006 4453 2060 4511 δὲ

468 4546 626 4626 χάριν
670 4549 747 4627 τῷ
776 4546 960 4626 κλήρῳ
989 4549 1078 4603 νῦν
1108 4541 1340 4624 γράφει,
1373 4540 1503 4620 ὅπερ
1549 4542 1785 4619 οὐδαμοῦ
1822 4543 2062 4622 ἀλλαχοῦ

466 4635 745 4710 ἐποίησεν;
792 4633 922 4693 Ὅτι
991 4633 1143 4693 αὐτοὶ
1207 4632 1294 4690 τὸν
1344 4631 1739 4711 Ἐπαφρόδιτον
1785 4630 2061 4713 ἔπεμψαν,

467 4724 792 4801 ἐπαγόμενον
821 4723 889 4782 τὰ
922 4723 1053 4803 πρὸς
1080 4720 1265 4803 χρείαν
1291 4723 1367 4801 τῷ
1413 4719 1740 4801 Ἀποστόλῳ.

2170 3564 2460 3635 appellavit
2504 3582 2521 3622 :
2555 3580 2674 3622 non
2700 3565 2853 3622 enim
2905 3566 2964 3622 in
3007 3581 3118 3623 una
3159 3565 3297 3622 urbe
3334 3566 3499 3623 multi
3531 3566 3771 3639 episcopi

2170 3651 2413 3710 fuerunt.
2451 3652 2713 3711 Nondum
2770 3653 2918 3709 enim
2984 3662 3142 3710 erant
3208 3653 3465 3712 distincta
3517 3654 3768 3724 nomina,

2171 3758 2359 3799 verum
2387 3742 2491 3815 ipsi
2523 3742 2783 3815 episcopi,
2807 3740 3024 3798 diaconi
3067 3750 3124 3799 et
3156 3743 3460 3816 presbyteri
3498 3744 3769 3801 vocaban-

2166 3840 2277 3889 tur.
2305 3833 2594 3890 Timotheo
2613 3833 2763 3889 enim
2789 3832 3067 3906 episcopo,
3095 3833 3339 3890 scribens
3364 3833 3542 3905 inquit
3570 3836 3769 3892 :Mini-

2169 3925 2404 3979 sterium
2432 3927 2588 3979 tuum
2611 3922 2819 3993 implel
2867 3965 2880 3979 .
2914 3924 2987 3978 Et
3006 3937 3199 3979 rursus
3230 3942 3244 3978 :
3279 3923 3433 3991 Quod
3471 3924 3660 3979 datum
3692 3929 3772 3981 est

2171 4014 2276 4069 tibi
2294 4028 2415 4068 cum
2434 4014 2774 4083 impositione
2803 4028 3067 4069 manuum
3099 4013 3473 4085 presbyteriiIn
3490 4053 3507 4080 ,
3534 4011 3642 4068 hoc
3685 4022 3771 4069 est

2170 4103 2555 4175 episcoporum
2612 4123 2626 4159 :
2692 4117 2808 4159 non
2856 4102 3008 4158 enim
3066 4100 3369 4175 presbyteri
3448 4101 3769 4174 episcopum

2169 4191 2517 4248 ordinabant.
2544 4193 2760 4248 Rursus
2802 4190 3107 4264 presbyteri
3133 4189 3372 4263 episcopi
3426 4189 3593 4247 etiam
3623 4190 3770 4248 dice-

2170 4281 2388 4349 bantur,
2414 4289 2478 4337 ut
2504 4281 2602 4353 qui
2625 4288 2681 4337 et
2701 4279 2802 4353 ipsi
2828 4280 3098 4353 populum
3120 4280 3516 4352 inspectarent,
3543 4279 3769 4354 ejusque

2166 4386 2361 4428 curam
2412 4378 2684 4442 gererent,
2732 4377 2794 4426 ut
2839 4377 3140 4442 purgarent
3189 4369 3641 4442 illustrarentque
3669 4384 3765 4426 eos

2170 4475 2310 4533 quos
2344 4468 2489 4516 esset
2529 4474 2771 4516 necesse.
2822 4458 2997 4532 Cujus
3040 4467 3226 4516 autem
3276 4460 3354 4515 rei
3403 4459 3577 4533 gratia
3623 4474 3770 4515 nunc

2169 4550 2315 4606 clero
2369 4549 2560 4606 scribit
2599 4549 2692 4620 (ι),
2726 4548 2877 4621 quod
2929 4563 3206 4621 nusquam
3256 4548 3386 4605 alibi
3436 4547 3596 4606 fecit?
3632 4547 3770 4618 Quia

2170 4639 2270 4712 ipsi
2310 4637 2749 4711 Epaphroditum
2799 4637 3206 4710 ablegaverant,
3236 4636 3331 4709 qui
3368 4652 3491 4710 quae
3518 4637 3769 4708 apostolo

2169 4736 2354 4785 essent
2376 4727 2518 4797 usui,
2558 4726 2804 4784 afferret.

551 4838 583 4871 α
616 4815 783 4895 Χάρις
812 4816 937 4890 ὓμῖν
968 4812 1059 4872 καὶ
1080 4811 1260 4892 εἰρήνη
1293 4810 1399 4869 ἀπὸ
1436 4808 1818 4915 ῷεοῦιῐῖατρὸς
1867 4812 2056 4915 ἡμῶν,

2239 4821 2417 4875 Vsus.
2450 4822 2504 4874 2.
2537 4818 2736 4876 Gratia
2768 4818 2917 4874 vobis
2954 4820 3006 4874 et
3030 4831 3151 4888 pas:
3170 4831 3208 4873 α
3235 4818 3341 4873 Deo
3367 4817 3534 4873 Patre
3556 4820 3763 4879 nostro,

466 4903 557 4963 καὶ
596 4902 799 4984 Κυρίου
828 4902 1004 4976 Ἰησοῦ
1035 4905 1292 4981 Χριστοῦ.
1329 4924 1361 4958 ι)
1390 4900 1487 4980 δΤὸ
1544 4900 1761 4971 σύνηθες
1816 4898 2059 4981 πρόσρη-

2171 4911 2223 4964 et
2276 4910 2501 4964 Domino
2549 4910 2675 4964 Jesu
2728 4907 2959 4964 Christo.
2995 4906 3331 4964 Consuetam
3384 4904 3771 4963 salutationem

467 5017 544 5071 μοι
596 4992 936 5073 προτίθησιν,
996 4990 1349 5071 ἐπευχόμενος
1404 4990 1578 5055 αὐτοῖς
1621 4988 1710 5048 ἵνα
1766 5010 2060 5070 κεχαριτω-

469 5083 615 5159 μένοι
662 5073 797 5157 εἶεν,
830 5082 921 5141 καὶ
965 5080 1040 5156 μὴ
1089 5080 1403 5160 ἐπαρθέντες
1467 5077 1585 5137 κατ’
1617 5078 1862 5151 ἀλλήλων
1908 5080 2066 5139 ἐκπέ-

468 5194 603 5232 σωσι
638 5176 734 5244 τῆς
774 5170 983 5253 εἰρήνης
1042 5169 1136 5229 καὶ
1176 5173 1272 5242 τῆς
1327 5168 1591 5246 ὁμονοίας.
1622 5166 1711 5228 Τὰ
1760 5164 1864 5249 γὰρ
1913 5168 2067 5250 χαρί-

467 5284 654 5340 σματα
682 5268 792 5329 τοῖς
822 5259 897 5341 μὴ
922 5260 974 5299 ⁴⁶
997 5257 1323 5340 προσέχουσι
1345 5257 1512 5340 τύφου
1532 5256 1778 5338 πρόξενα.

540 5422 558 5458 ι
592 5424 644 5480 ll
663 5423 814 5480 Tim.
837 5435 929 5491 ιγ,
959 5426 1012 5478 5.
1089 5429 1127 5458 ω
1162 5420 1356 5478 ITim.
1383 5433 1472 5488 ιν,
1496 5426 1552 5476 4.

2167 4998 2413 5069 apponit,
2460 5010 2824 5069 comprecans
2851 4995 2931 5051 eis
2975 5003 3040 5051 ut
3083 4994 3256 5067 gratia
3293 4994 3591 5063 donentur,
3620 5002 3680 5051 et
3702 5009 3774 5050 ne

2172 5085 2309 5142 alter
2327 5085 2386 5141 in
2413 5086 2648 5143 alterum
2673 5085 2804 5143 elati
2833 5084 3086 5142 excidant
3134 5100 3167 5141 a
3196 5099 3330 5157 pace
3368 5089 3427 5140 et
3451 5082 3769 5141 concordia.

2175 5174 2516 5234 Charismata
2545 5173 2691 5232 enim
2717 5191 2834 5231 non
2879 5172 3289 5231 attendentibus
3335 5171 3541 5231 fastum
3578 5182 3634 5231 et
3658 5172 3775 5230 ela-

2174 5264 2389 5322 tionem
2444 5264 2740 5323 advehunt.

1870 5517 2058 5578 Variae
2097 5516 2397 5579 lectiones.

544 5625 590 5663 1³
617 5624 756 5692 αὖθις
793 5644 848 5685 o.
924 5627 969 5661 ¹⁶
998 5626 1086 5700 μὲν
1114 5643 1170 5685 ο.

542 5722 612 5785 (1)
638 5722 764 5790 Quo
790 5725 1114 5789 argumento
1133 5723 1380 5787 constet,
1410 5733 1443 5774 a
1467 5716 1636 5785 clero,
1666 5730 1782 5773 non
1801 5730 1833 5772 a
1856 5713 2060 5789 populo
2088 5714 2327 5772 missum
2352 5713 2817 5787 Epaphroditum,
2846 5729 2947 5787 ego
2983 5711 3205 5784 quidem
3227 5711 3479 5770 nondum
3510 5728 3652 5784 queo
3691 5710 3783 5766 vi-

472 5796 624 5855 dere.
668 5802 947 5857 Lumus
970 5799 1298 5857 LATINIUS.

610 5970 647 5993 ν
