4124 6428
391 455 532 510 1143

386 672 567 731 vestri,
611 682 819 739 semper
860 669 924 722 in
959 667 1109 721 omni
1146 666 1391 720 oratione
1441 679 1558 719 mea
1592 679 1693 734 pro
1738 663 1985 718 omnibus

385 759 552 814 vobis.
585 758 838 827 Quoties,
869 756 1070 829 inquit,
1101 753 1264 810 vestri
1309 753 1568 809 recordor
1615 757 1856 824 (semper
1882 768 1987 808 au-

385 856 497 904 tem
524 848 631 903 hoc
674 845 857 917 facio),
877 844 1120 919 gloriﬁco
1162 842 1539 914 Deum,quod
1561 840 1700 898 adeo
1720 842 1774 897 in
1790 842 1987 896 virtute

386 936 703 993 creveritis:
752 950 932 1008 neque
983 942 1173 990 tamen
1220 947 1351 987 cum
1380 932 1458 987 sic
1498 931 1721 1004 probati
1773 930 1895 987 sitis
1928 928 1985 984 in

384 1026 589 1083 divinis
648 1025 833 1094 rebus,
902 1022 1076 1097 428
1143 1021 1336 1079 desino
1412 1022 1649 1093 precari,
1728 1019 1826 1077 sed
1884 1034 1985 1091 pro

386 1115 647 1171 omnibus
675 1130 836 1188 rogo,
869 1122 934 1170 ut
957 1127 1125 1185 porro
1172 1110 1409 1167 feliciter
1436 1110 1694 1183 pergatis.

434 1207 588 1263 Cum
627 1205 835 1275 gaudio
876 1204 1249 1275 precationem
1302 1216 1481 1256 meam
1508 1202 1740 1269 faciens.
1797 1201 1986 1255 Potest

386 1294 535 1350 enim
587 1303 642 1349 et
681 1308 813 1349 cum
860 1306 1103 1349 maerore
1129 1288 1343 1344 mentio
1389 1289 1691 1361 cujuspiam
1739 1288 1880 1355 ﬁeri,
1923 1296 1986 1344 ut

384 1399 514 1439 cum
538 1382 666 1439 alibi
692 1382 840 1440 dicat
867 1384 1028 1440 :Nam
1056 1379 1307 1435 emmulta
1320 1381 1613 1449 afﬂictione
1637 1384 1687 1434 et
1706 1382 1988 1434 uarietate

387 1473 563 1528 cordis
610 1475 717 1527 mei
769 1473 968 1541 scripsi
1017 1470 1163 1525 vobis
1207 1479 1237 1509 η
1262 1511 1278 1527 ,
1322 1467 1561 1526 Proinde
1607 1482 1734 1523 cum
1788 1465 1984 1538 gaudio

388 1561 702 1617 meminisse
734 1560 957 1633 signum
988 1568 1070 1615 est
1117 1559 1336 1615 illorum
1366 1556 1600 1614 virtutis.

456 1652 628 1708 Vsus.
659 1656 712 1706 5.
744 1652 921 1721 Super
946 1651 1424 1705 communicatione
1451 1652 1629 1703 vestra
1649 1646 1723 1700 ad
1746 1650 1985 1715 Evange-

389 1743 542 1804 lium,
566 1758 601 1795 a
621 1743 805 1811 prima
835 1740 922 1795 die
949 1754 1118 1810 usque
1138 1755 1303 1794 nunc.
1337 1739 1558 1810 Magnae
1595 1751 1658 1792 ac
1682 1750 1812 1792 vere
1844 1751 1981 1807 apo-

386 1830 597 1886 stolicae
639 1829 717 1886 rei
764 1829 1151 1885 testimonium
1189 1826 1293 1883 illis
1339 1826 1490 1895 dicit,
1544 1825 1807 1881 nimirum
1831 1824 1981 1897 quod

385 1918 535 1984 socii,
561 1918 763 1991 inquit,
790 1918 904 1974 mei
932 1917 1085 1986 estis,
1134 1932 1200 1973 ac
1240 1892 1530 1989 participes
1575 1892 1980 1985 laborum-qui
2013 1892 2060 1953 Β

386 2008 458 2064 ob
486 2008 843 2081 Evangelium
866 2015 1163 2063 sumuntur
1208 2026 1220 2062 :
1248 2021 1360 2062 non
1390 2020 1501 2061 una
1532 2012 1626 2061 aut
1651 2004 1818 2059 altera
1845 2003 1982 2070 vice,

384 2106 644 2156 caeterum
676 2113 708 2153 a
762 2106 1009 2170 tempore
1056 2111 1166 2169 quo
1188 2094 1498 2153 credidistis
1535 2093 1589 2149 in
1634 2093 1782 2149 hunc
1810 2108 1985 2164 usque

383 2187 556 2244 diem.
586 2186 879 2257 Quomodo
930 2193 1117 2241 autem
1167 2183 1591 2241 communicatis
1634 2185 1657 2237 ἒ
1695 2183 1985 2239 Mittentes

387 2276 526 2333 mihi
551 2276 881 2346 necessaria,
914 2275 1139 2347 meique
1162 2289 1352 2331 curam
1383 2281 1651 2346 gerentes.
1683 2272 1787 2343 Qui
1838 2272 1984 2327 enim

382 2366 512 2422 boni
558 2363 861 2437 quidquam
901 2364 1196 2420 attentanti
1250 2362 1562 2426 auxiliatur,
1619 2361 1984 2433 omnibusque

381 2454 567 2510 modis
592 2454 881 2523 succurrit,
918 2452 1182 2525 particeps
1212 2453 1263 2509 ei
1294 2451 1357 2507 ﬁt
1385 2452 1581 2523 operis.
1612 2450 1701 2506 Sic
1758 2450 1834 2504 illi
1888 2451 1981 2523 qui

383 2542 721 2616 martyribus
757 2541 1064 2615 provident,
1109 2544 1193 2599 vel
1248 2542 1305 2597 in
1333 2556 1520 2598 eremo
1575 2540 1984 2597 diversantibus

384 2648 608 2688 omnem
628 2631 881 2689 adimunt
903 2631 1088 2689 sweuli
1127 2647 1344 2701 curam,
1375 2646 1438 2687 ac
1462 2629 1778 2686 doctoribus
1810 2631 1900 2701 qui
1928 2630 1983 2685 in

379 2737 542 2777 causa
565 2730 696 2779 sunt
748 2729 811 2777 ut
846 2737 959 2779 non
997 2720 1395 2790 distrahantur,
1422 2734 1756 2776 conorarum
1805 2719 1977 2791 parti-

385 2812 534 2884 cipes
581 2810 905 2867 redduntur.

455 2902 641 2956 Vnus.
671 2904 724 2955 6.
745 2899 1020 2971 Conﬁdens
1042 2901 1139 2954 hoc
1183 2902 1383 2970 ipsum,
1412 2899 1558 2968 quod
1587 2900 1681 2968 qui
1735 2899 1892 2967 coepit
1922 2900 1980 2952 in

383 2990 533 3045 vobis
564 2990 756 3044 bonum
779 3005 932 3059 opus,
972 2992 1233 3060 perﬁciet.
1277 2988 1498 3043 Gratias
1526 3002 1651 3060 ago,
1683 2987 1881 3059 inquit,
1925 2994 1981 3042 et

383 3079 562 3147 laetor,
589 3077 873 3136 conﬁdens
897 3078 1046 3151 quod
1065 3080 1240 3147 Deus,
1269 3077 1361 3149 qui
1386 3076 1442 3131 in
1464 3076 1620 3132 vobis
1651 3075 1796 3131 bona
1816 3089 1979 3146 opera

1424 446 1941 503 THEOPHYLACTI
1975 444 2336 501 BULGARUE
2374 447 2691 504 ARCHIEP.
2750 490 2769 497 _

455 580 637 636 Vnus.
660 582 713 646 8,
739 581 794 632 4.
828 577 1051 635 Gratias
1070 590 1173 647 ago
1200 577 1307 629 Deo
1328 589 1445 629 meo
1468 575 1527 629 in
1546 575 1694 629 omni
1713 574 1978 628 memoria
2007 575 2063 639 Α

3553 442 3689 499 1144

2182 575 2549 654 «Εὐχαριστῶ
2578 577 2653 655 τῷ
2698 575 2824 655 Θεῷ
2872 597 3015 651 μου,
3067 571 3154 633 ἐπὶ
3206 570 3353 652 πάσῃ
3415 574 3481 650 τῇ
3535 569 3689 649 μνείᾳ

2094 664 2270 740 ὑμῶν,
2317 663 2544 723 πάντοτε
2601 668 2654 724 ἐν
2707 663 2859 744 πάσῃ
2912 662 3090 735 δεήσει
3134 685 3234 738 μου
3282 661 3416 741 ὑπὲρ
3473 660 3688 720 πάντων

2092 756 2261 829 ὑμῶν.
2286 775 2313 812 ι)
2344 744 2569 822 τοσάκις
2590 756 2735 829 ὑμῶν
2773 756 3127 831 ἀναμνησθῶ,
3168 749 3300 830 φησὶ
3327 749 3601 829 (πάντοτε
3633 748 3688 807 δὲ

2092 848 2248 903 τοῦτο
2311 844 2512 923 ποιῶ),
2566 842 2764 913 δοξάζω
2804 842 2893 902 τὸν
2952 843 3121 916 Θεὸν,
3178 842 3258 901 ὅτι
3314 844 3564 900 τοσοῦτον
3617 841 3690 905 εἷς

2094 931 2288 1013 ἀρετὴν
2339 933 2715 993 ἔπιδεδώκατε.
2761 935 2842 994 Οὐ
2888 932 2995 1011 μὴν
3036 931 3236 1002 ἐπειδὴ
3277 928 3441 996 οὕτως
3484 926 3688 987 εὐδόκι-

2095 1022 2184 1097 μοί
2212 1025 2329 1083 ἐστε
2362 1025 2416 1083 ἐν
2445 1032 2553 1091 τοῖς
2585 1022 2775 1097 θείοις,
2812 1022 3054 1101 παύομαι
3103 1019 3378 1099 δεόμενος,
3410 1018 3550 1078 ἀλλὰ
3594 1016 3686 1076 καὶ

2093 1112 2278 1191 δέομαι
2306 1113 2439 1193 ὑπὲρ
2467 1113 2705 1186 πάντων,
2731 1110 2819 1172 ἵνα
2843 1115 2919 1172 ἔτι
2943 1114 3253 1182 εὖοδωθῆτε.

2184 1202 2387 1263 «Μετὰ
2410 1212 2582 1283 χαρᾶς
2610 1203 2704 1274 τὴν
2754 1200 2935 1275 δέησίν
2963 1226 3065 1280 μου
3091 1200 3422 1276 ποιούμενος.
3460 1221 3492 1255 ν
3524 1196 3689 1257 Ἔστι

2091 1289 2193 1369 γὰρ
2235 1292 2327 1349 καὶ
2379 1291 2516 1369 μετὰ
2557 1293 2728 1366 λύπης
2779 1295 3110 1369 μεμνῆσθαι,
3162 1293 3231 1355 ὡς
3265 1287 3390 1346 ὅταν
3445 1289 3683 1367 ἀλλαχοῦ

2091 1380 2259 1460 λέγει’
2318 1381 2466 1442 «Ἐκ
2508 1380 2612 1461 γὰρ
2707 1382 2908 1451 πολλῆς
2994 1378 3221 1459 θλίψεως
3289 1377 3378 1436 καὶ
3461 1380 3689 1454 συνοχῆς

2092 1470 2309 1551 καρδίας
2338 1470 2544 1551 ἔγραψα
2565 1475 2711 1547 ὑμῖν.
2741 1494 2769 1530 ›)
2800 1469 2971 1530 ’Ὥστε
3001 1470 3062 1529 τὸ
3103 1466 3240 1545 μετὰ
3286 1475 3458 1547 χαρᾶς
3480 1469 3688 1544 μεμνῆ-

2092 1565 2245 1636 σθαι,
2271 1568 2490 1637 σημεῖον
2518 1565 2612 1631 τῆς
2642 1559 2854 1619 ἐκείνων
2885 1563 3096 1639 ἀρετῆς.

2172 1676 2196 1701 α
2228 1649 2447 1731 Ἐπὶ
2492 1648 2738 1730 κοινωνία
2770 1651 2915 1726 ὓμῶν
2943 1649 3014 1714 εἷς
3064 1646 3123 1705 τὸ
3164 1644 3489 1725 Εὖαγγέλιον
3510 1690 3526 1717 ,
3577 1642 3684 1701 ἀπὸ

2091 1738 2303 1818 πρώτης
2351 1741 2555 1820 ἡμέρας
2584 1739 2710 1819 ἄχρι
2757 1744 2847 1798 τοῦ
2892 1743 3001 1799 νῦν.
3031 1762 3056 1789 υ
3084 1735 3239 1814 Μέγα
3298 1738 3474 1801 αὐτοῖς
3503 1736 3687 1792 ἐνταῦ-

2092 1835 2157 1889 θα
2180 1837 2608 1909 προσμαρτυρεῖ,
2636 1827 2726 1887 καὶ
2751 1826 3098 1887 ἀποστολικὸν
3123 1827 3199 1907 τῷ
3224 1823 3373 1902 ὄντι,
3396 1822 3496 1897 ὅτι,
3518 1824 3646 1904 φησὶ
3666 1868 3682 1895 ,

2093 1918 2184 1977 καὶ
2224 1918 2481 1980 Κοινωνοί
2511 1941 2613 1996 μου
2662 1917 2866 1996 γίνεσθε
2905 1915 2995 1975 καὶ
3044 1912 3402 1994 συμμερισταὶ
3449 1916 3554 1971 τῶν
3603 1914 3690 1971 ἐπὶ

2092 2012 2168 2089 τῷ
2216 2007 2529 2088 Εὖαγγελίῳ
2582 2006 2784 2067 πόνων·
2831 2007 2933 2084 οὐχ
2982 2005 3073 2063 ἕνα
3122 2003 3339 2083 χρόνον,
3402 2002 3518 2061 οὐδὲ
3572 2002 3689 2060 δεύ-

2091 2088 2239 2178 τερον
2271 2098 2343 2171 ⁸⁷,
2366 2099 2483 2156 ἀλλ’
2512 2095 2600 2178 ἀφ’
2630 2088 2688 2156 οἷ
2730 2095 3078 2155 ἐπιστεύσατε
3110 2094 3272 2173 μέχρι
3305 2097 3398 2152 τοῦ
3418 2099 3529 2152 νῦν.
3562 2094 3689 2158 Πῶς

2092 2188 2147 2246 δὲ
2189 2195 2515 2261 κοινωνεῖτε;
2554 2184 2869 2264 Πέμποντές
2902 2209 2992 2262 μοι
3016 2183 3084 2242 τὰ
3126 2182 3259 2262 πρὸς
3303 2181 3490 2262 χρείαν
3523 2182 3687 2260 [χρῃ-

2092 2276 2321 2357 ζομένῳ]
2348 2276 2440 2336 καὶ⁵
2472 2275 2755 2354 κηδόμενοί
2785 2297 2904 2353 μου.
2939 2272 3008 2334 Ὅ
3034 2274 3136 2352 γὰρ
3163 2276 3240 2354 τῷ
3260 2272 3424 2331 καλόν
3453 2294 3505 2330 τι
3528 2294 3689 2347 μετα⁴

2089 2366 2433 2448 χειριζομένῳ
2483 2370 2780 2446 συνεργῶν,
2839 2362 2930 2423 καὶ
2982 2365 3188 2442 βοηθῶν
3249 2369 3383 2419 πᾶσι
3439 2359 3683 2439 τρόποις,

2092 2456 2342 2538 μεριστὴς
2390 2458 2535 2537 αὖτῷ
2595 2460 2691 2514 τοῦ
2744 2455 2898 2534 ἔργου
2951 2453 3175 2531 γίνεται.
3227 2449 3390 2511 Οὕτω
3441 2448 3535 2508 καὶ
3577 2459 3685 2516 τοῖς

2094 2546 2385 2628 μάρτυσιν,
2423 2548 2469 2605 οἱ
2495 2545 2707 2612 τούτους
2751 2541 3117 2621 μελοῦντες⁴⁸,
3147 2541 3241 2599 καὶ
3268 2548 3378 2606 τοῖς
3424 2540 3685 2610 aiax-qui;

2091 2638 2139 2695 οἱ
2182 2627 2370 2693 πᾶσαν
2432 2634 2749 2713 ἀμεριμνίαν
2803 2635 2979 2698 αὐτοῖς
3035 2633 3405 2708 ἐμποιοῦντες,
3454 2627 3548 2686 καὶ
3583 2628 3689 2693 τοῖς

2091 2724 2428 2791 διδασκάλοις
2492 2726 2538 2781 οἱ
2606 2722 3035 2803 ἀπερισπάστους
3119 2717 3307 2785 αὐτοὺς
3391 2721 3687 2788 ποιοῦντες,

2091 2815 2330 2873 κοινωνοὶ
2355 2817 2458 2873 τῶν
2483 2814 2755 2894 στεφάνων
2786 2812 3041 2889 γίνονται.

2180 2926 2210 2962 (ι
2249 2902 2526 2970 Πεποιθὼς
2576 2905 2703 2961 αὐτὸ
2759 2906 2946 2977 τοῦτο,
3024 2901 3104 2959 ὅτι
3152 2904 3180 2959 6
3231 2896 3578 2977 ἐναρξάμενος
3635 2901 3686 2956 ἐν

2091 2997 2214 3071 ὑμῖν
2257 2994 2406 3071 ἔργον
2433 2990 2664 3069 ἀγαθὸν,
2694 2989 3009 3050 ἐπιτελέσει.
3051 3015 3077 3042 ι
3112 2989 3465 3066 Εὖχαριστῶ,
3519 2984 3646 3066 φησὶ
3671 3033 3686 3059 ,

2092 3083 2182 3142 καὶ
2212 3082 2417 3162 χαίρω,
2463 3083 2669 3161 θαρῤῶν
2701 3079 2782 3139 ὅτι
2830 3083 2857 3138 6
2907 3079 3078 3150 Θεὸς,
3111 3076 3165 3144 ὃς
3214 3074 3465 3156 ἐνήρξατο
3520 3082 3687 3133 ποιεῖν

382 3174 563 3232 facere
599 3176 827 3248 incepit,
870 3176 985 3247 ipse
1027 3176 1195 3231 etiam
1235 3174 1534 3246 complebit
1569 3192 1582 3230 :
1636 3189 1667 3229 a
1695 3174 1981 3244 praeteritis

2090 3174 2143 3231 ἐν
2169 3174 2291 3247 ὑμῖν
2338 3170 2406 3229 τὰ
2444 3168 2619 3247 ἀγαθὰ
2660 3168 2818 3248 ἔργα,
2867 3167 3022 3235 αὐτὸς
3071 3167 3161 3226 καὶ
3210 3166 3521 3245 πληρώσειο
3582 3163 3688 3224 ἀπὸ

384 3264 533 3320 enim
556 3264 625 3321 de
667 3263 869 3320 futuris
912 3264 1290 3336 conjecturam
1331 3262 1489 3319 facio.
1520 3264 1759 3319 Observa
1797 3271 1982 3319 autem

385 3352 669 3426 quomodo
707 3369 803 3410 eos
836 3353 1119 3409 moderata
1147 3368 1335 3426 sapere
1362 3352 1578 3415 doceat,
1629 3355 1748 3408 Deo
1780 3361 1982 3409 cuncta

385 3450 608 3514 accepta
634 3441 893 3510 referens,
921 3458 1033 3498 non
1071 3442 1206 3515 ipsis
1234 3441 1371 3499 solis
1402 3459 1417 3497 :
1463 3456 1641 3513 neque
1668 3440 1748 3497 sic
1793 3449 1982 3497 tamen

384 3545 481 3587 eos
510 3545 608 3588 sua
638 3530 797 3587 laude
825 3529 1078 3604 privavit.
1121 3530 1273 3585 Dixit
1318 3530 1472 3587 enim
1520 3546 1536 3586 :
1591 3532 1689 3601 qui
1728 3533 1886 3600 cwpit
1922 3534 1984 3586 in

383 3619 550 3683 vobis,
582 3618 688 3675 hoc
740 3627 844 3689 est,
895 3634 996 3692 per
1044 3628 1284 3675 vestram
1321 3619 1682 3675 voluntatem.
1742 3619 1799 3676 Si
1833 3620 1983 3676 enim

386 3707 628 3764 hominis
658 3707 911 3765 voluntas
930 3723 1043 3764 non
1064 3706 1231 3777 adsit,
1259 3723 1438 3779 neque
1464 3710 1616 3765 Deus
1643 3708 1978 3781 operabitur.

384 3798 530 3852 Nam
607 3796 650 3851 si
719 3795 1043 3868 simpliciter
1110 3803 1451 3867 operaretur,
1504 3794 1640 3852 nihil
1673 3796 1985 3869 prohiberet

382 3884 678 3957 quominus
704 3884 759 3940 in
787 3884 1063 3957 gentibus,
1111 3884 1358 3956 adeoque
1384 3884 1600 3941 cunctis
1642 3886 1801 3956 plane
1828 3902 1981 3942 mor-

382 3972 581 4029 talibus
604 3980 946 4044 operaretur.
1004 3970 1169 4028 Haud
1209 3987 1404 4044 parum
1443 3972 1614 4044 igitur
1649 3973 1824 4029 laudis
1854 3973 1983 4031 hinc

385 4058 491 4117 illis
517 4060 784 4129 nascitur,
814 4069 876 4117 ut
906 4061 1003 4133 qui
1028 4060 1133 4117 Dei
1160 4061 1391 4133 gratiam
1416 4062 1742 4118 attraxerint
1768 4070 1830 4117 ut
1850 4063 1983 4135 ipsis

381 4158 812 4221 cooperaretur:
865 4158 921 4205 et
946 4150 1075 4222 quia
1114 4150 1243 4207 talia
1289 4158 1549 4223 tantaque
1598 4159 1729 4206 sunt
1791 4167 1980 4223 opera,

381 4246 446 4295 ut
471 4254 586 4294 non
617 4238 688 4294 ab
708 4238 965 4295 humanis
993 4239 1221 4311 quidem
1253 4242 1461 4297 viribus
1489 4240 1715 4313 transigi
1751 4250 1976 4314 queant,

381 4326 479 4384 sed
517 4342 548 4382 a
576 4330 716 4383 Deo.
745 4327 924 4385 Simul
949 4337 1136 4386 autem
1159 4331 1366 4387 animat
1384 4345 1500 4399 eos,
1522 4346 1593 4386 ne
1612 4330 1667 4385 in
1697 4340 1978 4401 torporem

381 4415 745 4472 devolvantur
795 4433 971 4473 :nam
1022 4418 1065 4474 si
1117 4421 1271 4475 Deus
1320 4418 1671 4491 perfecturus
1722 4428 1829 4489 est,
1867 4436 1981 4476 non

385 4504 615 4578 perinde
639 4506 878 4562 multum
908 4506 1109 4564 laboris
1131 4509 1214 4564 vel
1265 4508 1470 4581 negotii
1493 4508 1616 4564 erit.

462 4688 638 4755 Usque
674 4688 731 4741 in
787 4686 934 4741 diem
985 4691 1111 4743 Jesu
1144 4688 1373 4743 Christi.
1411 4687 1536 4742 Hoc
1580 4695 1684 4755 est,
1714 4702 1887 4759 usque
1910 4687 1979 4744 ad

381 4771 680 4830 adventum
733 4776 974 4831 Domini.
1007 4777 1118 4843 Sic,
1159 4777 1357 4847 inquit,
1401 4775 1827 4847 conﬁdo,'quod
1859 4792 1975 4833 non

382 4861 439 4917 in
456 4862 588 4918 solis
613 4863 764 4919 vobis
792 4867 941 4921 Deus
966 4863 1303 4937 operabitur,
1356 4864 1452 4921 sed
1503 4874 1557 4921 et
1595 4865 1652 4920 in
1690 4865 1757 4920 iis
1784 4866 1875 4937 qui
1947 4883 1978 4923 e

381 4951 540 5007 vobis
564 4952 825 5009 credituri
850 4963 1004 5022 sunt,
1028 4954 1095 5011 ad
1123 4953 1324 5011 mundi
1352 4970 1525 5027 usque
1546 4957 1978 5013 consommatio-

378 5056 527 5097 nem.
557 5043 651 5099 Vel
682 5060 846 5100 suum
876 5044 1145 5118 cujusque
1183 5045 1422 5113 obitum,
1455 5044 1603 5103 diem
1623 5047 1753 5102 Jesu
1773 5045 1975 5102 Christi

377 5130 635 5201 intellige,
667 5132 774 5189 hoc
824 5142 909 5189 est
937 5134 1502 5192 consummationem.

445 5222 626 5279 Vsus.
671 5229 721 5279 7.
754 5224 909 5281 Sicut
961 5229 1038 5281 est
1071 5226 1210 5280 mihi
1228 5227 1444 5295 justum
1518 5228 1612 5283 hoc
1664 5229 1863 5283 sentire
1910 5229 1976 5283 de

377 5311 620 5367 omnibus
644 5313 810 5378 vobis,
850 5330 910 5369 eo
933 5315 1078 5385 quod
1109 5316 1335 5371 habeam
1374 5331 1464 5371 vos
1508 5319 1567 5373 in
1602 5318 1776 5382 corde,
1816 5322 1868 5373 et
1916 5320 1976 5373 in

444 5453 470 5481 ιι
504 5448 557 5501 ll
589 5447 718 5503 Cor.
742 5462 786 5515 ι,
809 5453 860 5502 4.

2007 4531 2058 4594 D

2090 3261 2193 3341 γὰρ
2240 3262 2343 3318 τῶν
2371 3258 2742 3340 παρελθόντων
2774 3257 2865 3317 καὶ
2911 3256 3034 3335 περὶ
3081 3258 3184 3315 τῶν
3220 3253 3522 3333 μελλόντων
3570 3277 3689 3313 στο-

2092 3353 2350 3431 χάζομαι.
2398 3346 2547 3427 Ὅρα
2578 3347 2661 3422 δὲ,
2696 3350 2807 3413 πῶς
2851 3353 3243 3427 μετριοφρονεῖν
3295 3345 3488 3410 αὐτοὺς
3538 3342 3687 3401 διδά-

2094 3430 2244 3517 σκει,
2293 3441 2370 3519 τῷ
2399 3440 2526 3518 Θεῷ
2569 3437 2747 3496 πάντα
2802 3436 3045 3510 ἀναθεὶς,
3095 3434 3188 3494 καὶ
3229 3435 3324 3492 οὐκ
3375 3434 3552 3499 αὐτοῖς
3593 3430 3690 3508 μό-

2091 3552 2213 3595 νοις.
2244 3529 2325 3589 06
2358 3526 2464 3604 μὴν
2511 3527 2628 3585 οὐδὲ
2672 3525 2836 3591 οὕτως
2882 3522 3239 3604 ἀπεστέρησεν
3284 3520 3473 3588 αὐτοὺς
3513 3524 3685 3599 ἐγκω-

2093 3618 2257 3695 μίων
2283 3606 2397 3677 εἷπε
2425 3616 2529 3695 γάρ
2553 3639 2566 3653 ο
2595 3639 2625 3671 α
2657 3614 2726 3675 Ὁ
2774 3612 3127 3692 ἐναρξάμενος
3175 3616 3229 3672 ἐν
3276 3611 3398 3687 ὑμῖν
3423 3634 3436 3648 ·
3470 3634 3502 3668 ι
3535 3633 3691 3670 τουτ-

2090 3707 2231 3780 έστι,
2280 3704 2383 3766 Διὰ
2427 3709 2522 3777 τῆς
2590 3708 2739 3782 ὑμῶν
2792 3702 3178 3785 προαιρέσεως·
3250 3704 3295 3762 εἷ
3361 3699 3469 3780 γὰρ
3526 3697 3602 3776 μὴ
3653 3703 3687 3770 ἡ

2092 3796 2396 3875 προαίρεσις
2445 3801 2537 3853 τοῦ
2569 3793 2846 3873 ἀνθρώπου
2894 3790 3005 3866 εἴη,
3056 3789 3174 3850 οὐδὲ
3219 3793 3248 3847 6
3285 3789 3423 3855 Θεὸς
3465 3789 3689 3867 ἐνεργή-

2092 3909 2190 3947 σει.
2244 3883 2405 3945 Ἐπεὶ
2432 3886 2478 3941 εἷ
2536 3883 2721 3949 ἁπλῶς
2770 3881 3010 3960 ἐνήργει,
3060 3880 3206 3939 οὐδὲν
3252 3878 3315 3938 ἂν
3369 3876 3565 3939 ἐκώλυε
3596 3877 3688 3935 καὶ

2089 3972 2366 4045 ⁸Ἐλληνας
2394 3970 2487 4030 καὶ
2528 3971 2731 4038 πάντας
2781 3970 3087 4049 ἀνθρώπους
3127 3971 3471 4047 ἐνεργεῖσθαι.
3507 3965 3687 4026 εὭστε

2092 4066 2151 4122 οὗ
2181 4064 2383 4142 μικρῶς
2429 4059 2531 4120 κᾶν
2571 4059 2742 4139 τούτῳ
2783 4058 2831 4095 '9
2860 4058 3179 4136 ἐγκωμιάζει
3212 4055 3431 4133 αὐτοὺς,
3462 4058 3534 4123 ὥς
3574 4057 3688 4114 ἐπι-

2091 4150 2464 4227 σπασαμένους
2511 4155 2603 4208 τοῦ
2654 4150 2795 4209 Θεοῦ
2831 4146 2929 4219 τὴν
2960 4147 3117 4228 χάριν
3171 4145 3536 4225 συμπράττειν
3581 4146 3683 4202 αὖ-

2090 4244 2199 4309 τοῖς
2221 4264 2234 4278 °
2264 4239 2353 4299 καὶ
2381 4239 2459 4298 ὅτι
2488 4238 2783 4309 τηλικαῦτά
2832 4239 2933 4296 εἶσι
2982 4236 3053 4296 τὰ
3085 4235 3508 4315 κατορθώματα,
3549 4233 3686 4291 ὥστε

2092 4328 2227 4408 μηδὲ
2280 4329 2368 4388 ὕπ’
2432 4326 2765 4408 ἀνθρωπίνης
2827 4328 3151 4406 ἐνεργεῖσθαι
3210 4324 3511 4401 δυνάμεως,
3566 4324 3683 4381 ἀλλ’

2089 4418 2193 4477 ὕπὸ
2223 4422 2390 4481 Θεοῦ.
2443 4416 2590 4494 Ἅμα
2621 4416 2677 4475 δὲ
2723 4415 2816 4475 καὶ
2861 4413 3257 4495 παραθαῤῥύνει
3309 4411 3495 4479 αὐτοὺς
3549 4410 3688 4470 ὥστε

2091 4508 2166 4586 μὴ
2211 4512 2547 4588 ρᾳθυμῆσαιο
2583 4508 2630 4565 εἰ
2681 4507 2785 4586 γὰρ
2834 4510 2862 4565 ὁ
2911 4504 3050 4572 Θεὸς
3099 4505 3361 4563 ἐπιτελεῖν
3384 4502 3436 4539 ²⁰
3472 4502 3685 4580 μέλλει,

2086 4596 2204 4657 οὐδὲ
2234 4595 2397 4663 πολὺς
2427 4596 2575 4655 ἔσται
2603 4594 2863 4671 κάματος.

2174 4707 2203 4744 α
2226 4684 2410 4765 Ἀχρις
2440 4684 2643 4763 ἡμέρας
2674 4684 2852 4757 Ἰησοῦ
2879 4686 3136 4762 Χριστοῦ.
3163 4704 3190 4740 ι)
3223 4679 3535 4757 Τουτέστιν,
3560 4679 3687 4759 ἄχρι

2086 4779 2180 4846 τῆς
2211 4774 2502 4856 παρουσίας
2530 4779 2621 4833 τοῦ
2670 4772 2887 4853 Κυρίου.
2939 4771 3125 4847 Οὕτω,
3153 4770 3317 4851 φησὶ,
3350 4773 3558 4851 θαῤῥῶ,
3605 4769 3688 4827 ὅτι

2086 4867 2180 4924 οὐκ
2210 4867 2262 4923 ἐν
2315 4863 2491 4942 μόνοις
2544 4866 2667 4939 ὑμῖν
2699 4865 2727 4920 6
2769 4862 2907 4929 Θεὸς
2963 4859 3271 4941 ἐνεργήσει,
3322 4860 3461 4919 ἀλλὰ
3494 4859 3586 4919 καὶ
3630 4860 3684 4918 ἐν

2085 4954 2191 5019 τοῖς
2220 4951 2271 5021 ἐξ
2335 4955 2482 5031 ὑμῶν
2504 4952 2583 5024 ²⁴,
2642 4950 2769 5030 ἄχρι
2822 4957 2917 5023 τῆς
2963 4948 3266 5015 συντελείας
3299 4953 3396 5007 τοῦ
3452 4948 3677 5025 κόσμου.

2081 5042 2164 5103 Ἢ
2201 5040 2295 5115 τὴν
2350 5042 2578 5102 ἑκάστου
2620 5040 2868 5113 τελευτὴν
2943 5039 3149 5120 ἡμέραν
3204 5039 3385 5110 Ἰησοῦ
3448 5039 3684 5118 Χριστοῦ

2086 5131 2221 5207 νόει,
2252 5131 2495 5191 τουτέστι
2521 5130 2875 5189 συντέλειανὲ

2170 5245 2201 5276 α
2234 5220 2446 5300 Καθώς)
2485 5223 2596 5279 ἐστι
2641 5219 2840 5279 δίκαιον
2902 5219 3022 5296 ἐμοὶ
3072 5224 3227 5278 τοῦτο
3285 5224 3489 5299 φρονεῖν
3551 5216 3684 5297 ὓπὲρ

2086 5309 2332 5370 ἁπάντων
2403 5314 2580 5388 ὑμῶν,
2639 5309 2724 5369 διὰ
2782 5308 2843 5368 τὸ
2902 5307 3044 5390 ἔχειν
3115 5330 3181 5384 με
3234 5309 3287 5366 ἐν
3361 5312 3429 5388 τῇ
3489 5306 3683 5387 καρδίᾳ

1791 5540 1967 5599 Varia:
2009 5542 2298 5602 lectiones.

445 5661 485 5741 1⁷
560 5665 714 5716 πόνον
778 5665 809 5730 ἢ
887 5666 970 5718 δεύ
1037 5683 1091 5725 ο.
1170 5670 1213 5704 ¹⁸
1285 5669 1667 5741 ἔπιμελοῦντες,

367 5739 410 5773 ²¹
440 5740 585 5811 ἡμῶν
609 5759 664 5797 ο.

1758 5673 1905 5739 καὶ,
1963 5672 2373 5743 πλημμελοῦντες
2447 5688 2500 5729 0.
2572 5672 2615 5707 ¹⁹
2661 5671 2755 5724 κάκ
2800 5672 2976 5725 τούτου
3022 5687 3075 5728 0.

3171 5671 3216 5705 ²⁰
3271 5669 3567 5724 ἐπιτελέσειν
3622 5686 3675 5725 0.
