4124 6418
309 467 448 524 1145

1154 464 1505 523 EXPOSITIO
1546 467 1608 522 IN
1646 468 1857 525 EPIST.
1896 471 1988 525 AD
2027 472 2308 527 PHILIPP.
2348 503 2418 512 ——
2455 473 2604 528 CAP.
2648 474 2690 529 Ι.

3470 472 3608 528 1146

306 595 477 670 ὕμᾶς,
537 590 591 652 ἔν
620 615 676 651 τε
731 598 838 659 τοῖς
880 593 1093 670 δεσμοῖς
1157 615 1287 669 μου,
1340 593 1431 651 καὶ
1596 595 1893 677 ἀπολογίᾳ,

2008 598 2243 652 vinculis
2262 598 2410 667 meis,
2436 604 2485 653 et
2505 601 2563 652 in
2586 599 2898 666 defensione
2926 604 2982 654 et
3003 599 3403 669 conﬁrmatione
3428 601 3611 654 Evan-

308 682 398 742 καὶ
452 681 737 764 βεϐαιώσει
764 687 853 743 τοῦ
892 681 1272 760 ιΕὐαγγελίου.
1307 702 1338 740 ›)
1368 682 1646 759 Πέποιθα,
1699 684 1891 763 φησὶν,

310 772 391 831 ὅτι
424 773 551 853 ἄχρι
597 772 779 839 τέλους
832 778 1055 832 τοιοῦτοι
1114 772 1327 851 ἔσεσθε,
1379 774 1469 832 καὶ
1517 777 1691 855 φρονῶ
1743 780 1899 834 τοῦτο

304 862 437 945 ὑπὲρ
465 865 647 939 ὑμῶν,
698 861 829 921 διότι
861 861 944 920 ἀεὶ
988 863 1100 942 ἔχω
1138 864 1193 920 ἐν
1227 866 1294 943 τῇ
1349 864 1543 944 καρδίᾳ
1591 866 1756 941 ὑμᾶς,
1806 864 1900 923 καὶ

304 943 421 1012 οῖδα
462 949 535 1012 τὰ
560 951 786 1033 ὑμέτερα
845 950 1267 1032 κατορθώματα,
1312 952 1404 1012 καὶ
1446 943 1530 1011 ὅτι
1577 953 1897 1022 σπουδάζετε

304 1041 414 1121 καὶξ
436 1041 661 1108 ἀπόντες
705 1041 1047 1120 συγκοινωνοί
1096 1065 1198 1119 μου
1246 1040 1487 1118 γενέσθαι
1536 1047 1629 1116 τῆς
1682 1043 1900 1124 χάριτος

300 1139 394 1191 τοῦ
471 1128 800 1211 Εὗαγγελίου
853 1130 949 1190 καὶ
1004 1133 1106 1190 τῶν
1160 1133 1392 1209 δεσμῶν.
1460 1131 1634 1193 εὨστε
1699 1132 1900 1192 δίκαιόν

301 1223 444 1281 ἐστιν
468 1221 561 1298 ἐμὲ
604 1226 825 1280 τοιαῦτα
870 1221 1220 1300 στοχάζεσθαι
1270 1221 1402 1302 ὑπὲρ
1433 1225 1611 1300 ὑμῶν,
1658 1222 1749 1282 καὶ
1793 1222 1900 1280 ἀπὸ

300 1314 406 1369 τῶν
447 1309 740 1389 προοιμίων
813 1310 1195 1390 τεκμαίρεσθαι
1211 1308 1264 1390 ²ν²
1295 1310 1386 1368 καὶ
1414 1311 1475 1371 τὸ
1523 1312 1687 1380 τέλος.
1724 1309 1898 1373 ⁰Οσον

303 1398 357 1456 δὲ
405 1398 668 1476 ἐγκώμιον
712 1398 773 1458 τὸ
832 1400 886 1458 ἐν
939 1399 1135 1480 καρδίᾳ
1194 1389 1328 1458 εἶναι
1360 1400 1611 1474 Παύλου,
1670 1407 1763 1461 τοῦ
1822 1402 1896 1478 μὴ

300 1489 486 1555 ἅπλῶς
534 1487 731 1560 οὕτως,
778 1489 918 1549 ἀλλὰ
958 1488 1094 1564 μετὰ
1144 1489 1402 1570 κρίσεως,
1447 1490 1538 1549 καὶ
1582 1490 1702 1558 τοὺς
1728 1489 1899 1559 ἀξίους

300 1580 647 1657 ἀγαπῶντος
681 1577 839 1638 Ἀλλ’
869 1580 976 1637 οὐδ’
1001 1576 1116 1651 ὅτε,
1146 1579 1308 1659 φησὶν
1327 1626 1343 1654 ,
1375 1579 1746 1658 ἀπελογούμην
1787 1578 1898 1640 Νέ-

310 1691 465 1746 ρωνι,
505 1667 755 1738 ἕξέστητέ
784 1691 884 1746 μου
941 1672 1036 1740 τῆς
1087 1668 1320 1746 μνήμης.
1357 1667 1659 1729 Βεϐαίωσιν
1705 1670 1760 1728 δὲ
1806 1675 1895 1728 τοῦ

310 1756 634 1837 Εὗαγγελίου
680 1757 747 1817 τὰ
816 1758 989 1836 δεσμά
1044 1780 1174 1838 φησι
1225 1758 1317 1817 καὶ
1362 1759 1458 1825 τὰς
1504 1758 1723 1839 θλίψεις.
1789 1758 1898 1820 Καὶ

307 1846 598 1924 ἀπολογίαν
656 1847 709 1906 δὲ
737 1848 873 1906 αὐτὰ
902 1853 1072 1906 ταῦτα
1117 1847 1397 1930 εἴποιςνᾶν.
1446 1847 1722 1929 Πρόδηλον
1759 1849 1896 1930 γὰρ,

305 1937 385 1994 ὅτι
428 1938 473 1995 εί
505 1937 579 2013 μὴ
635 1936 916 1996 ἐπέπειστο
950 1936 1210 2018 ἀῤῥήτους
1259 1929 1391 1996 εἶναι
1443 1937 1760 2011 ἀντιδόσεις,
1809 1929 1898 1996 καὶ

305 2026 484 2107 ἄφατα
515 2024 725 2106 ἀγαθὰξ,
756 2028 851 2085 οὐκ
887 2025 950 2084 ἂν
980 2028 1273 2103 ἐδεσμεῖτο·
1305 2028 1400 2087 οὐκ
1421 2026 1471 2063 ³³
1504 2027 1566 2085 ἂν
1597 2030 1673 2108 τῷ
1702 2027 1896 2108 θηριώ-

303 2117 382 2172 δει
411 2114 619 2196 Νέρωνι
664 2115 1052 2197 προσέκρουεν,
1106 2118 1153 2173 εἷ
1193 2114 1269 2194 μὴ
1301 2115 1461 2176 ἄλλον
1496 2116 1720 2196 βασιλέα
1753 2141 1900 2194 μονι-

304 2202 541 2282 μώτερον
572 2204 623 2241 2⁸
677 2204 945 2285 προεώρα.
1010 2202 1182 2265 εὨστε
1241 2206 1295 2263 αἱ
1365 2207 1565 2287 θλίψεις
1617 2204 1900 2285 βεϐαίωσις

301 2300 395 2353 τοῦ
427 2294 780 2375 Εὖαγγελίου.

395 2406 425 2442 (ί
455 2383 845 2463 Συγκοινωνούς
893 2407 984 2462 μοι
1048 2387 1143 2456 τῆς
1198 2384 1415 2464 χάριτος
1454 2438 1459 2442 .
1499 2383 1706 2452 πάντας
1762 2387 1900 2463 ὑμᾶς

303 2472 478 2541 ὄντας.
509 2496 538 2533 n
576 2473 856 2533 Δείκνυσιν
891 2474 1144 2546 ἐνταῦθα,
1185 2472 1266 2532 ὅτι
1294 2475 1389 2533 οὐκ
1442 2472 1669 2554 ἀκρίτως
1712 2475 1902 2543 αὖτοὺς

303 2567 512 2644 ἀγαπᾷ.
546 2564 650 2624 Διὰ
681 2567 837 2623 τοῦτο
862 2563 967 2643 γὰρ
987 2607 1005 2637 ,
1043 2562 1202 2643 φησὶν
1220 2611 1235 2637 ,
1264 2562 1374 2643 ἔχω
1418 2565 1557 2641 ὑμᾶς
1582 2565 1636 2622 ἐν
1664 2568 1731 2643 τῇ
1762 2588 1900 2644 καρ-

305 2651 413 2731 δίᾳ,
439 2651 571 2713 διότι
629 2651 973 2731 συγκοινωνοί
1016 2651 1110 2729 μοί
1140 2656 1258 2712 ἐστε
1289 2656 1385 2723 τῆς
1406 2652 1622 2733 χάριτος
1666 2653 1861 2725 ταύτης
1882 2701 1899 2729 ,

304 2740 542 2801 τουτέστι
588 2745 693 2802 τῶν
739 2741 963 2823 θλίψεων
1022 2740 1114 2800 καὶ
1160 2745 1266 2800 τῶν
1306 2743 1545 2818 δεσμῶν·
1590 2742 1681 2801 καὶ
1730 2766 1901 2803 σπου-

304 2831 487 2899 δάζετε
563 2830 638 2908 μὴ
696 2833 1081 2912 ἀπολειφθῆναι
1134 2835 1288 2908 ἡμῶν
1336 2833 1388 2889 ἐν
1439 2840 1554 2899 ταῖς
1627 2831 1897 2913 θλίψεσιν,

306 2919 444 2979 ἀλλὰ
500 2924 608 2979 τῶν
650 2920 782 2999 ὑπὲρ
827 2926 919 2979 τοῦ
974 2920 1301 2998 Εὖαγγελίου
1354 2924 1665 3001 πειρασμῶν
1716 2945 1902 2980 κοινω-

305 3014 481 3081 νῆσαι.
505 3007 723 3082 Ὅτινδὲ
743 3010 797 3049 2⁵
825 3010 981 3091 χάρις
1013 3008 1078 3067 τὰ
1102 3010 1303 3087 δεσμὰ,
1350 3011 1512 3081 δῆλον
1532 3035 1545 3047 ·
1570 3038 1592 3062 α
1617 3011 1794 3091 Ἀρκεῖ
1820 3034 1903 3070 σοι

303 3103 337 3170 ἡ
393 3099 550 3181 χάρις
606 3124 727 3178 μου.
782 3099 850 3160 Ἣ
903 3100 1006 3180 γὰρ
1075 3098 1296 3174 δύναμίς
1359 3122 1459 3177 μου
1523 3101 1576 3159 ἐν
1656 3101 1901 3182 ἀσθενείᾳ

306 3190 622 3248 τελειοῦται.
652 3215 677 3241 υ
696 3186 771 3250 Ἢ
803 3190 832 3247 ὃ
866 3187 958 3249 καὶ
988 3190 1211 3266 μᾶλλον,
1233 3192 1303 3255 ὡς
1325 3188 1629 3269 προκατιὼν
1649 3190 1702 3229 ²⁶
1732 3191 1898 3269 λέγει,

304 3279 385 3337 ὅτι
412 3277 628 3355 α⁶Υμῖν
684 3278 940 3361 ἐχαρίσθη
996 3279 1058 3337 τὸ
1112 3277 1245 3358 ὖπὲρ
1305 3280 1541 3359 Χριστοῦ
1600 3280 1849 3361 πάσχειν.
1878 3308 1902 3333 ιι

301 3366 455 3449 "Ope:
473 3368 529 3427 δὲ
544 3416 560 3445 ,
589 3372 702 3436 πῶς
714 3357 816 3428 οὐκ
838 3357 978 3441 εἶπε,
999 3357 1297 3437 Κοινωνοὺς
1312 3413 1329 3442 ,
1358 3357 1496 3428 ἀλλὰ
1512 3412 1527 3441 ,
1551 3396 1574 3423 α
1596 3357 1902 3450 Συγκοινω-

305 3456 448 3530 νοὺς,
495 3486 520 3511 ιι
547 3456 748 3526 δεικνὺς
780 3457 860 3516 ὅτι
881 3456 972 3516 καὶ
1003 3457 1160 3525 αὐτὸς
1192 3456 1245 3495 ²⁷
1276 3460 1459 3524 ἄλλοις
1497 3458 1609 3517 ἐστὶ
1633 3458 1904 3532 κοινωνὸς,

305 3545 489 3628 ὥσπερ
520 3549 760 3626 ἀλλαχοῦ
792 3568 971 3628 φησιν.
1003 3567 1036 3605 (ί
1059 3545 1179 3607 Ἵνα
1212 3546 1561 3626 συγκοινωνὸς
1586 3552 1678 3607 τοῦ
1726 3551 1905 3626 Εὐαγ-

303 3636 482 3714 γελίου
530 3635 800 3715 γένωμαι,
831 3657 862 3694 n
915 3635 1217 3716 τουτέστιν,
1267 3634 1390 3698 Ἵνα
1458 3636 1774 3708 κοινωνήσω
1799 3641 1902 3695 τῶν

305 3724 670 3806 ἀποκειμένων
691 3728 937 3806 ἀγαθῶν,
980 3734 1091 3793 τοῖς
1138 3725 1197 3785 τὸ
1229 3724 1554 3805 Εὗαγγέλιον
1597 3726 1902 3806 καταγγέλ-

303 3818 475 3879 λουσι.

387 3934 412 3958 α
441 3905 661 3987 Μάρτυς
692 3903 796 3985 γάρ
852 3903 953 3982 μού
1016 3908 1156 3965 ἐστιν
1214 3909 1243 3964 ὁ
1293 3904 1457 3979 Θεὸς,
1521 3906 1593 3972 ὣς
1665 3907 1903 3966 ἐπιποθῶ

304 3994 506 4063 πάντας
559 3999 699 4068 ὑμᾶς
786 3997 839 4053 ἐν
894 3994 1219 4074 σπλάγχνοις
1304 3991 1484 4068 Ἰησοῦ
1568 3996 1831 4074 Χριστοῦ.
1878 4025 1901 4049 »

305 4087 429 4164 Οὐχ
464 4089 532 4151 ὥς
565 4083 948 4161 ἀπιστούμενος
978 4085 1224 4164 μάρτυρα
1267 4087 1420 4143 καλεῖ
1448 4082 1537 4142 τὸν
1565 4084 1734 4158 Θεὸν,
1765 4085 1903 4145 ἀλλὰ

302 4174 400 4245 τὴν
425 4175 627 4247 πολλὴν
649 4174 903 4236 διάθεσιν.
938 4178 1056 4236 Οὐκ
1076 4173 1214 4253 ἔχων
1236 4178 1584 4253 παραστῆσαι
1601 4172 1688 4232 διὰ
1712 4173 1899 4255 λόγου,

303 4268 380 4344 τῷ
440 4266 567 4344 Θεῷ
616 4265 1009 4340 καταλιμπάνει
1059 4269 1242 4337 τοῦτο,
1295 4268 1372 4344 τῷ
1404 4263 1496 4331 τὰς
1554 4264 1775 4344 καρδίας
1818 4264 1905 4334 ἐξ·

302 4354 557 4422 ετάζοντι.
610 4356 785 4414 Τοῦτο
816 4353 871 4412 δὲ
929 4358 1021 4413 τοῦ
1055 4354 1332 4425 ἀληθεύειν
1387 4352 1542 4412 αὐτὸν
1591 4353 1899 4435 τεκμήριον.

301 4448 386 4504 Οὔ
430 4444 534 4523 γὰρ
594 4442 683 4516 ἂν,
728 4446 774 4501 εἰ
846 4443 1158 4503 ἐκολάκευεν
1228 4441 1453 4515 αὐτοὺς,
1511 4442 1756 4523 μάρτυρα
1811 4444 1900 4503 τὸν

301 4531 441 4593 Θεὸν
464 4532 735 4593 ἐκάλεσεν.
756 4558 782 4586 α
816 4531 909 4593 Ἐν
952 4532 1280 4611 σπλάγχνοις
1304 4559 1326 4585 ιο
1351 4529 1407 4589 δὲ
1426 4576 1444 4608 ,
1475 4523 1619 4591 εἶπεν
1636 4579 1653 4606 ,
1670 4559 1696 4585 οι
1724 4532 1903 4606 Ἰησοῦ

301 4626 565 4703 Χριστοῦ·
595 4620 904 4683 »τουτέστιν
919 4621 1110 4702 ,ξΟὖχὶ
1153 4621 1238 4680 διά
1286 4644 1339 4680 τι
1376 4620 1736 4700 ἀνθρώπινον,
1794 4623 1902 4682 οὐδ’

303 4712 387 4772 δτι
419 4710 694 4793 ἐπέμψατέ
742 4734 834 4781 μοι
862 4712 931 4769 τὰ
968 4712 1099 4789 πρὸς
1128 4710 1348 4791 χρείαν,
1411 4710 1532 4769 ἀλλ’
1558 4712 1611 4769 ἐν
1762 4713 1901 4771 κατὰ

303 4799 446 4863 Θεὸν
474 4802 681 4880 ἀγάπῃ.
716 4799 796 4860 Ἦ
816 4845 833 4873 ,
875 4798 958 4859 ὅτι
991 4798 1181 4880 Ηατὴρ
1214 4803 1361 4877 ὑμῶν
1414 4797 1643 4878 γεγονὼς
1672 4800 1763 4859 διὰ
1808 4806 1903 4872 τῆς

302 4890 533 4958 πίστεως
589 4894 684 4962 τῆς
726 4893 799 4956 εἷς
849 4889 1116 4971 Χριστὸν,
1166 4890 1453 4968 σπλάγχνα
1492 4888 1602 4969 ἔχω
1645 4889 1724 4970 ἐφ’
1751 4892 1904 4966 ὑμῖν,

304 4982 364 5039 οὗ
394 4977 591 5060 φυσικὰ
607 5025 626 5053 ,
668 4978 785 5037 ἀλλ’
829 4969 919 5039 οἶα
946 4979 1177 5059 Χριστὸς
1215 4979 1497 5059 χαρίζεται
1537 4986 1644 5046 τοῖς
1671 4969 1905 5059 γνησίοις

306 5068 723 5150 αὑτοῦιδούλοις,
753 5076 858 5135 τοῖς
888 5071 1032 5150 αὐτῷ
1068 5071 1291 5146 γεννῶσι
1336 5066 1404 5127 τὰ
1434 5072 1527 5128 τοῦ
1575 5068 1905 5147 Εὖαγγελίου

303 5159 488 5221 τέκνα.
535 5158 751 5227 Πάντας
781 5156 836 5217 δὲ
878 5160 1024 5237 ποθῶ
1037 5204 1054 5235 ,
1107 5157 1289 5230 ἐπειδὴ
1318 5158 1409 5218 καὶ
1448 5157 1642 5225 πάντες
1687 5157 1910 5219 τοιοῦτοί

314 5253 456 5311 ἔστε.

389 5366 414 5392 κ
447 5339 559 5400 Καὶ
626 5342 781 5399 τοῦτο
828 5337 1243 5420 προσεύχομαι,
1297 5334 1388 5397 ἵνα
1430 5343 1465 5412 ἡ
1517 5338 1701 5415 ἀγάπη
1757 5341 1907 5417 ὓμῶν

309 5429 389 5490 ἔτι
449 5431 652 5508 μᾶλλόν
696 5428 789 5490 καὶ
831 5431 1033 5508 μᾶλλον
1104 5429 1412 5511 περισσεύῃ.
1458 5456 1482 5483 ν
1518 5428 1707 5491 Καίτοι
1769 5428 1907 5488 οὕτω

380 5596 407 5625 ⁰
443 5593 493 5648 Il
536 5590 663 5649 Cor.
694 5604 812 5663 ιιι,
844 5596 907 5647 9.

1929 1904 1979 1965 Β

2006 688 2150 755 gelii.
2181 687 2433 756 Conﬁdo,
2460 687 2653 759 inquit,
2686 703 2784 744 vos
2803 687 2871 744 ad
2896 687 3063 744 ﬁnem
3084 702 3255 760 usque
3284 688 3423 743 tales
3463 686 3601 755 fore,

2002 784 2164 849 atque
2192 776 2297 833 hoc
2323 777 2393 834 de
2420 777 2577 834 vobis
2594 777 2796 845 sentio,
2826 776 2998 850 429
3024 775 3474 850 quandoquidem
3504 792 3602 832 vos

2004 865 2063 921 in
2099 866 2266 924 corde
2313 882 2438 924 meo
2489 882 2707 940 semper
2754 883 2910 940 gero,
2960 876 3123 940 atque
3170 867 3285 924 scio
3337 866 3601 938 praeclara

2005 972 2171 1028 opera
2199 966 2399 1026 vestra,
2430 965 2487 1015 et
2512 957 2659 1031 quod
2704 957 2953 1015 absentes
2995 957 3163 1013 etiam
3191 956 3335 1014 detis
3376 971 3601 1029 operam

2007 1055 2293 1104 consortes
2310 1046 2445 1102 mihi
2470 1046 2590 1104 ﬁeri
2608 1047 2798 1119 gratiae
2814 1046 3093 1118 Evangelii
3120 1046 3600 1118 vinculorumque.

2006 1136 2246 1194 Proinde
2284 1136 2496 1209 justum
2542 1141 2627 1193 est
2667 1150 2761 1192 me
2811 1137 2939 1193 talia
2992 1134 3063 1192 de
3110 1136 3264 1192 vobis
3311 1135 3602 1208 conjicere,

2004 1234 2169 1298 atque
2194 1242 2261 1282 ex
2290 1225 2609 1298 primordiis
2637 1225 2805 1281 ﬁnem
2834 1224 3110 1299 colligere.
3144 1226 3361 1295 Quanta
3406 1232 3602 1281 autem

2006 1315 2123 1371 laus
2164 1324 2245 1371 est
2270 1314 2443 1372 Paulo
2491 1330 2609 1372 esse
2636 1315 2812 1382 cordi,
2855 1316 2948 1388 qui
3000 1330 3115 1370 non
3162 1316 3233 1370 ita
3263 1313 3604 1384 simpliciter,

2007 1405 2104 1460 sed
2132 1420 2259 1460 cum
2283 1404 2516 1478 judicio,
2546 1414 2602 1461 et
2630 1404 2825 1478 dignos
2853 1403 3080 1477 diligit?
3110 1407 3187 1460 At
3212 1418 3284 1460 ne
3318 1411 3441 1458 tum
3477 1403 3606 1474 qui-

2009 1494 2163 1562 dem,
2196 1494 2394 1567 inquit,
2438 1494 2659 1566 quando
2708 1494 2852 1566 apud
2900 1497 3173 1550 Neronem
3227 1491 3608 1550 defensionem

2011 1599 2193 1639 meam
2221 1582 2359 1652 feci,
2399 1585 2665 1640 memoria
2721 1600 2842 1640 mea
2896 1582 3186 1639 excidistis.
3221 1581 3610 1641 Conﬁrmatio-

2007 1690 2136 1729 nem
2163 1682 2347 1729 autem
2377 1673 2657 1745 Evangelii
2708 1673 2915 1729 vincula
2964 1681 3017 1729 et
3057 1672 3387 1728 afﬁictiones
3425 1679 3608 1738 vocat,

2004 1773 2060 1821 et
2086 1765 2205 1821 haec
2232 1764 2349 1838 ipsa
2377 1763 2754 1821 defensionem
2780 1763 2960 1819 dicere
2990 1763 3213 1835 poteris.
3245 1762 3605 1834 Perspicuum

2003 1856 2150 1911 enim
2180 1863 2283 1923 est,
2316 1854 2420 1911 nisi
2448 1853 2646 1911 fuisset
2682 1868 2980 1926 persuasus
3018 1851 3329 1909 ineffabiles
3365 1867 3486 1908 esse
3511 1867 3605 1905 re-

2008 1945 2361 2012 tributiones,
2404 1953 2458 1999 et
2494 1944 2657 2000 nullis
2686 1944 2867 1999 verbis
2913 1943 3242 1999 enarrabilia
3287 1942 3433 1997 bona
3481 1955 3606 2011 quae

2009 2042 2369 2107 exspectaret,
2399 2049 2514 2089 non
2554 2034 2749 2090 fuisset
2774 2033 2999 2089 vinctus
3045 2052 3061 2087 :
3115 2031 3332 2087 efferati
3374 2029 3609 2087 Neronis

2009 2124 2376 2180 olIensionem
2406 2139 2518 2179 non
2566 2122 2903 2189 incurrisset,
2943 2122 3052 2178 nisi
3097 2122 3268 2177 alium
3306 2120 3605 2191 imperato-

2009 2229 2125 2269 rem
2176 2212 2383 2269 diutius
2437 2211 2766 2269 duraturum
2820 2212 3007 2268 animo
3064 2227 3165 2267 suo
3220 2210 3604 2282 prospexisset.

2012 2305 2204 2375 Itaque
2221 2302 2551 2359 afﬂictiones
2577 2311 2707 2358 sunt
2743 2300 3086 2358 conﬁrmatio
3117 2299 3407 2372 Evangelii.

2081 2395 2220 2447 Dum
2262 2393 2494 2446 consocii
2534 2394 2734 2461 gratim
2778 2407 2907 2446 mere
2934 2406 3025 2446 vos
3067 2404 3244 2445 omnes
3273 2391 3420 2444 sitis.
3450 2385 3610 2443 Ponit

2008 2480 2100 2537 hic
2127 2480 2199 2537 ob
2232 2480 2439 2549 oculos,
2466 2496 2525 2538 se
2552 2481 2683 2536 citra
2718 2480 2985 2553 judicium
3032 2478 3181 2535 haud
3212 2494 3309 2535 eos
3346 2477 3606 2548 diligere;

2011 2578 2323 2642 propterea,
2365 2569 2564 2642 inquit,
2594 2569 2770 2625 habeo
2817 2586 2915 2625 vos
2954 2570 3013 2624 in
3049 2567 3237 2634 corde,
3285 2566 3430 2638 quod
3477 2566 3609 2622 estis

2011 2659 2143 2715 mihi
2201 2659 2439 2715 consocii
2490 2659 2679 2731 gratiae
2715 2658 2896 2733 huius,
2942 2657 2997 2714 id
3026 2665 3108 2713 est
3137 2656 3501 2713 afﬂictionum
3553 2665 3610 2711 et

2011 2749 2354 2805 vinculorum
2384 2766 2397 2801 :
2428 2748 2743 2819 navatisque
2763 2763 3010 2819 operam,
3038 2762 3109 2802 ne
3135 2762 3164 2801 a
3193 2746 3353 2801 nobis
3381 2745 3436 2800 in
3465 2743 3606 2800 affli-

2010 2838 2283 2895 ctionibus
2310 2836 2594 2905 deﬁciatis,
2622 2852 2814 2893 verum
2839 2845 2901 2893 ut
2928 2835 3301 2892 tentationum
3328 2850 3463 2906 quas
3511 2849 3608 2905 pro

2013 2928 2307 3001 Evangelio
2335 2927 2694 2993 sustinemus,
2728 2926 2909 2998 potius
2937 2925 3233 2997 participes
3261 2923 3603 2980 efﬁciamini.

2014 3017 2178 3090 Quod
2209 3027 2394 3074 autem
2449 3017 2665 3073 vincula
2696 3016 2802 3071 sint
2843 3016 3038 3087 gratia,
3067 3014 3291 3088 planum
3330 3022 3414 3069 est
3442 3030 3509 3069 ex
3544 3029 3610 3069 eo

2012 3107 2160 3180 quod
2189 3108 2465 3163 Dominus
2487 3107 2566 3162 ait
2597 3127 2610 3163 ε
2644 3108 2859 3177 Sufﬁcit
2883 3106 2983 3160 tibi
3000 3107 3182 3175 gratia
3199 3120 3348 3169 mea;
3367 3104 3609 3174 potentia

2014 3201 2153 3252 enim
2179 3214 2310 3252 mea
2340 3200 2398 3252 in
2442 3199 2777 3267 inﬁrmitate
2794 3197 3137 3266 perﬁcitur°.
3189 3194 3286 3249 Vel
3329 3193 3475 3266 quod
3503 3208 3596 3264 po-

2008 3286 2119 3343 tius
2146 3295 2251 3351 est,
2283 3295 2345 3342 ut
2369 3287 2423 3341 in
2450 3301 2741 3358 progressu
2769 3284 2924 3353 dicit,
2956 3286 3120 3341 Vobis
3140 3285 3398 3340 donatum
3419 3289 3519 3350 est,
3550 3288 3613 3338 ut

2007 3393 2107 3446 pro
2174 3376 2383 3433 Christo
2446 3377 2767 3444 patiamini.
2825 3374 3215 3430 Animadverte
3260 3382 3445 3429 autem
3500 3372 3609 3439 hic,

2008 3463 2292 3537 quomodo
2315 3480 2430 3519 non
2455 3463 2684 3531 dixerit,
2708 3462 2873 3531 socii,
2902 3463 2992 3519 sed
3010 3503 3025 3530 ,
3061 3463 3335 3531 consocii,
3365 3461 3610 3518 indicans

2009 3570 2068 3610 se
2093 3553 2212 3609 aliis
2248 3552 2415 3607 etiam
2447 3551 2880 3608 communicare.
2908 3551 3140 3607 Perinde
3169 3566 3235 3606 ac
3267 3552 3319 3606 in
3347 3551 3456 3606 alio
3487 3550 3608 3605 loco

2009 3643 2111 3711 ait,
2166 3645 2235 3698 Ut
2262 3656 2479 3696 consors
2517 3641 2814 3710 Evangelii
2844 3645 3000 3711 ﬁam,
3031 3640 3136 3696 hoc
3174 3647 3275 3707 est,
3308 3642 3389 3696 Ut
3433 3640 3603 3710 parti-

2008 3748 2138 3804 ceps
2162 3731 2292 3788 ﬁam
2334 3730 2607 3787 bonorum
2638 3729 2919 3802 Evangelii
2968 3728 3420 3800 praedicatoribus
3444 3743 3605 3799 repo-

2012 3823 2272 3879 sitorum.

2082 3916 2255 3969 Vens.
2284 3918 2337 3968 8.
2374 3913 2549 3967 Testis
2577 3912 2716 3966 enim
2742 3911 2881 3964 mihi
2918 3913 2995 3964 est
3032 3914 3191 3972 Deus,
3233 3908 3496 3978 quomodo
3527 3923 3612 3962 cu-

2007 4005 2161 4072 piam
2190 4017 2369 4056 omnes
2404 4016 2496 4055 vos
2519 4003 2579 4054 in
2597 4001 2887 4055 visceribus
2914 4002 3040 4054 Jesu
3059 3999 3283 4056 Christi.
3311 4000 3434 4053 Non
3463 3996 3610 4068 quod

2009 4093 2059 4149 ei
2103 4108 2219 4148 non
2259 4090 2614 4147 adhiberetur
2660 4089 2817 4156 ﬁdes,
2856 4092 3036 4144 Deum
3081 4096 3279 4144 testem
3320 4085 3548 4142 adducit
3593 4105 3605 4141 :

2008 4182 2103 4238 sed
2132 4181 2258 4254 quia
2285 4195 2546 4253 magnum
2585 4179 2755 4235 animi
2784 4180 2869 4234 sui
2901 4176 3169 4234 affectum
3212 4174 3397 4233 verbis
3425 4176 3612 4248 expri-

2009 4286 2158 4326 mere
2183 4286 2301 4326 non
2344 4277 2551 4341 posset,
2585 4270 2700 4324 Deo
2749 4267 2856 4324 hoc
2889 4266 3174 4340 relinquit,
3216 4265 3387 4323 corda
3428 4266 3615 4338 explo-

2007 4360 2166 4417 ranti.
2202 4362 2407 4431 Estque
2459 4358 2565 4414 hoc
2615 4357 2841 4414 evidens
2887 4366 3279 4431 argumentum
3317 4372 3445 4413 eum
3492 4371 3613 4412 esse

2007 4466 2256 4506 veracem
2288 4469 2302 4506 :
2329 4466 2443 4505 non
2472 4449 2623 4504 enim
2653 4447 2699 4503 si
2730 4448 2811 4503 eis
2840 4447 3178 4514 adularetur,
3208 4449 3391 4503 Deum
3418 4462 3609 4502 vocas-

2005 4548 2091 4595 set
2126 4547 2345 4596 testem.
2387 4541 2453 4594 In
2488 4538 2782 4593 uisceribus
2817 4544 3008 4593 autem
3048 4536 3190 4593 dixit
3220 4538 3348 4591 Jesu
3388 4536 3611 4602 Christi,

1931 4650 1982 4713 Β
2011 4628 2119 4685 hoc
2153 4636 2255 4700 est,
2295 4644 2412 4685 non
2446 4627 2519 4684 ob
2557 4627 2857 4683 humanam
2885 4625 3199 4698 quampiam
3236 4623 3614 4680 commodita-

2009 4727 2143 4787 tem,
2175 4734 2277 4773 nec
2303 4718 2433 4790 quia
2480 4716 2871 4773 transmisistis
2919 4713 3052 4771 mihi
3102 4713 3300 4787 quibus
3344 4712 3611 4769 haberem

2011 4822 2170 4879 opus,
2202 4806 2303 4863 sed
2351 4806 2422 4862 ob
2467 4806 2709 4862 divinam
2759 4804 3125 4860 dilectionem.
3165 4803 3258 4858 Vel
3297 4803 3425 4874 quia
3456 4811 3615 4874 pater

2013 4904 2189 4952 vester
2218 4894 2395 4951 factus
2424 4910 2519 4966 per
2547 4893 2719 4950 ﬁdem
2749 4894 2803 4949 in
2843 4892 3150 4961 Christum,
3183 4891 3394 4948 viscera
3434 4891 3610 4947 habeo

2013 5000 2141 5059 erga
2167 5001 2284 5056 vos,
2311 5000 2424 5041 non
2462 4984 2754 5053 naturalia,
2787 4982 2888 5039 sed
2917 4982 3099 5055 qualia
3142 4980 3391 5038 Christus
3418 4980 3613 5053 genui-

2015 5080 2104 5137 nis
2139 5080 2254 5135 suis
2282 5078 2449 5136 servis
2486 5077 2756 5150 impertit,
2800 5075 3191 5150 generantibus
3226 5075 3343 5147 ipse
3377 5076 3621 5146 Evange-

2015 5168 2070 5225 lii
2093 5168 2253 5225 ﬁlios.
2272 5168 2482 5225 Omnes
2505 5175 2693 5223 autem
2716 5165 2973 5222 desidero
3001 5173 3057 5222 et
3085 5163 3441 5221 vehementer
3468 5179 3616 5233 amo,

2018 5256 2467 5330 quandoquidem
2515 5265 2572 5313 et
2600 5270 2795 5313 omnes
2821 5255 2961 5312 tales
2998 5253 3146 5311 estis.

2086 5351 2271 5405 Vens.
2303 5354 2358 5404 9.
2381 5351 2453 5404 Et
2474 5348 2575 5402 hoc
2604 5362 2719 5415 oro,
2751 5350 2813 5400 ut
2844 5346 3085 5402 Charitas
3107 5348 3288 5401 vestra
3307 5342 3479 5416 ἀεί)
3505 5360 3619 5399 ma-

2016 5441 2101 5508 gis
2127 5453 2190 5494 ac
2234 5439 2426 5508 magis
2449 5435 2709 5493 abundet.
2754 5435 2990 5493 Etiamsi
3038 5435 3113 5492 ita
3158 5433 3445 5492 adamatus
3481 5443 3602 5491 erat

1732 5662 1924 5724 Variae
1972 5664 2270 5724 lectiones.

379 5771 425 5806 ²²
487 5771 816 5843 τεκμαίρομαι
840 5785 895 5827 0.
972 5770 1017 5806 ⁸³
1039 5769 1144 5824 οὔδ’
1172 5786 1229 5828 ο.
1304 5770 1347 5805 ’⁸
1378 5773 1700 5844 μονιμώτατοι
1729 5787 1783 5827 0.
1858 5771 1904 5806 ³⁵
1930 5771 2027 5845 γὰρ
2054 5788 2108 5829 o.
2183 5772 2229 5805 ²⁰
2256 5770 2570 5842 παρακατιὼν
2594 5785 2646 5826 0.
2724 5767 2768 5802 ²⁷
2794 5765 2934 5829 οὗτος
2954 5782 3009 5824 ο.
