4124 6430
544 462 681 518 1147

1562 460 2077 517 THEOPHYLACTI
2115 458 2473 515 BULGARUE
2488 532 2495 535 _
2509 457 2849 530 ARCHIEPJ

3707 456 3849 510 H48

547 587 729 647 adhuc
765 595 957 647 tamen
1001 586 1385 645 vehementius
1432 586 1551 644 vult
1597 586 1790 642 amari.
1849 586 2136 643 Charitatis

2252 583 2595 665 φιλούμενος,
2646 585 2792 661 ὅμως
2843 583 2924 643 ἔτι
2982 585 3184 661 μᾶλλον
3254 580 3501 663 βούλεται
3558 581 3844 662 φιλεῖσθαι.

550 680 697 736 enim
746 677 947 736 modus
1011 686 1115 747 est,
1169 691 1454 748 nunquam
1510 675 1707 748 pedem
1761 674 1946 748 ﬁgere.
2001 675 2138 732 Vide

543 777 731 825 autem
760 769 842 825 uti
871 766 1204 825 dictionibus
1232 766 1502 837 majorem
1532 765 1901 821 intensionem
1930 764 2135 821 haben-

544 859 693 915 tibus
717 873 850 915 usus
872 856 961 925 sit,
992 856 1213 925 dicens,
1238 856 1452 919 Adhuc,
1502 858 1679 928 magis
1718 858 2027 925 magisque,
2060 864 2136 921 et,

543 949 819 1007 Abundet.
850 949 986 1004 Haec
1017 957 1204 1003 autem
1248 947 1347 1014 ait,
1378 960 1488 1001 non
1520 953 1582 1001 ut
1609 946 1788 1017 ipsum
1831 945 2014 1002 solum
2050 943 2132 1001 di-

542 1038 735 1111 ligant,
763 1052 954 1094 verum
983 1038 1151 1093 etiam
1174 1036 1331 1094 alios.

618 1129 683 1184 In
713 1128 1000 1197 agnitione
1030 1130 1080 1182 et
1113 1127 1260 1181 omni
1281 1141 1456 1182 sensu.
1492 1128 1614 1181 Hoc
1641 1132 1744 1193 est,
1774 1132 1837 1180 ut
1861 1138 1973 1180 non
2000 1124 2134 1180 sim-

546 1216 757 1290 pliciter
800 1215 1026 1288 quosvis
1083 1214 1343 1287 diligatis,
1384 1213 1483 1271 sed
1530 1229 1657 1270 cum
1702 1213 2025 1287 probatione
2084 1222 2139 1270 et

542 1307 860 1379 cognitione
890 1314 948 1361 et
967 1304 1179 1379 judicio
1210 1326 1223 1361 :
1256 1304 1501 1377 plerique
1530 1304 1679 1360 enim
1703 1304 1836 1360 citra
1861 1304 2135 1360 rationem

542 1395 777 1468 diligunt
816 1412 830 1451 :
865 1395 993 1452 hinc
1022 1410 1198 1467 neque
1229 1394 1446 1450 stabiles
1489 1402 1620 1450 sunt
1643 1393 1832 1450 talium
1861 1394 2131 1452 amicitiae.

544 1486 664 1554 Vel,
709 1488 799 1542 Ut
828 1484 1115 1542 haereticos
1141 1499 1255 1540 non
1281 1483 1536 1556 diligatis.

616 1579 792 1633 Vens.
831 1581 917 1631 ιο.
954 1578 1019 1631 Ut
1042 1576 1286 1647 probetis
1312 1577 1546 1645 potiora.
1572 1578 1692 1630 Hoc
1715 1582 1820 1643 est,
1842 1589 1965 1646 quae
1984 1574 2135 1630 utilia

545 1665 674 1723 sint.
706 1667 763 1723 Si
802 1665 947 1721 enim
983 1680 1109 1721 cum
1137 1664 1510 1737 exploratione
1543 1680 1607 1720 ac
1634 1664 1846 1737 judicio
1874 1664 2130 1738 diligatis,

549 1756 776 1829 potestis
803 1755 950 1827 quod
994 1753 1208 1811 confert
1245 1754 1558 1811 examinare
1603 1763 1661 1811 et
1688 1769 1985 1827 agnoscere
2011 1754 2136 1826 qui-

549 1861 677 1901 nam
714 1843 975 1917 diligendi
1014 1845 1145 1910 sint,
1189 1846 1377 1903 ﬁdeles
1421 1845 1685 1901 nimirum
1718 1862 1731 1898 :
1775 1851 1830 1899 et
1876 1845 1972 1917 qui
2001 1860 2133 1909 non,

547 1933 793 1991 inﬁdeles
817 1935 1080 1992 videlicet.
1126 1936 1425 2006 Quomodo
1454 1935 1623 2007 igitur
1657 1935 1768 1991 alio
1795 1934 1847 1989 in
1876 1934 1996 1990 loco
2027 1934 2132 2003 ait,

546 2025 676 2080 Cum
715 2025 961 2081 omnibus
992 2027 1298 2081 hominibus
1335 2041 1521 2096 pacem
1567 2024 1753 2080 habete
1782 2028 1847 2097 p?
1888 2023 2137 2079 Primum

473 2132 481 2139 ο
541 2114 763 2187 quidem
790 2130 907 2171 non
931 2115 1255 2185 simpliciter
1281 2114 1437 2184 dixit,
1467 2113 1564 2171 sed
1590 2129 1720 2170 cum
1745 2113 2092 2170 distinctione
2121 2135 2134 2171 :

540 2205 603 2259 Si
627 2207 747 2275 ﬁeri
766 2205 958 2274 possit,
1002 2219 1121 2259 cum
1162 2205 1407 2260 omnibus
1445 2218 1635 2273 pacem
1664 2204 1868 2258 habete.
1901 2203 2135 2271 Deinde,

554 2293 700 2349 aliud
730 2302 813 2349 est
841 2292 1047 2349 habere
1086 2309 1300 2365 pacem,
1347 2293 1497 2350 aliud
1526 2291 1768 2365 diligere.
1812 2292 1956 2349 Illud
1987 2294 2135 2349 enim

544 2398 575 2439 a
606 2382 962 2438 contentione
992 2382 1206 2439 alienos
1228 2399 1333 2440 nos
1356 2398 1475 2439 esse
1504 2382 1661 2456 jubet
1687 2400 1699 2437 :
1732 2380 1955 2455 diligere
1982 2398 2132 2450 vero,

540 2471 712 2526 animi
753 2468 1108 2528 affectionem
1152 2473 1413 2543 postulat,
1451 2488 1515 2528 ac
1543 2471 1709 2527 veluti
1753 2480 2134 2544 contempera-

537 2562 771 2629 tionem,
805 2577 1135 2635 morumque
1179 2561 1627 2630 similitudinem;
1689 2577 1813 2633 quae
1864 2561 2136 2619 haereticis

538 2664 653 2706 non
677 2658 761 2708 est
786 2650 1113 2708 exhibenda.
1145 2652 1209 2709 Si
1241 2654 1381 2708 enim
1419 2651 1601 2708 oculus
1636 2656 1761 2708 tuus
1798 2652 2022 2723 oﬁ’endit
2061 2657 2132 2715 te,

536 2742 786 2797 exscinde
807 2744 985 2811 ipsum
1012 2763 1057 2805 q.

617 2833 688 2886 Ut
712 2832 835 2887 sitis
863 2833 1080 2894 sinceri,
1115 2835 1170 2887 et
1210 2833 1331 2888 sine
1358 2833 1585 2899 offensa
1624 2835 1683 2887 in
1720 2832 1863 2888 diem
1912 2834 2129 2891 Christi.

536 2923 664 2977 Non
689 2920 747 2975 in
773 2935 962 2976 meum
985 2919 1091 2976 hoc
1108 2919 1467 2977 commodum
1496 2920 1645 2991 dico,
1662 2920 1755 2977 sed
1771 2937 1841 2976 ne
1861 2936 1956 2977 vos
1982 2921 2132 2977 adul-

539 3008 782 3065 terinum
809 3009 1032 3081 aliquod
1058 3009 1263 3081 dogma
1297 3009 1585 3067 charitatis
1613 3017 1881 3082 praetextu
1906 3011 2130 3082 recipia-

536 3100 623 3157 tis.
652 3100 808 3155 Dixit
829 3108 1036 3169 autem,
1055 3102 1269 3164 sinceri,
1291 3100 1475 3172 quoad
1490 3103 1669 3156 Deum
1695 3120 1707 3156 :
1734 3104 1868 3157 Sine
1887 3103 2130 3169 offensa,

538 3187 725 3261 quoad
772 3187 1043 3245 homines.
1100 3188 1327 3244 Etiamsi
1373 3191 1523 3245 enim
1556 3197 1613 3246 te
1660 3206 1773 3246 non
1814 3190 1976 3247 laedat
2009 3206 2132 3263 quae

539 3282 639 3337 tibi
679 3297 807 3337 cum
834 3282 1093 3338 haeretico
1121 3282 1364 3339 amicitia
1396 3283 1704 3351 intercedit,
1744 3284 1915 3340 alium
1942 3293 2132 3341 tamen

540 3369 790 3427 offendit.
834 3370 1129 3443 Quomodo
1172 3373 1339 3446 igitur
1381 3372 1436 3428 in
1488 3372 1577 3430 die
1615 3372 1816 3431 Christi
1850 3373 2134 3431 invenieris

540 3459 805 3529 sincerus,
828 3459 1093 3518 fratribus
1121 3463 1232 3518 tuis
1261 3460 1660 3519 offendiculum
1685 3467 1929 3536 ponens?

610 3642 788 3698 Vnus.
824 3646 906 3697 11.
941 3643 1153 3711 Repleti
1174 3642 1450 3710 fructibus
1468 3642 1727 3715 justitiw,
1756 3646 1861 3714 qui
1884 3649 2011 3699 sunt
2030 3660 2133 3716 per

536 3734 714 3787 Iesum
735 3732 1027 3796 Christum,
1061 3732 1136 3787 ad
1156 3734 1398 3801 gloriam
1421 3736 1471 3788 et
1493 3734 1705 3789 laudem
1729 3736 1844 3791 Dei.
1879 3736 2001 3790 Hoc
2026 3742 2127 3802 est,

536 3823 617 3877 Ut
645 3836 773 3878 cum
822 3820 1088 3877 doctrina":
1122 3821 1450 3879 rectitudine
1490 3821 1661 3879 vitam
1697 3822 1867 3879 etiam
1904 3823 2132 3880 minimc

536 3909 1020 3967 condemnandam
1044 3910 1257 3967 ducatis
1281 3930 1293 3966 :
1326 3926 1423 3982 per
1441 3910 1711 3983 justitiam
1734 3912 1879 3968 enim
1903 3928 2133 3969 omnem

540 4000 793 4056 virtutem
823 4000 1097 4073 intelligit,
1134 4001 1216 4056 vel
1235 4000 1640 4074 eleemosynam
1670 4001 1971 4073 speciatim.
2007 4005 2134 4059 Non

539 4097 725 4146 autem
780 4098 841 4145 ut
904 4089 1218 4162 imperfecte
1265 4089 1526 4146 virtutem
1577 4098 1673 4146 aut
1720 4090 2132 4165 eleemosynam

476 4180 481 4185 ’
539 4178 867 4249 operemini,
907 4178 1005 4235 sed
1032 4187 1094 4234 ut
1122 4178 1242 4235 sitis
1269 4180 1479 4251 repleti.
1530 4178 1991 4252 Quandoquidem
2031 4196 2135 4236 au-

538 4276 651 4322 tem
680 4276 736 4322 et
763 4266 1014 4323 inﬁdeles
1037 4267 1359 4324 videbantur
1386 4269 1494 4325 sibi
1543 4277 1599 4324 et
1618 4269 1875 4325 virtutem
1903 4278 1958 4326 et
1986 4270 2133 4326 elee-

543 4371 836 4430 mosynam
886 4356 1182 4426 vindicare,
1228 4356 1451 4431 adjecit,
1506 4360 1610 4428 Qui
1650 4364 1778 4415 sunt
1816 4376 1919 4431 per
1954 4363 2136 4416 Jesum

544 4448 817 4504 Christum
846 4467 863 4501 :
894 4446 1108 4504 illorum
1146 4447 1289 4504 enim
1328 4463 1497 4521 opera
1522 4463 1636 4505 non
1673 4456 1800 4505 sunt
1828 4450 2134 4507 secundum

541 4535 846 4605 Christum,
884 4537 981 4594 sed
1026 4537 1099 4595 ob
1137 4554 1337 4594 vanam
1366 4538 1617 4611 gloriam,
1645 4546 1699 4594 et
1725 4547 1788 4595 ut
1817 4538 2135 4596 hominibus

542 4627 806 4698 placeant.
836 4604 916 4682 In
956 4629 1193 4697 gloriam
1230 4604 1416 4684 autem
1454 4630 1572 4693 Dei,
1606 4604 1719 4684 hoc
1763 4636 1868 4695 est,
1920 4630 2044 4686 Non
2074 4630 2132 4685 in
2164 4604 2213 4665 D

541 4732 723 4771 meam
767 4717 861 4789 qui
908 4716 1026 4773 hare
1077 4717 1268 4773 doceo.
1313 4719 1491 4787 Quare
1546 4732 1660 4774 non
1709 4726 1795 4774 est
1840 4718 1991 4791 quod
2037 4736 2135 4775 vos

542 4794 1066 4878 obsistatis'glorize
1121 4805 1242 4862 Dei.
1304 4807 1477 4863 Simul
1528 4795 1714 4863 autem
1764 4809 1973 4864 animat
2015 4824 2134 4876 eos,

539 4894 761 4966 perinde
786 4894 939 4967 quasi
962 4897 1112 4951 Deus
1136 4896 1210 4951 sit
1236 4897 1513 4967 suppetias
1533 4896 1637 4952 illis
1661 4897 1871 4953 laturus
1893 4897 1945 4952 in
1975 4914 2137 4971 opere

539 4984 689 5057 quod
718 4983 789 5040 ad
827 4984 1055 5057 gloriam
1084 4985 1201 5058 ejus
1224 4986 1338 5041 sint
1366 4987 1664 5057 peracturi.

609 5077 789 5130 Vens.
816 5080 899 5129 12.
918 5075 1068 5131 Scire
1083 5080 1269 5130 autem
1286 5092 1377 5131 vos
1398 5077 1535 5139 colo,
1554 5078 1779 5145 fratres,
1807 5076 1972 5149 431
1997 5079 2143 5149 quod

538 5172 657 5227 quae
684 5157 823 5211 mihi
867 5155 1203 5223 acciderunt,
1234 5159 1414 5226 magis
1436 5159 1510 5212 ad
1538 5161 1846 5228 profectum
1874 5165 2138 5215 venerunt

535 5246 839 5315 Evangelii.
889 5243 1197 5300 Verisimile
1242 5254 1360 5301 erat
1423 5262 1540 5315 eos,
1605 5247 1698 5304 ubi
1757 5250 2141 5321 cognovissent

539 5350 670 5391 eum
691 5335 941 5391 vinctum
983 5348 1121 5402 esse,
1167 5334 1401 5403 turbari,
1446 5337 1601 5408 quasi
1632 5339 1910 5411 Evangelii
1942 5338 2139 5410 praedi-

538 5424 681 5481 catio
709 5423 1088 5496 impediretur.
1120 5424 1278 5480 Hanc
1305 5426 1489 5497 itaque
1517 5426 1718 5484 tollens
1750 5426 2138 5501 suspicionem,

609 5518 635 5552 ι’
663 5506 831 5561 Rom.
864 5518 979 5571 x11,
1017 5510 1102 5560 18.
1174 5515 1199 5547 (ι
1236 5505 1439 5562 Matth.
1464 5521 1526 5577 v,
1550 5514 1639 5573 29.

2247 675 2479 755 Ἀγάπης
2532 675 2635 755 γὰρ
2693 674 2882 755 μέτρον
2934 672 2994 733 τὸ
3056 672 3324 752 μηδέποτε
3373 670 3644 733 ἵστασθαι.
3694 669 3849 750 εὈρα

2246 766 2331 839 δὲ,
2362 770 2474 833 πῶς
2526 764 2994 843 ἐπιτατικωτέραις
3026 763 3079 802 ²⁸
3110 762 3378 845 ἐχρήσατο
3428 770 3571 834 ταῖς,
3604 760 3807 828 λέξεσιν
3831 809 3845 833 ,

2247 853 2440 928 εἰπὼν,
2470 882 2495 907 «ι
2515 852 2659 925 Ἔτι,
2692 880 2715 908 ι
2747 853 2862 929 καὶ,
2899 881 2922 909 α
2944 855 3179 933 μᾶλλον,
3210 881 3235 906 ιι
3262 851 3382 924 xui,
3415 879 3438 905 α
3466 850 3778 928 περισσεύῃ.
3807 872 3839 907 ι)

2247 942 2480 1022 Φησὶγδὲ
2516 950 2684 1004 ταῦτα
2705 991 2721 1019 ,
2752 946 2812 1004 οὐ
2840 943 2998 1023 μόνον
3028 942 3117 1003 ἵνα
3161 943 3317 1004 αὑτὸν
3341 944 3627 1023 ἀγαπῶσιν
3647 985 3664 1015 ,
3705 941 3846 1000 ἀλλὰ

2244 1034 2334 1093 καὶ
2362 1032 2481 1101 τοὺς
2511 1033 2701 1102 ἄλλους
2714 1033 2793 1096 ³9.

2334 1146 2363 1182 ιι
2387 1123 2480 1184 Ἰηέν
2512 1124 2792 1204 ἐπιγνώσει
2817 1123 2910 1183 καὶ
2955 1122 3103 1200 πάσῃ
3137 1121 3403 1196 αἰσθήσει.
3437 1142 3469 1180 n
3512 1119 3848 1194 Τουτέστιν,

2240 1211 2359 1274 Ἵνα
2410 1214 2486 1291 μὴ
2535 1214 2718 1280 ἁπλῶς
2762 1213 2965 1281 πάντας
3008 1215 3292 1293 ἀγαπᾶτε,
3330 1210 3474 1271 ἀλλὰ
3517 1208 3655 1288 μετὰ
3700 1213 3845 1269 δοκιο

2245 1302 2474 1381 μασίας,
2499 1303 2592 1362 καὶ
2620 1301 2888 1383 γνώσεως,
2924 1303 3016 1362 xui
3045 1302 3286 1383 κρίσεως.
3338 1302 3467 1361 Εἰσὶ
3502 1300 3608 1381 γὰρ
3657 1298 3847 1359 πολλοὶ

2243 1394 2448 1473 ἀλόγως
2500 1394 2772 1474 φιλοῦντες
2791 1416 2804 1429 ·
2857 1391 2971 1451 ὅθεν
3021 1390 3168 1451 οὐδὲν
3224 1390 3440 1469 μόνιμοι
3494 1393 3549 1449 αἱ
3600 1393 3847 1449 τοιαῦται

2244 1483 2435 1564 φιλίαι.
2463 1481 2567 1557 Ἢ,
2598 1482 2679 1542 δτι
2705 1480 2827 1543 Ἵνα
2863 1482 2938 1559 μὴ
2971 1480 3259 1563 αἱρετικοὶις
3279 1485 3543 1559 ἀγαπᾶτε.
3570 1480 3584 1559 1

2327 1594 2357 1630 α
2394 1573 2483 1640 Εἷς
2514 1573 2577 1633 τὸ
2599 1572 2900 1649 δοκιμάζειν
2924 1574 3064 1648 ὑμᾶς
3122 1570 3190 1630 τὰ
3217 1569 3556 1652 διαφέροντα.
3595 1592 3626 1626 ι)
3657 1571 3839 1629 Τουτ-

2244 1661 2357 1721 ἐστι
2385 1661 2453 1720 τὰ
2507 1661 2862 1742 συμφέροντα.
2897 1660 3031 1721 Ἐὰν
3061 1659 3165 1741 γὰρ
3221 1659 3357 1739 μετὰ
3405 1657 3720 1737 δοκιμασίας
3745 1658 3841 1717 xui

2243 1752 2465 1831 κρίσεως
2511 1753 2791 1832 ἀγαπᾶτε,
2838 1751 3062 1810 δύνασθε
3108 1750 3169 1809 τὸ
3219 1748 3483 1830 συμφέρον
3513 1746 3837 1825 δοκιμάσαι,

2244 1841 2334 1899 καὶ
2390 1844 2678 1920 ἐπιγνῶναι
2724 1840 2871 1908 τίνας
2928 1839 3022 1917 μὲν
3071 1838 3179 1921 χρὴ
3230 1839 3437 1921 φιλεῖν,
3472 1838 3554 1897 ὅτι
3581 1836 3702 1905 τοὺς
3750 1861 3845 1921 πι-

2244 1930 2427 1999 στούς·
2479 1918 2570 1989 καὶ
2630 1930 2776 1997 τίνας
2809 1927 2921 2007 μὴ,
2973 1918 3215 1997 ὅτιτοὺς
3244 1918 3537 1995 ἀπίστους.
3592 1930 3721 1995 Πῶς
3749 1918 3843 1987 οῦν

2247 2021 2484 2101 ἀλλαχοῦ
2508 2043 2657 2101 φησι,
2674 2047 2695 2071 σι
2719 2019 2874 2079 Μετὰ
2903 2018 3119 2101 πάντων
3142 2018 3435 2100 ἀνθρώπων
3461 2015 3795 2100 εἰρηνεύετε;
3818 2045 3842 2069 ι

2249 2098 2470 2189 Πρῶτον
2509 2098 2634 2186 μὲν,
2681 2110 2783 2190 οὐχ
2811 2110 2993 2177 ἁπλῶς
3025 2098 3171 2169 εἶπεν
3190 2152 3207 2181 ,
3241 2098 3381 2167 ἀλλὰ
3410 2098 3799 2188 προσδιώρισεν
3830 2129 3846 2145 ·

2254 2220 2283 2256 ιι
2314 2201 2382 2259 Εἰ
2411 2198 2663 2273 δυνατὸν,
2708 2197 2845 2275 μετὰ
2892 2197 3105 2257 πάντων
3159 2195 3478 2278 εἰρηνεύετε.
3512 2218 3542 2254 n
3573 2193 3845 2269 Ἔπειτα,

2244 2288 2376 2349 ἄλλο
2396 2288 2507 2349 ἐστὶ
2533 2288 2593 2349 τὸ
2618 2287 2900 2369 εἰρηνεύειν
2928 2332 2946 2363 ,
2973 2286 3066 2347 καὶ
3097 2286 3230 2346 ἄλλο
3267 2286 3328 2346 τὸ
3357 2290 3596 2367 ἀγαπᾷν.
3622 2285 3702 2347 Τὸ
3744 2288 3844 2363 μὲν

2241 2376 2345 2456 γὰρ
2367 2424 2385 2452 ,
2415 2376 2478 2438 τὸ
2508 2376 2583 2455 μὴ
2619 2379 2888 2459 μάχεσθαι
2909 2398 2923 2413 ο
2958 2377 3018 2438 τὸ
3042 2378 3097 2438 δὲ
3137 2381 3351 2459 ἀγαπᾷν
3398 2375 3631 2436 διάθεσιν
3667 2378 3845 2457 ψυχῆς

2244 2469 2485 2541 ἀπαιτεῖ,
2520 2467 2611 2528 xui
2644 2458 2749 2527 οἶον
2780 2466 3103 2545 σύγκρασιν,
3144 2467 3236 2525 xui
3265 2458 3418 2539 ἤθους
3444 2465 3733 2544 ὁμοιότητα
3761 2466 3839 2524 ³ο.

2239 2557 2371 2638 ὅπερ
2410 2558 2541 2639 πρὸς
2590 2556 2884 2639 αἱρετικοὺς
2934 2558 2993 2616 οὗ
3024 2558 3102 2616 δεῖ
3133 2558 3514 2617 ἐνδείκνυσθαι.
3555 2584 3580 2608 α
3612 2558 3681 2617 Εἰ
3736 2556 3843 2636 γὰρ

2241 2649 2268 2705 ὃ
2295 2646 2564 2730 ὀφθαλμός
2607 2670 2701 2708 σου
2740 2646 3080 2717 σκανδαλίζει
3138 2669 3222 2724 σε,
3274 2646 3499 2727 ἔκκοψον
3551 2644 3733 2707 αὐτόν.
3803 2666 3834 2703 n

2327 2852 2354 2888 α
2387 2828 2506 2892 Ἵνα
2556 2821 2650 2902 ἧτε
2682 2829 2978 2908 εἰλικρινεῖς
3033 2825 3124 2885 καὶ
3168 2826 3502 2907 ἀπρόσκοποι
3573 2830 3647 2896 εἷς
3702 2829 3843 2906 ἡμέ-

2242 2942 2338 2998 ραν
2376 2922 2635 2999 Χριστοῦ.
2663 2940 2694 2977 ι)
2718 2920 2801 2978 Οὐ
2830 2918 2960 2998 πρὸς
2997 2916 3057 2975 τὸ
3087 2916 3213 2992 ἐμὸν
3256 2918 3519 3000 συμφέρον
3548 2924 3721 2978 ταῦτα
3751 2918 3844 2977 λέ-

2240 3032 2354 3085 γω,
2396 3011 2517 3068 ἀλλ’
2546 3006 2636 3067 ἵνα
2677 3011 2830 3087 ὑμεῖς
2874 3006 3042 3083 μηδὲν
3071 3008 3424 3088 νόθονδόγμα
3460 3012 3537 3088 τῷ
3572 3013 3666 3081 τῆς
3708 3009 3842 3088 ἀγά-

2240 3121 2345 3171 πης
2373 3098 2726 3179 προσχήματι
2747 3096 3135 3176 παραδέξησθε.
3180 3087 3319 3157 Eine
3356 3098 3401 3135 ³⁴
3442 3087 3521 3176 δὲ,
3546 3126 3570 3150 «ι
3600 3087 3841 3178 Εἷλικρι-

2241 3189 2363 3263 νεῖς,
2400 3214 2424 3240 ι»
2453 3191 2522 3256 ὡς
2537 3187 2669 3267 πρὸς
2694 3186 2784 3246 τὸν
2810 3187 2948 3248 Θεόν
2967 3205 2982 3221 ⁸
3004 3213 3026 3239 ιι
3045 3185 3396 3266 ἀπρόσκοποι,
3422 3215 3447 3239 υ
3468 3191 3539 3254 ὥς
3565 3187 3695 3268 πρὸς
3727 3187 3846 3255 τοὺς

2243 3277 2565 3358 ἀνθρώπους.
2603 3279 2671 3338 Ei
2725 3276 2831 3355 γὰρ
2855 3275 2945 3335 xui
3002 3276 3077 3353 μή
3115 3299 3174 3335 σε
3212 3277 3443 3355 βλάπτει
3492 3281 3526 3351 ἡ
3574 3278 3705 3357 πρὸς
3749 3279 3839 3337 τὸν

2240 3368 2502 3446 αἱρετικὸν
2544 3367 2731 3447 φιλία,
2792 3368 2908 3425 ἀλλ’
2956 3363 3131 3446 ἕτερον
3171 3366 3509 3436 σκανδαλίζει
3539 3365 3613 3430 ³³.
3668 3366 3844 3427 ’Ὥστε

2241 3459 2353 3524 πῶς
2406 3461 2459 3518 ἐν
2624 3455 2803 3538 ἡμέρᾳ
2861 3458 3094 3537 Χριστοῦ
3144 3458 3357 3537 εὑρεθῇς
3387 3455 3469 3495 32'
3520 3456 3842 3536 εἰλικρινὴς,

2239 3546 2599 3615 σκανδαλίζων
2628 3545 2749 3614 τοὺς
2777 3545 3071 3625 ἀδελφούςς

2321 3664 2348 3691 α
2382 3636 2808 3717 Πεπληρωμένοι
2876 3638 3098 3715 καρπῶν
3154 3634 3488 3709 δικαιοσύνης
3508 3636 3550 3711 ,⁸
3577 3639 3683 3697 τῶν
3753 3634 3843 3695 διὰ

2241 3725 2417 3799 Ἰησοῦ
2515 3728 2749 3806 Χριστοῦ
2830 3727 2901 3792 εἷς
2951 3723 3107 3793 δόξαν
3182 3726 3276 3784 xui
3327 3724 3540 3785 ἔπαινον
3613 3728 3782 3788 Θεοῦ.
3820 3756 3843 3781 ι

2240 3815 2558 3891 Τουτέστιν,
2582 3815 2708 3875 Ἵνα
2754 3812 2892 3891 μετὰ
2923 3818 3017 3885 τῆς
3069 3816 3173 3873 τῶν
3228 3814 3509 3892 δογμάτων
3566 3815 3847 3897 ὀρθότητος

2242 3905 2334 3965 καὶ
2394 3904 2506 3984 βίον
2582 3904 2787 3984 ἔχητε.
2818 3903 3252 3982 ἀκατάγνωστον.
3301 3904 3657 3979 Δικαιοσύνην
3739 3905 3845 3985 γὰρ

2242 3994 2339 4066 τὴν
2368 4003 2546 4054 πᾶσαν
2588 3992 2781 4073 ἀρετήν
2819 4016 3010 4069 φησιν,
3049 3991 3084 4065 ἢ
3133 3993 3232 4065 τὴν
3274 3992 3638 4070 ἐλεημοσύνην
3662 3995 3847 4054 ἰδικώ-

2242 4105 2415 4161 τερον.
2448 4085 2573 4160 Οὐχ
2621 4082 2708 4141 ἵνα
2744 4082 2799 4141 δὲ
2840 4084 3038 4149 ἀτελῶς
3066 4081 3163 4155 τὴν
3191 4082 3384 4163 ἀρετὴν
3415 4082 3444 4154 ἢ
3471 4083 3565 4153 τὴν
3615 4085 3841 4161 ἐλεημο-

2244 4171 2405 4243 σύνην
2432 4172 2750 4251 ἐργάζησθε,
2785 4169 2905 4230 ἀλλ’
2934 4170 3023 4229 ἵνα
3053 4163 3149 4244 ἦτε
3196 4173 3629 4252 πεπληρωμένοι.
3663 4173 3849 4235 Ἐπει-

2245 4261 2310 4334 δὴ
2352 4261 2408 4321 δὲ
2438 4261 2531 4321 καὶ
2560 4267 2607 4322 οἱ
2656 4260 2923 4336 ⁶Έλληνες
2960 4263 3173 4323 ἐδόκουν
3220 4266 3409 4343 ἀρετῆς
3439 4266 3845 4342 μεταποιεῖσθαι

2246 4352 2336 4411 xui
2410 4351 2799 4431 ἐλεημοσύνης,
2866 4352 3198 4433 προσέθηκεο
3260 4374 3287 4411 ιι
3329 4356 3454 4414 Τῶν
3540 4352 3629 4413 διὰ
3663 4354 3845 4427 Ἰησοῦ

2247 4443 2512 4521 Χριστοῦ·
2542 4465 2571 4500 )›
2608 4440 2679 4500 τὰ
2706 4440 2915 4501 ἐκείνων
2962 4440 3067 4523 γὰρ
3099 4445 3159 4501 οὖ
3215 4442 3356 4502 κατὰ
3400 4442 3657 4523 Χριστὸν,
3704 4444 3846 4503 ἀλλὰ

2248 4530 2337 4590 διὰ
2384 4530 2680 4601 κενοδοξίαν
2705 4532 2797 4591 xui
2858 4533 3381 4611 ἀνθρωπαρέσκειαν.
3417 4556 3447 4592 α
3473 4534 3569 4600 Εἰς
3607 4532 3763 4602 δόξαν
3788 4535 3847 4593 δὲ

2245 4625 2338 4679 τοῦ
2362 4622 2536 4697 Θεοῦ,
2567 4643 2597 4679 n
2638 4621 2926 4695 τουτέστιν,
2962 4624 3082 4681 Οὖκ
3104 4625 3177 4688 εἰς
3201 4619 3335 4699 ἐμὴν
3374 4627 3470 4682 τοῦ
3508 4622 3849 4691 διδάσκοντος

2243 4718 2433 4771 ταῦτα.
2467 4710 2639 4772 Ὥστε
2690 4714 2751 4771 οὗ
2820 4714 2899 4771 δεῖ
2949 4711 3232 4788 ἐμποδίσαι
3279 4715 3417 4787 ὑμᾶς
3588 4711 3709 4791 δόξῃ
3755 4719 3847 4771 ¹ι-οῦ

2243 4801 2408 4861 Θεοῦ.
2457 4798 2605 4877 Ἅμα
2653 4798 2708 4859 δὲ
2780 4801 2872 4860 καὶ
2926 4800 3323 4882 παραθαῤῥύνει
3376 4800 3595 4875 αὐτοὺς,
3638 4805 3706 4869 ὥς
3753 4807 3849 4861 τοῦ

2244 4892 2388 4949 Θεοῦ
2455 4888 2746 4967 μέλλοντος
2791 4897 3056 4971 συνεργεῖν
3114 4894 3169 4951 ἐν
3224 4894 3300 4971 τῷ
3354 4892 3426 4958 εἷς
3477 4889 3631 4959 δόξαν
3685 4892 3848 4949 αὐτοῦ

2247 5002 2409 5060 εργῳο

2326 5097 2352 5123 ιι
2395 5070 2682 5132 Γινώσκειν
2712 5069 2768 5130 δὲ
2798 5075 2935 5150 ὑμᾶς
2986 5070 3276 5151 βούλομαι,
3329 5070 3584 5153 ἀδελφοὶ,
3642 5072 3725 5132 ὅτι
3777 5072 3846 5130 τὰ

2245 5158 2364 5218 κατ’
2430 5159 2526 5236 ἐμὲ
2621 5163 2825 5236 μᾶλλον
2882 5162 2955 5228 εἷς
3026 5160 3301 5241 προκοπὴν
3359 5164 3453 5220 τοῦ
3514 5160 3849 5239 Εὖαγγελίου

2250 5248 2584 5319 ἐλήλυθεν.»
2626 5250 2786 5316 Εἰκὸς
2820 5241 2884 5322 ἧν
2924 5252 3111 5316 αὐτοὺς
3142 5249 3406 5325 μαθόντας
3453 5248 3533 5309 ὅτι
3602 5249 3844 5323 δέδεται,

2251 5336 2621 5416 θορυϐεῖσθαι,
2703 5340 2774 5405 ὡς
2859 5342 2952 5396 τοῦ
3025 5337 3367 5417 κηρύγματος
3432 5338 3848 5418 ἐγκοπτομένου.

2254 5423 2504 5507 Ἀναιρῶν
2565 5419 2654 5486 οὖν
2695 5426 2791 5498 τὴν
2838 5426 3084 5486 ὑπόνοιαν
3138 5425 3373 5508 ταύτην,
3407 5426 3591 5509 φησὶν,
3635 5426 3715 5486 ὅτι
3763 5426 3850 5489 Οὐ

1941 5590 2131 5648 Varia
2174 5593 2474 5648 lectiones.

1941 5593 1990 5648 ν
2063 5593 2076 5605 .
2290 5596 2301 5608 .
2471 5628 2474 5631 ν

608 5674 653 5759 ξ’
680 5674 1117 5759 Δἔττιτοιτυιώτερον
1146 5692 1200 5735 0.
1277 5678 1323 5713 ’9
1375 5678 1492 5733 ἀλλ’
1517 5680 1608 5735 ἵνα
1648 5680 1734 5734 καὶ
1782 5612 2151 5749 ἀλλήλοιῗιῐῖ.
2174 5593 2587 5757 Ιθὲἑιὲιῗεῐέτητα
2630 5700 2684 5744 o.
2761 5684 2802 5721 ³¹
2840 5682 2928 5755 ἦτε
2966 5703 3023 5745 ο.
3099 5687 3144 5722 ³³
3170 5688 3345 5759 ,ἔτερος
3370 5688 3748 5750 σκανδαλίζεται
3790 5703 3847 5745 0.

537 5755 581 5789 ³³
602 5757 629 5783 *
654 5755 888 5827 εὑρεθήσῃ
915 5771 967 5812 0.
