4124 6418
358 446 497 502 1149

1239 442 1591 500 EXPOSITIO
1630 444 1698 500 IN
1736 445 1943 503 EPIST.
1983 447 2075 503 AD
2110 448 2394 521 PHILIPP.
2432 479 2504 491 —
2541 448 2693 505 CAP.
2736 450 2776 505 Ι.

3518 454 3660 511 H50

356 568 517 648 μόνον
539 570 637 630 οὐκ
679 567 986 630 ἓνεπόδισαν
1023 568 1092 630 τὰ
1127 569 1299 648 δεσμά
1331 592 1433 646 μου
1476 572 1554 651 τῷ
1602 569 1945 655 Εεῗοαγγελίῳ1

2064 576 2143 633 ait
2171 595 2185 634 :
2216 578 2340 633 Non
2365 575 2547 633 solum
2576 591 2692 633 non
2712 574 3118 649 impediverunt
3140 578 3499 651 Evangelium
3529 579 3659 637 vin-

355 657 495 719 ἀλλὰ
520 660 611 719 καὶ
636 661 836 737 μᾶλλον
859 660 932 727 εἷς
953 657 1232 740 προκοπὴν
1263 658 1520 741 ἐγένοντο.

437 776 461 805 σι
491 747 672 812 "Qun
702 748 821 818 τοὺς
862 749 1082 828 δεσμούς
1161 772 1263 827 μου
1304 747 1558 831 φανεροὺς
1604 750 1847 829 γενέσθαι
1894 757 1948 815 ἐν

353 840 574 921 Χριστῷ
628 842 681 899 ἐν
733 837 842 919 ὅλῳ
914 841 992 898 τῶ
1038 839 1375 920 πραιτωρίῳ,
1445 839 1537 899 καὶ
1596 849 1704 909 τοῖς
1753 845 1953 910 λοιποῖς

351 937 510 993 πᾶσι.
540 957 564 984 ιι
588 929 897 1003 Τουτέστιν,
919 924 1099 989 Ὥστε
1128 928 1219 988 καὶ
1249 928 1524 1006 δεδεμένον
1545 929 1672 988 ὄντα
1694 955 1762 1006 με
1791 933 1951 992 πλέον

350 1019 839 1103 παρρησιάζεσθαι,
875 1018 969 1078 καὶ
1000 1018 1077 1096 μὴ
1110 1020 1330 1097 σιγῆσαί
1374 1043 1469 1097 με,
1499 1019 1638 1079 ἀλλὰ
1675 1020 1737 1081 τὸ
1783 1020 1948 1103 κήρυ-

350 1133 466 1192 γμα
493 1114 587 1170 τοῦ
616 1111 775 1189 λόγου
825 1109 918 1169 καὶ
963 1109 1121 1190 ἄχρις
1169 1112 1332 1169 αὐτοῦ
1359 1110 1562 1190 φθάσαι
1584 1114 1676 1169 τοῦ
1719 1134 1951 1192 πραιτω-

353 1199 466 1281 ρίου
485 1244 506 1277 ,
527 1199 771 1260 τουτέστι
798 1201 904 1259 τῶν
937 1198 1260 1279 βασιλείων,
1289 1199 1380 1259 καὶ
1409 1200 1463 1258 ἐν
1601 1198 1754 1261 πόλει
1778 1199 1947 1281 πάσῃ.

351 1291 526 1351 Τοῦτο
554 1289 609 1349 δὲ
648 1291 703 1348 ἐν
757 1290 981 1369 Χριστῷ
1022 1288 1241 1368 γέγονε·
1281 1289 1586 1362 τουτέστιν,
1642 1291 1762 1349 Οὐκ
1822 1291 1948 1368 ἐμὸν

354 1378 680 1459 κατόρθωμα
698 1423 717 1457 ,
738 1378 879 1439 ἀλλὰ
907 1382 1001 1438 τοῦ
1036 1380 1294 1460 Χριστοῦ.
1316 1375 1414 1451 Ἦ,
1438 1376 1577 1446 Τοὺς
1603 1379 1828 1458 δεσμούς
1848 1403 1949 1457 μου

350 1468 469 1537 τοὺς
484 1470 537 1528 ἐν
569 1469 790 1549 Χριστῷ
806 1513 822 1544 ,
845 1465 1113 1542 τουτέστι,
1130 1467 1251 1536 τοὺς
1278 1467 1365 1528 διὰ
1387 1468 1642 1547 Χριστόν.

438 1584 463 1610 ι
505 1557 615 1618 Καὶ
668 1555 789 1625 τοὺς
839 1554 1086 1625 πλείονας
1144 1560 1250 1617 τῶν
1322 1558 1561 1636 ἀδελφῶν
1620 1559 1674 1616 ἐν
1737 1557 1949 1641 Κυρίῳ,

349 1646 666 1715 πεποιθότας
715 1653 823 1713 τοῖς
893 1647 1104 1722 δεσμοῖς
1168 1670 1302 1723 μου,
1366 1647 1569 1727 τολμᾷν
1626 1647 1947 1728 περισσοτέ-

352 1759 457 1816 ρως
501 1735 715 1818 ἀφόϐως
742 1736 926 1795 λαλεῖν
953 1734 1044 1795 τὸν
1107 1735 1283 1814 λόγον.
1317 1756 1349 1795 1)
1386 1736 1492 1796 Καὶ
1537 1736 1792 1816 πρότερον
1850 1737 1946 1816 μὲν

349 1824 832 1908 ἐπαρρησιάζοντο,
878 1829 968 1883 νῦν
1023 1824 1078 1886 δὲ
1120 1824 1494 1906 περισσότερον
1518 1824 1571 1863 ³³
1616 1828 1675 1886 ἐκ.
1701 1832 1795 1886 τοῦ
1850 1826 1947 1906 ἐμὲ

348 1905 672 1975 ἰδεῖνήπλέον
718 1905 1247 1998 παρρησιαζόμενον,
1300 1916 1394 1975 καὶ
1422 1919 1597 1974 ταῦτα
1645 1905 1941 1994 δεδεμένον.
1977 1905 2024 1968 Β

346 2003 506 2065 Ἐπεὶ
554 2004 657 2085 γὰρ
703 1994 847 2064 εἶδον
883 2002 979 2081 ἐμὲ
1025 2004 1336 2081 δεδεμένον,
1387 2004 1798 2087 ἀνεῤῥώσθησαν
1847 2009 1944 2066 κά-

346 2101 510 2153 κεῖνοι
556 2096 629 2161 εἷς
674 2094 855 2166 ζῆλον.
887 2093 1047 2154 Ἐπεὶ
1107 2094 1162 2152 δὲ
1181 2094 1332 2175 Δμέγα
1387 2096 1561 2154 ἐδόκει
1601 2095 1811 2175 λέγειν,
1867 2095 1948 2157 ὅτι

347 2181 497 2263 Ἐγὼ
526 2181 715 2251 αὐτοὺς
745 2183 1006 2264 ἐθάῤῥυνα
1033 2182 1104 2255 3‘,
1158 2173 1305 2242 εἶπεν
1329 2207 1343 2222 ο
1386 2206 1415 2242 ιι
1436 2181 1534 2244 Ἐν
1574 2173 1782 2267 Κυρίῳ.
1812 2209 1842 2241 η
1880 2188 1949 2247 Εἰ

346 2271 519 2333 τοίνυν
575 2275 622 2332 οἱ
673 2271 828 2353 ἐγγὺς
865 2272 1008 2338 ὄντες
1061 2277 1166 2333 τῶν
1225 2275 1435 2348 δεσμῶν
1486 2298 1589 2350 μου
1638 2277 1695 2333 οὗ
1743 2279 1944 2355 ταράτ-

346 2383 554 2439 τονται,
584 2361 724 2423 ἀλλὰ
773 2364 976 2440 μᾶλλον
1010 2365 1191 2422 πλεῖον
1234 2362 1424 2443 θάρσος
1453 2361 1719 2443 δέχονται,
1761 2365 1945 2446 πολλῷ

348 2452 553 2529 μᾶλλον
582 2454 718 2530 ὑμᾶς
748 2450 878 2543 χρή.

431 2659 457 2684 ι
485 2631 643 2700 Τινὲς
678 2630 777 2709 μὲν
807 2630 899 2692 καὶ
930 2630 1019 2691 διὰ
1063 2631 1250 2713 φθόνον
1279 2629 1371 2691 καὶ
1415 2631 1524 2712 ἔριν
1543 2677 1562 2709 ,
1593 2630 1729 2699 τινὲς
1768 2631 1824 2691 δὲ
1876 2633 1945 2691 δι’

345 2719 588 2781 εὖδοκίαν
634 2720 722 2781 τὸν
773 2722 1009 2801 Χριστὸν
1057 2721 1431 2800 κηρύσσουσιν.
1468 2749 1494 2773 ιο
1524 2720 1751 2794 Ἐπειδὴ
1814 2745 1944 2782 κατ-

347 2810 542 2892 εσχέθη
593 2813 623 2870 ὃ
670 2812 887 2878 Παῦλος
906 2855 924 2886 ,
969 2810 1159 2871 πολλοὶ
1209 2814 1314 2871 τῶν
1372 2810 1612 2871 ἀπίστων
1661 2809 1943 2891 ἐκήρυττον

344 2901 441 2960 καὶ
470 2901 619 2969 αὐτοὶ
649 2902 737 2962 τὸν
758 2900 1024 2982 Χριστὸν,
1060 2899 1373 2983 βουλόμενοι
1416 2902 1490 2969 εἷς
1524 2900 1744 2961 πλείονα
1783 2900 1946 2980 ὀργὴν

345 2992 609 3051 ἐκκαῦσαι
654 2990 742 3050 τὸν
772 2989 1034 3071 Νέρωνα,
1075 2988 1213 3049 ὥστε
1256 2989 1441 3072 τάχιον
1468 2988 1556 3049 τὸν
1605 2993 1822 3051 Παῦλον
1854 2993 1945 3049 ἀν-

345 3083 517 3155 ελεῖν,
549 3083 620 3149 ὣς
642 3085 732 3140 τοῦ
777 3079 1117 3161 κηρύγματος
1161 3085 1439 3160 πανταχοῦ
1484 3079 1551 3139 δι’
1566 3078 1618 3116 ³³
1652 3082 1810 3139 αὐτοῦ
1843 3104 1944 3139 κα-

2057 666 2178 724 cula
2217 680 2362 736 mea,
2391 664 2493 722 sed
2532 673 2589 722 et
2614 666 2674 722 in
2710 665 3119 739 promotionem
3149 667 3328 739 potius
3354 677 3655 726 cesserunt.

2128 759 2299 813 Vnus.
2326 760 2409 813 l3.
2431 759 2523 813 Ita
2549 761 2612 812 ut
2637 757 2855 813 vincula
2879 773 2998 813 mea
3022 759 3332 826 manifesta
3367 761 3555 829 ﬁerent
3593 761 3658 814 in

2062 847 2272 903 Christo
2291 849 2350 902 in
2374 851 2484 904 toto
2498 851 2782 917 praetorio,
2813 851 2863 902 et
2887 850 3090 903 cceteris
3115 848 3386 904 omnibus.
3412 850 3533 904 Hoc
3550 856 3655 917 est,

2060 945 2122 993 ut
2152 936 2366 993 vinctus
2406 952 2536 992 cum
2558 936 2687 1006 sim,
2734 936 2931 1010 majori
2972 936 3177 994 ﬁducia
3215 938 3431 1010 loquar,
3477 953 3657 1011 neque

2059 1027 2447 1095 conticescam,
2511 1026 2607 1083 sed
2680 1035 2742 1083 ut
2789 1026 3100 1098 praedicatio
3163 1026 3311 1083 verbi
3360 1026 3431 1083 ad
3476 1027 3656 1099 ipsum

2058 1131 2233 1189 usque
2276 1115 2596 1190 praetorium
2627 1115 2952 1187 pervenerit,
2998 1115 3104 1173 hoc
3130 1124 3214 1173 est
3251 1114 3322 1173 ad
3358 1115 3539 1189 ipsam
3567 1132 3654 1191 re;

2057 1204 2222 1278 giam,
2253 1214 2417 1277 atque
2443 1205 2586 1263 adeo
2614 1205 2932 1263 universam
2960 1205 3185 1262 urbem.
3222 1207 3345 1262 Hoc
3373 1214 3564 1263 autem
3599 1206 3656 1263 in

2057 1294 2275 1353 Christo
2305 1295 2512 1353 factum
2531 1304 2642 1366 est,
2672 1294 2732 1352 id
2746 1303 2849 1365 est,
2876 1298 3001 1352 Non
3029 1311 3219 1353 meum
3245 1303 3330 1351 est
3357 1311 3526 1367 opus,
3558 1296 3654 1352 sed

2056 1384 2278 1442 Christi.
2306 1386 2431 1454 Vel,
2475 1385 2707 1444 Vincula
2751 1400 2873 1442 mea
2916 1385 2971 1441 in
2999 1385 3251 1455 Christo,
3281 1384 3339 1442 id
3379 1392 3494 1454 est,
3526 1401 3654 1458 quae

2057 1483 2281 1547 propter
2307 1474 2586 1531 Christum
2609 1475 2903 1548 perpetior.

2126 1565 2301 1621 Vnus.
2337 1572 2423 1622 14.
2444 1568 2516 1621 Et
2541 1569 2606 1622 ut
2621 1567 2813 1636 plures
2832 1581 2860 1621 e
2876 1565 3153 1633 fratribus
3180 1568 3241 1620 in
3270 1566 3522 1630 Domino,
3545 1580 3657 1621 con-

2056 1650 2288 1726 ﬁdentes
2315 1656 2550 1711 vinculis
2564 1657 2715 1719 meis,
2745 1654 3130 1711 abundantius
3153 1654 3429 1711 auderent
3458 1656 3576 1711 sine
3593 1658 3662 1710 ti-

2056 1759 2201 1800 more
2218 1759 2505 1800 sermonem
2531 1744 2694 1815 loqui.
2735 1746 2806 1801 Et
2832 1750 2991 1800 antea
3022 1742 3248 1816 quidem
3274 1743 3448 1800 libere
3488 1743 3655 1801 doce-

2058 1833 2190 1890 bant
2227 1833 2478 1902 verbum,
2510 1849 2660 1891 nunc
2686 1848 2816 1890 vero
2849 1832 2907 1890 id
2932 1840 3103 1907 agunt
3127 1831 3324 1905 majori
3361 1831 3560 1890 ﬁducia
3601 1842 3658 1891 et

2058 1924 2353 1994 alacritate,
2380 1932 2681 1997 postquam
2725 1938 2816 1979 me
2867 1921 3306 1980 animadvertunt
3331 1937 3452 1979 esse
3478 1921 3654 1978 conﬁ-

2058 2012 2389 2083 dentiorem,
2413 2011 2579 2085 idque
2606 2028 2736 2070 cum
2772 2012 2991 2069 vinctus
3016 2012 3123 2068 sim
3152 2029 3166 2068 :
3194 2019 3252 2069 et
3277 2011 3352 2067 illi
3374 2010 3447 2068 ad
3479 2026 3657 2069 aemu-

2057 2102 2317 2159 lationem
2369 2101 2665 2161 confortati
2714 2110 2864 2171 sunt,
2914 2109 3211 2175 postquam
3265 2116 3358 2158 me
3400 2099 3660 2157 viderunt

2057 2192 2325 2248 vinctum.
2382 2191 2524 2261 Quia
2586 2206 2716 2248 vero
2784 2206 3051 2263 magnum
3118 2189 3404 2247 videbatur
3452 2188 3652 2259 dicere,

2055 2296 2272 2353 nempe,
2324 2283 2438 2354 Ego
2486 2281 2636 2353 ipsos
2685 2280 2952 2347 animavi;
3000 2284 3064 2337 In
3105 2282 3350 2344 Domino,
3394 2277 3550 2336 dixit.
3600 2279 3656 2336 Si

2055 2369 2224 2443 igitur
2250 2371 2342 2444 qui
2373 2371 2624 2442 proxime
2647 2378 2776 2427 sunt
2802 2369 2874 2427 ad
2893 2384 3017 2425 mea
3041 2368 3275 2438 vincula,
3294 2383 3406 2425 non
3424 2367 3655 2425 turban-

2052 2468 2168 2532 tur,
2210 2460 2306 2517 sed
2343 2460 2617 2533 majorem
2654 2460 2839 2532 potius
2875 2459 3137 2516 ﬁduciam
3162 2458 3452 2530 recipiunt,
3479 2458 3656 2515 multo

2054 2550 2227 2622 magis
2258 2564 2354 2607 vos
2376 2549 2633 2609 convenit
2656 2564 2774 2606 esse
2801 2546 3160 2605 conﬁdentes.

2124 2642 2308 2697 Vnus.
2342 2644 2429 2696 15.
2463 2640 2698 2709 Quidam
2728 2640 2946 2710 quidem
2986 2642 3036 2693 et
3054 2642 3287 2709 propter
3306 2637 3577 2694 invidiam
3605 2643 3657 2694 et

2054 2732 2460 2794 contentionem,
2488 2730 2713 2799 quidam
2733 2733 2915 2783 autem
2928 2732 3153 2799 propter
3187 2729 3375 2784 bonam
3400 2728 3653 2783 volunta-

2056 2825 2161 2875 tem
2188 2821 2461 2877 Christum
2485 2819 2812 2890 prcedieant.
2860 2818 3004 2874 Cum
3045 2816 3478 2889 comprehensus
3503 2826 3650 2873 esset

2055 2909 2273 2979 Paulus,
2313 2908 2463 2966 haud
2513 2908 2671 2981 pauci
2701 2906 2871 2964 etiam
2910 2905 3216 2964 inﬁdelium
3252 2904 3655 2963 annuntiabant

2053 2997 2355 3068 Christum,
2380 2998 2623 3055 volentes
2648 2997 2722 3054 ad
2746 2995 3020 3069 majorem
3046 2996 3192 3052 iram
3223 2995 3519 3053 accendere
3546 2998 3654 3052 Ne-

2052 3103 2269 3155 ronem,
2320 3096 2383 3144 ut
2428 3103 2497 3144 eo
2545 3086 2780 3143 celerius
2826 3085 3060 3143 Paulum
3107 3101 3138 3142 e
3186 3084 3373 3141 medio
3418 3084 3655 3153 tolleret,

341 3169 788 3252 τασπειρομένου.
820 3159 995 3231 Τοῦτο
1028 3159 1118 3229 οὖν
1162 3172 1273 3229 ἐστι
1312 3159 1405 3243 re,
1431 3191 1462 3226 ιι
1496 3168 1600 3228 Διὰ
1625 3169 1806 3249 φθόνον
1850 3170 1941 3229 καὶ

2052 3178 2216 3235 veluti
2259 3177 2652 3250 praedicatione
2696 3176 2905 3249 ubique
2945 3191 3045 3248 per
3080 3190 3210 3232 eum
3235 3174 3501 3248 dispersa.
3532 3176 3657 3231 Hoc

343 3258 476 3339 ἔριν.
510 3284 542 3316 n
578 3256 684 3333 ‘H,
727 3259 811 3317 ὅτι
839 3258 1150 3338 βουλόμενοι
1200 3258 1291 3318 καὶ
1319 3258 1470 3317 αὐτοὶ⁸
1513 3264 1803 3335 τιμᾶσθαι,
1850 3258 1945 3318 καὶ

345 3353 592 3431 ὖποσπᾷν
622 3372 674 3408 τι
696 3352 790 3420 τῆς
818 3352 950 3425 ἔμ’ἧς
970 3347 1139 3421 δόξης.
1161 3345 1342 3408 Ἄλλοι
1372 3346 1460 3426 δὲ,
1483 3373 1508 3401 α
1526 3350 1610 3408 Δι’
1631 3350 1890 3422 εὐδοκίαν,
1919 3376 1943 3401 ι

344 3440 508 3521 φησὶ,
561 3437 832 3513 τουτέστι,
894 3439 1061 3519 χωρὶς
1132 3436 1486 3517 ὑποκρίσεως,
1541 3436 1633 3496 καὶ
1670 3437 1806 3515 μετὰ
1861 3441 1946 3497 εὖ·

343 3527 487 3596 θείας
509 3527 562 3568 ³⁶
585 3526 823 3608 γνώμης.

432 3735 458 3761 ‹‹
488 3709 559 3768 Οἱ
589 3707 684 3786 μὲν
731 3706 786 3777 ἐξ
834 3707 1056 3788 ἐριθείας
1108 3705 1197 3766 τὸν
1244 3706 1479 3787 Χριστὸν
1549 3707 1941 3788 καταγγέλλου-

343 3822 456 3872 σιν,
489 3801 587 3879 οὖχ
614 3798 803 3876 ἁγνῶς.
833 3797 1206 3876 ιήΤουτέστιν,
1233 3798 1329 3856 οὐκ
1357 3799 1688 3881 εἰλικρινῶς,
1723 3798 1843 3857 οὐδὲ
1870 3799 1944 3857 δι’

345 3886 474 3949 αὐτὸ
500 3887 560 3947 τὸ
580 3885 767 3950 καλόν.

426 4003 451 4031 α
471 3976 726 4055 Οἷόμενοι
755 3979 931 4058 θλῖψιν
960 3976 1227 4059 ἐπιφέρειν
1255 3975 1309 4015 ³⁷
1336 3979 1446 4044 τοῖς
1492 3976 1706 4055 δεσμοῖς
1759 3999 1886 4053 μου.
1915 4005 1940 4030 ι»

343 4066 693 4146 Νομίζοντες,
723 4066 903 4147 φησὶν,
971 4065 1108 4126 οὕτω
1170 4091 1240 4145 με
1286 4067 1358 4134 εἷς
1410 4065 1626 4145 μείζονα
1686 4065 1940 4144 ἐμϐαλεῖν

340 4155 676 4229 κίνδυνονπ,
708 4155 802 4215 καὶ
849 4155 1022 4236 θλῖψιν
1070 4156 1159 4216 ἐπὶ
1209 4154 1384 4236 θλίψει
1410 4155 1627 4236 ἐπάγειν
1653 4178 1668 4194 ο
1693 4155 1815 4216 ἀλλ’
1840 4160 1939 4238 οὐχ

340 4246 484 4308 οὕτω
530 4245 808 4328 προϐαίνει
861 4246 1039 4312 αὖτοῖς
1082 4245 1143 4305 τὸ
1187 4244 1491 4326 τέχνασμα.
1551 4245 1940 4326 Λαμπρότερον

2052 3268 2201 3325 enim
2243 3276 2326 3324 est
2356 3267 2505 3340 quod
2555 3266 2649 3334 ait,
2698 3269 2802 3322 Per
2830 3266 3099 3322 invidiam
3136 3269 3188 3321 et
3240 3265 3654 3321 contentionem.

2052 3359 2152 3414 Vel
2179 3365 2450 3430 tanquam
2487 3364 2544 3412 et
2578 3355 2677 3425 ipsi
2723 3355 2981 3412 honorari
3024 3354 3317 3423 voluerint,
3346 3361 3511 3427 atque
3553 3354 3655 3410 ali-

2049 3445 2182 3518 quid
2208 3460 2334 3501 mea
2370 3445 2543 3517 gloria
2586 3443 2894 3500 detrahere.
2927 3443 3036 3499 Alii
3079 3451 3270 3499 autem
3310 3445 3416 3499 Per
3447 3443 3653 3499 bonam

2052 3535 2422 3601 voluntatem,
2454 3532 2659 3605 inquit,
2706 3528 2812 3587 hoc
2836 3539 2951 3600 est,
2995 3530 3116 3587 sine
3161 3529 3545 3601 simulatione,
3585 3545 3653 3586 ex

2052 3623 2238 3680 animo
2275 3629 2533 3694 rectaque
2560 3619 2856 3677 sententia.

2124 3714 2309 3769 Vnns.
2334 3716 2416 3767 16.
2437 3710 2555 3766 Alii
2573 3708 2793 3780 quidem
2812 3723 2882 3763 ea:
2907 3708 3241 3763 contentione
3266 3707 3537 3763 Christum
3561 3723 3656 3763 an-

2050 3805 2328 3873 nuntiant,
2373 3817 2480 3857 non
2535 3802 2761 3855 sincere.
2812 3799 2935 3855 Hoc
2976 3804 3079 3866 est,
3122 3812 3235 3853 non
3275 3812 3429 3868 pure,
3475 3813 3653 3870 neque

2052 3901 2277 3965 propter
2304 3892 2485 3963 ipsum
2511 3889 2743 3946 bonum.

2120 3985 2458 4040 Emistimant
2477 3995 2797 4054 pressuram
2828 3981 3043 4048 afferre
3069 3978 3303 4033 vinculis
3338 3979 3490 4034 meis.
3522 3977 3650 4034 Exi-

2048 4075 2339 4132 stimantes
2362 4088 2453 4129 me
2495 4073 2603 4129 hoc
2628 4079 2810 4144 pacto,
2853 4069 3052 4142 inquit,
3080 4069 3140 4124 in
3169 4069 3409 4142 pericula
3433 4068 3648 4140 majora

2050 4164 2296 4238 injicere,
2323 4172 2380 4220 et
2401 4160 2765 4220 afﬁictionem
2794 4159 3089 4217 afﬂictioni
3120 4158 3393 4216 adducere
3419 4180 3431 4214 :
3456 4174 3651 4214 verum

2050 4262 2281 4312 conatus
2304 4253 2529 4309 illorum
2552 4251 2683 4324 ipsis
2712 4252 2817 4308 hac
2841 4249 3059 4307 ratione
3077 4264 3188 4308 non
3213 4248 3471 4321 procedit.
3504 4251 3653 4304 Nam

339 4336 447 4436 γάρ
473 4339 534 4397 ἐκ
570 4335 765 4436 τούτου,
784 4333 846 4394 τὸ
894 4333 1147 4436 κηρυγμα
1186 4332 1418 4436 γίνεται,
1444 4333 1557 4436 καὶ..
1580 4339 1615 4407 ἡ
1645 4335 1747 4413 ἐμὴ
1791 4334 1936 4416 χαρὰ

2052 4344 2180 4402 inde
2211 4342 2525 4416 praedicatio
2545 4342 2698 4399 verbi
2724 4341 2968 4399 redditur
2992 4340 3328 4412 praelarior,
3358 4354 3655 4410 meumque

340 4425 433 4485 διὰ
474 4430 628 4485 τοῦτο
678 4422 894 4502 μείζων.
950 4422 1155 4505 Ὁρᾷς,
1212 4421 1296 4484 ὅτι
1339 4423 1483 4482 ἔστιν
1527 4422 1680 4505 ἔργον
1716 4429 1938 4497 ποιῆσαι

341 4512 536 4594 ἀγαθὸν
572 4516 670 4574 οὐκ
701 4512 807 4573 ἀπὸ
852 4513 1210 4594 προαιρέσεως
1267 4515 1471 4590 ἀγαθῆς
1492 4560 1509 4588 ,
1559 4513 1653 4572 καὶ
1688 4514 1748 4573 οὖ
1782 4512 1938 4592 μόνον

340 4603 528 4682 μισθὸν
560 4602 637 4683 μὴ
667 4603 992 4676 ἀπολαϐεῖν,
1024 4601 1162 4662 ἀλλὰ
1186 4600 1278 4662 καὶ
1304 4604 1656 4679 κολασθῆναι;

422 4811 445 4837 ι
475 4784 551 4845 Οἱ
580 4783 636 4843 δὲ
677 4783 730 4853 ἐξ
774 4783 1018 4862 ἀγάπης,
1054 4781 1247 4851 εἰδότες
1265 4781 1344 4842 ὅτι
1378 4782 1449 4849 εἷς
1497 4781 1789 4861 ἀπολογίαν
1845 4788 1938 4843 τοῦ

342 4874 671 4953 Εὖαγγελίου
694 4881 900 4951 κεῖμαι.
934 4900 958 4927 ι
992 4873 1044 4931 Τ
1047 4872 1315 4949 ουτέστιν,
1345 4874 1417 4932 Οἱ
1443 4871 1498 4930 δὲ
1530 4870 1637 4930 ἀπὸ
1666 4876 1762 4940 τ’ἧς
1793 4872 1932 4953 ἀγά-

338 4987 445 5035 πης
474 4967 569 5035 τῆς
617 4962 691 5031 εἴς
742 4986 803 5022 τε
846 4962 935 5022 τὸν
973 4961 1170 5043 Κύριον
1220 4962 1313 5021 καὶ
1356 4963 1428 5028 εἷς
1486 4960 1582 5039 ἐμὲ
1641 4960 1936 5041 κηρύττου-

2049 4433 2311 4507 gaudium
2347 4441 2634 4505 propterea
2663 4429 2844 4503 majus
2884 4439 2987 4488 est.
3019 4428 3216 4487 Viden‘
3258 4428 3408 4502 quod
3437 4430 3646 4487 bonum

2049 4540 2188 4597 opus
2208 4522 2387 4581 facere
2411 4539 2523 4580 non
2552 4522 2714 4579 liceat
2733 4520 2945 4593 absque
2970 4520 3115 4577 bona
3153 4519 3471 4579 voluntate?
3488 4524 3654 4589 atque

2049 4629 2165 4672 non
2194 4613 2377 4671 solum
2408 4610 2730 4670 mercedem
2756 4609 2925 4683 432
2954 4625 3072 4666 non
3098 4608 3358 4680 recipere,
3389 4616 3651 4664 caeterum

2048 4719 2213 4775 paena
2240 4703 2408 4759 etiam
2437 4699 2629 4759 afﬁci?

2118 4795 2298 4849 Vnus.
2342 4798 2428 4848 l7.
2459 4793 2581 4847 Alii
2607 4796 2788 4848 autem
2815 4807 2885 4848 ea:
2916 4790 3209 4857 charitate,
3253 4790 3477 4843 scientes
3504 4788 3653 4858 quod

2047 4883 2121 4938 ad
2157 4882 2451 4951 Evangelii
2467 4882 2836 4950 defensionem
2850 4881 3061 4951 positus
3081 4880 3207 4934 sim.
3235 4879 3360 4934 Hoc
3376 4884 3478 4944 est,
3498 4877 3652 4932 Non-

2042 4971 2178 5027 nulli
2194 4985 2262 5028 ex
2279 4970 2552 5027 charitate
2580 4986 2711 5026 cum
2736 4984 2863 5041 erga
2884 4968 3212 5036 Dominum,
3234 4975 3356 5023 tum
3382 4979 3511 5039 erga
3531 4979 3644 5035 me,

335 5075 448 5126 σιν,
511 5053 706 5121 εἰδότες
763 5051 845 5111 ὅτι
903 5052 1089 5131 λόγους
1140 5050 1322 5128 μέλλω
1371 5055 1593 5124 ποιῆσαι
1644 5050 1775 5130 ὑπὲρ
1842 5056 1933 5110 τοῦ

2052 5060 2400 5133 Evangelium
2447 5058 2760 5131 pradicant,
2792 5065 3138 5128 compertum
3182 5055 3451 5113 habentes
3491 5053 3650 5126 quod

334 5141 704 5223 κηρύγματος,
729 5142 821 5202 καὶ
848 5141 1119 5223 διὸιὲτοῦτο
1143 5138 1476 5222 συναίρονταί
1508 5163 1597 5217 μοι
1626 5145 1719 5199 τοῦ
1753 5139 1927 5221 ἔργου.

335 5220 496 5291 Ἐιὶιν⁷
520 5230 622 5312 γὰρ
670 5231 861 5292 πολλοὶ
914 5220 1045 5292 ὦσιν
1090 5233 1138 5290 οἱ
1184 5233 1262 5311 τῷ
1292 5220 1597 5311 κηρύγματί
1628 5254 1731 5305 μου
1770 5220 1934 5312 προσ-

337 5319 528 5396 ιόντες,
577 5310 790 5390 εὔκολός
819 5343 912 5399 μοι
940 5323 975 5393 ἡ
1026 5310 1286 5400 ἀπολογία
1336 5318 1507 5382 ἔσται.
1539 5320 1638 5388 Εἷς
1664 5327 1815 5381 τοῦτο
1842 5310 1932 5380 οὖν

333 5410 524 5471 ἐκεῖνοι
548 5415 892 5491 συνεργοῦσι,
926 5414 1284 5489 κατηχοῦντες
1303 5408 1548 5478 πολλούς.

2042 5150 2311 5206 rationem
2332 5148 2618 5221 praedicati
2648 5147 2798 5204 verbi
2819 5144 3137 5202 redditurus
3164 5144 3290 5211 sim,
3317 5159 3381 5200 ac
3405 5151 3651 5216 propter-

2042 5254 2107 5296 ea
2148 5238 2290 5295 mihi
2336 5237 2669 5294 auxiliantur
2714 5237 2770 5292 in
2804 5236 2910 5292 hoc
2952 5248 3137 5306 opere.
3180 5234 3235 5289 Si
3289 5233 3440 5289 enim
3490 5233 3647 5289 multi

2041 5326 2250 5385 fuerint
2277 5326 2599 5385 accedentes
2640 5323 3019 5398 praedicationi
3064 5338 3226 5390 meat,
3273 5321 3451 5380 facilis
3504 5322 3641 5378 mihi

2042 5415 2290 5474 defensio
2329 5417 2449 5473 erit.
2493 5418 2559 5472 In
2600 5415 2708 5473 hoc
2735 5415 2902 5489 igitur
2929 5413 3026 5487 ipsi
3071 5419 3465 5486 cooperantur,
3494 5410 3643 5469 haud

2040 5521 2245 5579 paucos
2289 5505 2659 5563 instituentes.

1733 5649 1922 5710 Variae
1964 5650 2271 5712 lectiones.

406 5777 453 5813 ³³
476 5777 834 5849 περὶσσοτέρως
857 5791 910 5833 0.
987 5775 1032 5811 ⁸⁴
1054 5774 1152 5848 γὰρ
1188 5775 1403 5848 παρεθάῤ
1449 5790 1504 5833 0.
1581 5776 1625 5811 ³⁵
1652 5775 1733 5830 ὕπ’
1760 5791 1814 5832 0.
1895 5774 1940 5811 ³⁸
1999 5774 2148 5847 ὀρθῆς
2175 5791 2227 5832 o.
2305 5775 2349 5809 ³⁷
2372 5775 2660 5846 προσφέρειν
2687 5790 2742 5830 o.
2820 5773 2864 5808 ³⁸
2891 5773 3117 5845 πόλεμον
3142 5788 3177 5829 0
