4124 6420
517 464 646 518 1151

512 678 712 731 sionem
722 675 834 730 sive
845 688 949 744 per
965 674 1275 742 veritatem,
1294 672 1540 729 Christus
1563 672 1950 726 annuntiatur.
1970 668 2116 741 Quid

513 764 678 832 enim,
701 761 904 833 inquit,
930 777 1071 836 opus
1093 771 1179 819 est
1204 762 1379 819 multa
1399 760 1621 819 dicere?
1645 759 1786 832 Quid
1813 758 1948 815 mihi
1969 775 2116 817 cura:

511 862 615 923 est,
645 852 797 909 sicne
823 852 907 908 vel
947 852 1135 921 aliter;
1187 852 1302 909 sive
1342 866 1440 924 per
1468 850 1845 919 occasionem,
1875 848 1984 905 hoc
2009 857 2113 917 est,

513 947 570 1004 in
591 946 946 1003 contentione
972 959 1037 1000 ac
1077 940 1433 998 simulatione
1480 958 1494 995 :
1526 939 1639 996 sive
1680 955 1776 1011 per
1811 939 2113 1005 veritatem,

513 1036 623 1093 hoc
650 1045 753 1104 est,
782 1035 837 1091 in
866 1031 1196 1090 rectitudine
1227 1039 1281 1087 et
1302 1030 1617 1087 sinceritate
1637 1029 1840 1085 mentis
1867 1029 2117 1087 Christus

517 1124 887 1198 pmdicatur?
930 1123 1075 1179 Hinc
1120 1119 1370 1177 nonnulli
1407 1118 1587 1176 stolidi
1634 1126 1919 1192 putarunt,
1970 1119 2118 1191 quod

515 1215 715 1272 Paulus
743 1214 962 1272 aditum
986 1209 1206 1267 dederit
1233 1209 1553 1266 haeresibus.
1591 1208 1759 1266 Modo
1803 1208 2115 1277 Christum,

513 1304 787 1377 inquiunt,
829 1301 1093 1375 praedicet
1146 1300 1290 1372 quis,
1324 1297 1461 1354 nihil
1503 1297 1689 1355 refert.
1750 1300 1828 1354 At
1867 1306 2115 1355 contem-

518 1395 667 1466 plare
701 1410 716 1448 :
755 1391 937 1465 primo
966 1387 1191 1462 quidem
1224 1403 1338 1445 non
1374 1386 1531 1459 dixit,
1575 1387 1907 1456 Annuntiet,
1943 1395 2005 1445 ut
2037 1387 2117 1445 le-

516 1499 644 1556 gem
673 1482 881 1539 sancire
899 1480 1166 1547 videatur,
1193 1479 1309 1547 sed,
1338 1480 1740 1543 Annuntiatur,
1768 1494 1888 1535 rem
1909 1487 2116 1551 gestam

519 1586 783 1629 enarrans
828 1571 1194 1641 recitansque.
1247 1568 1458 1625 Deinde
1519 1569 1739 1625 etiamsi
1782 1585 1885 1626 ceu
1939 1571 2116 1642 legem

517 1662 766 1719 sanciens
811 1677 877 1718 ac
915 1660 1236 1734 praecipiens
1281 1659 1530 1729 dixisset,
1571 1675 1749 1731 neque
1804 1660 1884 1716 sic
1928 1667 2117 1716 tamen

519 1752 730 1809 aditum
752 1751 1055 1808 baeresibus
1077 1749 1338 1806 dedisset.
1371 1749 1668 1819 Quomodo
1686 1750 1715 1804 Τ
1740 1749 2016 1819 Quoniam
2036 1749 2116 1805 illi

1505 452 2019 511 THEOPHYLACTI
2057 449 2420 507 BULGARUE
2459 450 2775 508 ARCHIEP.

582 586 759 642 Vnus.
795 587 875 641 l8.
916 584 1061 651 Quid
1080 584 1258 639 enim?
1283 583 1446 639 Omni
1473 581 1660 645 modo,
1702 583 1812 636 sive
1838 596 1938 652 per
1969 595 2113 635 occa-
2140 582 2195 646 Α

3688 456 3828 507 1152

2314 598 2345 636 (ι
2374 576 2446 638 Τί
2476 576 2616 655 γάρ;
2652 574 2791 649 πλὴν
2824 573 2952 655 [ὅτι]
2981 574 3142 635 παντὶ
3168 573 3372 657 τρόπῳ,
3392 574 3496 636 εἴτε
3526 576 3824 659 προφάσει,

2231 667 2335 726 εἴτε
2357 666 2600 746 ἀληθείᾳ,
2637 665 2862 746 Χριστὸς
2889 666 3327 746 καταγγέλλεται.
3357 688 3386 725 )
3418 666 3491 728 Τί
3507 666 3632 749 γὰρ,
3660 667 3829 750 φησὶ,

2228 759 2306 816 δεῖ
2336 757 2512 817 πολλὰ
2536 754 2741 834 λέγειν;
2777 751 2812 826 ἢ
2846 754 2897 815 τί
2920 779 3038 832 μοι,
3073 755 3224 835 φησὶ,
3260 755 3522 832 μέλει,ἄν
3549 781 3608 816 τε
3635 756 3826 827 οὕτως,

2229 847 2292 905 ἄν
2345 869 2403 905 τε
2472 844 2561 905 οὔ·
2618 843 2722 905 εἴτε
2798 843 3090 926 προφάσει,
3150 845 3421 905 τουτέστιν
3487 845 3681 927 ἐριθείᾳ
3732 847 3829 906 καὶ

2227 935 2498 1016 ὑποκρίσει
2514 955 2529 970 ⁹
2574 933 2679 993 εἴτε
2704 933 2928 1015 ἀληθείᾳ
2950 977 2967 1006 ,
2993 932 3264 994 τουτέστιν
3308 933 3554 1007 εὖθύτητι
3572 935 3826 1013 γνώμης,

2227 1025 2455 1107 Χριστὸς
2518 1022 2969 1103 καταγγέλλεται,
3014 1022 3116 1083 Ἐκ
3160 1020 3360 1083 τούτων
3422 1023 3556 1091 τινὲς
3614 1024 3832 1097 ἀνόητοι

2228 1113 2525 1187 ὑπέλαϐον,
2584 1111 2666 1173 ὅτι
2694 1117 2723 1172 δ
2776 1113 2988 1181 Παῦλος
3037 1112 3267 1192 πάροδον
3307 1112 3504 1174 δέδωκε
3540 1121 3654 1181 ταῖς
3683 1114 3833 1195 αἱρέ-

2226 1227 2360 1264 σεσι.
2396 1202 2571 1264 Μόνον
2600 1201 2734 1284 γὰρ’,
2790 1202 2953 1284 φησὶ,
2990 1202 3079 1262 τὸν
3128 1200 3360 1281 Χριστὸν
3408 1202 3830 1284 καταγγελλέτω

2225 1318 2333 1370 τις,
2387 1290 2479 1351 καὶ
2508 1292 2656 1352 οὐδὲν
2714 1291 2975 1372 διαφέρει.
3009 1290 3171 1352 Ἀλλὰ
3207 1291 3429 1368 σκόπει,
3462 1296 3674 1372 πρῶτον
3729 1292 3831 1366 μὲν

2226 1386 2322 1443 οὐκ
2347 1372 2462 1442 εἷπε
2486 1427 2502 1455 ,
2559 1382 3022 1461 Καταγγελλέσθω
3048 1431 3061 1454 ,
3092 1378 3182 1439 ἵνα
3212 1380 3304 1440 καὶ
3345 1387 3641 1460 νομοθετεῖν
3670 1381 3797 1461 δόξῃ
3819 1406 3831 1418 ·

2228 1472 2400 1547 ἀλλὰ,
2433 1494 2462 1530 (ι
2496 1470 2970 1552 Καταγγέλλεται,
3006 1493 3035 1530 ν
3069 1470 3130 1530 τὸ
3162 1470 3430 1549 γινόμενον
3457 1470 3828 1548 ἐξηγούμενος.

2225 1557 2499 1635 Ἔπειτα,
2533 1562 2579 1619 εἰ
2633 1561 2726 1619 καὶ
2770 1563 2842 1628 ὡς
2899 1563 3195 1637 νομοθετῶν
3227 1560 3466 1641 εἰρήκει,
3513 1560 3632 1620 οὐδὲ
3688 1560 3830 1620 οὕτω

2225 1651 2457 1733 πάροδον
2496 1658 2611 1718 ταῖς
2639 1648 2873 1731 αἱρέσεσι
2904 1649 3122 1709 δέδωκε.
3161 1652 3327 1726 Πῶς;
3360 1648 3494 1712 Ὅτι
3517 1641 3660 1710 οὗτοι
3702 1651 3829 1731 περὶ

2225 1731 2614 1822 ὧν-φησινίοῦ
2644 1741 2768 1800 νόθα
2817 1739 3062 1819 δόγματα
3112 1741 3351 1819 εἰσῆγον,
3394 1741 3513 1798 ἀλλ’
3565 1738 3695 1820 ὀρθὰ
3726 1738 3827 1818 μὲν

518 1841 588 1899 de
618 1840 817 1914 quibus
852 1840 1117 1913 loquitur,
1158 1855 1272 1897 non
1308 1855 1474 1911 prava
1502 1838 1764 1912 dogmata
1795 1838 2118 1896 introduxe-

2235 1828 2545 1911 ἐκήρυττον,
2598 1831 2693 1888 οὐκ
2732 1830 2897 1908 ὀρθῶς
2948 1828 3035 1905 δὲ,
3082 1827 3201 1887 οὐδὲ
3254 1829 3395 1887 εὖθεῖ
3431 1832 3643 1908 σκοπῷ·
3673 1831 3721 1888 οἱ
3766 1827 3825 1887 δὲ

518 1939 669 2001 runt,
691 1930 788 1988 sed
833 1945 962 1987 vera
1006 1928 1230 2002 quidem
1259 1928 1652 2001 praedicabant,
1698 1944 1811 1985 non
1854 1936 2000 1985 recte
2033 1938 2116 1985 ta-

519 2033 669 2087 men,
692 2032 873 2091 neque
898 2032 1029 2074 vero
1055 2032 1258 2089 scopo:
1283 2016 1528 2073 haeretici
1546 2022 1733 2072 autem
1760 2015 1830 2073 de
1850 2015 2124 2073 industria

517 2116 665 2163 recta
708 2121 825 2164 non
871 2104 1195 2179 praedicant,
1239 2113 1508 2163 caterum
1562 2118 1819 2176 perversa
1864 2111 1921 2160 et
1962 2103 2121 2161 adul-

519 2197 724 2265 terina,
760 2204 962 2269 praeter
1002 2193 1109 2252 hoc
1145 2195 1293 2268 quod
1319 2208 1609 2268 perversus
1637 2194 1808 2251 etiam
1850 2194 1954 2253 illis
1991 2210 2122 2254 sco-

522 2303 626 2359 pus
644 2286 734 2344 sit.

592 2378 660 2433 Et
696 2380 753 2433 in
799 2377 896 2432 hoc
933 2375 1162 2446 gaudeo,
1199 2375 1299 2431 sed
1337 2380 1390 2432 et
1428 2375 1692 2446 gaudebo.
1743 2375 1829 2432 Illi
1869 2375 2120 2449 quidem,

521 2465 718 2538 inquit,
763 2472 825 2522 ut
868 2478 958 2520 me
996 2463 1216 2521 tristitia
1259 2463 1525 2534 afﬁciant,
1570 2463 1691 2522 haec
1719 2463 1926 2522 faciunt
1960 2482 1973 2519 :
2021 2481 2123 2540 ego

522 2562 707 2611 autem
736 2554 917 2622 laetor,
939 2553 1090 2627 quod
1115 2553 1361 2611 Christus
1392 2554 1550 2611 latius
1586 2554 1929 2627 praedicetur.
1987 2557 2053 2611 Et
2079 2556 2123 2612 si

524 2659 688 2717 porro
715 2643 821 2699 hoc
845 2642 1073 2712 faciunt,
1105 2658 1171 2701 eo
1208 2642 1581 2701 abundantius
1617 2659 1722 2718 ego
1750 2643 2000 2701 laetabor.
2028 2644 2121 2700 Vi-

522 2734 618 2790 des
646 2741 792 2789 artes
818 2732 1050 2802 diaboli,
1075 2732 1359 2805 quomodo
1387 2733 1544 2789 illum
1580 2734 1764 2805 ipsum
1788 2732 2123 2805 infringant?

594 2825 777 2879 Vsus.
813 2827 899 2878 19.
940 2824 1057 2880 Scio
1084 2824 1225 2878 mzim
1252 2823 1399 2893 quod
1444 2824 1538 2879 hoc
1572 2824 1713 2879 mihi
1730 2826 2010 2894 proveniet
2050 2824 2125 2879 ad

523 2913 768 2968 salutem.
808 2913 940 2967 Hoc.
979 2911 1189 2982 Quale?
1224 2911 1386 2982 Quod
1432 2912 1583 2968 verbi
1638 2911 1950 2983 praedicatio
1987 2916 2123 2981 che-

522 3010 668 3071 seat,
698 3016 796 3074 per
833 3000 1022 3059 odium
1071 3015 1184 3073 quo
1222 3015 1350 3073 erga
1396 3015 1488 3058 me
1528 3000 1850 3058 afﬁciuntur
1899 3009 1953 3057 et
1985 3002 2120 3058 invi—

527 3091 694 3149 diam.

593 3184 702 3236 Per
735 3186 978 3236 vestram
1009 3182 1318 3236 orationem
1347 3184 1397 3236 et
1422 3181 1981 3237 subministrationem
2006 3182 2126 3252 Spi-
2162 3212 2206 3275 ρ

2231 1918 2484 2000 αἱρετικοὶ
2525 1916 2939 2000 προηγουμένως
2971 1919 3067 1977 οὐκ
3108 1917 3239 1999 ὀρθὰ
3267 1916 3652 1998 κηρύττουσιν,
3686 1917 3830 1977 ἀλλὰ

2225 2009 2621 2090 διεστραμμένα
2658 2009 2750 2067 καὶ
2805 2006 2966 2088 νόθα,
3008 2007 3145 2087 μετὰ
3193 2014 3288 2068 τοῦ
3341 2006 3435 2067 καὶ
3482 2006 3572 2067 τὸν
3628 2007 3831 2068 σκοπὸν

2226 2098 2365 2181 ἔχειν
2387 2096 2828 2181 διεστραμμένον.

2314 2396 2344 2429 α
2379 2370 2489 2433 Καὶ
2535 2374 2589 2431 ἐν
2636 2372 2807 2453 τούτῳ
2851 2370 3062 2453 χαίρω,
3111 2368 3251 2432 ἀλλὰ
3289 2369 3379 2429 καὶ
3417 2368 3756 2452 χαρήσομαι.
3792 2393 3823 2431 ι)

2228 2463 2460 2525 Ἐκεῖνοι
2490 2459 2586 2540 μὲν
2621 2460 2706 2521 διὰ
2753 2462 2813 2521 τὸ
2842 2460 3084 2534 λυπῆσαί
3113 2483 3180 2538 με
3224 2465 3394 2519 ταῦτα
3426 2466 3663 2520 ποιοῦσιν
3691 2482 3703 2495 ·
3726 2460 3836 2540 ἐγὼ

2229 2552 2284 2611 δὲ
2313 2551 2489 2634 χαίρω
2533 2552 2613 2611 ὅτι
2642 2555 2670 2610 ὃ
2729 2549 2961 2631 Χριστὸς
3002 2549 3163 2610 πλέον
3198 2550 3520 2629 κηρύττεται
3546 2572 3561 2587 ο
3601 2548 3701 2609 κᾶν
3754 2548 3835 2608 ἔτι

2230 2649 2384 2702 τυῦτο
2420 2646 2659 2701 ποιοῦσιν
2685 2639 2770 2717 ³⁰,
2798 2639 2887 2700 ἐπὶ
2918 2638 3079 2698 πλέον
3122 2638 3454 2720 χαρήσομαι.
3493 2637 3688 2721 ⁶Ορᾷς,
3717 2642 3834 2709 πῶς

2232 2735 2287 2790 αἱ
2313 2730 2556 2812 μηχαναὶ
2585 2735 2679 2791 τοῦ
2728 2729 2978 2789 διαϐόλου
3008 2729 3168 2789 αὐτὸν
3206 2731 3401 2787 ἐκεῖνον
3433 2729 3833 2808 καταλύουσινς

2319 2812 2521 2901 αξΟἷδα
2547 2818 2649 2901 γὰρ
2706 2817 2787 2877 ὅτι
2840 2842 2932 2896 μοι
2961 2825 3115 2879 τοῦτο
3166 2816 3503 2890 ἀποϐήσεται
3556 2821 3627 2886 εἰς
3655 2840 3837 2892 σωτη-

2235 2908 2371 2988 ρίαν.
2397 2943 2477 2956 -
2497 2913 2689 2971 Τοῦτο.
2718 2935 2741 2962 ι
2772 2911 2965 2982 Ποῖον,
2994 2908 3076 2969 Τὸ
3103 2907 3350 2978 αὔξεσθαι
3384 2906 3443 2967 τὸ
3472 2907 3723 2990 κήρυγμα
3748 2909 3835 2966 διὰ

2233 3002 2327 3069 τῆς
2354 2999 2484 3080 πρὸς
2513 2999 2607 3076 ἐμὲ
2640 2997 2830 3079 ἔχθρας
2854 2998 2945 3057 καὶ
2980 3002 3072 3057 τοῦ
3091 2998 3271 3071 ζήλου.

2325 3177 2487 3239 «Διὰ
2543 3182 2636 3251 τῆς
2681 3180 2830 3255 ὓμῶν
2876 3177 3135 3255 δεήσεως,
3199 3179 3292 3238 καὶ
3347 3178 3697 3260 ἐπιχορηγίας
3722 3178 3837 3262 ξτοῦ

524 3274 667 3326 ritus
702 3273 829 3326 Iesu
881 3271 1122 3329 Christi.
1156 3269 1492 3326 Modestiam
1532 3279 1590 3327 et
1640 3269 1917 3343 insignem
1961 3271 2127 3327 animi

2237 3270 2550 3349 Πνεύματος
2573 3266 2754 3342 Ἰησοῦ
2788 3271 3097 3349 Χριστοῦ.»
3133 3264 3285 3350 ⁸Ορα
3332 3266 3430 3341 τὴν
3480 3292 3835 3351 ταπεινοφρο-

528 3359 962 3417 moderationem
992 3359 1077 3415 hic
1101 3358 1347 3432 expende
1368 3359 1423 3414 in
1443 3358 1570 3416 divo
1596 3359 1785 3415 Paulo.
1813 3360 1955 3416 Cum
1979 3361 2129 3417 enim

526 3465 593 3504 ex
619 3448 923 3504 innumeris
955 3448 1076 3521 ejus
1105 3448 1366 3520 operibus
1411 3456 1576 3521 atque
1604 3449 1898 3506 virtutibus
1923 3449 2128 3507 debea-

524 3547 615 3594 tur
656 3538 706 3594 ei
754 3539 927 3607 salus,
968 3537 1150 3609 adjicit
1196 3546 1413 3606 tamen,
1456 3540 1511 3595 Si
1550 3538 1746 3595 vestris
1783 3538 2130 3597 orationibus

523 3628 745 3702 adjutus
771 3643 835 3685 ac
861 3628 1098 3685 donatus
1129 3627 1318 3697 fuero,
1360 3627 1919 3703 subministratusque
1960 3629 2131 3687 fuerit

524 3718 656 3774 mihi
687 3734 782 3790 per
809 3733 901 3774 eas
930 3718 1166 3789 amplior
1189 3717 1448 3791 Spiritus,
1481 3717 1613 3775 hinc
1640 3718 1779 3775 mihi
1817 3720 1966 3776 salus
2002 3721 2129 3776 erit.

525 3807 1108 3865 Subministrationem
1145 3816 1336 3864 autem
1374 3806 1650 3881 majorem
1677 3808 1871 3880 gratiae
1900 3808 2134 3881 Spiritus

528 3896 1040 3969 augmentationem
1067 3894 1227 3952 dicit.

597 3998 765 4044 Vsus.
787 3987 879 4049 20,
900 3986 1213 4042 Secundum
1227 3987 1677 4055 exspectationem
1696 3990 1745 4041 et
1769 4002 1916 4056 spem
1938 4003 2130 4043 meam.

537 4072 954 4146 ’Amxapaboxlav
1011 4074 1229 4129 ﬁrmam
1276 4082 1331 4129 et
1371 4073 1709 4131 immobilem
1755 4090 1909 4147 spem
1952 4086 2132 4145 vocat,

528 4163 601 4219 ab
642 4178 708 4218 eo
752 4162 901 4234 quod
945 4171 1109 4234 caput
1145 4170 1326 4219 totum
1374 4161 1628 4220 videatur
1672 4163 1929 4221 inclinare
1971 4165 2041 4223 ad
2080 4166 2135 4223 id

531 4249 685 4324 quod
712 4250 943 4306 firmiter
968 4258 1238 4322 speratur.
1269 4251 1365 4306 Ait
1386 4266 1538 4324 ergo,
1568 4253 1827 4310 Firmiter
1854 4269 2015 4326 spero
2045 4271 2136 4312 me

536 4347 923 4396 conservatum
942 4338 1026 4395 iri.
1045 4339 1290 4397 Salutem
1306 4348 1494 4397 autem
1513 4340 1682 4415 433
1705 4342 2086 4401 liberationem
2102 4361 2134 4403 a

532 4428 769 4486 Neronis
790 4426 1119 4484 crudelitate
1147 4428 1442 4502 intelliges.
1462 4432 1546 4488 Ut
1561 4431 1709 4487 enim
1729 4433 1970 4504 primum
1994 4434 2136 4505 peri-

530 4518 718 4575 culum
746 4517 916 4586 evasi,
949 4517 1047 4588 ait,
1076 4517 1153 4575 sic
1175 4518 1341 4575 etiam
1367 4533 1606 4591 praesens
1630 4519 1921 4594 effugiam.
1951 4524 2132 4580 Docet

532 4616 720 4665 autem
747 4606 835 4664 hic
859 4622 931 4665 ne
948 4616 1130 4665 totum
1157 4608 1443 4682 negotium
1469 4618 1721 4666 nostrum
1745 4611 1985 4669 aliorum
2005 4627 2131 4670 ora-

532 4696 776 4755 tionibus
803 4696 1218 4755 committamus
1241 4738 1258 4766 ,
1283 4706 1551 4756 caeterum
1596 4700 1852 4772 nosipsos
1884 4709 2139 4775 oportere

535 4787 706 4843 etiam
730 4785 937 4858 aliquid
955 4784 1182 4857 afferre,
1208 4786 1441 4858 perinde
1465 4804 1530 4845 ac
1556 4788 1669 4861 ipse
1683 4804 1860 4862 spem,
1889 4791 2140 4848 omnium

534 4877 810 4933 bonorum
852 4890 1096 4945 causam,
1144 4874 1326 4933 affert.
1382 4880 1527 4935 Nam
1578 4885 1637 4934 et
1679 4880 1955 4953 Propheta
1991 4881 2068 4937 ait
2122 4902 2135 4939 :

535 4969 658 5022 Fiat
680 4965 1053 5022 misericordia
1090 4970 1205 5030 tua,
1248 4967 1696 5037 quemadmodum
1741 4972 2074 5040 speravimus
2095 4983 2133 5026 ι’.

534 5057 603 5111 Et
628 5055 731 5112 alio
754 5055 809 5111 in
834 5055 957 5112 loco
986 5073 1000 5111 :
1035 5057 1164 5123 Quis
1192 5058 1430 5127 speravit
1458 5060 1518 5112 in
1554 5060 1860 5124 Dominum,
1896 5064 1950 5116 et
1962 5061 2133 5131 pude-

537 5146 714 5213 factus
759 5147 914 5201 ests?
959 5145 1145 5217 Atque
1190 5143 1306 5218 ipse
1369 5146 1592 5217 Paulus,
1644 5148 1776 5220 Spes
1840 5163 1949 5205 non
2017 5165 2136 5206 con-

537 5235 776 5302 fundat.

609 5325 768 5393 Quod
789 5326 848 5380 in
876 5326 1025 5382 nullo
1052 5326 1392 5393 confundar.
1416 5327 1539 5383 Hoc
1565 5334 1668 5397 est,
1701 5342 1879 5402 neque
1904 5329 1963 5387 in
1983 5330 2092 5387 vita
2118 5348 2133 5387 :

539 5413 778 5484 praedico
814 5414 962 5471 enim
997 5413 1353 5488 Evangelium
1385 5435 1402 5472 :
1440 5431 1618 5490 neque
1663 5417 1721 5473 in
1768 5427 1949 5476 morte
1985 5441 1996 5477 :
2026 5435 2139 5477 non

609 5561 794 5619 rPsal.
827 5576 1006 5632 χχχι,
1033 5567 1122 5618 22.
1200 5572 1221 5600 ³
1249 5563 1425 5621 Eccle.
1456 5579 1530 5634 ιι,
1560 5571 1647 5621 lt.
1728 5569 1918 5624 tRom.
1950 5584 2010 5639 v,
2040 5573 2095 5624 5.

2234 3358 2396 3432 σύνην
2452 3362 2547 3419 τοῦ
2601 3356 2872 3439 μακαρίου
2893 3358 2970 3433 4ο,
3032 3356 3137 3417 ἀπὸ
3169 3358 3371 3439 μυρίων
3412 3359 3842 3441 κατορθωμάτων

2235 3449 2374 3529 ἔχων
2414 3448 2760 3531 ὀφειλομένην
2816 3447 2914 3520 τὴν
2982 3448 3279 3529 σωτηρίαν,
3335 3446 3480 3527 ὅμως
3518 3447 3708 3530 φησὶν,
3754 3451 3837 3509 ὅτι

2236 3537 2369 3600 Ἐὰν
2392 3542 2496 3597 τῶν
2550 3539 2818 3619 ὓμετέρων
2850 3539 3025 3617 εὐχῶν
3056 3537 3299 3616 ἀξιωθῶ,
3330 3537 3425 3597 καὶ
3469 3539 3837 3619 ἐπιχορηγηθῇ

2237 3652 2327 3706 μοι
2363 3630 2433 3688 δι’
2465 3629 2639 3688 αὐτῶν
2669 3628 2850 3687 πλεῖον
2891 3627 2952 3686 τὸ
3003 3630 3265 3705 Πνεῦμα,
3296 3629 3533 3687 ἐντεῦθεν
3565 3628 3713 3689 ἔσται
3744 3651 3839 3703 μοι

2237 3724 2269 3791 ἡ
2300 3717 2624 3798 σωτηρία⁴¹.
2656 3715 3047 3798 Ἐπιχορηγίαν
3087 3715 3144 3776 δὲ
3193 3715 3337 3795 λέγει
3372 3715 3469 3789 τὴν
3498 3716 3668 3777 πλείω
3712 3718 3837 3777 ἐπί-

2238 3810 2380 3868 δοσιν
2401 3811 2496 3881 τῆς
2521 3808 2742 3888 χάριτος
2769 3811 2861 3866 τοῦ
2896 3806 3230 3883 Πνεύματος.

2329 4005 2352 4030 α
2389 3976 2548 4038 Κατὰ
2567 3975 2663 4049 τὴν
2697 3977 3129 4058 ἀποκαραδοκίαν
3161 3977 3253 4037 καὶ
3305 3977 3496 4036 ἐλπίδα
3534 3999 3655 4055 μου.
3683 3978 3844 4038 Ἀπο-

2241 4065 2600 4147 καραδοκίαν,
2630 4087 2661 4124 ι)
2698 4065 2795 4138 τὴν
2871 4066 3096 4147 βεϐαίαν
3132 4066 3324 4126 ἐλπίδα
3373 4066 3465 4126 καὶ
3518 4068 3844 4145 ἀμετάθετόν

2243 4178 2373 4237 φησι
2394 4199 2413 4230 ,
2454 4154 2605 4235 παρὰ
2647 4155 2710 4214 τὸ
2740 4155 2837 4228 τὴν
2864 4155 3035 4238 κοίραν
3065 4157 3196 4229 ὅλην
3237 4158 3407 4217 δοκεῖν
3463 4156 3554 4216 καὶ
3585 4156 3843 4217 ἐπινεύειν

2243 4246 2374 4325 πρὸς
2400 4244 2462 4304 τὸ
2491 4243 2720 4325 βεϐαίως
2749 4246 3111 4323 ἐλπιζόμενον.
3139 4247 3293 4327 Φησὶ
3312 4251 3436 4326 γοῦν
3454 4292 3470 4325 ,
3501 4245 3581 4307 ὅτι
3606 4245 3848 4316 Ἐλπίζω

2248 4334 2476 4416 βεϐαίως
2531 4333 2886 4407 σωθήσεσθαι.
2921 4335 3205 4417 Σωτηρίαν
3258 4335 3313 4396 δὲ
3343 4336 3435 4395 καὶ
3464 4336 3561 4409 τὴν
3593 4338 3845 4396 ἀπαλλα-

2245 4425 2346 4504 γὴν
2375 4428 2469 4497 τῆς
2496 4429 2587 4483 τοῦ
2626 4423 2869 4505 Νέρωνος
2911 4424 3189 4500 ὠμότητος
3207 4424 3434 4499 νοήσεις.
3468 4423 3682 4507 Ὥσπερ
3709 4427 3849 4506 γὰρ,

2246 4513 2410 4598 φησὶ,
2442 4513 2532 4574 τὸν
2576 4517 2784 4595 πρῶτον
2816 4512 3136 4595 [κίνδυνον],
3192 4513 3331 4576 οὕτω
3356 4514 3449 4575 καὶ
3476 4514 3566 4575 τὸν
3607 4515 3845 4597 παρόντα

2248 4603 2616 4686 διαφεύξομαι.
2676 4604 2929 4665 Διδάσκει
2975 4603 3031 4664 δὲ
3088 4608 3316 4666 ἐνταῦθα
3370 4605 3447 4684 μὴ
3494 4603 3556 4664 τὸ
3583 4612 3690 4664 πᾶν
3728 4612 3850 4673 ταῖς

2246 4694 2439 4775 ἑτέρων
2490 4696 2670 4775 εὐχαῖς
2726 4693 3064 4775 ἐπιτρέπειν,
3123 4695 3263 4754 ἀλλὰ
3311 4695 3403 4754 καὶ
3458 4693 3648 4762 αὐτοὺς
3702 4698 3848 4772 ἡμᾶς

2247 4773 2641 4865 συνεισφέρειν,
2721 4773 2907 4863 ὥσπερ
2975 4773 3066 4844 οὖν
3119 4783 3211 4843 καὶ
3275 4784 3431 4851 αὐτὸς
3504 4781 3600 4855 τὴν
3655 4782 3848 4843 ἐλπίδα

2246 4872 2460 4932 πάντων
2509 4870 2683 4931 αἰτίαν
2738 4874 2975 4952 ἀγαθῶν.
3028 4871 3136 4933 Καὶ
3164 4877 3193 4932 ὁ
3224 4872 3495 4955 προφήτης
3533 4871 3638 4953 γάρ
3681 4895 3810 4952 φησι
3834 4895 3848 4909 ·

2252 4984 2284 5017 α
2311 4961 2523 5021 Γένοιτο
2579 4961 2638 5022 τὸ
2679 4960 2824 5029 ἔλεός
2876 4984 2970 5022 σου
3026 4960 3268 5042 καθάπερ
3321 4960 3665 5041 ἠλπίσαμεν·
3698 4982 3729 5021 (ι
3755 4960 3846 5021 καὶ

2246 5050 2486 5130 ἑτέρωθι,
2521 5071 2549 5109 ε
2570 5051 2670 5118 Τίς
2693 5050 2919 5124 ἤλπισεν
2948 5050 3039 5110 ἐπὶ
3065 5050 3261 5132 Κύριον
3292 5052 3384 5111 καὶ
3407 5050 3785 5132 κατῃσχύνθης
3812 5071 3844 5110 ι

2245 5140 2337 5200 καὶ
2367 5139 2524 5208 αὐτὸς
2553 5142 2581 5199 ὃ
2606 5140 2847 5217 Παῦλος,
2884 5162 2916 5200 α
2939 5138 3015 5202 ¢ﬂ
3036 5140 3184 5209 ἐλπὶς
3212 5144 3273 5201 οὖ
3296 5139 3668 5222 καταισχύνει.
3699 5163 3733 5198 n

2330 5346 2357 5380 α
2386 5321 2517 5384 "Ott
2537 5325 2590 5382 ἕν
2622 5323 2790 5383 οὐδενὶ
2837 5322 3283 5405 αἰσχυνθήσομαι.
3312 5351 3338 5378 ιι
3360 5323 3675 5397 Τουτέστιν,
3704 5321 3851 5383 Ούτε

2245 5415 2297 5472 ἐν
2329 5416 2405 5491 τῷ
2434 5415 2557 5493 ζῇν·
2604 5411 2852 5493 κηρύττω
2898 5414 3034 5493 γάρ’
3066 5410 3188 5474 οὔτε
3213 5414 3266 5473 ἐν
3300 5417 3377 5495 τῷ
3409 5418 3585 5473 θανεῖν
3609 5436 3621 5450 ·
3655 5413 3717 5471 οὗ
3748 5412 3853 5491 γὰρ

1946 5658 2131 5718 Variae
2174 5658 2480 5721 lectiones.

627 5756 672 5790 3°
702 5757 974 5824 ποιήσωσιν
997 5774 1052 5816 0.
1128 5760 1174 5794 ⁴⁰
1194 5764 1284 5814 τοῦ
1310 5763 1554 5833 μακαρίου
1579 5763 1780 5817 Παύλου
1807 5780 1884 5821 m.
1961 5765 1999 5799 ¹⁸¹
2031 5765 2099 5827 εἰς
2141 5767 2389 5837 σωτηρίαν
2419 5782 2468 5823 ο.
2552 5767 2588 5801 ¹’¹
2614 5768 2637 5795 *
2663 5766 2761 5838 γὰρ
2789 5783 2841 5824 ο.
