4124 6412
341 379 478 434 1153

1167 369 1518 427 EXPOSITIO
1560 369 1624 424 IN
1666 366 1875 424 EPIST.
1916 364 2009 422 AD
2050 367 2344 427 PHILIPP.
2381 401 2453 412 —
2491 372 2644 428 CAP.
2690 374 2726 427 Ι.

3511 373 3647 429 1154

334 499 672 583 περιέσονται
708 500 756 559 οἱ
797 496 999 580 ἐχθροί.
1053 495 1172 558 Κᾶν
1204 495 1307 576 γὰρ
1343 494 1620 571 κτείνωσι,
1666 494 1785 554 τότε
1834 516 1925 583 μοι
1955 514 1972 565 j

2063 491 2190 550 inim
2218 496 2556 569 superabunt
2579 496 2779 554 hostes.
2811 495 2930 552 Etsi
2952 495 3101 552 enim
3120 494 3442 565 occiderint,
3471 497 3649 571 major

340 582 544 670 μᾶλλον
571 595 606 662 ἡ
630 591 1047 669 ἀνεπαίσχυντος
1076 586 1197 657 δόξα
1217 611 1231 624 -
1261 585 1404 664 ὅμως
1431 588 1526 646 οὐκ
1556 587 1708 644 ἔσται
1742 582 1857 643 οὐδὲ
1882 582 1934 621 ⁴²

338 686 496 741 τοῦτο
516 681 709 747 αὐτοῖς.

425 884 457 918 α
512 857 651 922 Ἀλλ’
741 860 795 917 ἐν
877 856 1026 939 πάσῃ
1119 856 1396 940 παῤῥησίᾳ
1482 851 1938 936 μεγαλυνθήσεται

338 951 570 1030 Χριστὸς
609 951 662 1009 ἐν
723 951 800 1029 τῷ
860 946 1072 1026 σώματί
1124 972 1257 1025 μου,
1314 945 1417 1006 εἴτε
1481 945 1568 1005 διὰ
1619 948 1787 1017 ζωῆς,
1834 944 1939 1002 εἴτε

340 1040 428 1100 διὰ
457 1040 704 1099 θανάτου.
751 1065 775 1092 ν
822 1038 1058 1100 Ἐκεῖνοι
1105 1038 1235 1115 μὲν,
1285 1036 1448 1118 φησὶ,
1502 1035 1588 1094 διὰ
1640 1038 1733 1093 τοῦ
1768 1035 1940 1093 αὑτῶν

341 1129 496 1189 δόλου
536 1128 786 1211 ᾠήθησαν
819 1131 891 1197 εἷς
945 1126 1210 1194 κινδύνους
1251 1125 1343 1186 καὶ
1373 1122 1596 1185 θάνατόν
1650 1146 1718 1200 με
1762 1121 1942 1199 ἐμϐα-

337 1221 555 1280 λεῖνοοῦ
583 1216 927 1300 προχωρήσει
948 1216 1004 1276 δὲ
1039 1222 1215 1280 αὐτοῖς
1258 1214 1319 1275 τὸ
1347 1216 1698 1291 σπούδασμα,
1734 1235 1765 1272 (ί
1799 1211 1941 1272 Ἀλλ’

338 1311 391 1367 ἐν
425 1309 573 1390 πάσῃ
630 1307 905 1390 παρρησίᾳ
937 1336 989 1383 ,υ
1040 1305 1276 1368 τουτέστι
1335 1306 1580 1388 φανερῶς
1637 1302 1730 1362 καὶ
1784 1303 1944 1360 ἀναν-

340 1399 631 1481 τιῤῥήτως,
679 1389 719 1457 «ν
758 1396 1215 1478 μεγαλυνθήσεται
1243 1394 1475 1478 Χριστὸς
1527 1395 1579 1452 ἐν
1631 1395 1708 1474 τῷ
1733 1389 1946 1469 σώματί

346 1514 450 1566 μου
473 1513 487 1526 ·
528 1517 552 1541 ιι
588 1486 859 1562 τουτέστι,
886 1487 1094 1555 Ζῶντός
1115 1511 1216 1563 μου
1233 1531 1250 1562 ,
1282 1483 1456 1545 καὶτὸ
1489 1486 1649 1559 σῶμα
1678 1488 1831 1542 τοῦτο
1852 1504 1946 1540 πε-

354 1578 700 1661 ριφέροντος
736 1579 796 1637 οὗ
863 1577 965 1658 γὰρ
1022 1580 1410 1653 ἀποθανοῦμαι.
1468 1571 1590 1634 Ἵνα
1640 1570 1695 1631 δὲ
1748 1569 1821 1661 μή
1871 1594 1948 1639 τις

352 1671 476 1748 εἴπῃ
496 1692 509 1706 ·
542 1667 611 1729 Τί
640 1656 728 1727 οῦν
750 1686 765 1742 ;
790 1665 920 1727 Ἐὰν
940 1656 1015 1725 σὺ
1044 1665 1345 1744 ἀποθάνῃς,
1379 1668 1439 1724 οὖ
1461 1660 1947 1742 μεγαλυνθήσεταις

351 1745 578 1838 ἐπάγει,
611 1755 692 1817 ὅτι
716 1756 825 1817 Καὶ
862 1755 953 1815 διὰ
986 1762 1073 1815 τοῦ
1117 1755 1345 1815 θανάτου
1381 1758 1476 1832 μὲν
1513 1757 1605 1811 τοῦ
1630 1754 1756 1828 ἐμοῦ
1782 1773 1947 1829 μεγα-

2063 1754 2344 1813 fortiorem
2389 1754 2523 1812 fecit

351 1845 692 1918 λυνθήσεται,
756 1846 836 1905 ὅτι
900 1868 967 1923 με
1024 1845 1116 1903 καὶ
1166 1849 1260 1903 τοῦ
1327 1842 1553 1903 θανάτου
1613 1838 1952 1920 ἰσχυρότερον

352 1937 600 2010 ἐποίησε·
636 1934 776 2008 πλὴν
818 1933 949 2001 τέως
983 1936 1069 1992 διὰ
1114 1937 1207 2005 τῆς
1236 1937 1375 2006 ζωῆς
1402 1938 1524 2007 νῦν,
1563 1932 1642 1991 ὅτι
1672 1930 1868 2003 ταύτην
1900 1929 1951 1968 ’⁸³

355 2049 447 2102 μοι
508 2025 797 2107 ἐχαρίσατο
849 2022 1153 2100 ἐξελόμενος
1202 2025 1306 2081 τῶν
1365 2022 1639 2081 κινδύνων.
1692 2019 1850 2098 Λέγει
1898 2018 1952 2079 δὲ

354 2114 477 2195 περὶ
526 2120 621 2175 τοῦ
672 2113 927 2186 θανάτου,
981 2114 1082 2193 οὐχ
1137 2115 1208 2180 ὡς
1252 2110 1440 2181 εὐθέως
1500 2108 1950 2187 ἀποθανούμενος,

354 2206 474 2263 ἀλλ’
502 2203 617 2277 ἵνα,
659 2206 704 2263 εἰ
731 2203 823 2262 καὶ
847 2201 1091 2283 γένηται,
1123 2200 1199 2279 μὴ
1223 2204 1537 2283 ταραχθῶσι
1560 2243 1573 2259 .
1606 2198 1806 2281 σφόδρα
1850 2196 1953 2280 γὰρ

355 2295 519 2354 αὐτοῦ
543 2292 893 2375 περιείχοντο.

445 2407 475 2443 (ι
502 2383 664 2462 Ἐμοὶ
689 2385 791 2463 γὰρ
820 2381 881 2442 τὸ
936 2385 1028 2463 ζῇν
1047 2426 1063 2454 ,
1111 2381 1361 2462 Χριστὸς,
1407 2379 1497 2438 καὶ
1548 2378 1609 2439 τὸ
1639 2379 1952 2453 ἀποθανεῖν,

354 2473 555 2555 κέρδος.
585 2495 615 2533 υ
658 2473 947 2550 Τουτέστι,
975 2470 1181 2544 Καινήν
1209 2494 1330 2530 τινα
1360 2468 1499 2541 ζωὴν
1525 2472 1631 2543 ζῶ,
1657 2468 1749 2528 καὶ
1769 2471 1798 2526 ὁ
1818 2471 1955 2548 Χρι-

355 2563 478 2631 στός
509 2562 600 2642 μοί
649 2564 761 2621 ἐστι
814 2561 882 2621 τὰ
908 2562 1115 2634 πάντα,
1161 2561 1254 2620 καὶ
1305 2558 1474 2633 πνοὴ,
1530 2558 1621 2617 καὶ
1663 2556 1805 2629 ζωὴ,
1863 2557 1956 2618 καὶ

356 2656 486 2735 φῶς.
523 2652 606 2712 Τὸ
633 2651 735 2735 γὰρ
775 2656 870 2724 τῆς
905 2655 1040 2723 ζωῆς
1069 2651 1236 2728 ὄνομα
1288 2647 1540 2726 σημαίνει
1596 2647 1690 2725 μὲν
1721 2646 1814 2706 καὶ
1856 2647 1953 2720 τὴν

358 2740 583 2823 φυσικὴν
618 2742 759 2814 ζωήν
805 2742 857 2823 (σι
886 2740 981 2803 Ἐν
1021 2741 1165 2819 αὐτῷ
1194 2737 1317 2820 γὰρ,
1347 2737 1512 2817 φησὶ,
1545 2739 1717 2813 ζῶμεν
1759 2736 1850 2796 καὶ
1874 2760 1954 2797 κι-

357 2833 586 2908 νούμεθα
616 2835 702 2908 »)·
735 2828 986 2907 σημαίνει
1029 2828 1083 2888 δὲ
1117 2828 1210 2888 καὶ
1258 2828 1353 2899 τὴν
1406 2833 1502 2898 τῆς
1558 2825 1852 2907 ἁμαρτίας·
1886 2833 1957 2896 ὡς

356 2921 484 2981 ὅταν
536 2922 692 3001 λέγῃ·
734 2943 764 2979 α
798 2918 1007 2986 Οἵτινες
1053 2916 1387 2997 ἀπεθάνομεν
1538 2915 1813 2997 ἁμαρτίᾳ,
1842 2919 1955 2984 πῶς

358 3010 437 3070 ἔτι
465 3009 691 3090 ζήσομεν
715 3013 768 3071 ἐν
798 3011 929 3090 αὐτῇ
950 3034 966 3083 ;
988 3031 1018 3067 n
1066 3007 1318 3085 σημαίνει
1348 3006 1402 3066 δὲ
1448 3006 1539 3065 καὶ
1570 3004 1667 3078 τὴν
1707 3004 1917 3065 αἰώνιον
1936 3054 1951 3083 ,

2044 583 2182 641 mihi
2212 587 2398 658 potius
2427 586 2558 643 inde
2585 586 2759 660 gloria
2794 593 3026 654 crescet,
3055 600 3179 657 quae
3223 587 3377 643 nullo
3423 602 3515 645 me
3544 604 3649 661 pu-

2044 673 2180 732 dore
2206 691 2385 746 neque
2413 676 2717 748 ignominia
2741 674 2961 732 afﬁciet.
3003 677 3265 732 Attamen
3292 692 3470 750 neque
3497 675 3644 734 istud

2046 764 2266 837 quidem
2295 766 2403 823 illis
2429 766 2671 823 dabitur.

2119 856 2225 912 Sed
2268 858 2327 911 in
2392 858 2539 912 omni
2577 856 2781 926 ﬁducia
2829 855 3268 926 magniﬁcabitur
3325 858 3385 909 in
3431 871 3649 927 corpore

2048 961 2161 1001 meo
2194 946 2458 1010 Christus,
2491 948 2601 1001 sive
2632 961 2734 1016 per
2765 948 2958 1009 vitam,
2988 948 3099 1000 sive
3136 962 3240 1017 per
3266 949 3514 1001 mortem.
3545 945 3650 1012 Illi,

2049 1034 2248 1108 inquit,
2295 1035 2424 1093 dolo
2470 1052 2571 1092 suo
2618 1042 2883 1107 putarunt
2923 1050 3042 1093 sese
3078 1050 3170 1091 me
3206 1035 3267 1090 in
3310 1034 3556 1106 pericula
3599 1042 3654 1089 et

2051 1135 2290 1182 mortem
2314 1125 2667 1198 conjecturos
2699 1143 2713 1180 :
2743 1140 2858 1181 non
2886 1123 3147 1181 succedet
3170 1132 3356 1181 autem
3385 1123 3464 1180 eis
3484 1139 3649 1180 cona-

2052 1222 2166 1284 tus,
2197 1214 2295 1271 sed
2320 1217 2379 1270 in
2407 1217 2553 1270 omni
2575 1216 2795 1286 ﬁducia,
2827 1213 2936 1270 hoc
2979 1221 3085 1281 est,
3117 1214 3296 1285 palam
3333 1222 3391 1270 et
3432 1212 3654 1270 irrefra-

2054 1308 2302 1382 gabiliter
2337 1310 2785 1380 magniﬁcabitur
2831 1310 3075 1367 Christus
3114 1310 3173 1362 in
3211 1323 3431 1380 corpore
3469 1323 3583 1363 meo
3634 1326 3653 1360 :

2056 1396 2163 1455 hoc
2186 1406 2293 1467 est,
2324 1398 2594 1470 tantisper
2637 1396 2777 1455 dum
2812 1397 2960 1467 vivo,
3004 1412 3205 1470 corpus
3226 1396 3335 1453 hoc
3360 1394 3654 1452 circumfe-

2055 1502 2183 1543 rens
2213 1505 2228 1543 :
2254 1503 2369 1545 non
2397 1488 2544 1543 enim
2576 1486 2804 1543 moriar.
2834 1488 2919 1543 Ne
2949 1493 3139 1542 autem
3164 1484 3461 1558 quisquam
3489 1483 3657 1553 dicat,

2056 1575 2200 1646 Quid
2248 1576 2450 1649 igitur?
2478 1576 2525 1632 si
2571 1584 2631 1632 tu
2661 1574 2925 1645 moriare,
2954 1590 3071 1631 non
3107 1572 3424 1647 magniﬁet?
3452 1571 3615 1630 infert
3642 1594 3655 1629 :

2057 1667 2180 1722 Imo
2200 1674 2256 1722 et
2282 1682 2382 1738 per
2400 1673 2642 1722 mortem
2666 1680 2849 1722 meam
2876 1663 3185 1737 magniﬁet,
3213 1663 3341 1736 quia
3360 1671 3544 1720 morte
3568 1678 3658 1718 me

2573 1775 2586 1811 :
2643 1762 3029 1812 verumtamen
3074 1753 3304 1810 interim
3344 1768 3442 1825 per
3488 1752 3661 1809 vitam

2060 1861 2242 1901 meam
2289 1845 2642 1918 gloriﬁcatur,
2668 1844 2935 1917 quoniam
2980 1843 3124 1899 hanc
3170 1840 3308 1898 mihi
3353 1840 3595 1908 donavit,
3629 1857 3661 1898 e

2060 1932 2315 2003 periculis
2368 1948 2584 1989 eruens.
2635 1934 2720 1988 De
2771 1939 2953 1987 morte
3000 1939 3188 1988 autem
3238 1929 3501 2002 loquitur,
3546 1944 3662 1984 non

2061 2021 2230 2078 veluti
2257 2022 2448 2078 statim
2484 2022 2806 2092 moriturus,
2837 2037 3034 2079 verum
3073 2030 3135 2078 ut
3161 2019 3378 2077 etiamsi
3400 2020 3521 2089 ﬁat,
3549 2035 3663 2076 non

2061 2116 2356 2173 turbentur
2390 2133 2402 2170 :
2432 2114 2790 2173 vehementer
2819 2114 2966 2171 enim
3004 2130 3132 2171 eum
3171 2110 3657 2186 amplectebantur.

2136 2394 2308 2448 Vnns.
2350 2396 2436 2447 21.
2484 2391 2622 2448 Mihi
2648 2406 2793 2446 enim
2841 2391 3017 2447 vivere
3045 2390 3291 2447 Christus
3322 2393 3420 2453 est,
3451 2393 3499 2444 et
3526 2389 3669 2444 mori

2065 2482 2296 2536 lucrum.
2333 2482 2457 2537 Hoc
2485 2487 2588 2547 est,
2618 2482 2835 2536 Novam
2868 2478 3169 2552 quamdam
3214 2480 3384 2534 vitam
3414 2477 3554 2547 vivo,
3610 2484 3668 2534 et

2063 2570 2317 2626 Christus
2344 2576 2428 2626 est
2457 2569 2597 2625 mihi
2626 2568 2831 2636 omnia,
2866 2576 2923 2624 et
2946 2568 3189 2639 spiritus,
3234 2575 3291 2623 et
3334 2567 3465 2636 vita,
3497 2574 3553 2622 et
3574 2567 3666 2623 lu-

2065 2668 2211 2716 men.
2236 2659 2376 2715 Vitae
2406 2659 2554 2714 enim
2598 2673 2809 2714 nomen
2852 2657 3156 2713 naturalem
3194 2656 3361 2713 etiam
3392 2656 3561 2712 vitam
3589 2656 3662 2711 si-

2062 2748 2283 2821 gniﬁcat
2320 2766 2334 2803 :
2365 2751 2505 2807 Nam
2550 2750 2609 2803 in
2642 2750 2783 2818 ipso,
2806 2746 3002 2819 inquit,
3027 2751 3081 2802 et
3108 2748 3369 2812 vivimus,
3402 2754 3457 2803 et
3479 2761 3633 2802 move

2064 2855 2193 2893 mur
2212 2851 2264 2895 ιι.
2286 2838 2571 2911 Signiﬁcat
2596 2837 2764 2893 etiam
2783 2836 2954 2892 vitam
2978 2836 3034 2892 in
3057 2836 3314 2908 peccatis,
3341 2844 3402 2892 ut
3422 2850 3552 2893 cum
3574 2834 3661 2891 di-

2065 2928 2159 2997 cit,
2190 2930 2298 2997 Qui
2322 2930 2523 2983 mortui
2550 2943 2734 2982 sumus
2758 2930 3006 2997 peccato,
3034 2926 3299 2996 quomodo
3329 2926 3507 2982 adhuc
3525 2927 3671 2981 vive-

2064 3032 2183 3073 mus
2212 3020 2271 3072 in
2294 3020 2411 3088 ipso
2425 3026 2449 3054 ν
2467 3018 2493 3071 Ἰ
2511 3016 2793 3089 Signiﬁcat
2822 3024 2879 3071 et
2907 3016 3080 3071 vitam
3106 3015 3522 3087 sempiternam,
3551 3018 3667 3077 sive

356 3098 476 3171 ἤτοι
501 3098 599 3172 τὴν
627 3098 769 3159 κατὰ
799 3096 1031 3179 Χριστόν
1054 3121 1068 3135 ο
1107 3101 1210 3173 ὥς,
1250 3120 1280 3152 ι(
1334 3095 1417 3157 Τὸ
1466 3099 1625 3174 ἡμῶν
1662 3094 1957 3170 πολίτευμα

2067 3122 2187 3163 eam
2216 3122 2341 3179 quae
2371 3105 2682 3163 secundum
2724 3104 3013 3162 Christum
3038 3112 3123 3162 est
3161 3123 3174 3160 :
3206 3113 3288 3173 ut,
3322 3106 3668 3165 Conversatio

359 3193 414 3248 ἐν
488 3190 725 3270 οὐρανοῖς
778 3186 1101 3268 ὖπάρχει.»
1151 3186 1419 3246 Ἐνταῦθα
1487 3185 1659 3245 τοίνυν
1734 3185 1792 3243 οὗ
1859 3183 1956 3257 τὴν

359 3276 584 3357 φυσικὴν
631 3276 769 3349 ζωὴν
821 3278 1057 3355 ἀρνεῖται
1109 3277 1138 3333 ὁ
1190 3275 1435 3347 Παῦλος,
1484 3273 1624 3332 ἀλλὰ
1642 3270 1763 3351 ςτὴν
1802 3274 1854 3331 ἐν
1894 3277 1960 3352 τῇ

363 3366 637 3449 ἁμαρτίᾳ,
698 3365 795 3441 τὴν
844 3363 1215 3449 προσέχουσῌαν
1274 3367 1342 3443 τῇ
1397 3365 1631 3439 κοσμικῇ
1675 3360 1857 3441 ἀπάτῃ
1882 3361 1956 3423 Η.

361 3443 732 3537 ΤὸννΧριστὸν
764 3453 819 3514 δὲ
839 3443 1089 3533 ὁμολογεῖ
1118 3443 1252 3512 εἶναι
1287 3452 1386 3529 [ἐν]
1424 3452 1567 3531 αὐτῷ
1600 3449 1962 3530 ζωὴν,ὥσπερ

360 3536 452 3605 οὖν
479 3545 571 3605 καὶ
622 3547 868 3625 ἀλλαχοῦ
892 3566 1051 3625 φησιν
1075 3566 1090 3581 ο
1116 3570 1142 3594 σι
1172 3541 1264 3601 Ἐν
1288 3540 1466 3600 πίστει
1497 3542 1569 3609 ζῶ
1703 3543 1794 3599 τοῦ
1826 3541 1961 3599 Υἱοῦ

359 3640 455 3695 τοῦ
495 3636 660 3699 Θεοῦ.
681 3666 763 3680 —
818 3633 900 3694 Τὸ
931 3632 986 3691 δὲ
1018 3634 1300 3691 ἀποθανεῖν
1326 3679 1337 3701 ,
1395 3629 1595 3709 κέρδος,
1619 3650 1649 3687 ›)
1680 3629 1761 3688 ὅτι
1781 3629 1957 3710 αὐτῷ,

363 3725 494 3806 φησὶ
514 3769 532 3799 ,
566 3723 687 3783 τότε
736 3722 1059 3805 σαφέστερον
1108 3720 1419 3799 συνέσομαι.
1451 3717 1623 3779 ⁶Ώστε
1652 3716 1836 3799 κέρδος
1869 3741 1963 3795 μοι

361 3811 772 3895 προξενήσουσιν
808 3814 857 3872 οἱ
902 3816 994 3885 τῆς
1033 3815 1086 3872 ἐν
1146 3813 1224 3892 τῷ
1286 3810 1472 3892 κόσμῳ
1524 3811 1658 3881 ζωῆς
1716 3809 1961 3868 ἐκϐαλεῖν

364 3902 709 3976 σπεύδοντες,
754 3905 832 3985 τῷ
879 3903 1139 3983 Χριστῷ,
1175 3897 1230 3968 ὅς
1258 3901 1398 3959 ἐστιν
1451 3896 1553 3978 ἐμὴ
1600 3897 1744 3973 ζωὴ,
1784 3922 1962 3978 παρα-

364 3992 667 4071 πέμποντές
692 4017 781 4071 με.

454 4107 475 4137 α
517 4083 585 4142 Ei
628 4080 683 4141 δὲ
727 4083 786 4141 τὸ
834 4084 927 4163 ζῇν
961 4078 1152 4162 σαρκὶ,
1187 4078 1341 4141 τοῦτό
1390 4101 1481 4157 μοι
1528 4076 1730 4160 καρπὸς
1767 4075 1960 4158 ἔργου,

367 4172 462 4231 καὶ
496 4170 549 4231 τί
602 4170 898 4253 αἱρήσομαι
957 4172 1016 4230 οὗ
1067 4169 1327 4252 γνωρίζω.
1378 4194 1403 4221 υ
1452 4165 1572 4230 Ἵνα
1620 4166 1696 4247 μὴ
1748 4168 1966 4248 νομίσῃς

367 4260 674 4321 διαϐάλλειν
706 4262 864 4321 αὐτὸν
906 4259 1004 4332 τὴν
1031 4265 1305 4345 παροῦσαν
1335 4258 1474 4333 ζωὴν
1493 4303 1510 4333 ,
1539 4256 1719 4339 φησίν.
1756 4278 1785 4315 (ι
1817 4259 1884 4319 Εἰ
1910 4255 1965 4316 δὲ

365 4349 428 4410 τὸ
480 4354 575 4431 ζῇν
636 4354 688 4411 ἐν
733 4351 923 4431 σαρκὶ,
983 4350 1137 4411 τοῦτό
1181 4373 1270 4427 μοι
1314 4348 1515 4429 καρπὸς
1566 4348 1719 4427 ἔργου
1745 4371 1758 4385 ’
1818 4371 1967 4407 τουτ-

368 4439 508 4499 έστιν
529 4487 547 4515 ,
598 4431 765 4501 Εἶπον
797 4440 894 4519 μὲν
942 4437 1023 4499 ὅτι
1058 4439 1240 4520 κέρδος
1290 4461 1379 4517 μοι
1409 4438 1471 4497 τὸ
1521 4440 1722 4497 θανεῖνο
1756 4460 1783 4495 ι)
1825 4438 1965 4511 πλὴν

369 4531 553 4603 ἐπειδὴ
628 4531 721 4590 καὶ
782 4530 844 4590 τὸ
918 4532 1015 4610 ζῇν
1085 4532 1138 4587 ἐν
1212 4528 1372 4608 σαρκὶ
1426 4529 1520 4587 οὐκ
1577 4525 1814 4607 ἄκαρπόν
1877 4528 1967 4603 μοί

368 4624 482 4680 ἐστι
562 4620 918 4703 (καρποφορῶ-
979 4619 1105 4701 γὰρ,
1189 4619 1456 4677 δικάσκων
1556 4616 1648 4677 καὶ
1730 4618 1966 4699 φωτίζων

368 4701 669 4790 πάντας),
704 4701 802 4770 οὐκ
866 4701 983 4770 οῖδα
1056 4710 1110 4768 τί
1176 4707 1488 4789 αἱρήσομαι.
1573 4705 1843 4768 Ἐνταῦθα
1913 4707 1968 4768 δὲ

371 4798 689 4882 φράττονται
731 4799 823 4859 καὶ
861 4802 967 4859 τῶν
996 4798 1092 4871 τὴν
1149 4802 1425 4878 παροῦσαν
1459 4794 1599 4869 ζωὴν
1647 4796 1965 4858 διαϐαλλόν-

369 4914 477 4950 των
538 4893 817 4970 αῑρετικῶν
878 4889 949 4949 τὰ
1000 4889 1243 4966 στόματα
1270 4912 1284 4926 ο
1335 4888 1427 4947 καὶ
1482 4885 1587 4967 γὰρ
1654 4888 1713 4945 οὗ
1758 4889 1967 4970 πονηρά

370 4980 547 5055 ἔστιν,
576 4978 709 5060 εἴγε
746 4978 982 5059 καρποὺς
1022 4979 1154 5056 ἡμῖν
1206 4977 1442 5039 δίδωσιν.
1473 4972 1642 5035 Ὥστε
1683 4977 1782 5057 οὐχ
1829 4977 1964 5052 αὕτη

372 5068 517 5129 αἰτία
535 5114 552 5145 ,
582 5070 702 5128 ἀλλ’
721 5073 755 5141 ἡ
805 5067 1110 5151 προαίρεσις
1132 5073 1238 5128 τῶν
1262 5070 1439 5134 κακῶς
1482 5066 1771 5146 χρωμένων
1802 5070 1960 5149 αὐτῇ.

378 5159 486 5220 Καὶ
516 5159 806 5239 μυστήριον
831 5159 887 5219 δέ
930 5184 983 5219 τι
1014 5155 1428 5229 ἀποκαλύπτων,
1479 5156 1739 5217 δείκνυσιν
1776 5159 1960 5219 ἑαυτὸν

373 5248 549 5329 κύριον
580 5248 707 5309 ὄντα
743 5253 835 5308 τοῦ
878 5252 970 5330 ζῇν
1014 5249 1105 5309 καὶ
1134 5253 1226 5310 τοῦ
1272 5251 1576 5309 ἀποθανεῖν.
1610 5249 1680 5308 Εἰ
1709 5247 1811 5329 γὰρ
1844 5253 1966 5329 βου-

373 5338 589 5419 λοίμην,
618 5340 810 5421 φησὶν,
844 5339 1170 5414 αἰτήσασθαι
1212 5339 1300 5400 τὸν
1333 5339 1507 5416 Θεὸν,
1564 5339 1721 5401 δώσει
1775 5344 1953 5424 χάριν·

446 5485 472 5511 ιι
501 5479 626 5534 Act.
655 5491 813 5545 xvn,
844 5481 933 5533 28.
1010 5486 1036 5512 '
1067 5477 1235 5534 Rom.
1264 5492 1351 5547 v1,
1375 5481 1431 5533 2.

2068 3199 2347 3253 nostrain
2389 3196 2531 3253 ccelis
2571 3200 2650 3252 est
2698 3217 2748 3250 κ.
2783 3194 2888 3251 Hic
2939 3194 3104 3268 igitur
3142 3196 3451 3252 naturalem
3497 3198 3669 3255 vitam

2070 3287 2271 3343 Paulus
2314 3301 2429 3342 non
2477 3284 2674 3358 rejicit,
2724 3283 2819 3341 sed
2859 3283 3027 3341 vitam
3066 3299 3190 3357 quae
3224 3294 3449 3356 peccato
3490 3286 3672 3345 dedita

2068 3383 2172 3445 est,
2198 3374 2366 3448 hujus
2395 3372 2591 3430 mundi
2617 3374 2944 3445 imposturae
2966 3372 3365 3431 attendentem.
3389 3374 3672 3433 Christum

2068 3472 2255 3520 autem
2281 3462 2573 3519 conﬁtetur
2598 3462 2704 3519 sibi
2743 3477 2863 3518 esse
2890 3461 3082 3531 vitam,
3116 3462 3593 3534 quemadmodum
3620 3476 3675 3523 et

2070 3552 2181 3608 alio
2207 3553 2264 3608 in
2288 3552 2411 3608 loco
2440 3550 2573 3608 dicit
2605 3569 2618 3605 :
2649 3553 2718 3606 In
2746 3551 2855 3621 ﬁde
2881 3552 2999 3605 vivo
3028 3552 3162 3605 Filii
3186 3555 3288 3608 Dei
3299 3564 3351 3608 γ.
3398 3553 3541 3610 Mori
3571 3571 3673 3611 au-

2072 3650 2188 3698 tem
2214 3642 2430 3697 lucrum
2455 3647 2561 3712 est,
2589 3639 2715 3712 quia
2745 3648 2879 3695 tunc
2903 3639 3146 3711 apertius
3172 3655 3304 3696 cum
3332 3640 3449 3712 ipso
3478 3658 3669 3700 versa-

2072 3732 2195 3788 bor.
2219 3734 2467 3787 Lucrum
2496 3729 2685 3802 itaque
2712 3727 2841 3784 mihi
2857 3728 3202 3800 praebebunt,
3233 3728 3558 3787 festinantes
3578 3748 3672 3789 me

2072 3837 2135 3878 ex
2183 3819 2348 3893 hujus
2374 3818 2571 3876 mundi
2599 3817 2710 3874 vita
2755 3817 2973 3890 ejicere,
3009 3816 3246 3888 Christo,
3293 3818 3389 3891 qui
3433 3828 3517 3878 est
3560 3820 3670 3879 vita

2074 3924 2219 3980 mea,
2246 3924 2337 3965 me
2362 3907 2675 3982 allegantes.

2146 4102 2329 4158 Vens.
2360 4105 2446 4155 22.
2473 4101 2534 4156 Si
2553 4103 2731 4154 autem
2754 4100 2931 4153 vivere
2948 4099 3007 4153 in
3024 4113 3203 4163 carne,
3231 4098 3326 4155 hoc
3344 4098 3516 4173 434
3534 4102 3672 4157 mihi

2072 4193 2285 4260 fructus
2315 4194 2395 4245 est
2417 4191 2612 4261 operis,
2647 4193 2699 4244 et
2730 4188 2867 4259 quid
2904 4189 3122 4259 eligam,
3153 4190 3360 4259 ignoro.
3383 4191 3469 4247 Ne
3498 4190 3678 4248 existi-

2073 4295 2193 4336 mes
2224 4279 2404 4351 ipsum
2445 4286 2772 4351 praesentem
2799 4278 2968 4333 vitam
2990 4276 3416 4349 reprehendere,
3449 4279 3633 4353 inquit
3659 4302 3672 4338 :

1995 4400 2046 4463 D
2078 4372 2136 4427 Si
2169 4372 2351 4425 vivere
2382 4371 2441 4424 in
2481 4383 2661 4432 carne,
2699 4368 2793 4423 hoc
2818 4368 2956 4423 mihi
2981 4369 3200 4436 fructus
3239 4373 3318 4424 est
3343 4372 3541 4440 operis,
3573 4370 3679 4428 hoc

2076 4467 2181 4528 est,
2212 4458 2339 4515 Dixi
2378 4456 2607 4530 quidem
2649 4457 2866 4513 lucrum
2916 4471 3035 4513 esse
3074 4458 3241 4525 mori,
3290 4467 3673 4516 verumtamen

2075 4556 2370 4620 postquam
2401 4546 2581 4602 vivere
2608 4546 2665 4602 in
2695 4561 2860 4602 carne
2890 4561 3006 4601 non
3026 4545 3096 4601 sit
3120 4544 3510 4618 infrugil'erum
3537 4548 3674 4605 mihi

2079 4636 2346 4712 (fructum
2374 4636 2528 4693 enim
2557 4634 2677 4692 fero
2695 4675 2711 4703 ,
2740 4635 2946 4692 docens
2990 4633 3416 4707 illuminansque
3441 4643 3679 4707 omnes),

2075 4744 2189 4785 non
2216 4726 2341 4783 novi
2372 4725 2510 4800 quid
2536 4724 2755 4799 eligam.
2794 4725 2888 4781 Hic
2927 4731 3114 4779 autem
3144 4723 3506 4783 obstruuntur
3535 4742 3677 4798 prae-

2074 4826 2290 4875 sentem
2312 4816 2481 4871 vitam
2496 4813 2951 4871 calumniantium
2972 4812 3363 4870 haereticorum
3385 4831 3482 4872 ora
3507 4834 3522 4873 :
3541 4832 3673 4874 nam

2076 4923 2190 4963 non
2225 4913 2309 4963 est
2345 4920 2532 4977 prava,
2562 4920 2691 4960 cum
2733 4903 2948 4960 fructus
2993 4902 3155 4959 nobis
3196 4903 3499 4976 impertiat.
3532 4906 3680 4977 Quo-

2076 4996 2221 5052 circa
2267 4993 2384 5066 ipsa
2421 5010 2532 5052 non
2589 5001 2673 5049 est
2713 5008 2902 5060 causa,
2950 4991 3046 5048 sed
3093 4992 3342 5050 voluntas
3387 4993 3534 5051 male
3587 4994 3675 5051 illa

2076 5084 2375 5142 utentium.
2448 5085 2642 5152 Porro,
2709 5081 3041 5157 mysterium
3070 5080 3347 5152 quoddam
3396 5083 3675 5155 revelans,

2078 5175 2287 5231 indicat
2328 5190 2387 5230 se
2424 5188 2545 5232 esse
2594 5171 2887 5230 dominum
2917 5170 3041 5228 vitae
3088 5171 3393 5245 mortisque
3434 5190 3607 5232 :nam
3631 5177 3677 5233 si

2078 5264 2263 5330 velim,
2292 5262 2498 5336 inquit,
2528 5261 2634 5319 hoc
2659 5277 2724 5318 ex
2750 5263 2870 5317 Deo
2890 5267 3096 5332 petere,
3126 5258 3277 5317 dabit
3312 5263 3564 5335 gratiam.
3602 5268 3678 5321 Ex

2079 5354 2187 5410 hoc
2233 5368 2366 5425 ergo
2419 5351 2631 5410 debetis
2699 5350 3141 5410 consolationem
3207 5352 3477 5424 accipere,
3533 5354 3686 5427 quod

1507 5487 1532 5512 ι
1561 5479 1731 5535 Rom.
1759 5494 1855 5552 ιιι,
1885 5485 1978 5539 20.
2049 5491 2077 5526 ι
2106 5479 2293 5537 Galat.
2322 5493 2398 5549 ιι,
2426 5486 2522 5536 29.

1776 5587 1971 5650 Varia:
2020 5589 2325 5649 lectiones.

450 5688 496 5727 ⁸³
523 5691 668 5749 οῦδὲν
697 5709 755 5753 0.
830 5692 875 5729 ⁸³
902 5694 1063 5750 πάντα
1086 5709 1139 5752 ο.
1218 5690 1262 5729 ⁸⁵
1286 5693 1455 5768 ἀγάπῃ
1484 5711 1540 5754 ο.
