4124 6428
476 398 612 450 1155

1490 389 2001 446 THEOPHYLACTI
2035 386 2395 445 BULGARLE
2431 385 2750 442 ARCHIEP.

3641 385 3786 440 1156

472 518 686 576 etiamsi
713 517 939 585 moriar,
967 530 1079 573 non
1107 530 1174 571 ex
1203 513 1410 571 malitia
1434 513 1700 584 hostium,
1735 514 1833 573 sed
1858 531 1926 573 ex
1949 514 2065 573 dis-

2174 513 2311 574 ὥστε
2357 512 2447 573 καὶ
2479 514 2538 572 ἐκ
2581 509 2769 571 τούτου
2807 507 3045 591 ὀφείλετε
3096 508 3563 588 παραμυθεῖσθαι,
3606 507 3693 568 ὅτι
3732 510 3782 567 εἰ

472 609 788 680 pensatione
814 606 915 665 Dei
940 605 1148 664 factum
1176 612 1258 662 est
1295 604 1459 663 istud.

543 791 725 847 Vnus.
740 792 903 858 23,24
918 830 930 843 .
952 787 1204 844 Coarctor
1214 791 1393 843 autem
1408 803 1476 842 em
1489 786 1594 842 duo
1603 785 1722 850 bus,
1736 786 2068 842 desiderium

474 880 697 943 habens,
733 879 975 949 [αἰδεοὼὶ
1018 882 1070 934 et
1107 892 1217 934 esse
1264 893 1384 932 cum
1420 876 1656 940 Christo,
1695 878 1864 932 multo
1891 878 2069 945 magis

470 970 661 1026 melius
686 989 705 1021 .-
726 983 1036 1040 permanere
1076 972 1259 1023 autem
1302 968 1362 1021 in
1402 982 1580 1030 carne,
1610 968 1792 1036 magis
1821 982 2065 1021 necessa-

471 1062 620 1115 rium
655 1064 888 1131 propter
926 1073 1040 1114 vos.
1080 1059 1217 1114 Haec
1264 1056 1402 1113 dicit
1438 1057 1816 1129 prmmuniens
1844 1071 1960 1124 eos,
2005 1064 2067 1111 ut

471 1157 691 1205 strenue
717 1147 1039 1219 fortiterque
1083 1145 1262 1203 ferant
1304 1144 1546 1202 futuram
1591 1154 1830 1202 mortem
1882 1159 2062 1200 suam.

472 1236 622 1308 Quid
650 1237 804 1294 enim
831 1236 1051 1304 doletis,
1081 1234 1277 1307 inquit,
1311 1243 1533 1307 propter
1560 1242 1803 1291 mortem
1831 1249 2016 1290 meam
2036 1233 2065 1287 ?

469 1330 630 1384 Hanc
655 1340 756 1399 ego
795 1324 1073 1395 desidero,
1115 1341 1181 1381 ac
1210 1324 1405 1381 melius
1431 1324 1566 1381 mihi
1594 1323 1703 1381 hoc
1736 1333 1821 1381 est
1851 1343 1863 1379 :
1895 1322 2062 1396 largi-

468 1425 563 1475 tur
579 1417 731 1473 enim
752 1416 889 1473 mihi
918 1424 980 1472 ut
995 1415 1101 1471 sim
1118 1431 1246 1472 cum
1272 1414 1515 1471 Christo.
1546 1418 1737 1486 Itaque
1763 1430 1876 1470 non
1904 1428 2066 1486 opor-

470 1514 551 1564 tet
596 1522 695 1564 vos
740 1505 944 1564 dolere.
994 1507 1390 1563 Verumtamen
1430 1520 1462 1561 e
1502 1513 1695 1561 contra
1749 1518 1971 1559 manere
2009 1502 2067 1558 in

469 1613 655 1667 carne,
685 1596 858 1669 magis
894 1604 978 1653 est
1003 1595 1377 1653 necessarium
1401 1603 1625 1668 propter
1646 1602 1891 1652 vestram
1917 1607 2071 1649 com-

470 1687 819 1745 moditatem.
861 1687 987 1743 Non
1026 1686 1177 1742 enim
1203 1701 1390 1758 quaero
1419 1684 1569 1758 quod
1607 1700 1797 1741 meum
1826 1692 1944 1753 est,
1972 1681 2070 1739 sed

473 1777 622 1850 quod
649 1784 891 1833 vestrum
931 1784 1032 1832 est.
1075 1778 1395 1834 Coarctatus
1437 1775 1604 1848 igitur
1626 1773 1776 1831 hisce
1817 1773 2065 1840 duobus,

474 1871 580 1928 hoc
606 1879 709 1939 est,
739 1871 793 1926 in
817 1869 1065 1943 angustia
1088 1870 1446 1936 constitutus,
1473 1878 1531 1926 et
1554 1869 1777 1942 ignarus
1805 1866 2064 1941 quidnam

471 1959 779 2032 praeferam,
812 1960 1182 2017 necessarium
1222 1968 1409 2017 tamen
1448 1960 1623 2032 magis
1668 1957 1871 2032 iudico,
1909 1956 2067 2013 vobis

470 2065 594 2106 mea
621 2049 725 2106 vita
753 2049 1038 2121 prodesse.
1071 2052 1248 2107 Estne
1275 2049 1481 2122 aliquid
1512 2064 1642 2105 cum
1679 2048 1829 2105 Pauli
1876 2047 2067 2102 animo

467 2139 952 2212 aequiparandum?
975 2138 1086 2209 Qui
1112 2138 1243 2195 huic
1266 2139 1390 2211 ipsi,
1417 2146 1479 2195 ut
1501 2153 1630 2194 cum
1654 2137 1870 2194 Christo
1897 2143 2064 2201 esset,

469 2229 703 2285 aliorum
729 2228 1020 2286 utilitatem
1046 2226 1400 2301 praeferebat;
1428 2236 1484 2285 et
1506 2243 1616 2300 quo
1642 2226 1820 2299 magis
1846 2225 2065 2283 Christo

469 2319 874 2392 approprietur,
902 2318 1387 2375 conversationem
1453 2333 1616 2375 suam
1665 2332 1793 2373 cum
1847 2315 2066 2373 Christo

469 2407 736 2465 differens
749 2407 779 2462 ‘I

539 2500 717 2554 Vnus.
747 2502 836 2553 25.
870 2500 943 2553 Et
969 2497 1064 2552 hoc
1094 2496 1356 2568 conﬁdens
1393 2500 1519 2562 scio,
1566 2497 1712 2568 quod
1747 2497 1988 2561 manebo,
2018 2502 2068 2552 et

467 2589 631 2643 simul
659 2587 988 2659 permanebo
1025 2602 1145 2642 enm
1182 2588 1425 2643 omnibus
1457 2588 1628 2652 vobis,
1661 2588 1737 2644 ad
1756 2589 2066 2658 profectum

468 2683 709 2735 vestrum
736 2682 787 2735 et
803 2677 1071 2748 gaudium
1104 2679 1252 2749 ﬁdei.
1280 2677 1425 2748 Quia
1447 2679 1814 2734 necessarium
1839 2684 1945 2745 est,
1976 2676 2067 2732 in-

467 2770 606 2842 quit,
644 2776 710 2824 ut
754 2767 812 2824 in
856 2783 1021 2824 carne
1061 2782 1341 2838 maneam,
1373 2767 1716 2825 conﬁdenter
1750 2765 2063 2823 indubitan-

468 2866 660 2931 terque
695 2856 825 2914 novi
857 2856 1005 2929 quod
1035 2857 1296 2927 manebo,
1325 2856 1429 2914 hoc
1457 2865 1561 2925 est,
1590 2856 1787 2915 Vivam
1816 2874 1829 2912 :
1862 2864 1917 2913 et
1954 2871 2066 2912 non

465 2946 809 3020 simpliciter,
845 2949 967 3014 sed,
1016 2947 1324 3017 Vobiscum,
1359 2945 1508 3017 quod
1554 2953 1657 3015 est,
1684 2943 1906 3017 \Videbo
1938 2961 2062 3001 vos.

468 3037 640 3109 Cujus
668 3036 746 3093 rei
794 3036 1002 3109 gratia?
1033 3036 1099 3090 Ut
1149 3051 1244 3091 vos
1292 3035 1351 3090 in
1380 3034 1488 3091 ﬁde
1514 3034 1906 3108 promoveatis,
1960 3033 2066 3091 hoc

2096 1835 2145 1898 B

2172 613 2263 672 xui
2294 610 2524 684 θανῶ⁴³,
2565 610 2683 691 οὐχὶ
2704 608 2756 649 ⁴⁶
2786 607 3015 690 πονηρία
3064 609 3166 667 τῶν
3209 608 3414 688 ἐχθρῶν
3459 604 3600 665 ἀλλὰ
3630 608 3780 668 Θεοῦ

2173 701 2451 783 οἰκονομίᾳ
2482 699 2684 780 γίνεται
2716 705 2893 761 τοῦτο.

2263 814 2293 850 (ι
2324 792 2632 870 Συνέχομαι
2681 786 2737 847 δὲ
2781 790 2841 848 ἐκ
2890 790 3003 847 τῶν
3043 787 3173 860 δύο,
3204 785 3300 859 τὴν
3331 785 3614 870 ἐπιθυμίαν
3640 786 3782 867 ἔχων

2173 884 2246 951 εἷς
2317 880 2377 940 τὸ
2436 868 2697 940 ἀναλῦσαι
2771 878 2864 938 xui
2931 876 3027 937 σὺν
3093 879 3311 958 Χριστῷ
3385 868 3549 950 εἶναι,
3597 878 3785 957 πολλῷ

2174 974 2377 1049 μᾶλλον
2428 978 2701 1052 κρεῖσσον
2770 968 2831 1028 τὸ
2894 966 2949 1027 δὲ
3012 965 3279 1044 ἐπιμένειν
3331 965 3383 1025 ὲν
3444 969 3510 1046 τῇ
3590 964 3785 1046 σαρκὶ,

2174 1059 2586 1141 ἀναγκαιότερον
2633 1059 2698 1118 δι’
2756 1061 2917 1136 ὑμᾶς.
2979 1081 3009 1114 n
3052 1061 3245 1118 Ταῦτα
3300 1054 3443 1136 λέγει
3493 1079 3786 1136 προπαρα-

2173 1152 2440 1222 σκευάζων
2497 1149 2683 1218 αὐτοὺς
2738 1149 2969 1226 ἐνεγκεῖν
3014 1145 3268 1226 γενναίως
3332 1144 3428 1218 τὴν
3484 1144 3785 1221 μέλλουσαν

2172 1245 2330 1301 αὐτοῦ
2363 1240 2633 1312 τελευτήν.
2663 1238 2736 1300 Τί
2763 1238 2867 1319 γὰρ
2905 1240 3113 1317 ἀλγεῐτε
3133 1285 3144 1305 ,
3176 1237 3333 1318 φησὶν
3356 1280 3372 1310 ,
3404 1235 3587 1316 ἐπὶξτῷ
3614 1234 3787 1294 θανά-

2171 1357 2248 1413 τῳ
2272 1352 2288 1408 ;
2314 1334 2489 1393 Τοῦτο
2505 1331 2766 1407 ἐπιθυμῶ,
2786 1327 3001 1407 [πάλαι,
3022 1354 3046 1380 α
3068 1327 3158 1384 καὶ
3174 1353 3198 1379 ι»
3216 1326 3404 1404 πάλιν]
3432 1325 3525 1384 καὶ
3545 1324 3787 1413 κρεῖττόν

2175 1444 2265 1498 μοι
2307 1421 2461 1481 τοῦτό
2509 1422 2622 1479 ἐστι
2649 1443 2663 1457 ο
2710 1419 2892 1478 δίδωσι
2933 1415 3036 1497 γάρ
3082 1439 3172 1494 μοι
3216 1414 3311 1477 σὺν
3354 1404 3596 1495 Χριστῷ*
3628 1404 3786 1474 εἶναι.

2172 1508 2349 1571 Ὥστε
2381 1512 2440 1571 οὗ
2476 1512 2556 1570 δεῖ
2586 1512 2722 1583 ὖμᾶς
2747 1511 2947 1587 ἀλγεῖν.
2976 1506 3131 1579 Πλὴν
3151 1506 3312 1566 πάλιν
3344 1504 3404 1564 τὸ
3421 1505 3691 1582 ἐπιμένειν

2177 1601 2367 1682 σαρκὶ,
2425 1600 2835 1680 ἀναγκαιότερον
2868 1596 2954 1655 διὰ
2984 1596 3080 1670 τὴν
3117 1595 3380 1675 ὑμετέραν
3413 1594 3463 1633 ⁴⁷
3492 1594 3751 1675 ὠφέλειαν
3771 1619 3784 1631 ·

2180 1693 2238 1749 οὗ
2265 1690 2365 1770 γὰρ
2384 1692 2526 1762 ζητῶ
2546 1689 2604 1748 τὸ
2625 1692 2880 1767 ἐμαυτοῦ,
2909 1685 3045 1747 ἀλλὰ
3066 1685 3126 1744 τὸ
3149 1687 3319 1762 ὑμῶν.
3347 1682 3709 1764 Συνεχόμενος
3731 1682 3786 1719 ⁴³

2176 1772 2264 1839 οῦν
2296 1783 2355 1839 ἐκ
2380 1783 2483 1838 τῶν
2507 1776 2599 1839 δύο
2626 1778 2826 1838 τούτων
2848 1823 2863 1850 ,
2892 1776 3133 1836 τουτέστι
3155 1774 3665 1855 στενοχωρούμενος,
3687 1772 3782 1832 καὶ

2179 1869 2256 1948 μὴ
2288 1868 2436 1937 εἰδὼς
2464 1872 2612 1928 ποῖον
2644 1868 2986 1950 προτιμήσιιὶ·
3029 1864 3172 1943 ὅμως
3216 1863 3627 1944 ἀναγκαιότερον
3664 1862 3788 1942 κρί-

2175 1945 2248 2019 νω
2291 1961 2351 2021 τὸ
2379 1965 2512 2036 ὑμᾶς
2535 1962 2635 2028 ζῶν
2661 1945 2904 2038 ὧρελεῖν.
2930 1945 3066 2035 ’Ἆρα
3091 1955 3201 2014 ἔστι
3230 1977 3280 2012 τι
3306 1957 3398 2026 τῆς
3422 1958 3511 2012 τοῦ
3550 1953 3776 2013 Παύλου

2175 2052 2350 2129 ψυχῆς
2398 2047 2675 2121 endam;
2726 2046 2778 2113 ὅς
2808 2069 2868 2127 γε
2898 2044 2990 2104 καὶ
3022 2048 3110 2104 τοῦ
3162 2051 3397 2104 συνεῖναι
3429 2044 3654 2121 Χριστῷ
3696 2042 3785 2100 αἱ-

2179 2140 2461 2219 ρετώτερον
2511 2136 2682 2217 ἔκρινε
2733 2135 2825 2196 καὶ
2876 2131 3256 2213 προτιμότερον
3305 2131 3403 2203 τὴν
3468 2135 3573 2190 τῶν
3606 2131 3784 2190 ἄλλων

2176 2225 2472 2308 ὠφέλειαν,
2525 2224 2613 2284 ἵνα
2665 2225 2827 2285 πλέον
2879 2225 3124 2302 οἷκειωθῇ
3178 2225 3253 2302 τῷ
3312 2223 3534 2304 Χριστῷ
3565 2223 3781 2300 ὓπερτι-

2176 2317 2388 2393 θέμενος
2418 2316 2513 2390 τὴν
2537 2314 2672 2394 μετὰ
2698 2317 2934 2395 Χριστοῦ
2962 2311 3230 2391 διαγωγήν
3254 2311 3328 2374 ⁴9.

2263 2527 2289 2554 «ί
2329 2500 2435 2562 Kui
2465 2505 2621 2561 τοῦτο
2653 2497 2916 2568 πεποιθὼς
2950 2488 3064 2559 οἶδα
3083 2545 3100 2573 ,
3134 2495 3215 2556 ὅτι
3248 2497 3391 2574 μενῶ
3422 2494 3513 2554 xui
3557 2516 3780 2573 συμπα-

2179 2594 2393 2671 ραμενῶ
2440 2598 2605 2649 πᾶσιν
2660 2592 2809 2668 ὑμῖν,
2868 2591 2939 2655 εἰς
2994 2587 3090 2660 τὴν
3158 2589 3306 2664 ύμῶν
3358 2582 3634 2666 προκοπὴν
3691 2582 3784 2643 καὶ

2175 2682 2350 2761 χαρὰν
2366 2684 2461 2753 τῆς
2483 2678 2734 2748 πίστεως.
2763 2703 2794 2736 ι»
2835 2677 3096 2752 Ἐπειδὴ,
3127 2674 3287 2757 φησὶν
3308 2722 3323 2751 ,
3358 2672 3647 2754 ἀναγκαῖόν
3669 2675 3783 2733 ἐστι

2175 2770 2236 2851 τὸ
2269 2769 2537 2845 ἐπιμένειν
2721 2769 2909 2849 σαρκὶ,
2967 2766 3291 2834 πεποιθότως
3333 2765 3425 2825 xui
3454 2764 3785 2831 ἀδιστάκτως

2175 2848 2291 2920 οἶδα
2324 2858 2404 2918 ὅτι
2425 2862 2568 2937 μενῶ
2593 2883 2604 2897 ⁸
2634 2848 2886 2920 τουτέστι
2904 2904 2920 2932 ,
2953 2858 3098 2930 ζήσω
3116 2880 3129 2893 ·
3154 2855 3246 2914 καὶ
3272 2857 3370 2936 οὐχ
3387 2854 3592 2924 ἅπλῶς,
3624 2852 3785 2926 ἀλλὰ,

2184 2976 2209 3003 (ι
2247 2952 2363 3027 μεθ’
2394 2952 2544 3027 ὑμῶν
2567 2972 2580 2986 ⁸
2616 2971 2645 3007 »
2680 2948 2710 3007 ὅ
2730 2949 2893 3016 ἐστιν,
2931 2945 3176 3028 Ὄψομαι
3208 2949 3368 3023 ὑμᾶς.
3392 2945 3550 3010 Τίνος
3572 2941 3779 3019 ἕνεκενς

2175 3037 2298 3099 Ἵνα
2341 3043 2490 3117 ὑμεῖς
2544 3040 2849 3119 προκόψητε
2881 3039 2933 3095 ἐν
2966 3041 3033 3117 τῇ
3084 3039 3296 3111 πίστει,
3347 3033 3627 3112 τουτέστι,
3661 3056 3784 3103 στη-

465 3134 571 3195 cst,
600 3125 929 3193 fulciamini,
950 3124 1358 3196 ﬁrmeminique
1382 3140 1513 3181 cum
1540 3124 1596 3180 in
1624 3123 1905 3196 dogmate,
1938 3131 2059 3179 tum

2174 3133 2387 3209 ριχθῆτε
2440 3127 2534 3187 καὶ
2587 3131 2892 3208 παγιωθῆτε
2942 3126 2994 3186 ἔν
3035 3149 3093 3185 τε
3136 3129 3211 3205 τῷ
3273 3123 3530 3203 δόγματι,
3582 3121 3674 3182 xui
3705 3126 3783 3203 τῷ

469 3218 528 3273 in
550 3216 665 3273 vita
698 3234 711 3270 :
743 3214 836 3288 qui
866 3212 1146 3287 profectus
1168 3229 1359 3270 verum
1398 3213 1658 3286 gaudium
1681 3221 1769 3270 est
1796 3222 1850 3269 et
1875 3229 2063 3270 meum

477 3315 527 3362 et
558 3313 825 3362 vestrum.
866 3303 972 3358 Hic
1008 3302 1177 3358 etiam
1218 3302 1474 3359 nonnihil
1523 3318 1622 3359 eos
1662 3301 2061 3375 perterrefacit,

469 3392 699 3469 perinde
727 3392 881 3465 quasi
921 3391 1090 3461 dicat,
1129 3390 1345 3463 Videte,
1392 3408 1489 3466 per
1530 3407 1628 3449 vos
1670 3392 1898 3449 orbatus
1936 3408 2063 3449 sum

469 3484 768 3559 quominus
803 3482 947 3555 apud
987 3482 1269 3539 Christum
1315 3497 1477 3555 agam
1508 3498 1523 3537 :
1554 3480 1734 3538 videte
1776 3483 1964 3555 igitur,
1996 3497 2064 3539 ne

469 3589 667 3632 vanam
711 3580 766 3629 et
797 3570 1014 3627 irritam
1050 3569 1257 3628 faciatis
1296 3587 1482 3629 meam
1518 3572 1576 3628 in
1602 3587 1769 3629 carne
1812 3588 2063 3644 perseve—

465 3662 716 3721 rantiam.
748 3660 892 3732 Quid
918 3660 1123 3734 igitur?
1147 3661 1218 3717 ob
1247 3660 1619 3733 Philippenses
1646 3662 1793 3718 solos
1812 3661 1872 3718 in
1898 3677 2063 3718 carne

465 3752 780 3827 perduravit
817 3754 840 3807 Ρ
873 3753 999 3807 Non
1026 3759 1252 3823 propter
1287 3748 1391 3807 bos
1426 3751 1596 3818 solos,
1635 3766 1829 3808 verum
1869 3766 2059 3807 curam

464 3844 572 3899 illis
600 3840 768 3915 435
797 3840 1062 3898 adhibens
1097 3838 1219 3897 hinc
1254 3839 1403 3910 dicit,
1434 3856 1497 3897 ac
1540 3840 1610 3898 ad
1656 3840 1931 3915 majorem
1977 3856 2065 3899 so-

464 3933 754 3990 brietatem
776 3930 1096 3987 adhortans.

534 4024 716 4079 Vnus.
747 4026 838 4078 26.
874 4025 943 4078 Ut
967 4022 1221 4091 gloriatio
1241 4024 1421 4077 vestra
1468 4021 1708 4076 abundet
1749 4022 1808 4076 in
1843 4020 2056 4079 Christo

466 4116 593 4169 Jesu
631 4115 690 4167 in
724 4126 831 4176 me,
858 4127 960 4182 per
1003 4126 1182 4166 meum
1227 4111 1521 4166 adventum
1578 4111 1775 4166 iterum
1827 4112 1902 4167 ad
1950 4127 2061 4169 vos.

466 4202 608 4273 Quia
636 4209 764 4258 ante
804 4199 1043 4269 dixerat,
1079 4199 1167 4256 0b
1202 4207 1447 4257 vestrum
1481 4197 1794 4272 profectum
1843 4215 2065 4273 perma-

462 4293 629 4361 nebo,
668 4290 852 4346 innuit
872 4291 994 4360 jam
1026 4289 1177 4362 quod
1201 4298 1256 4345 et
1274 4289 1378 4362 ipsi
1405 4288 1660 4345 nonnihil
1684 4288 1863 4346 lucelli
1901 4307 1968 4349 ex
1998 4307 2065 4348 eo

468 4381 716 4451 accedat,
741 4394 959 4451 nempe,
1000 4387 1060 4435 ut
1089 4378 1466 4437 abundantius
1498 4378 1764 4452 glorietur
1799 4380 1869 4437 de
1900 4381 2061 4453 ipsis,

2174 3218 2311 3299 βίῳ·
2373 3217 2489 3290 ἥτις
2540 3214 2789 3297 προκοπὴ
2841 3215 2989 3296 χαρά
3030 3218 3172 3275 ἐστιν
3228 3213 3429 3287 ἀληθὴς
3488 3210 3580 3271 xui
3634 3215 3781 3289 ὑμῶν

2170 3298 2261 3365 xui
2286 3309 2439 3384 ἐμοῦ.
2484 3305 2752 3368 Ἐνταῦθα
2804 3304 2859 3364 δὲ
2918 3306 3009 3364 καὶ
3061 3305 3216 3387 φοϐεῖ
3265 3303 3481 3376 αὐτοὺς,
3533 3303 3604 3368 ὡς
3643 3298 3709 3358 ἂν
3737 3302 3783 3360 εἰ

2168 3396 2372 3477 λέγων’
2433 3395 2673 3477 Ὁρᾶτε,
2731 3394 2804 3455 δι’
2853 3398 2990 3472 ὑμᾶς
3046 3394 3333 3475 ἐστερήθην
3387 3400 3478 3453 τοῦ
3551 3391 3783 3449 συνεῖναι

2169 3487 2426 3566 Χριστῷο
2471 3485 2546 3562 μὴ
2596 3484 2948 3564 ματαιώσητέ
2987 3507 3088 3562 μου
3132 3483 3229 3555 τὴν
3263 3486 3314 3542 ἐν
3343 3481 3503 3565 σαρκὶ⁵
3534 3503 3781 3561 παραμο-

2170 3575 2284 3648 νήν.
2333 3575 2404 3636 Τί
2428 3569 2554 3649 οὖνς
2609 3575 2697 3634 διὰ
2755 3573 3157 3648 Φιλιππησίους
3215 3574 3403 3651 μόνους
3451 3570 3779 3651 παρέμενεν,

2170 3668 2252 3726 Οὐ
2283 3665 2370 3723 διὰ
2400 3664 2614 3732 τούτους
2637 3664 2849 3742 μόνους,
2883 3664 3023 3722 ἀλλὰ
3053 3663 3359 3743 θεραπεύων
3403 3660 3592 3730 αὐτοὺς
3622 3665 3781 3720 τοῦτο

2168 3753 2340 3834 λέγει,
2360 3754 2451 3814 xui
2476 3753 2930 3835 προτρεπόμενος,
2975 3753 3046 3821 εἷς
3069 3752 3238 3812 πλείω
3268 3755 3450 3833 νῆψιν.

2255 4028 2284 4063 α
2317 4004 2437 4068 Ἵνα
2480 4005 2540 4066 τὸ
2582 4003 2845 4084 καύχημα
2901 4006 3052 4082 ὓμῶν
3104 4003 3398 4085 περισσεύῃ
3445 4005 3498 4064 ἐν
3550 4006 3779 4086 Χριστῷ

2173 4095 2349 4169 Ἰησοῦ
2416 4097 2470 4154 ἐν
2527 4093 2680 4172 ἐμοὶ,
2729 4093 2816 4152 διὰ
2892 4097 2988 4164 τῆς
3045 4097 3182 4174 ἐμῆς
3250 4093 3544 4174 παρουσίας
3615 4094 3779 4152 πάλιν

2171 4183 2302 4267 πρὸς
2342 4189 2502 4262 ὑμᾶς.
2534 4207 2562 4242 »
2600 4183 2826 4256 Ἐπειδὴ
2873 4182 2984 4242 ἄνω
3022 4172 3201 4255 εἶπεν,
3235 4172 3448 4243 ὅτι-Διὰ
3494 4183 3589 4255 τὴν
3623 4186 3775 4260 ὓμῶν

2172 4274 2445 4354 προκοπὴν
2505 4275 2840 4354 παραμενῶ,
2917 4272 3176 4333 δείκνυσιν
3237 4272 3318 4333 ὅτι
3368 4273 3461 4332 καὶ
3512 4271 3670 4340 αὐτός
3729 4297 3782 4333 τι

2172 4364 2434 4445 κερδαίνει
2481 4364 2541 4422 ἐκ
2593 4360 2814 4437 τούτου,
2872 4362 2933 4422 τὸ
3004 4368 3310 4444 καυχᾶσθαι
3386 4361 3782 4444 περισσοτέρως

466 4489 534 4531 eo
558 4470 708 4545 quod
734 4468 1023 4543 proficiant
1045 4485 1142 4542 per
1170 4484 1337 4526 suum
1363 4468 1434 4525 ad
1455 4483 1550 4525 eos
1576 4468 1894 4526 adventum.
1917 4452 2059 4542 Quid

2174 4455 2259 4515 ἐπ’
2313 4454 2518 4532 αὐτοῖς,
2587 4455 2661 4521 ὣς
2709 4452 3072 4547 προκόπτουσι
3143 4452 3229 4511 διὰ
3276 4457 3371 4527 τῆς
3423 4454 3585 4511 αὐτοῦ
3655 4452 3786 4532 πρὸς

465 4564 673 4636 igitur?
695 4560 917 4619 venitne
952 4557 1024 4616 ad
1060 4559 1243 4632 ipsos?
1288 4561 1408 4616 Hoc
1443 4573 1575 4616 sane
1618 4557 1894 4617 incertum
1947 4572 2065 4635 est,

465 4653 643 4725 deque
664 4667 731 4709 eo
764 4648 1082 4722 ambigitur.

535 4736 719 4792 Vnus.
756 4737 847 4788 27.
905 4733 1139 4787 Tantum
1172 4729 1333 4800 digne
1373 4730 1672 4800 Evangelia
1710 4731 1915 4788 Christi
1950 4750 2068 4791 con-

2176 4543 2367 4613 αὐτοὺς
2393 4543 2707 4625 παρουσίας.
2745 4534 2796 4603 Τ
2802 4543 2818 4601 ί
2854 4534 2977 4619 οῦνς
3015 4535 3144 4617 ἦλθε
3174 4541 3305 4624 πρὸς
3339 4541 3560 4619 αὐτούς,
3607 4544 3785 4603 Τοῦτο

2178 4634 2375 4708 ἄδηλόν
2410 4635 2522 4693 ἐστι
2552 4632 2644 4693 καὶ
2673 4636 2935 4707 ζητεῖται.

2260 4749 2293 4781 α
2323 4723 2501 4785 Μόνον
2563 4722 2720 4793 ἀξίως
2773 4729 2866 4782 τοῦ
2916 4720 3252 4802 Εὖαγγελίου
3276 4725 3369 4783 τοῦ
3393 4723 3630 4803 Χριστοῦ
3677 4744 3784 4781 πο-

468 4824 771 4881 versemini.
808 4822 933 4877 Hoc
978 4819 1161 4877 solum
1199 4835 1232 4876 a
1263 4819 1416 4875 vobis
1461 4835 1673 4892 quaero,
1713 4829 1775 4877 ut
1811 4824 2065 4881 crescatis

2174 4814 2458 4876 λιτεύεσθε.
2513 4835 2543 4873 n
2600 4813 2777 4875 Μόνον
2829 4818 2984 4872 τοῦτο
3038 4816 3180 4885 ζητῶ
3202 4812 3255 4851 ⁵ο
3288 4815 3418 4893 παρ’
3449 4815 3638 4889 ῧμῶν,
3689 4808 3787 4871 ἵνα

470 4915 526 4970 in
564 4913 787 4970 virtute.
823 4910 1005 4983 Digne
1044 4917 1236 4967 autem
1262 4909 1566 4983 Evangelio
1608 4909 1765 4978 vivit,
1796 4912 1889 4984 qui
1916 4912 2066 4986 seip-

470 5020 597 5063 sum
639 5003 916 5076 abnegans
968 5014 1191 5057 crucem
1241 5014 1400 5057 suam
1451 4999 1616 5069 tollit,
1672 5001 2066 5076 Christumque

470 5094 738 5168 sequitur.

549 5188 617 5243 Ut
644 5187 754 5241 sive
773 5197 894 5239 cum
920 5197 1113 5238 venero
1142 5188 1195 5239 et
1219 5181 1403 5238 videro
1430 5196 1521 5237 vos
1538 5223 1553 5245 ,
1583 5183 1693 5237 sive
1716 5181 1928 5246 absens,
1961 5198 2063 5237 au-

471 5274 630 5333 diam
661 5275 726 5331 de
762 5274 935 5329 vobis.
964 5273 1092 5329 Non
1118 5279 1381 5344 tanquam
1421 5270 1747 5328 sententiam
1775 5278 2069 5340 mutasset,

471 5381 648 5440 neque
673 5373 936 5437 tanquam
955 5377 1069 5420 non
1090 5360 1162 5418 sit
1180 5369 1469 5432 venturus,
1497 5359 1616 5419 haec
1635 5360 1771 5419 dicit
1802 5379 1819 5419 :
1849 5377 2039 5419 verum
2054 5401 2070 5431 ,

2173 4905 2397 4963 ἐπιδῶτε
2457 4903 2589 4984 πρὸς
2662 4902 2880 4984 ἀρετήν.
2934 4900 3114 4971 Ἀξίως
3179 4900 3235 4961 δὲ
3298 4908 3391 4962 τοῦ
3443 4899 3784 4982 Εὐαγγελίου

2173 4993 2506 5054 πολιτεύεται
2534 4996 2562 5051 ὁ
2597 4993 2783 5053 ἑαυτὸν
2838 4992 3313 5073 ἀπαρνησάμενος,
3364 4991 3455 5052 xui
3482 4990 3572 5051 τὸν
3606 5013 3780 5050 σταυ-

2176 5083 2261 5165 ρὸν
2299 5083 2460 5163 ἄρας,
2490 5081 2583 5141 xui
2620 5082 2985 5155 ἀκολουθήσας
3017 5084 3257 5163 Χριστῷ.

2267 5196 2297 5233 (ι
2318 5170 2476 5249 Ἵνα,
2534 5171 2637 5233 εἴτε
2690 5171 2857 5233 ἐλθὼν
2900 5173 2992 5232 καὶ
3045 5170 3166 5232 ἰδὼν
3220 5176 3358 5252 ὑμᾶς
3378 5217 3394 5250 ,
3451 5170 3559 5233 εἴτε
3588 5169 3777 5245 ἀπὼν,

2180 5263 2394 5323 ἀκούσω
2436 5261 2506 5323 τὰ
2535 5262 2657 5344 περὶ
2707 5265 2876 5341 ὓμῶν.
2909 5282 2939 5321 D
2976 5264 3097 5343 Οὐχ
3147 5264 3219 5329 ὡς
3271 5261 3626 5340 μεταθέμενος
3678 5261 3781 5335 τὴν

2179 5353 2432 5434 γνώμην,
2484 5353 2588 5414 οὐδ’
2616 5355 2687 5422 ὥς
2734 5352 2909 5414 οὐκέτι
2954 5351 3093 5425 ἥξων
3140 5357 3311 5413 ταῦτα
3362 5351 3507 5435 λέγει
3539 5375 3556 5393 ο
3606 5351 3749 5413 ἀλλὰ
3771 5395 3788 5426 ,

1866 5488 2056 5549 Variae
2095 5488 2396 5552 lectiones.

547 5625 592 5662 ⁸⁸
617 5625 815 5678 θανατῶ
835 5639 893 5684 o.
970 5622 1016 5659 ⁴⁶
1043 5620 1101 5677 οὗ
1124 5619 1223 5695 χρὴ
1252 5622 1464 5696 πονηρίᾳ
1484 5630 1583 5679 τῶν
1609 5620 1802 5696 ἐχθρῶν
1828 5622 2212 5699 ὑπολαμϐάνειν
2245 5628 2399 5683 τοῦτο
2429 5619 2677 5699 γίνεσθαι,
2701 5620 2839 5679 ἀλλὰ
2877 5622 3008 5681 Θεοῦ
3042 5618 3312 5700 οἰκονομίᾳ
3338 5639 3398 5685 o.
3475 5619 3521 5661 "
3544 5621 3689 5700 ὓμῶν
3721 5637 3783 5682 o:

475 5703 523 5783 δξ
545 5706 820 5778 συνέχομαι
846 5721 902 5766 o.
977 5705 1023 5742 ‘9
1044 5704 1394 5777 συνδιαγωγήν
1421 5722 1481 5765 0.
1551 5705 1597 5743 ⁸ο
1617 5704 1835 5776 ἐπιζητῶ
1873 5722 1933 5765 0.
1977 5730 1991 5779 ι
