4124 6420
306 375 441 428 1157

1183 366 1532 423 EXPOSITIO
1573 367 1640 422 ΙΝ
1678 365 1889 422 EPIST.
1930 368 2022 421 AD
2060 366 2345 422 PHILIPP.
2384 392 2455 406 —
2493 364 2644 421 CAP.
2683 365 2754 420 ll.

3470 369 3608 423 1158

300 495 413 558 Καὶ
452 495 544 556 ἐὰν
589 494 751 575 τυχὸν
795 496 892 554 οὐκ
922 492 1055 552 ἔλθω
1080 542 1092 565 ,
1128 492 1292 574 φησὶ,
1342 491 1573 570 δύναμαι
1602 492 1693 553 καὶ
1739 490 1889 550 ἀπὼν

2006 491 2256 559 Etiamsi,
2277 490 2471 563 inquit,
2500 488 2733 546 fortasse
2753 504 2867 545 non
2886 489 3124 557 veniam,
3153 504 3380 561 possum
3407 498 3607 549 tamen

299 584 672 667 εὐφραίνεσθαι
700 585 755 642 iv
785 582 832 623 5‘
976 583 1115 642 κατὰ
1156 581 1217 641 τὸ
1279 582 1607 661 Εὐαγγέλιον
1656 581 1895 662 πολιτεία

298 678 466 751 ὑμῶν.
502 670 675 735 Ὥστε
720 672 795 751 μὴ
836 672 1169 745 ἀναπέσητε,
1218 669 1318 731 κᾶν
1350 671 1427 750 μὴ
1476 673 1896 752 παραγένωμαι,

299 766 421 823 ἀλλ’
452 768 523 833 ὣς
546 762 916 844 μαθησομένου
940 760 1005 820 τὰ
1031 763 1148 821 καθ’
1178 764 1315 840 ὖμᾶς
1334 806 1350 835 ,
1376 760 1587 843 νήφετε.

385 969 417 1003 ε
440 942 572 1008 εὈτι
592 942 815 1016 στήκετε
831 944 885 1002 iv
906 942 983 1003 ἐνὶ
1014 941 1307 1020 πνεύματι,
1341 950 1437 1022 μιᾷ
1469 944 1639 1022 ψυχῇ.
1669 968 1693 994 υ
1718 942 1896 1002 Τουτ-

298 1034 445 1095 έστιν
464 1080 481 1110 ,
505 1038 557 1095 ἐν
585 1036 663 1115 τῷ
684 1034 830 1113 αὖτῷ
854 1031 1254 1114 χαρίσματιιτῷ
1308 1035 1403 1104 τῆς
1448 1030 1692 1109 ὁμονοίας
1716 1053 1731 1069 ⁸
1762 1029 1899 1090 οὕτω

296 1125 403 1204 γὰρ
453 1125 545 1183 καὶ
605 1125 658 1182 iv
722 1131 823 1204 μιᾷ
1078 1120 1325 1182 ἵστανται
1373 1144 1512 1189 τινες
1564 1123 1902 1197 ὁμονοοῦντες

296 1214 393 1272 καὶ
446 1215 868 1295 ὃμοψυχοῦντες,
917 1211 1160 1286 δηλονότι
1209 1208 1334 1270 ὅταν
1351 1210 1403 1247 ⁵2
1444 1211 1534 1271 καὶ
1590 1209 1645 1269 ἓν
1690 1214 1900 1289 πνεῦμα

297 1303 488 1384 ἔχωσι.

390 1416 419 1451 (ι
466 1392 861 1458 Συναθλοῦντες
1052 1390 1229 1449 πίστει
1298 1393 1392 1450 τοῦ
1450 1388 1803 1469 Εὖαγγελίου.
1866 1410 1894 1446 ι)

296 1484 595 1555 Τουτέστι,
642 1480 1266 1561 συμπαραλαμϐάνοντες
1294 1479 1349 1519 ⁵³
1395 1478 1657 1552 ἀλλήλους
1720 1481 1774 1538 iv

295 1571 433 1652 ὓπὲρ
462 1575 557 1644 τῆς
579 1570 804 1638 πίστεως
834 1570 1075 1642 ἀθλήσει.

384 1684 413 1719 α
451 1660 559 1722 Καὶ
591 1661 665 1736 μὴ
695 1658 1017 1738 πτυρόμενοι
1049 1661 1102 1719 ἐν
1137 1658 1323 1739 μηδενὶ
1368 1659 1471 1721 ὑπὸ
1517 1661 1625 1719 τῶν
1672 1660 1901 1718 ἀντικει-

2008 581 2092 637 vel
2150 581 2345 637 absens
2401 579 2568 635 etiam
2615 577 2907 635 exhilarari
2957 594 3122 651 super
3181 580 3608 639 conversatione

2009 680 2186 729 vestra
2218 671 2518 729 secundum
2559 670 2935 743 Evangelium.
2971 670 3206 728 Proinde
3244 671 3605 731 etiamsinon

2008 762 2306 831 advenero,
2342 777 2411 816 ne
2441 758 2717 830 recidatis,
2746 758 2844 817 sed
2870 760 3112 833 vigilate,
3141 769 3408 835 tanquam
3447 770 3608 819 certo

2007 852 2113 908 sim
2137 851 2424 925 agniturus
2454 848 2734 922 quomodo
2765 864 2864 907 vos
2890 848 3117 924 geratis.

2081 942 2233 1010 Quod
2258 942 2426 997 statis
2462 942 2521 995 in
2560 955 2670 995 uno
2699 942 2920 1011 spiritu,
2961 957 3074 996 una
3093 941 3304 997 anima.
3335 943 3459 998 Hoc
3492 948 3602 1010 est,

2008 1032 2068 1089 in
2092 1031 2289 1088 eodem
2311 1031 2461 1089 dono
2491 1030 2818 1087 concordiae.
2844 1032 2963 1087 IIac
2988 1033 3141 1089 enim
3168 1032 3381 1089 ratione
3408 1031 3465 1088 in
3493 1049 3608 1090 una

2008 1121 2195 1178 anima
2240 1119 2467 1193 quidam
2506 1120 2808 1193 persistunt
2850 1120 3136 1177 unanimes
3175 1127 3235 1177 et
3273 1121 3607 1192 concordes,

2008 1210 2230 1285 quando
2267 1210 2534 1267 nimirum
2571 1225 2749 1268 unum
2772 1209 2945 1267 etiam
2981 1210 3237 1283 spiritum
3283 1208 3607 1269 habuerint.

2082 1392 2458 1451 Concertantes
2481 1392 2609 1464 ﬁdei
2632 1392 2935 1461 Evangelii.
2979 1394 3104 1448 Hoc
3132 1400 3237 1455 est,
3269 1407 3368 1449 vos
3396 1399 3601 1448 mutuo

2011 1483 2333 1556 adjuvantes
2369 1482 2424 1539 in
2449 1481 2751 1539 certamine
2774 1481 2918 1555 quod
2950 1496 3050 1555 pro
3083 1480 3189 1539 ﬁde
3216 1481 3531 1553 suscipitur.

2080 1641 2257 1698 Vnus.
2289 1646 2380 1697 28.
2410 1641 2487 1696 Et
2514 1640 2573 1695 in
2596 1638 2755 1695 nullo
2799 1640 3113 1696 terreamini
3149 1638 3218 1694 ab
3245 1639 3597 1695 adversariis.

389 1712 413 1719 -
451 1712 559 1722 --ω
591 1712 665 1736 Γ,
702 1712 861 1737 ---ην
913 1712 1017 1720 -.η
1050 1712 1096 1719 -,
1185 1712 1322 1734 .,-_,-
1373 1712 1469 1721 η.-

298 1750 544 1827 μένων.»
582 1751 664 1811 Οὐ
685 1712 1065 1829 λέγω,Γφησὶ,
1107 1712 1182 1828 μᾛι
1225 1748 1679 1823 καταπίπτοντες,
1736 1749 1902 1823 ἀλλὰ,

2009 1734 2135 1789 Non
2170 1730 2315 1799 dico,
2345 1729 2539 1801 inquit,
2567 1744 2683 1785 non
2729 1726 3067 1796 decidentes,
3096 1726 3216 1795 sed,
3264 1743 3441 1800 neque
3489 1736 3607 1784 ter-

298 1840 436 1916 μηδὲ
465 1837 815 1920 πτυρόμενοι,
857 1839 1137 1913 τουτέστι,
1193 1837 1269 1917 μὴ
1298 1838 1671 1918 θορυϐούμενοι
1715 1838 1767 1896 iv
1800 1864 1905 1917 μη-

296 1929 427 2003 δενὶ,
482 1927 582 1988 κᾶν
642 1927 910 1996 κινδύνους
969 1930 1258 2003 ἀπειλῶσι,
1331 1927 1430 1986 κᾶν
1485 1928 1738 1995 θανάτους
1797 1931 1901 1987 ἐπ·-

297 2018 526 2095 άγωσιν·
557 2016 705 2077 οὐδὲν
747 2018 851 2099 γὰρ
894 2017 1139 2078 ἀνύουσιν
1164 2063 1181 2098 ,
1232 2016 1373 2077 ἀλλὰ
1420 2017 1678 2098 πτύρουσι
1706 2016 1861 2094 μόνον
1888 2040 1902 2055 ’

296 2107 463 2175 οὕτως
497 2108 626 2167 εἰσὶν
655 2107 931 2190 ἀνίσχυροι
942 2158 955 2170 .

387 2219 418 2257 α
460 2194 626 2264 Ἥτις
692 2197 835 2257 ἐστὶν
896 2199 1072 2265 αὐτοῖς
1154 2196 1250 2277 μὲν
1324 2195 1537 2265 ἔνδειξις
1603 2195 1905 2270 ἀπωλείας,

296 2291 424 2365 ὑμῖν
477 2286 533 2347 δὲ
586 2287 873 2368 σωτηρίας.
933 2315 957 2342 υ
987 2286 1166 2349 Ὅταν
1215 2287 1318 2368 γὰρ
1346 2286 1563 2361 ἴδωσιν,
1618 2283 1700 2346 ὅτι
1738 2285 1901 2368 μυρία

294 2377 706 2457 τεχναζόμενοι,
733 2377 850 2436 οὐδὲ
879 2382 1078 2459 πτῦραι
1118 2381 1260 2457 ὑμᾶς
1294 2376 1544 2437 δύνανται
1562 2422 1578 2451 ,
1607 2378 1667 2436 οὖ
1709 2377 1902 2456 δεῖγμα

292 2472 453 2526 τοῦτο
481 2466 643 2548 σαφὲς
680 2465 880 2535 ἕξουσιν
901 2510 917 2539 ,
960 2468 1041 2527 ὅτι
1072 2466 1140 2526 τὰ
1196 2467 1292 2545 μὲν
1339 2468 1513 2525 αὐτῶν
1548 2467 1900 2540 ἀπολοῦνται,

294 2556 364 2615 τὰ
400 2557 454 2617 δὲ
485 2559 719 2637 ὑμέτερα
744 2556 795 2599 ⁵⁸³
838 2556 1036 2639 ἰσχυρὰ
1055 2603 1072 2634 ,
1109 2557 1202 2617 καὶ
1234 2556 1484 2615 ἀνάλωτα
1508 2602 1524 2635 ,
1556 2555 1650 2616 καὶ
1680 2555 1899 2616 αὐτόθεν

295 2646 491 2727 ἔχοντα
511 2645 607 2719 τὴν
634 2646 904 2729 σωτηρίαν
923 2667 940 2723 ;

385 2759 413 2795 ε
468 2736 577 2797 Καὶ
615 2740 773 2797 τοῦτο
826 2736 933 2796 ἀπὸ
990 2737 1157 2798 Θεοῦ.
1211 2734 1343 2797 Ὀτι
1403 2737 1529 2813 ὑμῖν
1552 2733 1810 2816 ἐχαρίσθη
1841 2734 1902 2795 τὸ

296 2825 427 2906 ὑπὲρ
473 2826 739 2906 Χριστοῦ,
810 2827 868 2884 οὔ
928 2824 1084 2905 μόνον
1134 2824 1194 2884 τὸ
1254 2829 1331 2893 εἷς
1386 2824 1544 2884 αὐτὸν
1595 2824 1897 2898 πιστεύειν,

297 2914 434 2974 ἀλλὰ
492 2913 583 2975 καὶ
628 2916 688 2974 τὸ
752 2914 883 2996 ὑπὲρ
936 2917 1098 2974 αὐτοῦ
1150 2914 1456 2995 πάσχειν.»
1488 2914 1746 2993 Χάρισμα
1790 2916 1901 2974 ὀνο·

296 3004 478 3082 μάζων
531 3011 560 3066 δ
606 3007 828 3073 Παῦλος
880 3005 942 3064 τὸ
998 3002 1132 3085 ὑπὲρ
1194 3004 1428 3086 Χριστοῦ
1498 3005 1759 3084 πάσχειν,
1807 3005 1900 3063 δύο

2011 1820 2262 1888 reamini,
2309 1820 2365 1875 id
2404 1827 2505 1887 est,
2549 1834 2664 1874 non
2710 1817 3012 1874 turhcmini
3066 1817 3125 1873 in
3168 1817 3277 1874 ulla
3332 1833 3460 1874 sane
3508 1833 3603 1885 re,

2009 1912 2124 1968 sive
2146 1911 2385 1983 pericula
2410 1908 2852 1976 interminentur,
2874 1908 2984 1964 sive
3012 1915 3257 1965 mortem
3286 1905 3564 1965 adducant
3591 1928 3604 1962 :

2010 2000 2149 2057 nihil
2187 1998 2338 2056 enim
2366 1998 2678 2070 perﬁciunt,
2719 1995 2819 2054 sed
2861 1997 3111 2054 territant
3178 2004 3416 2069 tantum,
3464 1997 3604 2056 adeo

2008 2098 2139 2148 sunt
2157 2088 2473 2146 imbecilles.

2084 2183 2213 2250 Qua:
2256 2184 2335 2236 est
2377 2180 2513 2250 ipsis
2556 2177 2773 2249 quidem
2816 2179 3077 2234 iudicatio
3118 2180 3375 2236 interitus
3397 2221 3415 2244 ,
3460 2181 3604 2236 vobis

2009 2277 2190 2327 autem
2218 2272 2430 2326 salutis.
2463 2268 2701 2341 Quando
2749 2268 2898 2326 enim
2924 2270 3309 2341 conspexerint
3343 2285 3462 2326 sese
3485 2279 3609 2343 post

2006 2362 2291 2419 innumera
2336 2375 2462 2433 quae
2500 2367 2809 2428 tentarunt,
2851 2373 2924 2416 ne
2944 2358 3195 2416 territare
3235 2358 3462 2431 quidem
3510 2376 3609 2417 vos

2011 2467 2193 2524 posse,
2222 2464 2407 2506 nonne
2442 2447 2666 2507 evidens
2701 2446 2808 2504 hoc
2850 2447 2958 2503 illis
2997 2447 3263 2505 indicium
3303 2450 3423 2515 erit,
3458 2451 3607 2522 quod

2010 2557 2108 2597 sua
2144 2539 2365 2612 quidem
2396 2536 2673 2609 peribunt,
2700 2544 2897 2607 vestra
2946 2552 3077 2591 vero
3118 2536 3278 2593 fortia
3308 2546 3467 2609 sunt,
3511 2555 3603 2596 ca-

2010 2640 2217 2704 ptuque
2250 2627 2511 2697 difﬁcilia,
2543 2635 2596 2682 et
2633 2627 2869 2683 salutem
2906 2626 3157 2698 protinus
3193 2627 3494 2684 habentia?

2081 2724 2263 2778 Vsus.
2291 2724 2379 2775 28.
2424 2723 2513 2773 29.
2540 2720 2611 2773 Et
2638 2717 2731 2772 hoc
2768 2733 2804 2771 a
2830 2719 2955 2772 Deo.
2994 2718 3128 2785 Quis
3158 2718 3308 2772 vobis
3340 2719 3605 2775 donatum

2008 2816 2088 2868 est
2109 2827 2213 2882 pro
2237 2809 2471 2872 Christo,
2514 2822 2622 2862 non
2658 2806 2830 2861 solum
2875 2811 2936 2861 ut
2976 2808 3037 2861 in
3065 2822 3184 2862 eum
3213 2808 3468 2873 credatis,
3511 2813 3607 2866 sed

2010 2905 2173 2958 etiam
2210 2904 2271 2955 ut
2306 2915 2415 2969 pro
2457 2899 2551 2952 illo
2596 2897 2914 2967 patiamini.
2967 2896 3254 2954 Charisma
3300 2899 3594 2958 nominans

2009 2991 2208 3048 Paulus
2245 3004 2344 3062 pro
2367 2987 2584 3045 Christo
2620 2985 2997 3054 aiﬂictionem,
3036 2986 3146 3044 duo
3189 2986 3280 3043 hic
3323 2988 3538 3059 perficit
3584 3008 3597 3044 :

292 3067 516 3175 itaista]
557 3097 785 3154 ἐνταῦθα
814 3067 1116 3176 ’κατορθοῖί
1152 3093 1207 3153 ἓν
1251 3067 1381 3171 μὲν,
1413 3091 1520 3175 [ἵνα
1566 3067 1652 3171 μ’λῆ
1699 3067 1899 3173 αίσχύ-

2006 3083 2242 3139 alterum
2285 3079 2527 3152 quidem,
2560 3086 2756 3134 utnon
2804 3076 3084 3149 pudeﬁant
3127 3092 3307 3150 neque
3349 3096 3605 3138 succum-

291 3208 509 3259 νωνται,
566 3184 699 3262 μηδὲ
755 3186 1135 3244 καταπίπτωσι
1186 3183 1515 3264 πάσχοντες’
1582 3183 1757 3262 ἕτερον
1813 3182 1897 3259 δὲ,

284 3270 379 3333 ἵνα
410 3275 485 3352 μὴ
539 3274 882 3355 ἐπαίρωνται.
940 3273 1021 3336 Τὸ
1073 3284 1182 3334 πᾶν
1225 3273 1350 3355 γὰρ,
1394 3273 1559 3354 φησὶ,
1610 3277 1701 3333 τοῦ
1755 3274 1897 3332 Θεοῦ

291 3365 430 3424 ἐστι.
484 3363 590 3424 Καὶ
649 3363 753 3446 γὰρ
806 3363 1038 3432 καὶτὰς
1087 3363 1281 3443 ἀρετὰς
1326 3362 1642 3443 χαρίσματά
1699 3385 1897 3444 φησιν·

291 3457 394 3533 οὐχ
442 3452 532 3513 ἵνα
561 3452 623 3513 τὸ
657 3452 986 3522 αὐτεξούσιον
1020 3451 1210 3533 ἀνέλῃ,
1262 3451 1380 3510 ἀλλ’
1402 3449 1491 3509 ἵνα
1521 3451 1899 3532 μετριόφρονας

292 3542 698 3624 κατασκευάσῃ.
732 3542 876 3604 Οὐδὲ
921 3541 1025 3626 γὰρ
1084 3542 1209 3602 ἄνευ
1255 3545 1397 3604 Θεοῦ
1428 3548 1596 3601 ποιεῖν
1625 3564 1678 3600 τι
1730 3539 1895 3601 δυνά-

288 3638 450 3711 μεθα.
496 3633 658 3715 Τάχα
721 3632 778 3693 δὲ
837 3632 929 3694 καὶ
962 3638 1121 3693 τοῦτο
1163 3632 1225 3692 τὸ
1248 3631 1519 3713 Ιχάρισμα
1572 3634 1749 3708 μεῖζον
1800 3635 1893 3690 τοῦ

291 3722 501 3804 νεκροὺς
555 3727 795 3805 ἀνιστᾷν.
850 3721 1004 3783 Ἐκεῖ
1083 3720 1180 3801 μὲν
1237 3721 1341 3803 γὰρ
1396 3719 1673 3800 ὀφειλέτης
1747 3719 1894 3799 εἰμί’

293 3813 517 3873 ἐνταῦθα
562 3813 617 3871 δὲ
657 3813 931 3893 ὀφειλέτην
979 3812 1089 3893 ἔχω
1141 3811 1229 3871 τὸν
1261 3810 1513 3892 Χριστόν.
1566 3809 1645 3871 Ὢ
1682 3815 1894 3888 θαῦμαέ

294 3901 389 3961 καὶ
416 3901 693 3983 χαρίζεταί
723 3926 834 3979 μοι,
868 3901 960 3961 καὶ
993 3903 1078 3961 ἐπ’
1110 3904 1256 3982 αὖτῷ
1282 3900 1454 3983 τούτῳ
1477 3899 1674 3982 ὀφείλει
1706 3922 1814 3977 μοι.

382 3981 548 4053 αάΤόν
577 3991 738 4052 αὐτὸν
790 3994 971 4071 ἀγῶνα
1005 3981 1250 4072 ἔχοντες,
1289 3981 1396 4050 οἷον
1428 3981 1582 4050 Ἵῖδετε
1636 3991 1690 4048 iv
1736 3989 1854 4065 ἐμοὶ
1876 4037 1892 4066 ,

294 4081 387 4141 καὶ
414 4086 504 4141 νῦν
550 4081 770 4142 ἀκούετε
805 4085 857 4141 iv
894 4080 1030 4159 ἐμοί.
1061 4105 1091 4140 n
1156 4081 1405 4141 Δείκνυσι
1451 4079 1519 4139 τὰ
1566 4081 1703 4139 αὐτὰ
1743 4081 1895 4157 ἀγω-

294 4171 592 4249 νιζομένους
641 4173 823 4253 αὐτῷ,
873 4171 942 4230 τὰ
997 4170 1132 4230 αὐτὰ
1201 4173 1524 4239 ἀθλοῦνταςο
1578 4168 1606 4229 ὃ
1651 4169 1891 4248 μεγάλην

293 4263 471 4329 αὐτοῖς
513 4262 707 4341 ἀρετὴν
753 4262 1169 4343 προσμαρτυρεῖ.
1196 4259 1394 4341 Ἔχετε
1437 4260 1531 4338 δὲ,
1573 4258 1758 4340 φησὶν,
1796 4258 1892 4337 ἐμὲ

292 4351 618 4430 ὑπόδειγμα’
668 4351 892 4431 καὶγὰρ
931 4350 1070 4411 ἴδετέ
1102 4373 1170 4430 με
1207 4350 1336 4432 παρ’
1363 4353 1493 4429 ὕμῖν
1544 4348 1887 4423 ἀθλήσαντα,

2006 3171 2157 3241 bant,
2182 3170 2318 3229 dum
2355 3168 2638 3242 patiuntur
2683 3186 2696 3223 :
2745 3167 3003 3233 alterum,
3039 3175 3102 3222 ut
3129 3183 3245 3225 non
3273 3167 3598 3230 efferantur.

2004 3264 2206 3318 Totum
2242 3259 2412 3327 enim,
2460 3257 2659 3332 inquit,
2705 3256 2811 3314 Dei
2847 3264 2946 3313 est.
2988 3258 3219 3315 Etenim
3261 3268 3317 3316 et
3363 3261 3600 3322 virtutes

2004 3351 2334 3408 charismata
2361 3348 2496 3406 dicit
2525 3367 2539 3403 :
2570 3363 2683 3403 non
2720 3355 2784 3403 ut
2822 3347 3056 3403 liberum
3091 3347 3381 3406 arbitrium
3426 3353 3606 3423 tollat,

2004 3440 2103 3498 sed
2132 3449 2192 3497 ut
2227 3454 2324 3496 eos
2352 3437 2633 3495 moderate
2672 3451 2861 3509 sapere
2912 3435 3089 3493 iaciat.
3131 3441 3275 3495 Nam
3316 3440 3432 3497 sine
3475 3445 3604 3500 Deo

2004 3529 2206 3603 aliquid
2226 3526 2405 3585 facere
2430 3542 2544 3583 non
2567 3541 2881 3599 possumus.
2907 3527 3115 3582 Forsan
3154 3537 3211 3584 et
3249 3528 3357 3585 hoc
3394 3531 3605 3589 donum

2003 3627 2089 3677 est
2112 3618 2288 3691 majus
2323 3632 2493 3690 quam
2529 3624 2784 3672 mortuos
2814 3614 3053 3671 excitare
3081 3635 3098 3670 :
3120 3614 3295 3689 436
3317 3618 3426 3674 illic
3449 3621 3598 3677 enim

2003 3708 2218 3767 debitor
2240 3723 2384 3775 sum,
2413 3705 2503 3761 hic
2526 3713 2711 3762 autem
2739 3702 3047 3761 debitorem
3086 3704 3263 3762 habeo
3292 3706 3602 3767 Christum.

2005 3801 2054 3855 Ο
2074 3814 2191 3854 rem
2210 3795 2573 3853 admiratione
2596 3792 2841 3865 dignam!
2871 3794 2942 3848 Et
2962 3790 3137 3849 donat
3166 3794 3323 3865 mihi,
3347 3805 3402 3853 et
3426 3812 3607 3871 super

2006 3888 2113 3945 hoc
2148 3887 2267 3960 ipso
2287 3885 2453 3942 debet
2478 3883 2634 3941 mihi.

2077 3981 2260 4035 Vsus.
2292 3981 2379 4032 30.
2411 3975 2561 4031 Idem
2590 3978 2858 4031 certamen
2884 3973 3155 4047 habentes,
3192 3977 3355 4049 quale
3379 3979 3604 4036 vidistis

2006 4072 2064 4124 in
2089 4085 2191 4133 me,
2242 4071 2293 4124 et
2320 4082 2463 4121 nunc
2497 4066 2705 4121 auditis
2724 4068 2784 4121 in
2818 4082 2921 4121 me.
2954 4066 3208 4123 Ostendit
3236 4067 3327 4124 hic
3354 4069 3506 4141 quod
3534 4069 3593 4126 in

2006 4158 2204 4214 eodem
2217 4164 2349 4214 sunt
2366 4170 2559 4212 secum
2584 4154 2910 4225 certamine,
2941 4155 3000 4211 in
3029 4155 3225 4213 iisdem
3248 4168 3561 4231 pugnantes
3586 4178 3601 4216 :

2002 4263 2126 4321 qua:
2156 4263 2247 4304 res
2274 4261 2494 4319 magna:
2522 4244 2655 4318 ipsis
2682 4245 2899 4303 virtutis
2946 4245 3327 4305 testimonium
3368 4248 3602 4322 praebet.

2002 4337 2254 4407 Habetis,
2281 4336 2482 4409 inquit,
2532 4351 2624 4393 mc
2668 4335 2988 4409 exemplum
3043 4355 3057 4394 :
3102 4337 3255 4396 scitis
3303 4339 3457 4396 enim
3510 4356 3602 4398 me

292 4439 382 4500 ὅτε
439 4425 643 4515 δηλαδὴ
692 4425 885 4523 ἐδάρην
960 4439 1055 4501 και
1104 4425 1503 4523 ’ἐφυλαιὶίσθὴνο
1551 4437 1644 4499 καὶ
1692 4444 1784 4499 νῦν
1837 4438 1893 4499 δὲ

2006 4426 2154 4501 apud
2193 4442 2291 4483 vos
2341 4433 2600 4495 certasse,
2642 4425 2868 4498 quando
2911 4425 3167 4484 videlicet
3219 4444 3396 4487 caesus
3446 4439 3503 4487 et
3549 4432 3606 4487 in

296 4529 537 4594 ἀκούετε.

876 4623 1172 4685 ΚΕΦΑΛ.
1220 4619 1306 4683 Β’.

386 4768 416 4807 (ι
446 4745 517 4808 Εἴ
547 4770 625 4815 τις
673 4734 763 4807 οῦν
788 4746 1128 4829 παράκλησις
1155 4746 1211 4805 ἐν
1252 4744 1502 4824 Χριστῷ,
1562 4743 1611 4805 εἴ
1658 4767 1736 4813 τις
1785 4767 1895 4806 πα-

298 4836 530 4917 ραμυθία
552 4835 602 4873 ⁵⁵
633 4836 878 4915 ἀγάπης,
931 4837 982 4895 εἴ
1017 4860 1097 4904 τις
1136 4832 1387 4896 κοινωνία
1440 4832 1791 4911 Πνεύματος,
1848 4834 1898 4894 εἴ

293 4949 413 4985 τινα
480 4926 766 5007 σπλάγχνα
841 4926 933 4986 καὶ
1008 4923 1298 5007 οἷκτιρμοὶ,
1380 4923 1703 5005 πληρώσατέ
1792 4947 1895 5001 μου

294 5015 390 5088 τὴν
414 5016 628 5098 χαρὰν,
666 5014 753 5075 ἵνα
779 5016 841 5077 τὸ
889 5016 1016 5077 αὖτό
1060 5020 1307 5098 φρονῆτε.
1339 5038 1364 5065 ν
1387 5011 1463 5074 ’⁵0
1504 5013 1677 5091 λέγει,
1717 5018 1894 5072 τοιοῦ-

294 5105 384 5166 τόν
414 5109 593 5166 ἐστιν·
624 5107 694 5168 Εἰ
726 5106 975 5187 βούλεσθε
1022 5104 1361 5187 παράκλησίν
1408 5127 1527 5163 τινα
1575 5102 1757 5164 δοῦναί
1804 5126 1896 5179 μοι

296 5200 350 5256 ἐν
399 5197 507 5265 τοῖς
550 5204 867 5278 πειρασμοῖς
905 5220 1008 5274 μου
1034 5214 1051 5231 ·
1092 5194 1142 5255 εἴ
1193 5217 1311 5254 τινα
1373 5192 1755 5274 παραμυθίαν,
1781 5190 1895 5253 οἵαν

295 5290 332 5360 ἡ
387 5286 572 5366 ἀγάπη
620 5294 818 5369 γεννᾷ·
874 5288 921 5345 εἷ
978 5283 1201 5366 μέλλετε
1259 5282 1425 5354 δεῖξαι
1477 5282 1560 5343 ὅτι
1613 5282 1891 5343 κοινωνίαν

293 5374 414 5437 τινὰ
440 5375 594 5459 ἔχετε
644 5380 763 5457 μετ’
787 5379 917 5456 ἐμοῦ
958 5378 1013 5437 iv
1052 5376 1161 5444 τοῖς
1216 5376 1593 5455 πνευματικοῖς
1635 5372 1894 5433 καὶκατὰ

2006 4532 2283 4577 carcerem
2307 4516 2588 4589 conjectus
2611 4531 2765 4573 eram
2798 4533 2811 4571 :
2836 4532 2985 4573 nunc
3011 4532 3141 4575 vero
3166 4516 3369 4577 auditis
3405 4520 3599 4577 etiam.

2623 4625 2862 4681 CAPUT
2891 4625 2963 4679 Π.

2075 4747 2254 4803 Vsus.
2290 4747 2341 4807 1,
2380 4748 2434 4799 2.
2473 4743 2535 4799 Si
2567 4758 2679 4813 qua
2707 4758 2826 4811 ergo
2850 4740 3138 4797 consolatio
3182 4743 3241 4797 in
3285 4742 3525 4810 Christo,
3551 4748 3603 4802 si

2005 4836 2149 4908 quod
2171 4835 2428 4890 solatium
2455 4833 2773 4896 charitatis,
2805 4833 2858 4886 si
2874 4848 2988 4901 qua
3012 4833 3237 4888 societas
3260 4834 3529 4904 Spiritus,
3553 4839 3610 4892 si

2005 4944 2123 5001 qua
2149 4929 2361 4982 viscera
2389 4931 2439 4983 et
2464 4925 2849 4987 miserationes,
2878 4923 3095 4994 implete
3123 4923 3393 4980 lcetitiiam
3410 4941 3604 4991 meam,

2003 5024 2067 5074 ut
2088 5017 2234 5073 idem
2268 5017 2515 5086 sapiatis.
2560 5012 2722 5081 Quod
2761 5012 2860 5079 ait,
2886 5019 2968 5067 est
2995 5011 3308 5085 hujusmodi
3356 5033 3370 5069 :
3398 5014 3453 5070 Si
3480 5016 3604 5071 vul-

2007 5106 2076 5163 tis
2127 5106 2263 5163 mihi
2292 5106 2608 5179 quampiam
2655 5103 2710 5159 in
2737 5101 3141 5159 tentationibus
3178 5103 3317 5159 meis
3355 5104 3608 5162 consola-

2005 5197 2220 5254 tionem
2261 5195 2424 5265 dare;
2465 5195 2510 5251 si
2538 5192 2684 5268 quod
2732 5191 3011 5261 solatium,
3057 5193 3215 5266 quale
3239 5192 3479 5251 charitas
3505 5212 3605 5269 ge-

2008 5294 2198 5357 nerat;
2224 5286 2273 5343 si
2307 5284 2671 5343 monstraturi
2696 5281 2825 5341 estis
2850 5281 3000 5356 quod
3042 5283 3605 5343 communicationem

2010 5376 2315 5452 quamdam
2349 5374 2601 5434 habeatis
2644 5389 2869 5433 mecum
2896 5373 2957 5429 in
2986 5372 3378 5446 spiritualibus,
3423 5384 3480 5432 et
3516 5392 3602 5434 se-

1706 5507 2239 5589 Variellectiones.

366 5629 411 5665 ⁶¹
441 5630 523 5685 ἔπτί
546 5644 599 5688 0.
671 5629 717 5667 ⁸³
739 5630 1014 5699 τουτέστιν,
1051 5626 1357 5703 ὁμονοοῦσι,
1398 5626 1485 5684 καὶ
1522 5625 1879 5701 ὁμοψυχοῦσιν,
1912 5625 1991 5678 ὅτ.
2030 5639 2086 5681 0.
2160 5621 2205 5656 ⁸³
2252 5617 2514 5694 συμπεριλ.
2553 5634 2612 5675 0.
2685 5615 2730 5653 ⁸⁵
2760 5615 2975 5691 ἡμέτερα
3007 5635 3064 5677 o.
3139 5618 3183 5656 ⁸³
3213 5617 3586 5697 εἴτιπαραμύ-

293 5714 404 5768 θιον
433 5727 492 5771 0.
