4124 6430
514 361 648 415 1159

1532 356 2047 414 THEOPHYLACTI
2086 350 2443 410 BULGARIIE
2481 349 2794 406 ARCHIEP.

3677 351 3818 405 1160

509 481 751 539 cundum
779 480 1123 546 Dominum;
1165 480 1211 537 si
1250 479 1452 538 affectu
1503 482 1873 539 miserationis
1908 496 2105 538 move-

2221 478 2517 557 Κύριον-εἷ
2573 474 2993 556 σπλαγχνίζεσθε
3042 472 3135 534 καὶ
3186 473 3471 554 οἷκτείρετέ
3516 498 3582 553 με
3623 475 3704 557 ἐφ’
3741 465 3820 542 οἷς

509 571 666 641 mini,
697 586 894 643 meque
942 569 1277 627 miseramini
1326 581 1547 643 propter
1588 587 1651 628 ea
1707 588 1832 645 quae
1885 570 2106 644 patior:

506 661 625 718 haec
652 661 839 717 omnia
868 658 1009 716 mihi
1032 660 1089 716 in
1112 660 1221 717 hoc
1244 659 1480 729 reddite,
1525 669 1587 718 ut
1611 676 1708 719 vos
1749 668 1945 718 mutuo
1982 660 2106 718 dili-

507 750 665 822 gatis.
698 747 1093 805 Animadverte
1119 748 1209 805 hic
1228 749 1510 822 quomodo
1535 750 1896 808 concordiam
1918 766 2109 807 eorum

508 854 674 897 suum
730 854 850 896 esse
911 838 1237 895 beneﬁcium
1321 838 1728 912 interpretetur,
1780 849 1839 897 et
1886 839 2110 913 perinde

510 929 761 1001 accipiat,
816 937 981 1001 atque
1024 929 1071 985 si
1123 929 1240 1001 ipse
1269 930 1699 987 misericordiam
1738 938 1880 988 esset
1914 936 2113 987 conse:

509 1027 688 1075 cutus.
720 1020 843 1075 Non
866 1018 999 1075 dixit
1020 1027 1230 1087 autem,
1258 1020 1449 1075 Parate
1470 1018 1604 1075 mihi
1630 1019 1892 1092 gaudium
1928 1037 1942 1073 :
1978 1018 2105 1088 sed,

521 1110 753 1179 implete.
784 1108 911 1165 Orsi
954 1108 1111 1165 enim
1139 1109 1270 1165 estis
1311 1109 1366 1163 in
1394 1125 1484 1165 me
1523 1110 1785 1182 gaudium
1829 1130 1846 1165 :
1885 1108 2111 1167 dedistis

510 1198 735 1270 insuper
768 1197 906 1253 mihi
942 1206 1005 1253 ut
1029 1213 1221 1269 pacem
1257 1197 1555 1268 haberem;
1576 1199 1805 1271 cupioin
1827 1207 2108 1271 posterum

510 1296 573 1344 ut
591 1286 741 1343 istud
765 1286 905 1342 mihi
936 1286 1007 1343 ad
1039 1286 1207 1344 ﬁnem
1246 1304 1417 1360 usque
1443 1287 1694 1346 ducatur.
1730 1289 1901 1360 Quale
1927 1297 2110 1344 autem

513 1376 651 1432 mihi
665 1374 928 1449 gaudium
944 1379 967 1432 Ρ
983 1378 1110 1432 Non
1124 1386 1183 1432 ut
1195 1393 1225 1432 e
1240 1377 1724 1449 periculisliberer,
1737 1377 2112 1452 quidquamvc

513 1484 545 1523 a
576 1466 730 1522 vobis
767 1465 1049 1536 accipiam,
1082 1467 1176 1522 sed
1203 1475 1265 1521 ut
1289 1483 1385 1523 vos
1412 1466 1557 1523 idem
1587 1469 1831 1541 sapiatis.

586 1556 845 1612 Eamdem
864 1556 1177 1611 charitatem
1195 1556 1465 1612 habentes.
1494 1559 1615 1613 Hoc
1634 1557 1814 1629 majus
1834 1566 1921 1614 est
1942 1573 2109 1629 quam

514 1645 663 1700 idem
705 1660 913 1715 sapere.
961 1644 1222 1701 Eamdem
1262 1645 1477 1702 scilicet
1522 1646 1844 1703 charitatem
1893 1646 2108 1703 habete.

512 1734 633 1789 Noli
662 1743 724 1789 tu
753 1750 881 1790 cum
908 1749 1124 1789 summe
1152 1734 1380 1792 dilectus
1402 1733 1590 1805 fueris,
1620 1736 1849 1793 remisse
1873 1753 1939 1793 ac
1965 1737 2114 1809 pigre

513 1823 821 1891 redamare,
854 1822 945 1879 sed
972 1823 1161 1879 eadem
1194 1840 1479 1881 mensura.

592 1915 907 1975 Unanimes,
952 1913 1097 1968 iclcm
1152 1918 1456 1971 sentientes.
1499 1918 1793 1987 Tanquam
1851 1932 1959 1973 una
2001 1915 2123 1972 sitis

511 2002 716 2068 anima,
750 2019 862 2057 non
896 2011 1091 2058 natura
1116 2012 1170 2058 et
1196 2003 1525 2072 substantia,
1565 2004 1663 2061 sed
1703 2015 1891 2061 mente
1918 2014 1973 2062 et
2000 2018 2124 2061 con'

508 2092 693 2148 cordia
723 2110 736 2147 :
763 2092 910 2163 quod
941 2091 1146 2148 iudicat
1164 2109 1293 2149 cum
1323 2094 1426 2160 ait,
1458 2095 1603 2149 idem
1624 2099 1935 2151 sentientes.

580 2184 757 2238 Vsus.
773 2184 803 2236 3
815 2223 828 2235 .
847 2181 996 2238 Nihil
1004 2197 1098 2252 per
1110 2185 1518 2247 contentionem,
1535 2186 1633 2238 aut
1646 2200 1846 2240 vanam
1860 2186 2115 2258 gloriam.

513 2269 678 2338 Nihil,
727 2270 925 2342 inquit,
948 2286 1046 2341 per
1077 2270 1258 2326 zelum
1288 2279 1344 2327 et
1371 2271 1783 2330 contentionem
1813 2272 2111 2330 facientes:

514 2360 663 2431 quod
690 2359 934 2415 solemus
957 2359 1139 2416 dicere
1165 2378 1178 2415 :
1208 2360 1397 2417 Danda
1426 2369 1509 2417 est
1544 2361 1679 2417 mihi
1708 2378 1874 2435 opera
1895 2405 1908 2431 ,
1938 2380 2011 2420 ne
2032 2379 2118 2420 me

516 2449 698 2505 vincat
748 2449 836 2505 ille
891 2467 905 2504 :
964 2449 1067 2506 hoc
1131 2458 1216 2506 est
1272 2450 1473 2521 ἔριθεία,
1529 2452 1835 2509 contentio.
1898 2453 2115 2511 Deinde

517 2546 752 2595 matrem
806 2538 970 2611 hujus
1014 2539 1256 2607 adducit,
1308 2557 1506 2597 vanam
1549 2542 1783 2614 gloriam
1828 2560 1842 2598 :
1895 2558 1960 2600 ex
2014 2543 2116 2600 hac

513 2628 660 2684 enim
698 2627 785 2684 illa
814 2629 1078 2686 nascitur.
1106 2630 1339 2699 Quando
1370 2630 1519 2687 enim
1547 2631 1844 2688 hominum
1883 2633 2115 2705 gloriam

511 2732 788 2786 amamus,
828 2718 982 2790 quid,
1020 2735 1239 2791 quaeso,
1284 2729 1507 2793 propter
1538 2738 1659 2777 eam
1702 2738 1811 2778 non
1840 2720 2115 2780 facimus?

584 2809 689 2864 Sed
706 2811 763 2863 in
792 2810 1097 2865 humilitate
1113 2812 1287 2865 animi
1306 2813 1482 2866 alium
1510 2814 1739 2881 quisque
1762 2828 1820 2868 se
1843 2819 2109 2883 prcestan-

516 2900 703 2952 tiore-m
726 2900 1018 2953 existimet.
1050 2899 1281 2955 Planum
1314 2898 1405 2955 hic
1428 2900 1589 2956 nobis
1618 2900 1748 2957 facit
1766 2917 1874 2972 qua
1904 2904 2115 2960 ratione

516 3002 711 3041 vanam
767 2986 995 3057 gloriam
1049 2985 1296 3061 effugere
1351 3004 1653 3060 queamus,
1697 2989 2114 3064 doctrinamque

515 3075 683 3130 tradit
711 3074 878 3147 437
935 3076 1103 3132 saluti
1144 3085 1345 3133 nostrae
1370 3094 1692 3134 consonam.
1721 3080 1777 3135 Si
1807 3080 1956 3136 enim
1995 3082 2112 3137 exi—

514 3156 839 3226 stimaveris,
871 3158 1071 3229 inquit,
1119 3156 1268 3228 quod
1321 3157 1460 3215 alius
1504 3175 1620 3215 non
1668 3160 1986 3232 simpliciter
2042 3162 2113 3219 sit

519 3244 696 3317 major
733 3252 811 3311 te,
858 3253 1116 3301 caeterum
1155 3246 1306 3319 quod
1334 3247 1523 3304 multis
1570 3248 1886 3307 nominibus
1922 3259 1978 3307 te
2019 3269 2111 3309 ex-

517 3333 695 3403 cellat,
726 3342 780 3389 et
803 3350 871 3390 ex
900 3333 1073 3390 multa
1102 3335 1415 3393 humilitate
1441 3336 1547 3393 hoc
1578 3339 1746 3395 modo
1776 3355 1891 3395 rem
1928 3356 1987 3397 se
2018 3341 2117 3398 ha-

514 3423 642 3479 bere
672 3423 769 3480 tibi
800 3425 1149 3495 persuaseris,
1202 3425 1415 3483 honore
1453 3443 1584 3484 eum
1615 3444 1841 3500 prorsus
1884 3431 2113 3486 al'licies.

518 3515 640 3568 Hoc
681 3513 725 3569 si
771 3511 967 3583 facias,
1016 3531 1143 3571 cum
1188 3531 1316 3572 eum
1359 3517 1507 3589 apud
1554 3518 1686 3574 alios
1730 3519 1940 3576 honore
1971 3522 2115 3577 attici

517 3604 897 3675 conspexeris,
927 3602 1075 3660 haud
1119 3621 1263 3678 aegre
1302 3605 1445 3663 feres
1488 3625 1499 3662 :
1534 3607 1646 3663 imo
1678 3609 1893 3666 etiamsi
1924 3613 2113 3667 convi-

515 3692 690 3748 cietur
724 3693 845 3761 tibi,
888 3694 1106 3750 etiamsi
1147 3695 1414 3765 verberet,
1467 3697 1735 3768 patienter
1780 3698 1939 3756 feres.
1994 3702 2118 3757 Ma-

512 3780 688 3853 jorem
737 3798 978 3856 namque
1015 3792 1068 3839 te
1095 3783 1277 3856 ipsum
1329 3785 1629 3842 arbitratus
1673 3803 1774 3844 es:
1816 3804 1999 3862 neque
2035 3790 2118 3847 in-

514 3872 733 3928 videbis
773 3872 820 3929 ei
891 3890 904 3928 :
952 3872 1155 3931 invidia
1196 3873 1343 3930 enim
1391 3874 1450 3931 in
1500 3890 1663 3947 pares
1706 3877 1847 3950 agit,
1894 3894 2009 3935 non
2057 3880 2117 3936 in

515 3961 927 4020 cxcellentiores
969 3980 983 4018 :
1037 3970 1091 4019 et
1129 3962 1217 4018 ille
1281 3978 1475 4021 rursus
1517 3966 1717 4038 cogitet
1753 3974 1810 4023 te
1851 3984 1973 4026 esse
2020 3985 2117 4027 ex-

512 4050 885 4109 cellentiorem
922 4068 1000 4122 se,
1050 4059 1105 4108 et
1145 4051 1249 4108 hoc
1286 4059 1446 4125 pacto
1484 4053 1696 4127 integra
1723 4057 1830 4113 erit
1871 4060 2118 4132 tanquil-

514 4140 660 4197 litas.

586 4232 765 4287 Vsus.
814 4234 873 4285 4.
904 4232 1025 4286 Non
1055 4246 1175 4300 quae
1214 4249 1314 4288 sua
1343 4238 1473 4290 sunt
1520 4237 1723 4305 singuli
1759 4240 2116 4305 considerate,

514 4318 610 4374 sed
647 4322 697 4373 et
725 4334 842 4389 qua:
890 4319 1123 4377 aliorum
1151 4327 1309 4389 sunt,
1340 4327 1733 4397 unusquisque.
1777 4328 1920 4386 Cum
1966 4330 2117 4387 enim

523 4423 624 4481 ego
654 4407 802 4481 quod
838 4408 939 4464 tibi
978 4408 1220 4482 prodest,
1255 4420 1317 4468 tu
1365 4429 1496 4469 vero
1541 4416 1687 4488 quod
1713 4417 1849 4474 mihi
1876 4418 2115 4489 confert,

518 4497 737 4570 quaeris,
782 4514 957 4571 neque
1002 4514 1157 4558 vanae
1205 4500 1294 4557 hic
1343 4502 1532 4575 gloriae
1569 4505 1724 4563 locus
1758 4508 2114 4581 relinquitur,

514 4602 697 4659 neque
722 4587 1083 4657 contentioni,
1115 4606 1298 4663 neque
1320 4591 1564 4664 cuipiam
1590 4594 1913 4667 simpliciter
1937 4599 2116 4656 malo-

514 4692 663 4744 rum,
704 4676 799 4733 scd
843 4677 954 4734 vita
987 4677 1076 4735 hic
1116 4688 1197 4737 est
1237 4681 1481 4754 angelica
1522 4692 1578 4739 et
1615 4684 1816 4741 divina.

583 4768 762 4822 Vens.
803 4773 854 4823 5.
898 4769 953 4823 Is
987 4770 1129 4823 enim
1159 4772 1400 4838 affectus
1433 4775 1506 4827 sit
1546 4775 1606 4828 in
1637 4774 1810 4845 vobis,
1856 4779 1955 4848 qui
1982 4783 2032 4834 et
2055 4781 2117 4835 in

516 4856 729 4911 Christo
750 4860 889 4912 Jesu.
924 4857 1409 4928 Quemadmodum
1439 4861 1686 4920 Christus
1705 4865 1903 4938 inquit,
1933 4871 2119 4924 Estote

514 4946 903 5009 misericordes,
948 4951 1011 5001 ut
1040 4949 1201 5003 Pater
1226 4955 1400 5005 vester
1448 4953 1672 5009 caelestis
1701 4974 1724 5004 z
1754 4973 1768 5010 :
1808 4963 1866 5011 et
1890 4973 2118 5029 rursus,

519 5038 718 5091 Discite
749 5052 784 5090 α
811 5052 912 5101 me,
941 5039 1073 5107 quia
1120 5040 1268 5094 mitis
1305 5056 1423 5096 sum
1452 5054 1477 5085 a
1518 5062 1536 5097 :
1584 5042 1663 5099 sic
1692 5054 1747 5100 et
1774 5047 1975 5104 Paulus
2008 5047 2119 5105 hu-

517 5124 706 5180 milem
742 5124 1002 5183 affectum
1030 5128 1252 5185 docens.
1286 5129 1570 5189 Christum
1619 5133 1676 5188 in
1716 5135 1957 5194 medium
1983 5152 2114 5211 pro-

513 5213 683 5283 ducit,
715 5216 929 5273 abunde
968 5234 1070 5276 nos
1116 5219 1488 5293 pudefaciens,
1537 5223 1763 5296 perinde
1809 5242 1875 5283 ac
1919 5228 2026 5285 alio
2057 5228 2115 5286 in

517 5304 638 5361 loco
666 5304 799 5362 dicit
830 5326 843 5363 :
868 5311 1093 5380 Pr0pter
1126 5325 1221 5366 nos
1252 5327 1461 5383 pauper
1493 5316 1676 5382 factus
1713 5320 1792 5373 est
1818 5335 1938 5376 eum
1967 5320 2117 5377 dives

606 5461 780 5516 zLuc.
812 5476 901 5517 vr.
935 5468 1023 5518 36.
1100 5472 1126 5499 ⁸
1149 5463 1346 5521 Matth.
1374 5481 1464 5535 x1,
1495 5473 1583 5525 29.

2214 568 2412 647 πάσχω
2435 590 2448 603 ·
2499 572 2667 625 ταῦτα
2708 564 2884 624 πάντα
2924 567 2976 624 ἐν
3011 563 3180 647 τούτῳ
3234 587 3324 642 μοι
3354 562 3612 640 ἀπόδοτε,
3658 567 3710 623 ἐν
3740 569 3819 644 τῷ

2217 657 2477 729 ἀλλήλους
2499 657 2737 736 ἀγαπᾷν.
2770 652 2922 735 ⁶Ορα
2951 652 3035 727 δὲ,
3073 658 3189 721 πῶς
3218 653 3278 712 τὸ
3309 656 3545 729 ὁμονοεῖν
3591 652 3822 721 ἐκείνους

2215 746 2411 807 οἰκείαν
2460 743 2794 825 εὐεργεσίαν,
2851 743 2945 802 καὶ
2986 745 3057 811 ὡς
3090 741 3247 810 αὐτὸς
3296 741 3474 811 ἐλέους
3514 742 3822 821 ἀξιούμενος

2215 835 2436 895 τίθεται.
2476 836 2594 894 Οὐκ
2620 825 2735 893 εἶπε
2765 832 2819 892 δὲ
2844 879 2862 913 ,
2898 831 3177 903 Ποιήσατέ
3211 855 3301 910 μοι
3325 832 3377 870 56
3398 833 3607 914 χαρὰν,
3641 831 3783 893 ἀλλὰ
3803 880 3821 906 ,

2218 927 2273 1004 [α
2302 924 2501 1006 χαρὰν]
2526 922 2884 1003 Πληρώσατε.
2916 944 2947 980 ι)
2988 921 3288 1002 Ἢρξασθε,
3311 921 3462 1001 φησὶ,
3484 927 3578 993 τῆς
3621 925 3675 981 ἐν
3700 920 3825 997 ἐμοὶ

2216 1025 2412 1094 χαρᾶς,
2443 1012 2533 1072 καὶ
2566 1014 2668 1086 ἤδη
2703 1009 3041 1090 μετεδώκατέ
3073 1035 3164 1088 μοι
3204 1015 3297 1071 τοῦ
3345 1010 3629 1091 εἰρηνεύειν
3656 1035 3670 1049 ·
3702 1012 3823 1071 ἐπι-

2218 1107 2367 1182 θυμῶ
2388 1102 2573 1163 λοιπὸν
2601 1102 2694 1161 καὶ
2720 1104 2791 1170 εἰς
2819 1101 2969 1169 τέλος
2995 1099 3196 1173 ταύτην
3236 1100 3425 1159 ἐλθεῖν.
3460 1100 3601 1160 Ποία
3640 1101 3698 1160 δέ
3732 1124 3827 1177 μοι

2217 1192 2398 1273 χαρά;
2427 1194 2550 1271 Οὐχ
2578 1190 2663 1250 ἵνα
2687 1194 2791 1249 τῶν
2820 1190 3071 1250 κινδύνων
3103 1192 3278 1272 ῥυσθῶ
3299 1234 3315 1261 ,
3362 1189 3397 1262 ἣ
3426 1190 3582 1250 λάϐω
3617 1215 3668 1251 τι
3692 1192 3826 1270 παρ’

2219 1286 2391 1361 ὑμῶν,
2424 1283 2543 1341 ἀλλ’
2575 1280 2664 1340 ἵνα
2695 1284 2844 1350 ὑμεῖς
2871 1281 2931 1342 τὸ
2962 1280 3091 1339 αὐτὸ
3120 1283 3373 1362 φρονῆτε.

2309 1572 2340 1610 (ι
2364 1548 2482 1622 Τὴν
2512 1546 2678 1620 αὐτὴν
2712 1547 2929 1625 ἀγάπην
2952 1546 3182 1628 ἔχοντες.
3221 1568 3251 1605 1)
3309 1549 3483 1608 Τοῦτο
3528 1548 3702 1622 μεῖζον
3734 1551 3829 1604 τοῦ

2217 1639 2278 1699 τὸ
2302 1640 2430 1699 αὐτὸ
2478 1638 2704 1720 φρονεῖν.
2765 1636 2879 1707 Τὴν
2939 1638 3090 1720 [γὰρ]
3158 1636 3322 1710 αὐτὴν
3374 1635 3589 1714 ἀγάπην
3644 1634 3823 1715 ἔχετε.

2219 1729 2318 1801 Μὴ
2378 1728 2689 1811 φιλούμενος
2753 1726 3191 1806 ὑπερϐαλλόντως
3256 1725 3445 1800 αὐτὸς,
3494 1724 3635 1805 φίλει
3686 1723 3830 1804 χαύο

2151 1808 2198 1870 Β
2227 1842 2326 1886 νως
2346 1808 2418 1891 57,
2443 1819 2560 1877 ἀλλ’
2580 1816 2682 1899 ἴσῳ
2710 1820 2785 1897 τῷ
2814 1816 3015 1900 μέτρῳ.

2320 1930 2348 1965 ι(
2377 1910 2686 1988 Σύμψυχοι,
2739 1906 2801 1965 τὸ
2851 1905 2905 1964 ἓν
2955 1913 3282 1987 φρονοῦντες.
3336 1928 3365 1965 υ
3409 1905 3502 1972 Ὡς
3542 1904 3639 1975 μία
3682 1903 3831 1971 ὄντες

2229 1996 2398 2079 ψυχὴ,
2421 2000 2479 2056 οὖ
2507 2001 2572 2076 τῇ
2598 1994 2751 2078 οὐσίᾳ
2770 2040 2786 2070 ,
2811 1995 2950 2055 ἀλλὰ
3090 1996 3239 2077 [μιᾷ]
3268 1994 3456 2076 γνώμῃ
3479 1993 3572 2055 καὶ
3602 1999 3667 2075 τῇ
3696 1997 3834 2071 ὃμο-

2226 2088 2342 2167 νοίᾳ
2363 2110 2376 2123 ·
2400 2085 2429 2145 ὃ
2452 2087 2604 2158 δηλοῖ
2632 2085 2794 2145 εἰπών
2820 2109 2834 2122 ο
2876 2109 2905 2144 (ι
2928 2085 3007 2145 Τὸ
3030 2084 3086 2144 ἓν
3112 2091 3437 2165 φρονοῦντες.
3475 2110 3503 2140 υ

2316 2203 2341 2230 ‹‹
2376 2174 2558 2249 Μηδὲν
2581 2174 2699 2234 κατ’
2722 2174 2967 2255 ἐριθείαν,
2992 2174 3028 2246 ἢ
3048 2173 3369 2242 κενοδοξίαν.
3395 2198 3422 2232 n
3440 2172 3649 2246 Μηδὲν,
3677 2170 3831 2253 φησὶ,

2226 2264 2366 2325 κατὰ
2417 2268 2574 2337 ζῆλον
2624 2263 2658 2337 ἢ
2711 2265 2815 2345 ἔριν
2869 2269 3181 2331 ποιοῦντες’
3242 2262 3373 2344 ὅπερ
3433 2262 3694 2340 εἰώθαμεν
3741 2263 3832 2320 λέ-

2224 2379 2333 2436 γειν
2359 2378 2372 2393 ·
2409 2353 2719 2415 Σπουδάσαι
2772 2353 2915 2433 ἔχω’,
2968 2351 3058 2436 ἵνα
3091 2352 3166 2431 μή
3216 2376 3281 2431 με
3327 2353 3521 2433 νικήσῃ
3566 2357 3593 2410 ὁ
3646 2353 3830 2410 δεῖνα·

2222 2434 2375 2505 τοῦτό
2412 2448 2552 2503 ἐστιν
2600 2450 2635 2516 ἡ
2689 2443 2905 2525 ἐριθεία.
2962 2434 3101 2504 Εἶτα
3153 2446 3251 2515 τὴν
3306 2440 3508 2513 ταύτης
3534 2442 3585 2481 ⁵⁸
3618 2438 3828 2520 μητέρα

2224 2535 2439 2613 ἐπάγει,
2480 2533 2601 2612 ῖτήν
2649 2532 2980 2602 κενοδοξίαν
3038 2535 3100 2592 ἐκ
3184 2531 3287 2613 γὰρ
3371 2531 3567 2604 ταύτης
3625 2529 3826 2601 ἐκείνη.

2224 2558 2439 2613 επαγει,
2482 2556 2601 2612 ιτην
2649 2556 2980 2602 κενοοοςιαν’
3038 2556 3100 2592 εκ
3184 2556 3253 2611 γα
3371 2556 3567 2604 ταυτης
3625 2556 3826 2601 εκεινη.

2221 2621 2397 2684 ⁶¹Οταν
2427 2624 2531 2704 γὰρ
2588 2627 2681 2696 τῆς
2722 2625 2826 2681 τῶν
2866 2622 3156 2704 ἀνθρώπων
3201 2556 3353 2695 δόξης
3396 2624 3639 2702 ἐρῶμεν,
3687 2618 3741 2679 τί
3770 2621 3830 2677 οὗ

2224 2712 2522 2791 πράττομεν
2548 2711 2634 2771 διὰ
2660 2711 2859 2786 ταύτην
2883 2733 2900 2790 ;

2313 2824 2343 2861 (ι
2395 2802 2556 2862 Ἀλλὰ
2610 2807 2676 2882 τῇ
2759 2802 3211 2884 ταπεινοφροσύνῃ
3286 2800 3546 2871 ἀλλήλους
3597 2798 3830 2880 ἡγούμε-

2223 2915 2300 2949 νοι
2346 2891 2704 2972 ὑπερέχοντας
2729 2894 2954 2955 ἑαυτῶν.
2977 2920 3000 2945 ιι
3039 2896 3150 2952 Νῦν
3176 2891 3228 2930 ⁵9
3252 2890 3370 2950 ὁδὸν
3405 2889 3666 2950 δείκνυσιν
3696 2893 3827 2968 ἡμῖν

2224 2981 2291 3038 δι’
2340 2972 2403 3052 ἧς
2461 2979 2754 3062 φευξόμεθα
2820 2980 2917 3053 τὴν
2967 2980 3299 3053 κενοδοξίαν,
3351 2979 3444 3040 καὶ
3474 2978 3651 3058 δόγμα
3683 2979 3829 3055 λέγει

2225 3069 2567 3150 συγκρότημα
2623 3075 2717 3142 τῆς
2758 3073 2913 3147 ἡμῶν
2968 3071 3248 3150 σωτηρίας.
3280 3068 3416 3130 Ἐὰν
3478 3067 3581 3149 γὰρ
3627 3067 3828 3126 ὑπολά-

2170 3205 2192 3228 η
2226 3158 2321 3238 ϐῃς
2341 3203 2357 3231 ,
2385 3158 2545 3241 φησὶν
2568 3204 2585 3232 ,
2610 3160 2691 3219 ὅτι
2721 3163 2748 3219 ὁ
2771 3160 2915 3218 δεῖνα
2940 3162 3037 3241 οὐχ
3067 3160 3248 3227 ἅπλῶς
3293 3157 3486 3238 μείζων
3517 3156 3612 3217 σού
3646 3160 3786 3216 ἐστιν
3809 3204 3828 3233 ,

2227 3247 2344 3307 ἀλλ’
2374 3247 2459 3307 ὅτι
2496 3248 2585 3308 καὶ
2616 3248 2731 3307 καθ’
2776 3249 3074 3331 ὑπερϐολὴν
3122 3248 3371 3328 ὑπερέχει
3412 3270 3538 3321 σου,
3588 3246 3679 3306 καὶ
3722 3248 3830 3306 ἀπὸ

2226 3338 2426 3409 πολλῆς
2458 3338 2942 3419 ταπεινοφροσύνης
2987 3337 3180 3418 πείσῃς
3229 3337 3450 3398 σεαυτὸν
3481 3343 3635 3397 τοῦτο
3663 3334 3830 3403 οὕτως

2226 3425 2387 3507 ἔχειν,
2416 3426 2657 3505 τιμήσεις
2706 3428 2918 3495 πάντως
2947 3427 3129 3487 αὐτόν.
3163 3430 3337 3488 Τοῦτο
3368 3425 3423 3486 δὲ
3466 3431 3631 3487 ποιῶν
3652 3471 3670 3501 ,
3705 3426 3829 3485 οὔκ-

2226 3516 2339 3590 έτι,
2371 3517 2496 3576 ὅταν
2546 3517 2659 3597 ἴδῃς
2707 3518 2865 3578 αὐτὸν
2932 3519 3022 3578 καὶ
3074 3516 3204 3600 παρ’
3228 3516 3422 3597 ἑτέρων
3477 3515 3824 3595 τιμώμενον,

2226 3609 2592 3688 δυσχερανεῖς,
2623 3606 2764 3667 ἀλλὰ
2806 3606 2906 3667 κᾶν
2933 3607 3161 3688 ὀνειδίσῃ
3210 3630 3270 3666 σε
3307 3607 3461 3674 αὐτὸς
3482 3656 3495 3679 ,
3531 3605 3631 3665 κᾶν
3662 3606 3830 3687 τύψῃ,

2224 3696 2428 3777 κούφως
2477 3697 2636 3765 οἴσεις
2660 3742 2674 3756 .
2735 3696 2951 3775 μείζονα
2998 3698 3100 3779 γάρ
3167 3720 3261 3756 σου
3314 3696 3471 3756 αὐτὸν
3522 3694 3825 3772 νενόμικας.

2225 3786 2366 3845 Οὖδὲ
2406 3786 2681 3868 φθονήσεις
2708 3811 2721 3824 ·
2778 3791 2806 3847 ὁ
2851 3786 2953 3867 γὰρ
2994 3788 3176 3868 φθόνος
3223 3785 3353 3867 πρὸς
3381 3785 3499 3853 τοὺς
3555 3786 3731 3859 ἴσους,
3769 3787 3829 3844 οὔ

2225 3874 2355 3957 πρὸς
2406 3876 2527 3945 τοὺς
2568 3875 2943 3957 ὑπερέχοντας.
3013 3876 3126 3937 Καὶ
3189 3869 3361 3951 αὖθις,
3419 3878 3612 3944 ἐκεῖνος
3666 3873 3831 3942 οὕτως

2223 3965 2648 4044 ὑπολαμϐανέτω
2685 3990 2776 4043 σε,
2815 3970 2886 4037 ὡς
2938 3966 3267 4048 ὑπερέχοντα
3304 3969 3461 4026 αὐτοῦ
3484 4011 3501 4043 ,
3540 3964 3634 4025 καὶ
3677 3963 3830 4024 ἔσται

2224 4063 2374 4114 πᾶσα
2402 4055 2611 4135 γαλήνη
2624 4103 2636 4116 .

2310 4231 2453 4303 «Μὴ
2506 4230 2573 4291 τὰ
2601 4232 2788 4292 ἑαυτοῦ
2810 4229 2862 4269 ⁶⁰
2905 4229 3124 4300 ἕκαστος
3177 4231 3477 4305 σκοπείτω,
3529 4227 3667 4289 ἀλλὰ
3736 4226 3830 4287 καὶ

2226 4320 2292 4379 τὰ
2322 4326 2412 4382 τοῦ
2437 4321 2615 4403 ἑτέρου
2646 4322 2880 4389 ἕκαστος.
2912 4346 2943 4379 ›>
2980 4320 3155 4403 ’Όταν
3195 4321 3298 4402 γὰρ
3328 4318 3432 4399 ἐγὼ
3491 4318 3585 4397 μὲν
3638 4318 3699 4379 τὸ
3746 4318 3830 4378 σοὶ

2229 4400 2536 4492 συμφέρον,
2573 4411 2636 4471 σὺ
2683 4411 2738 4470 δὲ
2766 4410 2827 4471 τὸ
2852 4411 2977 4489 ἐμὸν
3026 4400 3176 4480 αὖθις
3212 4415 3384 4485 ζητεῖς
3418 4410 3490 4484 θ’,
3529 4407 3645 4468 οὔτε
3678 4432 3830 4467 κενο-

2228 4499 2396 4570 δοξίας
2445 4503 2670 4560 ἐνταῦθα
2710 4501 2893 4582 χώρα,
2943 4499 3062 4561 οὔτε
3093 4500 3283 4581 ἔριδος,
3338 4499 3460 4560 οὔτε
3485 4500 3620 4567 τινὸς
3643 4498 3831 4565 ἁπλῶς

2226 4595 2328 4650 τῶν
2361 4594 2539 4651 κακῶν
2558 4638 2575 4668 ,
2606 4593 2741 4652 ἀλλὰ
2780 4590 2888 4669 βίος
2919 4591 3195 4671 ἀγγελικὸς
3225 4590 3316 4650 καὶ
3342 4595 3501 4658 θεῖος.

2310 4797 2341 4831 (ι
2368 4777 2541 4836 Τοῦτο
2590 4773 2693 4854 γὰρ
2747 4773 3038 4856 φρονείσθω
3083 4777 3136 4835 ἐν
3180 4778 3341 4851 ὑμῖν,
3386 4771 3538 4833 ὃκοιὶ⁵
3588 4775 3642 4832 ἐν
3692 4772 3828 4852 Χριο

2228 4866 2338 4945 στῷ
2368 4863 2572 4937 Ἰησοῦ.
2616 4887 2647 4925 1)
2679 4861 2902 4945 υΩσπερ
2951 4869 2979 4925 ὁ
3010 4863 3241 4945 Χριστὸς
3265 4910 3281 4939 ,
3318 4887 3349 4920 (ι
3382 4863 3595 4925 Γίνεσθε
3625 4861 3830 4941 οἰκτίρ-

2228 4978 2380 5031 μονες
2400 4977 2477 5036 ,γα
2506 4954 2667 5036 φησὶν
2687 5001 2704 5030 ,
2731 4976 2760 5013 1)
2783 4952 2967 5035 ὥσπερ
3000 4961 3026 5015 ὃ
3044 4953 3239 5034 Πατὴρ
3266 4956 3415 5031 ὑμῶν
3447 4958 3475 5013 ὀ
3504 4953 3742 5034 οὐράνιος
3763 4973 3777 4988 ο
3806 4978 3829 5003 ι

2227 5042 2319 5103 καὶ
2371 5035 2543 5119 αὖθις,
2600 5072 2623 5099 ε
2672 5044 2887 5106 Μάθετε
2922 5046 3018 5104 ἀπ’
3070 5047 3225 5122 ἐμοῦ,
3260 5042 3343 5103 ὅτι
3396 5042 3562 5122 πρᾶός
3608 5044 3719 5118 εἶμι
3751 5064 3767 5077 ⁸
3805 5068 3832 5093 υ

2225 5135 2361 5193 οὕτω
2407 5134 2497 5194 καὶ
2551 5136 2763 5203 Παῦλος
2824 5134 3314 5215 ταπεινοφροσύνην
3371 5132 3669 5207 διδάσκων,
3741 5129 3833 5189 τὸν

2226 5224 2453 5305 Χριστὸν
2486 5227 2557 5293 εἷς
2605 5223 2665 5283 τὸ
2703 5225 2863 5301 μέσον
2918 5225 3174 5307 παράγει,
3235 5226 3295 5284 ἐκ
3337 5222 3642 5305 περιουσίας
3687 5224 3835 5297 ἡμᾶς

2226 5313 2520 5395 ἐντρέπων,
2540 5314 2723 5398 ὥσπερ
2741 5314 2833 5375 καὶ
2866 5317 3104 5397 ἀλλαχοῦ
3157 5312 3302 5394 λέγει
3327 5337 3339 5351 ’
3384 5336 3413 5372 (ι
3440 5314 3523 5375 Δι’
3551 5317 3696 5391 ἡμᾶς
3731 5312 3832 5369 ἐπ-

1914 5551 2101 5617 Variae
2144 5555 2454 5621 lectiones.

590 5650 634 5687 ⁸⁸
663 5676 775 5726 μου.
853 5656 896 5693 ⁵⁷
925 5660 1087 5724 φιλεῖς
1113 5658 1309 5733 φαύλως
1330 5677 1384 5721 0.
1464 5666 1506 5701 ⁵⁸
1532 5669 1706 5722 τούτου
1740 5686 1792 5728 0.
1868 5670 1911 5707 59
1940 5671 2028 5740 τὴν
2050 5690 2105 5733 o.
2182 5675 2226 5710 ⁶⁰
2248 5672 2433 5730 ἑαυτῶν
2474 5690 2527 5734 0.
2607 5677 2646 5712 61
2680 5677 2897 5751 ζητήσῃς
2925 5694 2981 5735 ο.
