4124 6426
367 466 495 518 1161

1273 461 1629 518 EXPOSITIO
1669 462 1734 518 IN
1774 461 1986 520 EPIST.
2027 466 2117 520 AD
2157 465 2442 523 PHILIPP.
2480 497 2553 510 —
2578 467 2728 524 CAP.
2772 469 2848 530 ll.

3535 476 3669 528 1162

363 590 598 672 τώχευσε
629 589 877 656 πλούσιος
911 589 1008 650 ὥν.
1046 612 1076 644 τι
1129 588 1449 671 Ὅτανξγᾶρ
1504 592 1646 664 δείξη
1673 593 1780 671 ξτὸν
1832 595 1958 656 Υἷὸν

2067 601 2199 654 esset
2225 593 2275 655 δ.
2299 599 2439 655 Cum
2465 599 2608 654 enim
2641 607 2729 655 ost
2757 597 2974 655 enderit
2993 598 3198 656 Filium
3225 601 3324 658 Dei
3349 602 3499 659 omni
3541 603 3664 660 alti-

362 687 452 739 τοῦ
481 682 654 751 Θεοῦ,
687 680 776 740 τὸν
808 681 1004 745 παντὸς
1037 679 1200 759 ὕψους
1226 681 1502 755 ἐπέκεινα,
1537 685 1589 740 ἐν
1619 693 1724 752 τοῖς
1773 709 1952 742 κατω-

361 771 538 839 τᾶτοις
584 771 888 850 γενόμενον,
948 769 1064 827 τίνα
1114 772 1208 827 οὐκ
1254 772 1476 852 ἐντρέψῃ
1513 771 1565 809 ⁶²
1607 776 1709 831 τῶν
1759 777 1957 855 {Amto-

363 859 565 940 φρόνων
585 883 602 933 ;

447 975 472 1006 α
510 948 613 1018 ι’ος
662 953 923 1033 ἒν-μορςρῇ
976 951 1117 1010 Θεοῦ
1173 949 1462 1029 ὑπάρχων,
1523 953 1624 1031 οὐχ
1675 952 1955 1033 ἁρπαγμὸν

361 1038 603 1115 ἡγήσατο
625 1040 683 1098 τὸ
711 1030 844 1097 εἶναι
867 1032 964 1098 ἶσα
991 1041 1139 1120 Θεῷ.
1168 1065 1192 1090 υ
1238 1039 1468 1120 Ἀρίθμει
1488 1087 1504 1114 ,
1537 1030 1692 1102 πόσοι
1717 1030 1956 1103 ⁷ἐντεῦθεν

363 1129 617 1209 αἱρετικοὶ
667 1128 942 1190 πίπτουσι.
1021 1128 1282 1208 Μαρκίων
1338 1131 1365 1186 6
1431 1133 1690 1198 Ποντικὸς
1748 1131 1956 1210 ἔλεγεν,

363 1219 444 1277 ὅτι
490 1219 715 1297 πονηρὸς
758 1221 786 1276 6
816 1218 1041 1296 κόσμος,
1079 1216 1171 1276 καὶ
1202 1224 1236 1290 ἡ
1270 1216 1428 1296 σὰρξ,
1475 1219 1568 1278 καὶ
1607 1222 1700 1279 οὐκ
1733 1222 1957 1282 ἀνέλαϐε

361 1307 559 1378 ταύτην
589 1311 616 1365 6
643 1307 800 1374 Θεός.
839 1308 1152 1388 Μάρκελλος
1175 1310 1201 1365 6
1226 1307 1472 1379 Γαλάτης
1495 1353 1510 1379 ,
1535 1309 1626 1366 καὶ
1662 1310 1954 1384 Φωτεινὸς,

361 1399 452 1456 καὶ
485 1399 819 1478 Σωφρόνιος,
857 1398 1034 1476 ἔλεγον
1064 1395 1152 1454 τὸν
1195 1397 1366 1474 Λόγον
1399 1402 1492 1455 τοῦ
1519 1403 1661 1460 Θεοῦ
1691 1399 1968 1479 ἐνέργειαν

361 1479 530 1559 εἶναι,
564 1490 659 1546 οὐκ
689 1487 870 1546 οὐσίαν
916 1485 1297 1546 ἐνυπόστατονο
1348 1486 1550 1558 ταύτην
1597 1488 1651 1547 δὲ
1683 1492 1958 1563 ἐνοικῆσαι

361 1577 449 1635 τὸν
480 1579 532 1616 ⁵³
554 1580 613 1635 ἐκ
643 1577 950 1657 σπέρματος
978 1572 1164 1635 Δαυΐδ.
1207 1577 1310 1634 Καὶ
1343 1578 1556 1645 Παῦλος
1593 1578 1645 1637 δὲ
1681 1581 1708 1636 6
1756 1582 1958 1656 Σαμω-

364 1666 551 1749 σατεὺς
583 1667 758 1745 ἔλεγεν
783 1711 798 1737 ,
823 1669 904 1724 ὅτι
949 1665 1057 1724 ἀπὸ
1102 1666 1314 1745 Μαρίας
1345 1665 1470 1745 ἔσχε
1501 1667 1596 1740 τὴν
1647 1667 1817 1749 ἀρχὴν
1867 1675 1956 1730 τοῦ

363 1748 513 1816 εἶναι.
554 1756 663 1816 Καὶ
699 1756 994 1822 Σαϐέλλιος
1028 1757 1083 1815 δὲ
1109 1759 1136 1814 6
1180 1756 1346 1822 Λίϐυς
1381 1755 1556 1832 ἔλεγεν
1579 1803 1594 1831 ,
1621 1748 1701 1816 ὅτι
1734 1758 1954 1839 Πατὴρ,

362 1846 452 1904 καὶ
484 1849 644 1915 Υἱὸς,
675 1846 765 1904 καὶ
799 1848 1026 1922 Πνεῦμα
1059 1845 1235 1922 ἅγιον,
1283 1845 1517 1920 ὀνόματά
1566 1849 1678 1906 ἐστι
1713 1848 1846 1928 ψιλὰ
1881 1850 1956 1907 ἐνὶ

360 1936 632 2016 προσώπῳ
683 1934 1055 2013 ἐπιλεγόμενα,
1107 1935 1310 2018 ⁷1Λρειος
1359 1935 1572 2011 ἔλεγεν,
1619 1936 1698 1994 ὅτι
1751 1937 1952 2016 κτίσμα

361 2025 503 2083 ἐστὶν
536 2027 563 2083 6
598 2024 742 2091 Υἱός.
801 2023 1193 2103 Ἀπολλινάριος
1223 2028 1250 2082 6
1296 2024 1614 2096 Λαοδικεὺς,
1666 2025 1745 2083 ὅτι
1776 2027 1951 2107 ψυχὴν

361 2115 543 2194 νοερὰν
578 2117 672 2172 οὐχ
702 2113 892 2172 ἔλαϐεν
916 2113 986 2173 ⁶⁴.
1007 2111 1155 2194 ⁰Ορα
1185 2113 1380 2176 τοίνυν.
1407 2117 1521 2181 πῶς
1541 2115 1791 2174 πίπτουσι
1820 2117 1952 2176 πάν-

360 2227 442 2270 τες
468 2212 566 2284 μιᾷ
597 2202 784 2282 σχεδὸν
808 2202 1072 2282 μαχαίρᾳο
1097 2231 1118 2253 «
1141 2203 1236 2262 Ἐν
1269 2208 1444 2284 μορφῇ
1469 2208 1610 2263 Θεοῦ
1635 2205 1911 2286 ὑπάρχων.
1931 2235 1952 2260 υ

365 2296 488 2359 Πῶς
518 2289 628 2372 οὖν,
676 2295 724 2351 οἱ
773 2295 892 2372 περὶ
927 2295 1276 2371 Μάρκελλον,
1323 2294 1540 2368 λέγετε,
1595 2297 1675 2352 ὅτι
1719 2296 1954 2374 ἐνέργειά

363 2387 502 2442 ἐστιν
553 2388 580 2442 6
632 2383 825 2461 Λόγος,
878 2384 974 2440 οὐκ
1021 2383 1173 2440 οὐσία
1206 2384 1293 2454 δέ;
1350 2383 1542 2463 Μορφὴ
1593 2384 1696 2463 γὰρ
1745 2387 1954 2456 Θεοῦὴ

361 2474 511 2532 οὐσία
555 2472 795 2548 λέγεται,
839 2470 1024 2552 ὥσπερ
1077 2471 1254 2552 μορφὴ
1308 2471 1532 2544 δούλου,
1585 2477 1618 2543 ἡ
1667 2471 1817 2552 φύσις
1863 2480 1954 2532 τοῦ

361 2561 573 2623 δούλου.
605 2565 730 2628 Πῶς
766 2561 857 2618 καὶ
887 2559 950 2618 σὺ
969 2605 984 2634 ,
1011 2564 1039 2619 6
1070 2559 1435 2637 Σαμωσατεὺς
1455 2606 1471 2631 ,
1505 2560 1586 2619 ὅτι
1609 2562 1714 2621 ἀπὸ
1744 2561 1958 2640 Μαρίας

359 2651 594 2730 ἤρξατος
636 2653 966 2731 Προῦπῆρχε
1011 2648 1114 2730 γὰρ
1169 2652 1222 2708 ἐν
1257 2656 1433 2731 μορφῇ
1474 2651 1562 2708 καὶ
1596 2651 1748 2731 οὐσία
1779 2657 1951 2732 θεῖκῇ.

361 2741 524 2801 Ἀλλὰ
571 2740 661 2800 καὶ
699 2739 993 2800 Σαϐέλλιον
1044 2741 1307 2798 πίπτοντα
1357 2740 1455 2818 ὅρα
1485 2765 1497 2777 ·
1557 2763 1583 2797 (‹
1618 2742 1741 2819 Οὐχ
1772 2741 1954 2818 ἁρπα-

361 2830 518 2908 γμὸν,
544 2858 567 2882 ι)
586 2831 762 2910 φησὶν,
798 2858 822 2882 τι
850 2829 1093 2907 ἡγήσατο
1121 2830 1181 2888 τὸ
1205 2819 1342 2887 εἶναι
1364 2819 1462 2888 ’ἶσα
1499 2831 1643 2910 Θεῷ.
1667 2857 1692 2910 ιι
1723 2821 1870 2890 Ἷσον
1902 2833 1955 2889 δὲ

362 2920 450 2978 ἐπὶ
508 2919 618 2986 ἑνὸς
667 2918 954 2999 προσώπου
1005 2921 1064 2977 οὐ
1109 2918 1357 2997 λέγεται⁶
1405 2918 1465 2978 τὸ
1511 2909 1611 2998 γὰρ
1665 2909 1812 2991 ἶσον,
1854 2921 1956 2979 τινὶ

351 3002 490 3069 ἶσονο
521 3008 658 3068 ὥστε
693 3010 782 3068 δύο
823 3011 1088 3088 πρόσωπα
1120 3010 1354 3067 ἐντεῦθεν
1390 3008 1631 3088 φαίνεται
1650 3009 1724 3068 (⁵⁵.
1758 3008 1957 3088 Ἄρειος

363 3101 415 3158 δὲ
443 3099 528 3158 διὰ
544 3098 802 3158 πλειόνων
823 3099 1174 3179 χαθαιρεῖται.
1203 3124 1225 3149 «ι
1242 3099 1338 3157 Ἐν
1363 3104 1578 3179 μορφῇ»
1599 3097 1702 3178 γὰρ
1722 3125 1746 3149 α
1763 3102 1955 3172 Θεοῦ,ι›

359 3189 651 3258 τουτέστιν,
667 3187 842 3268 οὐσίᾳ*
865 3188 956 3245 καὶ
979 3192 1071 3246 οὐκ
1089 3175 1226 3259 εἷπε,
1255 3187 1492 3266 Γεγονὼς
1508 3235 1522 3261 ,
1547 3189 1666 3246 ἀλλ’
1695 3213 1720 3240 α
1750 3185 1957 3270 ⁸Υπάρ-

360 3302 489 3358 χων·
508 3306 529 3330 ιι
546 3278 726 3355 ὅμοιον
748 3283 845 3358 τῷ,
874 3304 896 3329 α
921 3276 1198 3358 ³Εγώ-ιεῖμι
1225 3281 1251 3336 6
1275 3275 1372 3336 ὤν.
1393 3303 1415 3328 υ
1447 3276 1579 3353 Καὶ,
1604 3303 1628 3330 κ
1647 3278 1768 3356 Οὖχ
1787 3277 1955 3357 ἅρπα-

358 3369 493 3448 γμὸν
539 3366 780 3443 ἡγήσατο
820 3365 880 3425 τὸ
929 3354 1182 3424 εἶναιῖσα
1230 3365 1374 3445 Θεῷ.
1410 3387 1436 3422 ι)
1487 3365 1656 3446 Ὁρᾷς
1699 3367 1792 3436 τὴν
1833 3367 1948 3424 ἰσό-

359 3445 526 3529 τητας
559 3459 686 3522 Πῶς
739 3445 829 3513 οὖν
865 3454 926 3512 σὺ
967 3454 1136 3532 λέγεις
1184 3453 1263 3512 ὅτι
1317 3453 1508 3530 μείζων
1564 3445 1618 3513 6r
1648 3453 1874 3533 Πατὴρ,
1923 3458 1951 3513 6

361 3546 414 3604 δὲ
449 3546 570 3613 Υἱὸς
620 3546 890 3620 ἐλάττων;
927 3543 1062 3603 Ἀλλ’
1093 3543 1192 3622 ὅρα
1235 3543 1330 3613 τὴν
1384 3542 1607 3614 ἀνόητον
1640 3544 1812 3602 αὐτῶν
1865 3543 1950 3602 ἔν-

361 3659 568 3694 στασιν.
608 3635 839 3714 Μικρὸς,
871 3634 1034 3714 φασὶ,
1075 3634 1211 3698 Θεὸς
1243 3629 1316 3688 ὢν
1347 3636 1375 3691 6
1409 3633 1530 3698 Υἱὸς
1550 3677 1565 3706 ,
1614 3632 1949 3714 οὗχᾼῆρπασε

359 3727 419 3784 τὸ
450 3713 704 3782 εἶναι’ἷσα
729 3712 818 3804 τῷ
867 3712 1086 3801 μεγάλῳ
1115 3724 1258 3803 Θεῷ.
1297 3724 1521 3802 Πρῶτον
1556 3720 1650 3796 μὲν
1686 3712 1794 3796 οὖν,
1827 3721 1952 3780 ποία

364 3814 548 3895 Γραφὴ
580 3816 815 3873 διδάσκει
850 3818 994 3887 ἡμᾶς
1025 3812 1209 3890 μικρὸν
1242 3812 1331 3869 καὶ
1360 3811 1525 3889 μέγαν
1565 3811 1748 3886 Θεόν;
1785 3817 1953 3870 ταῦτα

359 3905 462 3982 γὰρ
491 3908 594 3962 τῶν
625 3902 901 3974 Ἑλλήνων
947 3902 1098 3960 εἰσίν.
1143 3900 1276 3961 ⁴⁵Ὀτι
1307 3901 1360 3958 δὲ
1405 3903 1496 3960 καὶ
1542 3905 1568 3958 6
1611 3901 1739 3968 Υἱὸς
1789 3907 1956 3978 μέγας

359 3995 514 4060 Θεὸς,
542 3993 698 4052 ἄκουε
729 3991 969 4050 Παύλου-
1013 4012 1040 4045 ‹‹
1061 3989 1174 4061 Τὴν
1208 3990 1516 4071 ἐπιφάνειαν
1538 4038 1554 4068 ,
1583 4019 1606 4042 ιι
1639 3991 1790 4070 φησὶ,
1814 4017 1837 4043 α
1863 3997 1953 4050 τοῦ

361 4085 596 4160 μεγάλου
638 4085 779 4142 Θεοῦ
819 4081 907 4139 καὶ
952 4083 1204 4161 Σωτῆρος
1244 4084 1398 4158 ἡμῶν
1421 4080 1604 4153 Ἰησοῦ
1632 4080 1884 4160 Χριστοῦ.
1917 4102 1944 4137 ι)

360 4173 588 4233 Ἔπειτα
614 4218 629 4245 ,
665 4173 710 4228 εἰ
742 4173 792 4210 δδ
839 4170 1061 4248 μικρὸς,
1113 4173 1224 4238 πῶς
1256 4168 1316 4228 ἂν
1366 4169 1578 4249 ἥρπασε
1619 4168 1679 4228 τὸ
1709 4169 1957 4247 γενέσθαι

362 4261 553 4340 μέγας;
641 4260 783 4338 Πρὸς
834 4261 1035 4326 τούτοις
1089 4262 1116 4316 6
1171 4261 1388 4319 Παῦλον
1467 4257 1956 4340 ταπεινοφροσύνην

359 4353 624 4411 διδάσκειν
657 4349 900 4427 μέλλων,
949 4350 1144 4416 ἄτοπος
1182 4349 1244 4406 ἂν
1276 4341 1340 4420 ἦν
1372 4353 1524 4408 τοῦτο
1548 4349 1599 4386 ⁶⁷
1633 4352 1910 4427 παραινῶν
1943 4372 1956 4386 ο

361 4440 581 4512 Ἐπειδὴ
616 4439 842 4518 ὁμικρὸς
864 4439 1001 4507 Θεὸς
1031 4441 1108 4518 τῷ
1136 4437 1354 4517 μεγάλῳ
1384 4439 1511 4519 Θεῷ
1543 4440 1639 4496 οὐκ
1669 4437 1957 4510 ἐπανέστη,

359 4532 592 4612 ὀφείλετε
644 4529 736 4588 καὶ
780 4533 929 4604 ὑμεῖς
985 4531 1466 4587 ὗποταπεινοῦσθαι
1518 4527 1792 4598 ἀλλήλοις.
1877 4527 1957 4588 Τὸ

357 4621 460 4700 γὰρ
493 4620 567 4697 μὴ
617 4620 982 4689 ἐπαναστῆναι
1029 4620 1106 4697 τῷ
1156 4619 1395 4693 μείζονι,
1434 4617 1564 4675 ποία
1607 4641 1956 4698 ταπεινοφρο-

361 4697 528 4782 σύνῃ,
584 4706 873 4786 Ἀδυναμία
904 4706 1061 4785 μόνον
1085 4707 1138 4744 ⁰⁸
1170 4711 1344 4766 τοῦτο.
1383 4705 1460 4767 Τὸ
1497 4705 1551 4764 δὲ
1585 4705 1675 4765 τὸν
1714 4697 1958 4765 ἷσοννκαὶ

358 4797 690 4876 ὀμοδύναμον
723 4797 866 4876 Θεῷ,
901 4796 1089 4856 ἑκόντα
1125 4796 1176 4833 ⁶⁹
1207 4796 1481 4875 ἄνθρωπον
1514 4793 1778 4872 γενέσθαι,
1803 4800 1959 4854 τοῦτο

359 4888 698 4954 ταπείνωσις.
748 4889 938 4946 Ταῦτα
979 4883 1074 4963 μὲν
1131 4876 1218 4944 οὖν
1270 4888 1486 4952 ἱκανῶς.
1546 4884 1746 4944 Λοιπὸν
1782 4887 1877 4964 δρα
1908 4885 1960 4942 τί

363 5002 549 5059 φησιν·
581 5006 602 5029 ιι
625 4977 750 5056 Οὐχ
779 4975 1062 5055 ἁρπαγμὸν
1106 4975 1348 5053 ἡγήσατο
1375 4975 1436 5032 τὸ
1467 4965 1600 5033 εἶναι
1621 4964 1720 5032 ἶσα
1757 4977 1903 5053 Θεῷ.
1936 5001 1958 5027 η

358 5066 537 5128 θΟταν
568 5091 643 5132 τις
676 5065 895 5145 ἁρπάσῃ
944 5089 994 5123 τι
1021 5109 1037 5139 ,
1082 5063 1323 5146 φοϐεῖται
1367 5061 1656 5122 ἀποθέσθαι
1683 5063 1841 5137 αὐτὸ,
1870 5060 1958 5122 ἵνα

363 5156 440 5234 μὴ
472 5155 742 5235 ἀπολέσῃ,
789 5159 858 5221 ὡς
908 5159 1005 5233 οὐχ
1045 5157 1202 5212 αὓτοῦ
1245 5152 1330 5212 ὄν·
1376 5150 1499 5210 ὅταν
1545 5153 1600 5211 δὲ
1635 5152 1732 5231 ἔχῃ
1765 5176 1814 5210 τι
1856 5175 1958 5231 φυ-

363 5247 530 5320 σικὸν,
562 5247 790 5325 εὐχερῶς
834 5247 992 5303 αὐτοῦ
1038 5244 1396 5325 καταφρονεῖ,
1448 5242 1596 5308 εἰδὼς
1639 5242 1720 5298 ὅτι
1755 5241 1959 5300 ἀναπό-

363 5335 557 5404 ϐλητον
592 5334 722 5393 αὐτὸ
750 5333 863 5412 ἔχει
885 5334 956 5371 70'
999 5333 1096 5413 κᾶν
1127 5333 1249 5413 δόξῃ
1282 5330 1572 5391 ἀποθέσθαι
1594 5377 1607 5402 ,
1636 5331 1798 5390 πάλιν
1833 5330 1960 5396 αὐτὸ

364 5424 715 5507 ἀναλήψεται.
753 5423 935 5495 Φησὶν
969 5412 1081 5496 οῦν,
1104 5422 1186 5483 ὅτι
1215 5412 1242 5480 6
1267 5422 1394 5490 Υἱὸς
1425 5428 1517 5482 τοῦ
1540 5424 1682 5507 Θεοῦ
1712 5422 1808 5480 οὐκ
1840 5422 1960 5500 ἐφο-

436 5507 462 5546 ¹³
492 5497 707 5572 ΙΙὈοι.
741 5525 882 5579 vm,
913 5519 972 5569 9.
1058 5521 1080 5548 °
1110 5511 1284 5570 Exod.
1317 5527 1420 5583 ιιι,
1455 5515 1546 5567 14.
1620 5497 1647 5541 δ
1679 5511 1793 5567 Tit.
1834 5497 1889 5579 ι,
1911 5514 1997 5565 13.

1987 4664 2036 4726 D

2067 688 2260 745 tudine
2311 689 2673 761 superiorem,
2736 688 2992 746 intimum
3055 689 3290 761 factum,
3331 709 3499 766 quem
3552 710 3663 752 non

2066 779 2425 850 superborum
2463 779 2806 851 pudefaciat?

2136 961 2376 1017 Vnas.6.
2405 962 2510 1027 Qui
2541 977 2659 1016 cum
2683 962 2741 1014 in
2769 962 2949 1028 forma
2972 964 3071 1019 Dei
3086 966 3239 1026 esset,
3271 977 3376 1018 non
3407 966 3666 1036 rapinam

2065 1051 2372 1106 arbitratus
2401 1055 2482 1105 est
2504 1067 2616 1106 esse
2630 1066 2685 1106 se
2709 1053 2970 1120 aqualem
2993 1058 3120 1109 Deo.
3140 1055 3382 1110 Numera
3401 1062 3666 1125 quotnam

2063 1139 2190 1195 hinc
2217 1139 2457 1196 hmretici
2476 1139 2695 1196 cadant.
2731 1141 2937 1196 Marcio
2963 1141 3220 1198 Ponticus
3249 1141 3466 1198 dicebat
3489 1159 3663 1200 mun-

2067 1227 2203 1285 dum
2255 1236 2310 1284 et
2351 1245 2576 1285 carnem
2623 1244 2741 1284 esse
2782 1230 2924 1285 mala
2972 1249 2985 1284 :
3040 1230 3269 1302 proinde
3311 1247 3340 1286 a
3394 1235 3513 1287 Deo
3553 1250 3664 1288 non

2065 1326 2404 1392 assumptam
2439 1336 2554 1376 esse
2596 1319 2756 1374 hanc.
2792 1319 3090 1376 Marcellus
3126 1319 3396 1390 Galatius,
3429 1329 3483 1377 et
3521 1322 3664 1378 Pho-

2065 1409 2236 1477 tinus,
2304 1417 2359 1464 et
2403 1410 2764 1482 Sophronias,
2809 1409 3197 1466 asseverabant
3272 1411 3516 1467 Verbum
3564 1412 3667 1467 Dei

2066 1499 2346 1571 energiam
2381 1514 2520 1567 esse,
2563 1515 2674 1555 non
2733 1499 3031 1554 essentiam
3086 1500 3453 1570 personalem,
3509 1507 3668 1571 atque

2065 1587 2208 1643 hanc
2254 1588 2561 1644 inhabitare
2618 1588 2665 1644 ei
2712 1588 2805 1660 qui
2841 1603 2908 1644 ex
2964 1587 3172 1644 semine
3222 1589 3447 1646 Davidis
3503 1599 3664 1645 esset.

2065 1677 2272 1734 Paulus
2320 1678 2446 1732 dein
2487 1678 2885 1733 Samosatensis
2931 1677 3168 1744 dicebat,
3219 1678 3368 1750 quod
3399 1694 3466 1735 ex
3498 1680 3668 1734 Maria

2063 1767 2311 1823 habuerit
2340 1767 2677 1838 principium
2716 1767 2987 1822 essentiae.
3015 1767 3290 1824 Sabellius
3333 1775 3520 1824 autem
3552 1771 3668 1840 Ly-

1993 1856 2219 1939 Bbicus
2275 1856 2588 1912 afﬁrmabat
2649 1856 2798 1929 quod
2854 1860 3034 1923 Pater,
3106 1856 3274 1912 Filius
3325 1865 3380 1912 et
3431 1857 3668 1928 Spiritus

2067 1953 2304 2013 sanctus,
2344 1947 2570 2002 nomina
2621 1953 2804 2001 essent
2847 1943 3017 2012 nuda,
3063 1945 3158 2000 uni
3199 1961 3452 2016 persona:
3503 1947 3666 2002 attri-

2062 2034 2212 2090 buta.
2248 2033 2412 2090 Arius
2446 2034 2664 2090 dicebat
2722 2033 2912 2088 Filium
2945 2049 3064 2088 esse
3089 2043 3425 2089 creaturam.
3463 2035 3668 2106 Apolli-

2063 2121 2248 2175 uarius
2305 2121 2680 2185 Laodicensis,
2711 2122 2859 2192 quod
2900 2123 3147 2177 animam
3177 2123 3501 2178 rationalem
3552 2139 3668 2179 non

2062 2210 2354 2282 acceperit.
2394 2211 2536 2265 Vide
2562 2211 2728 2282 igitur
2774 2211 3053 2283 quomodo
3094 2213 3429 2274 occumbant
3472 2229 3666 2269 omnes

2062 2315 2176 2355 uno
2224 2300 2619 2371 propemodum
2658 2316 2788 2356 ense
2835 2301 3010 2358 :Cum
3037 2305 3094 2355 in
3141 2304 3321 2370 forma
3369 2305 3469 2358 Dei
3509 2309 3663 2359 esset.

2064 2389 2359 2458 Quomodo
2398 2390 2560 2460 igitur
2607 2405 2702 2445 vos
2757 2391 3092 2446 Marcelliani
3131 2391 3331 2460 dicitis,
3360 2391 3514 2462 quod
3542 2395 3672 2449 Ver-

2066 2480 2194 2535 bum
2238 2487 2321 2534 est
2350 2481 2593 2551 energia,
2631 2487 2687 2534 et
2721 2495 2832 2534 non
2876 2480 3183 2536 substantia
3216 2483 3240 2534 P
3269 2483 3473 2537 Forma
3514 2482 3669 2538 euim

2067 2569 2170 2624 Dei
2215 2570 2444 2624 essentia
2493 2569 2711 2638 dicitur,
2763 2567 3236 2638 quemadmodum
3287 2568 3464 2625 forma
3505 2573 3668 2638 servi,

2064 2667 2258 2714 natura
2306 2659 2468 2714 servi.
2514 2657 2810 2727 Quomodo
2851 2666 2906 2713 et
2940 2665 3022 2725 tu,
3057 2659 3485 2728 Samosatensis,
3513 2661 3670 2732 quod

2066 2763 2131 2802 ex
2186 2747 2407 2819 Virgine
2462 2747 2703 2817 primum
2757 2762 2874 2802 esse
2921 2763 3085 2802 suum
3113 2748 3458 2818 sumpserit?
3510 2758 3670 2804 antea

2064 2837 2212 2892 enim
2242 2845 2357 2892 erat
2407 2838 2460 2892 in
2507 2835 2684 2891 forma
2732 2835 3024 2907 divinaque
3057 2838 3310 2892 essentia.
3357 2838 3671 2907 Quinetiam

2064 2926 2358 2982 Sabellium
2393 2925 2685 2981 cadentem
2728 2925 3124 2981 animadverte.
3157 2926 3330 2998 438
3361 2931 3477 2984 Non
3509 2931 3668 2998 rapi-

2065 3032 2212 3077 nam,
2246 3015 2442 3087 inquit,
2479 3017 2788 3068 arbitratus
2838 3019 2918 3069 est
2961 3030 3068 3069 esse
3137 3031 3191 3069 se
3241 3016 3506 3085 (aqualem
3550 3020 3668 3072 Deo.

2068 3105 2292 3175 Aiquale
2336 3105 2405 3160 de
2459 3120 2563 3159 una
2595 3119 2824 3175 persona
2869 3119 2986 3158 non
3040 3103 3243 3159 dicitur
3276 3123 3288 3159 :
3323 3105 3476 3176 quod
3521 3106 3668 3161 enim

2066 3194 2278 3265 mquale
2337 3199 2441 3260 est,
2495 3192 2656 3248 alicui
2706 3199 2788 3247 est
2830 3191 3039 3263 aequale
3096 3204 3309 3264 :q‘uare
3367 3192 3494 3250 dua:
3544 3192 3673 3248 hinc

1982 3331 2026 3394 Ο
2069 3299 2315 3354 persona
2367 3281 2806 3337 manifestantur.
2860 3281 3028 3337 Arius
3056 3289 3246 3337 autem
3291 3281 3534 3353 pluribus
3582 3298 3674 3339 ra-

2060 3371 2298 3394 ..ζμ-31η--
2375 3371 2669 3394 .I..-...._:..-..
2751 3373 2805 3394 τ-.
2859 3373 3030 3394 ἰιι-..μμ-
3088 3371 3234 3394 Α-ξ...
3293 3373 3385 3394 Π-.’
3448 3371 3500 3394 .‘J
3563 3381 3642 3394 --ι

2060 3371 2300 3427 tionibus
2369 3371 2688 3426 destruitur.
2745 3373 2808 3425 In
2853 3373 3033 3437 forma
3085 3371 3237 3426 enim
3285 3373 3401 3434 Dei,
3448 3371 3500 3427 id
3559 3381 3673 3454 est,

2061 3459 2313 3515 essentia.
2339 3461 2411 3513 Et
2439 3475 2550 3513 non
2592 3458 2748 3524 dixit,
2798 3459 3012 3528 Factus,
3041 3459 3158 3526 sed,
3185 3461 3455 3515 Emistens.
3485 3460 3675 3517 Simile

2061 3557 2143 3604 est
2183 3547 2280 3616 illi,
2323 3551 2425 3615 Ego
2474 3564 2594 3601 sum
2642 3549 2744 3616 qui
2791 3562 2910 3600 sum
2936 3555 2956 3578 ε
2989 3588 3000 3600 .
3036 3550 3128 3614 Et,
3183 3550 3299 3605 Non
3338 3551 3674 3605 existimavit

2057 3641 2311 3708 rapinam
2347 3652 2458 3691 esse
2490 3652 2544 3691 se
2566 3636 2828 3704 (aqualem
2854 3639 2984 3691 Deo.
3027 3636 3220 3690 Cernis
3250 3636 3674 3706 aequalitatem?

2061 3723 2354 3796 Quomodo
2417 3725 2579 3795 igitur
2640 3731 2699 3778 tu
2748 3723 2881 3779 dicis
2943 3723 3091 3796 quod
3137 3724 3207 3778 sit
3253 3725 3434 3796 major
3485 3729 3670 3794 Pater,

2061 3817 2230 3872 Filius
2261 3823 2442 3870 autem
2485 3814 2708 3870 minor?
2741 3817 2815 3868 At
2870 3812 2991 3868 vide
3034 3812 3380 3884 insipientem
3437 3813 3662 3871 illorum

2059 3905 2436 3978 pertinaciam.
2529 3906 2759 3969 Parvus,
2810 3903 3086 3973 inquiunt,
3166 3902 3437 3958 exsistens
3517 3906 3670 3961 Deus

2061 3995 2254 4059 Filius,
2278 4010 2389 4048 non
2420 3993 2597 4064 rapuit
2622 3993 2721 4047 sibi
2749 4001 2809 4047 ut
2837 4001 2978 4047 esset
3007 3992 3232 4062 aequalis
3253 4000 3306 4046 ct
3330 4008 3431 4064 par
3462 4008 3666 4065 magno

2064 4088 2200 4140 Deo.
2249 4083 2503 4137 Primum
2551 4079 2799 4153 quidem,
2847 4096 2970 4152 quae
3025 4081 3306 4152 Scriptura
3365 4079 3529 4137 docet
3565 4099 3671 4139 nos

2065 4188 2294 4246 parvum
2341 4187 2458 4228 esse
2491 4179 2546 4226 et
2575 4186 2840 4241 magnum
2861 4173 3042 4226 Deum
3072 4172 3094 4224 ξ’
3142 4169 3260 4226 haec
3287 4170 3441 4226 enim
3469 4170 3666 4228 inﬁde-

2066 4264 2197 4318 lium
2246 4270 2374 4318 sunt
2423 4262 2761 4317 Graecorum.
2813 4258 2973 4329 Quod
3005 4267 3190 4316 autem
3235 4268 3291 4316 et
3327 4260 3498 4317 Filius
3546 4277 3668 4318 ma-

2064 4367 2205 4424 gnus
2245 4355 2392 4407 Deus
2419 4350 2508 4417 sit,
2532 4349 2661 4406 audi
2691 4349 2956 4404 Paulum:
2998 4351 3443 4420 Apparitio-nem,
3473 4350 3666 4424 inquit,

2064 4443 2249 4512 magni
2269 4442 2364 4496 Dei
2380 4445 2428 4495 et
2451 4441 2761 4497 Servatoris
2782 4441 2961 4494 nostri
2978 4442 3102 4494 Jesu
3123 4439 3330 4494 Christi
3346 4441 3374 4482 ἀ
3402 4481 3412 4493 .
3432 4440 3667 4508 Deinde,

2065 4531 2108 4587 si
2134 4545 2356 4602 parvus,
2384 4528 2669 4601 quomodo
2699 4528 2934 4599 arripuit
2980 4527 3083 4583 sibi
3115 4535 3175 4581 ut
3212 4543 3446 4600 magnus
3477 4533 3668 4584 esset?

2067 4623 2358 4687 Praeterea,
2388 4618 2544 4675 divus
2595 4617 2799 4674 Paulus
2849 4616 3216 4672 humilitatem
3247 4616 3534 4680 docturus,
3571 4616 3667 4674 ab-

2067 4709 2266 4766 surdus
2315 4718 2458 4765 esset
2488 4708 2531 4764 si
2566 4707 2670 4764 hoc
2707 4707 3010 4763 suasisset:
3056 4705 3197 4776 Quia
3255 4720 3459 4776 parvus
3517 4709 3670 4764 Deus

2069 4815 2272 4873 magno
2298 4802 2417 4855 Deo
2463 4814 2574 4854 non
2621 4796 2844 4868 restitit,
2880 4795 3099 4851 debetis
3127 4804 3183 4852 et
3219 4810 3316 4851 vos
3341 4795 3474 4852 alter
3511 4797 3665 4852 alteri

2067 4888 2338 4946 submitti.
2380 4891 2525 4945 Nam
2562 4886 2738 4959 qualis
2784 4885 2974 4941 isthaec
3013 4893 3096 4939 est
3142 4884 3473 4953 humiliatio,
3517 4886 3667 4956 quod

2068 4980 2250 5035 minor
2276 4977 2537 5034 adversus
2566 4975 2837 5048 majorem
2858 4990 2968 5029 non
3003 4974 3297 5047 insurgat?
3330 4975 3667 5046 impotentia

2067 5069 2237 5125 solius
2264 5073 2346 5124 est
2374 5065 2540 5122 istud.
2579 5068 2835 5120 Attamen
2873 5079 3083 5135 parem,
3135 5072 3190 5119 et
3244 5062 3498 5135 ejusdem
3534 5080 3665 5120 cum

2071 5162 2188 5214 Deo
2222 5157 2502 5229 potentiae,
2526 5162 2725 5226 sponte
2761 5152 3044 5214 hominem
3091 5150 3300 5208 factum
3345 5168 3485 5223 esse,
3529 5153 3668 5211 istuc

2069 5263 2202 5304 sane
2221 5254 2306 5303 est
2347 5244 2674 5301 humiliatio.
2714 5245 2850 5299 Haec
2877 5240 3042 5314 igitur
3072 5241 3290 5298 abunde
3319 5243 3472 5299 satis.
3495 5243 3670 5299 Dein-

2069 5351 2218 5408 ceps,
2275 5333 2650 5390 animadverte
2707 5330 2843 5404 quid
2882 5330 3028 5387 dicat
3075 5333 3241 5388 :Non
3289 5337 3370 5386 est
3413 5334 3668 5404 rapinam

2071 5427 2380 5482 arbitratus
2437 5437 2546 5480 esse
2593 5437 2646 5479 se
2670 5419 2932 5492 aequalem
2990 5423 3114 5477 Deo.
3175 5420 3232 5477 Si
3291 5419 3412 5493 quis
3465 5421 3670 5494 aliquid

1789 5589 1978 5649 Variae
2023 5588 2326 5650 lectiones.

439 5694 484 5729 ⁸⁸
511 5693 673 5766 τρέψει
703 5707 756 5748 0.
827 5691 876 5731 ⁸³
906 5696 980 5758 τῷ
1003 5706 1058 5748 0.
1139 5691 1184 5725 ⁸⁸
1211 5691 1450 5747 ἀνέλαϐεν
1481 5707 1534 5749 0.
1619 5689 1668 5726 ⁸⁵
1692 5691 1956 5762 φαίνονται

2123 5685 2167 5720 ⁵⁸
2192 5684 2222 5738 6
2247 5700 2304 5744 ο.
2376 5685 2421 5722 ⁸⁷
2450 5684 2580 5741 οὕτω
2609 5697 2669 5742 0.
2745 5680 2790 5719 ⁸³
2819 5683 2911 5757 μὲν
2938 5677 3028 5737 οὖν
3055 5697 3111 5740 0.
3188 5681 3416 5755 5°;6po'6.
3449 5682 3576 5738 Θεὸν
3614 5699 3672 5743 0.

365 5775 409 5812 ⁷ο
436 5775 566 5844 ἔχων
595 5791 652 5832 ο.

652 5867 888 5923 ΡΑτιιοι..
919 5865 1022 5923 Gn.
1059 5865 1281 5922 CXXIV.

3286 5858 3356 5911 87
