4124 6426
445 440 461 487 ι
483 438 576 489 163
1425 429 1940 487 THEOPHYLACTI
1980 432 2043 487 BI

2157 433 2334 489 ARle
2371 432 2689 490 ARCHIEP.
3607 426 3748 482 1164

439 559 695 628 rapuerit,
751 557 948 614 metuit
993 555 1267 628 deponere
1317 553 1449 610 illud
1487 571 1556 611 ne
1609 556 1850 625 amittat,
1899 564 2030 614 tan-

2154 558 2292 633 ϐήθη
2321 558 2623 629 καταϐῆναι
2655 559 2748 616 τοῖ’)
2777 554 2972 614 οἰκείου
3019 553 3338 628 ἀξιώματος,
3384 551 3451 610 δι’
3476 550 3528 642 ..ὃ
3568 550 3748 642 7⁸..οὗκ

435 663 600 718 quam
639 647 809 721 ipsius
865 662 977 702 non
1009 645 1096 701 sit.
1129 645 1224 700 Sin
1266 642 1570 716 quidquam
1615 660 1647 700 a
1707 652 1901 702 natura
1941 646 2036 704 ha-

2154 629 2291 727 εἶχεν
2317 648 2368 716 ἐξ
2400 648 2646 728 ἁρπαγῆς
2677 651 2831 704 τοῦτο
2862 644 2935 716 72,
2963 643 3098 725 φημὶ
3146 641 3211 713 δὴ
3239 641 3334 715 τὸ,
3363 643 3424 700 τὸ
3456 631 3593 700 εἶναι
3625 629 3749 705 ¹ἶσος

431 738 574 803 beat,
614 736 777 793 facile
833 734 977 792 illud
1029 743 1370 807 aspernatur,
1431 734 1608 790 sciens
1639 733 1694 792 id
1727 750 1787 791 se
1826 736 2032 793 habere

2154 739 2218 817 τῷ
2269 739 2395 817 Θεῷ
2440 738 2533 796 καὶ
2588 736 2795 814 Πατρὶ,
2853 733 2992 792 ἀλλὰ
3046 731 3265 811 φυσικὸν
3315 733 3478 788 αὑτοῦ
3529 729 3745 807 ἀξίωμα

427 825 576 896 quod
605 826 784 882 amitti
813 833 1078 898 nequeat;
1127 833 1182 880 et
1210 824 1254 879 si
1286 823 1562 896 deponere
1599 823 1868 895 videatur,
1917 843 2038 883 rur-

2154 835 2294 886 τοῦτο
2347 825 2623 904 ἐγίνωσκε.
2678 825 2774 884 Διὸ
2819 822 2910 881 καὶ
2955 824 3348 892 ταπεινωθῆναι
3401 817 3612 892 εἵλετο,
3668 821 3742 885 ὥς

431 930 554 970 sum
583 915 764 986 ipsum
793 914 1044 986 recipiet.
1078 912 1170 969 Ait
1192 929 1322 986 ergo
1347 931 1360 968 :
1391 912 1552 970 Filius
1571 913 1672 970 Dei
1694 930 1808 970 non
1833 916 2032 972 metuit

2154 915 2238 974 καὶ
2273 919 2324 974 ἐν
2361 919 2428 995 τῇ
2453 914 2770 975 ταπεινώσει
2799 915 2860 973 τὸ
2884 913 3011 993 ὕψος
3043 915 3201 969 αὑτοῦ
3235 911 3411 990 τηρῶν
3446 910 3521 970 ⁷³.

430 1003 770 1060 descendere
798 1001 867 1059 de
891 1003 1109 1076 propria
1130 1001 1435 1075 dignitate,
1473 1002 1920 1076 quandoquidem
1947 1020 2070 1064 eam
2104 1027 2214 1068 non
2255 1013 2495 1069 habebat
2521 1029 2586 1069 ex
2622 1012 2838 1084 rapina,
2869 1010 3131 1066 nimirum
3159 1008 3308 1081 quod
3350 1014 3494 1064 esset
3521 1006 3750 1078 aequalis

433 1098 553 1150 Deo
620 1093 788 1163 Patri,
850 1093 949 1150 sed
987 1093 1295 1149 naturalem
1349 1091 1450 1148 sibi
1506 1092 1650 1148 hanc
1715 1092 2036 1166 dignitatem
2095 1103 2447 1174 agnoscebat.
2481 1105 2779 1174 Propterea
2826 1108 2881 1158 et
2929 1098 3202 1156 humiliari
3239 1097 3421 1170 elegit,
3479 1105 3744 1168 tanquam

431 1182 483 1237 in
517 1184 620 1239 ista
661 1183 1043 1241 humiliationc
1072 1181 1417 1238 altitudinem
1447 1197 1606 1238 suam
1635 1198 1882 1241 servans.

503 1275 679 1330 Vnus.
701 1279 756 1328 7.
784 1273 890 1330 Sed
903 1274 1244 1343 semetipsum
1272 1273 1597 1336 eminanivit,
1622 1274 1864 1340 formam
1894 1277 2044 1332 servi

432 1363 710 1433 accipiens.
782 1361 897 1418 Ubi
944 1370 1074 1419 sunt
1136 1361 1228 1434 qui
1279 1361 1494 1431 dicunt,
1546 1362 1694 1433 quod
1751 1363 1948 1420 invitus
1988 1374 2042 1422 et

431 1450 754 1507 mandatum
777 1450 1013 1523 implens
1033 1450 1418 1508 descenderit?
1436 1450 1683 1507 Audiant
1724 1453 1872 1524 quod
1903 1455 2043 1527 seip-

435 1553 562 1595 sum
611 1539 975 1597 exinaniverit
1018 1555 1120 1597 ceu
1170 1540 1460 1609 Dominus,
1517 1555 1581 1595 ac
1632 1549 1898 1613 tanquam
1952 1545 2039 1600 sui

2236 1303 2264 1338 α
2292 1280 2435 1343 Ἀλλ’
2465 1282 2652 1342 ἑαυτὸν
2683 1282 2943 1354 ἐκένωσε,
2990 1275 3199 1360 μορφὴν
3245 1276 3429 1336 δούλου
3458 1274 3667 1339 λαϐών.
3710 1300 3742 1332 ι

2156 1372 2272 1429 Ποῦ
2321 1374 2368 1431 οἳ
2411 1372 2689 1450 λέγοντες,
2736 1370 2816 1429 ὅτι
2864 1368 3008 1428 ἄκων
3063 1367 3154 1426 καὶ
3202 1365 3476 1446 ἐπίταγμα
3525 1367 3749 1444 πληρῶν

2149 1459 2388 1536 κατέϐης
2439 1460 2800 1521 Ἀκουέτωσαν
2849 1459 2932 1517 ὅτι
2986 1457 3170 1516 ἑαυτὸν
3203 1455 3460 1516 ἐκένωσεν
3482 1501 3499 1530 ,
3535 1457 3606 1522 ὥς
3637 1455 3750 1515 Κύ-

2153 1571 2283 1627 ριος,
2313 1553 2383 1618 ὡς
2427 1550 2759 1619 αὖτεξούσιος
2785 1594 2797 1607 .
2847 1576 2871 1601 α
2894 1545 3124 1628 Μορφὴν
3152 1545 3206 1605 δὲ
3244 1544 3452 1618 δούλου,
3486 1573 3509 1598 ιι
3537 1543 3702 1604 εἰπὼν
3726 1590 3743 1620 ,

425 1628 589 1700 juris.
648 1632 898 1685 Formam
936 1637 1123 1686 autem
1175 1631 1318 1684 servi
1368 1628 1582 1695 dicens,
1628 1631 2036 1701 Apollinarium

2154 1637 2550 1720 Ἀπολλινάριον
2601 1639 2864 1720 ἐντρέπει.
2945 1637 3014 1697 Ὀ
3066 1636 3116 1674 ⁷⁴
3164 1635 3265 1726 γὰρ
3323 1633 3750 1726 μορφὴνηῆτοι

436 1715 732 1788 pudefacit.
763 1717 872 1790 Qui
897 1716 1045 1772 enim
1080 1715 1322 1772 formam
1357 1717 1470 1773 sive
1489 1717 1863 1776 substantiam
1895 1724 2040 1780 servi

435 1807 645 1879 accipit,
670 1805 998 1862 rationalem
1025 1806 1250 1862 omnino
1279 1807 1526 1863 animam
1554 1808 1746 1864 habet.

506 1899 571 1952 In
593 1897 957 1952 similitudine
975 1897 1255 1952 hominum
1288 1900 1487 1964 factus.
1525 1898 1632 1954 Hic
1672 1901 2041 1959 Marcionistm

437 1984 645 2056 dicunt,
711 1985 860 2058 quod
917 1993 1251 2058 apparenter
1310 1986 1624 2043 incarnatus
1677 1996 1814 2044 erat.
1874 1990 2042 2052 Vides

436 2076 605 2145 enim,
626 2075 900 2146 inquiunt,
930 2074 1213 2146 quomodo
1239 2075 1444 2132 Paulus
1471 2085 1749 2133 asseverat
1771 2078 2041 2135 similitu-

435 2164 624 2221 dinem
651 2180 784 2221 eum
830 2164 1075 2220 hominis
1114 2164 1416 2236 accepisse,
1457 2180 1521 2221 ac
1564 2165 1620 2221 in
1645 2166 1880 2240 ﬁguram
1936 2169 2043 2225 hu-

436 2270 664 2312 manam
697 2253 1154 2310 transformatnm
1208 2269 1348 2323 esse,
1393 2270 1510 2310 non
1540 2257 1775 2313 essentia
1825 2257 2039 2316 factum

437 2343 773 2400 hominem?
811 2342 957 2412 Quid
1016 2343 1182 2416 igitur
1225 2347 1344 2400 est?
1373 2343 1648 2402 Dominus
1702 2362 1816 2403 non
1855 2350 2039 2406 omnia

437 2440 628 2489 nostra
653 2431 890 2488 habebat
917 2431 1110 2504 439,
1135 2432 1230 2488 sed
1268 2440 1322 2488 et
1349 2432 1602 2504 quaedam
1628 2450 1744 2491 non
1773 2436 2038 2506 habebat,

438 2523 603 2579 veluti
654 2522 805 2579 nasci
853 2537 917 2578 ex
975 2521 1274 2578 concubitu
1324 2529 1378 2578 et
1427 2539 1671 2595 peccare.
1743 2529 1869 2582 Non
1923 2536 2043 2584 erat

437 2620 627 2668 autem
676 2609 1032 2668 solummodo
1085 2611 1235 2683 quod
1279 2613 1577 2684 apparebat
1614 2622 1672 2670 et
1727 2615 2038 2684 videbatur,

413 2701 800 2758 .verumetiam
845 2705 997 2756 Deus
1060 2719 1074 2756 :
1122 2716 1237 2756 non
1282 2709 1402 2757 erat
1442 2701 1626 2758 nudus
1681 2702 1870 2761 homo.
1918 2709 2044 2762 Pro-

438 2800 620 2861 pterea
647 2790 843 2863 inquit,
874 2793 940 2846 In
983 2792 1345 2846 similitudine
1393 2792 1689 2848 hominum.
1722 2795 1845 2850 Nos
1893 2795 2041 2852 enim

2153 1727 2249 1800 τὴν
2298 1731 2452 1810 φύσιν
2497 1736 2589 1790 τοῦ
2641 1729 2827 1789 δούλου
2877 1725 3094 1800 λαϐὼν,
3141 1725 3232 1784 καὶ
3288 1725 3469 1805 νοερὰν
3527 1722 3745 1791 πάντως

2153 1819 2328 1899 ψυχὴν
2359 1819 2491 1900 ἔχει.

2235 1936 2257 1960 α
2292 1909 2386 1970 Ἐν
2428 1908 2728 1986 ὁμοιώματι
2769 1905 3058 1986 ἀνθρώπων
3089 1903 3378 1985 γενόμενος.
3404 1926 3431 1961 ι)
3471 1902 3747 1964 Ἐνταῦθα

2153 2001 2200 2056 οἱ
2252 1999 2662 2078 Μαρκιωνισταί
2711 2021 2902 2078 φασιν,
2949 1996 3029 2055 ὅτι
3058 1993 3199 2054 κατὰ
3245 1993 3539 2072 φαντασίαν
3591 1996 3753 2073 ἐσαρ-

2151 2089 2318 2161 κώθη.
2361 2087 2532 2169 ⁶Ορᾷς
2560 2089 2687 2167 γὰρ,
2722 2085 2882 2168 φασὶ,
2914 2087 3026 2151 πῶς
3056 2088 3083 2143 ὁ
3116 2084 3324 2149 Παῦλος
3361 2082 3613 2159 ὁμοίωμα
3643 2085 3744 2140 ἀν-

2153 2179 2361 2255 θρώπου
2399 2179 2525 2258 [οὐ]
2555 2176 2736 2236 λαϐεῖν
2769 2198 2928 2256 φησιν
2949 2174 3128 2247 αὐτὸν,
3152 2173 3243 2231 καὶ
3268 2173 3742 2258 σχηματίσασθαι,

2151 2266 2269 2346 οὐχὶ
2320 2266 2472 2347 οὐσίᾳ
2504 2251 2764 2343 ’γενέσθαι
2822 2265 3140 2347 ἄνθρωπονὲ
3189 2261 3259 2322 Τί
3304 2251 3392 2320 οὖν
3451 2264 3626 2336 ἐστιν,
3677 2263 3750 2321 Ὀ

2157 2342 2349 2433 Κῦνριος
2400 2342 2464 2415 οὗ.
2495 2342 2674 2415 πάντα
2699 2353 2766 2412 τὰ
2810 2342 3048 2433 ἡμέτερα
3079 2342 3219 2433 εἶχεν
3239 2396 3257 2424 ,
3290 2349 3430 2409 ἀλλὰ
3481 2349 3576 2410 καί
3625 2373 3747 2410 τινα

2150 2445 2244 2503 οὐκ
2275 2434 2418 2525 εἶχεν
2439 2490 2456 2519 ,
2485 2434 2590 2504 οἶον
2609 2489 2626 2518 ,
2656 2444 2715 2502 τὸ
2743 2443 2848 2502 ἀπὸ
2878 2442 3158 2525 συνουσίας
3379 2443 3659 2520 τεχθῆναι,
3692 2438 3754 2498 τὸ

2151 2524 2415 2615 ἁμαρτίαν
2449 2535 2474 2614 [
2497 2533 2606 2611 μὴ]
2637 2538 2882 2606 ποιῆσαι.
2917 2535 3034 2615 Οῧρκ
3054 2524 3118 2604 ῆν
3145 2530 3198 2589 δὲ
3225 2531 3283 2589 τὸ
3309 2531 3624 2610 φαινόμενον
3654 2529 3753 2606 μό·

2151 2648 2235 2683 νον
2254 2613 2280 2697 ,-
2319 2613 2461 2684 ἀλλᾶ
2505 2624 2598 2683 καὶ
2636 2624 2802 2690 Θεός’
2853 2625 2946 2682 οὐκ
2975 2613 3042 2694 ἦν
3094 2619 3247 2702 ψιλὸς
3295 2619 3590 2699 ἄνθρωπος.
3649 2619 3753 2679 Διὰ

2149 2712 2303 2772 τοῦτό
2333 2737 2492 2794 φησιν
2520 2736 2533 2750 ·
2586 2735 2616 2772 α
2645 2713 2743 2773 Ἐν
2793 2711 3095 2789 ὁμοιώματι
3143 2708 3454 2790 ἀνθρώπων.
3495 2737 3519 2761 ιο
3557 2708 3753 2785 Ἡμεῖς

2150 2802 2244 2880 μὲν
2276 2801 2379 2883 γὰρ
2407 2802 2553 2884 ψυχὴ
2585 2803 2676 2862 καὶ
2710 2806 2868 2878 σῶμα
2894 2826 2907 2839 ·
2937 2803 3131 2868 ἐκεῖνος
3159 2798 3213 2858 δὲ
3243 2799 3390 2880 ψυχὴ
3430 2798 3521 2858 καὶ
3552 2803 3714 2875 σῶμα
3733 2843 3750 2873 ,

440 2881 621 2936 anima
648 2889 703 2935 et
724 2895 923 2951 corpus
946 2895 1171 2949 sumus;
1204 2881 1252 2936 is
1279 2889 1467 2936 autem
1518 2882 1705 2938 anima
1738 2891 1796 2940 et
1814 2899 2039 2956 corpus,

2154 2891 2242 2950 καὶ
2269 2881 2434 2960 Θεόςλ
2470 2881 2587 2952 ἐπεὶ
2615 2891 2706 2952 καὶ
2739 2891 2863 2949 ὅταν
2892 2890 3056 2970 λέγῃ,
3091 2912 3122 2949 ιι
3151 2887 3248 2950 Ἐν
3275 2889 3579 2966 ὁμοιώματι
3614 2911 3750 2966 σαρ-

441 2980 494 3025 ct
524 2971 684 3026 Deus.
728 2971 871 3025 Nam
896 2984 1023 3025 cum
1051 2969 1222 3039 dicat,
1244 2973 1308 3025 In
1326 2970 1688 3026 similitudine
1722 2975 1912 3029 carnis
1929 2991 2043 3045 pec-

441 3062 570 3128 cati,
619 3075 735 3116 non
785 3059 892 3115 hoc
945 3058 1096 3126 dicit,
1151 3058 1302 3130 quod
1359 3075 1585 3115 carnem
1634 3077 1749 3116 non
1796 3063 2046 3120 habuerit

441 3163 630 3204 verum
657 3147 807 3220 quod
827 3163 955 3202 caro
991 3147 1080 3202 illa
1115 3163 1224 3202 non
1262 3147 1517 3219 peccarit,
1551 3147 1648 3205 sed
1695 3149 1898 3208 similis
1928 3162 2047 3209 erat

441 3238 722 3309 peccatrici
766 3235 1073 3292 secundum
1116 3244 1394 3308 naturam,
1429 3253 1540 3292 non
1583 3240 1888 3296 secundum
1925 3258 2043 3298 ma-

440 3327 635 3384 litiam.
683 3325 1170 3396 Quemadmodum
1204 3325 1368 3399 igitur
1434 3326 1544 3382 illic
1594 3328 1774 3384 simile
1828 3339 1934 3400 est,
1975 3349 2041 3388 eo

441 3415 590 3489 quod
615 3432 730 3472 non
753 3416 937 3471 omnia
967 3415 1075 3471 sint
1107 3415 1332 3488 aequalia
1366 3435 1378 3470 :
1425 3416 1505 3472 sic
1553 3425 1604 3472 et
1656 3418 1741 3473 hic
1781 3419 2042 3478 similitu-

443 3507 626 3563 dinem
656 3506 809 3575 dicit,
857 3505 1007 3579 quod
1047 3523 1161 3563 non
1197 3507 1270 3563 sit
1296 3514 1458 3562 natus
1501 3522 1566 3563 ex
1608 3509 1934 3582 concubitu,
1987 3520 2046 3569 et

443 3597 570 3669 quia
595 3596 653 3652 in
679 3612 808 3653 eum
832 3612 944 3653 non
973 3595 1129 3653 cadat
1179 3605 1487 3670 peccatum,
1529 3605 1586 3654 et
1623 3599 1775 3671 quod
1815 3616 1927 3657 non
1969 3602 2044 3658 sit

447 3684 624 3742 nudus
666 3684 860 3742 homo.

516 3777 688 3833 Vens.
720 3781 778 3831 8.
805 3779 876 3834 Et
901 3779 1087 3847 ﬁgura
1140 3779 1386 3834 inventus
1413 3782 1475 3833 ut
1515 3779 1684 3835 homo.
1715 3779 1856 3850 Quia
1890 3780 2040 3838 dixe-

441 3873 549 3935 rat,
614 3869 869 3939 Seipsum
924 3869 1260 3931 exinanivit,
1325 3883 1395 3924 ne
1469 3869 1935 3939 permutationem
1989 3880 2044 3928 et

443 3955 986 4013 transformationem
1037 3957 1323 4030 negotium
1383 3972 1504 4014 esse
1552 3958 1860 4030 arbitreris,
1922 3961 2043 4017 ait:

2151 2981 2240 3048 κὸς
2297 2980 2652 3062 ἇμαρτίας,»
2723 2983 2780 3040 οὖ
2839 2985 2994 3040 τοῦτο
3049 2979 3227 3058 λέγει,
3287 2975 3370 3038 ὅτι
3425 2978 3600 3058 σάρκα
3654 2979 3750 3036 οὐκ

2155 3061 2326 3150 εἶχεν,
2373 3073 2492 3130 ἀλλ’
2523 3069 2603 3129 ὅτι
2655 3075 2688 3143 ἡ
2739 3069 2870 3149 σὰρξ
2923 3069 3097 3140 ἐκείνη
3151 3071 3252 3149 οὐχ
3306 3067 3577 3148 ἥμαρτεν,
3631 3069 3755 3125 ἀλλ’

2155 3163 2310 3236 ὁμοία
2339 3151 2402 3231 ἦν
2432 3164 2498 3238 τῇ
2523 3159 2828 3239 ἁμαρτωλῷ
2857 3158 2998 3218 κατὰ
3027 3160 3122 3231 τὴν
3157 3159 3312 3240 φύσιν
3338 3202 3353 3232 ,
3401 3159 3460 3216 οὗ
3485 3155 3628 3215 κατὰ
3656 3154 3758 3228 τὴν

2154 3248 2366 3312 κακίαν.
2402 3247 2623 3329 σΩσπερ
2645 3238 2738 3309 οὖν
2781 3252 2889 3308 ἐκεῖ
2918 3249 2978 3306 τὸ
3007 3238 3226 3326 ὅμοιον,
3255 3248 3341 3306 διὰ
3371 3249 3430 3305 τὸ
3463 3246 3537 3325 μὴ
3573 3245 3755 3305 πάντα

2154 3330 2287 3398 εἶναι
2331 3329 2431 3398 ἶσα
2455 3359 2469 3373 '
2510 3339 2650 3398 οὕτω
2679 3339 2770 3398 καὶ
2807 3341 3030 3398 ἐνταῦθα
3060 3339 3120 3396 τὸ
3150 3338 3428 3416 ὁμοίωμα,
3461 3336 3550 3396 διὰ
3577 3335 3639 3395 τὸ
3671 3335 3748 3412 μὴ

2153 3431 2212 3488 ἐκ
2242 3426 2516 3497 συνουσίας
2557 3434 2812 3508 τεχθῆναι
2835 3477 2848 3499 ,
2899 3427 2987 3488 διὰ
3029 3427 3089 3486 τὸ
3121 3429 3528 3509 ἀναμάρτητον,
3576 3425 3664 3485 διὰ
3692 3425 3757 3484 τὸ

2154 3517 2228 3596 μὴ
2260 3518 2411 3598 ψιλὸν
2442 3507 2716 3598 ἄνθρωπον
2746 3507 2905 3581 εἶναι.

2235 3819 2258 3843 κ
2313 3793 2418 3852 Καὶ
2449 3790 2692 3872 σχήματι
2741 3792 2968 3872 εὑρεθεὶς
3013 3795 3084 3861 ὡς
3115 3793 3400 3874 ἅνθρωπος.
3439 3820 3465 3844 υ
3518 3791 3742 3863 Ἐπειδὴ

2153 3871 2303 3940 εἶπεν
2325 3926 2341 3953 ,
2369 3880 2450 3940 ὅτι
2477 3871 2826 3941 «ίἘκένωσεν
2857 3882 3041 3941 ἑαυτὸν
3066 3928 3083 3957 ,
3121 3910 3146 3937 ι»
3195 3871 3287 3941 ἵνα
3332 3882 3407 3959 μὴ
3445 3880 3749 3961 μεταϐολὴν

2153 3972 2374 4054 νομίσῃς
2424 3971 2485 4031 τὸ
2516 3983 2742 4053 πρᾶγμα
2791 3972 2882 4032 καὶ
2929 3972 3304 4048 μετάπτωσιν,
3354 3973 3485 4054 φησί
3513 3995 3527 4009 ο
3563 3971 3757 4032 Μένων

443 4049 677 4104 Manens
695 4047 841 4119 quod
867 4055 1005 4116 erat,
1039 4046 1332 4118 assumpsit
1359 4046 1508 4118 quod
1542 4063 1652 4102 non
1683 4059 1823 4114 erat,
1852 4058 2043 4106 natura

2157 4062 2182 4121 ὃ
2213 4053 2274 4132 ἦν
2296 4046 2536 4133 ,νέλαϐεν
2624 4046 2717 4121 οὒκ
2748 4055 2828 4134 ἦν.
2873 4046 3001 4142 Οὖχ
3031 4068 3065 4134 ἡ
3098 4063 3248 4144 φύσις
3280 4046 3596 4138 μετέπεσεν,
3628 4064 3755 4120 ἀλλ’

444 4152 556 4194 non
591 4145 676 4192 est
697 4139 753 4192 iu
793 4136 940 4194 aliud
977 4143 1209 4204 mutata,
1240 4134 1337 4191 sed
1387 4136 1442 4190 in
1507 4135 1677 4209 ﬁgura
1724 4136 1905 4196 factus
1943 4149 2046 4208 est,

447 4225 554 4282 hoc
588 4233 692 4294 est,
733 4225 790 4279 in
840 4240 1005 4281 carne
1045 4243 1058 4278 :
1109 4224 1288 4279 carnis
1327 4224 1472 4279 enim
1502 4235 1586 4280 est
1628 4225 1875 4300 ﬁgurari.
1908 4231 2050 4287 Cum

445 4315 596 4371 enim
646 4313 890 4378 dixisset,
963 4317 1226 4369 Formam
1278 4316 1428 4368 serui
1463 4319 1686 4386 accepit,
1743 4334 1914 4374 ausus
1967 4329 2052 4376 est

443 4403 673 4475 posthac
719 4412 776 4459 et
813 4401 963 4460 istud
994 4402 1192 4471 dicere,
1224 4411 1486 4476 tanquam
1528 4404 1662 4462 illud
1691 4406 1838 4463 hisce
1879 4408 2046 4465 silen-

449 4493 591 4550 tium
627 4491 912 4549 indiceret.
945 4491 1180 4549 Pulchre
1203 4500 1391 4550 autem
1417 4493 1574 4565 dixit,
1620 4498 1687 4552 Ut
1707 4497 1857 4553 homo
1887 4517 1903 4552 :
1933 4515 2049 4555 non

447 4584 603 4640 enim
630 4591 750 4640 erat
771 4598 916 4640 unus
937 4599 1005 4639 ex
1028 4583 1235 4648 multis,
1263 4581 1381 4652 sed,
1412 4583 1560 4640 velut
1581 4601 1722 4642 unus
1741 4603 1807 4643 ex
1835 4587 2048 4646 multis.

448 4675 574 4728 Non
601 4673 748 4730 enim
767 4672 824 4729 in
851 4672 1136 4730 hominem
1164 4673 1416 4728 transivit
1444 4676 1596 4731 Deus
1641 4675 1919 4748 Verbum;
1949 4677 2046 4736 sed

449 4762 612 4819 veluti
635 4762 804 4819 homo
847 4763 1098 4834 apparuit
1135 4781 1148 4818 :
1181 4777 1246 4819 ac
1288 4762 1655 4834 inﬁgurabili's
1700 4782 1834 4822 cum
1881 4775 2044 4838 esset,

449 4852 551 4908 sub
600 4852 834 4925 ﬁguram
868 4850 1048 4908 factus
1083 4859 1190 4909 est.
1247 4852 1511 4909 Nonnulli
1570 4862 1756 4912 autem
1785 4855 1929 4913 hunc
1978 4857 2048 4915 ad

451 4941 678 4999 modum
715 4941 1055 5013 interpretati
1084 4949 1213 4997 sunt
1258 4941 1404 4998 istud
1459 4964 1472 4999 :
1527 4947 1734 5014 Figura
1768 4948 2042 5016 inventus,

451 5041 708 5104 tanquam
727 5032 848 5104 jam
880 5047 1007 5087 vere
1035 5030 1226 5099 homo,
1265 5032 1496 5103 perinde
1535 5049 1599 5089 ac
1622 5034 1778 5091 divus
1805 5039 2051 5093 Joannes

450 5122 527 5177 ait
553 5140 566 5178 :
589 5123 831 5180 Gloriam
859 5127 1121 5192 tanquam
1155 5124 1437 5192 Unigeniti
1464 5140 1498 5178 a
1517 5126 1682 5179 Patre
1700 5137 1724 5167 θ
1777 5144 1790 5181 :
1815 5125 1919 5181 hoc
1941 5134 2046 5194 est,

446 5213 670 5284 qualem
697 5210 853 5270 decet
880 5211 1080 5270 habere
1125 5212 1516 5286 Unigenitum.
1574 5216 1859 5286 Tanquam
1895 5217 2046 5272 enim

445 5300 796 5370 adverbium,
837 5317 969 5359 cum
989 5301 1393 5360 dubitationem
1427 5303 1723 5376 signiﬁcat,
1755 5309 1878 5362 tum
1907 5322 2045 5364 cou-

449 5391 846 5449 ﬁrmationem.

516 5525 538 5552 °
563 5519 724 5575 Joan.
755 5533 800 5586 1,
841 5523 930 5574 14.

2161 4152 2212 4207 ἐν
2270 4149 2515 4230 σχήματι
2563 4153 2801 4228 ἐγένετο,
2859 4151 3166 4230 τουτέστιν,
3213 4156 3265 4212 ἐν
3321 4152 3515 4232 σαρκί’
3560 4152 3757 4233 σαρκὸς

2161 4240 2262 4318 γὰρ
2299 4241 2360 4300 τὸ
2401 4241 2798 4320 ἐσχηματίσθαι
2827 4241 2898 4302 ⁷⁵.
2938 4241 3159 4313 Ἐπειδὴ
3191 4242 3296 4323 γὰρ
3325 4233 3441 4300 εἷπε
3467 4289 3484 4320 ,
3515 4240 3748 4322 Μορφὴν

2160 4330 2342 4387 δούλου
2393 4328 2612 4404 ἔλαϐεν,
2659 4331 2922 4411 ἐθάρσησε
2974 4332 3154 4391 λοιπὸν
3201 4332 3291 4390 καὶ
3350 4336 3505 4392 τοῦτο
3559 4332 3758 4411 εἰπεῖν,

2161 4421 2229 4485 ὡς
2278 4419 2479 4478 ἐκείνου
2540 4425 2712 4478 ταῦτα
2765 4421 3214 4498 ἐπιστομίζοντος.
3273 4424 3468 4489 Καλῶς
3535 4421 3590 4479 δὲ
3639 4410 3762 4479 εἶπε

2159 4506 2255 4583 τὸ,
2298 4534 2324 4560 α
2362 4506 2459 4589 Ὡς
2487 4509 2782 4588 ἄνθρωπος.
2818 4530 2848 4567 ι)
2887 4512 2970 4571 Οὖ
2999 4510 3100 4589 γὰρ
3149 4500 3212 4581 ῆν
3245 4500 3315 4577 εἶς
3356 4513 3464 4568 τῶν
3507 4511 3756 4584 πολλῶν,

2162 4598 2279 4654 ἀλλ’
2310 4600 2381 4665 ὡς
2409 4587 2481 4665 εἷς
2527 4587 2631 4658 τῶν
2675 4601 2887 4659 πολλῶν
2916 4623 2930 4636 ·
2977 4587 3035 4658 οὖ
3076 4587 3182 4679 γὰρ
3215 4601 3284 4665 εἷς
3315 4599 3593 4679 ἄνθρωπον
3627 4623 3761 4675 μετ-

2155 4684 2344 4745 έπεσεν
2413 4690 2442 4746 ὁ
2479 4689 2616 4755 Θεὸς
2671 4688 2878 4766 Λόγος,
2931 4690 3051 4747 ἀλλ’
3096 4692 3166 4755 ὡς
3223 4689 3494 4769 ἄνθρωπος
3549 4689 3716 4770 ἐφάνη
3749 4713 3762 4726 ο

2156 4775 2247 4834 καὶ
2279 4775 2679 4857 ἀσχημάτιστος
2722 4775 2827 4852 ὢν,
2875 4777 2977 4837 ὕπὸ
3016 4781 3204 4858 σχῆμα
3239 4779 3466 4857 ἐγένετο.
3503 4778 3660 4858 Τινὲς
3692 4778 3758 4838 δὲ

2155 4863 2321 4932 οὕτως
2348 4865 2690 4945 ἡρμήνευσαν
2717 4890 2730 4904 ·
2780 4894 2804 4918 α
2830 4865 2938 4928 Καὶ
2963 4857 3202 4946 σχήματι
3224 4869 3478 4947 εὓρεθεὶς,
3509 4896 3529 4919 ιι
3564 4857 3648 4926 οἶα
3685 4867 3753 4942 δὴ

2157 4953 2427 5033 ἄνθρωπος
2457 4957 2695 5031 ἀληθῶς,
2739 4955 2878 5016 καθὰ
2907 4956 2996 5014 καὶ
3029 4955 3276 5030 Ἰωάννης
3305 4959 3447 5037 λέγει
3482 4981 3494 4996 ·
3525 4986 3549 5011 α
3585 4958 3761 5027 Δόξαν

2158 5046 2229 5109 ὡς
2285 5051 2598 5124 μονογενοῦς
2648 5044 2799 5125 παρὰ
2856 5045 3067 5125 Πατρός
3116 5070 3129 5083 ’
3188 5075 3213 5098 ν
3275 5047 3389 5105 ἀντὶ
3455 5052 3576 5123 τοῦ,
3636 5046 3756 5108 οἵαν

2159 5131 2349 5208 πρέπει
2379 5134 2516 5214 ἔχειν
2543 5135 2631 5194 τὸν
2661 5139 2957 5214 Μονογενῆ.
2985 5137 3064 5196 Τὸ
3095 5136 3218 5216 γὰρ,
3245 5165 3265 5187 α
3299 5135 3414 5212 Ὡς,
3445 5166 3468 5190 ιι
3501 5136 3755 5216 σημαίνει

2157 5220 2250 5281 καὶ
2283 5224 2575 5302 δισταγμὸν
2595 5271 2610 5302 ,
2641 5225 2892 5304 σημαίνει
2921 5224 3356 5306 καὶςβεϐαίωσιν.

1839 5595 2024 5662 Variae
2069 5599 2370 5663 lectiones.

518 5730 555 5764 η
582 5733 706 5786 διότι
732 5749 785 5789 ο.
861 5732 906 5769 ⁷⁸
931 5732 1051 5787 uith
1085 5749 1138 5790 ο.
1218 5733 1264 5770 ⁷³
1287 5740 1448 5807 κυρῶν
1478 5751 1529 5792 0.

1610 5737 1652 5771 7"
1682 5739 1766 5792 καὶ
1794 5756 1847 5797 0.
1923 5740 1971 5776 ⁷⁸
1998 5745 2396 5816 σχηματίζεσθαι
2425 5762 2482 5804 o.
