4124 6448
294 478 434 532 1165

1200 471 1555 530 EXPOSITIO
1593 472 1660 528 IN
1696 470 1908 528 EPIST.
1939 472 2031 528 AD
2072 475 2350 531 PHILIPP.
2390 505 2462 517 —-
2498 477 2645 533 CAP.
2688 479 2752 534 ll.

3465 489 3602 541 1166

374 629 400 656 σι
454 598 855 661 Ἐταπείνωσεν
906 597 1126 674 ἑαυτὸν,
1175 598 1452 676 γενόμενος
1500 597 1732 671 ὑπήκοος
1794 595 1930 674 μία,

2070 599 2395 657 Humiliavit
2421 605 2794 675 semetipsum,
2821 606 3001 673 factus
3038 606 3290 664 obediens
3330 624 3497 681 usque
3528 609 3604 667 ad

292 715 385 772 χρι
441 691 707 763 θανάτου,
767 689 996 750 θανάτου
1053 688 1108 749 δὲ
1168 693 1422 769 σταυροῦ.
1454 710 1484 747 ι)
1553 688 1728 749 Πάλιν
1793 687 1894 765 τὸ,

293 811 319 835 «ι
355 778 750 843 Ἐταπείνωσεν
781 777 969 840 ἑαυτὸν
999 823 1015 853 ,
1058 801 1088 837 ››
1129 775 1220 838 ἵνα
1250 778 1328 856 μὴ
1372 780 1443 845 ὥς
1479 777 1625 837 ἄκων
1666 780 1894 856 νομισθῇ

293 868 726 949 συγκαταϐῆναι.
811 868 973 930 Ἀλλὰ
999 914 1016 948 ,
1066 866 1229 950 φασὶν
1289 869 1337 928 οἳ
1389 867 1679 950 ³ᾼρειανοὶ,
1736 865 1849 928 ἰδοὺ
1874 913 1893 946 ,

291 946 521 1034 ὑπῆκοος
568 958 803 1038 λέγεται.
859 960 971 1020 Καὶ
1002 946 1007 948 ⁷
1040 946 1092 1017 τί
1147 962 1340 1033 τοῦτο,
1401 946 1446 1017 ξ)
1499 957 1747 1032 dvo-uror;
1802 956 1896 1016 καὶ

293 1051 462 1133 φίλοις
508 1047 881 1128 ὑπακούομεν,
931 1047 1024 1108 καὶ
1064 1046 1213 1107 οὖδὲν
1259 1051 1416 1106 τοῦτο
1465 1047 1714 1115 ἐλάττους
1754 1054 1896 1106 ποιεῖ

296 1146 457 1217 ἡμᾶς.
487 1137 582 1207 Ὡς
610 1138 738 1205 Υἱὸς
773 1136 949 1219 Πατρὶ
980 1137 1281 1210 ὑπήκουσεν
1324 1134 1457 1195 ἑκὼν
1480 1183 1496 1210 ,
1547 1135 1645 1194 καὶ
1691 1139 1745 1194 ἐν
1774 1134 1896 1194 τού-

297 1254 373 1311 τῳ
408 1230 551 1309 αὐτῷ
583 1227 786 1295 δεικνὺς
823 1225 922 1300 τὴν
969 1225 1297 1306 γνησιότητα
1322 1250 1336 1263 ·
1384 1227 1496 1285 υἱοῦ
1539 1224 1643 1307 γὰρ
1673 1224 1899 1305 γνησίου

296 1320 357 1378 τὸ
387 1326 550 1399 τιμᾷν
599 1318 687 1378 τὸν
740 1316 968 1397 πατέρα.
1020 1314 1170 1397 ’Ὅρα
1228 1315 1284 1375 δὲ
1331 1313 1602 1383 ἐπιτάσεις
1631 1339 1645 1353 ·
1701 1318 1899 1382 Δοῦλος

298 1410 506 1488 ἐγένετο
527 1454 544 1483 ,
579 1406 718 1467 ἀλλὰ
759 1405 853 1466 καὶ
891 1405 1115 1466 θάνατον
1158 1403 1371 1474 ἐδέξατο
1400 1428 1413 1441 ·
1435 1404 1529 1465 καὶ
1575 1404 1636 1464 τὸ
1673 1404 1753 1465 ἔτι
1779 1403 1900 1465 τού-

299 1523 393 1559 του
425 1500 623 1573 μεῖζον,
658 1495 1037 1558 ἐπονείδιστον.
1059 1522 1085 1550 α
1101 1495 1353 1559 Θανάτου
1370 1521 1391 1549 ι
1413 1496 1515 1577 γὰρ
1545 1522 1570 1549 α
1603 1498 1854 1575 σταυροῦ·
1875 1520 1900 1549 ι

300 1588 576 1663 τουτέστι,
620 1592 714 1647 τοῦ
750 1584 1145 1666 ἐπικαταράτου
1174 1630 1190 1660 ,
1237 1591 1330 1646 τοῦ
1358 1593 1466 1653 τοῖς
1515 1584 1731 1663 ἀνόμοις
1794 1586 1900 1665 ἄφ-

303 1676 626 1759 ωρισμένου.

392 1791 421 1828 α
455 1768 553 1828 Διὸ
582 1765 674 1826 καὶ
704 1768 731 1823 ὃ
778 1764 914 1830 Θεὸς
962 1765 1122 1825 αὐτὸν
1175 1762 1527 1846 ὑπερύψωσε,
1575 1764 1669 1823 καὶ
1717 1761 1900 1845 ἐχαρί-

304 1882 438 1918 σατο
469 1859 614 1938 αὐτῷ
652 1854 855 1931 ὄνομα,
891 1854 951 1915 τὸ
980 1854 1112 1936 ὑπὲρ
1152 1864 1260 1915 πᾶν
1303 1853 1493 1932 ὄνομα.
1531 1874 1561 1912 n
1597 1851 1776 1915 ⁶¹Οταν
1806 1857 1900 1926 τῆς

2003 694 2245 755 mortem,
2265 698 2493 749 mortem
2510 698 2694 749 autem
2718 696 2914 750 crucis.
2942 697 3188 752 Rursum
3215 695 3354 754 dicit
3381 740 3396 767 ,
3413 701 3606 756 Humi-

2005 781 2162 836 liavit
2191 797 2324 846 sese,
2367 797 2437 838 ne
2473 783 2619 840 velut
2666 783 2869 841 invitus
2914 784 3317 843 obsecundasse
3351 796 3595 861 putetur.

2004 874 2097 938 At,
2127 868 2320 928 dicunt
2344 871 2558 940 Ariani,
2604 888 2755 942 ecce,
2792 873 3055 931 obediens
3103 874 3324 933 dicitur.
3368 880 3443 934 At
3470 878 3601 952 quid

2006 958 2132 1030 hoc,
2161 976 2195 1017 o
2220 959 2529 1034 insipientes
2572 964 2761 1019 ?Nam
2801 971 2858 1020 et
2901 963 3096 1022 amicis
3154 964 3468 1037 obedimus,
3500 982 3604 1024 nec

2005 1048 2301 1123 quicquam
2324 1048 2462 1107 illud
2486 1049 2812 1123 dignitatem
2849 1062 3097 1112 nostram
3131 1054 3435 1114 imminuit.
3460 1058 3604 1113 Tan-

2008 1154 2174 1210 quam
2198 1140 2367 1197 Filius
2393 1141 2541 1198 Patri
2566 1150 2764 1213 sponte
2806 1142 3037 1214 obediit,
3064 1152 3229 1218 atque
3259 1145 3320 1202 in
3347 1145 3454 1204 hoc
3479 1145 3602 1219 ipso

2007 1227 2209 1285 indicat
2256 1245 2317 1286 se
2353 1245 2471 1287 esse
2499 1232 2807 1305 genuinum
2880 1251 2893 1288 :
2924 1234 3151 1305 genuini
3198 1236 3351 1291 enim
3388 1235 3485 1293 ﬁlii
3522 1244 3607 1293 est

2010 1327 2226 1389 patrem
2270 1318 2481 1377 honore
2544 1319 2781 1378 afﬁcere.
2839 1321 3228 1380 Animadverte
3278 1331 3471 1382 autem
3515 1324 3607 1382 hic

2009 1408 2279 1481 epitases:
2310 1410 2510 1467 Servus
2536 1409 2716 1468 factus
2737 1419 2821 1468 est
2852 1430 2867 1469 :
2893 1413 3196 1485 quinetiam
3228 1422 3467 1472 mortem
3490 1430 3611 1472 sus-

2010 1500 2152 1572 cepit
2179 1518 2191 1553 :
2227 1506 2283 1556 et
2311 1498 2464 1572 quod
2478 1499 2585 1557 hoc
2604 1500 2786 1559 adhuc
2805 1501 2989 1575 majus
3010 1510 3116 1572 est,
3143 1502 3570 1577 ignominiosam
3592 1522 3606 1561 :

2013 1594 2235 1646 mortem
2269 1589 2419 1646 enim
2455 1593 2650 1655 crucis,
2693 1590 2799 1648 hoc
2841 1600 2947 1663 est,
2972 1592 3391 1666 exsecrandum,
3435 1596 3610 1653 scele-

2014 1679 2148 1735 ratis
2172 1678 2527 1736 destinatam.

2085 1771 2256 1827 Vens.
2286 1776 2341 1827 9.
2368 1772 2599 1842 Propter
2633 1772 2780 1843 quod
2814 1775 2867 1828 et
2892 1774 3034 1829 Deus
3058 1773 3323 1830 exultavit
3344 1775 3527 1840 illum,
3562 1780 3615 1831 et

2017 1861 2235 1916 donavit
2260 1860 2349 1915 illi
2367 1875 2557 1916 nomen
2575 1861 2721 1930 quod
2741 1866 2820 1918 est
2842 1876 3006 1932 super
3024 1878 3175 1918 omne
3192 1880 3403 1920 nomen.
3428 1868 3614 1938 Quan-

303 1947 500 2029 σαρκὸς
522 1943 844 2018 ἐπιλάϐηται
862 1948 890 2004 ὁ
912 1946 1150 2017 Παῦλος,
1180 1945 1344 2011 ἀδεῶς
1364 1942 1433 2003 τὰ
1461 1942 1691 2005 ταπεινὰ
1723 1941 1900 2001 πάντα

2022 1946 2092 2002 do
2125 1946 2301 2003 carnis
2328 1948 2669 2003 mentionem
2695 1946 2828 2004 facit
2854 1950 3074 2019 Paulus,
3108 1950 3382 2023 intrepide
3421 1952 3613 2008 omnia

305 2036 624 2115 φθέγγεται,
660 2036 732 2101 ὣς
772 2037 867 2106 τῆς
896 2033 1091 2114 σαρκὸς
1130 2037 1302 2092 ταῦτα
1349 2033 1662 2113 δεχομένης.
1714 2030 1901 2098 Οὕτως

305 2119 398 2185 οἷν
427 2126 572 2195 δέξαι
612 2128 784 2184 ταῦτα
818 2122 942 2202 περὶ
984 2126 1078 2195 τῆς
1112 2122 1331 2203 σαρκὸς,
1376 2125 1632 2201 μηδαμοῦ
1682 2123 1902 2201 διαιρῶν

307 2218 396 2275 τὶν
427 2214 521 2276 ἕνα
548 2213 802 2294 Χριστόν.
833 2214 999 2273 Ποῖον
1026 2210 1081 2271 δὲ
1116 2211 1176 2270 τὸ
1204 2210 1455 2293 χαρισθὲν
1489 2211 1661 2290 ὄνομα
1699 2216 1764 2292 τῇ
1804 2213 1898 2270 ἀν-

307 2305 545 2385 Οριιοπίνῃ
599 2302 751 2384 φύσει
778 2306 870 2362 τοῦ
904 2300 1016 2369 ἑνὸς
1061 2299 1327 2382 Χριστοῦ,
1354 2302 1464 2378 Τὸ,
1497 2329 1522 2355 σι
1561 2302 1722 2374 Υἱὸς,
1752 2328 1779 2355 ιι
1809 2299 1903 2376 τὸ,

309 2424 331 2447 ιι
359 2394 519 2462 Θεός,
548 2420 572 2447 ιι
598 2392 708 2454 Καὶ
735 2392 840 2471 γὰρ
866 2394 894 2449 ὁ
917 2389 1189 2471 ἄνθρωπος
1217 2391 1345 2459 Υἱὸς
1363 2393 1538 2467 Θεοῦ,
1567 2389 1741 2457 καθὼς
1761 2388 1855 2449 καὶ
1876 2392 1903 2449 ὁ

308 2486 529 2564 ἅγγελος
588 2473 702 2541 εἶπε
729 2502 741 2515 ·
811 2502 841 2539 α
881 2479 988 2541 Καὶ
1044 2480 1106 2539 τὸ
1149 2479 1473 2559 γεννώμενον
1537 2480 1684 2560 ἅγιον
1772 2480 1904 2553 κλη-

310 2576 535 2646 θήσεται
562 2572 690 2638 Υἱὸς
719 2575 882 2632 Θεοῦ.
905 2590 935 2626 n

400 2686 429 2721 (ι
470 2658 592 2722 Ἵνα
642 2662 696 2718 ἐν
736 2662 812 2739 τῷ
845 2656 1068 2734 ὀνόματι
1110 2657 1292 2729 Ἰησοῦ
1342 2669 1451 2718 πᾶν
1500 2657 1627 2737 γόνυ
1673 2657 1900 2739 κάμψῃ,

311 2749 662 2831 ἐπουρανίων,
686 2748 777 2809 καὶ⁸
808 2747 1078 2825 ἐπιγείων,
1117 2745 1211 2807 καὶ
1256 2747 1646 2828 καταχθονίων.
1676 2774 1702 2800 ι
1727 2749 1902 2807 Τοῦτ-

312 2843 496 2916 έστιν,
548 2845 576 2902 ὁ
620 2837 815 2917 κόσμος
845 2846 982 2911 πᾶς,
1031 2836 1123 2895 καὶ
1170 2834 1420 2916 ἄγγελοι,
1460 2836 1554 2897 καὶ
1605 2836 1903 2919 ἄνθρωποι,

311 2931 405 2991 καὶ
435 2928 679 3009 δαίμονες
700 2951 715 2966 ο
743 2928 778 2999 ἢ
824 2926 906 2986 ὅτι
935 2926 1028 2985 καὶ
1052 2927 1103 2986 οἱ
1133 2924 1328 2985 δίκαιοι
1371 2926 1461 2986 καὶ
1489 2929 1537 2987 οἳ
1568 2925 1902 3008 ἁμαρτωλοί.

318 3020 427 3081 Καὶ
483 3019 731 3098 δαίμονες
779 3016 881 3097 γὰρ
917 3014 1333 3092 ἐπιγνώσονται,
1388 3015 1479 3076 καὶ
1512 3016 1724 3085 ἄκοντες
1778 3020 1909 3076 ὑπο-

312 3108 688 3184 κλιθγῖσονται,
720 3105 898 3167 οὖκέτι
1026 3104 1248 3186 ἀληθείᾳ
1297 3106 1747 3187 ἀντιμαχόμενοι,
1779 3103 1832 3165 οἵ
1852 3129 1913 3185 γε

316 3198 412 3260 καὶ
448 3198 563 3348 ἕτρό
610 3202 704 3258 τοῦ
753 3201 937 3276 καιροῦ
988 3194 1190 3255 ἐκείνου
1222 3193 1402 3272 ἔλεγον
1434 3218 1449 3234 ο
1488 3218 1519 3255 (ι
1567 3195 1814 3274 Οἴδαμέν
1855 3220 1916 3258 σε

316 3314 396 3348 τις
428 3313 453 3348 ε
481 3336 495 3348 .
529 3312 560 3346 ε

316 3314 396 3356 τις
428 3312 495 3351 ει.
529 3312 560 3346 ﬁ

2018 2034 2252 2093 humilia
2294 2034 2556 2108 loquitur,
2605 2047 2867 2111 tauquam
2912 2055 3042 2096 caro
3068 2038 3186 2096 haec
3224 2039 3471 2112 recipiat.
3523 2041 3615 2097 Sic

2011 2124 2177 2197 igitur
2202 2123 2322 2182 haec
2341 2124 2412 2182 de
2435 2141 2600 2183 carne
2651 2128 2855 2200 accipe,
2899 2126 3072 2202 440
3116 2144 3393 2201 nusquam
3439 2145 3613 2186 unum

2012 2213 2294 2271 Christum
2317 2213 2588 2272 dividens.
2630 2215 2802 2288 Quale
2846 2225 3035 2273 autem
3083 2232 3289 2274 nomen
3337 2217 3613 2276 donatum

2009 2312 2093 2360 est
2139 2303 2402 2361 humanae
2444 2312 2656 2362 naturae
2692 2305 2855 2363 unius
2909 2306 3149 2363 Christi?
3204 2306 3394 2376 Filius,
3435 2309 3609 2365 Deus.

2012 2393 2232 2450 Etenim
2276 2393 2447 2451 homo
2484 2394 2654 2452 Filius
2704 2395 2829 2463 Dei,
2860 2395 3332 2469 quemadmodum
3386 2398 3616 2469 angelus

2013 2483 2151 2540 dixit
2183 2501 2196 2538 :
2227 2486 2300 2540 Et
2330 2483 2474 2555 quod
2500 2488 2756 2541 nascetur
2805 2490 3070 2550 sanctum,
3106 2486 3282 2542 Filius
3329 2488 3430 2544 Dei
3449 2502 3614 2542 voca-

2017 2574 2165 2630 bitur
2188 2575 2209 2617 τ
2238 2617 2253 2631 .
2714 2613 2719 2617 «

2091 2666 2269 2721 Vens.
2311 2664 2396 2718 10.
2445 2666 2515 2720 Ut
2561 2665 2618 2718 in
2644 2665 2854 2719 nomine
2886 2667 3010 2720 Iesu
3040 2664 3249 2721 Christi
3288 2682 3439 2723 omne
3468 2680 3621 2737 'genu

2017 2755 2261 2822 ﬂectatur
2300 2753 2596 2809 ccelestium
2642 2769 2708 2808 ac
2776 2757 3116 2810 terrestrium
3161 2760 3210 2811 et
3252 2758 3621 2825 infernorum.

2022 2845 2143 2899 Hoc
2166 2851 2270 2912 est,
2294 2841 2580 2899 universus
2606 2843 2854 2899 mundus
2883 2851 2942 2900 et
2977 2844 3158 2917 angeli
3189 2852 3246 2900 et
3286 2844 3540 2903 homines
3569 2854 3627 2903 et

2021 2932 2334 3001 daemones;
2369 2933 2454 2988 vel
2483 2930 2632 3005 quod
2671 2931 2883 3005 etjusti
2922 2940 2978 2988 et
3010 2941 3344 3004 peccatores.
3390 2937 3536 2992 Nam
3564 2943 3621 2993 et

2023 3024 2305 3081 daemones
2342 3031 2662 3096 agnoscent,
2692 3031 2748 3080 et
2769 3022 2921 3079 inviti
2951 3024 3327 3094 inﬂectentur,
3358 3041 3471 3082 non
3498 3042 3627 3083 am-

2026 3114 2166 3186 plius
2196 3113 2414 3171 veritati
2443 3119 2835 3186 repugnantes,
2866 3112 2959 3186 qui
2978 3122 3037 3171 et
3073 3123 3199 3171 ante
3226 3122 3446 3188 tempus
3483 3115 3623 3172 illud

2027 3202 2283 3260 dicebant
2313 3223 2327 3261 ε
2358 3204 2617 3260 Nouimus
2642 3208 2697 3259 te
2723 3204 2825 3274 qui
2857 3205 2934 3259 sis
2959 3213 2989 3257 ς
3014 3246 3029 3262 .

399 3407 424 3432 α
474 3377 587 3439 Καὶ
616 3386 768 3438 πᾶσα
815 3378 1035 3455 γλῶσσα
1081 3374 1559 3454 ἐξομολογήσεται,
1602 3374 1683 3435 ὅτι
1713 3374 1916 3455 Κύριος

2092 3381 2270 3438 Vens.
2323 3386 2410 3436 11.
2438 3385 2510 3437 Et
2533 3384 2706 3438 omnis
2742 3382 2931 3452 lingua
2958 3385 3293 3452 conﬁteatur,
3335 3383 3479 3454 quod
3518 3386 3627 3441 Do-

316 3470 531 3542 Ἰησοῦς
580 3467 813 3548 Χριστὸς
866 3468 938 3532 εἷς
989 3463 1142 3532 δόξαν
1193 3463 1432 3543 Πατρός.
1487 3491 1513 3517 ιο
1576 3462 1903 3536 Τουτέστιν,

312 3557 406 3617 ἵνα
449 3557 643 3625 πάντες
672 3562 831 3617 τοῦτο
884 3554 1107 3613 εἴπωσιν
1139 3553 1235 3593 ⁷³*
1271 3598 1290 3628 ,
1328 3553 1409 3611 ὅτι
1457 3552 1654 3633 Κύριος
1703 3552 1917 3624 Ἰησοῦς

317 3645 582 3726 Χριστὸς,
631 3647 831 3727 Κύριος
873 3644 968 3704 καὶ
1005 3642 1143 3710 Θεός
1182 3644 1314 3703 ἐστι.
1352 3645 1529 3703 Τοῦτο
1550 3642 1612 3727 δὲ
1644 3640 1770 3711 δόξα
1802 3642 1916 3702 ἐστὶ

317 3722 410 3797 τοῦ
459 3722 734 3817 Πατρὸςί
760 3738 842 3794 δτι
886 3736 1119 3792 τοιοῦτον
1169 3730 1282 3812 ἔχει
1324 3730 1491 3806 Υἱὸν,
1542 3722 1586 3812 ᾧ
1630 3729 1700 3790 τὰ
1738 3730 1918 3793 πάντα

318 3825 716 3887 ὑποκλίνονται.
777 3822 946 3904 Ὁρᾷς
973 3866 991 3898 ,
1040 3819 1123 3880 ὅτι
1168 3827 1203 3895 ἡ
1253 3820 1544 3903 ἀνάῤῥησις
1594 3825 1686 3880 τοῦ
1733 3823 1916 3882 Μονο-

320 3920 501 3995 γενοῦς
541 3914 668 3985 δόξα
707 3911 822 3975 ἐστὶ
871 3916 960 3972 τοῦ
1013 3911 1255 3991 Πατρόςς
1299 3906 1477 3970 ⁶Ὠστε
1536 3910 1839 3971 τούναντίον
1882 3917 1916 3983 ἡ

321 4005 610 4072 ἐλάττωσις
633 4007 793 4064 αὐτοῦ
810 4047 827 4081 ,
861 4000 1049 4076 ἀτιμία
1072 4005 1164 4059 τοῦ
1198 3999 1433 4080 Πατρός.

413 4115 444 4154 α
470 4092 678 4168 εὨστε,
721 4090 993 4170 ἀγαπητοί
1037 4113 1137 4168 μου
1158 4137 1174 4164 ,
1208 4089 1383 4157 καθὼς
1429 4088 1656 4150 πάντοτε
1687 4088 1922 4160 ὑπηκού-

322 4207 476 4246 σατε.
503 4210 528 4236 »
548 4182 663 4252 Τὰς
682 4179 1020 4262 παραινέσεις
1051 4179 1188 4257 μετὰ
1207 4178 1484 4261 ἐγκωμίων
1512 4180 1591 4237 δεῖ
1612 4184 1880 4240 ποιεῖσθαι
1904 4203 1919 4218 ο

321 4273 461 4334 οὕτω
534 4273 638 4354 γὰρ
689 4269 1073 4352 εὖπαράδεκτοι
1138 4267 1398 4347 γίνονται.
1461 4268 1557 4329 Διὸ
1607 4269 1706 4327 καὶ
1768 4268 1925 4337 αὐτὸς

324 4361 514 4431 αὐτοὺς
532 4361 876 4441 ἐγκωμιάζει,
901 4357 1208 4438 ἀγαπητοὺς
1239 4359 1445 4438 καλῷν,
1468 4359 1582 4433 καὶ,
1613 4385 1637 4411 ιι
1662 4358 1882 4432 Καθὼς,
1902 4387 1924 4412 ιι

326 4451 491 4533 φησὶ,
543 4478 569 4505 σι
598 4451 824 4511 πάντοτε
878 4448 1219 4522 ὑπηκούσατε
1255 4471 1269 4487 ο
1310 4469 1342 4508 n
1397 4455 1551 4509 τοῦτο
1601 4447 1799 4526 λέγων,
1845 4447 1929 4508 ὅτι

325 4540 544 4655 Ἔδεξεα
572 4537 845 4655 ira?“
874 4538 1225 4655 ξιτίξῖξξῖδῖ
1251 4536 1658 4655 “iiiis:
1704 4536 1926 4655 γέξοῖξξ

2021 3472 2199 3524 minus
2233 3472 2385 3526 Iesus
2410 3468 2659 3525 Christus
2685 3475 2764 3525 est
2781 3472 2842 3525 in
2869 3471 3100 3540 gloriam
3128 3474 3226 3526 Dei
3267 3475 3480 3528 Patris.
3508 3473 3634 3529 Hoc

2023 3567 2125 3625 est,
2180 3565 2243 3614 ut
2292 3572 2490 3615 omnes
2539 3558 2646 3614 hoc
2686 3557 2889 3626 dicant,
2944 3559 3094 3630 quod
3148 3559 3419 3616 Dominus
3460 3563 3633 3618 Jesus

2023 3647 2271 3705 Christus
2321 3647 2591 3702 Dominus
2632 3653 2687 3702 et
2724 3649 2876 3703 Deus
2921 3655 3023 3703 est.
3052 3649 3186 3703 Haec
3218 3656 3408 3705 autem
3456 3648 3631 3722 gloria

2024 3746 2108 3793 est
2134 3735 2333 3800 Patris,
2355 3735 2505 3806 quod
2525 3733 2847 3808 hujusmodi
2872 3733 3070 3791 habeat
3097 3734 3295 3791 Filium
3325 3736 3414 3791 cui
3440 3737 3631 3796 omnia

2025 3825 2401 3881 iutlectautur.
2433 3821 2846 3880 Animadvertis
2870 3823 3016 3898 quod
3050 3824 3393 3898 praeconium
3418 3824 3633 3899 Unige-

2028 3915 2127 3971 niti
2151 3913 2322 3988 gloria
2369 3922 2453 3971 est
2490 3913 2703 3971 Patris?
2739 3912 2831 3970 Sic
2864 3912 3132 3971 ediverso
3155 3913 3480 3970 imminutio
3512 3915 3634 3988 ejus

2028 4012 2111 4062 est
2127 4002 2429 4077 ignominia
2458 4003 2658 4060 Patris.
3337 4062 3341 4066 ,

2101 4099 2283 4152 Vens.
2320 4099 2405 4149 12.
2434 4096 2645 4164 Itaque,
2679 4094 2867 4151 dilecti
2890 4095 3018 4165 mei,
3047 4095 3192 4151 sicut
3222 4109 3428 4166 semper
3452 4094 3632 4151 obedi-

2030 4189 2149 4242 stis.
2194 4183 2622 4241 Adhortatioues
2676 4200 2806 4241 cum
2867 4182 3031 4239 laude
3080 4192 3137 4241 et
3169 4185 3463 4258 praeconiis
3516 4184 3619 4242 ﬁer

2034 4273 2293 4331 convenit
2326 4293 2339 4329 :
2374 4273 2450 4329 sic
2483 4274 2633 4329 enim
2665 4273 2729 4329 ﬁt
2785 4281 2848 4329 ut
2868 4273 3022 4330 facile
3071 4273 3403 4346 recipiantur
3451 4291 3465 4330 :
3504 4290 3637 4347 pro-

2036 4374 2220 4436 pterea
2239 4372 2293 4420 et
2308 4363 2424 4435 ipse
2445 4379 2539 4420 eos
2564 4363 2823 4432 celebrat,
2844 4361 3076 4420 dilectos
3098 4379 3324 4433 vocans,
3349 4371 3424 4435 et,
3451 4366 3642 4433 Quem-

2035 4454 2344 4521 admodum,
2417 4452 2617 4524 inquit,
2666 4468 2877 4525 semper
2947 4453 3263 4510 obedi'vistis
3316 4473 3337 4507 :
3404 4454 3640 4525 perinde

2038 4543 2193 4616 quasi
2216 4542 2384 4613 dicat,
2406 4541 2635 4599 Ostendi
2672 4541 2826 4598 vobis
2863 4541 3013 4613 quod
3036 4541 3210 4599 Filius
3244 4541 3347 4598 Dei
3375 4542 3641 4600 obediens

329 4629 642 4732 μιμήσασθε
699 4629 795 4709 μὶν
865 4625 955 4689 οὖν
1029 4629 1257 4706 ἐκεῖνον,
1337 4625 1647 4705 μιμήσασθε
1724 4626 1782 4686 δὲ
1840 4629 1930 4689 καὶ

2040 4633 2218 4689 factus
2254 4641 2379 4689 est:
2408 4631 2701 4689 imitamini
2719 4632 2884 4704 igitur
2917 4630 3094 4698 illum,
3116 4630 3418 4687 imitamini
3449 4640 3638 4688 autem

330 4717 566 4788 ἑαυτούς.

414 4837 440 4865 ι
464 4807 561 4882 Μὴ
593 4810 663 4876 ὣς
704 4810 759 4869 ἐν
883 4808 1151 4889 παρουσίᾳ
1199 4830 1300 4886 μου
1331 4806 1489 4885 μόνον
1512 4855 1526 4878 ,
1559 4803 1702 4865 ἀλλὰ
1744 4806 1929 4888 πολλῷ

336 4900 541 4977 μᾶλλον
587 4899 642 4956 ἐν
678 4900 748 4979 τῇ
794 4897 1026 4978 ἀπουσίᾳ
1074 4921 1196 4973 μου.
1233 4924 1259 4951 ν
1299 4895 1437 4958 Τότε
1490 4892 1586 4974 μὲν
1634 4894 1740 4976 γὰρ
1795 4893 1927 4964 ἴσως

333 4989 562 5049 ἐδοκεῖτε
610 4986 700 5048 διὰ
752 4987 850 5059 τὴν
892 4986 1021 5067 πρὸς
1073 4985 1166 5065 ἐμὲ
1217 4985 1353 5046 αἷδὼ
1400 4984 1576 5045 πάντα
1620 4983 1873 5065 πράττειν
1916 5006 1929 5021 ο

335 5087 425 5139 νῦν
456 5075 510 5138 δὲ
540 5076 633 5138 ἐὰν
662 5076 795 5158 πρὸς
834 5077 1028 5159 ἀρετὴν
1061 5075 1387 5151 ἐπιτείνητε,
1434 5074 1628 5144 δείξετε
1653 5072 1737 5132 ὅτι
1767 5077 1826 5134 οὗ
1860 5076 1930 5135 δι’

341 5166 436 5245 ἐμὲ
458 5211 475 5242 ,
506 5167 647 5227 ἀλλὰ
684 5166 772 5227 διὰ
800 5166 889 5226 τὸν
923 5165 1083 5227 Θεόν.

425 5280 457 5313 α
497 5254 656 5319 Μετὰ
684 5255 851 5338 φόϐου
898 5255 991 5317 καὶ
1043 5256 1242 5338 τρόμου
1269 5255 1366 5329 τὴν
1414 5256 1615 5315 ἑαυτῶν
1662 5252 1929 5335 σωτηρίαν

337 5345 741 5428 κατεργάζεσθε.
771 5368 801 5403 ε
850 5350 933 5407 Οὐ
975 5347 1042 5405 δι’
1070 5345 1301 5425 ἐμαυτὸν
1326 5344 1399 5421 ⁷⁸,
1431 5343 1597 5426 φησὶ,
1628 5347 1933 5426 παρακαλῶ

342 5440 520 5515 ὑμᾶς,
572 5436 688 5495 ἀλλ’
740 5432 833 5495 ἵνα
874 5434 943 5496 τὰ
994 5435 1125 5516 πρὸς
1177 5434 1270 5507 τὴν
1341 5435 1600 5516 ὑμετέραν
1662 5433 1932 5513 σωτηρίαν

414 5619 435 5663 ¹
464 5628 607 5686 Luc.
636 5641 683 5697 ι,
716 5632 809 5685 35.
883 5628 911 5669 ε
937 5628 1080 5685 Luc.
1119 5642 1212 5697 1v,
1252 5631 1344 5684 35.

2042 4731 2097 4778 ct
2131 4738 2227 4778 vos
2262 4723 2434 4794 ipsos.

2113 4816 2230 4872 Non
2254 4817 2515 4882 tanquam
2545 4814 2603 4866 in
2632 4812 2927 4881 prcesentia
2955 4824 3073 4865 mea
3113 4811 3307 4876 solum,
3345 4810 3439 4866 sed
3472 4811 3643 4867 multo

2041 4905 2217 4973 potius
2243 4904 2302 4957 in
2341 4902 2586 4957 absentia
2613 4916 2749 4957 mea.
2780 4901 2926 4955 Tum
2970 4899 3120 4955 enim
3156 4898 3395 4956 fortasse
3434 4898 3642 4956 videre-

2045 4991 2176 5047 ιιιὶηὶ
2212 4999 2440 5063 propter
2486 4989 2847 5048 reverentiam
2892 5004 3022 5061 erga
3066 5003 3158 5045 me
3205 4988 3394 5047 omnia
3439 5004 3645 5061 agere:

2044 5098 2188 5137 nunc
2214 5089 2404 5138 autem
2444 5080 2489 5136 si
2522 5079 2593 5137 ad
2615 5079 2876 5136 virtutem
2912 5077 3228 5145 intendatis,
3272 5077 3650 5135 monstrabitis

2042 5170 2191 5243 quod
2219 5186 2334 5227 non
2358 5180 2586 5243 propter
2613 5184 2731 5236 me,
2764 5166 2861 5224 sed
2897 5176 3124 5239 propter
3152 5168 3359 5223 Deum.

2114 5262 2245 5317 Cum
2281 5263 2475 5316 timore
2510 5276 2575 5315 ac
2603 5264 2828 5315 tremore
2855 5261 3095 5313 uestram
3141 5258 3383 5327 ipsorum
3410 5253 3647 5313 salutem

2042 5352 2360 5424 operemini.
2392 5352 2520 5407 Non
2550 5357 2776 5422 prOpter
2806 5346 3101 5419 meipsum,
3153 5344 3358 5418 inquit,
3388 5343 3655 5402 adhortor

2045 5456 2165 5508 vos,
2191 5440 2289 5497 sed
2313 5447 2377 5497 ut
2405 5455 2471 5497 ea
2498 5454 2622 5512 quae
2652 5437 2721 5495 ad
2765 5445 3003 5493 vestram
3025 5436 3261 5493 salutem
3298 5442 3448 5505 sunt,
3484 5431 3659 5493 facia-

1727 5720 1921 5782 Variae
1961 5719 2263 5785 lectiones.

415 5813 509 5853 7"
534 5812 808 5889 κηρόξωσιν
830 5827 919 5872 m.
986 5810 1035 5849 ’⁸⁸
1060 5808 1150 5889 ἐμὲ
1181 5825 1241 5871 0.
