4124 6424
539 464 674 517 1167

1473 443 1967 505 THEOPHYLACT
1972 444 1989 498 1
2030 434 2386 498 BULGARIAS
2421 442 2734 500 ARCHIEP.

3697 451 3842 508 1168

530 585 603 641 tis
623 598 750 640 cum
782 581 997 651 timore,
1030 592 1206 652 eoque
1230 573 1545 634 vehementi
1571 581 1625 629 et
1650 573 1892 639 intenso,
1924 576 1981 627 et
2000 584 2109 625 cun

2235 571 2422 641 ποιῆτε
2471 566 2607 645 μετὰ
2657 567 2853 650 φόϐου,
2904 568 2998 631 καὶ
3057 569 3241 631 τούτου
3282 573 3691 652 ἐπιτεταμένον,
3744 576 3839 635 καὶ

530 683 771 731 tremore
811 672 959 728 :siue
974 669 1176 726 timore
1196 681 1441 739 namque
1478 662 1614 719 nihil
1655 661 1788 719 boni
1820 660 2125 733 perﬁcitur,

532 778 715 836 neque
755 761 814 817 in
849 759 1060 817 artibus
1098 755 1436 821 liberalibus,
1466 767 1643 824 neque
1684 752 1746 807 in
1773 749 2120 807 mechanicis.

433 873 445 882 ·
532 849 830 923 Quomodo
851 857 1036 906 autem
1059 855 1242 904 metus
1262 844 1610 919 perﬁcietur?
1636 841 1691 897 Si
1717 839 2127 897 consideremus

531 940 684 1017 quod
712 940 914 1013 ubique
962 942 1115 994 Deus
1165 941 1371 1009 praesto
1426 932 1518 999 sit,
1564 929 1750 987 omnia
1789 928 2023 986 audiens
2071 938 2128 985 et

532 1030 724 1089 omnia
744 1028 951 1097 videns,
976 1041 1094 1085 non
1116 1025 1300 1083 solum
1324 1037 1449 1096 quae
1468 1028 1724 1094 aguntur,
1746 1034 1936 1075 verum
1957 1019 2127 1075 etiam

534 1135 658 1194 quae
709 1118 1037 1193 cogitantur.
1092 1118 1299 1174 Servite
1342 1113 1508 1180 enim,
1557 1109 1755 1183 inquit,
1801 1111 2024 1165 Domino
2068 1111 2127 1164 in

534 1213 743 1281 timore,
774 1213 824 1265 et
848 1209 1119 1265 exsultate
1152 1208 1205 1262 ei
1230 1208 1291 1260 in
1319 1207 1506 1261 timore
1542 1200 1595 1256 ιι.
1625 1203 1721 1256 Est
1755 1201 1906 1257 enim
1948 1199 2127 1255 exsul-

529 1300 666 1356 tatio
690 1314 822 1356 cum
867 1306 1131 1364 tremore,
1161 1293 1386 1368 quando
1416 1294 1626 1350 bonum
1682 1290 1878 1364 aliquis
1897 1288 2124 1355 faciens,

526 1389 693 1462 idque
728 1403 859 1445 cum
900 1396 1162 1456 tremore,
1222 1383 1615 1440 conscientiam
1676 1380 1838 1437 habet
1868 1379 2121 1435 liberam.

532 1477 905 1551 Κατεργάζεσθε
959 1484 1149 1533 autem
1199 1473 1352 1540 dixit,
1434 1488 1551 1531 non
1623 1470 1962 1543 Ἐργάζεσθε,
2024 1468 2128 1524 hoc

533 1578 638 1637 est,
668 1583 799 1625 cum
828 1565 1001 1623 multa
1028 1563 1307 1637 diligentia
1336 1569 1391 1619 et
1416 1577 1551 1620 cura
1579 1560 1910 1634 operamini.

603 1749 780 1805 Vens.
813 1747 901 1801 13.
925 1746 1062 1800 Deus
1087 1758 1227 1798 emm
1260 1746 1343 1797 est
1371 1744 1470 1813 qui
1506 1744 1762 1812 operatur
1817 1742 1876 1796 in
1900 1740 2051 1796 vobis
2078 1744 2128 1795 et

529 1839 663 1894 uelle
686 1841 737 1893 et
752 1837 991 1906 operari.
1011 1832 1151 1902 Quia
1169 1831 1330 1901 dixit,
1361 1831 1492 1887 Cum
1532 1834 1723 1887 timore
1752 1846 1817 1886 ac
1846 1835 2077 1886 tremore
2104 1849 2123 1882 :

2236 656 2376 735 μετὰ
2421 657 2643 739 τρόμου.
2696 653 2850 719 Ἄνευ
2877 658 2983 740 γὰρ
3028 659 3196 741 φόϐου
3232 663 3379 722 οὐδὲν
3417 664 3613 742 ἀγαθὸν
3644 688 3842 747 κατορ-

2235 752 2418 807 θοῦται
2438 792 2455 823 ,
2486 746 2606 808 οὔτε
2657 750 2711 807 ἐν
2739 756 2856 817 ταῖς
2910 751 3147 830 λογικαῖς
3193 751 3443 832 τέχναις,
3485 752 3603 813 οὔτε
3636 755 3690 813 ἕν
3718 746 3843 822 ταῖς

2238 837 2540 918 βαναύσοις.
2588 841 2719 906 Πῶς
2766 838 2821 898 δὲ
2868 841 2896 897 ὃ
2947 838 3107 921 φόϐος
3154 841 3652 922 κατορθωθήσεται,
3697 843 3837 905 Ἐὰν

2237 928 2565 1007 ἐννοήσωμεν
2604 929 2686 987 ὅτι
2714 933 2992 1009 πανταχοῦ
3023 932 3049 988 ὁ
3076 930 3214 998 Θεὸς
3243 931 3472 1013 πάρεστι
3491 978 3507 1005 ,
3536 932 3628 992 καὶ
3657 933 3837 993 πάντα

2237 1019 2415 1078 ἀκούει
2440 1063 2458 1092 ,
2488 1017 2581 1077 καὶ
2609 1018 2785 1079 πάντα
2819 1022 2920 1100 ὁρᾷ
2943 1065 2959 1094 ,
2985 1020 3046 1078 οὐ
3076 1018 3144 1078 τὰ
3168 1020 3514 1101 πραττόμενα
3536 1069 3552 1096 ,
3576 1022 3718 1082 ἀλλὰ
3741 1025 3838 1083 καὶ

2236 1106 2303 1166 τὰ
2334 1107 2669 1187 ἐννοούμενα.
2698 1134 2724 1161 ι
2743 1108 3081 1170 Δουλεύσατε
3104 1135 3128 1162 »ο
3156 1108 3280 1190 γὰρ,
3308 1110 3467 1192 φησὶ,
3500 1137 3524 1163 α
3544 1114 3623 1193 τῷ
3646 1112 3836 1193 Κυρίῳ

2236 1200 2290 1257 ἐν
2318 1197 2488 1279 φόϐῳ,
2516 1197 2609 1257 καὶ
2641 1200 2967 1278 ἀγαλλιᾶσθε
3010 1200 3152 1279 αὐτῷ
3195 1200 3248 1259 ἐν
3291 1199 3497 1280 τρόμῳ,
3524 1227 3549 1254 ι
3580 1201 3747 1263 Ἐστι
3780 1197 3833 1241 7'1

2236 1288 2338 1368 γὰρ
2389 1287 2704 1366 ἀγαλλίασις
2758 1285 2897 1365 μετὰ
2945 1286 3179 1365 τρόμου,
3232 1288 3361 1349 ὅταν
3422 1290 3484 1348 τὸ
3537 1290 3698 1351 καλόν
3754 1316 3836 1359 τις

2237 1381 2400 1436 ποιῶν
2422 1424 2442 1453 ,
2471 1377 2561 1437 καὶ
2603 1382 2756 1436 τοῦτο
2801 1375 2938 1453 μετὰ
2967 1376 3198 1456 τρόμου,
3233 1378 3691 1462 εὐπαρῤησίαστον
3730 1381 3833 1460 ἔγῃ

2237 1467 2299 1527 τὸ
2327 1466 2577 1534 συνειδός.
2609 1494 2634 1520 α
2671 1465 3074 1545 Κατεργάζεσθε
3104 1490 3133 1522 ν
3162 1464 3253 1541 δὲ,
3275 1457 3420 1527 εἶπεν
3436 1514 3456 1548 ,
3484 1470 3601 1543 οὐκ,
3620 1457 3833 1551 ιἘργοὶ-

2238 1560 2416 1627 ζεσθε·
2459 1555 2728 1629 τουτέστι,
2785 1554 2922 1633 μετὰ
2969 1556 3167 1628 πολλῆς
3210 1558 3445 1631 σπουδῆς
3496 1559 3589 1619 καὶ
3633 1561 3828 1639 ἐπιμε-

2239 1648 2404 1716 λείας.

2329 1759 2359 1797 α
2387 1735 2454 1796 Ὃ
2487 1735 2623 1804 Θεὸς
2647 1733 2751 1815 γάρ
2782 1735 2922 1794 ἐστιν
2954 1734 2983 1792 ὅ
3030 1734 3256 1814 ἐνεργῶν
3288 1737 3341 1795 ἐν
3371 1736 3496 1815 ὑμῖν
3524 1738 3616 1797 καὶ
3656 1739 3718 1799 τὸ
3745 1740 3835 1800 θέ-

2233 1829 2341 1886 λειν
2385 1826 2478 1886 καὶ
2517 1824 2578 1885 τὸ
2617 1827 2866 1905 ἐνεργεῖν.
2895 1850 2920 1876 ι
2968 1823 3203 1897 Ἐπειδὴ
3234 1815 3349 1886 εἶπε
3371 1846 3386 1861 ⁸
3419 1849 3449 1887 ι(
3482 1828 3637 1890 Μετὰ
3661 1829 3831 1909 φόϐου

525 1930 674 1983 nunc
701 1925 797 1992 ait,
835 1922 1002 1996 441
1035 1924 1117 1978 Ne
1165 1920 1480 1978 terreamini
1534 1929 1761 1992 propter
1810 1920 1935 1976 hoc.
1996 1922 2109 1976 Nor

2236 1920 2326 1977 καὶ
2358 1916 2554 1998 τρόμου
2584 1936 2598 1949 '
2637 1936 2666 1974 n
2722 1920 2812 2002 ίῦν
2840 1937 2972 1995 φησι
2997 1937 3011 1952 ο
3061 1913 3157 1987 Μὴ
3212 1919 3479 1990 πτοηθῆτε
3519 1916 3609 1977 διὰ
3646 1923 3825 1980 τοῦτο.

526 2017 676 2073 enim
703 2014 810 2071 hoc
838 2012 961 2070 ideo
986 2011 1143 2082 dixit,
1169 2019 1231 2066 ut
1256 2010 1490 2067 desistas
1516 2026 1546 2065 a
1577 2010 1726 2066 bono
1755 2008 1839 2065 vel
1881 2008 2119 2077 deﬁcias,

555 2104 624 2162 ed
653 2112 717 2161 ut
745 2110 953 2160 attente
994 2116 1122 2174 agas
1150 2099 1301 2172 quod
1343 2099 1484 2173 agis.
1516 2101 1660 2155 Nam
1699 2098 1747 2155 si
1775 2097 2120 2155 animadver-

530 2195 688 2264 teris,
737 2200 794 2250 et
841 2199 1086 2249 attentus
1122 2188 1311 2259 fueris,
1356 2191 1509 2245 Deus
1548 2189 1737 2246 omnia
1778 2187 2117 2260 operabitur.

525 2286 653 2357 Ipse
678 2296 921 2354 namque
948 2285 1032 2337 est
1070 2279 1164 2352 qui
1192 2285 1247 2335 et
1276 2276 1765 2351 promptitudinem
1817 2277 1911 2333 dat
1937 2276 2116 2346 nobis,

521 2384 585 2433 ut
602 2375 838 2433 velimus
856 2374 1086 2443 bonum,
1108 2376 1165 2429 et
1187 2371 1279 2445 qui
1298 2371 1428 2428 boni
1456 2371 1832 2444 Operationem
1855 2370 1925 2427 ad
1950 2369 2117 2426 ﬁnem

520 2465 691 2523 ducit.
721 2468 996 2538 Operatur
1031 2463 1179 2519 enim
1217 2465 1367 2518 Deus
1395 2460 1453 2517 in
1484 2459 1646 2517 nobis
1671 2459 1807 2517 velle
1836 2477 1851 2516 :
1879 2460 1987 2516 hoc
2013 2472 2112 2527 est,

520 2563 850 2628 cooperatur
874 2552 1036 2610 nobis
1061 2560 1124 2608 ut
1170 2552 1405 2607 velimus
1430 2551 1589 2615 bona,
1619 2557 1675 2607 et
1705 2556 1869 2623 auget
1903 2549 2113 2610 bonam

518 2645 862 2703 voluntatem
901 2649 1173 2710 nostram,
1217 2640 1497 2712 simulque
1525 2638 1777 2697 accendit
1808 2647 1871 2695 ut
1902 2638 2115 2697 ferven-

520 2734 626 2791 tior
644 2732 929 2790 reddatur.
956 2733 1026 2786 Et
1049 2730 1206 2786 aliter
1233 2748 1246 2784 :
1277 2729 1555 2800 Quoniam
1582 2729 1695 2801 ipse
1718 2727 2112 2800 perfectionem

517 2822 692 2891 addit,
720 2836 823 2878 nos
860 2834 989 2876 vero
1025 2818 1275 2874 homines
1300 2832 1423 2890 qua:
1449 2816 1686 2890 perfecta
1732 2817 2009 2885 videmus,
2043 2817 2111 2874 ad

519 2927 579 2969 ea
599 2911 898 2980 tendimus,
926 2909 1277 2981 dirigimusve
1304 2907 1642 2965 voluntatem
1670 2915 1922 2965 nostram
1949 2929 1960 2965 :
1988 2923 2115 2980 pro-

519 3010 706 3075 pterea
756 3009 812 3057 et
840 2998 973 3057 velle
1016 2997 1198 3072 ipsum
1243 3012 1275 3053 a
1305 3000 1425 3054 Deo
1454 2996 1641 3070 perﬁci
1670 2997 1823 3053 dicit.
1855 2998 2111 3070 Exempli

515 3092 689 3163 gratia
721 3110 733 3146 :
761 3088 994 3146 Voluisti
1021 3086 1225 3161 aliquid
1252 3092 1276 3144 Ρ
1322 3088 1497 3144 Orsus
1536 3102 1594 3143 es
1614 3086 1873 3159 perﬁcere
1920 3087 2059 3143 istuc
2093 3105 2105 3141 :

515 3181 561 3237 si
595 3181 760 3236 ﬁnem
785 3178 1109 3251 assequeris,
1167 3177 1369 3233 iterum
1400 3175 1575 3249 magis
1602 3176 1755 3232 idem
1781 3190 1920 3247 Opus
1948 3178 2107 3247 perﬁ-

2233 2011 2313 2070 Οὐ
2357 1995 2459 2086 γὸρ
2505 2009 2659 2066 τοῦτο
2716 1995 2899 2078 εἶπον,
2951 2002 3038 2062 ἵνα
3092 2006 3462 2086 ἀπαγορεύσῃς
3484 2055 3499 2082 ,
3556 2010 3676 2068 ἀλλ’
3736 2010 3829 2069 ἵνα

2227 2096 2517 2178 προσέχῃς.
2591 2091 2686 2155 Ἂν
2733 2092 2838 2176 γὰρ
2894 2092 3197 2175 προσέχῃς,
3258 2099 3285 2153 ὁ
3331 2096 3470 2164 Θεὸς
3520 2097 3591 2157 τὰ
3645 2098 3828 2159 πάντα

2229 2187 2529 2268 ἐργάσεται.
2578 2184 2746 2252 Αὐτὸς
2790 2181 2894 2263 γάρ
2924 2184 3064 2242 ἐστιν
3105 2187 3133 2243 ὁ
3179 2182 3270 2243 καὶ
3306 2186 3603 2265 προθυμίαν
3653 2188 3829 2259 διδοὺς

2225 2283 2356 2355 ἡμῖν
2376 2322 2392 2349 ,
2424 2274 2561 2335 ὥστε
2604 2273 2770 2333 θέλειν
2801 2274 2862 2332 τὸ
2904 2272 3101 2353 ἀγαθὸν
3121 2316 3138 2347 ,
3171 2274 3263 2332 καὶ
3301 2274 3399 2347 τὴν
3431 2276 3685 2357 ἐργασίαν
3721 2282 3826 2338 αὐ-

2225 2373 2315 2427 τοῦ
2361 2367 2434 2434 εἷς
2470 2362 2617 2431 τέλος
2647 2363 2813 2442 ἄγων.
2856 2360 3099 2441 Ἐνεργεῖ
3141 2362 3244 2443 γὰρ
3274 2368 3303 2422 6
3339 2363 3482 2432 Θεὸς
3510 2368 3563 2423 ἐν
3605 2371 3737 2443 ἡμῖν
3763 2369 3827 2428 τὸ

2226 2458 2390 2517 θέλειν
2423 2479 2439 2494 ο
2490 2452 2766 2527 τουτέστι,
2814 2459 3055 2533 συνεργεῖ
3100 2456 3231 2529 ἡμῖν
3282 2453 3412 2534 πρὸς
3442 2454 3502 2514 τὸ
3549 2455 3719 2516 θέλειν
3752 2458 3822 2518 τὰ

2223 2545 2427 2625 ἀγαθὰ,
2473 2543 2567 2604 καὶ
2595 2542 2648 2582 ⁷⁸
2701 2540 2847 2611 αὔξει
2883 2541 2944 2600 τὸ
2990 2540 3187 2621 ἀγαθὸν
3237 2542 3445 2621 θέλημα
3480 2549 3670 2624 ἡμῶν,
3726 2548 3822 2606 καὶ

2224 2633 2521 2695 συνεκκαίει
2572 2630 2711 2691 ὥστε
2762 2630 3076 2710 θερμότερον
3132 2630 3398 2711 γενέσθαι.
3469 2634 3582 2694 Καὶ
3643 2634 3822 2704 ἄλλως

2222 2727 2277 2785 δὲ
2302 2725 2377 2799 ⁷9,
2422 2723 2605 2797 ἐπειδὴ
2636 2721 2698 2780 τὸ
2738 2720 2885 2787 τέλος
2933 2718 3087 2788 αὐτὸς
3140 2720 3481 2799 ἐπιτίθησιν,
3532 2725 3581 2781 οἳ
3627 2724 3681 2783 δὲ
3732 2727 3825 2785 ἄν·

2221 2820 2421 2896 θρωποι
2447 2863 2459 2885 ,
2510 2813 2647 2893 ἅπερ
2678 2809 2742 2871 ἂν
2789 2813 2997 2891 ὁρῶμεν
3051 2811 3394 2889 τελειούμενα
3416 2858 3433 2889 ,
3468 2814 3601 2893 πρὸς
3643 2816 3824 2874 ἐκεῖνα

2221 2905 2311 2963 καὶ
2344 2904 2403 2963 τὸ
2455 2903 2660 2978 θέλημα
2711 2904 2867 2976 ἡμῶν
2919 2898 3158 2975 τείνομεν
3208 2924 3220 2937 ·
3275 2899 3363 2960 διὰ
3409 2907 3565 2961 τοῦτο
3615 2903 3709 2963 καὶ
3755 2907 3820 2965 τὸ

2221 2995 2389 3053 θέλειν
2434 2996 2755 3072 ἐνεργεῖσθαι
2800 2987 2900 3048 ὑπὸ
2954 2989 3105 3050 Θεοῦ
3153 2988 3316 3068 λέγει.
3362 2979 3496 3050 Οἶον
3526 3014 3541 3029 ·
3590 2991 3821 3067 Ἥθέλη-

2220 3083 2317 3151 σοίς
2340 3107 2425 3158 τι;
2459 3080 2699 3162 Ἐνήρξω
2739 3077 2992 3157 πράττειν
3036 3083 3195 3138 τοῦτο
3230 3098 3246 3115 ⁸
3285 3079 3376 3138 ἐὰν
3409 3082 3507 3158 μὲν
3558 3081 3619 3140 τὸ
3669 3085 3819 3152 τέλος

2220 3175 2582 3252 ἐπακολουθῇ,
2635 3169 2799 3234 θέλεις
2827 3166 2987 3227 πλέον
3018 3173 3174 3227 τοῦτο
3203 3167 3263 3227 τὸ
3294 3169 3445 3250 ἔργον
3485 3194 3500 3209 ’
3532 3174 3579 3231 εἰ
3629 3173 3677 3230 δ’
3706 3171 3767 3233 οὐ
3796 3221 3813 3247 ,

513 3286 638 3327 cere
667 3268 839 3342 cupis.
866 3268 963 3325 Sin
993 3267 1202 3335 minus,
1229 3266 1494 3337 torpescit
1525 3265 1624 3320 tibi
1654 3264 1929 3321 voluntas.
1968 3267 2107 3323 Cum

2222 3269 2499 3344 ἀποναρκᾷ
2528 3282 2612 3320 σοι
2659 3262 2691 3330 ἡ
2720 3256 2950 3331 θέλησις.
2983 3260 3095 3319 Τοῦ
3138 3258 3309 3318 τοίνυν
3338 3258 3522 3328 τέλους
3557 3261 3705 3343 παρὰ
3737 3268 3816 3343 τῷ

512 3361 694 3432 itaque
723 3358 851 3414 ﬁnis
886 3356 1032 3430 apud
1065 3359 1245 3412 Deum
1294 3353 1386 3424 sit,
1428 3352 1521 3426 qui
1571 3361 1629 3410 et
1675 3353 1810 3411 velle
1855 3363 2106 3413 nostrum

512 3447 778 3516 accendit,
808 3463 923 3504 non
956 3444 1232 3503 immerito
1263 3452 1320 3500 et
1354 3442 1533 3516 ipsam
1579 3443 1918 3501 voluntatem
1963 3446 2106 3517 apud

514 3540 698 3595 Deum
744 3552 867 3595 asse
911 3541 1208 3593 esseverat.
1254 3530 1352 3589 Vel
1398 3547 1464 3588 ex
1526 3548 1725 3607 magna
1775 3535 2107 3607 gratitudine

511 3628 712 3684 Paulus
732 3626 869 3684 velle
888 3626 1071 3698 ipsum
1100 3638 1130 3678 a
1151 3625 1270 3679 Deo
1299 3621 1489 3694 perﬁci
1512 3622 1568 3678 in
1591 3622 1750 3679 nobis
1774 3624 1853 3680 ait
1884 3643 1898 3681 :
1923 3641 2108 3697 quem-

511 3716 817 3774 admodum
845 3715 1074 3772 virtutes
1130 3711 1276 3769 dona
1325 3713 1583 3785 appellat,
1635 3713 1844 3770 arbitrii
1885 3714 2107 3771 liberta-

510 3817 619 3864 tem
636 3822 753 3863 non
780 3804 1000 3873 tollens,
1028 3802 1126 3860 sed
1154 3818 1375 3876 semper
1400 3817 1504 3859 nos
1530 3810 1718 3876 gratos
1745 3818 1867 3860 esse
1891 3804 2102 3874 volens,

510 3905 565 3951 et
621 3894 808 3952 omnia
862 3900 1083 3965 accepta
1128 3890 1333 3949 referre
1385 3895 1525 3949 Deo.
1574 3892 1871 3950 Considera
1916 3902 2101 3951 autem

512 3984 672 4040 verba
707 4001 720 4038 :
752 3985 816 4039 In
836 3982 1007 4049 vobis,
1033 3981 1230 4054 inquit,
1251 3982 1344 4054 qui
1371 3997 1501 4037 cum
1529 3991 1679 4037 metu
1695 3990 1861 4053 atque
1893 3990 2104 4041 tremo-

509 4091 569 4129 re
603 4071 838 4129 salutem
868 4072 1167 4145 operamini
1202 4092 1213 4127 :
1247 4071 1305 4127 in
1322 4070 1527 4127 talibus
1552 4070 1701 4126 enim
1731 4074 1882 4128 Deus
1907 4089 2099 4145 opera-

505 4172 599 4218 tur
643 4159 847 4216 omnia.

578 4253 684 4306 Pro
706 4251 841 4305 bona
859 4250 1156 4305 voluntate.
1182 4251 1304 4306 Hoc
1325 4256 1425 4318 est,
1447 4257 1512 4305 ut
1527 4250 1824 4322 impleatur
1852 4268 1978 4325 erga
2007 4270 2102 4310 vos

508 4338 887 4396 benevolentia
927 4346 1091 4409 atque
1122 4338 1263 4395 bona
1311 4341 1561 4396 voluntas
1588 4340 1727 4412 ejus,
1769 4351 1832 4397 ut
1857 4342 1935 4398 sic
1957 4344 2101 4399 viva-

508 4445 635 4485 mus
656 4428 878 4501 perinde
901 4444 966 4485 ac
998 4428 1115 4500 ipse
1151 4429 1282 4485 vult.
1312 4434 1499 4500 Itaque
1522 4438 1576 4484 et
1604 4445 1666 4485 ex
1694 4430 1799 4487 hoc
1818 4433 2096 4502 conﬁdite;

2220 3357 2346 3435 Θεῷ
2376 3354 2554 3427 ὄντος,
2584 3353 2677 3408 τοῦ
2725 3345 2817 3407 καὶ
2865 3347 2924 3406 τὸ
2968 3347 3135 3407 θέλειν
3190 3353 3346 3435 ᾐμῶν
3373 3348 3426 3387 ⁸⁰
3478 3353 3818 3412 συνεκκαίον-

2218 3468 2301 3513 τος
2323 3489 2341 3523 ,
2374 3441 2588 3509 εἰκότως
2626 3436 2719 3498 καὶ
2764 3436 2917 3496 τοῦτό
2965 3459 3124 3518 φησιν
3174 3428 3305 3497 εἶναι
3348 3442 3500 3519 παρὰ
3547 3443 3623 3521 τῷ
3654 3443 3809 3522 Θεῷ.

2216 3534 2295 3595 Ἦ
2325 3532 2416 3594 καὶ
2441 3531 2549 3590 ἀπὸ
2586 3530 2785 3599 πολλῆς
2813 3527 3212 3605 εὐγνωμοσύνης
3248 3531 3276 3586 ὁ
3306 3531 3524 3596 Παῦλος
3553 3530 3645 3589 καὶ
3675 3533 3811 3593 αὐτὸ

2216 3624 2275 3684 τὸ
2300 3622 2467 3683 θέλειν
2495 3622 2555 3679 ἐκ
2576 3624 2667 3678 τοῦ
2700 3618 2841 3678 Θεοῦ
2870 3620 2999 3694 ἡμῖν
3038 3618 3359 3696 ἐνεργεῖσθαι
3385 3617 3533 3698 λέγει
3563 3638 3577 3654 ·
3613 3618 3803 3703 ὥσπερ

2213 3711 2403 3772 καὶτὰ
2447 3705 2838 3790 κατορθώματα
2885 3704 3199 3786 χαρίσματα
3245 3707 3436 3767 καλεῖ·
3475 3709 3533 3768 οὐ
3567 3707 3628 3767 τὸ
3672 3714 3809 3770 αὖτ-

2213 3801 2444 3871 εξούσιον
2493 3799 2755 3878 ἀναιρῶν,
2808 3794 2947 3854 ἀλλὰ
2999 3793 3313 3873 βουλόμενος
3369 3803 3514 3874 ἡμᾶς
3566 3798 3650 3858 ἀεὶ
3716 3802 3806 3859 εὖ-

2211 3897 2481 3972 χαριστεῖν
2505 3933 2523 3961 ,
2559 3885 2653 3947 καὶ
2704 3884 2877 3944 πάντα
2926 3884 3225 3972 ἀνατιθέναι
3271 3889 3347 3967 τῷ
3378 3888 3532 3967 Θεῷ.
3570 3885 3719 3968 Ὅρα
3752 3890 3809 3948 δὲ

2211 3964 2302 4041 καί
2330 3981 2428 4053 τὴν
2453 3977 2591 4047 λέξιν
2622 4000 2636 4014 ·
2682 4003 2705 4029 σι
2732 3974 2828 4035 Ἐν
2857 3977 2980 4051 ὑμῖν
3017 3972 3092 4047 ³⁸,
3122 3964 3238 4033 εἶπε
3257 4021 3274 4054 ,
3305 3964 3413 4043 τοῖς
3453 3964 3592 4054 μετὰ
3632 3964 3805 4060 φόϐου

2212 4070 2302 4130 καὶ
2349 4069 2547 4150 τρόμου
2592 4066 2687 4138 τὴν
2740 4062 3004 4144 σωτηρίαν
3056 4065 3527 4145 κατεργαζομένοις
3550 4089 3565 4106 ·
3614 4069 3668 4127 ἐν
3701 4067 3809 4149 γὰρ

2209 4168 2317 4227 τοῖς
2346 4156 2598 4223 τοιούτοις
2628 4158 2825 4236 ἔνεργεῖ
2856 4158 2884 4212 ὁ
2909 4151 3047 4221 Θεὸς
3071 4152 3137 4211 τὰ
3157 4154 3361 4216 πάντα.

2290 4276 2315 4303 α
2344 4245 2515 4327 Ὑπὲρ
2544 4250 2637 4317 τῆς
2667 4242 2925 4311 εὐδοκίας.
2954 4270 2977 4296 ιι
3008 4241 3318 4318 Τουτέστιν,
3346 4243 3517 4324 Ὑπὲρ
3548 4250 3641 4305 τοῦ
3670 4247 3807 4319 πλη-

2212 4340 2442 4418 ρωθῆναι
2467 4340 2537 4403 εἰς
2561 4338 2697 4412 ὑμᾶς
2735 4334 2829 4406 τὴν
2859 4332 3100 4393 εὐδοκίαν
3125 4331 3217 4393 καὶ
3254 4334 3315 4393 τὸ
3354 4333 3553 4415 ἀγαθὸν
3597 4337 3807 4413 θέλημα

2213 4430 2406 4501 αὐτοῦ,
2458 4423 2545 4484 ἵνα
2596 4423 2730 4485 οὕτω
2774 4426 2943 4499 ζῶμεν
2991 4424 3063 4489 ὣς
3095 4421 3247 4490 αὐτὸς
3298 4423 3572 4503 βούλεται.
3621 4421 3803 4485 Ὥστε

504 4519 733 4576 omnino
788 4519 940 4575 enim
994 4518 1378 4590 cooperabitur
1421 4519 1574 4575 vobis
1624 4523 1794 4591 Deus,
1837 4530 1903 4577 ut
1948 4533 2097 4580 recte

2220 4516 2299 4575 mi
2346 4517 2407 4575 ἐκ
2458 4513 2642 4612 τούτου
2704 4519 2946 4612 θαρσεῖτε
2977 4532 2991 4547 ⁸
3055 4510 3269 4580 πάντως
3331 4513 3434 4594 γὰρ
3490 4516 3807 4594 συνεργήσει

499 4607 714 4676 vivatis,
739 4608 785 4665 si
808 4624 918 4665 non
960 4614 1190 4679 propter
1217 4606 1364 4665 aliud
1392 4606 1717 4680 quidquam,
1759 4609 1877 4683 ejus
1913 4619 2102 4670 tamen

503 4700 579 4754 rei
624 4698 820 4771 gratia,
847 4697 975 4770 quia
1013 4697 1119 4754 hoc
1151 4697 1255 4770 ipsi
1280 4705 1499 4771 gratum
1530 4707 1631 4755 est.

572 4791 750 4845 Vnus.
787 4792 873 4843 14.
911 4790 983 4844 Et
1027 4789 1209 4843 omnia
1238 4789 1406 4855 facite
1432 4791 1549 4844 sine
1573 4781 2097 4849 murmurationibus

498 4882 551 4934 et
587 4877 1049 4933 hwsitationibus.
1100 4876 1387 4946 Diabolus,
1435 4894 1565 4934 cum
1597 4879 1834 4951 aliquem
1873 4881 1944 4938 ab
1990 4880 2094 4939 ho-

496 4973 655 5023 nesto
704 4980 931 5038 prorsus
971 4979 1200 5023 avocare
1251 4967 1464 5038 nequit,
1520 4967 1603 5024 vel
1633 4970 2003 5041 arrogantiam
2046 4973 2093 5027 ei

495 5054 731 5122 inducit,
772 5055 856 5113 vel
886 5071 1082 5111 vanam
1109 5055 1365 5129 gloriam,
1397 5056 1505 5123 vel,
1534 5056 1578 5114 si
1617 5056 1735 5113 haec
1764 5075 1874 5115 non
1899 5061 2090 5131 possit,

492 5143 1024 5214 murmurationem,
1071 5152 1168 5200 aut
1203 5144 1604 5202 dubitationem
1650 5153 1705 5202 et
1736 5146 2089 5206 incredulita-

488 5240 624 5289 tem.
696 5232 839 5304 Quia
899 5232 1063 5307 igitur
1140 5234 1197 5290 in
1263 5234 1661 5292 tentationibus
1709 5236 2091 5312 continuisque

490 5321 750 5394 periculis
795 5320 1040 5393 fuerunt,
1081 5339 1181 5394 per
1221 5322 1343 5379 haec
1392 5330 1579 5381 autem
1607 5323 1754 5383 haud
1802 5328 1963 5398 pauci
2017 5329 2085 5386 ad

491 5426 780 5469 murmura
819 5420 878 5470 et
929 5412 1378 5470 maledicentiam
1425 5413 1851 5486 prolabebantur
1897 5436 1911 5475 :
1946 5417 2084 5477 Sine

555 5547 585 5588 ¹¹
613 5554 755 5612 Psal.
786 5569 860 5626 II,
890 5560 974 5613 11.

2213 4611 2333 4683 ὑμῖν
2364 4609 2390 4665 ὃ
2420 4604 2557 4673 Θεὸς
2588 4604 2716 4685 πρὸς
2760 4601 2821 4661 τὸ
2865 4604 3028 4682 ὀρθῶς
3055 4604 3182 4677 ζῇν,
3232 4603 3400 4662 εἶκαὶ
3453 4602 3530 4683 μὴ
3578 4602 3644 4663 δι’
3697 4606 3805 4663 ἄλ-

2207 4700 2267 4755 λο
2299 4720 2387 4768 τι,
2421 4693 2550 4754 διότι
2576 4697 2699 4773 γοῦν
2729 4690 2883 4759 αὐτὸς
2912 4690 3253 4772 ἀποδέχεται.

2297 4783 2465 4844 «Καὶ
2510 4781 2684 4841 πάντα
2730 4784 2928 4841 ποιεῖτε
2971 4781 3135 4861 χωρὶς
3182 4782 3505 4861 γογγυσμῶν
3544 4781 3633 4841 καὶ
3670 4784 3795 4842 δια-

2203 4876 2498 4953 λογισμῶν.
2537 4899 2561 4923 ιι
2593 4870 2662 4932 (Ο
2692 4871 2963 4944 διάϐολος,
2989 4871 3204 4930 ἐπειδὰν
3233 4872 3294 4931 οὐ
3320 4874 3515 4953 δυνηθῇ
3546 4873 3801 4942 καθάπαξ

2204 4965 2309 5022 ἀπὸ
2350 4969 2441 5023 τοῦ
2485 4965 2654 5023 καλοῦ
2696 4960 2939 5021 κωλῦσαί
2970 4983 3106 5033 τινα,
3135 4958 3170 5033 ἢ
3215 4961 3468 5021 ἀπόνοιαν
3497 4962 3647 5043 αὐτῷ
3678 4965 3798 5023 εἰσ-ο

2200 5054 2440 5133 ηγεῖται,
2489 5053 2521 5123 ἢ
2568 5049 2861 5120 κενοδοξίαν
2885 5074 2897 5087 ·
2936 5048 2970 5122 ἢ
3013 5052 3057 5110 εἰ
3098 5048 3175 5129 μὴ
3219 5056 3419 5133 ταῦτα,
3449 5051 3794 5131 γογγυσμὸν,

2200 5129 2601 5224 ἢνάμφιϐολίαν
2649 5140 2740 5200 καὶ
2797 5139 3072 5202 ἀπιστίαν.
3136 5139 3296 5224 ’βπεὶ
3339 5129 3430 5198 οὖν
3464 5129 3794 5223 Ἵένίπειραα

2200 5221 2491 5311 σμοῖςτκαὶ
2543 5231 2793 5299 κινδύνοις
2841 5228 3110 5311 συνεχέσιν
3156 5221 3329 5308 ἦσαν,
3370 5231 3432 5288 ἐκ
3476 5221 3693 5290 τούτων
3734 5231 3791 5290 δὲ

2197 5320 2385 5382 πολλοὶ
2414 5324 2486 5390 εἰς
2525 5323 2825 5401 γογγυσμὸν
2874 5319 3347 5400 ἐκτραχηλίζονται
3399 5318 3492 5381 καὶ
3544 5322 3795 5401 βλασφη-

2199 5413 2351 5490 μίας,
2378 5439 2401 5464 α
2428 5411 2606 5492 Χωρὶς
2634 5411 2976 5493 γογγυσμῶν,
3003 5436 3029 5461 ν
3061 5408 3223 5492 φησὶ,
3247 5435 3269 5464 ι
3299 5409 3476 5471 πάντα
3506 5418 3734 5473 ποιεῖτε.
3757 5431 3789 5470 n

1850 5644 2415 5728 ,Variaezlectiones.

555 5753 599 5790 ⁷⁷
630 5754 704 5810 ἔνι
730 5770 789 5821 0,
858 5754 902 5792 ’⁷⁸
929 5754 1085 5829 ἤγουν
1117 5774 1173 5816 ο.
1252 5755 1417 5832 ⁷⁹δγὰρ
1447 5775 1503 5818 ο.
1580 5760 1626 5797 ⁸ο
1654 5760 1777 5836 ἡμῖν
1809 5781 1867 5821 0.

1952 5764 1988 5801 ⁸³
2028 5762 2152 5839 ἡμῖν
2181 5785 2240 5828 o.
