4124 6418
331 447 466 505 1169

1223 440 1574 501 EXPOSITIO
1614 442 1681 498 IN
1717 439 1927 498 EPIST.
1963 439 2054 496 AD
2090 437 2373 495 PHILIPP.
2419 465 2482 477 —
2523 436 2674 493 CAP.
2712 436 2776 493 Il.

3486 439 3626 495 H70

324 571 395 634 ⁸0
437 570 541 653 γὰρ
592 568 881 651 γογγύζων,
926 567 1239 651 ἀχάριστοί
1258 567 1351 628 καὶ
1381 567 1681 651 δύσφημος.
1727 567 1919 629 Διαλο⁹

2039 563 2587 626 murmurationibus,
2643 561 2837 635 inquit,
2879 563 3062 619 omnia
3102 564 3291 632 facite.
3337 561 3444 634 Qui
3479 562 3631 620 enim

324 660 549 741 γισμοὺς
596 659 651 720 δὲ
698 660 796 733 τὴν
825 658 1087 740 διάκρισίν
1129 681 1261 741 φησι
1322 658 1416 719 καὶ
1461 657 1551 717 τὸν
1605 656 1919 741 δισταγμόν.

325 737 456 813 Οἶον
482 774 495 788 ·
526 750 704 812 ⁰Οταν
753 737 965 821 ἐντολῆς
1007 737 1359 830 προκειμένης
1409 746 1543 828 λέγῃ
1587 772 1667 816 τις
1696 769 1712 786 ο
1742 737 1879 827 ’Ἆρα
1904 794 1919 821 ,

325 841 416 900 ἐὰν
444 841 563 901 τόδε
598 838 840 913 ποιήσω,
892 838 995 908 ἔξω
1042 828 1264 917 μισθόν;
1300 828 1406 919 ἆρα
1446 837 1613 898 καλόν
1641 839 1816 911 ἐστινς
1841 840 1922 898 Οὐ

324 931 404 990 δεῖ
429 928 534 1012 γὰρ
567 931 622 989 ἐν
649 936 758 997 τοῖς
791 927 1043 1012 τοιούτοις
1085 927 1348 998 διστάζειν
1366 971 1385 1003 ,
1428 927 1568 988 ἀλλὰ
1595 927 1921 995 πεποιθότως

321 1007 536 1080 ποιεῖν-ο
581 1017 680 1080 κᾶν
706 1016 863 1087 πόνος
908 1007 974 1100 ᾗ,
1030 1015 1130 1078 κᾶν
1178 1016 1463 1100 κάματος,
1514 1016 1682 1098 μηδὲν
1737 1018 1915 1080 διαλο-

322 1109 582 1188 γίζεσθαι.

406 1312 437 1349 α
482 1289 608 1353 Ἰνα
652 1288 874 1368 γένησθε
920 1289 1195 1367 ἄμεμπτοι
1228 1289 1321 1350 καὶ
1355 1287 1612 1370 ἀκέραιοι.
1662 1312 1692 1350 ι)
1734 1293 1917 1353 Τουτ-

320 1380 499 1456 έστιν,
529 1378 881 1455 ἀνεπίληπτοι
908 1381 1000 1463 καὶ
1041 1380 1261 1440 ἄσπιλοι
1283 1404 1296 1418 ·
1340 1381 1400 1440 οὖ
1429 1380 1533 1463 γὰρ
1566 1379 1735 1461 μικρὰ
1766 1381 1919 1454 κηλὶς

318 1472 348 1528 ὁ
396 1469 712 1550 γογγυσμός.
761 1470 881 1530 Οὖκ
915 1459 1033 1529 εἷπε
1069 1469 1158 1544 δὲ,
1208 1470 1391 1550 ὥσπερ
1438 1459 1595 1551 ἐνντῆ
1627 1459 1759 1552 πρὸς
1810 1475 1917 1533 Κο-

321 1557 575 1639 ρινθίους,
621 1558 703 1619 ὅτι
746 1557 962 1626 κόλασις
1005 1558 1282 1620 ἀπόκειται
1312 1562 1388 1640 τῷ
1419 1563 1712 1640 γογγυσμῷ
1734 1605 1750 1636 ,
1784 1561 1915 1621 διότι

315 1649 389 1715 ὡς
449 1648 734 1729 ἐλευθέροις
776 1646 980 1717 τούτοις
1034 1648 1360 1728 διαλέγεται.
1424 1648 1612 1710 ⁷Ἀκουε
1664 1649 1767 1731 γὰρ
1822 1650 1914 1709 καὶ

316 1738 424 1796 τῶν
453 1736 569 1810 ἑξῆς
592 1759 607 1776 ⁸

399 1854 425 1879 σι
445 1826 626 1933 Τέκιξα
652 1825 1126 1933 Θεοῦιξῖμώμητα.
1157 1853 1183 1882 υ
1214 1826 1382 1933 ’ρστε
1402 1828 1599 1933 δρύλων
1623 1828 1714 1887 καὶ
1739 1830 1913 1909 ἀγνω-
1942 1869 1992 1933 Β

317 1915 494 1994 μόνων
544 1915 606 1977 τὸ
653 1917 950 1997 γογγύζειν.
1006 1919 1171 1985 Ποῖος
1230 1916 1336 1999 γὰρ
1379 1917 1488 1986 υἱὸς
1542 1921 1595 1978 ἐν
1651 1921 1759 1987 τοῖς
1819 1924 1912 1978 τοῦ

313 2005 517 2086 πατρὸς
544 2007 791 2086 [πονῶν]
823 2005 915 2066 καὶ
946 2009 1120 2083 ἑαυτῷ
1149 2005 1407 2086 κάμνων,
1441 2007 1719 2087 γογγύζει;

398 2123 425 2148 ιι
469 2095 564 2157 Ἐν
595 2095 744 2177 μέσῳ
768 2104 951 2177 γενεᾶς
993 2100 1208 2164 σκολιᾶς
1248 2097 1337 2156 καὶ
1381 2097 1825 2179 διεστραμμένης.
1871 2121 1900 2157 ι)

316 2173 460 2245 Οἶδα
477 2232 494 2259 ,
523 2184 682 2267 φησὶν
696 2173 727 2260 ,’
747 2173 830 2244 ὅτι
868 2184 1057 2245 πολλοὶ
1085 2188 1135 2245 οἱ
1184 2173 1571 2264 πολεμοῦντες,
1600 2173 1703 2248 ’καὶ
1749 2190 1821 2255 εἷς
1850 2188 1909 2247 τὸ

314 2273 587 2355 γογγύζειν
621 2277 759 2353 ὑμᾶς
807 2274 1177 2352 ἐκϐιαζόμενοι
1202 2299 1217 2315 ο
1274 2275 1414 2337 ἀλλὰ
1461 2282 1617 2337 τοῦτο
1675 2276 1910 2355 μάλιστα

314 2364 623 2441 ἐπαινετὸν,
652 2363 777 2425 ὅταν
811 2389 892 2434 τις
933 2366 1025 2425 καὶ
1055 2365 1533 2447 παρακνιζόμενος,
1562 2367 1711 2429 οὐδὲν
1740 2373 1910 2428 τοιοῦ-

314 2475 404 2511 τον
433 2453 645 2535 πάσχῃ.

398 2569 424 2598 οι
450 2542 548 2605 Ἐν
578 2534 669 2613 οἷς
697 2543 942 2626 φαίνεσθε
984 2547 1055 2613 ὡς
1101 2550 1372 2626 φωστῆρες
1411 2550 1465 2607 ἐν
1504 2546 1721 2628 κόσμῳ,
1755 2547 1907 2628 λόγον

320 2634 459 2704 ζωῆς
488 2631 717 2715 ἔχοντες.
747 2661 771 2689 υ
797 2628 1016 2714 ⁴Ὧσπερ
1062 2636 1112 2694 οἱ
1161 2639 1433 2718 φωστῆρες
1481 2638 1535 2695 ἐν
1565 2636 1739 2696 σκότει
1767 2637 1908 2716 λάμ·

314 2745 536 2799 πουσιν,
580 2723 719 2783 οὕτω
760 2722 853 2783 καὶ
894 2724 1041 2802 ὕμεῖς
1071 2726 1123 2783 ἐν
1158 2724 1306 2806 μέσῳ
1333 2729 1436 2785 τῶν
1457 2728 1711 2800 σκολιῶν,
1745 2729 1908 2797 εὖθεῖς

319 2812 497 2886 ὄντες,
546 2815 751 2891 μᾶλλον
820 2813 1164 2892 ἀπολάμπειν
1214 2814 1575 2878 σπουδάσατε.
1629 2816 1710 2877 Τὸ
1756 2817 1898 2900 γὰρ,

318 2927 342 2956 α
365 2901 689 2976 Φαίνεσθερ»
702 2902 1092 2985 προστακτικὸν
1114 2905 1256 2964 δοκεῖ
1270 2927 1384 2983 μοι.
1405 2904 1606 2984 «Λόγον
1623 2932 1644 2958 ιο
1663 2905 1717 2965 δὲ
1729 2933 1753 2959 «ι
1771 2910 1910 2978 ζωῆς

317 2988 528 3071 ἔχοντες
551 3016 576 3045 ι
597 2990 674 3067 ⁸³,
696 2995 839 3052 τοῦτ’
866 2991 981 3053 ἔστι
998 3037 1017 3069 ,
1059 2993 1295 3071 Σπέρμα
1325 2997 1463 3066 ζωῆς
1494 2997 1546 3054 ἐν
1571 2997 1697 3073 ὖμῖν
1739 2997 1913 3064 αὐτοῖς

315 3081 555 3159 ἔχοντες,
604 3080 697 3141 καὶ
729 3080 1009 3160 μέλλοντες
1051 3081 1342 3158 ζήσεσθαι,
1376 3084 1469 3142 καὶ
1516 3085 1752 3143 ἐντεῦθεν
1802 3084 1906 3157 ἤδη

2034 662 2367 724 murmurat,
2397 653 2642 725 ingratus
2664 659 2721 708 et
2756 650 3059 709 maledicus
3085 660 3189 708 est.
3240 652 3633 711 Haesitationes

2031 754 2216 804 autem
2243 742 2696 816 dijudicationem
2727 739 2863 797 dicit
2889 757 2953 797 ac
2990 740 3399 798 dubitationem
3426 759 3441 797 :
3464 740 3629 798 veluti

2031 835 2078 892 si
2122 833 2385 891 mandato
2431 830 2718 905 proposito
2765 829 2913 887 dicat
2948 830 3188 904 aliquis:
3220 834 3373 888 Num
3419 830 3467 887 si
3523 829 3631 888 hoc

2030 924 2238 993 fecero,
2280 921 2491 980 habebo
2537 919 2851 977 mercedem
2893 925 2917 978 ?
2956 919 3239 993 Numquid
3273 919 3381 977 hoc
3414 919 3623 977 bonum

2029 1022 2112 1073 est
2137 1017 2162 1070 Ρ
2203 1014 2265 1068 In
2283 1010 2486 1070 talibus
2513 1009 2663 1067 enim
2690 1024 2806 1066 non
2828 1018 2913 1068 est
2933 1007 3323 1078 dubitandum,
3355 1006 3457 1066 sed
3484 1024 3624 1065 con-

2027 1104 2260 1162 ﬁdenter
2286 1101 2582 1175 agendum,
2612 1115 2676 1157 ac
2700 1098 2811 1157 sive
2828 1099 2900 1157 sit
2918 1098 3094 1170 labor,
3122 1100 3233 1157 sive
3272 1098 3617 1172 defetigatio,

2027 1192 2165 1251 nihil
2203 1201 2287 1249 est
2325 1187 2764 1262 disceptandum.

2097 1284 2280 1340 Vens.
2309 1286 2393 1338 15.
2437 1282 2507 1339 Ut
2537 1282 2658 1337 sitis
2692 1281 2813 1335 sine
2834 1279 3055 1350 querela
3081 1281 3136 1334 et
3166 1278 3449 1350 simplices.
3500 1279 3622 1333 Hoc

2027 1381 2131 1443 est,
2195 1369 2703 1445 irreprehensibiles
2729 1377 2786 1425 et
2830 1367 3203 1435 immaculati;
3256 1366 3405 1424 haud
3456 1382 3622 1438 parva

2025 1464 2173 1521 enim
2202 1462 2417 1519 macula
2456 1468 2541 1517 est
2570 1459 3032 1516 obmurmuratio.
3080 1461 3206 1516 Non
3233 1456 3373 1515 dixit
3405 1464 3622 1522 autem,

2026 1553 2162 1610 utin
2196 1550 2367 1625 442
2395 1550 2639 1623 Epistola
2670 1549 2741 1607 ad
2771 1547 3107 1617 Corinthios,
3147 1563 3369 1621 poenam
3411 1545 3623 1618 reposi-

2026 1652 2144 1701 tam
2189 1657 2309 1699 esse
2338 1638 2631 1709 murmuri,
2671 1654 2737 1696 eo
2769 1638 2919 1711 quod
2962 1637 3109 1696 hisce
3140 1645 3406 1711 tanquam
3439 1634 3624 1693 liberis

2026 1734 2299 1806 loquatur.
2328 1730 2469 1788 Audi
2488 1730 2637 1786 enim
2666 1729 2970 1800 sequentia.

2096 1823 2225 1878 Filii
2275 1822 2377 1878 Dei
2403 1822 2520 1876 sine
2556 1820 2984 1890 reprehensione.
3020 1818 3321 1875 Servorum
3356 1814 3541 1886 itaque
3568 1821 3623 1869 et

2025 1913 2364 1985 ingratorum
2392 1918 2475 1967 est
2519 1923 2888 1965 murmurare.
2916 1906 3106 1978 Qualis
3151 1906 3298 1963 enim
3364 1903 3510 1959 ﬁlius
3562 1903 3618 1958 in

2023 2001 2252 2074 negotiis
2284 2000 2527 2074 paternis
2569 1998 2780 2071 sibique
2811 1997 2928 2070 ipse
2970 1996 3225 2054 laborans
3262 1993 3620 2051 murmurat?

2093 2094 2158 2147 In
2179 2090 2357 2147 medio
2376 2092 2621 2147 nationis
2638 2104 2822 2160 prava
2846 2093 2898 2144 et
2917 2102 3205 2160 perversa.
3228 2084 3390 2150 Novi,
3414 2081 3613 2154 inquit,

2027 2182 2236 2238 multos
2275 2195 2396 2238 esse
2426 2180 2518 2252 qui
2552 2178 2756 2236 bellum
2782 2185 2977 2251 gerant
3027 2174 3321 2233 adversum
3359 2187 3476 2240 vos,
3525 2186 3621 2227 co-

2024 2278 2212 2343 gentes
2253 2270 2327 2325 ita
2376 2282 2471 2323 vos
2499 2278 2873 2331 murmurare;
2904 2278 3097 2320 verum
3129 2263 3484 2335 potissimum
3512 2259 3619 2316 hoc

2022 2367 2106 2417 est
2152 2356 2503 2426 laudandum,
2535 2354 2580 2412 si
2610 2354 2735 2427 quis
2773 2352 3018 2410 irritatus
3057 2351 3131 2409 nil
3159 2351 3267 2409 tale
3288 2349 3470 2409 faciat.

2092 2553 2272 2608 Vens.
2308 2556 2397 2619 15,
2428 2555 2514 2606 16.
2545 2552 2610 2607 In
2632 2550 2829 2621 quibus
2860 2550 3025 2606 lucete
3054 2548 3203 2604 sicut
3232 2546 3525 2602 luminaria
3558 2545 3619 2599 in

2018 2643 2243 2705 mundo,
2283 2643 2412 2697 vitce
2449 2641 2667 2696 verbum
2692 2639 2971 2696 habentes.
3029 2641 3203 2711 Eque
3221 2651 3285 2691 ac
3325 2633 3619 2691 luminaria

2018 2730 2077 2787 in
2102 2730 2340 2787 tenebris
2366 2730 2573 2798 lucent,
2603 2727 2748 2785 hunc
2775 2727 2847 2784 ad
2878 2725 3111 2784 modum
3133 2734 3190 2782 et
3218 2739 3315 2780 vos
3334 2723 3391 2780 in
3428 2720 3618 2779 medio

2016 2834 2421 2891 perversurum,
2435 2818 2567 2874 recti
2596 2834 2725 2873 cum
2736 2816 2874 2885 sitis,
2894 2815 3072 2889 magis
3090 2812 3355 2887 effulgere
3374 2811 3613 2869 studete.

2020 2912 2142 2965 Hoc
2170 2909 2319 2965 enim
2352 2907 2504 2981 quod
2534 2907 2628 2975 ait,
2659 2909 2871 2975 Lucete,
2902 2903 3293 2977 imperativum
3323 2917 3441 2959 esse
3470 2900 3607 2957 mihi

2016 2998 2252 3055 videtur.
2286 2999 2377 3065 Et,
2405 2998 2643 3055 Verbum
2662 2999 2791 3052 vita:
2816 2997 3095 3058 habentes,
3124 2993 3232 3049 hoc
3272 2999 3377 3059 est,
3408 2993 3612 3048 Semen

2014 3088 2138 3144 vita:
2186 3087 2239 3143 in
2267 3086 2425 3144 vobis
2454 3086 2584 3158 ipsis
2613 3085 2900 3152 habentes,
2959 3092 3015 3140 et
3056 3081 3251 3140 victuri
3281 3080 3531 3153 posthac,
3561 3086 3616 3135 et

315 3169 603 3251 ἇῤῥαϐῶνα
651 3173 746 3243 τῆς
785 3169 1051 3251 σωτηρίας
1096 3170 1367 3240 λαϐόντες.
1408 3171 1485 3233 Ἢ
1510 3219 1527 3250 ,
1572 3173 1652 3232 ὅτι
1691 3170 1909 3255 θΩσπερ

2020 3177 2375 3233 mrrhabonem
2420 3174 2611 3232 salutis
2667 3175 2785 3247 jam
2835 3188 2982 3230 nunc
3055 3171 3405 3243 accipientes.
3467 3167 3611 3224 Vel:

314 3260 361 3315 οἱ
396 3261 671 3340 φωστῆρες
711 3258 805 3319 καὶ
862 3260 1145 3339 φωτίζουσι
1192 3260 1286 3319 καὶ
1332 3263 1627 3331 ἆναζωοῢσι
1678 3262 1745 3321 τὰ
1805 3263 1910 3323 σώ-

316 3369 463 3421 ματα
615 3348 807 3431 θάλψει
837 3348 911 3422 ⁸³,
956 3348 1095 3409 οὕτω
1139 3354 1228 3408 καὶ
1261 3352 1410 3426 ὑμεῖς
1452 3350 1719 3412 σπεύσατε
1770 3342 1910 3413 εἶναι

314 3437 511 3509 ζωτικὴ
541 3447 651 3508 τοῖς
681 3437 863 3506 ἄλλοις
893 3436 1186 3519 ἀνθρώποις
1217 3439 1455 3517 δύναμις.

397 3553 421 3579 ι
446 3529 543 3595 Εἰς
564 3526 826 3608 καύχημα
846 3527 964 3607 ἐμοὶ
980 3530 1052 3594 εἷς
1070 3526 1277 3607 ἡμέραν
1302 3530 1554 3607 Χριστοῦ.
1578 3555 1599 3580 υ
1628 3528 1906 3603 Τοσαύτη,

314 3615 506 3696 φησὶν,
535 3620 570 3689 ἡ
601 3615 833 3696 ὑμετέρα
874 3614 1037 3698 ἀρετὴ
1066 3616 1238 3690 ἔστω,
1285 3615 1426 3676 ὥστε
1459 3617 1535 3694 μὴ
1572 3617 1730 3695 μόνον
1772 3621 1912 3696 ὓμᾶς

314 3706 388 3772 εἷς
409 3703 504 3777 τὴν
535 3704 673 3779 ζωὴν
705 3705 853 3785 ἄγειν
871 3756 886 3783 ,
933 3707 1070 3767 ἀλλὰ
1101 3705 1193 3766 καὶ
1222 3704 1316 3785 ἐμὲ
1342 3707 1710 3788 λαμπρότερον
1740 3718 1909 3770 ποιεῖν

315 3796 371 3854 ἐν
398 3797 465 3874 τῇ
493 3795 758 3876 παρουσίᾳ
786 3799 881 3854 τοῦ
908 3797 1162 3876 Χριστοῦ.

405 3905 435 3943 ιι
490 3882 624 3946 Ὅτι
670 3887 767 3945 οὒκ
824 3887 898 3954 εἷς
945 3887 1094 3946 κενὸν
1140 3885 1410 3969 ἔδραμον,
1465 3886 1582 3946 οὐδὲ
1632 3889 1704 3954 εἷς
1760 3888 1909 3948 κενὸν

314 3973 597 4037 ἐκοπίασα.
619 3995 650 4033 ι
686 3974 863 4037 Τοῦτό
895 3998 988 4054 μοι
1021 3973 1279 4056 καύχημα
1300 4021 1317 4049 ,
1364 3976 1447 4037 ὅτι
1476 3976 1740 4044 τοιούτους
1771 3980 1909 4055 ὗμᾶς

313 4061 642 4139 ἐπαίδευσα,
696 4063 790 4124 καὶ
839 4066 897 4124 οὗ
943 4063 1089 4133 κενός
1140 4088 1241 4143 μου
1287 4064 1339 4105 ³⁴
1387 4069 1416 4127 δ
1461 4065 1541 4147 ἐφ’
1580 4070 1703 4145 ὑμῖν
1746 4066 1909 4135 κόπος

311 4151 546 4231 γέγονεν.

399 4264 430 4297 α
473 4241 614 4303 Ἀλλ’
647 4244 693 4302 εἰ
742 4241 834 4302 καὶ
878 4241 1171 4319 σπένδομαι
1219 4244 1307 4304 ἐπὶ
1464 4243 1621 4325 θυσίᾳ
1666 4244 1761 4305 καὶ
1796 4246 1906 4305 λει-

312 4331 532 4412 τουργίᾳ
599 4334 696 4404 τῆς
744 4331 972 4399 πίστεως
1027 4334 1196 4407 ὑμῶν,
1250 4331 1426 4413 χαίρω
1480 4335 1573 4392 καὶ
1625 4336 1906 4417 συγχαίρω

312 4428 477 4479 πᾶσιν
526 4422 672 4499 ὑμῖν.
721 4441 753 4480 ο
801 4422 870 4481 Εἰ
923 4419 1015 4480 καὶ
1055 4422 1320 4494 τελευτῶ,
1375 4422 1544 4503 φησί’
1597 4428 1752 4483 τοῦτο
1803 4423 1905 4506 γὰρ

313 4510 546 4584 σπονδὴν
573 4514 763 4584 καλεῖ,
794 4509 892 4582 τὴν
920 4510 1194 4582 τελευτήν.
1238 4539 1263 4564 ιι
1286 4510 1603 4590 Σπένδομαι
1632 4512 1687 4572 δὲ
1720 4512 1810 4573 ἐπὶ
1839 4518 1906 4594 τῇ

312 4600 465 4682 θυσία
514 4600 607 4659 καὶ
654 4599 956 4681 λειτουργίᾳ
1007 4603 1102 4672 τῆς
1156 4598 1388 4668 πίστεως
1439 4605 1586 4680 ὑμῶν
1618 4626 1632 4640 ο
1674 4630 1700 4657 ιι
1754 4627 1909 4664 τουτ-

313 4689 464 4763 έστι,
533 4688 801 4771 Πρότερον
863 4693 1003 4767 ὑμᾶς
1054 4687 1217 4757 θύσας
1266 4687 1357 4761 ⁸⁵,
1412 4690 1505 4749 καὶ
1573 4692 1902 4772 λειτουργίαν

313 4780 530 4859 [ὖμᾶς]
559 4777 927 4861 προσενεγκὼν
952 4825 970 4854 ,
1021 4777 1113 4839 καὶ
1162 4778 1380 4848 πιστοὺς
1433 4780 1663 4853 ποιήσας
1696 4803 1712 4819 ·
1760 4781 1904 4856 ὅμως

310 4869 413 4948 οὐχ
435 4872 505 4936 ὣς
532 4873 560 4930 δ
590 4867 1015 4945 ἀποθανούμενος
1050 4868 1355 4946 λυποῦμαι,
1386 4868 1523 4927 ἀλλὰ
1554 4899 1577 4921 κ
1614 4869 1706 4929 καὶ
1731 4871 1906 4950 χαίρω

311 4957 403 5016 καὶ
454 4958 732 5039 συγχαίρω
783 4966 946 5018 πᾶσιν
1004 4959 1150 5032 ὑμῖν.
1186 4984 1209 5009 ιι
1260 4956 1450 5038 Χαίρω
1502 4957 1598 5037 μὲν
1648 4950 1771 5033 οὖν,
1825 4959 1905 5020 ὅτι

309 5045 514 5120 σπονδὴ
541 5047 755 5128 γίνομαι
787 5071 801 5085 ο
845 5047 1122 5127 συγχαίρω
1150 5046 1235 5120 δὲ,
1266 5047 1347 5107 ὅτι
1394 5045 1491 5119 τὴν
1539 5046 1716 5108 πίστιν
1755 5051 1903 5128 ὑμῶν

308 5138 381 5206 ὣς
410 5136 597 5196 θυσίαν
626 5135 885 5218 προσάγω
919 5138 997 5216 τῷ
1032 5137 1274 5217 Χριστῷ.

393 5252 418 5281 ι
440 5225 520 5288 Τὸ
548 5224 599 5286 δ’
627 5225 756 5286 αὐτὸ
786 5225 877 5285 καὶ
907 5229 1055 5305 ὑμεῖς
1083 5224 1322 5306 χαίρετε.
1355 5255 1377 5278 ιι
1396 5224 1527 5287 ’Ὅτι
1551 5225 1604 5265 ⁸⁸
1634 5226 1725 5286 καὶ
1756 5227 1905 5287 αὐτοὶ

309 5315 729 5396 προσηνέχθητε.

402 5424 431 5462 (ι
462 5406 571 5467 Καὶ
602 5402 923 5485 συγχαίρετέ
950 5428 1060 5483 μοι.
1102 5429 1131 5463 κ
1165 5403 1291 5469 Ὀτι
1331 5404 1649 5466 σπένδεσθαι
1693 5406 1901 5485 μέλλων

309 5494 487 5576 χαίρω
511 5494 597 5554 ἐπ’
628 5495 774 5575 αὐτῷ
806 5492 877 5557 ⁸⁷.

1936 4392 1986 4455 D

2017 3265 2501 3336 Quemadmodum
2519 3263 2807 3321 luminaria
2825 3273 2883 3319 et
2905 3263 3110 3331 lucent,
3132 3268 3190 3318 et
3220 3274 3453 3331 corpora
3476 3256 3617 3314 refo-

2017 3357 2297 3412 cillatione
2335 3354 2613 3411 viviﬁcant
2636 3371 2649 3408 :
2672 3354 2753 3410 sic
2781 3361 2836 3410 et
2864 3367 2960 3409 vos
2988 3349 3265 3409 conamini
3297 3363 3418 3407 esse
3438 3347 3617 3405 vitalis

2016 3444 2133 3500 aliis
2172 3442 2494 3500 hominibus
2527 3442 2789 3516 potentia.

2085 3533 2178 3589 Ad
2197 3533 2578 3603 gloriationem
2602 3532 2738 3585 mihi
2757 3532 2814 3584 in
2832 3529 2922 3584 die
2938 3530 3160 3585 Christi.
3186 3530 3387 3597 Tanta,
3409 3527 3610 3598 inquit,

2015 3629 2192 3678 vestra
2220 3621 2396 3677 virtus
2428 3620 2518 3688 sit,
2542 3628 2601 3676 ut
2626 3634 2742 3675 non
2769 3616 2951 3673 solum
2973 3633 3071 3673 vos
3115 3615 3185 3674 ad
3206 3616 3374 3672 vitam
3418 3612 3611 3682 ducat,

2017 3727 2210 3767 verum
2261 3708 2432 3767 etiam
2486 3724 2578 3765 me
2604 3705 3002 3780 fulgentiorem
3046 3703 3208 3762 faciat
3260 3705 3316 3761 in
3360 3701 3607 3761 adventu

2013 3801 2230 3858 Christi.

2085 3892 2345 3960 Quoniam
2371 3904 2479 3945 non
2526 3890 2587 3944 in
2612 3901 2815 3943 uanum
2849 3887 3086 3955 cucurri,
3116 3899 3285 3955 neque
3325 3886 3384 3938 in
3409 3898 3612 3938 vanum

2013 3982 2276 4036 laboravi.
2313 3980 2449 4035 Haec
2493 3993 2616 4034 mea
2663 3975 2911 4050 gloriatio
2971 3982 3075 4043 est,
3130 3972 3284 4046 quod
3329 3971 3465 4027 tales
3514 3987 3610 4028 vos

2011 4070 2250 4139 institui,
2273 4085 2377 4127 nec
2424 4067 2604 4126 inanis
2632 4066 2766 4123 mihi
2788 4065 2945 4123 labor
2969 4063 3115 4138 apud
3140 4078 3241 4121 vos
3267 4061 3460 4120 fuerit.

2078 4262 2258 4316 Vens.
2338 4263 2425 4314 17.
2493 4258 2598 4315 Sed
2649 4259 2750 4313 etsi
2788 4255 3044 4311 immolor
3100 4268 3263 4324 super
3314 4252 3494 4307 hostia
3559 4253 3611 4305 et

2011 4351 2269 4419 sacriﬁcio
2296 4348 2425 4419 ﬁdei
2470 4350 2679 4411 oestrce,
2710 4346 2941 4416 gaudeo,
2973 4349 3025 4400 et
3053 4343 3393 4413 congratulor
3440 4342 3610 4395 omni-

2016 4440 2110 4495 bus
2144 4438 2314 4494 uobis.
2344 4436 2458 4493 Etsi
2508 4436 2739 4503 morior,
2768 4434 2946 4508 inquit
2976 4451 2991 4488 :
3018 4431 3126 4489 hoc
3154 4431 3306 4488 enim
3348 4427 3610 4486 immola-

2013 4528 2224 4583 tionem
2263 4534 2440 4592 vocat,
2501 4532 2743 4581 mortem
2800 4522 3067 4579 nimirum
3112 4521 3308 4590 ipsam.
3359 4517 3612 4574 Immolor

2015 4626 2202 4673 autem
2232 4632 2394 4688 super
2411 4617 2633 4671 victima
2666 4619 2715 4670 et
2767 4614 3031 4682 sacriﬁcio
3061 4610 3193 4680 ﬁdei
3230 4612 3420 4663 vestra:
3460 4625 3476 4660 :
3503 4604 3609 4660 hoc

2015 4716 2118 4772 est,
2153 4706 2264 4764 Ubi
2301 4705 2451 4778 prius
2480 4720 2577 4761 vos
2606 4703 2889 4760 victimam
2914 4709 2970 4757 et
2993 4714 3215 4756 sacrum
3242 4700 3361 4753 Deo
3386 4694 3606 4751 obtule-

2015 4812 2101 4863 ro,
2122 4795 2308 4853 ﬁdeles
2341 4810 2440 4852 vos
2469 4793 2677 4851 faciens
2709 4812 2722 4847 :
2767 4799 3010 4849 attamen
3043 4803 3155 4844 non
3189 4795 3456 4858 tanquam
3486 4798 3608 4838 mo-

2015 4885 2222 4942 riturus
2246 4883 2466 4940 tristitia
2506 4880 2741 4950 afﬁcior,
2766 4894 2957 4936 verum
3002 4877 3158 4934 laetor
3206 4885 3259 4931 et
3286 4871 3604 4944 congaudeo

2015 4974 2274 5032 omnibus
2301 4972 2475 5030 vobis.
2508 4975 2693 5029 Laetor
2717 4969 2938 5042 quidem
2968 4964 3121 5040 quod
3149 4966 3390 5022 libamen
3424 4961 3552 5017 ﬁam
3588 4979 3601 5016 :

2014 5062 2259 5121 collaetor
2286 5069 2495 5130 autem,
2526 5059 2791 5134 quoniam
2820 5055 2984 5114 ﬁdem
3011 5063 3251 5113 vestram
3278 5050 3444 5110 veluti
3472 5050 3607 5106 hos-

2013 5147 2149 5210 tiam
2184 5151 2363 5209 offero
2394 5147 2637 5210 Christo.

2083 5245 2262 5299 VBBS.
2300 5246 2385 5300 t8.
2427 5241 2497 5297 Id
2545 5244 2726 5312 ipsum
2751 5242 2935 5295 autem
2963 5240 3014 5293 et
3044 5250 3135 5292 vos
3161 5233 3409 5306 gaudete.
3445 5227 3605 5302 Quod

2013 5338 2070 5389 et
2100 5331 2204 5404 ipsi
2221 5329 2398 5387 oblati
2427 5330 2568 5386 sitis.

2082 5423 2153 5477 Et
2177 5419 2501 5488 congaudete
2548 5420 2705 5477 mihi.
2741 5414 3015 5488 Quoniam
3063 5428 3164 5488 ego
3210 5406 3609 5477 immolandus,

2011 5504 2084 5564 ob
2114 5505 2168 5563 id
2214 5507 2395 5579 ipsum
2424 5506 2604 5563 laetor.

1718 5617 1906 5678 Varia
1947 5618 2252 5682 lectiones.

392 5738 438 5775 ³³
482 5738 746 5812 ἐπέχοντες
770 5755 822 5799 0.
897 5739 941 5778 ⁸³
968 5738 1127 5813 θλίψει
1153 5756 1206 5799 0.
1281 5740 1326 5776 ⁸⁸
1351 5761 1435 5815 μοι
1458 5756 1515 5799 0.
1593 5741 1640 5780 ⁸⁵
1671 5742 1839 5798 θυσίαν
1866 5758 1918 5802 ο.

2020 5742 2041 5779 ⁵
2069 5742 2144 5800 ἔτι
2164 5759 2217 5803 0.
2296 5743 2338 5778 ⁸⁷
2371 5742 2569 5816 ἐμαυτῷ
2595 5757 2655 5799 ο.
