4124 6426
490 420 619 475 1171

491 634 672 690 theam
717 650 801 689 me
845 637 950 690 cito
990 636 1278 690 missurum
1322 631 1396 687 ad
1447 646 1561 697 vos,
1618 636 1679 687 ut
1719 636 1771 688 et
1814 647 1912 705 ego
1951 633 2083 687 bono

488 726 674 780 animo
694 726 821 789 sim,
847 726 1073 795 cognitis
1092 738 1214 795 qua:
1243 725 1388 777 circa
1406 736 1497 778 vos
1525 726 1674 777 sunt.
1704 720 2083 791 Quemadmo-

490 813 628 869 dum
665 813 873 882 omnia,
898 813 978 870 sic
1006 812 1173 869 etiam
1202 810 1481 868 Timothei
1510 809 1839 868 missionem
1863 809 2083 867 Christo

490 901 703 958 tribuit.
732 901 969 959 Conﬁdo
1019 902 1185 967 enim,
1226 900 1421 973 inquit,
1468 899 1623 973 quod
1664 899 1755 956 ille
1788 898 1950 956 facile
1979 899 2086 956 hoc

494 999 866 1064 persequetur,
904 998 967 1048 ut
1038 988 1513 1064 quemadmodum
1580 1003 1676 1045 vos
1732 988 2080 1058 recreamini,

491 1080 727 1153 cognitis
774 1096 871 1153 per
922 1080 1069 1136 hanc
1118 1080 1418 1152 Epistolam
1468 1093 1657 1134 meam
1700 1078 1864 1134 rebus
1911 1077 2085 1149 meis,

490 1169 640 1242 quod
704 1169 981 1243 Evangelii
1023 1170 1308 1241 negotium
1359 1175 1768 1241 promoveatur,
1823 1166 2080 1240 quodque

490 1273 579 1313 res
597 1258 841 1315 hostium
875 1259 929 1314 in
967 1256 1246 1313 diversum
1295 1255 1404 1312 sint
1431 1264 1658 1314 mutatae
1686 1274 1700 1312 :
1734 1254 1905 1328 443
1939 1255 2089 1311 hunc

493 1347 562 1403 ad
584 1346 816 1404 modum
839 1355 891 1403 et
916 1363 1014 1419 ego
1037 1363 1249 1403 recreer
1268 1355 1322 1403 et
1341 1346 1779 1403 consolationem
1801 1346 2084 1418 accipiam,

494 1438 589 1493 ubi
620 1453 705 1492 res
731 1444 933 1494 vestras
963 1454 991 1493 ει
1022 1436 1320 1493 Timotheo
1351 1434 1488 1492 mihi
1538 1446 1726 1492 exacte
1752 1433 2088 1492 nuntiandas

496 1542 770 1600 agnovere
786 1567 797 1583 .

568 1618 740 1673 Vens.
792 1622 879 1672 20.
911 1618 1187 1676 Neminem
1225 1616 1369 1671 enim
1411 1614 1581 1671 habeo
1610 1619 1722 1671 tam
1757 1618 2083 1681 unanimem,

496 1709 596 1777 qui
617 1709 823 1762 sincera
850 1707 1143 1774 affectione
1171 1721 1274 1777 pro
1302 1706 1450 1761 vobis
1473 1706 1735 1761 sollicitus
1757 1707 1852 1761 sit.
1878 1705 2093 1761 Potuis-

498 1811 636 1863 sem,
683 1794 877 1868 inquit,
909 1795 1083 1851 alium
1126 1795 1296 1851 etiam
1324 1793 1642 1867 quempiam
1697 1795 1942 1862 mittere,
1992 1792 2089 1850 sed

1502 415 2023 473 THEOPHYLACTI
2060 416 2419 473 BULGARI/E
2456 418 2776 475 ARCHIEP.

472 592 475 595 .
559 545 742 601 VBBS.
790 548 877 601 19.
915 546 1082 615 Spero
1122 547 1303 599 autem
1351 544 1410 598 in
1450 545 1673 599 Domino
1717 546 1866 606 Jesu,
1916 545 2087 597 Timo-
2114 546 2167 609 Α

3647 418 3792 473 11⁸72

2276 570 2301 594 σι
2326 543 2573 613 Ἐλπίζω
2603 543 2657 603 δὲ
2698 547 2751 604 ἐν
2803 543 2987 625 Κυρίῳ
3026 543 3205 617 Ἰησοῦ
3228 590 3244 620 ,
3278 542 3543 623 Τιμόθεον
3582 540 3794 623 ταχέως

2192 632 2403 713 πέμψαι
2458 637 2581 710 ὑμῖν
2606 678 2623 707 ,
2684 631 2773 692 ἵνα
2828 632 2980 711 κάγὼ
3033 634 3287 716 εὐψυχῶ,
3341 632 3491 713 γνοὺς
3546 630 3614 691 τὰ
3666 632 3793 712 περὶ

2194 724 2363 799 ὑμῶν.
2395 748 2419 775 ι
2447 721 2670 804 Ὥσπερ
2700 723 2874 782 πάντα
2892 770 2908 799 ,
2938 722 3077 782 οὕτω
3109 724 3200 782 καὶ
3228 722 3324 794 τὴν
3356 721 3619 800 Τιμοθέου
3652 723 3790 781 ἀπο-

2194 811 2389 884 στολὴν
2424 814 2503 894 τῷ
2548 813 2767 894 Χριστῷ
2796 812 3079 885 ἀνατίθησι
3117 810 3191 870 ⁸⁸.
3237 812 3483 875 Πέποιθα
3513 811 3636 893 γὰρ,
3685 834 3793 893 φη-

2195 899 2277 959 σὶν
2299 946 2316 975 ,
2348 903 2429 961 ὅτι
2460 904 2656 970 ἐκεῖνος
2698 900 3029 982 ἕξευμαρίσει
3060 906 3214 962 τοῦτο
3234 948 3252 978 ,
3280 899 3370 960 ἵνα
3425 900 3607 981 ὥσπερ
3642 903 3795 977 ὗμεῖς

2194 991 2474 1071 εὔψυχεῖτε
2494 1037 2511 1066 ,
2560 991 2814 1069 μαθόντες
2844 990 2932 1050 διὰ
2961 996 3057 1064 τῆς
3084 990 3414 1062 Ἐπιστολῆς
3460 1014 3561 1068 μου
3593 989 3798 1062 ταύτης

2194 1077 2263 1137 τὰ
2290 1080 2408 1139 κατ’
2435 1081 2528 1160 ἐμὲ
2555 1126 2572 1155 ,
2604 1080 2686 1141 ὅτι
2716 1083 2789 1148 εἷς
2824 1079 3097 1161 προκοπὴν
3145 1071 3273 1153 ἦλθε
3310 1080 3372 1138 τὸ
3417 1079 3753 1158 Εὖαγγέλιον
3778 1124 3794 1152 ,

2197 1168 2285 1227 καὶ
2334 1166 2416 1229 ὅτι
2466 1169 2535 1229 τὰ
2590 1173 2695 1230 τῶν
2745 1173 2946 1252 ἐχθρῶν
3003 1172 3075 1237 εἷς
3145 1168 3444 1228 τούναντίον
3501 1167 3789 1248 περιετρά-

2196 1280 2376 1331 πησαν
2426 1285 2440 1298 ·
2492 1258 2633 1319 οὕτω
2697 1258 2848 1338 κάγὼ
2914 1260 3129 1341 εὐψυχῶ
3193 1258 3284 1318 καὶ
3337 1262 3799 1338 παραμυθοῦμαι,

2195 1346 2344 1425 γνοὺς
2374 1348 2442 1407 τὰ
2468 1349 2585 1409 καθ’
2613 1352 2752 1428 ὑμᾶς
2792 1347 2941 1429 παρὰ
2972 1354 3061 1407 τοῦ
3098 1348 3365 1426 Τιμοθέου
3416 1345 3651 1427 ἀκριϐῶς
3703 1369 3801 1424 μοι

2199 1437 2736 1518 ἀπαγγελθησόμενα.

2291 1641 2321 1678 (ι
2364 1619 2571 1680 Οὐδένα
2623 1618 2728 1699 γὰρ
2784 1617 2893 1700 ἔχω
2950 1617 3235 1699 ἰσόψυχον,
3284 1616 3428 1683 ὅστις
3460 1615 3688 1697 γνησίως
3732 1614 3804 1674 τὰ

2202 1707 2325 1787 περὶ
2353 1711 2502 1787 ὑμῶν
2533 1707 2873 1787 μεριμνήσει.
2906 1733 2930 1761 ι
2963 1706 3306 1783 Ἢδυνάμην,
3328 1705 3490 1786 φησὶ,
3513 1705 3604 1764 καὶ
3638 1705 3806 1787 ἀλλον

2205 1798 2443 1880 πέμψαι,
2490 1786 2614 1857 amt
2641 1795 2811 1864 οὐδεὶς
2854 1795 3021 1864 οὕτως
3069 1793 3322 1875 ἰσόψυχός
3353 1816 3445 1873 μοι
3499 1798 3570 1863 ὡς
3615 1786 3806 1860 οὗτος·

495 1900 661 1941 nemo
694 1892 776 1941 est
805 1884 920 1957 pari
958 1900 1179 1941 mecum
1221 1884 1408 1940 animo
1433 1884 1719 1956 praeditus,
1751 1891 1812 1939 ut
1830 1885 1958 1952 iste,
1985 1883 2093 1939 hoc

2213 1868 2477 1962 τουτέστι,
2533 1885 2820 1966 κηδόμενος
2884 1887 2989 1944 τῶν
3052 1868 3323 1965 ὑμετέρων
3355 1868 3364 1873 ⁷
3394 1882 3590 1962 ὁμοίως
3650 1882 3810 1960 ἐμοὶ,

498 1982 601 2040 est,
655 1973 749 2045 qui
794 1988 951 2046 atque
999 1972 1161 2030 vestri
1209 1989 1402 2029 curam
1444 1980 1600 2046 gerat
1631 1980 1796 2046 atque
1828 1988 1953 2046 ego,
2003 1972 2096 2046 qui

498 2064 753 2135 genuine,
785 2063 892 2121 hoc
912 2071 1015 2133 est,
1048 2072 1269 2137 paterne
1308 2080 1395 2119 res
1425 2071 1635 2118 vestras
1660 2071 1955 2119 curaturus
2002 2064 2093 2117 sit.

498 2153 741 2211 Observa
770 2152 860 2209 hic
890 2152 1308 2209 sollicitudinem
1343 2152 1463 2225 ejus
1513 2169 1527 2207 :
1573 2151 1792 2224 quando
1813 2151 1916 2225 ipsi
1967 2168 2098 2224 pro-

499 2242 668 2298 ﬁcisci
696 2257 809 2299 non
848 2250 993 2299 esset
1020 2242 1315 2315 integrum,
1359 2240 1494 2297 alios
1530 2239 1806 2309 mittebat,
1856 2248 1916 2297 ut
1944 2241 2100 2297 nullo

503 2339 752 2402 tempore
787 2331 1036 2403 discipuli
1072 2338 1344 2403 torpeant.

574 2424 756 2478 Vens.
814 2425 902 2476 21.
949 2421 1140 2477 Omnes
1192 2421 1333 2475 enim
1366 2436 1489 2490 qua:
1520 2435 1622 2475 sua
1651 2424 1777 2475 sunt
1823 2425 2097 2490 quaerunt,

502 2526 609 2566 non
630 2526 752 2582 quo:
772 2513 899 2566 sunt
927 2512 1052 2566 Jesu
1094 2510 1315 2567 Christi.
1349 2510 1472 2565 Hoc
1501 2518 1604 2575 est,
1646 2509 1925 2581 propriam
1950 2509 2100 2582 quie-

504 2612 640 2671 tem,
682 2607 836 2657 etut
887 2600 1004 2656 sint
1049 2599 1109 2656 in
1159 2606 1283 2655 tuto
1324 2617 1337 2655 :
1384 2613 1551 2655 nemo
1586 2598 1736 2655 enim
1783 2597 1933 2656 facile
1978 2600 2107 2657 velit

509 2689 909 2763 profectionem
958 2696 1171 2746 tantam
1202 2689 1498 2761 suscipere.
1543 2689 1681 2744 Haec
1714 2697 1899 2746 autem
1946 2687 2101 2760 dicit,

509 2779 671 2836 simul
704 2778 1061 2835 Timotheum
1089 2778 1513 2846 commendans,
1538 2777 1699 2834 simul
1738 2785 1793 2833 et
1831 2777 2106 2835 auditores

510 2868 787 2938 erudiens,
816 2884 886 2924 ne
913 2876 1160 2941 quaerant
1193 2868 1297 2925 sibi
1324 2869 1565 2940 quietem
1609 2885 1623 2923 :
1667 2884 1797 2923 nam
1824 2867 1915 2939 qui
1965 2867 2106 2924 hanc

508 2959 758 3031 inquirit,
800 2973 925 3029 quae
960 2957 1170 3014 Christi
1206 2965 1334 3013 sunt
1364 2972 1475 3012 non
1511 2955 1728 3028 quaerit.
1750 2956 1895 3013 Proh
1918 2957 2103 3012 dolor!

510 3055 718 3121 quanto
743 3061 773 3103 a
799 3046 1020 3103 Christo
1046 3044 1311 3102 distamus
1339 3044 1628 3101 intervallo
1652 3047 1665 3100 !

581 3138 764 3195 Vnus.
804 3140 895 3192 22.
922 3136 1300 3227 Probationem
1349 3138 1534 3189 autem
1602 3133 1742 3227 ejus
1784 3137 2107 3227 cognoscite,
2143 3164 2189 3227 ρ

517 3227 659 3297 quia
682 3229 950 3295 tanquam
970 3226 1128 3295 patri
1158 3224 1329 3295 ﬁlius,
1362 3238 1565 3279 mecum
1602 3224 1821 3278 semivit
1858 3225 1917 3278 in
1933 3225 2112 3280 Evan-

516 3315 676 3386 gelio.
741 3316 877 3382 Vos,
919 3312 1116 3385 inquit,
1164 3320 1328 3368 testes
1370 3310 1523 3380 estis,
1560 3310 1713 3385 quod
1763 3310 1926 3368 veluti
1971 3312 2109 3384 patri

512 3403 659 3459 ﬁlius
722 3401 1049 3471 inservierit,
1120 3416 1235 3457 non
1278 3400 1351 3457 ad
1400 3400 1649 3473 corporis
1724 3401 2111 3458 tantummodo

514 3491 911 3561 ministerium,
937 3489 1060 3558 sed,
1098 3489 1245 3562 quod
1277 3491 1456 3546 multo
1482 3489 1795 3563 praeclarius
1826 3490 2113 3564 majusque

516 3590 619 3653 est,
651 3580 719 3638 ad
758 3580 1035 3654 Evangelii
1074 3578 1542 3652 praedicationem.
1593 3582 1786 3652 Itaque
1829 3580 1943 3637 sive
1985 3587 2112 3636 tan-

514 3687 684 3745 quam
710 3668 851 3727 ﬁlius
888 3685 1046 3726 meus
1077 3664 1288 3726 honore
1335 3676 1421 3725 est
1453 3668 1779 3744 dignandus,
1832 3669 1945 3725 sive
1988 3676 2113 3726 tan-

516 3777 683 3835 quam
724 3759 826 3816 Dei
867 3760 1140 3832 minister,
1180 3759 1356 3815 multo
1403 3759 1579 3832 magis
1611 3766 1697 3816 est
1742 3758 1957 3815 honore
1983 3758 2113 3816 affi-

515 3849 763 3909 ciendus.
808 3847 1185 3931 Commendat
1232 3855 1416 3905 autem
1453 3864 1549 3920 per
1574 3849 1697 3906 hac
1751 3847 1883 3920 ipsis
1920 3848 2116 3904 Timo-

517 3942 731 4008 theum,
760 3954 877 3995 non
895 3946 1116 3995 tantum
1148 3937 1226 3992 illi
1254 3936 1622 4010 gratiﬁcatus,
1651 3944 1920 4009 quantum
1961 3937 2114 4009 ipsis.

516 4033 663 4088 Nam
725 4027 770 4085 si
820 4027 922 4099 ipsi
964 4035 1236 4099 tanquam
1291 4026 1682 4083 auctoritatem
1737 4024 1958 4082 habenti
2004 4026 2119 4082 ani-

515 4133 677 4175 mum
700 4115 1059 4183 adverterint,
1117 4113 1353 4170 omnino
1407 4128 1504 4185 per
1540 4114 1776 4170 verbum
1805 4113 1924 4186 ejus
1956 4114 2116 4188 juva-

520 4209 744 4273 buntur,
765 4219 829 4260 ac
855 4204 1122 4276 majorem
1148 4202 1389 4258 habituri
1415 4210 1543 4259 sunt
1567 4200 1900 4259 mercedem.

594 4298 768 4353 Vnus.
797 4298 887 4349 23.
911 4294 1067 4348 Hunc
1107 4294 1278 4361 igitur
1308 4307 1461 4363 spero
1498 4307 1582 4347 me
1634 4294 1947 4357 missurum,
1992 4307 2119 4347 mea:

522 4388 586 4440 ut
615 4383 801 4439 videro
842 4396 961 4452 quae
996 4382 1139 4436 circa
1190 4396 1273 4437 me
1308 4385 1457 4437 sunt.
1508 4382 1649 4437 Cum
1694 4380 1854 4439 video
1903 4381 2119 4454 qualem

523 4475 639 4531 sint
662 4472 935 4531 habitura:
955 4471 1124 4529 ﬁnem
1145 4486 1233 4529 res
1253 4486 1419 4539 meae,
1441 4469 1489 4533 ἔξ
1509 4469 1680 4541 αὖτῆς,
1699 4472 1757 4529 id
1783 4480 1887 4540 est,
1913 4452 2107 4541 statim,

2228 4455 2297 4513 τὰ
2329 4458 2448 4514 κατ’
2480 4453 2574 4534 ἐμὲ
2599 4498 2617 4530 ,
2650 4452 2702 4522 ἐξ
2727 4455 2923 4526 αὗτῆς,
2966 4478 2991 4505 ⁸

524 4565 745 4622 mittam
768 4561 937 4620 hunc.

594 4656 779 4710 Vnus.
812 4658 903 4709 24.
937 4652 1153 4723 Confido
1182 4654 1368 4706 autem
1392 4653 1452 4707 in
1479 4652 1718 4718 Domino,
1749 4651 1895 4721 quod
1933 4656 1985 4708 et
2011 4655 2126 4722 ipse

523 4746 633 4801 cito
650 4744 867 4799 veniam
891 4742 966 4798 ad
988 4756 1098 4797 vos.
1123 4742 1253 4797 Non
1276 4747 1542 4812 tanquam
1568 4740 1801 4802 omnino
1822 4741 2123 4797 recusarim

524 4832 712 4890 venire
752 4832 870 4902 ipse
891 4831 960 4888 ad
985 4845 1104 4898 vos,
1151 4829 1519 4886 Timotheum
1548 4829 1710 4885 mitto
1753 4845 1767 4884 :
1797 4845 1989 4885 verum
2040 4837 2122 4897 ut,

524 4921 675 4994 quod
714 4920 854 4987 dixi,
906 4920 1114 4976 interea
1133 4919 1404 4990 temporis
1427 4918 1616 4975 animo
1645 4933 1882 4986 recreor,
1914 4919 1960 4974 si
1984 4918 2125 4975 didi-

523 5026 655 5068 cero
712 5008 937 5082 qualem
979 5023 1294 5065 successum
1336 5024 1425 5064 res
1472 5016 1672 5065 vestrm
1713 5007 2119 5065 nanciscantur.

525 5100 771 5158 Observa
808 5107 996 5155 autem
1054 5097 1163 5165 hic,
1204 5097 1485 5170 quomodo
1529 5113 1686 5154 suam
1738 5096 1898 5153 etiam
1930 5096 1999 5153 ad
2030 5112 2124 5154 eos

525 5187 933 5263 profectionem
985 5203 1015 5242 a
1058 5190 1177 5243 Deo
1256 5187 1495 5259 pendere
1562 5186 1823 5253 afﬁrmet,
1886 5187 2123 5257 Conﬁdo,

524 5278 736 5349 dicens,
756 5280 817 5333 in
859 5279 1106 5345 Domino,
1143 5277 1251 5333 hoc
1274 5285 1375 5345 est,
1405 5275 1449 5333 si
1478 5279 1630 5333 Deus
1653 5275 1909 5332 voluerit.

596 5368 775 5424 Vnus.
829 5371 925 5422 25.
986 5368 1353 5423 Necessarium
1392 5370 1573 5421 autem
1610 5367 1936 5433 existimavi,
1977 5366 2125 5436 Epa-

516 5456 841 5529 phroditum
882 5458 1121 5525 fratrem
1145 5459 1198 5511 et
1236 5460 1630 5526 cooperatorem
1653 5460 1704 5510 et
1722 5455 2128 5511 commilitonem

2205 1976 2347 2044 ὅστις
2376 1975 2634 2055 γνησίως,
2665 1974 2946 2048 τουτέστι,
2972 1977 3248 2053 πατρικῶς
3278 1971 3346 2032 τὰ
3374 1972 3495 2052 περὶ
3525 1974 3676 2049 ὑμῶν
3710 1994 3808 2048 με·

2210 2064 2475 2147 ριμνήσει.
2503 2061 2651 2146 Ὅρα
2680 2064 2735 2124 δὲ
2783 2062 3106 2143 κηδεμονίαν
3133 2084 3146 2097 ·
3180 2061 3267 2121 ὅτε
3318 2060 3394 2140 μὴ
3427 2061 3584 2129 αὐτὸς
3614 2063 3812 2133 ἐπιδη-

2210 2156 2326 2232 μεῖν
2367 2154 2652 2235 ηὐκαίρει,
2682 2154 2873 2222 ἄλλους
2924 2152 3196 2232 ἔπεμψεν,
3240 2152 3329 2211 ἳνα
3371 2149 3574 2229 μηδένα
3619 2150 3808 2230 καιρὸν

2211 2246 2515 2326 ῥαθυμῶσιν
2540 2248 2589 2306 οἱ
2620 2240 3069 2322 μαθητευόμενοι.

2294 2446 2316 2471 α
2348 2423 2421 2481 Οἱ
2451 2417 2644 2486 πάντες
2673 2418 2777 2501 γὰρ
2815 2418 2885 2479 τὰ
2934 2421 3134 2477 ἑαυτῶν
3165 2417 3444 2488 ζητοῦσιν,
3484 2414 3543 2471 οὗ
3572 2411 3638 2471 τὰ
3668 2413 3717 2473 Χ
3727 2436 3812 2501 ριέ

2213 2515 2337 2570 στοῦ
2364 2509 2564 2581 Ἰησοῦ.
2588 2538 2611 2562 ιι
2630 2508 2911 2586 Τουτέστι,
2936 2507 3033 2579 τὴν
3060 2504 3261 2566 οἰκείαν
3283 2505 3606 2576 ἀνάπαυσιν,
3634 2501 3728 2559 καὶ
3753 2500 3815 2560 τὸ

2209 2600 2262 2657 ἓν
2288 2596 2552 2679 ἀσφαλείᾳ
2587 2588 2748 2656 εἶναι’
2788 2596 2954 2662 οὐδεὶς
2987 2594 3090 2676 γὰρ
3129 2594 3359 2660 εὖκόλως
3388 2590 3565 2679 ἕλοιτο
3590 2591 3807 2649 ὁδοιπο-

2214 2686 2331 2767 ρίαν
2363 2678 2626 2758 τοσαύτην
2656 2685 2710 2726 ⁸⁹
2757 2684 3130 2755 ἀναδέξασθαι.
3161 2686 3354 2745 Ταῦτα
3403 2678 3459 2740 δὲ
3506 2678 3681 2757 λέγει,
3716 2679 3812 2767 καὶ

2214 2766 2474 2854 Τιμόθεον
2528 2775 2623 2854 μὲν
2673 2774 3048 2854 ἐγκωμιάζων,
3097 2770 3369 2833 παιδεύων
3437 2768 3494 2829 δὲ
3542 2768 3635 2829 καὶ
3694 2766 3816 2835 τοὺς

2215 2865 2500 2933 ἀκούοντας
2538 2863 2614 2944 μὴ
2666 2868 2840 2938 ζητεῖν
2873 2864 3072 2926 ἄνεσιν.
3124 2861 3196 2924 Ὀ
3236 2859 3340 2942 γὰρ
3388 2857 3589 2931 ταύτην
3637 2859 3813 2931 ζητῶν

2216 2955 2275 3013 οὗ
2326 2954 2394 3014 τὰ
2440 2959 2533 3015 τοῦ
2583 2957 2827 3035 Χριστοῦ
2866 2956 3037 3027 ζητεῖ.
3082 2950 3292 3023 Βαϐαὶ,
3337 2948 3502 3009 πόσον
3535 2945 3812 3027 ἀπέχομεν

2217 3045 2454 3124 Χριστοῦ
2482 3048 2497 3105 Ῑ

2305 3160 2331 3186 σε
2365 3132 2481 3206 Τὴν
2513 3133 2567 3193 δὲ
2612 3131 2835 3209 δοκιμὴν
2869 3134 3028 3190 αὐτοῦ
3067 3129 3353 3209 γινώσκετε
3378 3172 3394 3201 ,
3429 3126 3509 3186 δτι
3552 3129 3624 3193 ὣς
3651 3126 3820 3208 πατρὶ

2219 3222 2433 3298 τέκνον,
2483 3220 2578 3281 σὺν
2630 3219 2749 3299 ἐμοὶ
2799 3218 3107 3281 ἐδούλευσεν
3159 3221 3233 3287 εἷς
3280 3217 3342 3277 τὸ
3395 3219 3744 3295 Εὖαγγέλιον.
3786 3238 3814 3272 n

2218 3312 2443 3390 ’Υμεῖς,
2497 3310 2664 3391 φησὶ,
2716 3308 2976 3391 μάρτυρες
3005 3308 3086 3369 ὅτι
3117 3311 3190 3376 ὣς
3217 3306 3383 3387 πατρὶ
3431 3304 3611 3365 τέκνον
3653 3304 3820 3365 ἐδού-

2220 3403 2432 3475 λευσεν,
2480 3402 2573 3459 οὐκ
2632 3401 2704 3467 εἰς
2755 3398 3070 3477 σωματικὴν
3121 3397 3278 3475 μόνον
3333 3393 3654 3476 ὑπουργίαν,
3697 3395 3821 3453 ἀλλ’

2222 3490 2250 3550 ὃ
2282 3493 2465 3573 πολλῷ
2489 3492 2666 3568 μεῖζον
2688 3535 2707 3565 ,
2750 3490 2823 3557 εἷς
2848 3488 2908 3547 τὸ
2937 3488 3207 3568 κήρυγμα.
3238 3485 3446 3559 ι⁵Ὠστε,
3476 3482 3581 3544 εἴτε
3612 3486 3684 3550 ὣς
3711 3482 3824 3573 υἱὸς

2223 3579 2378 3657 ἐμὸς,
2439 3572 2601 3657 τιμῆς
2652 3576 2897 3646 ἀξιωτέος
2941 3598 2955 3613 ⁸
3008 3575 3112 3637 εἴτε
3162 3580 3234 3644 ὡς
3289 3578 3433 3637 Θεοῦ
3482 3572 3821 3652 λειτουργὸς,

2222 3670 2407 3748 πολλῷ
2450 3670 2679 3747 μᾶλλον.
2741 3668 2981 3747 Συνιστᾷ
3030 3666 3087 3725 δὲ
3116 3665 3204 3725 διὰ
3247 3663 3449 3724 τούτων
3500 3662 3679 3748 αὐτοῖς
3730 3661 3824 3721 τὸν

2223 3759 2484 3834 Τιμόθεον
2503 3802 2520 3832 ,
2551 3760 2612 3817 οὗ
2653 3762 2899 3816 τοσοῦτον
2941 3755 3125 3835 ἐκείνῳ
3154 3752 3535 3835 χαριζόμενος,
3565 3747 3694 3810 ὅσον
3725 3752 3824 3807 αὖ-

2222 3855 2352 3916 τοῖς.
2388 3849 2452 3907 Εἰ
2479 3845 2583 3928 γὰρ
2625 3848 2696 3913 ὣς
2735 3844 2991 3927 ἀξιολόγῳ
3027 3843 3080 3882 ⁹⁰
3113 3844 3255 3922 αὐτῷ
3303 3839 3644 3923 προσέξουσιν
3668 3886 3685 3915 ,
3716 3843 3819 3899 αὖ-

2223 3937 2304 3996 τοὶ
2342 3936 2554 4003 πάντως
2598 3932 2685 3994 διὰ
2715 3939 2805 3993 τοῦ
2836 3934 2995 4014 λόγου
3026 3934 3188 3994 αὐτοῦ
3218 3930 3656 4013 ὠφεληθήσονται
3678 3975 3694 4006 ,
3728 3932 3821 3986 καὶ

2226 4025 2393 4085 πλείω
2424 4022 2607 4104 μισθὸν
2639 4024 2836 4093 ἕξουσι.

2314 4299 2344 4337 (
2379 4278 2584 4338 Τοῦτον
2619 4274 2716 4354 μὲν
2745 4263 2835 4335 οὖν
2866 4272 3061 4342 ἐλπίζω
3092 4272 3333 4353 πέμψαι,
3359 4273 3429 4338 ὡς
3462 4270 3526 4330 ἂν
3557 4270 3733 4330 ἀπίδω
3762 4270 3832 4328 τὰ

2230 4365 2349 4447 περὶ
2379 4365 2511 4443 ἐμὲ,
2562 4364 2616 4434 ἐξ
2654 4365 2836 4435 αὐτῆς.
2870 4390 2894 4415 υ
2940 4360 3119 4423 Ὅταν
3167 4361 3296 4438 ἴδω,
3342 4368 3493 4419 ποῖον
3541 4357 3645 4429 ἔξει
3676 4358 3831 4427 τέλος

3045 4449 3344 4523 τουτέστιν,
3396 4447 3586 4517 εὐθέως
3628 4447 3832 4529 πέμψω

2230 4552 2433 4605 τοῦτον.

2316 4655 2348 4693 α
2394 4632 2639 4695 Πέποιθα
2672 4629 2728 4691 δὲ
2780 4633 2832 4690 ἐν
2880 4629 3101 4711 Κυρίῳ,
3151 4631 3232 4688 ὅτι
3285 4626 3377 4688 καὶ
3429 4626 3582 4694 αὐτὸς
3624 4625 3835 4707 ταχέως

2234 4724 2520 4802 ἐλεύσομαι
2547 4721 2677 4803 πρὸς
2706 4725 2865 4797 ὓμᾶς.
2902 4741 2933 4779 n
2985 4724 3111 4799 Οὐχ
3137 4721 3209 4786 ὣς
3237 4715 3601 4793 ἀπειπάμενος
3647 4716 3830 4787 πάντη

2233 4811 2329 4885 τὴν
2355 4814 2488 4892 πρὸς
2530 4816 2667 4889 ὑμᾶς
2702 4808 2906 4892 ἄφιξιν,
2939 4807 3029 4868 διὰ
3071 4814 3225 4868 τοῦτο
3253 4806 3341 4866 τὸν
3385 4806 3646 4884 Τιμόθεον
3692 4804 3834 4882 πέμ-

2232 4926 2350 4976 πω,
2384 4900 2502 4961 ἀλλ’
2521 4898 2612 4960 ἵνα
2633 4942 2651 4973 ,
2684 4898 2815 4979 ὅπερ
2850 4897 3011 4980 ἔφην,
3046 4899 3101 4957 ἐν
3122 4900 3199 4976 τῷ
3231 4894 3429 4972 μεταξὺ
3452 4897 3686 4974 εὖθυμῶ,
3720 4919 3834 4972 μα-

2230 4990 2335 5051 θὼν
2362 4990 2432 5050 τὰ
2460 4993 2582 5050 καθ’
2615 4992 2770 5065 ὑμᾶς.
2800 4986 2952 5067 δορα
3002 4986 3094 5061 δὲ,
3136 4988 3251 5053 πῶς
3292 4984 3386 5044 καὶ
3428 4983 3522 5057 τὴν
3553 4982 3684 5066 πρὸς
3731 4984 3834 5041 αὖ·-

2233 5080 2351 5149 τοὺς
2377 5079 2616 5154 ἔλευσιν,
2646 5083 2738 5138 τοῦ
2759 5078 2900 5137 Θεοῦ
2932 5075 3158 5158 ἐξαρτᾷ,
3198 5101 3223 5129 α
3261 5073 3511 5135 Πέποιθα
3536 5122 3549 5145 ,
3579 5099 3603 5125 ι
3632 5069 3828 5149 λέγων,

2239 5198 2265 5225 ιι
2298 5173 2351 5231 ἐν
2388 5169 2571 5251 Κυρίῳ
2591 5193 2606 5207 ο
2639 5196 2662 5221 υ
2697 5165 2989 5245 τουτέστιν,
3021 5166 3111 5226 ἐὰν
3152 5167 3178 5223 ὃ
3207 5162 3346 5233 Θεὸς
3380 5164 3663 5243 βούληται.

2323 5371 2355 5409 α
2412 5348 2724 5430 Ἀναγκαῖον
2782 5346 2837 5405 δὲ
2915 5343 3201 5426 ἡγησάμην
3283 5340 3677 5425 Ἐπαφρόδιτον
3739 5341 3833 5430 τὸν

2237 5439 2461 5520 ἀδελφὸν
2491 5429 2580 5500 καὶ
2609 5439 2854 5518 συνεργὸν
2886 5435 2977 5494 καὶ
3002 5431 3397 5514 συστρατιώτην
3433 5455 3555 5509 μου.
3592 5451 3623 5489 ι)
3665 5429 3833 5491 Μετὰ

1908 5597 2100 5656 Variae
2141 5596 2453 5655 lectiones.

624 5729 646 5765 ⁸
669 5728 934 5798 ἀνατίθημι
959 5745 1013 5787 o.
1091 5730 1135 5765 '9
1163 5729 1394 5797 τοιαύτην
1419 5746 1472 5786 ο.
1550 5732 1594 5764 νυ
1625 5728 2001 5799 ἀξιολογωτέρῳ
2025 5743 2080 5783 o.
