4124 6458
438 418 573 473 1173

441 630 529 690 διὰ
578 629 675 703 τὴν
721 627 890 701 αὖτὴν
935 626 1145 701 αἰτίαν,
1189 627 1256 700 ἢν
1287 626 1538 707 ἀνωτέρω
1564 626 1873 707 εἰρήκαμεν.
1917 626 2031 686 Τοῦ

439 724 691 801 συνεργοῦ
744 717 801 780 δὲ
843 717 1035 798 μείζων
1083 722 1112 776 6
1154 716 1575 797 συστρατιώτης.
1632 718 1889 796 Συνεργεῖ
1935 714 2030 791 μὲν

436 810 542 890 γάρ
571 833 653 878 τις
680 807 772 869 καὶ
811 810 865 868 ἐν
904 806 1196 876 ἀκινδύνοις
1244 806 1596 887 πράγμασιν·
1646 811 1674 866 6
1705 805 1760 864 δὲ
1800 827 2030 884 συστρα-

433 898 665 979 τιώτης,
691 896 905 965 πάντως
931 899 986 956 ἐν
1011 895 1284 964 κινδύνοις.

611 1079 629 1103 ε
731 1083 764 1099 ~
888 1080 901 1101 ι
976 1084 990 1105 ›
1054 1078 1067 1098 ι
1720 1077 1733 1096 \
1828 1075 1878 1114 ογ.
1971 1082 2003 1095 συ

520 1103 550 1141 α
632 1083 798 1158 Υμων
852 1082 908 1142 δε
961 1080 1254 1140 αποστολον
1308 1076 1401 1137 καὶ
1469 1079 1774 1157 λειτουργον
1937 1103 2030 1148 της

432 1170 621 1251 χρείας
645 1193 747 1248 μου
773 1168 991 1253 πέμψαι
1012 1168 1140 1250 πρὸς
1177 1170 1334 1245 ὑμᾶς.
1370 1193 1394 1219 ιι
1435 1166 1730 1238 Τουτέστι,
1758 1165 1868 1227 Τὸν
1900 1169 2029 1246 παρ’

435 1263 583 1337 ὑμῶν
631 1260 1004 1319 ἀποσταλέντα
1050 1256 1178 1337 πρός
1229 1280 1328 1333 με,
1398 1258 1525 1333 ὑμῖν
1573 1254 1897 1335 χαρίζομαι·
1958 1257 2025 1315 δι’

434 1351 601 1409 αὐτοῦ
643 1351 744 1429 γὰρ
785 1340 921 1420 ἦσαν
969 1348 1264 1412 στείλαντες
1323 1346 1470 1424 αὐτῷ
1529 1344 1597 1403 τὰ
1643 1345 1771 1425 πρὸς
1817 1344 2024 1427 χρείαν.

432 1441 530 1513 “ll,
571 1466 594 1492 α
625 1439 810 1517 Ὑμῶν
842 1437 1155 1508 ἀπόστολον,
1180 1434 1266 1493 τὸν
1294 1433 1619 1493 διδάσκαλον
1650 1438 1819 1512 ὑμῶν,
1848 1435 2026 1516 φησίν.

518 1642 546 1677 ιι
600 1618 822 1691 Ἐπειδὴ
867 1620 1132 1679 ἐπιποθῶν
1174 1611 1240 1692 ἧν
1292 1619 1495 1684 πάντας
1545 1618 1682 1695 ὑμᾶς
1729 1616 1888 1693 ἰδεῖν,
1937 1615 2028 1675 καὶ

438 1711 714 1784 ἀδημονῶν
771 1708 902 1767 διότι
952 1708 1217 1779 ἠκούσατε
1265 1708 1345 1767 ὅτι
1400 1704 1684 1779 ἠσθένησε.
1760 1703 1868 1765 Καὶ
1926 1704 2031 1784 γὰρ

432 1797 693 1872 ἠσθένησε
745 1796 1119 1878 παραπλήσιον
1179 1798 1410 1880 θανάτῳ.
1470 1819 1501 1852 ιο
1571 1791 1774 1872 Εἰδὼς⁷
1834 1794 2029 1876 φησὶν,

1318 411 1671 469 EXPOSITIO
1712 411 1776 467 IN
1817 407 2029 465 EPIST.
2067 408 2162 464 AD
2200 410 2482 470 PHILIPP.
2522 446 2591 458 —
2628 416 2779 473 CAP.
2818 417 2885 473 II.

437 542 666 601 ἐπαίνων
695 538 788 600 καὶ
838 542 1019 599 τοῦτον
1063 538 1417 612 ἀποστέλλει,
1466 541 1538 605 ὡς
1586 536 1675 595 τὸν
1728 534 1985 613 Τιμόθεον
2004 580 2054 607 ,ε

2142 551 2333 592 meum.
2408 540 2532 596 Non
2606 543 2728 599 sine
2813 541 2975 600 laude

3599 425 3744 479 1174

3061 542 3211 600 hunc
3279 543 3447 603 etiam
3539 547 3734 619 mittit,

2138 625 2362 697 perinde
2405 642 2469 684 ac
2493 629 2871 701 Timotheum,
2903 631 2976 689 ob
3003 632 3259 691 eamdem
3307 649 3534 693 causam
3561 652 3732 710 quam

2135 729 2300 788 supra
2386 716 2645 777 diximus.
2728 721 3102 795 Coeperatore
3164 730 3352 781 autem
3427 726 3732 783 commilito

2139 804 2319 878 major
2345 814 2446 865 est.
2486 809 2829 883 Cooperatur
2856 811 3008 869 enim
3040 812 3236 885 aliquis
3267 812 3325 869 in
3360 812 3534 887 444
3567 815 3732 873 rebus

2139 895 2309 953 etiam
2366 912 2493 970 qum
2549 899 2791 971 periculo
2853 909 3048 960 carent
3106 922 3121 961 :
3181 903 3492 960 commilito
3547 913 3731 963 autem

2138 985 2367 1043 omnino
2380 986 2432 1042 in
2458 988 2729 1060 periculis.

2215 1077 2472 1133 Vestrum
2497 1083 2681 1135 autem
2708 1082 3015 1151 apostolum
3033 1086 3083 1139 et
3108 1085 3421 1141 ministrum
3444 1089 3727 1141 necessita-

2136 1168 2207 1222 tis
2236 1182 2367 1224 mete
2391 1170 2605 1225 mittere
2618 1170 2697 1226 ad
2722 1187 2833 1227 vos.
2863 1173 2983 1228 Hoc
3010 1180 3107 1238 est,
3141 1188 3268 1229 eum
3297 1175 3391 1246 qui
3420 1190 3449 1230 a
3482 1174 3639 1231 vobis
3663 1174 3730 1230 ad

2138 1272 2228 1311 me
2258 1258 2456 1313 missus
2485 1267 2586 1323 est,
2618 1258 2768 1315 dono
2796 1260 2951 1318 vobis
2978 1283 2989 1318 :
3023 1277 3116 1333 per
3144 1263 3322 1334 ipsum
3352 1264 3506 1319 enim
3535 1263 3588 1320 ei
3618 1263 3730 1320 mi-

2135 1354 2319 1402 serant
2345 1363 2469 1420 quae
2496 1348 2567 1405 ad
2609 1349 2779 1420 ipsius
2806 1366 2969 1408 usum
2997 1359 3052 1407 et
3086 1353 3466 1409 necessitatem
3494 1353 3730 1425 pertine-

2134 1442 2281 1490 rent.
2328 1437 2448 1507 Vel,
2512 1440 2762 1497 Vestrum
2815 1442 3145 1511 apostolum,
3194 1451 3587 1516 praeceptorem
3632 1459 3733 1498 ceu

2135 1524 2420 1583 doctorem
2450 1535 2692 1585 vestrum
2715 1528 2869 1587 dicit.

2208 1617 2392 1672 Vens.
2426 1620 2519 1686 26,
2555 1623 2645 1674 27.
2695 1618 3145 1691 Quandoquidem
3187 1622 3535 1678 desiderabat
3561 1638 3740 1678 omnes

2137 1720 2228 1760 vos
2265 1705 2468 1770 videre,
2515 1722 2581 1762 ac
2618 1712 2837 1764 mwstus
2874 1714 2993 1765 erat
3025 1716 3315 1782 propterea
3360 1712 3505 1783 quod
3550 1713 3738 1767 audie-

2138 1796 2287 1850 ratis
2313 1796 2473 1851 illum
2506 1798 2859 1868 inﬁrmatam.
2891 1801 3031 1857 Nam
3058 1806 3107 1856 et
3130 1803 3437 1870 inﬁrmatus
3465 1806 3545 1857 est
3576 1817 3741 1872 usque

432 1891 512 1947 ὅτι
562 1889 808 1967 ἀγαπᾶτε
850 1889 1042 1961 αὐτὸν,
1074 1887 1166 1947 καὶ
1198 1887 1280 1947 ὅτι
1327 1884 1627 1957 ἐλυπήθητε
1680 1884 1770 1944 ἐπὶ
1927 1885 2024 1966 ἀῤ-

2142 1884 2213 1939 ad
2239 1890 2488 1942 mortem.
2520 1887 2881 1959 Compertum
2925 1888 3155 1958 habens,
3189 1890 3388 1963 inquit,
3426 1890 3576 1963 quod
3604 1890 3736 1945 dili-

433 1977 634 2058 ῥωστίᾳ
668 1978 863 2046 αὐτοῦ,
894 1978 1134 2036 ἐπιποθεῖ
1184 1978 1313 2036 ἰδεῖν
1363 1978 1536 2055 ὓμᾶς,
1580 1971 1670 2032 ἵνα
1714 1977 1809 2046 τῆς
1854 1972 2027 2045 λύπης

432 2070 570 2140 ὑμᾶς
626 2065 942 2146 ἀπαλλάξῃ,
990 2067 1056 2140 ἣν
1113 2066 1265 2147 ἔχετε
1309 2064 1397 2125 ἐπὶ
1446 2066 1512 2146 τῇ
1546 2062 1793 2143 ἀσθενείᾳ
1840 2065 2025 2124 αὐτοῦ.

437 2154 548 2216 Καὶ
577 2157 708 2216 ἄλλο
739 2155 796 2217 δέ
838 2180 891 2214 τι
922 2156 1324 2227 κατασκευάζει
1362 2157 1614 2215 ἐνταῦθα.
1668 2153 2031 2231 Ἀπολογεῖται

433 2249 605 2314 αὐτοῖς
641 2248 724 2327 ἐφ’
764 2234 809 2326 ᾧ
838 2244 925 2304 διὰ
960 2245 1151 2327 χρόνου
1187 2245 1388 2323 πέμπει
1418 2243 1549 2323 πρὸς
1583 2241 1809 2317 αὐτοὺς,
1845 2264 2031 2320 μονον-

431 2335 552 2416 ουχὶ
598 2335 766 2412 λέγων
790 2355 804 2370 ·
833 2336 916 2395 Οὖ
946 2335 1086 2394 κατὰ
1118 2335 1380 2415 ῥαθυμίαν
1412 2339 1573 2393 τοῦτο
1608 2332 1817 2411 γέγονεν
1842 2377 1860 2409 ,
1894 2331 2030 2389 ἀλλὰ

428 2424 516 2484 τὸν
549 2425 644 2501 μὲν
676 2424 938 2500 Τιμόθεον
968 2427 1040 2491 ὡς
1067 2424 1319 2506 ἰσόψυχον
1352 2422 1576 2502 κατέχω
1606 2426 1736 2501 παρ’
1759 2422 1980 2499 ἐμαυτῷ
2013 2443 2025 2456 ⁵

429 2518 457 2573 6
486 2513 540 2572 δὲ
573 2514 958 2606 ³Επαςρόδιτος
997 2513 1259 2606 ἠσθένησε
1280 2558 1298 2587 ,
1327 2512 1437 2606 ’καὶ
1472 2512 1561 2606 διόι
1585 2517 1746 2606 τοῦτο
1774 2509 1880 2606 πρδ
1903 2532 2027 2606 και-

433 2606 525 2685 ροῦ
571 2604 667 2662 οὐκ
710 2598 899 2676 ἦλθεν,
946 2606 1059 2662 ἐπεὶ
1089 2602 1141 2641 ⁹²
1171 2601 1356 2683 μακρὰ
1400 2607 1433 2674 ἦ
1492 2598 1775 2684 ἀρρωστία
1822 2601 1985 2659 αὐτοῦ
2019 2620 2033 2636 ⁶

437 2719 463 2746 σε
501 2691 854 2772 παραπλησία
886 2718 911 2744 ι·
960 2691 1065 2773 γὰρ
1107 2713 1138 2751 α
1168 2691 1400 2774 θανάτῳ.
1439 2717 1465 2744 ι

522 2987 548 3015 α
583 2959 723 3021 Ἀλλ’
755 2962 784 3020 6
809 2961 946 3029 Θεὸς
974 2959 1128 3020 αὐτὸν
1156 2961 1377 3033 ἠλέησε.
1408 2982 1437 3018 »
1467 2959 1541 3022 Τί
1568 2958 1766 3038 λέγεις,
1798 2948 1843 3017 ὦ
1869 2962 2040 3019 Μανι-

434 3060 586 3133 χαῖε;
621 3054 689 3112 Εἰ
732 3053 960 3132 πονηρὸς
1002 3054 1031 3110 6
1076 3049 1309 3128 κόσμος,
1357 3051 1450 3110 καὶ
1489 3055 1523 3121 ἡ
1554 3051 1608 3109 ἐν
1657 3048 1831 3130 τούτῳ
1885 3048 2023 3122 ζωὴ,

2142 1973 2285 2045 gatis
2313 1973 2518 2047 ipsum,
2545 1984 2599 2031 et
2621 1976 2769 2048 quod
2803 1979 3112 2035 contristati
3147 1980 3279 2035 estis
3308 1995 3472 2051 super
3499 1988 3734 2053 aegrota-

2138 2064 2287 2119 tione
2314 2064 2450 2137 ejus,
2504 2065 2781 2123 desiderat
2820 2067 3002 2124 videre
3033 2083 3147 2137 vos,
3188 2076 3249 2124 ut
3291 2084 3322 2123 a
3374 2068 3596 2125 tristitia
3640 2084 3738 2124 vos

2139 2153 2418 2221 liberaret,
2452 2169 2617 2226 quam
2665 2155 2881 2213 habetis
2928 2166 3153 2229 propter
3193 2157 3571 2213 inﬁrmitatem
3598 2157 3735 2230 ejus.

2139 2243 2309 2301 Aliud
2337 2252 2524 2301 autem
2559 2244 2651 2301 hic
2677 2247 2846 2303 etiam
2896 2245 3068 2304 efﬁcit
3115 2268 3128 2304 :
3162 2264 3292 2304 nam
3318 2248 3529 2304 ratione
3557 2247 3740 2303 reddit

2139 2331 2237 2403 eis,
2269 2349 2437 2404 quare
2460 2334 2639 2391 serius
2690 2336 2874 2408 ipsum
2922 2336 2993 2393 ad
3028 2352 3123 2393 eos
3150 2338 3355 2406 mittat,
3381 2345 3599 2394 tantum
3624 2353 3740 2393 non

2141 2421 2214 2479 ita
2242 2422 2432 2480 dicens
2479 2442 2493 2479 :
2543 2427 2667 2481 Non
2713 2441 2809 2497 per
2863 2426 3171 2484 socordiam
3228 2426 3335 2484 hoc
3384 2427 3589 2485 factum
3632 2435 3738 2491 est,

2139 2527 2331 2568 verum
2375 2512 2725 2571 Timotheum
2786 2514 3029 2588 quidem,
3082 2531 3181 2572 ceu
3226 2515 3473 2589 ejusdem
3520 2531 3742 2573 mecum

2141 2603 2334 2673 animi,
2393 2604 2539 2677 apud
2584 2620 2676 2661 me
2722 2604 2943 2661 detineo
3016 2623 3031 2659 :
3098 2605 3507 2677 Epaphroditus
3551 2614 3742 2663 autem

2144 2694 2449 2767 aegrotavit,
2489 2709 2554 2750 ac
2608 2699 2900 2767 propterea
2940 2709 3055 2751 non
3084 2695 3233 2751 venit
3272 2695 3455 2764 citius,
3487 2694 3743 2768 quando-

2153 2785 2376 2858 quidem
2424 2784 2712 2854 diuturna,
2761 2794 2819 2843 et
2857 2784 3028 2842 morti
3070 2784 3378 2842 admodum
3418 2784 3593 2842 vicina
3627 2784 3744 2858 ejus

2143 2875 2417 2948 aegritudo
2440 2874 2625 2933 fuerit.

2217 2968 2323 3025 Sed
2385 2971 2529 3025 Deus
2581 2968 2755 3037 ipsius
2814 2968 3072 3022 misertus
3131 2968 3227 3022 est.
3293 2964 3437 3035 Quid
3493 2964 3652 3037 dicis,
3708 2982 3742 3023 ο

2149 3056 2489 3115 Manichaee?
2536 3056 2595 3112 Si
2644 3054 2888 3112 mundus
2935 3070 3136 3125 pravus
3194 3062 3278 3111 est
3323 3062 3381 3111 et
3426 3055 3538 3111 vita
3573 3071 3743 3128 quam

430 3123 545 3209 πῶς
569 3123 680 3201 ’νῦν
725 3146 754 3200 6
800 3123 1114 3208 Ἀπόστολος
1147 3123 1298 3200 ἔλεον
1324 3141 1470 3201 Θεοῦ
1501 3140 1653 3200 καλεῖ
1712 3137 1774 3199 τὸ
1803 3123 2022 3211 ἒαθῆναι
2051 3143 2054 3171 ‘

2142 3137 2193 3204 in
2244 3147 2337 3204 illo
2395 3146 2654 3214 vivimus,
2712 3144 2995 3218 quomodo
3036 3160 3187 3201 nunc
3251 3144 3549 3217 Apostolus
3588 3154 3746 3202 vocat

433 3230 523 3289 τὸν
552 3229 942 3310 Ἐπαφρόδιτον
988 3234 1041 3290 ἐν
1188 3234 1336 3311 ζωῇς
1383 3229 1547 3290 Ἀλλὰ
1591 3231 1699 3297 τοῖς
1743 3227 1841 3306 μὲν
1886 3233 2029 3309 αἱρε-

430 3322 598 3386 τικοῖς
626 3319 793 3386 οὐδεὶς
832 3320 963 3400 πρὸς
1007 3323 1164 3379 τοῦτο
1204 3320 1358 3397 λόγος
1382 3343 1397 3358 ·
1428 3318 1715 3394 ζητήσειαν
1754 3319 1801 3377 δ’
1830 3318 1895 3377 ἂν
1942 3318 2031 3377 καὶ

432 3409 777 3489 Χριστιανοί·
832 3412 903 3471 Εἰ
934 3408 1098 3469 καλὸν
1130 3407 1190 3468 τὸ
1233 3410 1497 3467 ἀναλῦσαι
1540 3408 1633 3467 καὶ
1665 3406 1764 3466 σὺν
1814 3409 2031 3488 Χριστῷ

434 3489 571 3558 εἶναι
591 3543 608 3572 ,
641 3498 775 3567 τίνος
812 3497 985 3559 ἕνεκεν
1014 3497 1161 3559 ἔλεόν
1193 3521 1324 3579 φησι
1369 3502 1461 3557 τοῦ
1499 3499 1645 3557 Θεοῦ
1682 3494 1781 3570 τὴν
1807 3498 2031 3556 ἐνταῦθα

435 3578 571 3648 εἶναι
597 3587 771 3661 ζωήνς
803 3584 881 3649 Ἢ
912 3586 1086 3647 τοίνυν
1116 3578 1250 3648 διότι
1286 3586 1383 3647 καὶ
1410 3588 1440 3645 6
1462 3584 1858 3666 Ἐπαφρόδιτος
1887 3585 2033 3644 διδά-

436 3677 634 3743 σκαλος
681 3675 755 3735 ὢν
781 3720 798 3750 ,
839 3675 1031 3754 ἔμελλε
1069 3674 1317 3744 πλείονας
1359 3674 1539 3757 ψυχὰς
1591 3681 1952 3753 προσαγαγεῖν
1981 3673 2035 3714 ³³

435 3768 514 3847 τῷ
543 3766 670 3846 Θεῷ
699 3765 954 3839 ἐπιζήσας
988 3765 1159 3848 (ὅπερ
1190 3764 1599 3847 ἀναγκαιότερόν
1623 3768 1737 3825 ἔστι
1770 3767 1865 3824 τοῦ
1898 3766 2034 3823 ἀνα-

469 3859 629 3929 ῦσαι,
661 3858 734 3923 ὥς
766 3858 1014 3936 ἀνωτέρω
1056 3855 1319 3936 εἴρηται)·
1350 3854 1387 3927 ἢ
1429 3853 1606 3916 πολλὰ
1648 3857 1741 3914 καὶ
1770 3851 1909 3912 κατὰ
1938 3851 2036 3926 τὴν

440 3943 618 4016 κοινὴν
655 3944 934 4017 συνήθειαν
985 3949 1089 4004 τῶν
1134 3945 1432 4006 ἀκουόντων
1483 3947 1513 4004 ὃ
1558 3945 1774 4011 Παῦλος
1819 3943 2037 4023 φθέγγε-

438 4058 566 4109 ται,
598 4035 692 4093 καὶ
731 4036 790 4092 οὗ
836 4039 1113 4117 πανταχοῦ
1164 4038 1460 4117 φιλοσοφεῖ.
1496 4036 1641 4115 Πρὸς
1684 4032 1789 4114 γὰρ
1826 4030 2035 4112 ἀνθρώ-

437 4146 567 4191 πους
596 4123 878 4203 βιωτικοὺς
923 4114 988 4196 ἦν
1016 4114 1229 4206 αὐτῷ-ὁ
1269 4123 1423 4204 λόγος
1446 4169 1464 4198 ,
1497 4114 1575 4183 ἔτι
1610 4120 1909 4189 δεδοικότας
1945 4123 2034 4180 τὸν

438 4210 680 4273 θάνατον.
714 4209 918 4282 Ἄλλως
949 4235 1036 4287 τε,
1065 4214 1159 4274 καὶ
1200 4212 1364 4273 καλὸν
1411 4217 1447 4285 ἡ
1494 4217 1744 4295 παροῦσα
1792 4211 1902 4282 ζωὴ
1931 4213 2035 4270 αὖ-

434 4300 502 4374 τὴ
541 4305 660 4362 καθ’
694 4302 892 4378 ἑαυτήν
922 4323 937 4338 '
971 4301 1089 4363 ἐπεὶ
1137 4301 1226 4362 διὰ
1270 4301 1323 4362 τί
1351 4304 1406 4363 ἐν
1454 4301 1600 4371 τάξει
1645 4300 1916 4368 κολάσεως
1948 4300 2030 4359 τί-

2142 3235 2594 3308 misericordiam,
2631 3235 2730 3292 Dei
2759 3235 2908 3308 quod
2935 3233 3377 3307 Epaphroditum
3408 3235 3591 3292 vivere
3618 3250 3743 3309 per-

2141 3328 2392 3384 miserit?
2424 3330 2634 3384 Verum
2675 3324 2951 3383 haereticis
2998 3323 3134 3380 nihil
3178 3331 3262 3381 est
3307 3323 3456 3397 quod
3488 3323 3561 3382 ad
3599 3324 3745 3383 istud

2144 3415 2546 3489 respondeant;
2585 3414 2879 3472 Christiani
2907 3423 3095 3471 autem
3122 3413 3209 3470 hic
3232 3429 3477 3486 quaerere
3499 3422 3701 3487 queant
3729 3436 3740 3471 :

2143 3506 2197 3564 Si
2218 3506 2430 3563 bonum
2475 3504 2547 3561 sit
2591 3503 2840 3576 dissolvi,
2868 3512 2925 3559 et
2960 3519 3089 3560 cum
3133 3503 3353 3561 Christo
3399 3519 3538 3572 esse,
3586 3504 3745 3578 cujus

2143 3595 2317 3669 gratia
2368 3591 2813 3650 misericordiam
2872 3591 2976 3648 Dei
3038 3592 3182 3648 dicat
3238 3607 3358 3649 esse
3414 3602 3742 3664 praesentem

2147 3685 2351 3740 vitam?
2421 3681 2522 3738 Vel
2558 3681 2688 3753 quia
2736 3678 3160 3752 Epaphroditus,
3200 3680 3293 3752 qui
3342 3680 3539 3739 doctor
3602 3690 3740 3747 erat,

2146 3775 2334 3848 plures
2358 3773 2568 3828 animas
2595 3769 2666 3828 ad
2700 3774 2885 3827 Deum
2907 3768 3245 3826 adducturus
3272 3776 3412 3835 erat,
3437 3769 3483 3826 si
3507 3770 3738 3826 viveret:

2142 3863 2293 3937 quod
2332 3862 2510 3934 magis
2548 3857 2924 3916 necessarium
2967 3873 3133 3931 quam
3174 3858 3422 3927 dissolvi,
3475 3866 3538 3915 ut
3576 3875 3740 3933 supra

2144 3958 2642 4010 commemoratum
2682 3955 2783 4006 est.
2818 3947 2913 4005 Vel
2964 3947 3140 4003 multa
3186 3946 3353 4003 etiam
3395 3946 3554 4019 juxta
3589 3963 3742 4005 com-

2143 4058 2369 4100 munem
2396 4041 2712 4099 auditorum
2751 4034 3210 4095 consuetudinem
3235 4036 3440 4094 Paulus
3476 4037 3739 4109 loquitur,

2143 4142 2199 4192 et
2234 4149 2348 4190 non
2387 4131 2592 4204 ubique
2634 4127 3047 4203 philosophatur
3089 4146 3101 4182 :
3147 4125 3464 4183 hominibus
3504 4126 3654 4184 enim
3683 4128 3740 4183 in

2141 4223 2347 4282 saeculo
2393 4221 2683 4295 agentibus
2731 4219 2896 4277 verba
2949 4217 3099 4289 facit,
3130 4219 3223 4292 qui
3269 4226 3509 4275 mortem
3557 4216 3741 4275 adhuc

2141 4314 2486 4372 metuebant.
2519 4314 2819 4381 Praeterea,
2872 4309 2981 4366 vita
3034 4324 3279 4380 praesens
3304 4307 3422 4381 ipsa
3453 4323 3547 4380 per
3572 4324 3630 4365 se
3654 4323 3741 4364 res

435 4397 558 4464 θησι
588 4390 709 4459 τοὺς
734 4390 937 4471 ἀώρους
968 4392 1249 4467 θανάτουςς
1283 4418 1307 4446 ιι
1335 4390 1440 4451 Διὰ
1478 4397 1634 4453 τοῦτο
1665 4390 1801 4472 γὰρ,
1850 4389 2028 4471 φησὶν,

2146 4408 2284 4464 bona
2313 4412 2399 4461 est
2427 4423 2441 4459 :
2467 4401 2671 4475 alioqui
2709 4417 2808 4457 cur
2831 4414 3009 4473 paenae
3032 4397 3154 4455 loco
3179 4399 3513 4455 immaturas
3535 4407 3743 4456 mortes

447 4502 477 4540 ((
506 4486 741 4548 ἀσθενεῖς
771 4483 824 4541 ἐν
859 4484 984 4558 ὑμῖν
1004 4526 1020 4555 ,
1052 4482 1146 4542 καὶ
1186 4484 1481 4560 κοιμῶνται
1519 4480 1715 4541 ἱκανοί.
1762 4504 1794 4538 n
1831 4478 1901 4539 Ἦ
1930 4479 2033 4559 γὰρ

438 4569 712 4648 μέλλουσα
783 4569 895 4643 ζωὴ
967 4571 1088 4652 οὐχὶ
1138 4576 1373 4653 πονηροῦ
1430 4572 1685 4652 κρείττων
1744 4568 1891 4649 (ἐπεὶ
1940 4571 2034 4629 οὐκ

439 4659 678 4741 ἀγαθὴ),
707 4660 846 4721 ἀλλὰ
874 4662 1041 4723 καλοῦ
1070 4660 1325 4722 καλλίων.

527 4870 557 4909 α
585 4850 707 4911 Οὔκ
748 4847 907 4909 αὐτὸν
945 4846 1002 4907 δὲ
1028 4845 1207 4924 μόνον,
1246 4845 1387 4906 ἀλλὰ
1428 4845 1521 4907 καὶ
1550 4845 1668 4924 ἐμέ.
1696 4846 1862 4929 Ὁρᾷς
1878 4893 1896 4925 ,
1927 4851 2041 4917 πῶς

444 4939 539 4999 καὶ
569 4938 676 4999 ἀπὸ
714 4937 900 4999 τούτου
931 4936 1207 5014 αἰδέσιμον
1239 4934 1293 4975 ⁹⁴
1322 4946 1465 4997 ποιεῖ
1492 4934 1583 4995 τὸν
1614 4937 2039 5019 Ἐπαφρόδιτονς

446 5028 497 5088 εἴ
541 5052 603 5109 γε
651 5025 753 5101 τὴν
824 5025 1029 5087 ἐκείνου
1087 5027 1149 5086 ἐκ
1193 5028 1288 5098 τῆς
1362 5026 1660 5108 ἀρρωστίας
1716 5027 2043 5104 ἀνακομιδὴν

443 5117 748 5198 εὐεργεσίαν
778 5120 840 5178 ἐκ
860 5118 1005 5179 Θεοῦ
1035 5114 1237 5176 οἰκείαν
1264 5114 1358 5176 καὶ
1385 5115 1534 5176 ἔλεον
1558 5114 1783 5182 τίθεται.

532 5323 557 5349 ιι
588 5293 717 5358 Ἵνα
749 5296 825 5376 μὴ
855 5295 1029 5370 λύπην
1052 5297 1142 5356 ἐπὶ
1169 5295 1315 5375 λύπῃ
1341 5298 1476 5377 σχῶ.
1511 5316 1541 5354 ι)
1574 5295 1885 5371 Τουτέστιν,
1915 5296 2042 5359 Ἵνα

448 5385 524 5463 μὴ
555 5384 650 5445 σὺν
797 5383 947 5467 λύπῃ
1115 5387 1176 5446 ἐκ
1227 5388 1323 5457 τῆς
1365 5384 1669 5466 ἆρῤωστίας
1714 5387 1873 5447 αὖτοῦ
1923 5391 2044 5449 ἐπι-

556 5539 584 5594 Ι
608 5539 732 5595 Cor.
767 5553 858 5605 χι,
892 5544 982 5596 30.

2144 4495 2338 4568 ponit?
2379 4493 2506 4551 Ideo
2544 4495 2690 4548 inter
2724 4506 2843 4555 vos,
2894 4488 3094 4561 inquit,
3125 4490 3290 4544 multi
3311 4490 3523 4558 inﬁrmi
3553 4491 3607 4543 et
3642 4489 3742 4543 im-

2145 4586 2375 4653 becilles,
2405 4588 2457 4640 et
2494 4584 2776 4639 dormiunt
2818 4576 3037 4636 multi‘.
3077 4579 3285 4634 Futura
3305 4577 3452 4634 enim
3481 4576 3589 4633 vita
3628 4592 3739 4632 non

2147 4683 2234 4733 est
2259 4689 2428 4747 prava
2454 4672 2674 4740 melior,
2703 4670 2785 4728 sic
2811 4669 2961 4727 enim
2999 4665 3147 4725 haud
3182 4665 3330 4723 bona
3358 4673 3519 4735 esset,
3545 4679 3740 4721 verum

2147 4773 2230 4823 est
2251 4764 2395 4821 bona
2422 4762 2639 4819 melior.

2218 4857 2335 4913 Non
2374 4854 2546 4909 solum
2571 4856 2751 4908 autem
2781 4850 2919 4921 ejus,
2958 4863 3145 4905 verum
3173 4848 3339 4903 etiam
3380 4848 3503 4902 mei.
3542 4845 3741 4902 Anim-

2151 4944 2389 5002 advertis
2429 4959 2537 5017 quo
2569 4949 2729 5015 pacto
2766 4948 2823 4998 et
2851 4938 2980 4997 hinc
3019 4935 3465 5011 Epaphroditum
3501 4934 3743 4994 honora—

2150 5034 2323 5092 bilem
2359 5032 2577 5091 reddit?
2612 5029 2896 5103 Siquidem
2936 5028 3081 5085 illius
3129 5027 3198 5083 ab
3231 5024 3557 5098 aegritudine
3593 5041 3722 5082 reva

2151 5124 2473 5182 lescentiam
2536 5119 2873 5179 beneﬁcium
2933 5116 3039 5177 Dei
3108 5115 3377 5189 peculiare
3402 5121 3485 5186 ,et
3533 5115 3747 5173 miseri-

2150 5215 2395 5273 cordiam
2418 5212 2590 5286 ponit.

2222 5307 2303 5363 Ne
2352 5305 2648 5360 tristitiam
2681 5316 2843 5372 super
2870 5301 3155 5355 tristitiam
3182 5297 3455 5354 haberem.
3495 5299 3619 5353 Hoc
3645 5304 3746 5367 est,

2150 5413 2219 5454 ne
2253 5396 2322 5455 ad
2350 5394 2636 5452 tristitiam
2663 5406 2787 5466 qua:
2814 5390 2950 5448 mihi
2974 5406 3037 5447 ex
3074 5386 3394 5446 inﬁrmitate
3422 5388 3595 5461 ipsius
3616 5387 3751 5447 sub—

1815 5621 2034 5700 Wariee
2083 5624 2379 5684 lectiones.

521 5734 562 5769 ⁹¹
590 5735 829 5807 συνεργὸν
858 5750 912 5793 0.
987 5731 1033 5770 ’⁸
1057 5732 1227 5803 ἐπειδὴ
1251 5749 1305 5793 o.
1381 5732 1428 5771 ”
1456 5736 1811 5809 προσενεγκεῖν
1840 5752 1896 5795 o.
1972 5738 2019 5775 9‘
2046 5738 2173 5794 αἰδὼ
2202 5755 2255 5795 ο.
