4124 6496
436 427 568 480 H75

1423 416 1936 474 THEOPHYLACTI
1974 410 2333 467 BULGARLE
2369 411 2684 466 ARCHIEP.

3619 409 3761 462 1176

428 558 556 607 nata
581 557 682 619 est,
727 547 889 604 aliam
915 545 1195 602 tristitiam
1224 544 1478 615 habeam,
1525 559 1593 600 ex
1637 558 1705 600 eo
1750 540 1896 614 quod
1923 541 2034 611 ipse

2145 537 2400 616 γενομένῃ
2450 561 2571 613 μοι,
2620 537 2713 595 καὶ
2763 533 2945 615 ἑτέραν
2976 533 3146 606 λύπην
3199 535 3352 613 σχῶ,
3402 531 3510 604 τὴν
3561 534 3624 590 ἐκ
3667 537 3762 590 τοῦ

431 639 702 697 moriatur
713 678 729 694 .

499 728 668 802 445
685 729 868 784 Vens.
897 732 986 782 28.
1015 727 1384 782 Festinantius
1399 729 1577 780 autem
1595 726 1720 779 misi
1743 726 1944 793 ipsum,
1970 724 2028 774 ut

431 822 542 875 viso
559 835 615 875 eo
637 817 943 888 gaudeatis.
963 817 1086 871 Hoc
1106 824 1210 883 est,
1232 815 1359 870 Sine
1379 813 1641 870 dilatione
1668 812 1850 884 ipsum
1881 808 2026 877 misi,

431 917 491 966 ut
521 906 774 964 videntes
815 907 996 976 ipsum
1026 919 1057 961 a
1085 919 1326 960 maerore
1368 918 1536 975 quem
1575 917 1642 958 ex
1671 902 1787 974 ejus
1816 898 2032 971 aegritu-

430 996 559 1053 dine
631 993 1022 1067 conceperatis,
1100 992 1310 1050 liberati
1367 991 1505 1063 sitis,
1563 991 1646 1048 vel
1730 990 1914 1063 potius
1969 995 2032 1044 ut

432 1084 743 1157 gaudeatis.

503 1178 572 1231 Et
600 1189 695 1245 ego
722 1175 907 1229 minus
931 1173 1177 1229 tristitiae
1201 1171 1452 1226 habeam.
1477 1167 1767 1241 Quomodo
1796 1181 1893 1223 ero
1921 1164 2030 1221 mi-

432 1279 534 1319 nus
549 1263 758 1319 tristis?
786 1261 1064 1333 Quoniam
1086 1260 1130 1316 si
1150 1275 1248 1316 vos
1270 1259 1568 1332 gaudeatis,
1599 1266 1653 1314 et
1675 1273 1775 1330 ego
1795 1255 2028 1329 gaudeo.

433 1357 544 1410 Nec
571 1352 730 1423 dixit,
759 1351 842 1407 Ut
871 1352 987 1407 sine
1012 1349 1228 1406 tristitia
1253 1351 1393 1418 sim;
1431 1348 1548 1418 sed,
1571 1351 1752 1405 Minus
1778 1348 2032 1401 tristitua:

436 1443 661 1498 habeam
688 1439 953 1496 :innuens
982 1438 1134 1510 quod
1182 1439 1402 1494 animus
1445 1437 1563 1509 ejus
1588 1436 1764 1491 multo
1785 1449 2032 1506 unquam

435 1540 683 1603 tempore
738 1529 861 1586 sine
899 1528 1118 1585 tristitia
1169 1527 1358 1585 fuerit.
1388 1529 1526 1596 Quis
1568 1528 1733 1594 enim,
1789 1527 2034 1595 inﬁrma-

440 1625 550 1685 tur,
581 1627 633 1676 et
667 1635 762 1690 ego
792 1634 905 1676 non
923 1621 1170 1690 inﬁrmor
1196 1619 1250 1673 1?

507 1713 689 1767 Vens.
738 1715 828 1766 29.
873 1711 1123 1780 Excipite
1164 1723 1286 1778 ergo
1331 1709 1509 1777 ipsum
1555 1709 1613 1762 in
1643 1708 1868 1760 Domino
1915 1719 2035 1759 cum

437 1803 580 1854 omni
605 1800 827 1870 gaudio.
885 1799 1007 1854 Hoc
1053 1805 1156 1864 est,
1187 1797 1531 1868 susceptione
1557 1810 1681 1868 quae
1719 1802 1803 1849 est
1843 1807 2035 1848 secun-

2143 632 2424 690 ἀποθανεῖν
2459 625 2636 685 αὐτόν.

2222 745 2246 771 ιι
2272 713 2705 795 Σπουδαιοτέρως
2732 712 2786 771 δὲ
2809 713 3027 795 ἔπεμψα
3070 711 3248 787 αὐτὸν,
3287 711 3376 769 ἵνα
3401 711 3620 778 ἰδόντες
3665 713 3760 768 αὖ·

2140 808 2228 869 τὸν
2261 809 2484 886 χαρῆτε.
2518 828 2546 864 ι)
2597 803 2921 878 Τουτέστιν,
2959 801 3346 882 Ἀνυπερθέτως
3379 801 3639 880 ἔπεμψα,
3671 800 3760 856 ἵνα

2139 904 2233 970 τῆς
2299 894 2384 954 ἐπ’
2417 896 2560 973 αὐτῷ
2609 892 2898 970 ἀδημονίας
2955 894 3303 970 ἀπαλλαγῆτέ
3358 893 3418 949 ἐκ
3460 895 3566 949 τοῦ
3631 891 3763 948 ἰδεῖν

2143 985 2296 1046 αὐτὸν
2316 1031 2330 1059 ,
2361 985 2561 1061 μᾶλλον
2601 980 2655 1041 δὲ
2678 985 2906 1063 χαρῆτε.

2224 1196 2248 1224 α
2280 1165 2450 1246 Κάγὼ
2481 1165 2800 1245 ἀλυπότερος
2828 1155 2897 1225 ὦ.
2934 1191 2958 1218 υ
2987 1167 3113 1232 Πῶς
3145 1162 3472 1242 ἀλυπότερος
3503 1151 3764 1246 ὦλσοτι

2143 1260 2234 1320 ἐὰν
2269 1240 2418 1336 ὕμεῖς
2465 1240 2732 1337 χαίρητε,
2779 1253 2933 1333 κάγὼ
2991 1256 3189 1334 χαίρω.
3253 1240 3510 1312 Καὶ-οὔκ
3569 1240 3761 1322 εἶπεν,

2140 1347 2391 1419 Ἄλυπος,
2426 1348 2542 1405 ἀλλ’
2570 1373 2590 1397 α
2620 1344 2987 1422 ’Ᾱλυπότερος,
3016 1373 3036 1395 υ
3061 1343 3264 1409 δεικνὺς
3296 1341 3376 1400 ὅτι
3405 1345 3440 1412 ἡ
3475 1340 3638 1421 ψυχὴ
3670 1344 3767 1398 αὖ·

2143 1443 2236 1496 τοῦ
2266 1436 2514 1496 οὐδέποτε
2544 1434 2716 1506 λύπης
2743 1429 2807 1504 ἦν
2837 1434 3002 1500 ἐκτός,
3037 1462 3061 1488 ιι
3089 1433 3188 1500 Τίς
3218 1462 3236 1482 υ
3258 1431 3380 1512 γὰρ,
3409 1430 3612 1511 φησὶν,
3650 1458 3674 1480 οι
3696 1433 3758 1487 ἀ·

2143 1533 2313 1587 σθενεῖ
2338 1573 2355 1604 ,
2385 1526 2478 1584 καὶ
2508 1528 2602 1584 οὐκ
2635 1527 2872 1597 ἀσθενῶ;
2910 1545 2940 1581 1)

2231 1729 2257 1762 α
2292 1705 2662 1785 Προσδέχεσθε
2717 1694 2806 1762 οὖν
2851 1705 3003 1764 αὐτὸν
3049 1707 3102 1763 ἐν
3160 1702 3345 1784 Κυρίῳ
3395 1701 3541 1779 μετὰ
3575 1702 3760 1776 πάσης

2143 1805 2335 1876 χαρᾶς.
2369 1819 2395 1853 ι)
2430 1796 2481 1853 Τ
2485 1793 2718 1853 ουτέστιν
2741 1840 2757 1872 ,
2801 1795 2854 1852 ἐν
2905 1795 3142 1874 ὑποδοχῇ
3180 1797 3245 1871 τῇ
3286 1792 3425 1851 κατὰ
3457 1794 3608 1853 Θεὸν
3635 1839 3652 1865 ,
3688 1800 3759 1860 ὡς

439 1891 569 1944 dum
609 1867 815 1955 Deum,
861 1867 1495 1958 quemadmodunrDeo
1534 1867 1823 1956 acceptum
1867 1891 1949 1938 est
1978 1889 2034 1937 et

2146 1884 2465 1964 ἀποδέχεται
2503 1888 2530 1942 ὁ
2560 1883 2694 1950 Θεὸς
2716 1929 2731 1959 ,
2768 1882 2927 1959 ἤγουν
2963 1883 3117 1951 ἀξίως
3160 1887 3266 1941 τῶν
3309 1881 3503 1960 ἁγίων.
3559 1885 3760 1942 Ταῦτα

437 1985 672 2048 gratum,
719 1977 804 2032 vel
863 1984 921 2031 ut
949 1974 1109 2030 decet
1155 1982 1397 2030 sanctos.
1427 1975 1562 2030 Haec
1593 1981 1777 2028 autem
1809 1979 2034 2043 propter

437 2068 582 2136 ipsos
624 2065 1004 2136 Philippenses
1063 2063 1265 2119 Paulus
1309 2062 1436 2119 facit
1481 2081 1493 2118 :
1545 2062 1725 2133 majus
1771 2060 1915 2115 enim
1950 2059 2034 2113 lu-

436 2170 593 2211 crum
634 2161 717 2210 est
762 2154 809 2210 ei
852 2153 950 2226 qui
1003 2152 1330 2209 beneﬁcium
1373 2153 1490 2221 dat,
1529 2167 1696 2222 quam
1733 2149 1824 2220 qui
1894 2146 2029 2204 acci-

439 2251 534 2314 pit.
783 2290 786 2293 .

508 2335 577 2388 Et
603 2331 916 2401 hujusmodi
939 2333 997 2386 in
1025 2331 1221 2385 honore
1246 2331 1507 2385 habetote.
1533 2331 1616 2384 Ne
1658 2327 1904 2384 videatur
1932 2325 2033 2396 ipsi

436 2419 533 2474 soli
561 2419 877 2491 gratiﬁcari,
909 2418 1234 2475 adhortatur
1263 2418 1314 2473 in
1352 2417 1662 2486 communi,
1690 2426 1751 2472 ut
1775 2415 2033 2472 omnibus

440 2509 530 2580 qui
583 2507 777 2564 eadem
825 2509 933 2567 sint
979 2525 1106 2564 cum
1157 2507 1536 2581 Epaphrodito
1575 2507 1776 2563 virtute
1813 2502 2032 2578 praediti

441 2599 706 2654 honorem
727 2597 1064 2669 impertiant.

505 2689 684 2744 Vsus.
740 2693 826 2744 30.
863 2687 1126 2755 Quoniam
1150 2693 1378 2758 propter
1426 2701 1559 2758 opus
1618 2687 1838 2752 Christi,
1867 2701 2034 2754 usque

435 2779 510 2832 ad
550 2782 777 2832 mortem
804 2780 1044 2845 accessit,
1101 2779 1295 2832 animae
1323 2793 1435 2832 sua:
1485 2792 1683 2845 parum
1735 2776 2027 2829 consulens.

435 2866 875 2938 Epaphroditum
923 2866 1192 2922 miserunt
1251 2866 1320 2921 ad
1366 2867 1600 2921 Paulum
1643 2865 2029 2934 Philippenses,

437 2965 497 3010 ut
526 2955 797 3027 perferret
825 2954 895 3010 ad
919 2971 1045 3009 eum
1068 2955 1381 3010 necessaria
1403 2955 1603 3026 quibus
1625 2955 1849 3010 haberet
1871 2968 2029 3024 opus.

435 3045 658 3117 Reperit
703 3045 866 3116 igitur
905 3045 1140 3100 Paulum
1172 3048 1372 3100 Romae
1400 3044 1455 3098 in
1491 3044 1763 3114 periculis,
1811 3043 2032 3114 quando

438 3135 806 3205 periculosum
845 3142 964 3189 erat
1005 3133 1163 3189 alicui
1191 3135 1257 3188 ad
1304 3133 1461 3187 illum
1500 3131 1777 3198 accedere,
1821 3130 2034 3185 infenso

2142 1975 2196 2033 δὲ
2225 1978 2415 2033 ποιεῖὸ
2467 1976 2677 2040 Παῦλος
2728 1972 2860 2050 ὑπὲρ
2911 1973 3084 2029 αὐτῶν
3140 1975 3244 2029 τῶν
3294 1972 3702 2042 Φιλιππησίων
3741 1998 3752 2009 ο

2142 2067 2315 2142 μεῖζον
2349 2063 2450 2142 γὰρ
2471 2064 2529 2122 τὸ
2554 2062 2735 2142 κέρδος
2775 2064 2851 2141 τῷ
2876 2067 3142 2134 ποιοῦντι,
3166 2060 3201 2132 ἢ
3241 2065 3316 2141 τῷ
3349 2061 3629 2140 πάσχοντι
3664 2051 3750 2119 εὖ.

2231 2347 2261 2384 α
2319 2323 2428 2384 Καὶ
2476 2323 2594 2392 τοὺς
2647 2323 2913 2391 τοιούτους
2969 2324 3207 2400 ἐντίμους
3283 2323 3460 2403 ἔχετε.
3533 2347 3566 2382 n
3635 2323 3756 2384 Ἵνα

2143 2412 2217 2491 μὴ
2267 2412 2386 2492 δόξῃ
2437 2413 2582 2493 αὐτῷ
2636 2413 2782 2492 μόνῳ
2838 2412 3180 2492 χαρίζεσθαι,
3255 2416 3440 2480 κοινῶς
3492 2422 3756 2492 παραινεῖ

2141 2502 2344 2570 πάντας
2387 2500 2507 2568 τοὺς
2554 2501 2647 2573 τὴν
2695 2500 2861 2574 αὐτὴν
2918 2501 2968 2549 9⁵
3023 2501 3218 2581 ἀρετὴν
3277 2501 3753 2577 ἐπιδεικνυμένους

2141 2603 2320 2672 τιμᾷν.

2227 2704 2254 2739 α
2286 2679 2419 2742 Ὅτι
2451 2681 2536 2740 διὰ
2579 2681 2638 2741 τὸ
2680 2681 2828 2762 ἔργον
2871 2686 2964 2740 τοῦ
3022 2682 3256 2761 Χριστοῦ
3308 2682 3467 2762 μέχρι
3514 2680 3753 2742 θανάτου

2139 2771 2326 2850 ἤγγισε
2355 2769 2925 2849 παραϐουλευσοὶμενος
2976 2775 3042 2844 τῇ
3089 2775 3236 2850 ψυχῇ
3276 2771 3350 2830 9⁵.
3390 2797 3413 2822 ι
3457 2772 3574 2832 Τὸν
3609 2770 3752 2832 Ἐπ-

2138 2860 2414 2940 αίρρόδιτον
2474 2860 2717 2939 ἔπεμψαν
2767 2863 2814 2918 οἱ
2863 2859 3231 2931 Φιλιππήσιοι
3293 2861 3421 2938 πρὸς
3477 2863 3746 2930 Παῦλον,

2143 2948 2513 3024 διακομίζοντα
2571 2951 2715 3027 αὐτῷ
2769 2949 2836 3007 τὰ
2886 2950 3016 3026 πρὸς
3071 2948 3282 3028 χρείαν.
3345 2941 3515 3027 Εὗρεν
3552 2941 3645 3009 οῦν
3701 2942 3776 3007 ἐν’

2144 3037 2396 3102 κινδύνοις
2445 3038 2534 3096 τὸν
2579 3040 2796 3097 Παῦλον
2844 3040 2897 3097 ἐν
2928 3038 3119 3116 Ῥώμῃ
3168 3038 3243 3115 9⁷,
3295 3039 3378 3097 ὅτε
3419 3041 3751 3098 ἐπικίνδυνον

2145 3117 2208 3198 ἦν
2238 3149 2354 3185 τινα
2386 3127 2694 3204 προσελθεῖν
2741 3129 2885 3206 αὖτῷ
2906 3174 2924 3205 ,
2957 3131 3027 3194 ὣς
3055 3131 3144 3185 τοῦ
3198 3127 3460 3204 βασιλέως
3502 3131 3753 3206 ἀπεχθῶς

441 3222 688 3278 videlicet
725 3238 852 3292 erga
896 3223 1078 3293 ipsum
1123 3223 1476 3292 imperatore.
1529 3223 1670 3275 Tum
1719 3220 1886 3290 igitur
1927 3218 2034 3287 ille,

2148 3215 2274 3296 πρὸς
2322 3214 2475 3274 αὐτὸν
2509 3214 2746 3294 ἔχοντος.
2796 3216 2936 3276 Τότε
2989 3217 3160 3274 τοίνυν
3207 3214 3349 3282 οὗτος
3393 3218 3599 3284 παντὸς
3649 3241 3756 3275 κιν-

439 3311 590 3368 omni
634 3310 875 3383 periculo
915 3309 1253 3381 posthabito,
1301 3309 1638 3364 ministravit
1676 3309 1866 3364 Paulo.
1921 3312 2040 3363 Hoc

438 3401 603 3472 igitur
645 3414 796 3454 nunc
841 3397 991 3455 dicit.
1026 3398 1422 3454 Animadverte
1470 3405 1659 3452 autem
1697 3413 1846 3453 :non
1877 3396 2037 3465 dixit,

438 3493 667 3562 Propter
693 3504 821 3559 me;
867 3487 983 3554 sed,
1029 3490 1264 3560 Propter
1296 3503 1433 3559 opus
1476 3488 1578 3542 Dei
1620 3503 1813 3558 parum
1841 3503 2036 3542 consu-

439 3581 556 3649 luit,
607 3577 715 3635 hoc
744 3586 842 3644 est,
873 3578 1115 3648 seipsum
1163 3577 1350 3650 injecit
1380 3578 1574 3633 morti.
1615 3576 1764 3647 Quid
1789 3577 1938 3632 enim
1967 3577 2035 3644 si,

439 3675 557 3726 Deo
611 3670 686 3724 ita
740 3669 1113 3740 dispensante,
1165 3675 1416 3724 mortuus
1441 3684 1553 3724 non
1587 3667 1824 3724 est?l|le
1850 3677 2040 3724 tamen

440 3768 751 3832 promptam
792 3759 1127 3826 voluntatem
1176 3757 1483 3814 declaravit.
1527 3758 1797 3826 Quocirca
1834 3765 1890 3812 et
1916 3773 2036 3820 nos,

439 3845 483 3901 si
526 3845 743 3918 quando
795 3845 1092 3901 viderimus
1125 3853 1348 3900 sanctos
1401 3845 1660 3917 periculis
1716 3845 2034 3913 immersos,

439 3935 677 4008 pericula
718 3935 1079 4008 negligamns.
1132 3939 1266 3992 Haec
1309 3935 1454 3990 enim
1506 3934 1730 3990 demum
1775 3944 1858 3990 est
1887 3951 2040 3991 secu-

438 4025 594 4093 ritas,
625 4024 679 4079 in
730 4023 1052 4096 hujusmodi
1097 4024 1261 4080 rebus
1327 4023 1379 4079 in
1445 4023 1688 4094 pericula
1738 4039 1840 4080 nos
1875 4024 2042 4095 conji-

438 4128 579 4168 cere.

516 4205 584 4257 Ut
609 4202 851 4271 impleret
876 4202 937 4256 id
957 4201 1104 4273 quod
1128 4217 1196 4257 ea:
1226 4204 1373 4258 vobis
1402 4202 1608 4270 deerat,
1633 4202 1692 4255 in
1713 4205 1883 4256 vestro
1912 4218 2039 4270 erga

439 4307 520 4345 me
549 4292 870 4345 ministerio.
921 4293 1057 4358 Vos,
1105 4290 1304 4362 inquit,
1352 4307 1464 4346 non
1492 4289 1676 4346 fuistis
1715 4293 1932 4360 Romae,
1980 4300 2042 4346 ut

443 4378 578 4434 mihi
606 4377 969 4448 corporaliter
1001 4378 1415 4445 ministraretis,
1441 4376 1541 4432 etsi
1570 4379 1869 4434 necessaria
1900 4379 2038 4435 mihi

440 4466 863 4523 transmiseritis.
916 4467 1038 4524 Hoc
1089 4468 1253 4539 igitur
1304 4467 1451 4539 quod
1476 4467 1632 4522 vobis
1655 4468 1845 4538 defuit,
1876 4469 2041 4524 nimi-

439 4574 586 4626 rum,
615 4555 761 4628 quod
786 4571 1016 4628 corpore
1044 4572 1327 4629 manuque
1366 4555 1504 4612 mihi
1542 4572 1654 4612 non
1695 4558 2041 4613 ministrave-

2146 3305 2299 3386 δύνου
2342 3305 2785 3384 καταφρονήσας,
2836 3307 3116 3378 διηκόνῃσε
3164 3309 3240 3384 τῷ
3290 3305 3516 3386 Παύλῳ.
3581 3310 3752 3367 Τοῦτο

2144 3383 2233 3452 οὖν
2263 3398 2350 3450 νῦν
2381 3383 2544 3471 λέγει.
2587 3393 2693 3453 Καὶ
2725 3393 2820 3474 ὅρα
2840 3419 2851 3432 ο
2884 3395 2975 3451 οὐκ
2997 3385 3135 3466 εἷπε,
3170 3383 3255 3454 Δι’
3285 3394 3417 3471 ἐμὲ,
3446 3383 3616 3473 ἀλλὰ,
3651 3397 3751 3456 Διὰ

2143 3485 2205 3542 τὸ
2230 3482 2379 3563 ἔργον
2409 3489 2498 3541 τοῦ
2530 3485 2674 3543 Θεοῦ
2706 3483 3208 3564 παρεϐουλεύσατο,
3236 3487 3545 3560 τουτέστιν,
3581 3485 3743 3566 ἐπέρ-

2147 3575 2293 3652 ῥιῴεν
2338 3573 2526 3630 ἑαυτὸν
2578 3577 2655 3652 τῷ
2702 3574 2936 3653 θανάτῳ.
2987 3572 3058 3633 Τί
3107 3573 3208 3653 γὰρ
3257 3577 3302 3632 εἰ
3354 3574 3432 3651 μὴ
3483 3575 3749 3647 ἀπέθανε,

2146 3669 2236 3721 τοῦ
2269 3664 2410 3722 Θεοῦ
2442 3663 2886 3739 οἰκονομήσαντος
2908 3684 2924 3736 ;
2948 3661 3117 3742 ΫἈλλ’
3144 3663 3297 3729 αὐτός
3328 3687 3386 3742 γε
3416 3663 3516 3735 τὴν
3547 3663 3743 3742 προαί-

2149 3774 2288 3830 ρεσιν
2319 3749 2498 3818 ἔδειξε.
2557 3751 2664 3810 Καὶ
2712 3756 2874 3827 ἡμεῖς
2915 3741 3037 3829 οῦν,
3083 3750 3206 3810 ὅταν
3240 3741 3437 3828 ἴδωμεν
3480 3741 3664 3831 ἁγίους
3695 3756 3746 3811 ἐν

2147 3839 2436 3912 κινδύνοις,
2473 3839 3002 3919 παραϐουλευώμεθα
3029 3865 3041 3877 ·
3093 3845 3249 3900 τοῦτο
3303 3842 3403 3922 γὰρ
3442 3844 3746 3924 ἀσφάλεια,

2148 3930 2206 3987 τὸ
2236 3931 2288 3987 ἐν
2326 3933 2432 3998 τοῖς
2464 3929 2712 3996 τοιούτοις
2756 3929 3136 4010 ῥιψοκίνδυνον.

2234 4223 2266 4255 α
2294 4197 2417 4258 Ἵνα
2467 4199 2831 4280 ἀναπληρώσῃ
2882 4200 2943 4260 τὸ
2979 4200 3434 4281 ὕμῶνξῦστέρημα
3474 4203 3595 4274 τῆς⁷
3615 4205 3743 4282 πρός

2150 4313 2216 4364 με
2246 4289 2588 4368 λειτουργίας.
2613 4315 2638 4341 ι
2668 4287 2876 4368 ίΥμεῗς⁷
2901 4291 3060 4371 φησὶν
3084 4340 3097 4362 ,
3127 4292 3185 4349 οὐ
3208 4295 3415 4370 παρῆτε
3447 4293 3500 4350 ἐν
3525 4291 3740 4369 (Ρώμῃ.

2147 4373 2234 4434 ἵνα
2259 4378 2350 4435 καὶ
2379 4380 2698 4454 σωματικῶς
2738 4403 2829 4454 μοι
2873 4379 3257 4453 διακονήσητε,
3301 4380 3466 4438 εἶκαὶ
3509 4382 3578 4439 τὰ
3615 4381 3742 4459 πρὸς

2147 4466 2328 4545 χρείαν
2360 4467 2660 4547 ἐπέμψατε.
2694 4471 2867 4528 Τοῦτο
2897 4460 3008 4543 οῦν,
3034 4469 3061 4527 ὃ
3094 4468 3424 4548 ὑστερήσατε
3457 4475 3625 4547 ὑμεῖς,
3649 4469 3740 4540 τὴν

2149 4555 2234 4613 διὰ
2267 4560 2360 4627 τῆς
2411 4556 2589 4636 χειρὸς
2612 4556 2663 4595 9⁸
2701 4557 2793 4616 καὶ
2821 4563 2916 4616 τοῦ
2951 4558 3197 4634 σώματος
3247 4559 3606 4638 λειτουργίαν,
3657 4563 3739 4617 οὐ·

439 4647 579 4715 ritis,
624 4647 736 4718 ipse
773 4646 1085 4718 complevit,
1125 4647 1376 4702 omnium
1427 4654 1672 4702 vestrum
1730 4648 1851 4702 loco
1894 4647 2034 4702 mihi

2147 4645 2231 4712 τὸς
2309 4647 2717 4724 ἀνεπλήρωσεν,
2782 4648 2900 4706 ἀντὶ
2949 4649 3166 4707 πάντων
3216 4651 3366 4724 ὑμῶν
3423 4649 3742 4721 διακονήσας

439 4734 753 4790 inserviens.
780 4736 963 4804 Quare
991 4733 1189 4807 dignus
1228 4734 1395 4790 fuerit
1424 4734 1510 4790 cui
1537 4735 1836 4806 plurimum
1862 4735 2031 4791 benc-

437 4823 688 4881 volentize
715 4823 1032 4889 ostendatis,
1073 4839 1138 4879 eo
1173 4823 1322 4896 quod
1347 4825 1456 4894 ipse
1477 4824 1627 4880 solus
1644 4827 1768 4895 Quae
1789 4825 2032 4881 omnium

438 4923 678 4970 vestrum
716 4921 895 4980 erant,
923 4913 1186 4969 attulerit.
1221 4912 1488 4986 Expende
1518 4923 1725 4982 autem,
1753 4915 2035 4986 quomodo

437 5019 554 5059 rem
594 5004 793 5075 ipsam,
842 5003 1215 5058 ministerium
1257 5019 1322 5059 ac
1383 5002 1660 5060 defectum
1720 5013 1921 5072 vocet,
1977 5015 2038 5062 ut

436 5093 687 5149 ostendat
711 5093 1094 5148 necessitatem
1119 5101 1174 5148 et
1209 5092 1456 5148 debitum
1495 5108 1613 5150 esse
1650 5095 1950 5165 quoddam,
1980 5105 2040 5151 ut

435 5183 466 5237 ii
490 5182 583 5254 qui
608 5182 664 5236 in
702 5180 1095 5252 tranquillitate
1126 5191 1271 5251 sunt,
1319 5183 1747 5255 periclitantibus
1772 5184 2038 5255 opitulen-

434 5278 525 5326 tur
569 5288 584 5325 :
625 5276 682 5326 et
733 5270 825 5343 qui
880 5270 987 5327 hoc
1023 5287 1136 5329 non
1180 5270 1382 5340 fecerit,
1421 5271 1466 5328 is
1510 5269 1757 5328 ofﬁcium
1806 5273 2035 5345 deserit,

520 5406 534 5447 1
559 5408 584 5461 Ι
609 5407 738 5462 Cor.
764 5419 852 5472 XI,
885 5411 974 5462 29.

2145 4757 2257 4811 μοι.
2291 4734 2463 4794 "ﬂare
2513 4735 2710 4803 δίκαιος
2757 4736 2821 4795 ἂν
2851 4736 2933 4809 εἴη
2981 4740 3071 4796 καὶ
3101 4739 3299 4810 πολλῆς
3330 4737 3468 4818 παρη
3499 4742 3623 4813 ὑμῖν
3667 4739 3740 4795 εὖε

2142 4825 2286 4890 νοίας
2315 4827 2652 4897 ἀπολαῦσαι,
2687 4829 2756 4893 ὣς
2803 4826 2871 4884 τὰ
2913 4828 3128 4887 πάντων
3155 4827 3206 4862 ⁹⁹
3252 4830 3399 4904 ὖμῶν
3447 4829 3601 4904 μόνος
3649 4829 3737 4885 αὖ·

2143 4912 2228 4979 τὸς
2257 4914 2589 4993 εἰσενεγκὼν.
2625 4913 2770 4994 ⁶Όρα
2817 4915 2907 4993 δὲ,
2944 4919 3057 4982 πῶς
3095 4915 3427 4994 λειτουργίαν
3475 4917 3535 4976 τὸ
3574 4925 3740 4995 πρᾶγ-

2145 5025 2222 5078 μα
2266 5003 2421 5060 καλεῖ
2463 5004 2555 5060 καὶ
2599 5003 2909 5082 ὑστέρημα,
2959 5003 3047 5062 ἵνα
3097 5004 3238 5085 δείξῃ
3287 5004 3367 5063 ὅτι
3413 5007 3598 5086 ὀφειλή
3632 5010 3736 5065 ἐστι

2147 5091 2237 5150 καὶ
2266 5090 2452 5170 χρέος,
2483 5091 2545 5151 τὸ
2591 5095 2711 5160 τοὺς
2741 5097 2794 5153 ἐν
2827 5094 3003 5153 ἀνέσει
3043 5093 3198 5162 ὄντας
3249 5099 3456 5174 βοηθεῖν
3485 5100 3593 5163 τοῖς
3639 5118 3740 5154 κιν-

2149 5179 2446 5253 δυνεύουσι,
2495 5180 2588 5240 καὶ
2617 5184 2644 5239 ὁ
2696 5180 2772 5259 μὴ
2817 5186 2983 5242 ποιῶν
3031 5187 3185 5242 τοῦτο
3233 5188 3481 5264 ὑστερεῖ,
3513 5189 3584 5249 ὡς
3620 5187 3647 5242 ὁ
3673 5182 3736 5240 τὰ

2149 5270 2451 5347 δημοσιακὰ
2490 5271 2920 5352 λειτουργήματα
2967 5272 3042 5350 μὴ
3076 5276 3291 5354 πληρῶν
3317 5273 3361 5334 ⁸.
3396 5270 3515 5336 Ἵνα
3545 5264 3632 5332 οὖν
3663 5270 3734 5348 μὴ

1837 5509 2024 5567 Variae
2072 5511 2365 5570 lectiones.

502 5607 547 5641 95
575 5606 724 5660 αὖτοῦ
751 5623 804 5666 ο.
881 5608 928 5644 ³⁸
978 5611 1066 5678 τήν
1105 5612 1276 5684 ψυχήν
1306 5629 1359 5670 0.
1437 5613 1483 5649 97
1510 5613 1635 5667 κατὰ
1681 5611 1769 5680 τὴν
1826 5607 2032 5688 Ῥώμην
2070 5635 2123 5675 ο.
2200 5617 2243 5650 ⁸⁸
2287 5623 2386 5671 τῶν
2432 5625 2614 5690 χειρῶν
2655 5636 2707 5676 o.
2788 5621 2832 5655 9°
2876 5622 3035 5675 πάντα
3072 5637 3124 5680 ο,
3203 5623 3219 5656 ¹
3252 5623 3566 5697 λειτουργίας
3588 5622 3720 5674 ὓστε-

433 5692 530 5756 ρῶν
560 5703 614 5743 o.
