4124 6430
498 392 633 446 “79

1512 387 2032 445 THEOPHYLACTI
2069 388 2429 446 BULGARUE
2465 394 2780 452 ARCHIEP.

3662 400 3805 455 H80

495 530 621 572 vero
651 522 739 574 est
753 513 945 586 homo,
973 512 1324 573 circumcisio
1348 513 1644 572 virtutibus
1666 512 1912 586 praedita.
1936 516 2086 570 Rur-

2204 519 2380 576 Τοῢτο
2438 519 2541 599 γάρ
2585 522 2728 581 ἔστιν
2777 523 2987 595 ἀληθῶς
3030 522 3331 604 ᾅνθρωπος,
3389 527 3423 597 ἡ
3469 523 3734 604 περιτομὴ
3766 529 3801 597 ἡ

494 621 642 673 sum,
685 619 800 662 non
838 604 999 675 dixit,
1039 605 1103 661 In
1138 603 1243 661 illis
1266 611 1350 661 est
1370 602 1633 672 concisio,
1663 602 1780 673 sed,
1814 604 1942 676 Ipsa
1964 611 2095 661 sunt

493 693 724 767 perditio
749 700 807 751 et
832 694 1063 751 malitia.

571 788 644 842 Et
666 785 967 855 gloriamur
995 786 1056 840 in
1080 784 1286 843 Christo
1314 785 1458 847 Iesu,
1496 786 1548 838 et
1569 798 1677 839 non
1700 784 1760 839 in
1787 797 1945 839 carne
1973 799 2090 838 cou-

493 875 736 943 ﬁdentes.
763 875 975 932 Utrum
1001 873 1171 947 igitur
1191 873 1386 930 melius
1405 875 1519 930 est?
1548 872 1605 928 in
1629 872 1845 929 Christo
1874 872 2092 945 gloriari

495 962 664 1019 corda
702 970 895 1020 nostra
940 962 1379 1029 circnmcidenti,
1417 968 1472 1017 et
1505 959 1578 1017 ad
1612 961 1856 1018 ﬁliorum
1879 961 1983 1017 Dei
2010 961 2093 1015 iu-

497 1051 834 1124 genuitatem
868 1051 1186 1124 perducenti
1222 1066 1317 1125 per
1356 1050 1660 1124 baptisma;
1714 1066 1788 1107 an
1826 1051 1881 1106 in
1926 1065 2093 1106 carne

494 1140 734 1214 gloriari,
781 1141 890 1198 hoc
928 1149 1032 1212 est,
1093 1141 1153 1198 in
1189 1142 1395 1198 carnali
1438 1140 1858 1198 circumsicione
1902 1154 2096 1212 super-

496 1230 637 1301 bire,
650 1238 915 1303 tanquam
935 1229 1235 1289 Abrahami
1255 1230 1346 1287 ﬁlii
1375 1230 1520 1288 sint?

570 1422 748 1479 Vnus.
768 1424 826 1477 4.
858 1421 1181 1492 Quanquam
1203 1425 1255 1476 et
1285 1437 1378 1491 ego
1402 1421 1779 1491 confidentiam
1799 1419 2023 1475 habeam
2040 1423 2095 1478 in

496 1525 674 1567 came.
706 1509 760 1567 Si
788 1525 853 1568 ex
882 1509 1131 1583 gentibus
1190 1526 1385 1578 essem,
1434 1510 1628 1582 inquit,
1676 1517 1859 1581 posset
1903 1510 2093 1582 aliquis

495 1598 699 1669 dicere,
756 1598 901 1672 quod
951 1606 1236 1671 propterea
1284 1614 1541 1655 accusem
1592 1598 2090 1666 circumcisionem,

497 1689 623 1761 quia
639 1686 902 1744 Judaismi
920 1686 1255 1745 nobilitatem
1276 1689 1503 1746 orbatus
1516 1704 1641 1744 sum
1659 1706 1672 1745 :
1690 1704 1843 1744 nunc
1867 1702 1997 1744 vero
2039 1698 2097 1744 et

2205 606 2468 687 ἐνάρετος.
2512 610 2618 671 Καὶ
2647 610 2837 687 πάλιν,
2886 614 2982 671 οὐκ
3017 602 3193 687 εἶπεν,
3231 611 3328 675 Ἐν
3371 602 3588 682 ἐκείνοις
3624 617 3659 684 ἡ
3692 637 3799 672 κα-

2203 696 2409 774 τατομὴ
2426 744 2443 771 ,
2468 700 2585 758 ἀλλ’
2615 700 2948 783 Αὖτόχρημά
2980 702 3109 760 εἰσιν
3141 702 3381 762 ἀπώλεια
3408 704 3500 763 καὶ
3527 702 3714 766 κακία.

2289 815 2314 840 ι
2375 789 2483 849 Καὶ
2540 791 2878 870 καυχώμενοι
2939 793 2993 850 ἐν
3039 793 3256 873 Χριστῷ
3308 790 3514 864 Ἰησοῦ,
3587 794 3686 851 οὐκ
3745 794 3801 851 ἐν

2203 876 2362 956 σαρκὶ
2411 880 2740 948 πεποιθότες.
2778 902 2809 938 ι)
2850 880 3009 940 Ποῖον
3058 871 3148 939 οὖν
3207 871 3446 961 βέλτιον,
3492 882 3544 939 iv
3577 884 3801 962 Χριστῷ

2201 972 2505 1047 καυχᾶσθαι
2542 973 2620 1047 τῷ
2673 969 3045 1050 περιτέμνοντι
3082 969 3175 1038 τὰς
3216 969 3435 1051 καρδίας
3484 972 3670 1047 ἡμῶν,
3704 975 3801 1029 καὶ

2202 1058 2274 1123 εἰς
2330 1056 2394 1128 τὴ
2447 1057 2713 1134 εὐγένειαν
2765 1061 2871 1117 τῶν
2925 1062 3052 1120 υἱῶν
3099 1064 3192 1118 τοῦ
3237 1061 3379 1120 Θεοῦ
3419 1059 3667 1137 ἀνοίγοντι
3709 1060 3801 1117 διὰ

2201 1150 2293 1204 τοῦ
2323 1148 2574 1226 λουτροῦ·
2605 1146 2639 1217 ἢ
2666 1150 2718 1207 iv
2746 1147 2903 1227 σαρκὶ
2946 1153 3281 1227 καυχᾶσθαι,
3327 1145 3618 1227 τουτέστιν,
3646 1150 3701 1208 iv
3730 1154 3801 1229 τῇ

2205 1240 2432 1316 σαρκικῇ
2467 1241 2731 1317 περιτομῇ
2773 1239 3215 1319 μεγαλοφρονεῖν,
3279 1242 3349 1305 ὡς
3386 1236 3630 1318 Ἀϐραὰμ
3659 1237 3805 1305 υἱοὺς

2201 1324 2356 1392 ὄντας
2369 1348 2387 1398 ;

2291 1437 2323 1473 σ
2355 1415 2568 1497 Καίπερ
2598 1414 2704 1496 ἐγὼ
2733 1416 2872 1497 ἔχων
2902 1416 3219 1497 πεποίθησιν
3248 1417 3339 1476 καὶ
3371 1418 3422 1475 iv
3475 1416 3656 1497 σαρκί.
3678 1444 3699 1471 ι
3733 1421 3803 1477 Εἰ

2202 1503 2256 1572 ἐξ
2305 1506 2497 1581 ἐθνῶν,
2527 1504 2711 1586 φησὶν,
2748 1506 3044 1585 ἐγενόμην,
3084 1496 3224 1587 εἶχεν
3266 1506 3329 1566 ἄν
3360 1529 3435 1572 τις
3464 1504 3668 1582 λέγειν,
3716 1509 3802 1567 ὅτι

2202 1592 2292 1653 διὰ
2320 1598 2475 1653 τοῦτο
2524 1596 2847 1675 κατηγορῶ⁶
2885 1599 2979 1668 τῆς
3018 1598 3343 1674 περιτομῆς,
3375 1591 3468 1652 ἅτε
3498 1595 3803 1675 ἀπεστερη-

2205 1682 2359 1760 μένος
2389 1684 2414 1722 ⁷
2459 1687 2553 1757 τῆς
2602 1683 2862 1764 εὐγενείας
2909 1689 3000 1743 τοῦ
3041 1683 3379 1759 Ἰουδαϊσμῶ
3427 1681 3587 1741 8’ν’ὗν
3618 1683 3803 1743 δὲκαὶ

496 1792 617 1850 ego,
644 1775 837 1850 inquit,
861 1777 1022 1833 istam
1040 1776 1232 1847 habeo,
1265 1794 1434 1850 quam
1454 1793 1552 1833 vos
1580 1777 1785 1842 dicitis,
1817 1776 2093 1833 conﬁden-

2206 1773 2390 1848 αὐτὸς,
2419 1772 2610 1855 φησὶν,
2652 1773 2763 1854 ἔχω
2792 1773 2991 1846 ταύτην
3014 1815 3034 1844 ,
3068 1771 3132 1844 ἥν
3176 1796 3308 1854 φατε
3337 1774 3483 1849 ὖμείς
3501 1819 3515 1847 ,
3547 1773 3803 1845 πεποίθη-

494 1866 631 1924 tiam
658 1873 715 1924 et
748 1866 1125 1939 gloriationem
1154 1869 1210 1922 in
1253 1865 1671 1925 circumcisione
1716 1866 1936 1923 carnali.
1970 1866 2092 1923 Pla-

496 1973 631 2014 num
661 1956 949 2028 estigitur,
992 1957 1141 2032 quod
1183 1974 1293 2013 non
1336 1966 1627 2030 propterea
1670 1957 1821 2030 quod
1867 1956 2094 2013 orbatus

492 2046 596 2103 sim
626 2061 687 2102 ea
727 2061 851 2119 qua
893 2047 1048 2103 vobis
1084 2046 1320 2116 videtur,
1364 2047 1699 2120 ingenuitate
1740 2054 1943 2115 vestra,
1993 2048 2091 2104 sed

495 2144 719 2208 propter
745 2136 920 2208 ipsam
962 2137 1194 2193 veritate
1218 2137 1532 2194 condemno
1575 2137 2084 2193 circumcisionem.

566 2226 628 2281 Si
667 2228 790 2295 quis
809 2225 955 2282 alius
972 2227 1187 2282 videtur
1209 2226 1430 2283 condere
1457 2229 1516 2282 in
1542 2241 1722 2295 carne,
1757 2242 1852 2296 ego
1897 2230 2087 2296 magis.

494 2314 887 2371 Animadverte
926 2315 1043 2387 ejus
1094 2316 1423 2386 sapientiam
1466 2335 1478 2371 :
1522 2315 1725 2371 nullius
1764 2316 2090 2371 nominatim

494 2403 773 2472 meminit,
842 2406 1026 2460 minus
1065 2404 1297 2461 invisum
1342 2419 1654 2461 sermonem
1703 2404 1939 2473 faciens;
1998 2405 2092 2461 sed

494 2508 594 2565 per
612 2491 720 2550 hoc
749 2494 894 2566 quod
923 2494 1017 2563 ait,
1043 2496 1106 2552 Si
1131 2497 1257 2565 quis
1291 2495 1506 2551 videtur
1535 2497 1698 2564 alius,
1725 2494 1928 2552 indicat
1945 2493 2093 2567 quod

492 2582 582 2639 alii
621 2582 907 2655 adegerint
928 2584 1112 2655 ipsum
1164 2584 1346 2640 venire
1387 2583 1457 2642 ad
1488 2599 1775 2641 sermones
1805 2584 1926 2641 hos.
1964 2585 2090 2641 Pul-

493 2672 625 2729 chre
665 2679 852 2730 autem
886 2673 1049 2743 dixit,
1100 2674 1330 2732 Videtur
1360 2693 1378 2730 :
1415 2673 1497 2730 vel
1536 2673 1685 2746 quod
1721 2681 1940 2731 tantam
1982 2690 2092 2729 non

491 2760 730 2818 habeant
766 2761 1043 2831 ﬁduciam,
1084 2771 1351 2836 quantam
1378 2763 1493 2835 ipse
1519 2782 1533 2820 :
1563 2764 1668 2830 vel,
1691 2763 1840 2836 quod
1867 2763 2089 2832 ﬁducia,

494 2865 618 2923 quae
641 2859 725 2907 est
750 2850 804 2907 in
830 2852 1272 2922 circumcisione,
1306 2868 1421 2908 non
1445 2853 1517 2909 sit
1545 2869 1690 2921 vera,
1715 2852 1812 2911 sed
1849 2853 2095 2910 videatur

500 2947 714 2996 tantum
722 2980 738 2996 ο

564 3031 745 3086 Vnus.
767 3033 820 3087 5.
857 3030 1224 3088 Circumcisus
1248 3037 1433 3088 octavo
1461 3032 1568 3087 die.
1595 3034 1660 3087 In
1715 3046 1828 3103 quo
1872 3030 2091 3102 potissi-

493 3135 655 3175 mum
680 3119 1076 3191 gloriabantur,
1107 3121 1214 3177 hoc
1251 3120 1433 3192 primo
1471 3121 1593 3176 loco
1623 3121 1826 3192 posuit,
1856 3121 2088 3176 circum-

495 3207 762 3264 cisionem
791 3207 1072 3265 nimirum.
1114 3212 1221 3265 Per
1245 3209 1351 3265 hoc
1376 3218 1566 3266 autem
1594 3209 1743 3280 quod
1775 3210 1869 3277 ait,
1903 3211 2094 3267 Octavo

497 3298 608 3366 die,
633 3296 874 3352 ostendit
899 3312 957 3353 se
980 3313 1091 3353 non
1114 3296 1280 3354 fuisse
1306 3298 1663 3370 proselytum.

567 3389 658 3442 Ea:
682 3401 871 3456 genere
892 3388 1081 3443 Israel.
1108 3390 1233 3445 Hoc
1255 3396 1360 3455 est,
1380 3402 1493 3443 non
1513 3403 1577 3444 ex
1599 3388 1915 3460 parentibus
1938 3405 2093 3461 pros-

497 3474 676 3548 elytis,
710 3491 904 3532 verum
928 3492 995 3533 ex
1033 3476 1166 3550 ipsis
1193 3476 1483 3535 lsraelitis.

566 3557 656 3623 Ea:
684 3566 835 3622 tribu
858 3567 1162 3639 Benjamin.
1191 3569 1313 3624 Hoc
1342 3576 1446 3637 est,
1483 3583 1551 3623 ex
1575 3574 1729 3640 parte
1759 3569 2089 3641 probatiere.

498 3658 640 3713 Nam
679 3670 765 3712 res
802 3656 1145 3713 sacerdotum
1173 3656 1229 3713 in
1260 3665 1409 3713 sorte
1444 3656 1608 3729 hujus
1635 3656 1811 3714 tribus
1848 3656 2090 3716 fuerunt.

568 3836 824 3893 Hebraeus
852 3854 921 3893 ea:
944 3837 1215 3893 Hebraeis.
1240 3836 1401 3906 Quod
1428 3834 1503 3893 ad
1550 3836 1791 3911 majores
1837 3853 1995 3894 meos
2016 3846 2094 3893 at-

495 3924 656 3993 tinet,
687 3941 753 3981 ex
778 3925 1023 3997 probatis
1043 3942 1169 3982 sum
1197 3925 1439 3994 Iudaeis,
1468 3925 1665 3998 inquit.
1700 3927 1921 3983 Poterat
1944 3927 2096 3983 enim

495 4015 689 4087 aliquis
729 4030 847 4071 esse
889 4030 957 4071 ex
988 4030 1187 4087 genere
1234 4014 1472 4080 Israelis,
1509 4015 1605 4087 qui
1647 4029 1761 4071 non
1803 4024 1947 4072 esset
1980 4018 2095 4072 He-

498 4105 680 4160 braeus
718 4119 783 4159 ex
816 4104 1087 4160 Hebraeis.
1121 4104 1281 4160 Mulli
1301 4104 1453 4159 enim
1492 4119 1612 4159 rem
1654 4103 1796 4160 hanc
1838 4120 2093 4178 corrupe-

499 4200 624 4248 rant
653 4192 817 4262 ipsius
856 4192 1023 4248 etiam
1066 4192 1321 4248 Hebraeae
1355 4192 1550 4265 linguas
1598 4191 1790 4264 ignari,
1837 4210 1903 4251 eo
1948 4194 2093 4266 quod

500 4282 645 4336 inter
678 4288 864 4351 gentes
915 4278 1149 4349 dispersi
1205 4289 1382 4348 erant,
1434 4296 1550 4338 non
1592 4292 1781 4339 exacte
1833 4284 2098 4339 tenebant

500 4369 827 4439 Scripturas.
869 4370 987 4440 Ego
1025 4368 1209 4439 igitur,
1251 4369 1450 4442 inquit,
1505 4371 1773 4429 Hebraeus
1813 4388 1957 4439 sum,
1986 4372 2095 4431 hoc

500 4467 582 4516 est
611 4458 779 4513 Servo
817 4457 1214 4515 characterem.
1265 4459 1363 4516 Vel
1409 4459 1687 4534 insignem
1723 4477 1819 4535 per
1864 4462 1987 4519 haec
2016 4463 2094 4517 in-

498 4547 841 4622 genuitatem
867 4547 1091 4605 indicat.

569 4638 872 4695 Secundum
898 4638 1064 4707 legem
1076 4637 1406 4694 Phariswus.
1434 4638 1574 4710 Quia
1597 4638 1772 4712 448
1799 4654 1922 4712 qua:
1957 4658 2096 4714 pra:-

499 4729 717 4784 dixerat
749 4727 1053 4783 voluntaria
1084 4743 1199 4783 non
1237 4737 1412 4798 erant,
1446 4729 1714 4802 nimirum
1753 4731 2095 4799 circumcidi,

499 4834 563 4875 ex
595 4831 795 4889 genere
819 4816 1040 4873 Israelis
1065 4832 1202 4886 esse,
1234 4816 1400 4890 idque
1420 4834 1594 4891 genus
1620 4820 1726 4876 alia
1754 4841 1767 4877 :
1797 4836 1948 4877 nunc
1975 4822 2099 4876 sub-

500 4904 583 4961 dit
609 4903 903 4960 voluntatis
932 4912 988 4961 et
1016 4906 1279 4977 propositi
1320 4907 1402 4963 sui
1430 4915 1645 4980 operat,
1690 4908 1964 4978 inquiens,
2011 4912 2102 4965 Ss-

502 4993 738 5048 cundum
763 4993 928 5063 legem
974 4994 1301 5064 Phariswus,
1335 4994 1442 5051 hoc
1468 5004 1574 5060 est,
1593 4996 1752 5068 juxta
1786 4997 1918 5070 legis
1940 4997 2099 5054 insti-

501 5082 794 5138 tutionem.
852 5082 1245 5141 Prohatissima
1292 5084 1439 5141 enim
1486 5092 1635 5141 secta
1683 5086 1830 5158 apud
1872 5086 2099 5145 Iudaeos

504 5170 764 5229 Pharisaei
784 5179 955 5228 erant.

575 5263 758 5318 Vnus.
789 5267 844 5317 6.
887 5262 1190 5319 Secundum
1226 5263 1625 5320 aamulationem
1650 5281 1981 5336 persequens
2005 5271 2103 5324 Ec-

503 5350 746 5405 clesiam.
813 5350 953 5420 Quia
1018 5350 1429 5410 Pharisaeorum
1482 5353 1689 5426 aliquot
1742 5356 2101 5413 aemulatione

506 5437 797 5506 vocabant,
835 5439 1279 5509 Emulationem,
1320 5441 1521 5514 inquit,
1551 5441 1843 5515 habebam,
1870 5460 2101 5519 eamque

505 5533 734 5592 tantam,
767 5535 830 5584 ut
865 5528 1071 5586 Christi
1098 5527 1402 5603 discipulos
1441 5547 1811 5605 persequerer.

2204 1884 2285 1921 σιν
2341 1862 2434 1922 καὶ
2485 1863 2787 1943 καύχησιν,
2837 1861 2934 1936 τὴν
2984 1863 3072 1922 ἐπὶ
3120 1868 3186 1941 τῇ
3235 1864 3469 1942 σαρκικῇ
3506 1869 3799 1942 περιτομῇ.

2203 1954 2376 2024 Δῆλον
2400 1944 2489 2013 οὖν
2514 1999 2530 2027 ,
2575 1954 2658 2013 ὅτι
2687 1954 2789 2032 οὔχ
2816 1954 2889 2020 ὡς
2931 1949 3354 2030 ἀπεστερημένος
3399 1956 3492 2022 τῆς
3545 1952 3805 2024 δοκούσης

2201 2040 2461 2119 εὐγενείας
2491 2045 2673 2121 ὑμῶν,
2708 2040 2848 2100 ἀλλὰ
2904 2042 2972 2101 δι’
3017 2040 3182 2112 αὐτὴν
3214 2039 3310 2115 τὴν
3353 2038 3603 2111 ἀλήθειαν
3633 2065 3804 2102 κατα-

2200 2130 2446 2210 γινώσκω
2465 2134 2561 2203 τῆς
2583 2135 2894 2211 περιτομῆς.

2286 2242 2317 2275 ιι
2354 2220 2426 2281 Εἴ
2465 2244 2545 2288 τις
2587 2222 2728 2280 δοκεῖ
2775 2221 2935 2288 ἄλλος
2987 2218 3295 2281 πεποιθέναι
3349 2221 3403 2280 iv
3450 2219 3644 2300 σαρκὶ,
3694 2219 3805 2299 ἐγὼ

2202 2311 2486 2388 μᾶλλον.»
2527 2309 2676 2389 Ὅρα
2705 2308 2931 2390 σοφίαν·
2988 2310 3108 2371 Οὐκ
3162 2310 3420 2387 ὀνομαστὶ
3498 2309 3804 2387 μέμνηται,

2201 2400 2480 2479 ἀνεπαχθῆ
2532 2399 2622 2459 τὸν
2667 2398 2821 2479 λόγον
2867 2400 3067 2458 ποιῶνο
3098 2400 3236 2458 ἀλλὰ
3266 2398 3359 2458 καὶ
3395 2401 3449 2459 iv
3489 2400 3565 2480 τῷ
3595 2401 3801 2471 εἰπεῖν,

2205 2486 2277 2549 Εἴ
2299 2512 2381 2555 τις
2424 2490 2566 2549 δοκεῖ
2596 2488 2788 2561 ἄλλος,
2846 2487 3107 2548 δείκνυσιν
3152 2487 3235 2547 ὅτι
3284 2488 3440 2547 ἄλλοι
3487 2488 3805 2568 ἠνάγκασαν

2201 2577 2360 2638 αὐτὸν
2391 2580 2558 2639 ἐλθεῖν
2590 2579 2677 2639 ἐπὶ
2709 2575 2828 2645 τοὺς
2856 2577 3044 2656 λόγους
3091 2578 3327 2645 τούτους.
3361 2578 3556 2646 Καλῶς
3601 2577 3656 2637 δὲ
3685 2569 3804 2637 εἷπε

2200 2666 2294 2742 τὸ,
2341 2673 2534 2729 Δοκεῖ’
2578 2666 2615 2740 ἢ
2660 2670 2730 2736 ὣς
2759 2669 2853 2729 οὒκ
2905 2666 3138 2748 ἐχόντων
3178 2665 3446 2739 τοσαύτην
3482 2667 3802 2739 πεποίθησιν

2198 2757 2328 2829 ὅσην
2372 2757 2559 2826 αὐτός’
2615 2754 2753 2829 ἢὼς
2803 2761 2896 2829 τῆς
2934 2756 3300 2829 πεποιθήσεως
3346 2759 3441 2829 τῆς
3485 2757 3573 2817 ἐπὶ
3610 2760 3677 2838 τῇ
3705 2780 3803 2815 πε-

2202 2850 2417 2927 ριτομῇ,
2449 2850 2546 2907 οὐκ
2573 2848 2800 2921 ἀληθοῦς
2825 2843 3014 2923 οὔσης,
3048 2846 3188 2907 ἀλλὰ
3210 2847 3487 2920 δοκούσης.

2288 3050 2314 3078 α
2346 3022 2625 3103 Περιτομὴ
2655 3022 3006 3105 ὀκταήμερος.
3031 3044 3061 3082 ι)
3097 3022 3174 3086 ⁸0
3210 3022 3446 3101 μάλιστα
3474 3020 3707 3102 ηὔχουν,
3738 3023 3803 3081 τὸ

2202 3117 2295 3187 τῆς
2336 3117 2660 3194 περιτομῆς,
2693 3117 2904 3194 πρῶτον
2950 3113 3170 3175 τέθεικε.
3211 3113 3315 3173 Διὰ
3360 3111 3415 3172 δὲ
3471 3118 3561 3171 τοῦ
3594 3113 3801 3194 εἰπεῖν,

2209 3224 2238 3261 α
2265 3191 2665 3283 Ὀκταήμερος,
2690 3224 2718 3261 ›)
2742 3191 3134 3283 ⁷ἐδήλωσενξὸτι
3163 3204 3222 3261 οὗ
3248 3202 3579 3283 προσήλυτος
3594 3191 3677 3273 ἦν.

2287 3407 2310 3433 ιι
2353 3379 2456 3440 Ἐκ
2492 3387 2671 3459 γένους
2698 3380 2938 3462 Ἰσραήλ.
2976 3408 2998 3433 υ
3022 3379 3341 3455 Τουτέστιν,
3366 3378 3485 3439 οὗδὶ
3524 3381 3800 3460 προσηλύ-

2203 3494 2306 3529 των
2335 3469 2558 3549 γονέων,
2598 3469 2736 3530 me:
2765 3469 3022 3530 κάκείνων
3056 3469 3427 3551 Ἰσραηλιτῶν.

2290 3583 2320 3615 α
2352 3562 2539 3630 Φυλῆς
2562 3560 2839 3637 Βενιαμίν.
2861 3580 2892 3617 n
2913 3560 3198 3635 Τουτέστι,
3218 3566 3311 3620 τοῦ
3332 3561 3686 3641 δοκιμωτέρου
3703 3559 3802 3636 μέο

2206 3672 2325 3729 ρους
2343 3649 2391 3712 θ.
2425 3650 2513 3709 Τὰ
2560 3648 2664 3730 γὰρ
2706 3653 2811 3709 τῶν
2843 3648 3026 3729 ἱερέων
3072 3653 3125 3709 ἐν
3162 3653 3237 3708 τῶ
3266 3649 3450 3731 κλήρῳ
3492 3651 3689 3721 ταύτης
3731 3641 3802 3723 ἧν

2202 3744 2297 3811 τῆς
2326 3740 2512 3818 φυλῆς.

2287 3857 2312 3881 ι
2342 3827 2592 3908 Ἑϐραῖος
2635 3827 2691 3897 ἐξ
2733 3826 3025 3906 Ἑϐραίων.
3058 3854 3082 3880 ³»
3108 3828 3353 3902 Ἄνωθεν,
3397 3827 3556 3908 φησὶ,
3582 3830 3687 3887 τῶν
3713 3831 3799 3908 εὖ.

2205 3907 2743 3994 δοκίμωνγἸουδαίων
2795 3916 2943 3995 εἰμί’
2996 3919 3119 3987 ἐνῆν
3155 3916 3251 3994 μὲν
3282 3916 3384 3999 γὰρ
3410 3907 3476 3976 εκ
3504 3917 3683 3996 γένους
3711 3907 3799 3976 εἶ-

2203 4031 2289 4066 ναι
2310 4004 2555 4087 Ἰσραὴλ,
2589 4007 2706 4066 ἀλλ’
2754 4008 2855 4087 οὐχ
2879 4004 3133 4086 Ἑϐραῖον
3173 4006 3225 4076 ἐξ
3254 4006 3543 4086 Ἑϐραίων.
3592 4006 3799 4068 Πολλοὶ

2202 4096 2305 4174 γὰρ
2354 4096 2445 4156 καὶ
2506 4097 2801 4178 διέφθειραν
2870 4097 2932 4156 τὸ
2996 4106 3257 4175 πρᾶγμα·
3318 4096 3412 4157 καὶ
3484 4098 3646 4169 αὐτῆς
3701 4100 3800 4167 τῆς

2205 4184 2489 4265 Ἑϐραΐδος
2532 4184 2771 4266 γλώττης
2804 4184 2948 4254 ὄντες
2978 4186 3244 4262 ἀμύητοι,
3273 4186 3359 4246 διὰ
3392 4186 3452 4245 τὸ
3496 4185 3630 4267 πρὸς
3659 4187 3799 4245 ἐθνι-

2206 4276 2328 4357 κοὺς
2358 4278 2723 4357 ἄναχυθῆναι,
2767 4277 2864 4337 οὒκ
2891 4277 3209 4353 ἠκριϐοῦντο
3250 4277 3345 4344 τὰς
3374 4276 3612 4356 Γραφάς.
3647 4274 3798 4353 Ἐγὼ

2206 4355 2294 4424 οὖν
2314 4414 2327 4437 ,
2366 4355 2551 4446 φησιν,
2595 4363 2850 4445 Ἑϐραῖός
2887 4367 2998 4442 εἰμι
3023 4388 3036 4402 ·
3068 4366 3310 4427 τουτέστι
3330 4411 3347 4438 ,
3377 4355 3547 4435 Σώζω
3574 4365 3663 4424 τὸν
3691 4387 3798 4445 χα-

2207 4458 2469 4536 ρακτῆρα.
2500 4452 2582 4516 Ἢ
2613 4452 2711 4527 τὴν
2758 4455 2962 4526 πολλὴν
3002 4454 3267 4534 εὐγένειαν
3319 4456 3406 4515 διὰ
3455 4454 3652 4515 τούτων
3691 4454 3802 4513 δεί-

2204 4566 2377 4606 κνυσι.

2289 4661 2312 4686 ιι
2343 4630 2499 4693 Κατὰ
2546 4632 2706 4715 νόμον
2732 4636 3054 4715 Φαρισαῖος.
3102 4662 3126 4687 ν
3185 4632 3408 4706 Ἐπειδὴ
3454 4632 3491 4694 ἃ
3543 4641 3795 4712 προεῖπεν

2207 4724 2537 4804 ἀπροαίρετα
2621 4714 2709 4797 ἦν,
2774 4714 2843 4783 τὸν
2899 4727 3321 4800 περιτμηθῆναι,
3379 4723 3440 4784 τὸ
3513 4724 3573 4782 ἐκ
3616 4720 3800 4801 γένους

2207 4802 2428 4892 Ἰσραὴλ
2473 4802 2641 4887 εἶναι,
2680 4810 2863 4872 καὶτὰ
2914 4812 3075 4872 λοιπά
3103 4836 3117 4850 °
3157 4817 3247 4871 ν’ὖν
3284 4812 3429 4892 λέγει
3476 4811 3568 4872 καὶ
3589 4812 3656 4872 τὰ
3685 4812 3796 4891 [ἐκ]

2206 4906 2298 4974 τῆς
2343 4904 2504 4960 αὓτοῖὶ
2578 4904 2936 4981 προαιρέσεως
2988 4900 3414 4985 κατορθώματα,
3485 4901 3577 4961 καί
3628 4925 3761 4983 φησι
3789 4926 3805 4942 ο

2208 5020 2232 5045 σι
2259 4991 2418 5052 Κατὰ
2446 4991 2603 5068 νόμον
2628 4994 2952 5074 Φαρισαῖος,
2973 5018 2997 5045 ιο
3026 4991 3297 5051 τουτέστιν
3316 5034 3334 5066 ,
3361 4992 3416 5051 ἐν
3523 4996 3616 5053 τοῦ
3630 4990 3797 5069 νόμου

2207 5080 2456 5160 μαθήσει.
2519 5080 2588 5141 Ἦ
2637 5079 2740 5161 γὰρ
2787 5081 3190 5163 εὐδοκιμωτάτη
3241 5079 3440 5163 αἵρεσις
3478 5082 3607 5162 παρ’
3658 5080 3795 5142 Ἰου-

2209 5170 2370 5238 δαίοις
2398 5173 2448 5231 οἱ
2470 5171 2765 5250 Φαρισαῖοι
2793 5162 2954 5244 ἦσαν.
3304 5162 3311 5163 7
3856 5174 3863 5179 ’

2294 5280 2325 5319 ιι
2387 5260 2498 5322 Καὶ
2548 5260 2687 5320 κατὰ
2748 5263 2902 5333 ζῆλον
2956 5259 3163 5322 διώκων
3216 5259 3314 5333 τὴν
3368 5258 3788 5333 Ἐκκλησίαν.»

2208 5349 2433 5422 Ἐπειδή
2464 5350 2553 5410 καὶ
2576 5353 2873 5430 Φαρισαῖοι
2901 5340 3067 5432 ἦσαν,
3090 5348 3181 5409 καὶ
3210 5352 3271 5409 οὔ
3293 5348 3498 5432 σφόδρα
3533 5349 3802 5427 ζηλωταὶ,

2208 5439 2368 5521 φησὶν
2385 5483 2401 5514 ,
2451 5437 2532 5499 ὅτι
2570 5429 2718 5519 Ἐγὼ
2766 5442 2923 5511 ζῆλον
2961 5429 3105 5522 εἶχον
3122 5485 3139 5515 ,
3191 5440 3285 5501 καὶ
3328 5429 3576 5501 τοσοῦτον
3592 5484 3610 5513 ,
3660 5437 3806 5501 ὥστε

2208 5526 2417 5589 διώκειν
2443 5529 2559 5598 τοὺς
2581 5534 2673 5590 τοῦ
2702 5531 2960 5610 Χριστοῦ.

1901 5624 2092 5685 Variae
2132 5628 2438 5693 lectiones.

578 5706 601 5741 ⁸
630 5709 1022 5778 κατηγοροῦντές
1052 5707 1203 5781 ἔσμεν
1226 5726 1280 5767 0.
1358 5711 1380 5745 ’⁷
1414 5711 1795 5787 ἆπεῤῥιμμινος,
1840 5715 1924 5769 καὶ
1951 5714 2337 5789 ἀπεστερημένος
2363 5733 2419 5774 0.
2496 5717 2518 5751 ⁸
2552 5723 2640 5779 τῆς
2673 5716 2949 5785 Ἰουδαϊκῆς
2973 5732 3029 5775 0.
3104 5717 3126 5753 θ
3146 5719 3314 5789 γένους
3339 5734 3391 5775 0.
