4124 6424
421 409 550 464 1181

1349 405 1704 463 EXPOSITIO
1743 406 1811 460 IN
1849 405 2060 461 EPIST.
2103 405 2196 460 AD
2235 405 2513 462 PHILIPP.
2552 437 2626 448 —
2661 409 2810 464 CAP.
2853 411 2939 466 111.

3584 419 3721 474 1182

499 561 522 585 ιι
577 531 733 593 Κατὰ
800 530 1135 604 δικαιοσύνην
1209 531 1305 604 τὴν
1361 535 1415 591 ἐν
1504 531 1654 613 νόμῳ
1739 530 2010 610 γενόμενος

2202 532 2507 588 Secundum
2521 535 2811 603 justitiam
2840 552 2962 606 qua:
2996 539 3052 592 in
3092 539 3204 608 lege
3243 544 3338 610 est,
3379 547 3724 598 conversatus

420 623 717 700 ἄμεμπτος.
780 650 804 676 ν
841 622 1061 694 Ἐπειδὴ
1108 621 1298 682 πολλοὶ
1328 620 1419 681 καὶ
1462 621 1549 680 διὰ
1589 621 1880 701 φιλαρχίαν
1920 623 2014 693 ζη-

417 713 568 772 λοῦσι
588 759 604 790 ,
638 712 728 772 καὶ
765 715 832 771 δι’
865 712 1029 780 ἄλλας
1059 712 1230 779 αἷτίας
1248 757 1266 786 ,
1298 710 1390 771 καὶ
1422 710 1544 792 οὐχὶ
1565 710 1696 790 ὑπὲρ
1718 715 1809 769 τοῦ
1831 709 2015 788 νόμου,

419 804 616 884 φησὶν,
653 800 734 862 ὅτι
784 802 1063 880 ἄμεμπτος
1114 799 1186 859 ὢν
1221 801 1360 861 κατὰ
1409 801 1503 871 τὴν
1534 805 1587 860 ἐν
1620 799 1770 881 νόμῳ
1820 801 2018 860 δικαιο-

417 892 616 966 σύνην,
655 895 767 959 πῶς
811 891 874 951 ἂν
910 891 998 952 διά
1043 916 1092 950 τι
1143 892 1473 972 ἀνθρώπινον
1533 889 1784 964 ἐδίωκον,
1821 889 1914 949 καὶ
1959 890 2017 949 οὗ

423 981 563 1040 κατὰ
585 985 723 1042 θεῖον
746 985 932 1056 ζῆλον;

508 1098 533 1125 ει
572 1070 712 1132 Ἀλλ’
756 1071 908 1130 ἅτινα
951 1063 1014 1144 ἧν
1073 1095 1162 1148 μοι
1213 1069 1412 1149 κέρδη,
1454 1074 1624 1129 ταῦτα
1661 1069 1876 1150 ἥγημαι
1931 1066 2018 1127 διὰ

419 1160 508 1220 τὸν
568 1162 796 1241 Χριστὸν
865 1161 1084 1237 ζημίαν.
1160 1159 1324 1222 Ἀλλᾶ
1380 1162 1630 1238 μενοῦνγε
1690 1157 1784 1218 καὶ
1853 1161 2016 1236 ἡγοῦ-

421 1273 522 1326 μαι
553 1249 730 1310 πάντα
779 1251 974 1327 ζημίαν
1008 1241 1143 1310 εἶναι
1191 1250 1278 1309 διὰ
1324 1249 1382 1306 τὸ
1433 1247 1693 1330 ὑπερέχον
1736 1251 1829 1319 τῆς
1879 1247 2014 1326 γνώ-

421 1363 554 1408 σεως
585 1339 761 1412 Ἰησοῦ
794 1340 1028 1420 Χριστοῦ
1063 1346 1161 1400 τοῦ
1205 1339 1403 1420 Κυρίου
1457 1361 1577 1416 μου.
1607 1361 1634 1398 n
1674 1337 1942 1398 Ἐνταῦθα
1973 1340 2019 1394 οἱ

419 1429 506 1488 τὸν
529 1429 688 1506 νόμον
713 1430 1088 1499 διαϐάλλοντες
1136 1428 1394 1510 αἱρετικοὶ
1422 1427 1784 1499 ἐπιπηδῶντες
1806 1470 1822 1501 ,
1853 1425 2020 1499 Ἰδοὺ,

421 1518 573 1599 φασὶ,
606 1519 802 1596 ζημίαν
826 1517 1075 1594 ὀνομάζει
1111 1519 1200 1578 τὸν
1227 1518 1384 1593 νόμον
1421 1516 1533 1598 [καὶ
1579 1516 1820 1599 σκύϐαλα
1911 1519 2022 1581 πῶς

420 1594 701 1686 οῧνῖπαρᾶ
748 1613 840 1667 τοῦ
888 1607 1028 1668 Θὲοῦ
1074 1607 1260 1682 ἔδόθη;
1305 1594 1528 1687 Πρῶτον
1580 1604 1676 1684 μὲν
1707 1594 1796 1664 οὖν
1854 1605 2020 1684 εὐχα-

422 1699 786 1777 ριστήσωμεν,
844 1695 923 1756 ὅτι
969 1697 1030 1756 τὸ
1087 1700 1311 1772 Πνεῦμα
1365 1695 1428 1754 τὸ
1477 1694 1622 1772 ἅγιον
1679 1694 2019 1776 ᾠκονόμησεν

421 1786 611 1854 αὖτοὺς
662 1785 1062 1868 παραδέξασθαι
1107 1786 1176 1846 τὰ
1222 1787 1476 1866 ῥήματα,
1533 1788 1605 1852 ὡς
1661 1786 1797 1864 ὑπὲρ
1847 1784 2020 1843 αὐτῶν

2125 623 2242 675 sine
2265 623 2500 691 querela.
2533 623 2667 692 Quia
2717 624 2958 696 plerique
3006 626 3341 700 principatus
3368 646 3529 687 causa
3557 639 3614 687 et
3649 633 3721 688 ob

2122 709 2255 767 alias
2273 711 2536 782 quasdam
2561 727 2647 768 res
2665 714 3018 784 aemulantur,
3047 724 3104 771 et
3124 731 3238 774 non
3266 728 3488 790 propter
3519 721 3712 794 legem,

2125 800 2202 856 ait
2252 801 2424 856 :Cum
2454 801 2757 872 inculpatus
2803 819 2982 860 essem
3033 806 3086 862 in
3121 807 3336 878 justitia
3381 808 3536 882 legis,
3579 826 3718 882 quo-

2128 889 2296 946 modo
2315 891 2386 946 ob
2405 890 2710 947 humanum
2731 893 2972 966 aliquod,
3001 904 3057 951 et
3086 912 3199 952 non
3225 906 3452 970 propter
3476 898 3721 956 divinum

2127 979 2310 1035 zelum
2341 989 2655 1052 persecutus
2683 997 2805 1038 sum
2829 987 2852 1040 Ρ

2202 1072 2374 1126 Vnus.
2409 1078 2467 1138 7,
2497 1074 2547 1126 8.
2581 1071 2690 1128 Sed
2724 1087 2845 1143 qua:
2872 1074 3012 1128 mihi
3038 1076 3188 1130 lucra
3211 1078 3465 1145 fuerunt,
3499 1078 3613 1134 hac
3637 1097 3721 1134 ar-

2131 1161 2366 1216 bitratus
2402 1177 2521 1216 sum
2562 1166 2788 1232 propter
2808 1163 3078 1219 Christum
3115 1165 3397 1222 damnum.
3437 1169 3721 1224 Verumta-

2129 1267 2250 1304 men
2293 1253 2540 1306 existimo
2570 1253 2751 1305 omnia
2791 1252 3053 1307 damnum
3078 1270 3184 1309 esse
3218 1262 3439 1326 propter
3470 1259 3724 1313 excellen-

2132 1341 2270 1395 tiam
2299 1343 2624 1410 cognitionis
2640 1344 2765 1396 Jesu
2790 1342 3001 1398 Christi
3017 1346 3235 1400 Domini
3255 1349 3383 1399 mei.
3422 1346 3527 1401 Hic
3556 1347 3724 1403 haere-

2131 1432 2222 1487 tici
2269 1433 2362 1504 qui
2421 1433 2598 1505 legem
2662 1433 3070 1491 calumniantur
3124 1437 3466 1509 insurgentes
3512 1438 3723 1505 dicunt,

2130 1525 2270 1577 Ecce
2312 1523 2491 1594 legem
2534 1522 2802 1579 damnum
2848 1532 3012 1580 vocat
3062 1543 3075 1580 :
3139 1525 3426 1599 quomodo
3496 1527 3658 1600 igitur
3696 1547 3724 1584 τι

2129 1614 2246 1667 Deo
2271 1610 2401 1668 data
2431 1615 2550 1668 est?
2590 1611 2839 1669 Primum
2869 1613 3033 1685 igitur
3078 1617 3283 1686 gratias
3323 1633 3549 1689 agamus
3578 1617 3726 1690 quod

2127 1700 2366 1772 Spiritus
2393 1710 2614 1759 sanctus
2641 1702 2717 1757 ita
2759 1701 3059 1772 ordinavit,
3105 1712 3167 1760 ut
3193 1707 3535 1778 susciperent
3563 1708 3726 1763 verba

2130 1799 2395 1863 tanquam
2422 1807 2520 1863 pro
2560 1791 2626 1848 iis
2671 1799 2870 1847 essent.
2908 1793 3029 1848 Nisi
3061 1795 3213 1850 enim
3254 1795 3594 1867 providentia
3625 1798 3726 1852 Dei

420 1877 566 1937 ὄντα.
620 1879 697 1975 Εἰ.
731 1876 834 1955 γὰρ
892 1875 968 1954 μὴ
998 1881 1153 1935 τοῦτο
1206 1867 1301 1950 ἦν,
1353 1875 1636 1975 ἐξήλειψαν
1691 1873 1753 1932 ἂν
1781 1871 1860 1975 τὰ,
1881 1873 2014 1954 ῥητὰ

2130 1883 2476 1942 θεοεεεῐνῖίιτ,
2520 1882 2679 1934 ινςη-τνι
2723 1881 2856 1950 ista,
2905 1890 2965 1937 ut
2994 1882 3099 1940 alia
3137 1883 3412 1955 pleraque,
3444 1901 3723 1957 expunge-

419 1971 618 2038 ταῦτα,
659 1963 840 2044 ὥσπερ
886 1965 977 2024 καὶ
1031 1966 1168 2025 ἄλλα
1224 1965 1420 2025 πολλά.
1475 1962 1710 2025 Ἔπειτα
1757 1961 2013 2043 πρόσχες·

420 2056 515 2113 οὐκ
536 2045 678 2114 εἶπεν
709 2054 924 2126 ἁπλῶς,
974 2053 1056 2113 ὅτι
1085 2054 1266 2132 Ζημία
1316 2053 1457 2113 ἐστὶν
1488 2057 1516 2111 6
1563 2052 1718 2129 νόμος
1744 2096 1761 2124 ,
1792 2052 1908 2110 ἀλλ’
1937 2051 2016 2111 ὅτι

428 2166 458 2202 σ
493 2140 753 2221 θΗγημαι
773 2142 928 2201 αὐτὸν
952 2142 1148 2221 ζημίαν
1171 2167 1184 2180 ο
1213 2167 1239 2200 ι»
1268 2143 1422 2222 φύσει
1445 2142 1540 2218 μὲν
1565 2142 1668 2221 γὰρ
1685 2143 1781 2200 οὐκ
1797 2140 2017 2212 ἔστιζη-

421 2232 542 2310 μία.
581 2235 710 2300 Πῶς
740 2233 864 2313 γὰρ,
906 2233 960 2300 ὃς
985 2237 1055 2301 εἷς
1087 2233 1317 2312 Χριστὸν
1357 2233 1473 2310 ἄγει
1502 2233 1680 2299 καλῶς
1704 2230 2015 2308 νοούμενοςς

421 2321 576 2383 Ἐπεὶ
609 2322 664 2380 δὲ
681 2321 786 2400 ἐγὼ
814 2323 1070 2402 πρότερον
1108 2327 1285 2388 κακῶς
1317 2324 1449 2380 νοῶν
1484 2319 1643 2380 αὐτὸν
1675 2322 1733 2379 οὗ
1763 2320 2016 2400 προσῄειν

423 2413 670 2492 Χριστῷ,
714 2402 828 2470 εἶτα
861 2415 1077 2491 ὕστερον
1107 2409 1346 2490 ἐπιγνοὺς
1379 2410 1474 2483 τὴν
1523 2410 1772 2480 ἀλήθειαν
1799 2456 1814 2486 ,
1849 2432 2016 2488 προσ-

419 2503 576 2572 ῆλθον
608 2505 865 2582 Χριστῷ,
900 2501 991 2561 καὶ
1023 2499 1164 2568 ἔδοξέ
1198 2524 1287 2578 μοι
1317 2499 1559 2579 γενέσθαι
1602 2499 1765 2575 ζημία
1798 2502 1826 2557 6
1860 2500 2018 2575 νόμος

421 2591 508 2648 τὸν
530 2590 716 2669 χρόνον
742 2593 958 2663 ἐκεῖνον,
983 2593 1102 2649 καθ’
1123 2591 1180 2650 ὃν
1210 2593 1387 2656 κακῶς
1402 2591 1536 2648 νοῶν
1569 2589 1748 2658 αὐτὸν,
1774 2589 1832 2648 οὗ
1849 2611 2016 2668 προσ-

420 2682 578 2751 ἦλθον
608 2678 847 2759 Χριστῷ.
877 2679 1033 2740 Ἐπεὶ
1167 2703 1226 2757 γε
1270 2681 1442 2759 οἰκείᾳ
1470 2677 1620 2758 φύσει
1651 2680 1678 2735 6
1709 2676 1863 2754 νόμος
1888 2677 2015 2756 κέρ-

421 2769 506 2834 δος
557 2756 688 2828 ἐστί.
747 2756 856 2830 καὶ
913 2769 1068 2828 ἄκουε
1093 2756 1113 2807 ’Ἴ
1161 2756 1253 2828 οὐκ
1301 2756 1491 2841 εἶπεν,
1535 2762 1722 2826 Ἅτινα
1774 2764 2016 2842 ἡγούμην

420 2857 605 2938 κέρδη,
637 2858 773 2932 ἀλλ’,
807 2885 832 2912 (ι
855 2857 1055 2920 "Arum
1081 2850 1164 2930 ἦν.
1212 2879 1243 2916 ι)
1277 2858 1506 2930 Ἀληθῶς
1535 2855 1638 2936 γὰρ
1665 2855 1844 2936 κέρδος
1874 2857 2014 2916 ἐστὶν

421 2950 449 3006 6
481 2945 658 3024 νόμος,
687 2949 968 3028 θηριωδίας
986 2993 1002 3022 ,
1046 2947 1405 3007 ἀπαλλάττων
1433 2944 1551 3014 τοὺς
1580 2945 1884 3027 ἀνθρώπους
1925 2946 2015 3003 καὶ

421 3037 857 3114 δεισιδαιμονίας,
905 3037 997 3095 καὶ
1049 3029 1157 3097 οἷον
1187 3035 1382 3113 κλίμαξ
1413 3035 1716 3115 γενόμενος,
1763 3034 1854 3093 καὶ
1886 3036 2014 3092 ἀνα-

2123 1978 2266 2026 rent.
2299 1971 2518 2026 Deinde
2549 1973 2778 2029 observa
2817 1994 2834 2027 :
2882 1989 2996 2030 non
3041 1973 3176 2030 dixit
3205 1973 3525 2046 simpliciter
3553 1975 3726 2046 legem

2124 2075 2242 2116 esse
2268 2059 2560 2129 damnum,
2594 2062 2712 2134 sed,
2743 2065 3065 2120 Arbitratus
3093 2079 3211 2119 sum
3241 2063 3394 2119 illam
3431 2078 3548 2120 esse
3573 2065 3727 2119 dam-

2125 2166 2256 2206 num
2274 2169 2292 2202 :
2315 2165 2447 2206 nam
2464 2159 2664 2209 natura
2688 2168 2800 2209 non
2813 2162 2897 2209 est
2919 2153 3202 2210 damnum.
3226 2152 3524 2222 Quomodo
3545 2153 3722 2220 enim,

2122 2255 2254 2296 cum
2281 2239 2352 2296 ad
2377 2239 2659 2297 Christum
2698 2241 2883 2312 ducat,
2925 2241 2968 2298 si
3010 2251 3156 2298 recte
3193 2241 3560 2314 intelligatur?
3585 2245 3727 2298 Nam

2123 2337 2283 2385 antea
2307 2344 2408 2402 ego
2446 2345 2737 2402 perperam
2774 2347 2898 2388 eam
2927 2331 3221 2404 intelliges,
3256 2347 3370 2387 non
3397 2329 3724 2386 accedebam

2123 2417 2338 2474 Christo
2391 2435 2405 2473 :
2473 2417 2672 2476 deinde
2743 2436 2868 2477 vero
2939 2420 3226 2476 veritatem
3279 2434 3604 2491 agnoscens,
3661 2420 3727 2474 ad

2123 2506 2402 2564 Christum
2433 2508 2654 2577 accessi,
2697 2524 2761 2566 ac
2785 2509 2897 2565 visa
2925 2517 3006 2566 est
3035 2510 3124 2566 lex
3161 2508 3307 2565 mihi
3331 2507 3727 2564 detrimentum

2126 2612 2220 2668 per
2265 2596 2400 2653 illud
2430 2598 2719 2669 temporis,
2767 2615 2878 2670 quo
2934 2599 3074 2654 male
3131 2597 3278 2653 illam
3325 2597 3638 2670 intelligens
3657 2598 3727 2652 ad

2125 2686 2402 2742 Chrsitum
2446 2703 2557 2742 non
2611 2688 2831 2743 accessi.
2884 2691 3023 2743 Nam
3079 2686 3384 2744 secundum
3435 2688 3720 2759 propriam

2124 2785 2372 2832 naturam
2418 2776 2500 2832 lex
2549 2787 2630 2832 est
2674 2778 2906 2834 lucrum.
2949 2776 3098 2833 Audi
3144 2792 3312 2848 porro
3352 2798 3365 2834 :
3404 2792 3515 2832 non
3551 2776 3716 2842 dixit,

2123 2870 2259 2936 Quae
2292 2866 2559 2938 putabam
2603 2883 2722 2924 esse
2778 2867 2945 2934 lucra,
2992 2865 3110 2935 sed,
3143 2867 3274 2932 Quae
3308 2871 3462 2922 erant
3497 2885 3512 2922 ε
3544 2882 3728 2922 revera

2121 2956 2270 3012 enim
2299 2956 2382 3011 lex
2413 2963 2495 3011 est
2521 2957 2760 3024 lucrum,
2787 2972 2817 3012 a
2848 2956 3088 3012 belluina
3119 2963 3322 3012 natura
3351 2964 3408 3012 et
3449 2957 3712 3028 supersti-

2121 3044 2265 3101 tione
2286 3045 2540 3101 homines
2564 3045 2820 3113 liberans,
2851 3061 2915 3102 ac
2939 3045 3108 3102 veluti
3123 3045 3398 3101 scalarum
3420 3045 3540 3101 loco
3562 3043 3724 3112 facta,

420 3125 600 3205 γαγὼν
649 3130 790 3202 ἡμᾶς
847 3126 932 3186 ἐπὶ
990 3127 1086 3199 τὴν
1122 3127 1262 3186 κατὰ
1296 3125 1528 3206 Χριστὸν
1594 3124 1754 3197 ζωήν.
1802 3123 2021 3203 θΩσπερ

2130 3142 2184 3191 et
2202 3134 2271 3191 ad
2299 3135 2466 3191 vitam
2489 3133 2709 3192 Christo
2731 3134 2956 3208 dignam
2981 3150 3084 3192 nos
3109 3133 3432 3206 perducens.
3455 3137 3536 3192 Ut
3563 3134 3730 3206 igitur

421 3209 510 3276 οῦν
541 3219 569 3274 6
624 3215 710 3274 διὰ
761 3217 1020 3291 κλίμακος
1069 3216 1329 3290 ἀνελθὼν,
1367 3218 1426 3275 οὗ
1463 3215 1706 3273 διαπτύει
1761 3213 1858 3284 τὴν
1903 3215 2017 3272 κλί-

425 3328 602 3382 μακα,
655 3306 792 3365 ἀλλὰ
845 3305 936 3364 καὶ
982 3306 1140 3386 χάριν
1176 3307 1312 3384 αὐτῇ
1345 3297 1509 3364 οἶδενο
1542 3309 1588 3362 εἰ
1620 3304 1694 3380 μὴ
1725 3303 1826 3384 γὰρ
1881 3303 2015 3386 αξξ-τη

425 3387 508 3467 ἦν,
540 3398 632 3454 οὐκ
663 3392 724 3452 ἂν
757 3393 947 3466 ἀνέϐη·
994 3393 1132 3454 οὕτω
1175 3395 1267 3454 καὶ
1311 3397 1338 3452 6
1369 3394 1528 3470 νόμος
1561 3392 1744 3473 κέρδος
1793 3392 1888 3468 μὲν
1919 3383 2014 3464 ἦν,

424 3490 510 3542 νῦν
550 3481 604 3543 δὲ
651 3482 844 3560 ζημίαν
886 3485 1044 3543 αὐτὸν
1095 3483 1406 3564 ἡγούμεθα,
1454 3484 1553 3562 οὐχ
1582 3481 1664 3538 ὅτι
1707 3481 1934 3547 τοιοῦτός
1968 3481 2017 3518 ⁴⁰

424 3576 601 3649 ἐστιν,
669 3575 788 3632 ἀλλ’
838 3573 1018 3645 ἐπειδὴ
1070 3573 1260 3648 μείζων
1325 3577 1358 3644 ἡ
1412 3571 1589 3652 χάρις.
1640 3566 1863 3650 ⁶Ωσπερ
1914 3569 2018 3650 γὰρ

423 3661 667 3744 ἀργύριόν
696 3685 774 3730 τις
805 3663 1080 3743 κατέχων,
1113 3662 1325 3721 ἐπειδὰν
1370 3663 1591 3742 χρυσίον
1631 3659 1779 3738 εὕρῃ,
1819 3659 1913 3716 καὶ
1941 3661 2015 3736 μὴ

544 3752 818 3833 ἀμφότερα
847 3760 1164 3831 κατασχεῖν,
1211 3753 1406 3828 ζημίαν
1436 3751 1648 3829 ἡγεῖται
1670 3749 1731 3808 τὸ
1769 3747 2016 3829 κατέχειν

425 3845 618 3913 ἐκεῖνο,
651 3841 742 3901 καὶ
771 3841 956 3901 λοιπὸν
987 3841 1134 3920 ἀφεὶς
1173 3842 1328 3914 αὐτὸ,
1358 3839 1626 3918 λαμϐάνει
1661 3837 1722 3898 τὸ
1765 3837 1980 3917 χρυσίον
2004 3862 2017 3876 ο

425 3930 562 3990 οὕτω
617 3930 708 3990 καὶ
737 3933 962 3989 ἐνταῦθα
995 3929 1158 4008 ζημία
1191 3934 1218 3989 6
1257 3929 1445 4007 νόμος,
1497 3927 1623 3987 ὅταν
1661 3929 1845 4007 ἀπάγῃ
1877 3930 2019 4006 Χρι-

425 4025 576 4081 στοῦ·
605 4018 666 4078 ἂν
690 4021 744 4080 δὲ
781 4019 1116 4100 παραπέμπῃ
1136 4068 1148 4090 ,
1177 4019 1372 4080 οὐκέτι.
1405 4019 1488 4078 Οὖ
1523 4018 1676 4096 μόνον
1711 4009 1823 4094 οὖν,
1853 4017 2016 4098 φησὶ,

425 4109 594 4169 πάλαι
623 4108 835 4187 ἥγημαι
857 4109 1052 4186 ζημίαν
1083 4109 1172 4168 τὸν
1200 4107 1361 4186 νόμον
1379 4153 1394 4182 ,
1436 4107 1575 4166 ἀλλὰ
1604 4107 1695 4165 καὶ
1724 4111 1814 4166 νῦν
1853 4112 2018 4184 ἡγοῦ-

426 4223 542 4275 μαι.
575 4197 678 4260 Διὰ
708 4198 797 4275 τίς
830 4197 930 4258 Διὰ
980 4198 1042 4257 τὸ
1089 4198 1347 4278 ὑπερέχον
1388 4200 1486 4268 τ’ἤς
1533 4195 1774 4276 χάριτος.
1811 4194 2013 4276 Ὁρᾷς,

424 4286 504 4347 ὅτι
543 4289 816 4367 σύγκρισιν
873 4298 1132 4361 ποιεῖται;
1176 4286 1247 4347 Ἦ
1297 4284 1352 4346 δὲ
1396 4286 1700 4366 σύγκρισις,
1747 4289 2014 4365 ὁμογενῶν

422 4378 752 4482 πραγμάτων
779 4401 792 4414 ο
823 4377 914 4482 καὶ
952 4377 1012 4436 τὸ
1059 4376 1691 4482 ὕπερέχονλὶρμογενοῦς
1742 4375 2010 4482 ὑπερέχει,
2047 4421 2096 4482 D

421 4465 593 4527 Ὥστε
644 4467 736 4527 καὶ
765 4471 792 4526 6
829 4467 987 4536 νόμος
1032 4469 1249 4544 γνῶσις,
1301 4467 1420 4524 ἀλλ’
1463 4465 1702 4524 ἐλάττων
1724 4487 1738 4502 ·
1767 4467 1837 4532 ὣς
1866 4465 1957 4524 καὶ
1990 4467 2016 4522 6

422 4556 610 4702 ἒύχνος
631 4561 768 4637 φῶς,
800 4555 920 4616 ἀλλ’
955 4555 1000 4593 ⁴⁴
1051 4557 1150 4635 οὐχ
1201 4545 1308 4613 οἶον
1351 4554 1414 4613 τὸ
1443 4559 1534 4612 τοῦ
1581 4553 1734 4625 ἡλίου
1760 4599 1777 4629 ,
1828 4557 1935 4634 φῶς
1963 4554 2017 4612 δὲ

457 4670 587 4702 αως.

455 4670 587 4723 μως.

507 4942 528 4967 ι
562 4914 644 4975 Δι’
673 4913 730 4972 δν
777 4914 845 4972 τὰ
891 4913 1068 4973 πάντα
1099 4911 1432 4988 ἐζημιώθην,
1489 4911 1582 4969 καὶ
1630 4914 1865 4990 ἡγοῦμαι
1897 4913 2022 4972 σκύ-

427 5004 572 5064 ϐαλα
591 4993 758 5077 εἶναι,
776 4999 864 5060 ἴνα
893 5002 1123 5084 Χριστὸν
1152 5001 1413 5082 κερδήσω.
1446 5022 1478 5060 ι)
1502 4999 1607 5059 Διὰ
1635 5000 1724 5060 τὸν
1753 4999 1985 5080 Χριστὸν
2006 5048 2021 5077 ,

424 5093 616 5174 φησὶν,
691 5091 1027 5169 ἐζημιώθην·
1096 5090 1376 5164 τουτέστι,
1438 5089 1652 5167 Ζημίαν
1729 5089 2019 5168 ἡγησάμην

423 5183 599 5240 πάντα
624 5205 637 5219 °
671 5181 705 5253 ἢ
736 5182 818 5242 ὅτι
849 5180 1225 5256 ἀπεϐαλόμην.
1261 5180 1450 5260 Ὁρᾷς,
1475 5177 1556 5237 ὅτι
1593 5183 1652 5238 οὖ
1678 5178 1831 5260 φύσει
1851 5180 2018 5256 ζημία

423 5275 451 5330 6
477 5271 660 5350 νόμος,
707 5271 844 5331 ἀλλὰ
867 5270 955 5330 διὰ
973 5270 1064 5329 τὸν
1094 5269 1346 5349 Χριστόν.
1373 5269 1630 5330 Σκύϐαλα
1650 5268 1726 5339 δὲ,
1754 5268 1902 5329 οὔπω
1923 5271 2018 5344 μὲν

424 5363 581 5434 δῆλον
614 5365 659 5420 εἰ
709 5360 799 5420 τὸν
833 5361 992 5438 νόμον
1036 5360 1336 5436 ὠνόμασεν.
1398 5358 1557 5423 Εἰκὸς
1605 5359 1708 5438 γὰρ
1763 5357 2020 5438 περὶτῶν

425 5454 696 5527 κοσμικῶν
742 5453 1073 5530 πραγμάτων
1103 5449 1300 5529 λέγειν·
1345 5447 1483 5508 οὕτω
1512 5447 1562 5484 ⁴²
1586 5449 1708 5528 ,γὰρ
1756 5457 1976 5528 προεῖπε
1999 5473 2014 5486 ο

2125 3223 2218 3296 qui
2245 3240 2342 3296 per
2377 3224 2553 3281 scalas
2591 3223 2933 3293 conscendit,
2965 3240 3077 3282 non
3109 3223 3332 3297 despuit
3365 3222 3589 3295 gradus,
3635 3225 3731 3279 sed

2125 3314 2358 3385 gratiam
2383 3315 2567 3385 potius
2614 3314 2723 3371 illis
2770 3313 2936 3370 habet
2985 3313 3110 3381 (nisi
3153 3314 3298 3370 enim
3336 3314 3454 3370 istae
3483 3312 3730 3379 fuissent,

2127 3418 2237 3457 non
2266 3403 2534 3474 potuisset
2562 3401 2903 3469 ascendere),
2930 3402 3088 3458 hunc
3119 3403 3190 3459 ad
3230 3402 3464 3459 modum
3490 3403 3570 3460 lex
3613 3403 3730 3474 qui-

2125 3490 2253 3546 dem
2281 3493 2494 3547 lucrum
2517 3499 2657 3558 erat,
2677 3491 2796 3563 jam
2829 3507 2957 3546 vero
2986 3490 3380 3548 detrimentum
3420 3499 3474 3548 et
3512 3492 3729 3564 [noxam

2125 3595 2252 3634 eam
2283 3595 2401 3636 esse
2441 3595 2752 3646 censemus,
2795 3596 2904 3636 non
2952 3579 3102 3651 quod
3144 3579 3465 3652 hujusmodi
3511 3580 3603 3646 sit,
3636 3581 3731 3636 sed

2126 3667 2276 3738 quod
2304 3667 2483 3740 major
2514 3667 2585 3724 sit
2611 3668 2777 3739 gatia.
2823 3667 3313 3737 Quemadmodum
3345 3669 3496 3724 enim
3530 3668 3730 3741 aliquis

2126 3766 2413 3829 argentum
2444 3757 2754 3825 continens,
2787 3757 2878 3813 ubi
2908 3773 3103 3812 aurum
3133 3757 3424 3826 invenerit,
3461 3773 3562 3813 nec
3602 3758 3732 3813 licet

2129 3855 2360 3918 utraque
2389 3847 2662 3914 obtinere,
2695 3846 2961 3903 damnum
2991 3855 3183 3902 censet
3213 3847 3448 3902 retinere
3480 3845 3640 3918 iliud,
3668 3863 3731 3902 ac

2127 3934 2386 4007 deinceps
2429 3935 2617 3993 relicto
2667 3935 2758 3992 illo
2800 3951 2996 3992 aurum
3042 3935 3238 4006 accipit
3287 3957 3299 3992 :
3336 3935 3488 3991 hunc
3513 3935 3582 3991 ad
3608 3952 3727 3992 mo-

2125 4025 2258 4082 dum
2279 4027 2370 4081 lex
2395 4034 2481 4082 est
2497 4025 2782 4093 damno,si
2812 4041 2843 4081 a
2871 4025 3090 4081 Christo
3117 4026 3435 4092 abduxerit;
3469 4024 3513 4080 si
3536 4032 3723 4080 autem

2125 4113 2436 4186 adduxerit,
2478 4131 2592 4172 non
2637 4131 2824 4186 porro.
2878 4117 3002 4171 Non
3048 4116 3231 4171 solum
3284 4115 3468 4187 igitur,
3521 4114 3722 4186 inquit,

2125 4203 2296 4277 449
2325 4205 2460 4260 olim
2484 4205 2783 4261 arbitratus
2810 4221 2934 4261 sum
2965 4204 3147 4278 legem
3176 4219 3292 4260 esse
3322 4203 3608 4270 damnum,
3642 4219 3734 4257 ve-

2123 4311 2250 4350 rum
2273 4294 2583 4351 etiamnum
2610 4294 2864 4350 arbitror.
2904 4297 3086 4368 Quam
3124 4294 3196 4351 ob
3216 4295 3478 4350 causam?
3502 4295 3732 4364 Propter

2125 4385 2502 4441 excellentiam
2565 4386 2775 4457 gratiae,
2826 4383 3019 4440 Viden’
3065 4383 3214 4456 quod
3260 4383 3729 4455 comparationem

2125 4471 2328 4530 faciat?
2370 4474 2726 4546 Comparatio
2778 4481 2964 4529 autem
3012 4487 3204 4530 rerum
3233 4480 3316 4528 est
3361 4471 3613 4545 ejusdem
3641 4488 3731 4544 ge-

2134 4565 2299 4632 neris,
2353 4570 2410 4620 et
2449 4563 2602 4635 quod
2645 4563 2882 4631 excellit,
2927 4562 3080 4619 aliud
3115 4561 3364 4634 ejusdem
3401 4560 3617 4634 generis
3643 4576 3732 4616 ex-

2132 4654 2298 4710 cellit.
2334 4653 2568 4710 Proinde
2596 4653 2683 4710 lex
2707 4652 2948 4727 cognitio
2975 4659 3076 4722 est,
3107 4649 3204 4708 sed
3242 4651 3426 4706 minor
3456 4665 3468 4700 :
3500 4649 3728 4722 perinde

2133 4759 2198 4799 ac
2229 4744 2447 4798 lucerna
2494 4743 2679 4798 lumen
2706 4749 2812 4811 est,
2848 4739 2944 4798 sed
2989 4756 3102 4797 non
3142 4740 3300 4813 quale
3326 4739 3458 4796 solis
3504 4746 3610 4806 est,
3641 4739 3728 4794 lu-

2133 4847 2265 4888 men
2293 4839 2479 4888 tamen
2504 4837 2603 4888 est.

2203 4925 2440 4994 Propter
2467 4938 2623 4994 quem
2647 4925 2835 4978 omnia
2858 4937 2964 4993 pro
2989 4921 3203 4976 damnis
3233 4919 3375 4975 dumi
3417 4923 3466 4974 et
3513 4918 3728 4974 abitror

2130 5029 2240 5068 esse
2267 5013 2678 5082 rejectamenta,
2707 5019 2770 5068 ut
2799 5013 3072 5068 Christum
3099 5011 3462 5078 lucri/actam.
3497 5010 3730 5079 Propter

2129 5103 2430 5169 Christum,
2481 5103 2678 5173 inquit,
2716 5118 2814 5172 pro
2842 5100 3062 5157 damnis
3089 5099 3244 5165 duxi,
3295 5098 3401 5154 hoc
3430 5105 3534 5165 est,
3566 5096 3730 5153 detri-

2131 5199 2378 5247 mentum
2407 5207 2526 5248 esse
2550 5190 2755 5263 putavi,
2779 5191 2861 5246 vel
2893 5190 3083 5246 omnia
3115 5187 3294 5260 rejeci.
3323 5185 3728 5244 Animadvertis

2128 5279 2275 5352 quod
2323 5279 2404 5337 lex
2460 5297 2569 5336 non
2600 5287 2683 5337 est
2703 5287 2900 5335 natura
2942 5278 3356 5346 detrimentum,
3400 5274 3498 5332 sed
3525 5274 3725 5331 Christi

2127 5385 2308 5426 causa.
2351 5369 2763 5442 Rejectamenta
2807 5384 2935 5425 vero
2980 5369 3093 5424 sive
3117 5376 3358 5423 stercora
3387 5381 3522 5420 num
3553 5364 3726 5435 legem

2127 5459 2509 5527 nominaverit,
2564 5459 2816 5516 nondum
2857 5458 3070 5531 liquet:
3119 5472 3250 5513 nam
3297 5453 3594 5511 verisimile
3646 5461 3727 5508 cst

1810 5609 2000 5669 Variae
2039 5611 2340 5674 lectiones.

497 5719 542 5753 ¹⁰
565 5720 713 5774 τοῦτό
747 5735 804 5776 0.
882 5719 920 5754 ¹¹
952 5717 1069 5770 ἀλλ’
1099 5713 1236 5784 οἶον;
1267 5735 1320 5773 0.
1402 5720 1443 5752 ¹²
1473 5718 1610 5772 οὔπω
1640 5733 1693 5773 0.
