4124 6424
408 430 538 485 1183

1465 428 1980 490 THEOPHYLACTI
2017 428 2376 485 BULGARUE
2415 431 2730 488 ARCHIEP.

3561 435 3698 492 1184

402 557 554 613 illum
577 561 643 616 de
669 563 963 621 mundanis
988 565 1150 621 rebus
1174 580 1238 621 ac
1256 563 1491 636 negotiis
1519 560 1719 616 dicere.
1738 561 1820 614 Ita
1840 557 1986 612 enim

2100 583 2121 608 α
2155 555 2236 615 Δι’
2253 555 2308 615 ὃν
2339 556 2407 614 τὰ
2429 557 2602 616 πάντα
2636 558 2960 638 ἐζημιώθην,
2987 587 3011 611 υ
3031 559 3098 619 τὰ
3128 565 3218 619 τοῦ
3250 560 3506 642 παρόντος
3539 560 3701 640 τυχὸν

410 663 575 720 supra
607 651 741 709 dixit
777 673 788 710 :
825 657 1052 726 Propter
1074 671 1228 726 quem
1261 656 1444 710 omnia
1480 651 1678 708 damno
1718 649 1876 711 dumi,
1907 662 1994 702 res

415 739 725 798 mundanas
765 744 987 801 scilicet.
1039 744 1140 802 Sin
1167 744 1236 801 de
1262 743 1380 816 lege
1407 741 1619 798 dictum
1643 738 1991 810 accipiamus,

411 842 479 883 ne
507 829 586 885 sic
603 832 826 902 quidem
857 833 1115 906 injuriam
1133 832 1384 906 partitur.
1406 831 1818 902 Bejectamenta
1847 825 1995 882 enim

403 914 666 975 frumenti
710 922 880 994 paleae
926 931 1076 990 sunt,
1107 923 1222 980 sive
1268 920 1486 978 culmus
1540 938 1553 975 :
1594 919 1743 989 atqui
1779 916 1993 972 culmus

403 1004 665 1066 frumenti
703 1013 1112 1068 conservativus
1149 1018 1234 1068 est
1259 1019 1315 1068 et
1334 1010 1756 1066 ﬁrmamentum
1784 1006 1922 1078 ejus,
1939 1013 1993 1060 et

405 1097 511 1152 nisi
539 1098 640 1155 iste
661 1111 824 1171 esset,
857 1101 1202 1158 frumentum
1238 1116 1355 1156 non
1382 1106 1523 1156 esset
1555 1115 1568 1154 :
1600 1105 1841 1153 attamen
1870 1093 1992 1150 fru-

403 1195 588 1243 mento
629 1200 926 1262 apparente
983 1199 1038 1248 et
1092 1191 1313 1258 selecto,
1359 1188 1569 1246 inutilis
1613 1187 1872 1257 deinceps
1911 1191 1994 1240 est

398 1276 631 1335 culmus.
665 1282 822 1337 Hanc
849 1282 916 1337 ad
946 1283 1220 1338 rationem
1253 1281 1340 1336 lex
1364 1287 1447 1336 est
1473 1276 1669 1350 gratiae
1697 1275 1989 1331 conﬁrma-

401 1366 508 1422 trix
539 1383 604 1425 ac
629 1371 782 1427 testis
813 1392 825 1428 :
869 1380 926 1427 at
967 1387 1100 1427 vero
1137 1371 1296 1426 simul
1327 1377 1491 1440 atque
1517 1367 1605 1423 illa
1644 1365 1846 1434 illuxit,
1880 1379 1994 1420 non

401 1465 482 1511 est
503 1473 639 1530 opus
669 1476 835 1531 porro
863 1461 1062 1518 litterae
1095 1461 1211 1532 ejus
1235 1460 1490 1516 assidere.

480 1548 658 1604 Vens.
689 1556 741 1605 9.
785 1553 848 1607 Ut
865 1555 915 1605 et
942 1553 1189 1606 inveniar
1212 1553 1272 1604 in
1306 1553 1420 1618 ipso
1444 1563 1556 1603 non
1582 1545 1785 1602 habens
1815 1560 1993 1599 meum

396 1636 680 1704 justitiam
712 1656 830 1709 quia
855 1644 1022 1694 estea:
1052 1642 1184 1709 lege,
1209 1640 1302 1695 sed
1328 1640 1478 1693 illam
1508 1652 1631 1708 qua:
1664 1652 1732 1691 ea:
1785 1634 1892 1704 ﬁde
1915 1641 1991 1688 est

402 1726 624 1795 Christi,
665 1745 784 1798 qua:
825 1745 892 1784 eae
947 1733 1051 1784 Deo
1101 1734 1175 1785 est
1209 1730 1459 1799 justitia.
1510 1730 1588 1784 Ut
1617 1741 1732 1782 non
1761 1723 1990 1780 habeam

399 1830 574 1870 meam
596 1816 890 1887 justitiam,
915 1834 1039 1890 qua:
1061 1827 1143 1874 est
1161 1834 1228 1874 ex
1256 1817 1518 1888 operibus
1544 1817 1696 1890 legis,
1722 1823 1984 1888 tanquam

389 1905 505 1976 jam
534 1921 596 1962 ea
627 1905 954 1977 perfecerim
985 1913 1184 1980 (neque
1224 1909 1371 1964 enim
1411 1907 1620 1980 justitia
1658 1912 1828 1963 estex
1862 1922 1988 1977 ope-

401 1993 568 2062 ribus,
593 1995 1045 2069 quandoquidem
1085 1997 1204 2054 haac
1225 2013 1336 2053 non
1355 1995 1718 2070 perfecerim),
1750 1994 1850 2052 sed
1869 2010 1990 2050 eam

398 2097 519 2154 quae
549 2092 633 2140 est
668 2100 767 2157 per
796 2086 962 2142 ﬁdem
997 2087 1222 2153 Christi,
1259 2103 1382 2158 quae
1411 2094 1497 2142 est
1519 2085 1727 2158 justitia
1757 2101 1821 2140 ex
1852 2088 1995 2151 Deo,

398 2173 503 2228 hoc
542 2181 643 2240 est,
681 2173 935 2231 divinum
962 2175 1196 2241 donum,
1233 2191 1357 2248 qua:
1391 2176 1562 2245 gratia
1576 2174 1839 2247 justiﬁcat
1866 2189 1988 2230 cre-

400 2262 607 2320 dentes.
633 2265 697 2320 Si
722 2267 862 2320 enim
903 2267 1197 2320 credideris
1225 2268 1286 2320 in
1315 2265 1473 2320 corde
1500 2271 1587 2320 tuo
1617 2270 1665 2320 et
1691 2281 1778 2319 ore
1815 2266 1988 2331 fueris

399 2354 692 2418 confessus,
715 2354 1007 2409 servaberis
1025 2347 1073 2410 ¹.
1105 2355 1301 2410 Divina
1329 2363 1510 2410 autem
1545 2353 1690 2410 dona
1721 2353 1886 2425 longo
1913 2353 1991 2408 in-

398 2441 624 2497 tervallo
671 2451 1000 2514 exsuperant
1039 2443 1300 2500 vilitatem
1338 2458 1566 2515 operum
1599 2442 1839 2498 humano
1877 2451 1992 2498 stu-

397 2530 487 2586 dio
541 2539 596 2587 et
639 2540 843 2589 conatu
885 2541 1252 2605 peractorum,
1292 2533 1513 2606 perinde
1547 2549 1609 2590 ac
1649 2531 1990 2590 frumentum

399 2621 580 2692 paleas
599 2621 834 2680 excedit.

468 2713 646 2768 Vens.
678 2719 763 2768 10.
789 2716 854 2768 In
881 2715 1008 2784 ﬁde,
1033 2721 1094 2770 ut
1113 2731 1419 2785 cognoscam
1439 2730 1578 2778 eum,
1618 2719 1667 2769 et
1691 2713 1990 2785 potentiam

396 2806 802 2857 resurrectionis
829 2804 966 2873 ejus.
999 2807 1101 2861 Per
1129 2803 1294 2860 fidem
1320 2805 1484 2876 igitur
1511 2803 1770 2875 cognitio.
1802 2801 1992 2872 Qualis

399 2889 550 2944 enim
592 2891 935 2949 ratiocinatio
972 2894 1435 2950 resurrectionem
1474 2892 1634 2949 nobis
1704 2892 1991 2964 probabit?

399 2979 578 3048 Nulla,
617 2981 710 3038 sed
747 2981 901 3039 ﬁdes.
937 2984 994 3041 Si
1037 2992 1225 3040 autem
1274 2982 1606 3038 resurrectio
1637 2998 1702 3038 ex
1743 2981 1852 3038 ﬁde
1898 2995 1990 3036 co-

398 3071 697 3140 gnoscitur,
728 3073 1012 3144 quomodo
1055 3073 1203 3146 quod
1231 3073 1410 3145 majus
1451 3080 1566 3140 est,
1596 3072 1859 3127 nimirum
1894 3087 1990 3127 na-

2103 643 2326 722 κόσμου.
2378 649 2446 706 Εἰ
2492 645 2546 705 δὲ
2577 649 2666 705 καὶ
2696 649 2817 728 περὶ
2839 654 2929 708 τοῦ
2961 649 3124 725 νόμου
3156 653 3398 730 εἰρῆσθαι
3439 649 3694 727 δεξόμεθα

2103 740 2287 805 τοῦτο,
2319 737 2433 794 οὐδὲ
2488 735 2650 804 οὕτως
2681 736 2947 815 ὕϐρισται.
2995 738 3254 800 Σκύϐαλα
3283 738 3386 816 γὰρ
3418 743 3511 799 τοῦ
3543 741 3694 798 σίτου

2102 822 2168 881 τὰ
2213 825 2422 905 ἄχυρα,
2475 824 2592 896 ἤτοι
2638 830 2671 897 ἡ
2705 828 2962 905 καλάμη·
3006 828 3127 887 ἀλλ’
3155 833 3189 900 ἡ
3227 829 3448 907 καλάμη
3501 853 3697 899 συντη-

2105 914 2312 998 ρητικήῌ
2335 916 2450 973 ἐστι
2501 919 2593 973 τοῦ
2625 915 2794 986 σίτου,
2832 917 2924 974 καὶ
2979 918 3246 998 στήριγμα
3278 921 3436 978 αὐτοῦ
3463 963 3480 992 ,
3527 918 3619 976 καὶ
3647 919 3697 955 ⁸³

2102 1005 2147 1060 εἰ
2173 1002 2246 1078 μὴ
2277 993 2340 1075 ἦν
2366 1003 2501 1075 αὕτη
2525 1047 2541 1077 ,
2587 1008 2682 1063 06x
2727 1004 2789 1063 ἂν
2821 1013 2961 1074 σῖτος
3009 993 3240 1086 ἐγένετο·
3274 1007 3417 1084 ὅμως
3447 1008 3699 1086 φανέντος

2103 1097 2192 1150 τοῦ
2251 1091 2397 1151 σίτου
2450 1094 2542 1152 καὶ
2577 1093 2910 1174 ἐκλεγέντος,
2965 1095 3227 1177 ἄχρηστος
3281 1096 3462 1156 λοιπὸν
3516 1097 3681 1169 αὕτη.

2103 1181 2264 1240 Οὕτω
2309 1182 2401 1240 καὶ
2431 1185 2458 1240 ὁ
2485 1181 2664 1262 νόμος,
2699 1187 2790 1255 τῆς
2820 1186 3034 1266 χάριτος
3086 1185 3379 1265 βεϐαιωτὴς
3418 1185 3509 1245 καὶ
3557 1186 3696 1265 μάρ-

2101 1295 2219 1337 τυς·
2267 1271 2518 1352 φανείσης
2571 1271 2626 1331 δὲ
2679 1276 2868 1349 αὐτῆς,
2919 1275 2976 1333 o6
3033 1276 3109 1334 δεῖ
3161 1279 3563 1357 προσκαθῆσθαι
3618 1277 3696 1357 τῷ

2103 1359 2288 1420 τούτου
2317 1361 2620 1440 γράμματι.

2184 1567 2208 1592 σι
2248 1539 2358 1599 Καὶ
2411 1543 2605 1620 εὑρεθῶ
2648 1543 2698 1600 ἐν
2752 1544 2895 1620 αὖτῷ
2947 1542 3026 1619 μὴ
3057 1543 3196 1623 ἔχων
3236 1543 3368 1619 ἐμὴν
3415 1542 3690 1603 δικαιοσύ-

2102 1653 2197 1700 νην
2255 1627 2352 1702 τὴν
2419 1634 2478 1690 ἐκ
2534 1630 2728 1707 νόμου,
2792 1632 2930 1691 ἀλλὰ
2978 1633 3074 1704 τὴν
3141 1632 3227 1691 διὰ
3277 1633 3504 1699 πίστεως
3553 1637 3694 1713 Χρι-

2102 1723 2260 1794 στοῦ,
2294 1720 2388 1791 τὴν
2421 1722 2480 1779 ἐκ
2504 1722 2648 1781 Θεοῦ
2681 1722 3044 1793 δικαιοσύνην.
3080 1749 3103 1774 ιο
3129 1720 3255 1781 Ἵνα
3299 1723 3373 1798 μὴ
3418 1722 3526 1801 ἔχω
3559 1722 3695 1798 ἐμὴν

2105 1809 2440 1882 δικαιοσύνην
2463 1855 2480 1884 ,
2523 1809 2618 1880 τὴν
2649 1813 2707 1869 ἐκ
2732 1812 2836 1868 τῶν
2872 1809 3035 1890 ἔργων
3091 1816 3180 1870 τοῦ
3211 1811 3373 1886 νόμου
3392 1857 3406 1884 ,
3442 1815 3512 1877 ὡς
3542 1813 3695 1884 δῆθεν

2105 1898 2446 1978 κατορθώσας
2477 1898 2612 1958 αὑτά
2633 1923 2646 1936 ·
2697 1899 2815 1958 οὐδὲ
2844 1901 2969 1979 γὰρ,
2995 1899 3112 1958 οὐδὲ
3160 1899 3270 1958 ἔστι
3303 1900 3608 1971 δικαιοσύνη
3643 1901 3694 1968 ἐξ

2099 1989 2283 2068 ἔργων,
2325 1986 2408 2047 ὅτι
2460 1987 2576 2048 οὐδὲ
2609 1987 2938 2066 κατώρθωσαι
2966 1989 3010 2026 ¹⁴
3057 1995 3250 2048 ταῦτα’
3298 1989 3436 2048 ἀλλὰ
3475 1989 3568 2062 τὴν
3605 1990 3693 2048 διὰ

2099 2077 2326 2146 πίστεως
2385 2079 2657 2156 Χριστοῦ,
2703 2077 2820 2150 ἥτις
2869 2078 3008 2137 ἐστὶν
3054 2081 3115 2136 ἐκ
3160 2082 3300 2138 Θεοῦ
3355 2080 3695 2153 δικαιοσύνη,

2098 2166 2366 2239 τουτέστί,
2399 2171 2534 2225 θεῖον
2566 2169 2732 2249 δῶρον
2753 2212 2768 2240 ,
2806 2168 2987 2247 χάριτι
3019 2169 3296 2226 δικαιοῦσα
3325 2168 3443 2236 τοὺς
3471 2171 3696 2230 πιστεύ-

2099 2279 2268 2322 οντας.
2310 2278 2338 2313 ιι
2374 2255 2501 2313 Ἐὰν
2533 2256 2634 2334 γὰρ
2687 2257 2975 2336 πιστεύσῃς
3025 2261 3090 2336 τῇ
3151 2257 3380 2337 καρδίᾳ,
3432 2257 3524 2316 καὶ
3555 2264 3696 2334 ὁμο-

2097 2345 2326 2425 λογήσῃς
2381 2349 2456 2425 τῷ
2489 2346 2752 2423 στόματι,
2784 2346 3022 2425 σωθήσῃ.
3084 2373 3108 2398 ιο
3146 2346 3234 2406 Τὰ
3281 2345 3334 2404 δὲ
3384 2347 3496 2406 θεῖα
3550 2350 3698 2426 δῶρα

2097 2437 2278 2514 πολλῷ
2308 2438 2384 2515 τῷ
2437 2435 2614 2516 μέτρῳ
2664 2435 2971 2516 ὑπερϐαίνει
3020 2434 3115 2506 τὴν
3146 2435 3434 2496 εὐτέλειαν.
3458 2439 3562 2494 τῶν
3597 2441 3697 2497 ἀν-

2099 2525 2334 2604 θρωπίνῃ
2389 2526 2592 2603 σπουδῇ
2646 2523 2974 2602 τελουμένων
3016 2525 3481 2605 κατορθωμάτων,
3513 2525 3698 2608 ὥσπερ

2099 2613 2189 2673 xui
2220 2617 2247 2672 ὁ
2279 2622 2419 2681 σῖτος
2439 2614 2507 2674 τὰ
2547 2614 2817 2676 σκύϐαλα.

2180 2730 2204 2756 α
2234 2703 2365 2765 Ἐπὶ
2526 2704 2722 2777 πίστει,
2753 2707 2844 2762 τοῦ
2886 2705 3080 2781 γνῶναι
3113 2704 3272 2764 αὑτὸν
3318 2705 3409 2762 καὶ
3459 2703 3556 2774 τὴν
3603 2699 3698 2759 δύ-

2099 2817 2256 2870 ναμιν
2288 2797 2381 2866 τῆς
2432 2794 2770 2860 ἀναστάσεως
2820 2794 3004 2853 αὐτοῦ.
3052 2813 3083 2851 ι)
3137 2791 3272 2874 Ἄρα
3329 2792 3416 2851 διὰ
3469 2791 3699 2856 πίστεως

2100 2886 2134 2953 ἡ
2164 2885 2376 2960 γνῶσις.
2437 2885 2600 2949 Ποῖος
2627 2882 2729 2961 γὰρ
2779 2880 3034 2960 λογισμὸς
3084 2881 3183 2955 τὴν
3236 2881 3527 2943 ἀνάστασιν
3565 2885 3694 2956 ἡμῖν

2102 2970 2468 3050 παραστήσει;
2515 2971 2656 3031 Οὐδὲ
2689 2961 2782 3043 εἷς,
2817 2970 2954 3030 ἀλλὰ
2985 2970 3178 3038 πίστις.
3215 2973 3280 3032 Εἰ
3313 2971 3365 3032 δὲ
3396 2978 3428 3043 ἡ
3463 2970 3695 3028 ἀνάστα-

2103 3084 2182 3127 σις
2222 3061 2399 3119 πίστει
2430 3059 2780 3138 γινώσκεται,
2821 3064 2933 3127 πῶς
2986 3061 3046 3118 τὸ
3089 3062 3301 3137 μεῖζον,
3343 3065 3374 3131 ἡ
3418 3062 3695 3137 γέννησις,

393 3160 576 3214 tivitas
637 3161 782 3232 ejus,
864 3162 1090 3218 rationis
1156 3160 1689 3232 comprehendetur?
1764 3163 1836 3215 At
1885 3176 1988 3232 qua

2103 3152 2374 3227 λογισμοῖς
2403 3149 2910 3230 καταληφθήσεται,
2940 3153 3054 3215 πῶς
3089 3149 3141 3208 δὲ
3186 3154 3394 3228 μεῖζονς
3439 3146 3570 3208 ⁶Οτι
3599 3153 3698 3218 τῆς

396 3249 604 3303 ratione
663 3250 716 3304 id
766 3252 944 3322 majus
986 3254 1104 3307 est?
1160 3250 1306 3320 Quia
1356 3250 1774 3306 resurrectionis
1814 3250 1991 3306 multa

399 3346 534 3392 sunt
580 3339 831 3410 exempla
889 3357 902 3394 :
959 3341 1116 3396 multi
1155 3356 1396 3412 namque
1451 3348 1506 3395 et
1540 3348 1667 3395 ante
1713 3339 1988 3395 Christum

396 3436 816 3484 resurrexerunt
863 3446 877 3484 :
936 3445 1000 3485 ex
1050 3430 1259 3502 virgine
1306 3437 1491 3486 autem
1547 3445 1710 3485 nemo
1747 3444 1988 3500 unquam

399 3524 566 3572 natus
591 3525 726 3573 erat.
753 3519 988 3575 Proinde
1009 3519 1242 3592 justitia,
1273 3535 1396 3592 quae
1428 3536 1494 3575 ex
1523 3523 1641 3576 Deo
1663 3528 1762 3586 est,
1791 3520 1849 3575 in
1879 3518 1988 3576 ﬁde

393 3615 476 3662 est
507 3625 519 3661 :
549 3607 656 3663 hoc
684 3615 786 3676 est,
827 3608 952 3665 huic
995 3609 1274 3678 innititur,
1300 3625 1531 3682 eamque
1563 3609 1985 3666 fundamentum

397 3694 582 3753 habet.
622 3699 922 3754 Potentiam
949 3706 1134 3755 autem
1164 3703 1570 3756 resurrectionis
1595 3700 1734 3756 dixit
1760 3719 1773 3756 :
1803 3716 1985 3756 revera

393 3786 543 3842 enim
570 3787 767 3858 ingens
792 3788 964 3845 robur
988 3797 1043 3846 et
1072 3789 1314 3861 potentia
1335 3798 1417 3846 est
1436 3831 1450 3857 ,
1484 3805 1788 3862 resurgere.
1819 3790 1987 3860 Quin-

395 3875 560 3932 etiam
608 3876 782 3950 450
814 3878 1143 3935 resurrectio
1187 3879 1488 3950 potentiam
1531 3879 1693 3936 nobis
1732 3879 1990 3936 immittit

394 3964 464 4021 ad
492 3965 639 4023 idem
659 3967 763 4022 iter
790 3967 1237 4039 ingrediendum.

466 4058 538 4112 Et
567 4059 868 4112 societatem
919 4060 1237 4128 passionum
1270 4059 1441 4114 illius.
1489 4058 1625 4112 Cum
1661 4058 1988 4129 persecutio-

397 4159 548 4213 nem,
595 4145 786 4217 inquit,
821 4147 1061 4217 patimur
1107 4154 1160 4200 et
1183 4146 1506 4219 afﬂigimur,
1544 4147 1832 4218 participes
1874 4149 1986 4205 red-

396 4233 582 4289 dimur
607 4234 925 4305 passionum
939 4235 1052 4291 sive
1068 4234 1432 4291 afﬂictionum
1451 4234 1678 4292 Christi.
1729 4236 1784 4291 Si
1828 4236 1988 4309 igitur

404 4340 521 4379 non
539 4323 895 4379 crederemus
921 4324 1067 4396 quod
1083 4340 1207 4380 cum
1233 4325 1455 4381 Christo
1478 4325 1755 4396 regnaturi
1775 4341 1985 4388 sumus,

2103 3239 2198 3316 μὲν
2245 3238 2587 3305 ἀναστάσεως
2637 3238 2812 3298 πολλὰ
2863 3237 3231 3316 ὑποδείγματα
3265 3239 3340 3277 ’δ’
3391 3239 3694 3309 ἀνέστησαν

2103 3329 2197 3405 μὲν
2243 3327 2347 3408 γὰρ
2397 3329 2582 3386 πολλοὶ
2629 3327 2720 3387 καὶ
2770 3327 2876 3408 πρὸ
2925 3330 3161 3406 Χριστοῦ
3190 3349 3202 3361 °
3236 3331 3295 3387 ἐκ
3343 3329 3604 3408 παρθένου
3637 3326 3694 3386 δὲ

2100 3419 2265 3486 οὐδεὶς
2291 3417 2500 3498 ἐτέχθη.
2537 3416 2606 3477 εΗ
2630 3418 2802 3476 τοίνυν
2836 3420 2895 3476 ἐκ
2940 3421 3083 3477 Θεοῦ
3127 3416 3432 3489 δικαιοσύνη
3455 3420 3508 3478 ἐν
3538 3415 3590 3453 ⁴⁶

2100 3508 2275 3567 πίστει
2328 3507 2465 3578 ἐστὶ,
2515 3505 2808 3580 τουτέστιν,
2863 3510 2936 3573 εἷς
2969 3503 3167 3586 ταύτην
3217 3507 3568 3586 ἐπερείδεται,
3604 3506 3696 3564 καὶ

2099 3596 2262 3670 αὐτὴν
2287 3598 2397 3677 ἔχει
2418 3595 2682 3671 θεμέλιον.
2710 3623 2732 3649 α
2747 3597 2983 3671 Δύναμιν
3009 3593 3063 3654 δὲ
3095 3581 3246 3653 εἶπεν
3269 3596 3612 3662 ἀναστάσεως
3631 3614 3644 3628 ⁶
3667 3621 3694 3645 ιι

2098 3692 2174 3766 τῷ
2197 3689 2306 3746 ὄντι
2335 3684 2438 3764 γὰρ
2475 3685 2688 3762 μεγάλη
2724 3683 2876 3764 ἰσχὺς
2907 3684 2967 3743 τὸ
3015 3685 3333 3754 ἀναστῆναι.
3383 3685 3492 3745 Καὶ
3520 3685 3708 3751 ἄλλως

2100 3777 2154 3836 δὲ
2175 3822 2190 3849 ,
2219 3781 2252 3847 ἡ
2288 3775 2576 3840 ἀνάστασις
2625 3774 2848 3854 δύναμιν
2904 3776 3101 3846 ἐνίησιν
3130 3777 3262 3852 ἡμῖν
3287 3776 3357 3842 εἷς
3377 3774 3436 3833 τὸ
3463 3773 3558 3846 τὴν
3590 3779 3695 3831 αύ-

2097 3866 2191 3938 τὴν
2215 3865 2412 3926 ὁδεύειν
2434 3855 2584 3925 ⁹δδόν.

2186 4079 2215 4114 (ι
2253 4055 2366 4117 Καὶ
2421 4053 2517 4125 τὴν
2575 4051 2850 4112 κοινωνίαν
2897 4053 3001 4110 τῶν
3031 4049 3368 4126 παθημάτων
3419 4050 3598 4110 αὐτοῦ.
3656 4077 3688 4109 ι

2097 4145 2424 4220 Διωκόμενοι
2445 4187 2462 4216 ,
2491 4141 2641 4224 φησὶ,
2673 4141 2762 4200 xui
2793 4139 3124 4216 θλιϐόμενοι,
3174 4138 3414 4198 κοινωνοὶ
3439 4139 3693 4217 γινόμεθα

2096 4237 2200 4292 τῶν
2231 4233 2560 4310 παθημάτων
2595 4237 2684 4290 τοῦ
2717 4232 2973 4309 Χριστοῦ.
3012 4231 3081 4290 Εἰ
3106 4227 3276 4287 τοίνυν
3317 4228 3393 4300 μὴ
3417 4229 3689 4288 ἐπιστεύο-

2099 4347 2226 4401 μεν,
2255 4323 2334 4382 ὅτι
2363 4319 2862 4400 συμϐασιλεύσομεν
2883 4361 2901 4392 ,
2941 4319 3036 4377 06x
3074 4317 3134 4377 ἂν
3167 4322 3401 4376 τοσαῦτα
3443 4319 3534 4376 καὶ
3580 4341 3695 4377 τοι-

397 4429 511 4468 non
534 4411 661 4468 talia
703 4419 959 4484 tantaque
989 4421 1316 4484 pateremur.
1348 4414 1593 4470 Observa
1624 4423 1809 4471 autem
1839 4415 1986 4487 quod

2100 4419 2236 4472 αῦτα
2266 4412 2591 4493 ἐπάσχομεν.
2629 4409 2940 4486 Σημείωσαι
2981 4407 3069 4478 δὲ,
3106 4406 3188 4466 ὅτι
3219 4408 3412 4472 ἐκεῖνος
3455 4407 3696 4484 μάλιστα

2267 4503 2279 4515 ,
2394 4502 2420 4515 ..
2501 4503 2546 4515 -.
2678 4499 2692 4515 ι
2782 4501 2798 4515 .
2845 4496 2859 4515 Ι
3045 4499 3060 4515 ρ
3167 4495 3181 4515 ι
3395 4498 3440 4515 η
3484 4495 3498 4515 ι
3549 4495 3572 4515 ,ο

400 4503 442 4558 is
463 4503 701 4558 maxime
722 4501 897 4559 credit
919 4503 1201 4560 Christum
1231 4504 1616 4575 resurrexisse,
1643 4506 1737 4578 qui
1758 4506 1988 4578 patitur.

399 4592 537 4648 Audi
567 4593 733 4664 igitur
762 4607 885 4665 quae
913 4601 1236 4666 sequuntur.

467 4682 858 4752 Conﬁguratus
880 4686 1045 4738 morti
1077 4684 1212 4753 ejus.
1237 4687 1360 4740 Hoc
1386 4692 1486 4755 est,
1528 4685 1888 4744 assimilatas.
1912 4691 1992 4746 Ut

395 4773 542 4826 Cllim
574 4771 661 4826 ille
700 4771 768 4829 ab
803 4771 1127 4828 hominibus
1158 4787 1350 4842 passus
1375 4781 1480 4838 est,
1526 4775 1604 4830 sic
1644 4782 1700 4830 et
1741 4791 1862 4847 ego.
1897 4775 1992 4832 Af-

396 4861 661 4916 ﬂictiones
706 4861 850 4916 enim
901 4869 956 4915 et
1001 4862 1412 4932 persecutiones
1453 4864 1746 4935 imaginem
1791 4867 1990 4924 mortis

393 4949 535 5005 illius
556 4949 867 5022 depingunt
899 4950 1169 5020 :proinde
1192 4958 1247 5007 et
1275 4967 1378 5007 nos
1421 4953 1570 5010 idem
1599 4971 1728 5012 cum
1767 4958 1988 5014 Christo

395 5039 686 5106 ellicimur,
724 5048 996 5110 quatenus
1029 5040 1287 5112 patimur.
1329 5041 1524 5099 Viden’
1560 5045 1690 5117 quid
1728 5057 1985 5118 praestant

393 5127 756 5184 afﬂictiones?

462 5221 643 5274 Vens.
671 5225 687 5271 1
709 5225 724 5272 1
744 5260 756 5273 .
775 5221 838 5275 Si
857 5235 962 5290 quo
982 5219 1140 5275 modo
1163 5237 1441 5278 occurram
1460 5225 1533 5281 ad
1553 5231 1988 5286 resurrectionem

394 5314 748 5363 mortuorum.
791 5308 935 5379 Quid
982 5308 1142 5368 inde?
1172 5312 1291 5368 Nisi
1331 5328 1524 5385 passus
1561 5331 1698 5388 esse,
1729 5332 1764 5375 ο
1797 5320 1984 5386 Paule,

464 5453 490 5491 ¹¹
517 5461 681 5516 Rom.
710 5476 774 5531 ι,
802 5468 858 5519 9.

2098 4503 2361 4577 πιστεύει,
2388 4502 2470 4563 ὅτι
2499 4499 2730 4581 Χριστὸς
2769 4496 2962 4570 ἀνέστη
2985 4543 3001 4576 ,
3039 4499 3068 4555 ὁ
3108 4495 3358 4578 πάσχων.
3393 4495 3504 4558 Καὶ
3537 4495 3695 4556 ἄκουε

2097 4595 2201 4652 τῶν
2226 4591 2368 4664 ἑξῆς·

2186 4711 2210 4735 σι
2231 4677 2715 4761 Συμμορφούμενος
2737 4678 2874 4756 ⁴⁷τῷ
2895 4674 3106 4758 θανάτῳ
3127 4677 3311 4737 αὐτοῦ.
3331 4696 3361 4733 n
3384 4673 3696 4750 Τουτέστιν,

2098 4771 2492 4850 ἐξομοιούμενος
2517 4768 2590 4829 ⁴⁸.
2628 4767 2886 4846 Καθάπερ
2923 4764 3026 4844 γὰρ
3079 4767 3271 4832 ἐκεῖνος
3315 4763 3417 4823 ὑπὸ
3447 4767 3554 4822 τῶν
3597 4769 3694 4824 ἀν-

2098 4865 2318 4941 θρώπων
2355 4861 2576 4931 ἔπαθεν,
2610 4856 2749 4916 οὕτω
2778 4855 2945 4934 κάγώ.
2990 4854 3121 4914 Ὅτι
3165 4853 3390 4932 διωγμοὶ
3427 4853 3565 4933 γὰρ,
3603 4855 3696 4912 xui

2097 4952 2162 5010 τὰ
2201 4949 2526 5026 παθήματα,
2574 4946 2670 5018 τὴν
2724 4943 2898 5004 εἰκόνα
2943 4947 3281 5024 ζωγραφοῦσι
3313 4947 3406 5001 τοῦ
3463 4943 3695 5002 θανάτου

2098 5041 2319 5116 ἐκείνου,
2350 5038 2441 5098 xui
2465 5035 2674 5117 χριστοὶ
2705 5033 2957 5113 γινόμεθα
2979 5033 3069 5091 καὶ
3101 5037 3290 5109 ἡμεῖς,
3321 5031 3454 5092 καθὸ
3478 5031 3692 5112 πάσχο-

2098 5154 2217 5206 μεν.
2247 5128 2411 5210 Ὁρᾷς
2430 5129 2490 5187 τὸ
2518 5124 2838 5204 κατόρθωμα
2861 5122 2910 5160 ⁸9
2937 5125 3044 5180 τῶν
3066 5125 3278 5195 παθῶν;

2185 5241 2215 5278 α
2267 5217 2453 5284 Εἴπως
2517 5212 2834 5286 καταντήσω
2885 5214 2958 5279 εἷς
3013 5210 3111 5282 τὴν
3179 5209 3528 5279 ἐξανάστασιν
3586 5213 3695 5270 τῶν

2095 5312 2315 5391 νεκρῶν.
2341 5333 2372 5365 ι
2400 5306 2474 5368 Τί
2499 5294 2623 5380 06v;
2657 5306 2701 5364 εἷ
2732 5304 2808 5382 μὴ
2839 5301 3060 5377 ἔπαθες,
3090 5289 3135 5360 ὦ
3163 5302 3345 5361 Παῦλε
3365 5346 3379 5375 ,
3407 5304 3503 5360 06x
3529 5300 3692 5378 ἔμελ-

1787 5543 1976 5604 Varite
2019 5547 2322 5605 lectiones.

467 5646 508 5678 '3
538 5645 590 5698 ἔκ
633 5644 791 5714 λόγου
855 5645 1068 5715 γίνωσκε
1123 5646 1190 5707 ὡς
1233 5663 1288 5703 0.

473 5726 514 5758 ιε
546 5726 850 5795 ,μοιούμεθα
875 5741 927 5781 ο.
1009 5726 1053 5760 ιθ
1075 5725 1267 5798 ἀξίωμα
1295 5745 1349 5785 0.

1367 5649 1409 5683 ¹⁴
1455 5654 1747 5723 κατώρθωσέ
1789 5677 1860 5719 τις
1903 5674 1957 5715 0.

2035 5657 2077 5694 ¹⁸
2125 5655 2469 5726 ὑποδείγματα
2496 5651 2666 5722 ἔχουσι
2722 5665 2800 5707 m.

2878 5647 2924 5684 ¹⁸
2976 5648 3054 5703 ἐπὶ
3109 5663 3165 5706 0.
3246 5646 3288 5682 ¹⁷
3325 5646 3589 5716 -φούμενοι
3636 5662 3689 5703 ο.
