4124 6420
384 433 520 488 1185

1273 427 1624 489 EXPOSITIO
1665 433 1728 488 IN
1768 433 1981 490 EPIST.
2021 433 2113 489 AD
2151 433 2430 490 PHlLlPP.
2467 463 2535 475 —
2564 429 2714 490 CAP.
2757 436 2844 490 lll.

3545 449 3681 504 1186

379 558 466 624 λες
519 558 854 630 ἀναστῆναις
885 553 1030 616 Ἀλλ’
1063 553 1416 624 ἐξανάστασιν
1456 558 1680 618 ἐνταῦθα
1729 559 1834 618 νόει
1880 559 1975 632 τήν

2089 575 2199 616 non
2221 575 2343 616 eras
2368 562 2814 616 resurrecturus?
2853 561 3545 634 Verum}resurrectionem
3599 573 3682 629 hic

382 645 616 723 ἔνδοξον,
661 643 756 717 τὴν
803 648 855 705 ἐν
914 644 1152 727 νεφέλαις
1199 644 1428 726 ἔξαρσιν.
1475 648 1682 714 Πάντες
1731 649 1825 725 μὲν
1877 648 1979 729 γὰρ

383 737 728 808 ἀνίστανται,
761 738 818 795 οὗ
848 736 1040 803 πάντες
1062 735 1116 794 δὲ
1146 735 1236 794 καὶ
1266 735 1320 773 ²⁰
1352 735 1714 804 ἐξανίστανται
1733 761 1745 775 ο
1779 739 1900 810 ἀλλ’
1931 740 1979 796 οἱ

384 826 481 903 μὲν
546 825 859 906 ἁμαρτωλοὶ
915 826 1062 885 κάτω
1120 825 1336 903 μένουσι
1387 826 1478 886 τὸν
1540 828 1771 906 Κριτήνο
1825 829 1873 886 οἱ
1925 827 1978 887 δὲ

380 917 518 996 ἅγιοι
582 915 911 996 ἇρπάζονται
970 917 1025 975 ἰν
1090 915 1336 992 νεφέλαις
1408 917 1480 982 εἷς
1538 916 1840 989 ἀπάντησιν
1889 922 1980 975 τοῦ

386 1007 612 1087 Κυρίου.
643 1007 870 1078 Νοήσεις
905 1003 960 1064 δὲ
989 1004 1084 1065 καὶ
1115 1004 1221 1065 ἀπὸ
1249 1008 1342 1076 τῆς
1375 1005 1684 1073 ἀκολουθίας
1725 1006 1787 1065 τὸ
1831 1006 1981 1085 λεγό-

384 1119 562 1173 μενον.
624 1094 907 1170 Ἀπέθανε,
981 1094 1174 1174 φησὶν,
1246 1097 1275 1152 6
1342 1095 1607 1174 Χριστός·
1660 1093 1980 1166 ἀποθνήσκω

385 1185 552 1264 κάγώ.
622 1185 839 1257 Ἀνέστη
913 1187 1109 1250 ἐκεῖνος
1179 1182 1426 1260 ἐνδόξως,
1501 1184 1781 1254 σπουδάζω
1829 1183 1980 1261 κάγὼ

381 1276 629 1347 τοιαύτης
674 1274 1010 1340 ἀναστάσεως
1060 1281 1238 1353 τυχεῖν
1306 1272 1536 1342 ἐνδόξου.
1585 1273 1733 1355 ⁰Ορα
1784 1274 1836 1332 δὲ
1891 1274 1980 1331 καὶ

383 1364 664 1424 εὐλάϐειαν
723 1369 814 1422 τοῦ
880 1369 1115 1424 τοσαῦτα
1164 1361 1633 1442 κατορθώσαντος,
1696 1367 1785 1421 τοῦ
1847 1361 1978 1440 ὑπὲρ

383 1454 502 1522 τοὺς
519 1454 564 1492 ²⁴
604 1454 908 1534 ἀνθρώπους
936 1451 1078 1520 ὄντος
1106 1473 1115 1483 ’
1141 1474 1172 1511 α
1200 1453 1382 1518 Εἴπως
1399 1452 1605 1533 φθάσω.
1636 1479 1661 1504 υ
1689 1454 1771 1512 Οὐ
1802 1452 1982 1533 θαῤῥῶ

385 1546 518 1624 γὰρ,
574 1544 766 1624 φησὶν,
792 1541 968 1602 οὔπω·
1004 1543 1170 1609 οὕτως
1208 1541 1666 1621 ἐταπεινοτρρόνεν
1719 1539 1850 1622 ὅπερ
1883 1544 1980 1600 ἀλ-

386 1639 554 1713 λαχοῦ
598 1633 768 1711 λέγει·
801 1632 869 1693 Ὁ
918 1634 1086 1692 δοκῶν
1115 1632 1331 1691 ἑστάναι
1365 1633 1606 1712 βλεπέτῳ
1635 1629 1710 1707 μή
1746 1630 1913 1711 πέσῃο
1943 1653 1972 1691 ι)

385 1725 498 1793 καὶ,
535 1751 557 1775 ι
602 1727 811 1795 Μήπως
893 1723 1069 1789 ἀλλοις
1148 1721 1416 1803 κηρύξας,
1493 1721 1648 1787 αὐτὸς
1728 1720 1981 1797 ἀδόκιμος

384 1813 645 1891 γένωμαι.

469 2019 491 2043 ι
519 1991 728 2070 Οὖχδτι
758 1991 862 2064 ἤδη
883 1989 1100 2066 ἔλαϐον,
1131 1989 1166 2062 ἢ
1195 1989 1298 2064 ἤδη
1321 1991 1693 2066 τετελείωμαι.
1724 2017 1749 2042 ν
1784 1988 1982 2060 Εἰπὼν,

381 2079 461 2140 ὅτι
493 2109 518 2134 σι
556 2079 626 2141 Εἴ
646 2105 758 2148 πως
773 2079 1092 2151 καταντήσω
1117 2079 1190 2152 ³³,
1219 2106 1242 2132 υ
1273 2080 1660 2148 κατασκευάζει
1681 2083 1865 2152 τοῦτο,
1893 2078 1986 2136 καί

385 2194 576 2252 φησιν,
608 2171 688 2228 ὅτι
738 2169 840 2230 Διὰ
873 2175 1028 2229 τοῦτο
1067 2169 1229 2234 οὕτως
1282 2160 1428 2228 εἷπον
1464 2171 1848 2241 διστακτικῶς,
1903 2169 1984 2226 ὅτι

383 2259 532 2318 οὔπω
553 2259 741 2318 ἔλαϐον
769 2258 830 2317 τὸ
852 2258 1120 2340 βραϐεῖον,
1149 2257 1296 2316 οὔπω
1327 2257 1700 2335 τετελείωμαι.

474 2468 498 2494 α
535 2440 724 2502 Διώκω
773 2440 858 2513 δὲ,
903 2438 1071 2499 εἶκαὶ
1119 2439 1444 2511 καταλάϐω,
1499 2440 1580 2518 ἐφ’
1637 2429 1682 2519 ᾧ
1730 2438 1822 2498 καὶ
1857 2462 1982 2498 κατ-

388 2531 619 2612 ελήφθην
677 2530 778 2589 ὑπὸ
822 2533 1058 2609 Χριστοῦ
1099 2528 1152 2568 ³³
1187 2528 1385 2600 Ἰησοῦ.
1423 2557 1447 2581 »
1479 2527 1623 2601 Ἔτι,
1672 2527 1863 2610 φησὶν,
1894 2531 1980 2587 ἐν-

388 2619 609 2697 αγώνιός
648 2621 757 2698 εἶμι
776 2666 793 2694 ,
835 2618 911 2678 ἔτι
943 2617 1152 2690 διώκω,
1189 2616 1237 2676 εἴ
1272 2641 1386 2684 πως
1417 2616 1625 2697 ἷσχύσω
1657 2616 1984 2676 καταλαϐεῖν

387 2696 446 2768 τό
495 2708 644 2776 τέλος
696 2696 786 2766 καὶ
833 2707 894 2767 τὸ
949 2707 1216 2788 βραϐεῖον.
1248 2696 1385 2768 Εἶτα
1436 2696 1634 2774 δεικνὺς
1680 2705 1760 2764 ὅτι
1801 2706 1986 2785 ὀφειλή

387 2800 499 2867 ἐστι
545 2797 604 2858 τὸ
651 2810 908 2880 πρᾶγμα,
947 2796 1077 2878 φησί
1101 2820 1114 2834 ο
1149 2818 1176 2853 α
1212 2796 1360 2856 Διότι
1399 2796 1490 2854 καὶ
1515 2796 1850 2871 κατελήφθην
1885 2795 1987 2853 ὑπὸ

390 2887 620 2967 Χριστοῦ
647 2912 660 2925 ’
697 2911 726 2946 ››
775 2887 1036 2961 τουτέστι,
1073 2888 1198 2946 Τῶν
1248 2886 1630 2961 ἀπολλυμένων
1675 2885 1842 2962 ἤμην,
1878 2889 1984 2944 τῶν

390 2977 846 3056 ἀπεγνωσμένων·
904 2975 1190 3043 κατεδίωξέ
1247 2997 1313 3052 με
1355 2978 1384 3033 6
1440 2974 1692 3055 Χριστὸς,
1739 2974 1832 3032 καὶ
1862 2974 1986 3054 φεύ-

388 3090 546 3144 γοντα
587 3069 682 3124 ἀπ’
710 3068 868 3124 αὐτοῦ
919 3063 1215 3136 κατέλαϐε,
1247 3064 1338 3122 καὶ
1376 3065 1708 3144 ἐπέστρεφεν.
1753 3063 1986 3145 Ὀφείλω

390 3155 558 3214 τοίνυν
594 3155 686 3214 καὶ
715 3156 869 3220 αὐτὸς
903 3153 1107 3213 διώκειν
1159 3152 1315 3212 αὐτὸν
1360 3153 1542 3214 λοιπὸν
1566 3199 1581 3227 ,
1611 3157 1681 3220 ὡς
1713 3153 1774 3212 ἂν
1817 3177 1981 3212 καταο

387 3247 562 3306 λάϐω.
619 3245 1107 3326 Ἐμφαντικώτατα
1141 3241 1194 3301 δὲ
1242 3241 1302 3301 τὸ
1333 3243 1543 3301 διώκειν
1579 3232 1747 3303 εἶπεν.
1783 3241 1852 3303 Ὁ
1883 3243 1986 3322 γὰρ

389 3334 591 3394 διώκων
635 3335 780 3395 οὐδὲν
813 3334 944 3392 ἄλλο
986 3337 1083 3413 δρᾷ
1129 3331 1164 3403 ἢ
1207 3331 1335 3410 πρὸς
1365 3331 1396 3389 ὅ
1441 3333 1689 3404 σπεύδει,
1724 3331 1900 3390 πάντα
1931 3330 1986 3390 δὲ

389 3425 738 3506 παρέρχεται,
783 3420 874 3482 καὶ
918 3421 986 3481 τὰ
1024 3424 1254 3502 φίλτατα
1311 3421 1400 3479 καὶ
1437 3420 1503 3479 τὰ
1558 3421 1979 3498 ἀναγκαιότατα.

389 3514 575 3582 Οὕτως
632 3515 910 3593 ὀφείλομεν
970 3512 1063 3572 καὶ
1111 3515 1267 3589 ἡμεῖς
1315 3511 1593 3586 σπεύδειν,
1644 3509 1734 3570 ὑπ’
1780 3511 1985 3577 οὐδενὸς

389 3603 811 3680 διακοπτόμενοι.

473 3813 498 3838 ι
530 3782 802 3863 Ἀδελφοὶ,
858 3781 962 3861 ἐγὼ
1014 3779 1242 3859 ἐμαυτὸν
1290 3779 1436 3840 οὔπω
1482 3777 1762 3858 λογίζομαι
1805 3801 1984 3868 κατει-

392 3875 637 3955 ληφέναι.
699 3901 722 3927 ι
780 3871 1004 3943 Ἐπειδὴ
1049 3869 1224 3931 πολλὰ
1271 3869 1495 3949 ἐπῄνεσε
1546 3868 1983 3944 Φιλιππησίους,

390 3970 480 4024 νῦν
537 3963 916 4024 καταστέλλων
970 3963 1144 4021 αὐτῶν
1209 3959 1272 4018 τὸ
1318 3959 1599 4042 φρόνημα,
1664 3960 1858 4040 φησὶν,
1906 3958 1988 4016 ὅτι

390 4053 536 4132 Ἐγὼ
585 4057 614 4112 6
684 4057 931 4118 τοσοῦτος
1002 4049 1094 4110 καὶ
1179 4051 1524 4122 τηλικοῦτος,
1591 4051 1618 4106 6
1675 4049 1989 4113 διδάσκαλος

391 4147 570 4218 ὁμῶν,
671 4140 820 4200 οὔπω
902 4141 1182 4218 λογίζομαι
1253 4137 1629 4217 κατειληφέναι
1689 4136 1786 4209 τὴν
1855 4138 1983 4217 ἀρε-

391 4232 485 4305 τὴν
515 4231 760 4291 ἅπασαν*
803 4231 874 4297 ὡς
903 4228 966 4287 ἂν
1014 4230 1059 4287 εἰ
1089 4228 1175 4287 ἐπὶ
1222 4226 1455 4307 δρομέως
1489 4226 1625 4286 εἴποι
1669 4249 1765 4294 τις·
1815 4226 1987 4286 Οὔπω

391 4321 450 4378 τὸ
477 4330 582 4379 πᾶν
625 4319 811 4392 ἤνυσε.
863 4321 988 4384 Πῶς
1016 4308 1103 4376 οῦν
1137 4317 1377 4394 ἀλλαχοῦ
1402 4337 1557 4396 φησι’
1590 4343 1615 4368 σι
1655 4315 1761 4375 Τὸν
1793 4315 1985 4395 δρόμον

392 4410 678 4487 τετέλεκα,
705 4408 918 4468 Ἐκεῖνο
941 4406 1070 4488 πρὸς
1096 4411 1163 4485 τῇ
1185 4406 1404 4484 τελευτῇ
1436 4402 1508 4461 ὢν
1533 4403 1656 4485 ἔφη.

481 4527 506 4553 α
540 4499 639 4558 ⁶Εν
672 4497 761 4570 δὲ,
791 4499 895 4554 τῶν
937 4495 1032 4574 μὲν
1062 4493 1274 4553 ὄπισθεν
1326 4494 1835 4571 ἐπιλανθανόμενος,
1879 4500 1986 4557 τοῖς

389 4589 443 4648 δὲ
491 4588 784 4668 ἔμπροσθεν
836 4583 1278 4660 ἐπεκτεινόμενος.
1334 4605 1362 4640 n
1423 4581 1524 4640 ίῈν
1557 4587 1726 4657 ποιῶ,
1793 4581 1984 4662 φησὶν,

392 4678 500 4746 ἑνὸς
537 4677 752 4757 γίνομαι
791 4675 984 4754 μόνου,
1026 4672 1167 4741 ὅπως
1219 4671 1302 4730 ἀεὶ
1344 4671 1729 4751 προκόπτοιμι·
1760 4672 1982 4730 ἐπιλαν-

392 4771 618 4845 θάνομαι
645 4770 750 4826 τῶν
781 4763 1215 4846 κατορθωμάτων
1237 4805 1254 4834 ,
1290 4761 1382 4820 καὶ
1405 4760 1601 4840 ἀφίημι
1626 4761 1760 4819 αὐτὰ
1791 4759 1987 4834 ὀπίσω,

392 4857 483 4915 καὶ
513 4857 626 4916 οὐδὲ
659 4856 940 4932 μέμνημαι
983 4852 1118 4920 ὅλως
1176 4852 1384 4923 αὐτῶν,
1437 4849 1528 4908 καὶ
1576 4848 1716 4909 οὕτω
1771 4847 1838 4907 τὰ
1888 4847 1987 4925 ἔμ-

391 4951 615 5025 τῳοσθεν
645 4945 820 5003 διώκω
839 4986 855 5016 ,
887 4947 958 5011 ὡς
997 4938 1247 5000 λείποντά
1281 4963 1403 5018 μοι·
1434 4942 1503 5005 ὣς
1533 4939 1563 4996 ὅ
1575 4961 1634 5018 γε
1661 4938 1808 5015 [ἤδη]
1842 4962 1990 4998 τετε-

390 5038 639 5095 λειῶσθαι
683 5033 908 5111 νομίζων
956 5030 1222 5091 παύσεται
1253 5027 1486 5110 τρέχων,
1533 5032 1602 5094 ὡς
1646 5028 1750 5100 ἤδη
1783 5026 1844 5086 τὸ
1879 5035 1987 5086 πᾶν

393 5123 772 5205 κατωρθωκώς.
821 5121 892 5180 Τί
927 5120 986 5180 δέ
1032 5123 1143 5179 ἐστι
1222 5119 1316 5190 τὸ,
1369 5148 1391 5170 ει
1433 5115 1934 5193 Ἐπεκτεινόμενοςς
1963 5145 1986 5169 ν

393 5216 554 5275 Τοῦτ’
581 5214 693 5274 ἔστι
715 5234 728 5246 ·
766 5212 902 5292 Πρὶν
943 5211 1145 5292 φθάσαι
1177 5207 1250 5284 2⁸,
1299 5207 1485 5268 λαϐεῖν
1521 5207 1864 5281 σπουδάζων,
1897 5206 1988 5264 καὶ

392 5303 512 5372 τοὺς
579 5302 780 5377 πόδας,
835 5300 1007 5360 καίτοι
1057 5297 1374 5380 τρέχοντας,
1422 5299 1499 5378 τῷ
1555 5298 1728 5377 λοιπῷ
1779 5294 1989 5373 σώματι

467 5472 481 5508 ι
514 5475 537 5529 Ι
568 5473 696 5529 Cor.
728 5487 794 5542 x,
836 5475 918 5527 12.
993 5470 1089 5526 ιι³1
1127 5471 1263 5526 Cor.
1296 5483 1385 5537 ix,
1417 5472 1508 5527 27.

2084 649 2322 720 intellige
2353 648 2628 706 celebrem
2668 650 2726 705 in
2753 649 2995 706 nubibus
3033 651 3423 714 sublationem.
3470 658 3680 718 Omnes

2085 738 2288 794 etenim
2312 746 2630 810 resurgunt,
2662 746 2718 794 at
2744 755 2860 796 non
2890 756 3082 798 omnes
3121 747 3456 817 resurgendo
3495 751 3676 807 suble-

2086 827 2359 884 vabuntur
2384 828 2442 883 in
2471 827 2644 884 nubes
2673 847 2686 883 :
2723 844 2914 885 verum
2947 839 3260 901 peccatores
3285 834 3428 892 infra
3457 840 3676 909 quidem

2083 924 2396 989 exspectant
2421 916 2700 986 Judicem,
2729 919 2901 975 sancti
2945 936 3073 976 vero
3105 921 3161 977 in
3191 923 3364 980 nubes
3393 929 3680 999 rapiuntur

2082 1007 2141 1062 in
2171 1022 2463 1062 occursum
2485 1005 2724 1062 Domini.
2743 1009 3023 1080 Intelliges
3045 1018 3236 1068 autem
3265 1015 3414 1086 quod
3443 1015 3670 1088 dicitur,

2084 1097 2241 1152 exiis
2269 1111 2392 1168 quae
2433 1104 2754 1168 sequuntur.
2812 1099 3063 1156 Mortuus
3107 1109 3222 1168 est,
3251 1103 3455 1176 inquit,
3485 1106 3677 1164 Chris-

2084 1193 2210 1242 tus:
2237 1187 2449 1242 morior
2471 1195 2527 1242 et
2547 1202 2670 1258 ego.
2700 1187 3026 1244 Resurrexit
3045 1189 3134 1245 ille
3154 1189 3476 1263 honorifice,
3506 1213 3682 1256 conor

2085 1283 2142 1331 et
2203 1291 2304 1348 ego
2355 1276 2676 1349 hujusmodi
2729 1278 2988 1347 consequi
3042 1283 3497 1342 resurrectionem
3548 1290 3684 1345 cele-

2083 1365 2260 1422 brem.
2292 1366 2428 1423 Vide
2454 1375 2636 1422 autem
2675 1366 2947 1424 cautelam
2977 1367 3098 1440 ejus
3123 1369 3220 1442 qui
3261 1378 3411 1429 tanta
3451 1375 3522 1430 sit
3549 1393 3685 1449 ope-

2081 1463 2252 1524 ratus,
2285 1455 2382 1528 qui
2435 1456 2506 1512 sit
2535 1471 2698 1527 supra
2736 1455 3008 1512 homines.
3056 1459 3119 1515 Si
3164 1475 3266 1530 quo
3314 1463 3469 1519 modo
3499 1481 3688 1536 perre-

2082 1547 2251 1601 niam.
2317 1544 2584 1602 Nondum
2643 1546 2793 1600 enim
2857 1545 3044 1603 audax
3087 1555 3144 1604 et
3196 1551 3482 1610 conlidens
3531 1571 3675 1626 sum,

2083 1634 2265 1705 inquit
2297 1653 2310 1688 :
2343 1634 2483 1690 adeo
2509 1634 2705 1691 humili
2747 1634 2942 1706 Spiritu
2987 1635 3231 1694 imbutus
3253 1648 3374 1696 erat
3405 1660 3422 1696 :
3452 1647 3598 1714 quod
3629 1655 3683 1701 et

2081 1724 2188 1779 alio
2219 1724 2272 1779 in
2291 1723 2410 1780 loco
2433 1724 2528 1791 ait,
2560 1725 2667 1790 Qui
2690 1725 2904 1780 videtur
2929 1730 3096 1796 stare,
3126 1728 3312 1784 videat
3340 1747 3406 1786 ne
3433 1733 3624 1790 cadatl
3665 1755 3678 1790 :

2015 1852 2064 1914 Β
2095 1821 2170 1914 et,
2199 1816 2274 1914 N_e
2302 1829 2406 1884 quo
2431 1814 2586 1870 modo
2627 1815 2757 1870 aliis
2779 1815 3110 1886 praedicans,
3142 1819 3258 1888 ipse
3284 1822 3539 1891 reprobus
3575 1827 3685 1893 efﬁ-

2096 1905 2212 1958 ciar
2229 1905 2292 1959 ".

2164 1996 2334 2050 Vsus.
2363 1998 2446 2049 12.
2477 1997 2594 2053 Νοη
2621 1995 2761 2065 quod
2776 1995 2898 2065 jam
2935 1996 3261 2066 accederim,
3291 2004 3392 2055 aut
3410 2001 3532 2071 jam
3570 2020 3689 2073 per-

2092 2085 2270 2150 fectus
2313 2085 2440 2140 sim.
2482 2085 2624 2140 Cum
2673 2083 2922 2155 dixisset,
2953 2087 3017 2143 Si
3047 2102 3149 2156 quo
3185 2089 3340 2144 modo
3382 2107 3678 2158 occurram,

2092 2172 2385 2228 conﬁrmat
2433 2173 2560 2242 hoc,
2603 2173 2862 2245 inquiens
2912 2193 2924 2228 :
2980 2177 3276 2246 Propterea
3317 2178 3394 2235 sic
3440 2179 3548 2236 dixi
3592 2199 3688 2254 per

2092 2261 2527 2336 ambiguitatem,
2566 2263 2696 2335 quia
2723 2263 2976 2321 nondum
3008 2266 3191 2339 accepi
3222 2267 3512 2339 brabeum,
3555 2287 3692 2328 non-

2091 2351 2227 2410 dum
2257 2351 2533 2425 perfectus
2556 2368 2705 2410 sum.

2165 2446 2458 2514 Persequor
2480 2447 2680 2513 autem,
2735 2443 2786 2499 si
2821 2449 2878 2500 et
2917 2446 3380 2517 comprehendam,
3425 2455 3691 2520 quatenus

2092 2539 2142 2590 et
2162 2534 2568 2604 comprehensus
2597 2549 2716 2613 sum
2744 2549 2780 2589 a
2807 2533 3016 2590 Christo
3040 2539 3178 2590 Jesu.
3206 2538 3351 2608 Ego,
3396 2538 3603 2610 inquit,
3633 2541 3689 2597 in

2091 2621 2386 2680 certamine
2423 2621 2599 2678 adhuc
2623 2637 2828 2691 versor,
2849 2622 3028 2680 adhuc
3055 2640 3276 2696 sequor,
3300 2627 3348 2682 si
3376 2643 3487 2700 quo
3521 2630 3692 2686 modo

2091 2727 2288 2786 queam
2329 2711 2792 2784 comprehendere
2828 2713 2998 2770 ﬁnem
3045 2723 3100 2770 et
3142 2714 3433 2773 brabeum.
3482 2719 3694 2776 Deinde

2092 2800 2386 2859 ostendens
2435 2816 2554 2858 rem
2584 2801 2762 2873 ipsam
2801 2817 2919 2858 esse
2957 2801 3223 2868 debitum,
3264 2805 3448 2862 subdit
3491 2825 3505 2862 :
3554 2810 3693 2877 Quo-

2090 2895 2242 2946 niam
2271 2900 2319 2947 et
2365 2892 2764 2962 comprehensus
2791 2908 2912 2947 sum
2949 2909 2989 2948 a.
3019 2892 3228 2949 Christo
3275 2913 3292 2950 :
3323 2895 3376 2952 id
3407 2902 3510 2966 est,
3546 2900 3690 2956 Cum

2091 2995 2268 3036 essem
2317 2996 2382 3036 ex
2427 2979 2779 3052 pereuntibus
2834 2990 2892 3037 et
2928 2981 3330 3051 condemnatis,
3373 2997 3696 3056 persecutus

2090 3078 2173 3126 est
2196 3085 2285 3127 me
2315 3069 2597 3136 Christus,
2629 3077 2686 3125 et
2728 3069 3026 3143 fugientem
3056 3071 3124 3126 ab
3152 3088 3216 3128 eo
3245 3075 3690 3145 comprehendit,

2091 3166 2146 3214 et
2183 3158 2253 3216 ad
2279 3174 2396 3216 sese
2419 3159 2710 3217 convertit.
2738 3161 2925 3217 Debeo
2956 3161 3136 3233 itaque
3166 3171 3220 3217 et
3267 3179 3368 3235 ego
3397 3165 3582 3235 ipsum
3610 3183 3694 3222 se-

2094 3252 2186 3324 qui
2231 3251 2532 3324 deinceps,
2580 3261 2645 3310 ut
2687 3252 3116 3325 apprehendam.
3183 3255 3697 3328 Signiﬁcantissimc

2093 3350 2279 3398 autem
2321 3343 2476 3411 dixit,
2521 3342 2738 3398 διῶκειν.
2777 3343 2881 3413 Qui
2932 3345 3083 3400 enim
3136 3347 3505 3418 persequitur,
3554 3349 3690 3405 nihil

2094 3429 2244 3486 aliud
2273 3431 2537 3499 intuetur,
2560 3448 2736 3504 quam
2785 3429 2856 3487 ad
2894 3431 3045 3503 quod
3074 3434 3358 3502 accelerat,
3387 3437 3484 3493 sed
3509 3441 3694 3495 omnia

2096 3519 2340 3590 praeterit
2382 3535 2510 3575 cum
2537 3519 2883 3586 charissima,
2913 3527 3034 3575 tum
3064 3523 3305 3578 maxime
3333 3528 3644 3584 necessaria
3681 3549 3692 3583 :

2094 3602 2239 3657 hunc
2262 3603 2333 3659 ad
2359 3601 2587 3658 modum
2615 3610 2672 3658 et
2699 3618 2803 3658 nos
2824 3601 3084 3661 festinare
3117 3605 3386 3664 debemus
3427 3610 3579 3666 nulla
3634 3628 3694 3667 rc

2095 3691 2360 3764 impediti.

2166 3778 2276 3851 45
2289 3781 2330 3850 1
2348 3783 2521 3836 Vnus.
2545 3784 2566 3834 ι
2578 3783 2629 3835 3.
2642 3781 2882 3848 Fratres,
2897 3797 2990 3850 ego
3002 3797 3084 3838 me
3094 3783 3332 3838 nondum
3343 3783 3549 3841 arbitor
3560 3803 3698 3844 com-

2091 3870 2456 3939 prehendisse.
2479 3868 2618 3938 Quia
2642 3869 2940 3941 plurimum
2962 3869 3280 3928 laudaverat
3301 3873 3695 3947 Philippenses,

2095 3975 2241 4014 nunc
2269 3961 2517 4031 ipsorum
2549 3958 2813 4032 dejiciens
2839 3957 3124 4028 affectum,
3153 3964 3290 4034 Ego,
3328 3962 3526 4036 inquit,
3565 3966 3694 4024 talis

2095 4065 2156 4104 ac
2193 4058 2402 4114 tantus,
2454 4056 2756 4120 praeceptor
2808 4057 3005 4118 vester,
3063 4050 3312 4108 nondum
3367 4052 3564 4125 opinor
3604 4072 3694 4112 me

2095 4139 2519 4210 apprehendisse
2556 4138 2816 4195 virtutem
2853 4140 3163 4198 universam
3210 4159 3226 4196 :
3276 4143 3499 4214 perinde
3539 4147 3692 4219 quasi

2097 4229 2163 4284 de
2205 4243 2430 4285 cursore
2459 4227 2654 4300 aliquis
2691 4227 2838 4284 dicat
2873 4247 2885 4284 :
2923 4230 3185 4287 Nondum
3214 4239 3396 4290 totum
3443 4233 3686 4306 perfecit.

2098 4317 2205 4388 Qui
2247 4319 2414 4391 igitur
2456 4319 2565 4375 alio
2592 4317 2648 4374 in
2689 4319 2810 4374 loco
2844 4318 2942 4388 ait,
2983 4320 3208 4377 Cursum
3244 4329 3697 4382 consummavi“?

2097 4413 2171 4462 At
2193 4405 2324 4462 illud
2354 4406 2519 4463 morti
2550 4405 2758 4464 vicinus
2783 4406 2940 4463 dixit.

2172 4499 2345 4554 Vens.
2395 4502 2479 4551 14.
2531 4497 2704 4552 Unum
2740 4501 2941 4564 autem,
2985 4515 3104 4568 qua:
3129 4501 3346 4569 quidem
3375 4508 3520 4558 retro
3543 4503 3696 4562 sunt.

2101 4587 2428 4649 obliviscens,
2467 4586 2540 4640 ad
2577 4601 2640 4640 ea
2673 4601 2796 4640 vero
2833 4601 2953 4656 qua:
2987 4592 3113 4641 sunt
3149 4591 3364 4658 priora,
3406 4593 3700 4648 attendens

2100 4679 2386 4749 meipsum.
2419 4679 2632 4743 Unum,
2682 4674 2882 4746 inquit,
2914 4673 3069 4740 facio,
3119 4693 3292 4732 unum
3341 4679 3445 4735 hoc
3486 4681 3697 4737 solum—

2100 4766 2269 4822 modo
2296 4763 2592 4832 contendo,
2624 4774 2686 4820 ut
2707 4780 2925 4835 semper
2962 4780 3318 4836 promoveam
3353 4787 3366 4824 :
3406 4769 3696 4827 obliviscor

2101 4871 2331 4927 operum
2355 4862 2785 4921 transactorum,
2817 4868 2990 4925 eaque
3017 4863 3140 4925 post
3164 4864 3381 4928 tergum
3410 4858 3660 4932 relinquo
3682 4901 3697 4928 ,

2101 4956 2156 5003 et
2179 4961 2371 5003 eorum
2400 4961 2625 5018 prorsus
2647 4961 2718 5002 ne
2739 4943 3003 5000 recordor
3036 4945 3284 5017 quidem,
3315 4964 3380 5005 ac
3405 4949 3485 5006 sic
3514 4952 3693 5022 priora

2100 5043 2299 5108 etquae
2330 5040 2460 5090 ante
2480 5049 2569 5088 me
2601 5041 2754 5100 sunt,
2783 5049 3082 5106 persequor
3117 5049 3218 5092 ceu
3251 5052 3312 5093 ea
3343 5053 3469 5110 quae
3504 5039 3687 5096 desint

2101 5123 2256 5179 mihi.
2286 5124 2428 5179 Nam
2453 5121 2544 5194 qui
2580 5137 2639 5178 se
2671 5136 2899 5178 cursum
2924 5122 3222 5180 absolvisse
3249 5133 3423 5198 putat,
3462 5142 3494 5183 a
3522 5144 3686 5186 cursu

2098 5212 2328 5280 desistit,
2365 5219 2634 5284 tanquam
2671 5212 2768 5284 qui
2810 5220 2988 5269 totu
3019 5213 3139 5285 jam
3179 5215 3498 5274 confecerit.
3551 5214 3695 5289 Quid

2099 5318 2229 5359 vero
2255 5309 2359 5370 est,
2388 5301 2738 5359 Extendens?
2763 5303 2884 5358 Hoc
2913 5309 3014 5372 est,
3043 5302 3367 5377 Priusquam
3395 5320 3694 5378 pervenero

1584 5475 1610 5504 ιι
1639 5469 1689 5524 Il
1717 5465 1870 5525 Tim.
1906 5480 1992 5536 ιν,
2039 5473 2092 5521 7.

1793 5608 1983 5668 Varia
2027 5609 2331 5668 lectiones.

467 5759 514 5796 ’°
540 5759 597 5814 οὖ
622 5760 789 5832 μέντοι
815 5759 993 5822 πάντες
1022 5773 1074 5815 o.
1152 5757 1190 5791 ²¹
1230 5756 1339 5818 τοὺς
1367 5755 1602 5828 οὖρανοῦς
1628 5771 1686 5811 ο.
1759 5753 1804 5788 ³³
1829 5753 2001 5825 φθάσω
2031 5769 2088 5812 ο.
2161 5752 2208 5788 ³³
2233 5751 2283 5807 ἐν
2319 5749 2515 5824 Χριστῷ
2539 5765 2600 5809 ο.
2675 5749 2721 5786 ³⁸
2742 5751 2917 5806 φθάσω
2948 5768 3006 5811 o.
