4124 6424
307 442 445 496 1189

1199 442 1550 499 EXPOSITIO
1590 442 1657 497 IN
1698 442 1904 500 EPIST.
1946 447 2037 501 AD
2077 446 2365 504 PHILIPP.
2406 478 2476 490 —
2515 446 2668 503 CAP.
2709 445 2801 500 III.

3467 447 3607 501 H9O

303 564 358 624 δὲ
409 563 501 625 καὶ
531 564 708 625 ἀνέσει
760 567 973 635 ζῶντες’
1028 565 1239 635 τούτους
1283 568 1502 649 ἐχθροὺς
1528 573 1621 629 τοῦ
1664 574 1893 649 σταυροῦ
1925 620 1934 638 ,

2021 571 2274 643 viventes,
2304 571 2408 629 hos
2443 571 2627 630 hostes
2653 570 2828 628 crucis
2856 568 3110 643 appellat.
3150 572 3285 627 Haec
3312 570 3461 627 enim
3491 571 3607 627 ani-

302 678 483 734 φησιν.
516 653 588 714 ιΟ
608 654 706 731 μὲν
745 653 850 735 γὰρ
885 654 1064 736 ψυχὴν
1092 657 1331 729 ἐπιζητεῖ
1356 656 1803 737 παρατεταμένην
1829 661 1901 726 εἷς

304 744 561 818 θάνατον,
621 745 860 825 διψῶσαν
903 744 1138 805 κίνδυνον
1162 769 1175 783 ⁸
1202 746 1349 806 αὐτοὶ
1370 744 1425 807 δὲ
1454 748 1762 808 ἐκλέλυνται
1809 748 1901 808 καὶ

304 833 622 901 ἀπεναντίας
650 833 834 916 ἐκείνῳ
865 834 1255 897 πολιτεύονται.
1298 838 1365 897 Εἰ
1403 836 1507 917 γὰρ
1537 839 1626 898 τὸν
1674 840 1899 920 σταυρὸν

305 922 545 1004 ἐφίλουν,
601 921 923 994 ἐσπούδαζον
962 924 1024 984 ἂν
1056 926 1143 997 τὸν
1191 925 1589 1008 ἐσταυρωμένον
1623 926 1737 1009 βίον
1782 931 1899 1008 ζῇν,

303 1014 392 1072 τὸν
442 1011 801 1094 κατάπικρον.
852 1013 935 1073 Οὖ
967 1012 1251 1095 φρίττομεν
1305 1015 1522 1093 λοιπὸν,
1578 1016 1629 1076 εἴ
1652 1040 1712 1096 γε
1741 1021 1769 1077 6
1807 1021 1902 1092 τῆς

304 1106 506 1183 τρυφῆς
542 1101 720 1182 φίλος,
768 1101 862 1162 καὶ
909 1106 1004 1175 τῆς
1035 1104 1261 1163 ἐνταῦθα
1309 1103 1560 1179 ἀνέσεως,
1609 1106 1701 1166 καὶ
1727 1108 1900 1188 ἀσφα-

303 1192 471 1275 λείας,
503 1191 689 1271 ἐχθρός
720 1193 834 1252 ἐστι
860 1196 953 1253 τοῦ
979 1199 1212 1275 σταυροῦ
1234 1199 1327 1253 τοῦ
1353 1197 1621 1275 Χριστοῖῖς

395 1304 425 1340 α
448 1271 552 1341 ’Ὧν
582 1285 610 1340 6
640 1281 753 1349 θεὸς
797 1285 832 1354 ἡ
876 1283 1075 1345 κοιλία.
1110 1271 1141 1341 ὦ
1196 1271 1527 1366 Αατρεύουσι
1563 1271 1667 1366 γᾶρ
1700 1288 1770 1354 ὡς
1804 1290 1905 1366 θεῷ

306 1371 499 1452 ταύτῃ,
529 1370 620 1429 καὶ
671 1380 851 1432 πᾶσαν
899 1372 1183 1453 θεραπείαν
1236 1374 1587 1455 προσάγουσι.
1632 1378 1758 1443 Τοῖς
1810 1375 1905 1452 μὲν

307 1460 371 1519 τὰ
396 1460 683 1540 χρήματα,
728 1468 836 1528 τοῖς
867 1460 922 1521 δὲ
968 1466 1004 1534 ἡ
1041 1462 1215 1522 κοιλία
1269 1462 1384 1530 θεός
1407 1488 1421 1503 ·
1474 1463 1598 1545 περὶ
1630 1455 1703 1524 ὧν
1734 1466 1903 1525 ἀλλα-

306 1555 406 1630 χοῦ
436 1573 604 1632 φησι·
637 1576 661 1604 ι
705 1548 987 1629 Φάγωμεν
1018 1551 1110 1610 καὶ
1142 1552 1348 1630 πίωμεν
1367 1578 1381 1593 ·
1420 1553 1603 1634 αύριον
1630 1552 1737 1635 γὰρ
1766 1555 1906 1614 ἀπο·

307 1640 624 1716 θνήσκομεν.
659 1665 683 1692 ιο
715 1637 855 1698 Ἰδοὺ
887 1642 976 1700 καὶ
1002 1640 1156 1721 ἑτέρα
1189 1642 1624 1723 εἷδωλολατρεία.

398 1751 427 1787 α
453 1730 562 1790 Καὶ
591 1733 626 1801 ἡ
662 1728 806 1804 δόξα,
839 1732 891 1789 ἐν
1033 1731 1262 1812 αἰσχύνῃ
1314 1736 1510 1795 αὐτῶν.
1544 1761 1569 1786 ι
1599 1731 1907 1816 Τινὲς-περὶ

307 1823 400 1891 τῆς
427 1822 718 1898 περιτομῆς
761 1843 893 1901 φασι
920 1826 1104 1894 τοῦτο,
1146 1820 1213 1894 ἣν
1244 1822 1393 1882 αὐτοὶ
1424 1822 1520 1900 μὲν
1542 1820 1696 1893 δόξαν
1728 1813 1906 1902 εἶχον,

2015 678 2163 717 mam
2202 662 2431 736 inquirit
2456 671 2738 719 extensam
2768 658 2839 716 ad
2868 667 3129 726 mortem,
3159 659 3442 716 sitientem
3466 660 3613 732 peri—

2008 752 2174 807 cula:
2221 752 2325 824 ipsi
2369 761 2557 809 autem
2598 750 2761 808 soluti
2809 757 2956 820 sunt,
3005 766 3069 807 ac
3122 749 3399 806 contrario
3448 750 3608 823 plane

2008 842 2177 900 modo
2205 850 2603 900 conversantur
2627 857 2693 898 ac
2717 840 2918 897 vivunt.
2951 840 3010 898 Si
3030 840 3175 897 enim
3198 854 3419 897 crucem
3461 855 3611 896 ama-

2010 939 2157 1000 rent,
2215 931 2534 989 cruciﬁxam
2581 930 2742 987 simul
2794 931 2960 986 vitam
3005 945 3254 1003 quaerere
3301 927 3611 998 studerent,

2011 1022 2409 1079 amarulentam
2475 1019 2740 1077 videlicet.
2804 1022 2923 1076 Non
2981 1018 3271 1077 horremus
3332 1018 3503 1091 igitur
3555 1018 3614 1074 in

2015 1118 2322 1181 posterum,
2349 1110 2629 1183 siquidem
2658 1108 2984 1166 deliciarum
3001 1118 3058 1165 et
3084 1109 3284 1181 quietis
3311 1108 3611 1164 mundanae

2014 1206 2066 1255 et
2093 1200 2402 1258 securitatis
2425 1201 2654 1267 amicus,
2678 1207 2764 1256 est
2800 1198 2979 1255 hostis
3002 1198 3179 1254 crucis
3202 1198 3447 1255 Christi?

2084 1292 2256 1348 Vnus.
2290 1295 2375 1347 19.
2422 1292 2662 1359 Quorum
2684 1289 2815 1345 deus
2841 1293 3025 1345 venter
3047 1292 3145 1344 est.
3176 1288 3434 1343 Serviunt
3461 1287 3613 1343 enim

2015 1379 2145 1435 huic
2177 1388 2435 1453 tanquam
2484 1379 2589 1436 deo
2636 1394 2865 1436 omnem
2910 1392 3099 1435 curam
3143 1376 3428 1435 adhibent.
3477 1377 3619 1432 Aliis

2015 1468 2237 1540 quidem
2284 1468 2543 1541 pecunia,
2607 1468 2727 1524 aliis
2778 1483 2907 1525 vero
2960 1476 3150 1524 venter
3212 1466 3350 1523 deus
3397 1473 3502 1533 est,
3545 1464 3617 1521 de

2015 1558 2214 1630 quibus
2265 1566 2322 1615 et
2361 1557 2468 1615 alio
2513 1558 2569 1614 in
2617 1558 2736 1615 loco
2777 1558 2855 1612 ait
2899 1575 2913 1612 :
2961 1558 3206 1613 Edamus
3239 1561 3294 1613 et
3342 1556 3618 1619 bibamus,

2016 1663 2138 1704 cras
2166 1650 2309 1704 enim
2349 1650 2686 1703 moriemuro
2736 1688 2748 1701 .
2786 1648 2925 1701 Ecce
2955 1644 3190 1701 alteram
3223 1643 3612 1701 idololatriam.

2087 1740 2158 1794 Et
2178 1738 2354 1807 gloria
2374 1739 2435 1792 in
2464 1739 2779 1805 confusione
2816 1737 3074 1806 ipsorum.
3137 1732 3377 1804 Quidam
3410 1733 3515 1789 hoc
3544 1732 3618 1789 de

2018 1826 2437 1883 circumcisione
2467 1825 2678 1891 dicunt,
2711 1840 2877 1897 quam
2900 1823 3002 1895 ipsi
3046 1823 3282 1895 gloriam
3313 1822 3617 1894 putabant,

306 1906 535 1988 αἰσχύνη
565 1908 621 1967 δὲ
652 1907 814 1976 ὄντως
844 1909 1009 1971 ἐστίν.
1059 1911 1176 1970 Οὐκ
1230 1910 1343 1971 ἔστι
1388 1913 1442 1972 δὲ
1472 1918 1630 1972 τοῦτο
1660 1912 1735 1985 ³⁸,
1769 1911 1909 1972 ἀλλὰ

2021 1932 2211 1972 revera
2250 1925 2438 1972 autem
2477 1914 2780 1988 ignominia
2818 1920 2918 1970 est.
2954 1915 3076 1970 Hoc
3106 1928 3235 1969 vero
3263 1927 3380 1968 non
3408 1912 3481 1968 ita
3513 1919 3616 1980 est,

306 1997 402 2068 τὴν
434 1998 959 2079 ἀναλγησίανεαὼῶν
990 1999 1077 2058 διὰ
1118 1998 1317 2060 τούτων
1352 2001 1600 2063 δείκνυσι.
1652 2002 1757 2063 Καὶ
1804 2002 1905 2082 γὰρ

307 2088 738 2163 ἁμαρτάνοντας,
791 2087 941 2169 φησὶ,
985 2088 1099 2149 δέον
1159 2090 1587 2169 ἐγκαλύπτεσθαι
1615 2090 1706 2152 καὶ
1750 2093 1908 2152 ἐπαι-

308 2176 613 2257 σχύνεσθαι,
643 2179 692 2236 οἱ
721 2175 777 2236 δὲ
808 2176 961 2246 δόξαν
985 2186 1158 2238 ταῦτα
1188 2184 1471 2259 ἡγοῦνται.

393 2293 416 2320 ι
460 2268 531 2326 Οἱ
586 2266 656 2325 τὰ
692 2267 899 2347 ἐπίγεια
929 2277 1254 2349 φρονοῦντες.
1308 2295 1335 2325 ι
1389 2261 1553 2332 Οὗτοι
1587 2270 1691 2352 γὰρ
1727 2272 1907 2352 ἔχουσι

310 2356 425 2415 θεὸν
455 2354 552 2427 τὴν
601 2354 828 2433 κοιλίαν,
884 2359 934 2418 οῖ
974 2358 1141 2438 μηδὲν
1172 2359 1534 2441 πνευματικὸν
1581 2359 1617 2435 ἢ
1668 2361 1911 2443 οὖράνιον

310 2444 600 2523 νοούμενοι.

396 2564 419 2589 ιι
453 2534 675 2622 Ἥμῶνμ
693 2535 750 2596 δὲ
797 2534 851 2576 ²⁷
893 2537 956 2598 τὸ
1001 2538 1300 2617 πολίτευμα
1349 2540 1402 2599 ἐν
1460 2539 1698 2622 οὐρανοῖς
1744 2538 1910 2619 ὑπάρ-

312 2649 436 2703 χει,
499 2623 552 2693 ἐξ
616 2616 675 2683 οἷ
740 2624 834 2685 καὶ
907 2630 1142 2709 Σωτῆρα
1220 2616 1628 2710 ἀπεκδεχόμεθα
1716 2616 1912 2710 Κύριον

314 2716 524 2785 Ἰησοῦν
566 2714 819 2795 Χριστόν.
855 2741 882 2769 ι
924 2715 1097 2778 Ὥστε
1126 2716 1195 2779 τὰ
1234 2718 1347 2778 ἄνω
1392 2719 1474 2779 δεῖ
1498 2724 1643 2796 ἡμᾶς
1672 2726 1910 2800 φρονεῖν,

313 2805 444 2884 πρὸς
481 2804 576 2876 τὴν
618 2804 853 2882 πατρίδα
900 2810 1055 2885 ἡμῶν
1100 2806 1376 2879 σπεύδειν,
1440 2808 1564 2867 ἔνθα
1612 2808 1703 2867 καὶ
1756 2809 1909 2865 πολι-

310 2895 556 2955 τεύεσθαι
583 2895 883 2975 ἐτάχθημεν
903 2917 916 2932 ·
967 2897 1084 2957 ἐπεὶ
1115 2897 1207 2958 καὶ
1235 2902 1263 2958 6
1299 2898 1574 2971 Δεσπότης
1615 2898 1706 2956 καὶ
1738 2900 1913 2957 Βασι-

313 2982 431 3051 λεὺς
461 2986 615 3059 ἡμῶν
642 2987 783 3063 ἐκεῖ,
831 2986 923 3044 καὶ
974 2988 1169 3047 ἐκεῖθεν
1221 2988 1376 3048 αὐτὸν
1408 2986 1555 3061 ἥξειν
1603 2989 1910 3067 προσδοκῶ-

313 3098 411 3147 μεν
436 3074 490 3133 ἐν
616 3072 737 3154 δόξῃ
871 3076 1119 3157 Πατρικῇ
1150 3075 1288 3155 μετὰ
1310 3079 1414 3137 τῶν
1447 3077 1613 3160 ἁγίων
1647 3075 1909 3156 ἀγγέλων.

312 3161 485 3223 θΩστε
512 3161 605 3223 καὶ
655 3161 762 3222 ἀπὸ
812 3168 907 3224 τοῦ
936 3164 1127 3245 τόπου,
1177 3167 1271 3227 καὶ
1314 3166 1541 3227 ἀπὸτοῦ
1588 3165 1912 3248 προσώπου,

315 3252 690 3325 δυσωπήθητε.

397 3371 419 3395 σι
450 3342 553 3410 “Oc
587 3343 1053 3426 μετασχηματίσει
1083 3344 1146 3405 τὸ
1195 3349 1357 3424 σῶμα
1397 3349 1492 3419 τῆς
1540 3344 1912 3413 ταπεινώσεως

315 3436 487 3510 ἡμῶν.
540 3460 565 3485 ι
596 3433 786 3492 Πολλὰ
813 3440 902 3492 νῦν
928 3434 1129 3514 πάσχει
1158 3434 1216 3494 τὸ
1246 3459 1404 3511 σωμα
1434 3458 1449 3474 ο
1474 3436 1770 3513 δεσμεῐται,
1807 3459 1909 3513 μα-

315 3522 590 3596 στίζεται,
648 3522 853 3604 μυρίοις
901 3525 1088 3593 δεινοῖς
1156 3524 1538 3586 ἱποϐοίλλεται.
1596 3524 1701 3584 Διὰ
1762 3529 1915 3583 τοῦτο

316 3610 688 3680 ταπεινώσεως
735 3616 925 3691 σῶμα,
951 3613 1032 3674 ὅτι
1080 3619 1247 3697 φθορᾷ
1276 3613 1369 3673 καὶ
1408 3612 1692 3695 ἀλγηδόσιν
1706 3613 1761 3653 ³⁸
1783 3613 1918 3674 ὑπό-

314 3725 523 3762 κειται·
590 3700 730 3761 ἀλλὰ
772 3703 1456 3783 μετασχηματισθήσεται,
1518 3702 1793 3774 τουτέστι,
1855 3704 1916 3764 τὸ

316 3791 448 3850 αὐτὸ
493 3793 646 3868 μένον
679 3792 951 3852 ἐνδύσεται
1005 3794 1307 3875 ἀφθαρσίαν
1332 3817 1348 3832 ο
1393 3794 1916 3875 μετασχηματισμὸν

316 3880 421 3961 γὰρ
444 3880 541 3953 τὴν
566 3879 673 3940 ἀπὸ
703 3887 897 3962 φθορᾶς
922 3883 1160 3962 ἀλλαγὴν
1190 3883 1401 3956 νόησον.

411 3994 440 4030 (ι
471 3972 567 4037 Εἷς
622 3969 684 4030 τὸ
740 3971 983 4050 γενέσθαι
1035 3972 1163 4031 αὐτὸ
1220 3973 1533 4054 σύμμορφον
1573 3974 1651 4051 τῷ
1702 3970 1919 4049 σώματι

318 4063 416 4132 τῆς
446 4059 595 4132 δόξης
623 4061 807 4122 αὐτοῦ.
837 4086 862 4117 ιι
901 4061 1126 4134 Ἐπειδὴ
1149 4063 1460 4145 σύμμορφον
1493 4063 1685 4133 αὐτοῦ,
1731 4061 1915 4144 φησὶν,

320 4150 527 4231 ἐγένετο
568 4147 656 4208 διὰ
721 4153 815 4221 τῆς
855 4150 1129 4219 κοινωνίας
1172 4156 1280 4212 τῶν
1318 4156 1540 4228 παθῶν,
1604 4150 1917 4232 σύμμορφον

319 4239 602 4320 γενήσεται
647 4238 740 4298 καὶ
871 4239 1017 4322 δόξῃ.
1066 4240 1277 4303 Βαϐαίί
1309 4241 1360 4301 τί
1390 4232 1539 4316 sine;
1566 4243 1663 4321 Τῷ
1692 4240 1796 4299 ὑπὸ
1819 4245 1923 4300 τῶν

323 4327 564 4408 ἀγγέλων
608 4330 1079 4411 προσκυνουμένῳ,
1135 4332 1212 4411 τῷ
1266 4332 1319 4389 ἐν
1372 4330 1514 4409 δεξιᾷ
1559 4334 1652 4388 τοῦ
1710 4330 1925 4411 Πατρὸς

321 4416 639 4496 καθημένω,
689 4421 766 4500 τῷ
811 4424 906 4490 τῆς
961 4419 1110 4493 δόξης
1176 4419 1289 4479 ὄντι
1345 4420 1579 4497 σώματι
1609 4416 1923 4500 σύμμορφον

2016 2005 2112 2062 sed
2149 2005 2445 2061 stultitiam
2477 2004 2723 2077 ipsorum
2755 2002 3009 2059 ostendit.
3042 2004 3185 2058 Nam
3230 2001 3323 2073 qui
3369 2007 3616 2073 peccant,

2016 2095 2181 2151 velari
2224 2111 2319 2152 eos
2358 2111 2423 2151 ac
2451 2093 2713 2167 pudeﬁeri
2751 2100 3002 2165 oportet;
3050 2091 3142 2147 isti
3187 2106 3317 2148 vero
3354 2090 3477 2148 haec
3513 2089 3619 2146 sibi

2016 2185 2207 2258 gloria:
2232 2184 2459 2242 ducunt.

2092 2274 2195 2341 Qui
2248 2279 2463 2331 terrena
2512 2275 2756 2345 sapiunt.
2813 2270 2887 2327 Hi
2946 2271 3095 2328 enim
3151 2277 3395 2327 ventrem
3449 2267 3619 2327 deum

2020 2362 2250 2436 habent,
2294 2364 2388 2437 qui
2430 2362 2565 2420 nihil
2612 2362 2903 2435 spirituale
2949 2369 3046 2419 aut
3072 2361 3293 2419 caeleste
3348 2362 3615 2434 cogitant.

2094 2548 2268 2601 Vnus.
2304 2548 2392 2599 20.
2424 2545 2621 2601 Nostra
2651 2546 2829 2607 autem
2859 2542 3189 2597 conversatio
3232 2542 3290 2595 in
3314 2522 3471 2597 ’cwlis
3512 2545 3621 2609 est,

2019 2635 2166 2690 unde
2186 2637 2346 2688 etiam
2366 2633 2705 2691 Saluatorem
2736 2636 3106 2702 exspectamus
3128 2633 3413 2685 Dominum
3444 2634 3622 2686 Iesum

2023 2724 2316 2779 Christum.
2349 2723 2543 2793 Itaque
2593 2736 2718 2792 quae
2740 2736 2973 2792 superna
3013 2728 3165 2787 sunt,
3208 2736 3310 2775 nos
3328 2736 3519 2790 sapere
3568 2727 3626 2776 et

2020 2812 2280 2868 affectare
2319 2820 2558 2884 oportet,
2590 2820 2646 2866 et
2672 2809 2742 2866 ad
2773 2810 3011 2881 patriam
3043 2817 3295 2865 nostram
3330 2807 3621 2877 festinare,

2025 2903 2113 2957 ubi
2169 2902 2351 2957 vivere
2402 2908 2459 2956 et
2512 2899 2853 2956 commorari
2916 2899 3078 2954 nobis
3132 2898 3455 2954 ordinatum
3517 2906 3621 2966 est,

2022 2990 2472 3064 quandoquidem
2516 2997 2573 3045 et
2597 2989 2871 3045 Dominus
2899 2996 2954 3044 et
2990 2991 3114 3044 Rex
3161 2996 3350 3043 noster
3378 2987 3487 3043 illic
3528 2988 3621 3053 sit,

2021 3090 2186 3153 atque
2225 3080 2376 3136 illinc
2408 3078 2592 3151 ipsum
2621 3087 2916 3134 venturum
2951 3085 3335 3149 exspectamus
3363 3076 3415 3132 in
3451 3076 3623 3149 gloria

2023 3169 2193 3244 453
2221 3173 2452 3226 Paterna
2480 3184 2611 3225 cum
2645 3168 2844 3225 sanctis
2869 3167 3095 3240 angelis.
3130 3170 3321 3239 itaque
3352 3174 3409 3223 et
3444 3183 3475 3222 a
3505 3166 3627 3223 loco

1941 3249 1988 3315 C
2028 3270 2083 3319 et
2104 3276 2135 3317 a
2166 3275 2399 3333 persona
2429 3258 2499 3316 ad
2528 3258 2796 3332 pudorem
2834 3256 3315 3314 commoveamini.

2089 3353 2270 3406 Vnus.
2286 3355 2349 3405 21
2362 3348 2488 3415 .Qui
2498 3348 2917 3418 transﬁgurabit
2926 3362 3119 3417 corpus
3131 3347 3528 3402 humiliationis
3545 3362 3632 3402 no-

2020 3445 2166 3496 strae.
2188 3438 2365 3494 Multa
2382 3453 2530 3493 nunc
2539 3436 2744 3509 patitur
2759 3451 2960 3507 corpus
2984 3454 2998 3491 :
3022 3436 3276 3504 vincitur,
3298 3435 3627 3507 ﬂagellatur,

2022 3528 2321 3583 innumeris
2340 3525 2500 3583 malis
2518 3524 2795 3596 objicitur.
2820 3525 2908 3581 Ob
2929 3523 3068 3579 hanc
3089 3539 3206 3579 rem
3231 3523 3629 3582 humiliationis

2024 3632 2221 3689 corpus
2247 3623 2349 3684 est,
2374 3612 2526 3687 quod
2549 3612 2890 3685 corruptioni
2918 3622 3079 3684 atque
3107 3611 3285 3669 dolori
3312 3611 3626 3684 subjectum

2024 3706 2097 3764 sit
2150 3724 2163 3762 :
2210 3704 2305 3763 sed
2342 3702 2844 3775 transﬁgurabitur,
2890 3701 2948 3759 id
2975 3709 3078 3768 est,
3108 3700 3258 3758 idem
3289 3717 3626 3773 permanens

2029 3796 2220 3852 induet
2274 3791 2868 3865 incorruptibilitatem.
2922 3794 3029 3847 Per
3082 3790 3625 3863 transﬁgurationem

2029 3888 2171 3941 enim
2198 3902 2229 3941 a
2252 3884 2607 3955 corruptione
2637 3882 3000 3938 mutationem
3024 3880 3287 3954 intellige.

2107 3978 2176 4031 Ut
2194 3977 2468 4046 efﬁciatur
2492 3975 2767 4042 conforme
2792 3974 3202 4044 ipsumlcorpori
3224 3973 3408 4044 glorise
3428 3974 3622 4042 ipsius.

2031 4067 2524 4141 Quandoquidem,
2556 4067 2766 4140 inquit,
2812 4064 3102 4123 conforme
3144 4065 3245 4138 ipsi
3292 4063 3502 4121 factum
3547 4073 3633 4122 est

2031 4176 2131 4232 per
2156 4158 2526 4216 al'ﬂictionum
2548 4156 3127 4225 communicationem,
3151 4154 3436 4212 conforme
3462 4155 3632 4211 etiam

2031 4248 2298 4306 efﬁcietur
2323 4247 2511 4319 gloriae
2549 4247 2737 4319 ipsius.
2785 4248 2977 4318 Papae!
3017 4245 3150 4319 quid
3188 4245 3367 4303 dixit?
3398 4246 3459 4305 Ei
3485 4243 3633 4317 quod

2033 4338 2103 4396 ab
2147 4338 2355 4412 angelis
2381 4336 2664 4406 adoratur,
2691 4335 2841 4409 quod
2868 4334 2941 4393 ad
2968 4334 3224 4393 dextram
3250 4335 3426 4391 Patris
3455 4336 3632 4404 sedet,

2033 4429 2220 4503 gloriae
2265 4427 2483 4501 corpori
2533 4426 2824 4486 conforme
2870 4425 2938 4483 ﬁt
2992 4441 3194 4498 corpus
3247 4433 3522 4492 nostrum,
3570 4442 3635 4481 ac

321 4506 525 4590 γίνεται
550 4507 611 4567 τὸ
640 4509 798 4586 σῶμα
818 4511 974 4585 ἡμῶν
989 4552 1006 4582 ,
1029 4507 1122 4569 καὶ
1137 4507 1276 4568 οὕτω
1301 4507 1606 4581 δοξάζεται,
1635 4511 1708 4576 ὥς
1723 4510 1919 4568 ἐκεῖνοι

2030 4516 2251 4590 perinde
2276 4515 2617 4589 gloriﬁcatur
2645 4523 2706 4571 ut
2733 4513 2895 4573 illud!
2931 4517 3124 4570 Nonne
3151 4512 3312 4584 igitur
3341 4512 3386 4569 si
3420 4513 3635 4568 univer-

318 4587 458 4675 Ἆρα
485 4597 547 4656 ἂν
597 4606 748 4657 πᾶσα
782 4602 817 4670 ἡ
847 4597 1135 4675 οἰκουμένη
1169 4597 1258 4658 ἐπὶ
1285 4598 1348 4660 τὸ
1394 4597 1521 4658 αὐτὸ
1565 4595 1771 4678 δακρύῃ
1799 4596 1920 4666 τοὺς

2026 4587 2120 4664 sus
2147 4587 2391 4663 mundus
2433 4604 2596 4662 simul
2641 4604 2974 4677 lacrymetur
3003 4618 3068 4658 ac
3105 4601 3309 4657 deﬂeat
3348 4616 3443 4657 eos
3468 4602 3562 4674 qui
3603 4617 3634 4656 a

321 4685 672 4756 ἐκπίπτοντας
728 4690 826 4760 τῆς
872 4686 1123 4761 τοιαύτης
1179 4687 1327 4761 δόξης
1351 4737 1363 4759 ,
1413 4686 1569 4756 ἀξίως
1631 4687 1913 4766 δακρύσει;

408 4797 437 4832 ι
483 4774 639 4836 Κατὰ
694 4776 793 4848 τὴν
842 4775 1107 4856 ἐνέργειαν
1160 4780 1256 4835 τοῦ
1307 4777 1562 4837 δύνασθαι
1613 4775 1772 4835 αὐτὸν
1826 4776 1920 4834 καὶ

318 4864 577 4935 ὑποτάξαι
625 4867 800 4947 ἑαυτῷ
847 4866 915 4925 τὰ
944 4866 1146 4929 πάντα.
1195 4890 1227 4923 ιι
1261 4865 1487 4941 Ἐπειδὴ
1515 4866 1655 4946 μέγα
1680 4856 1796 4924 εἷπε
1826 4864 1919 4925 καὶ

319 4953 507 5034 σχεδὸν
538 4954 761 5038 ἄπιστον
782 5003 799 5036 ,
831 4956 962 5038 φησί
985 4979 999 4994 ο
1031 4955 1127 5029 Μὴ
1168 4956 1477 5035 ἀπιστήσῃς
1499 4980 1513 4994 ο
1562 4955 1785 5032 δύναμιν
1814 4953 1917 5035 γὰρ

318 5043 457 5123 ἔχει,
493 5047 560 5105 δι’
591 5034 655 5119 ἧς
676 5034 879 5127 ἐνεργεῖ
898 5045 966 5105 τὰ
998 5045 1207 5124 πάντα,
1240 5045 1333 5104 καὶ
1360 5034 1616 5115 ὕπέταξεν
1647 5043 1919 5123 ἀγγέλους,

318 5135 411 5193 καὶ
443 5135 838 5216 ἀρχαγγέλους,
890 5135 983 5194 καὶ
1012 5134 1269 5213 δαίμονας
1290 5156 1305 5172 ·
1323 5135 1461 5195 ὥστε
1492 5137 1609 5194 ἐπεὶ
1648 5133 1824 5193 ἐκεῖνα
1852 5135 1920 5194 τὰ

323 5225 488 5300 μείζω
515 5225 756 5299 ἐποίησε,
800 5226 986 5307 πολλῷ
1017 5227 1221 5303 μᾶλλον
1255 5230 1410 5285 τοῦτο
1441 5225 1504 5284 τὸ
1526 5225 1745 5284 ἔλαττον
1775 5223 1920 5282 ἐκεί-

321 5336 426 5372 νων
446 5312 675 5387 ποιήσει.
704 5316 756 5376 Τ
761 5314 803 5383 ίς
825 5314 881 5375 δὲ
910 5312 1195 5390 ὑπέταξεν,
1218 5317 1292 5377 Οἱ
1318 5313 1415 5392 μέν
1439 5336 1618 5396 φασιν,
1645 5311 1771 5373 ὅτιὸ
1789 5313 1926 5382 Θεὸς

322 5401 416 5463 καὶ
456 5402 653 5486 Πατὴρ
700 5402 956 5475 ὖπέταξεν
986 5405 1269 5487 αὖτῷλτῷ
1315 5406 1540 5486 Χριστῷ
1568 5403 1808 5479 δηλαδὴ,
1858 5403 1925 5462 τὰ

397 5558 421 5581 υ
447 5547 475 5604 Ι
498 5547 629 5607 Cor.
664 5561 772 5618 xv,
802 5551 893 5606 32.

2027 4696 2198 4770 gloria
2227 4695 2327 4752 hac
2349 4694 2622 4764 excidunt,
2650 4693 2813 4767 digne
2840 4690 3233 4766 Iacrymabitur
3249 4690 3278 4745 ?

2097 4785 2403 4844 Secundum
2445 4785 2801 4855 operationem
2832 4799 2940 4854 qua
2973 4784 3150 4853 potest
3184 4783 3298 4852 ipse
3320 4782 3486 4836 etiam
3512 4780 3636 4836 sub-

2015 4877 2187 4947 jicere
2226 4875 2336 4930 sibi
2367 4877 2564 4930 omnia.
2612 4874 2754 4947 Quia
2797 4886 3063 4945 magnum
3109 4868 3351 4940 dixerat,
3400 4885 3465 4927 ac
3501 4885 3633 4943 pro-

2029 4962 2328 5038 pemodum
2377 4962 2721 5031 incredibile,
2754 4964 2836 5018 Ne
2864 4960 3107 5029 dubites,
3155 4959 3339 5032 inquit
3389 4977 3403 5014 :
3467 4958 3636 5016 habet

2030 5054 2178 5110 enim
2207 5053 2533 5125 potentiam,
2562 5068 2660 5125 per
2682 5066 2851 5123 quam
2885 5057 3147 5124 operatur
3175 5049 3385 5118 omnia,
3412 5065 3476 5105 ac
3503 5049 3634 5105 sub-

2024 5142 2160 5215 jecit
2204 5143 2427 5215 angelos
2455 5150 2510 5198 et
2536 5141 2894 5215 archangelos
2942 5147 3001 5196 et
3038 5138 3340 5196 daemones.
3373 5140 3553 5209 Quare
3588 5139 3632 5194 si

2033 5233 2123 5288 illa
2144 5230 2355 5305 majora
2381 5230 2528 5301 fecit,
2561 5231 2739 5288 multo
2765 5229 2941 5303 magis
2970 5228 3099 5299 hoc,
3128 5228 3278 5302 quod
3295 5229 3483 5286 minus
3502 5228 3635 5301 illis,

2033 5320 2213 5378 faciet.
2241 5320 2375 5392 Quis
2397 5336 2529 5378 vero
2559 5318 2824 5393 subjecit?
2852 5317 3113 5376 Nonnulli
3139 5326 3452 5375 asseverant
3478 5320 3630 5391 quod

2032 5414 2187 5468 Deus
2213 5412 2375 5467 Pater
2399 5407 2696 5484 subjecerit
2720 5408 2845 5482 ipsi,
2874 5406 3095 5466 Christo
3117 5405 3401 5480 videlicet,
3423 5407 3636 5466 omnia.

1720 5626 1915 5689 Variae
1955 5627 2260 5691 lectiones.

397 5778 584 5858 ἢάλλ’
612 5779 829 5838 οὐκέστι
853 5783 1005 5839 τοῦτο
1030 5795 1069 5842 0
1158 5779 1207 5819 ³⁷
1225 5780 1326 5857 γὰρ
1353 5797 1413 5842 0.
1486 5780 1532 5818 ”
1556 5781 1767 5856 -γηδόνι
1787 5796 1848 5839 0.
