4104 6436
546 478 675 533 1191

1560 474 2069 535 THEOPHYLACTI
2111 470 2468 530 BULGARIE
2503 466 2821 528 ARCHIEP.

3701 466 3820 524 H92

536 602 810 658 Ceterum
832 600 1230 673 inconsequens
1252 601 1385 658 illud
1416 609 1535 659 est:
1562 618 1678 659 non
1702 604 1851 660 enim
1874 602 1942 660 de
1978 605 2125 659 Patre

2252 596 2447 657 πάντα.
2507 595 2665 671 Πλὴν
2699 594 3050 657 ἀνακόλουθόν
3094 596 3269 655 ἐστιν’
3301 596 3361 654 οὗ
3409 592 3513 675 γὰρ
3558 582 3694 654 εἶπεν
3725 595 3820 654 ἄνω

537 704 699 762 supra
726 689 945 747 locutus
990 697 1094 747 est.
1137 689 1321 747 Satius
1360 691 1529 763 igitur
1557 690 1776 749 esthoc
1806 692 1873 749 de
1915 692 2137 750 Christo

535 778 859 853 intelligere,
893 779 984 853 qui
1015 795 1109 853 per
1136 779 1395 838 virtutem
1417 780 1720 838 divinitatis
1752 782 1986 855 subjecit
2010 781 2137 854 ipsi,

537 869 756 943 corpori
782 885 888 926 suo
926 868 1200 941 videlicet,
1239 871 1447 927 omnia.
1490 872 1617 927 Non
1646 870 1795 928 enim
1825 880 2140 929 metuemus

535 956 780 1016 dividere
821 957 1106 1017 Christum
1156 979 1169 1016 :
1223 976 1405 1017 unum
1455 959 1605 1018 enim
1658 961 1915 1018 novimus
1957 961 2135 1034 ipsum

534 1047 699 1105 etiam
724 1049 782 1105 in
808 1047 1128 1109 diversitate
1149 1057 1500 1108 naturarum.

1173 1231 1417 1287 CAPUT
1454 1232 1548 1287 IV.

603 1340 781 1396 Vnus.
813 1344 859 1395 ι.
878 1339 1129 1405 Proinde,
1150 1341 1353 1407 fratres
1377 1340 1484 1394 mei
1504 1338 1691 1394 dilecti
1717 1343 1768 1394 et
1804 1338 2137 1395 desiderabi-

535 1428 629 1496 les,
644 1430 908 1499 gaudium
922 1445 1097 1485 meum
1116 1432 1168 1484 et
1183 1444 1385 1485 corona
1405 1444 1540 1497 mea,
1560 1432 1639 1484 sic
1657 1433 1795 1485 state
1813 1432 1871 1483 in
1892 1432 2132 1496 Domino,

535 1519 736 1574 dilecti.
773 1520 996 1590 Itaque,
1026 1518 1241 1592 inquit,
1285 1518 1387 1574 etsi
1416 1518 1653 1574 cernatis
1696 1517 1798 1574 hos
1834 1518 2135 1590 gaudentes

535 1616 592 1662 et
620 1608 787 1679 gloria
831 1607 1079 1676 affectos,
1127 1617 1274 1666 state
1302 1624 1400 1665 vos
1439 1606 1667 1679 perinde
1708 1623 1772 1664 ac
1807 1608 2132 1678 consistitis,

531 1695 807 1767 sperando
859 1696 1010 1771 quod
1078 1712 1188 1755 una
1229 1713 1356 1754 cum
1404 1698 1628 1753 Christo
1676 1697 2132 1770 gloriﬁcabimur,

530 1802 708 1858 neque
735 1785 804 1842 ab
854 1801 914 1843 ea
965 1802 1061 1859 spe
1089 1786 1372 1844 excidatis.
1403 1787 1651 1843 Observa
1681 1796 1870 1844 autem
1914 1788 2135 1860 quantis

2247 688 2368 770 περὶ
2399 691 2494 746 τοῦ
2520 686 2753 767 Πατρός.
2800 685 3014 746 Βέλτιον
3043 678 3132 745 οὖν
3158 685 3281 764 περὶ
3311 688 3404 743 τοῦ
3426 682 3660 761 Χριστοῦ
3685 687 3820 742 τοῦτο

2244 787 2413 851 νοεῖν,
2457 775 2512 843 ὃς
2552 776 2641 834 διὰ
2688 779 2782 846 τ’ἤς
2832 776 3106 851 δυνάμεως
3154 778 3249 846 τῆς
3302 772 3549 846 θεότητος
3585 769 3817 841 ὖπέταξεν

2244 869 2409 943 αὐτῷ,
2442 869 2518 946 τῷ
2575 864 2787 942 σώματι
2830 866 2990 923 αὐτοῦ
3024 864 3252 939 δηλαδὴ,
3282 861 3350 922 τὰ
3394 862 3591 922 πάντα.
3624 863 3701 922 Οὖ
3729 862 3818 940 γὰρ

2246 956 2310 1028 δὴ
2377 953 2787 1037 φοϐἧθησόμεθα
2836 951 3048 1028 μήποτε
3112 951 3367 1027 διέλωμεν
3426 950 3517 1010 τὸν
3581 948 3815 1031 Χριστόν·

2246 1045 2339 1103 ἕνα
2391 1044 2495 1125 γὰρ
2543 1042 2761 1121 οἴδαμεν
2813 1042 2972 1102 αὐτὸν
3046 1040 3139 1102 καὶ
3187 1042 3240 1101 ἐν
3410 1038 3677 1121 ἑτερότητι
3724 1041 3818 1097 τῶν

2245 1157 2453 1215 φυσεων
2462 1178 2476 1192 .

2851 1233 3141 1296 ΚΕΦΑΛ.
3158 1230 3243 1293 Δ’.

2332 1365 2363 1402 α
2392 1341 2588 1417 Ὥστε,
2632 1339 2849 1421 ἀδελφοί
2893 1363 2997 1419 μου
3048 1336 3315 1417 ἀγαπητοὶ
3368 1334 3463 1396 καὶ
3503 1334 3823 1410 ἐπιπόθητοι,

2241 1431 2385 1512 χαρὰ
2425 1434 2518 1491 καὶ
2562 1430 2817 1508 στέφανός
2869 1453 3004 1507 μου,
3056 1428 3195 1490 οὕτω
3241 1426 3465 1498 στήκετε
3529 1427 3583 1485 ἐν
3628 1425 3823 1506 Κυρίῳ,

2243 1521 2532 1601 ἀγαπητοί.
2575 1542 2603 1578 ι
2628 1519 2806 1580 Ὥστε
2832 1564 2849 1596 ,
2880 1519 3039 1599 φησὶν
3059 1563 3076 1592 ,
3102 1520 3147 1577 εἰ
3172 1517 3264 1577 καὶ
3295 1520 3453 1593 ὁρᾶτε
3476 1514 3687 1583 τούτους
3706 1516 3824 1595 χαί-

2244 1634 2430 1689 ροντας
2458 1611 2547 1669 xul.
2591 1608 3030 1686 δεδοξασμένους,
3069 1607 3186 1667 ἀλλ’
3224 1610 3373 1683 ὑμεῖς
3405 1605 3628 1678 στήκετε
3658 1604 3822 1677 οὕτως,

2239 1699 2421 1781 ὥσπερ
2448 1697 2702 1773 ἵστασθε,
2732 1703 2785 1759 ἐν
2819 1700 2897 1779 τῷ
2930 1697 3161 1766 ἐλπίζειν
3196 1695 3278 1755 ὅτι
3305 1692 3822 1771 συνδοξασθησόμεϐα

2241 1791 2494 1870 Χριστῷ,
2527 1788 2604 1866 μὴ
2653 1791 3066 1868 παρατραπῆτε.
3104 1785 3254 1865 ⁶¹Ορα
3311 1785 3390 1858 δὲ,
3412 1783 3555 1842 πόσα
3580 1781 3649 1842 τὰ
3676 1782 3826 1862 ἐγκώ-

531 1876 793 1932 encomiis
824 1892 919 1933 eos
946 1876 1156 1933 evehat.
1184 1880 1431 1941 Fratres,
1462 1878 1662 1949 inquit,
1692 1885 1748 1933 et
1775 1894 1887 1934 non
1913 1879 2125 1948 simpli-

2244 1879 2643 1959 μιαοἈδελφοὶ,
2678 1879 2769 1937 καὶ
2790 1878 2891 1958 οὐχ
2918 1879 3129 1953 ἁπλῶς,
3162 1876 3310 1933 am
3341 1873 3663 1952 Ἆγαπητοὶ,
3688 1897 3712 1925 ι
3744 1871 3825 1931 καὶ

530 1967 690 2035 citer,
724 1981 935 2034 verum,
967 1969 1164 2024 Dilecti
1186 1987 1203 2020 :
1235 1976 1289 2023 et
1329 1966 1536 2034 adhuc,
1575 1968 1994 2037 Desiderabiles,
2024 1967 2129 2024 hoc

528 2065 629 2125 est,
678 2060 723 2111 Α
753 2071 844 2111 me
880 2055 1144 2128 inquisiti,
1167 2054 1390 2128 quando
1439 2072 1470 2111 a
1518 2071 1608 2112 me
1634 2056 1948 2116 videamini.
1974 2059 2123 2113 Prae-

527 2153 695 2213 terea,
715 2146 1018 2214 Gaudium,-
1040 2161 1220 2218 neque
1234 2145 1339 2201 hoc
1359 2144 1702 2217 simpliciter,
1727 2161 1917 2202 verum
1929 2145 2092 2202 etiam
2109 2187 2125 2214 ,

528 2234 766 2298 Corona,
830 2249 939 2307 qua
1005 2250 1121 2290 non
1187 2242 1271 2291 est
1306 2233 1459 2290 aliud
1514 2233 1783 2306 quiddam
1838 2235 2124 2293 celebrius.

530 2326 676 2379 Ante
700 2322 1141 2380 adhortationem
1184 2339 1281 2380 eos
1335 2323 1776 2392 commendavit,
1827 2339 1893 2379 ac
1936 2340 2128 2381 rursus

529 2420 657 2484 post
701 2411 1187 2471 exhortationem:
1238 2413 1295 2469 in
1344 2421 1502 2470 tanto
1549 2412 1773 2470 fuerunt
1823 2413 1970 2485 apud
1999 2431 2127 2471 eum

527 2504 736 2575 pretio,
788 2511 853 2560 ut
903 2502 994 2559 tali
1038 2511 1300 2576 tantoque
1343 2502 1561 2560 honore
1612 2502 1759 2575 ipsos
1809 2501 2129 2576 dignaretur

525 2595 749 2651 Paulus.

595 2681 766 2756 454
781 2684 966 2741 Vnns.
991 2689 1103 2754 2,3.
1123 2684 1386 2741 Euodiam
1404 2698 1558 2753 rogo,
1582 2687 1631 2738 et
1656 2684 1979 2754 Syntychem
1998 2700 2126 2754 rogo

522 2775 671 2830 idem
706 2789 889 2846 sapere
918 2776 981 2828 in
1018 2776 1257 2829 Domino.
1287 2776 1468 2828 Etiam
1496 2789 1627 2842 rogo
1671 2780 1722 2829 et
1765 2778 1835 2841 te,
1876 2789 2128 2843 germane

523 2880 756 2935 compar,
799 2864 1001 2934 adjuva
1042 2879 1150 2920 eas.
1196 2864 1470 2919 Videntur
1519 2861 1658 2917 mihi
1712 2862 1968 2919 mulieres
2009 2863 2126 2919 ista:

519 2960 683 3026 caput
705 2969 823 3011 esse
844 2954 1098 3010 Ecclesiae
1116 2967 1237 3024 quae
1254 2952 1329 3008 ibi
1353 2960 1497 3008 erat.
1525 2950 1900 3008 Commendat
1942 2952 2127 3024 itaque

519 3045 619 3100 has
632 3042 746 3101 viro
762 3043 997 3116 cuipiam
1013 3041 1360 3105 admirando,
1376 3041 1471 3112 qui
1491 3049 1585 3097 aut
1598 3039 1769 3096 frater
1789 3040 1890 3096 fuit
1903 3041 2128 3097 alterius

2236 1968 2339 2048 ἔτι,
2373 1997 2397 2021 σι
2420 1968 2804 2045 Ἐπιπόθητοι,
2849 1993 2874 2019 »
2904 1967 3172 2026 τουτέστιν
3194 2011 3211 2038 ,
3235 1962 3683 2037 Ἐπιζητούμενοι
3709 1961 3823 2020 πότε

2236 2057 2523 2130 ὀφθήσεσθε
2555 2080 2660 2133 μοι.
2686 2056 2793 2116 Καὶ
2820 2054 2928 2115 ἔτι·
2959 2083 2985 2107 ι
3019 2054 3203 2134 Χαρᾶ,
3227 2053 3318 2112 καὶ
3345 2054 3452 2132 οὐχ
3476 2051 3676 2123 ἁπλῶς,
3700 2048 3823 2108 ἀλλὰ

2236 2146 2358 2219 καὶ,
2397 2148 2697 2227 Στέφανος,
2729 2137 2789 2205 οἷ
2836 2143 3159 2224 ἐνδοξότερον
3205 2144 3301 2201 οὐκ
3344 2143 3488 2201 ἔστιν
3520 2139 3708 2227 illo”
3754 2163 3816 2198 τι.

2237 2236 2345 2295 Καὶ
2371 2236 2475 2317 πρὸ
2520 2221 2636 2307 ’τῆς
2683 2221 3050 2317 παραινέσεως
3078 2221 3360 2310 *ἐγκώμιον
3383 2275 3402 2305 ,
3455 2230 3548 2291 καὶ
3600 2221 3664 2288 αὖ
3700 2228 3823 2317 μετὰ

2234 2324 2331 2396 τὴν
2370 2314 2684 2406 παραίνεσιν
2711 2347 2725 2361 ο
2770 2323 2935 2391 οὕτως
2962 2314 3100 2395 ἦσαν
3155 2320 3439 2401 ἀξιόλογοι,
3484 2318 3622 2379 ὥστε
3646 2314 3819 2377 τοσιιιύ⁹

2238 2438 2332 2485 της
2362 2419 2521 2492 τιμῆς
2550 2413 2823 2483 ἀξιοῦσθαι
2850 2410 3000 2494 παρὰ
3034 2409 3278 2472 Παύλου.

2328 2709 2356 2744 ‹‹
2384 2686 2627 2749 Εὖωδίαν
2652 2685 2706 2726 ³ο
2748 2686 3082 2765 παρακαλῶ,
3125 2684 3215 2743 καὶ
3265 2681 3549 2763 Συντύχην
3590 2702 3816 2760 παραχα-

2237 2779 2313 2837 λῶ
2341 2778 2403 2836 τὸ
2448 2778 2577 2837 αὐτὸ
2620 2779 2827 2855 φρονεῖν
2861 2779 2913 2835 ἐν
2972 2775 3174 2855 Κυρίῳ.
3232 2772 3343 2833 Καὶ
3402 2773 3586 2851 ἐρωτῶ
3617 2769 3705 2829 καὶ
3739 2767 3819 2841 σὲ,

2236 2868 2416 2946 γνήσιε
2463 2865 2695 2943 σύζυγε,
2748 2863 3128 2942 συλλαμϐάνου
3162 2864 3367 2946 αὐταῖς.
3407 2883 3438 2921 ι)
3492 2858 3716 2923 Δοκοῦσί
3742 2881 3820 2935 μοι

2238 2942 2395 3015 αὗται
2427 2958 2482 3014 αἱ
2537 2942 2780 3034 γυναῖκες
2836 2954 2895 3014 τὸ
2940 2954 3227 3035 κεφάλαιον
3266 2942 3404 3011 εἶναι
3457 2954 3551 3023 τῆς
3595 2949 3814 3018 Ἐκκλη-

2238 3046 2353 3113 σίας
2410 3048 2505 3117 τῆς
2540 3046 2670 3104 ἐκεῖ.
2722 3034 3087 3123 Παρατίθεται
3137 3034 3226 3102 οὖν
3282 3040 3482 3109 ταύτας
3536 3037 3682 3118 ἀνδρί
3729 3059 3817 3095 τινι

522 3134 786 3206 ipsarum,
828 3140 929 3189 aut
967 3131 1214 3187 maritus.
1245 3133 1459 3187 Forsan
1503 3137 1691 3187 autem
1718 3137 1773 3186 et
1801 3138 1990 3186 custos
2018 3130 2123 3186 iste

2232 3138 2545 3215 θαυμαστῷ,
2580 3132 2690 3205 8ςῆ
2722 3116 2943 3214 ἀδελφὸς
2968 3123 3033 3204 ἦν
3066 3141 3192 3209 μιᾶς
3224 3129 3502 3215 αὐτῶν,ῌῆ
3549 3116 3644 3215 κέιῖ
3669 3124 3812 3204 ἀνήρ-

522 3222 629 3279 fuit
655 3221 892 3279 carceris
939 3240 950 3275 :
1010 3220 1235 3292 perinde
1283 3219 1438 3292 quasi
1495 3219 1687 3275 dicat:
1722 3221 1848 3275 Jam
1901 3219 2122 3276 tandem

519 3312 694 3369 frater
720 3327 779 3368 es
805 3326 1121 3384 germanus,
1167 3326 1319 3366 nunc
1342 3309 1611 3382 genuinus
1662 3309 1762 3380 vir,
1793 3308 1837 3365 si
1867 3309 1922 3365 in
1958 3324 2124 3381 opere

522 3402 744 3459 Domini
764 3401 914 3459 idem
935 3401 1130 3474 jugum
1152 3401 1359 3469 trahas,
1389 3400 1656 3472 adjuvans
1686 3399 1824 3456 illas.
1860 3400 2122 3456 Nonnulli

521 3500 705 3549 autem
744 3491 801 3547 in
830 3506 1077 3548 errorem
1125 3490 1353 3559 inducti,
1400 3489 1557 3545 aiunt
1606 3489 1834 3545 Paulum
1874 3488 1962 3545 hic
1993 3505 2118 3562 pro-

518 3581 689 3655 priam
720 3596 879 3638 suam
905 3580 1202 3653 conjugem
1232 3579 1478 3652 precari;
1511 3595 1701 3635 verum
1729 3579 2015 3635 enimvero
2045 3580 2118 3636 ita

512 3688 623 3729 non
643 3680 727 3729 est
747 3691 759 3726 :
787 3679 851 3728 ut
873 3671 1021 3727 enim
1041 3671 1149 3727 alia
1177 3670 1620 3742 praetermittam,
1640 3670 1682 3725 si
1707 3683 1868 3726 suam
1889 3684 2117 3725 uxorem

509 3761 813 3835 intelligere
831 3760 1111 3830 voluisset,
1142 3760 1326 3827 Γνησία
1356 3759 1566 3831 σύζυγε,
1604 3759 1787 3816 dicere
1815 3758 2112 3816 debuisset.

584 3853 710 3919 Quae
733 3867 937 3908 mecum
966 3851 1351 3907 laboraverunt
1375 3852 1433 3904 in
1477 3850 1801 3918 Evangelia,
1851 3864 1970 3904 cum
2002 3847 2117 3904 Cle-

514 3951 688 3999 mente
727 3946 777 3998 et
794 3944 999 3998 caeteris
1034 3940 1388 4009 adjutoribus
1443 3941 1608 3994 meis.
1661 3940 1793 3994 Non
1841 3937 2117 4011 exiguam,

513 4033 716 4104 inquit,
763 4040 976 4104 partem
1019 4030 1135 4086 ista).
1181 4043 1401 4101 quoque
1446 4027 1844 4094 contulerunt,
1899 4025 2117 4084 etiamsi

513 4122 662 4179 haud
684 4122 840 4193 pauci
858 4120 946 4175 alii
963 4127 1145 4176 essent
1159 4119 1529 4175 auxiliatores.
1543 4120 1865 4188 Propterea,
1885 4117 2120 4173 Labora-

510 4216 701 4266 verunt
726 4222 948 4276 mecum,
977 4208 1071 4263 ait.
1096 4210 1218 4264 Non
1239 4222 1438 4281 parum
1459 4206 1608 4263 enim
1632 4213 1755 4262 tum
1775 4220 1905 4262 sane
1934 4207 2117 4263 Eccle-

512 4301 609 4357 siae
656 4298 1158 4370 conjungebantur,
1208 4299 1383 4354 altero
1421 4295 1659 4353 alterum
1712 4295 2017 4353 honorante
2061 4305 2117 4353 et

518 4390 831 4463 adjuvante.
863 4390 1071 4445 Verum
1122 4386 1287 4444 hodie
1330 4386 1453 4459 quis
1497 4393 1704 4453 noster,
1744 4385 1885 4458 proh
1927 4386 2115 4443 dolor!
2147 4371 2195 4433 Ι)

515 4487 694 4536 status
732 4481 854 4535 est?
906 4476 1062 4535 Alter
1088 4476 1324 4533 alterum
1366 4475 1654 4548 dejicimus
1696 4493 1711 4531 :
1760 4475 1892 4531 hinc
1946 4476 2114 4532 etiam

518 4570 597 4640 ﬁt,
624 4578 687 4626 ut
712 4568 891 4626 simus
921 4567 1079 4640 plane
1110 4565 1309 4623 diversi
1334 4566 1404 4623 ab
1428 4566 1495 4624 iis
1521 4566 1614 4638 qui
1649 4574 1771 4623 tum
1799 4564 2004 4621 vixere.

589 4662 826 4729 Quarum
866 4660 1087 4715 nomina
1111 4660 1319 4713 suntin
1344 4657 1483 4711 libro
1514 4658 1660 4711 vitm.
1704 4654 2117 4711 Animadvertis

513 4758 783 4824 quantum
837 4748 1057 4808 virtutis
1104 4746 1443 4803 mulierculis
1488 4745 1740 4801 tribuat?
1783 4748 1920 4802 Nam
1967 4744 2114 4816 quod

512 4841 787 4897 Dominus
806 4837 1067 4910 apostolis
1096 4837 1254 4904 dixit,
1283 4837 1523 4893 Nomina
1545 4838 1725 4891 uestra
1756 4836 1963 4904 scripta
1986 4838 2117 4889 sunt

513 4934 573 4985 in
600 4931 769 4986 cretis.
811 4939 840 4982 P
863 4969 878 4995 ,
910 4928 1015 4983 hoc
1042 4927 1110 4983 iis
1135 4928 1337 4982 Paulus
1364 4924 1647 4994 attribuit,
1681 4922 1835 4997 quod
1883 4923 2115 4979 nomina

513 5037 703 5077 earum
747 5035 875 5075 cum
913 5016 1137 5090 reliquis
1176 5016 1439 5087 inscripta
1493 5015 1606 5071 sint
1656 5014 1713 5070 in
1755 5012 1900 5069 libro
1942 5014 2112 5082 vitae,

513 5110 617 5165 hoc
643 5117 748 5178 est,
770 5109 826 5164 in
840 5107 1198 5179 congnitione
1227 5113 1282 5162 et
1301 5102 1506 5173 judicio
1524 5103 1648 5160 Dei.
1687 5101 1781 5159 Vel
1804 5102 1911 5158 illis
1940 5103 2113 5159 vitam

514 5201 579 5255 ad
581 5198 848 5273 judicavit
862 5199 1165 5253 etiamnum
1185 5211 1251 5251 ex
1265 5194 1371 5251 ﬁde
1382 5191 2113 5265 earum,quemadmodum,

514 5291 624 5358 Qui
635 5304 744 5344 non
766 5287 941 5343 credit
959 5288 1079 5357 jam
1092 5285 1382 5355 judicatus
1403 5288 1480 5341 est
1508 5294 1537 5337 τι
1564 5327 1582 5352 ,
1610 5292 1775 5355 atque
1801 5280 1943 5338 forte
1969 5282 2113 5339 libro

511 5380 711 5436 mortis
737 5376 976 5435 insertus
997 5384 1101 5432 est.

584 5472 767 5527 Vsus.
818 5474 851 5524 4
903 5467 1145 5525 Gaudete
1192 5468 1251 5521 in
1286 5466 1513 5522 Domino
1555 5479 1781 5538 semper.
1813 5462 2116 5534 Quomodo

594 5596 773 5651 PLuc.
804 5609 867 5663 x,
898 5598 987 5651 20.
1076 5592 1280 5648 quan.
1315 5607 1410 5660 ur,
1444 5598 1532 5649 18.

2233 3209 2397 3303 Τάχα
2446 3209 2507 3281 δὲ.
2540 3222 2632 3283 καὶ
2678 3225 2705 3281 ὃ
2762 3209 3117 3303 δεσμοφύλαξ
3142 3218 3273 3286 ἴσως
3313 3218 3380 3277 ἂν
3430 3210 3494 3290 ἧν
3544 3209 3715 3283 οὗτος·
3754 3217 3815 3303 ὥς

2232 3313 2293 3371 ἂν
2325 3300 2383 3371 Et
2414 3313 2559 3391 ἔλεγε
2584 3336 2596 3349 ·
2648 3314 2759 3373 Νῦν
2792 3300 3017 3391 ἀδελφὸς
3069 3300 3117 3368 εἶ
3144 3310 3376 3389 γνήσιοςν
3411 3315 3506 3368 νῦν
3533 3309 3663 3386 ἀνὴρ
3695 3302 3812 3383 γνή-

2231 3425 2370 3475 σιος,
2424 3402 2513 3461 ἐὰν
2543 3405 2596 3461 ἐν
2643 3404 2720 3481 τῷ
2765 3400 2903 3480 ἔργῳ
2956 3404 3050 3459 τοῦ
3087 3398 3286 3477 Κυρίου
3335 3399 3428 3456 τὸν
3471 3396 3626 3456 αὐτὸν
3673 3393 3814 3471 ἕλκῃς

2229 3491 2382 3570 ζυγὸν
2400 3536 2415 3565 ,
2445 3489 2835 3567 συλλαϐόμενος
2865 3488 2912 3528 ³⁸
2953 3490 3161 3555 αὐταῖς.
3193 3487 3348 3553 Τινὲς
3372 3484 3428 3545 δὲ
3457 3484 3810 3557 πλανηθέντες,

2229 3579 2325 3653 τὴν
2378 3585 2537 3640 αὑτοῦ
2580 3578 2805 3659 γυναῖκά
2861 3601 2992 3660 φασι
3024 3576 3112 3637 τὸν
3144 3578 3359 3636 Παῦλον
3390 3576 3716 3656 παρακαλεῖν
3736 3571 3809 3629 ἐν·

2228 3674 2430 3729 ταῦθα·
2481 3669 2597 3730 ἀλλ’
2645 3670 2741 3728 οὐκ
2771 3669 2932 3728 ἔστιν.
2962 3666 3084 3728 Ἵνα
3125 3664 3226 3746 γὰρ
3264 3664 3441 3725 τᾶλλα
3479 3665 3657 3737 ἐείσω,
3688 3660 3813 3734 ἔδει,

2229 3757 2433 3829 Γνησία
2464 3758 2673 3837 σύζυγε,
2699 3758 2865 3816 εἰπεῖν
2876 3804 2889 3818 .

2313 3872 2340 3905 α
2379 3847 2591 3915 Αἵτινες
2638 3850 2694 3906 ἐν
2732 3850 2809 3927 τῷ
2852 3842 3164 3926 Εὖαγγελίῳ
3200 3842 3510 3917 συήθλησοίν
3568 3865 3679 3920 μοι,
3727 3860 3809 3915 με-

2227 3936 2295 3995 τὰ
2342 3937 2433 3997 καὶ
2497 3937 2807 4014 Κλήμεντος
2855 3935 2947 3995 καὶ
2993 3939 3098 4014 τῶν
3153 3936 3353 3994 λοιπῶν
3400 3936 3508 3992 τῶν
3560 3929 3809 4014 συνεργῶν

2228 4050 2349 4103 μου.
2381 4052 2411 4085 ιι
2438 4028 2519 4087 Οὐ
2546 4013 2733 4106 μικρὸν
2764 4024 2853 4084 xui
2875 4024 2927 4062 32
2958 4013 3148 4096 αἷται,
3177 4022 3331 4105 φησὶ,
3361 4020 3709 4080 συνεϐάλοντο
3727 4013 3810 4093 μέ-

2229 4138 2313 4194 ρος
2337 4161 2354 4190 ,
2426 4114 2601 4174 καίτοι
2670 4116 2880 4173 πολλῶν
2937 4111 3101 4171 ὄντων
3159 4111 3252 4171 καὶ
3300 4110 3479 4170 ἄλλων
3529 4113 3632 4169 τῶν
3687 4128 3802 4164 συν-

2225 4204 2541 4285 εργούντων.
2591 4203 2689 4264 Διὸ
2747 4202 2864 4276 καὶ,
2891 4228 2915 4256 ι
2944 4199 3294 4273 Συνήθλησάν
3329 4224 3453 4276 μοι,
3489 4228 3513 4251 υ
3537 4198 3692 4276 λέγει.
3730 4194 3801 4285 Οὐ

2226 4282 2426 4373 μικρῶς
2457 4292 2559 4371 γὰρ
2588 4292 2705 4352 τότε
2761 4296 3166 4371 συνεκροτοῦντο
3218 4292 3275 4348 αἱ
3326 4286 3680 4361 Ἐκκλησίαι,
3716 4282 3804 4341 ἅλ-

2226 4386 2320 4442 λου
2349 4382 2435 4440 τὸν
2490 4381 2649 4441 ἄλλον
2687 4383 2947 4459 τιμῶντος
2995 4379 3089 4438 καὶ
3139 4382 3470 4459 βοηθοῦντος.
3506 4374 3661 4437 Ἀλλὰ
3687 4377 3801 4459 νῦν,

2226 4475 2357 4552 (Pw!
2406 4470 2549 4537 ὅπως
2592 4457 2805 4550 ἔχομεν.
2844 4461 2937 4536 Εἷς
2965 4468 3055 4527 τὸν
3097 4457 3189 4527 ἕνα
3245 4466 3653 4543 καταϐάλλομεν
3678 4485 3691 4500 ·
3727 4457 3803 4518 διὰ

2224 4566 2376 4620 τοῦτο
2399 4562 2490 4620 καὶ
2519 4560 2684 4627 οὕτως
2715 4559 2908 4639 ἔχομεν
2939 4556 3190 4626 ἐναντίως
3213 4565 3317 4623 τοῖς
3342 4558 3479 4617 τότε.

2309 4676 2334 4704 α
2368 4640 2471 4709 ’Ὧν
2502 4649 2568 4709 τὰ
2597 4638 2833 4726 ὀνόματα
2865 4650 2917 4706 ἐν
2950 4647 3120 4728 βίϐλῳ
3147 4650 3307 4717 ζωῆς.
3339 4668 3367 4703 ι)
3406 4645 3592 4725 Ὁρᾷς,
3615 4639 3737 4709 ὅσην
3757 4638 3805 4695 ἇ-

2224 4741 2378 4821 ρετὴν
2408 4743 2523 4807 ταῖς
2566 4737 2769 4821 γυναιξὶ
2812 4741 3112 4817 μαρτυρεῖς
3145 4734 3222 4797 ⁸0
3266 4733 3370 4814 γὰρ
3428 4739 3537 4801 τοῖς
3588 4728 3804 4821 ἀποστό-

2221 4818 2329 4898 λοις
2356 4834 2384 4888 ὁ
2413 4818 2602 4908 Κύριος
2649 4818 2829 4901 εἶπεν,
2867 4826 2948 4886 ὅτι
2997 4853 3022 4880 α
3047 4825 3137 4887 Τὰ
3173 4827 3412 4903 ὀνόματα
3451 4826 3598 4903 ὑμῶν
3629 4818 3805 4897 γέγρα-

2221 4943 2351 4978 πται
2382 4922 2435 4978 ἐν
2479 4918 2586 4985 τοῖς
2616 4917 2874 4998 οὐρανοῖς,
2903 4941 2933 4974 ν
2964 4920 3118 4975 τοῦτο
3169 4916 3261 4975 καὶ
3287 4916 3473 4982 αὖταῖς
3520 4916 3548 4972 ὁ
3604 4909 3805 4973 Παῦλος

2220 5008 2657 5089 προσμαρτυρεῖ,
2720 5005 2858 5084 μετὰ
2906 5008 3011 5065 τῶν
3043 5006 3246 5064 λοιπῶν
3276 5005 3329 5063 ἐν
3361 5002 3533 5084 βίϐλῳ
3562 5002 3710 5089 ζωῆς-
3725 5017 3802 5089 Υεξ

2223 5086 2454 5177 γράφθαι
2482 5086 2555 5156 τὰν
2599 5096 2877 5174 ὀνόματα,
2922 5093 3186 5170 τουτέστι,
3317 5091 3509 5172 γνώσει
3545 5094 3634 5149 τοῦ
3673 5086 3802 5177 Θεοῦ

2221 5174 2312 5246 καὶ
2341 5174 2431 5267 ⁷’τῇ
2482 5185 2677 5265 κρίσει.
2732 5183 2811 5247 Ἦ
2859 5183 2954 5256 τὴν
3008 5184 3147 5256 ζωὴν
3206 5184 3390 5250 αὐταῖς
3452 5174 3803 5267 ἐπεψηφίσατο

2223 5263 2454 5336 ἐντεῦθεν
2495 5263 2624 5349 ήδη,
2658 5271 2858 5355 ὥσπερ,
2889 5296 2919 5333 (ι
2947 5272 3017 5335 Ὀ
3065 5277 3140 5350 μὴ
3197 5270 3461 5333 πιστεύων
3503 5269 3607 5341 ἤδη
3638 5263 3800 5340 δάκρυ

2223 5387 2340 5440 ται,
2372 5390 2403 5422 n
2445 5365 2538 5424 καὶ
2565 5366 2708 5446 τάχα
2732 5370 2783 5426 ἐν
2817 5362 2989 5446 βίϐλῳ
3009 5362 3238 5424 θανάτου
3266 5360 3580 5446 γέγραπται.

2306 5482 2333 5510 α
2362 5453 2595 5537 Χαίρετε
2625 5439 2679 5515 ἐῶ
2720 5439 2909 5537 Κυρίῳ
2942 5439 3191 5517 ⁴πτοίνστοτε.
3227 5480 3253 5506 ιι
3447 5439 3537 5510 οῦν
3563 5449 3592 5507 ὁ
3624 5440 3804 5524 Κύριος

1893 5670 2083 5730 Varia:
2134 5672 2437 5734 lectiones.

580 5782 625 5820 ”
653 5784 820 5856 ἕτερον
845 5797 899 5841 0.
975 5781 1020 5818 ³ο
1042 5779 1288 5837 Εὖδοκίαν
1317 5797 1374 5840 o.
1447 5780 1489 5817 ³ί
1520 5779 1995 5854 συλλαμϐανόμενος
2027 5794 2079 5836 ο.
2162 5779 2209 5816 ³³
2234 5779 2288 5833 δὲ
2314 5794 2373 5837 o.
