4104 6434
335 385 471 439 H93

1209 381 1567 440 EXPOSITIO
1606 383 1673 439 IN
1712 383 1922 441 EPIST.
1963 384 2055 440 AD
2094 383 2375 440 PHILIPP.
2416 414 2485 425 —
2525 384 2675 441 CAP.
2714 386 2803 442 ιν.

3489 389 3629 443 1194

328 506 475 587 λέγει
501 529 516 546 ο
550 527 581 565 ι(
608 505 882 586 Μακάριοι
912 507 959 567 οῖ
987 510 1328 583 πενθοῦντες;
1356 529 1387 566 n
1440 507 1567 569 Ὅτι
1603 514 1757 569 τοῦτο
1796 508 1923 569 αὖτό

2039 509 2204 582 igitur
2235 509 2512 566 Dominus
2541 509 2705 578 dixit,
2736 512 2892 566 Beati
2915 513 3016 581 qui
3043 511 3311 581 lugent'?
3352 511 3495 582 Quia
3526 512 3633 569 hoc

336 600 452 656 ἐστι
490 595 694 677 χαίρειν
714 642 730 671 ,
762 595 822 654 τὸ
853 594 990 655 οὕτω
1041 602 1269 657 πενθεῖν.
1301 598 1384 659 Οὖ
1409 596 1515 676 γὰρ
1568 600 1749 665 ἀπλῶς
1780 588 1894 658 εἶπε
1913 646 1928 673 ,

329 685 560 764 Χαίρετε
579 731 595 758 ,
627 684 744 744 ἀλλ’
764 729 781 757 ,
816 706 844 742 (ι
866 684 964 747 Ἐν
989 688 1063 768 τῷ
1088 686 1291 767 Κυρίῳ.
1325 711 1355 744 ι)
1391 686 1460 748 Ὁ
1482 687 1535 746 δὲ
1565 687 1638 746 ὢν
1671 690 1723 746 ἐν
1747 689 1929 770 Κυρίῳ

329 774 561 834 πάντοτε
593 774 793 855 χαίρει,
824 773 922 833 κᾶν
944 773 1423 858 στρεϐλῶται,κᾶν
1452 775 1712 848 ξαίνηται.
1746 805 1770 829 ιι
1789 777 1928 837 cTit--

329 864 579 946 ἔστρεφον
611 892 635 916 υ
689 863 813 944 γὰρ,
863 862 1029 944 φησί,
1086 892 1108 916 α
1146 864 1420 946 χαίροντες
1474 866 1579 925 ἀπὸ
1621 871 1712 926 τοῦ
1771 868 1928 925 δικα-

329 954 575 1033 στηρίου,
617 952 700 1012 ὅτι
744 951 1049 1027 ἠξιώθησαν
1094 952 1229 1035 ὖπὲρ
1283 959 1373 1014 τοῦ
1417 956 1663 1036 Χριστοῦ
1721 958 1923 1034 ἀτιμα-

331 1047 546 1116 σθῆναι.
580 1064 609 1099 ε

412 1153 442 1192 ε
474 1132 651 1192 Πάλιν
674 1132 802 1213 ἐρῶ,
824 1130 1062 1214 χαίρετε.
1088 1152 1116 1192 ι)
1145 1131 1374 1207 Ἐπειδὴ
1408 1138 1512 1194 τῶν
1548 1135 1926 1215 πραγμάτωνὴ

327 1221 480 1304 φύσις
528 1220 703 1294 λύπτην
756 1220 958 1296 ἔτικτε,
1011 1222 1098 1282 διὰ
1144 1230 1237 1283 τοῦ
1281 1225 1678 1303 διπλασιασμοῦ
1725 1224 1928 1286 δείκνυ-

326 1336 429 1390 σιν,
461 1311 541 1371 ὅτι
565 1311 777 1380 πάντως
809 1313 887 1371 δεῖ
904 1312 1135 1395 χαίρειν.

416 1425 446 1462 ιι
469 1403 548 1463 Τὸ
579 1400 802 1469 ἐπιεικὲς
825 1405 970 1478 ὖμῶν
1001 1401 1290 1481 γνωσθήτω
1324 1413 1487 1464 πᾶσιν
1535 1403 1849 1486 ἀνθρώποις.
1887 1428 1916 1465 n

326 1491 553 1564 Ἐπειδὴ
587 1490 696 1551 ἄνω
744 1491 991 1552 διέϐαλλέ
1042 1516 1186 1561 τινας
1243 1497 1270 1553 ὃ
1301 1496 1556 1568 Παῦλος,
1589 1496 1660 1561 ὣς
1710 1492 1927 1575 ἐχθροὺς

326 1588 419 1642 τοῦ
464 1585 725 1662 σταυροῦ,
781 1589 1032 1663 παραινεῖ
1100 1582 1175 1660 μὴ
1228 1584 1475 1664 ἀπεχθῶς
1531 1584 1661 1668 πρὸς
1713 1584 1927 1653 τούτους

326 1672 500 1783 ἔχειν,
549 1674 668 1731 ἀλλ’
698 1674 942 1741 ἐπιεικῶς
988 1676 1283 1755 κεχρῆσθαι
1338 1674 1568 1749 τούτοις,
1620 1671 1717 1733 κᾶν
1748 1674 1924 1756 ἐχθροί

324 1785 449 1821 ωσι.

413 1873 444 1911 ιι
476 1849 547 1913 c0
581 1850 772 1933 Κύριος
824 1849 1005 1930 ἐγγὺς,
1041 1849 1542 1934 μηδὲνμεριμνᾶτε.
1580 1878 1605 1907 ι
1634 1851 1796 1914 Ἀλλὰ
1822 1854 1921 1926 ζη-

324 1944 511 2020 λοῦτε,
563 1941 644 2001 ὅτι
683 1946 951 2024 τρυφῶσιν
1000 1942 1191 2002 ἐκεῖνοι
1242 1942 1336 2002 καὶ
1383 1943 1716 2023 ὑϐρίζουσιν,
1779 1947 1928 2022 ὑμεῖς

324 2031 380 2091 δὲ
428 2034 480 2092 ἐν
538 2032 736 2114 θλίψει.
780 2054 811 2087 α
865 2030 934 2092 Ὁ
992 2030 1187 2112 Κύριος
1241 2032 1426 2112 ἐγγὺς,
1458 2055 1488 2091 ι)
1528 2034 1631 2107 ἤδη
1691 2039 1725 2105 ἡ
1760 2034 1928 2112 κρίσις

325 2120 563 2195 ἐπέστη,
645 2120 811 2199 μηδὲν
884 2120 1091 2199 μελέτω
1139 2125 1264 2199 ὑμῖν
1342 2124 1477 2198 μήτε
1548 2126 1642 2195 τῆς
1711 2124 1927 2182 ἐκείνων

325 2210 561 2293 ὕϐρεως,
622 2209 763 2288 μήτε
826 2213 921 2282 τῆς
969 2213 1119 2286 ὑμῶν
1175 2211 1437 2293 θλίψεως·
1517 2212 1747 2273 δώσουσι
1824 2213 1927 2292 γὰρ

326 2301 480 2380 λόγον
512 2301 700 2361 ἐκεῖνοι
721 2346 739 2378 ,
771 2298 861 2360 καὶ
903 2302 1053 2377 ὑμεῖς
1084 2300 1478 2361 ἀναπαύσεσθε.

412 2501 443 2540 α
493 2478 636 2542 Ἀλλ’
687 2481 741 2539 ἐν
795 2479 956 2540 παντί
1141 2484 1417 2563 προσευχῇ
1458 2480 1551 2540 καὶ
1594 2485 1662 2563 τῇ
1714 2478 1926 2555 δεήσει-

322 2568 460 2648 μετᾶ
513 2568 853 2653 εὐχαριστίας
918 2568 987 2629 τὰ
1060 2570 1338 2649 αἰτήματα
1398 2574 1548 2650 ὖμῶν
1596 2572 1927 2652 γνωριζέσθω

322 2661 452 2741 πρὸς
472 2660 560 2720 τὸν
602 2660 763 2721 Θεόν,
789 2680 821 2717 n
862 2657 999 2720 Ἰδοὺ
1030 2660 1120 2718 καὶ
1165 2658 1321 2740 ἑτέρα
1353 2660 1667 2741 παραμυθία
1695 2706 1711 2734 ,
1738 2660 1799 2720 τὸ
1832 2659 1923 2719 εὔ-

320 2754 514 2831 χεσθαι
570 2751 625 2809 ἐν
677 2748 839 2807 παντί
878 2747 1197 2829 πράγματι,
1231 2749 1323 2809 καὶ
1369 2756 1524 2809 τοῦτο
1573 2750 1709 2827 μετὰ
1758 2751 1925 2830 εὖχαο

325 2838 545 2922 ριστίας.
594 2841 724 2906 Πῶς
754 2838 857 2920 γὰρ
891 2838 955 2898 ἄν
986 2863 1065 2906 τις
1100 2837 1309 2911 αἰτήσει
1337 2838 1389 2878 ⁸³
1420 2839 1488 2897 τὰ
1532 2840 1821 2918 μέλλοντα,
1849 2838 1925 2916 μὴ

322 2929 456 3009 ὑπὲρ
511 2932 619 2989 τῶν
690 2927 965 3010 προτέρων
1022 2928 1430 3008 εὐγνωμοσύνην
1496 2927 1922 3007 ἐπιδειξάμενος;

319 3014 496 3078 Ὥστε
529 3018 664 3100 ὓπὲρ
709 3016 960 3093 πάντων,
1006 3018 1099 3077 καὶ
1148 3022 1255 3078 τῶν
1294 3017 1588 3079 δοκούντων
1640 3020 1920 3099 ἐναντίων,

1956 1783 2006 1847 Β

2035 599 2217 670 ipsum
2239 600 2318 655 sic
2346 600 2555 672 lugere,
2586 607 2670 656 est
2697 598 2952 672 gaudere.
2986 602 3110 657 Non
3138 600 3290 656 enim
3308 601 3635 673 simpliciter

2038 689 2196 755 dixit,
2236 688 2503 756 Gaudete,
2538 688 2664 758 sed,
2693 692 2758 745 In
2795 692 3040 747 Domino.
3075 690 3180 760 Qui
3208 698 3395 747 autem
3427 691 3481 747 in
3507 694 3631 748 Do-

2036 781 2190 837 mino
2238 788 2341 849 est,
2395 796 2613 852 semper
2659 779 2881 853 gaudet,
2934 782 3104 837 etiam
3154 789 3490 853 torqueatur,
3547 781 3631 838 vel

2036 870 2383 928 dilaceretur.
2415 871 2854 941 Revertebantur,
2876 871 3076 943 inquit,
3098 888 3133 926 a
3160 872 3379 926 concilio
3395 871 3637 943 gauden-

2038 967 2133 1026 tes,
2165 963 2419 1032 quoniam
2450 962 2606 1031 digni
2640 962 2819 1016 habiti
2864 966 3034 1017 essent
3064 977 3166 1033 pro
3214 962 3425 1019 Christo
3453 966 3636 1018 contu-

2034 1053 2195 1107 melia
2222 1054 2426 1120 afﬁci'.

2105 1143 2313 1196 Iterum
2348 1141 2493 1208 dico,
2527 1141 2780 1210 gaudete.
2810 1139 2947 1212 Quia
2977 1155 3169 1197 rerum
3195 1148 3388 1197 natura
3409 1155 3624 1198 moero-

2033 1247 2154 1289 rem
2210 1231 2468 1304 pariebat,
2529 1247 2626 1304 per
2688 1231 3116 1303 duplicationem
3170 1231 3319 1288 verbi
3371 1230 3630 1300 ostendit,

2035 1321 2263 1378 omnino
2291 1337 2410 1378 esse
2447 1320 2821 1391 gaudendum.

2104 1414 2282 1469 Vsus.
2320 1419 2374 1468 5.
2405 1412 2666 1469 Modestia
2700 1416 2885 1468 vestra
2926 1416 3056 1470 nota
3083 1414 3154 1469 sit
3182 1412 3422 1468 omnibus
3464 1412 3634 1466 homi-

2033 1502 2214 1557 nibus.
2256 1501 2396 1569 Quia
2431 1516 2596 1572 supra
2647 1501 2939 1557 accusabat
2976 1500 3249 1573 quosdam
3279 1499 3503 1567 Paulus,
3534 1514 3637 1556 ceu

2033 1591 2288 1648 inimicos
2329 1590 2531 1658 crucis,
2571 1590 2896 1647 adhortatur
2950 1591 3069 1663 jam
3118 1599 3182 1646 ut
3229 1606 3342 1647 non
3392 1588 3637 1660 infense,

2032 1680 2130 1738 sed
2159 1680 2455 1737 clementer
2478 1681 2613 1737 istos
2641 1687 2908 1751 tractent,
2935 1680 3150 1737 etiamsi
3181 1679 3368 1737 hostes
3397 1679 3525 1737 sint.

2107 1862 2290 1920 Vens.
2318 1868 2375 1932 5,
2398 1867 2451 1919 6.
2478 1864 2737 1920 Dominus
2758 1878 2929 1934 prope
2957 1865 3055 1931 est,
3082 1862 3220 1917 nihil
3243 1860 3464 1917 solliciti
3493 1858 3633 1916 sitis.

2035 1958 2110 2012 At
2131 1969 2260 2010 vero
2272 1951 2634 2021 aemulamini,
2652 1952 2802 2024 quod
2822 1952 2912 2008 isti
2940 1952 2996 2007 in
3022 1950 3389 2023 voluptatibus
3419 1950 3633 2019 vivant,

2034 2060 2240 2117 vosque
2268 2042 2466 2115 injuria
2494 2040 2759 2108 afﬁciant,
2782 2057 2911 2099 cum
2947 2056 3045 2097 vos
3073 2039 3130 2095 in
3161 2039 3462 2096 afﬂictione
3486 2039 3636 2095 labo-

2035 2135 2182 2191 retis.
2215 2135 2474 2188 Dominus
2497 2147 2664 2203 prope
2684 2137 2786 2199 est,
2810 2132 2929 2203 jam
2949 2129 3214 2202 judicium
3233 2128 3402 2202 455
3425 2128 3592 2184 instat
3616 2145 3630 2182 :

2033 2222 2171 2279 nihil
2200 2220 2357 2278 vobis
2398 2221 2470 2277 sit
2511 2235 2678 2290 curae,
2710 2236 2893 2293 neque
2932 2220 3156 2275 illorum
3184 2218 3408 2290 injuria,
3456 2232 3634 2289 neque

2036 2320 2215 2369 vestra
2244 2309 2477 2367 afﬂictio
2505 2325 2517 2363 :
2551 2309 2640 2365 isti
2665 2310 2810 2367 enim
2837 2312 2958 2366 Deo
2987 2308 3261 2364 rationem
3286 2307 3553 2378 reddent,
3581 2315 3635 2363 et

2035 2417 2133 2458 vos
2160 2400 2342 2473 quiete
2373 2398 2656 2456 fruemini.

2107 2492 2212 2549 Sed
2240 2492 2299 2544 in
2348 2490 2495 2544 omni
2521 2491 2760 2544 oratione
2804 2491 2855 2543 et
2882 2488 3246 2543 obsecratione
3273 2501 3392 2542 cum
3421 2487 3636 2555 gratia-

2035 2598 2156 2636 rum
2176 2583 2382 2635 actione
2399 2580 2686 2649 petitiones
2705 2582 2897 2631 vestrce
2914 2580 3250 2632 innotescunt
3273 2576 3425 2647 apud
3446 2578 3634 2632 Deum.

2040 2673 2125 2725 En
2152 2669 2311 2725 aliam
2334 2666 2797 2736 consolationem,
2825 2680 3048 2738 nempe,
3078 2681 3234 2722 orare
3262 2664 3321 2720 in
3368 2664 3522 2719 omni
3554 2681 3635 2730 re,

2032 2758 2194 2831 idque
2226 2773 2355 2814 cum
2385 2755 2682 2829 gratiarum
2733 2755 2969 2811 actione.
2997 2754 3293 2828 Quomodo
3315 2753 3466 2810 enim
3497 2753 3642 2826 quis-

2034 2865 2200 2921 quam
2232 2847 2417 2904 futura
2460 2846 2752 2919 rogaverit,
2781 2845 2877 2917 qui
2918 2860 3039 2901 sese
3086 2860 3185 2916 pro
3232 2843 3511 2916 prioribus
3542 2844 3637 2900 be-

2033 2938 2246 2995 neﬁciis
2267 2955 2380 2994 non
2414 2935 2668 2994 exhibuit
2717 2937 2974 3009 gratum?
3014 2936 3202 3007 Itaque
3231 2948 3333 3006 pro
3362 2933 3638 2998 omnibus,

2032 3028 2204 3085 etiam
2224 3027 2291 3085 iis
2310 3043 2434 3099 quae
2460 3025 2686 3084 adversa
2718 3023 2974 3080 videntur
2992 3067 3007 3093 ,
3029 3023 3224 3096 gratiae
3243 3029 3373 3079 sunt
3391 3021 3637 3095 agendae.

322 3108 650 3190 εὖχαριστεῖν
711 3109 809 3168 δεῖ.
874 3108 954 3168 Τὸ
1004 3106 1106 3190 γὰρ
1160 3109 1249 3167 ἐπὶ
1297 3109 1402 3177 τοῖς
1448 3113 1663 3187 ἀγαθοῖς
1711 3110 1927 3190 εὐχαρι-

2035 3119 2177 3174 Nam
2201 3133 2301 3190 pro
2334 3114 2495 3172 bonis
2527 3131 2629 3172 nos
2656 3123 2844 3188 gratos
2876 3129 3000 3170 esse
3045 3112 3129 3168 vel
3158 3113 3275 3186 ipsa
3304 3128 3499 3169 rerum
3541 3128 3639 3167 na-

323 3200 491 3274 στεῖν,
542 3198 636 3259 καὶ
664 3201 697 3271 ἧ
729 3195 884 3280 φύσις
924 3201 1030 3257 τῶν
1074 3197 1412 3280 πραγμάτων
1467 3202 1720 3259 ἀπαιτεῖο
1757 3202 1926 3260 ἐκεῖνο

321 3287 413 3366 δὲ,
437 3292 612 3371 ψυχῆς
642 3286 987 3367 εὖγνώμονος.
1025 3289 1093 3347 Al
1122 3293 1365 3348 τοιαῦται
1412 3289 1569 3369 εὐχαὶ
1608 3289 1923 3369 γνωρίζουσι

320 3376 393 3436 τὰ
439 3380 711 3456 αἰτήματα
739 3380 894 3454 ἡμῶν
952 3376 1085 3459 πρὸς
1114 3378 1203 3438 τὸν
1253 3377 1417 3440 Θεόν.
1460 3378 1572 3446 Τὰς
1605 3377 1708 3457 γὰρ
1751 3380 1927 3447 ἄλλως

322 3468 603 3547 γινομένας
633 3465 751 3527 οὔδε
780 3465 1144 3545 ἐπιγινώσκει.

408 3586 432 3611 ει
465 3558 574 3619 Καὶ
604 3557 786 3638 εἰρήνη
815 3561 907 3616 τοῦ
953 3558 1098 3617 Θεοῦ
1147 3560 1181 3629 ἡ
1207 3555 1545 3638 ὖπερέχουσα
1574 3555 1751 3617 πάντα
1778 3562 1923 3635 νοῦν,

323 3648 609 3729 φρουρήσει
685 3646 778 3713 τὰς
854 3646 1072 3727 καρδίας
1141 3649 1328 3724 ῢμῶν,
1408 3647 1501 3705 καὶ
1553 3646 1621 3706 τὰ
1680 3647 1925 3724 νοήματα

324 3740 474 3813 ὑμῶν
500 3740 551 3796 ἐν
576 3738 795 3816 Χριστῷ
839 3734 1044 3809 Ἰησοῦ.
1085 3763 1109 3787 ι
1138 3734 1460 3811 Τουτέστιν,
1496 3742 1532 3810 ἡ
1576 3736 1922 3814 καταλλαγὴ,

323 3826 392 3899 ἣν
431 3825 557 3907 πρὸς
605 3824 910 3906 ἀνθρώπους
956 3823 1279 3899 ἐποιήσατο,
1314 3825 1429 3897 ἥτις
1472 3826 1717 3908 ὁπερέχει
1747 3827 1925 3886 πάντα

324 3922 477 3988 νοῦν,
509 3918 605 3975 οὐκ
634 3915 959 3996 ἀνθρώπινον
1001 3914 1189 3994 μόνον,
1218 3916 1357 3973 ἀλλὰ
1388 3915 1479 3974 καὶ
1519 3915 1825 3996 ἀγγελικόν·
1856 3920 1927 3984 ὡς

327 4005 394 4065 ἂν
439 4007 483 4064 εἰ
526 4005 735 4084 ἔλεγεν*
768 4003 837 4065 Ὀ
873 4006 1169 4083 ῥυσάμενος
1223 4008 1367 4082 ἡμᾶς
1420 4003 1612 4079 οὕτως,
1650 4008 1721 4072 ὥς
1750 4005 1868 4064 οὐδὲ
1899 4010 1927 4066 ὁ

325 4101 443 4164 νοῦς
470 4094 795 4156 καταλαϐεῖν
824 4094 1066 4153 δύναται.
1107 4092 1205 4162 Τίς
1227 4096 1330 4174 γὰρ
1372 4096 1761 4175 προσεδόκησεν
1780 4137 1797 4167 ,
1848 4093 1927 4152 ὅτι

326 4189 563 4245 τοσαῦτα
612 4190 743 4264 ἡμῖν
776 4182 958 4243 ἔσεται
1005 4184 1180 4262 ἀγαθὰ
1234 4183 1326 4244 καὶ
1373 4185 1457 4244 ὅτι
1486 4186 1537 4225 ³⁴
1579 4187 1925 4261 καταλλαγή-

325 4276 530 4353 σόμεθα
580 4278 657 4353 τῷ
717 4275 878 4354 Θεῷ;
933 4272 1090 4340 αὐτὸς
1150 4276 1291 4350 ὑμᾶς
1339 4274 1554 4354 φυλάξει
1600 4273 1693 4333 καί
1752 4279 1929 4355 ἀσφα-

327 4364 567 4442 λίσαιτο,
598 4361 737 4423 ὥστε
780 4362 915 4440 μηδὲ
940 4361 1187 4445 ἕχνοῆσαί
1215 4386 1263 4421 τι
1298 4364 1551 4445 πονηρόν.
1580 4361 1658 4425 ’Ἢ
1708 4364 1922 4443 εἰρήνην

329 4453 517 4535 φησὶν,
547 4439 613 4526 ἣν
656 4457 684 4512 ὁ
713 4439 912 4532 Κύριος
942 4439 1119 4511 εἶπεν
1158 4473 1188 4509 ‹‹
1220 4439 1454 4531 Εἰρήνην
1486 4454 1684 4535 ἀφίημι
1709 4439 1833 4530 ύμῖν
1852 4477 1863 4490 ·
1886 4474 1914 4510 ι)

328 4544 463 4618 αὕτη
488 4543 774 4624 φρουρήσει
799 4545 955 4618 ὑμᾶς.
1003 4541 1113 4601 Καὶ
1142 4541 1246 4620 γὰρ
1275 4546 1308 4613 ἡ
1340 4542 1522 4621 εἰρήνη
1570 4541 1702 4614 αὕτη
1754 4546 1922 4621 ὓπερ-

331 4633 440 4714 έχει
497 4635 674 4693 πάντα
721 4637 879 4707 νοῦν,
924 4628 1052 4689 ὅταν
1100 4631 1288 4710 κελεύῃ
1351 4632 1479 4711 πρὸς
1532 4628 1652 4698 τοὺς
1710 4630 1926 4712 ἐχθροὺς

332 4721 642 4803 εἰρηνεύειν,
704 4722 836 4804 πρὸς
887 4719 1008 4787 τοὺς
1062 4720 1395 4788 ἀδικοῦντας.
1458 4722 1524 4782 Εἰ
1582 4721 1635 4779 δὲ
1666 4725 1700 4792 ἡ
1745 4720 1925 4800 εἰρήνη

331 4810 582 4893 ὓπερέχει
621 4811 801 4872 πάντα
826 4816 946 4872 νοῦν
967 4856 985 4889 ,
1016 4809 1167 4891 πόσῳ
1210 4812 1412 4888 μᾶλλον
1455 4815 1489 4883 ἡ
1520 4811 1705 4885 οὐσίας
1740 4813 1823 4873 Τὸ
1850 4809 1927 4884 δὲ,

254 4898 275 4905 ’
331 4931 357 4956 σι
377 4903 469 4963 Ἐν
486 4905 705 4984 Χριστῷ
722 4905 922 4978 Ἰησοῦ,
943 4928 967 4953 ιο
981 4903 1125 4960 τοῦτ’
1148 4900 1313 4969 ἔστιν,
1338 4900 1436 4961 Ἐν
1448 4903 1593 4982 αὐτῷ
1617 4900 1835 4981 φυλάξει
1852 4898 1927 4973 ³⁵,

332 4992 472 5053 ὥστε
519 4992 596 5071 μὴ
641 4994 895 5074 ἐκπεσεῖν,
949 4988 1143 5068 αὐτοῦ,
1192 4988 1330 5050 ἀλλὰ
1373 4992 1575 5069 μᾶλλον
1651 4990 1824 5069 μένειν
1875 4991 1927 5047 ἐν

334 5083 505 5163 αὐτῷ.

420 5194 452 5232 α
483 5169 565 5234 Τὸ
620 5170 831 5248 λοιπὸν,
888 5169 1127 5254 ἀδελφοί.
1184 5191 1217 5230 ι
1254 5167 1350 5238 Ὡς
1407 5167 1782 5250 ἕπειγόμενος,
1835 5168 1930 5229 καὶ

1954 4427 2003 4488 D

2033 3215 2160 3265 tura
2190 3207 2431 3280 postulat
2470 3225 2482 3260 :
2515 3203 2653 3261 illud
2695 3213 2878 3261 autem
2927 3211 3010 3261 est
3036 3202 3245 3259 animae
3282 3218 3407 3259 vere
3444 3209 3638 3275 gratae.

2033 3295 2371 3368 Hujusmodi
2417 3294 2694 3352 orationes
2717 3290 3049 3367 patefaciunt
3079 3291 3374 3364 petitiones
3418 3299 3643 3349 nostras

2035 3401 2224 3443 coram
2260 3388 2377 3441 Deo
2412 3404 2425 3439 :
2458 3385 2614 3441 aliter
2636 3383 2785 3440 enim
2808 3380 2980 3440 factas
3006 3397 3079 3438 ne
3105 3382 3359 3456 agnoscit
3388 3380 3640 3455 quidem.

2104 3566 2277 3620 Vnus.
2302 3566 2357 3619 7.
2387 3565 2459 3619 Et
2480 3578 2601 3632 pax
2627 3563 2746 3630 Dei,
2777 3577 2898 3632 qua:
2917 3565 3213 3632 exsuperat
3244 3575 3451 3617 omnem
3481 3559 3637 3615 intel-

2034 3655 2247 3721 lectum,
2268 3653 2530 3709 custodiet
2549 3652 2710 3707 corda
2724 3656 2923 3718 vestra,
2945 3656 2999 3706 et
3017 3651 3412 3718 intelligentias
3434 3654 3639 3704 vestras

2034 3748 2094 3800 in
2133 3744 2348 3802 Christo
2375 3745 2518 3798 Iesu.
2563 3743 2687 3797 Hoc
2723 3745 2827 3808 est,
2867 3739 3241 3796 reconciliatio
3289 3754 3458 3811 quam
3506 3753 3637 3794 cum

2032 3832 2351 3890 hominibus
2392 3830 2540 3895 fecit,
2581 3845 2706 3903 quae
2750 3828 2964 3886 excedit
3003 3843 3234 3884 omnem
3256 3827 3628 3892 intellectum,

2033 3924 2241 3981 nedum
2267 3923 2598 3989 humanum,
2630 3935 2823 3976 verum
2840 3919 3009 3975 etiam
3037 3918 3368 3991 angelicum,
3399 3917 3635 3989 perinde

2035 4030 2100 4070 ac
2126 4014 2170 4069 si
2204 4012 2347 4068 dicat
2375 4028 2388 4065 :
2421 4011 2526 4083 Qui
2556 4010 2633 4067 sic
2674 4026 2781 4066 nos
2812 4008 3083 4074 liberavit,
3125 4016 3186 4063 ut
3226 4023 3294 4062 ne
3322 4006 3636 4063 intellectus

2034 4102 2263 4176 quidem
2292 4099 2759 4173 comprehendere
2787 4099 2976 4171 possit.
3002 4098 3141 4168 Quis
3165 4096 3313 4154 enim
3337 4104 3639 4169 exspectas-

2035 4201 2119 4249 set
2146 4200 2301 4248 tanta
2342 4190 2504 4247 nobis
2531 4189 2834 4246 obventura
2878 4204 3001 4245 esse
3037 4188 3215 4255 bona,
3264 4202 3477 4260 nosque
3517 4188 3637 4243 Deo

2033 4278 2517 4338 reconciliandos?
2566 4281 2687 4350 Ipse
2728 4292 2827 4334 vos
2871 4276 3147 4334 custodiat
3182 4284 3239 4332 et
3286 4275 3522 4344 muniat,
3568 4290 3638 4331 ne

2037 4369 2242 4443 aliquid
2294 4367 2422 4425 mali
2466 4367 2802 4441 intelligatis,
2848 4376 2944 4423 aut
2991 4365 3262 4439 cogitetis.
3305 4366 3403 4421 Vel
3442 4380 3636 4437 pacem

2038 4460 2203 4528 dicit,
2230 4457 2299 4515 de
2318 4474 2424 4530 qua
2452 4457 2725 4514 Dominus
2754 4456 3022 4528 loquitur,
3049 4458 3237 4511 Pacem
3263 4456 3516 4525 relinquo
3542 4470 3634 4509 υο-

2038 4551 2116 4606 bis
2132 4576 2171 4617 ι,
2200 4548 2305 4606 ista
2332 4547 2610 4604 custodiet
2639 4562 2761 4602 vos.
2809 4545 3036 4603 Etenim
3077 4559 3182 4617 pax
3211 4543 3319 4599 ista
3349 4550 3638 4614 exsuperat

2036 4654 2258 4697 omnem
2289 4638 2654 4712 intellectum,
2708 4634 2927 4709 quando
2963 4634 3122 4706 jubet
3170 4639 3231 4687 ut
3273 4647 3462 4704 pacem
3507 4647 3638 4689 cum

2036 4728 2275 4785 inimicis
2304 4727 2624 4795 habeamus,
2657 4734 2712 4782 et
2746 4741 2875 4781 cum
2901 4723 2986 4779 his
3014 4722 3110 4794 qui
3144 4736 3246 4777 nos
3284 4720 3488 4793 injuria
3513 4718 3641 4777 afﬁ-

2036 4819 2207 4875 ciunt.
2246 4816 2301 4875 Si
2330 4825 2512 4873 autem
2553 4815 2672 4872 hazc
2712 4831 2815 4887 pax
2845 4820 3142 4884 exsuperat
3170 4825 3401 4867 omnem
3425 4809 3639 4866 intelle-

2041 4917 2215 4976 ctum,
2253 4914 2463 4979 quanto
2488 4904 2669 4978 magis
2696 4901 3044 4961 substantia?
3073 4900 3237 4974 Quod
3275 4915 3405 4956 vero
3446 4899 3543 4969 ait,
3574 4899 3641 4955 In

2041 4996 2251 5055 Christo
2277 4999 2436 5065 Iesu,
2466 4995 2573 5052 hoc
2595 5002 2679 5051 est
2710 5013 2722 5048 :
2757 4996 2818 5049 In
2847 4993 2968 5064 ipso
2996 5007 3094 5048 vos
3122 4988 3428 5057 custodiet,
3458 4996 3523 5044 ut
3565 4988 3635 5045 ab

2041 5103 2109 5145 eo
2144 5103 2259 5143 non
2294 5085 2584 5153 excidatis,
2625 5082 2725 5147 sed
2766 5080 2948 5155 potius
2974 5088 3038 5136 ut
3077 5078 3434 5153 perseveretis
3467 5077 3523 5132 in
3551 5093 3640 5134 eo.

2115 5179 2301 5235 Vens.
2337 5182 2393 5233 8.
2434 5175 2588 5245 Quod
2626 5166 2901 5243 reliquum
2932 5176 3032 5240 est,
3075 5171 3304 5238 fratres.
3356 5170 3643 5241 Tanquam

338 5260 487 5322 οὖδίν
557 5261 726 5323 κοινὸν
782 5262 861 5321 ἔτι
914 5261 1054 5343 ἔχων
1116 5259 1248 5343 πρὸς
1299 5258 1369 5321 τὰ
1417 5258 1746 5341 παρόνταθθ,
1793 5258 1934 5319 οὕτω

2044 5264 2325 5335 festinans,
2362 5271 2419 5322 et
2459 5263 2597 5320 nihil
2638 5276 2936 5321 commune
2970 5258 3179 5320 habens
3219 5272 3350 5319 cum
3399 5257 3481 5315 eis
3522 5270 3646 5328 quae

335 5351 517 5435 φησίν.

336 5496 342 5513 γ
407 5480 432 5512 ν
456 5477 662 5539 Matth.
692 5493 757 5548 v,
785 5484 841 5536 4.
914 5487 938 5517 ι
959 5479 1087 5536 Act.
1116 5491 1182 5548 v,
1212 5480 1305 5534 22.
1385 5477 1403 5511 ι
1428 5475 1593 5535 Joan.
1619 5488 1758 5546 xiv,
1787 5478 1881 5533 l1.

2044 5355 2340 5428 praesentia
2368 5361 2520 5423 sunt,
2550 5352 2631 5411 sic
2657 5350 2859 5425 inquit.

1669 5636 1684 5657 ι
1729 5573 1923 5634 Varia:
1963 5573 2277 5641 lectionese

356 5760 359 5763 Α
394 5683 457 5763 ,⁸³
477 5683 743 5758 αἰτήσηται
765 5703 819 5745 o.
896 5684 941 5721 ³⁸
963 5683 1095 5740 οὕτω
1122 5700 1179 5743 0.
1254 5683 1300 5722 ⁸⁸
1325 5683 1555 5759 φυλάξειν
1595 5698 1657 5743 0.
1725 5681 1772 5719 ³⁸
1799 5681 1918 5755 πρὸς
1945 5684 2100 5738 ταῦτα
2124 5679 2190 5748 δὴ
2208 5679 2273 5735 τὰ
2302 5679 2529 5752 παρόντα

626 5780 860 5837 ΡΑτιιοι..
898 5777 1001 5835 Gn.
1042 5775 1264 5832 CXXIV.

3264 5764 3337 5821 38
