4104 6436
511 422 643 472 Ηυὸ

575 544 912 610 Quaecunque
939 553 1064 593 vera
1102 540 1248 592 sunt.
1291 536 1413 590 Hoc
1464 539 1567 602 est,
1615 533 1914 589 virtutibus
1960 546 2099 603 prze-
2132 535 2184 598 Α

507 631 643 687 dita.
703 629 912 685 Vitium
976 626 1124 683 enim
1185 624 1536 681 mendacium
1585 632 1693 695 est,
1745 631 1801 678 et
1856 622 2104 694 voluptas

506 721 641 793 ejus.

576 810 916 879 Quaecunque
956 821 1136 864 severa
1171 808 1322 861 sunt.
1365 803 1453 860 Ad
1496 817 1592 860 eos
1629 801 1723 874 qui
1768 809 1986 859 terrena
2022 815 2110 857 sa-

513 898 682 971 piunt.

579 990 921 1057 Quaecunque
982 990 1150 1041 casta.
1210 982 1301 1041 Ad
1347 997 1443 1039 eos
1502 996 1744 1056 quorum
1791 980 1932 1039 deus
1976 993 2110 1036 ven-

511 1085 592 1133 ter
625 1084 727 1132 εει.

579 1166 918 1236 Quaecunque
951 1163 1242 1219 amabilia.
1286 1160 1354 1217 Id
1399 1170 1504 1229 est,
1545 1162 1666 1217 Deo
1709 1167 1764 1216 et
1792 1157 2115 1216 hominibus

510 1265 681 1330 grata.
715 1257 837 1310 Hoc
865 1269 1014 1320 vero,
1041 1268 1112 1307 ne
1133 1250 1423 1307 offendant
1451 1251 1680 1322 aliquos.

585 1347 923 1413 Quaecunque
953 1345 1078 1398 boni
1102 1343 1337 1396 nominis
1368 1359 1385 1392 :
1415 1343 1464 1396 si
1488 1357 1601 1411 qua
1631 1344 1828 1410 virtus,
1860 1345 1914 1396 et
1941 1342 1992 1395 si
2009 1354 2117 1409 qua

513 1436 653 1491 laus.
689 1432 882 1490 Viden’
913 1429 1060 1503 quod
1101 1437 1154 1485 et
1178 1444 1368 1485 eorum
1406 1444 1529 1501 quae
1553 1431 1780 1485 attinent
1814 1430 1883 1486 ad
1935 1428 2118 1485 homi-

515 1541 618 1580 nos
653 1521 927 1578 rationem
958 1520 1160 1576 habere
1186 1532 1284 1575 eos
1313 1517 1483 1575 velit?
1511 1518 1606 1574 sed
1630 1535 1742 1574 non
1778 1518 2121 1591 simpliciter,

517 1628 708 1674 verum
743 1632 872 1672 cum
911 1613 1214 1688 appendice
1241 1613 1364 1682 hac,
1393 1615 1455 1670 Si
1471 1630 1580 1684 qua
1596 1617 1795 1668 virtus.

584 1710 712 1762 Haec
747 1707 989 1776 cogitate.
1039 1704 1180 1772 Quia
1211 1719 1241 1759 e
1277 1703 1702 1775 cogitationibus
1745 1718 1909 1775 prava
1953 1718 2119 1776 opera

516 1804 837 1866 nascuntur,
901 1798 1026 1851 Haec
1093 1795 1336 1864 cogitate,
1390 1792 1590 1865 inquit,
1635 1807 1759 1865 quae
1800 1801 1932 1850 sunt
1980 1808 2122 1864 prte-

517 1891 678 1948 dicta.

585 1979 756 2053 456
785 1980 962 2036 Vens.
995 1985 1052 2035 9.
1091 1978 1220 2044 Quae
1247 1982 1302 2034 et
1333 1977 1623 2040 didicistis,
1668 1980 1720 2032 et
1747 1978 2025 2047 accepistis
2070 1981 2119 2033 et

514 2071 822 2136 audivistis,
873 2073 926 2124 et
960 2068 1177 2123 vidistis
1225 2069 1287 2122 in
1332 2083 1434 2122 me.
1485 2066 1624 2138 Quia
1669 2081 1780 2121 non
1819 2065 2019 2121 licebat
2055 2066 2122 2122 de

516 2159 778 2215 omnibus
817 2165 1005 2214 exacte
1043 2156 1261 2224 dicere,
1311 2154 1382 2211 de
1428 2153 1803 2226 ingressibus,
1852 2154 2118 2224 exitibus,

515 2248 706 2317 verbo,
730 2246 941 2315 habitu,
973 2245 1028 2300 in
1058 2261 1277 2302 summa
1307 2244 1486 2316 inquit
1518 2262 1531 2298 :
1577 2245 1928 2314 Quaecunque
1970 2243 2116 2300 didi-

513 2336 662 2395 cistis
698 2344 753 2394 et
779 2335 1066 2392 audivistis
1105 2350 1202 2406 per
1247 2333 1580 2401 doctrinam,
1628 2341 1683 2388 et
1718 2333 2001 2404 accepistis
2055 2333 2114 2388 in

512 2425 746 2498 scriptis,
774 2434 829 2481 et
857 2423 1076 2480 vidistis
1103 2424 1156 2478 in
1185 2438 1273 2479 me
1301 2439 1396 2495 per
1427 2423 1543 2495 ipsa
1572 2438 1757 2494 opera.
1781 2425 1914 2478 Haec
1941 2423 2110 2492 enim,

514 2524 574 2572 ut
595 2531 743 2588 saepe
772 2521 1272 2570 commemoratum
1302 2521 1410 2582 est,
1443 2513 1650 2585 optima
1696 2520 1785 2570 est
1818 2512 2071 2570 doctrina
2096 2554 2112 2583 ,

511 2605 754 2679 seipsum
799 2604 1081 2676 exemplar
1111 2602 1384 2660 exhibere.

579 2699 706 2751 Haec
764 2698 932 2765 agite.
965 2696 1092 2750 Non
1137 2693 1320 2750 solum
1364 2692 1622 2766 cogitate,
1671 2700 1738 2750 ut
1779 2693 1941 2766 paulo
1989 2700 2115 2750 ante

509 2787 758 2855 dictum,
799 2799 976 2857 neque
1035 2783 1203 2841 dicite
1265 2783 1648 2853 solummodo,
1692 2799 1885 2840 verum
1943 2784 2115 2840 etiam

510 2876 696 2933 facite.

580 2967 651 3020 Et
695 2966 833 3019 Deus
867 2962 1026 3034 pacis
1073 2963 1177 3017 erit
1215 2960 1504 3015 vobiscum.
1546 2961 1670 3016 Hoc
1719 2967 1823 3028 est,
1855 2962 1917 3016 In
1960 2967 2112 3016 tran-

511 3053 780 3127 quillitate
827 3052 1040 3119 vivetis,
1088 3050 1132 3107 si
1181 3050 1300 3106 haec
1344 3049 1580 3122 egeritis.
1636 3048 1690 3105 Si
1728 3049 1876 3104 enim
1921 3065 2113 3121 pacem

510 3143 843 3211 habeamus,
876 3150 930 3197 et
963 3139 1112 3213 apud
1157 3141 1362 3208 Deum,
1395 3138 1652 3194 videlicet
1689 3154 1784 3210 per
1825 3139 2115 3208 virtutem,

510 3240 567 3289 et
593 3232 738 3304 apud
767 3231 1022 3287 homines
1050 3231 1202 3295 (Cum
1230 3229 1533 3284 odiem-ibus
1561 3231 1702 3283 enim
1725 3245 1912 3299 pacem
1940 3246 2113 3295 eram,

511 3322 720 3395 inquit,
764 3323 1021 3392 paciﬁcus
1057 3323 1124 3386 u),
1163 3319 1266 3374 erit
1303 3318 1418 3390 ipse
1454 3321 1608 3374 Deus
1648 3318 1961 3375 nobiscum.
2003 3321 2114 3389 Qui

511 3411 658 3468 enim
727 3410 996 3483 fugientes
1056 3416 1314 3477 sectatur,
1385 3407 1479 3480 qui
1565 3407 1949 3466 accedentibus
1999 3424 2113 3466 non

410 3583 412 3585 γ
513 3500 695 3558 aderit
713 3504 738 3555 Ρ

583 3593 760 3647 Vnus.
814 3594 906 3646 10.
946 3588 1169 3645 Gavisus
1221 3602 1344 3644 sum
1380 3589 1440 3643 in
1490 3590 1716 3644 Domino
1761 3589 2110 3659 vehementer,

512 3681 656 3753 quod
685 3681 900 3736 tandem
948 3680 1248 3750 aliquando
1282 3682 1597 3749 reﬂoruistis
1635 3697 1743 3751 pro
1772 3697 1854 3736 me
1889 3684 2110 3736 sentire.

512 3775 636 3828 Non
663 3771 946 3826 mundano
976 3786 1134 3826 more
1158 3769 1374 3842 gavisus
1399 3786 1548 3836 sum,
1577 3771 1776 3843 inquit,
1808 3786 1986 3842 neque
2015 3786 2115 3841 pro

516 3861 682 3933 hujus
715 3861 899 3917 saeculi
920 3861 1152 3930 ratione,
1179 3859 1298 3928 sed,
1329 3863 1392 3915 In
1420 3863 1662 3924 Domino,
1693 3876 1805 3915 non
1836 3860 1986 3932 quod
2015 3875 2117 3932 ego

521 3950 977 4009 refocillationem
1036 3951 1348 4020 habuerim,
1403 3965 1600 4006 verum
1655 3949 1804 4020 quod
1853 3966 1948 4006 vos
2003 3965 2123 4021 pro-

526 4041 696 4116 gressi
745 4041 897 4098 estis.
945 4043 1243 4112 Propterea
1296 4047 1353 4095 et
1389 4039 1742 4095 vehementer
1793 4038 1942 4106 dicit,
1987 4039 2119 4111 quia

524 4147 625 4204 pro
663 4131 912 4204 ipsorum
951 4130 1201 4184 utilitate.
1246 4130 1387 4184 Cum
1435 4136 1622 4184 autem
1667 4128 1738 4184 ob
1781 4130 2120 4200 praeteritum

514 4229 734 4290 tempus
765 4217 1075 4274 clanculum
1117 4231 1213 4271 eos
1258 4215 1617 4287 objurgasset,
1661 4222 1722 4271 ut
1751 4217 2014 4274 continuo
2068 4226 2123 4273 et

515 4323 736 4379 semper
795 4306 1074 4378 impertire
1128 4305 1344 4374 doceat,
1383 4305 1531 4361 idem
1582 4322 1773 4362 rursus
1819 4306 2120 4364 adumbra-

516 4399 618 4454 vit.
662 4399 806 4453 Nam
865 4394 1041 4464 istud,
1096 4396 1330 4449 Tandem
1376 4397 1718 4465 aliquando,
1764 4397 1916 4470 longi
1973 4403 2115 4453 tem-

1487 406 2002 464 THEOPHYLACTI
2044 404 2399 460 BULGARIE
2437 403 2751 458 ARCHIEP.

3699 403 3818 454 llth

2302 553 2331 584 α
2361 527 2730 608 εὈσαιοῖληθὶἶί.
2765 550 2796 585 ι
2825 525 3134 602 Τουτέστιν,
3162 524 3426 605 ἐνάρετα.
3450 521 3521 584 Ἦ
3547 521 3649 604 γὰρ
3676 523 3820 583 κακία

2217 620 2405 700 ψεῦδος
2425 663 2444 696 ,
2476 617 2570 677 καὶ
2598 622 2632 690 ἡ
2653 615 2818 689 ἡδονή
2854 619 3037 690 αὐτῆς.

2305 828 2335 860 α
2368 802 2394 827 ⁵
2423 807 2546 864 Οσα
2596 798 2792 879 σεμνά.
2838 821 2868 859 ι)
2908 799 3058 882 Πρὸς
3085 796 3207 867 τοὺς
3238 795 3312 858 τὰ
3345 796 3559 878 ἐπίγεια
3591 802 3823 879 φρονοῦν-

2220 895 2539 1044 ταςιιὲΞᾈσα
2566 982 2727 1060 ἇγνά.
2752 1003 2782 1042 D
2812 979 2957 1063 Πρὸς
2978 979 3096 1049 τοὺς
3113 1026 3129 1055 ,
3152 970 3230 1040 ὧν
3266 981 3297 1038 ὃ
3319 977 3438 1048 θεὸς
3459 982 3495 1051 ἡ
3522 977 3718 1043 κοιλία·

2310 1187 2338 1221 ι
2361 1160 2388 1186 ⁸¹
2417 1165 2539 1222 Οσα
2560 1163 2846 1242 προσφιλῆ.
2865 1181 2896 1219 ›)
2932 1159 3222 1234 Τουτέστι,
3238 1157 3338 1217 καὶ
3359 1159 3492 1240 Θεῷ
3521 1156 3616 1217 καὶ
3639 1157 3827 1238 ἀνθρώ-

2226 1277 2362 1322 ποις.
2399 1255 2568 1312 Τοῦτο
2591 1251 2680 1329 δὲ,
2707 1248 2794 1309 διὰ
2822 1249 2883 1309 τὸ
2912 1250 2988 1328 μὴ
3020 1249 3380 1331 προσκρούειν
3406 1249 3544 1308 τισί.

2317 1365 2347 1402 α
2372 1341 2522 1402 ςὈσα
2554 1340 2796 1422 εὔφημαο
2828 1341 2879 1398 εἴ
2901 1364 2978 1408 τις
3009 1340 3194 1418 ἀρετὴ,
3219 1339 3317 1398 καὶ
3340 1339 3393 1397 εἴ
3422 1363 3504 1402 τις
3535 1336 3764 1405 ἔπαινος.
3799 1365 3821 1391 1

2229 1434 2428 1513 Ὁρᾷς,
2481 1430 2560 1489 ὅτι
2595 1433 2685 1492 καὶ
2717 1435 2821 1488 τῶν
2849 1429 2978 1508 πρὸς
3017 1429 3329 1510 ἀνθρώπους
3371 1431 3622 1508 προνοεῖν
3657 1428 3831 1492 αὖτοὺς

2230 1524 2506 1603 βούλεται;
2540 1520 2656 1580 ἀλλ’
2687 1521 2787 1599 οὐχ
2815 1521 3021 1597 ἁπλῶς,
3043 1517 3182 1578 ἀλλὰ
3209 1517 3352 1597 μετὰ
3388 1517 3449 1576 τὸ
3479 1519 3650 1578 εἰπεῖν
3669 1541 3683 1555 ’
3710 1539 3736 1574 ε
3770 1515 3833 1577 Εἴ

2225 1638 2303 1680 τις
2333 1611 2513 1692 ἀρετή.
2551 1632 2581 1668 ι)

2313 1727 2344 1759 α
2370 1705 2558 1763 Ταῦτα
2580 1700 2870 1778 λογίζεσθε.
2901 1725 2925 1753 υ
2958 1696 3184 1770 Ἐπειδὴ
3217 1698 3331 1756 ἀπὸ
3353 1701 3572 1759 ἐννοιῶν
3603 1699 3657 1755 αἱ
3681 1721 3831 1769 πονη-

2232 1794 2318 1873 ραὶ
2347 1791 2562 1873 πράξεις
2590 1790 2857 1868 γίνονται,
2895 1810 2925 1848 (ι
2949 1791 3140 1849 Ταῦτα
3169 1788 3452 1867 λογίζεσθε
3472 1833 3489 1862 ,
3518 1810 3548 1846 υ
3588 1787 3746 1869 φησὶ,
3773 1785 3834 1844 τὰ

2154 1912 2201 1974 Β
2228 1881 2608 1974 προειρημένα.

2314 2002 2334 2027 ιι
2365 1971 2430 2032 Ἃ
2455 1971 2548 2030 καὶ
2596 1970 2846 2048 ἐμάθετε,
2879 1967 2969 2028 καὶ
2999 1967 3340 2047 παρελάϐετε
3361 2013 3380 2045 ,
3415 1967 3514 2027 καὶ
3547 1965 3832 2040 ἠκούσατε,

2232 2064 2322 2122 καὶ
2351 2061 2515 2121 εἴδετε
2541 2063 2593 2119 ἐν
2626 2058 2766 2134 ἐμοί.
2807 2087 2828 2111 ιο
2859 2057 3080 2128 Ἐπειδὴ
3108 2061 3202 2117 οὐκ
3252 2060 3384 2131 ἐνῆν
3446 2056 3574 2136 περὶ
3628 2055 3832 2116 πάντων

2229 2152 2717 2235 ἀκριϐολογεῖσθαι,
2770 2148 2892 2226 περὶ
2940 2147 3184 2220 εἰσόδων,
3215 2147 3344 2229 περὶ
3377 2147 3608 2219 ἐξόδων,
3665 2144 3832 2235 ῥήμα-

2224 2233 2344 2315 τος,
2375 2240 2652 2320 σχήματος
2677 2239 2754 2311 ³⁷,
2789 2240 2840 2294 ἐν
2879 2237 3156 2318 κεφαλαίῳ
3187 2237 3353 2313 φησίν
3378 2260 3392 2273 ο
3433 2237 3588 2296 ¹⁷Οσα
3618 2233 3830 2310 ἐμάθετε

2223 2331 2315 2392 καὶ
2345 2329 2613 2402 ἠκούσατε
2660 2328 2746 2386 διὰ
2782 2325 3160 2398 διδασκαλίας,
3210 2330 3306 2384 καὶ
3362 2324 3710 2406 παρελάϐετε
3752 2326 3833 2401 ἐγ-

2222 2420 2438 2503 γράφως
2457 2419 2534 2494 ³⁸,
2568 2417 2660 2476 καὶ
2692 2416 2852 2476 εἴδετε
2886 2418 2941 2475 ἐν
2989 2415 3107 2493 ἐμοὶ
3137 2416 3205 2473 δι’
3225 2415 3402 2495 ἔργων
3425 2418 3631 2476 αὐτῶν.
3671 2416 3833 2503 Τοῦτο

2221 2502 2349 2592 γὰρ,
2381 2513 2452 2577 ὡς
2501 2506 2760 2574 πολλάκις
2807 2505 3050 2587 εἴρηται,
3111 2504 3444 2565 διδασκαλία
3500 2504 3725 2585 ἀρίστη“,
3778 2502 3833 2561 τὸ

2224 2600 2412 2660 ἑαυτὸν
2441 2599 2606 2659 τύπον
2637 2595 2916 2676 παρέχειν.

2309 2714 2341 2746 α
2371 2692 2560 2750 Ταῦτα
2590 2687 2878 2766 πράσσετε.
2906 2712 2930 2739 »ι
2961 2683 3054 2756 Μὴ
3080 2683 3237 2762 μόνον
3257 2685 3542 2764 λογίζεσθε
3559 2729 3578 2760 ,
3600 2685 3670 2750 ὥς
3697 2685 3828 2742 ἀνω-

2223 2779 2362 2861 τέρω
2403 2777 2643 2859 εἴρηται,
2689 2775 2826 2855 μηδὲ
2883 2773 3066 2854 λέγετε
3119 2775 3276 2853 μόνον
3328 2775 3476 2835 ἀλλὰ
3529 2774 3624 2835 καὶ
3671 2772 3831 2854 πράτ-

2223 2902 2362 2940 τετε.

2313 2995 2339 3022 ιι
2378 2964 2486 3027 Καὶ
2515 2969 2542 3025 ὃ
2562 2962 2698 3032 Θεὸς
2728 2967 2821 3037 τ’ἤς
2849 2961 3059 3043 εἰρήνης
3087 2960 3238 3022 ἔσται
3263 2961 3382 3040 μεθ’
3408 2964 3585 3040 ὗμῶν.
3619 2985 3650 3019 ν
3675 2963 3829 3022 Τουτ-

2225 3059 2398 3133 έστιν,
2453 3055 2552 3115 Ἐν
2627 3055 2833 3133 γαλήνῃ
2885 3053 3102 3129 ἔσεσθε,
3167 3053 3254 3111 ἐὰν
3311 3058 3488 3112 ταῦτα
3534 3051 3825 3132 πράσσητε.

2226 3145 2362 3207 Ἐὰν
2415 3143 2519 3223 γὰρ
2571 3142 2958 3225 εἰρηνεύωμεν,
2981 3141 3076 3201 καὶ
3121 3141 3252 3223 πρὸς
3291 3143 3384 3201 τὸν
3415 3141 3582 3215 Θεὸν,
3617 3142 3684 3200 δι’
3708 3142 3825 3219 ἀρε-

2153 3252 2198 3317 C
2227 3241 2320 3307 τῆς
2351 3233 2592 3310 δηλαδὴ,
2644 3231 2736 3292 καὶ
2767 3234 2896 3314 πρὸς
2934 3230 3054 3299 τοὺς
3104 3231 3415 3310 ἀνθρώπους
3461 3259 3487 3286 ιι
3522 3229 3704 3310 (Μετὰ
3733 3231 3826 3286 τῶν

2235 3326 2531 3406 μισούντων
2607 3321 2731 3402 γὰρ,
2785 3322 2946 3403 φησὶ,
2995 3321 3091 3394 τὴν
3143 3320 3359 3401 εἰρήνην
3420 3321 3570 3398 ἤμην
3647 3320 3832 3397 εἰρηνι-

2225 3417 2368 3491 κὸς),
2398 3442 2422 3466 ιο
2453 3415 2601 3474 ἔσται
2639 3413 2794 3480 αὐτὸς
2826 3415 2940 3488 μεθ’
2961 3415 3130 3488 ὖμῶν.
3155 3410 3255 3478 Ὃς
3286 3410 3394 3493 γὰρ
3426 3410 3522 3470 καὶ
3559 3409 3832 3492 φεύγοντας

2228 3506 2425 3578 διώκει,
2444 3506 2556 3570 πῶς
2594 3504 2654 3560 οὖ
2684 3507 2964 3579 προσιοῦσι
2997 3501 3344 3575 συνέσται³⁹;

2315 3624 2339 3649 σι
2377 3593 2622 3674 Ἐχάρην
2682 3591 2737 3650 δὲ
2776 3595 2828 3650 ἐν
2864 3590 3048 3671 Κυρίῳ
3113 3591 3398 3669 μεγάλως,
3442 3591 3524 3650 ὅτι
3556 3590 3659 3663 ἤδη
3703 3583 3824 3645 ποτὲ

2229 3683 2508 3746 ἀνεθάλετε
2539 3685 2612 3750 εἰς
2656 3681 2717 3740 τὸ
2774 3681 2907 3762 ὑπὲρ
2940 3684 3072 3758 ἐμοῦ
3121 3689 3353 3762 φρονεῖν.
3396 3709 3421 3734 ι
3453 3684 3538 3742 Οὐ
3572 3677 3830 3755 κοσμικῶς

2229 3775 2454 3855 ἐχάρην,
2491 3771 2649 3854 φησὶν
2670 3816 2686 3846 ,
2718 3771 2834 3829 οὐδὲ
2869 3773 3154 3850 βιωτικῶς,
3199 3772 3351 3842 ἀλλ’,
3395 3793 3426 3831 α
3457 3772 3512 3829 ἐν
3541 3766 3764 3849 ΚυρίωῩ
3791 3784 3820 3855 ξι

2229 3867 2331 3944 οὐχ
2355 3865 2434 3922 ὅτι
2471 3861 2769 3921 ἀνάπαυσιν
2792 3858 2949 3940 ἔσχον
2983 3859 3088 3938 ἐγὼ
3107 3902 3124 3932 ,
3150 3861 3273 3918 ἀλλ’
3309 3859 3392 3918 ὅτι
3424 3861 3578 3938 ὑμεῖς
3615 3850 3828 3935 προεχό.

2231 3943 2386 4032 ψατε.
2423 3951 2527 4012 Διὰ
2575 3958 2729 4011 τοῦτο
2757 3948 2849 4009 καὶ
2879 3949 3159 4028 μεγάλως,
3201 3949 3282 4007 ὅτι
3329 3950 3468 4031 ὑπὲρ
3500 3952 3596 4020 τ’ἤς
3626 3943 3829 4032 ἐκείνων

2231 4031 2509 4124 ὠφελείας.
2544 4040 2754 4120 Ἦρέμα
2799 4038 2854 4097 δὲ
2899 4039 3222 4112 ἐπιτιμήσας
3255 4036 3391 4118 ὑπὲρ
3421 4044 3514 4097 τοῦ
3545 4031 3828 4116 παρελθόν-

2231 4121 2316 4198 τος
2337 4132 2389 4170 ⁴⁰
2409 4129 2638 4210 χρόνου,
2689 4132 2759 4196 ὡς
2792 4127 2855 4187 ἂν
2901 4127 3082 4206 διδάξῃ
3130 4131 3366 4207 συνεχῶς
3420 4127 3517 4188 καὶ
3553 4121 3828 4186 διαπαντὸς

2235 4220 2598 4298 μεταδιδόναι,
2624 4219 2786 4276 πάλιν
2829 4217 2958 4276 αὐτὸ
2989 4217 3325 4278 συνεσκίασε.
3353 4218 3438 4278 Τὸ
3478 4219 3605 4296 γὰρ,
3635 4241 3659 4267 σι
3686 4210 3824 4280 Ἤδη

2232 4308 2382 4386 ποτὲ,
2407 4335 2431 4363 ν
2455 4307 2642 4390 χρόνον
2670 4309 2820 4380 δηλοῖ
2841 4307 3065 4388 μακρόν.
3097 4307 3204 4368 Καὶ
3227 4307 3360 4390 τὸζα
3382 4305 3688 4367 Ἀνεθάλετε
3705 4328 3726 4352 ιι
3757 4299 3826 4370 δέ,

2234 4402 2304 4467 ὥς
2335 4387 2642 4478 anteum
2703 4387 3121 4475 βλαστησάντων
3157 4395 3228 4471 ³⁸⁸,
3281 4387 3398 4454 εἶτα
3469 4390 3821 4472 ξηρανθέντων

516 4488 667 4560 poris
723 4486 937 4559 lapsum
984 4485 1344 4543 demonstrat.
1399 4489 1736 4554 Re/loruistis
1789 4495 1976 4542 autem
2030 4486 2113 4543 di-

2229 4488 2320 4547 καὶ
2376 4477 2522 4554 αὖθις
2567 4485 2994 4578 ἀναθαλλόντιιὶν.
3029 4484 3138 4546 Καὶ
3193 4488 3376 4562 ὑμεῖς,
3431 4484 3633 4565 φησίν,
3687 4477 3824 4541 ὄντες

517 4578 619 4646 xit,
685 4576 854 4633 veluti
921 4574 990 4632 de
1041 4575 1261 4646 plantis,
1334 4583 1628 4647 postquam
1683 4576 2110 4648 germinassent,

518 4667 794 4736 arefactis,
838 4681 902 4721 ac
939 4665 1120 4721 denuo
1162 4664 1728 4736 repullulascentibus.
1770 4667 1839 4722 Et
1876 4681 1996 4734 vos,
2035 4666 2118 4720 in-

520 4757 656 4829 quit,
688 4771 814 4812 cum
845 4757 1039 4812 essetis
1076 4754 1281 4823 ﬂoridi,
1312 4755 1686 4824 emarcuistis,
1715 4754 1914 4812 deinde
1955 4755 2115 4813 reﬂo-

517 4845 720 4902 ruistis.
745 4848 936 4917 Itaque
953 4843 1058 4900 hoc
1075 4844 1280 4916 pariter
1299 4843 1602 4919 objurgatio
1623 4853 1708 4902 est
1733 4853 1785 4901 et
1815 4847 1934 4902 laus
1959 4866 1971 4903 :
2000 4861 2117 4902 non

518 4935 666 4990 enim
690 4949 887 5008 parum
907 4941 1017 5002 est,
1053 4949 1213 5003 eum,
1260 4935 1354 5006 qui
1386 4936 1623 5005 exaruit,
1665 4936 2113 5008 repullulascere.

517 5028 598 5082 Ne
633 5039 768 5081 vero
809 5022 1086 5080 existimet
1127 5023 1326 5096 aliquis
1354 5025 1501 5097 quod
1549 5034 1604 5082 et
1633 5024 1691 5081 in
1731 5026 1952 5098 reliquis
1993 5041 2125 5082 exa-

2226 4575 2439 4657 ἀνθηροὶ
2479 4575 2844 4656 ἐμαράνθητε,
2898 4564 3012 4633 εἷτα
3046 4575 3350 4636 ἀνεθάλετε.
3381 4564 3564 4633 Ὥστε
3598 4569 3687 4630 καὶ
3711 4569 3821 4657 ἐπι-

2224 4667 2438 4744 τίμησίς
2483 4670 2594 4724 ἐστι
2649 4665 2740 4724 καὶ
2777 4663 2988 4730 ἔπαινος
3044 4670 3199 4723 τοῦτο
3228 4663 3304 4726 η.
3357 4665 3442 4724 Οὐ
3475 4662 3578 4742 γὰρ
3637 4653 3820 4736 μικρὸν

2226 4758 2284 4816 τὸ
2315 4754 2650 4837 μαρανθέντα
2683 4756 2945 4824 ἀναθῆλαι
2966 4754 3149 4813 πάλιν.
3187 4752 3311 4813 Ἵνα
3339 4753 3394 4811 δὲ
3422 4752 3498 4831 μὴ
3529 4749 3717 4826 νομίσῃ
3749 4764 3819 4806 τις

2227 4844 2512 4922 ὅτι⁴³τκαὶ
2555 4847 2608 4903 ἐν
2657 4847 2763 4911 τοῖς
2815 4844 3019 4911 λοιποῖς
3069 4843 3484 4924 ἐμαράνθησαν,
3535 4839 3816 4917 ἐπήγαγεν·

2231 4961 2254 4988 α
2293 4937 2386 5002 Εἷς
2414 4934 2474 4994 τὸ
2503 4934 2637 5012 ὑπὲρ
2667 4935 2798 5011 ἐμοῦ
2830 4941 3037 5014 φρονεῖν
3062 4957 3075 4970 ’
3107 4935 3178 5000 εἰς
3219 4938 3372 4992 τοῦτο
3405 4931 3562 5010 μόνον
3593 4927 3650 4986 τὸ
3679 4942 3817 5014 φροχ-

2232 5024 2390 5092 τίζειν
2429 5048 2529 5102 μου
2560 5027 2655 5094 τῆς
2696 5011 2990 5101 ἀναγκαίας
3035 5022 3241 5102 χρείας.
3299 5019 3569 5095 Ζητητέον
3597 5017 3686 5094 δὲ,
3715 5011 3816 5102 τξίῖξς

517 5115 740 5184 ruerint,
775 5114 982 5188 intulit,
1026 5116 1131 5171 Pro
1158 5131 1242 5171 me
1277 5096 1478 5172 sentire
1515 5135 1534 5171 :
1574 5116 1634 5172 in
1660 5115 1766 5174 hoc
1805 5096 2009 5187 solum,
2063 5125 2117 5173 ut

2234 5116 2262 5172 ὁ
2289 5096 2493 5192 λέγων,
2518 5140 2543 5168 ‹‹
2565 5096 2847 5194 Μακάριόν
2893 5113 3006 5172 ἐστι
3036 5096 3236 5172 διδόναι
3270 5113 3473 5191 μᾶλλον
3523 5107 3559 5180 ἢ
3609 5096 3811 5182 λαμϐά-

589 5277 616 5305 α
642 5267 794 5326 Psal.
818 5282 971 5326 cxrx
989 5309 1005 5338 ,
1036 5275 1091 5324 7.

1817 5367 1822 5372 ’
1901 5342 2091 5406 Varia
2133 5344 2442 5410 lectiones.-

585 5447 628 5482 ³⁷
648 5447 875 5520 ῥήματα,
905 5447 1146 5520 σχήματα
1174 5463 1230 5506 0.
1304 5447 1351 5484 ⁸⁸
1373 5447 1603 5522 ἀγράφως
1630 5465 1689 5509 0.
1766 5449 1814 5487 ⁸³
1857 5472 2022 5507 -σεται
2045 5470 2103 5510 0.
2180 5453 2223 5489 "0
2258 5455 2505 5525 παρόντος
2531 5469 2587 5512 0.
2667 5451 2709 5489 ⁴¹
2736 5459 2833 5509 τῶν
2870 5453 3115 5526 βλαστησ.
3143 5470 3200 5514 ο.
3279 5452 3322 5490 ⁸³
3350 5448 3492 5515 οὗτος
3521 5465 3576 5508 ο·
3652 5442 3696 5481 ⁸³
3721 5461 3802 5496 νο·

559 5529 606 5581 ίσ
690 5529 770 5583 ὅτι
799 5546 852 5588 o.

518 5550 554 5599 μ
691 5611 786 5666 Vix
812 5609 1047 5668 dubitari
1075 5619 1280 5684 potest,
1309 5613 1566 5671 mutilum
1596 5613 1685 5671 hic
1717 5630 1839 5672 esse
1872 5623 2106 5672 textum.

515 5689 675 5747 Adde
703 5706 770 5746 ex
795 5690 922 5747 cod.
968 5694 1026 5749 S.
1065 5693 1234 5749 Marci
1271 5695 1460 5751 Veneti
1507 5712 1521 5751 :
1576 5694 1711 5748 Ὅσα
1760 5697 1948 5750 δίκαια.
1980 5697 2114 5767 Πρὸς

2223 5619 2336 5708 reb;
2369 5616 2680 5682 ἀδικοῦντας.
2734 5639 2760 5670 α
2807 5619 3142 5692 Quaecunque
3158 5619 3337 5691 justa.
3370 5617 3460 5677 Ad
3493 5613 3694 5687 injuste
3731 5603 3803 5662 fa-

2222 5705 2446 5756 cientes.
2485 5721 2515 5750 ιο
