4104 6472
386 441 525 493 1197

1243 435 1600 494 EXPOSITIO
1639 438 1704 494 IN
1744 436 1954 495 EPIST.
1988 436 2083 495 AD
2120 436 2400 494 PHILIPP.
2443 434 2701 508 —:CAP.
2744 438 2832 493 ιν.

3545 442 3683 495 H98

379 585 512 621 νεινο
540 588 564 615 ι
591 560 684 622 καὶ
726 561 886 621 πάλιν
921 561 1049 643 πρὸς
1081 561 1407 641 Κορινθίους,
1435 589 1459 616 α
1502 561 1683 624 Καλόν
1709 586 1801 641 μοι
1833 564 1974 639 μᾶλ-

2090 561 2300 619 solliciti
2328 560 2446 619 sitis
2473 561 2527 618 in
2570 560 3085 619 subministratione
3123 577 3319 619 eorum
3364 578 3491 637 quae
3542 564 3685 620 mihi

378 655 469 712 λον
501 653 819 725 ἀποθανεῖν,
845 649 957 723 ἢτὸ
984 651 1247 731 καύχημά
1284 674 1386 729 μου
1432 648 1521 711 ἵνα
1559 677 1640 722 τις
1672 652 1910 734 κενώσῃ,
1941 676 1972 710 π

379 746 469 799 νῦν
499 740 798 823 εῧρίσκεται
839 739 1159 819 λαμϐάνων;
1202 740 1358 802 Ἐκεῖ
1403 741 1618 810 εἰκότως
1670 744 1767 801 οὔκ
1795 742 1975 819 ἐλάμ-

382 830 541 903 ϐανε,
598 829 686 889 διὰ
750 829 868 899 τοὺς
916 831 1378 913 ψευδαποστόλους
1429 831 1865 913 ὑποκρινομένους
1914 830 1976 891 τὸ

380 919 457 996 μὴ
478 919 796 998 λαμϐάνειν,
825 948 851 974 ιι
880 918 1003 980 Ἵνα
1029 925 1081 980 ἐν
1108 911 1171 1001 ᾧ,
1205 947 1230 972 α
1247 920 1400 1001 φησὶ,
1435 948 1458 974 υ
1480 911 1808 1003 καυχῶνται,
1832 926 1976 1003 εὗρε-

380 1012 512 1067 θῶσι
532 1013 604 1077 ὥς
631 1008 804 1087 κάγώ.
841 1035 865 1064 ιο
893 1010 1003 1069 Καὶ
1032 1000 1134 1090 γὰρ
1164 1000 1269 1089 οὐχ
1292 1008 1477 1077 ἁπλῶς
1506 1000 1673 1070 εἶπεν·
1713 1013 1794 1071 Οὗ
1838 1000 1972 1092 φραο

382 1099 608 1175 γήσεται
637 1097 698 1158 τὸ
727 1097 990 1178 καύχημά
1021 1121 1141 1174 μου,
1160 1101 1299 1173 ἀλλ’,
1326 1127 1348 1150 σι
1382 1097 1477 1159 Ἐν
1508 1100 1612 1167 τοῖς
1638 1100 1862 1174 κλίμασι
1883 1103 1977 1171 τῆς

380 1182 599 1269 Ἀχαΐας
624 1210 639 1224 ⁸
661 1214 685 1240 ιι
715 1187 851 1262 ἐπεὶ,
881 1214 906 1241 α
927 1185 1142 1260 Ἀλλας,
1174 1211 1200 1241 ιι
1229 1186 1420 1268 φησὶν,
1450 1214 1474 1241 α
1499 1187 1826 1260 Ἐκκλησίας
1859 1187 1977 1247 ἐσύ-

380 1279 543 1350 λησα’
580 1304 604 1330 ιι
655 1271 834 1336 "ﬂore
894 1277 1004 1335 ἐκεῖ
1072 1278 1417 1354 οἰκονομικῶς
1464 1281 1562 1337 οὐκ
1638 1276 1939 1354 ἐλάμϐανεν
1963 1301 1977 1316 ο

379 1368 607 1426 ἐνταῦθα
660 1365 715 1426 δὲ
765 1365 1035 1445 ἀγαπητοὶ
1083 1368 1132 1425 οἱ
1186 1364 1415 1434 διδόντες
1472 1366 1565 1427 καὶ
1630 1366 1972 1445 ἐπιπόθητοι,

379 1453 496 1528 οὓς,
526 1456 572 1513 εἶ
600 1454 677 1532 μὴ
701 1453 1002 1532 ἐλάμϐανεν
1040 1453 1091 1489 ⁴⁴
1115 1501 1134 1529 ,
1165 1453 1388 1529 ἔπληξεν
1421 1454 1508 1518 ἄν.
1545 1453 1748 1523 Ἄλλως
1780 1478 1861 1535 τε,
1883 1455 1975 1516 καὶ

376 1544 440 1603 τὸ
469 1542 764 1621 λαμϐάνειν
816 1540 951 1624 ῧπὲρ
988 1546 1066 1604 τῶ
1119 1543 1368 1604 διδόντων
1413 1545 1615 1622 μᾶλλόν
1649 1548 1788 1605 ἐστιν
1810 1569 1823 1582 ·
1862 1546 1974 1603 αὖ-

378 1633 458 1693 τοὶ
494 1632 598 1714 γὰρ
620 1633 671 1669 ⁴⁵
699 1634 1023 1715 ὠφελοῦνται
1077 1634 1280 1712 μᾶλλον
1310 1633 1347 1705 ἣ
1396 1635 1443 1694 οῖ
1479 1633 1862 1712 λαμϐάνοντες.
1896 1634 1974 1696 Τὸ

381 1723 436 1784 δὲ
465 1722 668 1803 λέγειν,
707 1746 739 1779 α
777 1722 1066 1803 Μακάριόν
1111 1724 1225 1782 ἐστι
1276 1722 1476 1784 διδόναι
1529 1726 1733 1802 μᾶλλον
1764 1723 1798 1795 ἢ
1828 1726 1973 1801 λαμ-

382 1811 566 1872 ϐάνειν
586 1857 602 1887 ,
634 1838 659 1866 υ
682 1814 778 1873 οὒκ
808 1813 1163 1894 ἀπαγόρευσις
1186 1814 1371 1881 ἁπλῶς
1392 1816 1505 1874 ἐστι
1536 1819 1626 1874 τοῦ
1642 1812 1936 1891 λαμϐάνειν
1956 1862 1973 1894 ,

368 1901 520 1963 ’ἀλλὰ
594 1900 871 1984 σύγκρισίς
928 1904 1074 1974 ἐστι,
1127 1901 1188 1962 τὸ
1238 1907 1475 1985 κρεῖττον
1530 1903 1966 1964 ὖποδεικνύουσα.

380 1991 523 2053 Οὐδὲ
573 1991 674 2073 γὰρ
723 1990 906 2065 ἐπειδὴ
957 1990 1191 2051 καλλίων
1256 1996 1283 2052 ὁ
1338 1993 1559 2075 χρυσὸς,
1610 1992 1714 2065 ἤδη
1766 1997 1970 2073 ἀπαγο-

382 2081 518 2162 ρεύει
568 2105 645 2150 τις
675 2081 737 2141 τὸ
767 2080 907 2161 ἔχειν
961 2080 1231 2162 ἀργύριον.
1263 2079 1466 2151 Ἄλλως
1516 2083 1569 2141 δὲ
1606 2082 1698 2141 καὶ
1744 2083 1977 2142 ἐκεῖνο⁴⁶

381 2173 500 2251 περὶ
529 2176 622 2230 τοῦ
651 2170 961 2251 ἐργάζεσθαι
979 2217 994 2245 ,
1023 2170 1113 2229 καὶ
1162 2174 1221 2230 ἐκ
1255 2177 1347 2231 τοῦ
1377 2171 1537 2253 ἔργου
1566 2173 1768 2231 διδόναι
1795 2171 1969 2248 λέγει,

381 2262 472 2319 καὶ
504 2261 582 2319 δεῖ
627 2260 764 2320 οὕτω
799 2269 991 2321 ποιεῖν.
1035 2259 1167 2320 Ἐὰν
1195 2259 1248 2319 δὲ
1279 2262 1354 2337 μή
1477 2262 1658 2341 καιρὸς
1697 2266 1791 2320 τοῦ
1816 2263 1974 2344 ἐργά-

379 2354 595 2428 ζεσθαι,
653 2351 863 2427 δεσμῶν
882 2349 934 2388 ⁴⁷
983 2349 1419 2431 περιτεθειμένων
1453 2351 1488 2422 ἢ
1549 2350 1878 2431 ἆῤῥωστίας,
1924 2352 1977 2410 τί

382 2437 485 2520 δεῖ]
505 2439 788 2512 ποιητέον;
821 2439 879 2497 οὗ
910 2439 989 2498 δεῖ
1015 2429 1309 2516 λαμϐάνειν
1329 2462 1345 2513 ;
1369 2438 1516 2518 Ἐγὼ
1541 2429 1637 2517 μὲν
1679 2429 1852 2515 οἶμαι.

2082 657 2213 709 sunt
2258 651 2585 710 necessaria.
2619 651 2990 721 Quaerendum
3018 659 3207 709 autem
3243 660 3346 719 est,
3378 652 3681 724 Quomodo

2081 742 2130 798 is
2158 741 2252 815 qui
2281 741 2439 810 dicit,
2480 742 2696 797 Beatius
2747 746 2826 799 est
2861 742 2993 798 dare
3028 759 3197 814 quam
3237 745 3517 814 acciperev
3568 763 3585 798 :
3626 750 3684 799 et

2081 847 2272 889 rursus
2313 831 2382 889 ad
2432 829 2747 901 Corinhios,
2787 833 2970 889 Satius
3017 837 3095 889 est
3128 833 3267 888 mihi
3297 834 3483 902 emori,
3516 849 3681 904 quam

2081 926 2144 979 ut
2192 923 2563 993 gloriatimtem
2606 937 2780 978 meam
2819 925 3109 993 quisquam
3150 927 3366 979 evacuet
3391 932 3421 964 ι
3470 939 3484 978 :
3528 939 3683 980 nunc

2085 1010 2359 1068 invenitur
2396 1011 2683 1083 accipere?
2727 1015 2803 1068 At
2837 1010 2948 1067 illic
2997 1027 3109 1068 non
3145 1011 3340 1085 injuria
3369 1009 3503 1068 nihil
3532 1012 3681 1070 acci-

2084 1100 2289 1172 piebat,
2321 1108 2547 1173 propter
2577 1100 3047 1173 pseudapostolos,
3079 1101 3171 1173 qui
3195 1116 3255 1158 se
3278 1099 3413 1158 nihil
3436 1101 3682 1174 accipere

2083 1189 2435 1259 simulabant,
2466 1193 2536 1247 Ut
2561 1192 2619 1245 in
2647 1206 2753 1262 quo
2799 1187 3120 1260 gloriantur,
3155 1190 3349 1263 inquit,
3400 1193 3680 1248 invenian-

2086 1284 2175 1335 tur
2200 1282 2340 1335 sicut
2367 1284 2419 1335 et
2440 1296 2540 1351 ego
2563 1289 2613 1335 γ.
2650 1279 2869 1336 Etenim
2897 1295 3011 1335 non
3036 1280 3361 1351 simpliciter
3385 1279 3522 1351 dixi,
3553 1283 3681 1337 Non

2086 1367 2412 1442 infringetur
2453 1368 2703 1442 gloriatio
2737 1383 2884 1436 mea,
2928 1368 3046 1438 sed,
3073 1371 3138 1425 In
3182 1370 3380 1439 ﬁnibus
3400 1370 3677 1425 Achaice’.

2084 1459 2254 1528 Nam,
2305 1460 2485 1528 Alias,
2535 1458 2743 1530 inquit,
2793 1460 3055 1516 Ecclesias
3095 1458 3437 1530 depraadatus
3483 1474 3603 1515 sum
3629 1469 3674 1513 ⁸.
3734 1522 3737 1531 ι

2084 1547 2350 1604 Consulto
2413 1548 2596 1620 itaque
2654 1546 2765 1603 illic
2830 1563 2944 1603 non
2992 1547 3297 1619 accipiebat
3353 1565 3368 1604 :
3411 1547 3503 1604 hic
3548 1563 3677 1604 vero

2083 1634 2266 1692 dilecti
2306 1644 2437 1693 sunt
2477 1636 2669 1694 dantes
2695 1651 2761 1692 ac
2797 1636 3216 1705 desiderabiles,
3260 1651 3294 1693 a
3335 1637 3541 1711 quibus
3569 1638 3676 1694 nisi

2082 1726 2400 1797 accepisset,
2484 1724 2859 1798 perturbasset
2916 1740 3031 1782 eos.
3110 1727 3360 1799 lusaper,
3432 1726 3680 1799 accipere

2083 1829 2181 1885 pro
2232 1808 2491 1871 dantibus
2538 1813 2718 1887 magis
2783 1821 2867 1871 est
2955 1832 2969 1870 :
3017 1814 3223 1870 etenim
3273 1813 3471 1887 majori
3521 1831 3679 1872 com-

2088 1901 2355 1960 moditate
2400 1903 2715 1961 afﬁciuntur
2758 1903 2798 1960 ii
2858 1903 2954 1975 qui
3007 1901 3143 1960 dant
3181 1919 3349 1976 quam
3393 1903 3487 1976 qui
3537 1904 3682 1961 acci-

2088 1993 2266 2064 piunt.
2302 1993 2465 2064 Quod
2493 2009 2623 2050 vero
2664 1993 2757 2062 ait,
2783 1995 3006 2049 Beatius
3030 1992 3198 2065 457
3228 1997 3307 2049 est
3344 1994 3479 2049 dare
3514 2010 3682 2066 quam

2088 2087 2342 2155 accipere,
2389 2100 2505 2141 non
2544 2092 2627 2142 est
2659 2084 2986 2158 simpliciter
3014 2084 3334 2141 interdictio
3362 2084 3678 2158 accipiendi,

2084 2190 2278 2231 verum
2328 2176 2671 2248 comparatio
2724 2182 2829 2241 est,
2874 2188 2998 2247 qua
3053 2173 3110 2230 id
3157 2173 3309 2246 quod
3357 2173 3554 2231 melius
3598 2184 3682 2233 est

2084 2263 2485 2322 submonstrat.
2552 2268 2679 2322 Non
2739 2264 2892 2321 enim
2935 2264 3062 2335 quia
3114 2264 3295 2335 potius
3344 2272 3428 2321 est
3459 2280 3679 2335 aurum,

2087 2361 2235 2410 vetat
2274 2355 2567 2428 quisquam
2615 2370 2684 2410 ne
2753 2361 3046 2426 argentum
3106 2352 3328 2410 habeas.
3375 2356 3680 2423 Praeterea,

2083 2443 2215 2499 illud
2255 2444 2323 2500 de
2349 2443 2559 2511 labore,
2608 2451 2663 2500 et
2701 2442 2774 2499 de
2811 2443 3154 2516 eleemosyna
3197 2458 3263 2500 ex
3291 2459 3453 2516 opere
3486 2453 3678 2501 nostro

380 2536 558 2593 danda
592 2535 745 2600 dicit,
787 2544 951 2608 atque
980 2537 1057 2591 ita
1086 2551 1220 2593 sane
1242 2535 1558 2593 faciendum
1589 2544 1692 2593 est.
1723 2537 1824 2594 Sin
1850 2552 1977 2595 vero
2005 2547 2225 2613 tempus
2266 2542 2528 2614 operandi
2564 2540 2898 2620 nonpfuerit,
2924 2541 3161 2598 vinculis
3192 2541 3459 2599 nimirum
3497 2543 3679 2616 impo-

380 2626 522 2693 sitis,
557 2625 639 2683 vel
674 2625 1019 2700 aegritudine,
1063 2625 1195 2699 quid
1240 2634 1362 2683 tum
1406 2625 1757 2686 faciendum?
1799 2643 1985 2685 nonne
2012 2630 2403 2703 accipiendum
2432 2630 2846 2704 est?Equidem
2879 2630 3098 2704 Opinor.

470 2740 499 2776 (ι
529 2715 649 2798 Ἐφ’
681 2706 725 2797 ᾧ
771 2716 864 2776 καὶ
895 2717 1184 2797 ἐφρονεῖτε.
1230 2718 1613 2791 ››’Τυυτέστιν,
1653 2715 1846 2798 Εἶχε-τε
1881 2717 1977 2796 μὲν

380 2811 432 2866 ἐν
575 2804 769 2887 καρδίᾴ
828 2805 924 2877 τὴν
955 2806 1078 2887 περὶ
1128 2809 1257 2883 ἐμοῦ
1317 2807 1594 2888 φροντίδα,
1645 2807 1736 2867 καὶ
1788 2809 1979 2887 ἐμερι-

384 2905 547 2974 μνᾶτε
580 2895 713 2976 ὖπὲρ
763 2897 893 2973 ἐμοῦ
916 2919 929 2932 ·
970 2892 1062 2955 καὶ
1094 2895 1199 2975 γὰρ
1238 2895 1329 2957 καὶ
1379 2895 1494 2965 ἔθος
1536 2896 1658 2974 ὓμῖν
1690 2896 1980 2978 φροντίζειν

382 2984 562 3066 [ὅπερ]
594 3008 717 3063 μου.

2158 2724 2310 2778 Sicut
2358 2727 2410 2778 et
2453 2722 2778 2778 sentiebatis.
2829 2723 2952 2778 Hoc
2992 2730 3095 2790 est,
3135 2721 3418 2780 Gerebatis
3463 2723 3686 2796 quidem

2088 2810 2145 2867 in
2171 2810 2336 2868 corde
2366 2826 2467 2883 pro
2511 2827 2603 2869 me
2645 2811 3101 2879 sollicitudinem,
3128 2818 3183 2867 et
3211 2828 3311 2884 pro
3350 2827 3444 2868 me
3467 2812 3686 2870 solliciti

2091 2900 2255 2957 eratis
2292 2918 2305 2957 :
2332 2916 2464 2957 nam
2482 2906 2539 2957 et
2558 2902 2616 2958 in
2652 2917 2809 2959 more
2832 2899 2990 2959 vobis
3018 2908 3121 2971 est,
3153 2909 3214 2958 ut
3236 2917 3334 2974 pro
3353 2917 3444 2958 me
3470 2902 3687 2959 solliciti

2089 2991 2228 3048 sitis.

469 3059 867 3154 «τΗκαιρεῖσθε
893 3073 973 3136 δέ.
1006 3095 1034 3132 ι)
1071 3076 1154 3137 Οὖ
1178 3078 1272 3149 τῆς
1291 3076 1553 3157 ῥᾳθυμίας
1578 3078 1726 3154 ὑμῶν
1746 3119 1764 3151 ,
1796 3075 1979 3158 φησὶν,

2159 3082 2282 3139 Νοη
2304 3080 2589 3138 habebatis
2611 3085 2793 3137 autem
2820 3082 3299 3153 opportunitatem.
3322 3082 3444 3137 Hoc
3467 3097 3581 3139 non
3604 3097 3689 3139 so-

382 3164 521 3225 ἀλλὰ
559 3167 653 3238 τῆς
695 3163 928 3243 ἀνάγκης
971 3168 1128 3224 τοῦτο
1150 3165 1482 3246 ’τουτέστιν
1504 3211 1521 3240 ,
1554 3168 1673 3227 Οὐκ
1722 3164 1894 3246 εἴχετε
1925 3168 1979 3226 ἐν

379 3253 596 3335 χερσὶν,
633 3252 753 3314 οὐδὲ
805 3255 858 3312 ἐν
895 3253 1117 3334 ἀφθονίᾳ
1170 3245 1300 3327 ἧτε⁸
1355 3255 1463 3314 ἀπὸ
1489 3259 1583 3327 τῆς
1634 3245 1813 3328 κοινῆς
1856 3278 1980 3316 συν-

380 3342 561 3417 ηθείας
604 3347 760 3403 τοῦτο
795 3340 1000 3405 λαϐών.
1059 3341 1154 3411 Ὡς
1190 3341 1446 3423 λέγομεν·
1493 3343 1838 3425 Στενοχωρία
1887 3368 1981 3425 μοι

383 3435 605 3510 ἐπῆλθε,
627 3431 793 3500 κακὸς
821 3431 1004 3513 καιρὸς
1031 3436 1120 3493 νῦν
1153 3434 1317 3493 ἐστιν.

467 3638 493 3665 σι
526 3611 651 3692 οὐχ
698 3610 780 3671 ὅτι
808 3613 928 3672 καθ’
960 3610 1243 3692 θστέρησιν
1293 3610 1465 3692 λέγωο
1496 3637 1524 3665 ι
1563 3612 1646 3673 Οὖ
1691 3611 1777 3673 διὰ
1826 3615 1980 3675 τοῦτο

383 3700 667 3785 μέμφομαι
710 3703 864 3781 ὓμῖν,
920 3705 991 3771 ὣς
1049 3703 1103 3761 ἐν
1161 3701 1332 3787 ἐνδείᾳ
1360 3699 1455 3776 ὢν,
1519 3700 1611 3761 καὶ
1657 3700 1718 3761 τὸ
1747 3702 1978 3780 ἐμαυτοῦ

383 3815 621 3855 σκοπων.

464 3908 488 3933 α
518 3880 667 3961 Ἐγὼ
694 3878 801 3960 γὰρ
825 3881 1022 3959 ἔμαθον
1042 3924 1059 3955 ,
1104 3882 1159 3940 ἐν
1189 3871 1265 3948 οἶς
1296 3883 1433 3959 εἰμι,
1466 3880 1732 3962 αὐτάρκης
1762 3868 1919 3944 εἶναι.
1955 3907 1980 3935 υ

383 3969 550 4053 Ὁρᾷς
569 4016 587 4051 ,
617 3968 700 4030 ὅτι
741 3970 1173 4052 δυσκατόρθωτόν
1216 3970 1412 4031 ἔστιτὸ
1445 3972 1499 4029 ἐν
1531 3970 1819 4052 αὐταρκείᾳ
1848 3970 1981 4050 χαί-

386 4082 524 4142 ρειν,
558 4059 651 4120 καὶ
699 4058 999 4138 γυμνασίας
1035 4062 1206 4121 δεῖται
1253 4061 1345 4121 καὶ
1390 4060 1643 4139 μελέτης,
1680 4087 1704 4114 α
1733 4058 1980 4139 Ἕμαθον

384 4149 514 4230 γὰρ,
543 4147 788 4232 [φησὶν.

473 4261 502 4297 σ
533 4229 676 4300 Οἶδα
723 4238 816 4299 καὶ
838 4242 1250 4312 ταπεινοῦσθαι,
1284 4229 1407 4299 οἶδα
1440 4239 1530 4299 καὶ
1559 4238 1912 4318 περισσεύειν.
1948 4259 1976 4297 ι

386 4328 683 4404 Τουτέστι,
736 4327 849 4390 Kal
890 4330 1086 4408 ὀλίγοις
1141 4334 1437 4411 κεχρῆσθαι
1481 4320 1634 4403 οἶδα,
1695 4328 1786 4388 καὶ
1829 4327 1983 4403 λιμὸν

2087 3169 2289 3228 cordia;
2326 3180 2523 3228 vestrm
2561 3171 2694 3238 luit,
2739 3170 2946 3244 inquit,
2991 3168 3089 3227 sed
3133 3170 3477 3228 necessitatis
3520 3189 3534 3226 :
3583 3172 3692 3228 hoc

2086 3269 2194 3331 est,
2236 3264 2365 3318 Non
2390 3261 2677 3319 habebatis
2704 3260 2761 3317 in
2798 3260 3051 3318 manibus
3073 3261 3290 3329 vestris,
3314 3276 3489 3333 neque
3525 3261 3694 3318 abun-

2087 3348 2307 3407 dabatis
2370 3369 2384 3405 :
2432 3367 2464 3406 a
2503 3351 2791 3408 communi
2828 3348 3085 3423 loquendi
3134 3350 3532 3407 consuetudine
3587 3349 3693 3407 hoc

2087 3438 2399 3495 desumens.
2443 3440 2697 3496 Solemus
2738 3438 2888 3496 enim
2930 3439 3145 3508 dicere,
3174 3439 3444 3512 Angustia
3477 3454 3570 3497 me
3598 3439 3692 3496 in-

2088 3528 2250 3595 vasit,
2280 3529 2492 3585 malum
2518 3538 2738 3601 tempus
2764 3542 2914 3584 nunc
2933 3536 3039 3584 est.
3702 3586 3705 3587 ν

2157 3621 2338 3676 Vnus.
2391 3622 2475 3673 11.
2524 3619 2647 3675 Non
2696 3617 2846 3688 quod
2885 3633 2988 3689 per
3024 3618 3312 3687 penuriam
3338 3617 3447 3673 haec
3490 3618 3687 3675 dicam.

2089 3711 2217 3766 Non
2260 3714 2544 3780 propterea
2581 3706 2651 3765 de
2692 3705 2845 3763 vobis
2884 3721 3214 3777 conqueror,
3270 3706 3419 3780 quod
3462 3708 3692 3781 penuria

2087 3813 2277 3870 angar,
2297 3804 2466 3870 atque
2493 3812 2680 3853 meam
2710 3795 2886 3869 ipsius
2907 3811 3027 3852 rem
3059 3804 3326 3868 spectem.

2156 3900 2271 3966 Ego
2290 3897 2431 3951 enim
2459 3895 2648 3965 didici,
2671 3897 2731 3951 in
2749 3895 2944 3966 quibus
2969 3910 3112 3964 sum,
3142 3894 3210 3949 iis
3238 3897 3521 3951 contentus
3551 3911 3685 3951 esse.

2088 3986 2360 4044 Observas
2387 3985 2479 4041 hic
2505 3982 2735 4042 difﬁcile
2767 3999 2887 4041 esse
2916 3992 2980 4042 ut
3011 3982 3204 4056 aliquis
3236 3998 3334 4040 sua
3359 3982 3691 4041 sufﬁcientia

2087 4076 2353 4151 gaudeat,
2391 4083 2449 4132 et
2475 4074 2625 4149 quod
2648 4073 2908 4131 exercitio
2947 4082 3002 4131 et
3033 4072 3395 4130 meditatione
3425 4088 3567 4147 opus
3596 4072 3688 4131 ba-

2089 4167 2217 4224 beat
2237 4169 2261 4223 ?
2285 4165 2465 4222 Didici
2490 4170 2651 4233 enim,
2687 4163 2886 4237 inquit.

2163 4259 2339 4313 Vnus.
2384 4260 2471 4311 12.
2501 4256 2625 4312 Scio
2654 4258 2704 4309 et
2730 4254 3057 4323 humiliari,
3082 4254 3195 4310 scio
3224 4258 3274 4309 et
3303 4252 3606 4309 abundare.
3631 4252 3694 4311 Id

2094 4354 2195 4413 est,
2227 4353 2283 4403 et
2312 4345 2499 4417 paucis
2526 4344 2605 4400 uti
2632 4343 2782 4412 novi,
2812 4352 2870 4400 et
2900 4341 3104 4400 famem
3126 4343 3398 4415 perferre,
3427 4351 3484 4400 et
3520 4358 3694 4416 penu-

388 4417 665 4499 ὑποφέρειν
724 4417 815 4477 καὶ
888 4416 1122 4492 ἔνδειαν,
1178 4408 1272 4478 καὶ
1330 4408 1398 4477 αὖ
1463 4419 1819 4498 περισσεύειν.
1881 4416 1990 4479 Kal

2102 4435 2263 4503 riam,
2305 4442 2360 4491 et
2388 4449 2577 4491 rursus
2607 4431 2929 4489 exuberare.
2959 4432 3152 4505 Qualis
3188 4441 3373 4489 autem
3412 4431 3587 4488 virtus
3614 4440 3699 4489 est

385 4507 516 4567 ποία
545 4511 700 4567 τοῦτο
727 4506 937 4588 ἱᾶρετὴ,
961 4506 1021 4566 τὸ
1059 4507 1254 4567 εἰδέναι
1292 4508 1661 4589 περισσεύειν,
1714 4507 1823 4569 Kal
1857 4506 1986 4589 σφό-

389 4600 491 4674 δρα
539 4595 636 4675 μὲν
701 4597 791 4657 οὖν
851 4595 1085 4676 μεγάλη.
1164 4596 1392 4665 Πλείους
1452 4596 1557 4677 γὰρ
1610 4601 1645 4669 ἡ
1712 4596 1990 4678 περισσεία

388 4684 788 4768 ἐκτραχηλίζει,
843 4684 879 4757 ἢ
926 4690 960 4757 ἡ
1011 4687 1203 4761 ἔνδεια,
1230 4689 1303 4753 εἰς
1330 4684 1542 4753 πλείους
1586 4684 1870 4762 ἐπιθυμίας
1900 4686 1992 4745 καὶ

390 4774 618 4842 ἀτόπους
633 4772 942 4836 ἐκκαίουσα.
960 4777 1085 4842 Πῶς
1106 4774 1159 4835 δὲ
1183 4777 1302 4855 ῃδει
1328 4777 1358 4834 ὁ
1382 4775 1599 4842 Παῦλος
1621 4773 1990 4855 περισσεύειν;

387 4859 524 4924 "Ott
572 4865 646 4931 εἰς
691 4862 883 4932 ἄλλους
925 4864 1214 4942 ἀνήλισκε,
1264 4863 1356 4924 καὶ
1398 4865 1494 4923 οὐκ
1540 4862 1751 4945 ἔχαιρεν
1785 4863 1873 4924 ἐπὶ

394 4953 675 5035 περισσεία
702 4951 781 5030 ⁴⁸,
837 4952 955 5013 ἀλλ’
1001 4951 1113 5022 ἴσος
1166 4946 1232 5028 ἧν
1273 4953 1329 5013 ἔν
1379 4976 1439 5014 τε
1483 4955 1770 5034 πλησμονῇ
1810 4951 1905 5013 καὶ
1938 4955 1993 5012 ἐν

2096 4523 2266 4597 istud,
2300 4523 2523 4581 novisse
2567 4522 2900 4579 exuberare?
2939 4521 3183 4578 Omnino
3237 4527 3383 4578 certe
3436 4535 3636 4592 magna
3680 4541 3692 4578 :

2099 4616 2281 4687 plures
2335 4614 2487 4670 enim
2530 4611 2868 4670 abundantia
2923 4610 3188 4668 subvertit
3232 4624 3402 4683 quam
3439 4609 3692 4683 penuria,

2099 4703 2170 4760 ad
2231 4703 2502 4775 plurimas
2549 4709 2604 4759 et
2658 4700 2924 4758 absurdas
2982 4698 3308 4772 cupiditates
3372 4698 3695 4756 accendens.

2098 4791 2391 4863 Quomodo
2413 4799 2601 4849 autem
2626 4790 2785 4847 novit
2827 4790 3030 4847 Paulus
3057 4787 3375 4845 abundare?
3421 4787 3699 4859 Quoniam

2102 4883 2158 4939 in
2208 4881 2347 4938 alios
2377 4880 2757 4955 impendebat,
2798 4895 2903 4937 nec
2949 4878 3222 4952 gaudebat
3272 4878 3329 4934 in
3358 4876 3704 4950 superabun-

2104 4971 2312 5041 dantia,
2348 4971 2448 5029 sed
2474 4970 2706 5044 aequalis
2734 4976 2852 5027 erat
2875 4968 2930 5025 in
2958 4967 3246 5026 saturitate
3272 4975 3329 5024 et
3364 4966 3701 5041 indigentia;

394 5040 610 5135 ἐνδείᾳ,
664 5041 786 5103 οὔτε
815 5042 907 5104 ἐπὶ
949 5043 1121 5124 ταύτῃ
1173 5041 1569 5124 χαυνούμενος,
1622 5042 1742 5102 οὔτε
1797 5041 1888 5102 ἐπὶ

2105 5040 2470 5135 nequeenim
2511 5040 2583 5118 ob
2628 5059 2774 5117 hanc
2801 5057 3106 5127 laxabatur,
3136 5072 3318 5130 neque
3358 5056 3430 5115 ob
3457 5040 3705 5129 inopiam

397 5130 574 5214 ἐνδείᾳ
602 5132 932 5212 πιεζόμενος.

489 5243 520 5281 ιι
548 5220 647 5285 Ἐν
670 5222 832 5283 παντὶ
859 5223 953 5283 καὶ
980 5225 1033 5284 ἐν
1053 5230 1187 5284 πᾶσι
1217 5221 1523 5303 μεμύημαι.
1549 5245 1582 5281 ι
1615 5220 1711 5283 Ἐν
1736 5222 1899 5283 παντὶ
1927 5225 2004 5304 τῷ

2108 5142 2483 5216 premebatur.

2184 5233 2248 5289 In
2272 5233 2420 5287 omni
2460 5234 2513 5287 et
2550 5231 2611 5286 in
2660 5228 2904 5285 omnibus
2943 5229 3228 5284 institutus
3261 5241 3401 5283 sum.
3448 5228 3516 5283 In
3553 5225 3709 5285 omni

402 5314 594 5392 μακρῷ
638 5310 848 5395 χρόνῳ,
876 5312 969 5372 καὶ
1006 5313 1062 5371 ἐν
1105 5313 1270 5374 παντὶ
1305 5313 1618 5394 πράγματι,
1644 5311 1737 5372 καὶ
1775 5313 1828 5372 ἐν
1867 5321 2001 5372 πᾶσι

2113 5319 2276 5394 longo
2304 5327 2579 5393 tempore,
2615 5325 2672 5376 et
2703 5318 2758 5375 in
2793 5316 2946 5374 omni
2973 5333 3052 5382 re,
3097 5325 3155 5373 et
3195 5316 3257 5373 in
3295 5315 3555 5374 omnibus
3584 5332 3712 5391 qua

406 5409 513 5470 τοῖς
534 5401 975 5482 παρεμπίπτουσι
1001 5405 1191 5484 πεῖραν
1223 5402 1441 5465 ἔλαϐον.

484 5550 507 5577 '
533 5547 662 5602 Act.
689 5561 796 5616 xx,
826 5551 918 5603 35.

995 5553 1019 5581 ι
1043 5548 1070 5604 ι
1097 5548 1224 5604 Cor.
1251 5562 1344 5612 ιχ,
1380 5549 1465 5604 15.
1540 5554 1565 5592 ι
1591 5549 1633 5606 ll
1655 5549 1784 5606 Cor.
1810 5561 1900 5615 χι,
1925 5550 2014 5602 12.

2115 5408 2293 5467 obiter
2327 5407 2594 5478 incidunt,
2622 5406 3021 5482 experientiam
3053 5406 3259 5479 accepi.

2088 5552 2109 5580 ²
2141 5543 2274 5602 ibid.
2300 5549 2391 5603 40.
2465 5553 2492 5581 ⁵
2518 5542 2658 5602 ibid.
2687 5549 2746 5601 8.

1812 5636 2004 5698 Variae
2049 5636 2352 5697 lectiones.

490 5732 534 5772 “
558 5733 738 5793 ἔλαϐεν
766 5751 821 5797 0.
898 5733 943 5775 ⁸⁸
966 5735 1054 5793 καὶ
1079 5734 1178 5811 γὰρ
1210 5753 1262 5795 0.
1339 5736 1386 5774 “
1406 5737 1576 5803 ἄλλως
1603 5756 1659 5794 τε
1687 5734 1797 5792 ἐκεῖ
1811 5752 1868 5795 ο.
1943 5733 1986 5769 ⁸⁷
2014 5733 2248 5809 πολέμων
2270 5734 2356 5789 καὶ
2372 5737 2607 5807 ταραχῶν
2628 5748 2685 5793 0.
2761 5730 2805 5769 ἰθ
2829 5730 3073 5807 παρρησίᾳ
3098 5748 3159 5794 ο.
