4104 6434
494 417 630 469 1199
1504 410 1905 465 THEOPHYLA
1921 408 2016 463 3T1
2055 406 2416 466 BULGARIE
2451 410 2763 465 ARCHIEP.
3662 415 3790 469 i200

559 542 631 594 Et
662 539 882 607 satiari,
915 541 966 592 et
1001 539 1224 603 esurire,
1268 540 1319 591 et
1360 535 1662 602 abundare,
1695 539 1745 591 et
1788 535 2080 606 penuriam

2273 556 2301 592 α
2329 533 2445 597 Καὶ
2487 532 2865 616 χορτάζεσθαι’,
2915 532 3007 593 καὶ
3050 543 3266 616 πεινᾷν,
3300 533 3399 594 καὶ
3429 536 3790 616 περισσεύειν,

484 630 631 699 pati.
682 627 947 682 Israelita:
988 642 1167 699 neque
1210 624 1421 681 esurire
1463 633 1734 681 noverunt
1790 642 1804 680 :
1850 623 2091 681 oblocuti

2204 622 2290 683 καὶ
2327 626 2682 704 ὃστερεῖσθαι.
2718 648 2750 682 ι
2793 625 2866 686 Οἱ
2914 623 3251 704 Ἰσραηλῖται
3281 625 3651 706 οὕτεῌπεινᾷν
3681 627 3795 698 ἤδε-

494 725 622 772 sunt
664 717 817 772 enim
863 719 1009 784 Deo,
1052 716 1298 772 dicentes
1340 733 1352 769 :
1399 715 1681 784 Numquid
1716 716 1926 785 poterit
1953 718 2092 769 Deus

2204 737 2297 773 σαν
2321 737 2333 750 ·
2381 702 2754 784 κατελάλησαν
2782 714 2885 794 γὰρ
2916 702 3010 773 τοῦ
3060 716 3202 775 Θεοῦ
3223 759 3239 791 ,
3272 711 3367 772 καὶ
3403 702 3615 773 εἶπονο-
3653 735 3681 771 (ι
3707 714 3794 788 Μὴ

490 821 697 876 parare
723 808 1039 862 mensam”?
1076 804 1181 862 Sed
1227 819 1405 875 neque
1449 803 1662 859 satiari.
1723 802 2089 859 Manducavc-

2204 801 2480 873 δυνήσεται
2529 805 2557 861 ὁ
2585 801 2723 870 Θεὸς
2765 802 3049 882 ἕτοιμάσαι
3096 802 3401 883 τράπεζαν;
3439 829 3467 856 ι
3529 803 3651 862 ἀλλ’
3687 803 3794 863 οὐδὲ
3868 870 3871 873 λ

496 903 626 951 runt
649 894 818 963 enim,
845 901 900 951 et
923 895 1133 968 impleti
1163 903 1317 964 sunt,
1348 903 1402 949 et
1430 892 1856 949 recalcitrarunt.
1883 894 2091 947 Verum

2204 892 2581 971 χορτάζεσθαν
2639 891 2835 973 ἔφαγον
2884 891 3030 972 γὰρ,
3086 892 3177 953 καὶ
3222 891 3669 966 ἐνεπλήσθησαν,
3711 895 3795 952 καὶ

496 983 718 1052 Paulus,
749 993 804 1041 et
831 983 1128 1041 Christiani
1177 999 1297 1040 sese
1344 983 1502 1038 aliter
1547 988 1770 1055 gerunt.
1821 983 2093 1037 Monstrat

2204 981 2589 1043 ἀπελάκτισαν.
2621 979 2762 1042 Ἀλλ’
2786 983 2814 1040 ὁ
2844 983 3092 1055 Παῦλος,
3150 981 3242 1040 καὶ
3284 982 3332 1040 οῖ
3366 981 3513 1040 κατὰ
3544 982 3797 1063 Χριστὸν,

496 1081 680 1129 autem
724 1090 823 1145 per
866 1073 1005 1142 hac,
1045 1072 1189 1145 quod
1226 1087 1405 1144 neque
1444 1080 1625 1139 antea,
1656 1086 1784 1126 cum
1813 1086 1924 1126 non
1967 1086 2088 1126 con-

497 1161 726 1232 ferrent,
758 1162 1091 1229 tristaretur,
1123 1178 1305 1234 neque
1350 1177 1518 1229 nunc,
1578 1176 1705 1216 cum
1745 1158 1954 1223 darent,
1999 1175 2095 1231 ga—

497 1251 647 1308 visus
674 1252 746 1307 sit
771 1252 1015 1308 humana
1053 1251 1284 1320 ratione,
1322 1250 1420 1306 sed
1464 1266 1654 1306 eorum
1678 1249 1907 1306 nomine
1936 1249 2097 1305 laeta-

498 1348 617 1397 tum
649 1356 708 1398 se
739 1341 965 1411 indicat,
992 1356 1093 1397 ceu
1119 1340 1216 1412 ipsi
1249 1356 1344 1412 per
1372 1339 1492 1396 haec
1510 1339 1911 1413 adjutarentur.

571 1432 751 1487 Vens.
784 1436 871 1486 13.
918 1432 1109 1488 Omnia
1131 1445 1345 1501 possum
1377 1432 1434 1485 in
1462 1445 1519 1486 eo
1556 1432 1658 1500 qui
1696 1446 1777 1485 me
1805 1429 2096 1498 confortat,

502 1518 729 1575 Christo.
780 1518 921 1591 Quia
967 1519 1236 1576 sentiebat
1281 1520 1429 1591 quod
1477 1534 1677 1590 magna
1718 1517 1891 1591 458
1934 1516 2001 1573 de
2039 1531 2098 1572 se

501 1607 719 1664 locutus
767 1617 927 1680 esset,
961 1609 1037 1665 ait
1075 1627 1090 1664 :
1134 1611 1259 1665 Non
1300 1623 1489 1665 meum
1519 1624 1659 1681 opus
1685 1616 1789 1677 est,
1819 1605 1919 1663 sed
1944 1605 2099 1663 Chri-

500 1697 591 1765 sti,
623 1697 715 1769 qui
745 1697 878 1753 mihi
904 1697 1079 1755 robur
1106 1697 1276 1755 dedit.

571 1789 752 1844 Vens.
790 1793 876 1845 14.
915 1789 1295 1845 Verumtamen
1318 1788 1442 1844 bene
1463 1788 1688 1857 fecistis,
1709 1788 2105 1843 communican-

2202 1072 2303 1151 οὐχ
2348 1069 2507 1132 οὕτω.
2555 1070 2802 1132 Δείκνυσι
2845 1068 2899 1129 δὲ
2931 1070 3019 1130 διὰ
3050 1069 3280 1144 τούτων,
3310 1069 3395 1130 ὅτι
3440 1069 3566 1129 οὔτε
3611 1072 3796 1151 πρότε-

2205 1181 2291 1239 ρον
2311 1203 2329 1233 ,
2354 1158 2432 1238 μὴ
2462 1160 2706 1221 διδόντων
2728 1204 2745 1234 ,
2772 1160 3047 1235 ἐλυπεῖτο,
3074 1159 3193 1219 οὔτε
3219 1163 3343 1234 νῦν,
3377 1158 3582 1219 δόντων
3599 1205 3617 1236 ,
3639 1162 3797 1241 ἐχάρη

2205 1249 2517 1331 ἀνθρωπίνῳ
2585 1251 2825 1331 λογισμῷ
2845 1294 2861 1324 ,
2891 1251 3010 1309 ἀλλ’
3053 1249 3189 1330 ὓπὲρ
3224 1251 3430 1329 αὐτῶν,
3459 1252 3534 1317 ὣς
3563 1249 3798 1330 ὠφελου-

2206 1336 2377 1415 μένων
2387 1383 2400 1398 .

2286 1455 2311 1482 α
2347 1427 2540 1490 Πάντα
2589 1427 2763 1509 ἰσχύω
2803 1429 2856 1487 ἐν
2905 1430 2982 1508 τῷ
3039 1426 3424 1506 ἐνδυναμοῦντί
3454 1451 3525 1505 με
3555 1430 3794 1512 Χριστῷ.

2206 1517 2432 1589 Ἐπειδὴ
2482 1517 2676 1590 ἤσθετο
2732 1518 2943 1598 μεγάλα
2976 1516 3139 1576 εἰπὼν
3183 1516 3307 1597 περὶ
3351 1520 3585 1591 ἑαυτοῦ,
3615 1518 3800 1601 φησίν·

2208 1608 2326 1666 Οὐκ
2354 1605 2479 1684 ἐμὸν
2509 1607 2571 1666 τὸ
2612 1605 2967 1686 κατόρθωμα,
3000 1606 3140 1667 ἀλλὰ
3167 1610 3263 1667 τοῦ
3296 1605 3397 1681 τὴν
3432 1605 3594 1688 ἰσχὺν
3641 1609 3800 1667 δεδω-

2210 1697 2358 1765 κότος
2386 1700 2644 1779 Χριστοῦ.

2299 1814 2324 1841 α
2388 1788 2541 1859 Πλὴν
2612 1787 2788 1854 καλῶς
2872 1784 3160 1859 ἐποιήσατε
3187 1830 3204 1859 ,
3286 1786 3801 1865 συγκοινωνήσαντές

501 1882 577 1931 tes
604 1878 953 1933 tribulationi
990 1895 1139 1933 mere.
1172 1878 1420 1946 Dixerat,
1452 1879 1589 1934 Novi
1638 1893 1756 1933 esse
1782 1883 2092 1933 contentus.

2207 1902 2306 1954 μου
2332 1881 2397 1957 τῇ
2429 1856 2692 1958 extasi.»
2739 1865 2941 1949 Εἶπεν,
2992 1856 3075 1937 δτι
3119 1856 3260 1937 Οἶδα
3312 1856 3621 1957 αὐτάρκης.
3646 1867 3798 1937 εἶναι.

500 1968 582 2021 Ne
610 1966 777 2041 igitur
822 1977 1046 2040 propter
1083 1969 1188 2024 hoc
1233 1968 1612 2039 Philippenses
1660 1965 2093 2032 olfenderentur,

500 2071 602 2112 ceu
652 2072 763 2113 non
817 2057 1044 2113 libenter
1095 2057 1409 2129 accepisset,
1462 2072 1584 2128 qua:
1635 2056 1709 2111 illi
1748 2055 2095 2125 obtulissent,

498 2145 594 2201 sed
624 2146 839 2203 inutilia
882 2146 1002 2203 haec
1027 2154 1339 2218 reputasset
1384 2146 1580 2213 (solent
1608 2144 1759 2200 enim
1786 2144 1978 2201 dantes
2014 2141 2096 2200 of-

501 2233 671 2304 fendi,
701 2235 920 2308 quando
957 2234 1283 2306 accipientes
1307 2243 1559 2290 asserunt
1587 2249 1644 2289 se
1664 2250 1775 2289 non
1803 2232 2092 2305 indigere),

500 2322 626 2378 huic
678 2325 752 2379 rei
814 2324 1083 2393 medetur,
1135 2323 1385 2397 inquiens
1435 2341 1449 2379 :
1523 2326 1900 2381 Verumtamen
1961 2331 2098 2383 recte

497 2413 707 2479 fecistis
739 2429 759 2467 :
787 2411 891 2469 hoc
933 2420 1035 2479 est,
1086 2414 1205 2469 Etsi
1247 2428 1385 2485 opus
1413 2427 1529 2467 non
1564 2411 1816 2481 habeam,
1850 2421 2098 2471 attamen

497 2505 731 2579 gratiam
760 2513 815 2563 et
857 2522 1060 2563 munus
1084 2515 1325 2562 vestrum
1354 2507 1558 2578 accepi.
1602 2506 1863 2578 Expende
1904 2505 1991 2563 hic
2013 2523 2096 2562 sa-

496 2595 788 2666 pientiam,
830 2595 1111 2669 quomodo
1165 2612 1283 2652 rem
1348 2596 1581 2652 extollit.
1638 2596 2098 2653 Communicantes

496 2691 793 2760 afﬂictione
839 2706 989 2757 meae,
1030 2690 1301 2762 inquiens,
1348 2706 1506 2762 pares
1547 2691 1694 2762 ipsos
1737 2690 1840 2746 sibi
1883 2691 2097 2747 consti-

500 2777 625 2833 tuit.
655 2781 768 2853 Ego
792 2780 1038 2851 quidem,
1062 2779 1262 2851 inquit,
1285 2779 1404 2837 haec
1433 2780 1644 2852 patior;
1675 2780 1799 2852 quia
1830 2795 1959 2836 vero
1987 2780 2099 2837 mei

501 2884 692 2924 curam
712 2869 980 2940 gessistis,
1010 2871 1158 2925 Deus
1187 2870 1351 2925 etiam
1384 2886 1479 2925 vos
1526 2885 1625 2941 pro
1650 2869 2100 2926 colluctatoribus

500 2956 637 3013 meis
675 2965 912 3029 reputat.
956 2959 1060 3013 Per
1101 2974 1165 3013 ea
1208 2958 1370 3029 igitur
1412 2973 1534 3030 qua:
1562 2973 1726 3028 supra
1751 2957 1901 3014 dicta
1939 2968 2090 3027 sunt,

499 3044 701 3103 fastum
729 3063 923 3103 eorum
949 3047 1234 3118 dissipavit
1263 3068 1275 3102 :
1305 3063 1402 3117 per
1430 3063 1495 3101 ca
1535 3062 1663 3102 vero
1703 3062 1825 3118 qua:
1844 3063 1989 3103 nunc
2014 3048 2094 3104 di-

500 3143 722 3207 cuntur,
742 3135 1232 3208 promptitudincm
1253 3150 1450 3191 eorum
1463 3135 1800 3193 corroborat.

572 3228 758 3281 Vens.
798 3230 883 3281 15.
909 3227 1070 3281 Scitis
1102 3229 1357 3280 autemet
1392 3240 1501 3289 vos,
1535 3226 1924 3296 Philippenses,
1954 3229 2097 3299 quod

499 3318 557 3369 in
596 3317 872 3385 principio
917 3315 1223 3383 Evangelii,
1282 3315 1501 3385 quando
1542 3318 1818 3385 profectus
1868 3331 1988 3372 sum
2059 3336 2095 3375 a

497 3404 834 3467 Macedonia,
884 3404 1039 3458 nulla
1100 3405 1240 3459 mihi
1292 3405 1532 3460 Ecclesia
1583 3409 1990 3462 communicavit
2037 3412 2095 3465 in

496 3496 707 3550 ratione
742 3493 862 3549 dati
918 3498 969 3549 et
1006 3496 1232 3564 accepti,
1277 3496 1389 3549 nisi
1428 3511 1517 3551 vos
1558 3496 1683 3551 soli.
1748 3497 1887 3567 Quia
1929 3512 2094 3570 supra

499 3583 786 3640 videbatur
831 3599 925 3641 eos
952 3585 1234 3656 carpsisse,
1286 3600 1412 3639 cum
1442 3583 1665 3653 diceret,
1722 3588 1957 3641 Tandem
1986 3587 2092 3642 ali-

497 3673 714 3744 quando
742 3675 1059 3743 reﬂoruistis
1099 3693 1116 3725 :
1141 3674 1418 3746 sapienter
1457 3673 1571 3745 jam
1616 3691 1761 3731 nunc
1797 3675 1901 3731 hoc
1930 3693 2095 3733 excu-

496 3771 595 3820 sat.
646 3766 764 3819 Hoc
804 3763 1005 3835 ipsum,
1059 3763 1263 3837 inquit,
1306 3763 1454 3836 quod
1495 3764 1646 3820 visus
1686 3780 1811 3822 sum
1852 3781 1949 3822 vos
1977 3783 2093 3823 car-

502 3867 649 3924 pcre,
691 3868 801 3909 non
848 3852 951 3909 feci
1005 3860 1269 3925 tanquam
1300 3853 1570 3909 voluerim
1607 3854 1905 3926 quidquam
1958 3856 2095 3912 acci-

500 3958 648 4015 pere,
691 3941 788 3998 sed
828 3942 979 4014 quod
1005 3943 1299 4013 plurimum
1327 3942 1433 3998 sim
1467 3942 1623 3999 vobis
1659 3942 1930 4013 conﬁsus,
1972 3954 2093 4003 tum

500 4033 645 4104 quod
665 4048 763 4087 vos
792 4031 930 4087 mihi
974 4033 1089 4102 ejus
1114 4034 1188 4088 rei
1220 4048 1382 4088 causa
1412 4033 1538 4087 (stis
1582 4051 1593 4086 :
1628 4034 1785 4104 primi
1820 4034 1969 4090 enim
1999 4052 2094 4093 vos

497 4123 640 4176 inter
666 4129 893 4177 caeteros
918 4121 1100 4176 conati
1142 4121 1273 4177 estis
1302 4121 1572 4177 rationem
1616 4121 1817 4179 habere
1858 4126 2093 4181 necessi-

498 4210 627 4264 tatis
666 4224 825 4265 meaa.
860 4214 1041 4279 Atque
1082 4208 1210 4263 hinc
1251 4217 1471 4281 accepta
1516 4209 1732 4279 fiducia,
1771 4227 1867 4269 vos
1908 4213 2093 4286 objur-

499 4312 629 4368 gare
679 4296 858 4351 visum
921 4306 1025 4363 est,
1060 4305 1124 4352 ut
1190 4313 1284 4353 eos
1331 4299 1443 4370 qui,
1494 4298 1644 4371 quod
1702 4312 2097 4360 consueverant

500 4385 696 4454 facere,
729 4385 1199 4457 praatermiserint.
1236 4389 1433 4459 lugens
1464 4387 1628 4459 igitur
1653 4393 1964 4447 eucomium
1988 4402 2091 4462 est,

498 4483 555 4532 et
588 4475 739 4548 quod
770 4476 823 4531 in
855 4474 1125 4547 principio
1160 4476 1461 4548 Evangelii,
1499 4486 1554 4533 et
1582 4480 1728 4551 quod
1758 4497 1871 4535 non
1909 4483 2094 4539 solum

498 4581 624 4621 cum
644 4564 791 4637 apud
835 4581 930 4622 vos
949 4581 1189 4638 agerem,
1218 4575 1500 4639 sumptum
1528 4568 1661 4624 mihi
1690 4570 2093 4641 suppeditastis,

499 4669 689 4710 verum
732 4653 899 4711 etiam
950 4655 1167 4727 quando
1203 4656 1346 4712 exivi
1388 4672 1419 4712 e
1467 4658 1809 4727 Macedonia,
1850 4659 1954 4716 hoc
1991 4671 2092 4731 est,

497 4743 718 4815 quando
749 4760 814 4801 ex
846 4751 1025 4801 vestra
1066 4746 1286 4817 regione
1332 4762 1395 4802 ac
1445 4745 1652 4803 ﬁnibus
1686 4748 1928 4805 discessi.
1971 4754 2091 4807 Non

496 4831 634 4887 dixit
660 4840 866 4901 autem,
911 4834 1074 4889 Nulla
1124 4835 1260 4890 mihi
1302 4835 1545 4891 E’cclcsia
1585 4836 1761 4907 dedit,
1801 4847 2087 4907 caeterum,

495 4923 657 4979 Nulla
679 4923 919 4978 Ecclesia
945 4927 1348 4980 communicavit
1383 4941 1584 4982 mecum
1633 4929 1693 4981 in
1731 4930 1940 4984 ratione
1969 4929 2092 4984 dati

496 5015 547 5066 et
583 5015 801 5083 accepti.
839 5011 1059 5069 Etenim
1096 5014 1520 5071 communicatio
1566 5024 1649 5071 est
1685 5031 1773 5073 res
1809 5018 1942 5089 ipsa.
1974 5021 2086 5075 Das

495 5101 750 5170 carnalia,
802 5109 859 5158 et
884 5100 1085 5173 accipis
1127 5103 1446 5175 spiritualia,
1490 5105 1712 5176 perinde
1741 5122 1805 5163 ac
1841 5107 1968 5164 alibi
2008 5108 2097 5165 di-

492 5194 646 5245 ctum
673 5196 762 5246 est
790 5206 805 5245 :
828 5191 889 5248 Si
913 5207 1008 5247 nos
1030 5192 1177 5247 vobis
1204 5194 1525 5264 spiritualia
1544 5197 1942 5266 seminavimus,
1972 5214 2091 5253 ma-

494 5294 663 5349 gnum
694 5284 773 5336 est
797 5283 849 5337 si
872 5297 967 5338 nos
990 5286 1171 5338 vestra
1207 5282 1455 5339 carnalia
1502 5288 1767 5342 metamus
1802 5289 1826 5318 θ
1864 5290 1888 5342 P
1932 5287 2072 5344 Alia;

2202 1967 2325 2028 Ἵνα
2374 1958 2461 2025 οὐν
2542 1966 2617 2045 μὴ
2678 1966 3133 2025 σκανδαλισθῶσιν
3188 1968 3233 2024 οἳ
3295 1967 3672 2039 Φιλιππήσιοι
3718 1969 3797 2026 ἐπ’

2208 2061 2383 2138 αὐτῷ,
2429 2060 2500 2124 ὡς
2548 2057 2624 2135 μὴ
2653 2055 2820 2129 ἡδέως
2846 2053 3113 2137 δεξαμένῳ
3158 2054 3226 2115 τὰ
3266 2058 3401 2137 παρ’
3447 2057 3655 2134 αὐτῶν,
3689 2055 3802 2117 ἀλλ’

2209 2150 2456 2230 ἄχρηστα
2487 2145 2623 2205 αὐτὰ
2670 2144 2995 2226 ἡγησαμένῳ
3041 2143 3297 2225 (εἰώθασι
3348 2145 3455 2228 γὰρ
3486 2149 3536 2205 οῖ
3585 2147 3801 2213 διδόντες

2208 2236 2677 2308 σκανδαλίζεσθαι,
2740 2232 2954 2293 ἐπειδὰν
3009 2236 3057 2293 οἱ
3122 2233 3490 2311 λαμϐάνοντες
3541 2235 3797 2314 λέγωσιν,

2205 2329 2287 2388 ὅτι
2316 2329 2398 2387 Οὐ
2448 2325 2750 2405 δεόμεθα
2789 2322 3069 2403 θεραπεύει
3106 2330 3295 2403 τοῦτο,
3326 2323 3534 2404 λέγων*
3587 2347 3619 2385 α
3649 2323 3795 2397 Πλὴν

2205 2419 2384 2485 καλῶς
2415 2414 2735 2487 ἐποιήσατε·
2766 2433 2796 2472 n
2836 2411 3135 2487 τουτέστιν,
3190 2414 3259 2474 Εἰ
3308 2413 3403 2473 καὶ
3459 2412 3538 2493 μὴ
3584 2413 3794 2492 δέομαι,

2207 2509 2326 2566 ἀλλ’
2360 2504 2504 2583 ὅμως
2533 2502 2629 2575 τὴν
2661 2500 3110 2583 ὑμετέρανχάριν
3142 2501 3513 2580 ἄπεδεξάμην.
3552 2503 3662 2564 Καὶ
3707 2502 3797 2583 δρα

2206 2597 2394 2679 σοφίαν
2412 2644 2425 2668 ,
2455 2597 2567 2662 πῶς
2595 2593 2797 2672 ἐπαίρει
2823 2591 2884 2651 τὸ
2904 2600 3132 2671 πρᾶγμα
3151 2614 3167 2630 ⁶
3205 2614 3235 2651 (ι
3268 2592 3799 2672 Συγκοινωνήσαντές

2210 2710 2311 2764 μου
2487 2683 2691 2763 θλίψει·
2712 2702 2743 2741 n
2778 2680 2923 2749 ἴσους
2984 2682 3156 2762 ἑαυτῷ
3202 2679 3394 2749 αὐτοὺς
3460 2682 3796 2755 κατέστησεν.

2207 2776 2354 2855 Ἐγὼ
2373 2774 2489 2853 ξμέν
2519 2771 2656 2852 γὰρ,
2704 2768 2874 2850 φησὶ,
2905 2773 3076 2828 ταῦτα
3126 2769 3352 2850 πάσχω*
3384 2769 3508 2830 ἐπεὶ
3536 2771 3592 2832 δὲ
3622 2774 3797 2852 ἐφρον-

2205 2864 2389 2925 τίσατέ
2419 2885 2550 2941 μου,
2595 2865 2624 2920 ὁ
2651 2858 2920 2939 Θεὸςῖκαὶ
2943 2863 3083 2936 ὑμᾶς
3124 2860 3465 2934 συναθλητάς
3516 2883 3617 2938 μου
3663 2859 3795 2938 λογί-

2206 2957 2368 3023 ζεται.
2410 2951 2513 3013 Διὰ
2544 2949 2640 3028 μὲν
2667 2941 2758 3008 οὖν
2799 2952 2904 3008 τῶν
2956 2947 3066 3006 ἄνω
3093 2946 3388 3030 ῥηθέντων,
3446 2949 3510 3010 τὸ
3555 2948 3795 3030 φρόνημα

2208 3044 2379 3101 αὐτῶν
2420 3040 2725 3099 κατέσπασε
2756 3036 2840 3076 ⁴⁹ο
2873 3036 2960 3096 διὰ
3014 3037 3068 3096 δὲ
3099 3040 3204 3098 τῶν
3244 3042 3334 3097 νῦν
3368 3038 3671 3119 λεγομένων
3704 3039 3792 3111 τὴν

2130 3120 2177 3179 (ι
2207 3128 2504 3212 προθυμίαν
2535 3132 2710 3187 αὐτῶν
2741 3125 3153 3208 ἀναρρώννυσιν.

2292 3243 2321 3280 ι(
2346 3218 2546 3281 Οἴδατε
2578 3218 2635 3278 δὲ
2685 3215 2778 3276 καὶ⁵
2811 3219 2990 3293 ὑμεῖς,
3022 3216 3427 3296 Φιλιππήσιοι,
3461 3216 3543 3276 ὅτι
3574 3218 3626 3276 ἐν
3659 3217 3790 3296 ἀρχῇ

2202 3314 2297 3371 τοῦ
2368 3305 2729 3388 Εὐαγγελίου,
2812 3306 2899 3364 ὅτε
2958 3304 3173 3378 ἐξῆλθον
3249 3305 3355 3365 ἀπὸ
3423 3305 3789 3376 Μακεδονίας,

2202 3399 2423 3479 οὐδεμία
2502 3421 2592 3475 μοι
2681 3395 2982 3470 Ἐκκλησία
3060 3394 3409 3469 ἐκοινώνησεν
3504 3398 3579 3463 εἰς
3644 3395 3789 3470 λόγον

2203 3489 2393 3558 δόσεως
2433 3489 2525 3548 καὶ
2570 3485 2814 3568 λήψεως,
2869 3487 2915 3544 εἰ
2976 3483 3051 3562 μὴ
3110 3487 3258 3563 ὑμεῖς
3298 3484 3473 3563 μόνοι.
3512 3504 3546 3543 n
3577 3480 3789 3550 Ἐπειδὴ

2201 3578 2371 3639 ἐδόκει
2395 3577 2681 3651 ἐπιπλῆξαι
2703 3577 2877 3642 αὐτοῖς
2903 3572 3180 3655 ἀνωτέρω,
3207 3574 3370 3633 εἰπών
3390 3596 3405 3612 ο
3445 3595 3475 3631 ε
3500 3571 3647 3645 Ἤδη
3672 3569 3788 3633 ποτὲ

2204 3669 2482 3727 ἀνεθάλετε
2503 3690 2516 3704 ·
2542 3688 2572 3725 ι)
2610 3668 2700 3724 νῦν
2739 3665 3085 3742 ἀπολογεῖται
3114 3668 3323 3744 σοφῶς,
3361 3659 3444 3722 ὅτι
3465 3663 3642 3722 Τοῦτο
3673 3657 3791 3718 αὐτὸ

2201 3756 2410 3827 δέδοξα
2467 3754 2785 3830 ἐπιπλῆξαι,
2841 3755 2940 3833 οὐχ
2964 3756 3035 3818 ὡς
3086 3752 3250 3813 θέλων
3302 3751 3628 3831 λαμϐάνειν,
3679 3746 3788 3806 ἀλλ’

2201 3849 2262 3906 ἐκ
2290 3854 2381 3907 τοῦ
2412 3846 2614 3928 σφόδρα
2660 3845 2867 3924 θαῤῥεῖν
2909 3845 3067 3920 ὑμῖν,
3096 3841 3189 3901 καὶ
3219 3844 3370 3920 ὑμεῖς
3402 3841 3584 3903 αἴτιοι.
3627 3839 3787 3919 Πρῶ-

2201 3937 2408 4018 τοιγὰρ
2465 3938 2569 3994 τῶν
2620 3934 2795 3993 ἄλλων
2854 3931 3002 4010 ὓμεῖς
3059 3932 3447 4012 ἐπεχειρήσατε
3499 3928 3782 4018 φροντίζειν

2200 4030 2295 4098 τῆς
2348 4016 2530 4106 χρείας
2581 4046 2706 4101 μου.
2740 4020 2852 4084 Καὶ
2881 4024 2941 4081 ἐκ
2994 4019 3180 4082 τούτου
3237 4020 3423 4081 λαϐὼν
3456 4016 3784 4103 παρρησίαν,

2202 4119 2517 4193 ἐπιτιμῆσαι
2578 4112 2728 4183 ἔδοξα
2784 4114 2947 4189 ὑμῖν,
3010 4114 3082 4179 ὡς
3145 4110 3207 4171 τὸ
3257 4110 3437 4179 εἰωθὸς
3494 4109 3781 4189 ἐλλείψασι.

2204 4204 2364 4284 Μέγα
2410 4195 2500 4263 οῦν
2555 4203 2617 4264 τὸ
2674 4199 2970 4282 ἐγκώμιον,
3046 4200 3139 4261 καὶ
3189 4200 3273 4260 ὅτι
3325 4202 3376 4237 ⁵ο
3405 4204 3459 4261 ἐν
3510 4202 3649 4282 ἀρχῇ
3701 4198 3784 4254 τοῦ

2205 4294 2565 4373 Εὐαγγελίου,
2623 4293 2715 4351 καὶ
2767 4290 2848 4351 ὅτι
2902 4293 2963 4351 οὐ
3010 4290 3169 4369 μόνον
3225 4291 3436 4367 μένοντι
3485 4292 3612 4368 παρ’
3673 4285 3785 4361 ὑμῖν

2209 4381 2602 4463 ἐχορηγήσατε,
2643 4379 2782 4441 ἀλλὰ
2801 4379 2893 4440 καὶ
2922 4380 3007 4439 ὅτε
3038 4378 3253 4452 ἐξῆλθον
3295 4380 3401 4439 ἀπὸ
3428 4374 3784 4447 Μακεδονίας,

2212 4472 2475 4548 τουτέστι,
2523 4470 2615 4529 καὶ
2685 4468 2772 4529 ὅτε
2824 4473 2919 4541 τῆς
2974 4470 3235 4551 ὗμετέρας
3287 4469 3493 4549 ἐνορίας
3564 4463 3779 4532 ἄπέϐην.

2203 4563 2321 4623 Οὐκ
2345 4551 2461 4620 εἷπε
2506 4559 2597 4637 δὲ,
2631 4558 2874 4636 Οὐδεμία
2906 4580 2996 4636 μοι
3029 4556 3330 4631 Ἐκκλησία
3363 4558 3624 4630 δέδωκεν,
3647 4553 3777 4620 ἀλλ’,

2206 4675 2237 4711 α
2269 4651 2513 4730 Οὐδεμία
2564 4672 2653 4728 μοι
2701 4647 2999 4720 Ἐκκλησία
3063 4646 3442 4721 κεκοινώνηκεν
3509 4649 3582 4714 εἷς
3640 4640 3782 4730 λόγογ

2202 4726 2534 4809 δόσεωςγκαὶ
2566 4726 2806 4822 ήλήψεως.
2851 4760 2880 4795 ιι
2932 4737 3043 4799 Καὶ
3083 4738 3188 4819 γὰρ
3218 4737 3463 4798 κοινωνία
3481 4736 3526 4772 ⁵¹
3584 4731 3691 4792 ἐστὶ
3731 4726 3781 4783 τὸ

2197 4840 2445 4913 πρᾶγμα.
2511 4828 2682 4897 Δίδως
2729 4827 2997 4908 σαρκικὰ,
3047 4828 3139 4887 καὶ
3196 4826 3494 4903 λαμϐάνεις
3549 4839 3780 4913 πνευμας

2197 4904 2357 4990 rixa,
2383 4924 2453 4987 ὡς
2481 4920 2573 4979 καὶ
2594 4904 2852 4999 ἀλλαχοῦ.
2890 4946 2914 4971 ι
2938 4904 3006 4979 Εἰ
3028 4920 3185 4995 ἡμεῖς
3213 4920 3337 4995 ὓμῖν
3366 4914 3436 4975 τὰ
3462 4904 3779 4999 πνευματικᾶ

2200 5010 2552 5092 ἐσπείραμεν,
2586 4993 2823 5088 μέγαηεί
2881 5011 3033 5084 ἡμεῖς
3072 4993 3224 5083 ὐμῶν
3250 4993 3324 5065 τὰ
3370 5003 3601 5086 σαρκικὰ
3644 4993 3774 5092 θερί·

2204 5086 2396 5179 σομενς
2428 5086 2466 5157 7))
2502 5099 2575 5160 Αἱ
2604 5086 2764 5158 ἄλλαι
2808 5096 2979 5156 τοίνυν
3016 5095 3337 5168 Ἐκκλησίαι
3373 5097 3467 5155 οὐκ
3519 5086 3779 5179 ἐκοινώνη-

2204 5176 2303 5252 σαν
2347 5192 2419 5259 εἰς
2450 5188 2605 5268 λόγον
2644 5187 2838 5257 δόσεως
2864 5190 2970 5248 τῶν
3001 5189 3267 5269 σαρκικῶν
3285 5231 3303 5267 ,
3334 5186 3427 5247 καὶ
3454 5183 3659 5265 λήψεως
3682 5176 3776 5235 τῶν

2204 5282 2600 5359 πνευματικῶν.
2625 5319 2633 5331 -

491 5370 658 5441 igitur
686 5371 945 5430 Ecclesiae
980 5388 1094 5430 non
1137 5375 1615 5433 communiearunt
1654 5378 1716 5435 in
1743 5383 1957 5440 ratione
1989 5385 2229 5447 dationis
2253 5381 2573 5450 carnalium,
2628 5386 2687 5437 et
2727 5374 3499 5452 acceptionis’spiritualium.‘

587 5498 615 5538 δ
643 5507 789 5565 Psal.
821 5516 1177 5583 LXXVII,19.
1255 5521 1276 5549 α
1305 5515 1594 5589 lCor._Ix,
1623 5521 1724 5576 ιι.

1858 5613 2073 5682 ,νατὶω
2109 5619 2409 5683 lectiones.
2444 5618 2471 5627 ”

566 5721 612 5757 ⁸9
639 5723 911 5778 κατέπαυσε
938 5724 1035 5783 0.":
1046 5726 1115 5801 1'0
1141 5726 1221 5781 ὅτι
1241 5745 1295 5783 τε
1321 5745 1369 5786 ο.
1444 5729 1484 5768 ⁶¹
1515 5732 1863 5807 κοινωνίαςζα
