4104 6494
463 492 591 548 1201

1315 498 1671 559 EXPOSITIO
1711 502 1779 559 IN
1816 502 2025 561 EPIST.
2068 502 2159 558 AD
2198 495 2481 555 PHILIPP.
2522 523 2592 536 —
2628 493 2779 550 CAP.
2823 495 2913 550 IV.

3621 501 3757 555 1202

546 638 578 675 α
605 612 738 678 αὈτι
765 619 857 680 καὶ
908 621 963 682 ἓν
1015 622 1389 705 Θεσσαλονίκῃ
1430 626 1522 685 καὶ
1569 626 1712 697 ἅπαξ
1742 628 1835 688 καὶ
1866 630 1941 696 δὶς
1987 632 2055 696 εἷς

2237 625 2409 679 Vsus.
2449 626 2531 677 19.
2571 620 2716 687 Quia
2744 625 2795 676 et
2847 617 3284 676 Thessalonicam
3311 622 3471 678 semel
3501 626 3554 679 et
3578 623 3656 679 bis
3701 626 3759 679 in

460 705 556 778 τὴν
587 708 774 787 χρείαν
804 733 907 789 μου
938 713 1235 795 ἐπέμψατε.
1280 742 1303 768 ν
1345 715 1503 794 Μέγα
1550 717 1642 776 καὶ
1689 724 1847 778 τοῦτο
1879 723 2051 779 αὐτῶν

460 795 752 874 ἐγκώμιον,
785 797 866 859 ὅτι
895 801 988 859 καὶ
1017 804 1068 860 ἐν
1100 807 1166 882 τῇ
1197 806 1521 885 μητροπόλει
1561 806 1882 885 καθήμενος,
1904 809 2052 889 παρὰ

459 890 552 957 τῆς
602 897 792 979 μικρᾶς
855 891 1100 972 ἐτρέφετο
1157 893 1378 960 πόλεως.
1454 915 1482 951 (ι
1531 896 1729 976 Χρείαν
1761 922 1792 955 ι
1824 900 1926 979 γὰρ
1984 899 2051 957 τὰ

459 975 690 1070 χρειώδη
717 979 1081 1070 δαπανήματά
1109 1004 1240 1064 φησι
1258 1006 1272 1020 ·
1300 983 1486 1064 χρείαν
1515 975 1607 1061 δὲ,
1640 988 1700 1046 οὗ
1732 985 1784 1023 ⁵²
1810 975 2050 1070 τρυφὴν,

459 1064 580 1125 οὐδὲ
613 1068 920 1144 σπατᾶλην.

551 1176 582 1214 (ι
608 1156 728 1236 Οὐχ
777 1155 860 1217 ὅτι
923 1161 1154 1232 ἐπιζητῶ
1204 1160 1266 1221 τὸ
1303 1159 1441 1240 δόμα
1461 1208 1477 1236 ,
1525 1162 1643 1225 ἀλλ’
1681 1168 1912 1238 ἐπιζητῶ
1963 1166 2052 1226 τὸν

460 1243 665 1325 καρπὸν
688 1246 780 1306 τὸν
819 1249 1174 1318 πλεονάζοντα
1231 1252 1302 1319 εἷς
1348 1252 1503 1331 λόγον
1542 1257 1713 1330 ὓμῶν.
1768 1283 1795 1310 ι
1824 1255 2050 1329 Ἐπειδὴ

456 1333 705 1426 ταπεινόν
732 1360 784 1395 τι
813 1337 1122 1419 ἐφθέγξατο,
1152 1340 1319 1400 εἰπών
1344 1365 1358 1379 ο
1396 1364 1427 1397 α
1463 1345 1556 1410 Εἷς
1585 1342 1680 1416 τὴν
1703 1344 1889 1426 χρείαν
1912 1371 2013 1424 μου
2035 1370 2049 1385 °

452 1421 544 1514 ἵνα
603 1423 678 1497 μὴ
731 1426 792 1485 ἐκ
837 1426 1022 1486 τούτου
1088 1430 1390 1510 ἐπαρθῶσιν
1450 1432 1668 1505 ἐκεῖνοι,
1703 1421 1922 1514 -φησίνί
1972 1440 2050 1496 Οὖ

455 1511 599 1591 λέγω
618 1518 784 1574 ταῦτα
806 1559 823 1588 ,
857 1515 938 1575 ὅτι
985 1519 1216 1590 ἐπιζητῶ
1244 1519 1341 1588 τὰς
1379 1524 1527 1598 ὑμῶν
1558 1511 1757 1596 δόσεις,
1791 1524 1929 1583 ἀλλὰ
1965 1525 2050 1584 διὰ

457 1601 519 1661 τὸ
570 1605 693 1681 ὑμῖν
742 1605 1044 1686 συμφέρον,
1091 1607 1177 1667 ἵνα
1210 1612 1361 1683 ὑμεῖς
1423 1610 1625 1690 καρπὸν
1670 1612 1952 1691 ἐνέγκητε·
1998 1614 2053 1681 ὃς

456 1693 658 1771 καρπὸς
729 1697 800 1759 εἷς
880 1694 1033 1772 λόγον
1108 1700 1259 1775 ὑμῶν
1326 1701 1477 1759 ἐστι’
1535 1699 1849 1776 τουτέστιν,
1913 1708 2050 1780 ὑμᾶς

455 1782 667 1874 ᾦφελεῖ.
712 1782 915 1867 Ὁρᾷς,
948 1783 1030 1845 ὅτι
1084 1788 1234 1847 αὐτοὶ
1285 1788 1587 1870 ὠφελοῦντο
1615 1790 1667 1831 ⁵³
1702 1793 1761 1851 ἐκ
1790 1797 1881 1852 τοῦ
1914 1817 2051 1874 παρ-

461 1870 552 1953 έχε
560 1894 604 1931 ιν
622 1892 639 1947 ;

538 1989 562 2013 α
597 1960 807 2044 Ἇπέχω
828 1963 882 2024 δὲ
914 1965 1092 2025 πάντα
1116 1965 1210 2025 καὶ
1234 1967 1552 2050 περισσεύω.
1574 1995 1598 2023 ν
1617 1969 1846 2045 Ἐπειδὴ
1877 1965 2047 2051 εἶπεν,

2164 729 2325 769 usum
2356 712 2492 767 mihi
2512 711 2756 765 misistis.
2796 713 3055 783 Magnum
3086 717 3140 766 et
3185 709 3291 766 hoc
3332 710 3581 783 ipsorum
3613 729 3758 785 prte-

2162 802 2382 859 conium
2421 809 2527 868 est,
2552 799 2700 871 quod
2741 800 2793 854 in
2824 801 3117 871 metropoli
3169 816 3360 871 agens,
3390 817 3419 857 a
3454 818 3617 873 parva
3643 804 3756 859 ale-

2163 893 2322 948 batur
2371 891 2609 946 civitate.
2667 892 2831 945 Usum
2879 890 3031 945 enim
3108 892 3444 946 necessarios
3501 901 3757 965 sumptus

2163 982 2434 1055 appellat:
2474 980 2877 1043 necessitatem,
2909 978 3154 1051 inquam,
3181 995 3292 1036 non
3320 979 3541 1037 delicias
3577 998 3761 1056 neque

2166 1072 2380 1128 luxum.

2228 1162 2406 1215 Vens.
2472 1164 2555 1215 l7.
2600 1160 2720 1217 Non
2748 1158 2891 1228 quod
2919 1174 3105 1229 quaero
3155 1160 3366 1227 datum,
3397 1160 3493 1216 sed
3537 1163 3758 1231 requiro

2159 1252 2407 1318 fructum
2452 1249 2824 1305 abundantem
2869 1249 2933 1303 in
2969 1251 3232 1304 rationem
3277 1247 3449 1321 5.59
3503 1256 3753 1307 vestram.

2162 1339 2297 1410 Quia
2333 1338 2541 1395 humile
2572 1337 2835 1411 quiddam
2880 1337 3204 1408 prolocutus
3255 1348 3390 1406 erat,
3434 1339 3647 1407 dicens,
3699 1344 3760 1396 In

2161 1445 2317 1484 usum
2346 1445 2562 1484 meum:
2602 1443 2672 1483 ne
2717 1442 2783 1483 ex
2819 1426 2927 1482 hoc
2955 1425 3254 1483 efferantur
3282 1427 3382 1496 illi,
3442 1430 3565 1484 Non
3618 1429 3760 1494 haec,

2156 1519 2354 1590 inquit,
2377 1518 2519 1585 dico,
2552 1516 2701 1590 quod
2741 1516 3019 1589 inquiram
3048 1525 3226 1573 vestra
3257 1516 3424 1587 dona,
3475 1518 3570 1574 sed
3598 1520 3760 1575 vestri

2159 1607 2443 1664 commodi
2474 1623 2657 1674 causa,
2704 1615 2764 1662 ut
2786 1622 2881 1662 vos
2923 1606 3167 1663 fructum
3196 1606 3470 1676 referatis,
3515 1609 3615 1680 qui
3641 1608 3758 1666 fru-

2157 1707 2278 1753 ctus
2321 1698 2380 1753 in
2412 1697 2683 1753 rationem
2711 1704 2952 1752 vestram
2997 1705 3104 1763 est,
3144 1697 3244 1754 hoc
3285 1705 3391 1764 est,
3418 1697 3576 1755 vobis
3600 1715 3758 1755 com-

2161 1786 2365 1842 modat.
2411 1786 2607 1853 Viden,
2650 1785 2797 1858 quod
2840 1784 2941 1858 ipsi
2978 1784 3161 1841 dando
3229 1786 3528 1843 utilitatem
3572 1804 3760 1862 perce-

2164 1878 2399 1948 perunt?

2235 1968 2410 2022 Vens.
2445 1970 2527 2021 18.
2574 1966 2754 2020 Habeo
2792 1968 2973 2020 autem
3004 1966 3207 2033 omnia,
3239 1968 3291 2020 et
3345 1965 3579 2021 abundo.
3613 1966 3757 2035 Quia

455 2077 480 2103 α
499 2052 590 2143 ΔΟὐ
615 2056 759 2143 ζητῇ
773 2077 787 2092 ο
810 2081 833 2107 ι»
858 2052 946 2113 ἵνα
977 2056 1052 2135 μὴ
1085 2057 1247 2117 πάλιν
1272 2059 1657 2142 ῥᾳθυμοτέρως
1686 2061 1887 2143 ποιήσῃ
1915 2063 2047 2143 (ὅσῳ

2159 2054 2318 2123 dixit,
2374 2058 2489 2114 Non
2542 2070 2724 2126 quaero
2764 2069 2876 2110 :ne
2918 2069 3107 2109 rursus
3148 2068 3243 2110 eos
3287 2054 3545 2111 socordes
3582 2056 3764 2128 magis

455 2140 557 2222 γὰρ
609 2141 675 2232 ἂν
718 2132 820 2203 ὦσι
867 2132 1329 2228 φιλοσοφώτεροί,
1371 2132 1606 2230 τοσούτῳ
1646 2151 1738 2210 καὶ
1767 2132 2057 2232 rdierit-apud

457 2233 563 2289 τῶν
615 2221 674 2290 εὖ
755 2233 1033 2294 παθόντων
1098 2237 1442 2317 εὐχαριστίας
1504 2241 1841 2314 ἐπιζητοῦσιν
1904 2244 1952 2301 οἱ
2000 2231 2060 2301 εῦ

456 2323 778 2409 ποιοῦντες),
828 2322 1015 2404 φησίν·
1063 2344 1093 2383 α
1140 2324 1352 2406 Ἀπέχω
1402 2328 1457 2389 δὲ
1512 2328 1687 2387 πάντα
1722 2331 1815 2389 καὶ
1868 2355 2056 2409 περισ-

455 2408 628 2469 σεύωο
666 2434 694 2469 ι»
730 2411 1002 2487 τουτέστι,
1059 2413 1163 2475 Διὰ
1197 2414 1395 2490 ταύτης
1424 2421 1522 2490 τῆς
1563 2417 1761 2487 δόσεως
1804 2422 1863 2479 οὖ
1896 2408 2055 2497 μόνον

455 2498 523 2558 τὰ
552 2500 890 2581 ἐλλειφθέντα
940 2503 1329 2581 ἐπληρώσατε,
1363 2506 1503 2567 ἀλλὰ
1549 2506 1641 2565 καὶ
1671 2508 2051 2588 ὑπερεϐάλετε.

459 2587 642 2648 Εἰπὼν
670 2590 724 2651 δὲ
754 2589 815 2650 τὸ
835 2589 910 2668 ⁵⁸⁸,
944 2619 968 2646 α
1001 2591 1237 2674 Ἀπέχω,
1274 2621 1299 2645 ιο
1330 2597 1403 2663 ὡς
1452 2595 1538 2655 ἐπὶ
1585 2587 1830 2675 ὀφειλῆς,
1860 2596 1946 2656 ἵνα
1978 2598 2053 2673 μὴ

456 2678 813 2759 ἐπαίρωνται,
863 2679 1026 2740 πάλιν
1051 2682 1314 2764 ἱλαρύνων
1347 2683 1632 2759 δείκνυσιν,
1663 2684 1744 2745 ὅτι
1797 2685 1887 2746 καὶ
1919 2686 2053 2769 ὑπὲρ

454 2768 669 2850 ὀφειλὴν
697 2768 960 2850 ἔπραξαν,
992 2770 1225 2853 περισσὰ
1248 2771 1581 2856 πέμψαντες.

543 2961 576 2999 α
622 2940 1033 3021 Πεπλήρωμαι,
1109 2942 1389 3022 δεξάμενος
1442 2944 1594 3025 παρὰ
1660 2945 2054 3028 Ἐπαφροδίτου

453 3030 522 3090 τὰ
581 3031 708 3110 παρ’
770 3033 955 3110 ὑμῶν,
1038 3033 1212 3110 ὀσμὴν
1272 3032 1520 3112 εὐωδίας,
1570 3035 1755 3094 θυσίαν
1829 3035 2053 3110 δεκτὴν,

455 3118 735 3200 εὐάρεστον
791 3122 868 3201 τῷ
915 3121 1064 3198 Θεῷ.
1101 3147 1132 3180 ν
1168 3121 1380 3184 Βαϐαίε
1432 3129 1535 3183 ποῦ
1566 3124 1625 3184 τὸ
1674 3127 1843 3205 δῶρον
1880 3128 2054 3185 αὐτῶν

456 3208 750 3290 ἀνήγαγενῑ
792 3212 911 3271 Οὖκ
944 3208 1049 3290 ἐγὼ
1067 3257 1084 3284 ,
1113 3212 1300 3293 φησὶν,
1354 3213 1548 3276 ἔλαϐον
1571 3259 1588 3287 ,
1624 3216 1745 3275 ἀλλ’
1765 3218 1792 3273 ὀ
1822 3215 1959 3281 Θεὸς
1983 3217 2053 3273 δι’

2164 2142 2357 2200 reddat
2390 2149 2614 2216 (quanto
2662 2144 2812 2199 enim
2843 2142 3051 2199 fuerint
3090 2143 3370 2215 sapientiae
3394 2143 3761 2201 studiosiores

2163 2234 2202 2289 ii
2216 2234 2306 2305 qui
2332 2234 2699 2300 benefaciunt,
2718 2241 2871 2288 tanto
2890 2232 3159 2305 majorem
3177 2241 3433 2304 quaerunt
3450 2234 3757 2303 gratiarum

2163 2323 2438 2379 actionem
2461 2322 2529 2378 ab
2562 2323 2631 2378 iis
2657 2323 2858 2395 quibus
2888 2321 3149 2378 beneﬁcia
3169 2322 3621 2394 impertiuntur);
3646 2326 3759 2380 Ha-

2165 2412 2270 2473 beo,
2299 2411 2498 2483 inquit,
2530 2415 2732 2480 omnia,
2757 2416 2807 2467 et
2829 2413 3063 2466 eae-abero
3096 2430 3114 2464 :
3171 2410 3229 2467 id
3263 2419 3368 2483 est,
3416 2415 3537 2467 Hoc
3567 2420 3747 2468 vestro

2163 2500 2308 2558 dono
2345 2500 2552 2558 nedum
2591 2517 2715 2574 quae
2759 2501 2921 2556 nobis
2948 2498 3236 2556 defuerant
3254 2500 3526 2572 replestis,
3557 2517 3750 2557 verum

2163 2598 2214 2645 ct
2246 2606 2412 2662 super
2436 2589 2733 2666 adjecistis.
2766 2590 2971 2645 Dicens
2999 2598 3205 2656 autem,
3251 2592 3449 2654 Habeo,
3486 2598 3748 2662 tanquam

2163 2680 2231 2737 de
2270 2679 2478 2750 debito,
2528 2695 2598 2736 ne
2650 2680 2842 2736 cristas
2899 2679 3138 2751 erigant,
3179 2695 3398 2735 rursum
3442 2679 3756 2737 exhilarans

2162 2769 2416 2836 ostendit,
2441 2769 2593 2842 quod
2621 2769 2767 2825 ultra
2800 2769 2968 2825 etiam
2995 2768 3248 2825 debitum
3270 2768 3526 2838 fecerint,
3558 2784 3754 2842 super-

2163 2859 2273 2915 ﬂua
2305 2858 2598 2915 mittendo.

2233 2950 2488 3019 Repletus
2517 2964 2653 3015 sum,
2669 2953 3030 3020 posteaquam
3057 2950 3245 3021 accepi
3272 2948 3343 3003 ab
3376 2949 3760 3021 Epaphrodito

2162 3055 2282 3108 qua:
2310 3041 2558 3106 misistis,
2589 3039 2803 3093 odorem
2827 3040 3144 3101 suavitatis,
3186 3039 3415 3093 hostiam
3458 3044 3759 3110 acceptam,

2163 3128 2586 3198 bencplacentem
2609 3131 2735 3183 Deo.
2765 3129 2960 3198 Papae!
2983 3127 3242 3197 Quonam
3268 3126 3477 3184 donum
3504 3127 3752 3199 ipsorum

2161 3218 2364 3272 erexit!
2391 3220 2515 3273 Non
2544 3232 2665 3289 ego,
2716 3216 2908 3289 inquit,
2940 3219 3145 3288 accepi,
3204 3216 3299 3273 sed
3326 3221 3477 3303 Deus
3515 3233 3612 3289 per
3640 3233 3752 3275 me.

455 3300 606 3377 ἐμοῦ.
656 3298 823 3361 Ὥστε
875 3298 972 3358 κᾶν
1009 3299 1115 3379 ἐγὼ
1169 3302 1243 3376 μὴ
1293 3302 1505 3382 χρῄζω,
1544 3303 1619 3380 μὴ
1652 3303 1857 3383 μελέτω
1886 3305 2010 3381 ὑμῖν
2037 3329 2052 3343 ’

2165 3304 2399 3363 Proinde
2429 3305 2652 3363 etiamsi
2693 3321 2797 3378 ego
2839 3322 2956 3361 non
3009 3305 3302 3379 indigeam,
3353 3298 3446 3362 ne'
3481 3307 3555 3362 sit
3612 3323 3761 3363 cura:

456 3388 570 3448 ἐπεὶ
601 3387 720 3448 οὐδὲ
744 3394 773 3449 ὁ
818 3388 952 3456 Θεὸς
996 3389 1216 3470 ἔχρῃζεν
1241 3414 1254 3427 ·
1288 3394 1407 3450 ἀλλ’
1455 3392 1598 3469 ὅμως
1653 3393 1816 3459 οὕτως
1856 3395 2052 3452 ἀπεδέ-

455 3477 606 3551 ξατο,
635 3481 706 3545 ὣς
736 3477 829 3537 xui.
882 3478 979 3552 τὴν
1012 3478 1229 3561 Γραφὴν
1268 3483 1467 3539 εἰπεῖν·
1500 3482 1618 3560 [ὡς]
1674 3504 1703 3540 α
1734 3481 2050 3563 Ὠσφροίνθη

459 3568 650 3648 Κύριος
692 3565 865 3644 ὄσμήν
896 3567 1116 3636 εὐωδίας
1139 3591 1153 3606 ⁸
1179 3591 1208 3626 ι
1237 3567 1327 3627 ἵνα
1358 3569 1435 3647 μὴ
1475 3571 1795 3637 ἀκούσαντες
1832 3572 2052 3643 ἀνενδεῆ

456 3647 592 3717 εἶναι
642 3656 732 3717 τὸν
777 3658 948 3732 Θεὸν,
1006 3657 1351 3740 ῥᾳθυμότεροι
1398 3658 1521 3739 περὶ
1550 3658 1611 3718 τὸ
1640 3659 1838 3719 διδόναι
1885 3659 2051 3739 γενώ-

455 3753 612 3824 μεθα.

536 3863 561 3891 α
591 3834 660 3897 Ὀ
687 3835 742 3895 δὲ
794 3836 930 3904 Θεός
959 3859 1060 3915 μου
1113 3837 1399 3918 πληρώσαι
1419 3846 1597 3898 πᾶσαν
1647 3838 1836 3919 χρείαν
1866 3840 2047 3915 ὁμῶν,

454 3924 595 3985 κατὰ
649 3925 742 3985 τὸν
807 3929 1034 4011 πλοῦτον
1093 3930 1290 4004 αὑτοῦ,
1364 3930 1417 3986 ἐν
1489 3926 1610 4006 δόξῃ
1636 3973 1653 4005 ,
1718 3932 1770 3988 ἐν
1826 3928 2049 4011 Χριστῷ

454 4014 687 4088 Ἰησοῦ.»
708 4013 932 4084 Ἐπειδὴ
960 4003 1104 4075 εἶπεν
1135 4003 1377 4090 ἄνω,8τι
1407 4044 1430 4069 α
1455 4003 1795 4099 Ἢκαιρεῖσθε
1822 4039 1835 4054 ·
1858 4003 2051 4076 ’.τουτ’-

454 4103 630 4183 έστιν,
711 4103 1192 4186 Ἐστενοχωρεῖσθε
1232 4128 1247 4144 ·
1316 4104 1599 4186 ἐπεύχεται
1664 4112 1752 4164 νῦν
1831 4107 2007 4173 αὐτοῖς
2031 4153 2046 4181 ,

454 4193 591 4277 time
642 4195 696 4252 ἐν
767 4183 1059 4274 αὗεταρᾷέεία
1113 4183 1271 4256 εἶναι.
1353 4183 1565 4270 Εἰτμὲν
1618 4196 1724 4275 γὰρ
1776 4195 2050 4277 φιλόσοφοι

453 4273 625 4356 ἦσαν,
687 4283 780 4342 οὒκ
829 4282 891 4342 ἂν
943 4286 1116 4350 αὐτοῖς
1163 4283 1235 4343 τὰ
1283 4284 1568 4362 σωματικὰ
1603 4283 2050 4358 ἐπηύξατοοέπεὶ

455 4372 510 4431 δὲ
553 4373 792 4453 βιωτικοὶ
845 4371 1146 4455 ἄνθρωποι,
1193 4375 1287 4432 καί
1335 4398 1452 4433 τινα
1502 4376 1785 4452 ἐπιθυμίαν
1826 4373 2048 4433 καὶτῶν

2162 3395 2361 3451 vobis:
2407 3395 2853 3468 quandoquidem
2893 3410 3071 3465 neque
3113 3399 3263 3451 Deus
3316 3395 3617 3466 indigebat,
3673 3396 3751 3451 sic

2157 3493 2347 3539 tamen
2374 3484 2602 3554 accepit,
2662 3492 2724 3538 nt
2760 3491 2815 3538 et
2849 3484 3127 3554 Scriptura
3156 3483 3321 3551 dicat,
3353 3485 3630 3541 Odoratus
3677 3489 3755 3540 est

2160 3575 2419 3629 Dominus
2475 3573 2689 3628 odorem
2739 3575 3036 3629 suavitatis
3087 3584 3161 3627 tt:
3219 3589 3309 3640 ne,
3356 3574 3402 3629 si
3462 3573 3755 3630 audiamus

2160 3666 2341 3719 Deum
2369 3659 2517 3719 hisce
2570 3677 2684 3717 non
2728 3677 2909 3734 egere,
2979 3661 3260 3734 segniores
3290 3662 3346 3717 in
3391 3661 3578 3719 dando
3629 3662 3752 3719 cili-

2160 3752 2392 3808 ciamur.

2228 3845 2412 3898 Vens.
2463 3846 2550 3897 19.
2592 3843 2734 3896 Deus
2761 3845 2939 3896 autem
2984 3856 3130 3896 meus
3158 3843 3384 3911 impleat
3421 3857 3630 3897 omnem
3667 3859 3758 3898 ne-

2154 3934 2453 3988 cessitalem
2476 3935 2734 3998 vestram,
2768 3932 3061 3985 secundum
3087 3931 3310 3986 divitias
3339 3946 3491 3998 suas,
3534 3934 3592 3986 in
3632 3933 3753 4001 glo-

2155 4026 2266 4087 ria,
2296 4025 2357 4077 in
2387 4022 2598 4078 Christo
2626 4023 2764 4076 Jesu.
2820 4021 2960 4076 Cum
2992 4020 3050 4074 in
3077 4020 3458 4092 superioribus
3508 4020 3749 4087 dixerat,

2157 4115 2272 4169 Non
2324 4112 2608 4167 habebatis
2648 4113 3136 4181 opportunitatem,
3190 4110 3294 4166 hoc
3341 4117 3444 4181 est,
3498 4110 3664 4165 eratis
3699 4109 3756 4165 in

2158 4203 2428 4274 angustia,
2486 4209 2739 4272 precatur
2782 4216 2930 4255 nunc
2961 4209 3025 4255 ut
3068 4208 3122 4256 et
3165 4200 3267 4273 ipsi
3312 4200 3441 4257 satis
3492 4199 3750 4257 habeant.

2159 4293 2297 4345 Nam
2334 4290 2381 4344 si
2412 4288 2723 4362 philosophi
2759 4288 3013 4355 fuissent,
3045 4304 3163 4344 non
3192 4296 3582 4360 comprecatus
3610 4297 3756 4343 esset

2152 4381 2233 4435 eis
2261 4379 2586 4450 corporalia.
2619 4379 2759 4448 Quia
2792 4395 2918 4434 vero
2946 4387 3110 4435 erant
3143 4379 3402 4435 homines
3437 4378 3600 4451 hujus
3632 4378 3753 4434 vitae

453 4464 728 4542 παρόντων
796 4463 1035 4543 ἔχοντες,
1100 4461 1386 4544 ἐπεύχεται
1438 4466 1615 4530 αὐτοῖς
1646 4464 2047 4544 συγκαταϐατι-

2159 4469 2392 4541 negotiis
2427 4469 2698 4542 occupati,
2729 4477 2891 4541 atque.
2917 4469 3157 4539 aliquam
3188 4470 3359 4525 etiam
3392 4482 3577 4524 rerum
3609 4482 3750 4540 pra:-

451 4554 557 4621 κῶς
615 4554 673 4611 οὗ
729 4551 1101 4632 περισσείανῆ
1150 4551 1371 4634 τρυφὴν,
1426 4553 1565 4612 ἀλλὰ
1605 4558 1713 4614 τῶν
1769 4555 2045 4635 χρειωδῶν

454 4641 721 4724 εὐπορίαν.
755 4663 783 4699 α
829 4640 1127 4724 ΠληρΑῷσαι
1155 4662 1185 4699 n
1222 4641 1348 4722 γὰρ,
1381 4643 1541 4723 φησὶ,
1575 4667 1603 4697 α
1636 4652 1815 4702 πᾶσαν
1861 4642 2046 4723 χρείαν

454 4721 634 4806 ὑμῶν,
666 4730 805 4791 ὥστε
836 4730 912 4809 μὴ
957 4721 1092 4790 εἶναι
1122 4734 1177 4791 ἐν
1212 4721 1406 4811 ἐνδείᾳ.
1435 4753 1464 4789 ι)
1529 4725 1693 4804 Εἶτα,
1744 4732 1830 4791 ἵνα
1969 4756 2048 4791 νο-

457 4820 682 4895 μίσωσιν
711 4819 793 4881 ὅτι
822 4821 1214 4901 στενοχωρήσει
1257 4820 1464 4895 αὐτοὺς,
1518 4844 1547 4879 ιι
1584 4820 1736 4882 Κατὰ
1767 4820 1854 4880 τὸν
1886 4824 2049 4881 πλοῦ-

454 4932 542 4968 τον
572 4912 770 4990 αὖτοῦ,
821 4932 852 4971 n
895 4909 1027 4991 φησί
1053 4933 1068 4948 ·
1100 4908 1369 4984 τουτέστι,
1403 4910 1681 4977 Πλουσίως
1709 4910 1799 4969 καὶ
1830 4914 2049 4969 ἀστενο-

452 4998 713 5080 χωρήτως
750 5000 818 5060 τὰ
849 5001 1085 5080 χρειώδη
1117 5000 1242 5077 ύμῖν
1288 4999 1508 5058 δύναται
1540 5002 1737 5060 δοῦναι.
1770 4999 1946 5059 τὨστε
1979 5003 2049 5066 εἷς

455 5088 608 5156 δόξαν
642 5090 803 5149 αὐτοῦ
837 5094 1037 5169 χρᾶσθε
1066 5092 1134 5169 τῇ
1169 5087 1465 5171 περιουσίᾳ.
1493 5089 1572 5149 Τὸ
1617 5088 1671 5148 δὲ
1692 5136 1706 5162 ,
1743 5116 1765 5140 σ
1791 5089 1887 5149 Ἐν
1919 5091 1967 5149 Χ
1979 5113 2053 5165 ρι-

457 5182 568 5256 στῷ
615 5177 827 5257 Ἰησοῦ,
878 5204 902 5231 ι
956 5178 1176 5237 δύναται
1210 5177 1306 5255 μὲν
1340 5178 1430 5236 καὶ
1480 5177 1614 5238 οὕτω
1643 5182 1926 5251 νοηθῆναι,
1972 5178 2052 5236 ὅτι

455 5269 646 5327 Ταῦτα
678 5269 888 5340 ποιήσει
920 5267 1156 5347 ὁΠατὴρ
1189 5270 1240 5326 ἐν
1274 5269 1494 5348 Χριστῷ
1532 5269 1709 5339 Ἰησοῦ
1734 5312 1749 5339 ,
1784 5268 2049 5341 τουτέστι,

458 5356 818 5435 μεσιτεύοντος
867 5362 957 5416 τοῦ
1010 5359 1281 5437 Χριστοῦ·
1338 5358 1555 5418 δύναται
1612 5356 1662 5416 δὲ
1717 5357 1807 5416 καὶ
1851 5356 2049 5424 οὕτως’

527 5532 557 5578 ἀ
583 5544 726 5603 Gen.
760 5559 898 5615 vm,
930 5550 1043 5602 ειν

2157 4559 2395 4614 sontium
2446 4558 2799 4629 cupiditatem
2865 4557 3154 4623 habentes,
3206 4562 3591 4629 comprecatur
3645 4557 3747 4623 eis,

2156 4648 2554 4721 acquiescendo
2602 4647 2729 4714 illis,
2783 4663 2894 4701 non
2920 4645 3313 4702 abundantiam
3365 4655 3460 4700 aut
3509 4644 3749 4713 delicias,

2159 4739 2251 4793 sed
2311 4737 2737 4793 necessariarum
2787 4752 2975 4791 rerum
3009 4735 3244 4806 cepiam.
3286 4736 3517 4804 Impleat
3572 4733 3748 4797 enim.

2159 4827 2355 4898 inquit,
2382 4830 2605 4884 Omnem
2642 4828 3018 4881 necessitatem
3040 4829 3298 4893 vestram,
3325 4840 3388 4878 ne
3413 4826 3535 4878 sitis
3564 4828 3624 4878 in
3665 4826 3752 4878 in-

2157 4918 2421 4985 digentia.
2471 4918 2764 4980 Praeterea,
2802 4931 2870 4970 ne
2928 4914 3265 4970 arbitrentur
3293 4913 3439 4985 quod
3475 4913 3542 4969 ad
3579 4928 3754 4986 angn-

2156 5007 2315 5063 stiam
2373 5021 2468 5062 eos
2512 5005 2644 5061 velit
2700 5003 2990 5076 conjicere,
3039 5002 3243 5071 subdit,
3308 5007 3479 5057 Juxta
3525 5004 3754 5057 divitias

2161 5111 2330 5151 suas:
2378 5095 2486 5150 hoc
2508 5103 2614 5159 est,
2648 5092 2885 5149 Abunde
2931 5102 2989 5148 et
3034 5093 3181 5165 large
3242 5091 3544 5147 necessaria
3602 5092 3756 5147 vobis

2160 5184 2296 5241 dare
2337 5192 2551 5256 potest:
2579 5199 2746 5255 quare
2785 5181 2851 5237 ad
2881 5182 3113 5254 gloriam
3141 5181 3315 5253 ipsius
3344 5181 3562 5235 utimini
3587 5183 3759 5235 abun—

2160 5274 2365 5331 dantia.
2405 5273 2565 5346 Quod
2588 5282 2775 5327 autem
2808 5272 2904 5335 ait,
2931 5275 2995 5326 In
3037 5271 3250 5327 Christo
3293 5273 3438 5337 Jesu,
3470 5270 3546 5325 sic
3580 5279 3759 5341 potest

2161 5363 2411 5436 intelligi,
2454 5361 2600 5435 quod
2646 5365 2802 5417 Pater
2858 5360 3024 5417 faciet
3080 5361 3195 5416 hanc
3233 5361 3289 5416 in
3332 5361 3463 5415 Jcsu
3514 5360 3760 5427 Christo,

1848 5696 2036 5757 Varia:
2083 5697 2386 5759 lectiones.

538 5787 583 5822 ⁸²
611 5785 734 5859 οὖχὶ
762 5800 821 5844 0.
899 5786 944 5823 ⁸³
975 5787 1209 5843 -λοῦνται
1236 5802 1291 5845 0.
1369 5787 1413 5823 ⁵⁸
1451 5788 1528 5843 ὅτι
1552 5802 1607 5845 0.
