4104 6496
344 467 363 519 1
382 465 483 521 203

1369 460 1884 518 THEOPHYLACTI
1920 459 2279 516 BULGARUE
2318 456 2635 515 ARCHIEP.

3505 457 3652 514 1204

340 590 449 648 hoc
467 600 570 661 est,
599 591 872 649 mediante
914 590 1154 648 Christo.
1188 592 1376 646 Potest
1402 589 1571 645 etiam
1596 588 1699 643 hac
1723 587 1934 643 ratione

2045 588 2141 647 ’Ev
2174 585 2296 666 δόξῃ
2326 589 2393 666 τῇ
2435 587 2506 648 εἰς
2554 582 2787 667 Χριστὸν
2821 583 3030 657 Ἰησοῦν
3079 582 3467 667 ἆναφερομένῃ.
3503 583 3649 644 Ἐπ-

341 681 570 754 intelligi
628 700 640 735 :
670 683 729 738 in
757 681 931 754 gloria
959 695 1085 755 quae
1114 679 1184 737 ad
1234 679 1518 737 Christum
1546 678 1738 735 Jesum
1774 676 1941 733 refer-

347 781 457 828 tur.
483 769 655 827 Infert
683 771 885 845 igitur:

417 865 600 919 Vsus.
632 868 723 917 20.
765 866 870 918 Deo
906 877 1027 917 vero
1055 865 1106 917 et
1134 862 1294 916 Patri
1326 862 1507 915 nostro
1537 858 1719 928 gloria
1756 859 1817 913 in
1843 870 1941 913 sce-

344 951 467 1007 cula
514 952 853 1007 saeculorum.
887 952 1082 1006 Amen.
1139 949 1277 1020 Quia
1323 947 1554 1017 dixerat,
1601 948 1665 1001 In
1710 946 1939 1020 gloriam

343 1041 507 1109 Filii,
543 1041 848 1108 subintulit,
908 1039 1057 1114 quod
1107 1038 1277 1113 gloria
1317 1038 1421 1094 ista
1457 1036 1737 1094 Christisit
1768 1036 1938 1093 etiam

348 1131 520 1204 gloria
562 1133 755 1186 Patris.

417 1219 587 1292 460
616 1222 780 1277 Vsns
803 1225 911 1276 .21.
935 1221 1180 1277 Salutate
1210 1232 1413 1274 omnem
1429 1221 1675 1272 sanctum
1703 1219 1763 1272 in
1787 1216 1940 1272 Chri-

343 1314 423 1365 sto
451 1314 597 1366 Jesu.
639 1310 800 1366 Haud
831 1325 1026 1382 parum
1051 1306 1441 1365 benevolentiae
1484 1314 1588 1378 est,
1616 1322 1712 1379 per
1730 1306 1941 1363 litteras
1969 1366 1976 1374 _

345 1416 441 1457 eos
481 1400 745 1456 salutare.

414 1491 675 1547 Salutant
692 1506 784 1546 vos
805 1493 903 1561 qui
917 1505 1121 1546 mecum
1134 1494 1263 1546 sunt
1275 1490 1501 1558 fratres.
1524 1488 1775 1544 Fuerunt
1789 1487 1940 1545 enim

344 1579 527 1651 plures
556 1594 681 1635 cum
711 1579 849 1651 ipso,
883 1578 1114 1635 fortasse
1152 1578 1247 1651 qui
1275 1579 1438 1634 etiam
1483 1593 1551 1634 ex
1594 1577 1712 1649 ipsa
1757 1578 1941 1633 Roma

346 1677 523 1739 erant,
552 1669 646 1741 qui
703 1677 892 1725 tamen
934 1669 1069 1725 tales
1096 1684 1211 1724 non
1257 1674 1432 1733 erant,
1491 1674 1554 1722 ut
1581 1666 1941 1739 apostolicam

346 1757 654 1829 reciperent
723 1756 1083 1815 functionem.
1153 1758 1313 1814 Solus
1389 1756 1536 1812 enim
1615 1756 1942 1813 Timotheus

345 1854 465 1903 erat
519 1846 862 1919 hujusmodi,
914 1863 1082 1921 quem
1130 1855 1186 1905 et
1240 1862 1406 1918 supra
1454 1845 1703 1918 ejusdem
1746 1861 1935 1901 secum

2050 676 2169 756 άγει
2198 667 2288 736 οῦν
2318 699 2333 715 ·

2129 883 2153 911 α
2188 859 2286 935 Τῷ
2313 854 2370 916 δὲ
2398 855 2526 935 Θεῷ
2565 854 2657 915 καὶ
2688 854 2865 935 Πατρὶ
2894 855 3048 927 ἡμῶν
3085 852 3209 923 δόξα
3242 855 3315 920 εἷς
3352 850 3475 935 τοὺς
3509 854 3647 912 αἰῶ-

2049 969 2139 1013 νας
2191 933 2296 1004 τῶν
2329 933 2555 1005 αἰώνων.
2612 933 2865 1022 Ἀμήν.)
2916 942 3143 1015 Ἐπειδὴ
3198 942 3302 1022 γὰρ
3332 933 3502 1015 εἶπεν,
3551 944 3649 1008 Εἰς

2048 1034 2201 1104 δόξαν
2251 1039 2343 1094 τοῦ
2396 1037 2530 1095 Υίοῦ
2551 1079 2567 1108 ,
2622 1034 2925 1113 ἐπήγαγεν,
2985 1032 3066 1091 ὅτι
3119 1032 3322 1107 αὖτηὴ
3377 1031 3499 1102 δόξα
3553 1036 3650 1091 τοῦ

2046 1127 2284 1206 Χριστοῦ
2320 1129 2414 1184 τοῦ
2445 1123 2659 1204 Πατρός
2688 1127 2852 1186 ἐστιν.

2129 1242 2152 1267 ι
2180 1213 2517 1275 Ἀσπάσασθε
2566 1213 2744 1273 πάντα
2800 1212 2946 1291 ἅγιον
3001 1214 3054 1271 ἐν
3116 1212 3341 1292 Χριστῷ
3375 1209 3574 1282 Ἰησοῦ.
3619 1239 3648 1262 ι

2048 1305 2130 1366 Οὐ
2176 1311 2369 1385 μικρᾶς
2436 1302 2640 1372 εὐνοίας
2687 1302 2748 1362 τὸ
2797 1301 2883 1363 διὰ
2926 1300 3260 1383 γραμμάτων
3314 1299 3649 1371 ἀσπάζεσθαι

2045 1392 2255 1462 αὖτούς.

2140 1504 2168 1540 ι(
2206 1483 2557 1553 Ἀσπάζονται
2602 1484 2740 1559 ὑμᾶς
2768 1480 2816 1541 οἱ
2847 1479 2941 1540 σὺν
2974 1480 3093 1559 ἐμοὶ
3128 1480 3367 1561 ἀδελφοί.
3407 1508 3431 1532 υ
3461 1470 3647 1541 τΗσαν

2047 1572 2153 1654 γὰρ
2198 1573 2410 1641 πλείους
2458 1574 2573 1650 μετ’
2606 1572 2803 1645 αὐτοῦ,
2850 1571 2994 1652 τάχα
3026 1571 3120 1630 καὶ
3174 1571 3235 1628 ἐκ
3286 1573 3379 1641 τῆς
3423 1568 3647 1644 Ῥώμης

2051 1662 2210 1734 αὐτῆς
2239 1659 2411 1735 ὄντες,
2444 1663 2538 1720 οὐκ
2580 1660 2724 1728 ὄντες
2749 1659 2855 1738 μὴν
2899 1666 3160 1732 τοιοῦτοι,
3212 1659 3352 1719 ὥστε
3382 1658 3473 1718 καὶ
3504 1662 3646 1718 ἀπο-

2050 1750 2252 1810 στόλων
2288 1749 2641 1831 ἀναδέχεσθαι
2674 1750 2989 1830 πράγματα.
3038 1749 3209 1817 Μόνος
3250 1748 3355 1829 γὰρ
3384 1748 3650 1827 Τιμόθεος

2044 1831 2108 1913 ἦν
2158 1847 2423 1912 τοιοῦτος,
2489 1839 2544 1899 ὃν
2599 1838 2690 1899 καὶ
2733 1840 2986 1920 ἰσόψυχον
3037 1838 3318 1915 ὠνόμασεν
3369 1837 3647 1918 ἀνωτέρω.

346 1936 515 1991 animi
554 1937 876 1993 nominavit.
920 1935 1083 1993 Haud
1132 1934 1336 2008 refugit
1373 1943 1565 1992 tamen
1609 1936 1718 1992 hos
1764 1935 1931 1993 etiam

2045 1933 2126 1989 Οὐ
2195 1931 2538 2012 παραιτεῖται
2617 1931 2671 1989 δὲ
2754 1928 2897 2007 ὅμως
2954 1927 3044 1989 καὶ
3102 1928 3315 1995 τούτους
3391 1926 3651 2010 ἀδελφοὺς

346 2024 542 2082 fratres
574 2027 864 2099 appellare.

415 2118 595 2172 Vnus.
619 2121 706 2172 22.
746 2117 1007 2173 Salutant
1030 2131 1119 2171 vos
1150 2131 1330 2170 omnes
1357 2116 1554 2179 sancti,
1580 2115 1819 2169 maxime
1843 2118 1940 2184 qui

342 2222 410 2260 ea:
466 2207 696 2263 Cmsaris
743 2206 918 2260 domo.
956 2204 1314 2262 Confortatus
1346 2211 1429 2259 est
1470 2219 1588 2274 eos,
1638 2202 1937 2260 ostendens

342 2294 493 2367 quod
518 2303 573 2350 et
620 2295 835 2367 regiam
861 2294 1096 2350 domum
1146 2292 1421 2366 Evangelii
1458 2292 1779 2365 praedicatio
1805 2293 1934 2350 atti-

342 2384 481 2455 gerit
524 2404 540 2439 :
581 2391 637 2439 et
686 2383 856 2456 quod,
889 2384 936 2440 si
992 2383 1070 2438 illi
1126 2382 1215 2455 qui
1261 2383 1320 2437 in
1377 2382 1521 2455 regia
1582 2382 1938 2440 versabantur

341 2472 526 2529 omnia
592 2480 817 2545 propter
865 2471 1149 2529 Christum
1229 2472 1655 2544 posthabebant,
1726 2480 1935 2546 quanto

340 2562 517 2635 magis
563 2577 659 2619 vos
685 2560 973 2618 inferiores
1018 2561 1167 2618 idem
1217 2560 1461 2619 facietis?
1495 2562 1706 2618 Pariter
1749 2569 1935 2620 autem

338 2651 656 2719 submonet,
712 2650 860 2724 quod
888 2652 1139 2723 ipsorum
1167 2652 1389 2710 virtutis
1421 2651 1573 2725 apud
1619 2652 1742 2709 illos
1764 2653 1935 2708 etiam

338 2740 683 2798 meminerit:
730 2740 935 2814 alioqui
967 2741 1114 2798 enim
1136 2756 1249 2798 non
1287 2741 1557 2814 potuisset
1608 2757 1703 2798 eos
1740 2741 1833 2815 qui
1875 2743 1934 2798 in

338 2830 489 2902 regia
515 2838 716 2898 essent,
765 2830 823 2886 in
877 2829 1214 2887 desiderium
1269 2846 1462 2888 eorum
1494 2830 1830 2903 pertrahere,
1874 2838 1937 2887 ut

340 2917 640 2975 salutarent
663 2918 828 2990 ipsos.

411 3008 592 3063 Vsus.
628 3013 714 3062 23.
745 3006 945 3063 Gratia
968 3010 1186 3064 Domini
1220 3011 1396 3063 nostri
1433 3010 1558 3064 Jesu
1579 3009 1787 3065 Christi
1813 3025 1936 3065 cum

340 3097 587 3152 omnibus
613 3098 782 3153 vobis.
812 3098 1003 3153 Amen.
1030 3096 1378 3164 Precatione,
1410 3096 1487 3152 uti
1521 3098 1680 3167 solet,
1717 3098 1938 3170 Episto-

340 3185 453 3242 lam
490 3184 713 3242 claudit.
757 3184 971 3242 Pariter
998 3201 1095 3241 eos
1119 3185 1301 3252 docet,
1332 3197 1395 3240 ut
1439 3186 1488 3241 si
1535 3202 1672 3258 quas
1701 3186 1944 3243 habeant

2045 2022 2225 2079 καλεῖν
2239 2066 2253 2080 .

2129 2130 2158 2166 α
2192 2107 2542 2177 Ἀσπάζονται
2590 2109 2728 2184 ὑμᾶς
2771 2107 2964 2175 πάντες
3014 2108 3065 2165 οῖ
3109 2107 3286 2186 ἅγιοι,
3328 2107 3565 2184 μάλιστα
3598 2108 3647 2166 οἱ

2040 2198 2099 2255 ἐκ
2124 2201 2217 2269 τῆς
2249 2196 2529 2277 Καίσαρος
2570 2195 2759 2264 οἰκίας.
2799 2220 2826 2255 ι)
2857 2196 3175 2278 Ἀνέῤῥωσεν
3203 2195 3425 2268 αὐτοὺς,
3478 2196 3649 2264 δείξας

2043 2283 2124 2345 ὅτι
2158 2286 2250 2368 καὶ
2294 2291 2387 2359 τῆς
2439 2289 2722 2366 βασιλικῆς
2767 2286 2936 2353 οἰκίας
2974 2286 3034 2345 τὸ
3066 2285 3320 2366 κήρυγμα
3348 2285 3397 2321 ⁵⁵
3428 2285 3608 2365 ἥψατο
3633 2311 3645 2322 ·

2041 2375 2134 2436 καὶ
2162 2375 2240 2435 ὅτι
2273 2380 2340 2437 Ei
2371 2379 2416 2436 οἱ
2467 2379 2521 2435 ἐν
2574 2379 2682 2443 τοῖς
2719 2374 3013 2455 βασιλείοις
3056 2375 3270 2434 πάντων
3319 2374 3651 2454 κατεφρόνη-

2042 2489 2140 2525 σαν
2193 2466 2278 2524 διὰ
2330 2466 2595 2546 Χριστὸν,
2632 2465 2781 2544 πόσῳ
2826 2467 3030 2538 μᾶλλον
3073 2467 3213 2541 ὑμᾶς
3240 2466 3317 2524 δεῖ
3347 2464 3464 2532 τοὺς
3492 2466 3642 2523 εὖτε-

2041 2556 2176 2631 λεῖςς
2245 2555 2494 2617 Δείκνυσι
2547 2555 2603 2614 δὲ
2644 2553 2724 2615 ὅτι
2774 2554 2866 2614 καὶ
2917 2554 3045 2634 παρ’
3098 2553 3313 2622 ἐκείνοις
3376 2552 3651 2631 μέμνηται

2044 2647 2216 2705 αὐτῶν
2277 2648 2371 2717 τῆς
2421 2647 2631 2725 ἀρετῆς.
2704 2646 2787 2706 Οὖ
2839 2642 2943 2723 γὰρ
3014 2641 3077 2702 ἂν
3130 2646 3203 2711 εἷς
3253 2643 3416 2703 πόθον
3475 2645 3647 2701 αὐτῶν

2041 2733 2212 2814 ἤγαγε
2243 2734 2362 2803 τοὺς
2410 2738 2462 2795 ἐν
2510 2743 2618 2805 τοῖς
2653 2735 2961 2817 βασιλείοις,
2998 2731 3139 2795 ὥστε
3185 2733 3279 2795 καὶ
3310 2734 3649 2804 ἀσπάζεσθαι

2085 2827 2100 2847 3
2188 2824 2202 2845 Ι

2045 2848 2251 2893 αυτους.

2125 3032 2150 3057 α
2190 3003 2261 3065 Ἥ
2315 3003 2469 3084 χάρις
2521 3008 2613 3064 τοῦ
2666 3002 2869 3086 Κυρίου
2954 3007 3109 3081 ἡμῶν
3171 3000 3349 3076 Ἰησοῦ
3411 3005 3649 3084 Χριστοῦ

2052 3091 2188 3170 μετὰ
2217 3092 2426 3154 πάντων
2461 3096 2629 3169 ὑμῶν.
2660 3092 2853 3171 Ἀμήν.
2878 3120 2903 3146 ι
2932 3094 3012 3154 Τὸ
3043 3091 3260 3165 σύνηθες
3291 3094 3469 3173 αὐτῷ,
3515 3095 3649 3174 εὐχῇ

2050 3182 2357 3241 κατακλείει
2379 3182 2429 3217 ⁵⁶
2454 3182 2553 3253 τὴν
2575 3182 2926 3255 Ἐπιστολήν.
2950 3182 3108 3260 [Καὶ]
3144 3181 3381 3241 διδάσκει
3409 3180 3465 3241 δὲ
3492 3181 3608 3260 ἅμα
3631 3229 3646 3255 ,

337 3274 589 3341 virtutes,
645 3280 736 3328 e‘as
780 3289 847 3328 ex
902 3272 1073 3345 gratia
1117 3272 1321 3329 Christi
1350 3272 1556 3330 habere
1586 3290 1645 3331 se
1687 3274 1931 3345 credant,

2044 3269 2130 3331 ἵνα
2155 3270 2254 3330 κᾶν
2288 3271 2679 3352 κατορθώματα
2708 3270 2909 3354 ἔχωσι,
2940 3271 3126 3352 χάριτι
3150 3277 3320 3330 ταῦτα
3341 3274 3577 3352 Χριστοῦ
3597 3273 3649 3311 ⁵⁷

339 3372 395 3419 et
417 3378 528 3417 non
554 3371 779 3434 propter
806 3377 898 3418 eas
939 3362 1273 3418 extollantur
1304 3381 1317 3418 :
1366 3364 1444 3419 sic
1482 3364 1637 3420 enim
1664 3363 1932 3434 futurum,

339 3460 399 3507 ut
426 3451 597 3522 gratia
632 3466 919 3523 nunquam
943 3467 1055 3507 non
1077 3452 1148 3508 sit
1186 3451 1335 3523 apud
1360 3468 1456 3509 eos
1484 3468 1862 3525 permansura,
1887 3457 1933 3512 si

339 3554 452 3595 non
484 3538 805 3596 efferantur.
831 3540 1131 3613 Contingat
1154 3549 1337 3598 autem
1381 3552 1437 3598 et
1467 3558 1574 3599 nos
1615 3543 1768 3600 omni
1819 3544 1935 3601 viro

337 3636 479 3697 tute,
510 3629 753 3686 maxime
785 3645 847 3686 ea
903 3645 1008 3702 qua
1039 3630 1161 3686 aliis
1210 3630 1612 3704 impertiamus,
1651 3632 1935 3690 abundare

341 3734 437 3789 per
465 3718 697 3791 gratiam
721 3719 951 3788 Christi;
985 3729 1046 3776 ut
1092 3728 1147 3775 et
1172 3736 1279 3776 nos
1306 3721 1404 3794 ipsi
1429 3722 1622 3795 adjuti,
1653 3733 1935 3796 propterea

339 3807 487 3879 quod
531 3808 795 3865 omnibus
849 3808 1215 3882 indigentibus
1259 3811 1666 3883 impertiamus,
1724 3812 1936 3884 potissi-

340 3912 495 3952 mum
551 3913 683 3954 vero
731 3897 798 3954 iis
848 3898 941 3971 qui
993 3915 1092 3972 pro
1129 3899 1351 3957 Christo
1426 3902 1567 3957 mala
1623 3901 1929 3973 patiuntur,

342 3985 592 4042 fruamur
623 3986 826 4044 divitiis
874 3988 1138 4046 bonitatis
1185 3989 1376 4061 ipsius.
1405 3989 1503 4046 Cui
1529 3989 1705 4062 gloria
1732 3998 1786 4047 et
1837 4007 1931 4063 po-

338 4076 503 4132 tentia
528 4092 677 4133 nunc
696 4085 751 4135 et
778 4092 994 4150 semper
1022 4085 1077 4135 et
1094 4078 1201 4135 ints
1225 4079 1419 4135 aacula.
1443 4084 1645 4137 Amen.

2045 3360 2185 3440 ἔχειν
2219 3360 2539 3439 πείθωνται,
2590 3360 2682 3420 καὶ
2708 3362 2783 3440 μὴ
2835 3360 3184 3441 ἐπαίρωνται.
3219 3360 3379 3422 Οὕτω
3405 3361 3511 3443 γὰρ
3550 3362 3644 3420 καὶ

2045 3450 2193 3509 ἔσται
2225 3450 2306 3510 ἀεὶ
2346 3455 2379 3522 ἡ
2410 3450 2566 3531 χάρις
2606 3449 2719 3529 μετ’
2744 3452 2941 3524 αὐτῶν,
2977 3450 3069 3509 ἐὰν
3101 3449 3176 3527 μὴ
3205 3452 3499 3530 ἐπαρθῶσι,
3534 3453 3579 3512 Γ
3581 3452 3649 3512 έ-

2042 3563 2183 3599 νοιτο
2211 3532 2298 3601 οῦν
2324 3538 2417 3600 καὶ
2445 3544 2586 3618 ἡμᾶς
2608 3540 2705 3615 τήν
2722 3564 2780 3600 τε
2812 3541 2981 3612 ἄλλην
3004 3549 3184 3599 πᾶσαν
3213 3538 3428 3619 ἀρετὴν,
3458 3539 3551 3598 καὶ
3581 3540 3646 3614 δὴ

2043 3628 2136 3688 καὶ
2164 3629 2258 3701 τὴν
2288 3634 2381 3702 τῆς
2413 3629 2759 3706 ’μεταδόσεως
2788 3631 3093 3702 πλουτῆσαι
3113 3674 3129 3702 ,
3181 3628 3267 3689 διὰ
3296 3633 3389 3703 τῆς
3427 3629 3648 3710 χάριτος

2041 3723 2132 3777 τοῦ
2167 3720 2404 3799 Χριστοῦ
2429 3743 2441 3755 ·
2475 3717 2562 3777 ἵνα
2595 3722 2747 3796 ἡμεῖς
2802 3719 2952 3778 αὐτοὶ
3001 3718 3360 3800 ὠφελούμενοι
3412 3717 3499 3777 διὰ
3550 3726 3647 3779 τοῦ

2046 3806 2278 3881 διδόναι,
2310 3807 2400 3866 καὶ
2429 3816 2562 3866 πᾶσι
2586 3807 2681 3886 μὲν
2725 3818 2831 3874 τοῖς
2862 3809 3141 3889 χρῄζουσι,
3172 3808 3408 3886 μάλιστα
3436 3807 3492 3867 δὲ
3530 3817 3647 3875 τοῖς

2043 3895 2175 3975 ὑπὲρ
2229 3900 2319 3954 τοῦ
2391 3899 2537 3957 Θεοῦ
2595 3902 2988 3957 κακοπαθοῦσιν
3015 3941 3033 3971 ,
3099 3897 3491 3971 ἀπολαύσωμεν
3551 3903 3646 3957 τοῦ

2042 3983 2270 4045 πλούτου
2321 3990 2415 4057 τῆς
2464 3986 2827 4066 χρηστότητος
2865 3988 3034 4047 δῦτοῦ.
3065 3977 3140 4073 ’τῼ
3190 3992 3224 4059 ἡ
3259 3985 3382 4056 δόξα
3440 3986 3532 4047 καὶ
3584 3988 3645 4046 τὸ

2042 4073 2231 4155 κράτος
2254 4079 2346 4133 νῦν
2377 4074 2466 4136 καὶ
2494 4074 2576 4134 ἀεὶ
2605 4076 2696 4134 καὶ
2719 4078 2791 4145 εἰς
2820 4075 2937 4145 τοὺς
2968 4080 3183 4144 αἰῶνας.
3218 4075 3406 4155 Ἀμήν.

1720 4259 1912 4320 Variae
1956 4263 2262 4322 lectiones.

404 4429 450 4462 5‘
476 4427 535 4481 τὸ
565 4425 888 4500 εὖαγγελικὸν
924 4430 1155 4502 κήρυγμα
1187 4443 1264 4486 m.
1341 4428 1387 4464 ⁵⁸
1408 4429 1792 4486 κατακλείεσθαι
1829 4446 1885 4488 0.
1957 4430 2000 4467 ⁵⁷
2034 4431 2169 4486 Θεοῦ
2193 4447 2247 4489 0.
