4104 6436
346 441 483 495 1205

1104 436 1564 509 EXPOSITIOEIN
1601 438 1807 495 EPIST.
1846 438 1938 495 AD
1978 436 2252 494 COLOSS.
2295 466 2365 478 --
2403 436 2887 493 ARGUMENTUM.

3525 436 3660 490 1206

340 630 3647 661 ψ

1213 782 2494 940 ΘΕΟΦΥΛΑΚΤ
2499 780 2786 937 ΟΥ

1057 1065 2098 1146 ΑΡΧΙΕΠΙΣΚΟΠΟΥ
2177 1063 2765 1145 ΒΟΥΛΓΑΡΙ
2798 1068 2852 1143 Α
2879 1068 2938 1143 Σ

1998 1259 2119 1307 ΤΗΣ

534 1418 760 1498 ΤΟΥ
829 1417 1150 1497 ΑΓΙΟΥ
1222 1415 1666 1496 ΠΑΥΛΟΥ
1726 1415 2018 1494 ΠΡΟΣ
2088 1416 2783 1496 ΚΟΛΟΣΣΑΕΙΣ
2852 1415 3490 1495 ΕΠΙΣΤΟΛΗΣ

1531 1622 2426 1761 ΕΞΗΓΗΣΙΣ.

1231 2056 2743 2216 THEOPHYLACTI
2817 2293 2825 2302 _

1494 2325 1895 2383 BULGARUE
1934 2326 2492 2385 ARCHIEPISCOPI

702 2495 1324 2589 EPISTOLIE
1390 2496 1659 2588 DIVI
1719 2494 2074 2588 PAULI
2147 2497 2297 2587 AD
2372 2495 3238 2631 COLOSSENSES

1616 2705 2347 2815 EXPOSITIO.

330 3067 730 3130 ΥΠΟΘΕΣΙΣ
776 3069 936 3129 THE
986 3068 1194 3127 ΠΡΟΣ
1229 3066 1725 3128 ΚΟΛΟΣΣΑΕΙΣ
1757 3067 1922 3128 ΕΠῐ-
1960 3078 2002 3142 Α

2048 3063 2206 3138 7.5.61
2269 3067 2797 3125 ARGUMENTUM
2831 3067 3194 3124 EPISTOL/E
3242 3067 3345 3125 AD
3409 3067 3646 3125 COLOS-

962 3158 1296 3220 ΣΤΟΛΗΣ.

416 3311 441 3336 σι
474 3285 662 3343 Πᾶσαι
691 3282 788 3362 μὲν
830 3284 886 3343 αἱ
916 3282 1237 3344 Ἐπιστολαὶ
1280 3282 1499 3341 Παύλου
1552 3281 1724 3362 ἅγιαι,
1759 3282 1924 3360 μάλι-

329 3397 431 3433 στα
487 3373 543 3432 δὲ
599 3376 655 3432 αἱ
716 3373 997 3452 δεδεμένου
1072 3374 1233 3431 αὐτοῦ
1314 3370 1690 3449 πεμπόμεναι,
1744 3373 1931 3453 ὥσπερ

331 3462 394 3522 ἂν
451 3465 497 3522 εἰ
569 3461 811 3545 ἀριστεὺς
888 3465 942 3523 ἐν
993 3465 1070 3544 τῷ
1140 3460 1337 3545 μεταξὺ
1392 3459 1601 3542 σφαγὰς
1664 3460 1756 3520 καὶ
1808 3461 1933 3542 τρό-

330 3577 465 3613 παια
495 3540 688 3632 ἱστῖύν,
739 3540 1074 3612 ἐπέστελλεν.
1141 3540 1272 3612 Οἵδε
1326 3550 1383 3611 δὲ
1442 3540 1536 3610 καὶ
1583 3550 1738 3618 αὐτὸς
1778 3540 1933 3611 τοῧτο

331 3642 471 3721 μέγα
517 3642 574 3701 ὂν
629 3643 720 3703 καὶ
777 3641 908 3723 πρὸς
968 3640 1295 3724 φιλοτιμίαν.
1353 3642 1450 3721 Τῷ
1500 3639 1604 3720 γὰρ
1655 3641 1932 3718 Φιλήμονι

327 3732 542 3815 γράφων
628 3731 787 3813 φησίν
823 3754 837 3770 ⁸
860 3759 897 3815 μιν
941 3731 1047 3792 Ὃν
1118 3731 1395 3811 ἐγέννησα]
1443 3733 1496 3790 ἐν
1539 3737 1645 3797 τοῖς
1724 3732 1934 3807 δεσμοῖς

332 3811 458 3899 μου,
485 3849 510 3875 ι
532 3811 708 3883 Τοῦτο
750 3818 805 3880 δὲ
839 3811 1014 3894 εἶπεν,
1036 3819 1124 3880 ἵνα
1165 3821 1257 3879 καὶ
1279 3825 1469 3898 ἡμεῖς,
1513 3818 1589 3897 μὴ
1633 3820 1928 3900 ἀσχάλλω-

333 3935 431 3987 μεν
475 3911 605 3989 πρὸς
634 3910 705 3970 τὰ
746 3910 924 3984 δεινὰ,
978 3909 1118 3969 ἀλλὰ
1163 3910 1256 3969 καὶ
1301 3909 1724 3990 φιλοτιμώμεθα.
1780 3912 1932 3970 Πολ-

249 4014 265 4028 ⁸
331 4000 423 4059 λαὶ
486 4000 583 4079 μὲν
635 3990 725 4059 οὖν
769 4003 872 4059 εἶσι
939 4004 1211 4073 τοιαῦται,
1270 3997 1306 4071 ἥ
1350 4022 1409 4058 τε
1451 3999 1579 4078 πρὸς
1617 3998 1927 4079 Ἐφεσίους,

333 4090 425 4151 καὶ
455 4095 488 4163 ἡ
518 4089 646 4172 πρὸς
713 4088 1037 4168 Φιλήμονα,
1093 4088 1188 4148 καὶ
1234 4092 1268 4161 ἡ
1310 4089 1439 4168 πρὸς
1495 4087 1787 4166 Τιμόθεον,
1841 4089 1931 4148 καὶ

333 4183 367 4253 ἡ
405 4180 535 4261 πρὸς
588 4179 1027 4255 Φιλιππησίους,
1076 4177 1168 4237 καὶ
1201 4176 1338 4251 αὕτη
1387 4179 1507 4249 δὲή
1556 4178 1687 4259 πρὸς
1720 4181 1930 4239 Κολοσ-

2666 3157 2943 3214 SENSES.

2115 3291 2305 3346 Omnes
2320 3290 2536 3362 quidem
2552 3291 2671 3345 divi
2686 3291 2852 3346 Pauli
2870 3291 3127 3361 Episton
3139 3294 3338 3347 sancta:
3357 3296 3502 3355 sunt,
3528 3308 3644 3347 ma-

2037 3382 2184 3436 xime
2201 3397 2325 3435 vero
2341 3396 2462 3450 quae
2484 3382 2551 3435 ab
2567 3382 2685 3450 ipso
2704 3384 2887 3435 vincto
2908 3383 3222 3445 mittuntur,
3244 3388 3513 3452 tanquam
3521 3384 3645 3452 jam

2035 3472 2255 3541 primas
2280 3471 2342 3524 in
2373 3470 2503 3525 bello
2531 3473 2864 3535 consecutus,
2898 3475 2949 3526 et
2970 3473 3204 3525 victoria
3228 3476 3422 3542 parta,
3456 3474 3515 3527 in
3537 3489 3643 3527 me-

2043 3560 2145 3614 dia
2197 3559 2339 3614 caede
2380 3563 2584 3630 tropaea
2609 3562 2876 3627 statuens,
2909 3575 2997 3615 eas
3026 3562 3432 3632 conscripserit.
3481 3564 3642 3619 Novit

2040 3653 2219 3705 autem
2245 3653 2297 3704 et
2319 3650 2435 3719 ipse
2477 3650 2571 3704 hoc
2597 3665 2853 3718 magnum
2899 3665 3031 3713 esse,
3071 3654 3252 3721 atque
3283 3650 3359 3704 ad
3397 3650 3643 3706 honorem

2033 3741 2327 3810 pertinere.
2362 3740 2656 3793 Philemoni
2677 3741 2821 3793 enim
2867 3739 3109 3795 scribens
3138 3742 3218 3794 ait
3259 3759 3277 3791 :
3308 3739 3489 3809 Quem
3542 3755 3638 3812 ge-

2037 3828 2129 3885 nui
2178 3829 2236 3884 iu
2264 3829 2497 3885 vinculis
2527 3828 2665 3884 meis
2691 3840 2717 3870 θ
2758 3831 2894 3885 .Hoc
2933 3834 3115 3884 autem
3158 3831 3326 3893 dixit,
3370 3846 3437 3884 ne
3461 3833 3511 3885 et
3540 3845 3641 3885 nos

2038 3922 2419 3975 contristemur
2466 3920 2530 3975 ob
2556 3920 2831 3991 pericula,
2882 3920 2980 3975 sed
3020 3922 3206 3990 potius
3268 3920 3464 3974 honori
3488 3920 3639 3974 nobis

2040 4009 2324 4066 ducamus.
2352 4011 2491 4066 Sunt
2517 4014 2699 4064 autem
2719 4011 2904 4064 multa:
2924 4010 3239 4080 huiusmodi
3258 4010 3534 4080 Epistolce,
3563 4010 3639 4063 ad

2037 4101 2294 4170 Ephesios
2331 4101 2610 4168 nimirum,
2665 4104 2717 4154 et
2746 4099 2819 4154 ad
2846 4100 3235 4163 Philemonem,
3267 4105 3319 4154 et
3353 4100 3428 4154 ad
3468 4101 3640 4154 Timo-

2037 4191 2241 4258 theum,
2273 4194 2324 4245 et
2342 4190 2416 4245 ad
2438 4190 2825 4260 Philippenses,
2873 4194 3036 4260 atque
3060 4192 3169 4245 hwc
3190 4193 3310 4261 ipsa
3343 4189 3417 4244 ad
3456 4190 3638 4245 Colos-

330 4278 507 4371 σαεῖς,
564 4274 617 4331 ἐν
647 4271 884 4371 ,δεσμοῖς
943 4268 1368 4371 ὄντρςοὲστάλη.
1420 4265 1635 4371 Ἵξσπερ
1678 4267 1748 4371 ..δὲ
1790 4268 1930 4371 Ῥω·-
1964 4310 2002 4371 Β

2042 4295 2241 4349 senses,
2275 4297 2414 4352 quas
2435 4283 2547 4351 ipse
2567 4283 2624 4335 in
2642 4279 2885 4336 vinculis
2930 4284 3050 4336 suis
3076 4283 3413 4352 conscripsit.
3445 4280 3639 4346 Quem-

335 4359 524 4437 μαίους
597 4359 674 4438 μὴ
752 4358 879 4417 ἰδὼν
964 4359 1055 4418 καὶ
1093 4356 1413 4438 Ἐϐραίους,
1469 4355 1613 4435 ὅμως
1673 4356 1927 4440 ἔγραψεν·

333 4447 495 4518 οὕτως
565 4451 683 4509 οὖδὲ
750 4447 967 4515 τούτους
1012 4446 1137 4505 ἰδὼν
1214 4446 1426 4526 γράφει.
1504 4450 1667 4528 Παρὰ
1726 4448 1931 4516 τούτοις

335 4538 390 4597 δὲ
447 4531 517 4610 ἧν
572 4539 664 4599 καὶ
712 4537 985 4614 Φιλήμων
1039 4535 1131 4595 καὶ
1157 4530 1489 4616 Ἄρχιππος,
1537 4534 1593 4603 ὃς
1648 4538 1740 4595 καὶ
1792 4539 1933 4596 δοκεῖ

338 4627 428 4707 μοί
468 4652 587 4689 τινα
656 4626 990 4698 Ἐκκλησίαν
1045 4624 1452 4705 ἐγκεχειρίσθαι.
1494 4625 1696 4707 Γράφει
1738 4624 1794 4684 δὲ
1842 4627 1930 4685 καὶ

338 4722 737 4780 Κολοσσαεῦσιν
793 4717 881 4777 ἐπὶ
941 4715 1160 4795 τοιαύτῃ
1227 4714 1499 4774 ὑποθέσειο
1580 4716 1826 4796 Πονηρόν
1883 4740 1935 4777 τι

338 4807 511 4887 δόγμα
584 4809 762 4875 αὐτοῖς
828 4804 1250 4865 ἐνεπολιτεύετο⁸
1321 4802 1487 4886 ᾤοντο
1540 4804 1675 4885 γὰρ,
1736 4809 1797 4864 οὗ
1849 4804 1934 4864 διὰ

335 4903 428 4956 τοῦ
455 4900 619 4972 Υἷοῧ,
668 4895 806 4957 ἀλλὰ
862 4898 931 4955 δι’
982 4895 1222 4975 ἀγγέλων
1274 4898 1648 4974 προσαχθῆναι
1686 4899 1763 4975 τῷ
1809 4896 1935 4974 Θεῷ

337 4987 429 5046 καὶ
480 4986 689 5068 Πατρὶ,
750 4986 944 5047 ἄτοπον
1003 4982 1233 5061 οἰόμενοι
1291 4983 1381 5042 τὸν
1462 4984 1587 5044 Υἱὸν
1646 4990 1738 5043 τοῦ
1794 4986 1935 5044 Θεοῦ

340 5077 607 5138 πιστεύειν
683 5080 735 5137 ἐν
796 5075 1045 5157 ἐσχάτοις
1110 5074 1313 5155 καιροῖς
1375 5077 1631 5153 φανῆναι,
1696 5073 1828 5133 ὅπου
1876 5098 1938 5157 γε

338 5169 392 5226 ἐν
578 5169 800 5249 Παλαιᾷ
855 5154 1034 5225 πάντα
1091 5165 1161 5223 δι’
1210 5154 1471 5244 νᾶγγέλων
1522 5164 1783 5242 ἐγένοντο.
1838 5154 1937 5224 Εἷ-

337 5281 434 5337 χον
502 5258 557 5316 δὲ
614 5256 705 5316 καὶ
753 5254 1155 5336 παρατηρήσεις
1208 5254 1409 5322 πολλὰς
1483 5252 1778 5320 Ἰουδαῖκὰς
1847 5254 1940 5314 καὶ

338 5346 701 5425 Ἑλληνικὰς,
777 5346 983 5427 ἡμέρας
1056 5347 1558 5423 παρατηρούμενοι,
1641 5344 1732 5403 καὶ
1811 5368 1935 5403 και-

344 5438 494 5517 ροὺς,
549 5436 641 5495 καὶ
713 5435 1000 5515 βρώματα.
1044 5433 1104 5493 Ἃ
1163 5432 1228 5503 δὴ
1288 5433 1465 5492 πάντα
1521 5434 1741 5511 δεόμενα
1802 5436 1941 5513 διορ-

2041 4371 2336 4425 admodum
2377 4375 2555 4425 autem
2614 4373 2898 4439 Romanis,
2944 4387 3064 4425 cum
3113 4386 3203 4425 eos
3249 4387 3363 4425 non
3411 4370 3638 4425 vidisset

2040 4466 2220 4525 antea,
2243 4465 2293 4514 et
2321 4461 2581 4527 Hebreis,
2609 4462 2833 4531 scripsit
2863 4465 3073 4527 tamen;
3092 4463 3225 4531 pari
3250 4463 3468 4515 ratione
3497 4460 3640 4514 hisee

2039 4555 2199 4605 antea
2221 4548 2389 4622 462
2417 4565 2529 4605 ηοη
2546 4552 2680 4605 visis
2705 4551 2917 4604 litteras
2930 4551 3119 4604 mittit.
3148 4550 3320 4618 Apud
3344 4550 3445 4602 hos
3464 4554 3641 4604 autem

2040 4646 2160 4696 erat
2178 4641 2461 4696 Philemon
2490 4644 2542 4694 et
2563 4641 2895 4710 Archippus,
2919 4640 3071 4708 cujus
3097 4654 3242 4693 cura:
3262 4640 3407 4693 mihi
3425 4639 3641 4693 videtur

2039 4732 2276 4787 Ecclesia
2304 4731 2556 4800 qucedam
2573 4731 2744 4797 fuisse
2767 4732 3075 4784 commissa.
3103 4729 3309 4783 Scribit
3338 4733 3519 4782 autem
3541 4728 3640 4783 Co-

2044 4821 2366 4876 lossensibus
2416 4820 2522 4874 tali
2546 4820 2612 4874 de
2650 4835 2833 4874 causa.
2868 4821 3106 4873 Pravum
3140 4818 3421 4888 quoddam
3451 4822 3502 4873 et
3531 4835 3636 4871 im-

2038 4904 2193 4972 pium
2215 4902 2416 4971 dogma
2431 4917 2513 4955 eos
2537 4902 2840 4955 invaserat.
2864 4899 3307 4955 Arbitrabantur
3325 4901 3489 4966 enim,
3529 4915 3643 4953 non

2039 5007 2142 5062 per
2178 4992 2399 5056 Filium,
2441 4991 2534 5045 sed
2555 5006 2660 5061 per
2696 4990 2922 5059 angelos
2964 5005 3077 5044 sese
3107 4989 3185 5045 ad
3235 4994 3403 5045 Deum
3432 4990 3646 5043 Patrem

2045 5080 2270 5149 adduci,
2295 5081 2599 5135 absurdum
2623 5084 2878 5151 putantes
2906 5079 3137 5148 credere,
3168 5078 3312 5148 quod
3340 5076 3513 5133 Filius
3548 5080 3649 5133 Dei

2046 5172 2107 5225 in
2128 5172 2393 5225 ewtremis
2437 5170 2768 5241 temporibus
2800 5171 3143 5240 apparuerit,
3185 5184 3321 5234 cum,
3352 5169 3413 5222 in
3464 5171 3651 5222 Veteri

2053 5263 2384 5315 Testamento
2402 5276 2503 5330 per
2521 5261 2751 5330 angelos
2774 5261 2957 5314 omnia
2980 5262 3182 5329 ﬁerent.
3220 5258 3508 5313 Habebunt
3542 5274 3649 5312 au—

2051 5356 2156 5406 tem
2185 5351 2582 5404 observationes
2610 5350 2811 5404 multas
2847 5350 3110 5405 Judaicas
3141 5352 3192 5402 et
3234 5348 3479 5413 ercas,
3531 5347 3653 5405 dies

2052 5443 2420 5507 observantes,
2466 5445 2518 5494 et
2568 5444 2839 5510 tempora,
2866 5444 2917 5494 et
2955 5440 3121 5493 cibos.
3168 5440 3296 5506 Qua:
3323 5439 3505 5492 omnia
3531 5453 3651 5492 cum

340 5524 584 5602 θώσεως,
649 5525 859 5597 ἐκίνησε
918 5525 1008 5583 τὸν
1065 5522 1381 5584 Ἀπόστολον
1434 5523 1564 5604 πρὸς
1620 5523 1681 5583 τὸ
1739 5523 1944 5603 γράψαι

2055 5531 2356 5598 indigerent
2388 5531 2735 5592 correctione,
2788 5533 3069 5585 moverunt
3098 5528 3410 5599 apostolum
3433 5531 3497 5581 ut
3522 5529 3655 5583 scri-

339 5613 538 5690 ταύτην
559 5615 658 5688 τὴν
684 5613 1036 5687 Ἐπιστολήν.
1084 5638 1117 5672 ι

417 5789 443 5819 ⁶
463 5785 700 5845 Philam.
732 5791 822 5844 ιο.

2057 5621 2199 5676 beret
2240 5613 2380 5674 hanc
2394 5620 2717 5690 Epistolam.
