  <div class='ocr_page' id='page_1' title='image "/cluster/home/n/w/nwhite01/storage/ocr_20150623/124:no.2/coo.31924054870294/611.png"; bbox 0 0 4104 6470; ppageno 0'>
   <div class='ocr_carea' id='block_1_1' title="bbox 447 495 587 549">
    <p class='ocr_par' dir='ltr' id='par_1_1' title="bbox 447 495 587 549">
     <span class='ocr_line' id='line_1_1' title="bbox 447 495 587 549; baseline 0.007 -1"><span class='ocrx_word' id='word_1_1' title='bbox 447 496 466 548; x_wconf 73' lang='grc'>1</span> <span class='ocrx_word' id='word_1_2' title='bbox 483 495 587 549; x_wconf 81' lang='grc'><strong><em>207</em></strong></span> 
     </span>
    </p>
   </div>
   <div class='ocr_carea' id='block_1_2' title="bbox 1478 485 2472 546">
    <p class='ocr_par' dir='ltr' id='par_1_2' title="bbox 1478 485 2472 546">
     <span class='ocr_line' id='line_1_2' title="bbox 1478 485 2472 546; baseline -0.006 0"><span class='ocrx_word' id='word_1_3' title='bbox 1478 487 1997 546; x_wconf 81' lang='lat' dir='ltr'><strong><em>THEOPHYLACTI</em></strong></span> <span class='ocrx_word' id='word_1_4' title='bbox 2035 485 2393 542; x_wconf 71' lang='lat' dir='ltr'><strong><em>BULGABl/E</em></strong></span> <span class='ocrx_word' id='word_1_5' title='bbox 2430 488 2472 541; x_wconf 84' lang='lat' dir='ltr'><strong>A</strong></span> 
     </span>
    </p>
   </div>
   <div class='ocr_carea' id='block_1_3' title="bbox 3615 484 3755 540">
    <p class='ocr_par' dir='ltr' id='par_1_3' title="bbox 3615 484 3755 540">
     <span class='ocr_line' id='line_1_3' title="bbox 3615 484 3755 540; baseline 0 -1"><span class='ocrx_word' id='word_1_6' title='bbox 3615 484 3755 540; x_wconf 82' lang='grc'><strong><em>1208</em></strong></span> 
     </span>
    </p>
   </div>
   <div class='ocr_carea' id='block_1_4' title="bbox 964 760 3252 884">
    <p class='ocr_par' dir='ltr' id='par_1_4' title="bbox 964 760 3252 884">
     <span class='ocr_line' id='line_1_4' title="bbox 964 760 3252 884; baseline -0.004 0"><span class='ocrx_word' id='word_1_7' title='bbox 964 764 2067 884; x_wconf 86' lang='lat' dir='ltr'><strong><em>THEOPHYLACTI</em></strong></span> <span class='ocrx_word' id='word_1_8' title='bbox 2152 760 3252 878; x_wconf 83' lang='lat' dir='ltr'><strong><em>COMMENTARIUS</em></strong></span> 
     </span>
    </p>
   </div>
   <div class='ocr_carea' id='block_1_5' title="bbox 1396 983 2729 1050">
    <p class='ocr_par' dir='ltr' id='par_1_5' title="bbox 1396 983 2729 1050">
     <span class='ocr_line' id='line_1_5' title="bbox 1396 983 2729 1050; baseline -0.007 0"><span class='ocrx_word' id='word_1_9' title='bbox 1396 988 1475 1050; x_wconf 83' lang='grc' dir='ltr'>ΙΝ</span> <span class='ocrx_word' id='word_1_10' title='bbox 1519 986 1959 1048; x_wconf 87' lang='lat' dir='ltr'><strong><em>EPISTOLAM</em></strong></span> <span class='ocrx_word' id='word_1_11' title='bbox 2009 986 2114 1046; x_wconf 87' lang='lat' dir='ltr'><strong><em>AD</em></strong></span> <span class='ocrx_word' id='word_1_12' title='bbox 2162 983 2729 1046; x_wconf 81' lang='lat' dir='ltr'><strong><em>COLOSSENSES.</em></strong></span> 
     </span>
    </p>
   </div>
   <div class='ocr_carea' id='block_1_6' title="bbox 803 1285 1605 1359">
    <p class='ocr_par' dir='ltr' id='par_1_6' title="bbox 803 1285 1605 1359">
     <span class='ocr_line' id='line_1_6' title="bbox 803 1285 1605 1359; baseline -0.01 -13"><span class='ocrx_word' id='word_1_13' title='bbox 803 1286 973 1359; x_wconf 57' lang='lat'><strong><em>5.63</em></strong></span> <span class='ocrx_word' id='word_1_14' title='bbox 997 1286 1240 1344; x_wconf 81' lang='lat' dir='ltr'><strong><em>CAPUT</em></strong></span> <span class='ocrx_word' id='word_1_15' title='bbox 1278 1285 1605 1341; x_wconf 84' lang='lat' dir='ltr'><strong><em>PRIMUM.</em></strong></span> 
     </span>
    </p>
   </div>
   <div class='ocr_carea' id='block_1_7' title="bbox 536 1391 2055 1464">
    <p class='ocr_par' dir='ltr' id='par_1_7' title="bbox 536 1391 2055 1464">
     <span class='ocr_line' id='line_1_7' title="bbox 536 1391 2055 1464; baseline -0.005 -14"><span class='ocrx_word' id='word_1_16' title='bbox 536 1397 721 1451; x_wconf 70' lang='lat' dir='ltr'><strong><em>Vana.</em></strong></span> <span class='ocrx_word' id='word_1_17' title='bbox 740 1398 790 1450; x_wconf 82' lang='lat' dir='ltr'><strong><em>l.</em></strong></span> <span class='ocrx_word' id='word_1_18' title='bbox 817 1395 1017 1449; x_wconf 87' lang='lat' dir='ltr'><strong><em>Paulus</em></strong></span> <span class='ocrx_word' id='word_1_19' title='bbox 1057 1394 1328 1464; x_wconf 84' lang='lat' dir='ltr'><strong><em>apostolus</em></strong></span> <span class='ocrx_word' id='word_1_20' title='bbox 1353 1394 1478 1447; x_wconf 87' lang='lat' dir='ltr'><strong><em>Jesu</em></strong></span> <span class='ocrx_word' id='word_1_21' title='bbox 1502 1392 1722 1457; x_wconf 77' lang='lat' dir='ltr'><strong><em>Christi,</em></strong></span> <span class='ocrx_word' id='word_1_22' title='bbox 1748 1405 1846 1461; x_wconf 84' lang='lat' dir='ltr'><strong><em>per</em></strong></span> <span class='ocrx_word' id='word_1_23' title='bbox 1871 1391 2055 1444; x_wconf 79' lang='lat' dir='ltr'><strong><em>volun-</em></strong></span> 
     </span>
    </p>
   </div>
   <div class='ocr_carea' id='block_1_8' title="bbox 453 1478 2058 1553">
    <p class='ocr_par' dir='ltr' id='par_1_8' title="bbox 453 1478 2058 1553">
     <span class='ocr_line' id='line_1_8' title="bbox 453 1478 2058 1553; baseline -0.004 -14"><span class='ocrx_word' id='word_1_24' title='bbox 453 1488 619 1539; x_wconf 82' lang='lat' dir='ltr'><strong><em>tatem</em></strong></span> <span class='ocrx_word' id='word_1_25' title='bbox 654 1484 773 1537; x_wconf 86' lang='lat' dir='ltr'><strong><em>Dei.</em></strong></span> <span class='ocrx_word' id='word_1_26' title='bbox 795 1483 993 1537; x_wconf 82' lang='lat' dir='ltr'><strong><em>Statim</em></strong></span> <span class='ocrx_word' id='word_1_27' title='bbox 1021 1483 1078 1536; x_wconf 91' lang='lat' dir='ltr'><strong><em>in</em></strong></span> <span class='ocrx_word' id='word_1_28' title='bbox 1102 1481 1368 1553; x_wconf 89' lang='lat' dir='ltr'><strong><em>principio</em></strong></span> <span class='ocrx_word' id='word_1_29' title='bbox 1389 1479 1609 1535; x_wconf 91' lang='lat' dir='ltr'><strong><em>illorum</em></strong></span> <span class='ocrx_word' id='word_1_30' title='bbox 1635 1478 1891 1551; x_wconf 75' lang='lat' dir='ltr'><strong><em>dogmata</em></strong></span> <span class='ocrx_word' id='word_1_31' title='bbox 1912 1479 2058 1533; x_wconf 89' lang='lat' dir='ltr'><strong><em>clan-</em></strong></span> 
     </span>
    </p>
   </div>
   <div class='ocr_carea' id='block_1_9' title="bbox 452 1565 2053 1643">
    <p class='ocr_par' dir='ltr' id='par_1_9' title="bbox 452 1565 2053 1643">
     <span class='ocr_line' id='line_1_9' title="bbox 452 1565 2053 1643; baseline -0.005 -14"><span class='ocrx_word' id='word_1_32' title='bbox 452 1572 640 1629; x_wconf 86' lang='lat' dir='ltr'><strong><em>culum</em></strong></span> <span class='ocrx_word' id='word_1_33' title='bbox 665 1570 828 1626; x_wconf 89' lang='lat' dir='ltr'><strong><em>tollit.</em></strong></span> <span class='ocrx_word' id='word_1_34' title='bbox 858 1573 983 1628; x_wconf 88' lang='lat' dir='ltr'><strong><em>Non</em></strong></span> <span class='ocrx_word' id='word_1_35' title='bbox 1011 1571 1158 1626; x_wconf 91' lang='lat' dir='ltr'><strong><em>enim</em></strong></span> <span class='ocrx_word' id='word_1_36' title='bbox 1179 1570 1505 1643; x_wconf 82' lang='lat' dir='ltr'><strong><em>angelorum</em></strong></span> <span class='ocrx_word' id='word_1_37' title='bbox 1522 1577 1606 1625; x_wconf 91' lang='lat' dir='ltr'><strong><em>est</em></strong></span> <span class='ocrx_word' id='word_1_38' title='bbox 1633 1568 1933 1640; x_wconf 83' lang='lat' dir='ltr'><strong><em>apostolus,</em></strong></span> <span class='ocrx_word' id='word_1_39' title='bbox 1958 1565 2053 1621; x_wconf 91' lang='lat' dir='ltr'><strong><em>sed</em></strong></span> 
     </span>
    </p>
   </div>
   <div class='ocr_carea' id='block_1_10' title="bbox 465 1655 2056 1730">
    <p class='ocr_par' dir='ltr' id='par_1_10' title="bbox 465 1655 2056 1730">
     <span class='ocr_line' id='line_1_10' title="bbox 465 1655 2056 1730; baseline -0.006 -12"><span class='ocrx_word' id='word_1_40' title='bbox 465 1665 588 1718; x_wconf 83' lang='lat' dir='ltr'><strong><em>Jesu</em></strong></span> <span class='ocrx_word' id='word_1_41' title='bbox 623 1662 828 1718; x_wconf 69' lang='lat' dir='ltr'><strong><em>Christi</em></strong></span> <span class='ocrx_word' id='word_1_42' title='bbox 856 1681 869 1716; x_wconf 89' lang='lat'><strong>:</strong></span> <span class='ocrx_word' id='word_1_43' title='bbox 896 1669 1060 1730; x_wconf 88' lang='lat' dir='ltr'><strong><em>atque</em></strong></span> <span class='ocrx_word' id='word_1_44' title='bbox 1090 1659 1209 1716; x_wconf 63' lang='lat' dir='ltr'><strong><em>hare</em></strong></span> <span class='ocrx_word' id='word_1_45' title='bbox 1249 1667 1332 1716; x_wconf 87' lang='lat' dir='ltr'><strong><em>est</em></strong></span> <span class='ocrx_word' id='word_1_46' title='bbox 1361 1660 1611 1716; x_wconf 84' lang='lat' dir='ltr'><strong><em>voluntas</em></strong></span> <span class='ocrx_word' id='word_1_47' title='bbox 1658 1656 1781 1725; x_wconf 87' lang='lat' dir='ltr'><strong><em>Dei,</em></strong></span> <span class='ocrx_word' id='word_1_48' title='bbox 1813 1664 1873 1713; x_wconf 92' lang='lat' dir='ltr'><strong><em>ut</em></strong></span> <span class='ocrx_word' id='word_1_49' title='bbox 1912 1655 2056 1711; x_wconf 88' lang='lat' dir='ltr'><strong><em>illius</em></strong></span> 
     </span>
    </p>
   </div>
   <div class='ocr_carea' id='block_1_11' title="bbox 463 1744 2058 1821">
    <p class='ocr_par' dir='ltr' id='par_1_11' title="bbox 463 1744 2058 1821">
     <span class='ocr_line' id='line_1_11' title="bbox 463 1744 2058 1821; baseline -0.004 -16"><span class='ocrx_word' id='word_1_50' title='bbox 463 1750 536 1805; x_wconf 85' lang='lat' dir='ltr'><strong><em>sit</em></strong></span> <span class='ocrx_word' id='word_1_51' title='bbox 579 1749 874 1821; x_wconf 83' lang='lat' dir='ltr'><strong><em>apostolus,</em></strong></span> <span class='ocrx_word' id='word_1_52' title='bbox 900 1763 1010 1803; x_wconf 93' lang='lat' dir='ltr'><strong><em>non</em></strong></span> <span class='ocrx_word' id='word_1_53' title='bbox 1039 1748 1387 1820; x_wconf 84' lang='lat' dir='ltr'><strong><em>angelorum.</em></strong></span> <span class='ocrx_word' id='word_1_54' title='bbox 1446 1746 1610 1817; x_wconf 86' lang='lat' dir='ltr'><strong><em>Quod</em></strong></span> <span class='ocrx_word' id='word_1_55' title='bbox 1641 1747 1687 1803; x_wconf 90' lang='lat' dir='ltr'><strong><em>si</em></strong></span> <span class='ocrx_word' id='word_1_56' title='bbox 1726 1750 1828 1802; x_wconf 85' lang='lat' dir='ltr'><strong><em>Per</em></strong></span> <span class='ocrx_word' id='word_1_57' title='bbox 1868 1744 2058 1800; x_wconf 82' lang='lat' dir='ltr'><strong><em>volun-</em></strong></span> 
     </span>
    </p>
   </div>
   <div class='ocr_carea' id='block_1_12' title="bbox 455 1834 2054 1909">
    <p class='ocr_par' dir='ltr' id='par_1_12' title="bbox 455 1834 2054 1909">
     <span class='ocr_line' id='line_1_12' title="bbox 455 1834 2054 1909; baseline -0.002 -17"><span class='ocrx_word' id='word_1_58' title='bbox 455 1844 625 1893; x_wconf 79' lang='lat' dir='ltr'><strong><em>tatem</em></strong></span> <span class='ocrx_word' id='word_1_59' title='bbox 664 1841 765 1895; x_wconf 85' lang='lat' dir='ltr'><strong><em>Dei</em></strong></span> <span class='ocrx_word' id='word_1_60' title='bbox 785 1853 909 1893; x_wconf 87' lang='lat' dir='ltr'><strong><em>sum</em></strong></span> <span class='ocrx_word' id='word_1_61' title='bbox 964 1839 1269 1909; x_wconf 83' lang='lat' dir='ltr'><strong><em>apostolus,</em></strong></span> <span class='ocrx_word' id='word_1_62' title='bbox 1332 1837 1560 1909; x_wconf 89' lang='lat' dir='ltr'><strong><em>planum</em></strong></span> <span class='ocrx_word' id='word_1_63' title='bbox 1612 1844 1695 1892; x_wconf 88' lang='lat' dir='ltr'><strong><em>est</em></strong></span> <span class='ocrx_word' id='word_1_64' title='bbox 1738 1834 1888 1907; x_wconf 90' lang='lat' dir='ltr'><strong><em>quod</em></strong></span> <span class='ocrx_word' id='word_1_65' title='bbox 1928 1849 2054 1890; x_wconf 87' lang='lat' dir='ltr'><strong><em>vera</em></strong></span> 
     </span>
    </p>
   </div>
   <div class='ocr_carea' id='block_1_13' title="bbox 452 1921 2054 1999">
    <p class='ocr_par' dir='ltr' id='par_1_13' title="bbox 452 1921 2054 1999">
     <span class='ocr_line' id='line_1_13' title="bbox 452 1921 2054 1999; baseline -0.003 -16"><span class='ocrx_word' id='word_1_66' title='bbox 452 1926 707 1999; x_wconf 72' lang='lat' dir='ltr'><strong><em>praedico.</em></strong></span> <span class='ocrx_word' id='word_1_67' title='bbox 733 1929 871 1997; x_wconf 69' lang='lat' dir='ltr'><strong><em>Quae</em></strong></span> <span class='ocrx_word' id='word_1_68' title='bbox 889 1935 1075 1983; x_wconf 91' lang='lat' dir='ltr'><strong><em>autem</em></strong></span> <span class='ocrx_word' id='word_1_69' title='bbox 1109 1936 1240 1983; x_wconf 89' lang='lat' dir='ltr'><strong><em>sunt</em></strong></span> <span class='ocrx_word' id='word_1_70' title='bbox 1262 1928 1417 1984; x_wconf 74' lang='lat' dir='ltr'><strong><em>haec?</em></strong></span> <span class='ocrx_word' id='word_1_71' title='bbox 1437 1925 1600 1997; x_wconf 87' lang='lat' dir='ltr'><strong><em>Quod</em></strong></span> <span class='ocrx_word' id='word_1_72' title='bbox 1622 1941 1651 1980; x_wconf 92' lang='lat' dir='ltr'><strong><em>a</em></strong></span> <span class='ocrx_word' id='word_1_73' title='bbox 1672 1925 1811 1979; x_wconf 91' lang='lat' dir='ltr'><strong><em>Filio</em></strong></span> <span class='ocrx_word' id='word_1_74' title='bbox 1832 1921 2054 1979; x_wconf 89' lang='lat' dir='ltr'><strong><em>adducti</em></strong></span> 
     </span>
    </p>
   </div>
   <div class='ocr_carea' id='block_1_14' title="bbox 451 2012 2054 2089">
    <p class='ocr_par' dir='ltr' id='par_1_14' title="bbox 451 2012 2054 2089">
     <span class='ocr_line' id='line_1_14' title="bbox 451 2012 2054 2089; baseline -0.002 -18"><span class='ocrx_word' id='word_1_75' title='bbox 451 2032 640 2072; x_wconf 92' lang='lat' dir='ltr'><strong><em>sumus</em></strong></span> <span class='ocrx_word' id='word_1_76' title='bbox 658 2016 729 2072; x_wconf 91' lang='lat' dir='ltr'><strong><em>ad</em></strong></span> <span class='ocrx_word' id='word_1_77' title='bbox 754 2019 973 2072; x_wconf 84' lang='lat' dir='ltr'><strong><em>Patrem</em></strong></span> <span class='ocrx_word' id='word_1_78' title='bbox 997 2035 1011 2072; x_wconf 89' lang='lat'>:</span> <span class='ocrx_word' id='word_1_79' title='bbox 1044 2017 1192 2089; x_wconf 87' lang='lat' dir='ltr'><strong><em>quod</em></strong></span> <span class='ocrx_word' id='word_1_80' title='bbox 1222 2015 1431 2072; x_wconf 90' lang='lat' dir='ltr'><strong><em>liberati</em></strong></span> <span class='ocrx_word' id='word_1_81' title='bbox 1452 2030 1643 2072; x_wconf 90' lang='lat' dir='ltr'><strong><em>sumus</em></strong></span> <span class='ocrx_word' id='word_1_82' title='bbox 1670 2022 1724 2069; x_wconf 90' lang='lat' dir='ltr'><strong><em>et</em></strong></span> <span class='ocrx_word' id='word_1_83' title='bbox 1747 2029 1775 2068; x_wconf 90' lang='lat' dir='ltr'><strong><em>a</em></strong></span> <span class='ocrx_word' id='word_1_84' title='bbox 1799 2015 1830 2067; x_wconf 87' lang='lat' dir='ltr'><strong>J</strong></span> <span class='ocrx_word' id='word_1_85' title='bbox 1838 2012 1992 2068; x_wconf 90' lang='lat' dir='ltr'><strong><em>udaic</em></strong></span> <span class='ocrx_word' id='word_1_86' title='bbox 2007 2012 2054 2067; x_wconf 90' lang='lat' dir='ltr'><strong><em>is</em></strong></span> 
     </span>
    </p>
   </div>
   <div class='ocr_carea' id='block_1_15' title="bbox 452 2100 2052 2173">
    <p class='ocr_par' dir='ltr' id='par_1_15' title="bbox 452 2100 2052 2173">
     <span class='ocr_line' id='line_1_15' title="bbox 452 2100 2052 2173; baseline -0.001 -13"><span class='ocrx_word' id='word_1_87' title='bbox 452 2114 505 2161; x_wconf 89' lang='lat' dir='ltr'><strong><em>et</em></strong></span> <span class='ocrx_word' id='word_1_88' title='bbox 525 2122 555 2160; x_wconf 91' lang='lat' dir='ltr'><strong><em>a</em></strong></span> <span class='ocrx_word' id='word_1_89' title='bbox 576 2106 787 2162; x_wconf 78' lang='lat' dir='ltr'><strong><em>Graecis</em></strong></span> <span class='ocrx_word' id='word_1_90' title='bbox 815 2106 1309 2162; x_wconf 83' lang='lat' dir='ltr'><strong><em>observationibus.</em></strong></span> <span class='ocrx_word' id='word_1_91' title='bbox 1332 2103 1725 2160; x_wconf 85' lang='lat' dir='ltr'><strong><em>Animadverte</em></strong></span> <span class='ocrx_word' id='word_1_92' title='bbox 1750 2102 1859 2171; x_wconf 91' lang='lat' dir='ltr'><strong><em>hic,</em></strong></span> <span class='ocrx_word' id='word_1_93' title='bbox 1903 2100 2052 2173; x_wconf 88' lang='lat' dir='ltr'><strong><em>quod</em></strong></span> 
     </span>
    </p>
   </div>
   <div class='ocr_carea' id='block_1_16' title="bbox 453 2193 1549 2267">
    <p class='ocr_par' dir='ltr' id='par_1_16' title="bbox 453 2193 1549 2267">
     <span class='ocr_line' id='line_1_16' title="bbox 453 2193 1549 2267; baseline -0.003 -17"><span class='ocrx_word' id='word_1_94' title='bbox 453 2194 900 2267; x_wconf 68' lang='lat' dir='ltr'><strong><em>praepositionem</em></strong></span> <span class='ocrx_word' id='word_1_95' title='bbox 932 2198 1071 2262; x_wconf 89' lang='lat' dir='ltr'><strong><em>(Per)</em></strong></span> <span class='ocrx_word' id='word_1_96' title='bbox 1096 2196 1244 2251; x_wconf 86' lang='lat' dir='ltr'><strong><em>Patri</em></strong></span> <span class='ocrx_word' id='word_1_97' title='bbox 1274 2193 1549 2249; x_wconf 88' lang='lat' dir='ltr'><strong><em>tribuerit.</em></strong></span> 
     </span>
    </p>
   </div>
   <div class='ocr_carea' id='block_1_17' title="bbox 523 2280 2049 2355">
    <p class='ocr_par' dir='ltr' id='par_1_17' title="bbox 523 2280 2049 2355">
     <span class='ocr_line' id='line_1_17' title="bbox 523 2280 2049 2355; baseline -0.001 -16"><span class='ocrx_word' id='word_1_98' title='bbox 523 2286 594 2339; x_wconf 88' lang='lat' dir='ltr'><strong><em>Et</em></strong></span> <span class='ocrx_word' id='word_1_99' title='bbox 626 2284 930 2338; x_wconf 77' lang='lat' dir='ltr'><strong><em>Timotheus</em></strong></span> <span class='ocrx_word' id='word_1_100' title='bbox 957 2286 1158 2351; x_wconf 80' lang='lat' dir='ltr'><strong><em>frater.</em></strong></span> <span class='ocrx_word' id='word_1_101' title='bbox 1188 2282 1358 2355; x_wconf 88' lang='lat' dir='ltr'><strong><em>Igitur</em></strong></span> <span class='ocrx_word' id='word_1_102' title='bbox 1386 2289 1441 2339; x_wconf 88' lang='lat' dir='ltr'><strong><em>et</em></strong></span> <span class='ocrx_word' id='word_1_103' title='bbox 1466 2283 1580 2353; x_wconf 89' lang='lat' dir='ltr'><strong><em>ipse</em></strong></span> <span class='ocrx_word' id='word_1_104' title='bbox 1600 2281 1882 2353; x_wconf 90' lang='lat' dir='ltr'><strong><em>apostolus</em></strong></span> <span class='ocrx_word' id='word_1_105' title='bbox 1925 2280 2049 2338; x_wconf 85' lang='lat' dir='ltr'><strong><em>fuit.</em></strong></span> 
     </span>
    </p>
   </div>
   <div class='ocr_carea' id='block_1_18' title="bbox 452 2371 1946 2443">
    <p class='ocr_par' dir='ltr' id='par_1_18' title="bbox 452 2371 1946 2443">
     <span class='ocr_line' id='line_1_18' title="bbox 452 2371 1946 2443; baseline -0.001 -14"><span class='ocrx_word' id='word_1_106' title='bbox 452 2372 766 2429; x_wconf 88' lang='lat' dir='ltr'><strong><em>Verisimile</em></strong></span> <span class='ocrx_word' id='word_1_107' title='bbox 789 2380 976 2428; x_wconf 88' lang='lat' dir='ltr'><strong><em>autem</em></strong></span> <span class='ocrx_word' id='word_1_108' title='bbox 1002 2380 1120 2429; x_wconf 89' lang='lat' dir='ltr'><strong><em>erat</em></strong></span> <span class='ocrx_word' id='word_1_109' title='bbox 1147 2380 1203 2431; x_wconf 91' lang='lat' dir='ltr'><strong><em>et</em></strong></span> <span class='ocrx_word' id='word_1_110' title='bbox 1250 2372 1398 2429; x_wconf 89' lang='lat' dir='ltr'><strong><em>hunc</em></strong></span> <span class='ocrx_word' id='word_1_111' title='bbox 1429 2371 1558 2443; x_wconf 88' lang='lat' dir='ltr'><strong><em>ipsis</em></strong></span> <span class='ocrx_word' id='word_1_112' title='bbox 1585 2371 1946 2427; x_wconf 83' lang='lat' dir='ltr'><strong><em>innotescere.</em></strong></span> 
     </span>
    </p>
   </div>
   <div class='ocr_carea' id='block_1_19' title="bbox 525 2560 2131 2642">
    <p class='ocr_par' dir='ltr' id='par_1_19' title="bbox 525 2560 2131 2642">
     <span class='ocr_line' id='line_1_19' title="bbox 525 2560 2131 2642; baseline -0.002 -24"><span class='ocrx_word' id='word_1_113' title='bbox 525 2563 699 2618; x_wconf 74' lang='lat' dir='ltr'><strong><em>Vnus.</em></strong></span> <span class='ocrx_word' id='word_1_114' title='bbox 728 2566 779 2616; x_wconf 82' lang='lat'><strong><em>2.</em></strong></span> <span class='ocrx_word' id='word_1_115' title='bbox 812 2564 884 2618; x_wconf 87' lang='lat' dir='ltr'><strong><em>Iis</em></strong></span> <span class='ocrx_word' id='word_1_116' title='bbox 907 2563 1006 2633; x_wconf 84' lang='lat' dir='ltr'><strong><em>qui</em></strong></span> <span class='ocrx_word' id='word_1_117' title='bbox 1028 2566 1153 2618; x_wconf 87' lang='lat' dir='ltr'><strong><em>sunt</em></strong></span> <span class='ocrx_word' id='word_1_118' title='bbox 1175 2560 1403 2616; x_wconf 81' lang='lat' dir='ltr'><strong><em>Colossis</em></strong></span> <span class='ocrx_word' id='word_1_119' title='bbox 1424 2562 1625 2616; x_wconf 78' lang='lat' dir='ltr'><strong><em>sanctis</em></strong></span> <span class='ocrx_word' id='word_1_120' title='bbox 1652 2564 1701 2614; x_wconf 89' lang='lat' dir='ltr'><strong><em>et</em></strong></span> <span class='ocrx_word' id='word_1_121' title='bbox 1723 2560 1973 2630; x_wconf 82' lang='lat' dir='ltr'><strong><em>ﬁdelibus</em></strong></span> <span class='ocrx_word' id='word_1_122' title='bbox 1994 2563 2051 2615; x_wconf 85' lang='lat' dir='ltr'><strong><em>in</em></strong></span> <span class='ocrx_word' id='word_1_123' title='bbox 2084 2581 2131 2642; x_wconf 80' lang='grc' dir='ltr'><strong>Β</strong></span> 
     </span>
    </p>
   </div>
   <div class='ocr_carea' id='block_1_20' title="bbox 453 2650 2052 2725">
    <p class='ocr_par' dir='ltr' id='par_1_20' title="bbox 453 2650 2052 2725">
     <span class='ocr_line' id='line_1_20' title="bbox 453 2650 2052 2725; baseline -0.001 -17"><span class='ocrx_word' id='word_1_124' title='bbox 453 2654 679 2708; x_wconf 85' lang='lat' dir='ltr'><strong><em>Christo.</em></strong></span> <span class='ocrx_word' id='word_1_125' title='bbox 711 2650 961 2725; x_wconf 69' lang='lat' dir='ltr'><strong><em>Phrygiae</em></strong></span> <span class='ocrx_word' id='word_1_126' title='bbox 989 2651 1119 2707; x_wconf 89' lang='lat' dir='ltr'><strong><em>urbs</em></strong></span> <span class='ocrx_word' id='word_1_127' title='bbox 1165 2658 1255 2708; x_wconf 88' lang='lat' dir='ltr'><strong><em>est</em></strong></span> <span class='ocrx_word' id='word_1_128' title='bbox 1291 2651 1551 2718; x_wconf 77' lang='lat' dir='ltr'><strong><em>Colossae,</em></strong></span> <span class='ocrx_word' id='word_1_129' title='bbox 1600 2666 1724 2724; x_wconf 72' lang='lat' dir='ltr'><strong><em>qua:</em></strong></span> <span class='ocrx_word' id='word_1_130' title='bbox 1752 2667 1901 2707; x_wconf 90' lang='lat' dir='ltr'><strong><em>nunc</em></strong></span> <span class='ocrx_word' id='word_1_131' title='bbox 1964 2653 2052 2709; x_wconf 89' lang='lat' dir='ltr'><strong><em>di-</em></strong></span> 
     </span>
    </p>
   </div>
   <div class='ocr_carea' id='block_1_21' title="bbox 453 2740 2053 2815">
    <p class='ocr_par' dir='ltr' id='par_1_21' title="bbox 453 2740 2053 2815">
     <span class='ocr_line' id='line_1_21' title="bbox 453 2740 2053 2815; baseline 0.003 -19"><span class='ocrx_word' id='word_1_132' title='bbox 453 2743 595 2798; x_wconf 88' lang='lat' dir='ltr'><strong><em>citur</em></strong></span> <span class='ocrx_word' id='word_1_133' title='bbox 632 2740 823 2797; x_wconf 85' lang='lat' dir='ltr'><strong><em>Chone</em></strong></span> <span class='ocrx_word' id='word_1_134' title='bbox 870 2759 884 2797; x_wconf 92' lang='lat'><strong>:</strong></span> <span class='ocrx_word' id='word_1_135' title='bbox 934 2740 1085 2813; x_wconf 91' lang='lat' dir='ltr'><strong><em>quod</em></strong></span> <span class='ocrx_word' id='word_1_136' title='bbox 1129 2740 1259 2797; x_wconf 87' lang='lat' dir='ltr'><strong><em>inde</em></strong></span> <span class='ocrx_word' id='word_1_137' title='bbox 1310 2741 1663 2812; x_wconf 87' lang='lat' dir='ltr'><strong><em>perspicuum</em></strong></span> <span class='ocrx_word' id='word_1_138' title='bbox 1722 2750 1827 2809; x_wconf 88' lang='lat' dir='ltr'><strong><em>est,</em></strong></span> <span class='ocrx_word' id='word_1_139' title='bbox 1900 2745 2053 2815; x_wconf 92' lang='lat' dir='ltr'><strong><em>quod</em></strong></span> 
     </span>
    </p>
   </div>
   <div class='ocr_carea' id='block_1_22' title="bbox 452 2829 2054 2889">
    <p class='ocr_par' dir='ltr' id='par_1_22' title="bbox 452 2829 2054 2889">
     <span class='ocr_line' id='line_1_22' title="bbox 452 2829 2054 2889; baseline 0.002 -3"><span class='ocrx_word' id='word_1_140' title='bbox 452 2831 721 2886; x_wconf 88' lang='lat' dir='ltr'><strong><em>Laodicea</em></strong></span> <span class='ocrx_word' id='word_1_141' title='bbox 756 2829 889 2886; x_wconf 87' lang='lat' dir='ltr'><strong><em>huic</em></strong></span> <span class='ocrx_word' id='word_1_142' title='bbox 923 2830 995 2886; x_wconf 88' lang='lat' dir='ltr'><strong><em>sit</em></strong></span> <span class='ocrx_word' id='word_1_143' title='bbox 1048 2830 1243 2886; x_wconf 87' lang='lat' dir='ltr'><strong><em>vicina.</em></strong></span> <span class='ocrx_word' id='word_1_144' title='bbox 1277 2830 1444 2886; x_wconf 91' lang='lat' dir='ltr'><strong><em>Unde</em></strong></span> <span class='ocrx_word' id='word_1_145' title='bbox 1470 2837 1653 2885; x_wconf 86' lang='lat' dir='ltr'><strong><em>autem</em></strong></span> <span class='ocrx_word' id='word_1_146' title='bbox 1706 2833 1877 2888; x_wconf 88' lang='lat' dir='ltr'><strong><em>sancti</em></strong></span> <span class='ocrx_word' id='word_1_147' title='bbox 1931 2833 2054 2889; x_wconf 82' lang='lat' dir='ltr'><strong><em>facti</em></strong></span> 
     </span>
    </p>
   </div>
   <div class='ocr_carea' id='block_1_23' title="bbox 452 2918 2057 2992">
    <p class='ocr_par' dir='ltr' id='par_1_23' title="bbox 452 2918 2057 2992">
     <span class='ocr_line' id='line_1_23' title="bbox 452 2918 2057 2992; baseline 0.002 -17"><span class='ocrx_word' id='word_1_148' title='bbox 452 2920 621 2976; x_wconf 82' lang='lat' dir='ltr'><strong><em>estis?</em></strong></span> <span class='ocrx_word' id='word_1_149' title='bbox 680 2921 875 2976; x_wconf 90' lang='lat' dir='ltr'><strong><em>Nonne</em></strong></span> <span class='ocrx_word' id='word_1_150' title='bbox 933 2935 1029 2991; x_wconf 90' lang='lat' dir='ltr'><strong><em>per</em></strong></span> <span class='ocrx_word' id='word_1_151' title='bbox 1088 2919 1360 2992; x_wconf 88' lang='lat' dir='ltr'><strong><em>baptisma</em></strong></span> <span class='ocrx_word' id='word_1_152' title='bbox 1423 2918 1482 2974; x_wconf 90' lang='lat' dir='ltr'><strong><em>in</em></strong></span> <span class='ocrx_word' id='word_1_153' title='bbox 1520 2928 1760 2976; x_wconf 91' lang='lat' dir='ltr'><strong><em>mortem</em></strong></span> <span class='ocrx_word' id='word_1_154' title='bbox 1811 2922 2057 2979; x_wconf 82' lang='lat' dir='ltr'><strong><em>Christi?</em></strong></span> 
     </span>
    </p>
   </div>
   <div class='ocr_carea' id='block_1_24' title="bbox 453 3006 2056 3079">
    <p class='ocr_par' dir='ltr' id='par_1_24' title="bbox 453 3006 2056 3079">
     <span class='ocr_line' id='line_1_24' title="bbox 453 3006 2056 3079; baseline 0.001 -15"><span class='ocrx_word' id='word_1_155' title='bbox 453 3008 623 3065; x_wconf 89' lang='lat' dir='ltr'><strong><em>Unde</em></strong></span> <span class='ocrx_word' id='word_1_156' title='bbox 671 3006 893 3063; x_wconf 80' lang='lat' dir='ltr'><strong><em>ﬁdeles?</em></strong></span> <span class='ocrx_word' id='word_1_157' title='bbox 938 3010 1135 3064; x_wconf 83' lang='lat' dir='ltr'><strong><em>Nonne</em></strong></span> <span class='ocrx_word' id='word_1_158' title='bbox 1185 3008 1313 3079; x_wconf 91' lang='lat' dir='ltr'><strong><em>quia</em></strong></span> <span class='ocrx_word' id='word_1_159' title='bbox 1343 3006 1397 3061; x_wconf 90' lang='lat' dir='ltr'><strong><em>in</em></strong></span> <span class='ocrx_word' id='word_1_160' title='bbox 1441 3006 1721 3062; x_wconf 87' lang='lat' dir='ltr'><strong><em>Christum</em></strong></span> <span class='ocrx_word' id='word_1_161' title='bbox 1782 3010 2056 3066; x_wconf 77' lang='lat' dir='ltr'><strong><em>creditis?</em></strong></span> 
     </span>
    </p>
   </div>
   <div class='ocr_carea' id='block_1_25' title="bbox 453 3096 2049 3172">
    <p class='ocr_par' dir='ltr' id='par_1_25' title="bbox 453 3096 2049 3172">
     <span class='ocr_line' id='line_1_25' title="bbox 453 3096 2049 3172; baseline 0.001 -19"><span class='ocrx_word' id='word_1_162' title='bbox 453 3113 637 3153; x_wconf 90' lang='lat' dir='ltr'><strong><em>nonne</em></strong></span> <span class='ocrx_word' id='word_1_163' title='bbox 664 3097 792 3171; x_wconf 88' lang='lat' dir='ltr'><strong><em>quia</em></strong></span> <span class='ocrx_word' id='word_1_164' title='bbox 822 3105 970 3154; x_wconf 90' lang='lat' dir='ltr'><strong><em>tanta</em></strong></span> <span class='ocrx_word' id='word_1_165' title='bbox 1001 3105 1130 3153; x_wconf 89' lang='lat' dir='ltr'><strong><em>sunt</em></strong></span> <span class='ocrx_word' id='word_1_166' title='bbox 1168 3096 1326 3151; x_wconf 83' lang='lat' dir='ltr'><strong><em>vobis</em></strong></span> <span class='ocrx_word' id='word_1_167' title='bbox 1350 3112 1380 3150; x_wconf 92' lang='lat' dir='ltr'><strong><em>a</em></strong></span> <span class='ocrx_word' id='word_1_168' title='bbox 1417 3096 1636 3151; x_wconf 87' lang='lat' dir='ltr'><strong><em>Christo</em></strong></span> <span class='ocrx_word' id='word_1_169' title='bbox 1692 3097 1898 3154; x_wconf 88' lang='lat' dir='ltr'><strong><em>credita</em></strong></span> <span class='ocrx_word' id='word_1_170' title='bbox 1930 3115 2049 3172; x_wconf 80' lang='lat' dir='ltr'><strong><em>my-</em></strong></span> 
     </span>
    </p>
   </div>
   <div class='ocr_carea' id='block_1_26' title="bbox 454 3183 2055 3260">
    <p class='ocr_par' dir='ltr' id='par_1_26' title="bbox 454 3183 2055 3260">
     <span class='ocr_line' id='line_1_26' title="bbox 454 3183 2055 3260; baseline 0.002 -17"><span class='ocrx_word' id='word_1_171' title='bbox 454 3188 653 3243; x_wconf 83' lang='lat' dir='ltr'><strong><em>steria?</em></strong></span> <span class='ocrx_word' id='word_1_172' title='bbox 670 3185 882 3243; x_wconf 87' lang='lat' dir='ltr'><strong><em>Fideles</em></strong></span> <span class='ocrx_word' id='word_1_173' title='bbox 903 3186 1052 3242; x_wconf 91' lang='lat' dir='ltr'><strong><em>enim</em></strong></span> <span class='ocrx_word' id='word_1_174' title='bbox 1077 3201 1193 3240; x_wconf 90' lang='lat' dir='ltr'><strong><em>non</em></strong></span> <span class='ocrx_word' id='word_1_175' title='bbox 1221 3183 1344 3239; x_wconf 89' lang='lat' dir='ltr'><strong><em>ideo</em></strong></span> <span class='ocrx_word' id='word_1_176' title='bbox 1375 3191 1592 3239; x_wconf 89' lang='lat' dir='ltr'><strong><em>tantum</em></strong></span> <span class='ocrx_word' id='word_1_177' title='bbox 1614 3202 1898 3254; x_wconf 84' lang='lat' dir='ltr'><strong><em>vocamur,</em></strong></span> <span class='ocrx_word' id='word_1_178' title='bbox 1929 3191 2055 3260; x_wconf 87' lang='lat' dir='ltr'><strong><em>quia</em></strong></span> 
     </span>
    </p>
   </div>
   <div class='ocr_carea' id='block_1_27' title="bbox 454 3272 2051 3346">
    <p class='ocr_par' dir='ltr' id='par_1_27' title="bbox 454 3272 2051 3346">
     <span class='ocr_line' id='line_1_27' title="bbox 454 3272 2051 3346; baseline 0.003 -16"><span class='ocrx_word' id='word_1_179' title='bbox 454 3275 750 3342; x_wconf 87' lang='lat' dir='ltr'><strong><em>credimus,</em></strong></span> <span class='ocrx_word' id='word_1_180' title='bbox 809 3274 904 3331; x_wconf 91' lang='lat' dir='ltr'><strong><em>sed</em></strong></span> <span class='ocrx_word' id='word_1_181' title='bbox 938 3275 1064 3346; x_wconf 88' lang='lat' dir='ltr'><strong><em>quia</em></strong></span> <span class='ocrx_word' id='word_1_182' title='bbox 1110 3273 1369 3345; x_wconf 89' lang='lat' dir='ltr'><strong><em>mysteria</em></strong></span> <span class='ocrx_word' id='word_1_183' title='bbox 1401 3272 1562 3329; x_wconf 86' lang='lat' dir='ltr'><strong><em>nobis</em></strong></span> <span class='ocrx_word' id='word_1_184' title='bbox 1599 3289 1629 3329; x_wconf 90' lang='lat' dir='ltr'><strong><em>a</em></strong></span> <span class='ocrx_word' id='word_1_185' title='bbox 1683 3278 1803 3331; x_wconf 90' lang='lat' dir='ltr'><strong><em>Deo</em></strong></span> <span class='ocrx_word' id='word_1_186' title='bbox 1841 3277 2051 3335; x_wconf 84' lang='lat' dir='ltr'><strong><em>credita</em></strong></span> 
     </span>
    </p>
   </div>
   <div class='ocr_carea' id='block_1_28' title="bbox 452 3363 2054 3437">
    <p class='ocr_par' dir='ltr' id='par_1_28' title="bbox 452 3363 2054 3437">
     <span class='ocr_line' id='line_1_28' title="bbox 452 3363 2054 3437; baseline 0.003 -17"><span class='ocrx_word' id='word_1_187' title='bbox 452 3374 602 3434; x_wconf 86' lang='lat' dir='ltr'><strong><em>sunt,</em></strong></span> <span class='ocrx_word' id='word_1_188' title='bbox 633 3380 760 3437; x_wconf 66' lang='lat' dir='ltr'><strong><em>qua:</em></strong></span> <span class='ocrx_word' id='word_1_189' title='bbox 787 3381 859 3420; x_wconf 88' lang='lat' dir='ltr'><strong><em>ne</em></strong></span> <span class='ocrx_word' id='word_1_190' title='bbox 906 3364 1082 3435; x_wconf 79' lang='lat' dir='ltr'><strong><em>angeli</em></strong></span> <span class='ocrx_word' id='word_1_191' title='bbox 1112 3363 1335 3435; x_wconf 91' lang='lat' dir='ltr'><strong><em>quidem</em></strong></span> <span class='ocrx_word' id='word_1_192' title='bbox 1365 3372 1584 3419; x_wconf 87' lang='lat' dir='ltr'><strong><em>norant.</em></strong></span> <span class='ocrx_word' id='word_1_193' title='bbox 1625 3365 1789 3422; x_wconf 89' lang='lat' dir='ltr'><strong><em>Unde</em></strong></span> <span class='ocrx_word' id='word_1_194' title='bbox 1818 3366 2054 3425; x_wconf 85' lang='lat' dir='ltr'><strong><em>fratres?</em></strong></span> 
     </span>
    </p>
   </div>
   <div class='ocr_carea' id='block_1_29' title="bbox 454 3452 2055 3527">
    <p class='ocr_par' dir='ltr' id='par_1_29' title="bbox 454 3452 2055 3527">
     <span class='ocr_line' id='line_1_29' title="bbox 454 3452 2055 3527; baseline 0.003 -16"><span class='ocrx_word' id='word_1_195' title='bbox 454 3457 607 3511; x_wconf 88' lang='lat' dir='ltr'><strong><em>Num</em></strong></span> <span class='ocrx_word' id='word_1_196' title='bbox 657 3471 753 3527; x_wconf 91' lang='lat' dir='ltr'><strong><em>per</em></strong></span> <span class='ocrx_word' id='word_1_197' title='bbox 804 3454 1022 3526; x_wconf 89' lang='lat' dir='ltr'><strong><em>propria</em></strong></span> <span class='ocrx_word' id='word_1_198' title='bbox 1082 3469 1271 3526; x_wconf 89' lang='lat' dir='ltr'><strong><em>opera,</em></strong></span> <span class='ocrx_word' id='word_1_199' title='bbox 1324 3452 1606 3510; x_wconf 86' lang='lat' dir='ltr'><strong><em>virtutisve</em></strong></span> <span class='ocrx_word' id='word_1_200' title='bbox 1661 3456 2055 3527; x_wconf 77' lang='lat' dir='ltr'><strong><em>operationes?</em></strong></span> 
     </span>
    </p>
   </div>
   <div class='ocr_carea' id='block_1_30' title="bbox 452 3542 2052 3617">
    <p class='ocr_par' dir='ltr' id='par_1_30' title="bbox 452 3542 2052 3617">
     <span class='ocr_line' id='line_1_30' title="bbox 452 3542 2052 3617; baseline 0.004 -18"><span class='ocrx_word' id='word_1_201' title='bbox 452 3543 698 3611; x_wconf 89' lang='lat' dir='ltr'><strong><em>Minime,</em></strong></span> <span class='ocrx_word' id='word_1_202' title='bbox 731 3559 921 3599; x_wconf 88' lang='lat' dir='ltr'><strong><em>verum</em></strong></span> <span class='ocrx_word' id='word_1_203' title='bbox 943 3545 999 3599; x_wconf 92' lang='lat' dir='ltr'><strong><em>in</em></strong></span> <span class='ocrx_word' id='word_1_204' title='bbox 1022 3543 1260 3600; x_wconf 91' lang='lat' dir='ltr'><strong><em>Christo.</em></strong></span> <span class='ocrx_word' id='word_1_205' title='bbox 1286 3542 1457 3617; x_wconf 88' lang='lat' dir='ltr'><strong><em>Ecqui</em></strong></span> <span class='ocrx_word' id='word_1_206' title='bbox 1475 3543 1639 3615; x_wconf 81' lang='lat' dir='ltr'><strong><em>igitur</em></strong></span> <span class='ocrx_word' id='word_1_207' title='bbox 1657 3546 1863 3617; x_wconf 86' lang='lat' dir='ltr'><strong><em>angelis</em></strong></span> <span class='ocrx_word' id='word_1_208' title='bbox 1891 3549 2052 3605; x_wconf 87' lang='lat' dir='ltr'><strong><em>ascri-</em></strong></span> 
     </span>
    </p>
   </div>
   <div class='ocr_carea' id='block_1_31' title="bbox 456 3631 1268 3689">
    <p class='ocr_par' dir='ltr' id='par_1_31' title="bbox 456 3631 1268 3689">
     <span class='ocr_line' id='line_1_31' title="bbox 456 3631 1268 3689; baseline -0.001 -1"><span class='ocrx_word' id='word_1_209' title='bbox 456 3633 586 3689; x_wconf 87' lang='lat' dir='ltr'><strong><em>bitis</em></strong></span> <span class='ocrx_word' id='word_1_210' title='bbox 610 3648 895 3688; x_wconf 89' lang='lat' dir='ltr'><strong><em>accessum</em></strong></span> <span class='ocrx_word' id='word_1_211' title='bbox 926 3631 996 3687; x_wconf 90' lang='lat' dir='ltr'><strong><em>ad</em></strong></span> <span class='ocrx_word' id='word_1_212' title='bbox 1040 3635 1268 3688; x_wconf 84' lang='lat' dir='ltr'><strong><em>Deum?</em></strong></span> 
     </span>
    </p>
   </div>
   <div class='ocr_carea' id='block_1_32' title="bbox 526 3723 2051 3793">
    <p class='ocr_par' dir='ltr' id='par_1_32' title="bbox 526 3723 2051 3793">
     <span class='ocr_line' id='line_1_32' title="bbox 526 3723 2051 3793; baseline 0.002 -12"><span class='ocrx_word' id='word_1_213' title='bbox 526 3724 719 3781; x_wconf 67' lang='lat' dir='ltr'><strong><em>Gratia</em></strong></span> <span class='ocrx_word' id='word_1_214' title='bbox 768 3723 913 3778; x_wconf 83' lang='lat' dir='ltr'><strong><em>vobis</em></strong></span> <span class='ocrx_word' id='word_1_215' title='bbox 932 3727 983 3777; x_wconf 89' lang='lat' dir='ltr'><strong><em>et</em></strong></span> <span class='ocrx_word' id='word_1_216' title='bbox 1010 3739 1129 3793; x_wconf 67' lang='lat' dir='ltr'><strong><em>pax</em></strong></span> <span class='ocrx_word' id='word_1_217' title='bbox 1156 3739 1191 3777; x_wconf 91' lang='lat' dir='ltr'><strong><em>a</em></strong></span> <span class='ocrx_word' id='word_1_218' title='bbox 1238 3725 1342 3777; x_wconf 91' lang='lat' dir='ltr'><strong><em>Deo</em></strong></span> <span class='ocrx_word' id='word_1_219' title='bbox 1382 3727 1549 3780; x_wconf 84' lang='lat' dir='ltr'><strong><em>Patre</em></strong></span> <span class='ocrx_word' id='word_1_220' title='bbox 1600 3728 1798 3781; x_wconf 84' lang='lat' dir='ltr'><strong><em>nostro.</em></strong></span> <span class='ocrx_word' id='word_1_221' title='bbox 1846 3726 2051 3783; x_wconf 90' lang='lat' dir='ltr'><strong><em>Christi</em></strong></span> 
     </span>
    </p>
   </div>
   <div class='ocr_carea' id='block_1_33' title="bbox 451 3811 2051 3885">
    <p class='ocr_par' dir='ltr' id='par_1_33' title="bbox 451 3811 2051 3885">
     <span class='ocr_line' id='line_1_33' title="bbox 451 3811 2051 3885; baseline 0.003 -17"><span class='ocrx_word' id='word_1_222' title='bbox 451 3827 659 3869; x_wconf 89' lang='lat' dir='ltr'><strong><em>nomen</em></strong></span> <span class='ocrx_word' id='word_1_223' title='bbox 686 3811 774 3868; x_wconf 92' lang='lat' dir='ltr'><strong><em>hic</em></strong></span> <span class='ocrx_word' id='word_1_224' title='bbox 802 3829 913 3867; x_wconf 91' lang='lat' dir='ltr'><strong><em>non</em></strong></span> <span class='ocrx_word' id='word_1_225' title='bbox 945 3812 1192 3885; x_wconf 87' lang='lat' dir='ltr'><strong><em>apponit,</em></strong></span> <span class='ocrx_word' id='word_1_226' title='bbox 1227 3813 1356 3868; x_wconf 88' lang='lat' dir='ltr'><strong><em>licet</em></strong></span> <span class='ocrx_word' id='word_1_227' title='bbox 1382 3813 1433 3869; x_wconf 92' lang='lat' dir='ltr'><strong><em>id</em></strong></span> <span class='ocrx_word' id='word_1_228' title='bbox 1456 3814 1503 3869; x_wconf 92' lang='lat' dir='ltr'><strong><em>ei</em></strong></span> <span class='ocrx_word' id='word_1_229' title='bbox 1526 3815 1598 3869; x_wconf 91' lang='lat' dir='ltr'><strong><em>sit</em></strong></span> <span class='ocrx_word' id='word_1_230' title='bbox 1620 3814 1679 3869; x_wconf 91' lang='lat' dir='ltr'><strong><em>in</em></strong></span> <span class='ocrx_word' id='word_1_231' title='bbox 1707 3831 1885 3885; x_wconf 91' lang='lat' dir='ltr'><strong><em>more,</em></strong></span> <span class='ocrx_word' id='word_1_232' title='bbox 1910 3832 1981 3873; x_wconf 88' lang='lat' dir='ltr'><strong><em>ne</em></strong></span> <span class='ocrx_word' id='word_1_233' title='bbox 2004 3817 2051 3873; x_wconf 91' lang='lat' dir='ltr'><strong><em>si</em></strong></span> 
     </span>
    </p>
   </div>
   <div class='ocr_carea' id='block_1_34' title="bbox 452 3901 2047 3976">
    <p class='ocr_par' dir='ltr' id='par_1_34' title="bbox 452 3901 2047 3976">
     <span class='ocr_line' id='line_1_34' title="bbox 452 3901 2047 3976; baseline 0.003 -19"><span class='ocrx_word' id='word_1_234' title='bbox 452 3903 639 3958; x_wconf 88' lang='lat' dir='ltr'><strong><em>statim</em></strong></span> <span class='ocrx_word' id='word_1_235' title='bbox 672 3902 731 3957; x_wconf 91' lang='lat' dir='ltr'><strong><em>in</em></strong></span> <span class='ocrx_word' id='word_1_236' title='bbox 783 3902 1026 3974; x_wconf 76' lang='lat' dir='ltr'><strong><em>epistolae</em></strong></span> <span class='ocrx_word' id='word_1_237' title='bbox 1084 3901 1311 3958; x_wconf 89' lang='lat' dir='ltr'><strong><em>exordio</em></strong></span> <span class='ocrx_word' id='word_1_238' title='bbox 1356 3902 1437 3957; x_wconf 92' lang='lat' dir='ltr'><strong><em>eis</em></strong></span> <span class='ocrx_word' id='word_1_239' title='bbox 1478 3912 1664 3975; x_wconf 87' lang='lat' dir='ltr'><strong><em>aperte</em></strong></span> <span class='ocrx_word' id='word_1_240' title='bbox 1696 3915 1988 3976; x_wconf 79' lang='lat' dir='ltr'><strong><em>repugnet,</em></strong></span> <span class='ocrx_word' id='word_1_241' title='bbox 2018 3923 2047 3961; x_wconf 91' lang='lat' dir='ltr'><strong><em>a</em></strong></span> 
     </span>
    </p>
   </div>
   <div class='ocr_carea' id='block_1_35' title="bbox 451 3991 2049 4064">
    <p class='ocr_par' dir='ltr' id='par_1_35' title="bbox 451 3991 2049 4064">
     <span class='ocr_line' id='line_1_35' title="bbox 451 3991 2049 4064; baseline 0.003 -18"><span class='ocrx_word' id='word_1_242' title='bbox 451 3991 663 4064; x_wconf 90' lang='lat' dir='ltr'><strong><em>reliquo</em></strong></span> <span class='ocrx_word' id='word_1_243' title='bbox 687 4000 1014 4064; x_wconf 87' lang='lat' dir='ltr'><strong><em>argumento</em></strong></span> <span class='ocrx_word' id='word_1_244' title='bbox 1066 3991 1264 4047; x_wconf 89' lang='lat' dir='ltr'><strong><em>harum</em></strong></span> <span class='ocrx_word' id='word_1_245' title='bbox 1319 3991 1627 4047; x_wconf 88' lang='lat' dir='ltr'><strong><em>litterarum</em></strong></span> <span class='ocrx_word' id='word_1_246' title='bbox 1682 4008 1779 4049; x_wconf 88' lang='lat' dir='ltr'><strong><em>eos</em></strong></span> <span class='ocrx_word' id='word_1_247' title='bbox 1833 3995 2049 4052; x_wconf 89' lang='lat' dir='ltr'><strong><em>resilire</em></strong></span> 
     </span>
    </p>
   </div>
   <div class='ocr_carea' id='block_1_36' title="bbox 452 4081 2055 4153">
    <p class='ocr_par' dir='ltr' id='par_1_36' title="bbox 452 4081 2055 4153">
     <span class='ocr_line' id='line_1_36' title="bbox 452 4081 2055 4153; baseline 0.004 -19"><span class='ocrx_word' id='word_1_248' title='bbox 452 4081 635 4137; x_wconf 85' lang='lat' dir='ltr'><strong><em>faciat.</em></strong></span> <span class='ocrx_word' id='word_1_249' title='bbox 665 4081 863 4136; x_wconf 91' lang='lat' dir='ltr'><strong><em>Dicant</em></strong></span> <span class='ocrx_word' id='word_1_250' title='bbox 886 4089 1074 4136; x_wconf 90' lang='lat' dir='ltr'><strong><em>autem</em></strong></span> <span class='ocrx_word' id='word_1_251' title='bbox 1114 4081 1201 4137; x_wconf 90' lang='lat' dir='ltr'><strong><em>hic</em></strong></span> <span class='ocrx_word' id='word_1_252' title='bbox 1222 4082 1314 4153; x_wconf 90' lang='lat' dir='ltr'><strong><em>qui</em></strong></span> <span class='ocrx_word' id='word_1_253' title='bbox 1346 4081 1606 4151; x_wconf 77' lang='lat' dir='ltr'><strong><em>Spiritum</em></strong></span> <span class='ocrx_word' id='word_1_254' title='bbox 1638 4082 1872 4152; x_wconf 88' lang='lat' dir='ltr'><strong><em>elevant,</em></strong></span> <span class='ocrx_word' id='word_1_255' title='bbox 1908 4085 2055 4141; x_wconf 90' lang='lat' dir='ltr'><strong><em>unde</em></strong></span> 
     </span>
    </p>
   </div>
   <div class='ocr_carea' id='block_1_37' title="bbox 452 4168 2052 4242">
    <p class='ocr_par' dir='ltr' id='par_1_37' title="bbox 452 4168 2052 4242">
     <span class='ocr_line' id='line_1_37' title="bbox 452 4168 2052 4242; baseline 0.003 -17"><span class='ocrx_word' id='word_1_256' title='bbox 452 4172 615 4226; x_wconf 88' lang='lat' dir='ltr'><strong><em>Pater</em></strong></span> <span class='ocrx_word' id='word_1_257' title='bbox 638 4179 826 4226; x_wconf 88' lang='lat' dir='ltr'><strong><em>noster</em></strong></span> <span class='ocrx_word' id='word_1_258' title='bbox 863 4173 1013 4226; x_wconf 90' lang='lat' dir='ltr'><strong><em>Deus</em></strong></span> <span class='ocrx_word' id='word_1_259' title='bbox 1049 4168 1301 4226; x_wconf 85' lang='lat' dir='ltr'><strong><em>dicatur?</em></strong></span> <span class='ocrx_word' id='word_1_260' title='bbox 1333 4173 1525 4225; x_wconf 77' lang='lat' dir='ltr'><strong><em>Nonne</em></strong></span> <span class='ocrx_word' id='word_1_261' title='bbox 1556 4186 1654 4241; x_wconf 89' lang='lat' dir='ltr'><strong><em>per</em></strong></span> <span class='ocrx_word' id='word_1_262' title='bbox 1705 4172 1975 4242; x_wconf 87' lang='lat' dir='ltr'><strong><em>Spiritum</em></strong></span> <span class='ocrx_word' id='word_1_263' title='bbox 2023 4174 2052 4229; x_wconf 76' lang='grc' dir='ltr'><strong><em>τ</em></strong></span> 
     </span>
    </p>
   </div>
   <div class='ocr_carea' id='block_1_38' title="bbox 456 4258 2052 4331">
    <p class='ocr_par' dir='ltr' id='par_1_38' title="bbox 456 4258 2052 4331">
     <span class='ocr_line' id='line_1_38' title="bbox 456 4258 2052 4331; baseline 0.003 -17"><span class='ocrx_word' id='word_1_264' title='bbox 456 4262 670 4331; x_wconf 83' lang='lat' dir='ltr'><strong><em>Magna,</em></strong></span> <span class='ocrx_word' id='word_1_265' title='bbox 717 4258 963 4331; x_wconf 88' lang='lat' dir='ltr'><strong><em>adeoque</em></strong></span> <span class='ocrx_word' id='word_1_266' title='bbox 1002 4258 1205 4331; x_wconf 88' lang='lat' dir='ltr'><strong><em>ingenii</em></strong></span> <span class='ocrx_word' id='word_1_267' title='bbox 1259 4259 1431 4315; x_wconf 87' lang='lat' dir='ltr'><strong><em>nostri</em></strong></span> <span class='ocrx_word' id='word_1_268' title='bbox 1462 4269 1680 4331; x_wconf 89' lang='lat' dir='ltr'><strong><em>captum</em></strong></span> <span class='ocrx_word' id='word_1_269' title='bbox 1726 4262 2052 4319; x_wconf 82' lang='lat' dir='ltr'><strong><em>excedentia</em></strong></span> 
     </span>
    </p>
   </div>
   <div class='ocr_carea' id='block_1_39' title="bbox 454 4346 2051 4421">
    <p class='ocr_par' dir='ltr' id='par_1_39' title="bbox 454 4346 2051 4421">
     <span class='ocr_line' id='line_1_39' title="bbox 454 4346 2051 4421; baseline 0.004 -19"><span class='ocrx_word' id='word_1_270' title='bbox 454 4348 580 4420; x_wconf 90' lang='lat' dir='ltr'><strong><em>quis</em></strong></span> <span class='ocrx_word' id='word_1_271' title='bbox 601 4346 859 4404; x_wconf 81' lang='lat' dir='ltr'><strong><em>donavit?</em></strong></span> <span class='ocrx_word' id='word_1_272' title='bbox 886 4350 1081 4403; x_wconf 89' lang='lat' dir='ltr'><strong><em>Nonne</em></strong></span> <span class='ocrx_word' id='word_1_273' title='bbox 1111 4347 1343 4418; x_wconf 87' lang='lat' dir='ltr'><strong><em>Spiritus</em></strong></span> <span class='ocrx_word' id='word_1_274' title='bbox 1363 4350 1385 4403; x_wconf 73' lang='grc' dir='ltr'><strong><em>ε’</em></strong></span> <span class='ocrx_word' id='word_1_275' title='bbox 1408 4347 1708 4417; x_wconf 88' lang='lat' dir='ltr'><strong><em>Quomodo</em></strong></span> <span class='ocrx_word' id='word_1_276' title='bbox 1750 4350 1915 4421; x_wconf 88' lang='lat' dir='ltr'><strong><em>igitur</em></strong></span> <span class='ocrx_word' id='word_1_277' title='bbox 1946 4367 2051 4408; x_wconf 88' lang='lat' dir='ltr'><strong><em>au-</em></strong></span> 
     </span>
    </p>
   </div>
   <div class='ocr_carea' id='block_1_40' title="bbox 453 4436 1254 4508">
    <p class='ocr_par' dir='ltr' id='par_1_40' title="bbox 453 4436 1254 4508">
     <span class='ocr_line' id='line_1_40' title="bbox 453 4436 1254 4508; baseline 0 -16"><span class='ocrx_word' id='word_1_278' title='bbox 453 4436 762 4493; x_wconf 86' lang='lat' dir='ltr'><strong><em>ctoritatem</em></strong></span> <span class='ocrx_word' id='word_1_279' title='bbox 782 4436 899 4508; x_wconf 86' lang='lat' dir='ltr'><strong><em>ejus</em></strong></span> <span class='ocrx_word' id='word_1_280' title='bbox 923 4436 1206 4492; x_wconf 89' lang='lat' dir='ltr'><strong><em>imminuis</em></strong></span> <span class='ocrx_word' id='word_1_281' title='bbox 1230 4440 1254 4492; x_wconf 67' lang='grc' dir='ltr'><strong><em>Ρ</em></strong></span> 
     </span>
    </p>
   </div>
   <div class='ocr_carea' id='block_1_41' title="bbox 522 4528 2055 4596">
    <p class='ocr_par' dir='ltr' id='par_1_41' title="bbox 522 4528 2055 4596">
     <span class='ocr_line' id='line_1_41' title="bbox 522 4528 2055 4596; baseline 0.003 -15"><span class='ocrx_word' id='word_1_282' title='bbox 522 4528 702 4582; x_wconf 73' lang='lat' dir='ltr'><strong><em>Vens.</em></strong></span> <span class='ocrx_word' id='word_1_283' title='bbox 749 4532 801 4581; x_wconf 90' lang='lat'><strong><em>3.</em></strong></span> <span class='ocrx_word' id='word_1_284' title='bbox 854 4528 1074 4584; x_wconf 78' lang='lat' dir='ltr'><strong><em>Gratias</em></strong></span> <span class='ocrx_word' id='word_1_285' title='bbox 1129 4529 1339 4596; x_wconf 81' lang='lat' dir='ltr'><strong><em>agimus</em></strong></span> <span class='ocrx_word' id='word_1_286' title='bbox 1380 4530 1481 4583; x_wconf 90' lang='lat' dir='ltr'><strong><em>Deo</em></strong></span> <span class='ocrx_word' id='word_1_287' title='bbox 1511 4533 1562 4584; x_wconf 87' lang='lat' dir='ltr'><strong><em>et</em></strong></span> <span class='ocrx_word' id='word_1_288' title='bbox 1631 4530 1789 4584; x_wconf 81' lang='lat' dir='ltr'><strong><em>Patri</em></strong></span> <span class='ocrx_word' id='word_1_289' title='bbox 1834 4533 2055 4587; x_wconf 88' lang='lat' dir='ltr'><strong><em>Domini</em></strong></span> 
     </span>
    </p>
   </div>
   <div class='ocr_carea' id='block_1_42' title="bbox 449 4616 2053 4687">
    <p class='ocr_par' dir='ltr' id='par_1_42' title="bbox 449 4616 2053 4687">
     <span class='ocr_line' id='line_1_42' title="bbox 449 4616 2053 4687; baseline 0.004 -16"><span class='ocrx_word' id='word_1_290' title='bbox 449 4619 623 4671; x_wconf 84' lang='lat' dir='ltr'><strong><em>nostri</em></strong></span> <span class='ocrx_word' id='word_1_291' title='bbox 660 4618 785 4671; x_wconf 84' lang='lat' dir='ltr'><strong><em>Jesu</em></strong></span> <span class='ocrx_word' id='word_1_292' title='bbox 814 4616 1040 4680; x_wconf 85' lang='lat' dir='ltr'><strong><em>Christi,</em></strong></span> <span class='ocrx_word' id='word_1_293' title='bbox 1073 4631 1280 4687; x_wconf 84' lang='lat' dir='ltr'><strong><em>semper</em></strong></span> <span class='ocrx_word' id='word_1_294' title='bbox 1304 4633 1407 4687; x_wconf 84' lang='lat' dir='ltr'><strong><em>pro</em></strong></span> <span class='ocrx_word' id='word_1_295' title='bbox 1436 4618 1584 4672; x_wconf 86' lang='lat' dir='ltr'><strong><em>vobis</em></strong></span> <span class='ocrx_word' id='word_1_296' title='bbox 1612 4624 1845 4675; x_wconf 86' lang='lat' dir='ltr'><strong><em>orantes.</em></strong></span> <span class='ocrx_word' id='word_1_297' title='bbox 1879 4622 1910 4674; x_wconf 89' lang='lat' dir='ltr'>J</span> <span class='ocrx_word' id='word_1_298' title='bbox 1916 4634 2053 4677; x_wconf 89' lang='lat' dir='ltr'><strong><em>esus</em></strong></span> 
     </span>
    </p>
   </div>
   <div class='ocr_carea' id='block_1_43' title="bbox 456 4704 2055 4781">
    <p class='ocr_par' dir='ltr' id='par_1_43' title="bbox 456 4704 2055 4781">
     <span class='ocr_line' id='line_1_43' title="bbox 456 4704 2055 4781; baseline 0.003 -20"><span class='ocrx_word' id='word_1_299' title='bbox 456 4704 707 4761; x_wconf 86' lang='lat' dir='ltr'><strong><em>Christus</em></strong></span> <span class='ocrx_word' id='word_1_300' title='bbox 727 4713 809 4760; x_wconf 89' lang='lat' dir='ltr'><strong><em>est</em></strong></span> <span class='ocrx_word' id='word_1_301' title='bbox 848 4706 1122 4762; x_wconf 91' lang='lat' dir='ltr'><strong><em>Dominus</em></strong></span> <span class='ocrx_word' id='word_1_302' title='bbox 1152 4713 1361 4773; x_wconf 87' lang='lat' dir='ltr'><strong><em>noster,</em></strong></span> <span class='ocrx_word' id='word_1_303' title='bbox 1419 4722 1530 4761; x_wconf 91' lang='lat' dir='ltr'><strong><em>non</em></strong></span> <span class='ocrx_word' id='word_1_304' title='bbox 1576 4709 1754 4781; x_wconf 90' lang='lat' dir='ltr'><strong><em>angeli</em></strong></span> <span class='ocrx_word' id='word_1_305' title='bbox 1781 4709 1872 4778; x_wconf 91' lang='lat' dir='ltr'><strong><em>qui</em></strong></span> <span class='ocrx_word' id='word_1_306' title='bbox 1920 4719 2055 4767; x_wconf 93' lang='lat' dir='ltr'><strong><em>sunt</em></strong></span> 
     </span>
    </p>
   </div>
   <div class='ocr_carea' id='block_1_44' title="bbox 452 4795 2049 4868">
    <p class='ocr_par' dir='ltr' id='par_1_44' title="bbox 452 4795 2049 4868">
     <span class='ocr_line' id='line_1_44' title="bbox 452 4795 2049 4868; baseline 0.001 -15"><span class='ocrx_word' id='word_1_307' title='bbox 452 4796 613 4853; x_wconf 86' lang='lat' dir='ltr'><strong><em>servi.</em></strong></span> <span class='ocrx_word' id='word_1_308' title='bbox 645 4798 771 4850; x_wconf 90' lang='lat' dir='ltr'><strong><em>Non</em></strong></span> <span class='ocrx_word' id='word_1_309' title='bbox 802 4795 979 4850; x_wconf 92' lang='lat' dir='ltr'><strong><em>solum</em></strong></span> <span class='ocrx_word' id='word_1_310' title='bbox 1017 4802 1206 4851; x_wconf 90' lang='lat' dir='ltr'><strong><em>autem</em></strong></span> <span class='ocrx_word' id='word_1_311' title='bbox 1254 4810 1350 4867; x_wconf 89' lang='lat' dir='ltr'><strong><em>per</em></strong></span> <span class='ocrx_word' id='word_1_312' title='bbox 1396 4796 1705 4868; x_wconf 87' lang='lat' dir='ltr'><strong><em>gratiarum</em></strong></span> <span class='ocrx_word' id='word_1_313' title='bbox 1751 4798 2049 4865; x_wconf 88' lang='lat' dir='ltr'><strong><em>actionem,</em></strong></span> 
     </span>
    </p>
   </div>
   <div class='ocr_carea' id='block_1_45' title="bbox 454 4881 2053 4958">
    <p class='ocr_par' dir='ltr' id='par_1_45' title="bbox 454 4881 2053 4958">
     <span class='ocr_line' id='line_1_45' title="bbox 454 4881 2053 4958; baseline 0.003 -19"><span class='ocrx_word' id='word_1_314' title='bbox 454 4900 649 4940; x_wconf 87' lang='lat' dir='ltr'><strong><em>verum</em></strong></span> <span class='ocrx_word' id='word_1_315' title='bbox 684 4884 852 4940; x_wconf 88' lang='lat' dir='ltr'><strong><em>etiam</em></strong></span> <span class='ocrx_word' id='word_1_316' title='bbox 901 4899 999 4955; x_wconf 90' lang='lat' dir='ltr'><strong><em>per</em></strong></span> <span class='ocrx_word' id='word_1_317' title='bbox 1046 4881 1325 4940; x_wconf 86' lang='lat' dir='ltr'><strong><em>assiduam</em></strong></span> <span class='ocrx_word' id='word_1_318' title='bbox 1368 4900 1469 4955; x_wconf 87' lang='lat' dir='ltr'><strong><em>pro</em></strong></span> <span class='ocrx_word' id='word_1_319' title='bbox 1514 4886 1645 4957; x_wconf 90' lang='lat' dir='ltr'><strong><em>ipsis</em></strong></span> <span class='ocrx_word' id='word_1_320' title='bbox 1681 4888 2053 4958; x_wconf 89' lang='lat' dir='ltr'><strong><em>precationem</em></strong></span> 
     </span>
    </p>
   </div>
   <div class='ocr_carea' id='block_1_46' title="bbox 452 4972 2054 5049">
    <p class='ocr_par' dir='ltr' id='par_1_46' title="bbox 452 4972 2054 5049">
     <span class='ocr_line' id='line_1_46' title="bbox 452 4972 2054 5049; baseline 0.003 -20"><span class='ocrx_word' id='word_1_321' title='bbox 452 4973 777 5029; x_wconf 88' lang='lat' dir='ltr'><strong><em>charitatem</em></strong></span> <span class='ocrx_word' id='word_1_322' title='bbox 815 4989 975 5029; x_wconf 88' lang='lat' dir='ltr'><strong><em>suam</em></strong></span> <span class='ocrx_word' id='word_1_323' title='bbox 1006 4972 1265 5042; x_wconf 90' lang='lat' dir='ltr'><strong><em>ostendit,</em></strong></span> <span class='ocrx_word' id='word_1_324' title='bbox 1301 4974 1528 5046; x_wconf 60' lang='lat' dir='ltr'><strong><em>:quippe</em></strong></span> <span class='ocrx_word' id='word_1_325' title='bbox 1560 4975 1730 5048; x_wconf 66' lang='grc'><strong><em>464</em></strong></span> <span class='ocrx_word' id='word_1_326' title='bbox 1758 4976 1881 5049; x_wconf 90' lang='lat' dir='ltr'><strong><em>quia</em></strong></span> <span class='ocrx_word' id='word_1_327' title='bbox 1912 4992 2054 5049; x_wconf 88' lang='lat' dir='ltr'><strong><em>quos</em></strong></span> 
     </span>
    </p>
   </div>
   <div class='ocr_carea' id='block_1_47' title="bbox 453 5061 1799 5135">
    <p class='ocr_par' dir='ltr' id='par_1_47' title="bbox 453 5061 1799 5135">
     <span class='ocr_line' id='line_1_47' title="bbox 453 5061 1799 5135; baseline 0.001 -17"><span class='ocrx_word' id='word_1_328' title='bbox 453 5079 563 5119; x_wconf 89' lang='lat' dir='ltr'><strong><em>non</em></strong></span> <span class='ocrx_word' id='word_1_329' title='bbox 589 5062 818 5130; x_wconf 82' lang='lat' dir='ltr'><strong><em>viderat,</em></strong></span> <span class='ocrx_word' id='word_1_330' title='bbox 861 5061 963 5117; x_wconf 90' lang='lat' dir='ltr'><strong><em>hos</em></strong></span> <span class='ocrx_word' id='word_1_331' title='bbox 985 5078 1207 5134; x_wconf 89' lang='lat' dir='ltr'><strong><em>semper</em></strong></span> <span class='ocrx_word' id='word_1_332' title='bbox 1233 5062 1288 5118; x_wconf 92' lang='lat' dir='ltr'><strong><em>in</em></strong></span> <span class='ocrx_word' id='word_1_333' title='bbox 1328 5063 1511 5135; x_wconf 85' lang='lat' dir='ltr'><strong><em>seipse</em></strong></span> <span class='ocrx_word' id='word_1_334' title='bbox 1543 5062 1799 5121; x_wconf 88' lang='lat' dir='ltr'><strong><em>habebat.</em></strong></span> 
     </span>
    </p>
   </div>
   <div class='ocr_carea' id='block_1_48' title="bbox 522 5152 2055 5226">
    <p class='ocr_par' dir='ltr' id='par_1_48' title="bbox 522 5152 2055 5226">
     <span class='ocr_line' id='line_1_48' title="bbox 522 5152 2055 5226; baseline 0.003 -19"><span class='ocrx_word' id='word_1_335' title='bbox 522 5152 702 5208; x_wconf 72' lang='lat' dir='ltr'><strong><em>Vens.</em></strong></span> <span class='ocrx_word' id='word_1_336' title='bbox 757 5159 810 5207; x_wconf 88' lang='lat'><strong><em>4.</em></strong></span> <span class='ocrx_word' id='word_1_337' title='bbox 854 5152 1149 5207; x_wconf 76' lang='lat' dir='ltr'><strong><em>Audientes</em></strong></span> <span class='ocrx_word' id='word_1_338' title='bbox 1199 5153 1361 5222; x_wconf 80' lang='lat' dir='ltr'><strong><em>ﬁdem</em></strong></span> <span class='ocrx_word' id='word_1_339' title='bbox 1401 5158 1657 5217; x_wconf 83' lang='lat' dir='ltr'><strong><em>vestram,</em></strong></span> <span class='ocrx_word' id='word_1_340' title='bbox 1722 5171 1844 5226; x_wconf 66' lang='lat' dir='ltr'><strong><em>qum</em></strong></span> <span class='ocrx_word' id='word_1_341' title='bbox 1890 5159 1968 5210; x_wconf 85' lang='lat' dir='ltr'><strong><em>est</em></strong></span> <span class='ocrx_word' id='word_1_342' title='bbox 1996 5159 2055 5211; x_wconf 85' lang='lat' dir='ltr'><strong><em>in</em></strong></span> 
     </span>
    </p>
   </div>
   <div class='ocr_carea' id='block_1_49' title="bbox 452 5242 2054 5316">
    <p class='ocr_par' dir='ltr' id='par_1_49' title="bbox 452 5242 2054 5316">
     <span class='ocr_line' id='line_1_49' title="bbox 452 5242 2054 5316; baseline 0.002 -18"><span class='ocrx_word' id='word_1_343' title='bbox 452 5242 664 5299; x_wconf 87' lang='lat' dir='ltr'><strong><em>Christo</em></strong></span> <span class='ocrx_word' id='word_1_344' title='bbox 684 5243 830 5297; x_wconf 79' lang='lat' dir='ltr'><strong><em>Iesu.</em></strong></span> <span class='ocrx_word' id='word_1_345' title='bbox 850 5271 919 5283; x_wconf 90' lang='lat'><strong><em>—</em></strong></span> <span class='ocrx_word' id='word_1_346' title='bbox 937 5242 1153 5298; x_wconf 87' lang='lat' dir='ltr'><strong><em>Gratias</em></strong></span> <span class='ocrx_word' id='word_1_347' title='bbox 1167 5245 1399 5311; x_wconf 87' lang='lat' dir='ltr'><strong><em>agimus,</em></strong></span> <span class='ocrx_word' id='word_1_348' title='bbox 1426 5243 1625 5314; x_wconf 89' lang='lat' dir='ltr'><strong><em>inquit,</em></strong></span> <span class='ocrx_word' id='word_1_349' title='bbox 1649 5260 1713 5300; x_wconf 90' lang='lat' dir='ltr'><strong><em>eo</em></strong></span> <span class='ocrx_word' id='word_1_350' title='bbox 1735 5244 1883 5316; x_wconf 90' lang='lat' dir='ltr'><strong><em>quod</em></strong></span> <span class='ocrx_word' id='word_1_351' title='bbox 1901 5246 2054 5301; x_wconf 87' lang='lat' dir='ltr'><strong><em>audi-</em></strong></span> 
     </span>
    </p>
   </div>
   <div class='ocr_carea' id='block_1_50' title="bbox 451 5332 2049 5410">
    <p class='ocr_par' dir='ltr' id='par_1_50' title="bbox 451 5332 2049 5410">
     <span class='ocr_line' id='line_1_50' title="bbox 451 5332 2049 5410; baseline 0.004 -22"><span class='ocrx_word' id='word_1_352' title='bbox 451 5334 691 5389; x_wconf 84' lang='lat' dir='ltr'><strong><em>verimus</em></strong></span> <span class='ocrx_word' id='word_1_353' title='bbox 704 5332 774 5388; x_wconf 92' lang='lat' dir='ltr'><strong><em>ab</em></strong></span> <span class='ocrx_word' id='word_1_354' title='bbox 789 5333 1157 5405; x_wconf 88' lang='lat' dir='ltr'><strong><em>Epaphrodito</em></strong></span> <span class='ocrx_word' id='word_1_355' title='bbox 1166 5334 1328 5400; x_wconf 76' lang='lat' dir='ltr'><strong><em>[idem</em></strong></span> <span class='ocrx_word' id='word_1_356' title='bbox 1342 5340 1595 5401; x_wconf 83' lang='lat' dir='ltr'><strong><em>vestram,</em></strong></span> <span class='ocrx_word' id='word_1_357' title='bbox 1610 5353 1723 5393; x_wconf 93' lang='lat' dir='ltr'><strong><em>non</em></strong></span> <span class='ocrx_word' id='word_1_358' title='bbox 1742 5353 1863 5394; x_wconf 86' lang='lat' dir='ltr'><strong><em>eam</em></strong></span> <span class='ocrx_word' id='word_1_359' title='bbox 1882 5355 2049 5410; x_wconf 90' lang='lat' dir='ltr'><strong><em>quam</em></strong></span> 
     </span>
    </p>
   </div>
   <div class='ocr_carea' id='block_1_51' title="bbox 453 5421 2050 5497">
    <p class='ocr_par' dir='ltr' id='par_1_51' title="bbox 453 5421 2050 5497">
     <span class='ocr_line' id='line_1_51' title="bbox 453 5421 2050 5497; baseline 0.004 -18"><span class='ocrx_word' id='word_1_360' title='bbox 453 5422 507 5479; x_wconf 90' lang='lat' dir='ltr'><strong><em>in</em></strong></span> <span class='ocrx_word' id='word_1_361' title='bbox 529 5422 773 5497; x_wconf 84' lang='lat' dir='ltr'><strong><em>angelos,</em></strong></span> <span class='ocrx_word' id='word_1_362' title='bbox 796 5421 894 5479; x_wconf 89' lang='lat' dir='ltr'><strong><em>sed</em></strong></span> <span class='ocrx_word' id='word_1_363' title='bbox 913 5439 1079 5496; x_wconf 90' lang='lat' dir='ltr'><strong><em>quam</em></strong></span> <span class='ocrx_word' id='word_1_364' title='bbox 1103 5422 1158 5479; x_wconf 91' lang='lat' dir='ltr'><strong><em>in</em></strong></span> <span class='ocrx_word' id='word_1_365' title='bbox 1184 5427 1469 5481; x_wconf 87' lang='lat' dir='ltr'><strong><em>Dominum</em></strong></span> <span class='ocrx_word' id='word_1_366' title='bbox 1487 5428 1666 5482; x_wconf 85' lang='lat' dir='ltr'><strong><em>Jesum</em></strong></span> <span class='ocrx_word' id='word_1_367' title='bbox 1686 5425 1922 5484; x_wconf 88' lang='lat' dir='ltr'><strong><em>habetis.</em></strong></span> <span class='ocrx_word' id='word_1_368' title='bbox 1943 5430 2050 5485; x_wconf 89' lang='lat' dir='ltr'><strong><em>Per</em></strong></span> 
     </span>
    </p>
   </div>
   <div class='ocr_carea' id='block_1_52' title="bbox 2069 1287 2125 1350">
    <p class='ocr_par' dir='ltr' id='par_1_52' title="bbox 2069 1287 2125 1350">
     <span class='ocr_line' id='line_1_52' title="bbox 2069 1287 2125 1350; baseline 0 0"><span class='ocrx_word' id='word_1_369' title='bbox 2069 1287 2125 1350; x_wconf 82' lang='lat' dir='ltr'><strong>A</strong></span> 
     </span>
    </p>
   </div>
   <div class='ocr_carea' id='block_1_53' title="bbox 2556 1276 3396 1341">
    <p class='ocr_par' dir='ltr' id='par_1_53' title="bbox 2556 1276 3396 1341">
     <span class='ocr_line' id='line_1_53' title="bbox 2556 1276 3396 1341; baseline -0.006 1"><span class='ocrx_word' id='word_1_370' title='bbox 2556 1282 2602 1341; x_wconf 85' lang='lat' dir='ltr'><strong>K</strong></span> <span class='ocrx_word' id='word_1_371' title='bbox 2615 1278 3012 1341; x_wconf 76' lang='grc' dir='ltr'><strong><em>ΕΦΑΛᾹΙΟΝ</em></strong></span> <span class='ocrx_word' id='word_1_372' title='bbox 3060 1276 3396 1337; x_wconf 84' lang='grc' dir='ltr'><strong><em>ΠΡΩΤΟΝ.</em></strong></span> 
     </span>
    </p>
   </div>
   <div class='ocr_carea' id='block_1_54' title="bbox 2252 1380 3761 1464">
    <p class='ocr_par' dir='ltr' id='par_1_54' title="bbox 2252 1380 3761 1464">
     <span class='ocr_line' id='line_1_54' title="bbox 2252 1380 3761 1464; baseline -0.008 -14"><span class='ocrx_word' id='word_1_373' title='bbox 2252 1413 2281 1443; x_wconf 75' lang='grc' dir='ltr'><strong><em>α</em></strong></span> <span class='ocrx_word' id='word_1_374' title='bbox 2318 1390 2529 1457; x_wconf 85' lang='grc' dir='ltr'>Παῦλος</span> <span class='ocrx_word' id='word_1_375' title='bbox 2588 1388 2874 1454; x_wconf 81' lang='grc' dir='ltr'><strong><em>ἀπόστολος</em></strong></span> <span class='ocrx_word' id='word_1_376' title='bbox 2919 1384 3100 1456; x_wconf 89' lang='grc' dir='ltr'>Ἰησοῦ</span> <span class='ocrx_word' id='word_1_377' title='bbox 3129 1386 3405 1464; x_wconf 80' lang='grc' dir='ltr'><strong><em>Χριστοῦ,</em></strong></span> <span class='ocrx_word' id='word_1_378' title='bbox 3460 1380 3550 1441; x_wconf 77' lang='grc' dir='ltr'><strong><em>διὰ</em></strong></span> <span class='ocrx_word' id='word_1_379' title='bbox 3596 1381 3761 1453; x_wconf 81' lang='grc' dir='ltr'>θελή-</span> 
     </span>
    </p>
   </div>
   <div class='ocr_carea' id='block_1_55' title="bbox 2164 1470 3765 1557">
    <p class='ocr_par' dir='ltr' id='par_1_55' title="bbox 2164 1470 3765 1557">
     <span class='ocr_line' id='line_1_55' title="bbox 2164 1470 3765 1557; baseline -0.006 -20"><span class='ocrx_word' id='word_1_380' title='bbox 2164 1502 2331 1557; x_wconf 83' lang='grc' dir='ltr'><strong>ματος</strong></span> <span class='ocrx_word' id='word_1_381' title='bbox 2389 1480 2549 1539; x_wconf 89' lang='grc' dir='ltr'>Θεοῦ.</span> <span class='ocrx_word' id='word_1_382' title='bbox 2584 1500 2612 1535; x_wconf 78' lang='grc' dir='ltr'>ι)</span> <span class='ocrx_word' id='word_1_383' title='bbox 2661 1474 2827 1543; x_wconf 78' lang='grc' dir='ltr'>Εὐθὺς</span> <span class='ocrx_word' id='word_1_384' title='bbox 2880 1478 2934 1534; x_wconf 83' lang='grc' dir='ltr'>ἐν</span> <span class='ocrx_word' id='word_1_385' title='bbox 2983 1477 3122 1553; x_wconf 80' lang='grc' dir='ltr'>ἀρχῇ</span> <span class='ocrx_word' id='word_1_386' title='bbox 3175 1475 3423 1551; x_wconf 84' lang='grc' dir='ltr'>καθαιρεῖ</span> <span class='ocrx_word' id='word_1_387' title='bbox 3465 1470 3765 1541; x_wconf 81' lang='grc' dir='ltr'><strong><em>λεληθότως</em></strong></span> 
     </span>
    </p>
   </div>
   <div class='ocr_carea' id='block_1_56' title="bbox 2163 1560 3761 1647">
    <p class='ocr_par' dir='ltr' id='par_1_56' title="bbox 2163 1560 3761 1647">
     <span class='ocr_line' id='line_1_56' title="bbox 2163 1560 3761 1647; baseline -0.004 -20"><span class='ocrx_word' id='word_1_388' title='bbox 2163 1568 2231 1628; x_wconf 81' lang='grc' dir='ltr'><strong><em>τὰ</em></strong></span> <span class='ocrx_word' id='word_1_389' title='bbox 2257 1569 2500 1647; x_wconf 82' lang='grc' dir='ltr'><strong><em>δόγματα</em></strong></span> <span class='ocrx_word' id='word_1_390' title='bbox 2530 1568 2582 1606; x_wconf 80' lang='grc'><strong><em>⁵⁸</em></strong></span> <span class='ocrx_word' id='word_1_391' title='bbox 2619 1569 2813 1627; x_wconf 81' lang='grc' dir='ltr'>αὐτῶν.</span> <span class='ocrx_word' id='word_1_392' title='bbox 2866 1568 2949 1626; x_wconf 83' lang='grc' dir='ltr'>Οὐ</span> <span class='ocrx_word' id='word_1_393' title='bbox 2991 1563 3094 1643; x_wconf 84' lang='grc' dir='ltr'><strong><em>γὰρ</em></strong></span> <span class='ocrx_word' id='word_1_394' title='bbox 3142 1563 3385 1642; x_wconf 84' lang='grc' dir='ltr'>ἀγγέλων</span> <span class='ocrx_word' id='word_1_395' title='bbox 3433 1560 3761 1631; x_wconf 79' lang='grc' dir='ltr'>ἀπόστολος,</span> 
     </span>
    </p>
   </div>
   <div class='ocr_carea' id='block_1_57' title="bbox 2164 1650 3766 1738">
    <p class='ocr_par' dir='ltr' id='par_1_57' title="bbox 2164 1650 3766 1738">
     <span class='ocr_line' id='line_1_57' title="bbox 2164 1650 3766 1738; baseline -0.004 -22"><span class='ocrx_word' id='word_1_396' title='bbox 2164 1657 2283 1717; x_wconf 83' lang='grc' dir='ltr'>ἀλλ’</span> <span class='ocrx_word' id='word_1_397' title='bbox 2323 1658 2549 1738; x_wconf 72' lang='grc' dir='ltr'>«Ἰησοῦ</span> <span class='ocrx_word' id='word_1_398' title='bbox 2587 1660 2840 1738; x_wconf 85' lang='grc' dir='ltr'>Χριστοῦ·</span> <span class='ocrx_word' id='word_1_399' title='bbox 2872 1681 2898 1707; x_wconf 76' lang='grc' dir='ltr'><strong><em>ιι</em></strong></span> <span class='ocrx_word' id='word_1_400' title='bbox 2935 1653 3027 1714; x_wconf 84' lang='grc' dir='ltr'><strong><em>καὶ</em></strong></span> <span class='ocrx_word' id='word_1_401' title='bbox 3056 1657 3210 1713; x_wconf 91' lang='grc' dir='ltr'>τοῦτο</span> <span class='ocrx_word' id='word_1_402' title='bbox 3252 1650 3460 1728; x_wconf 80' lang='grc' dir='ltr'>θέλημα</span> <span class='ocrx_word' id='word_1_403' title='bbox 3502 1651 3669 1738; x_wconf 70' lang='grc' dir='ltr'>Θεοῦ,</span> <span class='ocrx_word' id='word_1_404' title='bbox 3704 1650 3766 1709; x_wconf 79' lang='grc' dir='ltr'>τὸ</span> 
     </span>
    </p>
   </div>
   <div class='ocr_carea' id='block_1_58' title="bbox 2164 1730 3764 1822">
    <p class='ocr_par' dir='ltr' id='par_1_58' title="bbox 2164 1730 3764 1822">
     <span class='ocr_line' id='line_1_58' title="bbox 2164 1730 3764 1822; baseline -0.006 -16"><span class='ocrx_word' id='word_1_405' title='bbox 2164 1747 2360 1807; x_wconf 82' lang='grc' dir='ltr'>ἐκείνου</span> <span class='ocrx_word' id='word_1_406' title='bbox 2407 1737 2557 1805; x_wconf 73' lang='grc' dir='ltr'>εἶναι’</span> <span class='ocrx_word' id='word_1_407' title='bbox 2572 1746 2892 1817; x_wconf 87' lang='grc' dir='ltr'>ἀπόστολον,</span> <span class='ocrx_word' id='word_1_408' title='bbox 2944 1744 3060 1822; x_wconf 77' lang='grc' dir='ltr'>οὐχὶ</span> <span class='ocrx_word' id='word_1_409' title='bbox 3092 1740 3352 1819; x_wconf 85' lang='grc' dir='ltr'>ἀγγέλων.</span> <span class='ocrx_word' id='word_1_410' title='bbox 3400 1730 3580 1802; x_wconf 75' lang='grc' dir='ltr'>Εἷοῦν</span> <span class='ocrx_word' id='word_1_411' title='bbox 3615 1764 3644 1794; x_wconf 79' lang='grc' dir='ltr'>ι</span> <span class='ocrx_word' id='word_1_412' title='bbox 3674 1740 3764 1797; x_wconf 80' lang='grc' dir='ltr'><strong><em>διὰ</em></strong></span> 
     </span>
    </p>
   </div>
   <div class='ocr_carea' id='block_1_59' title="bbox 2163 1829 3765 1912">
    <p class='ocr_par' dir='ltr' id='par_1_59' title="bbox 2163 1829 3765 1912">
     <span class='ocr_line' id='line_1_59' title="bbox 2163 1829 3765 1912; baseline -0.006 -17"><span class='ocrx_word' id='word_1_413' title='bbox 2163 1837 2457 1908; x_wconf 85' lang='grc' dir='ltr'>θελήματος</span> <span class='ocrx_word' id='word_1_414' title='bbox 2484 1839 2628 1897; x_wconf 84' lang='grc' dir='ltr'>Θεοῦ</span> <span class='ocrx_word' id='word_1_415' title='bbox 2662 1858 2690 1893; x_wconf 69' lang='grc' dir='ltr'>ιι</span> <span class='ocrx_word' id='word_1_416' title='bbox 2732 1837 2843 1912; x_wconf 73' lang='grc' dir='ltr'>εἶμι</span> <span class='ocrx_word' id='word_1_417' title='bbox 2866 1833 3163 1898; x_wconf 81' lang='grc' dir='ltr'>ἀπόστολος</span> <span class='ocrx_word' id='word_1_418' title='bbox 3183 1877 3198 1905; x_wconf 90' lang='grc'><strong><em>,</em></strong></span> <span class='ocrx_word' id='word_1_419' title='bbox 3229 1829 3448 1903; x_wconf 82' lang='grc' dir='ltr'>εὔδηλον</span> <span class='ocrx_word' id='word_1_420' title='bbox 3481 1833 3553 1896; x_wconf 83' lang='grc' dir='ltr'>ὡς</span> <span class='ocrx_word' id='word_1_421' title='bbox 3587 1831 3765 1901; x_wconf 79' lang='grc' dir='ltr'>ἄληθῆ</span> 
     </span>
    </p>
   </div>
   <div class='ocr_carea' id='block_1_60' title="bbox 2165 1918 3764 2006">
    <p class='ocr_par' dir='ltr' id='par_1_60' title="bbox 2165 1918 3764 2006">
     <span class='ocr_line' id='line_1_60' title="bbox 2165 1918 3764 2006; baseline -0.007 -20"><span class='ocrx_word' id='word_1_422' title='bbox 2165 1926 2433 2006; x_wconf 83' lang='grc' dir='ltr'>κηρύττω.</span> <span class='ocrx_word' id='word_1_423' title='bbox 2483 1926 2621 1988; x_wconf 83' lang='grc' dir='ltr'>Τίνα</span> <span class='ocrx_word' id='word_1_424' title='bbox 2676 1923 2731 1984; x_wconf 82' lang='grc' dir='ltr'>δέ</span> <span class='ocrx_word' id='word_1_425' title='bbox 2799 1926 2899 1984; x_wconf 84' lang='grc' dir='ltr'>εἶσι</span> <span class='ocrx_word' id='word_1_426' title='bbox 2952 1926 3120 1981; x_wconf 90' lang='grc' dir='ltr'>ταῦτα</span> <span class='ocrx_word' id='word_1_427' title='bbox 3136 1945 3153 1996; x_wconf 82' lang='lat'><strong>;</strong></span> <span class='ocrx_word' id='word_1_428' title='bbox 3198 1918 3329 1981; x_wconf 72' lang='grc' dir='ltr'>⁶οτι</span> <span class='ocrx_word' id='word_1_429' title='bbox 3377 1919 3480 1979; x_wconf 81' lang='grc' dir='ltr'><strong><em>ὑπὸ</em></strong></span> <span class='ocrx_word' id='word_1_430' title='bbox 3507 1923 3601 1978; x_wconf 90' lang='grc' dir='ltr'><strong><em>τοῦ</em></strong></span> <span class='ocrx_word' id='word_1_431' title='bbox 3628 1920 3764 1978; x_wconf 80' lang='grc' dir='ltr'>Υἱοῦ</span> 
     </span>
    </p>
   </div>
   <div class='ocr_carea' id='block_1_61' title="bbox 2163 2008 3765 2096">
    <p class='ocr_par' dir='ltr' id='par_1_61' title="bbox 2163 2008 3765 2096">
     <span class='ocr_line' id='line_1_61' title="bbox 2163 2008 3765 2096; baseline -0.005 -22"><span class='ocrx_word' id='word_1_432' title='bbox 2163 2016 2577 2095; x_wconf 80' lang='grc' dir='ltr'>προσήχθημεν·</span> <span class='ocrx_word' id='word_1_433' title='bbox 2628 2013 2707 2074; x_wconf 76' lang='grc' dir='ltr'><strong><em>ὅτι</em></strong></span> <span class='ocrx_word' id='word_1_434' title='bbox 2759 2013 3086 2096; x_wconf 75' lang='grc' dir='ltr'>ἕῤῥύσθημεν</span> <span class='ocrx_word' id='word_1_435' title='bbox 3150 2012 3255 2068; x_wconf 90' lang='grc' dir='ltr'><strong><em>τῶν</em></strong></span> <span class='ocrx_word' id='word_1_436' title='bbox 3301 2008 3613 2070; x_wconf 80' lang='grc' dir='ltr'>Ἰουδαϊκῶν</span> <span class='ocrx_word' id='word_1_437' title='bbox 3670 2009 3765 2066; x_wconf 82' lang='grc' dir='ltr'>καὶ</span> 
     </span>
    </p>
   </div>
   <div class='ocr_carea' id='block_1_62' title="bbox 2160 2097 3763 2184">
    <p class='ocr_par' dir='ltr' id='par_1_62' title="bbox 2160 2097 3763 2184">
     <span class='ocr_line' id='line_1_62' title="bbox 2160 2097 3763 2184; baseline -0.011 -17"><span class='ocrx_word' id='word_1_438' title='bbox 2160 2105 2493 2178; x_wconf 80' lang='grc' dir='ltr'>Ἑλληνικῶν</span> <span class='ocrx_word' id='word_1_439' title='bbox 2515 2104 2961 2184; x_wconf 87' lang='grc' dir='ltr'>παρατηρήσεων.</span> <span class='ocrx_word' id='word_1_440' title='bbox 2993 2099 3309 2178; x_wconf 82' lang='grc' dir='ltr'>Σημείωσαι</span> <span class='ocrx_word' id='word_1_441' title='bbox 3340 2097 3492 2175; x_wconf 81' lang='grc' dir='ltr'>δὲτὸ,</span> <span class='ocrx_word' id='word_1_442' title='bbox 3523 2126 3545 2151; x_wconf 80' lang='grc' dir='ltr'>ι</span> <span class='ocrx_word' id='word_1_443' title='bbox 3577 2098 3707 2170; x_wconf 80' lang='grc' dir='ltr'>Διὰ,</span> <span class='ocrx_word' id='word_1_444' title='bbox 3740 2126 3763 2150; x_wconf 71' lang='grc' dir='ltr'><strong><em>ι</em></strong></span> 
     </span>
    </p>
   </div>
   <div class='ocr_carea' id='block_1_63' title="bbox 2160 2193 2793 2276">
    <p class='ocr_par' dir='ltr' id='par_1_63' title="bbox 2160 2193 2793 2276">
     <span class='ocr_line' id='line_1_63' title="bbox 2160 2193 2793 2276; baseline -0.005 -21"><span class='ocrx_word' id='word_1_445' title='bbox 2160 2195 2247 2255; x_wconf 72' lang='grc' dir='ltr'><strong><em>ἐπὶ</em></strong></span> <span class='ocrx_word' id='word_1_446' title='bbox 2280 2193 2491 2276; x_wconf 82' lang='grc' dir='ltr'>Πατρὸς</span> <span class='ocrx_word' id='word_1_447' title='bbox 2530 2194 2793 2272; x_wconf 86' lang='grc' dir='ltr'>κείμενον.</span> 
     </span>
    </p>
   </div>
   <div class='ocr_carea' id='block_1_64' title="bbox 2247 2267 3767 2364">
    <p class='ocr_par' dir='ltr' id='par_1_64' title="bbox 2247 2267 3767 2364">
     <span class='ocr_line' id='line_1_64' title="bbox 2247 2267 3767 2364; baseline -0.007 -18"><span class='ocrx_word' id='word_1_448' title='bbox 2247 2313 2272 2337; x_wconf 73' lang='grc' dir='ltr'><strong><em>α</em></strong></span> <span class='ocrx_word' id='word_1_449' title='bbox 2305 2267 2418 2346; x_wconf 58' lang='grc' dir='ltr'><strong><em>Καί</em></strong></span> <span class='ocrx_word' id='word_1_450' title='bbox 2456 2267 2715 2361; x_wconf 84' lang='grc' dir='ltr'>Τιμόθεος</span> <span class='ocrx_word' id='word_1_451' title='bbox 2770 2286 2798 2342; x_wconf 80' lang='grc' dir='ltr'>ὁ</span> <span class='ocrx_word' id='word_1_452' title='bbox 2838 2281 3076 2364; x_wconf 79' lang='grc' dir='ltr'>ἀδελφός.</span> <span class='ocrx_word' id='word_1_453' title='bbox 3126 2306 3150 2333; x_wconf 77' lang='grc' dir='ltr'><strong><em>ιι</em></strong></span> <span class='ocrx_word' id='word_1_454' title='bbox 3182 2278 3315 2360; x_wconf 82' lang='grc' dir='ltr'><strong><em>ΙἈρα</em></strong></span> <span class='ocrx_word' id='word_1_455' title='bbox 3369 2267 3461 2338; x_wconf 68' lang='grc' dir='ltr'><strong><em>οῦν</em></strong></span> <span class='ocrx_word' id='word_1_456' title='bbox 3488 2278 3579 2338; x_wconf 74' lang='grc' dir='ltr'><strong><em>καὶ</em></strong></span> <span class='ocrx_word' id='word_1_457' title='bbox 3608 2277 3767 2345; x_wconf 77' lang='grc' dir='ltr'>αὐτὸς</span> 
     </span>
    </p>
   </div>
   <div class='ocr_carea' id='block_1_65' title="bbox 2166 2366 3766 2447">
    <p class='ocr_par' dir='ltr' id='par_1_65' title="bbox 2166 2366 3766 2447">
     <span class='ocr_line' id='line_1_65' title="bbox 2166 2366 3766 2447; baseline -0.005 -14"><span class='ocrx_word' id='word_1_458' title='bbox 2166 2374 2459 2441; x_wconf 82' lang='grc' dir='ltr'>ἀπόστολος</span> <span class='ocrx_word' id='word_1_459' title='bbox 2491 2397 2506 2413; x_wconf 76' lang='grc' dir='ltr'><strong><em>ο</em></strong></span> <span class='ocrx_word' id='word_1_460' title='bbox 2540 2373 2675 2443; x_wconf 82' lang='grc' dir='ltr'>εἰκὸς</span> <span class='ocrx_word' id='word_1_461' title='bbox 2736 2373 2790 2433; x_wconf 81' lang='grc' dir='ltr'>δὲ</span> <span class='ocrx_word' id='word_1_462' title='bbox 2849 2366 2915 2445; x_wconf 76' lang='grc' dir='ltr'>ἧν</span> <span class='ocrx_word' id='word_1_463' title='bbox 2958 2371 3053 2432; x_wconf 76' lang='grc' dir='ltr'>καὶ</span> <span class='ocrx_word' id='word_1_464' title='bbox 3098 2374 3283 2431; x_wconf 89' lang='grc' dir='ltr'>τοῦτον</span> <span class='ocrx_word' id='word_1_465' title='bbox 3342 2370 3525 2437; x_wconf 79' lang='grc' dir='ltr'>αὐτοῖς</span> <span class='ocrx_word' id='word_1_466' title='bbox 3571 2368 3766 2447; x_wconf 86' lang='grc' dir='ltr'>γνωρί-</span> 
     </span>
    </p>
   </div>
   <div class='ocr_carea' id='block_1_66' title="bbox 2165 2467 2366 2534">
    <p class='ocr_par' dir='ltr' id='par_1_66' title="bbox 2165 2467 2366 2534">
     <span class='ocr_line' id='line_1_66' title="bbox 2165 2467 2366 2534; baseline 0.005 -10"><span class='ocrx_word' id='word_1_467' title='bbox 2165 2467 2366 2534; x_wconf 84' lang='grc' dir='ltr'>ζεσθαι.</span> 
     </span>
    </p>
   </div>
   <div class='ocr_carea' id='block_1_67' title="bbox 2252 2546 3767 2628">
    <p class='ocr_par' dir='ltr' id='par_1_67' title="bbox 2252 2546 3767 2628">
     <span class='ocr_line' id='line_1_67' title="bbox 2252 2546 3767 2628; baseline -0.006 -15"><span class='ocrx_word' id='word_1_468' title='bbox 2252 2577 2283 2613; x_wconf 78' lang='grc' dir='ltr'><strong><em>α</em></strong></span> <span class='ocrx_word' id='word_1_469' title='bbox 2320 2557 2449 2620; x_wconf 84' lang='grc' dir='ltr'>Τοῖς</span> <span class='ocrx_word' id='word_1_470' title='bbox 2496 2556 2550 2614; x_wconf 83' lang='grc' dir='ltr'><strong><em>ἐν</em></strong></span> <span class='ocrx_word' id='word_1_471' title='bbox 2583 2556 2981 2615; x_wconf 88' lang='grc' dir='ltr'>Κολοσσαεῦσιν</span> <span class='ocrx_word' id='word_1_472' title='bbox 3002 2549 3053 2587; x_wconf 68' lang='grc'><strong><em>⁵9</em></strong></span> <span class='ocrx_word' id='word_1_473' title='bbox 3109 2547 3279 2628; x_wconf 82' lang='grc' dir='ltr'>ἇγίοις</span> <span class='ocrx_word' id='word_1_474' title='bbox 3323 2546 3419 2608; x_wconf 76' lang='grc' dir='ltr'>καὶ</span> <span class='ocrx_word' id='word_1_475' title='bbox 3461 2547 3666 2614; x_wconf 84' lang='grc' dir='ltr'>πιστοῖς</span> <span class='ocrx_word' id='word_1_476' title='bbox 3714 2548 3767 2605; x_wconf 77' lang='grc' dir='ltr'><strong><em>ἐν</em></strong></span> 
     </span>
    </p>
   </div>
   <div class='ocr_carea' id='block_1_68' title="bbox 2166 2635 3769 2724">
    <p class='ocr_par' dir='ltr' id='par_1_68' title="bbox 2166 2635 3769 2724">
     <span class='ocr_line' id='line_1_68' title="bbox 2166 2635 3769 2724; baseline -0.006 -21"><span class='ocrx_word' id='word_1_477' title='bbox 2166 2645 2406 2724; x_wconf 85' lang='grc' dir='ltr'>Χριστῷ.</span> <span class='ocrx_word' id='word_1_478' title='bbox 2449 2670 2474 2695; x_wconf 71' lang='grc' dir='ltr'><strong>ι</strong></span> <span class='ocrx_word' id='word_1_479' title='bbox 2497 2642 2663 2711; x_wconf 88' lang='grc' dir='ltr'>Πόλις</span> <span class='ocrx_word' id='word_1_480' title='bbox 2696 2641 2942 2722; x_wconf 80' lang='grc' dir='ltr'>Φρυγίας</span> <span class='ocrx_word' id='word_1_481' title='bbox 2972 2641 3027 2698; x_wconf 76' lang='grc' dir='ltr'>αἱ</span> <span class='ocrx_word' id='word_1_482' title='bbox 3058 2637 3328 2700; x_wconf 80' lang='grc' dir='ltr'>Κολοσσαὶ</span> <span class='ocrx_word' id='word_1_483' title='bbox 3350 2682 3368 2714; x_wconf 87' lang='lat'><strong><em>,</em></strong></span> <span class='ocrx_word' id='word_1_484' title='bbox 3409 2638 3464 2696; x_wconf 76' lang='grc' dir='ltr'>αἳ</span> <span class='ocrx_word' id='word_1_485' title='bbox 3496 2642 3585 2696; x_wconf 90' lang='grc' dir='ltr'><strong><em>νῦν</em></strong></span> <span class='ocrx_word' id='word_1_486' title='bbox 3608 2635 3769 2724; x_wconf 65' lang='grc' dir='ltr'>λιγέα</span> 
     </span>
    </p>
   </div>
   <div class='ocr_carea' id='block_1_69' title="bbox 2163 2716 3760 2811">
    <p class='ocr_par' dir='ltr' id='par_1_69' title="bbox 2163 2716 3760 2811">
     <span class='ocr_line' id='line_1_69' title="bbox 2163 2716 3760 2811; baseline -0.005 -19"><span class='ocrx_word' id='word_1_487' title='bbox 2163 2756 2319 2811; x_wconf 83' lang='grc' dir='ltr'>μεναι</span> <span class='ocrx_word' id='word_1_488' title='bbox 2347 2735 2559 2795; x_wconf 84' lang='grc' dir='ltr'>Χῶναι·</span> <span class='ocrx_word' id='word_1_489' title='bbox 2603 2732 2695 2793; x_wconf 80' lang='grc' dir='ltr'><strong><em>καὶ</em></strong></span> <span class='ocrx_word' id='word_1_490' title='bbox 2730 2734 2886 2803; x_wconf 81' lang='grc' dir='ltr'>δῆλον</span> <span class='ocrx_word' id='word_1_491' title='bbox 2919 2734 2979 2790; x_wconf 84' lang='grc' dir='ltr'>ἐκ</span> <span class='ocrx_word' id='word_1_492' title='bbox 3026 2734 3117 2788; x_wconf 92' lang='grc' dir='ltr'><strong><em>τοῦ</em></strong></span> <span class='ocrx_word' id='word_1_493' title='bbox 3166 2726 3264 2800; x_wconf 85' lang='grc' dir='ltr'><strong><em>τὴν</em></strong></span> <span class='ocrx_word' id='word_1_494' title='bbox 3322 2726 3643 2787; x_wconf 78' lang='grc' dir='ltr'>Λαοδίκειαν</span> <span class='ocrx_word' id='word_1_495' title='bbox 3673 2716 3760 2784; x_wconf 72' lang='grc' dir='ltr'><strong><em>εἶ·-</em></strong></span> 
     </span>
    </p>
   </div>
   <div class='ocr_carea' id='block_1_70' title="bbox 2162 2814 3765 2898">
    <p class='ocr_par' dir='ltr' id='par_1_70' title="bbox 2162 2814 3765 2898">
     <span class='ocr_line' id='line_1_70' title="bbox 2162 2814 3765 2898; baseline -0.004 -18"><span class='ocrx_word' id='word_1_496' title='bbox 2162 2846 2248 2881; x_wconf 92' lang='grc' dir='ltr'><strong><em>ναι</em></strong></span> <span class='ocrx_word' id='word_1_497' title='bbox 2303 2821 2549 2895; x_wconf 86' lang='grc' dir='ltr'>πλησίον.</span> <span class='ocrx_word' id='word_1_498' title='bbox 2610 2822 2781 2882; x_wconf 81' lang='grc' dir='ltr'>Πόθεν</span> <span class='ocrx_word' id='word_1_499' title='bbox 2833 2820 2886 2879; x_wconf 84' lang='grc' dir='ltr'>δὲ</span> <span class='ocrx_word' id='word_1_500' title='bbox 2932 2818 3071 2896; x_wconf 78' lang='grc' dir='ltr'>ἅγιοι</span> <span class='ocrx_word' id='word_1_501' title='bbox 3118 2818 3408 2898; x_wconf 82' lang='grc' dir='ltr'>γεγόνατε;</span> <span class='ocrx_word' id='word_1_502' title='bbox 3441 2816 3500 2875; x_wconf 81' lang='grc' dir='ltr'>οὗ</span> <span class='ocrx_word' id='word_1_503' title='bbox 3548 2814 3634 2873; x_wconf 82' lang='grc' dir='ltr'><strong><em>διὰ</em></strong></span> <span class='ocrx_word' id='word_1_504' title='bbox 3670 2821 3765 2875; x_wconf 90' lang='grc' dir='ltr'><strong><em>τοῦ</em></strong></span> 
     </span>
    </p>
   </div>
   <div class='ocr_carea' id='block_1_71' title="bbox 2167 2908 3768 2992">
    <p class='ocr_par' dir='ltr' id='par_1_71' title="bbox 2167 2908 3768 2992">
     <span class='ocr_line' id='line_1_71' title="bbox 2167 2908 3768 2992; baseline -0.004 -23"><span class='ocrx_word' id='word_1_505' title='bbox 2167 2911 2535 2992; x_wconf 82' lang='grc' dir='ltr'>βαπτίσματος</span> <span class='ocrx_word' id='word_1_506' title='bbox 2576 2917 2666 2971; x_wconf 90' lang='grc' dir='ltr'><strong><em>τοῦ</em></strong></span> <span class='ocrx_word' id='word_1_507' title='bbox 2701 2913 2775 2980; x_wconf 83' lang='grc' dir='ltr'>εἷς</span> <span class='ocrx_word' id='word_1_508' title='bbox 2820 2910 2909 2969; x_wconf 86' lang='grc' dir='ltr'><strong><em>τὸν</em></strong></span> <span class='ocrx_word' id='word_1_509' title='bbox 2957 2909 3181 2967; x_wconf 86' lang='grc' dir='ltr'>θάνατον</span> <span class='ocrx_word' id='word_1_510' title='bbox 3210 2912 3304 2966; x_wconf 90' lang='grc' dir='ltr'><strong><em>τοῦ</em></strong></span> <span class='ocrx_word' id='word_1_511' title='bbox 3347 2908 3617 2986; x_wconf 73' lang='grc' dir='ltr'>Χριστοῦς</span> <span class='ocrx_word' id='word_1_512' title='bbox 3654 2908 3768 2966; x_wconf 77' lang='grc' dir='ltr'>Πό-</span> 
     </span>
    </p>
   </div>
   <div class='ocr_carea' id='block_1_72' title="bbox 2164 2992 3766 3081">
    <p class='ocr_par' dir='ltr' id='par_1_72' title="bbox 2164 2992 3766 3081">
     <span class='ocr_line' id='line_1_72' title="bbox 2164 2992 3766 3081; baseline -0.006 -19"><span class='ocrx_word' id='word_1_513' title='bbox 2164 3008 2249 3062; x_wconf 89' lang='grc' dir='ltr'><strong><em>θεν</em></strong></span> <span class='ocrx_word' id='word_1_514' title='bbox 2296 3000 2508 3071; x_wconf 82' lang='grc' dir='ltr'>πιστοί;</span> <span class='ocrx_word' id='word_1_515' title='bbox 2559 3002 2658 3081; x_wconf 81' lang='grc' dir='ltr'>οὐχ</span> <span class='ocrx_word' id='word_1_516' title='bbox 2682 2999 2762 3059; x_wconf 76' lang='grc' dir='ltr'>ὅτι</span> <span class='ocrx_word' id='word_1_517' title='bbox 2811 3002 2884 3066; x_wconf 79' lang='grc' dir='ltr'>εἰς</span> <span class='ocrx_word' id='word_1_518' title='bbox 2933 2996 3162 3078; x_wconf 74' lang='grc' dir='ltr'>Χριστὸν</span> <span class='ocrx_word' id='word_1_519' title='bbox 3212 2994 3527 3073; x_wconf 72' lang='grc' dir='ltr'>πιστεύετες</span> <span class='ocrx_word' id='word_1_520' title='bbox 3563 2996 3661 3073; x_wconf 80' lang='grc' dir='ltr'>οὐχ</span> <span class='ocrx_word' id='word_1_521' title='bbox 3682 2992 3766 3053; x_wconf 78' lang='grc' dir='ltr'><strong><em>ὅτι</em></strong></span> 
     </span>
    </p>
   </div>
   <div class='ocr_carea' id='block_1_73' title="bbox 2163 3082 3765 3166">
    <p class='ocr_par' dir='ltr' id='par_1_73' title="bbox 2163 3082 3765 3166">
     <span class='ocr_line' id='line_1_73' title="bbox 2163 3082 3765 3166; baseline -0.004 -18"><span class='ocrx_word' id='word_1_522' title='bbox 2163 3096 2396 3149; x_wconf 85' lang='grc' dir='ltr'>τοσαῦτα</span> <span class='ocrx_word' id='word_1_523' title='bbox 2455 3088 2857 3159; x_wconf 78' lang='grc' dir='ltr'>ἔνεπιστεύθητε</span> <span class='ocrx_word' id='word_1_524' title='bbox 2910 3086 3177 3166; x_wconf 84' lang='grc' dir='ltr'>μυστήρια</span> <span class='ocrx_word' id='word_1_525' title='bbox 3206 3082 3354 3164; x_wconf 77' lang='grc' dir='ltr'>παρὰ</span> <span class='ocrx_word' id='word_1_526' title='bbox 3408 3082 3462 3122; x_wconf 85' lang='grc'><strong><em>⁶⁰</em></strong></span> <span class='ocrx_word' id='word_1_527' title='bbox 3492 3088 3585 3143; x_wconf 90' lang='grc' dir='ltr'><strong><em>τοῦ</em></strong></span> <span class='ocrx_word' id='word_1_528' title='bbox 3626 3085 3765 3163; x_wconf 84' lang='grc' dir='ltr'>Χρι-</span> 
     </span>
    </p>
   </div>
   <div class='ocr_carea' id='block_1_74' title="bbox 2163 3173 3766 3259">
    <p class='ocr_par' dir='ltr' id='par_1_74' title="bbox 2163 3173 3766 3259">
     <span class='ocr_line' id='line_1_74' title="bbox 2163 3173 3766 3259; baseline -0.002 -22"><span class='ocrx_word' id='word_1_529' title='bbox 2163 3184 2325 3252; x_wconf 84' lang='grc' dir='ltr'>στοῦ;</span> <span class='ocrx_word' id='word_1_530' title='bbox 2375 3180 2568 3240; x_wconf 83' lang='grc' dir='ltr'>Πιστοὶ</span> <span class='ocrx_word' id='word_1_531' title='bbox 2618 3177 2722 3259; x_wconf 80' lang='grc' dir='ltr'><strong><em>γὰρ</em></strong></span> <span class='ocrx_word' id='word_1_532' title='bbox 2766 3181 2825 3238; x_wconf 80' lang='grc' dir='ltr'>οὐ</span> <span class='ocrx_word' id='word_1_533' title='bbox 2877 3176 2964 3235; x_wconf 84' lang='grc' dir='ltr'><strong><em>διὰ</em></strong></span> <span class='ocrx_word' id='word_1_534' title='bbox 3014 3176 3074 3236; x_wconf 81' lang='grc' dir='ltr'>τὸ</span> <span class='ocrx_word' id='word_1_535' title='bbox 3128 3178 3416 3233; x_wconf 86' lang='grc' dir='ltr'>πιστεῦσαι</span> <span class='ocrx_word' id='word_1_536' title='bbox 3463 3173 3621 3250; x_wconf 85' lang='grc' dir='ltr'>μόνον</span> <span class='ocrx_word' id='word_1_537' title='bbox 3668 3197 3766 3233; x_wconf 84' lang='grc' dir='ltr'>κε-</span> 
     </span>
    </p>
   </div>
   <div class='ocr_carea' id='block_1_75' title="bbox 2161 3264 3767 3345">
    <p class='ocr_par' dir='ltr' id='par_1_75' title="bbox 2161 3264 3767 3345">
     <span class='ocr_line' id='line_1_75' title="bbox 2161 3264 3767 3345; baseline -0.002 -19"><span class='ocrx_word' id='word_1_538' title='bbox 2161 3270 2404 3345; x_wconf 86' lang='grc' dir='ltr'>κλήμεθα</span> <span class='ocrx_word' id='word_1_539' title='bbox 2450 3268 2525 3343; x_wconf 70' lang='grc' dir='ltr'><strong><em>θ’,</em></strong></span> <span class='ocrx_word' id='word_1_540' title='bbox 2593 3267 2732 3327; x_wconf 83' lang='grc' dir='ltr'>ἀλλὰ</span> <span class='ocrx_word' id='word_1_541' title='bbox 2787 3267 2877 3326; x_wconf 76' lang='grc' dir='ltr'><strong><em>καὶ</em></strong></span> <span class='ocrx_word' id='word_1_542' title='bbox 2948 3264 3035 3326; x_wconf 81' lang='grc' dir='ltr'><strong><em>διὰ</em></strong></span> <span class='ocrx_word' id='word_1_543' title='bbox 3080 3265 3142 3324; x_wconf 79' lang='grc' dir='ltr'>τὸ</span> <span class='ocrx_word' id='word_1_544' title='bbox 3199 3266 3555 3333; x_wconf 79' lang='grc' dir='ltr'>πιστευθῆναι</span> <span class='ocrx_word' id='word_1_545' title='bbox 3612 3264 3767 3340; x_wconf 81' lang='grc' dir='ltr'>παρὰ</span> 
     </span>
    </p>
   </div>
   <div class='ocr_carea' id='block_1_76' title="bbox 2162 3352 3765 3440">
    <p class='ocr_par' dir='ltr' id='par_1_76' title="bbox 2162 3352 3765 3440">
     <span class='ocr_line' id='line_1_76' title="bbox 2162 3352 3765 3440; baseline -0.006 -21"><span class='ocrx_word' id='word_1_546' title='bbox 2162 3357 2215 3393; x_wconf 82' lang='grc'><strong><em>⁶²</em></strong></span> <span class='ocrx_word' id='word_1_547' title='bbox 2237 3360 2379 3418; x_wconf 85' lang='grc' dir='ltr'>Θεοῦ</span> <span class='ocrx_word' id='word_1_548' title='bbox 2415 3359 2713 3440; x_wconf 87' lang='grc' dir='ltr'>μυστήρια,</span> <span class='ocrx_word' id='word_1_549' title='bbox 2747 3357 2781 3417; x_wconf 82' lang='grc' dir='ltr'>ἃ</span> <span class='ocrx_word' id='word_1_550' title='bbox 2810 3355 2929 3416; x_wconf 76' lang='grc' dir='ltr'>οὐδὲ</span> <span class='ocrx_word' id='word_1_551' title='bbox 2961 3361 3009 3417; x_wconf 82' lang='grc' dir='ltr'>οἱ</span> <span class='ocrx_word' id='word_1_552' title='bbox 3056 3355 3272 3435; x_wconf 84' lang='grc' dir='ltr'>ἄγγελοι</span> <span class='ocrx_word' id='word_1_553' title='bbox 3318 3352 3538 3433; x_wconf 82' lang='grc' dir='ltr'>ᾔδεσαν.</span> <span class='ocrx_word' id='word_1_554' title='bbox 3589 3354 3765 3413; x_wconf 86' lang='grc' dir='ltr'>Πόθεν</span> 
     </span>
    </p>
   </div>
   <div class='ocr_carea' id='block_1_77' title="bbox 2163 3439 3768 3530">
    <p class='ocr_par' dir='ltr' id='par_1_77' title="bbox 2163 3439 3768 3530">
     <span class='ocr_line' id='line_1_77' title="bbox 2163 3439 3768 3530; baseline -0.002 -25"><span class='ocrx_word' id='word_1_555' title='bbox 2163 3448 2412 3530; x_wconf 78' lang='grc' dir='ltr'>ἀδελφοί;</span> <span class='ocrx_word' id='word_1_556' title='bbox 2462 3439 2566 3530; x_wconf 68' lang='grc' dir='ltr'><strong><em>ἆρα</em></strong></span> <span class='ocrx_word' id='word_1_557' title='bbox 2602 3439 2667 3507; x_wconf 11' lang='grc' dir='ltr'><strong><em>γέν</em></strong></span> <span class='ocrx_word' id='word_1_558' title='bbox 2717 3447 2888 3527; x_wconf 87' lang='grc' dir='ltr'>ἔργοις</span> <span class='ocrx_word' id='word_1_559' title='bbox 2929 3445 3112 3518; x_wconf 82' lang='grc' dir='ltr'>ἰδίοις,</span> <span class='ocrx_word' id='word_1_560' title='bbox 3147 3444 3182 3517; x_wconf 80' lang='grc' dir='ltr'>ἢ</span> <span class='ocrx_word' id='word_1_561' title='bbox 3216 3446 3289 3530; x_wconf 35' lang='grc' dir='ltr'><strong><em>ἔτι</em></strong></span> <span class='ocrx_word' id='word_1_562' title='bbox 3323 3441 3768 3523; x_wconf 82' lang='grc' dir='ltr'>κατορθώμασιν;</span> 
     </span>
    </p>
   </div>
   <div class='ocr_carea' id='block_1_78' title="bbox 2160 3523 3770 3619">
    <p class='ocr_par' dir='ltr' id='par_1_78' title="bbox 2160 3523 3770 3619">
     <span class='ocr_line' id='line_1_78' title="bbox 2160 3523 3770 3619; baseline -0.004 -20"><span class='ocrx_word' id='word_1_563' title='bbox 2160 3541 2279 3599; x_wconf 83' lang='grc' dir='ltr'><strong><em>Οὐκ</em></strong></span> <span class='ocrx_word' id='word_1_564' title='bbox 2305 3523 2448 3598; x_wconf 62' lang='grc' dir='ltr'>ἔστιν</span> <span class='ocrx_word' id='word_1_565' title='bbox 2472 3523 2641 3596; x_wconf 38' lang='grc' dir='ltr'>’.ἀλλ’</span> <span class='ocrx_word' id='word_1_566' title='bbox 2684 3523 3021 3619; x_wconf 41' lang='grc' dir='ltr'>ἐν’Χριστῷ.</span> <span class='ocrx_word' id='word_1_567' title='bbox 3058 3537 3187 3604; x_wconf 87' lang='grc' dir='ltr'><strong><em>Πῶς</em></strong></span> <span class='ocrx_word' id='word_1_568' title='bbox 3228 3523 3316 3593; x_wconf 68' lang='grc' dir='ltr'><strong><em>οὖν</em></strong></span> <span class='ocrx_word' id='word_1_569' title='bbox 3349 3532 3597 3613; x_wconf 77' lang='grc' dir='ltr'>ἀγγέλοις</span> <span class='ocrx_word' id='word_1_570' title='bbox 3646 3536 3770 3593; x_wconf 82' lang='grc' dir='ltr'>ἐπι-</span> 
     </span>
    </p>
   </div>
   <div class='ocr_carea' id='block_1_79' title="bbox 2159 3627 2937 3710">
    <p class='ocr_par' dir='ltr' id='par_1_79' title="bbox 2159 3627 2937 3710">
     <span class='ocr_line' id='line_1_79' title="bbox 2159 3627 2937 3710; baseline -0.004 -23"><span class='ocrx_word' id='word_1_571' title='bbox 2159 3627 2387 3710; x_wconf 78' lang='grc' dir='ltr'>γράφετε</span> <span class='ocrx_word' id='word_1_572' title='bbox 2414 3628 2512 3699; x_wconf 87' lang='grc' dir='ltr'><strong><em>τήν</em></strong></span> <span class='ocrx_word' id='word_1_573' title='bbox 2544 3628 2900 3707; x_wconf 84' lang='grc' dir='ltr'>προσαγωγήν</span> <span class='ocrx_word' id='word_1_574' title='bbox 2920 3648 2937 3700; x_wconf 89' lang='lat'><strong>;</strong></span> 
     </span>
    </p>
   </div>
   <div class='ocr_carea' id='block_1_80' title="bbox 2248 3716 3758 3797">
    <p class='ocr_par' dir='ltr' id='par_1_80' title="bbox 2248 3716 3758 3797">
     <span class='ocr_line' id='line_1_80' title="bbox 2248 3716 3758 3797; baseline -0.002 -22"><span class='ocrx_word' id='word_1_575' title='bbox 2248 3741 2277 3776; x_wconf 81' lang='grc' dir='ltr'>(ι</span> <span class='ocrx_word' id='word_1_576' title='bbox 2308 3718 2476 3797; x_wconf 82' lang='grc' dir='ltr'>Χάρις</span> <span class='ocrx_word' id='word_1_577' title='bbox 2500 3720 2622 3795; x_wconf 81' lang='grc' dir='ltr'>ὖμῖν</span> <span class='ocrx_word' id='word_1_578' title='bbox 2655 3717 2745 3777; x_wconf 78' lang='grc' dir='ltr'>καὶ</span> <span class='ocrx_word' id='word_1_579' title='bbox 2766 3716 2946 3797; x_wconf 79' lang='grc' dir='ltr'>εἰρήνη</span> <span class='ocrx_word' id='word_1_580' title='bbox 2982 3716 3086 3776; x_wconf 80' lang='grc' dir='ltr'><strong><em>ἀπὸ</em></strong></span> <span class='ocrx_word' id='word_1_581' title='bbox 3116 3717 3255 3776; x_wconf 82' lang='grc' dir='ltr'>Θεοῦ</span> <span class='ocrx_word' id='word_1_582' title='bbox 3279 3716 3494 3795; x_wconf 83' lang='grc' dir='ltr'>Πατρὸς</span> <span class='ocrx_word' id='word_1_583' title='bbox 3517 3718 3692 3790; x_wconf 83' lang='grc' dir='ltr'>ἡμῶν.</span> <span class='ocrx_word' id='word_1_584' title='bbox 3726 3737 3758 3772; x_wconf 74' lang='grc' dir='ltr'>ι)</span> 
     </span>
    </p>
   </div>
   <div class='ocr_carea' id='block_1_81' title="bbox 2159 3805 3769 3887">
    <p class='ocr_par' dir='ltr' id='par_1_81' title="bbox 2159 3805 3769 3887">
     <span class='ocr_line' id='line_1_81' title="bbox 2159 3805 3769 3887; baseline -0.004 -19"><span class='ocrx_word' id='word_1_585' title='bbox 2159 3807 2236 3868; x_wconf 82' lang='grc' dir='ltr'><strong><em>Τὸ</em></strong></span> <span class='ocrx_word' id='word_1_586' title='bbox 2279 3815 2371 3867; x_wconf 91' lang='grc' dir='ltr'><strong><em>τοῦ</em></strong></span> <span class='ocrx_word' id='word_1_587' title='bbox 2402 3809 2639 3887; x_wconf 86' lang='grc' dir='ltr'>Χριστοῦ</span> <span class='ocrx_word' id='word_1_588' title='bbox 2671 3807 2839 3880; x_wconf 88' lang='grc' dir='ltr'>ὄνομα</span> <span class='ocrx_word' id='word_1_589' title='bbox 2890 3808 3118 3865; x_wconf 84' lang='grc' dir='ltr'>ἐνταῦθα</span> <span class='ocrx_word' id='word_1_590' title='bbox 3164 3806 3223 3863; x_wconf 82' lang='grc' dir='ltr'><strong><em>οὐ</em></strong></span> <span class='ocrx_word' id='word_1_591' title='bbox 3253 3805 3604 3885; x_wconf 83' lang='grc' dir='ltr'>προστίθησι,</span> <span class='ocrx_word' id='word_1_592' title='bbox 3642 3805 3769 3862; x_wconf 83' lang='grc' dir='ltr'>καί-</span> 
     </span>
    </p>
   </div>
   <div class='ocr_carea' id='block_1_82' title="bbox 2162 3892 3765 3977">
    <p class='ocr_par' dir='ltr' id='par_1_82' title="bbox 2162 3892 3765 3977">
     <span class='ocr_line' id='line_1_82' title="bbox 2162 3892 3765 3977; baseline -0.003 -21"><span class='ocrx_word' id='word_1_593' title='bbox 2162 3921 2242 3956; x_wconf 89' lang='grc' dir='ltr'><strong><em>τοι</em></strong></span> <span class='ocrx_word' id='word_1_594' title='bbox 2298 3897 2473 3963; x_wconf 81' lang='grc' dir='ltr'>εἰωθὸς</span> <span class='ocrx_word' id='word_1_595' title='bbox 2530 3899 2673 3977; x_wconf 84' lang='grc' dir='ltr'>αὐτῷ</span> <span class='ocrx_word' id='word_1_596' title='bbox 2722 3895 2817 3972; x_wconf 82' lang='grc' dir='ltr'><strong><em>ὂν,</em></strong></span> <span class='ocrx_word' id='word_1_597' title='bbox 2865 3892 2952 3953; x_wconf 80' lang='grc' dir='ltr'><strong><em>ἵνα</em></strong></span> <span class='ocrx_word' id='word_1_598' title='bbox 3010 3893 3087 3971; x_wconf 79' lang='grc' dir='ltr'><strong><em>μὴ</em></strong></span> <span class='ocrx_word' id='word_1_599' title='bbox 3150 3892 3300 3961; x_wconf 71' lang='grc' dir='ltr'>εὐθὺς</span> <span class='ocrx_word' id='word_1_600' title='bbox 3359 3898 3420 3953; x_wconf 72' lang='grc' dir='ltr'>ἐκ</span> <span class='ocrx_word' id='word_1_601' title='bbox 3466 3895 3765 3975; x_wconf 84' lang='grc' dir='ltr'>προοιμίων</span> 
     </span>
    </p>
   </div>
   <div class='ocr_carea' id='block_1_83' title="bbox 2163 3983 3768 4068">
    <p class='ocr_par' dir='ltr' id='par_1_83' title="bbox 2163 3983 3768 4068">
     <span class='ocr_line' id='line_1_83' title="bbox 2163 3983 3768 4068; baseline -0.001 -25"><span class='ocrx_word' id='word_1_602' title='bbox 2163 3992 2397 4068; x_wconf 80' lang='grc' dir='ltr'>φανερῶς</span> <span class='ocrx_word' id='word_1_603' title='bbox 2444 3989 2621 4053; x_wconf 85' lang='grc' dir='ltr'>αὐτοῖς</span> <span class='ocrx_word' id='word_1_604' title='bbox 2667 3985 2958 4064; x_wconf 79' lang='grc' dir='ltr'>ἀντιπέσῃ,</span> <span class='ocrx_word' id='word_1_605' title='bbox 3010 3983 3103 4043; x_wconf 77' lang='grc' dir='ltr'><strong><em>καὶ</em></strong></span> <span class='ocrx_word' id='word_1_606' title='bbox 3157 3985 3507 4056; x_wconf 79' lang='grc' dir='ltr'>ἀποπηδῆσαι</span> <span class='ocrx_word' id='word_1_607' title='bbox 3560 3983 3768 4063; x_wconf 84' lang='grc' dir='ltr'>ποιήσῃ</span> 
     </span>
    </p>
   </div>
   <div class='ocr_carea' id='block_1_84' title="bbox 2160 4072 3770 4153">
    <p class='ocr_par' dir='ltr' id='par_1_84' title="bbox 2160 4072 3770 4153">
     <span class='ocr_line' id='line_1_84' title="bbox 2160 4072 3770 4153; baseline -0.002 -18"><span class='ocrx_word' id='word_1_608' title='bbox 2160 4081 2252 4135; x_wconf 89' lang='grc' dir='ltr'><strong><em>τοῦ</em></strong></span> <span class='ocrx_word' id='word_1_609' title='bbox 2293 4078 2479 4134; x_wconf 90' lang='grc' dir='ltr'>λοιποῦ</span> <span class='ocrx_word' id='word_1_610' title='bbox 2505 4075 2662 4153; x_wconf 89' lang='grc' dir='ltr'>λόγου</span> <span class='ocrx_word' id='word_1_611' title='bbox 2684 4075 2758 4133; x_wconf 77' lang='grc'><strong><em>⁵³.</em></strong></span> <span class='ocrx_word' id='word_1_612' title='bbox 2794 4076 3122 4135; x_wconf 82' lang='grc' dir='ltr'>Εἷπάτωσαν</span> <span class='ocrx_word' id='word_1_613' title='bbox 3149 4072 3202 4131; x_wconf 89' lang='grc' dir='ltr'>δὲ</span> <span class='ocrx_word' id='word_1_614' title='bbox 3229 4076 3277 4132; x_wconf 79' lang='grc' dir='ltr'>οἱ</span> <span class='ocrx_word' id='word_1_615' title='bbox 3306 4074 3367 4133; x_wconf 85' lang='grc' dir='ltr'><strong><em>τὸ</em></strong></span> <span class='ocrx_word' id='word_1_616' title='bbox 3397 4076 3621 4152; x_wconf 86' lang='grc' dir='ltr'>Πνεῦμα</span> <span class='ocrx_word' id='word_1_617' title='bbox 3657 4096 3770 4131; x_wconf 90' lang='grc' dir='ltr'>κα-</span> 
     </span>
    </p>
   </div>
   <div class='ocr_carea' id='block_1_85' title="bbox 2162 4161 3769 4243">
    <p class='ocr_par' dir='ltr' id='par_1_85' title="bbox 2162 4161 3769 4243">
     <span class='ocr_line' id='line_1_85' title="bbox 2162 4161 3769 4243; baseline 0 -20"><span class='ocrx_word' id='word_1_618' title='bbox 2162 4164 2640 4243; x_wconf 82' lang='grc' dir='ltr'>τασμικρύνοντες,</span> <span class='ocrx_word' id='word_1_619' title='bbox 2693 4164 2850 4223; x_wconf 89' lang='grc' dir='ltr'>πόθεν</span> <span class='ocrx_word' id='word_1_620' title='bbox 2909 4161 3101 4241; x_wconf 81' lang='grc' dir='ltr'>Πατὴρ</span> <span class='ocrx_word' id='word_1_621' title='bbox 3148 4166 3304 4240; x_wconf 86' lang='grc' dir='ltr'>ἡμῶν</span> <span class='ocrx_word' id='word_1_622' title='bbox 3334 4166 3361 4221; x_wconf 83' lang='grc' dir='ltr'>ὁ</span> <span class='ocrx_word' id='word_1_623' title='bbox 3416 4163 3582 4233; x_wconf 88' lang='grc' dir='ltr'>Θεός;</span> <span class='ocrx_word' id='word_1_624' title='bbox 3619 4163 3769 4242; x_wconf 80' lang='grc' dir='ltr'>Οὐχὶ</span> 
     </span>
    </p>
   </div>
   <div class='ocr_carea' id='block_1_86' title="bbox 2162 4250 3767 4333">
    <p class='ocr_par' dir='ltr' id='par_1_86' title="bbox 2162 4250 3767 4333">
     <span class='ocr_line' id='line_1_86' title="bbox 2162 4250 3767 4333; baseline -0.002 -19"><span class='ocrx_word' id='word_1_625' title='bbox 2162 4254 2250 4314; x_wconf 81' lang='grc' dir='ltr'><strong><em>διὰ</em></strong></span> <span class='ocrx_word' id='word_1_626' title='bbox 2307 4260 2398 4314; x_wconf 91' lang='grc' dir='ltr'><strong><em>τοῦ</em></strong></span> <span class='ocrx_word' id='word_1_627' title='bbox 2437 4253 2781 4331; x_wconf 82' lang='grc' dir='ltr'>Πνεύματος;</span> <span class='ocrx_word' id='word_1_628' title='bbox 2825 4257 2877 4314; x_wconf 87' lang='grc' dir='ltr'>Τ</span> <span class='ocrx_word' id='word_1_629' title='bbox 2881 4254 2913 4310; x_wconf 86' lang='grc' dir='ltr'>ὰ</span> <span class='ocrx_word' id='word_1_630' title='bbox 2945 4253 3157 4332; x_wconf 84' lang='grc' dir='ltr'>μεγάλα</span> <span class='ocrx_word' id='word_1_631' title='bbox 3213 4251 3305 4310; x_wconf 85' lang='grc' dir='ltr'><strong><em>καὶ</em></strong></span> <span class='ocrx_word' id='word_1_632' title='bbox 3336 4250 3468 4333; x_wconf 77' lang='grc' dir='ltr'>ὑπὲρ</span> <span class='ocrx_word' id='word_1_633' title='bbox 3515 4257 3635 4311; x_wconf 93' lang='grc' dir='ltr'>νοῦν</span> <span class='ocrx_word' id='word_1_634' title='bbox 3684 4254 3767 4319; x_wconf 87' lang='grc' dir='ltr'><strong><em>τίς</em></strong></span> 
     </span>
    </p>
   </div>
   <div class='ocr_carea' id='block_1_87' title="bbox 2163 4333 3767 4426">
    <p class='ocr_par' dir='ltr' id='par_1_87' title="bbox 2163 4333 3767 4426">
     <span class='ocr_line' id='line_1_87' title="bbox 2163 4333 3767 4426; baseline -0.002 -21"><span class='ocrx_word' id='word_1_635' title='bbox 2163 4344 2485 4426; x_wconf 80' lang='grc' dir='ltr'>ἐχαρίσατο;</span> <span class='ocrx_word' id='word_1_636' title='bbox 2536 4343 2658 4424; x_wconf 76' lang='grc' dir='ltr'>οὖχὶ</span> <span class='ocrx_word' id='word_1_637' title='bbox 2704 4343 2765 4403; x_wconf 86' lang='grc' dir='ltr'>τὸ</span> <span class='ocrx_word' id='word_1_638' title='bbox 2819 4346 3085 4421; x_wconf 71' lang='grc' dir='ltr'>Πνεῦμας</span> <span class='ocrx_word' id='word_1_639' title='bbox 3138 4344 3265 4410; x_wconf 88' lang='grc' dir='ltr'><strong><em>Πῶς</em></strong></span> <span class='ocrx_word' id='word_1_640' title='bbox 3318 4333 3410 4402; x_wconf 72' lang='grc' dir='ltr'><strong><em>οῦν</em></strong></span> <span class='ocrx_word' id='word_1_641' title='bbox 3461 4341 3590 4401; x_wconf 83' lang='grc' dir='ltr'>αὐτὸ</span> <span class='ocrx_word' id='word_1_642' title='bbox 3640 4364 3767 4421; x_wconf 81' lang='grc' dir='ltr'>σμι-</span> 
     </span>
    </p>
   </div>
   <div class='ocr_carea' id='block_1_88' title="bbox 2162 4433 2397 4515">
    <p class='ocr_par' dir='ltr' id='par_1_88' title="bbox 2162 4433 2397 4515">
     <span class='ocr_line' id='line_1_88' title="bbox 2162 4433 2397 4515; baseline -0.009 -22"><span class='ocrx_word' id='word_1_643' title='bbox 2162 4433 2366 4515; x_wconf 80' lang='grc' dir='ltr'>κρύνεις</span> <span class='ocrx_word' id='word_1_644' title='bbox 2384 4464 2397 4505; x_wconf 84' lang='lat'><strong>;</strong></span> 
     </span>
    </p>
   </div>
   <div class='ocr_carea' id='block_1_89' title="bbox 2247 4520 3767 4604">
    <p class='ocr_par' dir='ltr' id='par_1_89' title="bbox 2247 4520 3767 4604">
     <span class='ocr_line' id='line_1_89' title="bbox 2247 4520 3767 4604; baseline 0.002 -25"><span class='ocrx_word' id='word_1_645' title='bbox 2247 4548 2279 4579; x_wconf 77' lang='grc' dir='ltr'><strong><em>α</em></strong></span> <span class='ocrx_word' id='word_1_646' title='bbox 2310 4526 2751 4604; x_wconf 85' lang='grc' dir='ltr'>Εὗχαριστοῦμεν</span> <span class='ocrx_word' id='word_1_647' title='bbox 2802 4525 2878 4604; x_wconf 89' lang='grc' dir='ltr'><strong><em>τῷ</em></strong></span> <span class='ocrx_word' id='word_1_648' title='bbox 2908 4524 3035 4603; x_wconf 89' lang='grc' dir='ltr'><strong><em>Θεῷ</em></strong></span> <span class='ocrx_word' id='word_1_649' title='bbox 3086 4520 3177 4579; x_wconf 73' lang='grc' dir='ltr'><strong><em>καὶ</em></strong></span> <span class='ocrx_word' id='word_1_650' title='bbox 3210 4521 3390 4600; x_wconf 81' lang='grc' dir='ltr'>Πατρὶ</span> <span class='ocrx_word' id='word_1_651' title='bbox 3419 4526 3517 4581; x_wconf 91' lang='grc' dir='ltr'><strong><em>τοῦ</em></strong></span> <span class='ocrx_word' id='word_1_652' title='bbox 3562 4525 3767 4603; x_wconf 82' lang='grc' dir='ltr'>Κυρίου</span> 
     </span>
    </p>
   </div>
   <div class='ocr_carea' id='block_1_90' title="bbox 2163 4610 3770 4695">
    <p class='ocr_par' dir='ltr' id='par_1_90' title="bbox 2163 4610 3770 4695">
     <span class='ocr_line' id='line_1_90' title="bbox 2163 4610 3770 4695; baseline 0 -23"><span class='ocrx_word' id='word_1_653' title='bbox 2163 4618 2317 4692; x_wconf 83' lang='grc' dir='ltr'>ἡμῶν</span> <span class='ocrx_word' id='word_1_654' title='bbox 2370 4612 2549 4687; x_wconf 87' lang='grc' dir='ltr'>Ἰησοῦ</span> <span class='ocrx_word' id='word_1_655' title='bbox 2600 4615 2870 4695; x_wconf 86' lang='grc' dir='ltr'>Χριστοῦ,</span> <span class='ocrx_word' id='word_1_656' title='bbox 2928 4614 3159 4671; x_wconf 87' lang='grc' dir='ltr'>πάντοτε</span> <span class='ocrx_word' id='word_1_657' title='bbox 3209 4610 3341 4691; x_wconf 75' lang='grc' dir='ltr'>ὑπὲρ</span> <span class='ocrx_word' id='word_1_658' title='bbox 3396 4615 3545 4689; x_wconf 78' lang='grc' dir='ltr'>ὑμῶν</span> <span class='ocrx_word' id='word_1_659' title='bbox 3591 4636 3770 4693; x_wconf 83' lang='grc' dir='ltr'>προσ-</span> 
     </span>
    </p>
   </div>
   <div class='ocr_carea' id='block_1_91' title="bbox 2162 4700 3768 4785">
    <p class='ocr_par' dir='ltr' id='par_1_91' title="bbox 2162 4700 3768 4785">
     <span class='ocr_line' id='line_1_91' title="bbox 2162 4700 3768 4785; baseline -0.001 -22"><span class='ocrx_word' id='word_1_660' title='bbox 2162 4703 2461 4783; x_wconf 86' lang='grc' dir='ltr'>ευχόμενοι.</span> <span class='ocrx_word' id='word_1_661' title='bbox 2501 4729 2525 4756; x_wconf 73' lang='grc' dir='ltr'><strong><em>υ</em></strong></span> <span class='ocrx_word' id='word_1_662' title='bbox 2556 4702 2764 4777; x_wconf 83' lang='grc' dir='ltr'>Ἰησοῦς</span> <span class='ocrx_word' id='word_1_663' title='bbox 2789 4701 3018 4782; x_wconf 88' lang='grc' dir='ltr'>Χριστός</span> <span class='ocrx_word' id='word_1_664' title='bbox 3053 4704 3165 4760; x_wconf 84' lang='grc' dir='ltr'>ἐστι</span> <span class='ocrx_word' id='word_1_665' title='bbox 3200 4700 3397 4781; x_wconf 85' lang='grc' dir='ltr'>Κύριος</span> <span class='ocrx_word' id='word_1_666' title='bbox 3446 4705 3632 4778; x_wconf 81' lang='grc' dir='ltr'>ἡμῶν,</span> <span class='ocrx_word' id='word_1_667' title='bbox 3663 4705 3768 4785; x_wconf 77' lang='grc' dir='ltr'>οὐχ</span> 
     </span>
    </p>
   </div>
   <div class='ocr_carea' id='block_1_92' title="bbox 2162 4791 3764 4873">
    <p class='ocr_par' dir='ltr' id='par_1_92' title="bbox 2162 4791 3764 4873">
     <span class='ocr_line' id='line_1_92' title="bbox 2162 4791 3764 4873; baseline 0.001 -21"><span class='ocrx_word' id='word_1_668' title='bbox 2162 4798 2210 4853; x_wconf 79' lang='grc' dir='ltr'>οἱ</span> <span class='ocrx_word' id='word_1_669' title='bbox 2240 4795 2413 4855; x_wconf 87' lang='grc' dir='ltr'>δοῦλοι</span> <span class='ocrx_word' id='word_1_670' title='bbox 2446 4793 2678 4873; x_wconf 83' lang='grc' dir='ltr'>ἄγγελοι.</span> <span class='ocrx_word' id='word_1_671' title='bbox 2727 4793 2811 4853; x_wconf 85' lang='grc' dir='ltr'>Οὐ</span> <span class='ocrx_word' id='word_1_672' title='bbox 2837 4793 2925 4852; x_wconf 80' lang='grc' dir='ltr'><strong><em>διὰ</em></strong></span> <span class='ocrx_word' id='word_1_673' title='bbox 2952 4792 3000 4828; x_wconf 63' lang='grc' dir='ltr'>θ’</span> <span class='ocrx_word' id='word_1_674' title='bbox 3031 4795 3125 4862; x_wconf 79' lang='grc' dir='ltr'><strong><em>τῆς</em></strong></span> <span class='ocrx_word' id='word_1_675' title='bbox 3171 4791 3513 4871; x_wconf 84' lang='grc' dir='ltr'>εὐχαριστίας</span> <span class='ocrx_word' id='word_1_676' title='bbox 3548 4792 3603 4851; x_wconf 88' lang='grc' dir='ltr'>δὲ</span> <span class='ocrx_word' id='word_1_677' title='bbox 3656 4793 3764 4870; x_wconf 85' lang='grc' dir='ltr'>μό-</span> 
     </span>
    </p>
   </div>
   <div class='ocr_carea' id='block_1_93' title="bbox 2162 4880 3767 4961">
    <p class='ocr_par' dir='ltr' id='par_1_93' title="bbox 2162 4880 3767 4961">
     <span class='ocr_line' id='line_1_93' title="bbox 2162 4880 3767 4961; baseline -0.001 -19"><span class='ocrx_word' id='word_1_678' title='bbox 2162 4908 2251 4942; x_wconf 93' lang='grc' dir='ltr'><strong><em>νον</em></strong></span> <span class='ocrx_word' id='word_1_679' title='bbox 2276 4928 2293 4956; x_wconf 91' lang='grc'><strong><em>,</em></strong></span> <span class='ocrx_word' id='word_1_680' title='bbox 2335 4882 2474 4944; x_wconf 80' lang='grc' dir='ltr'>ἀλλὰ</span> <span class='ocrx_word' id='word_1_681' title='bbox 2512 4882 2605 4942; x_wconf 80' lang='grc' dir='ltr'>καὶ</span> <span class='ocrx_word' id='word_1_682' title='bbox 2639 4887 2733 4955; x_wconf 82' lang='grc' dir='ltr'><strong><em>τῆς</em></strong></span> <span class='ocrx_word' id='word_1_683' title='bbox 2791 4884 3059 4954; x_wconf 87' lang='grc' dir='ltr'>διηνεκοῦς</span> <span class='ocrx_word' id='word_1_684' title='bbox 3088 4880 3221 4960; x_wconf 75' lang='grc' dir='ltr'>ὑπὲρ</span> <span class='ocrx_word' id='word_1_685' title='bbox 3252 4882 3425 4939; x_wconf 85' lang='grc' dir='ltr'>αὐτῶν</span> <span class='ocrx_word' id='word_1_686' title='bbox 3476 4883 3636 4961; x_wconf 78' lang='grc' dir='ltr'>εὐχῆς</span> <span class='ocrx_word' id='word_1_687' title='bbox 3665 4882 3767 4954; x_wconf 77' lang='grc' dir='ltr'><strong><em>τὴν</em></strong></span> 
     </span>
    </p>
   </div>
   <div class='ocr_carea' id='block_1_94' title="bbox 2164 4969 3769 5051">
    <p class='ocr_par' dir='ltr' id='par_1_94' title="bbox 2164 4969 3769 5051">
     <span class='ocr_line' id='line_1_94' title="bbox 2164 4969 3769 5051; baseline 0 -20"><span class='ocrx_word' id='word_1_688' title='bbox 2164 4972 2378 5050; x_wconf 82' lang='grc' dir='ltr'>ἀγάπην</span> <span class='ocrx_word' id='word_1_689' title='bbox 2422 4972 2723 5045; x_wconf 84' lang='grc' dir='ltr'>δείκνυσιν,</span> <span class='ocrx_word' id='word_1_690' title='bbox 2771 4970 2852 5031; x_wconf 79' lang='grc' dir='ltr'><strong><em>ὅτι</em></strong></span> <span class='ocrx_word' id='word_1_691' title='bbox 2900 4971 2992 5031; x_wconf 77' lang='grc' dir='ltr'><strong><em>καὶ</em></strong></span> <span class='ocrx_word' id='word_1_692' title='bbox 3041 4969 3127 5038; x_wconf 75' lang='grc' dir='ltr'>οὓς</span> <span class='ocrx_word' id='word_1_693' title='bbox 3175 4972 3276 5051; x_wconf 83' lang='grc' dir='ltr'><strong><em>οὐχ</em></strong></span> <span class='ocrx_word' id='word_1_694' title='bbox 3320 4970 3491 5051; x_wconf 82' lang='grc' dir='ltr'>ἑώρα,</span> <span class='ocrx_word' id='word_1_695' title='bbox 3548 4971 3769 5041; x_wconf 80' lang='grc' dir='ltr'>τούτους</span> 
     </span>
    </p>
   </div>
   <div class='ocr_carea' id='block_1_95' title="bbox 2162 5053 2897 5142">
    <p class='ocr_par' dir='ltr' id='par_1_95' title="bbox 2162 5053 2897 5142">
     <span class='ocr_line' id='line_1_95' title="bbox 2162 5053 2897 5142; baseline 0.004 -23"><span class='ocrx_word' id='word_1_696' title='bbox 2162 5053 2273 5142; x_wconf 72' lang='grc' dir='ltr'>εἶχε</span> <span class='ocrx_word' id='word_1_697' title='bbox 2308 5062 2589 5130; x_wconf 85' lang='grc' dir='ltr'>διαπαντὸς</span> <span class='ocrx_word' id='word_1_698' title='bbox 2614 5064 2665 5121; x_wconf 78' lang='grc' dir='ltr'>ἐν</span> <span class='ocrx_word' id='word_1_699' title='bbox 2703 5064 2897 5142; x_wconf 80' lang='grc' dir='ltr'>ἑαυτῷ.</span> 
     </span>
    </p>
   </div>
   <div class='ocr_carea' id='block_1_96' title="bbox 2247 5148 3773 5232">
    <p class='ocr_par' dir='ltr' id='par_1_96' title="bbox 2247 5148 3773 5232">
     <span class='ocr_line' id='line_1_96' title="bbox 2247 5148 3773 5232; baseline -0.003 -21"><span class='ocrx_word' id='word_1_700' title='bbox 2247 5178 2269 5204; x_wconf 77' lang='grc' dir='ltr'>σι</span> <span class='ocrx_word' id='word_1_701' title='bbox 2303 5151 2647 5219; x_wconf 84' lang='grc' dir='ltr'>Ἀκούσαντες</span> <span class='ocrx_word' id='word_1_702' title='bbox 2711 5150 2807 5223; x_wconf 75' lang='grc' dir='ltr'><strong><em>τὴν</em></strong></span> <span class='ocrx_word' id='word_1_703' title='bbox 2855 5150 3035 5210; x_wconf 85' lang='grc' dir='ltr'>πίστιν</span> <span class='ocrx_word' id='word_1_704' title='bbox 3088 5153 3236 5227; x_wconf 73' lang='grc' dir='ltr'>ὑμῶν</span> <span class='ocrx_word' id='word_1_705' title='bbox 3291 5148 3387 5221; x_wconf 84' lang='grc' dir='ltr'><strong><em>τὴν</em></strong></span> <span class='ocrx_word' id='word_1_706' title='bbox 3447 5152 3499 5210; x_wconf 81' lang='grc' dir='ltr'>ἐν</span> <span class='ocrx_word' id='word_1_707' title='bbox 3547 5152 3773 5232; x_wconf 79' lang='grc' dir='ltr'>Χριστῷ</span> 
     </span>
    </p>
   </div>
   <div class='ocr_carea' id='block_1_97' title="bbox 2164 5239 3767 5321">
    <p class='ocr_par' dir='ltr' id='par_1_97' title="bbox 2164 5239 3767 5321">
     <span class='ocr_line' id='line_1_97' title="bbox 2164 5239 3767 5321; baseline -0.002 -20"><span class='ocrx_word' id='word_1_708' title='bbox 2164 5239 2368 5313; x_wconf 85' lang='grc' dir='ltr'>Ἰησοῦ.</span> <span class='ocrx_word' id='word_1_709' title='bbox 2395 5275 2474 5287; x_wconf 91' lang='grc'><strong><em>-</em></strong></span> <span class='ocrx_word' id='word_1_710' title='bbox 2507 5243 2948 5321; x_wconf 79' lang='grc' dir='ltr'>Εὐχαριστοῦμεν</span> <span class='ocrx_word' id='word_1_711' title='bbox 2967 5283 2983 5312; x_wconf 95' lang='grc'><strong><em>,</em></strong></span> <span class='ocrx_word' id='word_1_712' title='bbox 3012 5266 3037 5293; x_wconf 68' lang='grc' dir='ltr'><strong>υ</strong></span> <span class='ocrx_word' id='word_1_713' title='bbox 3088 5240 3255 5318; x_wconf 78' lang='grc' dir='ltr'>φησὶ,</span> <span class='ocrx_word' id='word_1_714' title='bbox 3294 5239 3425 5298; x_wconf 86' lang='grc' dir='ltr'>διότι</span> <span class='ocrx_word' id='word_1_715' title='bbox 3455 5240 3767 5317; x_wconf 65' lang='grc' dir='ltr'><strong><em>⁸ἠκούσαμεν</em></strong></span> 
     </span>
    </p>
   </div>
   <div class='ocr_carea' id='block_1_98' title="bbox 2161 5328 3766 5412">
    <p class='ocr_par' dir='ltr' id='par_1_98' title="bbox 2161 5328 3766 5412">
     <span class='ocr_line' id='line_1_98' title="bbox 2161 5328 3766 5412; baseline -0.002 -22"><span class='ocrx_word' id='word_1_716' title='bbox 2161 5332 2309 5412; x_wconf 80' lang='grc' dir='ltr'>παρὰ</span> <span class='ocrx_word' id='word_1_717' title='bbox 2339 5338 2431 5391; x_wconf 91' lang='grc' dir='ltr'><strong><em>τοῦ</em></strong></span> <span class='ocrx_word' id='word_1_718' title='bbox 2460 5332 2856 5411; x_wconf 80' lang='grc' dir='ltr'>Ἐπαφροδίτου</span> <span class='ocrx_word' id='word_1_719' title='bbox 2888 5357 2912 5383; x_wconf 76' lang='grc' dir='ltr'>ει</span> <span class='ocrx_word' id='word_1_720' title='bbox 2943 5328 3041 5402; x_wconf 80' lang='grc' dir='ltr'><strong><em>τὴν</em></strong></span> <span class='ocrx_word' id='word_1_721' title='bbox 3069 5328 3250 5388; x_wconf 86' lang='grc' dir='ltr'>πίστιν</span> <span class='ocrx_word' id='word_1_722' title='bbox 3293 5332 3443 5408; x_wconf 77' lang='grc' dir='ltr'>ὑμῶν</span> <span class='ocrx_word' id='word_1_723' title='bbox 3464 5375 3482 5407; x_wconf 83' lang='lat'><strong><em>,</em></strong></span> <span class='ocrx_word' id='word_1_724' title='bbox 3526 5358 3547 5381; x_wconf 76' lang='grc' dir='ltr'><strong><em>ιι</em></strong></span> <span class='ocrx_word' id='word_1_725' title='bbox 3580 5331 3638 5387; x_wconf 87' lang='grc' dir='ltr'>οὖ</span> <span class='ocrx_word' id='word_1_726' title='bbox 3668 5329 3766 5401; x_wconf 79' lang='grc' dir='ltr'><strong><em>τὴν</em></strong></span> 
     </span>
    </p>
   </div>
   <div class='ocr_carea' id='block_1_99' title="bbox 2164 5416 3770 5500">
    <p class='ocr_par' dir='ltr' id='par_1_99' title="bbox 2164 5416 3770 5500">
     <span class='ocr_line' id='line_1_99' title="bbox 2164 5416 3770 5500; baseline -0.002 -20"><span class='ocrx_word' id='word_1_727' title='bbox 2164 5424 2220 5480; x_wconf 87' lang='grc' dir='ltr'>ἐν</span> <span class='ocrx_word' id='word_1_728' title='bbox 2277 5420 2571 5499; x_wconf 81' lang='grc' dir='ltr'>ἀγγέλοις,.</span> <span class='ocrx_word' id='word_1_729' title='bbox 2602 5421 2741 5479; x_wconf 83' lang='grc' dir='ltr'>ἀλλὰ</span> <span class='ocrx_word' id='word_1_730' title='bbox 2780 5443 2808 5479; x_wconf 79' lang='grc' dir='ltr'>ι(</span> <span class='ocrx_word' id='word_1_731' title='bbox 2833 5422 2885 5480; x_wconf 80' lang='grc' dir='ltr'>ἐν</span> <span class='ocrx_word' id='word_1_732' title='bbox 2921 5421 3139 5500; x_wconf 82' lang='grc' dir='ltr'>Χριστῷ</span> <span class='ocrx_word' id='word_1_733' title='bbox 3172 5416 3370 5490; x_wconf 87' lang='grc' dir='ltr'>Ἰησοῦ.</span> <span class='ocrx_word' id='word_1_734' title='bbox 3410 5442 3437 5476; x_wconf 74' lang='lat' dir='ltr'><strong><em>n</em></strong></span> <span class='ocrx_word' id='word_1_735' title='bbox 3481 5421 3770 5499; x_wconf 80' lang='grc' dir='ltr'>Προκατα-</span> 
     </span>
    </p>
   </div>
   <div class='ocr_carea' id='block_1_100' title="bbox 1847 5562 2383 5627">
    <p class='ocr_par' dir='ltr' id='par_1_100' title="bbox 1847 5562 2383 5627">
     <span class='ocr_line' id='line_1_100' title="bbox 1847 5562 2383 5627; baseline 0.011 -6"><span class='ocrx_word' id='word_1_736' title='bbox 1847 5562 2035 5623; x_wconf 71' lang='lat' dir='ltr'><strong><em>Variae</em></strong></span> <span class='ocrx_word' id='word_1_737' title='bbox 2079 5565 2383 5627; x_wconf 86' lang='lat' dir='ltr'><strong><em>lectiones.</em></strong></span> 
     </span>
    </p>
   </div>
   <div class='ocr_carea' id='block_1_101' title="bbox 555 5706 3772 5789">
    <p class='ocr_par' dir='ltr' id='par_1_101' title="bbox 555 5706 3772 5789">
     <span class='ocr_line' id='line_1_101' title="bbox 555 5706 3772 5789; baseline 0.004 -26"><span class='ocrx_word' id='word_1_738' title='bbox 555 5706 703 5789; x_wconf 39' lang='lat' dir='ltr'><strong><em>&quot;ab&quot;</em></strong></span> <span class='ocrx_word' id='word_1_739' title='bbox 723 5707 890 5789; x_wconf 47' lang='lat' dir='ltr'><strong><em>abluat</em></strong></span> <span class='ocrx_word' id='word_1_740' title='bbox 918 5724 972 5764; x_wconf 92' lang='lat'><strong><em>0.</em></strong></span> <span class='ocrx_word' id='word_1_741' title='bbox 1049 5708 1095 5744; x_wconf 75' lang='grc'><strong><em>⁵³</em></strong></span> <span class='ocrx_word' id='word_1_742' title='bbox 1122 5710 1400 5777; x_wconf 78' lang='grc' dir='ltr'>Κολοσσαῖς</span> <span class='ocrx_word' id='word_1_743' title='bbox 1427 5729 1481 5772; x_wconf 91' lang='lat'><strong><em>0.</em></strong></span> <span class='ocrx_word' id='word_1_744' title='bbox 1555 5715 1600 5750; x_wconf 82' lang='grc'><strong><em>⁶⁰</em></strong></span> <span class='ocrx_word' id='word_1_745' title='bbox 1626 5715 1708 5769; x_wconf 82' lang='grc' dir='ltr'><strong><em>διὰ</em></strong></span> <span class='ocrx_word' id='word_1_746' title='bbox 1733 5731 1786 5773; x_wconf 93' lang='grc' dir='ltr'><strong><em>ο,</em></strong></span> <span class='ocrx_word' id='word_1_747' title='bbox 1861 5716 1902 5751; x_wconf 70' lang='grc'><strong><em>⁸³</em></strong></span> <span class='ocrx_word' id='word_1_748' title='bbox 1932 5716 2217 5789; x_wconf 75' lang='grc' dir='ltr'>καλούμεθα</span> <span class='ocrx_word' id='word_1_749' title='bbox 2252 5734 2306 5775; x_wconf 93' lang='lat' dir='ltr'><strong><em>o.</em></strong></span> <span class='ocrx_word' id='word_1_750' title='bbox 2385 5717 2430 5753; x_wconf 79' lang='grc'>⁶²</span> <span class='ocrx_word' id='word_1_751' title='bbox 2473 5717 2585 5788; x_wconf 74' lang='grc' dir='ltr'>περὶ</span> <span class='ocrx_word' id='word_1_752' title='bbox 2606 5733 2658 5774; x_wconf 94' lang='lat'><strong><em>0.</em></strong></span> <span class='ocrx_word' id='word_1_753' title='bbox 2736 5717 2782 5753; x_wconf 79' lang='grc'><strong><em>⁸⁸</em></strong></span> <span class='ocrx_word' id='word_1_754' title='bbox 2810 5716 3166 5786; x_wconf 77' lang='grc' dir='ltr'>ἄποπηδήσωσι</span> <span class='ocrx_word' id='word_1_755' title='bbox 3193 5720 3281 5772; x_wconf 79' lang='grc' dir='ltr'><strong><em>τοῦ</em></strong></span> <span class='ocrx_word' id='word_1_756' title='bbox 3307 5715 3467 5789; x_wconf 85' lang='grc' dir='ltr'>λόγου</span> <span class='ocrx_word' id='word_1_757' title='bbox 3489 5730 3539 5774; x_wconf 91' lang='lat'><strong><em>0.</em></strong></span> <span class='ocrx_word' id='word_1_758' title='bbox 3578 5716 3623 5751; x_wconf 69' lang='grc'><strong><em>⁸⁸</em></strong></span> <span class='ocrx_word' id='word_1_759' title='bbox 3656 5717 3772 5788; x_wconf 75' lang='grc' dir='ltr'>περὶ</span> 
     </span>
    </p>
   </div>
   <div class='ocr_carea' id='block_1_102' title="bbox 464 5784 1090 5858">
    <p class='ocr_par' dir='ltr' id='par_1_102' title="bbox 464 5784 1090 5858">
     <span class='ocr_line' id='line_1_102' title="bbox 464 5784 1090 5858; baseline -0.003 -15"><span class='ocrx_word' id='word_1_760' title='bbox 464 5800 523 5843; x_wconf 90' lang='grc' dir='ltr'><strong><em>ο.</em></strong></span> <span class='ocrx_word' id='word_1_761' title='bbox 598 5788 642 5821; x_wconf 75' lang='grc'><strong><em>⁸⁵</em></strong></span> <span class='ocrx_word' id='word_1_762' title='bbox 678 5786 753 5844; x_wconf 85' lang='grc' dir='ltr'><strong><em>ἴσ.</em></strong></span> <span class='ocrx_word' id='word_1_763' title='bbox 780 5784 1008 5858; x_wconf 74' lang='grc' dir='ltr'>Ἐπαφρᾶ</span> <span class='ocrx_word' id='word_1_764' title='bbox 1033 5804 1090 5847; x_wconf 90' lang='lat' dir='ltr'><strong><em>o.</em></strong></span> 
     </span>
    </p>
   </div>
  </div>
