4104 6450
380 488 518 545 i209

1289 487 1646 546 EXPOSITIO
1682 488 1750 545 IN
1786 486 2000 544 EPIST.
2041 487 2132 543 AD
2169 488 2446 547 COLOSS.
2484 519 2559 533 -—
2594 490 2743 546 CAP.
2784 494 2831 547 Ι.

3546 493 3688 549 1210

375 614 642 692 λαμϐάνει
670 616 726 678 δὲ
770 615 957 685 αὐτοὺς
985 615 1037 654 ⁸⁵
1082 613 1171 676 διὰ
1213 616 1423 677 τούτου.
1461 616 1573 676 Καὶ
1627 614 1695 675 τὰ
1735 613 1968 693 ὀνόματα

2083 616 2204 674 hinc
2223 623 2411 673 autem
2432 624 2778 690 praeoccupat
2797 630 2916 674 eos.
2935 616 3252 687 Quinetiam
3275 618 3505 674 nomina
3545 616 3683 682 haec,

377 704 433 762 δὲ
462 710 663 781 ταῦτα,
692 706 755 767 τὸ
780 753 796 781 ,
836 706 1068 789 Χριστὸς
1088 750 1105 780 ,
1156 706 1249 765 καὶ
1277 706 1337 766 τὸ
1363 753 1379 780 ,
1411 706 1644 779 Ἰησοῦς,
1692 708 1787 777 τῆς
1824 706 1972 784 εὔερ-

379 792 561 871 γεσίας
584 795 854 874 σύμϐολα.
890 796 1063 864 Αὐτός
1086 820 1143 856 τε
1174 797 1277 876 γὰρ
1302 795 1519 877 ἓχρίσθη
1544 796 1596 835 ⁸⁷
1628 795 1760 877 ὑπὲρ
1791 798 1971 874 ἡμῶν,

377 882 468 941 καὶ
503 886 658 954 αὐτὸς
686 886 855 945 ἔσωσε
885 886 973 946 τὸν
994 885 1121 945 λαὸν
1144 886 1248 946 ἀπὸ
1276 889 1381 944 τῶν
1409 887 1712 966 ἁμαρτιῶν.

467 995 496 1032 (ι
526 974 635 1034 Καὶ
666 974 762 1048 τὴν
807 974 1050 1056 ἀγάπην,
1080 975 1177 1047 τὴν
1217 979 1290 1044 εἷς
1321 976 1523 1043 πάντας
1551 976 1671 1043 τοὺς
1698 973 1897 1053 ἁγίους.
1932 996 1961 1033 ι)

376 1064 495 1122 Οὐκ
520 1065 591 1131 εἰς
618 1063 767 1124 τόνδε
804 1064 839 1137 ἢ
882 1064 1061 1137 τόνδε,
1116 1067 1233 1125 ἀλλ’
1268 1069 1341 1132 εἷς
1373 1066 1598 1132 πάντας.
1644 1067 1854 1125 Οὐκοῦν
1880 1061 1972 1122 καὶ

375 1158 537 1228 ἡμᾶς.
566 1152 743 1215 Ὥστε
802 1155 894 1214 καὶ
949 1153 1240 1214 ἀκούσεσθε
1290 1156 1447 1231 ἡμῶν
1496 1154 1682 1226 ἡδέως.
1726 1156 1972 1214 Οἷκειου-

377 1241 538 1316 μένου
567 1242 620 1303 δὲ
658 1242 845 1312 αὖτοὺς
871 1250 1041 1303 ταῦτα
1070 1242 1137 1302 τὰ
1172 1243 1413 1327 ῥήματα.
1444 1244 1604 1304 Δοκεῖ
1628 1241 1686 1302 δέ
1714 1266 1804 1321 μοι
1835 1243 1972 1320 ἀγά-

377 1355 485 1402 πην
526 1335 624 1405 τὴν
654 1333 1015 1412 ἐλεημοσύνην
1067 1333 1162 1393 καὶ
1216 1334 1278 1393 τὸ
1323 1334 1625 1395 κοινωνικὸν
1673 1333 1973 1413 λέγειν,ὡς

376 1420 469 1479 καὶ
495 1423 756 1503 ἀλλαχοῦ.

456 1538 480 1563 α
515 1510 619 1571 Διὰ
665 1513 759 1584 τὴν
822 1512 1009 1572 ἐλπίδα
1056 1512 1154 1585 τὴν
1209 1512 1569 1591 ἀποκειμένην
1615 1516 1740 1592 ὗμῖν
1783 1513 1836 1570 ἐν
1866 1519 1973 1578 τοῖς

375 1600 629 1679 οὐρανοῖς.
660 1627 684 1653 ιο
736 1601 1040 1680 Ἀγαπᾶτε,
1075 1602 1202 1686 φησὶ
1224 1648 1240 1675 ,
1275 1601 1393 1671 τοὺς
1440 1603 1619 1681 ἁγίους
1642 1648 1662 1679 ,
1692 1603 1753 1660 οὗ
1796 1601 1883 1660 διά
1921 1623 1972 1658 τι

376 1689 732 1771 ἀνθρώπινον,
787 1693 926 1752 ἀλλὰ
973 1691 1060 1751 διὰ
1100 1693 1160 1751 τὸ
1195 1692 1423 1762 ἐλπίζειν
1452 1692 1521 1753 τὰ
1552 1692 1814 1769 μέλλοντα
1837 1693 1971 1767 ἀγα-

375 1776 475 1836 θά·
526 1778 595 1853 ἢ,
644 1779 726 1840 ὅτι
776 1783 1255 1861 Εὖχαριστοῦμεν,
1291 1781 1423 1842 διότι
1471 1781 1693 1860 μέλλετε
1720 1782 1974 1862 κληρονο-

2082 706 2357 774 Christus,
2384 713 2461 773 et,
2486 707 2667 777 Jesus,
2694 706 3065 763 beneficentiae
3092 714 3222 764 sunt
3259 706 3528 779 symbola.
3563 710 3684 779 Ipse

2081 799 2232 854 enim
2257 804 2458 854 unctus
2476 805 2559 854 est
2577 813 2675 869 pro
2704 797 2886 868 nobis,
2917 806 2973 855 et
2998 798 3118 871 ipse
3146 797 3384 856 servavit
3407 797 3677 870 populum

2083 906 2113 945 a
2145 889 2403 963 peccatis.

2153 982 2222 1035 Et
2236 978 2585 1041 dilectionem
2606 995 2773 1049 quam
2801 980 3005 1035 habetis
3023 981 3083 1036 in
3102 983 3313 1036 sanctos
3333 993 3529 1034 omnes.
3556 980 3683 1034 Non

2082 1082 2209 1140 erga
2240 1067 2386 1124 hunc
2432 1068 2515 1125 vel
2545 1068 2722 1137 illum,
2775 1067 2871 1124 sed
2914 1084 3043 1140 erga
3073 1083 3287 1125 omnes.
3334 1069 3479 1140 Ergo
3527 1074 3583 1122 et
3621 1065 3675 1122 in

2081 1172 2184 1213 nos
2211 1174 2378 1231 quare
2406 1158 2635 1215 audietis
2676 1173 2779 1215 nos
2807 1157 3063 1215 libenter.
3112 1157 3464 1214 Conciliantis
3491 1164 3677 1212 autem

2082 1262 2178 1303 eos
2214 1247 2333 1305 haec
2379 1248 2545 1304 verba
2574 1256 2724 1305 sunt.
2756 1248 2988 1305 Videtur
3015 1255 3199 1304 autem
3225 1247 3366 1303 mihi
3408 1263 3504 1320 per
3541 1245 3673 1302 dile-

2083 1337 2322 1394 ctionem
2347 1338 2751 1411 eleemosynam
2781 1345 2838 1394 et
2874 1337 3436 1395 communicationem
3473 1335 3677 1404 dicere,

2083 1428 2309 1499 perinde
2335 1444 2399 1484 ac
2426 1427 2481 1483 in
2510 1428 2627 1484 aliis
2656 1427 2806 1484 locis.

2153 1520 2326 1574 Vens.
2370 1523 2422 1574 5.
2453 1520 2683 1589 Propter
2708 1534 2854 1589 spem
2882 1534 3002 1589 qua:
3053 1519 3291 1589 reposita
3335 1520 3414 1572 est
3439 1516 3585 1571 vobis
3626 1517 3684 1570 in

2083 1609 2242 1663 catis.
2292 1607 2550 1680 Diligitis,
2596 1606 2786 1680 inquit,
2829 1615 3070 1675 sanctos,
3118 1623 3232 1662 non
3261 1606 3333 1663 ob
3373 1604 3681 1662 humanum

2082 1695 2308 1769 aliquid,
2347 1697 2443 1754 sed
2487 1697 2613 1768 quia
2644 1695 2829 1753 futura
2859 1697 3002 1753 bona
3029 1696 3265 1768 speratis
3297 1714 3310 1751 :
3344 1695 3448 1763 vel,
3480 1693 3684 1767 gratias

2082 1786 2315 1858 agimus,
2353 1786 2482 1859 quia
2508 1786 2935 1857 iucorruptibilis
2959 1786 3105 1843 bona
3135 1784 3488 1843 consecuturi
3531 1783 3678 1840 estis.

378 1866 570 1943 μήσειν
607 1868 682 1959 ⁸⁸-
712 1873 820 1929 τῶν
881 1870 1181 1952 ἀφθάρτων.
1243 1874 1323 1932 Οὐ
1370 1870 1474 1953 γὰρ
1519 1874 1571 1931 ἐν
1600 1875 1667 1951 τῇ
1841 1868 1972 1959 ἀπό-

2086 1879 2206 1931 Nou
2232 1877 2380 1933 enim
2410 1876 2469 1932 in
2496 1885 2642 1933 terra
2670 1884 2798 1932 sunt
2840 1876 3098 1948 reposita,
3130 1872 3192 1931 ut
3232 1880 3683 1945 corrumpantur,

374 1979 613 2034 κεινται,
653 1957 740 2017 ἵνα
767 1965 1035 2041 φθαρῶσιν
1057 2005 1073 2033 ,
1125 1964 1245 2042 ἀλλ’
1277 1963 1329 2020 ἐν
1358 1969 1466 2028 τοῖς
1512 1963 1777 2042 οὐρανοῖς³
1828 1958 1965 2018 ὥστε

371 2047 433 2104 τὸ
492 2046 706 2125 βέϐαιον
762 2048 965 2128 ἔχουσι.
1016 2048 1111 2124 Μὴ
1156 2041 1246 2110 οὖν
1296 2050 1660 2133 ἀμφιϐάλλετε
1714 2041 1835 2130 περὶ
1877 2053 1971 2121 τῆς

370 2137 593 2203 ἐλπίδος
636 2139 690 2197 ἐν
749 2140 977 2220 ἀσφαλεῖ
1021 2139 1127 2221 γὰρ
1169 2139 1472 2203 ἀπόκειται.
1515 2143 1689 2202 Τοῦτο
1740 2140 1796 2199 δὲ
1842 2139 1971 2218 πρὸς

370 2225 491 2293 τοὺς
551 2228 988 2307 πειραζομένους,
1040 2228 1179 2288 ὥστε
1234 2230 1310 2307 μὴ
1370 2232 1597 2289 ἐνταῦθα
1646 2234 1820 2301 ζητεῖν
1871 2226 1968 2299 τὴν

374 2315 548 2375 ἄνεσιν
564 2361 581 2389 ,
640 2317 776 2394 μηδὲ
845 2319 1090 2378 ἐκκακεῖν
1138 2319 1268 2400 πρὸς
1323 2317 1443 2386 τοὺς
1494 2318 1855 2401 πειρασμοὺς,
1898 2320 1968 2385 ὡς

376 2406 614 2486 μεγάλην
645 2405 864 2489 ἔχοντας
885 2406 981 2479 τὴν
1015 2409 1374 2488 ἀντιμισθίαν.

462 2522 486 2549 α
541 2494 653 2557 ⁶Ην
699 2497 1068 2578 προηκούσατε
1116 2502 1178 2581 ἐν
1248 2502 1324 2581 τῷ
1373 2498 1518 2580 λόγῳ
1570 2502 1665 2571 τῆς
1721 2497 1969 2571 ἀληθείας

373 2590 465 2643 τοῦ
489 2587 844 2666 Εὐαγγελίου.
878 2612 910 2643 ι
950 2590 1068 2649 Οὗκ
1094 2579 1227 2663 εἶπε,
1251 2579 1363 2650 Τοῦ
1394 2579 1762 2669 κηρύγματος,
1795 2586 1965 2661 ἀλλὰ,

376 2701 399 2725 α
432 2675 543 2735 Τοῦ
585 2676 911 2755 Εὖαγγελίου
928 2726 943 2751 ,
972 2705 996 2729 ιι
1028 2676 1117 2736 ἵνα
1141 2678 1424 2758 ἀναμνήσῃ
1466 2677 1655 2745 αὐτοὺς
1681 2680 1789 2736 τῶν
1811 2679 1969 2758 εὔερ-

377 2769 567 2842 γεσιῶν
597 2771 691 2825 τοῦ
720 2768 865 2827 Θεοῦ
890 2791 903 2805 ·
938 2766 1025 2826 ἐπὶ
1078 2767 1181 2848 γὰρ
1212 2777 1318 2835 τοῖς
1350 2773 1561 2846 ἀγαθοῖς
1611 2766 1671 2826 τὸ
1721 2766 1970 2846 Εὐαγγέ-

376 2856 509 2913 λιον.
566 2858 633 2916 Εἰ
681 2856 734 2914 δὲ
792 2856 942 2939 λόγος
996 2857 1243 2929 ἀληθείας
1288 2856 1467 2937 ἐστὶν,
1512 2856 1662 2917 οὐδὲν
1691 2859 1878 2939 ψεῦδος
1917 2859 1968 2916 ἐν

378 2946 548 3023 αὐτῷ.
607 2946 732 3013 Πῶς
774 2936 863 3004 οὖν
902 2947 1050 3024 ὑμεῖς
1107 2948 1274 3028 ψευδῆ
1310 2947 1465 3007 αὐτὸν
1504 2955 1728 3023 ποιεῖτε,
1766 2945 1841 3023 μὴ
1871 2970 1966 3005 πι-

2077 1965 2172 2021 sed
2208 1966 2265 2022 in
2296 1967 2473 2033 coelis,
2499 1974 2561 2023 ut
2588 1966 2946 2023 stabilitatem
2977 1965 3229 2021 habeant.
3266 1966 3349 2021 Ne
3387 1962 3550 2035 igitur
3572 1977 3684 2017 am-

2080 2052 2278 2126 bigatis
2304 2055 2372 2111 de
2391 2071 2486 2127 spe
2527 2072 2541 2111 :
2583 2056 2639 2110 in
2659 2063 2782 2111 tuto
2819 2055 2967 2111 enim
3001 2053 3241 2126 reposita
3279 2059 3380 2108 cst.
3429 2052 3553 2107 Hoc
3588 2065 3685 2105 au-

2079 2150 2194 2199 tem
2224 2144 2460 2216 pertinet
2499 2144 2567 2201 ad
2593 2160 2708 2219 eos‘
2729 2144 2824 2217 qui
2855 2152 3154 2213 tentantur,
3206 2157 3278 2198 ne
3313 2141 3407 2197 hic
3438 2139 3683 2212 quietem

2079 2241 2421 2304 exspectent,
2451 2249 2627 2306 neque
2674 2233 3073 2289 tentationibus
3122 2230 3505 2299 succumbant,
3552 2228 3681 2301 quia

2079 2337 2345 2396 magnam
2382 2323 2802 2381 retributionem
2832 2321 3053 2379 habent.

2152 2506 2324 2573 Quam
2339 2506 2502 2576 prius
2526 2504 2819 2560 audivistis
2840 2506 2898 2560 in
2920 2506 3084 2559 verba
3109 2505 3359 2560 veritatis
3377 2505 3675 2573 Evangelii.

2081 2599 2202 2652 Non
2230 2594 2388 2662 dixit,
2427 2593 2872 2661 Praedicationis,
2927 2593 3022 2651 sed
3067 2594 3372 2663 Evangelii,
3423 2600 3485 2648 ut
3527 2608 3682 2648 com-

2081 2682 2409 2740 monefaciat
2448 2699 2545 2740 eos
2590 2682 2987 2739 beneﬁciorum
3036 2683 3138 2739 Dei
3187 2699 3203 2738 :
3255 2690 3482 2755 propter
3532 2682 3680 2738 bona

2080 2774 2228 2830 enim
2254 2774 2611 2847 Evangelium
2629 2782 2731 2831 est.
2750 2775 2808 2830 Si
2830 2781 3015 2829 autem
3039 2772 3270 2829 verbum
3300 2772 3546 2828 veritatis
3574 2780 3680 2839 est,

2080 2863 2292 2920 nullum
2324 2863 2673 2920 mendacium
2695 2871 2779 2918 est
2802 2863 2857 2918 in
2886 2862 3023 2933 ipso.
3056 2861 3351 2931 Quomodo
3389 2860 3552 2934 igitur
3588 2877 3683 2917 vos

2083 2951 2513 3025 mendaxipsum
2533 2952 2724 3019 facitis,
2748 2968 2862 3008 non
2884 2951 3196 3022 credentes,
3213 2950 3683 3023 quemadmodum

377 3033 668 3110 στεύοντες,
714 3038 784 3103 ὥς
820 3036 1240 3116 προεδιδάχθητε
1272 3039 1401 3118 παρ’
1431 3037 1614 3113 αὐτοῦ,
1648 3035 1729 3096 ὅτι
1770 3036 1855 3095 διὰ
1880 3041 1971 3095 τοῦ

2083 3044 2193 3114 iam
2217 3052 2374 3099 antea
2402 3042 2641 3098 instituti
2674 3042 2801 3098 estis
2830 3042 2899 3098 ab
2925 3042 3066 3115 ipso,
3099 3042 3250 3115 quod
3273 3057 3371 3114 per
3397 3040 3682 3098 Christum

376 3125 611 3203 Χριστοῦ
663 3128 696 3197 ἡ
738 3125 1008 3206 σωτηρίας
1057 3129 1107 3186 Τ
1113 3126 1154 3194 ίς
1187 3126 1241 3185 δὲ
1286 3119 1352 3200 ἦν
1383 3130 1411 3186 ὁ
1455 3124 1688 3209 κηρύξας
1726 3127 1870 3200 ἐκεῖ,
1905 3125 1973 3186 Ὀ

379 3211 690 3293 Ἐπαφρᾶς,
721 3217 789 3280 ὡς
815 3218 874 3273 ἐκ
898 3217 1003 3272 τῶν
1037 3213 1155 3287 ἑξῆς
1185 3215 1450 3297 φαίνεται.

460 3334 484 3353 ιι
535 3305 651 3363 Τοῦ
696 3302 955 3382 παρόντος
1009 3305 1080 3371 εἷς
1130 3308 1299 3381 ὑμᾶς,
1349 3305 1525 3375 καθὼς
1574 3305 1666 3364 καὶ
1706 3308 1762 3366 ἄν
1816 3305 1975 3364 παντὶ

376 3393 453 3469 τῷ
478 3390 686 3473 κόσμῳ.
724 3421 746 3445 υ
796 3391 897 3459 Ὡς
927 3392 1017 3453 ἐπὶ
1070 3393 1314 3475 ἐμψύχου
1345 3395 1484 3463 τινὸς
1512 3386 1630 3453 εἶπε
1658 3394 1743 3467 τὸ,
1777 3421 1802 3447 κ
1846 3397 1973 3455 Πα-

381 3479 572 3559 ρόντος.
606 3510 633 3535 ι
669 3485 753 3543 Οὐ
796 3482 1147 3563 παρεγένετο,
1198 3484 1364 3566 φησὶ,
1396 3484 1527 3564 πρὸς
1556 3487 1725 3562 ὑμᾶς,
1752 3483 1843 3544 καὶ
1866 3487 1974 3543 ἀπ-

375 3570 502 3643 έστη
524 3617 541 3648 ,
570 3574 709 3632 ἀλλὰ
738 3573 965 3654 πάρεστι
998 3573 1085 3632 xui
1118 3583 1302 3654 κρατεῖ
1352 3576 1406 3633 ἐν
1446 3577 1597 3651 ὓμῖν.
1632 3572 1737 3634 Διᾶ
1776 3572 1975 3632 τούτων

377 3660 431 3717 δὲ
481 3663 717 3741 ἱλαρύνει
766 3663 974 3730 αὐτούς.
1025 3662 1249 3735 Ἐπειδὴ
1302 3662 1358 3723 δὲ
1407 3668 1457 3724 οἳ
1520 3662 1711 3723 πολλοὶ
1764 3665 1972 3740 μᾶλλον

376 3750 741 3830 στηρίζονται,
790 3755 916 3811 ὅταν
972 3755 1064 3811 καὶ
1102 3753 1384 3820 κοινωνοὺς
1441 3751 1604 3832 ἔχωσι
1638 3756 1740 3811 τῶν
1781 3753 1974 3832 δογμά-

373 3863 478 3897 των
505 3886 520 3918 ,
556 3840 688 3923 φησί
709 3865 722 3878 ·
762 3863 793 3900 (ι
822 3842 933 3904 Καὶ
964 3844 1016 3900 ἐν
1046 3842 1209 3901 παντὶ
1252 3847 1327 3924 τῷ
1357 3843 1567 3925 κόσμῳ.
1612 3864 1643 3900 ι)
1684 3844 1975 3924 Παν-ταχοῦ

372 3932 475 4010 γάρ
507 3933 647 4005 ἐστι,
677 3937 956 4011 πανταχοῦ
995 3932 1207 4004 ἕστηκε.

467 4042 496 4079 (ι
544 4021 654 4080 Καὶ
702 4023 815 4079 ἔστι
885 4023 1383 4104 καρποφορούμενον
1443 4022 1536 4080 καὶ
1602 4022 1972 4098 αὐξανόμενον.

373 4144 428 4153 --
458 4110 974 4192 Καρποφορούμενον
997 4139 1019 4161 σι
1044 4112 1129 4169 διὰ
1146 4111 1212 4169 τὰ
1236 4111 1388 4191 ἔργα,
1407 4139 1426 4162 ι
1450 4110 1825 4189 αὐξανόμενον,
1848 4139 1872 4163 ιι
1889 4113 1974 4171 διὰ

371 4200 435 4257 τὸ
463 4200 691 4267 πολλοὺς
724 4207 795 4267 είς
822 4201 918 4271 τὴν
952 4202 1129 4259 πίστιν
1160 4201 1669 4281 προσλαμϐάνεσθαι
1698 4203 1969 4261 ἑκάστοτε.

2084 3133 2162 3203 ειὶι⁶
2180 3132 2369 3190 salus?
2415 3132 2553 3205 Quis
2592 3140 2775 3188 autem
2824 3140 2948 3188 erat
2993 3131 3083 3204 qui
3113 3132 3221 3187 illic
3248 3129 3683 3203 praedicaverat?

2085 3223 2391 3296 Epaphras,
2429 3222 2653 3295 perinde
2693 3239 2757 3278 ac
2803 3223 2859 3277 in
2889 3220 3249 3295 sequentibus
3278 3220 3501 3293 planum
3531 3218 3607 3276 ﬁt.

2154 3316 2338 3370 Vnns.
2363 3320 2418 3368 6.
2447 3313 2600 3382 Quod
2610 3328 2847 3383 praesens
2865 3316 2942 3368 est
2955 3311 3107 3383 apud
3125 3327 3215 3366 vos
3229 3311 3687 3381 quemadmodum

2085 3406 2142 3457 in
2176 3405 2424 3458 universo
2453 3404 2673 3457 mundo.
2705 3406 2991 3475 Tanquam
3030 3400 3101 3456 de
3132 3417 3194 3456 re
3236 3401 3416 3472 aliqua
3446 3400 3686 3456 animata

2080 3491 2238 3558 dixit,
2269 3491 2422 3559 Quod
2442 3492 2681 3562 praesens
2711 3497 2808 3546 est.
2840 3492 2961 3547 Non
3000 3488 3228 3545 advenit
3254 3489 3325 3545 ad
3349 3504 3468 3559 vos,
3506 3489 3688 3561 inquit

2081 3596 2147 3637 ac
2182 3579 2381 3636 defecit
2407 3595 2439 3635 a
2462 3579 2620 3635 vobis
2664 3599 2676 3635 :
2709 3579 2806 3635 sed
2844 3594 3083 3650 praesens
3120 3586 3225 3648 est,
3267 3594 3331 3634 ac
3367 3578 3688 3634 dominatur

2106 3669 2162 3725 in
2176 3668 2350 3725 vobis.
2397 3672 2503 3725 Per
2550 3667 2670 3725 haec
2707 3676 2891 3724 autem
2924 3667 3187 3723 exhilarat
3216 3682 3331 3723 eos.
3368 3666 3509 3736 Quia
3552 3681 3683 3722 vero

2083 3760 2326 3832 plerique
2372 3758 2726 3814 stabiliuntur
2769 3758 2965 3831 magis,
3023 3756 3243 3830 quando
3295 3765 3351 3813 et
3397 3756 3684 3828 participes

2084 3848 2376 3904 habuerint
2399 3848 2745 3921 dogmatum,
2796 3847 2951 3905 addit
2988 3854 3295 3919 propterea,
3337 3851 3390 3901 et
3432 3849 3491 3900 in
3541 3848 3688 3901 omni

2081 3939 2298 3993 mundo.
2333 3938 2555 4009 Ubique
2579 3938 2723 3993 cnim
2757 3944 2860 4004 est,
2894 3945 2948 3992 et
2973 3935 3178 4007 ubique
3198 3934 3467 3991 consistit.

2153 4031 2225 4084 Et
2251 4030 2547 4098 fructiﬁcat
2571 4032 2621 4083 et
2645 4030 2848 4082 crescit.
2874 4028 3181 4096 Fructiﬁcat
3211 4041 3306 4097 per
3334 4040 3537 4096 opera;
3579 4041 3683 4079 cre-

2085 4121 2189 4173 scit
2209 4126 2421 4184 autem,
2443 4115 2593 4189 quod
2605 4116 2766 4173 multi
2787 4115 2852 4171 ad
2868 4115 3292 4187 ﬁdemundique
3317 4114 3680 4185 recipiantur.

2085 4208 2254 4279 Atqui
2268 4206 2510 4263 fructum
2537 4222 2649 4262 non
2675 4205 3014 4278 protulisset,
3032 4204 3135 4259 nisi
3157 4204 3436 4259 ﬁrmatum
3453 4202 3672 4258 fuisset:

374 4290 494 4348 Οὐκ
520 4290 584 4348 ἂν
631 4291 686 4349 δὲ
738 4291 1121 4373 ἔκαρποφόρει,
1157 4292 1201 4349 εἰ
1232 4291 1306 4367 μὴ
1354 4291 1682 4370 ἐστήρικται.
1715 4292 1825 4351 Καὶ
1866 4290 1969 4372 γὰρ

2083 4298 2302 4354 arbores
2330 4298 2504 4364 enim,
2533 4297 2756 4369 quando
2778 4296 3153 4353 corroborata:
3177 4294 3401 4364 fuerint,
3424 4302 3540 4350 tum
3565 4294 3685 4367 plu-

372 4377 438 4435 τὰ
491 4377 677 4456 δένδρα
711 4378 837 4438 ὅταν
891 4385 1175 4461 στηριχθῇ,
1205 4380 1322 4439 τότε
1372 4381 1540 4438 πλείω
1572 4379 1773 4459 καρπὸν
1807 4380 1970 4461 φέρει.

464 4491 492 4525 (ι
517 4469 707 4537 Καθὼς
735 4469 827 4528 καὶ
853 4474 923 4543 ἐν¹
949 4475 1088 4547 ὑμῖν.
1116 4491 1145 4526 ι)
1179 4469 1707 4548 Προκαταλαμϐάνει
1728 4516 1742 4542 ,
1781 4474 1850 4537 ὡς
1879 4470 1971 4529 καὶ

372 4558 651 4638 ἀνωτέρω,
700 4558 887 4625 αὐτοὺς
916 4568 1023 4628 τοῖς
1065 4558 1330 4630 ἐπαίνοις,
1386 4558 1523 4616 ὥστε
1554 4558 1688 4635 μηδὲ
1728 4560 1971 4628 θέλοντας

374 4650 691 4721 ἀποστῆναι.
742 4650 807 4710 Εἰ
844 4647 947 4728 γὰρ
990 4648 1082 4709 καὶ
1141 4651 1212 4714 εἷς
1258 4647 1492 4721 πάντας,
1546 4648 1638 4706 καὶ
1696 4652 1768 4716 εἷς
1831 4652 1971 4727 ὑμᾶς

370 4736 535 4804 οὕτως
588 4738 855 4819 ἐκηρύχθη
887 4739 948 4797 τὸ
983 4738 1340 4818 Εὖαγγέλιον,
1392 4741 1504 4804 πῶς
1552 4743 1642 4795 νῦν
1678 4738 1853 4808 ἄλλως
1884 4741 1967 4800 δο-

370 4827 685 4905 γματίζουσί
707 4852 845 4896 τινες
862 4853 877 4902 ;

460 4939 490 4975 α
538 4917 649 4998 Ἀφ’
706 4910 769 4990 ἧς
818 4918 1025 4998 ἡμέρας
1074 4917 1339 4989 ἠκούσατε
1391 4917 1481 4977 καὶ
1536 4917 1799 4997 ἐπέγνωτε
1870 4918 1968 4993 τὴν

368 5006 527 5087 χάριν
552 5014 642 5067 τοῦ
688 5009 829 5068 Θεοῦ
876 5011 928 5067 ἐν
957 5007 1197 5089 ἀληθείᾳ.
1231 5035 1257 5061 »
1310 5010 1773 5089 Καρποφορεῖῖαι,
1806 5007 1968 5088 φησὶ,

371 5097 463 5155 καὶ
509 5098 789 5168 αὐξάνεται
818 5099 878 5157 τὸ
913 5087 1242 5173 Εὖαγγέλὴιον
1270 5100 1321 5156 ἐν
1367 5099 1490 5174 ὑμῖν
1519 5087 1634 5178 ἀφ’
1661 5087 1724 5169 ἧς
1772 5087 1974 5176 ἡμέρας

372 5186 635 5266 ἐπέγνωτε
668 5187 762 5257 τὴν
798 5188 973 5270 χάριν.
1022 5189 1182 5260 Πῶς;
1230 5187 1349 5247 Οὐκ
1379 5188 1437 5246 ἐν
1468 5185 1651 5267 ἀπάτῃ
1682 5184 1774 5246 καὶ
1797 5185 1972 5265 λόγοις

369 5278 619 5349 εἷκαίοις,
666 5278 784 5336 ἀλλ’
844 5283 896 5338 ἐν
948 5275 1203 5359 ἀληθείᾳ,
1264 5275 1535 5351 τουτέστι,
1592 5274 1834 5354 σημείοις
1877 5278 1969 5338 καὶ

368 5367 536 5447 ἔργοις
562 5366 896 5448 παραδόξοις.

457 5481 485 5514 α
519 5455 710 5525 Καθὼς
736 5456 829 5517 καὶ
870 5456 1095 5535 ἐμάθετε
1121 5457 1227 5517 ἀπὸ
1255 5457 1533 5536 Ἐπαφρᾶ.
1571 5478 1601 5514 »
1636 5453 1825 5522 Οὕτως
1859 5456 1961 5515 ἰπ-

372 5547 600 5627 έγνωτε,
624 5546 815 5629 φησὶν,
838 5548 1017 5615 αὐτοῖς
1046 5550 1154 5615 τοῖς
1184 5545 1360 5629 ἔργοις
1404 5544 1501 5619 τὴν
1544 5545 1727 5629 χάριν,
1783 5542 1965 5626 ὥσπερ

2081 4388 2287 4444 rimum
2322 4386 2539 4443 fructus
2565 4386 2871 4459 proferunt.

2152 4480 2300 4535 Sicut
2325 4481 2376 4533 et
2402 4480 2461 4532 in
2482 4478 2648 4532 vobis.
2676 4476 2986 4546 Laudibus,
3017 4482 3081 4531 ut
3113 4490 3301 4546 supra,
3328 4472 3496 4546 465
3535 4481 3687 4529 ante-

2080 4568 2247 4624 vertit
2286 4583 2402 4635 eos,
2446 4575 2509 4623 ut
2549 4566 2763 4622 etiamsi
2806 4563 3094 4629 voluerint,
3139 4578 3248 4618 non
3296 4562 3570 4619 deficiant.
3630 4563 3684 4617 Si

2080 4658 2229 4713 enim
2249 4672 2377 4714 cum
2413 4656 2480 4713 ad
2520 4671 2743 4722 omnes,
2777 4663 2897 4710 tum
2934 4652 3002 4709 ad
3041 4667 3136 4707 vos
3172 4651 3320 4706 hunc
3358 4650 3417 4705 in
3447 4649 3683 4705 modum

2076 4745 2437 4817 praedicatum
2475 4745 2636 4801 fuerit
2656 4742 3034 4815 Evangelium,
3072 4740 3221 4797 unde
3261 4739 3324 4796 ﬁt
3352 4739 3501 4813 quod
3544 4756 3685 4796 non-

2076 4837 2211 4892 nulli
2236 4851 2385 4892 nuuc
2408 4835 2625 4892 diversa
2653 4832 2923 4889 tradunt?

2150 4928 2239 4982 Ea:
2267 4941 2331 4981 ea
2356 4926 2443 4981 die
2461 4941 2573 4996 qua
2596 4924 2885 4979 audivistis
2915 4926 2969 4977 et
2992 4924 3295 4991 agnovistis
3318 4923 3557 4994 gratiam
3580 4924 3687 4976 Dei

2079 5017 2142 5071 in
2191 5017 2441 5072 veritate.
2487 5016 2781 5081 Fructum,
2838 5010 3042 5083 inquit,
3092 5010 3324 5084 profert,
3383 5025 3449 5065 ac
3492 5010 3688 5065 crescit

2086 5105 2449 5178 Evangelium
2477 5103 2537 5159 in
2560 5102 2737 5167 vobis,
2767 5101 2837 5158 ab
2867 5116 2933 5158 eo
2970 5098 3061 5156 die
3106 5115 3216 5171 quo
3244 5097 3540 5172 agnovistis
3566 5114 3687 5171 gra-

2082 5193 2237 5251 tiam.
2281 5193 2617 5266 Quomodo?
2657 5195 2779 5248 Non
2807 5191 2863 5247 in
2889 5191 3195 5262 impostura
3226 5197 3283 5245 et
3315 5187 3497 5244 verbis
3518 5196 3688 5244 teme-

2078 5285 2258 5348 rariis,
2311 5283 2408 5340 sed
2450 5283 2507 5339 in
2545 5281 2791 5349 veritate,
2828 5280 2932 5337 hoc
2971 5287 3075 5350 est,
3119 5279 3287 5352 signis
3328 5285 3382 5334 et
3428 5278 3688 5351 operibus

2079 5373 2440 5431 admirandis.

2146 5464 2331 5520 Vnns.
2373 5469 2429 5519 7.
2462 5464 2614 5520 Sicut
2656 5466 2707 5517 et
2756 5461 3030 5517 didicistis
3082 5460 3151 5515 ab
3197 5458 3477 5530 Epaphra.
3524 5458 3687 5529 Ipsis,

2081 5554 2284 5627 inquit,
2330 5552 2586 5627 operibus
2620 5552 2701 5609 sic
2744 5550 3011 5608 habuistis
3040 5549 3303 5623 gratiam,
3350 5546 3578 5622 perinde
3631 5562 3695 5603 ac

1762 5704 1951 5768 Variae
1992 5707 2302 5769 lectiones.

443 5806 488 5842 ⁸⁸
530 5806 681 5871 αὖτδς
706 5823 757 5865 0.
834 5806 879 5842 ⁸⁷
907 5805 1166 5880 ἐῤῥαπίσθη
1192 5822 1247 5864 0.
1323 5806 1368 5842 ⁸⁸
1392 5810 1574 5879 -μῆσαι
1603 5822 1657 5864 0.
