  <div class='ocr_page' id='page_1' title='image "/cluster/home/n/w/nwhite01/storage/ocr_20150623/124:no.2/coo.31924054870294/613.png"; bbox 0 0 4104 6446; ppageno 0'>
   <div class='ocr_carea' id='block_1_1' title="bbox 416 468 543 523">
    <p class='ocr_par' dir='ltr' id='par_1_1' title="bbox 416 468 543 523">
     <span class='ocr_line' id='line_1_1' title="bbox 416 468 543 523; baseline 0 0"><span class='ocrx_word' id='word_1_1' title='bbox 416 468 543 523; x_wconf 91' lang='grc'><strong>1211</strong></span> 
     </span>
    </p>
   </div>
   <div class='ocr_carea' id='block_1_2' title="bbox 1439 462 2698 522">
    <p class='ocr_par' dir='ltr' id='par_1_2' title="bbox 1439 462 2698 522">
     <span class='ocr_line' id='line_1_2' title="bbox 1439 462 2698 522; baseline 0 -2"><span class='ocrx_word' id='word_1_2' title='bbox 1439 462 1953 522; x_wconf 81' lang='lat' dir='ltr'><strong>THEOPHYLACTI</strong></span> <span class='ocrx_word' id='word_1_3' title='bbox 1988 462 2348 518; x_wconf 72' lang='lat' dir='ltr'><strong>BULGARIE</strong></span> <span class='ocrx_word' id='word_1_4' title='bbox 2384 464 2698 520; x_wconf 82' lang='lat' dir='ltr'><strong>ARCHIEP.</strong></span> 
     </span>
    </p>
   </div>
   <div class='ocr_carea' id='block_1_3' title="bbox 3584 469 3725 522">
    <p class='ocr_par' dir='ltr' id='par_1_3' title="bbox 3584 469 3725 522">
     <span class='ocr_line' id='line_1_3' title="bbox 3584 469 3725 522; baseline 0.014 -2"><span class='ocrx_word' id='word_1_5' title='bbox 3584 469 3725 522; x_wconf 85' lang='grc'><strong>1212</strong></span> 
     </span>
    </p>
   </div>
   <div class='ocr_carea' id='block_1_4' title="bbox 412 587 2015 671">
    <p class='ocr_par' dir='ltr' id='par_1_4' title="bbox 412 588 2011 665">
     <span class='ocr_line' id='line_1_4' title="bbox 412 588 2011 665; baseline -0.003 -16"><span class='ocrx_word' id='word_1_6' title='bbox 412 592 603 649; x_wconf 85' lang='lat' dir='ltr'><strong>docuit</strong></span> <span class='ocrx_word' id='word_1_7' title='bbox 632 607 732 649; x_wconf 86' lang='lat' dir='ltr'><strong>vos</strong></span> <span class='ocrx_word' id='word_1_8' title='bbox 760 593 927 649; x_wconf 85' lang='lat' dir='ltr'><strong>etiam</strong></span> <span class='ocrx_word' id='word_1_9' title='bbox 969 591 1269 665; x_wconf 75' lang='lat' dir='ltr'><strong>Epaphras.</strong></span> <span class='ocrx_word' id='word_1_10' title='bbox 1314 592 1443 649; x_wconf 86' lang='lat' dir='ltr'><strong>Non</strong></span> <span class='ocrx_word' id='word_1_11' title='bbox 1471 591 1621 647; x_wconf 90' lang='lat' dir='ltr'><strong>enim</strong></span> <span class='ocrx_word' id='word_1_12' title='bbox 1658 591 1765 647; x_wconf 88' lang='lat' dir='ltr'><strong>alia</strong></span> <span class='ocrx_word' id='word_1_13' title='bbox 1791 588 2011 662; x_wconf 87' lang='lat' dir='ltr'><strong>quidem</strong></span> 
     </span>
    </p>
   </div>
   <div class='ocr_carea' id='block_1_5' title="bbox 2124 587 3722 671">
    <p class='ocr_par' dir='ltr' id='par_1_5' title="bbox 2124 587 3722 671">
     <span class='ocr_line' id='line_1_5' title="bbox 2124 587 3722 671; baseline 0.002 -24"><span class='ocrx_word' id='word_1_14' title='bbox 2124 588 2214 647; x_wconf 80' lang='grc' dir='ltr'>καὶ</span> <span class='ocrx_word' id='word_1_15' title='bbox 2262 587 2505 659; x_wconf 77' lang='grc' dir='ltr'>ἐδίδαξεν</span> <span class='ocrx_word' id='word_1_16' title='bbox 2552 592 2690 667; x_wconf 76' lang='grc' dir='ltr'>ὑμᾶς</span> <span class='ocrx_word' id='word_1_17' title='bbox 2718 593 2747 649; x_wconf 81' lang='grc' dir='ltr'>ὁ</span> <span class='ocrx_word' id='word_1_18' title='bbox 2790 588 3092 671; x_wconf 77' lang='grc' dir='ltr'>Ἐπᾶφρᾶς.</span> <span class='ocrx_word' id='word_1_19' title='bbox 3156 592 3240 650; x_wconf 88' lang='grc' dir='ltr'>Οὐ</span> <span class='ocrx_word' id='word_1_20' title='bbox 3288 589 3393 670; x_wconf 79' lang='grc' dir='ltr'><strong>γὰρ</strong></span> <span class='ocrx_word' id='word_1_21' title='bbox 3443 589 3582 649; x_wconf 79' lang='grc' dir='ltr'>ἄλλα</span> <span class='ocrx_word' id='word_1_22' title='bbox 3626 590 3722 669; x_wconf 82' lang='grc' dir='ltr'>μὲν</span> 
     </span>
    </p>
   </div>
   <div class='ocr_carea' id='block_1_6' title="bbox 411 680 2014 754">
    <p class='ocr_par' dir='ltr' id='par_1_6' title="bbox 411 680 2014 754">
     <span class='ocr_line' id='line_1_6' title="bbox 411 680 2014 754; baseline -0.002 -16"><span class='ocrx_word' id='word_1_23' title='bbox 411 681 561 738; x_wconf 85' lang='lat' dir='ltr'><strong>facta</strong></span> <span class='ocrx_word' id='word_1_24' title='bbox 590 690 751 754; x_wconf 84' lang='lat' dir='ltr'><strong>sunt,</strong></span> <span class='ocrx_word' id='word_1_25' title='bbox 798 682 901 738; x_wconf 90' lang='lat' dir='ltr'><strong>alia</strong></span> <span class='ocrx_word' id='word_1_26' title='bbox 954 690 1140 739; x_wconf 89' lang='lat' dir='ltr'><strong>autem</strong></span> <span class='ocrx_word' id='word_1_27' title='bbox 1180 682 1392 739; x_wconf 88' lang='lat' dir='ltr'><strong>docuit.</strong></span> <span class='ocrx_word' id='word_1_28' title='bbox 1444 685 1554 738; x_wconf 90' lang='lat' dir='ltr'><strong>Iste</strong></span> <span class='ocrx_word' id='word_1_29' title='bbox 1591 680 1771 750; x_wconf 91' lang='lat' dir='ltr'><strong>enim,</strong></span> <span class='ocrx_word' id='word_1_30' title='bbox 1823 694 2014 753; x_wconf 88' lang='lat' dir='ltr'><strong>quem-</strong></span> 
     </span>
    </p>
   </div>
   <div class='ocr_carea' id='block_1_7' title="bbox 413 769 1808 845">
    <p class='ocr_par' dir='ltr' id='par_1_7' title="bbox 413 769 1808 845">
     <span class='ocr_line' id='line_1_7' title="bbox 413 769 1808 845; baseline -0.003 -16"><span class='ocrx_word' id='word_1_31' title='bbox 413 787 444 829; x_wconf 89' lang='lat' dir='ltr'><strong>a</strong></span> <span class='ocrx_word' id='word_1_32' title='bbox 463 771 733 830; x_wconf 89' lang='lat' dir='ltr'><strong>dmodum</strong></span> <span class='ocrx_word' id='word_1_33' title='bbox 763 771 1002 842; x_wconf 92' lang='lat' dir='ltr'><strong>videtur,</strong></span> <span class='ocrx_word' id='word_1_34' title='bbox 1034 771 1350 845; x_wconf 65' lang='lat' dir='ltr'><strong>praedicavit</strong></span> <span class='ocrx_word' id='word_1_35' title='bbox 1375 769 1808 829; x_wconf 89' lang='lat' dir='ltr'><strong>Colossensibus.</strong></span> 
     </span>
    </p>
   </div>
   <div class='ocr_carea' id='block_1_8' title="bbox 485 860 2014 920">
    <p class='ocr_par' dir='ltr' id='par_1_8' title="bbox 485 860 2014 920">
     <span class='ocr_line' id='line_1_8' title="bbox 485 860 2014 920; baseline -0.002 -2"><span class='ocrx_word' id='word_1_36' title='bbox 485 864 680 920; x_wconf 86' lang='lat' dir='ltr'><strong>Dilecto</strong></span> <span class='ocrx_word' id='word_1_37' title='bbox 753 879 997 919; x_wconf 77' lang='lat' dir='ltr'><strong>conservo</strong></span> <span class='ocrx_word' id='word_1_38' title='bbox 1068 866 1266 918; x_wconf 80' lang='lat' dir='ltr'><strong>nostro.</strong></span> <span class='ocrx_word' id='word_1_39' title='bbox 1315 861 1426 918; x_wconf 89' lang='lat' dir='ltr'><strong>Viri</strong></span> <span class='ocrx_word' id='word_1_40' title='bbox 1480 860 1569 917; x_wconf 92' lang='lat' dir='ltr'><strong>hic</strong></span> <span class='ocrx_word' id='word_1_41' title='bbox 1628 860 2014 916; x_wconf 80' lang='lat' dir='ltr'><strong>auctoritatem</strong></span> 
     </span>
    </p>
   </div>
   <div class='ocr_carea' id='block_1_9' title="bbox 416 949 2012 1024">
    <p class='ocr_par' dir='ltr' id='par_1_9' title="bbox 416 949 2012 1024">
     <span class='ocr_line' id='line_1_9' title="bbox 416 949 2012 1024; baseline -0.003 -14"><span class='ocrx_word' id='word_1_42' title='bbox 416 953 711 1011; x_wconf 84' lang='lat' dir='ltr'><strong>denuniat.</strong></span> <span class='ocrx_word' id='word_1_43' title='bbox 767 956 895 1010; x_wconf 88' lang='lat' dir='ltr'><strong>Non</strong></span> <span class='ocrx_word' id='word_1_44' title='bbox 944 952 1092 1008; x_wconf 90' lang='lat' dir='ltr'><strong>enim</strong></span> <span class='ocrx_word' id='word_1_45' title='bbox 1124 950 1409 1024; x_wconf 84' lang='lat' dir='ltr'><strong>diligerem</strong></span> <span class='ocrx_word' id='word_1_46' title='bbox 1462 965 1591 1006; x_wconf 92' lang='lat' dir='ltr'><strong>eum</strong></span> <span class='ocrx_word' id='word_1_47' title='bbox 1642 965 1742 1024; x_wconf 86' lang='lat' dir='ltr'><strong>ego</strong></span> <span class='ocrx_word' id='word_1_48' title='bbox 1793 949 2012 1017; x_wconf 86' lang='lat' dir='ltr'><strong>Paulus,</strong></span> 
     </span>
    </p>
   </div>
   <div class='ocr_carea' id='block_1_10' title="bbox 408 1043 2016 1115">
    <p class='ocr_par' dir='ltr' id='par_1_10' title="bbox 408 1043 2016 1115">
     <span class='ocr_line' id='line_1_10' title="bbox 408 1043 2016 1115; baseline -0.002 -17"><span class='ocrx_word' id='word_1_49' title='bbox 408 1044 517 1099; x_wconf 89' lang='lat' dir='ltr'><strong>nisi</strong></span> <span class='ocrx_word' id='word_1_50' title='bbox 563 1043 766 1099; x_wconf 82' lang='lat' dir='ltr'><strong>scirem</strong></span> <span class='ocrx_word' id='word_1_51' title='bbox 809 1058 939 1101; x_wconf 91' lang='lat' dir='ltr'><strong>eum</strong></span> <span class='ocrx_word' id='word_1_52' title='bbox 985 1058 1105 1101; x_wconf 89' lang='lat' dir='ltr'><strong>esse</strong></span> <span class='ocrx_word' id='word_1_53' title='bbox 1148 1057 1340 1099; x_wconf 90' lang='lat' dir='ltr'><strong>verum</strong></span> <span class='ocrx_word' id='word_1_54' title='bbox 1369 1056 1701 1115; x_wconf 66' lang='lat' dir='ltr'><strong>praeconem,</strong></span> <span class='ocrx_word' id='word_1_55' title='bbox 1736 1055 1838 1097; x_wconf 92' lang='lat' dir='ltr'><strong>nec</strong></span> <span class='ocrx_word' id='word_1_56' title='bbox 1881 1055 2016 1097; x_wconf 86' lang='lat' dir='ltr'><strong>con-</strong></span> 
     </span>
    </p>
   </div>
   <div class='ocr_carea' id='block_1_11' title="bbox 404 1133 1223 1206">
    <p class='ocr_par' dir='ltr' id='par_1_11' title="bbox 404 1133 1223 1206">
     <span class='ocr_line' id='line_1_11' title="bbox 404 1133 1223 1206; baseline 0 -18"><span class='ocrx_word' id='word_1_57' title='bbox 404 1147 627 1189; x_wconf 89' lang='lat' dir='ltr'><strong>servum</strong></span> <span class='ocrx_word' id='word_1_58' title='bbox 641 1133 825 1206; x_wconf 90' lang='lat' dir='ltr'><strong>ipsum</strong></span> <span class='ocrx_word' id='word_1_59' title='bbox 848 1134 1223 1189; x_wconf 85' lang='lat' dir='ltr'><strong>nominarem.</strong></span> 
     </span>
    </p>
   </div>
   <div class='ocr_carea' id='block_1_12' title="bbox 394 1223 1415 1294">
    <p class='ocr_par' dir='ltr' id='par_1_12' title="bbox 394 1223 1415 1294">
     <span class='ocr_line' id='line_1_12' title="bbox 394 1223 1415 1294; baseline -0.002 -16"><span class='ocrx_word' id='word_1_60' title='bbox 394 1228 399 1235; x_wconf 89' lang='lat'><strong>&#39;</strong></span> <span class='ocrx_word' id='word_1_61' title='bbox 488 1223 596 1290; x_wconf 87' lang='lat' dir='ltr'><strong>Qui</strong></span> <span class='ocrx_word' id='word_1_62' title='bbox 619 1227 696 1280; x_wconf 85' lang='lat' dir='ltr'><strong>est</strong></span> <span class='ocrx_word' id='word_1_63' title='bbox 721 1224 918 1294; x_wconf 77' lang='lat' dir='ltr'><strong>ﬁdelis.</strong></span> <span class='ocrx_word' id='word_1_64' title='bbox 952 1226 1074 1279; x_wconf 84' lang='lat' dir='ltr'><strong>Hoc</strong></span> <span class='ocrx_word' id='word_1_65' title='bbox 1100 1230 1204 1291; x_wconf 86' lang='lat' dir='ltr'><strong>est,</strong></span> <span class='ocrx_word' id='word_1_66' title='bbox 1232 1236 1415 1278; x_wconf 88' lang='lat' dir='ltr'><strong>verus.</strong></span> 
     </span>
    </p>
   </div>
   <div class='ocr_carea' id='block_1_13' title="bbox 486 1308 2012 1381">
    <p class='ocr_par' dir='ltr' id='par_1_13' title="bbox 486 1308 2012 1381">
     <span class='ocr_line' id='line_1_13' title="bbox 486 1308 2012 1381; baseline -0.002 -13"><span class='ocrx_word' id='word_1_67' title='bbox 486 1316 592 1369; x_wconf 82' lang='lat' dir='ltr'><strong>Pro</strong></span> <span class='ocrx_word' id='word_1_68' title='bbox 614 1314 765 1369; x_wconf 82' lang='lat' dir='ltr'><strong>vobis</strong></span> <span class='ocrx_word' id='word_1_69' title='bbox 786 1315 1029 1369; x_wconf 75' lang='lat' dir='ltr'><strong>minister</strong></span> <span class='ocrx_word' id='word_1_70' title='bbox 1070 1312 1294 1368; x_wconf 80' lang='lat' dir='ltr'><strong>Christi.</strong></span> <span class='ocrx_word' id='word_1_71' title='bbox 1342 1312 1451 1366; x_wconf 85' lang='lat' dir='ltr'><strong>Pro</strong></span> <span class='ocrx_word' id='word_1_72' title='bbox 1490 1309 1666 1378; x_wconf 86' lang='lat' dir='ltr'><strong>vobis,</strong></span> <span class='ocrx_word' id='word_1_73' title='bbox 1706 1308 1909 1381; x_wconf 84' lang='lat' dir='ltr'><strong>inquit,</strong></span> <span class='ocrx_word' id='word_1_74' title='bbox 1956 1309 2012 1365; x_wconf 92' lang='lat' dir='ltr'><strong>in</strong></span> 
     </span>
    </p>
   </div>
   <div class='ocr_carea' id='block_1_14' title="bbox 425 1400 2010 1473">
    <p class='ocr_par' dir='ltr' id='par_1_14' title="bbox 425 1400 2010 1473">
     <span class='ocr_line' id='line_1_14' title="bbox 425 1400 2010 1473; baseline -0.003 -15"><span class='ocrx_word' id='word_1_75' title='bbox 425 1402 593 1458; x_wconf 82' lang='lat' dir='ltr'><strong>rebus</strong></span> <span class='ocrx_word' id='word_1_76' title='bbox 623 1401 692 1459; x_wconf 90' lang='lat' dir='ltr'><strong>ad</strong></span> <span class='ocrx_word' id='word_1_77' title='bbox 719 1401 998 1459; x_wconf 85' lang='lat' dir='ltr'><strong>Christum</strong></span> <span class='ocrx_word' id='word_1_78' title='bbox 1043 1400 1443 1473; x_wconf 85' lang='lat' dir='ltr'><strong>pertinentibus</strong></span> <span class='ocrx_word' id='word_1_79' title='bbox 1489 1400 1838 1455; x_wconf 82' lang='lat' dir='ltr'><strong>ministravit.</strong></span> <span class='ocrx_word' id='word_1_80' title='bbox 1866 1400 2010 1454; x_wconf 89' lang='lat' dir='ltr'><strong>Nam</strong></span> 
     </span>
    </p>
   </div>
   <div class='ocr_carea' id='block_1_15' title="bbox 418 1487 2010 1564">
    <p class='ocr_par' dir='ltr' id='par_1_15' title="bbox 418 1487 2010 1564">
     <span class='ocr_line' id='line_1_15' title="bbox 418 1487 2010 1564; baseline -0.003 -17"><span class='ocrx_word' id='word_1_81' title='bbox 418 1490 562 1564; x_wconf 90' lang='lat' dir='ltr'><strong>quod</strong></span> <span class='ocrx_word' id='word_1_82' title='bbox 592 1500 649 1549; x_wconf 90' lang='lat' dir='ltr'><strong>et</strong></span> <span class='ocrx_word' id='word_1_83' title='bbox 670 1491 742 1548; x_wconf 91' lang='lat' dir='ltr'><strong>ad</strong></span> <span class='ocrx_word' id='word_1_84' title='bbox 776 1492 1003 1549; x_wconf 90' lang='lat' dir='ltr'><strong>Paulum</strong></span> <span class='ocrx_word' id='word_1_85' title='bbox 1034 1491 1189 1554; x_wconf 89' lang='lat' dir='ltr'><strong>abiit,</strong></span> <span class='ocrx_word' id='word_1_86' title='bbox 1230 1505 1466 1562; x_wconf 89' lang='lat' dir='ltr'><strong>eumque</strong></span> <span class='ocrx_word' id='word_1_87' title='bbox 1496 1490 1811 1545; x_wconf 85' lang='lat' dir='ltr'><strong>consolatus</strong></span> <span class='ocrx_word' id='word_1_88' title='bbox 1834 1496 1920 1543; x_wconf 90' lang='lat' dir='ltr'><strong>est</strong></span> <span class='ocrx_word' id='word_1_89' title='bbox 1954 1487 2010 1542; x_wconf 91' lang='lat' dir='ltr'><strong>in</strong></span> 
     </span>
    </p>
   </div>
   <div class='ocr_carea' id='block_1_16' title="bbox 415 1577 2010 1653">
    <p class='ocr_par' dir='ltr' id='par_1_16' title="bbox 415 1577 2010 1653">
     <span class='ocr_line' id='line_1_16' title="bbox 415 1577 2010 1653; baseline -0.003 -17"><span class='ocrx_word' id='word_1_90' title='bbox 415 1580 670 1648; x_wconf 82' lang='lat' dir='ltr'><strong>vinculis,</strong></span> <span class='ocrx_word' id='word_1_91' title='bbox 724 1589 782 1638; x_wconf 87' lang='lat' dir='ltr'><strong>et</strong></span> <span class='ocrx_word' id='word_1_92' title='bbox 830 1579 980 1653; x_wconf 90' lang='lat' dir='ltr'><strong>quod</strong></span> <span class='ocrx_word' id='word_1_93' title='bbox 1032 1580 1285 1637; x_wconf 87' lang='lat' dir='ltr'><strong>indicavit</strong></span> <span class='ocrx_word' id='word_1_94' title='bbox 1333 1580 1379 1634; x_wconf 80' lang='lat' dir='ltr'><strong>ei</strong></span> <span class='ocrx_word' id='word_1_95' title='bbox 1438 1594 1528 1635; x_wconf 90' lang='lat' dir='ltr'><strong>res</strong></span> <span class='ocrx_word' id='word_1_96' title='bbox 1580 1577 2010 1645; x_wconf 90' lang='lat' dir='ltr'><strong>Colossensium,</strong></span> 
     </span>
    </p>
   </div>
   <div class='ocr_carea' id='block_1_17' title="bbox 418 1666 2014 1727">
    <p class='ocr_par' dir='ltr' id='par_1_17' title="bbox 418 1666 2014 1727">
     <span class='ocr_line' id='line_1_17' title="bbox 418 1666 2014 1727; baseline -0.003 0"><span class='ocrx_word' id='word_1_97' title='bbox 418 1669 620 1727; x_wconf 89' lang='lat' dir='ltr'><strong>Christi</strong></span> <span class='ocrx_word' id='word_1_98' title='bbox 658 1670 1028 1727; x_wconf 85' lang='lat' dir='ltr'><strong>ministerium</strong></span> <span class='ocrx_word' id='word_1_99' title='bbox 1071 1678 1207 1726; x_wconf 89' lang='lat' dir='ltr'><strong>erat.</strong></span> <span class='ocrx_word' id='word_1_100' title='bbox 1243 1670 1298 1727; x_wconf 92' lang='lat' dir='ltr'><strong>Si</strong></span> <span class='ocrx_word' id='word_1_101' title='bbox 1322 1678 1508 1726; x_wconf 90' lang='lat' dir='ltr'><strong>autem</strong></span> <span class='ocrx_word' id='word_1_102' title='bbox 1537 1666 1739 1726; x_wconf 88' lang='lat' dir='ltr'><strong>Christi</strong></span> <span class='ocrx_word' id='word_1_103' title='bbox 1765 1667 2014 1723; x_wconf 90' lang='lat' dir='ltr'><strong>minister</strong></span> 
     </span>
    </p>
   </div>
   <div class='ocr_carea' id='block_1_18' title="bbox 2129 670 3721 762">
    <p class='ocr_par' dir='ltr' id='par_1_18' title="bbox 2129 670 3721 762">
     <span class='ocr_line' id='line_1_18' title="bbox 2129 670 3721 762; baseline 0.001 -25"><span class='ocrx_word' id='word_1_104' title='bbox 2129 679 2397 756; x_wconf 79' lang='grc' dir='ltr'>ἐγένοντο,</span> <span class='ocrx_word' id='word_1_105' title='bbox 2448 680 2586 739; x_wconf 84' lang='grc' dir='ltr'>ἄλλα</span> <span class='ocrx_word' id='word_1_106' title='bbox 2621 679 2675 739; x_wconf 76' lang='grc' dir='ltr'>δὲ</span> <span class='ocrx_word' id='word_1_107' title='bbox 2706 670 2960 749; x_wconf 75' lang='grc' dir='ltr'>ἐδίδαξεν.</span> <span class='ocrx_word' id='word_1_108' title='bbox 3017 670 3189 748; x_wconf 65' lang='grc' dir='ltr'>Οὗτος</span> <span class='ocrx_word' id='word_1_109' title='bbox 3235 681 3365 762; x_wconf 78' lang='grc' dir='ltr'>γὰρ,</span> <span class='ocrx_word' id='word_1_110' title='bbox 3390 682 3464 749; x_wconf 80' lang='grc' dir='ltr'>ὡς</span> <span class='ocrx_word' id='word_1_111' title='bbox 3514 682 3721 755; x_wconf 86' lang='grc' dir='ltr'>ἔοικεν,</span> 
     </span>
    </p>
   </div>
   <div class='ocr_carea' id='block_1_19' title="bbox 2125 767 2756 849">
    <p class='ocr_par' dir='ltr' id='par_1_19' title="bbox 2125 767 2756 849">
     <span class='ocr_line' id='line_1_19' title="bbox 2125 767 2756 849; baseline 0.002 -23"><span class='ocrx_word' id='word_1_112' title='bbox 2125 767 2343 849; x_wconf 81' lang='grc' dir='ltr'><strong>ἐκήρυξε</strong></span> <span class='ocrx_word' id='word_1_113' title='bbox 2371 771 2756 831; x_wconf 90' lang='grc' dir='ltr'>Κολοσσαεῦσι.</span> 
     </span>
    </p>
   </div>
   <div class='ocr_carea' id='block_1_20' title="bbox 2214 859 3725 939">
    <p class='ocr_par' dir='ltr' id='par_1_20' title="bbox 2214 859 3725 939">
     <span class='ocr_line' id='line_1_20' title="bbox 2214 859 3725 939; baseline 0.003 -24"><span class='ocrx_word' id='word_1_114' title='bbox 2214 879 2242 915; x_wconf 81' lang='grc' dir='ltr'><strong>ιι</strong></span> <span class='ocrx_word' id='word_1_115' title='bbox 2274 861 2386 919; x_wconf 89' lang='grc' dir='ltr'>Τοῦ</span> <span class='ocrx_word' id='word_1_116' title='bbox 2412 864 2693 939; x_wconf 85' lang='grc' dir='ltr'>ἀγαπητοῦ</span> <span class='ocrx_word' id='word_1_117' title='bbox 2718 859 3006 920; x_wconf 83' lang='grc' dir='ltr'>συνδούλου</span> <span class='ocrx_word' id='word_1_118' title='bbox 3043 862 3217 937; x_wconf 78' lang='grc' dir='ltr'>ἡμῶν.</span> <span class='ocrx_word' id='word_1_119' title='bbox 3252 879 3284 918; x_wconf 68' lang='grc' dir='ltr'><strong>ι</strong></span> <span class='ocrx_word' id='word_1_120' title='bbox 3319 859 3398 920; x_wconf 87' lang='grc' dir='ltr'>Τὸ</span> <span class='ocrx_word' id='word_1_121' title='bbox 3424 859 3725 930; x_wconf 81' lang='grc' dir='ltr'>ἀξιόπιστον</span> 
     </span>
    </p>
   </div>
   <div class='ocr_carea' id='block_1_21' title="bbox 2123 947 3726 1030">
    <p class='ocr_par' dir='ltr' id='par_1_21' title="bbox 2123 947 3726 1030">
     <span class='ocr_line' id='line_1_21' title="bbox 2123 947 3726 1030; baseline 0.001 -25"><span class='ocrx_word' id='word_1_122' title='bbox 2123 949 2359 1007; x_wconf 78' lang='grc' dir='ltr'>ἐντεῦθεν</span> <span class='ocrx_word' id='word_1_123' title='bbox 2392 948 2622 1008; x_wconf 88' lang='grc' dir='ltr'>δείκνυσι</span> <span class='ocrx_word' id='word_1_124' title='bbox 2665 954 2762 1008; x_wconf 88' lang='grc' dir='ltr'><strong>τοῦ</strong></span> <span class='ocrx_word' id='word_1_125' title='bbox 2822 949 3023 1027; x_wconf 85' lang='grc' dir='ltr'>ἀνδρός.</span> <span class='ocrx_word' id='word_1_126' title='bbox 3079 950 3197 1009; x_wconf 88' lang='grc' dir='ltr'>Οὐκ</span> <span class='ocrx_word' id='word_1_127' title='bbox 3231 948 3296 1030; x_wconf 77' lang='grc' dir='ltr'><strong>ἂν</strong></span> <span class='ocrx_word' id='word_1_128' title='bbox 3344 947 3447 1030; x_wconf 76' lang='grc' dir='ltr'><strong>γὰρ</strong></span> <span class='ocrx_word' id='word_1_129' title='bbox 3499 950 3726 1027; x_wconf 80' lang='grc' dir='ltr'>ἠγάπων</span> 
     </span>
    </p>
   </div>
   <div class='ocr_carea' id='block_1_22' title="bbox 2123 1029 3723 1122">
    <p class='ocr_par' dir='ltr' id='par_1_22' title="bbox 2123 1029 3723 1122">
     <span class='ocr_line' id='line_1_22' title="bbox 2123 1029 3723 1122; baseline 0.003 -28"><span class='ocrx_word' id='word_1_130' title='bbox 2123 1036 2280 1095; x_wconf 83' lang='grc' dir='ltr'>αὐτὸν</span> <span class='ocrx_word' id='word_1_131' title='bbox 2334 1037 2442 1116; x_wconf 83' lang='grc' dir='ltr'>ἐγὼ</span> <span class='ocrx_word' id='word_1_132' title='bbox 2492 1040 2738 1112; x_wconf 79' lang='grc' dir='ltr'><strong>Παῦλος,</strong></span> <span class='ocrx_word' id='word_1_133' title='bbox 2789 1040 2836 1099; x_wconf 82' lang='grc' dir='ltr'><strong>εἰ</strong></span> <span class='ocrx_word' id='word_1_134' title='bbox 2883 1037 2959 1117; x_wconf 85' lang='grc' dir='ltr'><strong>μὴ</strong></span> <span class='ocrx_word' id='word_1_135' title='bbox 3008 1036 3209 1113; x_wconf 78' lang='grc' dir='ltr'>ἀληθὴς</span> <span class='ocrx_word' id='word_1_136' title='bbox 3257 1029 3323 1113; x_wconf 70' lang='grc' dir='ltr'><strong>ἧν</strong></span> <span class='ocrx_word' id='word_1_137' title='bbox 3360 1029 3569 1122; x_wconf 81' lang='grc' dir='ltr'>κήρυξ,</span> <span class='ocrx_word' id='word_1_138' title='bbox 3610 1041 3723 1100; x_wconf 88' lang='grc' dir='ltr'>οὐδ’</span> 
     </span>
    </p>
   </div>
   <div class='ocr_carea' id='block_1_23' title="bbox 2124 1123 2826 1207">
    <p class='ocr_par' dir='ltr' id='par_1_23' title="bbox 2124 1123 2826 1207">
     <span class='ocr_line' id='line_1_23' title="bbox 2124 1123 2826 1207; baseline 0.011 -25"><span class='ocrx_word' id='word_1_139' title='bbox 2124 1123 2188 1183; x_wconf 76' lang='grc' dir='ltr'><strong>ἂν</strong></span> <span class='ocrx_word' id='word_1_140' title='bbox 2213 1124 2501 1187; x_wconf 88' lang='grc' dir='ltr'>σύνδουλον</span> <span class='ocrx_word' id='word_1_141' title='bbox 2532 1128 2826 1207; x_wconf 82' lang='grc' dir='ltr'><strong>ὠνόμαζον.</strong></span> 
     </span>
    </p>
   </div>
   <div class='ocr_carea' id='block_1_24' title="bbox 2214 1213 3427 1292">
    <p class='ocr_par' dir='ltr' id='par_1_24' title="bbox 2214 1213 3427 1292">
     <span class='ocr_line' id='line_1_24' title="bbox 2214 1213 3427 1292; baseline 0.007 -20"><span class='ocrx_word' id='word_1_142' title='bbox 2214 1238 2242 1273; x_wconf 86' lang='grc' dir='ltr'>(ι</span> <span class='ocrx_word' id='word_1_143' title='bbox 2263 1213 2372 1283; x_wconf 63' lang='lat' dir='ltr'><strong>&quot;Oc</strong></span> <span class='ocrx_word' id='word_1_144' title='bbox 2402 1220 2516 1278; x_wconf 85' lang='grc' dir='ltr'>ἐστι</span> <span class='ocrx_word' id='word_1_145' title='bbox 2544 1218 2751 1287; x_wconf 89' lang='grc' dir='ltr'>πιστός.</span> <span class='ocrx_word' id='word_1_146' title='bbox 2785 1241 2814 1278; x_wconf 72' lang='grc' dir='ltr'>ι)</span> <span class='ocrx_word' id='word_1_147' title='bbox 2849 1219 3173 1292; x_wconf 87' lang='grc' dir='ltr'>Τουτέστιν,</span> <span class='ocrx_word' id='word_1_148' title='bbox 3207 1217 3427 1292; x_wconf 85' lang='grc' dir='ltr'>ἀληθής.</span> 
     </span>
    </p>
   </div>
   <div class='ocr_carea' id='block_1_25' title="bbox 2203 1304 3720 1390">
    <p class='ocr_par' dir='ltr' id='par_1_25' title="bbox 2203 1304 3720 1390">
     <span class='ocr_line' id='line_1_25' title="bbox 2203 1304 3720 1390; baseline -0.001 -23"><span class='ocrx_word' id='word_1_149' title='bbox 2203 1332 2229 1359; x_wconf 72' lang='grc' dir='ltr'>ι</span> <span class='ocrx_word' id='word_1_150' title='bbox 2258 1304 2436 1387; x_wconf 70' lang='grc' dir='ltr'><strong>εΥπὲρ</strong></span> <span class='ocrx_word' id='word_1_151' title='bbox 2467 1311 2616 1384; x_wconf 78' lang='grc' dir='ltr'>ὑμῶν</span> <span class='ocrx_word' id='word_1_152' title='bbox 2636 1307 2872 1376; x_wconf 87' lang='grc' dir='ltr'>διάκονος</span> <span class='ocrx_word' id='word_1_153' title='bbox 2899 1313 2990 1368; x_wconf 89' lang='grc' dir='ltr'><strong>τοῦ</strong></span> <span class='ocrx_word' id='word_1_154' title='bbox 3016 1307 3272 1390; x_wconf 85' lang='grc' dir='ltr'>Χριστοῦ.</span> <span class='ocrx_word' id='word_1_155' title='bbox 3305 1328 3335 1365; x_wconf 72' lang='grc' dir='ltr'>ι)</span> <span class='ocrx_word' id='word_1_156' title='bbox 3374 1307 3512 1369; x_wconf 83' lang='grc' dir='ltr'>Ἀνθ’</span> <span class='ocrx_word' id='word_1_157' title='bbox 3534 1309 3685 1386; x_wconf 76' lang='grc' dir='ltr'>ὐμῶν</span> <span class='ocrx_word' id='word_1_158' title='bbox 3705 1352 3720 1381; x_wconf 87' lang='grc'><strong>,</strong></span> 
     </span>
    </p>
   </div>
   <div class='ocr_carea' id='block_1_26' title="bbox 2122 1394 3717 1480">
    <p class='ocr_par' dir='ltr' id='par_1_26' title="bbox 2122 1394 3717 1480">
     <span class='ocr_line' id='line_1_26' title="bbox 2122 1394 3717 1480; baseline 0.003 -28"><span class='ocrx_word' id='word_1_159' title='bbox 2122 1394 2284 1475; x_wconf 79' lang='grc' dir='ltr'>φησὶ,</span> <span class='ocrx_word' id='word_1_160' title='bbox 2326 1397 2638 1471; x_wconf 83' lang='grc' dir='ltr'>διηκόνησεν</span> <span class='ocrx_word' id='word_1_161' title='bbox 2693 1402 2764 1466; x_wconf 80' lang='grc' dir='ltr'><strong>εἰς</strong></span> <span class='ocrx_word' id='word_1_162' title='bbox 2801 1397 3097 1480; x_wconf 87' lang='grc' dir='ltr'>πράγματα</span> <span class='ocrx_word' id='word_1_163' title='bbox 3147 1400 3374 1478; x_wconf 84' lang='grc' dir='ltr'>Χριστῷ</span> <span class='ocrx_word' id='word_1_164' title='bbox 3429 1396 3717 1471; x_wconf 89' lang='grc' dir='ltr'>ἀνήκοντα.</span> 
     </span>
    </p>
   </div>
   <div class='ocr_carea' id='block_1_27' title="bbox 2122 1483 3721 1568">
    <p class='ocr_par' dir='ltr' id='par_1_27' title="bbox 2122 1483 3721 1568">
     <span class='ocr_line' id='line_1_27' title="bbox 2122 1483 3721 1568; baseline 0.001 -25"><span class='ocrx_word' id='word_1_165' title='bbox 2122 1483 2234 1543; x_wconf 77' lang='grc' dir='ltr'>Καὶ</span> <span class='ocrx_word' id='word_1_166' title='bbox 2269 1484 2371 1566; x_wconf 80' lang='grc' dir='ltr'><strong>γὰρ</strong></span> <span class='ocrx_word' id='word_1_167' title='bbox 2401 1485 2463 1547; x_wconf 89' lang='grc' dir='ltr'><strong>τό</strong></span> <span class='ocrx_word' id='word_1_168' title='bbox 2494 1511 2553 1547; x_wconf 89' lang='grc' dir='ltr'><strong>τε</strong></span> <span class='ocrx_word' id='word_1_169' title='bbox 2581 1487 2712 1568; x_wconf 83' lang='grc' dir='ltr'>πρὸς</span> <span class='ocrx_word' id='word_1_170' title='bbox 2738 1487 2826 1548; x_wconf 82' lang='grc' dir='ltr'><strong>τὸν</strong></span> <span class='ocrx_word' id='word_1_171' title='bbox 2866 1490 3082 1549; x_wconf 82' lang='grc' dir='ltr'>Παῦλον</span> <span class='ocrx_word' id='word_1_172' title='bbox 3109 1489 3356 1547; x_wconf 81' lang='grc' dir='ltr'>ἀπελθεῖν</span> <span class='ocrx_word' id='word_1_173' title='bbox 3378 1532 3395 1563; x_wconf 90' lang='grc'><strong>,</strong></span> <span class='ocrx_word' id='word_1_174' title='bbox 3424 1487 3516 1547; x_wconf 78' lang='grc' dir='ltr'><strong>καὶ</strong></span> <span class='ocrx_word' id='word_1_175' title='bbox 3540 1509 3721 1568; x_wconf 86' lang='grc' dir='ltr'>παρα-</span> 
     </span>
    </p>
   </div>
   <div class='ocr_carea' id='block_1_28' title="bbox 2124 1574 3719 1656">
    <p class='ocr_par' dir='ltr' id='par_1_28' title="bbox 2124 1574 3719 1656">
     <span class='ocr_line' id='line_1_28' title="bbox 2124 1574 3719 1656; baseline 0.004 -26"><span class='ocrx_word' id='word_1_176' title='bbox 2124 1574 2467 1649; x_wconf 80' lang='grc' dir='ltr'><strong>μυθήσασθαι</strong></span> <span class='ocrx_word' id='word_1_177' title='bbox 2513 1579 2670 1637; x_wconf 89' lang='grc' dir='ltr'>αὐτὸν</span> <span class='ocrx_word' id='word_1_178' title='bbox 2719 1579 2773 1636; x_wconf 80' lang='grc' dir='ltr'>ἐν</span> <span class='ocrx_word' id='word_1_179' title='bbox 2817 1580 2922 1647; x_wconf 87' lang='grc' dir='ltr'>τοῖς</span> <span class='ocrx_word' id='word_1_180' title='bbox 2968 1579 3216 1656; x_wconf 84' lang='grc' dir='ltr'>δεσμοῖς,</span> <span class='ocrx_word' id='word_1_181' title='bbox 3269 1577 3362 1635; x_wconf 72' lang='grc' dir='ltr'>καὶ</span> <span class='ocrx_word' id='word_1_182' title='bbox 3414 1575 3473 1635; x_wconf 85' lang='grc' dir='ltr'><strong>τὸ</strong></span> <span class='ocrx_word' id='word_1_183' title='bbox 3539 1577 3719 1648; x_wconf 81' lang='grc' dir='ltr'>δηλῶ-</span> 
     </span>
    </p>
   </div>
   <div class='ocr_carea' id='block_1_29' title="bbox 2131 1657 3724 1748">
    <p class='ocr_par' dir='ltr' id='par_1_29' title="bbox 2131 1657 3724 1748">
     <span class='ocr_line' id='line_1_29' title="bbox 2131 1657 3724 1748; baseline 0.003 -29"><span class='ocrx_word' id='word_1_184' title='bbox 2131 1684 2221 1720; x_wconf 91' lang='grc' dir='ltr'><strong>σαι</strong></span> <span class='ocrx_word' id='word_1_185' title='bbox 2266 1668 2411 1748; x_wconf 79' lang='grc' dir='ltr'>αὐτῷ</span> <span class='ocrx_word' id='word_1_186' title='bbox 2458 1665 2526 1726; x_wconf 78' lang='grc' dir='ltr'><strong>τὰ</strong></span> <span class='ocrx_word' id='word_1_187' title='bbox 2572 1670 2678 1747; x_wconf 80' lang='grc' dir='ltr'><strong>τῷν</strong></span> <span class='ocrx_word' id='word_1_188' title='bbox 2721 1668 2773 1726; x_wconf 77' lang='grc' dir='ltr'>ἐν</span> <span class='ocrx_word' id='word_1_189' title='bbox 2829 1664 3296 1741; x_wconf 71' lang='grc' dir='ltr'>Κολοσσαεῦσιθθ,</span> <span class='ocrx_word' id='word_1_190' title='bbox 3366 1667 3603 1746; x_wconf 79' lang='grc' dir='ltr'>Χριστοῦ</span> <span class='ocrx_word' id='word_1_191' title='bbox 3659 1657 3724 1737; x_wconf 68' lang='grc' dir='ltr'>ἦν</span> 
     </span>
    </p>
   </div>
   <div class='ocr_carea' id='block_1_30' title="bbox 428 1751 2015 1838">
    <p class='ocr_par' dir='ltr' id='par_1_30' title="bbox 428 1756 2015 1833">
     <span class='ocr_line' id='line_1_30' title="bbox 428 1756 2015 1833; baseline -0.002 -17"><span class='ocrx_word' id='word_1_192' title='bbox 428 1769 511 1816; x_wconf 91' lang='lat' dir='ltr'><strong>est</strong></span> <span class='ocrx_word' id='word_1_193' title='bbox 536 1760 839 1833; x_wconf 83' lang='lat' dir='ltr'><strong>Epaphras,</strong></span> <span class='ocrx_word' id='word_1_194' title='bbox 871 1759 1152 1832; x_wconf 89' lang='lat' dir='ltr'><strong>quomodo</strong></span> <span class='ocrx_word' id='word_1_195' title='bbox 1182 1758 1363 1815; x_wconf 83' lang='lat' dir='ltr'><strong>dicitis</strong></span> <span class='ocrx_word' id='word_1_196' title='bbox 1411 1774 1511 1816; x_wconf 89' lang='lat' dir='ltr'><strong>vos</strong></span> <span class='ocrx_word' id='word_1_197' title='bbox 1551 1773 1651 1831; x_wconf 89' lang='lat' dir='ltr'><strong>per</strong></span> <span class='ocrx_word' id='word_1_198' title='bbox 1689 1756 1915 1829; x_wconf 77' lang='lat' dir='ltr'><strong>angelos</strong></span> <span class='ocrx_word' id='word_1_199' title='bbox 1941 1771 2015 1813; x_wconf 86' lang='lat' dir='ltr'><strong>re&#39;</strong></span> 
     </span>
    </p>
   </div>
   <div class='ocr_carea' id='block_1_31' title="bbox 2124 1751 3729 1838">
    <p class='ocr_par' dir='ltr' id='par_1_31' title="bbox 2131 1751 3729 1838">
     <span class='ocr_line' id='line_1_31' title="bbox 2131 1751 3729 1838; baseline 0.008 -29"><span class='ocrx_word' id='word_1_200' title='bbox 2131 1751 2389 1817; x_wconf 82' lang='grc' dir='ltr'>διακονία.</span> <span class='ocrx_word' id='word_1_201' title='bbox 2425 1758 2494 1818; x_wconf 79' lang='grc' dir='ltr'><strong>Εἰ</strong></span> <span class='ocrx_word' id='word_1_202' title='bbox 2541 1755 2597 1815; x_wconf 67' lang='grc' dir='ltr'>δὲ</span> <span class='ocrx_word' id='word_1_203' title='bbox 2646 1759 2880 1837; x_wconf 79' lang='grc' dir='ltr'>Χριστοῦ</span> <span class='ocrx_word' id='word_1_204' title='bbox 2924 1755 3159 1823; x_wconf 87' lang='grc' dir='ltr'>διάκονος</span> <span class='ocrx_word' id='word_1_205' title='bbox 3212 1758 3241 1815; x_wconf 78' lang='grc' dir='ltr'>ὁ</span> <span class='ocrx_word' id='word_1_206' title='bbox 3267 1754 3584 1838; x_wconf 77' lang='grc' dir='ltr'>Ἐπαφρᾶς,</span> <span class='ocrx_word' id='word_1_207' title='bbox 3613 1758 3729 1822; x_wconf 73' lang='grc' dir='ltr'>πῶς</span> 
     </span>
    </p>
   </div>
   <div class='ocr_carea' id='block_1_32' title="bbox 401 1850 898 1908">
    <p class='ocr_par' dir='ltr' id='par_1_32' title="bbox 401 1850 898 1908">
     <span class='ocr_line' id='line_1_32' title="bbox 401 1850 898 1908; baseline 0.006 -3"><span class='ocrx_word' id='word_1_208' title='bbox 401 1850 717 1907; x_wconf 87' lang='lat' dir='ltr'><strong>conciliatos</strong></span> <span class='ocrx_word' id='word_1_209' title='bbox 742 1854 898 1908; x_wconf 83' lang='lat' dir='ltr'><strong>esse?</strong></span> 
     </span>
    </p>
   </div>
   <div class='ocr_carea' id='block_1_33' title="bbox 482 1937 2005 2009">
    <p class='ocr_par' dir='ltr' id='par_1_33' title="bbox 482 1937 2005 2009">
     <span class='ocr_line' id='line_1_33' title="bbox 482 1937 2005 2009; baseline -0.003 -14"><span class='ocrx_word' id='word_1_210' title='bbox 482 1942 663 1998; x_wconf 77' lang='lat' dir='ltr'><strong>Vnns.</strong></span> <span class='ocrx_word' id='word_1_211' title='bbox 690 1946 747 1997; x_wconf 91' lang='lat'><strong>8.</strong></span> <span class='ocrx_word' id='word_1_212' title='bbox 771 1942 880 2009; x_wconf 82' lang='lat' dir='ltr'><strong>Qui</strong></span> <span class='ocrx_word' id='word_1_213' title='bbox 901 1941 1067 1996; x_wconf 87' lang='lat' dir='ltr'><strong>etiam</strong></span> <span class='ocrx_word' id='word_1_214' title='bbox 1089 1941 1479 2008; x_wconf 80' lang='lat' dir='ltr'><strong>manifestavit</strong></span> <span class='ocrx_word' id='word_1_215' title='bbox 1497 1939 1646 1995; x_wconf 87' lang='lat' dir='ltr'><strong>nobis</strong></span> <span class='ocrx_word' id='word_1_216' title='bbox 1668 1937 2005 1994; x_wconf 77' lang='lat' dir='ltr'><strong>dilectionem</strong></span> 
     </span>
    </p>
   </div>
   <div class='ocr_carea' id='block_1_34' title="bbox 406 2026 2010 2102">
    <p class='ocr_par' dir='ltr' id='par_1_34' title="bbox 406 2026 2010 2102">
     <span class='ocr_line' id='line_1_34' title="bbox 406 2026 2010 2102; baseline -0.002 -17"><span class='ocrx_word' id='word_1_217' title='bbox 406 2035 640 2087; x_wconf 81' lang='lat' dir='ltr'><strong>vestram</strong></span> <span class='ocrx_word' id='word_1_218' title='bbox 680 2032 741 2086; x_wconf 90' lang='lat' dir='ltr'><strong>in</strong></span> <span class='ocrx_word' id='word_1_219' title='bbox 766 2032 996 2102; x_wconf 78' lang='lat' dir='ltr'><strong>Spiritu.</strong></span> <span class='ocrx_word' id='word_1_220' title='bbox 1024 2032 1149 2086; x_wconf 86' lang='lat' dir='ltr'><strong>Hoc</strong></span> <span class='ocrx_word' id='word_1_221' title='bbox 1174 2037 1278 2097; x_wconf 89' lang='lat' dir='ltr'><strong>est,</strong></span> <span class='ocrx_word' id='word_1_222' title='bbox 1316 2029 1656 2101; x_wconf 85' lang='lat' dir='ltr'><strong>spiritualem</strong></span> <span class='ocrx_word' id='word_1_223' title='bbox 1686 2026 2010 2083; x_wconf 85' lang='lat' dir='ltr'><strong>charitatem</strong></span> 
     </span>
    </p>
   </div>
   <div class='ocr_carea' id='block_1_35' title="bbox 416 2114 2020 2193">
    <p class='ocr_par' dir='ltr' id='par_1_35' title="bbox 416 2114 2020 2193">
     <span class='ocr_line' id='line_1_35' title="bbox 416 2114 2020 2193; baseline -0.002 -16"><span class='ocrx_word' id='word_1_224' title='bbox 416 2136 579 2193; x_wconf 89' lang='lat' dir='ltr'><strong>quam</strong></span> <span class='ocrx_word' id='word_1_225' title='bbox 611 2120 828 2176; x_wconf 88' lang='lat' dir='ltr'><strong>habetis</strong></span> <span class='ocrx_word' id='word_1_226' title='bbox 864 2135 991 2192; x_wconf 88' lang='lat' dir='ltr'><strong>erga</strong></span> <span class='ocrx_word' id='word_1_227' title='bbox 1031 2136 1151 2176; x_wconf 91' lang='lat' dir='ltr'><strong>me.</strong></span> <span class='ocrx_word' id='word_1_228' title='bbox 1196 2122 1306 2175; x_wconf 83' lang='lat' dir='ltr'><strong>Ista</strong></span> <span class='ocrx_word' id='word_1_229' title='bbox 1343 2118 1490 2175; x_wconf 88' lang='lat' dir='ltr'><strong>enim</strong></span> <span class='ocrx_word' id='word_1_230' title='bbox 1523 2114 1729 2174; x_wconf 85' lang='lat' dir='ltr'><strong>stabilis</strong></span> <span class='ocrx_word' id='word_1_231' title='bbox 1757 2125 1860 2185; x_wconf 90' lang='lat' dir='ltr'><strong>est,</strong></span> <span class='ocrx_word' id='word_1_232' title='bbox 1886 2116 2020 2173; x_wconf 90' lang='lat' dir='ltr'><strong>dile-</strong></span> 
     </span>
    </p>
   </div>
   <div class='ocr_carea' id='block_1_36' title="bbox 416 2206 2015 2281">
    <p class='ocr_par' dir='ltr' id='par_1_36' title="bbox 416 2206 2015 2281">
     <span class='ocr_line' id='line_1_36' title="bbox 416 2206 2015 2281; baseline -0.003 -15"><span class='ocrx_word' id='word_1_233' title='bbox 416 2210 528 2267; x_wconf 93' lang='lat' dir='ltr'><strong>ctio</strong></span> <span class='ocrx_word' id='word_1_234' title='bbox 574 2210 780 2266; x_wconf 90' lang='lat' dir='ltr'><strong>scilicet</strong></span> <span class='ocrx_word' id='word_1_235' title='bbox 819 2224 943 2281; x_wconf 70' lang='lat' dir='ltr'><strong>quae</strong></span> <span class='ocrx_word' id='word_1_236' title='bbox 991 2217 1077 2265; x_wconf 90' lang='lat' dir='ltr'><strong>est</strong></span> <span class='ocrx_word' id='word_1_237' title='bbox 1135 2208 1194 2264; x_wconf 91' lang='lat' dir='ltr'><strong>in</strong></span> <span class='ocrx_word' id='word_1_238' title='bbox 1261 2208 1487 2281; x_wconf 88' lang='lat' dir='ltr'><strong>Spiritu.</strong></span> <span class='ocrx_word' id='word_1_239' title='bbox 1538 2206 1780 2279; x_wconf 80' lang='lat' dir='ltr'><strong>Reliquae</strong></span> <span class='ocrx_word' id='word_1_240' title='bbox 1831 2214 2015 2262; x_wconf 88' lang='lat' dir='ltr'><strong>autem</strong></span> 
     </span>
    </p>
   </div>
   <div class='ocr_carea' id='block_1_37' title="bbox 407 2298 2014 2370">
    <p class='ocr_par' dir='ltr' id='par_1_37' title="bbox 407 2298 2014 2370">
     <span class='ocr_line' id='line_1_37' title="bbox 407 2298 2014 2370; baseline -0.002 -16"><span class='ocrx_word' id='word_1_241' title='bbox 407 2298 716 2354; x_wconf 90' lang='lat' dir='ltr'><strong>dilectionis</strong></span> <span class='ocrx_word' id='word_1_242' title='bbox 747 2299 974 2370; x_wconf 88' lang='lat' dir='ltr'><strong>species,</strong></span> <span class='ocrx_word' id='word_1_243' title='bbox 1007 2307 1121 2353; x_wconf 86' lang='lat' dir='ltr'><strong>tam</strong></span> <span class='ocrx_word' id='word_1_244' title='bbox 1154 2298 1440 2362; x_wconf 86' lang='lat' dir='ltr'><strong>naturalis,</strong></span> <span class='ocrx_word' id='word_1_245' title='bbox 1470 2304 1532 2353; x_wconf 94' lang='lat' dir='ltr'><strong>ut</strong></span> <span class='ocrx_word' id='word_1_246' title='bbox 1559 2305 1850 2369; x_wconf 87' lang='lat' dir='ltr'><strong>parentum</strong></span> <span class='ocrx_word' id='word_1_247' title='bbox 1887 2311 2014 2369; x_wconf 84' lang='lat' dir='ltr'><strong>erga</strong></span> 
     </span>
    </p>
   </div>
   <div class='ocr_carea' id='block_1_38' title="bbox 411 2387 2015 2460">
    <p class='ocr_par' dir='ltr' id='par_1_38' title="bbox 411 2387 2015 2460">
     <span class='ocr_line' id='line_1_38' title="bbox 411 2387 2015 2460; baseline -0.002 -16"><span class='ocrx_word' id='word_1_248' title='bbox 411 2389 631 2457; x_wconf 83' lang='lat' dir='ltr'><strong>liberos,</strong></span> <span class='ocrx_word' id='word_1_249' title='bbox 666 2388 1075 2460; x_wconf 89' lang='lat' dir='ltr'><strong>liberorumque</strong></span> <span class='ocrx_word' id='word_1_250' title='bbox 1126 2402 1250 2460; x_wconf 88' lang='lat' dir='ltr'><strong>erga</strong></span> <span class='ocrx_word' id='word_1_251' title='bbox 1295 2394 1571 2459; x_wconf 88' lang='lat' dir='ltr'><strong>parentes,</strong></span> <span class='ocrx_word' id='word_1_252' title='bbox 1615 2402 1782 2459; x_wconf 91' lang='lat' dir='ltr'><strong>quam</strong></span> <span class='ocrx_word' id='word_1_253' title='bbox 1812 2387 2015 2441; x_wconf 90' lang='lat' dir='ltr'><strong>amico-</strong></span> 
     </span>
    </p>
   </div>
   <div class='ocr_carea' id='block_1_39' title="bbox 410 2477 1721 2549">
    <p class='ocr_par' dir='ltr' id='par_1_39' title="bbox 410 2477 1721 2549">
     <span class='ocr_line' id='line_1_39' title="bbox 410 2477 1721 2549; baseline -0.002 -15"><span class='ocrx_word' id='word_1_254' title='bbox 410 2494 534 2534; x_wconf 91' lang='lat' dir='ltr'><strong>rum</strong></span> <span class='ocrx_word' id='word_1_255' title='bbox 566 2477 1001 2549; x_wconf 88' lang='lat' dir='ltr'><strong>amicarumque,</strong></span> <span class='ocrx_word' id='word_1_256' title='bbox 1042 2477 1322 2534; x_wconf 86' lang='lat' dir='ltr'><strong>instabiles</strong></span> <span class='ocrx_word' id='word_1_257' title='bbox 1347 2485 1480 2533; x_wconf 90' lang='lat' dir='ltr'><strong>sunt</strong></span> <span class='ocrx_word' id='word_1_258' title='bbox 1506 2491 1721 2532; x_wconf 90' lang='lat' dir='ltr'><strong>omnes.</strong></span> 
     </span>
    </p>
   </div>
   <div class='ocr_carea' id='block_1_40' title="bbox 481 2567 2012 2638">
    <p class='ocr_par' dir='ltr' id='par_1_40' title="bbox 481 2567 2012 2638">
     <span class='ocr_line' id='line_1_40' title="bbox 481 2567 2012 2638; baseline -0.001 -15"><span class='ocrx_word' id='word_1_259' title='bbox 481 2569 660 2624; x_wconf 76' lang='lat' dir='ltr'><strong>Vsns.</strong></span> <span class='ocrx_word' id='word_1_260' title='bbox 703 2570 756 2621; x_wconf 91' lang='lat'><strong>9.</strong></span> <span class='ocrx_word' id='word_1_261' title='bbox 813 2568 935 2624; x_wconf 84' lang='lat' dir='ltr'><strong>Ideo</strong></span> <span class='ocrx_word' id='word_1_262' title='bbox 966 2572 1014 2622; x_wconf 87' lang='lat' dir='ltr'><strong>et</strong></span> <span class='ocrx_word' id='word_1_263' title='bbox 1042 2582 1137 2623; x_wconf 90' lang='lat' dir='ltr'><strong>nos</strong></span> <span class='ocrx_word' id='word_1_264' title='bbox 1171 2582 1239 2623; x_wconf 79' lang='lat' dir='ltr'><strong>ea:</strong></span> <span class='ocrx_word' id='word_1_265' title='bbox 1265 2584 1376 2638; x_wconf 88' lang='lat' dir='ltr'><strong>qua</strong></span> <span class='ocrx_word' id='word_1_266' title='bbox 1427 2567 1515 2622; x_wconf 89' lang='lat' dir='ltr'><strong>die</strong></span> <span class='ocrx_word' id='word_1_267' title='bbox 1540 2568 1874 2630; x_wconf 79' lang='lat' dir='ltr'><strong>audivimus,</strong></span> <span class='ocrx_word' id='word_1_268' title='bbox 1906 2582 2012 2622; x_wconf 84' lang='lat' dir='ltr'><strong>non</strong></span> 
     </span>
    </p>
   </div>
   <div class='ocr_carea' id='block_1_41' title="bbox 408 2655 2008 2728">
    <p class='ocr_par' dir='ltr' id='par_1_41' title="bbox 408 2655 2008 2728">
     <span class='ocr_line' id='line_1_41' title="bbox 408 2655 2008 2728; baseline -0.001 -15"><span class='ocrx_word' id='word_1_269' title='bbox 408 2672 674 2713; x_wconf 85' lang='lat' dir='ltr'><strong>cessamus</strong></span> <span class='ocrx_word' id='word_1_270' title='bbox 683 2672 786 2728; x_wconf 84' lang='lat' dir='ltr'><strong>pro</strong></span> <span class='ocrx_word' id='word_1_271' title='bbox 813 2657 957 2712; x_wconf 76' lang='lat' dir='ltr'><strong>vobis</strong></span> <span class='ocrx_word' id='word_1_272' title='bbox 981 2672 1153 2712; x_wconf 84' lang='lat' dir='ltr'><strong>orare.</strong></span> <span class='ocrx_word' id='word_1_273' title='bbox 1184 2656 1311 2711; x_wconf 87' lang='lat' dir='ltr'><strong>Ideo</strong></span> <span class='ocrx_word' id='word_1_274' title='bbox 1342 2674 1359 2708; x_wconf 90' lang='lat'><strong><em>:</em></strong></span> <span class='ocrx_word' id='word_1_275' title='bbox 1384 2656 1589 2728; x_wconf 84' lang='lat' dir='ltr'><strong>quare?</strong></span> <span class='ocrx_word' id='word_1_276' title='bbox 1615 2655 1775 2727; x_wconf 88' lang='lat' dir='ltr'><strong>Quia,</strong></span> <span class='ocrx_word' id='word_1_277' title='bbox 1811 2655 2008 2727; x_wconf 91' lang='lat' dir='ltr'><strong>inquit,</strong></span> 
     </span>
    </p>
   </div>
   <div class='ocr_carea' id='block_1_42' title="bbox 409 2744 2007 2812">
    <p class='ocr_par' dir='ltr' id='par_1_42' title="bbox 409 2744 2007 2812">
     <span class='ocr_line' id='line_1_42' title="bbox 409 2744 2007 2812; baseline -0.001 -10"><span class='ocrx_word' id='word_1_278' title='bbox 409 2746 720 2803; x_wconf 84' lang='lat' dir='ltr'><strong>audivimus</strong></span> <span class='ocrx_word' id='word_1_279' title='bbox 754 2744 924 2802; x_wconf 80' lang='lat' dir='ltr'><strong>ﬁdem</strong></span> <span class='ocrx_word' id='word_1_280' title='bbox 979 2753 1221 2802; x_wconf 90' lang='lat' dir='ltr'><strong>vestram</strong></span> <span class='ocrx_word' id='word_1_281' title='bbox 1268 2752 1325 2801; x_wconf 90' lang='lat' dir='ltr'><strong>et</strong></span> <span class='ocrx_word' id='word_1_282' title='bbox 1367 2744 1755 2812; x_wconf 87' lang='lat' dir='ltr'><strong>dilectionem,</strong></span> <span class='ocrx_word' id='word_1_283' title='bbox 1806 2745 2007 2801; x_wconf 87' lang='lat' dir='ltr'><strong>bonam</strong></span> 
     </span>
    </p>
   </div>
   <div class='ocr_carea' id='block_1_43' title="bbox 407 2833 2007 2910">
    <p class='ocr_par' dir='ltr' id='par_1_43' title="bbox 407 2833 2007 2910">
     <span class='ocr_line' id='line_1_43' title="bbox 407 2833 2007 2910; baseline -0.002 -18"><span class='ocrx_word' id='word_1_284' title='bbox 407 2851 567 2908; x_wconf 85' lang='lat' dir='ltr'><strong>spem</strong></span> <span class='ocrx_word' id='word_1_285' title='bbox 622 2836 998 2910; x_wconf 90' lang='lat' dir='ltr'><strong>concipientes</strong></span> <span class='ocrx_word' id='word_1_286' title='bbox 1041 2834 1115 2892; x_wconf 88' lang='lat' dir='ltr'><strong>de</strong></span> <span class='ocrx_word' id='word_1_287' title='bbox 1161 2834 1379 2905; x_wconf 82' lang='lat' dir='ltr'><strong>futuris,</strong></span> <span class='ocrx_word' id='word_1_288' title='bbox 1426 2850 1652 2891; x_wconf 90' lang='lat' dir='ltr'><strong>oramus</strong></span> <span class='ocrx_word' id='word_1_289' title='bbox 1702 2850 1802 2906; x_wconf 91' lang='lat' dir='ltr'><strong>pro</strong></span> <span class='ocrx_word' id='word_1_290' title='bbox 1852 2833 2007 2890; x_wconf 91' lang='lat' dir='ltr'><strong>vobis</strong></span> 
     </span>
    </p>
   </div>
   <div class='ocr_carea' id='block_1_44' title="bbox 411 2924 2005 2997">
    <p class='ocr_par' dir='ltr' id='par_1_44' title="bbox 411 2924 2005 2997">
     <span class='ocr_line' id='line_1_44' title="bbox 411 2924 2005 2997; baseline 0 -16"><span class='ocrx_word' id='word_1_291' title='bbox 411 2942 526 2981; x_wconf 92' lang='lat' dir='ltr'><strong>non</strong></span> <span class='ocrx_word' id='word_1_292' title='bbox 556 2940 732 2982; x_wconf 90' lang='lat' dir='ltr'><strong>unum</strong></span> <span class='ocrx_word' id='word_1_293' title='bbox 760 2926 929 2995; x_wconf 92' lang='lat' dir='ltr'><strong>diem,</strong></span> <span class='ocrx_word' id='word_1_294' title='bbox 972 2941 1149 2997; x_wconf 91' lang='lat' dir='ltr'><strong>neque</strong></span> <span class='ocrx_word' id='word_1_295' title='bbox 1178 2925 1338 2994; x_wconf 89' lang='lat' dir='ltr'><strong>duos,</strong></span> <span class='ocrx_word' id='word_1_296' title='bbox 1366 2924 1464 2981; x_wconf 88' lang='lat' dir='ltr'><strong>sed</strong></span> <span class='ocrx_word' id='word_1_297' title='bbox 1492 2940 1525 2981; x_wconf 93' lang='lat' dir='ltr'><strong>a</strong></span> <span class='ocrx_word' id='word_1_298' title='bbox 1565 2940 1677 2996; x_wconf 92' lang='lat' dir='ltr'><strong>quo</strong></span> <span class='ocrx_word' id='word_1_299' title='bbox 1706 2925 1806 2981; x_wconf 91' lang='lat' dir='ltr'><strong>ista</strong></span> <span class='ocrx_word' id='word_1_300' title='bbox 1842 2926 2005 2981; x_wconf 86' lang='lat' dir='ltr'><strong>audi-</strong></span> 
     </span>
    </p>
   </div>
   <div class='ocr_carea' id='block_1_45' title="bbox 408 3013 2006 3086">
    <p class='ocr_par' dir='ltr' id='par_1_45' title="bbox 408 3013 2006 3086">
     <span class='ocr_line' id='line_1_45' title="bbox 408 3013 2006 3086; baseline 0 -15"><span class='ocrx_word' id='word_1_301' title='bbox 408 3015 605 3074; x_wconf 86' lang='lat' dir='ltr'><strong>vimus.</strong></span> <span class='ocrx_word' id='word_1_302' title='bbox 642 3017 918 3073; x_wconf 89' lang='lat' dir='ltr'><strong>Monstrat</strong></span> <span class='ocrx_word' id='word_1_303' title='bbox 960 3023 1149 3071; x_wconf 90' lang='lat' dir='ltr'><strong>autem</strong></span> <span class='ocrx_word' id='word_1_304' title='bbox 1195 3030 1292 3086; x_wconf 91' lang='lat' dir='ltr'><strong>per</strong></span> <span class='ocrx_word' id='word_1_305' title='bbox 1334 3013 1455 3072; x_wconf 68' lang='lat' dir='ltr'><strong>haec</strong></span> <span class='ocrx_word' id='word_1_306' title='bbox 1495 3013 1821 3071; x_wconf 89' lang='lat' dir='ltr'><strong>charitatem</strong></span> <span class='ocrx_word' id='word_1_307' title='bbox 1847 3030 2006 3071; x_wconf 88' lang='lat' dir='ltr'><strong>suam</strong></span> 
     </span>
    </p>
   </div>
   <div class='ocr_carea' id='block_1_46' title="bbox 409 3102 2002 3178">
    <p class='ocr_par' dir='ltr' id='par_1_46' title="bbox 409 3102 2002 3178">
     <span class='ocr_line' id='line_1_46' title="bbox 409 3102 2002 3178; baseline -0.003 -15"><span class='ocrx_word' id='word_1_308' title='bbox 409 3121 537 3178; x_wconf 84' lang='lat' dir='ltr'><strong>erga</strong></span> <span class='ocrx_word' id='word_1_309' title='bbox 564 3120 681 3173; x_wconf 91' lang='lat' dir='ltr'><strong>eos,</strong></span> <span class='ocrx_word' id='word_1_310' title='bbox 699 3120 764 3160; x_wconf 93' lang='lat' dir='ltr'><strong>ac</strong></span> <span class='ocrx_word' id='word_1_311' title='bbox 784 3104 1098 3161; x_wconf 90' lang='lat' dir='ltr'><strong>clanculum</strong></span> <span class='ocrx_word' id='word_1_312' title='bbox 1136 3103 1260 3159; x_wconf 89' lang='lat' dir='ltr'><strong>illos</strong></span> <span class='ocrx_word' id='word_1_313' title='bbox 1304 3102 1683 3175; x_wconf 84' lang='lat' dir='ltr'><strong>reprehendit;</strong></span> <span class='ocrx_word' id='word_1_314' title='bbox 1735 3102 2002 3175; x_wconf 90' lang='lat' dir='ltr'><strong>siquidem</strong></span> 
     </span>
    </p>
   </div>
   <div class='ocr_carea' id='block_1_47' title="bbox 2034 1840 3320 1927">
    <p class='ocr_par' dir='ltr' id='par_1_47' title="bbox 2034 1840 3320 1927">
     <span class='ocr_line' id='line_1_47' title="bbox 2034 1840 3320 1927; baseline 0.002 -24"><span class='ocrx_word' id='word_1_315' title='bbox 2034 1840 2082 1903; x_wconf 89' lang='lat' dir='ltr'><strong>B</strong></span> <span class='ocrx_word' id='word_1_316' title='bbox 2131 1841 2312 1924; x_wconf 82' lang='grc' dir='ltr'>λέγετε</span> <span class='ocrx_word' id='word_1_317' title='bbox 2342 1850 2519 1925; x_wconf 81' lang='grc' dir='ltr'>ὑμεῖς,</span> <span class='ocrx_word' id='word_1_318' title='bbox 2544 1844 2611 1905; x_wconf 87' lang='grc' dir='ltr'>δι’</span> <span class='ocrx_word' id='word_1_319' title='bbox 2641 1847 2882 1926; x_wconf 85' lang='grc' dir='ltr'>ἀγγέλων</span> <span class='ocrx_word' id='word_1_320' title='bbox 2911 1850 3279 1927; x_wconf 80' lang='grc' dir='ltr'>προσαχθῆναι</span> <span class='ocrx_word' id='word_1_321' title='bbox 3300 1870 3320 1924; x_wconf 80' lang='lat'><strong>;</strong></span> 
     </span>
    </p>
   </div>
   <div class='ocr_carea' id='block_1_48' title="bbox 2225 1934 3727 2015">
    <p class='ocr_par' dir='ltr' id='par_1_48' title="bbox 2225 1934 3727 2015">
     <span class='ocr_line' id='line_1_48' title="bbox 2225 1934 3727 2015; baseline -0.001 -22"><span class='ocrx_word' id='word_1_322' title='bbox 2225 1957 2256 1993; x_wconf 81' lang='grc' dir='ltr'><strong>α</strong></span> <span class='ocrx_word' id='word_1_323' title='bbox 2306 1935 2375 1997; x_wconf 72' lang='grc' dir='ltr'>Ὀ</span> <span class='ocrx_word' id='word_1_324' title='bbox 2429 1936 2520 1995; x_wconf 77' lang='grc' dir='ltr'>καὶ</span> <span class='ocrx_word' id='word_1_325' title='bbox 2572 1934 2817 2009; x_wconf 85' lang='grc' dir='ltr'>δηλώσας</span> <span class='ocrx_word' id='word_1_326' title='bbox 2862 1941 2992 2014; x_wconf 80' lang='grc' dir='ltr'>ἡμῖν</span> <span class='ocrx_word' id='word_1_327' title='bbox 3049 1936 3145 2008; x_wconf 86' lang='grc' dir='ltr'><strong>τὴν</strong></span> <span class='ocrx_word' id='word_1_328' title='bbox 3182 1938 3354 2015; x_wconf 29' lang='grc' dir='ltr'>,ὑμῶν</span> <span class='ocrx_word' id='word_1_329' title='bbox 3398 1934 3615 2014; x_wconf 88' lang='grc' dir='ltr'>ἀγάπην</span> <span class='ocrx_word' id='word_1_330' title='bbox 3671 1935 3727 1992; x_wconf 87' lang='grc' dir='ltr'>ἐν</span> 
     </span>
    </p>
   </div>
   <div class='ocr_carea' id='block_1_49' title="bbox 2137 2024 3726 2103">
    <p class='ocr_par' dir='ltr' id='par_1_49' title="bbox 2137 2024 3726 2103">
     <span class='ocr_line' id='line_1_49' title="bbox 2137 2024 3726 2103; baseline -0.001 -19"><span class='ocrx_word' id='word_1_331' title='bbox 2137 2024 2440 2102; x_wconf 89' lang='grc' dir='ltr'>Πνεύματι.</span> <span class='ocrx_word' id='word_1_332' title='bbox 2476 2049 2505 2086; x_wconf 80' lang='grc' dir='ltr'>ι)</span> <span class='ocrx_word' id='word_1_333' title='bbox 2536 2024 2795 2088; x_wconf 85' lang='grc' dir='ltr'>Τουτέστι</span> <span class='ocrx_word' id='word_1_334' title='bbox 2815 2071 2831 2101; x_wconf 91' lang='grc'><strong>,</strong></span> <span class='ocrx_word' id='word_1_335' title='bbox 2860 2028 2977 2099; x_wconf 80' lang='grc' dir='ltr'>Τὴν</span> <span class='ocrx_word' id='word_1_336' title='bbox 2999 2024 3365 2103; x_wconf 84' lang='grc' dir='ltr'>πνευματικὴν</span> <span class='ocrx_word' id='word_1_337' title='bbox 3409 2024 3626 2102; x_wconf 81' lang='grc' dir='ltr'>ἀγάπην</span> <span class='ocrx_word' id='word_1_338' title='bbox 3658 2024 3726 2084; x_wconf 68' lang='grc' dir='ltr'><strong>ἣν</strong></span> 
     </span>
    </p>
   </div>
   <div class='ocr_carea' id='block_1_50' title="bbox 2130 2113 3727 2197">
    <p class='ocr_par' dir='ltr' id='par_1_50' title="bbox 2130 2113 3727 2197">
     <span class='ocr_line' id='line_1_50' title="bbox 2130 2113 3727 2197; baseline 0 -25"><span class='ocrx_word' id='word_1_339' title='bbox 2130 2114 2286 2197; x_wconf 76' lang='grc' dir='ltr'>ἔχετε</span> <span class='ocrx_word' id='word_1_340' title='bbox 2331 2116 2459 2197; x_wconf 91' lang='grc' dir='ltr'>πρός</span> <span class='ocrx_word' id='word_1_341' title='bbox 2490 2140 2579 2197; x_wconf 88' lang='grc' dir='ltr'><strong>με.</strong></span> <span class='ocrx_word' id='word_1_342' title='bbox 2632 2116 2784 2188; x_wconf 80' lang='grc' dir='ltr'>Αὕτη</span> <span class='ocrx_word' id='word_1_343' title='bbox 2831 2116 2936 2197; x_wconf 78' lang='grc' dir='ltr'><strong>γὰρ</strong></span> <span class='ocrx_word' id='word_1_344' title='bbox 2988 2115 3211 2197; x_wconf 82' lang='grc' dir='ltr'>βεϐαία,</span> <span class='ocrx_word' id='word_1_345' title='bbox 3240 2120 3296 2197; x_wconf 17' lang='grc' dir='ltr'><strong>,ἡ</strong></span> <span class='ocrx_word' id='word_1_346' title='bbox 3326 2117 3395 2197; x_wconf 15' lang='grc' dir='ltr'>,ξν</span> <span class='ocrx_word' id='word_1_347' title='bbox 3417 2113 3727 2197; x_wconf 43' lang='grc' dir='ltr'>’.Πνεύματι</span> 
     </span>
    </p>
   </div>
   <div class='ocr_carea' id='block_1_51' title="bbox 2129 2140 3727 2278">
    <p class='ocr_par' dir='ltr' id='par_1_51' title="bbox 2129 2140 3727 2278">
     <span class='ocr_line' id='line_1_51' title="bbox 2130 2140 3727 2254; baseline 0 -82"><span class='ocrx_word' id='word_1_348' title='bbox 2130 2140 2286 2194; x_wconf 82' lang='grc' dir='ltr'>εχετε</span> <span class='ocrx_word' id='word_1_349' title='bbox 2331 2140 2459 2197; x_wconf 92' lang='grc' dir='ltr'>προς</span> <span class='ocrx_word' id='word_1_350' title='bbox 2490 2140 2579 2194; x_wconf 87' lang='grc' dir='ltr'><strong>με.</strong></span> <span class='ocrx_word' id='word_1_351' title='bbox 2632 2140 2784 2188; x_wconf 78' lang='grc' dir='ltr'>Αυτη</span> <span class='ocrx_word' id='word_1_352' title='bbox 2827 2140 2936 2254; x_wconf 52' lang='grc' dir='ltr'><strong>γαρ</strong></span> <span class='ocrx_word' id='word_1_353' title='bbox 2988 2140 3211 2197; x_wconf 81' lang='grc' dir='ltr'>ρεοαια,</span> <span class='ocrx_word' id='word_1_354' title='bbox 3261 2140 3296 2189; x_wconf 87' lang='grc' dir='ltr'><strong>η</strong></span> <span class='ocrx_word' id='word_1_355' title='bbox 3342 2140 3395 2174; x_wconf 89' lang='grc' dir='ltr'><strong>εν</strong></span> <span class='ocrx_word' id='word_1_356' title='bbox 3446 2140 3727 2191; x_wconf 87' lang='grc' dir='ltr'>ιινευματι</span> 
     </span>
     <span class='ocr_line' id='line_1_52' title="bbox 2129 2186 3727 2278; baseline -0.005 -18"><span class='ocrx_word' id='word_1_357' title='bbox 2129 2196 2339 2272; x_wconf 77' lang='grc' dir='ltr'>ἀγάπη.</span> <span class='ocrx_word' id='word_1_358' title='bbox 2374 2199 2445 2257; x_wconf 78' lang='grc' dir='ltr'>Αἱ</span> <span class='ocrx_word' id='word_1_359' title='bbox 2476 2196 2532 2256; x_wconf 80' lang='grc' dir='ltr'>δὲ</span> <span class='ocrx_word' id='word_1_360' title='bbox 2556 2199 2763 2270; x_wconf 80' lang='grc' dir='ltr'>λοιπαὶ,</span> <span class='ocrx_word' id='word_1_361' title='bbox 2793 2221 2825 2255; x_wconf 90' lang='grc' dir='ltr'><strong>α</strong></span> <span class='ocrx_word' id='word_1_362' title='bbox 2876 2220 2934 2256; x_wconf 87' lang='grc' dir='ltr'><strong>τε</strong></span> <span class='ocrx_word' id='word_1_363' title='bbox 2964 2195 3203 2278; x_wconf 66' lang='grc' dir='ltr'>φυσικαὶ,</span> <span class='ocrx_word' id='word_1_364' title='bbox 3235 2196 3368 2276; x_wconf 76' lang='grc' dir='ltr'>[καὶ]</span> <span class='ocrx_word' id='word_1_365' title='bbox 3395 2186 3503 2255; x_wconf 78' lang='grc' dir='ltr'>οἶον</span> <span class='ocrx_word' id='word_1_366' title='bbox 3530 2194 3727 2274; x_wconf 82' lang='grc' dir='ltr'>γονέων</span> 
     </span>
    </p>
   </div>
   <div class='ocr_carea' id='block_1_52' title="bbox 2125 2283 3725 2368">
    <p class='ocr_par' dir='ltr' id='par_1_52' title="bbox 2125 2283 3725 2368">
     <span class='ocr_line' id='line_1_53' title="bbox 2125 2283 3725 2368; baseline 0 -25"><span class='ocrx_word' id='word_1_367' title='bbox 2125 2285 2256 2365; x_wconf 88' lang='grc' dir='ltr'>πρὸς</span> <span class='ocrx_word' id='word_1_368' title='bbox 2288 2288 2513 2361; x_wconf 87' lang='grc' dir='ltr'>παῖδας,</span> <span class='ocrx_word' id='word_1_369' title='bbox 2552 2286 2643 2346; x_wconf 78' lang='grc' dir='ltr'><strong>καὶ</strong></span> <span class='ocrx_word' id='word_1_370' title='bbox 2692 2286 2900 2346; x_wconf 76' lang='grc' dir='ltr'>παίδοιν</span> <span class='ocrx_word' id='word_1_371' title='bbox 2950 2285 3081 2367; x_wconf 77' lang='grc' dir='ltr'>πρὸς</span> <span class='ocrx_word' id='word_1_372' title='bbox 3116 2286 3311 2366; x_wconf 75' lang='grc' dir='ltr'>γονεῖςσ</span> <span class='ocrx_word' id='word_1_373' title='bbox 3343 2285 3403 2346; x_wconf 79' lang='grc' dir='ltr'><strong>αῖ</strong></span> <span class='ocrx_word' id='word_1_374' title='bbox 3428 2308 3486 2345; x_wconf 94' lang='grc' dir='ltr'><strong>τε</strong></span> <span class='ocrx_word' id='word_1_375' title='bbox 3516 2283 3725 2368; x_wconf 74' lang='grc' dir='ltr'>φιλικαὶ</span> 
     </span>
    </p>
   </div>
   <div class='ocr_carea' id='block_1_53' title="bbox 2123 2375 3035 2459">
    <p class='ocr_par' dir='ltr' id='par_1_53' title="bbox 2123 2375 3035 2459">
     <span class='ocr_line' id='line_1_54' title="bbox 2123 2375 3035 2459; baseline 0.003 -24"><span class='ocrx_word' id='word_1_376' title='bbox 2123 2376 2217 2435; x_wconf 81' lang='grc' dir='ltr'>καὶ</span> <span class='ocrx_word' id='word_1_377' title='bbox 2251 2376 2547 2459; x_wconf 74' lang='grc' dir='ltr'>ἑταιρικαὶ,</span> <span class='ocrx_word' id='word_1_378' title='bbox 2577 2375 2821 2437; x_wconf 82' lang='grc' dir='ltr'>ἀϐέϐαιοι</span> <span class='ocrx_word' id='word_1_379' title='bbox 2849 2384 3035 2439; x_wconf 80' lang='grc' dir='ltr'>πᾶσαι.</span> 
     </span>
    </p>
   </div>
   <div class='ocr_carea' id='block_1_54' title="bbox 2203 2549 3725 2638">
    <p class='ocr_par' dir='ltr' id='par_1_54' title="bbox 2203 2549 3725 2638">
     <span class='ocr_line' id='line_1_55' title="bbox 2203 2549 3725 2638; baseline 0.001 -25"><span class='ocrx_word' id='word_1_380' title='bbox 2203 2585 2229 2613; x_wconf 77' lang='grc' dir='ltr'>ι</span> <span class='ocrx_word' id='word_1_381' title='bbox 2260 2556 2363 2619; x_wconf 77' lang='grc' dir='ltr'>Διὰ</span> <span class='ocrx_word' id='word_1_382' title='bbox 2402 2561 2557 2618; x_wconf 86' lang='grc' dir='ltr'>τοῦτο</span> <span class='ocrx_word' id='word_1_383' title='bbox 2591 2557 2683 2617; x_wconf 77' lang='grc' dir='ltr'>καὶ</span> <span class='ocrx_word' id='word_1_384' title='bbox 2727 2562 2903 2637; x_wconf 88' lang='grc' dir='ltr'>ἡμεῖς,</span> <span class='ocrx_word' id='word_1_385' title='bbox 2956 2556 3048 2638; x_wconf 85' lang='grc' dir='ltr'>ἀφ’</span> <span class='ocrx_word' id='word_1_386' title='bbox 3101 2549 3165 2630; x_wconf 73' lang='grc' dir='ltr'><strong>ἧς</strong></span> <span class='ocrx_word' id='word_1_387' title='bbox 3216 2555 3423 2637; x_wconf 79' lang='grc' dir='ltr'>ἡμέρας</span> <span class='ocrx_word' id='word_1_388' title='bbox 3475 2555 3725 2628; x_wconf 83' lang='grc' dir='ltr'>ἡκούσα-</span> 
     </span>
    </p>
   </div>
   <div class='ocr_carea' id='block_1_55' title="bbox 2122 2644 3724 2727">
    <p class='ocr_par' dir='ltr' id='par_1_55' title="bbox 2122 2644 3724 2727">
     <span class='ocr_line' id='line_1_56' title="bbox 2122 2644 3724 2727; baseline -0.002 -19"><span class='ocrx_word' id='word_1_389' title='bbox 2122 2673 2254 2726; x_wconf 88' lang='grc' dir='ltr'>μεν,</span> <span class='ocrx_word' id='word_1_390' title='bbox 2309 2651 2370 2708; x_wconf 90' lang='grc' dir='ltr'><strong>οὐ</strong></span> <span class='ocrx_word' id='word_1_391' title='bbox 2425 2646 2705 2724; x_wconf 86' lang='grc' dir='ltr'>παυόμεθα</span> <span class='ocrx_word' id='word_1_392' title='bbox 2758 2647 2892 2727; x_wconf 79' lang='grc' dir='ltr'>ὐπὲρ</span> <span class='ocrx_word' id='word_1_393' title='bbox 2948 2650 3097 2723; x_wconf 74' lang='grc' dir='ltr'>ὑμῶν</span> <span class='ocrx_word' id='word_1_394' title='bbox 3150 2644 3595 2727; x_wconf 81' lang='grc' dir='ltr'>προσευχόμενοι.</span> <span class='ocrx_word' id='word_1_395' title='bbox 3640 2679 3724 2692; x_wconf 90' lang='lat'><strong>——-</strong></span> 
     </span>
    </p>
   </div>
   <div class='ocr_carea' id='block_1_56' title="bbox 2117 2735 3718 2818">
    <p class='ocr_par' dir='ltr' id='par_1_56' title="bbox 2117 2735 3718 2818">
     <span class='ocr_line' id='line_1_57' title="bbox 2117 2735 3718 2818; baseline -0.003 -19"><span class='ocrx_word' id='word_1_396' title='bbox 2117 2737 2223 2799; x_wconf 77' lang='grc' dir='ltr'>Διὰ</span> <span class='ocrx_word' id='word_1_397' title='bbox 2260 2743 2449 2811; x_wconf 85' lang='grc' dir='ltr'>τοῦτο,</span> <span class='ocrx_word' id='word_1_398' title='bbox 2483 2763 2507 2790; x_wconf 75' lang='grc' dir='ltr'><strong><em>ι</em></strong></span> <span class='ocrx_word' id='word_1_399' title='bbox 2533 2745 2712 2809; x_wconf 82' lang='grc' dir='ltr'>ποῖον;</span> <span class='ocrx_word' id='word_1_400' title='bbox 2745 2735 3004 2809; x_wconf 82' lang='grc' dir='ltr'>Ἐπειδὴ’,</span> <span class='ocrx_word' id='word_1_401' title='bbox 3036 2735 3219 2818; x_wconf 76' lang='grc' dir='ltr'>φησὶν,</span> <span class='ocrx_word' id='word_1_402' title='bbox 3271 2738 3578 2813; x_wconf 77' lang='grc' dir='ltr'>ἠκούσαμεν</span> <span class='ocrx_word' id='word_1_403' title='bbox 3619 2736 3718 2809; x_wconf 80' lang='grc' dir='ltr'><strong>τὴν</strong></span> 
     </span>
    </p>
   </div>
   <div class='ocr_carea' id='block_1_57' title="bbox 2116 2824 3720 2905">
    <p class='ocr_par' dir='ltr' id='par_1_57' title="bbox 2116 2824 3720 2905">
     <span class='ocr_line' id='line_1_58' title="bbox 2116 2824 3720 2905; baseline -0.002 -18"><span class='ocrx_word' id='word_1_404' title='bbox 2116 2829 2297 2888; x_wconf 85' lang='grc' dir='ltr'>πίστιν</span> <span class='ocrx_word' id='word_1_405' title='bbox 2336 2830 2487 2905; x_wconf 81' lang='grc' dir='ltr'>ὐμῶν</span> <span class='ocrx_word' id='word_1_406' title='bbox 2555 2828 2646 2886; x_wconf 74' lang='grc' dir='ltr'><strong>καὶ</strong></span> <span class='ocrx_word' id='word_1_407' title='bbox 2693 2827 2789 2899; x_wconf 79' lang='grc' dir='ltr'><strong>τὴν</strong></span> <span class='ocrx_word' id='word_1_408' title='bbox 2847 2827 3085 2905; x_wconf 83' lang='grc' dir='ltr'>ἀγάπην,</span> <span class='ocrx_word' id='word_1_409' title='bbox 3133 2825 3408 2893; x_wconf 82' lang='grc' dir='ltr'>εὐέλπιδες</span> <span class='ocrx_word' id='word_1_410' title='bbox 3439 2824 3720 2903; x_wconf 86' lang='grc' dir='ltr'>γενόμενοι</span> 
     </span>
    </p>
   </div>
   <div class='ocr_carea' id='block_1_58' title="bbox 2117 2915 3719 2997">
    <p class='ocr_par' dir='ltr' id='par_1_58' title="bbox 2117 2915 3719 2997">
     <span class='ocr_line' id='line_1_59' title="bbox 2117 2915 3719 2997; baseline -0.002 -20"><span class='ocrx_word' id='word_1_411' title='bbox 2117 2917 2240 2997; x_wconf 79' lang='grc' dir='ltr'>περὶ</span> <span class='ocrx_word' id='word_1_412' title='bbox 2268 2922 2374 2977; x_wconf 80' lang='grc' dir='ltr'><strong>τῶν</strong></span> <span class='ocrx_word' id='word_1_413' title='bbox 2425 2917 2749 2994; x_wconf 80' lang='grc' dir='ltr'>μελλόντων,</span> <span class='ocrx_word' id='word_1_414' title='bbox 2812 2916 3076 2997; x_wconf 79' lang='grc' dir='ltr'>εὐχόμεθα</span> <span class='ocrx_word' id='word_1_415' title='bbox 3120 2916 3270 2992; x_wconf 76' lang='grc' dir='ltr'>ὑμῖν,</span> <span class='ocrx_word' id='word_1_416' title='bbox 3324 2916 3384 2974; x_wconf 89' lang='grc' dir='ltr'><strong>οὐ</strong></span> <span class='ocrx_word' id='word_1_417' title='bbox 3418 2916 3548 2992; x_wconf 87' lang='grc' dir='ltr'>μίαν</span> <span class='ocrx_word' id='word_1_418' title='bbox 3576 2915 3719 2991; x_wconf 82' lang='grc' dir='ltr'>ἠμέ-</span> 
     </span>
    </p>
   </div>
   <div class='ocr_carea' id='block_1_59' title="bbox 2118 2996 3715 3087">
    <p class='ocr_par' dir='ltr' id='par_1_59' title="bbox 2118 2996 3715 3087">
     <span class='ocr_line' id='line_1_60' title="bbox 2118 2996 3715 3087; baseline -0.001 -22"><span class='ocrx_word' id='word_1_419' title='bbox 2118 2996 2234 3087; x_wconf 86' lang='grc' dir='ltr'>ραν,</span> <span class='ocrx_word' id='word_1_420' title='bbox 2279 3006 2399 3067; x_wconf 81' lang='grc' dir='ltr'>οὐδὲ</span> <span class='ocrx_word' id='word_1_421' title='bbox 2442 3006 2553 3075; x_wconf 90' lang='grc' dir='ltr'>δύο,</span> <span class='ocrx_word' id='word_1_422' title='bbox 2607 3008 2725 3064; x_wconf 84' lang='grc' dir='ltr'>ἀλλ’</span> <span class='ocrx_word' id='word_1_423' title='bbox 2755 3005 2843 3087; x_wconf 86' lang='grc' dir='ltr'>ἀφ’</span> <span class='ocrx_word' id='word_1_424' title='bbox 2872 2996 2931 3066; x_wconf 67' lang='grc' dir='ltr'><strong>οὐ</strong></span> <span class='ocrx_word' id='word_1_425' title='bbox 2980 3004 3288 3083; x_wconf 82' lang='grc' dir='ltr'>ἠκούσαμεν</span> <span class='ocrx_word' id='word_1_426' title='bbox 3344 3008 3537 3066; x_wconf 89' lang='grc' dir='ltr'>ταῦτα.</span> <span class='ocrx_word' id='word_1_427' title='bbox 3588 3005 3715 3066; x_wconf 72' lang='grc' dir='ltr'>Δείο</span> 
     </span>
    </p>
   </div>
   <div class='ocr_carea' id='block_1_60' title="bbox 2114 3092 3719 3172">
    <p class='ocr_par' dir='ltr' id='par_1_60' title="bbox 2114 3092 3719 3172">
     <span class='ocr_line' id='line_1_61' title="bbox 2114 3092 3719 3172; baseline -0.001 -18"><span class='ocrx_word' id='word_1_428' title='bbox 2114 3120 2269 3155; x_wconf 87' lang='grc' dir='ltr'>κνυσι</span> <span class='ocrx_word' id='word_1_429' title='bbox 2308 3096 2363 3157; x_wconf 81' lang='grc' dir='ltr'>δὲ</span> <span class='ocrx_word' id='word_1_430' title='bbox 2393 3098 2479 3155; x_wconf 80' lang='grc' dir='ltr'><strong>διὰ</strong></span> <span class='ocrx_word' id='word_1_431' title='bbox 2507 3094 2708 3154; x_wconf 87' lang='grc' dir='ltr'>τούτων</span> <span class='ocrx_word' id='word_1_432' title='bbox 2742 3096 2834 3154; x_wconf 81' lang='grc' dir='ltr'>καὶ</span> <span class='ocrx_word' id='word_1_433' title='bbox 2868 3096 2965 3166; x_wconf 81' lang='grc' dir='ltr'><strong>τὴν</strong></span> <span class='ocrx_word' id='word_1_434' title='bbox 2997 3098 3158 3153; x_wconf 75' lang='grc' dir='ltr'>αὑτοῦ</span> <span class='ocrx_word' id='word_1_435' title='bbox 3182 3092 3420 3172; x_wconf 83' lang='grc' dir='ltr'>ἀγάπην,</span> <span class='ocrx_word' id='word_1_436' title='bbox 3458 3093 3719 3162; x_wconf 86' lang='grc' dir='ltr'>κάκείνοις</span> 
     </span>
    </p>
   </div>
   <div class='ocr_carea' id='block_1_61' title="bbox 409 3183 2015 3266">
    <p class='ocr_par' dir='ltr' id='par_1_61' title="bbox 409 3190 2008 3266">
     <span class='ocr_line' id='line_1_62' title="bbox 409 3190 2008 3266; baseline -0.001 -15"><span class='ocrx_word' id='word_1_437' title='bbox 409 3193 749 3251; x_wconf 87' lang='lat' dir='ltr'><strong>orationibus</strong></span> <span class='ocrx_word' id='word_1_438' title='bbox 774 3193 889 3266; x_wconf 88' lang='lat' dir='ltr'><strong>ejus</strong></span> <span class='ocrx_word' id='word_1_439' title='bbox 908 3191 1101 3265; x_wconf 90' lang='lat' dir='ltr'><strong>adjuti,</strong></span> <span class='ocrx_word' id='word_1_440' title='bbox 1130 3190 1385 3248; x_wconf 90' lang='lat' dir='ltr'><strong>nondum</strong></span> <span class='ocrx_word' id='word_1_441' title='bbox 1412 3199 1601 3247; x_wconf 90' lang='lat' dir='ltr'><strong>tamen</strong></span> <span class='ocrx_word' id='word_1_442' title='bbox 1636 3192 1843 3263; x_wconf 83' lang='lat' dir='ltr'><strong>scipsos</strong></span> <span class='ocrx_word' id='word_1_443' title='bbox 1890 3209 2008 3264; x_wconf 81' lang='lat' dir='ltr'><strong>pcr-</strong></span> 
     </span>
    </p>
   </div>
   <div class='ocr_carea' id='block_1_62' title="bbox 2124 3183 3721 3266">
    <p class='ocr_par' dir='ltr' id='par_1_62' title="bbox 2127 3183 3721 3266">
     <span class='ocr_line' id='line_1_63' title="bbox 2127 3183 3721 3266; baseline 0 -22"><span class='ocrx_word' id='word_1_444' title='bbox 2127 3186 2305 3266; x_wconf 88' lang='grc' dir='ltr'>ἠρέμα</span> <span class='ocrx_word' id='word_1_445' title='bbox 2348 3185 2679 3264; x_wconf 87' lang='grc' dir='ltr'>κατάγνωσιν</span> <span class='ocrx_word' id='word_1_446' title='bbox 2745 3185 2923 3266; x_wconf 81' lang='grc' dir='ltr'>φέρει,</span> <span class='ocrx_word' id='word_1_447' title='bbox 2982 3183 3029 3244; x_wconf 76' lang='grc' dir='ltr'><strong>εί</strong></span> <span class='ocrx_word' id='word_1_448' title='bbox 3085 3207 3145 3264; x_wconf 90' lang='grc' dir='ltr'><strong>γε</strong></span> <span class='ocrx_word' id='word_1_449' title='bbox 3197 3183 3290 3242; x_wconf 81' lang='grc' dir='ltr'>καὶ</span> <span class='ocrx_word' id='word_1_450' title='bbox 3338 3192 3456 3253; x_wconf 85' lang='grc' dir='ltr'>ταῖς</span> <span class='ocrx_word' id='word_1_451' title='bbox 3522 3185 3721 3244; x_wconf 74' lang='grc' dir='ltr'>ἐκείνου</span> 
     </span>
    </p>
   </div>
   <div class='ocr_carea' id='block_1_63' title="bbox 410 3280 2013 3354">
    <p class='ocr_par' dir='ltr' id='par_1_63' title="bbox 410 3280 2013 3354">
     <span class='ocr_line' id='line_1_64' title="bbox 410 3280 2013 3354; baseline -0.001 -14"><span class='ocrx_word' id='word_1_452' title='bbox 410 3284 551 3341; x_wconf 81' lang='lat' dir='ltr'><strong>fecte</strong></span> <span class='ocrx_word' id='word_1_453' title='bbox 573 3283 970 3354; x_wconf 84' lang='lat' dir='ltr'><strong>recollegerunt</strong></span> <span class='ocrx_word' id='word_1_454' title='bbox 988 3322 1002 3347; x_wconf 93' lang='lat'><strong>,</strong></span> <span class='ocrx_word' id='word_1_455' title='bbox 1027 3296 1129 3337; x_wconf 89' lang='lat' dir='ltr'><strong>nec</strong></span> <span class='ocrx_word' id='word_1_456' title='bbox 1148 3280 1528 3337; x_wconf 90' lang='lat' dir='ltr'><strong>emendarunt.</strong></span> <span class='ocrx_word' id='word_1_457' title='bbox 1556 3281 1799 3338; x_wconf 89' lang='lat' dir='ltr'><strong>Observa</strong></span> <span class='ocrx_word' id='word_1_458' title='bbox 1832 3290 2013 3339; x_wconf 79' lang='lat' dir='ltr'><strong>autem</strong></span> 
     </span>
    </p>
   </div>
   <div class='ocr_carea' id='block_1_64' title="bbox 410 3366 2011 3443">
    <p class='ocr_par' dir='ltr' id='par_1_64' title="bbox 410 3366 2011 3443">
     <span class='ocr_line' id='line_1_65' title="bbox 410 3366 2011 3443; baseline 0.001 -18"><span class='ocrx_word' id='word_1_459' title='bbox 410 3369 562 3443; x_wconf 91' lang='lat' dir='ltr'><strong>quod</strong></span> <span class='ocrx_word' id='word_1_460' title='bbox 591 3368 776 3425; x_wconf 89' lang='lat' dir='ltr'><strong>multis</strong></span> <span class='ocrx_word' id='word_1_461' title='bbox 817 3366 1159 3426; x_wconf 86' lang='lat' dir='ltr'><strong>orationibus</strong></span> <span class='ocrx_word' id='word_1_462' title='bbox 1185 3366 1346 3424; x_wconf 90' lang='lat' dir='ltr'><strong>nobis</strong></span> <span class='ocrx_word' id='word_1_463' title='bbox 1383 3383 1524 3440; x_wconf 92' lang='lat' dir='ltr'><strong>opus</strong></span> <span class='ocrx_word' id='word_1_464' title='bbox 1556 3369 1629 3425; x_wconf 86' lang='lat' dir='ltr'><strong>sit</strong></span> <span class='ocrx_word' id='word_1_465' title='bbox 1648 3376 1703 3424; x_wconf 90' lang='lat' dir='ltr'><strong>et</strong></span> <span class='ocrx_word' id='word_1_466' title='bbox 1731 3369 1961 3426; x_wconf 84' lang='lat' dir='ltr'><strong>assiduis</strong></span> <span class='ocrx_word' id='word_1_467' title='bbox 1998 3391 2011 3427; x_wconf 90' lang='lat'><strong>:</strong></span> 
     </span>
    </p>
   </div>
   <div class='ocr_carea' id='block_1_65' title="bbox 414 3456 2014 3531">
    <p class='ocr_par' dir='ltr' id='par_1_65' title="bbox 414 3456 2014 3531">
     <span class='ocr_line' id='line_1_66' title="bbox 414 3456 2014 3531; baseline -0.001 -15"><span class='ocrx_word' id='word_1_468' title='bbox 414 3469 471 3517; x_wconf 87' lang='lat' dir='ltr'><strong>et</strong></span> <span class='ocrx_word' id='word_1_469' title='bbox 512 3458 662 3531; x_wconf 89' lang='lat' dir='ltr'><strong>quod</strong></span> <span class='ocrx_word' id='word_1_470' title='bbox 709 3458 912 3514; x_wconf 87' lang='lat' dir='ltr'><strong>Paulus</strong></span> <span class='ocrx_word' id='word_1_471' title='bbox 935 3457 1053 3514; x_wconf 89' lang='lat' dir='ltr'><strong>sine</strong></span> <span class='ocrx_word' id='word_1_472' title='bbox 1099 3456 1508 3514; x_wconf 90' lang='lat' dir='ltr'><strong>intermissione</strong></span> <span class='ocrx_word' id='word_1_473' title='bbox 1544 3474 1726 3529; x_wconf 88' lang='lat' dir='ltr'><strong>orans,</strong></span> <span class='ocrx_word' id='word_1_474' title='bbox 1776 3467 1832 3516; x_wconf 91' lang='lat' dir='ltr'><strong>et</strong></span> <span class='ocrx_word' id='word_1_475' title='bbox 1869 3477 2014 3516; x_wconf 82' lang='lat' dir='ltr'><strong>non-</strong></span> 
     </span>
    </p>
   </div>
   <div class='ocr_carea' id='block_1_66' title="bbox 412 3546 1545 3616">
    <p class='ocr_par' dir='ltr' id='par_1_66' title="bbox 412 3546 1545 3616">
     <span class='ocr_line' id='line_1_67' title="bbox 412 3546 1545 3616; baseline -0.002 -11"><span class='ocrx_word' id='word_1_476' title='bbox 412 3548 547 3606; x_wconf 88' lang='lat' dir='ltr'><strong>dum</strong></span> <span class='ocrx_word' id='word_1_477' title='bbox 573 3555 926 3616; x_wconf 88' lang='lat' dir='ltr'><strong>consecutus,</strong></span> <span class='ocrx_word' id='word_1_478' title='bbox 956 3563 1070 3603; x_wconf 92' lang='lat' dir='ltr'><strong>non</strong></span> <span class='ocrx_word' id='word_1_479' title='bbox 1097 3546 1309 3604; x_wconf 89' lang='lat' dir='ltr'><strong>desistit</strong></span> <span class='ocrx_word' id='word_1_480' title='bbox 1337 3555 1545 3604; x_wconf 90' lang='lat' dir='ltr'><strong>tamen.</strong></span> 
     </span>
    </p>
   </div>
   <div class='ocr_carea' id='block_1_67' title="bbox 484 3638 2014 3710">
    <p class='ocr_par' dir='ltr' id='par_1_67' title="bbox 484 3638 2014 3710">
     <span class='ocr_line' id='line_1_68' title="bbox 484 3638 2014 3710; baseline 0.001 -15"><span class='ocrx_word' id='word_1_481' title='bbox 484 3642 554 3696; x_wconf 87' lang='lat' dir='ltr'><strong>Et</strong></span> <span class='ocrx_word' id='word_1_482' title='bbox 590 3639 895 3710; x_wconf 85' lang='lat' dir='ltr'><strong>postulare,</strong></span> <span class='ocrx_word' id='word_1_483' title='bbox 941 3642 1002 3692; x_wconf 86' lang='lat' dir='ltr'><strong>ut</strong></span> <span class='ocrx_word' id='word_1_484' title='bbox 1043 3638 1379 3709; x_wconf 81' lang='lat' dir='ltr'><strong>impleamini</strong></span> <span class='ocrx_word' id='word_1_485' title='bbox 1417 3640 1697 3707; x_wconf 82' lang='lat' dir='ltr'><strong>agnitione</strong></span> <span class='ocrx_word' id='word_1_486' title='bbox 1722 3640 2014 3697; x_wconf 74' lang='lat' dir='ltr'><strong>voluntatis</strong></span> 
     </span>
    </p>
   </div>
   <div class='ocr_carea' id='block_1_68' title="bbox 411 3726 2014 3802">
    <p class='ocr_par' dir='ltr' id='par_1_68' title="bbox 411 3726 2014 3802">
     <span class='ocr_line' id='line_1_69' title="bbox 411 3726 2014 3802; baseline 0.001 -17"><span class='ocrx_word' id='word_1_487' title='bbox 411 3732 546 3802; x_wconf 83' lang='lat' dir='ltr'><strong>ejus.</strong></span> <span class='ocrx_word' id='word_1_488' title='bbox 597 3732 699 3785; x_wconf 88' lang='lat' dir='ltr'><strong>Per</strong></span> <span class='ocrx_word' id='word_1_489' title='bbox 750 3728 867 3786; x_wconf 70' lang='lat' dir='ltr'><strong>haec</strong></span> <span class='ocrx_word' id='word_1_490' title='bbox 906 3726 1145 3785; x_wconf 90' lang='lat' dir='ltr'><strong>ostendit</strong></span> <span class='ocrx_word' id='word_1_491' title='bbox 1173 3742 1268 3784; x_wconf 92' lang='lat' dir='ltr'><strong>eos</strong></span> <span class='ocrx_word' id='word_1_492' title='bbox 1306 3743 1485 3801; x_wconf 91' lang='lat' dir='ltr'><strong>neque</strong></span> <span class='ocrx_word' id='word_1_493' title='bbox 1509 3728 1737 3785; x_wconf 89' lang='lat' dir='ltr'><strong>omnino</strong></span> <span class='ocrx_word' id='word_1_494' title='bbox 1763 3729 2014 3801; x_wconf 83' lang='lat' dir='ltr'><strong>imperfe-</strong></span> 
     </span>
    </p>
   </div>
   <div class='ocr_carea' id='block_1_69' title="bbox 412 3818 2012 3892">
    <p class='ocr_par' dir='ltr' id='par_1_69' title="bbox 412 3818 2012 3892">
     <span class='ocr_line' id='line_1_70' title="bbox 412 3818 2012 3892; baseline 0.001 -16"><span class='ocrx_word' id='word_1_495' title='bbox 412 3830 529 3877; x_wconf 86' lang='lat' dir='ltr'><strong>ctos</strong></span> <span class='ocrx_word' id='word_1_496' title='bbox 565 3836 704 3885; x_wconf 86' lang='lat' dir='ltr'><strong>esse,</strong></span> <span class='ocrx_word' id='word_1_497' title='bbox 735 3834 915 3892; x_wconf 90' lang='lat' dir='ltr'><strong>neque</strong></span> <span class='ocrx_word' id='word_1_498' title='bbox 938 3819 1167 3876; x_wconf 89' lang='lat' dir='ltr'><strong>omnino</strong></span> <span class='ocrx_word' id='word_1_499' title='bbox 1196 3818 1490 3890; x_wconf 84' lang='lat' dir='ltr'><strong>perfectos.</strong></span> <span class='ocrx_word' id='word_1_500' title='bbox 1519 3821 1644 3874; x_wconf 89' lang='lat' dir='ltr'><strong>Non</strong></span> <span class='ocrx_word' id='word_1_501' title='bbox 1677 3819 1824 3875; x_wconf 90' lang='lat' dir='ltr'><strong>enim</strong></span> <span class='ocrx_word' id='word_1_502' title='bbox 1853 3820 2012 3890; x_wconf 84' lang='lat' dir='ltr'><strong>dixit,</strong></span> 
     </span>
    </p>
   </div>
   <div class='ocr_carea' id='block_1_70' title="bbox 414 3907 2010 3982">
    <p class='ocr_par' dir='ltr' id='par_1_70' title="bbox 414 3907 2010 3982">
     <span class='ocr_line' id='line_1_71' title="bbox 414 3907 2010 3982; baseline 0 -16"><span class='ocrx_word' id='word_1_503' title='bbox 414 3911 497 3966; x_wconf 94' lang='lat' dir='ltr'><strong>Ut</strong></span> <span class='ocrx_word' id='word_1_504' title='bbox 515 3909 816 3982; x_wconf 87' lang='lat' dir='ltr'><strong>accipiatis,</strong></span> <span class='ocrx_word' id='word_1_505' title='bbox 846 3924 1059 3977; x_wconf 91' lang='lat' dir='ltr'><strong>verum,</strong></span> <span class='ocrx_word' id='word_1_506' title='bbox 1094 3911 1162 3966; x_wconf 88' lang='lat' dir='ltr'><strong>Ut</strong></span> <span class='ocrx_word' id='word_1_507' title='bbox 1189 3909 1553 3979; x_wconf 84' lang='lat' dir='ltr'><strong>impleamini.</strong></span> <span class='ocrx_word' id='word_1_508' title='bbox 1581 3907 1809 3966; x_wconf 85' lang='lat' dir='ltr'><strong>Habetis</strong></span> <span class='ocrx_word' id='word_1_509' title='bbox 1832 3910 2010 3981; x_wconf 90' lang='lat' dir='ltr'><strong>enim,</strong></span> 
     </span>
    </p>
   </div>
   <div class='ocr_carea' id='block_1_71' title="bbox 414 3996 2013 4070">
    <p class='ocr_par' dir='ltr' id='par_1_71' title="bbox 414 3996 2013 4070">
     <span class='ocr_line' id='line_1_72' title="bbox 414 3996 2013 4070; baseline -0.002 -13"><span class='ocrx_word' id='word_1_510' title='bbox 414 3999 513 4057; x_wconf 88' lang='lat' dir='ltr'><strong>sed</strong></span> <span class='ocrx_word' id='word_1_511' title='bbox 554 3999 804 4056; x_wconf 91' lang='lat' dir='ltr'><strong>nondum</strong></span> <span class='ocrx_word' id='word_1_512' title='bbox 862 4007 1065 4055; x_wconf 90' lang='lat' dir='ltr'><strong>totum.</strong></span> <span class='ocrx_word' id='word_1_513' title='bbox 1132 4002 1201 4055; x_wconf 90' lang='lat' dir='ltr'><strong>Et</strong></span> <span class='ocrx_word' id='word_1_514' title='bbox 1279 3996 1435 4070; x_wconf 87' lang='lat' dir='ltr'><strong>quod</strong></span> <span class='ocrx_word' id='word_1_515' title='bbox 1491 3999 1823 4055; x_wconf 90' lang='lat' dir='ltr'><strong>reconciliati</strong></span> <span class='ocrx_word' id='word_1_516' title='bbox 1870 4000 2013 4068; x_wconf 90' lang='lat' dir='ltr'><strong>sitis,</strong></span> 
     </span>
    </p>
   </div>
   <div class='ocr_carea' id='block_1_72' title="bbox 414 4085 2013 4163">
    <p class='ocr_par' dir='ltr' id='par_1_72' title="bbox 414 4085 2013 4163">
     <span class='ocr_line' id='line_1_73' title="bbox 414 4085 2013 4163; baseline -0.001 -17"><span class='ocrx_word' id='word_1_517' title='bbox 414 4090 713 4163; x_wconf 89' lang='lat' dir='ltr'><strong>agnovistis</strong></span> <span class='ocrx_word' id='word_1_518' title='bbox 764 4087 992 4161; x_wconf 90' lang='lat' dir='ltr'><strong>quidem</strong></span> <span class='ocrx_word' id='word_1_519' title='bbox 1036 4106 1051 4143; x_wconf 87' lang='lat'><strong>:</strong></span> <span class='ocrx_word' id='word_1_520' title='bbox 1110 4085 1260 4159; x_wconf 89' lang='lat' dir='ltr'><strong>quod</strong></span> <span class='ocrx_word' id='word_1_521' title='bbox 1308 4102 1436 4142; x_wconf 90' lang='lat' dir='ltr'><strong>vero</strong></span> <span class='ocrx_word' id='word_1_522' title='bbox 1487 4102 1583 4159; x_wconf 90' lang='lat' dir='ltr'><strong>per</strong></span> <span class='ocrx_word' id='word_1_523' title='bbox 1632 4088 1855 4158; x_wconf 87' lang='lat' dir='ltr'><strong>Filium,</strong></span> <span class='ocrx_word' id='word_1_524' title='bbox 1907 4088 2013 4145; x_wconf 88' lang='lat' dir='ltr'><strong>hoc</strong></span> 
     </span>
    </p>
   </div>
   <div class='ocr_carea' id='block_1_73' title="bbox 412 4175 2015 4250">
    <p class='ocr_par' dir='ltr' id='par_1_73' title="bbox 412 4175 2015 4250">
     <span class='ocr_line' id='line_1_74' title="bbox 412 4175 2015 4250; baseline -0.001 -14"><span class='ocrx_word' id='word_1_525' title='bbox 412 4179 566 4237; x_wconf 89' lang='lat' dir='ltr'><strong>deest</strong></span> <span class='ocrx_word' id='word_1_526' title='bbox 596 4179 767 4250; x_wconf 67' lang='lat'><strong>466</strong></span> <span class='ocrx_word' id='word_1_527' title='bbox 796 4178 972 4245; x_wconf 91' lang='lat' dir='ltr'><strong>vobis,</strong></span> <span class='ocrx_word' id='word_1_528' title='bbox 1016 4176 1073 4232; x_wconf 91' lang='lat' dir='ltr'><strong>id</strong></span> <span class='ocrx_word' id='word_1_529' title='bbox 1106 4175 1257 4248; x_wconf 91' lang='lat' dir='ltr'><strong>quod</strong></span> <span class='ocrx_word' id='word_1_530' title='bbox 1300 4175 1514 4247; x_wconf 89' lang='lat' dir='ltr'><strong>impleri</strong></span> <span class='ocrx_word' id='word_1_531' title='bbox 1555 4191 1708 4250; x_wconf 88' lang='lat' dir='ltr'><strong>rogo.</strong></span> <span class='ocrx_word' id='word_1_532' title='bbox 1750 4178 2015 4236; x_wconf 81' lang='lat' dir='ltr'><strong>Voluntas</strong></span> 
     </span>
    </p>
   </div>
   <div class='ocr_carea' id='block_1_74' title="bbox 413 4265 2014 4342">
    <p class='ocr_par' dir='ltr' id='par_1_74' title="bbox 413 4265 2014 4342">
     <span class='ocr_line' id='line_1_75' title="bbox 413 4265 2014 4342; baseline 0.001 -19"><span class='ocrx_word' id='word_1_533' title='bbox 413 4269 564 4324; x_wconf 88' lang='lat' dir='ltr'><strong>enim</strong></span> <span class='ocrx_word' id='word_1_534' title='bbox 602 4276 658 4323; x_wconf 91' lang='lat' dir='ltr'><strong>et</strong></span> <span class='ocrx_word' id='word_1_535' title='bbox 708 4266 805 4322; x_wconf 88' lang='lat' dir='ltr'><strong>Dei</strong></span> <span class='ocrx_word' id='word_1_536' title='bbox 849 4265 1255 4338; x_wconf 86' lang='lat' dir='ltr'><strong>beneplacitum</strong></span> <span class='ocrx_word' id='word_1_537' title='bbox 1295 4272 1396 4333; x_wconf 89' lang='lat' dir='ltr'><strong>est,</strong></span> <span class='ocrx_word' id='word_1_538' title='bbox 1427 4273 1489 4321; x_wconf 91' lang='lat' dir='ltr'><strong>ut</strong></span> <span class='ocrx_word' id='word_1_539' title='bbox 1536 4266 1706 4324; x_wconf 88' lang='lat' dir='ltr'><strong>Filius</strong></span> <span class='ocrx_word' id='word_1_540' title='bbox 1733 4283 1868 4325; x_wconf 89' lang='lat' dir='ltr'><strong>suus</strong></span> <span class='ocrx_word' id='word_1_541' title='bbox 1915 4285 2014 4342; x_wconf 89' lang='lat' dir='ltr'><strong>pro</strong></span> 
     </span>
    </p>
   </div>
   <div class='ocr_carea' id='block_1_75' title="bbox 411 4353 2014 4430">
    <p class='ocr_par' dir='ltr' id='par_1_75' title="bbox 411 4353 2014 4430">
     <span class='ocr_line' id='line_1_76' title="bbox 411 4353 2014 4430; baseline 0.002 -18"><span class='ocrx_word' id='word_1_542' title='bbox 411 4357 573 4412; x_wconf 90' lang='lat' dir='ltr'><strong>nobis</strong></span> <span class='ocrx_word' id='word_1_543' title='bbox 605 4356 849 4422; x_wconf 89' lang='lat' dir='ltr'><strong>daretur,</strong></span> <span class='ocrx_word' id='word_1_544' title='bbox 906 4371 1022 4411; x_wconf 91' lang='lat' dir='ltr'><strong>non</strong></span> <span class='ocrx_word' id='word_1_545' title='bbox 1075 4353 1274 4426; x_wconf 81' lang='lat' dir='ltr'><strong>angeli.</strong></span> <span class='ocrx_word' id='word_1_546' title='bbox 1324 4353 1685 4427; x_wconf 80' lang='lat' dir='ltr'><strong>Agnitionem</strong></span> <span class='ocrx_word' id='word_1_547' title='bbox 1722 4357 1885 4430; x_wconf 78' lang='lat' dir='ltr'><strong>igitur</strong></span> <span class='ocrx_word' id='word_1_548' title='bbox 1925 4374 2014 4415; x_wconf 87' lang='lat' dir='ltr'><strong>co-</strong></span> 
     </span>
    </p>
   </div>
   <div class='ocr_carea' id='block_1_76' title="bbox 415 4443 1260 4519">
    <p class='ocr_par' dir='ltr' id='par_1_76' title="bbox 415 4443 1260 4519">
     <span class='ocr_line' id='line_1_77' title="bbox 415 4443 1260 4519; baseline 0 -19"><span class='ocrx_word' id='word_1_549' title='bbox 415 4445 670 4519; x_wconf 83' lang='lat' dir='ltr'><strong>gnitionis</strong></span> <span class='ocrx_word' id='word_1_550' title='bbox 693 4443 975 4501; x_wconf 89' lang='lat' dir='ltr'><strong>additione</strong></span> <span class='ocrx_word' id='word_1_551' title='bbox 1004 4443 1260 4518; x_wconf 87' lang='lat' dir='ltr'><strong>intellige.</strong></span> 
     </span>
    </p>
   </div>
   <div class='ocr_carea' id='block_1_77' title="bbox 490 4536 2096 4608">
    <p class='ocr_par' dir='ltr' id='par_1_77' title="bbox 490 4536 2096 4608">
     <span class='ocr_line' id='line_1_78' title="bbox 490 4536 2096 4608; baseline 0.001 -16"><span class='ocrx_word' id='word_1_552' title='bbox 490 4539 549 4593; x_wconf 86' lang='lat' dir='ltr'><strong>In</strong></span> <span class='ocrx_word' id='word_1_553' title='bbox 568 4537 715 4591; x_wconf 87' lang='lat' dir='ltr'><strong>omni</strong></span> <span class='ocrx_word' id='word_1_554' title='bbox 752 4536 1025 4591; x_wconf 81' lang='lat' dir='ltr'><strong>intellectu</strong></span> <span class='ocrx_word' id='word_1_555' title='bbox 1053 4539 1104 4589; x_wconf 83' lang='lat' dir='ltr'><strong>et</strong></span> <span class='ocrx_word' id='word_1_556' title='bbox 1126 4537 1398 4606; x_wconf 82' lang='lat' dir='ltr'><strong>sapientia</strong></span> <span class='ocrx_word' id='word_1_557' title='bbox 1419 4538 1718 4606; x_wconf 83' lang='lat' dir='ltr'><strong>spirituali.</strong></span> <span class='ocrx_word' id='word_1_558' title='bbox 1752 4537 1894 4607; x_wconf 88' lang='lat' dir='ltr'><strong>Quia</strong></span> <span class='ocrx_word' id='word_1_559' title='bbox 1920 4554 2013 4594; x_wconf 91' lang='lat' dir='ltr'><strong>eos</strong></span> <span class='ocrx_word' id='word_1_560' title='bbox 2043 4546 2096 4608; x_wconf 79' lang='grc' dir='ltr'><strong>ι)</strong></span> 
     </span>
    </p>
   </div>
   <div class='ocr_carea' id='block_1_78' title="bbox 415 4624 2016 4699">
    <p class='ocr_par' dir='ltr' id='par_1_78' title="bbox 415 4624 2016 4699">
     <span class='ocr_line' id='line_1_79' title="bbox 415 4624 2016 4699; baseline 0.001 -17"><span class='ocrx_word' id='word_1_561' title='bbox 415 4624 726 4698; x_wconf 83' lang='lat' dir='ltr'><strong>philosophi</strong></span> <span class='ocrx_word' id='word_1_562' title='bbox 752 4624 1121 4697; x_wconf 88' lang='lat' dir='ltr'><strong>decipiebant,</strong></span> <span class='ocrx_word' id='word_1_563' title='bbox 1149 4626 1327 4698; x_wconf 85' lang='lat' dir='ltr'><strong>Volo,</strong></span> <span class='ocrx_word' id='word_1_564' title='bbox 1364 4624 1560 4698; x_wconf 90' lang='lat' dir='ltr'><strong>inquit,</strong></span> <span class='ocrx_word' id='word_1_565' title='bbox 1593 4641 1690 4683; x_wconf 91' lang='lat' dir='ltr'><strong>vos</strong></span> <span class='ocrx_word' id='word_1_566' title='bbox 1728 4643 1823 4699; x_wconf 89' lang='lat' dir='ltr'><strong>per</strong></span> <span class='ocrx_word' id='word_1_567' title='bbox 1851 4628 2016 4699; x_wconf 90' lang='lat' dir='ltr'><strong>spiri-</strong></span> 
     </span>
    </p>
   </div>
   <div class='ocr_carea' id='block_1_79' title="bbox 413 4714 2015 4790">
    <p class='ocr_par' dir='ltr' id='par_1_79' title="bbox 413 4714 2015 4790">
     <span class='ocr_line' id='line_1_80' title="bbox 413 4714 2015 4790; baseline 0.002 -20"><span class='ocrx_word' id='word_1_568' title='bbox 413 4716 626 4773; x_wconf 90' lang='lat' dir='ltr'><strong>tualem</strong></span> <span class='ocrx_word' id='word_1_569' title='bbox 683 4714 1014 4789; x_wconf 90' lang='lat' dir='ltr'><strong>sapientiam</strong></span> <span class='ocrx_word' id='word_1_570' title='bbox 1085 4714 1294 4771; x_wconf 87' lang='lat' dir='ltr'><strong>discere</strong></span> <span class='ocrx_word' id='word_1_571' title='bbox 1348 4715 1753 4790; x_wconf 83' lang='lat' dir='ltr'><strong>institutionem</strong></span> <span class='ocrx_word' id='word_1_572' title='bbox 1817 4717 2015 4789; x_wconf 87' lang='lat' dir='ltr'><strong>istam,</strong></span> 
     </span>
    </p>
   </div>
   <div class='ocr_carea' id='block_1_80' title="bbox 415 4804 2018 4878">
    <p class='ocr_par' dir='ltr' id='par_1_80' title="bbox 415 4804 2018 4878">
     <span class='ocr_line' id='line_1_81' title="bbox 415 4804 2018 4878; baseline 0.002 -17"><span class='ocrx_word' id='word_1_573' title='bbox 415 4822 529 4862; x_wconf 89' lang='lat' dir='ltr'><strong>non</strong></span> <span class='ocrx_word' id='word_1_574' title='bbox 567 4805 717 4877; x_wconf 83' lang='lat' dir='ltr'><strong>juxta</strong></span> <span class='ocrx_word' id='word_1_575' title='bbox 771 4805 1089 4876; x_wconf 83' lang='lat' dir='ltr'><strong>sapientiam</strong></span> <span class='ocrx_word' id='word_1_576' title='bbox 1131 4804 1455 4874; x_wconf 88' lang='lat' dir='ltr'><strong>hominum,</strong></span> <span class='ocrx_word' id='word_1_577' title='bbox 1502 4821 1600 4877; x_wconf 89' lang='lat' dir='ltr'><strong>per</strong></span> <span class='ocrx_word' id='word_1_578' title='bbox 1644 4822 1811 4878; x_wconf 91' lang='lat' dir='ltr'><strong>quam</strong></span> <span class='ocrx_word' id='word_1_579' title='bbox 1870 4824 2018 4865; x_wconf 87' lang='lat' dir='ltr'><strong>nunc</strong></span> 
     </span>
    </p>
   </div>
   <div class='ocr_carea' id='block_1_81' title="bbox 414 4891 2017 4968">
    <p class='ocr_par' dir='ltr' id='par_1_81' title="bbox 414 4891 2017 4968">
     <span class='ocr_line' id='line_1_82' title="bbox 414 4891 2017 4968; baseline 0.001 -16"><span class='ocrx_word' id='word_1_580' title='bbox 414 4895 658 4968; x_wconf 91' lang='lat' dir='ltr'><strong>decepti,</strong></span> <span class='ocrx_word' id='word_1_581' title='bbox 699 4893 1045 4950; x_wconf 88' lang='lat' dir='ltr'><strong>arbitramini</strong></span> <span class='ocrx_word' id='word_1_582' title='bbox 1087 4891 1185 4950; x_wconf 78' lang='lat' dir='ltr'><strong>vos</strong></span> <span class='ocrx_word' id='word_1_583' title='bbox 1203 4893 1437 4951; x_wconf 85' lang='lat' dir='ltr'><strong>novisse.</strong></span> <span class='ocrx_word' id='word_1_584' title='bbox 1485 4896 1540 4952; x_wconf 92' lang='lat' dir='ltr'><strong>Si</strong></span> <span class='ocrx_word' id='word_1_585' title='bbox 1584 4904 1768 4952; x_wconf 89' lang='lat' dir='ltr'><strong>autem</strong></span> <span class='ocrx_word' id='word_1_586' title='bbox 1812 4906 1875 4953; x_wconf 91' lang='lat' dir='ltr'><strong>ut</strong></span> <span class='ocrx_word' id='word_1_587' title='bbox 1918 4914 2017 4954; x_wconf 91' lang='lat' dir='ltr'><strong>vo-</strong></span> 
     </span>
    </p>
   </div>
   <div class='ocr_carea' id='block_1_82' title="bbox 414 4982 2019 5059">
    <p class='ocr_par' dir='ltr' id='par_1_82' title="bbox 414 4982 2019 5059">
     <span class='ocr_line' id='line_1_83' title="bbox 414 4982 2019 5059; baseline 0 -16"><span class='ocrx_word' id='word_1_588' title='bbox 414 4985 689 5043; x_wconf 89' lang='lat' dir='ltr'><strong>luntatem</strong></span> <span class='ocrx_word' id='word_1_589' title='bbox 742 4982 836 5039; x_wconf 88' lang='lat' dir='ltr'><strong>Dei</strong></span> <span class='ocrx_word' id='word_1_590' title='bbox 890 4982 1187 5054; x_wconf 88' lang='lat' dir='ltr'><strong>discamus,</strong></span> <span class='ocrx_word' id='word_1_591' title='bbox 1246 4984 1510 5057; x_wconf 88' lang='lat' dir='ltr'><strong>spirituali</strong></span> <span class='ocrx_word' id='word_1_592' title='bbox 1569 4985 1836 5057; x_wconf 90' lang='lat' dir='ltr'><strong>sapientia</strong></span> <span class='ocrx_word' id='word_1_593' title='bbox 1881 5003 2019 5059; x_wconf 89' lang='lat' dir='ltr'><strong>opus</strong></span> 
     </span>
    </p>
   </div>
   <div class='ocr_carea' id='block_1_83' title="bbox 416 5072 2018 5147">
    <p class='ocr_par' dir='ltr' id='par_1_83' title="bbox 416 5072 2018 5147">
     <span class='ocr_line' id='line_1_84' title="bbox 416 5072 2018 5147; baseline 0.002 -16"><span class='ocrx_word' id='word_1_594' title='bbox 416 5082 536 5132; x_wconf 87' lang='lat' dir='ltr'><strong>est:</strong></span> <span class='ocrx_word' id='word_1_595' title='bbox 567 5073 705 5147; x_wconf 93' lang='lat' dir='ltr'><strong>quid</strong></span> <span class='ocrx_word' id='word_1_596' title='bbox 732 5072 876 5130; x_wconf 90' lang='lat' dir='ltr'><strong>dicet</strong></span> <span class='ocrx_word' id='word_1_597' title='bbox 900 5073 1095 5146; x_wconf 88' lang='lat' dir='ltr'><strong>aliquis</strong></span> <span class='ocrx_word' id='word_1_598' title='bbox 1117 5073 1186 5131; x_wconf 93' lang='lat' dir='ltr'><strong>de</strong></span> <span class='ocrx_word' id='word_1_599' title='bbox 1212 5074 1278 5130; x_wconf 91' lang='lat' dir='ltr'><strong>iis</strong></span> <span class='ocrx_word' id='word_1_600' title='bbox 1302 5074 1393 5146; x_wconf 92' lang='lat' dir='ltr'><strong>qui</strong></span> <span class='ocrx_word' id='word_1_601' title='bbox 1436 5090 1555 5132; x_wconf 91' lang='lat' dir='ltr'><strong>sese</strong></span> <span class='ocrx_word' id='word_1_602' title='bbox 1582 5075 1685 5131; x_wconf 92' lang='lat' dir='ltr'><strong>Dei</strong></span> <span class='ocrx_word' id='word_1_603' title='bbox 1719 5078 2018 5134; x_wconf 86' lang='lat' dir='ltr'><strong>essentiam</strong></span> 
     </span>
    </p>
   </div>
   <div class='ocr_carea' id='block_1_84' title="bbox 415 5162 1660 5237">
    <p class='ocr_par' dir='ltr' id='par_1_84' title="bbox 415 5162 1660 5237">
     <span class='ocr_line' id='line_1_85' title="bbox 415 5162 1660 5237; baseline -0.002 -16"><span class='ocrx_word' id='word_1_604' title='bbox 415 5180 479 5222; x_wconf 89' lang='lat' dir='ltr'><strong>ex</strong></span> <span class='ocrx_word' id='word_1_605' title='bbox 506 5170 731 5221; x_wconf 84' lang='lat' dir='ltr'><strong>externa</strong></span> <span class='ocrx_word' id='word_1_606' title='bbox 769 5162 1031 5235; x_wconf 88' lang='lat' dir='ltr'><strong>sapientia</strong></span> <span class='ocrx_word' id='word_1_607' title='bbox 1069 5164 1286 5220; x_wconf 88' lang='lat' dir='ltr'><strong>novisse</strong></span> <span class='ocrx_word' id='word_1_608' title='bbox 1315 5164 1660 5237; x_wconf 81' lang='lat' dir='ltr'><strong>gloriantur?</strong></span> 
     </span>
    </p>
   </div>
   <div class='ocr_carea' id='block_1_85' title="bbox 487 5254 2013 5325">
    <p class='ocr_par' dir='ltr' id='par_1_85' title="bbox 487 5254 2013 5325">
     <span class='ocr_line' id='line_1_86' title="bbox 487 5254 2013 5325; baseline 0.001 -14"><span class='ocrx_word' id='word_1_609' title='bbox 487 5256 675 5311; x_wconf 69' lang='lat' dir='ltr'><strong>Vens.</strong></span> <span class='ocrx_word' id='word_1_610' title='bbox 709 5258 788 5308; x_wconf 89' lang='lat' dir='ltr'><strong>to.</strong></span> <span class='ocrx_word' id='word_1_611' title='bbox 826 5256 892 5310; x_wconf 86' lang='lat' dir='ltr'><strong>Ut</strong></span> <span class='ocrx_word' id='word_1_612' title='bbox 919 5268 1009 5309; x_wconf 79' lang='lat' dir='ltr'><strong>vos</strong></span> <span class='ocrx_word' id='word_1_613' title='bbox 1054 5254 1339 5310; x_wconf 83' lang='lat' dir='ltr'><strong>ambuletis</strong></span> <span class='ocrx_word' id='word_1_614' title='bbox 1387 5254 1549 5324; x_wconf 85' lang='lat' dir='ltr'><strong>digne</strong></span> <span class='ocrx_word' id='word_1_615' title='bbox 1580 5259 1825 5312; x_wconf 86' lang='lat' dir='ltr'><strong>Domino.</strong></span> <span class='ocrx_word' id='word_1_616' title='bbox 1868 5259 2013 5325; x_wconf 93' lang='lat' dir='ltr'><strong>Oro,</strong></span> 
     </span>
    </p>
   </div>
   <div class='ocr_carea' id='block_1_86' title="bbox 416 5342 2015 5418">
    <p class='ocr_par' dir='ltr' id='par_1_86' title="bbox 416 5342 2015 5418">
     <span class='ocr_line' id='line_1_87' title="bbox 416 5342 2015 5418; baseline 0.003 -19"><span class='ocrx_word' id='word_1_617' title='bbox 416 5344 617 5417; x_wconf 89' lang='lat' dir='ltr'><strong>inquit,</strong></span> <span class='ocrx_word' id='word_1_618' title='bbox 640 5351 704 5399; x_wconf 90' lang='lat' dir='ltr'><strong>ut</strong></span> <span class='ocrx_word' id='word_1_619' title='bbox 727 5359 826 5400; x_wconf 86' lang='lat' dir='ltr'><strong>vos</strong></span> <span class='ocrx_word' id='word_1_620' title='bbox 860 5342 1101 5412; x_wconf 89' lang='lat' dir='ltr'><strong>discatis,</strong></span> <span class='ocrx_word' id='word_1_621' title='bbox 1163 5342 1315 5417; x_wconf 91' lang='lat' dir='ltr'><strong>quod</strong></span> <span class='ocrx_word' id='word_1_622' title='bbox 1354 5345 1556 5400; x_wconf 87' lang='lat' dir='ltr'><strong>servati</strong></span> <span class='ocrx_word' id='word_1_623' title='bbox 1602 5347 1720 5402; x_wconf 89' lang='lat' dir='ltr'><strong>sitis</strong></span> <span class='ocrx_word' id='word_1_624' title='bbox 1746 5363 1839 5418; x_wconf 91' lang='lat' dir='ltr'><strong>per</strong></span> <span class='ocrx_word' id='word_1_625' title='bbox 1874 5348 2015 5403; x_wconf 90' lang='lat' dir='ltr'><strong>Uni-</strong></span> 
     </span>
    </p>
   </div>
   <div class='ocr_carea' id='block_1_87' title="bbox 417 5431 2019 5506">
    <p class='ocr_par' dir='ltr' id='par_1_87' title="bbox 417 5431 2019 5506">
     <span class='ocr_line' id='line_1_88' title="bbox 417 5431 2019 5506; baseline 0.003 -18"><span class='ocrx_word' id='word_1_626' title='bbox 417 5434 689 5506; x_wconf 87' lang='lat' dir='ltr'><strong>genitum,</strong></span> <span class='ocrx_word' id='word_1_627' title='bbox 717 5440 783 5488; x_wconf 86' lang='lat' dir='ltr'><strong>ut</strong></span> <span class='ocrx_word' id='word_1_628' title='bbox 821 5448 918 5488; x_wconf 91' lang='lat' dir='ltr'><strong>vos</strong></span> <span class='ocrx_word' id='word_1_629' title='bbox 937 5431 1252 5498; x_wconf 88' lang='lat' dir='ltr'><strong>ambuletis,</strong></span> <span class='ocrx_word' id='word_1_630' title='bbox 1286 5433 1393 5490; x_wconf 90' lang='lat' dir='ltr'><strong>hoc</strong></span> <span class='ocrx_word' id='word_1_631' title='bbox 1439 5443 1542 5503; x_wconf 89' lang='lat' dir='ltr'><strong>est,</strong></span> <span class='ocrx_word' id='word_1_632' title='bbox 1588 5438 1671 5493; x_wconf 93' lang='lat' dir='ltr'><strong>Ut</strong></span> <span class='ocrx_word' id='word_1_633' title='bbox 1714 5436 2019 5493; x_wconf 89' lang='lat' dir='ltr'><strong>secundum</strong></span> 
     </span>
    </p>
   </div>
   <div class='ocr_carea' id='block_1_88' title="bbox 419 5522 2020 5593">
    <p class='ocr_par' dir='ltr' id='par_1_88' title="bbox 419 5522 2020 5593">
     <span class='ocr_line' id='line_1_89' title="bbox 419 5522 2020 5593; baseline 0.005 -17"><span class='ocrx_word' id='word_1_634' title='bbox 419 5522 672 5579; x_wconf 86' lang='lat' dir='ltr'><strong>virtutem</strong></span> <span class='ocrx_word' id='word_1_635' title='bbox 706 5522 918 5578; x_wconf 89' lang='lat' dir='ltr'><strong>vivatis.</strong></span> <span class='ocrx_word' id='word_1_636' title='bbox 960 5522 1068 5593; x_wconf 88' lang='lat' dir='ltr'><strong>Qui</strong></span> <span class='ocrx_word' id='word_1_637' title='bbox 1097 5522 1247 5579; x_wconf 90' lang='lat' dir='ltr'><strong>enim</strong></span> <span class='ocrx_word' id='word_1_638' title='bbox 1277 5523 1626 5589; x_wconf 89' lang='lat' dir='ltr'><strong>clementiam</strong></span> <span class='ocrx_word' id='word_1_639' title='bbox 1672 5526 1774 5583; x_wconf 89' lang='lat' dir='ltr'><strong>Dei</strong></span> <span class='ocrx_word' id='word_1_640' title='bbox 1809 5525 2020 5584; x_wconf 87' lang='lat' dir='ltr'><strong>didice-</strong></span> 
     </span>
    </p>
   </div>
   <div class='ocr_carea' id='block_1_89' title="bbox 2129 3273 3723 3355">
    <p class='ocr_par' dir='ltr' id='par_1_89' title="bbox 2129 3273 3723 3355">
     <span class='ocr_line' id='line_1_90' title="bbox 2129 3273 3723 3355; baseline 0 -21"><span class='ocrx_word' id='word_1_641' title='bbox 2129 3277 2309 3355; x_wconf 81' lang='grc' dir='ltr'>εὐχαῖς</span> <span class='ocrx_word' id='word_1_642' title='bbox 2388 3275 2768 3354; x_wconf 86' lang='grc' dir='ltr'>βοηθούμενοι,</span> <span class='ocrx_word' id='word_1_643' title='bbox 2831 3274 2997 3352; x_wconf 83' lang='grc' dir='ltr'>μήπω</span> <span class='ocrx_word' id='word_1_644' title='bbox 3068 3273 3297 3340; x_wconf 85' lang='grc' dir='ltr'>τελείους</span> <span class='ocrx_word' id='word_1_645' title='bbox 3361 3274 3723 3346; x_wconf 84' lang='grc' dir='ltr'>ἀνεκτήσαντο</span> 
     </span>
    </p>
   </div>
   <div class='ocr_carea' id='block_1_90' title="bbox 2125 3362 3723 3445">
    <p class='ocr_par' dir='ltr' id='par_1_90' title="bbox 2125 3362 3723 3445">
     <span class='ocr_line' id='line_1_91' title="bbox 2125 3362 3723 3445; baseline 0 -22"><span class='ocrx_word' id='word_1_646' title='bbox 2125 3368 2361 3432; x_wconf 80' lang='grc' dir='ltr'>ἑαυτούς.</span> <span class='ocrx_word' id='word_1_647' title='bbox 2388 3362 2533 3445; x_wconf 68' lang='grc' dir='ltr'>’Ὅρα</span> <span class='ocrx_word' id='word_1_648' title='bbox 2570 3364 2656 3438; x_wconf 78' lang='grc' dir='ltr'>δὲ,</span> <span class='ocrx_word' id='word_1_649' title='bbox 2712 3365 2794 3423; x_wconf 80' lang='grc' dir='ltr'>ὅτι</span> <span class='ocrx_word' id='word_1_650' title='bbox 2822 3366 3036 3425; x_wconf 83' lang='grc' dir='ltr'>πολλῶν</span> <span class='ocrx_word' id='word_1_651' title='bbox 3068 3367 3235 3443; x_wconf 79' lang='grc' dir='ltr'>εὐχῶν</span> <span class='ocrx_word' id='word_1_652' title='bbox 3290 3363 3369 3422; x_wconf 90' lang='grc' dir='ltr'><strong>δεῖ</strong></span> <span class='ocrx_word' id='word_1_653' title='bbox 3420 3363 3513 3423; x_wconf 83' lang='grc' dir='ltr'><strong>καὶ</strong></span> <span class='ocrx_word' id='word_1_654' title='bbox 3547 3366 3723 3436; x_wconf 84' lang='grc' dir='ltr'>διηνε-</span> 
     </span>
    </p>
   </div>
   <div class='ocr_carea' id='block_1_91' title="bbox 2124 3452 3720 3533">
    <p class='ocr_par' dir='ltr' id='par_1_91' title="bbox 2124 3452 3720 3533">
     <span class='ocr_line' id='line_1_92' title="bbox 2124 3452 3720 3533; baseline -0.002 -19"><span class='ocrx_word' id='word_1_655' title='bbox 2124 3458 2267 3529; x_wconf 82' lang='grc' dir='ltr'>κῶν,</span> <span class='ocrx_word' id='word_1_656' title='bbox 2319 3454 2412 3514; x_wconf 83' lang='grc' dir='ltr'>καὶ</span> <span class='ocrx_word' id='word_1_657' title='bbox 2456 3457 2537 3513; x_wconf 76' lang='grc' dir='ltr'>ὅτι</span> <span class='ocrx_word' id='word_1_658' title='bbox 2577 3455 2793 3521; x_wconf 87' lang='grc' dir='ltr'>Παῦλος</span> <span class='ocrx_word' id='word_1_659' title='bbox 2854 3453 2937 3513; x_wconf 73' lang='grc' dir='ltr'><strong>ἀεὶ</strong></span> <span class='ocrx_word' id='word_1_660' title='bbox 2994 3454 3300 3533; x_wconf 73' lang='grc' dir='ltr'>εὐχόμενος,</span> <span class='ocrx_word' id='word_1_661' title='bbox 3360 3452 3451 3512; x_wconf 82' lang='grc' dir='ltr'>καὶ</span> <span class='ocrx_word' id='word_1_662' title='bbox 3495 3455 3720 3531; x_wconf 81' lang='grc' dir='ltr'>μηδέπω</span> 
     </span>
    </p>
   </div>
   <div class='ocr_carea' id='block_1_92' title="bbox 2126 3543 2919 3621">
    <p class='ocr_par' dir='ltr' id='par_1_92' title="bbox 2126 3543 2919 3621">
     <span class='ocr_line' id='line_1_93' title="bbox 2126 3543 2919 3621; baseline 0.003 -18"><span class='ocrx_word' id='word_1_663' title='bbox 2126 3545 2320 3611; x_wconf 81' lang='grc' dir='ltr'>ἀνύσας</span> <span class='ocrx_word' id='word_1_664' title='bbox 2344 3590 2357 3617; x_wconf 89' lang='grc'><strong>,</strong></span> <span class='ocrx_word' id='word_1_665' title='bbox 2390 3543 2534 3621; x_wconf 77' lang='grc' dir='ltr'>ὅμως</span> <span class='ocrx_word' id='word_1_666' title='bbox 2559 3547 2655 3603; x_wconf 87' lang='grc' dir='ltr'><strong>οὐκ</strong></span> <span class='ocrx_word' id='word_1_667' title='bbox 2688 3544 2919 3616; x_wconf 85' lang='grc' dir='ltr'>ἀπέστη.</span> 
     </span>
    </p>
   </div>
   <div class='ocr_carea' id='block_1_93' title="bbox 2214 3631 3720 3713">
    <p class='ocr_par' dir='ltr' id='par_1_93' title="bbox 2214 3631 3720 3713">
     <span class='ocr_line' id='line_1_94' title="bbox 2214 3631 3720 3713; baseline 0.001 -20"><span class='ocrx_word' id='word_1_668' title='bbox 2214 3658 2243 3693; x_wconf 82' lang='grc' dir='ltr'>(ι</span> <span class='ocrx_word' id='word_1_669' title='bbox 2277 3635 2383 3695; x_wconf 73' lang='grc' dir='ltr'><strong>Καὶ</strong></span> <span class='ocrx_word' id='word_1_670' title='bbox 2431 3634 2731 3706; x_wconf 81' lang='grc' dir='ltr'>αἰτούμενοι</span> <span class='ocrx_word' id='word_1_671' title='bbox 2778 3632 2866 3692; x_wconf 80' lang='grc' dir='ltr'><strong>ἵνα</strong></span> <span class='ocrx_word' id='word_1_672' title='bbox 2922 3635 3238 3713; x_wconf 77' lang='grc' dir='ltr'>πληρωθῆτε</span> <span class='ocrx_word' id='word_1_673' title='bbox 3277 3631 3375 3706; x_wconf 86' lang='grc' dir='ltr'><strong>τὴν</strong></span> <span class='ocrx_word' id='word_1_674' title='bbox 3422 3632 3720 3711; x_wconf 76' lang='grc' dir='ltr'>ἐπίγνωσιν</span> 
     </span>
    </p>
   </div>
   <div class='ocr_carea' id='block_1_94' title="bbox 2122 3721 3722 3800">
    <p class='ocr_par' dir='ltr' id='par_1_94' title="bbox 2122 3721 3722 3800">
     <span class='ocr_line' id='line_1_95' title="bbox 2122 3721 3722 3800; baseline -0.001 -17"><span class='ocrx_word' id='word_1_675' title='bbox 2122 3732 2213 3785; x_wconf 89' lang='grc' dir='ltr'><strong>τοῦ</strong></span> <span class='ocrx_word' id='word_1_676' title='bbox 2237 3724 2530 3800; x_wconf 86' lang='grc' dir='ltr'>θελήματος</span> <span class='ocrx_word' id='word_1_677' title='bbox 2556 3727 2736 3784; x_wconf 86' lang='grc' dir='ltr'>αὐτοῦ.</span> <span class='ocrx_word' id='word_1_678' title='bbox 2771 3744 2801 3781; x_wconf 75' lang='grc' dir='ltr'>ι)</span> <span class='ocrx_word' id='word_1_679' title='bbox 2856 3721 3001 3783; x_wconf 80' lang='grc' dir='ltr'>Οὔτε</span> <span class='ocrx_word' id='word_1_680' title='bbox 3048 3723 3222 3794; x_wconf 83' lang='grc' dir='ltr'>πάντη</span> <span class='ocrx_word' id='word_1_681' title='bbox 3264 3723 3470 3790; x_wconf 81' lang='grc' dir='ltr'>ἀτελεῖς</span> <span class='ocrx_word' id='word_1_682' title='bbox 3511 3724 3722 3798; x_wconf 76' lang='grc' dir='ltr'>αὐτοὺς,</span> 
     </span>
    </p>
   </div>
   <div class='ocr_carea' id='block_1_95' title="bbox 2123 3801 3717 3893">
    <p class='ocr_par' dir='ltr' id='par_1_95' title="bbox 2123 3801 3717 3893">
     <span class='ocr_line' id='line_1_96' title="bbox 2123 3801 3717 3893; baseline -0.001 -20"><span class='ocrx_word' id='word_1_683' title='bbox 2123 3812 2243 3873; x_wconf 83' lang='grc' dir='ltr'>οὔτε</span> <span class='ocrx_word' id='word_1_684' title='bbox 2273 3814 2447 3886; x_wconf 86' lang='grc' dir='ltr'>πάντη</span> <span class='ocrx_word' id='word_1_685' title='bbox 2483 3815 2712 3880; x_wconf 84' lang='grc' dir='ltr'>τελείους</span> <span class='ocrx_word' id='word_1_686' title='bbox 2742 3814 2891 3885; x_wconf 88' lang='grc' dir='ltr'>δηλοῖ</span> <span class='ocrx_word' id='word_1_687' title='bbox 2921 3812 3008 3871; x_wconf 85' lang='grc' dir='ltr'><strong>διὰ</strong></span> <span class='ocrx_word' id='word_1_688' title='bbox 3037 3812 3254 3871; x_wconf 87' lang='grc' dir='ltr'>τούτων.</span> <span class='ocrx_word' id='word_1_689' title='bbox 3301 3813 3383 3872; x_wconf 87' lang='grc' dir='ltr'>Οὐ</span> <span class='ocrx_word' id='word_1_690' title='bbox 3415 3812 3518 3893; x_wconf 82' lang='grc' dir='ltr'><strong>γὰρ</strong></span> <span class='ocrx_word' id='word_1_691' title='bbox 3539 3801 3717 3887; x_wconf 67' lang='grc' dir='ltr'>εἶπεν,</span> 
     </span>
    </p>
   </div>
   <div class='ocr_carea' id='block_1_96' title="bbox 2120 3899 3723 3984">
    <p class='ocr_par' dir='ltr' id='par_1_96' title="bbox 2120 3899 3723 3984">
     <span class='ocr_line' id='line_1_97' title="bbox 2120 3899 3723 3984; baseline -0.001 -20"><span class='ocrx_word' id='word_1_692' title='bbox 2120 3901 2240 3964; x_wconf 84' lang='grc' dir='ltr'>Ἵνα</span> <span class='ocrx_word' id='word_1_693' title='bbox 2264 3903 2487 3976; x_wconf 81' lang='grc' dir='ltr'>λάϐητε,</span> <span class='ocrx_word' id='word_1_694' title='bbox 2511 3904 2630 3962; x_wconf 86' lang='grc' dir='ltr'>ἀλλ’</span> <span class='ocrx_word' id='word_1_695' title='bbox 2653 3931 2675 3955; x_wconf 76' lang='grc' dir='ltr'><strong>α</strong></span> <span class='ocrx_word' id='word_1_696' title='bbox 2695 3901 2817 3963; x_wconf 81' lang='grc' dir='ltr'>Ἵνα</span> <span class='ocrx_word' id='word_1_697' title='bbox 2836 3904 3177 3981; x_wconf 79' lang='grc' dir='ltr'>πληρωθῆτε.</span> <span class='ocrx_word' id='word_1_698' title='bbox 3208 3931 3231 3955; x_wconf 73' lang='grc' dir='ltr'><strong><em>ι</em></strong></span> <span class='ocrx_word' id='word_1_699' title='bbox 3252 3899 3454 3982; x_wconf 81' lang='grc' dir='ltr'>Ἔχετε</span> <span class='ocrx_word' id='word_1_700' title='bbox 3479 3903 3577 3980; x_wconf 85' lang='grc' dir='ltr'>μὲν</span> <span class='ocrx_word' id='word_1_701' title='bbox 3598 3904 3723 3984; x_wconf 80' lang='grc' dir='ltr'>γὰρ,</span> 
     </span>
    </p>
   </div>
   <div class='ocr_carea' id='block_1_97' title="bbox 2125 3990 3724 4070">
    <p class='ocr_par' dir='ltr' id='par_1_97' title="bbox 2125 3990 3724 4070">
     <span class='ocr_line' id='line_1_98' title="bbox 2125 3990 3724 4070; baseline 0 -18"><span class='ocrx_word' id='word_1_702' title='bbox 2125 3995 2243 4053; x_wconf 85' lang='grc' dir='ltr'>ἀλλ’</span> <span class='ocrx_word' id='word_1_703' title='bbox 2273 3995 2332 4052; x_wconf 94' lang='grc' dir='ltr'><strong>οὐ</strong></span> <span class='ocrx_word' id='word_1_704' title='bbox 2379 3992 2439 4051; x_wconf 80' lang='grc' dir='ltr'><strong>τὸ</strong></span> <span class='ocrx_word' id='word_1_705' title='bbox 2490 4002 2615 4052; x_wconf 83' lang='grc' dir='ltr'>πᾶν.</span> <span class='ocrx_word' id='word_1_706' title='bbox 2651 3991 2758 4051; x_wconf 76' lang='grc' dir='ltr'><strong>Καὶ</strong></span> <span class='ocrx_word' id='word_1_707' title='bbox 2809 3990 2890 4049; x_wconf 80' lang='grc' dir='ltr'><strong>ὅτι</strong></span> <span class='ocrx_word' id='word_1_708' title='bbox 2946 3991 3040 4068; x_wconf 86' lang='grc' dir='ltr'>μὲν</span> <span class='ocrx_word' id='word_1_709' title='bbox 3069 3991 3447 4070; x_wconf 83' lang='grc' dir='ltr'>προσήχθητε,</span> <span class='ocrx_word' id='word_1_710' title='bbox 3492 3992 3724 4069; x_wconf 58' lang='grc' dir='ltr'>ἔγνωτν</span> 
     </span>
    </p>
   </div>
   <div class='ocr_carea' id='block_1_98' title="bbox 2123 4078 3725 4163">
    <p class='ocr_par' dir='ltr' id='par_1_98' title="bbox 2123 4078 3725 4163">
     <span class='ocr_line' id='line_1_99' title="bbox 2123 4078 3725 4163; baseline 0 -22"><span class='ocrx_word' id='word_1_711' title='bbox 2123 4081 2203 4141; x_wconf 75' lang='grc' dir='ltr'><strong>ὅτι</strong></span> <span class='ocrx_word' id='word_1_712' title='bbox 2247 4081 2302 4141; x_wconf 83' lang='grc' dir='ltr'>δὲ</span> <span class='ocrx_word' id='word_1_713' title='bbox 2328 4081 2415 4142; x_wconf 76' lang='grc' dir='ltr'><strong>διὰ</strong></span> <span class='ocrx_word' id='word_1_714' title='bbox 2457 4088 2548 4141; x_wconf 87' lang='grc' dir='ltr'><strong>τοῦ</strong></span> <span class='ocrx_word' id='word_1_715' title='bbox 2595 4082 2764 4155; x_wconf 72' lang='grc' dir='ltr'>Υἱοῦ,</span> <span class='ocrx_word' id='word_1_716' title='bbox 2823 4087 2978 4139; x_wconf 89' lang='grc' dir='ltr'>τοῦτο</span> <span class='ocrx_word' id='word_1_717' title='bbox 3024 4078 3227 4140; x_wconf 83' lang='grc' dir='ltr'>λείπει.</span> <span class='ocrx_word' id='word_1_718' title='bbox 3264 4081 3291 4139; x_wconf 85' lang='grc'><strong>8</strong></span> <span class='ocrx_word' id='word_1_719' title='bbox 3356 4082 3447 4141; x_wconf 82' lang='grc' dir='ltr'><strong>καὶ</strong></span> <span class='ocrx_word' id='word_1_720' title='bbox 3493 4082 3725 4163; x_wconf 77' lang='grc' dir='ltr'>εὔχομαι</span> 
     </span>
    </p>
   </div>
   <div class='ocr_carea' id='block_1_99' title="bbox 2124 4170 3722 4251">
    <p class='ocr_par' dir='ltr' id='par_1_99' title="bbox 2124 4170 3722 4251">
     <span class='ocr_line' id='line_1_100' title="bbox 2124 4170 3722 4251; baseline 0 -20"><span class='ocrx_word' id='word_1_721' title='bbox 2124 4172 2490 4251; x_wconf 75' lang='grc' dir='ltr'>πληρωθῆναι.</span> <span class='ocrx_word' id='word_1_722' title='bbox 2536 4173 2769 4247; x_wconf 82' lang='grc' dir='ltr'>Θέλημα</span> <span class='ocrx_word' id='word_1_723' title='bbox 2803 4170 2907 4250; x_wconf 78' lang='grc' dir='ltr'><strong>γὰρ</strong></span> <span class='ocrx_word' id='word_1_724' title='bbox 2938 4176 3027 4228; x_wconf 82' lang='grc' dir='ltr'><strong>τοῦ</strong></span> <span class='ocrx_word' id='word_1_725' title='bbox 3062 4173 3205 4230; x_wconf 85' lang='grc' dir='ltr'>Θεοῦ</span> <span class='ocrx_word' id='word_1_726' title='bbox 3234 4170 3324 4230; x_wconf 76' lang='grc' dir='ltr'><strong>καὶ</strong></span> <span class='ocrx_word' id='word_1_727' title='bbox 3366 4171 3609 4247; x_wconf 87' lang='grc' dir='ltr'>εὐδοκία,</span> <span class='ocrx_word' id='word_1_728' title='bbox 3661 4173 3722 4231; x_wconf 87' lang='grc' dir='ltr'>τὸ</span> 
     </span>
    </p>
   </div>
   <div class='ocr_carea' id='block_1_100' title="bbox 2124 4258 3720 4341">
    <p class='ocr_par' dir='ltr' id='par_1_100' title="bbox 2124 4258 3720 4341">
     <span class='ocr_line' id='line_1_101' title="bbox 2124 4258 3720 4341; baseline 0.003 -22"><span class='ocrx_word' id='word_1_729' title='bbox 2124 4260 2212 4319; x_wconf 83' lang='grc' dir='ltr'>τὸν</span> <span class='ocrx_word' id='word_1_730' title='bbox 2272 4260 2401 4322; x_wconf 81' lang='grc' dir='ltr'>Υἱὸν</span> <span class='ocrx_word' id='word_1_731' title='bbox 2448 4262 2660 4332; x_wconf 80' lang='grc' dir='ltr'>δοθῆναι</span> <span class='ocrx_word' id='word_1_732' title='bbox 2712 4259 2845 4340; x_wconf 76' lang='grc' dir='ltr'>ὑπὲρ</span> <span class='ocrx_word' id='word_1_733' title='bbox 2891 4263 3067 4336; x_wconf 82' lang='grc' dir='ltr'>ἡμῶν,</span> <span class='ocrx_word' id='word_1_734' title='bbox 3122 4262 3239 4340; x_wconf 78' lang='grc' dir='ltr'>οὐχὶ</span> <span class='ocrx_word' id='word_1_735' title='bbox 3272 4258 3392 4328; x_wconf 79' lang='grc' dir='ltr'>τοὺς</span> <span class='ocrx_word' id='word_1_736' title='bbox 3448 4263 3720 4341; x_wconf 87' lang='grc' dir='ltr'>ἀγγέλους.</span> 
     </span>
    </p>
   </div>
   <div class='ocr_carea' id='block_1_101' title="bbox 2125 4341 3579 4431">
    <p class='ocr_par' dir='ltr' id='par_1_101' title="bbox 2125 4341 3579 4431">
     <span class='ocr_line' id='line_1_102' title="bbox 2125 4341 3579 4431; baseline 0.001 -20"><span class='ocrx_word' id='word_1_737' title='bbox 2125 4350 2450 4431; x_wconf 88' lang='grc' dir='ltr'>Ἐπίγνωσιν</span> <span class='ocrx_word' id='word_1_738' title='bbox 2478 4341 2567 4410; x_wconf 77' lang='grc' dir='ltr'><strong>οὐν</strong></span> <span class='ocrx_word' id='word_1_739' title='bbox 2598 4348 2693 4424; x_wconf 86' lang='grc' dir='ltr'><strong>τὴν</strong></span> <span class='ocrx_word' id='word_1_740' title='bbox 2719 4349 3024 4430; x_wconf 82' lang='grc' dir='ltr'>προσθήκην</span> <span class='ocrx_word' id='word_1_741' title='bbox 3054 4354 3146 4423; x_wconf 76' lang='grc' dir='ltr'><strong>τῆς</strong></span> <span class='ocrx_word' id='word_1_742' title='bbox 3176 4348 3420 4430; x_wconf 79' lang='grc' dir='ltr'>γνώσεως</span> <span class='ocrx_word' id='word_1_743' title='bbox 3448 4351 3579 4413; x_wconf 86' lang='grc' dir='ltr'>νόει.</span> 
     </span>
    </p>
   </div>
   <div class='ocr_carea' id='block_1_102' title="bbox 2208 4529 3722 4613">
    <p class='ocr_par' dir='ltr' id='par_1_102' title="bbox 2208 4529 3722 4613">
     <span class='ocr_line' id='line_1_103' title="bbox 2208 4529 3722 4613; baseline 0.005 -28"><span class='ocrx_word' id='word_1_744' title='bbox 2208 4559 2233 4585; x_wconf 76' lang='grc' dir='ltr'><strong>σι</strong></span> <span class='ocrx_word' id='word_1_745' title='bbox 2262 4529 2357 4591; x_wconf 85' lang='grc' dir='ltr'>Ἐν</span> <span class='ocrx_word' id='word_1_746' title='bbox 2380 4530 2530 4610; x_wconf 88' lang='grc' dir='ltr'>πάσῃ</span> <span class='ocrx_word' id='word_1_747' title='bbox 2560 4529 2764 4590; x_wconf 84' lang='grc' dir='ltr'>συνέσει</span> <span class='ocrx_word' id='word_1_748' title='bbox 2783 4529 2876 4590; x_wconf 80' lang='grc' dir='ltr'>καὶ</span> <span class='ocrx_word' id='word_1_749' title='bbox 2896 4529 3056 4612; x_wconf 77' lang='grc' dir='ltr'>σοφίᾳ</span> <span class='ocrx_word' id='word_1_750' title='bbox 3085 4535 3447 4613; x_wconf 78' lang='grc' dir='ltr'>πνευματικῇ.</span> <span class='ocrx_word' id='word_1_751' title='bbox 3473 4560 3499 4585; x_wconf 71' lang='grc' dir='ltr'>ι</span> <span class='ocrx_word' id='word_1_752' title='bbox 3529 4532 3722 4594; x_wconf 85' lang='grc' dir='ltr'>Ἐπει-</span> 
     </span>
    </p>
   </div>
   <div class='ocr_carea' id='block_1_103' title="bbox 2130 4619 3723 4704">
    <p class='ocr_par' dir='ltr' id='par_1_103' title="bbox 2130 4619 3723 4704">
     <span class='ocr_line' id='line_1_104' title="bbox 2130 4619 3723 4704; baseline 0 -23"><span class='ocrx_word' id='word_1_753' title='bbox 2130 4621 2193 4695; x_wconf 85' lang='grc' dir='ltr'><strong>δὴ</strong></span> <span class='ocrx_word' id='word_1_754' title='bbox 2237 4619 2423 4687; x_wconf 79' lang='grc' dir='ltr'>αὐτοὺς</span> <span class='ocrx_word' id='word_1_755' title='bbox 2455 4623 2501 4679; x_wconf 77' lang='grc' dir='ltr'>οἱ</span> <span class='ocrx_word' id='word_1_756' title='bbox 2548 4620 2825 4702; x_wconf 88' lang='grc' dir='ltr'>φιλόσοφοι</span> <span class='ocrx_word' id='word_1_757' title='bbox 2877 4622 3122 4694; x_wconf 84' lang='grc' dir='ltr'>ἠπάτων,</span> <span class='ocrx_word' id='word_1_758' title='bbox 3189 4622 3490 4698; x_wconf 82' lang='grc' dir='ltr'>Βούλομαι,</span> <span class='ocrx_word' id='word_1_759' title='bbox 3540 4623 3723 4704; x_wconf 77' lang='grc' dir='ltr'>φησὶν,</span> 
     </span>
    </p>
   </div>
   <div class='ocr_carea' id='block_1_104' title="bbox 2126 4710 3723 4793">
    <p class='ocr_par' dir='ltr' id='par_1_104' title="bbox 2126 4710 3723 4793">
     <span class='ocr_line' id='line_1_105' title="bbox 2126 4710 3723 4793; baseline -0.001 -22"><span class='ocrx_word' id='word_1_760' title='bbox 2126 4718 2269 4788; x_wconf 82' lang='grc' dir='ltr'>ἡμᾶς</span> <span class='ocrx_word' id='word_1_761' title='bbox 2320 4712 2373 4769; x_wconf 78' lang='grc' dir='ltr'><strong>ἐν</strong></span> <span class='ocrx_word' id='word_1_762' title='bbox 2417 4715 2756 4790; x_wconf 84' lang='grc' dir='ltr'>πνευματικῇ</span> <span class='ocrx_word' id='word_1_763' title='bbox 2813 4710 2970 4793; x_wconf 87' lang='grc' dir='ltr'>σοφία</span> <span class='ocrx_word' id='word_1_764' title='bbox 3002 4712 3203 4789; x_wconf 68' lang='grc' dir='ltr'>’μαθεῖν</span> <span class='ocrx_word' id='word_1_765' title='bbox 3252 4710 3313 4793; x_wconf 52' lang='lat' dir='ltr'><strong>to</strong></span> <span class='ocrx_word' id='word_1_766' title='bbox 3370 4711 3584 4791; x_wconf 85' lang='grc' dir='ltr'>δόγμα,</span> <span class='ocrx_word' id='word_1_767' title='bbox 3646 4713 3723 4788; x_wconf 74' lang='grc' dir='ltr'><strong>μὴ</strong></span> 
     </span>
    </p>
   </div>
   <div class='ocr_carea' id='block_1_105' title="bbox 2125 4792 3725 4882">
    <p class='ocr_par' dir='ltr' id='par_1_105' title="bbox 2125 4792 3725 4882">
     <span class='ocr_line' id='line_1_106' title="bbox 2125 4792 3725 4882; baseline -0.001 -21"><span class='ocrx_word' id='word_1_768' title='bbox 2125 4801 2264 4861; x_wconf 81' lang='grc' dir='ltr'>κατὰ</span> <span class='ocrx_word' id='word_1_769' title='bbox 2298 4799 2395 4870; x_wconf 84' lang='grc' dir='ltr'><strong>τὴν</strong></span> <span class='ocrx_word' id='word_1_770' title='bbox 2427 4799 2613 4880; x_wconf 84' lang='grc' dir='ltr'>σοφίαν</span> <span class='ocrx_word' id='word_1_771' title='bbox 2649 4803 2751 4858; x_wconf 81' lang='grc' dir='ltr'><strong>τῶν</strong></span> <span class='ocrx_word' id='word_1_772' title='bbox 2805 4792 3130 4879; x_wconf 85' lang='grc' dir='ltr'>ἀνθρώπων,</span> <span class='ocrx_word' id='word_1_773' title='bbox 3160 4802 3246 4882; x_wconf 81' lang='grc' dir='ltr'>ὐφ’</span> <span class='ocrx_word' id='word_1_774' title='bbox 3276 4792 3338 4873; x_wconf 76' lang='grc' dir='ltr'><strong>ἧς</strong></span> <span class='ocrx_word' id='word_1_775' title='bbox 3385 4800 3725 4879; x_wconf 84' lang='grc' dir='ltr'>πλανώμενοι</span> 
     </span>
    </p>
   </div>
   <div class='ocr_carea' id='block_1_106' title="bbox 2126 4888 3719 4968">
    <p class='ocr_par' dir='ltr' id='par_1_106' title="bbox 2126 4888 3719 4968">
     <span class='ocr_line' id='line_1_107' title="bbox 2126 4888 3719 4968; baseline 0 -18"><span class='ocrx_word' id='word_1_776' title='bbox 2126 4897 2253 4965; x_wconf 86' lang='grc' dir='ltr'>νῦν,</span> <span class='ocrx_word' id='word_1_777' title='bbox 2309 4888 2480 4950; x_wconf 81' lang='grc' dir='ltr'>οἴεσθε</span> <span class='ocrx_word' id='word_1_778' title='bbox 2513 4889 2727 4952; x_wconf 79' lang='grc' dir='ltr'>εἰδέναι.</span> <span class='ocrx_word' id='word_1_779' title='bbox 2782 4892 2851 4951; x_wconf 83' lang='grc' dir='ltr'><strong>Εἴ</strong></span> <span class='ocrx_word' id='word_1_780' title='bbox 2893 4889 2948 4948; x_wconf 86' lang='grc' dir='ltr'>δὲ</span> <span class='ocrx_word' id='word_1_781' title='bbox 2996 4890 3135 4950; x_wconf 81' lang='grc' dir='ltr'>ὥστε</span> <span class='ocrx_word' id='word_1_782' title='bbox 3167 4890 3228 4957; x_wconf 87' lang='grc' dir='ltr'>τὸ</span> <span class='ocrx_word' id='word_1_783' title='bbox 3281 4892 3488 4968; x_wconf 88' lang='grc' dir='ltr'>θέλημα</span> <span class='ocrx_word' id='word_1_784' title='bbox 3531 4897 3719 4968; x_wconf 88' lang='grc' dir='ltr'>μαθεῖν</span> 
     </span>
    </p>
   </div>
   <div class='ocr_carea' id='block_1_107' title="bbox 2128 4979 3721 5062">
    <p class='ocr_par' dir='ltr' id='par_1_107' title="bbox 2128 4979 3721 5062">
     <span class='ocr_line' id='line_1_108' title="bbox 2128 4979 3721 5062; baseline -0.001 -22"><span class='ocrx_word' id='word_1_785' title='bbox 2128 4980 2311 5062; x_wconf 89' lang='grc' dir='ltr'>σοφίας</span> <span class='ocrx_word' id='word_1_786' title='bbox 2359 4984 2724 5058; x_wconf 80' lang='grc' dir='ltr'>πνευματικῆς</span> <span class='ocrx_word' id='word_1_787' title='bbox 2781 4980 2898 5055; x_wconf 89' lang='grc' dir='ltr'>δεῖ,</span> <span class='ocrx_word' id='word_1_788' title='bbox 2955 4979 3007 5038; x_wconf 91' lang='grc' dir='ltr'><strong>τί</strong></span> <span class='ocrx_word' id='word_1_789' title='bbox 3059 4979 3122 5039; x_wconf 81' lang='grc' dir='ltr'><strong>ἄν</strong></span> <span class='ocrx_word' id='word_1_790' title='bbox 3178 5002 3257 5049; x_wconf 89' lang='grc' dir='ltr'><strong>τις</strong></span> <span class='ocrx_word' id='word_1_791' title='bbox 3298 4981 3405 5061; x_wconf 82' lang='grc' dir='ltr'>ἐρεῖ</span> <span class='ocrx_word' id='word_1_792' title='bbox 3444 4981 3568 5061; x_wconf 75' lang='grc' dir='ltr'>περὶ</span> <span class='ocrx_word' id='word_1_793' title='bbox 3614 4983 3721 5040; x_wconf 75' lang='grc' dir='ltr'><strong>τῶν</strong></span> 
     </span>
    </p>
   </div>
   <div class='ocr_carea' id='block_1_108' title="bbox 2124 5067 3725 5152">
    <p class='ocr_par' dir='ltr' id='par_1_108' title="bbox 2124 5067 3725 5152">
     <span class='ocr_line' id='line_1_109' title="bbox 2124 5067 3725 5152; baseline 0.004 -25"><span class='ocrx_word' id='word_1_794' title='bbox 2124 5070 2220 5143; x_wconf 85' lang='grc' dir='ltr'><strong>τὴν</strong></span> <span class='ocrx_word' id='word_1_795' title='bbox 2278 5069 2461 5129; x_wconf 87' lang='grc' dir='ltr'>οὐσίαν</span> <span class='ocrx_word' id='word_1_796' title='bbox 2507 5077 2600 5130; x_wconf 85' lang='grc' dir='ltr'><strong>τοῦ</strong></span> <span class='ocrx_word' id='word_1_797' title='bbox 2653 5071 2796 5131; x_wconf 85' lang='grc' dir='ltr'>Θεοῦ</span> <span class='ocrx_word' id='word_1_798' title='bbox 2852 5072 2912 5130; x_wconf 82' lang='grc' dir='ltr'>ἐκ</span> <span class='ocrx_word' id='word_1_799' title='bbox 2968 5072 3062 5143; x_wconf 82' lang='grc' dir='ltr'><strong>τῆς</strong></span> <span class='ocrx_word' id='word_1_800' title='bbox 3120 5067 3223 5141; x_wconf 81' lang='grc' dir='ltr'><strong>ἔξω</strong></span> <span class='ocrx_word' id='word_1_801' title='bbox 3293 5069 3477 5152; x_wconf 81' lang='grc' dir='ltr'>σοφίας</span> <span class='ocrx_word' id='word_1_802' title='bbox 3526 5069 3725 5133; x_wconf 76' lang='grc' dir='ltr'>εἰδέναι</span> 
     </span>
    </p>
   </div>
   <div class='ocr_carea' id='block_1_109' title="bbox 2127 5158 2462 5240">
    <p class='ocr_par' dir='ltr' id='par_1_109' title="bbox 2127 5158 2462 5240">
     <span class='ocr_line' id='line_1_110' title="bbox 2127 5158 2462 5240; baseline 0 -21"><span class='ocrx_word' id='word_1_803' title='bbox 2127 5158 2432 5240; x_wconf 81' lang='grc' dir='ltr'>αὐχούντων</span> <span class='ocrx_word' id='word_1_804' title='bbox 2446 5184 2462 5233; x_wconf 86' lang='grc'>;</span> 
     </span>
    </p>
   </div>
   <div class='ocr_carea' id='block_1_110' title="bbox 2209 5248 3724 5331">
    <p class='ocr_par' dir='ltr' id='par_1_110' title="bbox 2209 5248 3724 5331">
     <span class='ocr_line' id='line_1_111' title="bbox 2209 5248 3724 5331; baseline 0.003 -24"><span class='ocrx_word' id='word_1_805' title='bbox 2209 5277 2233 5303; x_wconf 76' lang='grc' dir='ltr'><strong>ιι</strong></span> <span class='ocrx_word' id='word_1_806' title='bbox 2265 5248 2649 5329; x_wconf 74' lang='grc' dir='ltr'>Περιπατῆσαι</span> <span class='ocrx_word' id='word_1_807' title='bbox 2679 5251 2819 5326; x_wconf 73' lang='grc' dir='ltr'>ὗμᾶς</span> <span class='ocrx_word' id='word_1_808' title='bbox 2839 5248 2996 5318; x_wconf 83' lang='grc' dir='ltr'>ἀξίως</span> <span class='ocrx_word' id='word_1_809' title='bbox 3022 5256 3114 5311; x_wconf 89' lang='grc' dir='ltr'><strong>τοῦ</strong></span> <span class='ocrx_word' id='word_1_810' title='bbox 3141 5249 3358 5330; x_wconf 88' lang='grc' dir='ltr'>Κυρίου.</span> <span class='ocrx_word' id='word_1_811' title='bbox 3389 5276 3413 5304; x_wconf 68' lang='grc' dir='ltr'><strong><em>ι</em></strong></span> <span class='ocrx_word' id='word_1_812' title='bbox 3446 5249 3724 5331; x_wconf 82' lang='grc' dir='ltr'>Εύχομαι,</span> 
     </span>
    </p>
   </div>
   <div class='ocr_carea' id='block_1_111' title="bbox 2128 5337 3722 5420">
    <p class='ocr_par' dir='ltr' id='par_1_111' title="bbox 2128 5337 3722 5420">
     <span class='ocr_line' id='line_1_112' title="bbox 2128 5337 3722 5420; baseline 0.003 -24"><span class='ocrx_word' id='word_1_813' title='bbox 2128 5337 2277 5420; x_wconf 78' lang='grc' dir='ltr'>φησὶ,</span> <span class='ocrx_word' id='word_1_814' title='bbox 2305 5339 2488 5414; x_wconf 88' lang='grc' dir='ltr'>μαθεῖν</span> <span class='ocrx_word' id='word_1_815' title='bbox 2517 5341 2673 5416; x_wconf 78' lang='grc' dir='ltr'>ὃμᾶς,</span> <span class='ocrx_word' id='word_1_816' title='bbox 2715 5339 2797 5400; x_wconf 73' lang='grc' dir='ltr'>ὅτι</span> <span class='ocrx_word' id='word_1_817' title='bbox 2829 5339 2917 5398; x_wconf 84' lang='grc' dir='ltr'><strong>διὰ</strong></span> <span class='ocrx_word' id='word_1_818' title='bbox 2961 5343 3053 5399; x_wconf 91' lang='grc' dir='ltr'><strong>τοῦ</strong></span> <span class='ocrx_word' id='word_1_819' title='bbox 3087 5342 3420 5419; x_wconf 87' lang='grc' dir='ltr'>Μονογενοῦς</span> <span class='ocrx_word' id='word_1_820' title='bbox 3463 5341 3722 5418; x_wconf 79' lang='grc' dir='ltr'>ἐσώθητε,</span> 
     </span>
    </p>
   </div>
   <div class='ocr_carea' id='block_1_112' title="bbox 2128 5426 3723 5511">
    <p class='ocr_par' dir='ltr' id='par_1_112' title="bbox 2128 5426 3723 5511">
     <span class='ocr_line' id='line_1_113' title="bbox 2128 5426 3723 5511; baseline 0.003 -24"><span class='ocrx_word' id='word_1_821' title='bbox 2128 5431 2200 5495; x_wconf 85' lang='grc' dir='ltr'><strong>εἰς</strong></span> <span class='ocrx_word' id='word_1_822' title='bbox 2263 5426 2324 5487; x_wconf 80' lang='grc' dir='ltr'><strong>τὸ</strong></span> <span class='ocrx_word' id='word_1_823' title='bbox 2394 5432 2756 5511; x_wconf 80' lang='grc' dir='ltr'>περιπατῆσαι</span> <span class='ocrx_word' id='word_1_824' title='bbox 2830 5433 3000 5507; x_wconf 79' lang='grc' dir='ltr'>ὑμᾶς·</span> <span class='ocrx_word' id='word_1_825' title='bbox 3068 5429 3375 5503; x_wconf 82' lang='grc' dir='ltr'>τουτέστιν,</span> <span class='ocrx_word' id='word_1_826' title='bbox 3428 5428 3550 5492; x_wconf 88' lang='grc' dir='ltr'><strong>Ἵνα</strong></span> <span class='ocrx_word' id='word_1_827' title='bbox 3600 5433 3723 5491; x_wconf 89' lang='grc' dir='ltr'>κατ’</span> 
     </span>
    </p>
   </div>
   <div class='ocr_carea' id='block_1_113' title="bbox 2130 5515 3722 5602">
    <p class='ocr_par' dir='ltr' id='par_1_113' title="bbox 2130 5515 3722 5602">
     <span class='ocr_line' id='line_1_114' title="bbox 2130 5515 3722 5602; baseline 0.002 -27"><span class='ocrx_word' id='word_1_828' title='bbox 2130 5516 2323 5599; x_wconf 78' lang='grc' dir='ltr'>ἀρετὴν</span> <span class='ocrx_word' id='word_1_829' title='bbox 2371 5515 2591 5591; x_wconf 81' lang='grc' dir='ltr'>ζήσητε.</span> <span class='ocrx_word' id='word_1_830' title='bbox 2629 5518 2697 5581; x_wconf 87' lang='grc' dir='ltr'>Ὁ</span> <span class='ocrx_word' id='word_1_831' title='bbox 2744 5517 2847 5600; x_wconf 81' lang='grc' dir='ltr'><strong>γὰρ</strong></span> <span class='ocrx_word' id='word_1_832' title='bbox 2881 5518 2977 5593; x_wconf 80' lang='grc' dir='ltr'><strong>τὴν</strong></span> <span class='ocrx_word' id='word_1_833' title='bbox 3010 5525 3100 5578; x_wconf 91' lang='grc' dir='ltr'><strong>τοῦ</strong></span> <span class='ocrx_word' id='word_1_834' title='bbox 3126 5523 3269 5583; x_wconf 83' lang='grc' dir='ltr'>Θεοῦ</span> <span class='ocrx_word' id='word_1_835' title='bbox 3319 5521 3722 5602; x_wconf 89' lang='grc' dir='ltr'>φιλανθρωπίαν</span> 
     </span>
    </p>
   </div>
   <div class='ocr_carea' id='block_1_114' title="bbox 1834 5670 2367 5732">
    <p class='ocr_par' dir='ltr' id='par_1_114' title="bbox 1834 5670 2367 5732">
     <span class='ocr_line' id='line_1_115' title="bbox 1834 5670 2367 5732; baseline 0 -2"><span class='ocrx_word' id='word_1_836' title='bbox 1834 5670 2023 5732; x_wconf 65' lang='lat' dir='ltr'><strong>Variae</strong></span> <span class='ocrx_word' id='word_1_837' title='bbox 2066 5672 2367 5732; x_wconf 85' lang='lat' dir='ltr'><strong>lectiones.</strong></span> 
     </span>
    </p>
   </div>
   <div class='ocr_carea' id='block_1_115' title="bbox 486 5767 951 5834">
    <p class='ocr_par' dir='ltr' id='par_1_115' title="bbox 486 5767 951 5834">
     <span class='ocr_line' id='line_1_116' title="bbox 486 5767 951 5834; baseline 0.019 -14"><span class='ocrx_word' id='word_1_838' title='bbox 486 5771 530 5807; x_wconf 74' lang='grc' dir='ltr'><strong>⁸ο</strong></span> <span class='ocrx_word' id='word_1_839' title='bbox 565 5767 865 5834; x_wconf 76' lang='grc' dir='ltr'>Κολοσσαῖς.</span> <span class='ocrx_word' id='word_1_840' title='bbox 898 5788 951 5830; x_wconf 92' lang='lat'><strong>0.</strong></span> 
     </span>
    </p>
   </div>
  </div>
