4104 6436
295 468 437 520 1213

1189 462 1538 518 EXPOSITIO
1579 463 1643 518 IN
1682 463 1890 518 EPIST.
1930 465 2022 520 ΑΙ)
2061 464 2338 521 COLOSS.
2378 493 2447 504 -
2486 463 2633 517 CAP.
2678 463 2718 516 ἰ.

3456 451 3593 508 1214

287 589 614 667 καταμαθὼν
638 635 655 664 ,
691 589 782 650 καὶ
830 588 911 648 ὅτι
954 587 1042 648 τὸν
1082 589 1208 649 Υἱδν
1244 593 1402 648 αὑτοῦ
1449 587 1697 657 ἐξέδωκεν
1749 590 1865 668 ὖπὲς

1997 591 2092 659 rit,
2131 599 2186 648 et
2237 589 2386 664 quod
2416 589 2615 646 Filium
2644 601 2806 643 suum
2853 599 2951 658 pro
2977 582 3135 639 nobis
3177 577 3414 644 dederit,
3454 593 3594 650 quo-

285 683 474 757 ἡμῶν,
538 683 652 749 πῶς
701 682 795 740 οὐκ
859 679 921 738 ἃν
972 680 1316 740 σπουδάσειεν
1390 679 1574 739 ἑαυτὸν
1636 681 1879 738 ἐκδοῦναι

285 777 392 850 τοῖς
454 774 549 842 τῆς
595 773 785 850 ἀρετῆς
853 768 1071 842 πόνοις,
1129 770 1221 829 καὶ
1284 768 1372 828 τὸν
1433 771 1594 828 αὐτοῦ
1651 769 1878 850 σταυρὸν

283 849 412 939 ἀραι
439 891 452 931 ;
487 861 569 921 Τὸ
597 849 720 940 γὰρ,
764 882 792 918 (ι
821 861 1227 939 Περιπατῆσαι,
1249 887 1272 913 η
1299 858 1423 938 περὶ
1447 858 1562 939 βίου
1595 859 1687 919 καὶ
1717 862 1882 918 πολι-

281 948 427 1017 τείας
452 949 625 1024 ἐστὶν,
657 951 726 1015 ὡς
770 946 996 1028 εἴρηται.
1038 949 1147 1009 Καὶ
1176 953 1457 1027 πανταχοῦ
1491 947 1546 1008 δὲ
1585 954 1652 1030 τῇ
1705 949 1881 1007 πίστει

281 1039 537 1100 συνάπτει
566 1038 661 1112 τὴν
691 1037 984 1098 πολιτείαν.
1041 1038 1150 1098 Καὶ
1197 1038 1376 1105 ἄλλως
1429 1037 1525 1112 δὲ,
1569 1041 1689 1099 Οὖκ
1719 1039 1881 1120 εὐχό-

283 1133 420 1205 μεθα
443 1173 462 1202 ,
494 1129 627 1210 φησὶ
650 1174 666 1206 ,
702 1128 859 1206 μόνον
888 1127 974 1186 ἵνα
1006 1129 1240 1205 μάθητε,
1271 1131 1389 1188 ἀλλ’
1415 1125 1504 1187 ἵνα
1535 1128 1628 1188 καὶ
1659 1128 1746 1188 ἐπὶ
1775 1131 1879 1186 τῶν

277 1216 448 1297 ἔργων
491 1218 834 1280 ἐπιδείκνυτε.
883 1217 953 1277 Ὁ
999 1217 1116 1298 γὰρζ
1157 1218 1307 1286 εἰδὼς
1339 1217 1504 1300 χωρὶς
1561 1224 1652 1277 τοῦ
1706 1220 1876 1278 ποιεῖν

282 1307 601 1378 κολάζεσθαι
657 1308 858 1386 μέλλει.
911 1308 1085 1367 Βλέπε
1134 1307 1227 1380 δὲ,
1289 1311 1400 1375 πῶς
1451 1307 1746 1388 περίπατον
1797 1309 1880 1368 ἀεὶ

280 1395 378 1468 τὴν
407 1397 683 1458 πολιτείαν
714 1399 894 1471 καλεῖ,
927 1396 1129 1465 δεικνὺς
1168 1395 1247 1456 ὅτι
1276 1396 1456 1479 ὥσπερ
1503 1397 1587 1456 ἀεὶ
1624 1396 1686 1456 τὸ
1729 1421 1880 1477 περι-

277 1494 466 1547 πατεῖν
523 1491 812 1567 ἀναγκαῖον
864 1490 1024 1565 ἡμῖν,
1075 1489 1214 1546 οὕτω
1259 1487 1350 1547 καὶ
1398 1492 1427 1548 ὁ
1478 1487 1692 1568 ἄριστος
1742 1487 1876 1568 βίος.

365 1778 396 1816 α
431 1758 526 1825 Εἷς
556 1766 734 1815 πᾶσαν
785 1755 1065 1836 ἀρέσκειαν
1118 1757 1172 1814 ἐν
1201 1755 1362 1816 παντὶ
1409 1755 1552 1838 ἔργῳ
1600 1759 1804 1838 ἀγαθῷ.
1845 1782 1876 1819 n

1996 680 2162 738 modo
2208 697 2324 736 non
2355 678 2602 736 studebit
2639 676 2883 749 seipsum
2918 673 3122 730 dedere
3151 669 3368 726 virtutis
3392 667 3592 725 labori-

1989 771 2113 839 bus,
2144 769 2398 843 adeoque
2427 783 2649 825 crucem
2679 765 2850 839 ipsius
2880 764 3071 821 tollere
3091 764 3114 818 Ρ
3133 760 3426 817 Ambulare
3449 757 3590 814 enim

1999 861 2066 917 ad
2107 861 2280 916 vitam
2323 868 2378 916 et
2414 857 2886 914 conversationem
2947 852 3203 926 pertinet,
3248 850 3328 906 uti
3381 848 3590 905 dictum

1991 959 2093 1008 est.
2121 951 2342 1024 Ubique
2372 959 2562 1006 autem
2608 947 2758 1015 ﬁdei,
2798 946 2921 1004 vita:
2959 944 3224 1000 rationem
3263 948 3320 997 et
3354 953 3587 995 conver-

1990 1041 2266 1097 sationem
2302 1039 2600 1096 connectit.
2646 1041 2934 1103 Praaterea,
2962 1051 3078 1091 non
3108 1046 3356 1098 oramus,
3386 1027 3586 1100 inquit,

1989 1139 2049 1186 ut
2075 1130 2294 1186 discatis
2321 1127 2734 1196 tantummodo,
2763 1141 2951 1182 verum
2977 1134 3038 1181 ut
3077 1121 3334 1194 cperibus
3370 1135 3590 1191 quoque

1989 1220 2408 1278 demonstretis.
2452 1220 2558 1290 Qui
2604 1218 2747 1274 enim
2793 1216 2965 1283 novit,
3009 1220 3064 1271 et
3128 1228 3239 1268 non
3285 1209 3434 1277 facit,
3485 1225 3589 1280 pu-

1988 1310 2198 1366 nietur.
2237 1308 2626 1365 Animadverte
2665 1315 2875 1376 autem,
2901 1304 3180 1378 quomodo
3217 1315 3432 1372 semper
3462 1315 3578 1354 am-

1990 1399 2331 1455 bulationem
2414 1399 2577 1456 vitam
2660 1402 3249 1470 conversationemque
3319 1400 3588 1471 appellat,

1991 1488 2290 1546 ostendens
2317 1488 2466 1561 quod
2496 1487 2723 1560 perinde
2757 1506 2820 1544 ac
2857 1505 3143 1562 nunquam
3173 1505 3283 1545 non
3310 1488 3591 1546 ambulare

1990 1578 2155 1634 nobis
2195 1579 2562 1634 necessarium
2618 1587 2720 1649 est,
2767 1579 2846 1634 sic
2889 1587 2942 1636 et
2989 1579 3197 1653 optima
3245 1580 3353 1637 vita
3395 1595 3591 1637 neces-

1989 1667 2130 1723 saria
2151 1675 2253 1724 est.

2065 1760 2168 1814 Per
2195 1760 2373 1813 omnia
2395 1759 2688 1828 placentes,
2717 1762 2777 1814 in
2804 1775 2982 1817 omnes
3001 1775 3159 1830 opere
3189 1761 3339 1816 bono.
3372 1762 3456 1817 Ut
3479 1761 3585 1829 sic,

271 1845 397 1906 Ἵνα
445 1845 617 1920 οὕτω,
657 1847 818 1928 φησὶ,
860 1850 1022 1921 ζῆτε,
1069 1845 1208 1905 ὥστε
1238 1846 1325 1905 διὰ
1368 1846 1581 1906 πάντων
1628 1847 1865 1928 ἀρέσκειν

1988 1847 2186 1919 inquit,
2232 1847 2444 1913 vivatis,
2497 1855 2557 1902 ut
2591 1864 2689 1919 per
2731 1850 2913 1905 omnia
2972 1849 3230 1921 placeatis
3283 1853 3422 1906 Deo.
3479 1851 3585 1920 Qui

273 1939 351 2016 τῷ
382 1937 527 2015 Θεῷ.
578 1938 703 2003 Πῶς
746 1935 800 1996 δὲ
842 1935 992 1994 ἔσται
1021 1942 1210 2012 τοῦτο;
1241 1937 1360 1996 Οὐκ
1395 1937 1568 2003 ἄλλως
1609 1939 1654 1995 εἰ
1697 1936 1772 2012 μὴ
1819 1940 1872 1997 ἐν

274 2024 434 2083 παντὶ
485 2022 623 2104 ἔργῳ
672 2027 876 2105 ἀγαθῷ.
928 2022 1110 2084 εὈπου
1165 2025 1268 2104 γὰρ
1317 2034 1424 2084 πᾶν
1455 2023 1608 2105 ἔργον
1643 2026 1871 2105 ἀγαθὸν,

276 2115 385 2172 ἐκεῖ
416 2121 567 2173 πᾶσα
599 2113 850 2195 ἀρέσκεια
893 2114 1058 2173 Θεοῦ.
1094 2113 1298 2174 Σκόπει
1329 2114 1418 2186 δὲ,
1453 2117 1565 2184 πῶς
1593 2122 1870 2196 πανταχοῦ

271 2203 364 2277 τὸ,
397 2225 424 2260 ε
472 2206 626 2275 Πᾶν,
665 2231 689 2254 ι
719 2203 1062 2283 προστίθησιν
1093 2225 1105 2239 ·
1167 2225 1197 2262 (ι
1221 2205 1274 2261 ἐν
1304 2203 1453 2284 πάσῃ
1493 2204 1671 2287 σοφίῳ
1694 2234 1719 2258 υ
1759 2207 1870 2279 καὶ,

273 2293 360 2350 «ἐν
391 2291 556 2351 παντὶ
581 2291 718 2372 ἔργῳ
745 2293 944 2372 ἀγαθῷ·
969 2320 992 2343 ιι
1023 2291 1137 2365 καὶ,
1167 2320 1192 2347 ιι
1211 2295 1282 2359 εἷς
1310 2301 1489 2351 πᾶσαν
1519 2295 1822 2374 ἀρέσκειαν·
1848 2323 1871 2349 υ

271 2380 385 2454 καὶ,
428 2403 459 2440 α
487 2383 558 2448 εἷς
590 2391 768 2440 πᾶσαν
800 2381 1170 2462 μακροθυμίαν
1204 2404 1214 2414 ·
1246 2411 1267 2435 υ
1313 2381 1516 2449 δεικνὺς
1559 2384 1637 2441 ὅτι
1673 2384 1863 2464 ἔχουσι

271 2470 368 2549 μὲν
407 2471 498 2530 καὶ
550 2477 670 2542 νῦν,
720 2473 777 2531 οὖ
819 2470 923 2548 μὴν
973 2471 1034 2530 τὸ
1073 2479 1204 2534 πᾶν.
1249 2470 1422 2532 Ὥστε
1466 2472 1546 2531 δεῖ
1576 2473 1765 2542 αὐτοὺς
1809 2474 1870 2534 τὸ

267 2561 466 2621 τέλειον
499 2560 552 2600 ⁷⁰
581 2560 928 2641 προσλαϐεῖν.

354 2673 383 2710 ‹
438 2652 914 2732 Καρποφοροῦντες
959 2651 1052 2711 καὶ
1086 2652 1431 2731 αὐξανόμενοι
1481 2654 1556 2720 εἷς
1597 2654 1694 2726 τὴν
1748 2655 1868 2714 ἐπί-

271 2763 464 2821 γνωσιν
512 2745 604 2800 τοῦ
654 2744 821 2802 Θεοῦ.
854 2761 885 2799 ›)
923 2738 1178 2822 ιὨσπερ,
1232 2742 1422 2824 φησὶν,
1467 2743 1732 2822 ἐπέγνωτε
1779 2744 1866 2803 τὸν

271 2830 410 2890 Θεὸν
461 2829 708 2904 μειζόνως
748 2828 782 2902 ἢ
815 2832 862 2889 οἱ
911 2830 1132 2890 παλαιοὶ
1173 2832 1245 2906 ⁷¹,
1290 2830 1457 2899 οὕτως
1497 2832 1733 2913 ὀφείλετε
1777 2833 1868 2892 καὶ

269 2921 320 2979 ἕν
349 2922 426 3001 τῷ
470 2919 569 3000 βίῳ
610 2919 782 2990 αὔξειν
827 2919 964 2979 κατὰ
996 2920 1056 2978 τὸ
1104 2921 1295 3001 μέτρον
1345 2925 1442 2991 τῆς
1473 2921 1744 3000 γνώσεως·
1798 2923 1866 2984 Ὁ

270 3009 372 3089 γὰρ
399 3008 746 3078 καταξιωθεὶς
781 3009 976 3069 εἰδέναι
1003 3010 1142 3071 Θεὸν
1164 3057 1180 3085 ,
1209 3009 1348 3070 ὥστε
1382 3010 1436 3049 ⁷²
1465 3011 1556 3070 καὶ
1589 3011 1697 3079 υἱὸς
1728 3001 1866 3072 εἶναι

270 3102 414 3162 Θεοῦ
434 3143 452 3176 ,
487 3098 652 3172 πόσης
687 3102 876 3178 ἀρετῆς
907 3101 1075 3160 δεῖται
1100 3121 1116 3174 ;
1150 3099 1229 3161 Ἢ
1248 3147 1263 3173 ,
1294 3099 1374 3160 ὅτι
1407 3105 1502 3161 Δεῖ
1531 3100 1626 3178 μὲν
1661 3126 1865 3182 καρπο-

1984 1951 2112 1992 vero
2143 1936 2246 1992 hoc
2285 1935 2385 1993 ﬁt?
2417 1940 2539 1992 Non
2571 1937 2749 2005 aliter,
2784 1938 2886 1994 nisi
2914 1939 2972 1994 in
3004 1940 3151 1995 omni
3182 1955 3348 2011 opere
3379 1939 3524 1996 bono
3564 1955 3575 1991 :

1983 2025 2077 2082 ubi
2118 2026 2265 2082 enim
2314 2042 2480 2082 omne
2524 2042 2666 2098 opus
2692 2027 2903 2084 bonum
2935 2037 3036 2102 est,
3089 2029 3164 2085 ibi
3194 2038 3249 2085 et
3280 2029 3437 2101 plena
3487 2029 3587 2085 Dei

1981 2116 2405 2188 complacentia.
2466 2115 2763 2174 Considera
2810 2127 2997 2174 autem
3054 2119 3334 2190 quomodo
3384 2119 3583 2190 ubique

1981 2222 2133 2262 omne
2184 2214 2429 2279 apponat
2487 2225 2498 2260 :
2559 2209 2622 2262 In
2673 2211 2821 2262 omni
2862 2211 3134 2278 sapientia
3169 2227 3185 2260 :
3217 2217 3292 2276 et,
3341 2211 3405 2264 In
3442 2213 3588 2264 omni

1981 2313 2138 2368 opere
2168 2299 2306 2354 bono
2341 2317 2360 2350 .-
2400 2306 2454 2354 et
2481 2300 2588 2354 Per
2615 2301 2800 2354 omnia
2823 2301 3090 2369 placentes
3110 2319 3128 2352 :
3158 2309 3232 2367 et,
3259 2301 3349 2356 Ad
3379 2317 3581 2356 omnem

1987 2388 2451 2457 longanimitatem
2476 2406 2495 2440 :
2513 2389 2814 2443 ostendens
2842 2389 2992 2460 quod
3015 2389 3253 2446 habeant
3281 2389 3502 2462 quidem
3527 2398 3582 2444 et

1981 2493 2150 2549 nunc,
2190 2477 2441 2534 nondum
2471 2486 2652 2534 tamen
2679 2486 2860 2535 totum
2895 2497 2908 2532 :
2946 2495 3113 2551 quare
3143 2479 3580 2536 consummatio-

1979 2582 2110 2624 nem
2139 2581 2235 2624 808
2269 2583 2546 2625 assumere
2575 2577 2810 2641 oportet.

2055 2659 2460 2726 Fructiﬁcantes
2521 2663 2571 2715 et
2633 2664 2914 2714 crescentes
2973 2663 3029 2714 in
3087 2662 3416 2729 agn-itionem
3463 2663 3576 2715 Dei.

1983 2747 2494 2818 Quemadmodum,
2539 2748 2737 2821 inquit,
2788 2749 3016 2804 novistis
3059 2752 3237 2804 Deum
3285 2747 3580 2820 perfectius

1980 2854 2146 2909 quam
2177 2838 2270 2910 qui
2309 2837 2441 2894 olim
2471 2839 2672 2908 vixere,
2707 2839 2851 2895 hanc
2877 2838 2949 2894 ad
2990 2841 3260 2895 rationem
3291 2838 3498 2894 debetis
3527 2846 3580 2893 et

1979 2927 2035 2982 in
2085 2929 2195 2984 vita
2238 2944 2482 2984 crescere
2526 2929 2685 3001 juxta
2723 2944 3044 2985 mensuram
3081 2929 3424 3001 cognitionis.
3473 2930 3576 2998 Qui

1979 3019 2125 3074 enim
2176 3019 2344 3075 tantis
2393 3027 2477 3076 est
2514 3019 2775 3091 donatus,
2824 3028 2886 3075 ut
2933 3023 3111 3075 Deum
3173 3020 3357 3087 sciret,
3407 3027 3578 3092 utque

1979 3108 2124 3166 ﬁlius
2174 3110 2278 3165 Dei
2332 3116 2498 3176 esset,
2556 3117 2759 3181 quanta
2805 3110 3005 3165 virtute
3051 3125 3189 3179 opus
3221 3107 3424 3163 habet?
3456 3109 3575 3176 Vel,

268 3192 443 3269 φορεῖν
493 3191 632 3264 ὑμᾶς
688 3188 782 3256 τὰς
845 3189 1046 3266 ἀγαθὰς
1104 3189 1356 3271 πράξεις,
1409 3192 1532 3250 ἀλλ’
1583 3190 1720 3250 ὥστε
1777 3191 1863 3251 καὶ

1977 3199 2103 3271 quia
2133 3199 2362 3270 Oportet
2388 3214 2487 3255 vos
2509 3197 2754 3271 proferre
2785 3198 3006 3272 quidem
3026 3197 3272 3255 fructum
3299 3198 3575 3253 bonorum

269 3277 364 3349 τὴν
395 3277 678 3354 ἐπίγνωσιν
719 3282 811 3336 τοῦ
843 3281 985 3339 Θεοῦ
1036 3278 1177 3358 ἔχειν
1223 3282 1293 3346 ὡς
1341 3281 1452 3358 δεῖ,
1504 3281 1596 3340 καὶ
1639 3283 1739 3360 οὐχ
1797 3285 1866 3349 ὡς

267 3371 356 3425 νῦν
382 3368 584 3426 δοκεῖτε
615 3366 776 3447 ἔχειν.
813 3368 886 3428 Τί
915 3367 1016 3446 γὰρ
1047 3367 1231 3448 ὄφελος
1260 3368 1374 3448 βίου
1417 3368 1510 3427 καὶ
1553 3369 1824 3437 πολιτείας
1846 3415 1864 3444 ,

267 3457 357 3514 ἐὰν
409 3459 631 3535 ἀγνοῆτε
675 3457 764 3516 τὸν
814 3457 940 3518 Υἱὸν
989 3463 1084 3516 τοῦ
1133 3461 1308 3532 Θεοῦ;
1360 3457 1564 3518 Σκόπει
1612 3457 1697 3530 δὲ,
1754 3463 1866 3526 πῶς

267 3545 512 3626 ἀνωτέρω
548 3550 642 3616 τῆς
686 3546 1019 3624 ἐπιγνώσεως
1053 3545 1215 3627 ἔφησε
1269 3548 1471 3627 δεῖσθαι
1511 3548 1582 3614 εἷς
1612 3547 1670 3604 τὸ
1705 3571 1863 3626 περι-

266 3639 508 3708 πατῆσαι
539 3635 692 3704 ἀξίως
737 3641 830 3695 τοῦ
883 3635 1083 3715 Κυρίου
1114 3660 1128 3674 ·
1173 3641 1263 3695 νῦν
1316 3626 1462 3703 αὖθις
1511 3638 1728 3696 ἀπαιτεῖ
1763 3639 1862 3696 αὖ-

266 3725 434 3793 ξάνειν
468 3727 521 3783 ἐν
560 3733 669 3791 τοῖς
717 3727 932 3804 ἀγαθοῖς
981 3726 1183 3805 ἔργοις,
1239 3729 1310 3793 εἰς
1352 3725 1412 3784 τὸ
1458 3724 1572 3802 ἅμα
1631 3727 1722 3785 καὶ
1774 3726 1862 3786 τὸν

264 3814 401 3875 Θεὸν
475 3813 839 3893 ἐπιγινώσκειν
890 3839 904 3854 ·
967 3815 1213 3897 ἑκάτερον
1269 3815 1373 3897 γὰρ
1433 3814 1685 3897 ἑκατέρου
1767 3839 1865 3875 συ-

265 3909 532 3966 στατικόν.

353 4107 382 4143 α
421 4083 514 4146 Ἐν
561 4083 712 4162 πάσῃ
765 4083 986 4162 δυνάμει
1022 4083 1429 4162 δυναμούμενοι.
1488 4108 1520 4140 n
1577 4083 1863 4165 Εὗχόμεθα

260 4175 351 4234 ἵνα
398 4176 716 4255 πληρωθῆτε
759 4195 787 4231 (ι
814 4177 868 4232 ἐν
914 4174 1060 4254 πάσῃ
1103 4175 1326 4252 δυνάμει
1379 4173 1791 4252 δυναμούμενοι.
1831 4201 1856 4228 ιι

262 4263 406 4344 Πρὸς
433 4263 522 4340 ri;
554 4264 700 4344 Πρὸς
727 4261 849 4333 τοὺς
892 4263 1218 4343 πειρασμοὺς
1264 4266 1358 4324 καὶ
1389 4263 1510 4332 τοὺς
1551 4263 1815 4346 διωγμοὺς
1844 4308 1860 4337 ,

258 4352 398 4414 ὥστε
427 4353 504 4431 μὴ
531 4355 854 4428 ἀκηδιάσαι,
897 4354 1033 4428 μηδὲ
1063 4355 1390 4432 ἀπογνῶναι.

1977 3289 2346 3360 operum,sed
2371 3289 2442 3344 ita
2471 3297 2531 3344 ut
2558 3298 2614 3346 et
2632 3289 2965 3362 agnitionem
2993 3289 3093 3344 Dei
3115 3288 3362 3344 habeatis
3386 3303 3580 3358 quem-

1975 3377 2278 3434 admodum
2319 3378 2613 3445 convenit,
2661 3387 2715 3434 et
2756 3395 2870 3435 non
2909 3378 3386 3452 quemadmodum
3433 3383 3616 3432 nunc'

1975 3466 2241 3522 videmini
2283 3466 2503 3522 habere.
2561 3468 2700 3536 Quae
2747 3469 2895 3524 enim
2939 3467 3313 3524 commoditas
3360 3467 3486 3524 vitae
3523 3476 3578 3522 et

1972 3557 2400 3611 conversationis
2448 3564 2663 3621 vestrae,
2713 3557 2759 3610 si
2812 3556 3076 3628 ignoretis
3127 3556 3325 3612 Filium
3403 3557 3503 3611 Dei
3549 3559 3572 3610 ξ’

1976 3643 2113 3699 Vide
2146 3652 2329 3699 autem
2368 3643 2650 3715 quomodo
2695 3659 2859 3714 supra
2894 3660 2988 3699 eos
3017 3644 3334 3715 cognitione
3373 3643 3574 3698 dixerit

1975 3733 2219 3806 indigere
2239 3733 2308 3789 ad
2328 3733 2432 3789 hoc
2460 3733 2697 3804 utdigne
2725 3732 2966 3788 Domino
2993 3732 3159 3804 467
3183 3733 3532 3789 ambularent
3558 3751 3570 3787 ι

1973 3841 2122 3882 nunc
2153 3840 2343 3880 rursus
2394 3823 2561 3894 exigit
2589 3823 2656 3878 ab
2707 3821 2784 3879 eis
2832 3831 2895 3878 ut
2936 3831 3186 3878 crescant
3228 3823 3283 3878 in
3311 3821 3574 3894 operibus

1974 3917 2155 3983 bonis,
2189 3922 2248 3970 ut
2281 3914 2441 3970 simul
2484 3916 2666 3969 Deum
2699 3913 2865 3968 etiam
2900 3922 3220 3984 agnoscant.
3262 3915 3574 3986 Utrumque

1976 4007 2124 4064 enim
2149 4005 2437 4076 utriusque
2465 4011 2545 4059 est
2575 4004 3017 4059 constitutivum.

2044 4099 2229 4153 Vens.
2266 4103 2348 4152 ll.
2379 4099 2444 4150 In
2473 4097 2619 4149 omni
2645 4097 2890 4164 potentia.
2915 4094 3226 4162 confortati.
3281 4095 3573 4150 Precamur

1975 4196 2036 4245 ut
2088 4186 2425 4259 impleamini
2475 4202 2528 4240 Ill
2597 4184 2749 4239 omni
2805 4185 3047 4256 potentia
3091 4183 3383 4239 confortati
3431 4201 3446 4239 :
3502 4183 3573 4240 ad

1974 4278 2148 4350 quid?
2213 4275 2492 4331 Adversus
2544 4274 2874 4330 tentationes
2929 4283 2986 4330 et
3035 4274 3442 4346 persecutiones
3501 4290 3570 4332 ne

1973 4366 2239 4439 torpeatis
2256 4382 2435 4439 neque
2461 4364 2781 4436 desperetis.

340 4471 366 4499 ι
395 4443 556 4506 Κατὰ
578 4445 638 4504 τὸ
667 4443 860 4525 κράτος
889 4448 983 4516 τῆς
1019 4441 1172 4517 δόξης
1197 4445 1382 4506 αὐτοῦ.
1416 4471 1440 4499 υ
1464 4443 1584 4507 Ἵνα
1607 4444 1856 4519 τοιαύτην

1989 4539 2005 4548 _
2045 4457 2351 4548 Secundum
2385 4457 2692 4546 potentiam
2736 4456 2927 4548 gloria:
2970 4455 3107 4524 ejus.
3137 4455 3217 4511 Ut
3256 4453 3572 4548 huiusmodi

259 4535 483 4610 δύναμιν
518 4535 592 4616 δῷ
621 4537 778 4612 ὑμῖν,
809 4532 925 4593 οἵαν
959 4533 1151 4615 πρέπει
1192 4535 1338 4614 αὐτῷ
1370 4533 1612 4612 διδόναι,
1654 4533 1854 4615 ἄφατον

257 4623 352 4683 καὶ
375 4623 591 4704 ἄπειρον
625 4622 829 4698 δηλαδή
854 4647 868 4661 ο
899 4623 1040 4696 πλὴν
1071 4627 1141 4691 ὡς
1170 4622 1432 4704 ἀνθρώπῲ
1463 4624 1685 4684 δυνατὸν
1719 4623 1853 4683 ταύ-

254 4738 351 4786 την
391 4703 594 4774 λαϐεῖν.
629 4715 812 4786 Πολλὴ
857 4713 915 4772 δὲ
958 4718 992 4785 ἡ
1037 4712 1370 4794 παραμυθία.
1423 4716 1506 4774 Οὖ
1549 4713 1652 4792 γὰρ
1702 4703 1852 4786 εἶπε,

254 4801 530 4880 Δύναμιν,
568 4804 731 4882 ἀλλὰ,
765 4829 789 4857 ι
824 4802 1064 4882 Κράτος,
1094 4826 1122 4862 ι)
1161 4802 1190 4862 ὃ
1218 4802 1396 4880 μεῖζόν
1427 4805 1568 4862 ἐστιν
1587 4823 1600 4838 ·
1630 4805 1701 4870 ὡς
1719 4802 1784 4861 ἂν
1805 4805 1850 4862 εἰ

256 4892 406 4970 ἔλεγε
429 4915 440 4928 ·
496 4895 789 4974 Πανταχοῦ
834 4899 868 4966 ἡ
900 4892 1022 4960 δόξα
1073 4895 1233 4952 αὐτοῦ
1274 4896 1476 4973 κρατεῖ.
1530 4890 1626 4965 Μὴ
1673 4893 1848 4952 τοίνυν

254 4981 391 5058 μηδὲ
418 4984 565 5060 ὑμεῖς
611 4983 664 5041 ἓν
703 4990 812 5050 τοῖς
858 4983 1043 5050 δεινοῖς
1079 4981 1436 5060 μαλακίζεσθε
1476 5005 1490 5020 ·
1530 4981 1848 5058 δυναμωθή-

255 5076 410 5131 σεσθε
455 5069 596 5153 γὰρ,
647 5073 720 5140 ὥς
749 5071 886 5140 εἰκὸς
939 5071 1059 5142 τοὺς
1110 5071 1360 5151 Δεσπότῃ
1411 5071 1555 5132 οῧσω
1607 5074 1849 5154 κραταιῷ

254 5161 347 5220 καὶ
371 5159 560 5242 ἐνδόξῳ
585 5160 944 5230 δουλεύοντας.

340 5275 372 5307 α
405 5253 501 5319 Εἰς
523 5258 704 5309 πᾶσαν
735 5251 1007 5326 ὖπομονὴν
1035 5251 1128 5312 καὶ
1163 5251 1554 5332 μακροθυμίανο
1576 5279 1599 5306 ι
1625 5278 1652 5306 ι
1681 5255 1855 5312 Δυνα-

253 5341 512 5420 μοῦμενοι
540 5343 614 5408 εἷς
644 5349 825 5400 πᾶσαν
856 5341 1128 5420 ὕπομονήν
1151 5391 1164 5416 ,
1193 5365 1221 5403 ι)
1256 5343 1354 5416 τὴν
1383 5342 1514 5424 πρὸς
1549 5342 1669 5410 τοὺς
1697 5340 1797 5410 ἔξω
1829 5361 1845 5378 ο

250 5460 275 5487 α
300 5431 698 5512 μακροθυμίαν,
715 5459 742 5485 ι
769 5433 868 5504 τὴν
894 5434 1028 5514 πρὸς
1055 5433 1344 5508 ἀλλήλους.
1373 5438 1724 5515 Μακροθυμεῖ
1751 5431 1848 5510 μὲν

254 5523 360 5604 γάρ
413 5543 490 5590 τις
542 5520 670 5603 πρὸς
718 5521 977 5604 ἐκείνους,
1043 5523 1129 5592 οὓς
1205 5524 1425 5585 δυνατὸν
1476 5522 1776 5603 ἀμύνασθαι
1829 5541 1846 5560 ⁶

1973 4539 2067 4596 det
2107 4537 2258 4594 vobis
2294 4536 2619 4610 potentiam,
2641 4535 2863 4608 qualem
2891 4535 3051 4591 decet
3074 4550 3201 4590 eum
3239 4533 3390 4601 dare,
3422 4536 3568 4591 inef-

1963 4628 2187 4685 fabilem
2215 4635 2270 4683 et
2299 4625 2565 4683 inﬁnitam
2597 4624 2850 4682 videlicet
2882 4641 2897 4678 :
2929 4631 3313 4680 verumtamen
3341 4624 3567 4695 qualem

1964 4717 2220 4791 possibile
2262 4725 2344 4774 est
2388 4715 2456 4772 ab
2498 4715 2726 4771 homine
2765 4713 2955 4784 accipi.
3001 4715 3201 4784 Magna
3251 4720 3439 4769 autem
3487 4722 3572 4769 est

1959 4807 2279 4865 consolatio.
2328 4809 2450 4862 Non
2492 4805 2642 4860 enim
2676 4803 2846 4874 dixit,
2894 4802 3132 4873 Δύναμιν,
3182 4801 3282 4858 sed
3309 4845 3323 4870 ,
3353 4802 3566 4874 Κράτος,

1959 4897 2109 4971 quod
2147 4897 2326 4969 majus
2369 4904 2454 4951 est
2485 4912 2498 4949 :
2533 4893 2685 4965 quasi
2728 4892 2957 4961 diceret,
2990 4893 3212 4964 Ubique
3245 4892 3363 4963 ejus
3391 4891 3564 4964 gloria

1956 4987 2290 5045 dominatur.
2323 4985 2507 5043 Nolite
2537 4982 2702 5056 igitur
2734 4998 2830 5039 vos
2863 4983 2918 5038 in
2961 4981 3213 5054 periculis
3244 4983 3502 5054 languere
3545 5004 3559 5040 :

1957 5075 2403 5134 confortabimini
2425 5074 2574 5132 enim
2589 5114 2605 5144 ,
2627 5082 2688 5129 ut
2709 5089 2806 5145 par
2825 5081 2909 5130 est
2923 5087 3018 5129 eos
3036 5071 3128 5144 qui
3155 5072 3403 5129 Domino
3422 5071 3562 5130 adeo

1967 5167 2096 5225 forti
2126 5183 2188 5223 ac
2215 5164 2416 5222 celebri
2447 5165 2706 5222 serviant.

2035 5257 2131 5313 Ad
2149 5272 2352 5313 omnem
2376 5255 2711 5326 patientiam
2735 5257 2784 5309 et
2809 5254 3290 5324 Ionga-nimitatem.
3323 5251 3561 5309 Confor-

1961 5347 2059 5405 tati
2085 5345 2155 5403 ad
2187 5360 2412 5403 omnem
2443 5345 2782 5416 patientiam,
2815 5358 2943 5414 erga
2983 5357 3078 5400 eos
3114 5343 3209 5425 qui
3235 5339 3368 5398 foris
3397 5349 3556 5408 sunt;

1956 5437 2456 5512 longanimitatem,
2499 5437 2642 5492 inter
2670 5451 2769 5492 vos
2799 5443 3014 5492 mutuo.
3063 5438 3166 5491 Est
3193 5433 3341 5490 enim
3368 5433 3568 5504 aliquis

1957 5528 2290 5602 longanimis
2317 5543 2443 5600 erga
2480 5541 2576 5584 eos
2627 5541 2768 5600 quos
2813 5525 3000 5583 ulcisci
3049 5524 3223 5598 possit
3270 5543 3282 5578 :
3334 5523 3563 5580 sustinet

1637 5695 1828 5754 Variae
1871 5693 2173 5755 lectiones.

331 5783 375 5817 το
392 5781 536 5848 τέλος
559 5797 620 5844 0.
697 5783 737 5820 τί
768 5785 928 5841 πάλαι
955 5799 1008 5842 0.
1087 5784 1130 5819 ⁷⁸
1159 5784 1292 5839 οὕτω
1319 5801 1370 5845 o.
