4104 6438
532 476 668 530 1215

1551 474 2066 532 THEOPHYLACTI
2104 472 2460 530 BULGARLE
2497 470 2815 528 ARGHIEP.

3689 474 3833 528 1216

470 586 483 597 ’
522 607 704 655 autem
730 614 870 672 quos
900 614 1012 656 non
1040 607 1221 671 potest
1243 600 1456 657 ulcisci.
1487 603 1782 673 Propterea
1814 608 1870 658 et
1893 601 1961 658 de
2003 604 2124 657 Deo

2244 598 2482 677 ὅπομένει
2507 598 2562 657 δὲ
2588 598 2676 665 οὓς
2715 599 2773 657 οὗ
2816 596 3034 658 δυνατὸν
3074 597 3128 636 ⁷³
3157 596 3488 677 ἀμύνασθαι.
3541 597 3645 659 Διὰ
3679 602 3838 657 τοῦτο

522 702 634 743 non
681 686 884 744 dicitur
942 688 1224 761 patientia,
1271 690 1367 746 sed
1438 690 1842 762 longanimitas,
1915 698 1978 745 ut
2034 689 2131 761 qui

529 777 702 848 possit
724 777 947 850 quidem
973 793 1322 847 consumere,
1347 778 1553 835 tolerat
1575 786 1782 834 tamen.
1811 779 1905 833 Ad
1919 795 2129 833 omnem

523 874 713 922 autem
749 886 763 923 :
790 882 901 923 non
939 883 1063 939 quae
1093 883 1236 924 nunc
1258 867 1480 941 quidem
1514 877 1619 936 est,
1645 877 1833 940 postea
1859 883 1986 925 vero
2017 883 2129 924 non

527 955 783 1027 amplius.
812 957 895 1013 Ut
936 956 1098 1029 igitur
1140 957 1201 1013 in
1242 973 1523 1013 summam
1565 958 1960 1015 contrahemus
2013 972 2128 1013 ser-

531 1059 777 1114 monem,
824 1044 929 1102 hoc
956 1046 1134 1118 dicit:
1185 1048 1442 1114 Oramus,
1488 1055 1549 1103 ut
1575 1045 1811 1119 perfecte
1857 1046 2133 1119 accipiatis

526 1133 860 1206 agnitionem
909 1135 1204 1209 dogmatis,
1254 1152 1367 1191 non
1418 1136 1476 1191 in
1520 1137 1789 1209 sapientia
1825 1136 2130 1202 mundana,

528 1222 628 1279 sed
667 1223 938 1296 spirituali
981 1243 997 1281 :
1061 1232 1232 1295 utque
1280 1224 1449 1281 vitam
1508 1224 1797 1282 virtutibus
1838 1224 2132 1297 praeditam

530 1311 796 1379 habeatis,
855 1322 918 1369 ut
945 1313 1169 1386 possitis
1198 1314 1429 1369 ﬁrmiter
1472 1323 1619 1370 stare
1664 1314 1925 1372 adversus
1959 1323 2133 1370 tenta-

528 1402 726 1470 tioncs,
759 1400 1078 1471 confortati,
1122 1411 1182 1458 ut
1210 1419 1305 1474 par
1344 1412 1428 1459 est
1462 1420 1492 1461 a
1528 1407 1647 1460 Deo
1687 1403 2022 1473 confortari;
2073 1412 2135 1459 ut

533 1501 585 1547 et
616 1508 741 1565 erga
766 1500 982 1548 exteros
1024 1491 1339 1564 patientiam
1371 1493 1694 1563 ostendatis,
1743 1501 1799 1550 et
1838 1509 1965 1567 erga
2017 1493 2129 1550 fra-

535 1590 646 1637 tres
678 1580 1162 1654 Iouganimitatem.

606 1672 785 1727 Vens.
821 1677 903 1728 12.
939 1672 1070 1728 Cum
1100 1672 1307 1742 gaudio
1334 1675 1541 1741 gratias
1567 1678 1783 1743 agentes
1807 1675 1979 1731 Patri.
2020 1675 2128 1729 Ac-

532 1768 817 1816 cusaturus
876 1776 992 1829 eos,
1061 1761 1213 1832 quod
1264 1762 1408 1818 circa
1480 1762 1742 1835 dogmata
1815 1778 1930 1819 non
1986 1763 2133 1817 recte

533 1850 790 1919 habeant,
844 1849 1167 1923 praemitigat
1217 1867 1550 1921 sermonem,
1616 1869 1685 1909 ne
1738 1852 1987 1910 videatur
2036 1867 2131 1908 eos

532 1948 791 2012 tanquam
811 1939 989 1997 hostis
1024 1955 1300 1997 accusare.
1335 1943 1477 1998 Cum
1496 1942 1666 2015 igitur
1688 1949 1851 1999 antea
1877 1941 2127 2011 dixisset,

2242 690 2332 748 καὶ
2363 689 2450 748 ἐπὶ
2480 690 2623 749 Θεοῦ
2651 690 2712 748 οὖ
2740 690 2950 768 λέγεται
2977 688 3218 767 ὑπομονὴ
3236 731 3253 761 ,
3287 687 3427 747 ἀλλᾶ
3457 687 3801 767 μακροθυμία
3820 731 3836 755 ,

2234 782 2305 846 ὡς
2358 777 2647 855 δυναμένου
2691 776 2788 855 μὲν
2832 777 3106 859 ἐκτρέψαι,
3160 777 3483 858 ἀνεχομένου
3543 776 3621 836 δέ.
3661 798 3693 836 (ι
3738 778 3838 841 Εἷς

2235 877 2415 927 πᾶσαν
2436 889 2465 924 n
2503 866 2598 939 δὲ,
2622 866 2697 945 μὴ
2737 872 2830 926 νῦν
2874 867 2999 946 μὲν,
3035 866 3171 943 μετὰ
3195 872 3365 926 ταῦτα
3395 866 3451 926 δὲ
3482 865 3679 927 οὐκέτι.
3710 865 3840 926 Ἶνα

2237 948 2325 1016 οὖν
2359 955 2744 1037 συναγάγωμεν
2780 957 2868 1017 τὸν
2898 956 3053 1034 λόγον
3080 999 3097 1029 ,
3129 954 3282 1016 τοῦτό
3309 979 3470 1037 φησιν
3504 980 3519 994 ·
3548 955 3838 1035 Εὒχόμεθα

2235 1045 2324 1106 ἵνα
2376 1046 2589 1114 τελείως
2638 1045 2844 1118 λάϐητε
2891 1044 2987 1119 τὴν
3040 1044 3326 1127 ἐπίγνωσιν
3389 1050 3483 1105 τοῦ
3535 1044 3833 1123 δόγματος,

2238 1139 2331 1197 οὐκ
2361 1138 2413 1195 ἐν
2467 1135 2627 1218 σοφίᾳ
2672 1141 2941 1217 κοσμικῇ,
2994 1135 3136 1196 ἀλλὰ
3165 1139 3507 1215 πνευματικῇ
3538 1157 3553 1172 ’
3585 1134 3677 1195 καὶ
3723 1135 3842 1214 βίον

2238 1225 2480 1306 ἐνάρετον
2515 1224 2733 1306 σχοίητε
2758 1271 2775 1300 ,
2828 1224 2970 1285 ὥστε
3017 1228 3208 1297 στῆναι
3262 1223 3492 1305 βεϐαίως
3544 1223 3676 1305 πρὸς
3718 1221 3844 1289 τοὺς

2240 1314 2605 1396 πειρασμοὺς,
2658 1314 3089 1393 δυναμωθέντες,
3168 1316 3240 1381 ὥς
3318 1313 3456 1381 εἰκὸς
3521 1312 3631 1371 ἀπὸ
3692 1313 3843 1372 Θεοῦ

2239 1407 2648 1481 δυναμωθῆναι,
2696 1406 2769 1473 εἷς
2812 1403 2872 1463 τὸ
2936 1404 3025 1463 καὶ
3074 1403 3205 1482 πρὸς
3247 1402 3364 1470 τοὺς
3413 1402 3512 1472 ἔξω
3565 1399 3841 1479 ὑπομονὴν

2238 1494 2615 1572 ἐνδείκνυσθαι,
2655 1492 2899 1573 καὶπρὸς
2922 1491 3040 1561 τοὺς
3071 1491 3325 1574 ἀδελφοὺς
3357 1492 3755 1574 μακροθυμίαν.

2317 1700 2344 1726 ι
2375 1671 2530 1735 Μετὰ
2554 1681 2727 1754 χαρᾶς
2750 1674 3182 1753 εὐχαριστοῦντες
3208 1676 3286 1754 τῷ
3315 1671 3518 1752 Πατρί.
3555 1697 3579 1724 ι
3606 1671 3843 1733 Μέλλων

2237 1763 2521 1842 ἐγκαλέσαι
2592 1763 2797 1837 αὗτοῖς,
2851 1766 2923 1830 ὡς
2984 1761 3107 1843 περὶ
3162 1761 3223 1821 τὸ
3286 1760 3461 1841 δόγμα
3517 1764 3613 1820 οὐκ
3671 1762 3844 1839 ὀρθῶς

2237 1853 2450 1933 ἔχουσι,
2488 1851 2790 1933 προλεαίνει
2832 1851 2924 1933 τὸν
2962 1850 3266 1930 λόγον,ἵνα
3308 1850 3383 1929 μὴ
3416 1849 3536 1927 δόξῃ
3567 1854 3636 1917 ὥς
3662 1850 3849 1932 ἐχθρὸς

2238 1930 2506 2020 ἐγκαλεῖν.
2536 1930 2832 2023 ἸΙροειπών
2864 1930 2993 2017 οὖν,
3026 1940 3108 2000 ὅτι
3155 1938 3408 2020 Εὖχομαι
3443 1943 3569 2019 ῧμῖν
3596 1938 3684 1998 ἵνα
3715 1930 3846 1999 τάδε

531 2031 643 2085 Oro
668 2046 767 2101 pro
792 2028 947 2086 vobis
974 2038 1035 2085 ut
1056 2030 1174 2087 haec
1216 2040 1272 2086 et
1295 2030 1383 2087 illa
1413 2032 1569 2088 vobis
1601 2032 1751 2089 bona
1783 2032 2128 2102 contingant,

2244 2032 2330 2089 καὶ
2360 2030 2488 2090 τάδε
2516 2030 2584 2089 τὰ
2625 2030 2800 2110 ἀγαθὰ
2843 2030 3062 2110 γένηται
3117 2033 3241 2107 ὑμῖν
3274 2029 3301 2102 <
3319 2030 3451 2109 ὅπερ
3501 2028 3715 2096 πάντως
3747 2031 3847 2088 οὐκ

532 2118 678 2191 quod
706 2119 934 2175 omnino
962 2134 1076 2175 non
1105 2128 1189 2175 est
1228 2119 1441 2176 inimici
1471 2139 1485 2176 :
1518 2120 1596 2177 ait
1615 2135 1786 2188 nunc,
1826 2121 1968 2176 Cum
2004 2136 2135 2193 gau-

535 2207 629 2263 dio
650 2206 859 2280 gratias
900 2223 1001 2280 ago
1040 2214 1264 2281 propter
1291 2210 1432 2265 bona
1461 2225 1585 2281 quae
1621 2209 1777 2265 vobis
1801 2209 2132 2281 obtigerunt.

534 2299 727 2369 Itaque
746 2313 859 2353 non
898 2312 966 2353 ex
1016 2295 1147 2353 odio
1186 2313 1384 2354 accuso
1427 2313 1545 2364 vos,
1575 2298 1670 2355 sed
1701 2314 1769 2356 ex
1800 2297 2064 2355 charitate
2119 2317 2134 2355 :

535 2394 590 2442 et
617 2387 852 2458 optarim
882 2385 1107 2459 quidem
1132 2386 1356 2442 omnino
1391 2402 1481 2444 me
1523 2402 1682 2459 posse
1725 2403 1821 2444 vos
1849 2402 2137 2445 commen-

535 2474 666 2531 dare
710 2491 726 2532 :
771 2490 840 2531 ex
873 2476 1199 2533 necessitate
1242 2483 1430 2532 autem
1480 2477 1549 2533 ad
1605 2474 1977 2533 accusandum
2041 2491 2138 2532 vos

535 2563 798 2622 adducor.
864 2564 953 2622 Sic
1007 2573 1064 2621 et
1116 2566 1171 2622 in
1214 2564 1457 2638 Epistola
1499 2564 1569 2621 ad
1619 2566 1937 2624 Corinthios
1981 2565 2136 2621 facit.

531 2655 719 2711 Tacite
757 2663 942 2712 autem
966 2670 1061 2712 eos
1098 2654 1344 2728 perducit
1385 2655 1455 2711 ad
1500 2671 1819 2712 sermonem
1861 2654 1933 2712 de
1976 2655 2137 2711 Filio.

534 2745 590 2800 Si
635 2745 783 2800 enim
826 2761 957 2802 cum
1001 2745 1203 2819 gaudio
1253 2746 1456 2817 gratias
1484 2761 1609 2818 ago,
1641 2752 1771 2802 sunt
1809 2745 1997 2818 itaque
2024 2760 2142 2801 ma-

535 2849 639 2905 gna
679 2850 801 2905 qua:
838 2843 997 2890 antea
1044 2834 1101 2890 in
1144 2833 1300 2889 vobis
1350 2834 1497 2890 bona
1539 2832 1716 2891 fuere.
1767 2835 1906 2891 Haec
1946 2839 2140 2889 autem

535 2939 645 2978 non
674 2923 812 2978 servi
852 2923 1053 2995 angeli,
1093 2923 1191 2979 sed
1235 2924 1509 2980 Dominus
1547 2923 1725 2981 Filius
1769 2922 1940 2979 dedit.
1985 2924 2139 2993 Quo-

535 3011 702 3069 modo
731 3021 914 3068 autem
968 3011 1136 3080 dixit,
1178 3011 1388 3083 gratias
1416 3026 1520 3084 ago
1567 3027 1694 3067 cum
1729 3011 1967 3083 gaudio?
2006 3027 2143 3084 quo-

534 3100 681 3155 niam
713 3101 794 3156 vel
842 3101 895 3156 in
940 3116 1183 3156 maerore
1222 3100 1426 3172 gratias
1463 3114 1627 3172 agere
1656 3100 1831 3169 liceat,
1865 3100 2140 3173 quemad-

533 3189 766 3245 modum
783 3197 835 3244 et
853 3189 960 3243 Job
976 3188 1180 3260 gratias
1200 3188 1398 3260 agebat
1416 3188 1476 3243 in
1502 3203 1741 3245 maerore
1757 3190 2093 3247 constitutus
2123 3209 2135 3245 :

534 3279 801 3333 Dominus
842 3279 1009 3345 dedit,
1056 3281 1318 3333 Dominus
1374 3279 1602 3334 abstulit
1618 3278 1652 3334 τ.
1706 3280 1833 3334 Non
1867 3279 2018 3335 enim
2065 3279 2135 3336 ab

2242 2119 2386 2179 ἔστιν
2415 2119 2665 2200 ἐχθροῦ),
2705 2120 2835 2202 φησὶ
2865 2125 2956 2179 νῦν
2979 2163 2997 2195 ,
3045 2118 3126 2178 δτι
3179 2120 3287 2179 Καὶ
3318 2117 3455 2196 μετὰ
3479 2127 3652 2199 χαρᾶς
3680 2122 3847 2197 εὐχα-

2244 2212 2408 2288 ριστῶ
2459 2209 2548 2267 ἐπὶ
2600 2212 2707 2276 τοῖς
2748 2207 3151 2290 προϋπάρξασιν
3204 2211 3330 2284 ὕμῖν
3383 2209 3619 2287 ἀγαθοῖς.
3668 2205 3848 2267 Ὥστε

2242 2301 2338 2358 οὐκ
2388 2298 2493 2358 ἀπὸ
2529 2298 2719 2379 ἔχθρας
2748 2300 2960 2378 ἐγκαλῶ
2991 2298 3111 2375 ὓμῖν
3139 2343 3158 2374 ,
3207 2296 3325 2357 ἀλλ’
3357 2296 3411 2366 ἐξ
3451 2297 3684 2376 ἀγάπης.
3736 2298 3851 2357 Καὶ

2248 2387 2537 2469 βουλοίμην
2594 2387 2690 2466 μὲν
2741 2387 2803 2445 ἂν
2835 2386 2903 2446 δι’
2933 2388 3055 2447 ὅλου
3115 2386 3468 2465 ἐγκωμιάζειν
3504 2389 3682 2463 ὑμᾶς,
3738 2386 3849 2445 ὕπὸ

2245 2477 2300 2537 δὲ
2329 2481 2423 2549 τῆς
2452 2476 2686 2555 ἀνάγκης
2723 2478 2794 2545 εἷς
2836 2474 2898 2536 τὸ
2928 2475 3168 2556 ἐγκαλεῖν
3210 2476 3491 2553 ἐνάγομαι.
3539 2473 3701 2534 Οὕτω
3752 2474 3852 2534 καὶ

2245 2571 2299 2628 ἐν
2348 2571 2416 2647 τῇ
2444 2566 2573 2647 πρὸς
2616 2566 2924 2645 Κορινθίους
2974 2573 3135 2625 ποιεῖ.
3189 2563 3403 2645 Ἠρέμα
3454 2564 3509 2624 δὲ
3560 2562 3851 2639 ἐμϐιϐάζει

2247 2655 2435 2724 αὐτοὺς
2477 2658 2548 2724 εἷς
2578 2655 2667 2715 τὸν
2699 2656 2821 2736 περὶ
2851 2658 2982 2717 Υἱοῦ
3014 2655 3193 2734 λόγον.
3232 2657 3298 2715 Εἰ
3343 2655 3446 2735 γὰρ
3483 2654 3619 2731 μετὰ
3669 2663 3848 2735 χαρᾶς

2248 2749 2572 2827 εὐχαριστῶ,
2615 2745 2826 2823 μεγάλα
2869 2744 3052 2804 λοιπὸν
3103 2743 3171 2803 τὰ
3222 2743 3643 2825 προϋπάρξαντα
3695 2746 3847 2821 ὗμῖν.

2249 2838 2440 2897 Ταῦτα
2463 2834 2541 2910 δὲ,
2570 2836 2671 2915 οὐχ
2697 2834 2746 2874 ⁷⁴
2768 2837 2818 2894 οἱ
2847 2835 3021 2895 δοῦλοι
3048 2832 3301 2915 ᾼᾷγγελοι,
3346 2836 3466 2895 ἀλλ’
3513 2838 3542 2894 ὁ
3568 2834 3852 2907 Δεσπότης

2250 2924 2376 2993 Υἱὸς
2413 2922 2577 2983 ἔδωκε
2611 2913 2747 3002 [civ].
2783 2926 2909 2991 Πῶς
2938 2922 2993 2982 δὲ
3027 2913 3199 2998 εἶπεν,
3225 2925 3549 3005 Εὖχαριστῶ
3570 2922 3843 3005 μετᾶχα-

2253 3023 2385 3092 ρᾶς;
2412 3012 2637 3087 Ἐπειδὴ
2672 3014 2724 3051 ⁷⁵
2766 3012 2880 3072 ἔστι
2910 3012 3002 3071 καὶ
3027 3014 3080 3071 ἐν
3106 3012 3249 3093 λύπῃ
3280 3004 3622 3093 εὔχαριστεῖν
3649 3037 3662 3050 ο
3694 3004 3803 3071 οἷον
3827 3058 3844 3087 ,

2249 3108 2279 3163 ὁ
2304 3100 2430 3163 Ἰὼϐ
2472 3101 2773 3182 εὐχαρίστει
2804 3100 2931 3177 μὲν,
2967 3100 3289 3178 ὀδυνώμενος
3338 3104 3394 3161 δέ
3424 3124 3438 3139 ο
3479 3124 3508 3160 ιι
3547 3101 3618 3162 Ὀ
3652 3102 3848 3180 Κύριος

2249 3191 2461 3263 ἔδωκεν,
2500 3194 2529 3250 ὁ
2559 3190 2757 3271 Κύριος
2797 3189 3065 3271 ἀφείλετο.
3097 3217 3122 3245 ι
3152 3191 3247 3263 Μὴ
3270 3191 3373 3269 γὰρ
3404 3192 3469 3263 δὴ
3519 3192 3850 3272 ἀφαιρείσθω

2247 3305 2325 3349 τις
2358 3280 2513 3340 αὐτὸν
2556 3281 2617 3341 τὸ
2647 3280 2967 3341 δάκνεσθαι·
3018 3280 3157 3340 οὕτω
3201 3279 3305 3360 γὰρ
3346 3281 3438 3340 καὶ
3478 3281 3540 3341 τὸ
3581 3280 3846 3359 ἐγκώμιον

530 3381 596 3421 eo
639 3381 890 3421 morsum
919 3366 1188 3439 quispiam
1236 3366 1449 3423 auferat
1489 3366 1583 3439 (sic
1625 3367 1779 3424 enim
1827 3377 1883 3423 et
1910 3368 2131 3424 laudem

2244 3373 2401 3430 αὐτοῦ
2451 3375 2729 3469 καθαιρεῖζ
2779 3369 2827 3429 εί
2884 3393 2945 3449 γε
3000 3373 3072 3437 ὡς
3136 3370 3455 3469 ἀναίσθητος
3501 3370 3775 3452 ἐκαρτέρει
3835 3393 3851 3409 ο

530 3454 648 3527 ejus
672 3454 983 3525 abstulerit,
1011 3454 1294 3527 siquidem
1318 3455 1490 3529 468
1520 3465 1780 3530 tanquam
1802 3457 2135 3514 insensibilis

530 3544 891 3613 sustinuisset)
950 3562 966 3600 :
1012 3545 1163 3618 atqui
1205 3547 1562 3604 mordebatur
1608 3545 1859 3621 quidem,
1894 3546 1993 3605 sed
2021 3563 2132 3605 non

533 3633 899 3691 sauciabatur.

604 3726 713 3793 Qui
736 3725 930 3795 dignos
966 3740 1057 3782 vos
1098 3727 1247 3795 fecit.
1276 3728 1449 3783 Tanta
1468 3767 1484 3796 ,
1528 3726 1730 3800 inquit,
1760 3736 1892 3784 sunt
1922 3742 1985 3785 ea
2011 3744 2136 3802 quae

529 3813 682 3871 vobis
708 3813 833 3870 data
877 3824 1029 3885 sunt,
1074 3823 1138 3871 ut
1179 3815 1384 3871 nedum
1413 3817 1701 3888 opulentos
1745 3832 1845 3873 vos
1879 3817 2137 3875 reddide-

530 3903 668 3973 rint,
701 3920 893 3961 verum
938 3905 1110 3961 etiam
1145 3903 1533 3961 sufﬁcientiam
1577 3905 1733 3962 vobis
1776 3914 1832 3962 et
1877 3907 2135 3964 virtutem

532 3992 803 4062 dederint,
835 4001 898 4050 ut
926 3993 1045 4051 hinc
1073 3993 1237 4066 digne
1270 3993 1515 4065 accipere
1543 3992 1860 4051 videamini.
1881 3996 2136 4068 Exempli

530 4082 705 4156 gratia
761 4102 776 4139 :
830 4086 952 4139 Rex
989 4083 1281 4155 quispiam,
1354 4082 1540 4138 tenuis
1603 4081 1841 4141 fortunae
1895 4086 2136 4158 cuipiam

537 4170 919 4244 praefecturam
954 4171 1094 4227 forte
1121 4171 1373 4241 credens,
1405 4171 1724 4242 dignitatem
1765 4173 1989 4245 quidem
2038 4176 2134 4232 de-

532 4260 633 4327 dit,
670 4275 783 4314 non
818 4268 1008 4315 tamen
1034 4259 1103 4316 ad
1143 4260 1508 4331 principatum
1559 4260 1721 4334 digne
1760 4263 2139 4334 accipiendum

535 4348 787 4420 ipsumve
800 4347 1302 4404 administrandum
1325 4349 1586 4406 idoneum
1605 4349 1751 4408 fecit.
1773 4351 1939 4409 Unde
1958 4354 2138 4426 ipsum

538 4452 917 4505 saepenumero
944 4437 1123 4494 honos
1160 4436 1453 4495 ridiculum
1492 4440 1745 4498 reddidit.
1780 4446 1934 4499 Deus
1954 4452 2138 4500 autem

536 4542 639 4584 nos
681 4535 737 4583 et
773 4527 1089 4595 honoravit,
1131 4543 1195 4583 ac
1235 4526 1576 4585 sufﬁcientes
1602 4529 1733 4587 fecit
1772 4538 1835 4588 ut
1876 4532 2141 4606 accipere

537 4632 662 4674 mus
698 4616 984 4674 honorem.
1040 4616 1350 4691 Duplicatio
1391 4628 1576 4674 autem
1607 4619 1840 4677 honoris
1868 4629 1951 4678 est
1991 4622 2142 4695 quod

536 4707 705 4763 etiam
728 4721 832 4763 nos
857 4705 1043 4764 fecerit
1082 4706 1316 4764 idoneos
1344 4707 1413 4765 ad
1440 4706 1674 4766 donum.

607 4799 675 4853 In
717 4800 937 4867 partem
981 4800 1140 4853 sortis
1195 4802 1521 4853 sanctorum.
1568 4799 1691 4856 Hec
1725 4808 1830 4869 est,
1875 4801 1969 4873 qui
2012 4817 2140 4858 cum

534 4885 742 4943 sanctis
797 4887 1087 4943 collocavit
1135 4908 1148 4945 :
1196 4903 1377 4960 neque
1427 4887 1508 4944 sic
1554 4890 1900 4963 simpliciter,
1947 4907 2142 4948 verum

536 4975 735 5032 iisdem
763 4975 929 5032 etiam
984 4975 1090 5032 frui
1137 4976 1452 5050 praebuerit,
1492 4979 1642 5051 quod
1682 4995 1777 5052 per
1811 4985 2025 5053 partem
2069 4981 2139 5037 si-

540 5063 780 5137 gniﬁcat.
826 5065 982 5122 Licet
1022 5066 1172 5122 enim
1226 5067 1281 5122 in
1321 5066 1572 5124 eamdem
1599 5069 1797 5126 urbem
1845 5070 2137 5137 conscribi,

540 5171 645 5211 nec
680 5164 871 5211 tamen
913 5156 1170 5212 eamdem
1210 5155 1411 5213 habere
1460 5166 1671 5229 partem
1719 5178 1733 5214 :
1766 5175 1829 5215 ac
1857 5175 2052 5217 rursus
2082 5161 2139 5216 in

539 5243 732 5301 eadem
761 5252 910 5300 sorte
936 5260 1080 5314 esse,
1106 5244 1205 5302 sed
1226 5261 1340 5303 non
1365 5246 1621 5303 eamdem
1660 5248 1861 5306 habere
1883 5258 2093 5322 partem
2126 5268 2139 5306 :

539 5341 600 5391 ut
630 5334 686 5390 in
715 5334 914 5391 eadem
949 5343 1098 5391 sorte
1149 5335 1415 5393 Ecclesiae
1459 5353 1654 5394 omnes
1699 5353 1909 5410 sumus,
1946 5354 2143 5397 verum

541 5421 682 5480 alius
711 5423 873 5481 aliam
901 5432 1117 5497 partem
1146 5423 1327 5483 habet.
1370 5426 1477 5484 Hic
1509 5435 1695 5484 autem
1722 5435 1780 5486 et
1803 5427 1999 5486 eadem
2039 5444 2145 5484 nos

615 5567 634 5606 ¹
658 5575 786 5633 Job.
830 5590 876 5647 ι,
909 5582 997 5635 21.

2245 3462 2361 3521 ἀλλ’
2393 3460 2643 3522 ἐδάκνετο
2670 3457 2798 3539 μὲν,
2828 3460 2926 3520 οὐκ
2948 3460 3108 3541 ἐτραυ
3119 3458 3373 3538 ματίζετο
3398 3459 3475 3521 δέ.

2328 3743 2358 3780 α
2390 3723 2488 3802 Τῷ
2512 3720 2840 3783 ἱκανώσαντι
2862 3718 3018 3798 ὖμᾶς.
3046 3747 3070 3775 ι
3100 3723 3451 3797 Τηλικαῦτα,
3492 3721 3626 3804 φησὶ
3672 3723 3746 3797 7°,
3779 3724 3851 3785 τὰ

2244 3811 2501 3887 δεδομένα
2520 3858 2538 3891 ,
2566 3810 2705 3870 ὥστε
2736 3810 2812 3887 μὴ
2845 3809 3004 3889 μόνον
3034 3810 3318 3879 πλουσίους
3347 3815 3485 3888 ὑμᾶς
3517 3814 3739 3883 ποιῆσαι
3768 3814 3846 3883 ⁷⁷,

2244 3899 2382 3959 ἀλλὰ
2428 3902 2520 3960 καὶ
2588 3899 2880 3973 ἱκανότητα
2939 3901 3030 3960 καὶ
3084 3900 3311 3977 δύναμιν
3366 3902 3543 3959 δοῦναι
3601 3901 3729 3979 πρὸς
3785 3903 3849 3961 τὸ

2245 3989 2401 4058 ἀξίως
2426 3994 2597 4048 ταῦτα
2645 3988 2908 4057 λαϐόντας
2960 3992 3236 4070 δειχθῆναι
3265 3990 3342 4051 ⁷⁸.
3375 3982 3506 4051 Οἶόν
3555 4014 3606 4051 τι
3658 3991 3801 4070 λέγω
3830 4013 3843 4025 ·

2243 4077 2508 4145 Βασιλεὺς
2539 4078 2636 4156 μὲν
2686 4081 2888 4138 εὐτελεῖ
2947 4102 3051 4139 τινι
3090 4078 3452 4156 ἐμπιστεύσας
3500 4079 3848 4159 ἐπαρχότητα

2242 4167 2427 4247 τυχὸν,
2457 4165 2666 4243 ἀξίωμα
2696 4166 2792 4246 μὲν
2821 4169 3050 4246 ἔδωκεν,
3080 4170 3140 4229 οὗ
3168 4168 3276 4246 μὴν
3302 4169 3393 4227 καὶ
3419 4169 3603 4228 ἱκανὸν
3628 4170 3848 4242 ἐποίησε

2243 4257 2374 4337 πρὸς
2401 4255 2462 4315 τὸ
2487 4255 2674 4316 λαϐεῖν
2710 4257 2808 4330 τὴν
2854 4257 3026 4338 ἀρχὴν
3058 4258 3214 4327 ἀξίως
3235 4302 3251 4331 ,
3303 4256 3468 4336 ἤγουν
3500 4260 3851 4336 οἰκονομῆσαι

2247 4347 2408 4418 αὐτήν
2455 4369 2470 4384 ·
2517 4344 2634 4406 ὅθεν
2686 4347 2780 4407 καὶ
2828 4349 3089 4416 πολλάκις
3139 4350 3541 4427 καταγέλαστον
3596 4350 3753 4409 αὐτὸν
3813 4356 3850 4423 ἡ

2244 4435 2377 4513 τιμὴ
2429 4435 2693 4508 ἐποίησεν.
2747 4437 2818 4499 Ὀ
2848 4438 2907 4496 δὲ
2936 4437 3074 4505 Θεὸς
3118 4436 3208 4496 καὶ
3248 4437 3501 4516 ἐτίμησεν
3532 4444 3710 4514 ἡμᾶς.
3756 4440 3849 4498 καὶ

2244 4524 2454 4593 ἱκανοὺς
2486 4524 2703 4598 ἐποίησε
2750 4527 2881 4607 πρὸς
2926 4526 2987 4586 τὸ
3032 4525 3214 4587 λαϐεῖν
3247 4524 3342 4598 τὴν
3395 4528 3581 4605 τιμήν.
3633 4531 3853 4589 Διπλα-

2248 4615 2473 4692 σιασμὸς
2502 4615 2555 4654 ⁷9
2581 4616 2637 4676 δὲ
2677 4621 2857 4695 τιμῆς,
2892 4614 2952 4676 τὸ
2993 4616 3086 4677 καὶ
3130 4615 3462 4690 ἐπιτηδείους
3489 4618 3850 4697 ξκατασκευά-

2168 4700 2218 4763 D
2252 4728 2345 4765 σαι
2371 4704 2500 4785 πρὸς
2529 4703 2626 4777 τὴν
2659 4705 2880 4786 δωρεάν.

2331 4821 2355 4849 α
2378 4796 2473 4859 Εἷς
2491 4793 2588 4866 τὴν
2610 4795 2801 4877 μερίδα
2820 4802 2913 4857 τοῦ
2935 4794 3135 4876 κλήρου
3155 4799 3269 4856 τῶν
3295 4796 3484 4877 ἇγίων.
3508 4825 3532 4850 ι
3559 4796 3848 4876 Τουτέστι,

2249 4886 2324 4964 τῷ
2368 4883 2505 4959 μετὰ
2550 4887 2656 4943 τῶν
2703 4884 2869 4962 ἁγίων
2919 4883 3278 4955 κατατάξαντι
3308 4909 3323 4924 ·
3378 4886 3471 4945 καὶ
3526 4886 3628 4966 οῧχ
3682 4886 3851 4957 οὕτως

2251 4972 2469 5046 ἅπλῶς,
2530 4972 2668 5033 ἀλλὰ
2719 4973 2812 5033 καὶ
2862 4976 2968 5034 τῶν
3020 4977 3194 5035 αὐτῶν
3227 4976 3531 5036 ἀπολαῦσαι
3560 4999 3844 5057 παρεσχη-

2250 5061 2365 5124 κότι
2389 5085 2403 5100 ο
2435 5062 2464 5122 ὃ
2495 5061 2582 5121 διὰ
2609 5065 2705 5136 τῆς
2747 5085 2777 5124 (ι
2806 5065 3019 5145 μερίδος
3056 5086 3088 5126 ι)
3121 5066 3294 5137 δηλοῖ.
3326 5062 3491 5127 Ἔστι
3524 5066 3621 5144 μὲν
3656 5066 3761 5147 γὰρ
3795 5071 3848 5127 ἐν

2249 5156 2314 5232 τῇ
2352 5155 2485 5233 αὐτῇ
2524 5151 2677 5212 πόλει
2718 5157 3121 5235 καταταγῆναι,
3175 5155 3234 5214 οὗ
3276 5153 3382 5232 μὴν
3417 5154 3516 5229 τὴν
3551 5156 3717 5229 αὐτὴν
3750 5180 3849 5230 με·

2253 5242 2371 5323 ρίδα
2399 5243 2543 5323 ἔχειν
2565 5265 2580 5281 ο
2614 5243 2707 5303 καὶ
2736 5244 2902 5304 πάλιν
2920 5288 2937 5319 ,
2966 5247 3019 5303 ἐν
3054 5247 3304 5327 τῷ-αὖτῷ
3327 5244 3511 5327 κλήρῳ
3542 5236 3707 5319 εἶναι,
3728 5248 3850 5305 ἀλλ’

2252 5333 2311 5391 οὗ
2340 5331 2439 5404 τὴν
2468 5331 2633 5405 αὐτὴν
2659 5333 2802 5415 ἔχειν
2834 5332 3025 5414 μερίδα
3057 5354 3070 5367 ⁸
3103 5324 3218 5394 οἷον
3237 5382 3255 5408 ,
3275 5324 3338 5394 ’ἐν
3369 5324 3450 5416 τῷ
3485 5324 3637 5416 *αὐτῷ
3660 5336 3848 5418 κλήρῳ

2252 5424 2347 5493 τῆς
2408 5420 2735 5498 Ἐκκλησίας
2783 5424 2979 5493 πάντες
3033 5422 3192 5503 ἐσμὲν
3211 5470 3230 5501 ,
3287 5423 3405 5484 ἀλλ’
3456 5423 3616 5493 ἄλλος
3673 5425 3848 5499 ἀλλην

1928 5650 2119 5714 Variae
2175 5654 2474 5716 lectiones.

616 5763 662 5797 ’⁷³
682 5764 889 5819 δύναται
917 5781 972 5823 0.
1047 5766 1091 5802 ⁷⁸
1115 5767 1227 5822 οὔδε
1251 5784 1306 5826 0.
1383 5768 1429 5804 ’⁷⁵
1450 5771 1577 5825 διότι
1597 5786 1653 5832 0.
1729 5770 1776 5806 ’⁷⁸
1796 5771 1907 5826 τίνα
1928 5764 2017 5825 οῦν
2048 5770 2167 5836 ἐστι,
2201 5788 2256 5829 0.
2332 5772 2375 5807 ⁷⁷
2414 5775 2533 5846 ποιῇ
2574 5788 2629 5831 o.
2708 5773 2755 5810 ⁷⁸
2781 5778 2998 5845 φανῆναι
3021 5790 3077 5834 o.
3152 5775 3197 5811 7°
3219 5775 3498 5850 ὃιπλασμὸς
3521 5793 3576 5834 0.
