4104 6450
307 415 398 468 121
1583 401 1648 457 1N
1688 399 1898 456 EPIST.
1939 398 2030 453 AD
2070 395 2346 453 COLOSS.
2390 425 2454 435 —
2480 394 2632 449 CAP.
2673 394 2719 447 Ι.

3464 394 3601 448 1218

298 535 408 616 ἔχει
465 534 677 616 μερίδα.
755 532 1020 593 Ἐνταῦθα
1078 528 1134 589 δὲ
1189 528 1431 588 καὶτοῦ
1480 527 1640 616 αὐτοῦ
1691 524 1889 607 κλήρου

2016 529 2162 579 sorte
2189 520 2434 587 donavit,
2463 526 2520 576 et
2541 516 2735 574 eadem
2777 522 2954 587 parte.
2999 516 3219 573 Sortem
3258 523 3446 573 autem
3476 515 3567 572 ubi
3578 546 3599 557 -

305 604 513 699 έξίωσε,
535 604 627 684 καὶ
663 626 759 694 τῆς
783 624 947 693 αὐτῆς
992 618 1219 700 μερίδος.
1264 619 1478 698 Κλῆρον
1526 615 1582 675 δὲ
1611 604 1892 695 πανταχοῦ

2016 628 2109 685 lue
2147 618 2330 675 vocat,
2367 617 2434 666 ut
2485 606 2758 675 ostendat,
2788 605 2937 679 quod
2962 604 3434 680 quemadmodum
3480 620 3603 661 sors

298 718 473 789 καλεῖ,
501 713 589 772 ἵνα
633 712 777 792 δείξῃ
808 711 887 771 ὅτι
917 709 1104 789 ὥσπερ
1143 714 1171 769 ὁ
1205 712 1400 785 κλῆρος
1430 709 1527 765 οὐκ
1558 706 1894 787 ἀνθρωπίνης

302 805 416 863 ἐστὶ
451 804 685 874 σπουδῆς
709 848 728 881 ,
773 799 914 859 ἀλλὰ
958 799 1234 878 ἐπιτυχίας
1282 799 1487 875 μᾶλλον
1540 797 1681 855 δοκεῖ
1712 818 1725 833 ⁸
1755 793 1896 853 οὕτω

298 893 390 953 καὶ
434 896 593 971 ἡμεῖς
649 894 745 951 οὐκ
801 889 908 949 ἀπὸ
970 888 1396 968 κατορθωμάτων
1455 891 1547 959 τῆς
1622 885 1897 964 βασιλείας

302 982 617 1061 ἀξιούμεθα,
647 978 784 1040 ἀλλὰ
813 983 911 1052 τῆς
938 978 1081 1047 θείας
1120 981 1318 1057 δωρεᾶς
1364 979 1476 1036 ἐστι
1522 976 1585 1035 τὸ
1616 982 1747 1035 πᾶν.
1793 972 1896 1033 Διὰ

298 1076 487 1146 τοῦτο,
522 1098 545 1125 ι
569 1068 746 1131 Ὅταν
777 1068 953 1128 πάντα
981 1066 1372 1146 κατορθώσητε,
1399 1093 1425 1118 ι
1454 1063 1617 1145 φησὶ,
1648 1090 1671 1117 σι
1693 1063 1895 1141 λέγετε,

301 1160 383 1220 ὅτι
410 1160 637 1243 Ἀχρεῑοι
664 1157 840 1220 δοῦλοί
870 1162 1029 1237 ἐσμεν
1050 1178 1064 1193 ·
1102 1156 1133 1219 8
1159 1158 1262 1238 γὰρ
1301 1156 1586 1237 ὀφείλομεν
1634 1158 1862 1226 ποιῆσαι
1880 1196 1897 1226 ,

299 1251 676 1330 πεποιήκαμεν
692 1295 707 1311 .
760 1275 786 1303 ι

390 1408 416 1435 «ι
442 1380 538 1442 ’Ev
566 1382 643 1462 τῷ
669 1377 822 1463 φωτί.
850 1402 877 1432 ιι
902 1377 1009 1440 Καὶ
1035 1379 1113 1458 τῷ
1143 1374 1411 1454 μέλλοντι,
1430 1372 1522 1434 καὶ
1549 1375 1627 1455 τῷ
1656 1371 1901 1453 παρόντι,

302 1470 543 1532 τουτέστι
591 1474 659 1548 τῇ
701 1469 914 1550 γνώσει.
969 1467 1077 1529 Καὶ
1121 1472 1212 1526 νῦν
1268 1466 1371 1546 γὰρ
1420 1464 1710 1548 ἐφώτισεν,
1759 1465 1902 1522 ἀπο-

302 1561 548 1641 καλύψας
592 1562 721 1633 ἡμῖν
749 1559 818 1619 τὰ
851 1557 1121 1639 μυστήρια
1142 1603 1161 1633 ,
1206 1554 1297 1617 καὶ
1337 1557 1392 1616 ἐν
1428 1558 1507 1635 τῷ
1553 1551 1805 1632 μέλλοντι
1835 1552 1899 1613 τὸ

301 1649 615 1731 τρανότερον
648 1648 830 1711 δώσει.

392 1780 422 1815 ε
450 1756 556 1827 ⁸ος
602 1757 861 1840 ἕῤῥόσατο
908 1760 1050 1834 ἡμᾶς
1100 1757 1162 1814 ἐκ
1201 1757 1295 1826 τ’ἤς
1340 1750 1575 1822 ἐξουσίας
1625 1756 1717 1811 τοῦ
1772 1751 1901 1813 σκόο

304 1870 451 1916 τους.
486 1874 513 1900 ι
552 1848 637 1909 Οὔ
682 1852 835 1907 τοῦτο
892 1845 1068 1926 μόνον’
1092 1844 1233 1920 ἐστὶ,
1285 1843 1455 1923 μέγα,
1497 1840 1575 1902 ὅτι
1620 1842 1894 1922 βασιλείας

302 1937 570 2016 ἠξίωσεν,
620 1936 743 1997 ἀλλ’
772 1936 851 1996 ὅτι
896 1936 989 1996 καὶ
1035 1934 1178 2003 τίνας
1230 1932 1382 2001 ὄντας
1428 1930 1638 2014 πρώην.
1687 1934 1769 1994 Οὐ
1798 1931 1901 2013 γάρ

302 2029 447 2087 ἐστιν
494 2026 606 2088 ἴσον
655 2026 717 2086 τὸ
746 2034 854 2094 τοῖς
887 2025 1045 2094 ἀξίοις
1094 2022 1275 2084 δοῦναί
1310 2047 1399 2099 τι,
1440 2021 1533 2082 καὶ
1584 2021 1644 2082 τὸ
1680 2030 1788 2089 τοῖς
1813 2028 1902 2080 ἀν-

305 2115 469 2184 αξίοις
491 2140 505 2154 ο
552 2115 582 2175 ὃ
625 2118 716 2176 καὶ
747 2118 801 2175 ἐν
930 2113 1058 2196 πρὸς
1088 2112 1392 2190 Ῥωμαίους
1438 2111 1571 2193 φησί
1613 2135 1627 2149 ·
1666 2133 1695 2170 (ι
1728 2110 1903 2198 Μόλις

310 2205 417 2287 γὰρ
462 2205 610 2287 ὓπὲρί
642 2205 845 2265 δικαίου
874 2191 954 2273 τις
976 2191 1350 2265 ἀποθανεῖται,
1385 2224 1414 2261 ε
1448 2191 1588 2268 Τοὺς
1624 2200 1779 2269 ὄντας
1810 2191 1901 2260 οὖν

307 2295 411 2353 ὑπὸ
435 2294 532 2367 τὴν
575 2295 813 2365 ἐξουσίαν
838 2298 931 2355 τοῦ
960 2292 1213 2365 σκότους,
1246 2290 1487 2352 τουτέστι
1520 2295 1617 2363 τῆς
1645 2289 1856 2361 πλάνης
1880 2335 1895 2363 ,

305 2383 401 2442 καὶ
450 2390 545 2457 τῆς
594 2384 895 2465 τυραννίδος
941 2387 1031 2443 τοῦ
1084 2382 1351 2442 διαϐόλου.
1423 2380 1533 2442 Καὶ
1595 2384 1691 2440 οὐκ
1745 2370 1857 2439 εἷπε
1884 2429 1897 2451 ,

306 2471 559 2546 Σκότους,
586 2475 793 2547 ἁπλῶς,
821 2473 960 2550 ἀλλ’,
981 2471 1311 2541 «Ἐξουσίας.
1327 2498 1349 2523 ιι
1386 2469 1601 2542 Πολλὴν
1624 2469 1726 2550 γὰρ
1746 2473 1901 2547 ἡμῶν

306 2552 424 2642 εἶχε
481 2563 579 2635 τὴν
631 2562 868 2632 ἐξουσίαν
923 2561 1017 2621 καὶ
1066 2562 1296 2642 ἐκράτει.
1343 2559 1599 2623 Χαλεπὸν
1650 2558 1749 2637 μὲν
1798 2561 1900 2638 γὰρ

306 2652 402 2711 καὶ
443 2653 505 2712 τὸ
535 2652 717 2719 ἅπλῶς
765 2642 900 2710 εἶναι
951 2650 1055 2710 ὕπὸ
1104 2650 1195 2710 τὸν
1226 2651 1471 2710 διάϐολον
1504 2672 1519 2687 ⁸
1570 2648 1630 2708 τὸ
1680 2647 1737 2707 δὲ
1787 2648 1902 2726 μετ’

304 2740 563 2816 ἐξουσίας,
609 2747 763 2802 τοῦτο
802 2739 1197 2822 χαλεπώτερον.
1251 2743 1367 2802 Οὐκ
1396 2729 1512 2798 εἷπε
1556 2739 1651 2815 δὲ,
1678 2737 1900 2807 Ἐξέϐαο

304 2832 421 2903 λεν,
455 2831 591 2906 ἀλλ’,
630 2853 660 2890 α
699 2831 1000 2914 Ἐῤῥόσατο
1019 2874 1038 2906 ,
1067 2857 1092 2883 ι
1122 2830 1322 2899 δεικνὺς
1347 2829 1429 2889 ὅτι
1459 2832 1531 2897 ὣς
1562 2830 1903 2910 αἰχμάλωτοι

307 2921 821 3001 ἐταλαιπωροόμεθα
832 2967 847 2983 .

2004 722 2117 762 non
2172 712 2255 760 est
2299 702 2558 758 humanae
2610 699 2929 772 diligentiae,
2982 698 3080 756 sed
3132 697 3373 756 fortuna:
3420 698 3601 770 potius

2005 793 2238 861 videtur,
2300 791 2439 847 hanc
2484 790 2552 846 ad
2612 790 2884 845 rationem
2933 804 3037 845 nos
3069 803 3184 845 non
3254 804 3322 845 ex
3398 787 3602 843 nostris

2006 882 2295 938 virtutibus
2314 895 2487 952 regno
2514 878 2664 951 digni
2689 878 3029 950 judicamur,
3064 878 3157 934 sed
3192 876 3389 934 divinae
3418 884 3599 932 totum

2007 954 2311 1043 est'gratiaa.
2336 972 2658 1040 Propterea,
2683 969 2815 1024 Cum
2832 968 3386 1038 omniaperfeceritis,
3403 965 3600 1037 inquit,

2008 1062 2173 1117 dicite
2196 1060 2337 1130 quod
2360 1059 2582 1114 inutiles
2596 1059 2744 1113 servi
2761 1059 2927 1113 simus
2948 1076 2965 1109 :
2987 1057 3128 1128 quod
3149 1058 3293 1113 enim
3315 1056 3601 1111 debuimus

2008 1156 2206 1223 facere,
2257 1155 2486 1223 fecimus
2517 1159 2568 1205 8.

2083 1361 2148 1414 In
2178 1359 2403 1416 lumine.
2433 1360 2497 1414 Et
2519 1356 2723 1426 futuro,
2765 1362 2820 1412 et
2847 1353 3123 1429 praesenti,
3159 1352 3217 1410 id
3244 1360 3327 1410 est
3353 1352 3604 1411 scientia.

2009 1450 2175 1505 Nunc
2200 1448 2350 1505 enim
2379 1445 2701 1503 illuminavit
2725 1460 2856 1513 nos,
2882 1445 3131 1501 revelans
3152 1442 3308 1500 nobis
3328 1442 3606 1515 mysteria,

2012 1546 2066 1594 et
2086 1537 2144 1594 in
2171 1535 2362 1594 futuro
2391 1536 2658 1609 majorem
2707 1534 2972 1606 largietur
2994 1532 3322 1591 claritatem.

2080 1747 2259 1804 Vens.
2296 1747 2380 1801 13.
2415 1744 2521 1813 Qui
2543 1743 2748 1815 eripuit
2772 1757 2866 1798 nos
2890 1758 2926 1797 a
2944 1744 3212 1813 potestate
3240 1739 3606 1797 tenebrarum.

1932 1810 1982 1874 B
2013 1836 2136 1892 Non
2163 1835 2269 1891 hoc
2289 1810 2473 1891 solum
2495 1810 2759 1906 magnum
2790 1840 2893 1901 est,
2929 1810 3082 1904 quod
3102 1845 3209 1887 nos
3228 1845 3402 1902 regno
3431 1829 3606 1887 dona-

2012 1926 2104 1994 rit,
2134 1940 2320 1981 verum
2349 1921 2501 1996 quod
2560 1938 2663 1979 nos
2698 1922 2791 1994 qui
2822 1920 2959 1977 tales
3002 1920 3153 1991 prius
3202 1934 3461 1975 eramus:
3496 1935 3609 1975 non

2012 2015 2162 2072 enim
2207 2012 2430 2086 perinde
2461 2020 2544 2068 est
2578 2010 2765 2083 dignis
2812 2008 3023 2082 aliquid
3060 2008 3214 2078 dare,
3264 2016 3319 2064 et
3348 2008 3606 2081 indignis.

2011 2103 2175 2173 Quod
2195 2111 2249 2159 et
2276 2103 2327 2157 in
2358 2101 2600 2172 Epistola
2643 2098 2713 2155 ad
2742 2102 3026 2156 Romanos
3055 2097 3235 2171 inquit
3264 2116 3276 2151 :
3326 2100 3440 2153 Via:
3467 2099 3608 2153 enim

2009 2209 2111 2265 pro
2129 2194 2283 2263 justo
2320 2194 2444 2262 quis
2495 2192 2731 2245 moritur
2759 2198 2808 2244 h.
2836 2188 2942 2257 Qui
2985 2186 3148 2260 igitur
3187 2186 3289 2243 sub
3340 2194 3609 2259 potestate

2011 2282 2392 2348 tenebrarum,
2426 2284 2619 2349 jerant,
2686 2280 2792 2335 hoc
2833 2286 2916 2334 est
2962 2275 3166 2333 erroris
3203 2284 3259 2333 et
3310 2274 3614 2349 tyrannidis

2012 2371 2241 2428 diaboli.
2271 2373 2381 2426 Nec
2409 2369 2568 2433 dixit,
2597 2384 2632 2423 α
2652 2368 2888 2424 tenebris
2917 2365 3267 2437 simpliciter,
3298 2363 3418 2433 sed,
3456 2381 3611 2436 apo-

2012 2465 2204 2517 testate
2253 2478 2271 2512 :
2308 2459 2538 2515 multam
2576 2458 2731 2513 enim
2759 2455 2940 2511 nostri
2973 2461 3299 2527 potestatem
3354 2453 3613 2522 habebat,

2011 2565 2076 2605 ac
2099 2547 2509 2606 dominabatur.
2546 2548 2687 2603 Nam
2716 2560 2876 2619 grave
2913 2543 3137 2616 quidem
3178 2550 3262 2599 est
3289 2542 3615 2615 simpliciter

2011 2638 2117 2695 sub
2170 2637 2391 2695 diabolo
2445 2652 2566 2693 esse
2599 2653 2614 2691 :
2653 2644 2847 2690 verum
2892 2641 3152 2705 potenter
3180 2632 3227 2687 ei
3254 2631 3473 2704 subjici,
3505 2631 3614 2689 hoc

2014 2727 2173 2801 longe
2200 2734 2283 2783 est
2306 2725 2546 2799 gravius.
2564 2726 2687 2781 Non
2718 2722 2855 2779 dixit
2886 2729 3098 2788 autem,
3131 2719 3324 2794 Ejecit,
3345 2720 3465 2785 sed,
3487 2724 3613 2779 Eri-

2011 2820 2154 2888 puit,
2203 2815 2498 2873 ostendens
2529 2812 2680 2887 quod
2714 2820 2984 2885 tanquam
3013 2810 3209 2884 captivi
3238 2810 3296 2868 in
3342 2810 3618 2868 aerumnis

2014 2905 2429 2963 detinebamur.

396 3049 425 3088 ε
458 3030 568 3090 Καὶ
594 3028 916 3107 μετέστησεν
944 3030 1017 3097 εἰς
1062 3028 1158 3102 τὴν
1204 3028 1480 3108 βασιλείαν
1508 3032 1601 3089 τοῦ
1639 3027 1774 3089 Υἱοῦ
1805 3031 1903 3099 τῆς

2089 3024 2163 3078 Et
2182 3023 2465 3079 transtulit
2480 3022 2539 3076 in
2554 3035 2783 3090 regnum
2801 3019 2934 3077 Filii
2951 3018 3257 3075 dilectionis
3270 3032 3402 3075 suae.
3420 2990 3617 3090 Magna

307 3118 522 3199 ἀγάπης
552 3122 732 3181 αὑτοῦ.
761 3147 786 3173 ιο
831 3118 989 3199 Μέγα
1029 3118 1125 3195 μὲν
1169 3119 1350 3180 καὶτὸ
1378 3117 1596 3186 σκότους
1645 3119 1905 3178 ἀπαλλά-

311 3208 395 3278 ξαι
432 3230 445 3243 ·
479 3210 539 3269 τὸ
568 3206 740 3268 δὲκαὶ
769 3210 840 3276 εἷς
876 3208 1153 3288 βασιλείαν
1198 3210 1532 3289 εἰσαγαγεῖν,
1574 3210 1756 3289 πολλῷ
1792 3216 1905 3285 μεῖ-

313 3302 425 3367 ζον.
477 3299 584 3360 Καὶ
614 3300 712 3380 οὔχ
762 3298 979 3369 ἁπλῶς,
1030 3298 1146 3357 ἀλλ’
1175 3299 1314 3358 ὥστε
1363 3298 1797 3377 συμϐασιλεῦσαι
1829 3301 1907 3378 τῷ

313 3390 431 3470 Υῖῷ
486 3391 581 3460 τῆς
661 3390 900 3468 ἀγάπης,
976 3388 1217 3448 τουτέστι
1272 3392 1347 3469 τῷ
1405 3390 1669 3468 ἀγαπητῷ
1696 3432 1713 3460 ,
1788 3388 1908 3452 τοὺς

310 3477 554 3558 ἐχθροὺς,
594 3476 714 3545 τοὺς
742 3476 1162 3556 ἐσκοτισμένους·
1208 3475 1287 3538 ⁸0
1317 3476 1410 3536 καὶ
1442 3479 1681 3557 ἀλλαχοῦ
1714 3477 1865 3558 λέγει
1892 3500 1906 3514 ο

313 3596 337 3621 ι
367 3557 789 3647 Εἰῦπομένομεν
810 3611 827 3638 ,
867 3567 960 3627 καὶ
1007 3566 1525 3645 συμϐασιλεύσομεν.
1550 3588 1580 3624 n
1632 3567 1752 3627 Οὔκ
1785 3557 1902 3647 εἷπε

313 3658 406 3730 δὲ,
451 3646 726 3730 Μετέθηκε
761 3658 853 3733 (τὸ
880 3657 982 3739 γὰρ
1023 3657 1143 3718 ὅλον
1173 3662 1270 3739 τοῦΔ
1308 3655 1622 3734 μεταθέντος
1668 3654 1733 3713 ἂν
1779 3646 1904 3735 ἦν),

317 3746 487 3821 ἀλλὰ,
527 3769 557 3806 ε
588 3736 965 3821 Μετέστησεν,
990 3768 1020 3803 ι
1053 3744 1193 3806 ὥστε
1222 3736 1355 3806 εἶναί
1378 3770 1430 3805 τι
1454 3745 1547 3805 καὶ
1574 3747 1746 3823 ἡμῶν.
1775 3745 1905 3805 Δεί-

313 3859 466 3897 κνυσι
495 3835 551 3895 δὲ
581 3837 667 3896 διὰ
694 3840 788 3908 τῆς
814 3835 1001 3905 λέξεως
1041 3835 1134 3896 καὶ
1164 3837 1226 3896 τὸ
1268 3834 1483 3896 εὔκολον
1511 3839 1605 3908 τῆς
1634 3839 1726 3894 τοῦ
1757 3839 1904 3897 Θεοῦ

2017 3128 2148 3170 sane
2175 3128 2260 3169 res
2296 3120 2444 3179 est,a
2469 3109 2709 3166 tenebris
2729 3125 2834 3166 nos
2863 3108 3094 3165 liberare
3136 3126 3150 3164 :
3190 3115 3247 3164 at
3290 3107 3347 3162 in
3384 3122 3617 3180 regnum

2019 3207 2190 3262 etiam
2219 3220 2321 3261 nos
2345 3203 2517 3277 569
2545 3201 2922 3272 introducere,
2953 3210 3035 3259 est
3079 3202 3238 3274 longe
3266 3198 3466 3273 majus.
3509 3202 3622 3256 Nec

2017 3295 2369 3367 simpliciter,
2414 3309 2607 3350 verum
2644 3302 2707 3347 ut
2752 3293 2916 3348 simul
2972 3306 3269 3363 regnemus
3306 3305 3434 3347 cum
3480 3290 3621 3345 Filio

2016 3383 2341 3450 dilectionis,
2372 3384 2479 3439 hoc
2520 3391 2604 3438 est
2649 3382 2881 3451 dilecto,
2919 3381 3012 3453 qui
3044 3381 3233 3438 hostes
3282 3394 3530 3449 eramus,
3559 3396 3626 3435 au

2016 3473 2257 3529 tenebris
2313 3472 2563 3528 immersi
2615 3491 2627 3525 :
2669 3470 2824 3542 quod
2858 3479 2915 3526 et
2954 3470 3062 3526 alio
3096 3471 3153 3525 in
3194 3469 3315 3526 loco
3366 3469 3444 3525 ait
3508 3486 3522 3523 :
3566 3470 3627 3525 Si

2018 3565 2393 3633 compatimur,
2434 3565 2485 3616 et
2512 3560 2958 3629 conregnabimus
2982 3563 3018 3614 i.
3066 3561 3192 3614 Non
3218 3556 3364 3614 dixit
3411 3565 3621 3627 autem,

2016 3652 2375 3721 Transposuit
2409 3649 2562 3719 (nam
2594 3656 2780 3704 totum
2814 3646 3224 3719 transponentis
3262 3653 3454 3717 esset),
3503 3645 3623 3707 sed.

2021 3741 2342 3807 Transtulit,
2380 3748 2443 3795 ut
2472 3745 2615 3794 esset
2633 3735 2839 3808 aliquid
2868 3736 3040 3793 etiam
3072 3744 3351 3792 nostrum.
3411 3733 3623 3791 Iudicat

2022 3839 2228 3897 autem,
2261 3844 2356 3901 per
2386 3843 2507 3883 eam
2529 3825 2700 3884 dictio
2711 3840 2864 3889 nem,
2893 3824 3216 3881 facilitatem
3241 3824 3405 3880 etiam
3430 3832 3624 3897 poten-

312 3926 613 4004 δυνάμεως,
659 3925 842 4007 ὥσπερ
877 3925 941 3985 ἂν
989 3925 1040 3985 εἴ
1081 3949 1160 3995 τις
1206 3925 1539 4009 στρατιώτην
1594 3924 1702 3985 ἀπὸ
1741 3925 1906 3985 τόπου

2021 3921 2115 3977 tiae
2143 3919 2261 3985 Dei,
2299 3917 2526 3991 perinde
2555 3932 2619 3974 ac
2638 3917 2682 3973 si
2710 3915 2835 3988 quis
2853 3914 3085 3972 militem
3114 3912 3325 3972 deloco
3349 3913 3407 3970 in
3438 3916 3622 3971 locum

314 4018 389 4085 εἷς
416 4015 576 4077 τόπον
605 4017 923 4096 μεταγάγοι.

2030 4009 2303 4067 traducat.

403 4151 431 4178 σι
467 4123 561 4185 Ἐν
590 4114 634 4203 ᾧ
668 4123 861 4205 ἔχομεν
884 4123 980 4197 τὴν
1008 4122 1372 4205 ἀπολύτρωσιν
1391 4173 1404 4198 ,
1447 4124 1545 4198 τὴν
1576 4126 1767 4207 ἄφεσιν
1804 4130 1906 4184 τῶν

2098 4130 2278 4183 Vens.
2309 4131 2394 4182 l4.
2422 4128 2489 4182 In
2521 4140 2624 4197 quo
2653 4124 2909 4180 habemus
2948 4123 3392 4194 redemptionem,
3434 4122 3623 4178 remis-

314 4214 615 4296 ἁμαρτιῶν.
654 4237 683 4274 ι)
742 4213 867 4275 Ἵνα
908 4213 984 4291 μὴ
1035 4213 1266 4282 ἀκούσας
1311 4214 1393 4273 ὅτι
1447 4217 1712 4297 ἓῤῥύσατο
1768 4219 1906 4291 ἡμᾶς

2024 4223 2229 4277 sionem
2280 4225 2642 4292 peccatorum.
2687 4220 2770 4274 Ne
2803 4232 2931 4274 cum
2972 4215 3128 4273 audis
3171 4215 3323 4289 quod
3368 4214 3628 4288 eripuerit

308 4310 338 4365 δ
372 4301 597 4382 Πατὴρ,
623 4302 844 4384 νομίσῃς
892 4305 981 4363 τὸν
1010 4304 1141 4364 Υῖὸν
1175 4304 1340 4382 μηδὲν
1390 4306 1462 4371 εἷς
1509 4310 1656 4380 ἡμᾶς
1714 4305 1906 4380 ἀγαθὸν

2026 4326 2130 4366 nos
2154 4313 2344 4378 Pater,
2372 4308 2653 4365 existimes
2672 4307 2879 4363 Filium
2907 4305 3048 4362 nihil
3104 4306 3239 4363 boni
3275 4305 3434 4362 nobis
3463 4304 3620 4361 exhi-

315 4391 677 4467 ἐνδείξασθαι,
719 4393 861 4472 λέγει
895 4393 1112 4470 λοιπὸν,
1143 4394 1226 4455 ὅτι
1272 4395 1334 4454 τὸ
1362 4397 1540 4470 μεῖζον
1582 4395 1712 4471 ἡμῖν
1760 4395 1906 4453 δέδω-

2034 4400 2236 4466 buisse,
2286 4398 2543 4470 deinceps
2582 4397 2695 4453 ait:
2738 4394 2904 4467 Quod
2949 4397 3128 4469 majus
3175 4404 3258 4452 est
3284 4394 3438 4452 dedit
3466 4395 3629 4452 nobis

315 4506 410 4542 κεν
440 4485 470 4541 ὃ
507 4484 653 4551 Υἱός.
704 4485 817 4543 Τοῦ
858 4482 963 4563 γὰρ
995 4486 1323 4561 μεταστῆναι
1353 4488 1498 4562 ἡμᾶς
1526 4485 1597 4552 εἶς
1619 4483 1716 4556 τὴν
1751 4488 1916 4564 βασι-

316 4571 467 4633 λείαν
527 4573 679 4641 αὐτός
735 4574 875 4632 ἐστιν
932 4572 1130 4649 αἴτιος,
1198 4573 1557 4654 χαρισάμενος
1611 4577 1744 4652 ἡμῖν
1819 4574 1917 4645 τὴν

315 4660 609 4744 λύτρωσιν,
650 4660 891 4722 τουτέστι
937 4664 1035 4736 τὴν
1090 4662 1275 4744 ἄφεσιν
1322 4665 1426 4722 τῶν
1482 4662 1795 4743 ἁμαρτιῶν.
1849 4666 1917 4724 Εἰ

317 4751 428 4834 γὰρ
472 4750 546 4830 μὴ
588 4748 957 4832 ἰλυτρώθημεν
988 4751 1081 4811 καὶ
1112 4752 1404 4833 ἀφείθημεν
1454 4752 1656 4812 τούτων
1676 4800 1690 4823 ,
1729 4754 1824 4813 οὐκ
1855 4751 1918 4811 ἂν

320 4839 652 4920 μετέστημεν
680 4842 751 4909 εἷς
794 4840 889 4913 τήν
932 4839 1227 4921 βασιλείαν.
1259 4840 1642 4923 "QGTE_GI315§
1673 4843 1920 4923 προωδο-

320 4929 512 5005 ποίησε
536 4935 606 5010 τῇ
654 4932 826 5014 δωρεᾷ
856 4920 950 4991 τοῦ
995 4930 1228 5013 Πατρός.
1275 4933 1393 4993 Οὐκ
1423 4920 1537 4990 εἷπε
1586 4932 1642 4990 δὲ
1692 4920 1916 5011 Ᾱύτρω-

322 5044 406 5083 σιν
426 5067 444 5100 ,
477 5019 619 5095 ἀλλ’,
653 5048 676 5075 ι
698 5017 1091 5102 Ἀπολύτρωσιν
1113 5043 1127 5057 ο
1152 5048 1178 5073 ι
1210 5019 1483 5098 τουτέστι,
1517 5020 1752 5089 Τελείως
1774 5025 1921 5098 ἡμᾶς

323 5110 666 5190 ἔλυτρώσατο
686 5155 702 5182 ,
730 5109 870 5170 ὥστε
900 5110 975 5188 μὴ
1018 5112 1268 5190 ἐμπεσεῖν
1312 5110 1525 5186 λοιπὸν,
1574 5110 1713 5189 μηδὲ
1763 5111 1917 5190 γενέ-

325 5206 447 5262 σθσι
502 5198 745 5275 θνητοὺς,
798 5202 869 5268 ὥς
910 5200 1120 5280 ἐνόχους
1291 5200 1530 5281 ἁμαρτίᾳ
1580 5205 1672 5261 τοῦ
1706 5201 1900 5278 Ἀδάμ.

327 5290 483 5351 Ἐπεὶ
507 5282 597 5352 οὖν
631 5288 965 5369 ἐλυτρώσατο
989 5295 1017 5351 ὁ
1060 5289 1218 5368 Υἱὸς,
1258 5290 1412 5356 αὐτὸς
1443 5292 1534 5350 καὶ
1574 5288 1911 5371 προσήγαγε.

330 5383 458 5450 Πῶς
488 5371 577 5462 οὖν
622 5380 874 5462 ἀγγέλους
904 5384 1050 5458 ὑμεῖς
1089 5379 1307 5462 λέγετε;
1356 5379 1671 5459 Σημείωσαι
1715 5382 1770 5441 δὲ
1823 5382 1883 5440 τὸ
1909 5424 1926 5454 ,

340 5494 372 5532 α
400 5471 495 5534 Ἐν
524 5461 594 5554 ᾧ,
633 5495 665 5529 ν
702 5461 793 5530 επὶ
828 5474 922 5531 τοῦ
953 5473 1105 5532 Υἱοῦ.

424 5602 453 5640 ιι
474 5578 578 5649 ’ος
606 5580 750 5640 ἐστιν
775 5579 930 5640 εἰκὼν
967 5584 1058 5641 τοῦ
1081 5581 1225 5642 Θεοῦ
1249 5584 1342 5641 τοῦ
1380 5580 1630 5662 ἀοράτου.
1670 5610 1694 5635 ν
1727 5580 1805 5643 Τὸ
1837 5584 1927 5653 τῆς

404 5748 435 5789 α
458 5743 598 5801 an.
620 5756 779 5814 xm,
813 5746 897 5800 10.
972 5735 1001 5775 ¹³
1028 5743 1196 5802 Rom.
1228 5758 1305 5816 v,‘
1329 5751 1383 5802 7.
1460 5745 1553 5804 ιιι
1576 5746 1717 5806 Tim.
1752 5759 1826 5818 ιι,
1873 5751 1966 5808 12.

2030 4490 2218 4546 Filius.
2247 4491 2389 4544 Nam
2414 4486 2564 4559 quod
2596 4486 2776 4543 nosin
2810 4501 3044 4558 regnum
3071 4482 3485 4553 transferamur,
3515 4484 3630 4556 ipse

2032 4586 2116 4636 est
2160 4594 2350 4643 causa,
2402 4577 2619 4634 donans
2664 4574 2825 4632 nobis
2890 4573 3349 4645 redemptionem,
3394 4572 3503 4630 hoc
3552 4582 3636 4630 est

2030 4668 2417 4727 remissionem
2470 4673 2844 4738 peccatorum.
2899 4663 3012 4720 Nisi
3041 4663 3191 4718 enim
3241 4661 3454 4719 liberati
3481 4677 3633 4719 esse-

2033 4773 2181 4826 mus,
2220 4766 2383 4829 atque
2404 4756 2475 4813 ab
2507 4755 2594 4812 his
2635 4752 2872 4821 dimissi,
2922 4767 3033 4808 non
3080 4766 3328 4808 essemus
3376 4752 3630 4808 translati

2033 4847 2093 4903 in
2114 4861 2367 4919 regnum.
2402 4847 2526 4917 Ipse
2540 4845 2722 4917 itaque
2738 4844 2882 4898 viam
2907 4840 3056 4898 dono
3073 4840 3253 4897 Patris
3280 4840 3629 4912 praeparavit.

2033 4940 2159 4994 Non
2197 4935 2334 4992 dixit
2387 4942 2597 5002 autem,
2648 4933 2922 5003 Λύτρωσιν,
2954 4929 3075 4998 sed,
3124 4928 3632 5002 Ἀπολῦτρωσιν,

2035 5026 2092 5083 id
2162 5034 2267 5095 est,
2309 5021 2561 5081 Perfecte
2607 5038 2708 5079 nos
2778 5019 3049 5090 liberavit,
3086 5027 3148 5076 ut
3198 5034 3319 5077 non
3373 5019 3633 5093 deinceps

2035 5116 2486 5188 impingeremus,
2507 5127 2684 5185 neque
2708 5111 3059 5168 efﬁceremur
3068 5109 3353 5178 mortales,
3371 5117 3632 5183 tanquam

2037 5204 2271 5262 obnoxii
2296 5211 2523 5277 peccato
2552 5201 2771 5259 Adami.
2797 5199 3071 5271 Quoniam
3098 5196 3265 5272 igitur
3300 5198 3475 5257 Filius
3505 5198 3638 5256 libe-

2038 5294 2200 5363 ravit,
2231 5294 2348 5366 ipse
2371 5293 2537 5350 etiam
2584 5289 2978 5348 reconciliavit.
3018 5287 3313 5361 Quomodo
3359 5303 3496 5363 ergo
3534 5304 3640 5347 vos

2040 5384 2231 5441 dicitis
2260 5383 2370 5440 hoc
2419 5398 2516 5457 per
2559 5382 2786 5454 angelos
2816 5379 3120 5452 obtigisse?
3147 5377 3391 5437 Observa
3427 5384 3634 5449 autem,

2042 5472 2192 5548 quod
2225 5477 2309 5543 (In
2335 5478 2459 5546 quo)
2502 5470 2575 5531 de
2625 5471 2767 5529 Filio
2795 5469 3032 5527 dicatur.

2117 5597 2293 5654 Vens.
2328 5594 2413 5649 15.
2442 5591 2550 5658 Qui
2569 5593 2649 5649 est
2676 5591 2855 5660 imago
2896 5589 3001 5645 Dei
3058 5587 3379 5645 invisibilis.
3423 5587 3647 5647 Natura
