4104 6446
524 423 660 475 1219

1531 395 2048 457 THEOPHYLACTI
2089 389 2448 449 BULGARIE
2485 388 2799 447 ARCHIEP.

3684 394 3707 446 1
3719 391 3831 446 220

514 541 909 607 celebritatem,
926 533 1316 609 dignitatisque
1344 525 1628 601 Uuigeniti
1648 525 1989 595 majestatem
2003 521 2086 577 hm

2226 516 2429 598 φύσεως
2467 516 2676 609 ἔντιμον
2721 515 2792 589 ⁸ο,
2820 514 2913 574 καὶ
2965 514 3026 574 τὸ
3074 516 3353 595 μεγαλεῖον
3402 520 3496 589 τῆς
3549 515 3698 583 ἀξίας
3730 517 3830 573 τοῦ

512 634 634 689 loco
662 630 830 704 ponit.
863 631 1067 697 Imago,
1091 622 1290 696 inquit,
1337 623 1415 675 est
1458 619 1599 673 Dei:
1630 614 1790 689 igitur
1813 619 1899 669 est
1945 609 2111 684 persi-

515 722 658 779 milis
705 735 852 776 :non
899 716 1049 773 enim
1090 711 1260 769 habes
1310 721 1632 765 mensuram
1681 700 2103 776 magnitudinis,

507 821 567 868 ut
603 811 751 868 dicas
780 815 1050 882 quantum
1080 802 1456 859 imminuatur.
1486 797 1545 852 Si
1570 794 1720 851 enim
1755 793 1941 865 imago
1964 797 2109 847 esset

504 909 769 974 quatenus
812 905 897 954 est
924 897 1114 961 homo,
1156 898 1373 964 poteras
1401 884 1611 958 aliquid
1664 882 1864 949 dicere,
1904 894 2105 952 nempe

503 970 651 1063 quod
702 989 882 1061 imago
910 1000 1023 1041 non
1052 981 1332 1056 perveniat
1376 977 1445 1034 ad
1498 973 1776 1045 exemplar
1838 970 2098 1043 primum.

503 1059 640 1152 Quia
698 1059 836 1134 vero
876 1076 1060 1146 imago
1114 1078 1198 1129 est
1235 1075 1505 1142 quatenus
1546 1072 1631 1120 est
1689 1067 1836 1119 Deus
1890 1059 2104 1131 Deique

504 1147 687 1239 filius,
726 1166 864 1224 nihil
906 1163 1185 1234 discrepat
1228 1159 1413 1230 imago
1444 1155 1502 1210 in
1551 1156 1673 1210 Deo
1728 1158 1784 1208 et
1812 1147 2101 1217 invisibili;

503 1267 694 1332 utpote
747 1271 874 1330 qua
904 1261 986 1310 est
1014 1248 1323 1308 invisibilis.
1350 1248 1411 1302 In
1448 1242 1611 1300 nobis
1653 1241 1803 1297 enim
1843 1238 1971 1312 quia
2011 1252 2102 1293 ars

502 1350 743 1406 humana
758 1327 1027 1417 imagines
1043 1339 1233 1408 efﬁcit,
1259 1351 1383 1410 qua
1408 1346 1789 1407 sapenumero
1817 1327 2100 1401 impingit,

498 1455 612 1495 non
641 1436 809 1494 habet
833 1416 1089 1491 eiaciam
1108 1429 1261 1486 illam
1298 1434 1355 1484 et
1381 1424 1514 1481 nihil
1541 1421 1892 1480 differentem
1910 1416 2101 1474 simili-

499 1526 750 1585 tudinem
774 1525 978 1596 imago.
1017 1520 1130 1579 Ubi
1149 1526 1332 1575 autem
1382 1519 1532 1572 Deus
1574 1519 1676 1581 est,
1716 1509 1794 1566 ibi
1820 1521 2097 1580 nusquam

498 1634 653 1674 error
696 1635 709 1671 :
760 1621 1049 1689 propterea
1096 1618 1153 1667 et
1192 1614 1380 1665 exacta
1428 1600 1755 1661 similitudo.
1806 1598 1862 1656 Si
1903 1605 2095 1655 autem

497 1707 665 1766 Filius
684 1685 797 1762 non
844 1685 918 1760 sit
953 1698 1244 1775 persimilis
1263 1692 1517 1753 invisibili
1547 1696 1688 1762 Deo,
1730 1688 1862 1763 quid
1901 1685 2102 1760 prohi-

501 1799 595 1854 bet
620 1794 911 1869 quominus
942 1800 996 1848 et
1023 1787 1201 1862 angeli
1247 1787 1355 1844 sint
1397 1782 1683 1857 imagines,
1741 1775 2095 1851 quandoqui-

501 1887 627 1944 dem
664 1891 718 1942 et
746 1883 850 1957 ipsi
891 1876 1364 1938 suntinvisibiles?
1413 1882 1657 1930 attamen
1696 1870 1928 1942 angelus
1967 1880 2099 1922 nus-

495 1991 661 2050 quam
746 1954 930 2045 imago
1008 1969 1230 2026 dicitur.
1289 1961 1684 2032 Contemplare
1756 1966 1945 2015 autem
2002 1954 2092 2011 hic

491 2072 802 2122 accuratam
851 2043 1141 2132 Scriptura
1188 2055 1443 2112 formam.
1510 2049 1823 2106 Hominem
1869 2043 2095 2119 quidem

495 2164 552 2213 et
593 2153 892 2227 imaginem
946 2148 1047 2204 Dei
1091 2145 1335 2203 etﬁlium
1372 2148 1563 2211 vocat;
1604 2137 1871 2210 angelum
1907 2142 2094 2191 autem

491 2223 787 2317 nusquam.
816 2239 931 2296 lllic
946 2237 1094 2295 enim
1109 2233 1368 2307 angelica
1393 2238 1608 2287 natura
1635 2224 1866 2284 altitudo
1897 2223 2093 2281 statim

493 2333 566 2391 ad
589 2314 923 2404 impietatem
951 2324 1230 2383 auditores
1259 2318 1671 2395 pracipitasset,
1711 2314 2093 2372 existimantes

492 2401 737 2495 ejusdem
779 2433 896 2476 esse
922 2414 1199 2490 dignitatis
1241 2410 1501 2484 angelum
1531 2421 1661 2463 cum
1704 2408 1843 2462 Deo.
1881 2405 1950 2459 In
1983 2401 2091 2458 ho-

490 2514 642 2571 mine
671 2519 858 2569 autem
903 2508 1143 2565 tenuitas
1192 2511 1244 2561 et
1290 2500 1575 2558 humilitas
1618 2497 1801 2553 munit
1853 2509 1976 2561 nos,
2020 2507 2091 2549 ne

487 2605 594 2662 tale
648 2601 908 2676 quiddam
935 2596 1291 2670 suspicemur.
1324 2591 1528 2663 Collige
1566 2588 1731 2660 igitur
1761 2583 1912 2658 quod
1951 2598 2083 2639 cum

489 2674 818 2768 Unigenitus
866 2698 1100 2762 utraque
1150 2686 1243 2753 sit,
1287 2683 1469 2756 imago
1524 2677 1696 2752 470
1739 2674 2004 2732 nimirum
2036 2680 2092 2729 et

490 2762 801 2853 invisibilis;
831 2796 928 2854 per
955 2779 1064 2837 hoc
1087 2775 1306 2848 quidem
1340 2769 1492 2845 quod
1526 2769 1706 2840 imago
1735 2767 1826 2837 sit,
1863 2762 2091 2821 discre-

493 2882 586 2949 pat
634 2872 703 2930 ab
756 2871 965 2944 angelis
1018 2867 1107 2940 qui
1150 2862 1453 2921 invisibiles
1486 2858 1708 2931 quidem
1770 2861 1921 2923 sunt,
1968 2867 2085 2909 non

490 2973 677 3023 autem
717 2941 986 3033 imagines
1026 2974 1040 3012 :
1069 2972 1164 3029 per
1198 2953 1304 3010 hoc
1328 2966 1455 3007 vero
1480 2945 1630 3020 quod
1673 2942 1989 3011 invisibilis,
2016 2941 2086 2998 ab

493 3032 955 3122 llominibus,iqui
982 3055 1035 3104 et
1078 3045 1179 3117 ipsi
1217 3041 1440 3115 quidem
1489 3036 1752 3108 imagines
1796 3032 2086 3099 dicuntur,

2216 610 2542 684 Μονογενοῦς
2571 604 2775 676 τίθησιν
2806 606 3054 669 ἐνταῦθα.
3095 634 3120 659 ιι
3154 604 3359 680 Είκὼν,
3386 634 3411 659 ι»
3438 604 3618 686 φησὶν,
3650 627 3680 663 ιι
3704 604 3823 664 ἔστι

2213 701 2308 755 τοῦ
2355 696 2499 755 Θεοῦ
2525 717 2540 733 ο
2586 718 2618 751 π
2673 696 2859 755 οὐκοῦν
2912 696 3343 778 ἀπαράλλακτος.
3405 698 3489 755 Οὔ
3533 695 3635 775 γὰρ
3681 693 3827 774 ἔχεις

2216 784 2406 865 μέτρον
2447 789 2543 844 τοῦ
2579 783 2855 863 μεγέθους,
2907 785 2992 845 ἵνα
3049 784 3202 862 εἴπῃς
3242 784 3407 846 πόσον
3469 788 3821 856 ἐλαττοῦται,

2216 877 2284 936 Εἰ
2317 874 2411 952 μὲν
2453 872 2558 954 γὰρ
2589 876 2658 941 ὣς
2692 874 2966 953 ἅνθρωπος
2995 866 3058 948 ἦν
3095 875 3250 934 εἰκὼν
3275 918 3292 947 ,
3347 866 3484 956 elixi:
3529 897 3578 930 τι
3611 873 3820 951 λέγειν,

2215 964 2296 1023 ὅτι
2328 969 2361 1036 ἡ
2393 962 2548 1024 εἰκὼν
2603 966 2662 1023 οὗ
2709 964 2893 1044 φθάνει
2944 964 3075 1045 πρὸς
3123 963 3185 1025 τὸ
3240 965 3607 1044 πρωτότυπον·
3658 961 3821 1023 Ἐπεὶ

2213 1053 2267 1113 δὲ
2293 1051 2447 1114 εἰκών
2479 1056 2620 1113 ἐστιν
2653 1055 2722 1120 ὡς
2741 1054 2877 1122 Θεὸς
2916 1057 3007 1114 καὶ
3034 1056 3177 1115 Θεοῦ
3207 1055 3364 1131 Υἱὸς,
3403 1053 3821 1134 ἀπαράλλακτος

2213 1147 2245 1214 ἡ
2323 1141 2478 1202 εἰκὼν
2566 1143 2653 1201 ἐπὶ
2709 1145 2850 1204 Θεοῦ
2916 1144 3183 1221 ἀοράτου,
3276 1143 3497 1224 ἀόρατος
3584 1140 3817 1214 δηλαδή.

2211 1230 2335 1313 Ἐφ’
2364 1235 2520 1309 ἡμῶν
2550 1232 2646 1310 μὲν
2679 1231 2817 1312 γὰρ,
2854 1233 3038 1306 ἐπειδὴ
3086 1232 3248 1313 τέχνη
3307 1231 3612 1313 ἀνθρωπίνη
3664 1232 3816 1291 εἰκο-

2207 1329 2420 1401 νουργεῖ
2442 1366 2460 1396 ,
2492 1325 2525 1392 ἡ
2557 1323 2832 1401 πολλαχοῦ
2865 1321 3224 1381 διαπίπτουσα
3241 1367 3258 1398 ,
3286 1322 3380 1381 οὐκ
3409 1320 3524 1403 ἔχει
3554 1319 3616 1380 τὸ
3638 1321 3819 1400 dirup-

2210 1410 2476 1470 άλλακτον
2507 1414 2540 1483 ἡ
2588 1409 2745 1469 εἰκών
2778 1433 2792 1447 ·
2820 1409 2944 1470 ἔνθα
2978 1410 3033 1470 δὲ
3070 1410 3240 1485 Θεὸς,
3290 1412 3523 1488 οὐδαμοῦ
3561 1409 3819 1469 διάπτω-

2208 1501 2593 1580 σις,[οὖδαμοῦ
2639 1500 2861 1581 σφάλμα
2892 1524 2907 1539 ο
2972 1501 3052 1561 διὸ
3104 1500 3198 1561 xui
3258 1500 3320 1562 τὸ
3369 1501 3813 1581 ἀπαράλλακτον.

2209 1592 2273 1650 Εἰ
2320 1589 2373 1649 δὲ
2406 1589 2483 1668 μὴ
2527 1589 2588 1649 τὸ
2636 1591 3054 1670 ἀπαράλλακτον
3098 1590 3211 1672 ἔχει
3241 1590 3372 1671 πρὸς
3408 1589 3754 1672 τὸνμάόρατον
3785 1594 3817 1649 ὃ

2207 1678 2333 1748 Υἱὸς
2356 1723 2373 1754 ,
2428 1680 2480 1739 τί
2521 1678 2714 1740 κωλύει
2759 1669 2851 1739 καὶ
2907 1669 3163 1761 ἀγγέλου-ς
3208 1669 3409 1748 εἰκόνας
3467 1669 3642 1754 sint;
3701 1678 3817 1738 Kui

2204 1768 2307 1850 γὰρ
2355 1768 2449 1828 xui
2501 1768 2647 1829 αὐτοὶ
2697 1769 2963 1849 ἀόρατοι·
3015 1772 3134 1829 ἀλλ’
3166 1772 3309 1848 ὅμως
3361 1769 3596 1846 οὐδαμοῦ
3646 1767 3808 1828 εἰκὼν

2205 1858 2425 1938 ἄγγελος
2468 1858 2705 1937 λέγεται.
2758 1859 2870 1920 Καὶ
2914 1859 3011 1941 ὅρα
3063 1858 3157 1932 τὴν
3211 1858 3490 1939 ἀκρίϐειαν
3521 1862 3615 1930 τῆς
3665 1857 3815 1925 θείας

2204 1950 2422 2029 Γραφῆς
2449 1971 2464 1986 ⁸
2514 1948 2622 2009 Τὸν
2672 1947 2768 2025 μὲν
2819 1947 3096 2030 ἄνθρωπον
3145 1948 3398 2026 ὀνομάζει
3440 1947 3617 2007 εἰκόνα
3664 1949 3814 2007 Θεοῦ

2205 2038 2297 2097 καὶ
2326 2037 2435 2096 υἱόν
2471 2055 2489 2073 ⁸
2518 2037 2608 2097 τὸν
2654 2036 2709 2096 δὲ
2758 2036 2982 2117 ἄγγελον
3004 2083 3020 2114 ,
3051 2041 3300 2117 οὐδαμῶς
3329 2037 3374 2074 ⁸⁸
3413 2061 3427 2075 ο
3461 2036 3541 2096 ὅτι
3568 2039 3680 2097 ἐκεῖ
3710 2035 3812 2114 μὲν

2203 2126 2389 2199 τὸτῆς
2429 2129 2712 2207 ἀγγελικῆς
2768 2126 2972 2208 φύσεως
3021 2127 3149 2209 ὕψος
3194 2126 3403 2209 ταχέως
3455 2126 3519 2187 ἂν
3554 2129 3626 2195 εἰς
3676 2126 3810 2187 ἀσέ-

2204 2216 2354 2275 ϐειαν
2400 2215 2620 2300 ἔῤῥιψεν
2679 2216 2973 2284 ἀκούοντας
3029 2217 3105 2292 ⁸³,
3165 2219 3435 2290 οἰηθέντας
3486 2220 3583 2289 τῆς
3639 2218 3810 2288 αὐτῆς

2204 2305 2351 2376 ἀξίας
2381 2295 2514 2366 εἶναι
2539 2295 2632 2367 τὸν
2662 2306 2886 2386 ἄγγελον
2915 2310 2994 2389 τῷ
3025 2310 3174 2388 Θεῷξ
3197 2331 3209 2345 ·
3244 2306 3333 2366 ἐπὶ
3363 2306 3418 2366 δὲ
3463 2311 3557 2367 τοῦ
3598 2305 3814 2385 ἀνθρώ-

2200 2420 2341 2471 που,
2392 2397 2453 2458 τὸ
2500 2395 2708 2464 εὐτελὲς
2763 2394 2853 2455 xui
2923 2397 3172 2457 ταπεινὸν
3218 2397 3571 2479 ἀσφαλίζεται
3620 2401 3809 2473 ἡμᾶς,

2200 2483 2337 2545 ὥστε
2394 2486 2471 2563 μὴ
2525 2484 2860 2545 ὕποπτεῦσαί
2902 2508 2953 2544 τι
3004 2491 3265 2549 τοιοῦτον.
3306 2477 3622 2565 ἠΣυνάγαγε
3682 2477 3810 2559 οὖν,

2201 2574 2283 2634 ὅτι
2329 2578 2357 2633 ὁ
2397 2574 2702 2655 Μονογενὴς
2735 2572 3012 2657 ἀμφότερα
3057 2572 3162 2648 ὢν,
3196 2574 3289 2635 xui
3323 2573 3479 2635 εἰκὼν
3509 2575 3602 2634 καὶ
3634 2575 3807 2655 ἀόρα-

2200 2689 2284 2733 τος
2307 2710 2325 2743 ,
2370 2668 2449 2746 τῷ
2499 2654 2596 2742 μὲν
2648 2663 2803 2724 εἰκὼν
2831 2654 2968 2724 εἶναι
3000 2665 3369 2725 διαστέλλεται
3416 2664 3522 2724 ἀπὸ
3552 2669 3656 2724 τῶν
3700 2654 3809 2744 ἀγ-

2197 2753 2400 2832 γέλων,
2424 2751 2477 2814 οἳ
2506 2753 2728 2835 ἀόρατοι
2765 2752 2862 2832 μὲν
2882 2797 2900 2826 ,
2935 2757 3030 2814 οὐκ
3061 2755 3256 2824 εἰκόνες
3305 2753 3362 2814 δέ
3387 2778 3401 2793 ο
3429 2757 3505 2836 τῷ
3545 2753 3602 2814 δὲ
3631 2754 3807 2834 ἀόρα-

2200 2865 2320 2917 τος,
2355 2842 2463 2903 ἀπὸ
2503 2845 2609 2902 τῶν
2649 2841 2941 2924 ἀνθρώπων
2964 2889 2980 2917 ,
3033 2841 3085 2903 οἳ
3131 2844 3222 2903 xui
3277 2842 3427 2904 αὐτοὶ
3481 2842 3675 2912 εἰκόνες
3706 2841 3804 2920 μὲν

2197 2932 2478 3011 λέγονται,
2516 2934 2613 2992 οὐκ
2663 2933 2881 3014 ἀόρατοι
2915 2933 2994 2994 δέ.
3048 2932 3222 3001 Μόνος
3251 2933 3357 3015 ἄρα
3405 2932 3560 3001 αὐτὸς
3608 2932 3806 3015 κυρίως

2201 3021 2294 3081 καὶ
2343 3021 2775 3102 ἀπαραλλάκτως
2815 3023 2990 3082 εἰκών.
3035 3025 3104 3085 Εἰ
3146 3022 3202 3082 δὲ
3242 3023 3333 3082 xui
3381 3022 3461 3083 ἔτι
3505 3022 3806 3083 ἐνίστανται

490 3160 602 3200 non
627 3108 924 3198 invisibiles
968 3108 1175 3192 tamen.
1229 3108 1391 3215 Solus
1418 3127 1585 3200 igitur
1624 3124 1739 3196 ipse
1780 3120 2004 3194 proprie
2033 3127 2086 3176 et

2199 3122 2258 3219 ot,
2295 3108 2597 3219 Ἀρειιῖινοὶζ
2639 3109 2719 3169 ὅτι
2748 3115 2782 3184 ἡ
2814 3112 2971 3171 εἰκὼν
3003 3113 3101 3194 οὐχ
3149 3111 3425 3189 ὁμοούσιος
3464 3116 3542 3195 τῷ
3584 3137 3803 3194 πρωτο-

494 3234 630 3290 citra
687 3231 854 3287 ullam
897 3211 1395 3283 dissimilitudinem
1440 3217 1621 3287 imago
1679 3220 1782 3268 est.
1829 3208 1994 3281 Quod
2043 3208 2089 3264 si

492 3323 673 3380 adhuc
698 3321 904 3376 instent
936 3313 1143 3381 Ariani,
1173 3308 1323 3384 quod
1344 3307 1526 3377 imago
1561 3318 1673 3359 non
1734 3300 1804 3357 sit
1835 3298 2089 3372 ejusdem

494 3411 744 3469 essentia
781 3421 907 3464 cum
935 3405 1115 3477 primo
1144 3396 1472 3471 exemplari;
1498 3394 1836 3466 Scripturam
1860 3388 2090 3445 audiant

493 3504 887 3568 afﬁrmantem,
939 3493 1071 3553 Seth
1115 3505 1233 3548 esse
1263 3487 1565 3561 imaginem
1614 3480 1841 3539 Adami.
1884 3481 2087 3536 Nonne

2200 3200 2383 3282 τύπῳ,
2436 3199 2806 3286 ἀκουέτωσανῌ
2828 3205 2924 3274 τῆς
2972 3205 3197 3286 Γραφῆς
3246 3203 3504 3283 λεγούσης
3548 3202 3639 3261 τὸν
3682 3202 3801 3275 Σὴθ

2200 3279 2385 3372 εἰκόνα,
2410 3293 2500 3349 τοῦ
2546 3288 2739 3370 Ἀδάμ.
2774 3279 2912 3372 Ἀρα
2942 3279 3041 3349 οὖν
3077 3279 3200 3371 οὖχὶ
3240 3279 3332 3351 xui
3377 3290 3695 3371 δμοούσιος;
3728 3294 3802 3354 Αἰ
3896 3308 3899 3311 ’

2197 3378 2296 3458 μὲν
2327 3370 2416 3439 οὖν
2462 3381 2717 3460 τεχνηταὶ
2766 3370 2961 3449 εἰκόνες
2998 3381 3101 3461 οὐχ
3154 3370 3427 3459 δμοούσιοι
3454 3404 3469 3420 ο
3518 3383 3573 3441 αἱ
3608 3370 3801 3461 δὲίφυ-

2197 3470 2348 3529 σικαὶ
2371 3515 2390 3547 ,
2425 3468 2638 3537 πάντως
2663 3471 2964 3548 ὁμοούσιοι.
3061 3448 3101 3461 η
3185 3448 3196 3459 1
3708 3448 3721 3464 ⁸

493 3594 654 3667 igitur
699 3588 945 3664 ejusdem
980 3584 1147 3641 etiam
1198 3578 1484 3638 essentia?
1534 3575 1692 3632 Certe
1732 3569 1953 3645 quidem
2008 3567 2281 3641 imagines
2325 3567 2637 3626 artiﬁciales
2671 3583 2784 3625 non
2814 3578 2946 3627 sunt
2996 3567 3243 3642 ejusdem
3282 3570 3579 3628 essentia:
3631 3577 3800 3628 natu-

491 3663 630 3743 rales
657 3663 845 3741 autem
864 3678 1090 3736 omnino
1108 3681 1239 3731 sunt
1257 3670 1505 3744 ejusdem
1551 3663 1824 3724 essentia.

559 3775 954 3845 Primogem'tus
983 3770 1156 3826 omnis
1181 3766 1462 3821 creatura.
1494 3758 1633 3829 Quia
1653 3755 1791 3814 dixit
1812 3768 1944 3811 eum
1965 3766 2087 3809 esse

492 3864 777 3923 invisibilis
804 3861 905 3919 Dei
939 3857 1257 3930 imaginem,
1290 3852 1410 3908 hac
1430 3851 1546 3923 jam
1592 3862 1737 3903 nunc
1768 3843 1951 3900 infert.
1978 3840 2083 3898 Hic

490 3973 616 4014 vero
657 3950 1080 4011 arianizantium
1134 3945 1323 4017 ingens
1372 3939 1531 3996 dolus
1594 3935 1894 3992 suboritur.
1938 3930 2083 4002 Quia

488 4047 639 4104 enim
671 4042 958 4116 (inquiunt)
982 4038 1373 4113 primogenitus
1397 4029 1580 4085 dictus
1616 4033 1702 4081 est
1728 4025 1900 4080 omnis
1928 4037 2080 4077 crea-

488 4143 646 4200 turae,
682 4110 907 4206 primus
944 4110 1025 4186 est
1084 4128 1224 4181 inter
1263 4128 1469 4178 creata.
1522 4113 1689 4187 Atqui
1749 4127 1866 4168 non
1915 4110 2073 4178 dixit,

491 4226 670 4300 primo
698 4199 979 4286 conditus,
1003 4215 1102 4273 sed
1124 4210 1539 4285 primogenitus.
1570 4204 1670 4262 Vel
1703 4202 1853 4259 enim
1884 4199 2079 4257 fratres

486 4292 533 4374 ei
563 4314 738 4383 dabis,
764 4312 976 4381 eritque
1015 4303 1417 4380 primogenitus
1445 4303 1693 4370 respectu
1725 4292 1856 4361 mei,
1899 4305 2070 4359 rana,

485 4403 697 4476 lapidis,
728 4378 1034 4469 rerumque
1057 4391 1466 4456 vilissimarum,
1505 4398 1741 4457 cumque
1778 4381 1862 4438 his
1888 4378 2079 4437 omni-

483 4470 585 4552 bus
630 4490 878 4565 ejusdem
918 4481 1259 4545 substantia.
1305 4478 1412 4550 Qui
1456 4476 1607 4535 enim
1656 4470 2060 4547 primogenitus

481 4593 583 4655 est,
608 4561 975 4640 homoousius
1002 4583 1085 4632 est
1109 4588 1237 4630 cum
1261 4570 1345 4626 his
1386 4580 1627 4640 quorum
1667 4570 1752 4620 est
1783 4561 2068 4635 primoge-

482 4653 647 4733 nitus.
682 4677 891 4731 Verum
930 4669 986 4724 in
1027 4672 1192 4738 caput
1217 4670 1378 4718 tuum
1405 4653 1749 4728 blasphemia
1800 4656 2069 4707 vertatur.

478 4766 631 4824 Talia
671 4763 822 4820 enim
845 4760 915 4818 de
936 4750 1377 4828 imcomparabili
1430 4740 1951 4822 gloria.Conditoris
1998 4739 2077 4794 iu-

2282 3773 2313 3809 α
2343 3749 2690 3831 Πρωτότοκος
2737 3750 2915 3824 πάσης
2943 3750 3185 3816 κτίσεως.
3227 3777 3254 3804 ι
3302 3750 3488 3813 Εἰπὼν
3518 3750 3598 3810 ὅτι
3630 3750 3793 3812 εἰκὼν

2193 3846 2283 3900 τοῦ
2307 3842 2450 3901 Θεοῦ
2481 3844 2574 3900 τοῦ
2621 3840 2876 3920 ἀοράτου,
2905 3841 3024 3901 τότε
3057 3840 3245 3921 ἐπάγει
3289 3842 3382 3901 xui
3410 3846 3608 3904 ταῦτα.
3656 3840 3794 3903 Ἐν-

2191 3933 2356 3988 ταῦθα
2406 3929 2459 3988 δὲ
2516 3932 2621 3988 τῶν
2683 3928 3106 4010 Ἀρειανιζόντων
3158 3930 3218 3991 τὸ
3268 3932 3406 4010 μέγα
3457 3930 3790 4010 μηχάνημα.

2192 4016 2416 4091 Ἐπειδὴ
2444 4017 2548 4101 γὰρ
2570 4064 2586 4096 ,
2619 4019 2777 4100 φασὶ,
2823 4041 2853 4079 α
2880 4021 3217 4101 πρωτότοκος
3250 4042 3277 4080 ιι
3310 4020 3518 4102 εἴρηται
3547 4048 3573 4076 κ
3610 4020 3795 4095 πάσης

2191 4108 2413 4176 κτίσεως
2432 4152 2448 4183 ,
2471 4137 2496 4163 ι
2526 4111 2731 4187 πρῶτος
2754 4113 2861 4168 τῶν
2892 4110 3200 4187 κτισμάτων
3235 4109 3368 4170 ἐστί.
3418 4109 3529 4171 Καὶ
3692 4115 3793 4172 οὐκ

2192 4189 2337 4274 εἷπε,
2370 4197 2801 4277 Πρωτόκτιστος,
2850 4199 2989 4258 ἀλλὰ
3014 4243 3031 4271 ,
3074 4222 3104 4260 (ι
3136 4197 3500 4279 Πρωτότοκος.
3532 4226 3553 4253 ι
3587 4196 3665 4260 Ἣ
3698 4200 3795 4259 καὶ

2191 4286 2445 4367 ἀδελφοὺς
2475 4289 2621 4369 αὐτῷ
2651 4286 2837 4355 δώσεις
2856 4332 2873 4362 ,
2909 4287 3001 4347 xui
3034 4293 3241 4370 πρῶτος
3271 4288 3423 4349 ἔσται
3451 4293 3660 4368 κάμοῦ,
3692 4292 3790 4351 καὶ

2193 4375 2465 4458 βατράχου
2488 4422 2505 4455 ,
2568 4378 2660 4436 καὶ
2711 4375 2892 4452 λίθου,
2947 4377 3042 4437 xui
3092 4382 3198 4439 τῶν
3252 4379 3592 4456 ἀτιμοτάτων
3613 4425 3630 4454 ,
3692 4379 3789 4439 xui

2188 4466 2464 4546 δμοούσιος
2518 4465 2716 4527 τούτων
2781 4466 3019 4551 πάντων.
3131 4466 3203 4529 Ὃ
3256 4469 3358 4549 γὰρ
3416 4469 3788 4551 πρωτότοκος,

2187 4557 2460 4636 δμοούσιος
2515 4556 2684 4630 δήπου
2713 4557 2767 4597 ⁸³
2813 4547 2888 4617 ὧν
2944 4559 3061 4617 ἐστι
3112 4547 3474 4638 πρωτότοκος.
3532 4555 3673 4620 Ἀλλ’
3709 4547 3785 4626 εἰς

2187 4646 2424 4726 κεφαλήν
2467 4670 2559 4709 σου
2596 4647 2656 4705 τὸ
2712 4646 3055 4726 βλάσφημον.
3089 4647 3171 4708 Τὸ
3200 4646 3304 4726 γὰρ
3333 4651 3553 4707 τοιαῦτα
3589 4648 3789 4707 ἐννοεῖν

2187 4737 2309 4817 περὶ
2353 4740 2451 4809 τῆς
2493 4735 2814 4818 ἀσυγκρίτου
2851 4736 3003 4809 δόξης
3052 4740 3146 4795 τοῦ
3195 4741 3571 4817 Δημιουργοῦ,
3604 4738 3779 4797 ἄθεον.

480 4857 721 4930 telligere
739 4852 976 4925 impium
1016 4854 1126 4905 est.
1147 4825 1494 4915 Quinetiam
1519 4832 1921 4910 primogenitus
1951 4844 2070 4886 non

2198 4828 2298 4930 Egi
2556 4873 2571 4901 ,
2630 4828 2659 4884 ὁ
2716 4825 3049 4906 πρωτότοκος
3110 4827 3169 4886 οὗ
3220 4825 3432 4895 πάντως
3488 4827 3619 4906 πρὸς
3662 4826 3790 4894 τοὺς

479 4922 707 5006 omnino
741 4922 1116 5015 adsequentes
1139 4934 1409 5008 pertinere
1450 4927 1652 4984 dicitur
1676 4925 1736 4981 in
1766 4922 2072 4995 Scriptura,

475 5038 572 5097 sed
609 5036 856 5094 absolute
881 5011 982 5100 sic,
1012 5027 1226 5102 primus
1248 5030 1433 5080 natus.
1462 5020 1583 5075 Hac
1623 5015 1813 5088 itaque
1853 5011 2070 5069 ratione

474 5130 713 5202 Deipara
722 5123 889 5181 Maria
907 5118 1113 5195 peperit
1134 5130 1268 5173 eum
1296 5109 1600 5169 secundum
1618 5120 1848 5163 carnem
1860 5102 2065 5176 primo-

476 5195 743 5296 genitum,
772 5214 866 5288 qui
890 5210 1120 5269 omnino
1141 5220 1256 5263 non
1280 5198 1534 5260 habuerit
1555 5195 1755 5254 fratres
1778 5201 1903 5267 post
1927 5206 2065 5249 sese.

477 5281 620 5369 Flam
637 5325 706 5367 ex
724 5281 827 5364 ista
851 5303 1019 5361 etiam
1046 5294 1358 5370 unigenitus
1385 5299 1523 5348 erat.
1542 5288 1709 5344 Hunc
1737 5285 1808 5342 ad
1837 5281 2070 5340 modum

472 5419 537 5459 ex
558 5403 719 5457 Patre
741 5404 827 5455 est
867 5388 1285 5467 primogenitus,
1336 5397 1450 5439 non
1490 5386 1819 5438 caterarum
1845 5380 2067 5431 creatu-

470 5505 661 5551 rarum
697 5465 966 5560 respectu,
990 5479 1089 5541 sed
1107 5477 1380 5538 absolute.
1424 5467 1759 5543 Unigenitus
1783 5465 1937 5523 enim
1966 5478 2056 5521 se-

2181 4915 2300 4989 ἑξῆς
2348 4916 2401 4957 ⁸1
2446 4915 2660 4995 λέγεται
2713 4915 2864 4995 παρὰ
3032 4913 3259 4997 Γραφῇ,
3320 4917 3443 4975 ἀλλ’
3502 4914 3783 4983 ἀπολύτως

3227 4995 3259 5031 τ

2181 5007 2377 5085 οὕτως,
2406 5009 2434 5066 ὁ
2472 5008 2680 5087 πρῶτος
2717 5003 2944 5085 τεχθείς.
2981 5003 3170 5073 Οὕτως
3199 5003 3289 5066 οὖν
3317 5005 3411 5065 xui
3451 5011 3486 5078 ἡ
3517 5003 3785 5073 Θεοτόκος

2182 5096 2416 5178 Μαριὰμ
2460 5094 2636 5156 ἔτεκεν
2678 5094 2835 5155 αὐτὸν
2878 5094 2942 5154 τὸ
2991 5092 3134 5155 κατὰ
3175 5093 3352 5175 σάρκα
3392 5094 3737 5178 πρωτότοκον
3762 5142 3781 5175 ,

2181 5188 2275 5247 οὐκ
2302 5185 2495 5267 ἔχοντα
2543 5183 2759 5255 πάντως
2797 5183 3054 5267 ἀδελφοὺς
3103 5182 3289 5265 ἐφεξῆς
3324 5187 3471 5267 αὓτῷ
3506 5208 3521 5223 ο
3556 5203 3784 5265 μονογε-

2180 5276 2273 5349 νὴς
2314 5276 2416 5373 γριρ
2465 5275 2560 5373 xui
2604 5277 2667 5373 ἐκ
2712 5274 2935 5373 ταύτης.
2985 5273 3148 5373 ρῦτω
3204 5273 3269 5373 δὴ
3313 5273 3407 5373 xui
3465 5277 3526 5334 ἐκ
3563 5275 3785 5354 Πατρὸς

2179 5363 2509 5447 πρωτότοιώς
2530 5410 2549 5441 ,
2581 5366 2683 5447 οὐχ
2721 5366 2794 5435 ὣς
2821 5363 2953 5447 πρὸς
2981 5363 3051 5424 τὰ
3097 5363 3263 5426 λοιπὰ
3310 5363 3622 5444 κτίσματα,
3656 5365 3765 5423 ἀλλ

2180 5455 2458 5526 ἀπολύτως
2484 5480 2500 5495 ·
2533 5454 2818 5536 μονογενὴς
2856 5453 2962 5538 γὰρ
3000 5448 3095 5517 xui
3134 5453 3276 5516 κατὰ
3302 5453 3401 5529 τὴν
3431 5451 3543 5515 ἄνω
3577 5451 3782 5535 γέννη-

1877 5576 2063 5638 Varia
2104 5574 2405 5638 lectiones.

562 5721 587 5757 °
615 5715 806 5780 ἀκλεὲς
832 5728 910 5773 ω·
982 5710 1023 5750 ⁸¹
1050 5707 1271 5780 οὖδαμοΰ
1297 5719 1355 5764 0-
1428 5700 1472 5739 ⁸³
1497 5699 1613 5764 τοὺς
1636 5697 1905 5761 ἀκούοντας
1929 5710 2016 5754 m.
2100 5691 2150 5735 ³³
2172 5693 2361 5751 τούτων
2383 5708 2436 5752 ο.
2509 5690 2556 5730 ⁶⁴
2576 5688 2747 5765 ἐφεξῆς
2774 5707 2832 5751 ο.
