4104 6444
332 391 458 443 1221

1183 387 1534 446 EXPOSlTlO
1579 391 1644 445 IN
1685 391 1891 447 EPIST.
1933 391 2020 445 AD
2063 390 2339 448 COLOSS.
2382 420 2454 434 —-
2489 393 2643 448 CAP.
2685 394 2732 447 Ι.

3493 398 3628 450 1222

329 537 434 576 σιν.
489 513 562 573 Τί
595 503 683 571 οῦν
732 513 872 572 ἐστιν
901 511 933 573 ὅ
974 535 1133 594 φησιν
1166 516 1193 571 ὁ
1235 517 1452 582 Παῦλος
1500 520 1620 587 νῦν,
1657 515 1786 596 πρὸς
1819 514 1917 587 τὴν
1950 577 1951 582 η

2042 516 2283 573 cundum
2309 533 2606 590 supernam
2649 517 2815 574 etiam
2862 516 3220 573 nativitatem.
3276 517 3424 588 Quid
3465 519 3632 591 igitur

329 601 747 681 κατεπείγουσαν
780 602 1026 662 ὑπόθεσιν
1075 604 1447 681 ἐνιστάμενος,
1491 605 1582 664 καὶ
1620 606 1918 664 ἀνασκευά-

330 697 431 763 ζων
463 692 559 766 τὴν
605 691 869 774 ὑπόληψιν
915 696 1021 751 τῶν
1075 694 1464 769 Κολοσσαέων,
1509 691 1627 756 Ἵνα
1658 693 1734 771 μὴ
1767 695 1918 772 νομί·-

332 805 496 840 σωσιν
525 780 605 841 ὅτι
638 781 886 862 νεώτερός
919 783 1032 841 ἐστι
1061 785 1163 841 τῶν
1195 782 1432 860 ἀγγέλων
1455 830 1470 857 ,
1507 782 1557 842 εἴ
1581 806 1642 862 γε
1676 785 1723 841 οἱ
1749 783 1920 842 πάλαι

331 871 428 947 μὲν
455 872 522 930 δι’
560 870 771 930 ἐκείνων
806 871 1134 952 προσήγοντο
1157 917 1175 945 ,
1211 876 1299 930 νῦν
1329 871 1383 931 δὲ
1433 874 1587 940 αὐτὸς
1630 873 1918 954 προσάγειν

326 959 582 1040 λέγεται·
636 961 885 1040 βούλεται
926 960 1129 1034 δεῖξαι,
1177 960 1256 1020 ὅτι
1287 962 1392 1032 πρὸ
1432 962 1608 1036 πάσης
1666 966 1763 1034 τῆς
1815 962 1923 1021 κτί-

326 1050 460 1118 σεώς
489 1054 629 1110 ἐστιν
657 1054 686 1110 ὁ
728 1049 873 1118 Υἱός.
900 1052 1028 1120 Πῶς
1065 1048 1174 1130 ὤν;
1206 1050 1311 1112 Διὰ
1341 1052 1655 1131 γεννήσεως.
1709 1056 1919 1113 Οὐκοῦν

327 1139 420 1199 καὶ
455 1143 560 1199 τῶν
591 1139 831 1221 ἀγγέλων
874 1140 1127 1220 πρότερος
1156 1141 1233 1218 ⁸⁵,
1283 1142 1374 1200 καὶ
1415 1141 1583 1209 οὕτως
1604 1189 1620 1220 ,
1655 1142 1792 1201 ὥστε
1830 1141 1922 1201 καὶ

330 1230 486 1297 αὐτὸς
535 1229 741 1289 ἔκτισεν
773 1229 979 1298 αὐτούς.
1025 1228 1162 1312 Ἄρα
1192 1221 1280 1290 οῦν
1322 1232 1412 1290 καὶ
1442 1231 1490 1290 εἴ
1535 1257 1586 1292 τι
1616 1233 1664 1290 οἱ
1709 1232 1921 1309 ἄγγελοι

331 1321 385 1380 ἐν
511 1321 731 1401 Παλαιᾷ
760 1319 1109 1394 διηκόνησαν,
1136 1323 1298 1380 αὐτοῦ
1332 1325 1495 1383 ἐστιν.
1525 1319 1676 1401 "Ope:
1708 1312 1796 1379 οὖν
1825 1321 1922 1392 τὴν

331 1409 520 1490 σοφίαν
550 1414 641 1468 τοῦ
689 1409 1006 1470 Ἀποστόλου
1035 1433 1049 1447 ο
1093 1409 1215 1471 Ἵνα
1259 1409 1334 1487 μὴ
1386 1413 1645 1485 ἀκούσας,
1701 1411 1780 1469 ὅτι
1821 1411 1922 1492 πρὸ

329 1498 504 1571 πάσης
549 1497 662 1558 ἐστὶ
707 1503 803 1572 τῆς
850 1498 1104 1580 κτίσεως,
1160 1501 1393 1581 ἄναρχον
1446 1501 1602 1559 αὐτὸν
1668 1499 1920 1580 νομίσῃς,

332 1588 570 1648 διδάσκει
621 1612 712 1664 σε,
763 1587 842 1647 ὅτι
901 1589 1122 1671 Πατέρα
1174 1589 1324 1670 ἔχει,
1376 1589 1466 1649 καὶ
1511 1589 1563 1658 ἐξ
1599 1591 1761 1649 αὐτοῦ
1811 1591 1923 1648 ἐστι

331 1677 599 1758 γεννητός.
647 1676 870 1750 Ἐπειδὴ
905 1677 1008 1756 γὰρ
1063 1678 1156 1737 καὶ
1207 1679 1363 1747 αὐτὸς
1419 1677 1609 1739 καὶτὰ
1659 1679 1835 1738 πάντα
1866 1681 1925 1738 ἐκ

331 1773 424 1826 τοῦ
455 1771 626 1840 Θεοῦ,
654 1767 784 1826 αὐτὸ
810 1772 967 1826 τοῦτο
998 1769 1255 1828 δείκνυσιν
1279 1814 1295 1843 ,
1329 1768 1410 1828 ὅτι
1441 1770 1596 1836 ἄλλος
1629 1761 1802 1846 οὗτος,
1833 1769 1925 1828 καὶ

2025 614 2107 660 est
2131 605 2280 679 quod
2308 607 2508 664 Paulus
2537 615 2923 680 argumentum
2943 623 3052 678 quo
3110 607 3413 680 urgebatur
3442 609 3621 680 impu-

2029 695 2269 766 gnando,
2341 697 2865 769 Colossensiumque
2929 696 3248 767 opinionem
3331 697 3626 754 refutando

2028 785 2180 840 nunc
2197 783 2374 842 dicit?
2410 789 2490 842 Ne
2533 785 2847 842 existiment
2878 785 3163 842 Christum
3191 800 3312 843 esse
3343 787 3628 858 juniorem

2029 873 2270 946 angelis;
2318 874 2760 948 quandoquidem
2808 883 3013 931 veteres
3059 875 3285 947 quidem
3353 891 3449 947 per
3493 877 3616 934 illos

2029 963 2444 1021 adducebantur
2471 965 2542 1022 ad
2574 967 2784 1034 Deum,
2830 981 2980 1021 nunc
3007 980 3138 1022 vero
3181 964 3298 1036 ipse
3347 965 3621 1023 adducere

2031 1052 2252 1121 dicitur,
2327 1055 2447 1110 vult
2489 1062 2951 1122 commonstrare,
3005 1053 3153 1126 quod
3223 1062 3353 1112 ante
3397 1071 3632 1112 omnem

2029 1151 2362 1213 creaturam,
2395 1144 2641 1217 adeoque
2687 1142 2971 1200 conditum
3000 1143 3273 1200 mundum
3325 1145 3400 1201 sit
3436 1145 3628 1202 Filius.

2033 1233 2368 1302 Quomodo?
2425 1238 2528 1291 Per
2595 1234 3032 1307 generationem.
3083 1236 3265 1304 Quare
3329 1242 3383 1290 et
3426 1235 3635 1306 angelis

2032 1330 2114 1377 est
2142 1323 2312 1394 prior,
2344 1332 2506 1397 atque
2536 1324 2634 1393 ita,
2671 1330 2734 1379 ut
2758 1331 2812 1379 et
2842 1323 2956 1394 ipse
2983 1337 3079 1379 eos
3108 1322 3437 1380 condiderit.
3465 1323 3637 1395 Igitur

2032 1411 2076 1467 si
2117 1411 2248 1484 quid
2268 1414 2450 1486 angeli
2473 1413 2526 1468 in
2550 1413 2737 1470 Veteri
2783 1415 3136 1469 Testamento
3162 1411 3636 1482 administrarunt,

2033 1500 2204 1571 ipsius
2233 1511 2332 1558 est.
2367 1503 2708 1575 Sapientiam
2736 1503 2921 1574 itaque
2970 1501 3221 1574 Apostoli
3269 1502 3360 1558 hic
3392 1502 3639 1559 animad-

2033 1603 2203 1650 verte.
2243 1598 2325 1652 Ne
2353 1597 2650 1664 arbitreris,
2701 1612 2835 1652 cum
2865 1595 3020 1652 audis
3055 1613 3186 1652 eum
3230 1604 3356 1652 ante
3409 1613 3639 1653 omnem

2033 1696 2152 1737 esse
2182 1690 2516 1752 creaturam,
2584 1692 2870 1755 propterea
2912 1697 3110 1738 carere
3139 1682 3436 1754 principio,
3474 1682 3646 1740 docet

2032 1777 2086 1824 te
2107 1769 2258 1842 quod
2287 1774 2507 1827 Patrem
2535 1770 2756 1839 habeat,
2779 1779 2836 1828 et
2864 1771 2931 1826 ab
2962 1770 3082 1841 ipso
3107 1779 3191 1826 est
3217 1771 3458 1841 genitus.
3492 1774 3635 1828 Cum

343 1857 510 1924 ἄλλος
547 1857 742 1924 ἐκεῖνος
767 1857 820 1896 ⁸6
846 1881 860 1895 ο
891 1858 982 1917 καὶ
1010 1857 1091 1918 ὅτι
1117 1862 1145 1917 ὁ
1173 1858 1268 1936 μὲν
1288 1905 1304 1933 ,
1334 1862 1403 1926 ὡς
1429 1863 1488 1918 ἐκ
1519 1859 1729 1938 Πατρὸς
1759 1858 1882 1926 Υἱός
1917 1879 1929 1892 ⁸

2046 1861 2195 1916 enim
2223 1871 2277 1916 et
2301 1861 2415 1933 ipse
2438 1871 2492 1918 et
2521 1861 2711 1917 omnia
2747 1877 2811 1916 ex
2849 1862 2968 1916 Deo
3006 1859 3134 1928 sint,
3167 1859 3301 1915 illud
3324 1861 3510 1931 ipsum
3555 1862 3641 1918 in-

334 1945 402 2003 τὰ
452 1945 507 2005 δὲ
557 1949 627 2015 ὡς
671 1945 942 2022 κτίσματα
972 1949 1062 2024 ξδι⁹
1094 1951 1256 2008 αὐτοῦ
1293 1947 1480 2008 τούτου
1517 1954 1608 2008 τοῦ
1651 1951 1779 2010 Υἱοῦ
1815 1972 1927 2008 xu—

335 2034 550 2098 σθέντα.
596 2035 797 2118 Ἐπιφέ
804 2060 879 2118 ρει
911 2026 1024 2098 οῦν.

427 2238 458 2276 α
482 2214 616 2279 Ὀτι
645 2217 697 2276 ἐν
727 2218 873 2297 αὗτῷ
905 2216 1118 2291 ἐκτίσθη
1145 2216 1212 2277 τὰ
1244 2217 1453 2291 πάντα,
1501 2217 1572 2277 τὰ
1617 2218 1670 2276 ἐν
1705 2226 1812 2285 τοῖς
1837 2218 1930 2278 οὖ-

339 2315 512 2386 ρανοῖς
532 2351 548 2380 ,
573 2305 666 2366 καὶ
695 2306 762 2366 τὰ
791 2309 878 2366 ἐπὶ
907 2311 1002 2380 τῆς
1024 2311 1142 2387 γῆς.
1179 2335 1204 2360 υ
1239 2309 1349 2380 Τὸ,
1386 2329 1416 2366 α
1443 2307 1540 2368 Ἐν
1562 2310 1726 2388 αὐτῷ,
1752 2335 1777 2362 ι
1811 2307 1931 2366 ἀντὶ

335 2405 459 2472 τοῦ,
490 2396 554 2454 δι’
584 2398 741 2457 αὐτοῦ
761 2443 778 2473 ,
804 2399 878 2465 ὡς
921 2397 1073 2465 αὐτὸς
1124 2396 1308 2474 ἐφεξῆς
1357 2397 1514 2468 δεῖξει
1549 2397 1621 2456 ⁸⁷.
1662 2395 1845 2477 Ὅπερ
1874 2396 1932 2456 δὲ

340 2485 635 2566 ἀμφίϐολον
677 2479 779 2565 ἦν,
822 2486 883 2546 τὸ
923 2485 1044 2568 περὶ
1077 2490 1180 2545 τῶν
1234 2488 1288 2545 ἐν
1332 2489 1602 2568 οὐρανοῖς,
1658 2494 1812 2547 τοῦτο
1846 2486 1932 2545 τέ-

341 2565 480 2634 θεικε
504 2577 734 2654 πρῶτον.
783 2577 852 2636 Εἰ
899 2565 1004 2634 οἷν
1040 2577 1088 2634 οἱ
1136 2575 1352 2657 ἄγγελοι
1397 2565 1464 2636 δι’
1497 2579 1656 2637 αὐτοῦ
1686 2575 1933 2651 ἐκτίσθη-

343 2688 478 2740 σαν,
507 2669 619 2735 πῶς
649 2663 894 2747 πρότεροι
924 2667 1086 2726 αὐτοῦ
1110 2691 1126 2741 ;

421 2866 453 2904 (ι
486 2845 575 2907 Τὰ
618 2845 814 2926 δρατὰ,
861 2844 952 2905 καὶ
994 2844 1064 2904 τὰ
1115 2845 1353 2926 ἀόρατα,
1410 2844 1516 2905 εἴτε
1565 2844 1776 2925 θρόνοι,
1829 2844 1934 2905 εἴτε

340 2935 682 3016 κυριότητες,
720 2935 826 2995 εἴτε
856 2935 1042 3017 ἀρχαὶ,
1075 2933 1182 2995 εἴτε
1211 2935 1464 3006 ἐξουσίαι.
1505 2963 1529 2989 ››
1573 2937 1650 2996 Τὸ
1684 2938 1938 2996 λεπτολο-

339 3013 450 3101 γεῖν
492 3025 613 3106 περὶ
653 3029 757 3085 τῶν
789 3013 991 3106 opai-div
1028 3013 1219 3106 ἀφεὶς,
1252 3029 1322 3093 ὣς
1369 3025 1771 3107 ἀναμφίϐολον,
1815 3013 1965 3106 περὶ’

338 3119 432 3173 τοῦ
463 3114 964 3196 ἀμφιϐαλλομένου,
982 3118 1089 3174 τῶν
1123 3116 1382 3195 ἀοράτων,
1409 3116 1586 3195 φημὶ,
1611 3116 1749 3174 κατὰ
1785 3113 1942 3196 μέρος

2047 1949 2215 2018 dicat,
2266 1951 2419 2023 quod
2455 1951 2591 2008 alius
2616 1952 2740 2022 iste,
2783 1959 2838 2006 et
2891 1949 3034 2004 alius
3075 1948 3190 2018 ille,
3224 1958 3279 2004 et
3304 1949 3453 2022 quod
3508 1951 3637 2017 iste,

2035 2053 2136 2095 ceu
2176 2054 2246 2095 ex
2286 2042 2447 2096 Patre
2473 2040 2690 2097 Filius:
2725 2038 2844 2096 haec
2882 2053 3029 2106 vero,
3060 2053 3160 2094 ceu
3205 2047 3476 2096 creaturae
3521 2055 3620 2112 per

2034 2125 2186 2184 hunc
2230 2129 2414 2200 ipsum
2437 2129 2640 2187 Filium
2683 2129 2948 2185 conditae.
2991 2126 3166 2183 Infert
3195 2127 3365 2200 igitur
3399 2148 3412 2183 :

2108 2216 2273 2289 47],
2309 2221 2488 2276 Vnns.
2546 2223 2628 2275 16.
2680 2219 2943 2286 Quoniam
2989 2220 3047 2274 in
3077 2220 3191 2289 ipso
3235 2219 3464 2274 condita
3513 2224 3643 2275 sunt

2035 2314 2289 2368 universa
2309 2330 2429 2385 quia
2445 2319 2572 2370 sunt
2612 2317 2672 2368 in
2701 2315 2864 2377 cwlis,
2901 2317 2950 2369 et
2983 2328 3103 2384 qua:
3143 2314 3204 2367 in
3268 2316 3434 2369 terra.
3473 2343 3545 2355 —
3572 2317 3640 2369 In

2033 2396 2169 2464 ipso,
2197 2403 2281 2450 est
2312 2411 2431 2466 pro,
2464 2410 2559 2466 per
2601 2394 2806 2466 ipsum,
2841 2393 3066 2466 perinde
3097 2408 3162 2449 ac
3186 2393 3246 2449 in
3271 2394 3634 2465 sequentibus

2037 2482 2150 2553 ipse
2180 2483 2462 2541 indicabit.
2490 2483 2653 2556 Quod
2693 2491 2880 2540 autem
2920 2482 3245 2555 ambiguum
3294 2491 3432 2552 erat,
3462 2481 3532 2540 de
3562 2500 3644 2541 re-

2038 2571 2141 2628 bus
2187 2589 2382 2646 nempe
2437 2573 2772 2641 coelestibus,
2807 2573 3048 2644 primum
3100 2571 3302 2642 posuit.
3364 2573 3422 2629 Si
3470 2573 3639 2645 igitur

2039 2665 2217 2742 angeli
2239 2678 2339 2734 per
2361 2679 2490 2720 eum
2530 2663 2736 2720 conditi
2764 2671 2912 2731 sunt,
2936 2662 3226 2735 quomodo
3275 2669 3404 2718 sunt
3427 2663 3636 2735 priores

2039 2762 2162 2833 ipso
2184 2764 2207 2815 Ρ

2118 2847 2389 2912 Visibilia,
2430 2848 2480 2900 et
2507 2843 2830 2907 invisibilia,
2870 2843 2982 2898 sive
3011 2842 3213 2911 throni,
3240 2845 3350 2899 sive
3377 2842 3632 2898 dom-ina-

2044 2943 2232 3007 tiones,
2260 2939 2368 2992 sive
2380 2918 2746 3006 principatus,
2763 2937 2871 2990 sive
2883 2938 3196 3004 potestates.
3230 2938 3312 2990 De
3334 2932 3642 2990 visibilibus

2043 3030 2314 3087 subtiliter
2338 3027 2487 3098 loqui
2524 3023 2980 3098 praetermittens,
3028 3031 3090 3079 ut
3133 3022 3203 3080 de
3251 3022 3455 3096 quibus
3500 3020 3640 3076 nihil

2047 3129 2193 3177 esset
2223 3115 2634 3181 controversiae,
2676 3113 2747 3171 de
2777 3113 3068 3186 ambiguis,
3101 3113 3464 3169 invisibilibus
3486 3110 3649 3167 nimi-

339 3203 601 3272 διέξεισιν.
646 3206 728 3264 Οὖ
756 3205 959 3272 πάντας
999 3204 1056 3264 δὲ
1096 3203 1212 3272 τοὺς
1245 3205 1354 3264 ἄνω
1398 3205 1718 3283 διακόσμους
1758 3206 1934 3273 ἷδικῶς

2049 3207 2484 3282 rum,speciatim
2505 3204 2748 3262 disserit.
2785 3206 2916 3260 Non
2943 3211 3128 3260 tamen
3158 3217 3350 3260 omnes
3378 3215 3650 3274 supernos

337 3291 566 3352 τέθεικεν
591 3339 611 3369 ,
665 3291 757 3352 ἅτε
806 3293 913 3351 ἀπὸ
963 3296 1076 3352 τῶν
1109 3295 1363 3371 μειζόνων
1417 3295 1506 3352 καὶ
1557 3293 1625 3352 τὰ
1679 3295 1936 3354 ἐλάττονα

342 3380 537 3459 [τιθεὶς
565 3382 689 3462 καὶ]
722 3382 951 3449 δεικνύς.
994 3381 1218 3464 Ἀόρατα
1247 3385 1348 3463 γὰρ
1373 3383 1575 3458 δήπου,
1607 3383 1698 3442 καὶ
1728 3384 1940 3464 ἀρχάγ-

403 3472 428 3528 λ
580 3470 592 3491 ⁸
629 3471 664 3529 ἄ
761 3474 794 3531 λ
995 3471 1006 3493 ‘
1083 3475 1102 3530 ἱ
1225 3474 1238 3493 ¹
1285 3477 1296 3491 ’
1496 3497 1512 3509 ε
1580 3473 1630 3509 ὀ
1669 3470 1696 3496 "
1844 3475 1858 3494 ⁵
1911 3471 1926 3494 “

340 3494 400 3550 γε
425 3493 486 3529 ιοι
509 3495 600 3531 και
667 3493 758 3551 γγε
796 3496 878 3549 οι,
923 3496 1014 3530 και
1049 3495 1081 3530 α
1132 3477 1389 3552 ἡμετεραι
1421 3475 1593 3553 ψυλαι
1659 3495 1796 3531 ωστε
1830 3495 1938 3531 απο

342 3559 556 3620 ἐκείνων
587 3560 825 3642 καὶπερὶ
858 3561 1055 3620 τούτων
1083 3563 1268 3634 δῆλον.

429 3677 456 3703 α
491 3649 578 3711 Τὰ
607 3648 784 3710 πάντα
836 3649 902 3709 δι’
950 3653 1107 3710 αὐτοῦ
1140 3651 1232 3709 καὶ
1285 3652 1358 3717 εἰς
1392 3649 1548 3710 αὐτὸν
1606 3650 1869 3712 ἔκτισται.
1900 3673 1929 3710 ι)

337 3739 479 3800 Ἰδοὺ
509 3740 638 3820 ὅπερ
664 3739 912 3818 ἀνωτέρω
946 3731 1090 3800 εἶπεν
1110 3786 1126 3815 ,
1179 3768 1204 3794 α
1238 3739 1330 3802 Ἐν
1378 3742 1548 3821 αὐτῷ,
1578 3762 1606 3798 )›
1649 3745 1802 3800 τοῦτο
1847 3747 1938 3800 νῦν

337 3828 518 3910 λέγει,
556 3857 581 3882 ι
617 3828 700 3890 Δι’
725 3832 884 3890 αὐτοῦ
910 3855 922 3867 ·
953 3859 975 3884 υ
1015 3831 1152 3889 καθὰ
1180 3831 1272 3890 καὶ
1298 3833 1326 3888 ὁ
1351 3830 1727 3910 εὓαγγελιστὴς
1757 3830 1939 3892 Ἰωάνα

334 3942 432 3992 νης
469 3938 485 3953 '
523 3941 553 3977 α
593 3919 785 3980 Πάντα
835 3922 902 3978 δι’
949 3920 1108 3979 αὐτοῦ
1155 3919 1382 3998 ἐγένετο.
1432 3955 1512 3966 --
1560 3920 1749 3981 Πάντα
1786 3945 1816 3979 ιο
1852 3921 1942 3994 δὲ,

337 4006 533 4084 εἰπὼν,
583 4010 642 4068 οὗ
696 4008 1093 4090 συμπεριέλαϐε
1148 4010 1209 4068 τὸ
1265 4013 1516 4086 Πνεῦμα.
1560 4012 1664 4082 ⁵Οὐ
1717 4009 1822 4090 γὰρ
1885 4009 1939 4069 ἓν

338 4102 444 4158 τῶν
493 4097 704 4158 πάντων
744 4098 856 4157 ἐστὶ
906 4099 964 4157 τὸ
1015 4103 1277 4178 Πνεῦμα,
1338 4100 1457 4158 ἀλλ’
1513 4097 1566 4158 ἓν
1621 4101 1936 4179 ἀπολύτως,

338 4184 522 4267 ὥσπερ
552 4178 624 4256 εἶς
654 4189 820 4262 Θεὸς,
861 4188 951 4247 καὶ
983 4179 1056 4256 εἶς
1097 4189 1313 4270 Κύριος.
1355 4212 1387 4270 (ι
1432 4189 1620 4249 Πάντα
1650 4212 1677 4248 ››
1717 4181 1805 4248 οῦν
1840 4178 1938 4249 ὅσα

338 4276 523 4355 γέγονε
547 4321 564 4351 ,
591 4298 622 4336 α
653 4278 718 4337 δι’
749 4281 907 4360 αὐτοῦ
935 4269 1198 4338 ἔκτισται.
1227 4299 1256 4336 ι)
1289 4269 1430 4340 Εἶτα
1448 4323 1464 4351 ,
1488 4277 1576 4337 ἵνα
1611 4279 1687 4357 μὴ
1719 4279 1940 4360 νομίσῃς

339 4366 599 4446 ὑπουργὸν
628 4366 783 4426 αὐτὸν
815 4356 980 4446 εἶναι,
1018 4394 1044 4421 α
1076 4367 1187 4428 Καὶ
1217 4369 1290 4435 εἷς
1320 4369 1476 4428 αὐτὸν
1497 4413 1515 4446 ,
1542 4390 1572 4426 ι)
1612 4367 1762 4444 φησὶ,
1790 4393 1943 4428 τουτ-

339 4455 484 4514 έστιν
506 4500 523 4530 ,
571 4457 640 4524 εἷς
671 4455 828 4514 αὐτὸν
872 4456 1138 4536 κρέμαται
1167 4457 1236 4517 τὰ
1287 4458 1487 4518 πάντα.
1543 4458 1658 4518 Καὶ
1692 4460 1749 4516 οὖ
1783 4458 1940 4535 μόνον

2051 3307 2278 3356 ornatu
2294 3296 2575 3371 sigillatim
2600 3294 2812 3368 posuit,
2834 3292 3037 3367 quippe
3066 3291 3219 3364 quod
3248 3308 3312 3349 ex
3339 3291 3650 3364 majoribus

2049 3389 2270 3444 minora
2287 3388 2453 3443 etiam
2473 3383 2734 3442 ostendit.
2760 3383 3062 3439 lnvisibilia
3079 3382 3348 3439 nimirum
3373 3391 3502 3438 sunt
3518 3396 3647 3437 cum

2047 3477 2390 3550 archangeli,
2419 3483 2540 3531 tum
2569 3473 2771 3545 angeli,
2799 3473 3112 3545 animaeque
3152 3481 3380 3530 nostrae.
3406 3471 3651 3528 Proinde

2051 3582 2115 3622 ex
2146 3566 2256 3622 illis
2297 3566 2367 3621 de
2395 3564 2512 3621 istis
2533 3563 2699 3618 etiam
2726 3560 3018 3617 manifeste
3059 3561 3354 3632 colligitur.

2123 3659 2316 3714 Omnia
2352 3671 2459 3726 per
2484 3656 2659 3724 ipsum
2711 3657 2761 3708 et
2788 3653 2851 3706 in
2885 3654 3065 3722 ipsum
3107 3656 3235 3706 sunt
3266 3650 3504 3706 condita.
3536 3652 3646 3721 En,

2050 3747 2199 3821 quod
2229 3760 2394 3817 supra
2423 3743 2582 3812 dixit,
2604 3746 2670 3798 In
2691 3744 2826 3813 ipso,
2848 3742 2989 3813 jam,
3015 3744 3116 3798 Per
3134 3745 3333 3812 ipsum,
3354 3741 3433 3796 ait
3465 3760 3478 3794 ε
3507 3739 3652 3796 sicut

2050 3846 2104 3892 et
2139 3835 2480 3908 Evangelista
2522 3836 2765 3889 Joannes
2823 3831 3070 3888 :Omnia
3109 3847 3213 3902 per
3257 3833 3442 3902 ipsum
3493 3832 3648 3898 facta

2049 3923 2223 3980 sunt]
2263 3926 2456 3982 Omnia
2493 3931 2678 3978 autem
2725 3920 2932 3985 dicens,
3008 3919 3275 3993 Spiritum
3332 3935 3446 3976 non
3490 3935 3650 3976 com-

2050 4014 2341 4087 prehendit
2388 4034 2399 4068 :
2455 4029 2569 4068 non
2603 4012 2752 4068 enim
2805 4010 3048 4083 Spiritus
3094 4027 3237 4065 unus
3291 4017 3376 4066 est
3426 4025 3493 4065 ex
3545 4009 3651 4066 illis

2049 4109 2331 4177 omnibus,
2392 4107 2492 4165 sed
2525 4122 2667 4162 unus
2703 4114 2787 4162 est
2834 4105 3109 4174 absolute,
3167 4102 3649 4178 quemadmodum

2051 4216 2193 4256 unus
2231 4203 2382 4255 Deus
2409 4206 2464 4254 et
2491 4213 2634 4254 unus
2656 4195 2948 4252 Dominus.
2978 4196 3175 4253 Omnia
3196 4197 3366 4266 igitur
3387 4209 3652 4266 quaecun-

2049 4306 2154 4363 que
2182 4288 2325 4345 facta
2356 4295 2508 4358 sunt,
2531 4303 2631 4359 per
2655 4289 2833 4359 ipsum
2858 4291 2986 4342 sunt
3013 4285 3246 4342 condita.
3299 4284 3530 4354 Deinde,
3585 4299 3654 4340 ne

2051 4388 2212 4451 putes
2265 4379 2443 4450 ipsum
2494 4392 2613 4434 esse
2669 4377 2990 4433 ministrum
3041 4376 3126 4433 vel
3170 4373 3652 4443 subconditorem,

2049 4469 2257 4542 adjicit,
2289 4474 2340 4525 et
2380 4471 2437 4524 in
2464 4471 2663 4539 ipsum,
2696 4466 2753 4522 id
2790 4475 2893 4535 est,
2919 4466 2988 4522 ab
3017 4467 3135 4537 ipso
3177 4465 3415 4537 pendent
3441 4464 3650 4520 omnia.

339 4544 588 4617 ἐποίησεν
654 4545 836 4618 αὐτὸς,
891 4545 1030 4605 ἀλλὰ
1091 4546 1180 4606 καὶ
1235 4548 1387 4615 αὐτὸς
1444 4547 1581 4606 αὐτὰ
1627 4558 1943 4628 συγκρατεῖ,

2055 4561 2174 4616 Nec
2201 4558 2317 4632 ipse
2339 4573 2399 4613 ea
2435 4565 2653 4614 tantum
2694 4555 2963 4624 condidit,
3013 4571 3206 4610 verum
3235 4555 3402 4610 etiam
3443 4568 3506 4608 ea
3537 4553 3653 4624 ipse

339 4631 480 4693 ὥστε
506 4634 592 4719 *ἂν
640 4637 964 4715 ἀποσπασθῇ
1009 4639 1102 4709 τῆς
1149 4638 1309 4696 αὐτοῦ
1332 4638 1612 4719 προνοίας,
1645 4637 1940 4698 ἀπόλωλεν.

336 4723 460 4784 Οὔκ
487 4714 606 4785 εἷπε
655 4723 744 4801 δὲ,
775 4714 1071 4806 Διακρατεῖ
1094 4771 1109 4799 ,
1157 4726 1298 4786 ἀλλὰ
1350 4714 1410 4785 τῦ
1462 4726 1821 4806 λεπτότερον,
1854 4730 1949 4794 Εἰς

345 4812 504 4873 αὐτὸν
559 4813 805 4875 ἆπονεύει
860 4816 954 4874 καὶ
994 4815 1259 4896 κρέμαται
1285 4840 1296 4854 ο
1340 4817 1434 4876 καὶ
1479 4820 1636 4875 τοῦτο
1688 4817 1844 4893 μόνον
1891 4818 1951 4877 τὸ

341 4907 472 4984 πρὸς
521 4904 681 4965 αὐτὸν
727 4905 1000 4965 ἀπονεύειν
1069 4907 1250 4966 ἱκανόν
1301 4909 1413 4966 ἐστι
1466 4908 1772 4987 διακρατεῖν
1850 4906 1944 4966 καὶ

341 4991 645 5076 συσφίγγειν
698 4995 856 5057 αὗτά.
905 4997 1078 5057 Τοῦτο
1109 4995 1165 5054 δὲ
1203 4998 1304 5078 οὐχ
1355 4988 1513 5068 ἧττον
1556 5001 1648 5055 τοῦ
1687 4999 1941 5077 δημιουρ-

339 5081 507 5160 γῆσαί
529 5087 644 5144 ἐστι
665 5107 680 5123 ο
713 5085 916 5163 μᾶλλον
940 5084 1017 5166 ιδὲ
1045 5086 1168 5146 ὅσον
1213 5086 1320 5144 ἀπὸ
1345 5089 1450 5144 τῶν
1481 5087 1603 5146 καθ’
1632 5090 1776 5163 ἡμᾶς
1798 5129 1816 5159 ,
1849 5086 1940 5146 καὶ

342 5175 542 5250 μεῖζον.
593 5173 704 5235 Καὶ
733 5174 836 5255 γὰρ
869 5177 1022 5252 ἡμεῖς
1053 5174 1387 5256 ἐργαζόμεθα
1432 5176 1530 5253 μὲν
1579 5174 1824 5253 ἱμάτιον,
1852 5200 1940 5236 τυ-

342 5259 474 5340 χὸν,
500 5259 536 5335 ἢ
577 5262 779 5343 οἴκημα
811 5287 825 5302 ο
855 5269 1185 5346 συντηρῆσαι
1217 5265 1273 5326 δὲ
1303 5265 1413 5325 ἀπὸ
1449 5269 1541 5338 τῆς
1581 5271 1778 5346 φθορᾶς
1810 5266 1939 5326 αὐτὸ

344 5351 404 5408 οὖ
432 5351 702 5430 δυνάμεθα
734 5377 748 5393 ο
781 5352 935 5425 αὐτὸς
964 5354 1021 5416 δέ
1046 5356 1138 5415 καὶ
1165 5353 1383 5430 ἐποίησε
1411 5353 1505 5414 καὶ
1543 5362 1816 5437 συντηρεῖ.
1924 5361 1930 5371 ’

415 5533 432 5578 ³
461 5535 616 5595 Joan.
647 5551 696 5606 ι,
727 5541 782 5595 3:

2057 4650 2325 4718 continet,
2358 4649 2431 4703 ita
2482 4657 2544 4704 ut
2589 4647 2635 4701 si
2675 4647 2744 4702 ab
2775 4647 2895 4716 ejus
2934 4643 3276 4716 providentia
3323 4642 3654 4712 avellantur,

2058 4748 2300 4813 pereant.
2339 4740 2468 4794 Non
2498 4736 2634 4793 dixit
2663 4744 2849 4791 autem
2888 4736 3174 4805 Διακρατεῖ,
3205 4732 3263 4789 id
3310 4741 3394 4788 est
3427 4748 3658 4788 conser-

2058 4839 2170 4898 vat,
2200 4828 2299 4885 sed
2327 4825 2480 4900 quod
2506 4825 2765 4882 subtilius
2789 4833 2896 4893 est,
2917 4827 2976 4880 In
3004 4825 3186 4896 ipsum
3220 4831 3474 4895 vergunt,
3496 4831 3554 4878 et
3583 4821 3652 4878 ab

2059 4934 2125 4976 eo
2163 4919 2426 4990 pendent.
2488 4921 2670 4989 Atque
2712 4914 2818 4971 hoc
2862 4914 3046 4971 solum
3072 4914 3128 4969 in
3179 4929 3310 4969 eum
3363 4910 3652 4983 respicere,

2049 5008 2180 5065 satis
2208 5015 2291 5064 est
2315 5014 2378 5062 ut
2400 5006 2680 5062 contineat
2701 5013 2756 5060 et
2781 5003 3123 5076 constringat
3152 5003 3263 5060 illa.
3296 5005 3418 5058 Hoc
3447 5009 3647 5056 autem

2049 5104 2160 5155 neu
2193 5095 2384 5153 minus
2407 5104 2491 5152 est
2518 5109 2686 5168 quam
2703 5109 2890 5151 creare
2915 5113 2926 5148 :
2949 5094 3067 5148 imo
3097 5091 3279 5164 potius
3308 5091 3492 5164 quoad
3521 5105 3648 5160 nos,

2049 5196 2106 5246 et
2133 5187 2319 5260 majus
2347 5195 2452 5244 est.
2485 5185 2708 5242 Etenim
2743 5200 2847 5240 nos
2873 5182 3199 5240 conﬁcimus
3235 5182 3463 5255 pallium
3520 5180 3637 5238 for-

2050 5285 2214 5340 tasse,
2236 5273 2322 5330 vel
2351 5274 2622 5332 domum:
2654 5288 2978 5330 conservare
3024 5279 3212 5329 autem
3231 5272 3413 5343 ipsum
3438 5287 3474 5328 a
3501 5287 3638 5327 cor-

2052 5366 2314 5439 ruptione
2339 5381 2454 5424 non
2483 5379 2796 5438 possumus.
2833 5365 2956 5436 Ipse
2997 5379 3123 5420 vero
3153 5370 3209 5420 et
3235 5361 3368 5420 fecit
3425 5369 3483 5420 et
3519 5377 3652 5420 con-

2057 5463 2237 5514 servat
2245 5498 2258 5512 .

1729 5609 1914 5670 Variae
1958 5609 2263 5672 lectiones.

416 5709 679 5786 ⁸⁸.πρώτης
698 5729 755 5774 ο.
829 5714 988 5792 “fc.
1013 5714 1150 5770 ἄλλα
1174 5682 1422 5774 ἐκεῖνοιό.
1496 5711 1539 5750 ⁸⁷
1568 5713 1728 5784 δηλοῖ
1748 5728 1815 5786 Os
