4104 6440
486 375 622 429 1223

480 593 796 649 consistunt.
828 588 1103 646 Continuo
1140 586 1333 643 eadem
1381 595 1578 655 versat,
1632 585 1920 642 verborum
1966 582 2075 639 fre-

478 680 722 753 quentia,
755 689 1023 752 tanquam
1052 676 1385 751 quibusdam
1442 675 1653 732 crebris
1681 673 1900 743 ictibus,
1929 671 2078 729 radi-

479 770 617 827 citus
642 768 877 825 evellens
919 766 1293 841 perniciosum
1325 766 1544 839 dogma.
1602 764 1844 821 Observa
1892 770 2077 819 autem

478 858 630 933 quod
639 874 753 915 non
775 857 997 924 dixerit,
1017 856 1193 913 factus
1213 866 1295 912 est
1323 856 1441 929 ipse
1455 863 1580 911 ante
1597 854 1803 921 omnia,
1828 851 1941 923 sed,
1956 856 2077 916 Est,

477 946 628 1021 quod
662 951 782 1005 Deo
810 947 1056 1003 maxime
1089 945 1395 1019 proprium.
1424 943 1520 1000 Ubi
1548 952 1733 1000 autem
1766 951 1851 999 est
1876 942 2078 999 Paulus

474 1036 899 1104 Samosatensis,
921 1034 1018 1108 qui
1046 1050 1079 1090 a
1101 1034 1275 1090 Maria
1296 1032 1475 1105 ipsum
1499 1031 1728 1104 coepisse
1785 1029 2032 1087 afﬁrmat
2055 1032 2078 1085 Ρ

477 1128 545 1182 In
573 1125 692 1197 ipso
718 1140 884 1196 porro
903 1124 1237 1191 consistunt,
1264 1131 1534 1194 tanquam
1556 1120 1613 1176 in
1662 1118 2026 1177 fundamento
2060 1139 2074 1176 :

476 1215 555 1270 sic
587 1221 644 1270 et
681 1211 1082 1287 primogenitus
1124 1220 1209 1268 est
1236 1219 1521 1279 creatura,
1560 1220 1826 1284 tanquam
1873 1207 2075 1265 funda-

477 1312 751 1362 mentum.
785 1304 899 1359 Hoc
924 1309 1113 1360 autem
1141 1318 1257 1359 non
1300 1302 1557 1363 eamdem
1586 1317 1717 1358 cum
1753 1300 1918 1356 rebus
1946 1314 2076 1355 con-

476 1390 607 1448 ditis
649 1391 946 1448 essentiam
968 1389 1260 1463 signiﬁcat,
1298 1389 1395 1447 sed
1442 1388 1597 1463 quod
1617 1389 1809 1447 omnia
1851 1388 1906 1444 in
1953 1387 2076 1459 ipso

473 1479 724 1537 ferantur
747 1489 1218 1554 moveanturque.

541 1569 711 1643 472
732 1571 907 1627 Vens.
934 1575 1000 1626 18
1013 1611 1027 1627 .
1051 1573 1123 1625 Et
1137 1572 1252 1641 ipse
1271 1574 1349 1626 est
1360 1574 1527 1642 caput
1549 1570 1785 1642 corporis
1805 1569 2069 1629 Ecclesia.

473 1663 775 1733 Postquam
799 1659 868 1717 de
909 1659 1032 1717 Filii
1053 1660 1319 1732 dignitate
1369 1659 1642 1729 disseruit,
1683 1659 1753 1716 de
1781 1659 2073 1717 clementia

474 1749 731 1822 deinceps
781 1750 941 1807 verba
992 1747 1142 1806 facit.
1192 1749 1297 1821 Qui
1361 1750 1516 1807 enim
1581 1749 1724 1808 adeo
1784 1765 2075 1822 supremus

1504 364 2020 423 THEOPHYLACTI
2058 358 2417 418 BULGARl/E
2454 361 2769 418 ARCHIEP.

446 546 463 559 .
552 499 734 553 Vnus.
762 500 848 552 17.
881 497 952 552 Et
969 497 1083 565 ipse
1104 498 1182 550 est
1207 497 1333 549 ante
1351 495 1553 561 omnia,
1593 498 1643 548 et
1678 494 1856 547 omnia
1875 493 1935 546 in
1965 492 2077 561 ipso
2101 512 2159 579 Α

3656 368 3793 422 1224

2271 514 2294 539 ι
2315 486 2421 546 Καὶ
2443 486 2598 554 αὐτός
2626 488 2739 546 ἐστι
2769 484 2874 568 πρὸ
2897 486 3137 563 πάντων,
3167 487 3258 548 καὶ
3277 488 3344 550 τὰ
3365 489 3542 551 πάντα
3567 494 3621 552 ἐν
3645 494 3793 573 αὐτῷ

2186 574 2500 648 συνέστηκε.
2533 602 2558 629 ι
2582 578 2831 656 Συνεχῶς
2862 576 2928 635 τὰ
2959 578 3110 656 αὐτὰξ
3130 578 3341 659 στρέφει
3367 625 3383 657 ,
3530 584 3788 663 συνεχείᾳ

2183 668 2288 725 τῶν
2327 665 2605 747 ῥημάτων,
2651 668 2893 746 καθάπερ
2936 668 3044 727 τισὶ
3091 672 3313 737 πυκναῖς
3343 672 3613 748 πληγαῖς,
3644 671 3781 753 πρό·

2187 757 2323 837 ριζον
2358 757 2609 814 ἀνασπῶν
2655 756 2716 815 τὸ
2748 756 2982 837 ὀλέθριον
3013 756 3209 835 δόγμα.
3241 757 3392 839 ⁸Ορα
3445 760 3536 835 δὲ,
3569 762 3667 820 οὐκ
3695 751 3781 818 Et-

2186 868 2284 904 πεν
2305 889 2322 918 ,
2353 846 2435 902 ὅτι
2475 846 2627 911 αὐτὸς
2666 844 2848 923 γέγονε
2877 846 2981 924 πρὸ
3010 847 3224 905 πάντων
3246 893 3262 921 ,
3296 847 3442 911 ἀλλ’.
3499 870 3529 907 (ι
3557 845 3750 910 Ἔστιν
3773 897 3784 919 ,

2184 933 2316 1013 ὅπερ
2344 935 2472 1016 Θεῷ
2502 933 2847 994 οἰκειότατον.
2882 938 2998 996 Ποῦ
3030 935 3085 993 δὲ
3120 940 3335 1006 Παῦλος
3362 941 3389 996 6
3414 939 3787 1014 Σαμοσατεῦς,

2185 1025 2214 1081 ὁ
2241 1023 2410 1102 λέγων
2461 1023 2568 1083 ἀπὸ
2616 1026 2832 1105 Μαρίας
2884 1025 3043 1083 αὐτὸν
3091 1025 3381 1106 ἄρξασθαι;
3425 1025 3525 1089 Ἐν
3556 1029 3701 1109 αὐτῷ
3735 1029 3793 1087 δὲ

2185 1113 2532 1186 συνέστηκεν,
2564 1115 2634 1181 ὡς
2672 1112 2898 1195 θεμελίῳ
2929 1137 2945 1152 ⁸
2994 1113 3133 1173 οὕτω
3176 1115 3269 1175 καὶ
3317 1116 3648 1198 πρωτότοκός
3678 1120 3795 1177 ἐστι

2185 1205 2277 1274 τῆς
2302 1202 2548 1276 κτίσεως,
2580 1207 2648 1270 ὣς
2682 1201 2939 1281 θεμέλιος.
2980 1206 3152 1266 Τοῦτο
3179 1207 3233 1266 δὲ
3265 1209 3366 1286 οὐχ
3395 1207 3792 1285 δμοουσιότητα

2185 1292 2313 1373 πρὸς
2343 1290 2413 1351 τὰ
2461 1291 2733 1371 κτίσματα
2776 1294 2962 1368 δηλοῖ,
3019 1293 3164 1353 ἀλλὰ
3212 1295 3273 1355 τὸ
3310 1295 3487 1355 πάντα
3532 1297 3587 1356 ἐν
3637 1298 3791 1378 αὐτῷ

2186 1382 2454 1463 φέρεσθαι.

2275 1582 2306 1621 α
2354 1560 2466 1624 Καὶ
2525 1562 2681 1632 αὐτός
2721 1565 2863 1625 ἐστιν
2893 1568 2928 1638 ἡ
2977 1564 3184 1646 κεφαλὴ
3235 1569 3328 1626 τοῦ
3381 1564 3627 1645 σώματος
3687 1569 3786 1639 τῆς

2184 1648 2536 1723 Ἐκκλησίας.
2566 1678 2591 1704 ι
2622 1651 2806 1714 Εἰπὼν
2849 1654 2972 1734 περὶ
3001 1657 3093 1725 τῆς
3125 1655 3274 1724 ἀξίας
3315 1659 3408 1715 τοῦ
3439 1658 3604 1731 Υίοῦ,
3638 1657 3786 1736 λέγει

2183 1741 2365 1801 λοιπὸν
2425 1741 2516 1801 καὶ
2569 1742 2691 1822 περὶ
2740 1747 2836 1814 τῆς
2876 1746 3299 1825 φιλανθρωπίας.
3358 1743 3430 1807 ⁸0
3481 1743 3585 1828 γὰρ
3644 1744 3786 1805 οὕτω

473 1840 727 1897 omnium
757 1847 857 1907 est,
884 1840 980 1912 qui
1015 1848 1254 1904 creator,
1298 1840 1391 1913 qui
1418 1848 1792 1908 conservator,
1831 1840 2068 1911 seipsum

2183 1829 2395 1889 πάντων
2439 1830 2697 1912 ἀνώτερος
2721 1879 2737 1909 ,
2779 1835 2808 1891 6
2838 1832 3087 1907 ποιητὴς,
3118 1840 3146 1894 6
3179 1832 3456 1915 συνοχεὺς,
3495 1843 3606 1903 τοῖς
3634 1835 3785 1896 κάτω

470 1929 821 1986 inferioribus
840 1928 1132 2001 copulavit.
1155 1931 1270 1986 Nec
1297 1929 1455 1999 dixit,
1488 1928 1849 1986 Plenitudinis
1878 1929 2071 1985 Eccle-

467 2020 584 2088 sia,
611 2018 731 2087 sed,
754 2019 998 2091 Corporis
1030 2038 1046 2073 :
1074 2028 1136 2076 ut
1171 2018 1427 2075 ostendat
1453 2026 1771 2076 accuratam
1797 2017 1883 2075 sui
1943 2032 2070 2090 erga

472 2125 573 2164 nos
592 2108 1065 2181 conjunctionem,
1096 2116 1151 2164 et
1173 2107 1323 2181 quod
1347 2123 1574 2163 carnem
1612 2106 1861 2179 ejusdem
1886 2106 2072 2162 nobis-

470 2214 601 2255 cum
630 2197 950 2255 substantia
978 2197 1356 2269 assumpserit,
1405 2206 1463 2252 et
1502 2212 1616 2252 non
1641 2212 1707 2253 ex
1736 2196 1912 2252 coelis.
1959 2199 2071 2252 Ec-

467 2287 686 2344 clesiam
713 2286 864 2341 enim
895 2301 996 2357 pro
1025 2285 1283 2341 universo
1317 2285 1638 2341 mortalium
1682 2300 1881 2358 genere
1907 2299 2071 2340 acce-

468 2377 551 2448 pit
585 2376 808 2444 Paulus,
852 2374 1074 2447 perinde
1100 2390 1166 2431 ac
1202 2375 1251 2431 si
1278 2373 1444 2444 dicat,
1479 2377 1540 2430 In
1582 2374 1936 2448 generatione
1980 2390 2069 2431 se-

467 2465 712 2523 cundum
758 2479 986 2523 carnem
1034 2463 1245 2537 primus
1289 2472 1373 2522 est
1422 2463 1733 2535 hominum,
1800 2473 2071 2537 tanquam

469 2563 654 2630 caput.
938 2552 957 2563 ‘

540 2646 645 2713 Qui
671 2648 751 2701 est
766 2646 1118 2717 principium,
1140 2646 1533 2716 primogenitus
1551 2660 1623 2701 ex
1646 2644 1895 2701 mortuis.
1919 2643 2071 2700 Prin-

466 2735 693 2808 cipium,
723 2735 819 2805 ait,
850 2735 1266 2792 resurrectionis
1289 2743 1392 2806 est,
1421 2735 1621 2808 quippe
1643 2735 1735 2808 qui
1785 2750 1896 2806 pra
1925 2750 2070 2791 cun-

461 2825 566 2882 ctis
594 2825 910 2881 resurrexit.
932 2827 1226 2896 Postquam
1263 2833 1451 2881 autem
1485 2825 1647 2881 solvit
1669 2824 1890 2881 dolores
1917 2840 2067 2881 mor-

466 2914 556 2984 tis,
581 2914 785 2971 merito
824 2915 1223 2988 primogenitus
1259 2914 1480 2971 dicitur.
1508 2913 1679 2986 Atqui
1730 2914 1919 2983 habet,
1950 2921 2069 2968 tan-

467 3019 633 3076 quam
662 3004 935 3077 primitia,
974 3012 1271 3076 sequentes
1319 3003 1506 3075 ipsum
1531 3011 1590 3059 et
1630 3002 1873 3075 reliquos
1917 3003 2071 3058 :Pri-

467 3094 641 3150 milia
676 3095 823 3150 enim
862 3093 1244 3166 quorumdam
1272 3099 1403 3148 sunt
1444 3091 1722 3163 primitia.
1778 3094 1843 3147 Et
1883 3107 2075 3164 quem-

467 3182 768 3239 admodum
814 3198 925 3238 uno
952 3181 1255 3253 manipulo,
1311 3180 1479 3236 veluti
1531 3180 1814 3253 primitiis,
1860 3181 2070 3251 oblato,

466 3279 584 3328 tota
615 3270 808 3326 messis
841 3270 1182 3327 benedicitur
1212 3290 1226 3326 :
1275 3270 1356 3326 sic
1384 3285 1480 3341 per
1507 3269 1687 3341 ipsum
1725 3285 1920 3327 omnes
1948 3286 2069 3328 san-

466 3360 690 3418 ctiﬁcati
731 3375 925 3416 sumus
975 3367 1031 3415 et
1067 3358 1285 3416 oblati:
1338 3374 1558 3431 unoque
1606 3375 1836 3430 corpore
1888 3375 2069 3417 resur-

466 3457 651 3524 gente,
678 3449 929 3506 universa
954 3456 1151 3505 natura
1182 3446 1348 3520 digna
1408 3448 1809 3506 resurrectione
1827 3448 2069 3523 judicata

467 3547 570 3596 est.

545 3632 613 3686 Ut
622 3630 694 3685 sit
716 3629 777 3684 in
802 3629 1050 3685 omnibus
1068 3631 1184 3699 ipse
1193 3630 1492 3700 primatum
1509 3633 1711 3685 tenens.
1734 3630 1798 3683 In
1812 3627 2071 3686 omnibus

466 3734 591 3793 qua
612 3719 754 3775 circa
779 3718 963 3791 ipsum
996 3719 1431 3775 considerantur.
1466 3719 1685 3775 Etenim
1706 3725 1833 3773 ante
1882 3718 2068 3773 omnia

462 3818 626 3866 natus
653 3816 739 3866 est
772 3824 838 3865 ex
877 3811 1059 3877 Patre,
1111 3807 1363 3880 adeoque
1411 3807 1624 3879 primus
1680 3814 1764 3863 est
1791 3808 2067 3875 omnium,

461 3907 724 3971 tanquam
753 3906 917 3971 caput
935 3896 1211 3966 Ecclesia,
1246 3905 1412 3969 atque
1452 3912 1564 3967 pra
1584 3896 1845 3952 omnibus
1882 3912 2066 3952 resur-

461 3988 620 4057 rexit,
676 3986 889 4044 donans
949 3987 1026 4043 eis
1063 3985 1566 4054 immortalitatem,
1625 4000 1728 4040 ceu
1789 3985 2064 4055 primitia.

462 4081 579 4138 Etsi
598 4081 747 4136 enim
773 4079 863 4136 alii
887 4086 1017 4134 ante
1055 4077 1202 4134 hunc
1248 4082 1685 4144 resurrexerunt,
1733 4091 1925 4132 rursus
1990 4084 2069 4130 ta-

462 4186 588 4225 men
619 4168 818 4224 mortui
849 4175 978 4222 sunt
1006 4186 1020 4222 :
1053 4167 1165 4239 ipse
1195 4174 1379 4222 autem
1409 4163 1647 4237 perfecta
1669 4163 2068 4221 resurrectione

462 4257 776 4315 resurrexit.
815 4258 1029 4325 Reputa
1064 4261 1249 4308 autem
1276 4261 1480 4323 tecum,
1513 4252 1603 4310 hic
1644 4268 1773 4309 eum
1801 4269 1919 4310 esse
1956 4252 2065 4324 pri-

2184 1919 2366 1978 ἑαυτὸν
2403 1924 2622 2002 συνῆψε.
2661 1923 2768 1982 Καὶ
2799 1923 2896 1982 οὐκ
2926 1916 3077 2002 εἶπε,
3122 1926 3232 1984 Τοῦ
3276 1924 3638 2002 πληρώματος
3686 1930 3789 1998 τῆς

2178 2012 2505 2082 Ἐκκλησίας
2527 2055 2545 2086 ,
2587 2010 2754 2085 ἀλλὰ,
2793 2034 2824 2070 α
2851 2015 2965 2073 Τοῦ
2990 2012 3239 2089 σώματος
3269 2036 3283 2051 ⁸
3313 2041 3339 2066 ιι
3362 2011 3451 2072 ἵνα
3498 2013 3639 2094 δείξῃ
3683 2014 3783 2087 τὴν

2177 2097 2455 2176 ἀκρίϐειαν
2494 2104 2590 2172 τῆς
2624 2101 2752 2180 πρὸς
2784 2104 2925 2177 ἡμᾶς
2965 2102 3288 2174 οἰκειότητος
3337 2104 3526 2175 αὐτοῦ,
3575 2105 3670 2162 καὶ
3699 2103 3785 2163 ὅτι

2177 2188 2461 2263 ὁμοουσίαν
2494 2192 2622 2265 ἡμῖν
2656 2188 2885 2249 ἀνέλαϐε
2932 2191 3107 2271 σάρκα
3127 2238 3145 2270 ,
3187 2190 3280 2251 xui
3311 2194 3405 2251 οὐκ
3436 2190 3490 2262 ἐξ
3519 2194 3780 2273 οὐρανῶν.

2178 2276 2295 2349 Τὴν
2325 2277 2431 2357 γὰρ
2479 2277 2811 2351 Ἐκκλησίαν
2864 2281 2978 2339 ἀντὶ
3018 2281 3212 2347 παντὸς
3261 2281 3555 2362 ἀνθρώπων
3603 2285 3786 2361 γένους

2177 2364 2339 2425 ἔλαϐε
2386 2369 2599 2435 Παῦλος
2626 2391 2640 2405 ·
2672 2367 2820 2426 ὣσὰν
2851 2370 2898 2426 εἷ
2944 2367 3155 2447 ἔλεγεν,
3207 2368 3288 2428 ὅτι
3335 2370 3425 2430 καὶ
3455 2372 3511 2429 ἐν
3636 2373 3782 2431 κατὰ

2177 2454 2350 2535 σάρκα
2408 2457 2649 2536 γεννήσει
2708 2461 2915 2538 πρῶτος
2976 2461 3080 2517 τῶν
3157 2459 3482 2542 ἀνθρώπων,
3552 2464 3623 2528 ὣς
3680 2484 3783 2520 κε-

2177 2543 2346 2625 φαλή.

2262 2656 2290 2691 α
2318 2632 2419 2703 εΌς
2448 2637 2593 2695 ἐστιν
2639 2635 2817 2717 ἀρχὴ,
2865 2637 3201 2717 πρωτότοκος
3241 2642 3302 2700 ἐκ
3347 2645 3453 2699 τῶν
3485 2643 3708 2720 νεκρῶν.
3744 2665 3776 2696 υ

2179 2722 2373 2804 Ἀρχὴ,
2435 2725 2635 2804 φησὶν,
2689 2726 2801 2786 ἔστι
2843 2731 2936 2798 τῆς
2976 2728 3357 2805 ἀναστάσεως,
3405 2728 3510 2810 πρὸ
3560 2730 3784 2789 πάντων

2176 2815 2425 2881 ἀναστάς.
2458 2814 2688 2888 Ἐπειδὴ
2725 2817 2780 2874 δὲ
2828 2815 2983 2876 ἔλυσε
3019 2821 3115 2886 τὰς
3143 2819 3339 2886 ὠδῖνας
3379 2826 3474 2879 τοῦ
3505 2819 3770 2891 θανάτου,

2174 2903 2386 2971 εἰκότως
2417 2904 2508 2963 καὶ
2554 2904 2888 2983 πρωτότοκος
2933 2906 3172 2985 λέγεται.
3229 2904 3390 2988 Ἔχει
3443 2908 3664 2987 μέντοι,
3709 2914 3787 2977 ὣς

2102 3027 2147 3090 C
2178 2992 2436 3074 ἀπαρχὴ,
2487 2994 2977 3062 ἐπακολουθοῦντας
3025 2997 3169 3077 αὐτῷ
3216 2998 3309 3057 xui
3356 2995 3475 3065 τοὺς
3537 2999 3778 3066 λοιπούς.

2181 3080 2254 3141 Ἣ
2283 3082 2387 3160 γὰρ
2431 3084 2654 3162 ἀπαρχὴ
2719 3089 2873 3143 τινῶν
2946 3088 3086 3144 ἐστιν
3136 3087 3378 3166 ἀπαρχή.
3429 3087 3542 3148 Καὶ
3592 3085 3781 3168 ὥσπερ

2179 3172 2290 3239 ἑνὸς
2319 3171 2620 3250 δράγματος
2641 3218 2657 3246 ,
2689 3176 2758 3239 ὡς
2787 3177 3063 3254 ἀπαρχῆς,
3097 3178 3526 3255 προσαγομίνου,
3556 3175 3620 3236 τὸ
3653 3177 3779 3237 ὅλον

2177 3259 2322 3340 θέρος
2350 3261 2643 3337 εὐλογεῖται
2667 3286 2680 3299 ο
2714 3260 2853 3321 οὕτω
2884 3264 2951 3321 δι’
2984 3265 3145 3324 αὐτοῦ
3182 3264 3374 3332 πάντες
3402 3265 3737 3345 ἡγιάσθημεν
3758 3312 3774 3339 ,

2179 3349 2269 3407 καὶ
2327 3352 2741 3430 προσήχθημεν,
2815 3353 2908 3411 καὶ
2960 3352 3071 3421 ἑνὸς
3122 3354 3373 3431 σώματος
3420 3356 3776 3430 ἀναστάντος,

2178 3449 2326 3498 πᾶσα
2360 3444 2391 3512 ἡ
2422 3438 2575 3517 φύσις
2605 3446 2704 3515 τῆς
2743 3441 3087 3511 ἀναστάσεως
3118 3442 3359 3514 ἠξίωται.

2263 3645 2290 3671 σι
2322 3614 2443 3680 Ἵνα
2474 3617 2695 3697 γένηται
2724 3621 2776 3678 ἐν
2806 3628 2968 3679 πᾶσιν
3013 3620 3170 3689 αὐτὸς
3211 3622 3523 3701 πρωτεύων.
3552 3651 3577 3677 ιο
3605 3624 3650 3703 ζει
3681 3619 3781 3686 Ἐν

2177 3714 2370 3778 πᾶσιν
2390 3711 2496 3774 τοῖς
2521 3709 2642 3787 περὶ
2664 3710 2820 3768 αὐτὸν
2852 3710 3249 3791 θεωρουμένοις.
3282 3714 3392 3773 Καὶ
3417 3712 3523 3794 γὰρ
3549 3714 3642 3773 xui
3664 3715 3773 3793 πρὸ

2177 3797 2390 3857 πάντων
2410 3797 2719 3877 γεγέννηται
2747 3801 2807 3858 ἐκ
2832 3805 2920 3857 τοῦ
2947 3800 3177 3880 Πατρὸς,
3210 3801 3300 3861 xui
3324 3808 3531 3884 πρῶτος
3561 3803 3778 3865 πάντων

2177 3886 2341 3959 ἐστὶν,
2373 3890 2445 3955 ὡς
2487 3887 2692 3967 κεφαλὴ
2735 3892 2831 3959 τῆς
2873 3888 3227 3961 Ἐκκλησίας·
3272 3891 3364 3950 καὶ
3408 3892 3513 3972 πρὸ
3551 3891 3770 3952 πάντων

2178 3975 2406 4050 ἀνέστη,
2478 3978 2824 4055 χαριζόμενος
2896 3981 3072 4046 αὐτοῖς
3127 3980 3224 4052 τὴν
3304 3980 3640 4062 ἀφθαρσίαν,
3703 3987 3776 4052 ὡς

2178 4065 2423 4145 ἀπαρχή.
2483 4068 2550 4125 Εἰ
2580 4065 2682 4147 γὰρ
2714 4066 2806 4126 xui
2867 4068 3021 4127 ἄλλοι
3068 4068 3171 4148 πρὸ
3217 4068 3403 4129 τούτου
3454 4070 3783 4147 ἀνέστησαν,

2176 4155 2312 4213 ἀλλὰ
2342 4154 2504 4213 πάλιν
2532 4155 2791 4215 ἀπέθανον
2828 4179 2842 4194 ·
2870 4158 3025 4224 αὐτὸς
3056 4158 3109 4216 δὲ
3145 4156 3243 4229 τὴν
3290 4158 3495 4217 τελείαν
3533 4162 3779 4220 ἀνάστα-

2175 4265 2257 4302 σιν
2287 4242 2501 4318 ἀνέστη.
2530 4242 2709 4324 ⁰Ορα,
2736 4244 2804 4323 »δὲ
2827 4291 2845 4321 ,
2901 4249 3127 4306 ἐνταῦθα
3159 4249 3255 4325 μὲν
3299 4248 3667 4327 πρωτότοκος,
3702 4256 3778 4319 ὡς

462 4346 824 4419 mogenitum,
865 4351 1129 4414 tanquam
1197 4341 1466 4413 primitias
1505 4342 1944 4413 resurrectionis,
1998 4356 2064 4399 eo

2176 4333 2393 4413 ἀπαρχὴ
2451 4336 2544 4404 τῆς
2592 4334 2964 4408 ἀναστάσεως,
3016 4336 3146 4397 διότι
3194 4341 3228 4409 ἡ
3289 4339 3667 4416 παλιγγενεσία
3729 4346 3766 4411 ἡ

463 4435 610 4509 quod
660 4431 997 4508 regeneratio
1026 4432 1097 4487 sit
1145 4430 1339 4487 eadem
1390 4450 1403 4486 :
1444 4431 1554 4488 illic
1599 4441 1789 4490 autem
1830 4447 1947 4490 non
1982 4440 2065 4488 est

461 4525 720 4599 primitia
775 4522 1089 4590 creationis,
1123 4522 1227 4579 etsi
1252 4521 1674 4596 primogenitus.
1728 4526 1872 4580 Nam
1916 4521 2060 4580 ratio

461 4615 710 4673 essentia
733 4631 847 4672 non
873 4621 957 4671 est
985 4611 1180 4670 eadem
1223 4629 1238 4664 :
1293 4627 1487 4669 verum
1517 4613 1606 4669 ille
1642 4613 1867 4686 quidem
1896 4620 2064 4669 natus

2172 4423 2304 4494 αὐτή
2329 4445 2342 4457 ·
2369 4423 2476 4480 ἐκεῖ
2498 4421 2588 4502 δὲ,
2617 4424 2714 4482 οὐκ
2745 4425 2969 4506 ἀπαρχὴ
3006 4429 3101 4497 τῆς
3128 4426 3380 4499 κτίσεως,
3415 4429 3459 4485 εἰ
3490 4425 3581 4486 xui
3613 4452 3763 4506 πρω-

2171 4510 2402 4578 τότοκος.
2455 4513 2538 4570 Οὐ
2568 4512 2671 4592 γὰρ
2701 4515 2730 4570 6
2778 4517 2873 4572 τοῦ
2914 4505 3049 4573 εἶναι
3096 4514 3286 4595 τρόπος
3332 4519 3360 4573 6
3403 4516 3561 4583 αὐτός
3594 4537 3607 4551 °
3648 4505 3774 4576 ἀλλ’

2173 4603 2200 4658 6
2230 4599 2325 4678 μὲν
2352 4601 2601 4679 ἐγεννήθη
2630 4623 2647 4640 υ
2675 4605 2711 4675 ἡ
2741 4601 2796 4662 δὲ
2823 4602 3018 4677 κτίσις,
3053 4604 3183 4662 αὐτὸ
3212 4609 3367 4663 τοῦτο
3392 4605 3585 4672 κτίσις.

461 4714 546 4764 est
577 4724 590 4761 :
618 4713 866 4762 creatura
885 4719 1013 4760 vero
1038 4703 1146 4759 hoc
1168 4703 1309 4774 ipso,
1330 4703 1628 4759 creationis
1663 4703 1888 4759 nomine
1917 4701 2207 4770 nimirum,
2241 4706 2493 4755 creatura
2522 4707 2629 4756 est.

533 4798 714 4853 VEBS.
762 4800 848 4851 19.
878 4795 1145 4862 Quoniam
1176 4793 1235 4846 in
1258 4793 1376 4862 ipso
1396 4794 1620 4863 placuit
1636 4810 1843 4850 omnem
1882 4794 2062 4866 pleni-

461 4886 716 4942 tudinem
766 4883 1096 4939 inhabitare.
1162 4880 1558 4939 Plenitudinem
1596 4881 1916 4953 divinitatis,
1956 4885 2061 4941 hoc

460 4983 563 5045 est,
592 4976 636 5031 si
664 4974 799 5049 quid
822 4981 941 5031 erat
968 4972 1138 5030 Filius
1174 4970 1439 5041 Verbum,
1470 4971 1579 5028 illic
1621 4971 1910 5043 habitavit,
1942 4989 2058 5030 non

460 5065 706 5139 operatio
732 5064 848 5121 sive
875 5071 1034 5119 actus
1069 5060 1360 5135 quispiam,
1396 5061 1495 5119 sed
1519 5063 1773 5120 essentia.
1806 5066 1928 5121 Non
1956 5078 2056 5137 po-

460 5162 569 5211 test
594 5161 783 5210 autem
821 5152 985 5210 aliam
1028 5150 1211 5208 dicere
1237 5168 1484 5221 causam,
1512 5152 1620 5209 nisi
1641 5152 2046 5226 beneplacitum

463 5251 519 5301 et
549 5244 889 5301 voluntatem
941 5242 1066 5301 Dei.

533 5337 714 5392 VBBS.
766 5338 856 5389 20.
910 5337 980 5390 Et
1032 5349 1134 5405 per
1163 5334 1344 5406 ipsum
1392 5335 1733 5390 reconciliare
1782 5336 1972 5390 omnia
2006 5336 2065 5389 in

462 5424 663 5495 ipsum.
689 5451 761 5465 -
778 5425 880 5478 Per
908 5426 1109 5495 ipsum,
1131 5423 1240 5481 hoc
1260 5432 1345 5481 est
1365 5445 1379 5482 :
1407 5425 1533 5497 ipse
1562 5423 1704 5481 hanc
1724 5424 1889 5482 nobis
1909 5425 2066 5481 salu-

463 5518 581 5569 tem
616 5518 872 5585 operatus
917 5512 1226 5586 acquisivit.
1274 5516 1358 5571 Ne
1417 5528 1546 5571 vero
1581 5513 1869 5573 existimes
1904 5515 2056 5588 quod

2260 4808 2290 4845 ι(
2321 4783 2453 4849 Ὅτι
2482 4790 2535 4848 ἐν
2583 4792 2727 4871 αὐτῷ
2770 4788 3025 4863 εὐδόκησε
3064 4800 3172 4851 πᾶν
3215 4792 3276 4852 τὸ
3321 4792 3594 4873 πλήρωμα
3636 4817 3771 4853 κατ-

2169 4883 2408 4962 οικῇσαι.
2446 4906 2471 4931 ι
2510 4879 2591 4939 Τὸ
2619 4879 2889 4962 πλήρωμα
2924 4884 3019 4952 τῆς
3061 4882 3338 4957 θεότητος,
3390 4884 3685 4956 τουτέστιν,
3727 4883 3779 4942 εἴ

2169 4992 2221 5027 τι
2250 4959 2314 5041 ἧν
2342 4972 2370 5027 6
2398 4968 2529 5036 Υἱὸς
2572 4971 2663 5029 xui
2692 4959 2862 5052 Λόγος
2880 5015 2896 5044 ,
2946 4975 3055 5030 ἐκεῖ
3098 4969 3308 5052 ᾤκησεν
3334 5017 3349 5044 ,
3384 4972 3481 5031 οὐκ
3529 4973 3771 5051 ἐνέργειά

2169 5081 2276 5132 τις,
2304 5057 2420 5116 ἀλλ’
2445 5057 2619 5120 οὐσία.
2650 5060 2769 5120 Οὐκ
2798 5059 2910 5140 ἔχει
2952 5058 3008 5119 δὲ
3057 5059 3226 5133 ἄλλην
3267 5061 3434 5121 εἰπεῖν
3466 5059 3643 5121 αἰτίαν
3662 5106 3678 5135 ,
3723 5065 3770 5122 εἰ

2175 5146 2251 5226 μὴ
2279 5147 2377 5219 τὴν
2398 5146 2637 5209 εὐδοκίαν
2665 5149 2757 5208 xui
2781 5148 2876 5222 τὴν
2908 5149 3125 5224 θέλησιν
3151 5155 3242 5209 τοῦ
3267 5151 3433 5211 Θεοῦ.

2263 5348 2295 5388 ιι
2323 5328 2435 5389 Καὶ
2462 5331 2533 5390 δι’
2564 5332 2721 5391 αὐτοῦ
2753 5329 3192 5401 ἀποκαταλλάξαι
3231 5332 3301 5392 τὰ
3345 5330 3525 5394 πάντα
3559 5333 3630 5399 εἰς
3673 5333 3774 5392 αὐ-

2175 5417 2286 5480 τόν.
2315 5453 2395 5463 --
2422 5418 2504 5480 Δι’
2546 5423 2729 5496 αὐτοῦ,
2758 5447 2784 5475 ιι
2825 5423 2967 5481 τοῦτ’
3019 5421 3162 5481 ἔστιν
3197 5444 3213 5460 ο
3268 5421 3439 5489 Αὐτὸς
3487 5420 3779 5501 ἐνεργήσας

2175 5506 2273 5579 τὴν
2301 5508 2567 5591 σωτηρίαν
2602 5509 2801 5586 ταύτην
2831 5515 2961 5590 ἡμῖν
2991 5509 3408 5592 περιεποιήσατο
3436 5509 3516 5573 8⁸.
3556 5507 3679 5572 Ἵνα
3712 5510 3778 5572 δὲ

1850 5604 2039 5667 Varia
2081 5604 2393 5669 lectiones.

539 5681 585 5719 ⁸⁸
610 5680 961 5759 ἔχαρίσατοξιο.
