4104 6446
308 491 440 546 I225

1178 481 1530 539 EXPOSITIO
1570 484 1634 538 IN
1674 481 1883 538 EPIST.
1923 482 2016 538 AD
2057 480 2343 538 COLOSS.
2384 511 2455 523 —-
2493 483 2645 537 CAP.
2687 484 2725 538 1.

3476 493 3612 547 1226

302 613 377 692 μὴ
415 612 640 691 νομίσῃς
669 609 750 670 ὅτι
778 607 1041 690 ὓπηρέτου
1091 607 1234 677 τάξιν
1275 607 1467 679 ἔλαϐε,
1510 606 1698 690 φησίν·
1743 634 1767 658 αι
1809 608 1898 674 Εἷς
1931 612 1951 673 Α

2042 605 2251 663 ninistri
2289 607 2471 664 locum
2503 607 2758 680 suscepit,
2792 608 2989 681 inquit,
3021 614 3084 667 In
3124 613 3324 683 ipsum,
3358 613 3464 671 hoc
3504 625 3613 685 cst,

299 701 486 762 αὐτόν·
540 731 562 754 ι
618 698 922 773 τουτέστιν,
971 698 1130 766 αὐτὸς
1181 700 1357 778 ἑαυτῷ
1419 696 1538 765 τοὺς
1589 695 1893 776 ἀνθρώπους

306 790 629 866 κατήλλαξε.
656 789 768 853 Καὶ
801 789 906 863 μὴν
935 790 1174 868 ἀλλαχοῦ
1204 777 1348 847 εἶπεν
1368 831 1384 860 ,
1407 787 1488 847 ὅτι
1511 790 1588 868 τῷ
1621 788 1748 866 Θεῷ
1774 809 1902 845 κατ-

303 881 561 953 ήλλαξενο
602 880 708 961 ἄρα
750 872 840 942 οὖν
893 877 1044 939 κοινὰ
1093 878 1186 938 καὶ
1239 883 1330 937 τοῦ
1387 879 1520 939 Υῖοῦ
1561 878 1629 937 τὰ
1678 877 1907 958 Πατρός.

303 977 426 1034 Οὐκ
456 963 572 1032 εἷπε
597 971 678 1047 δὲ,
711 968 1060 1039 Καταλλάξαι
1079 1011 1097 1042 ,
1129 967 1269 1041 ἀλλ’,
1306 995 1328 1022 ιι
1362 966 1860 1040 Ἀποκαταλλάξαι,
1886 994 1907 1018 ιο

305 1061 606 1134 τουτέστιν,
650 1063 974 1137 ἀποδοῦναι,
1023 1062 1095 1126 ὣς
1141 1056 1359 1140 ὀφειλήν
1411 1080 1528 1116 τινα
1580 1057 1752 1116 πάλαι
1811 1080 1906 1116 κε-

305 1150 754 1235 χρεωστημένην,
798 1151 892 1210 καὶ
925 1149 1137 1216 τελείως
1167 1151 1500 1229 εἰρηνεῦσαι,
1545 1146 1683 1206 ὥστε
1715 1145 1910 1225 μηκέτι

312 1243 604 1324 ἐχθραίνειν
649 1243 814 1321 αὐτῷ.
865 1240 948 1301 Οὔ
991 1240 1095 1320 γὰρ
1144 1242 1178 1310 ἡ
1229 1235 1545 1318 καταλλαγὴ
1597 1237 1754 1314 μόνον
1806 1240 1910 1295 ἀπ-

313 1332 467 1404 εδόθη
503 1331 589 1404 ⁸⁹,
630 1329 768 1390 ἀλλὰ
805 1329 899 1390 καὶ
933 1334 962 1390 ὁ
993 1327 1184 1408 τρόπος
1209 1331 1307 1400 τῆς
1345 1329 1717 1408 καταλλαγῆς,
1754 1349 1913 1386 τουτ-

315 1421 458 1481 ἐστιν
488 1425 524 1493 ἡ
554 1419 734 1502 σφαγὴ
764 1424 856 1479 τοῦ
887 1421 1019 1481 Υἱοῢ
1038 1465 1054 1493 ,
1089 1417 1158 1478 τὰ
1189 1417 1414 1496 μέγιστα
1444 1417 1689 1498 ἴσχυσεν.

399 1539 426 1564 ιι
482 1509 911 1590 Εἶρηνοποιήσας
975 1509 1060 1568 διὰ
1115 1512 1208 1566 τοῦ
1266 1505 1494 1585 αἵματος
1538 1511 1631 1566 τοῦ
1684 1508 1914 1586 σταυροῦ

321 1605 502 1662 αὐτοῦ.
541 1628 564 1652 υ
591 1602 673 1660 Τὸ
710 1597 806 1677 μὲν
833 1596 1168 1667 καταλλάξαι
1196 1595 1291 1670 τὴν
1324 1596 1517 1678 ἔχθραν
1565 1595 1828 1656 δείκνυσι·
1858 1595 1918 1654 τὸ

324 1693 380 1750 δὲ
427 1693 762 1771 εἰρηνεῢσαι,
836 1688 925 1748 τὸν
992 1687 1250 1767 πόλεμον.
1319 1686 1429 1749 Καὶ
1469 1685 1576 1768 γὰρ
1627 1689 1802 1771 ἡμεῖςμ
1828 1683 1920 1744 καὶ

325 1765 504 1862 ἐχθροῖ
532 1771 666 1855 ἦμεν
697 1765 774 1856 τῷ
809 1781 937 1859 Θεῷ
981 1777 1074 1838 καὶ
1103 1765 1376 1856 πολέμιοι.
1409 1765 1568 1855 Μέγα
1607 1776 1702 1854 μὲν
1742 1765 1832 1836 οὖν
1861 1773 1922 1834 τὸ

324 1869 688 1939 καταλλάξαι·
718 1867 853 1929 τὸδὲ
883 1867 976 1927 καὶ
1006 1869 1076 1927 δι’
1110 1870 1300 1926 ἑαυτοῦ
1323 1911 1339 1940 ,
1375 1868 1583 1944 μεῖζον·
1613 1864 1706 1925 καὶ
1741 1865 1818 1924 ἔτι
1843 1863 1922 1937 τὸ,

2014 695 2130 767 ipse
2148 696 2255 753 sibi
2284 695 2384 769 ipsi
2408 696 2663 754 homines
2693 700 3082 757 reconciliavit.
3107 703 3273 774 Atqui
3301 703 3428 760 alibi
3449 703 3613 772 dixit,

2015 783 2166 858 quod
2199 789 2314 842 Deo
2343 787 2733 844 reconciliavit.
2751 789 3092 848 Communia
3124 790 3288 865 igitur
3311 801 3445 849 sunt
3471 794 3612 852 Filio

2015 876 2188 932 etiam
2217 891 2343 949 quae
2366 886 2494 934 sunt
2520 878 2722 935 Patris.
2746 881 2868 936 Non
2889 880 3030 938 dixit
3047 889 3256 953 autem,
3291 883 3614 950 Conciliare,

2014 966 2132 1034 sed,
2181 969 2557 1033 Reconciliare,
2601 968 2706 1026 hoc
2740 978 2842 1038 est,
2883 970 3112 1028 reddere
3161 973 3325 1030 veluti
3364 973 3618 1030 debitum

2015 1055 2323 1130 quoddam,
2369 1074 2480 1131 quo
2521 1058 2653 1115 olim
2693 1059 2992 1118 obstrictus
3036 1061 3217 1132 fuerit,
3271 1079 3336 1120 ac
3378 1062 3621 1136 perfecte

2019 1161 2208 1218 pacem
2237 1146 2438 1217 facere,
2481 1156 2543 1206 ut
2571 1165 2681 1206 non
2721 1166 2884 1222 porro
2914 1151 2992 1208 illi
3039 1153 3212 1210 simus
3241 1151 3460 1210 infensi.
3491 1157 3620 1211 Non

2019 1237 2167 1294 enim
2229 1237 2542 1296 conciliatio
2585 1247 2803 1296 tantum
2848 1240 3202 1311 reddebatur,
3236 1259 3426 1300 verum
3454 1244 3622 1300 etiam

2019 1326 2218 1384 modus
2262 1327 2743 1399 reconciliationis,
2776 1329 2945 1404 473
2977 1330 3083 1388 hoc
3127 1341 3211 1390 est
3250 1333 3456 1390 occisio
3486 1333 3621 1403 Filii,

2021 1415 2323 1489 plurimum
2348 1418 2532 1474 valuit.

2094 1510 2388 1578 Paciﬁcans
2398 1526 2502 1580 per
2524 1511 2845 1581 sanguinem
2869 1514 3043 1569 crucis
3084 1511 3224 1584 ejus.
3249 1512 3627 1570 Reconciliare

2023 1596 2371 1656 inimicitiam
2422 1597 2666 1656 ostendit
2701 1618 2716 1654 :
2749 1616 2940 1673 pacem
2975 1617 3105 1659 vero
3149 1601 3358 1672 facere,
3387 1603 3624 1661 bellum.

2027 1687 2242 1743 Etenim
2269 1703 2374 1745 nos
2401 1695 2458 1744 et
2482 1688 2696 1746 inimici
2743 1706 2962 1749 eramus
2995 1695 3139 1761 Deo,
3167 1702 3222 1750 et
3266 1694 3467 1750 hostes.
3502 1696 3626 1750 Illa-

2027 1793 2198 1851 gnum
2224 1777 2393 1850 igitur
2420 1787 2503 1836 est
2541 1779 2893 1838 reconciliare
2938 1799 2952 1838 :
2989 1789 3046 1838 at
3081 1798 3180 1856 per
3207 1782 3474 1855 seipsum,
3506 1799 3630 1841 ma-

2023 1867 2117 1939 jus
2164 1887 2177 1924 :
2207 1875 2260 1923 et
2285 1866 2486 1936 adhuc,
2533 1871 2638 1926 Per
2665 1873 2983 1941 sanguinem
3034 1890 3049 1926 :
3083 1879 3138 1928 et
3165 1871 3367 1942 adhuc,
3419 1873 3627 1946 majus,

324 1989 347 2016 α
382 1961 463 2022 Δι’
481 1960 704 2040 αἵματος
723 1983 738 1997 ο
763 1987 784 2012 ι
809 1957 900 2018 καὶ
922 1957 1000 2018 ἔτι
1019 1959 1100 2033 τὸ,
1119 1984 1143 2012 α
1166 1956 1272 2019 Διὰ
1302 1961 1557 2032 σταυροῦ,
1580 1983 1603 2009 ιο
1620 1963 1710 2015 τοῦ
1731 1953 1922 2032 ἀτίμου

2042 1957 2182 2030 quod
2215 1961 2316 2014 Per
2354 1974 2580 2023 crucem,
2621 1976 2719 2033 per
2742 1969 2981 2018 mortem
3014 1962 3461 2035 ignominiosam.
3505 1942 3631 2019 Non

328 2050 573 2110 θανάτου.
628 2050 711 2110 Οὖ
760 2047 864 2126 γὰρ
915 2047 1132 2129 ῥήματα
1180 2045 1386 2125 εἰπὼν,
1439 2043 1921 2129 ὄις-πρεσϐευτὴς,

327 2139 678 2214 κατήλλαξεν,
703 2141 819 2199 ἀλλ’
843 2126 1032 2198 ἑαυτὸν
1059 2136 1240 2205 ἐκδούς
1261 2136 1332 2199 9°.
1367 2137 1486 2196 Οὐκ
1513 2126 1627 2195 εἷπε
1659 2134 1736 2208 δὲ,
1769 2161 1793 2189 ιι
1817 2137 1926 2195 Τοῦ

327 2235 559 2310 σταυροῦ
579 2257 624 2304 ιι,
651 2229 741 2288 καὶ
772 2226 926 2300 ἔστη,
951 2228 1089 2288 ἀλλὰ
1111 2229 1410 2308 προσέθηκε
1439 2227 1520 2304 τὸ,
1545 2253 1568 2277 ιι
1589 2227 1781 2298 Αὐτοῦ,
1802 2251 1826 2278 ιι
1844 2224 1930 2283 ἵνα

331 2320 408 2396 μὴ
452 2318 679 2399 νομίσῃς
719 2317 810 2377 τὸν
861 2318 1088 2397 σταυρὸν
1139 2315 1426 2389 δυνηθῆναί
1461 2339 1511 2374 τι
1553 2313 1676 2374 καθ’
1717 2313 1925 2374 ἑαυτόν.

329 2411 412 2470 Οὐ
468 2409 572 2491 γὰρ
627 2408 808 2475 ἁπλῶς
850 2409 879 2466 ὁ
920 2407 1148 2489 σταυρὸς
1191 2405 1424 2484 ἔσωσεν,
1474 2404 1596 2464 ἀλλ’
1645 2403 1725 2462 ὅτι
1768 2406 1929 2464 αὐτοῦ

329 2498 577 2580 σταυρός.

411 2617 435 2646 ε
472 2589 598 2650 Εἴτε
638 2586 706 2647 τὶ
737 2586 825 2646 ἐπὶ
855 2590 948 2658 τῆς
984 2590 1080 2665 γῆς
1102 2635 1114 2656 ,
1151 2583 1254 2646 εἴτε
1284 2585 1351 2646 τὰ
1384 2587 1438 2644 ἐν
1474 2593 1583 2652 τοῖς
1609 2585 1867 2666 οὐρανοῖς.
1907 2609 1932 2638 ιι

329 2679 418 2743 Τὰ
451 2678 548 2756 μὲν
594 2678 686 2737 ἐπὶ
717 2681 810 2748 τῆς
841 2680 939 2755 γῆς
982 2675 1221 2742 εἰκότως·
1267 2675 1488 2742 ἕκαστος
1535 2673 1638 2754 γὰρ
1675 2673 1766 2734 καὶ
1805 2673 1934 2754 ’πρὸς

329 2769 516 2830 ἑαυτὸν
549 2766 850 2839 ἐστασίαζε,
902 2765 994 2825 καὶ
1048 2766 1178 2846 πρὸς
1212 2765 1439 2840 ἄλλους,
1472 2763 1564 2825 καὶ
1595 2763 1726 2845 πρὸς
1769 2763 1934 2836 αὖτὴν

332 2860 389 2920 δὲ
437 2857 534 2932 τὴν
571 2856 858 2937 ἀγγελικὴν
898 2854 1037 2926 ζωὴν
1082 2855 1261 2936 ἐχθροὶ
1293 2847 1446 2933 ἦμεν.
1498 2854 1585 2916 Τὰ
1627 2854 1683 2914 δὲ
1737 2858 1791 2915 ἐν
1838 2855 1930 2914 οὖ-

335 2957 543 3030 ρανοῖς,
585 2951 734 3021 πῶς;
771 2944 1090 3030 Ἀττίσχιστο
1124 2951 1157 3018 ἡ
1190 2949 1259 3025 γῆ
1303 2950 1395 3004 τοῦ
1425 2947 1676 3026 οὐρανοῦ,
1706 2943 1797 3003 καὶ
1845 2947 1937 3004 ἐκ·-

336 3026 786 3114 Ῐπεπολεμωμένοι
843 3026 981 3107 ἦσαν
1029 3037 1078 3094 οἱ
1133 3035 1348 3114 ἄγγελοι
1397 3035 1528 3115 πρὸς
1579 3032 1698 3101 τοὺς
1746 3032 1940 3114 ἀνθρώο

335 3154 503 3202 πους,
551 3131 776 3208 ὁρῶντες
833 3126 922 3186 τὸν
982 3127 1184 3184 ἑαυτῶν
1247 3123 1523 3198 Δεσπότην
1569 3122 1936 3208 ὑϐριζόμενον·

335 3219 416 3278 διὸ
445 3218 536 3278 καὶ
565 3207 636 3284 εἶς
681 3214 942 3295 τιμωρίαν
993 3213 1326 3294 ἐπέμποντο,
1369 3217 1440 3283 ὡς
1470 3213 1557 3272 ἐπὶ
1601 3218 1696 3273 τοῦ
1739 3207 1933 3287 Δαυῒδ,

335 3312 410 3376 ὣς
453 3306 542 3366 ἐπὶ
589 3309 694 3366 τῶν
744 3306 1081 3380 Σοδομιτῶν,
1135 3310 1207 3371 ὡς
1269 3303 1358 3363 ἐπὶ
1418 3307 1512 3374 τῆς
1561 3304 1800 3372 κοιλάδος
1845 3309 1936 3362 τοῦ

337 3399 705 3472 κλαυθμῶνος.
739 3394 803 3452 ’0
826 3385 914 3454 οὖν
947 3393 1074 3460 Υἱὸς
1095 3440 1111 3465 ,
1143 3395 1233 3452 τὸν
1275 3392 1548 3473 ἄνθρωπον
1581 3395 1654 3459 εἷς
1688 3391 1940 3472 οὐρανοὺς

339 3485 554 3566 ἀγαγὼν
577 3529 594 3558 ,
633 3485 725 3545 τὸν
787 3483 973 3564 ἐχθρὸν
1000 3527 1017 3556 ,
1065 3483 1152 3542 τὸν
1192 3481 1468 3558 πολέμιον,
1508 3481 1747 3547 καὶτοὺς
1777 3482 1939 3560 ἀγγέ-

338 3581 462 3644 λους
503 3575 590 3634 ἐπὶ
619 3579 716 3653 γῆς
758 3573 972 3647 ἐποίησε
1003 3571 1280 3654 φαίνεσθαι
1322 3572 1576 3654 ᾄδοντας,
1612 3571 1704 3631 καὶ
1732 3571 1942 3652 ἑκάστῳ

339 3669 448 3726 τῶν
477 3669 678 3725 πιστῶν
719 3662 1142 3745 παρεπομένους.
1177 3668 1335 3723 Δοκεῖ
1368 3662 1424 3722 δέ
1472 3684 1560 3738 μοι
1590 3659 1682 3720 καὶ
1721 3664 1749 3718 ὁ
1793 3663 1943 3720 Παῦ-

339 3759 430 3823 λος
450 3755 536 3815 διὰ
558 3759 714 3816 τοῦτο
745 3754 1058 3834 ἁρπαγῆναι
1077 3800 1092 3826 ,
1119 3750 1208 3811 ἵνα
1249 3754 1479 3831 διδαχθῇ
1509 3750 1554 3787 ⁹¹
1592 3753 1704 3818 πῶς
1740 3750 1944 3829 ἅνθρω-

341 3869 434 3907 ποι
467 3847 520 3904 ἐν
571 3846 814 3923 οὐρανῷ,
858 3841 950 3901 καὶ
995 3841 1076 3900 ὅτι
1119 3845 1147 3899 ὁ
1191 3841 1320 3909 Υἱὸς
1363 3845 1471 3900 ἐκεῖ
1510 3839 1802 3919 ἀνελήφθη.
1848 3841 1943 3900 Ἐν

343 3935 444 4014 μὲν
495 3925 582 3993 οὖν
625 3934 731 3999 τοῖς
779 3931 1023 4011 ἐπιγείοις
1076 3931 1303 4002 διπλῆῆ
1355 3928 1568 4011 εἰρήνη,
1618 3929 1748 4007 πρός
1794 3953 1851 3988 τε
1882 3928 1947 3986 τὰ

345 4023 671 4104 ἐπουράνια,
722 4021 814 4081 καὶ
855 4021 983 4100 πρὸς
1021 4019 1210 4079 ἑαυτά·
1257 4021 1312 4078 ἐν
1363 4019 1416 4078 δὲ
1460 4027 1568 4086 τοῖς
1618 4017 1947 4096 ἐπουρανίοις

347 4114 517 4184 ἁπλῆ.
577 4111 722 4192 Πρὸς
763 4115 908 4188 ἡμᾶς
949 4109 1053 4189 γὰρ
1081 4109 1265 4169 λοιπὸν
1297 4109 1634 4180 ἐσπείσαντο,
1681 4106 1948 4192 καὶῌχαί-

350 4227 528 4286 ρουσιν
571 4202 658 4260 ἐπὶ
705 4206 772 4281 τῇ
820 4203 925 4259 τῶν
958 4198 1223 4258 τοσούτων
1277 4197 1539 4280 σωτηρίᾳ.
1592 4200 1713 4264 Πῶς
1744 4188 1831 4257 οὖν
1880 4198 1948 4255 δι’

347 4292 590 4374 ἀγγέλων
631 4291 838 4369 λέγετε,
881 4290 1240 4370 Κολοσσαεῖς,
1297 4288 1695 4368 προσάγεσθαις
1749 4291 1950 4349 Τοσοῦ-

346 4406 438 4442 τον
494 4381 598 4462 γὰρ
659 4380 951 4461 ἀπέχουσιν
1009 4381 1202 4440 ἐκεῖνοι
1244 4386 1613 4462 προσαγαγεῖν
1682 4383 1826 4454 ἡμᾶς
1872 4377 1951 4449 9³,

349 4471 490 4533 ὥστε
533 4470 626 4530 καὶ
685 4469 1194 4546 ἐκπεπολεμωμένοι
1237 4460 1374 4542 ἦσαν
1432 4473 1588 4545 ἡμῖν·
1619 4469 1710 4528 καὶ
1773 4471 1819 4526 εἰ
1877 4465 1951 4545 μὴ

353 4565 554 4629 ἐκεῖνος
611 4566 754 4640 ἡμᾶς
805 4560 979 4629 αὐτοῖς
1034 4558 1404 4632 κατήλλαξεν,
1463 4561 1558 4617 οὐκ
1605 4558 1669 4616 ἂν
1728 4558 1957 4638 εἷρηνεύ·

352 4675 546 4728 σαμεν.

438 4769 462 4795 ι
523 4740 628 4802 Καὶ
678 4744 816 4817 ὓμᾶς
873 4763 1003 4799 ποτε
1052 4740 1206 4805 ὄντας
1273 4737 1808 4818 ἀπηλλοτριωμένους
1865 4737 1956 4796 καὶ

355 4831 574 4911 ἐχθροὺς
621 4835 687 4911 τῇ
737 4831 962 4910 διανοίᾳ,
1001 4831 1055 4888 ἓν
1095 4837 1200 4896 τοῖς
1251 4827 1425 4911 ἔργοις
1469 4835 1578 4894 τοῖς
1624 4835 1896 4908 πονηροῖς.
1933 4855 1958 4882 ι

363 4913 527 4984 Εἶπεν
573 4919 858 5000 ἀνωτέρω,
903 4921 986 4980 ὅτι
1031 4918 1134 4978 ὑπὸ
1183 4918 1279 5000 τὴν
1327 4917 1562 4989 ἐξουσίαν
1612 4925 1707 4977 τοῦ
1746 4917 1962 4986 σκότους

356 5003 523 5090 ἦμεν·
549 5016 640 5070 νῦν
687 4999 851 5088 λέγει,
895 5009 978 5069 ὅτι
1026 5009 1204 5090 ἐχθροὶ
1234 4999 1368 5085 ἦμεν
1405 5013 1471 5088 τῇ
1515 5007 1752 5091 διανοίᾳ,
1797 5011 1856 5068 οὐ
1896 5008 1957 5068 τὸ

356 5101 490 5162 αὖτὸ
521 5100 721 5182 λέγων,
775 5098 1012 5159 ἀλλ’ἵνα
1063 5098 1139 5177 μὴ
1187 5101 1362 5159 ἐκεῖνα
1421 5097 1688 5170 ἀκούσας,
1733 5097 1958 5178 νομίσῃς

359 5180 603 5270 ἀνάγκην
661 5180 829 5263 εἶναι,
887 5189 1075 5266 ἐπάγει
1131 5194 1342 5259 ταῦτα,
1400 5185 1486 5246 ἵνα
1545 5187 1686 5264 δείξῃ
1747 5188 1826 5246 ὅτι
1867 5189 1959 5247 καὶ

361 5280 607 5349 ἀναξίους
662 5281 816 5348 ὄντας
868 5282 1212 5357 καταλλαγῆς
1267 5277 1514 5351 ἠξίωσεν.
1580 5276 1650 5338 ⁶0
1701 5277 1797 5354 μὲν
1853 5277 1958 5358 γὰρ

362 5371 572 5451 ἀνάγκῃ
607 5375 784 5437 κακῶς
826 5369 1086 5451 πάσχων,
1136 5371 1396 5428 ἐλεεῖσθαι
1427 5367 1586 5436 ἄξιος
1621 5370 1648 5425 ὃ
1693 5368 1747 5428 δὲ
1785 5366 1918 5426 ἑκὼν
1940 5413 1956 5440 ,

366 5449 656 5544 μισεῖσθαι.
717 5459 898 5540 Ἣμᾶς
948 5449 1077 5534 οὖν,
1135 5458 1328 5541 φησὶν,
1383 5461 1477 5518 οὐκ
1539 5459 1793 5532 ἄκοντας,
1849 5459 1958 5518 οὐδ’

438 5631 466 5667 ἰ
495 5630 547 5689 ll
579 5632 714 5703 Reg.
754 5643 932 5700 xxrv,
965 5631 1052 5684 l7.
1129 5619 1488 5696 'Gcn.x1x,
1529 5632 1612 5683 1.5.

2036 2048 2186 2104 enim
2240 2047 2400 2121 legati
2457 2049 2651 2117 instar,
2705 2051 3016 2122 perorando
3071 2052 3468 2121 reconciliavit,
3537 2051 3634 2109 sed

2034 2137 2274 2209 seipsum
2303 2137 2508 2194 dando.
2540 2141 2664 2196 Non
2692 2139 2832 2196 dixit
2851 2149 3060 2211 autem,
3093 2143 3301 2211 Crucis,
3334 2151 3393 2198 et
3421 2142 3630 2198 consti-

2035 2227 2122 2294 tit,
2167 2242 2361 2284 verum
2399 2227 2618 2301 adjecit,
2649 2229 2806 2300 Ejus,
2844 2247 2915 2287 ne
2945 2231 3225 2288 existimes
3273 2247 3495 2288 crucem
3526 2231 3636 2287 ali-

2036 2315 2166 2388 quid
2198 2331 2293 2388 per
2320 2332 2379 2373 se
2407 2333 2584 2389 posse.
2606 2321 2733 2376 Non
2756 2321 2900 2376 enim
2931 2321 3253 2394 simpliciter
3288 2337 3423 2378 crux
3453 2336 3638 2378 serva-

2038 2405 2138 2474 vit,
2166 2405 2261 2463 sed
2287 2421 2422 2463 crux
2448 2406 2640 2480 ipsius.

2110 2591 2230 2647 Sive
2258 2606 2381 2662 qua:
2407 2591 2467 2646 in
2497 2595 2664 2656 terra,
2697 2594 2810 2647 sive
2833 2607 2955 2664 qua:
2986 2595 3044 2648 in
3075 2593 3219 2650 caelis
3244 2598 3394 2651 sunt.
3426 2596 3563 2668 Quae
3585 2595 3638 2653 in

2039 2688 2182 2736 terra
2211 2679 2433 2752 quidem
2461 2689 2612 2750 sunt,
2645 2681 2841 2738 merito
2876 2701 2888 2737 :
2917 2681 3148 2754 quilibet
3180 2683 3328 2739 enim
3366 2692 3421 2740 et
3448 2700 3640 2742 secum

2041 2770 2175 2842 ipse,
2202 2779 2411 2826 etcum
2447 2771 2565 2826 aliis
2602 2770 2920 2840 dissidebat,
2961 2781 3016 2828 et
3056 2772 3159 2844 ipsi
3198 2773 3465 2846 angelica:
3516 2775 3643 2832 vitae

2039 2859 2224 2915 hostes
2251 2875 2488 2916 eramus.
2517 2864 2654 2934 Qum
2706 2876 2833 2917 vero
2860 2869 2992 2918 sunt
3021 2861 3075 2917 in
3111 2862 3284 2930 coalis,
3315 2864 3644 2936 quomodo?

2041 2952 2209 3006 Terra
2233 2965 2262 3006 a
2290 2949 2432 3006 caalo
2468 2948 2692 3006 discissa
2713 2959 2816 3020 est,
2863 2959 2919 3007 et
2944 2950 3261 3008 hominibus
3287 2952 3476 3010 hostes
3510 2953 3643 3011 facti

2044 3047 2174 3096 sunt
2214 3039 2420 3112 angeli,
2457 3055 2585 3096 cum
2616 3039 2866 3096 viderent
2905 3041 3204 3098 Dominum
3252 3058 3414 3098 suum
3445 3043 3647 3115 iniuria

2043 3129 2186 3185 afﬁci
2219 3147 2233 3186 :
2263 3137 2546 3202 propterea
2579 3138 2637 3186 et
2679 3130 2748 3186 ad
2777 3131 3113 3203 supplicium
3155 3132 3544 3202 mittebantur,
3584 3141 3644 3190 ut

1974 3239 2020 3302 ο
2045 3219 2305 3276 adversus
2342 3219 2614 3276 Davidem
2666 3222 2712 3289 κ,
2766 3228 2828 3276 ut
2856 3221 3116 3277 adversus
3134 3206 3460 3279 Sodomitas
3502 3216 3536 3291 ',
3587 3231 3650 3279 ut

2049 3309 2102 3365 in
2146 3309 2285 3366 valle
2342 3309 2609 3382 ploratus.
2643 3308 2812 3367 Filius
2839 3311 3010 3383 igitur
3043 3310 3334 3368 hominem
3389 3313 3458 3368 ad
3488 3313 3655 3369 caelos

2054 3398 2290 3468 ducens,
2321 3399 2411 3470 qui
2435 3398 2714 3468 inimicus,
2747 3400 2841 3472 qui
2874 3400 3049 3456 hostis
3079 3410 3216 3467 erat,
3244 3402 3408 3457 etiam
3429 3403 3656 3473 angelos

2049 3503 2216 3559 super
2233 3496 2439 3544 terram
2464 3489 2818 3544 concinentes
2833 3489 3074 3560 conspici
3099 3489 3254 3559 fecit,
3273 3507 3336 3546 ac
3357 3491 3659 3562 quemlibet

2053 3577 2298 3634 ﬁdelium
2328 3577 2681 3633 comitantes.
2711 3577 2942 3634 Videtur
2970 3587 3154 3634 autem
3184 3578 3320 3634 mihi
3367 3587 3421 3634 et
3448 3581 3653 3636 Paulus

2053 3675 2340 3739 propterea
2377 3674 2566 3738 raptus
2591 3682 2731 3734 esse,
2755 3675 2827 3723 ut
2845 3667 3138 3724 doceretur
3165 3667 3651 3738 quemadmodum

2053 3756 2306 3812 homines
2332 3765 2515 3812 essent
2535 3755 2589 3811 in
2617 3757 2782 3824 caelo,
2813 3765 2870 3813 et
2899 3756 3049 3829 quod
3079 3757 3252 3812 Filius
3295 3757 3426 3813 illuc
3456 3774 3643 3816 susce-

2056 3855 2180 3919 ptus
2208 3847 2296 3902 sit.
2329 3848 2392 3902 In
2419 3846 2582 3902 rebus
2611 3845 2778 3916 igitur
2795 3846 3146 3902 terrestribus
3183 3846 3387 3919 duplex
3415 3865 3518 3920 pax
3550 3860 3650 3920 est,

2055 3945 2110 3993 et
2138 3943 2386 4008 respectu
2415 3936 2746 4003 caelestium,
2796 3944 2853 3992 et
2877 3944 3131 4006 respectu
3171 3937 3253 3992 sui
3279 3937 3526 4008 ipsorum
3553 3957 3566 3994 :
3595 3940 3655 3996 in

2056 4026 2372 4083 caelestibus
2413 4041 2543 4082 vero
2572 4025 2824 4097 simplex.
2871 4025 3170 4082 Nobiscum
3202 4027 3351 4082 enim
3395 4025 3656 4099 deinceps

2058 4115 2240 4174 fmdus
2269 4124 2675 4188 percusserunt,
2705 4115 3069 4188 thanturque
3109 4131 3273 4188 super
3304 4126 3418 4172 tam
3449 4117 3656 4173 multo-

2060 4222 2184 4262 rum
2214 4206 2406 4262 salute.
2436 4205 2541 4276 Qui
2586 4205 2752 4279 igitur
2798 4222 2895 4277 per
2924 4207 3173 4277 angelos,
3208 4224 3241 4263 o
3281 4209 3656 4274 Colossenses,

2061 4296 2243 4352 dicitis
2272 4311 2370 4352 vos
2407 4296 2790 4352 reconciliari?
2833 4299 3076 4352 Tantum
3110 4298 3264 4352 enim
3293 4299 3450 4354 abest
3494 4306 3554 4354 ut
3583 4300 3659 4355 illi

2061 4401 2173 4441 non
2201 4385 2623 4453 reconciliarint,
2654 4393 2716 4440 ut
2753 4393 2811 4441 et
2854 4386 3056 4442 inimici
3103 4387 3260 4442 nobis
3309 4386 3514 4443 fuerint
3559 4405 3574 4442 :
3607 4396 3662 4444 et

2063 4476 2166 4531 nisi
2206 4476 2296 4531 ille
2334 4491 2434 4532 nos
2483 4475 2586 4531 illis
2640 4476 3065 4545 reconciliasset,
3113 4492 3226 4533 non
3274 4476 3663 4534 habuissemus

2070 4581 2286 4638 pacem.

2135 4747 2312 4803 Vnus.
2345 4752 2433 4802 2|.
2485 4748 2557 4802 Et
2593 4761 2684 4800 vos
2713 4762 2832 4801 cum
2869 4748 3048 4802 essetis
3074 4745 3375 4816 aliquando
3415 4747 3663 4815 alienati,

2067 4841 2118 4892 et
2141 4839 2353 4892 inimici
2374 4852 2552 4905 sensu,
2593 4839 2654 4890 in
2677 4837 2932 4907 operibus
2960 4837 3140 4891 malis.
3174 4838 3347 4908 Supra
3370 4837 3530 4905 dixit,
3563 4853 3668 4893 nos

2071 4927 2173 4983 sub
2195 4935 2458 4998 potestate
2495 4927 2849 4982 tenebrarum
2877 4925 3045 4982 fuisse
3079 4945 3092 4981 :
3120 4942 3270 4982 nunc
3297 4927 3476 4999 pergit
3512 4925 3664 4982 affir-

2068 5032 2239 5080 mare,
2273 5015 2422 5089 quod
2467 5023 2652 5072 mente
2694 5032 2758 5071 ac
2785 5031 2950 5072 sensu
2996 5017 3185 5072 hostes
3232 5015 3512 5084 fuerimus,
3557 5032 3668 5072 non

2070 5106 2218 5164 idem
2247 5106 2454 5174 dicens,
2483 5121 2698 5173 verum,
2741 5119 2811 5160 ne
2833 5103 2922 5160 illa
2967 5103 3219 5171 audiens,
3253 5105 3548 5162 existimes
3577 5122 3672 5162 ne-

2068 5197 2382 5252 cessitatem
2407 5210 2548 5262 esse,
2580 5191 2750 5250 infert
2773 5193 2913 5261 haec,
2944 5204 3005 5250 ut
3036 5195 3298 5251 ostendat
3323 5195 3472 5267 quod
3519 5193 3671 5250 indi-

2069 5303 2206 5359 guos
2235 5287 2403 5342 etiam
2435 5284 2878 5340 reconciliatione
2925 5283 3182 5356 dignatus
3229 5283 3322 5340 sit.
3377 5285 3487 5355 Qui
3519 5285 3668 5340 enim

2068 5376 2378 5433 necessario
2424 5375 2787 5430 afﬂictionem
2833 5374 3151 5446 malumque
3177 5374 3430 5442 sustinet,
3474 5374 3672 5446 dignus

2067 5475 2150 5524 est
2196 5465 2594 5525 miseratione:
2649 5466 2744 5538 qui
2801 5479 2929 5522 vero
2976 5473 3168 5537 suapte
3219 5472 3436 5539 sponte,
3484 5463 3674 5522 odium

1763 5715 1956 5778 Variae
2000 5717 2303 5779 lectiones.

441 5817 486 5852 ⁸⁸
515 5817 780 5873 ἀπεδίδοτο
808 5833 863 5875 0.
939 5817 984 5852 ⁹⁰
1009 5817 1122 5880 δούς
1145 5833 1196 5874 0.

589 5910 817 5965 ΡΑτιιοι..
854 5908 960 5966 Gn.
1004 5909 1223 5965 CXXIV.

1277 5815 1318 5852 ⁹¹
1352 5815 1549 5889 μᾶλλον
1584 5818 1762 5891 δειχθῇ
1791 5835 1845 5876 0.

1923 5817 1967 5852 ⁹²
1991 5816 2118 5890 ὑμᾶς
2139 5834 2195 5874 0.

3331 5905 3398 5958 39
