4104 6450
482 459 614 512 i227

1479 449 1996 506 THEOPHYLACTI
2033 449 2392 504 BULGARIAS
2429 448 2748 504 ARCHIEP.

3642 448 3778 501 1228

474 587 737 636 meretur.
798 579 911 634 Nos
962 577 1148 648 igitur,
1201 574 1404 648 inquit,
1451 592 1566 632 non
1618 575 1834 643 invitos,
1892 590 2063 647 neque

2188 575 2676 653 ἀναγκαζομένους,
2729 575 2849 633 ἀλλ’
2897 573 3112 641 ἑκόντας
3142 572 3235 632 καὶ
3278 571 3585 639 ἐθελουσίως
3636 573 3776 630 ἀπο-

469 678 713 736 coactos,
737 667 832 724 sed
874 667 1234 733 voluntarios,
1277 665 1526 738 adeoque
1555 674 1755 737 sponte
1791 665 1861 722 ab
1891 681 1957 721 eo
1981 681 2073 721 re-

468 759 727 830 silientes,
756 775 820 814 ac
846 774 1070 831 prorsus
1094 758 1370 829 indignos,
1402 757 1782 812 reconciliavit.
1814 759 1951 813 Haec
1970 772 2068 813 au-

473 858 585 906 tem
607 850 758 915 dicit,
783 851 908 921 quia
934 849 1242 904 coelestium
1268 848 1615 913 meminerat,
1637 848 1894 914 innuens,
1925 846 2072 919 quod

475 940 661 996 omnis
690 939 992 1004 inimicitia,
1018 954 1132 994 non
1159 955 1224 994 ex
1272 937 1543 1009 supernis,
1570 953 1757 992 verum
1791 953 1851 992 ex
1897 935 2074 1002 nobis,

476 1029 728 1086 habuerit
749 1030 1034 1086 exordium
1057 1047 1070 1084 :
1091 1027 1362 1100 siquidem
1394 1026 1564 1100 474.
1585 1027 1763 1100 angeli
1798 1025 2070 1094 volebant,

480 1128 535 1174 et
583 1122 755 1189 Deus,
788 1135 884 1175 vos
930 1127 1116 1174 autem
1173 1118 1444 1174 noluistis.
1479 1121 1770 1188 Propterea
1798 1133 1911 1173 non
1937 1117 2076 1172 dixit

477 1210 738 1266 inimicos
769 1209 1108 1282 simpliciter,
1141 1210 1257 1275 sed,
1297 1210 1670 1278 Abalienatos,
1697 1207 1803 1264 hoc
1826 1217 1928 1274 est,
1959 1223 2071 1264 non

475 1308 852 1372 exspectantes
899 1299 1156 1355 reditum.
1214 1299 1432 1354 Inimici
1475 1299 1622 1354 enim
1666 1299 1834 1354 eratis
1887 1314 2070 1366 sensu,

475 1390 586 1446 sive
616 1399 823 1454 mente,
849 1393 952 1445 hoc
984 1397 1064 1444 est
1106 1387 1386 1444 voluntate
1429 1404 1492 1444 ac
1521 1389 1800 1460 proposito
1835 1407 1847 1443 :
1891 1404 2072 1460 neque

477 1480 765 1552 hucusque
785 1479 1174 1536 tantummodo
1201 1479 1412 1535 malum
1431 1479 1853 1546 extendebatur,
1881 1494 2072 1534 verum

473 1578 528 1626 et
557 1570 616 1624 in
640 1570 894 1641 operibus
921 1570 1098 1635 malis,
1127 1569 1230 1624 hoc
1254 1576 1355 1637 est,
1382 1577 1438 1624 et
1464 1567 1650 1625 hostes
1675 1569 1858 1638 eratis,
1884 1577 2074 1640 etquae

479 1661 726 1716 hostium
752 1660 1186 1733 erantagebatis.
1216 1662 1320 1715 Per
1348 1659 1467 1716 haec
1489 1668 1674 1716 autem
1701 1659 1884 1716 omnia
1927 1656 2073 1714 indi-

475 1757 585 1818 cat,
626 1750 774 1822 quod
820 1751 998 1821 angeli
1041 1766 1158 1806 non
1196 1750 1480 1822 potuerint
1521 1766 1700 1824 neque
1745 1748 2074 1822 persuadere

2184 667 2464 736 πηδῶντας
2496 666 2690 736 αὐτοῦ,
2723 663 2815 724 καὶ
2859 663 2992 731 δ’λως
3037 663 3277 732 ἀναξίους
3314 663 3493 734 ὄντας,
3536 663 3778 720 ἀποκατ-

2183 753 2396 826 ήλλαξε.
2451 757 2609 832 Λέγει
2649 752 2705 812 δὲ
2753 759 2957 826 ταῦτα,
3003 752 3185 826 ἐπειδὴ
3229 756 3332 813 τῶν
3374 754 3427 810 ἐν
3467 760 3576 815 τοῖς
3611 752 3780 830 οὖρα-

2182 855 2285 912 νοῖς
2315 843 2586 921 ἐμνήσθη,
2618 843 2816 911 δεικνὺς
2863 843 2942 902 ὅτι
2971 849 3005 916 ἡ
3036 844 3200 925 ἔχθρα
3228 853 3379 902 πᾶσα
3439 845 3532 902 οὐκ
3564 843 3623 900 ἐκ
3670 844 3777 900 τῶν

2186 934 2331 1006 ἄνω,
2368 937 2487 994 ἀλλ’
2528 933 2579 1004 ἐξ
2619 939 2771 1013 ἡμῶν
2800 933 2913 1016 ἔχει
2953 935 3002 972 9³
3034 936 3131 1006 τὴν
3177 935 3372 1014 ἀρχήν.
3413 932 3647 994 Ἐκεῖνοι
3679 930 3777 1008 μὲν

2183 1025 2287 1106 γὰρ
2320 1026 2640 1097 ἠϐούλοντο,
2672 1025 2763 1084 xui
2796 1032 2824 1086 ὁ
2865 1025 3029 1092 Θεόςο
3062 1029 3209 1102 ὑμεῖς
3241 1025 3292 1084 δὲ
3334 1027 3428 1084 οὐκ
3455 1023 3773 1096 ἠθελήσατε.

2183 1105 2279 1175 Διὸ
2310 1117 2402 1173 οὐκ
2442 1105 2612 1189 εἶπεν,
2643 1114 3084 1194 Ἐχθραίνοντας,
3119 1117 3336 1184 ἅπλῶς,
3372 1115 3492 1171 ἀλλ’
3526 1141 3549 1165 ι
3586 1111 3781 1184 Ἀπηλ-

2184 1205 2596 1284 λοτριωμένους,
2630 1232 2655 1259 ι
2695 1207 2966 1277 τουτέστι,
3020 1204 3154 1282 μηδὲ
3185 1203 3652 1284 προσδοκωμένους
3680 1203 3778 1260 ἐπ-

2183 1297 2442 1356 ανελθεῖν.
2479 1295 2696 1376 Ἐχθροὶ
2726 1295 2828 1376 γὰρ
2861 1287 2954 1368 ἦτε
2985 1296 3033 1333 ⁹⁴
3064 1300 3131 1374 τῇ
3177 1294 3381 1374 διανοίᾳ
3400 1339 3415 1366 ,
3440 1290 3682 1352 τουτέστι

2183 1386 2506 1466 προαιρέσει.
2546 1385 2657 1446 Kui
2689 1387 2748 1444 οὐ
2781 1385 2943 1466 μέχρι
2967 1385 3155 1445 τούτου
3188 1385 3250 1444 τὸ
3280 1386 3480 1457 δεινὸν,
3510 1380 3649 1441 ἀλλὰ
3687 1380 3784 1440 xui

2183 1478 2236 1534 ἐν
2276 1484 2384 1546 τοῖς
2433 1475 2602 1556 ἔργοις
2644 1480 2754 1544 τοῖς
2805 1484 3086 1556 πονηροῖς,
3143 1473 3406 1547 τουτέστι,
3461 1474 3555 1532 xui
3597 1473 3778 1551 ἐχθροὶ

2182 1558 2314 1640 ἦτε,
2355 1565 2446 1626 καὶ
2493 1566 2557 1626 τὰ
2588 1570 2692 1625 τῶν
2737 1569 2942 1647 ἐχθρῶν
2971 1565 3023 1605 9⁵
3065 1565 3390 1644 ἐπράσσετε.
3429 1563 3532 1625 Διὰ
3574 1561 3775 1622 τούτων

2184 1658 2238 1717 δὲ
2267 1657 2479 1718 πάντων
2511 1657 2790 1730 δείκνυσιν,
2826 1657 2908 1717 ὅτι
2938 1658 3033 1719 οὐκ
3069 1657 3299 1738 ἴσχυσαν
3330 1657 3376 1715 οἱ
3415 1655 3628 1733 ἄγγελοι
3658 1651 3778 1712 οὔτε

2181 1753 2366 1809 πεῖσαι
2412 1754 2587 1825 ἡμᾶς,
2651 1747 2771 1808 οὔτε
2823 1747 3128 1818 ἀπαλλάξαι
3179 1752 3274 1807 τοῦ
3330 1745 3610 1818 διαϐόλου,
3683 1743 3780 1802 ἅτε

471 1839 651 1908 nobis,
701 1856 876 1912 neque
925 1840 1155 1897 liberare
1183 1857 1213 1896 a
1241 1841 1482 1910 diabolo,
1523 1842 1723 1914 quippe
1752 1841 1846 1914 qui
1884 1847 1939 1896 et
1966 1837 2063 1912 ipsi

2184 1841 2360 1921 ἐχθροὶ
2400 1840 2570 1911 ὄντες,
2604 1839 2697 1900 καὶ
2739 1845 2830 1899 τοῦ
2861 1841 3173 1919 κατέχοντος
3217 1847 3363 1916 ἡμᾶς
3401 1836 3568 1916 μήπω
3598 1834 3780 1894 δεθέν-

2323 1931 2387 1950 (Λ
2422 1929 2466 1950 λι
2497 1933 2544 1950 11
2673 1932 2686 1950 \
2824 1929 2837 1950 \
2878 1930 2931 1950 νει
3083 1930 3097 1949 \
3170 1933 3186 1950 9
3330 1929 3343 1949 \
3522 1927 3534 1950 \
3577 1925 3624 1950 νγ
3676 1945 3759 1950 γέ-.

471 1929 675 1986 inimici
704 1930 863 1986 nobis
891 1939 1094 2000 essent,
1135 1941 1190 1988 et
1218 1931 1464 1988 nondum
1495 1931 1539 1987 is
1569 1931 1764 2003 ligatus
1805 1938 1950 1986 esset
1977 1929 2071 2002 qui

475 2036 576 2076 nos
605 2019 904 2077 detinebat.
943 2020 1189 2078 Christus
1235 2029 1422 2078 autem
1453 2030 1510 2079 et
1537 2021 1738 2078 fortem
1767 2019 1977 2094 ligavit,
2021 2027 2075 2076 et

472 2111 634 2168 nobis
662 2112 730 2168 ab
757 2127 822 2168 eo
851 2111 1087 2169 deﬁcere
1113 2114 1403 2185 persuasit.

545 2204 730 2260 Vens.
758 2207 864 2270 ,22.
910 2205 1064 2260 Nunc
1096 2208 1275 2260 autem
1304 2203 1694 2259 reconciliavit
1745 2203 1808 2258 in
1860 2218 2076 2272 corpore

476 2298 653 2350 carnis
672 2309 781 2349 sum
795 2309 901 2365 per
938 2298 1182 2349 mortem.
1214 2296 1424 2350 Rursus
1468 2292 1924 2349 reconciliationis
1952 2308 2070 2349 mo-

473 2385 607 2442 dum
634 2387 812 2456 ponit,
840 2399 1036 2456 nempe
1061 2384 1210 2457 quod
1239 2385 1291 2440 in
1322 2400 1571 2457 corpore.
1600 2384 1931 2454 Quomodo?
1970 2385 2070 2440 lla-

472 2475 656 2548 grisne
683 2482 898 2530 tantum
914 2489 1108 2543 caesus,
1130 2475 1214 2530 vel
1245 2474 1492 2547 colaphis
1519 2475 1872 2532 verberatus?
1904 2477 2025 2532 Non
2053 2493 2066 2532 :

468 2581 658 2621 verum
686 2565 857 2622 etiam
885 2563 1199 2636 turpissima
1223 2564 1388 2622 simul
1418 2570 1598 2622 morte
1621 2565 1885 2622 moriens.

549 2659 618 2714 Ut
642 2657 914 2714 exhiberet
944 2672 1037 2712 vos
1078 2662 1288 2714 sanctos
1318 2661 1371 2713 et
1406 2657 1806 2727 immaculatos,
1843 2661 1896 2713 et
1932 2659 2068 2714 ίιινεο

462 2745 848 2819 prehensibiles
889 2762 1069 2803 coram
1117 2749 1257 2818 ipso.
1312 2750 1530 2804 Rursus
1551 2747 1704 2803 aliud
1740 2746 2067 2804 beneﬁcium

467 2837 646 2908 ponit,
677 2845 731 2892 et
759 2835 906 2910 quod
935 2853 1096 2909 supra
1119 2838 1415 2907 recensuit,
1440 2853 1566 2894 cum
1591 2837 1795 2894 diceret
1827 2839 1933 2895 :Ei
1970 2840 2071 2908 qui

465 2941 555 2983 vos
599 2929 926 2997 sufﬁcientes
967 2927 1238 2993 reddidit,
1271 2927 1421 2984 idem
1451 2937 1507 2984 et
1549 2943 1698 2984 nunc
1720 2927 1870 2984 dicit.
1935 2930 2066 2986 Non

466 3020 615 3074 enim
636 3034 738 3072 nos
763 3017 1007 3073 liberavit
1031 3025 1274 3085 tantum,
1307 3016 1504 3089 inquit,
1531 3032 1560 3072 a
1591 3017 1844 3089 peccatis,
1869 3032 2063 3076 verum

466 3108 634 3164 etiam
664 3107 1162 3164 sanctiﬁcationem
1192 3105 1357 3162 nobis
1405 3106 1690 3179 impertiit,
1716 3123 1829 3163 non
1876 3109 2064 3181 vulga-

462 3213 606 3265 rem,
637 3195 732 3253 sed
761 3213 952 3253 coram
981 3197 1102 3269 ipso
1124 3197 1418 3268 valentem,
1446 3205 1502 3253 et
1529 3197 1965 3272 immaculatam,
2011 3207 2066 3255 et

2183 1956 2288 2000 τος.
2323 1931 2390 1992 Ὁ
2417 1929 2472 1990 δὲ
2497 1932 2725 2012 Χριστὸς
2753 1929 2845 1990 xui
2873 1930 3029 2004 ἔδησε
3050 1930 3138 1990 τὸν
3170 1929 3413 2012 ἰσχυρὸν,
3451 1927 3542 1988 xui
3571 1925 3779 1986 ἔπεισεν

2183 2027 2326 2100 ἡμᾶς
2355 2022 2514 2081 αὐτοῦ
2553 2025 2871 2094 ἀποστῆναι.

2263 2231 2288 2256 α
2344 2203 2479 2264 Νυνὶ
2539 2200 2595 2261 δὲ
2656 2198 3094 2272 ἀποκατήλλαξεν
3165 2201 3220 2260 ἐν
3274 2200 3351 2280 τῷ
3409 2195 3622 2274 σώματι
3681 2200 3778 2271 τῆς

2181 2292 2373 2372 σαρκὸς
2407 2296 2565 2351 αὓτοῦ
2604 2290 2690 2350 διὰ
2732 2297 2822 2350 τοῦ
2871 2292 3117 2351 θανάτου.
3152 2318 3177 2345 υ
3227 2289 3404 2350 Πάλιν
3445 2289 3535 2348 τὸν
3579 2287 3777 2364 τρόπον

2179 2387 2272 2456 τῆς
2301 2385 2642 2460 καταλλαγῆς
2670 2381 2875 2453 τίθησιν
2895 2427 2911 2454 ,
2939 2381 3018 2442 ὅτι
3043 2381 3135 2441 xui
3161 2382 3214 2439 ἐν
3243 2381 3318 2462 τῷ
3347 2377 3581 2456 σώματι.
3610 2380 3734 2446 Πῶς
3757 2406 3770 2448 ς

2179 2463 2282 2552 ἆρα
2326 2473 2674 2551 μαστιγωθεὶς
2718 2472 2908 2550 μόνον,
2955 2469 2989 2542 ἢ
3046 2469 3346 2553 ῥαπισθείς,
3397 2468 3575 2550 Οὐχί·
3635 2468 3775 2528 ἀλλὰ

2178 2565 2270 2626 xui
2303 2563 2585 2625 ἀποθανὼν
2609 2565 2685 2644 τῷ
2716 2561 2982 2642 αἰσχίστῳ
3013 2561 3246 2643 θανάτῳ.

2259 2682 2283 2709 α
2329 2659 2688 2735 Παραστῆσαι
2725 2658 2864 2730 ὑμᾶς
2905 2652 3084 2731 ἁγίους
3111 2653 3204 2712 καὶ
3242 2649 3568 2729 ἀμωμήτους
3599 2646 3652 2688 ⁹⁶
3680 2649 3772 2709 xui

2177 2747 2526 2824 ἀνεγκλήτους
2597 2743 2926 2804 κατενώπιον
2997 2745 3180 2802 αὐτοῦ.
3252 2767 3278 2797 ι
3340 2742 3516 2824 Πάλιν
3586 2739 3772 2820 ἑτέραν

2174 2821 2475 2919 εὐεργεσίαν
2510 2836 2757 2911 τίθησιν,
2804 2833 2935 2915 ὅπερ
2981 2833 3072 2893 xui
3115 2832 3363 2913 ἀνωτέρω
3398 2821 3544 2906 εἷπε,
3597 2857 3622 2884 ι
3673 2831 3774 2912 Τῷ

2171 2925 2494 2987 ἱκανώσαντι
2525 2930 2700 3002 ὑμᾶς,
2736 2952 2761 2978 ιο
2813 2929 2970 2983 τοῦτο
3021 2923 3112 2982 καὶ
3163 2927 3252 2982 νῦν
3302 2923 3493 3001 λέγων.
3533 2921 3617 2982 Οὔ
3668 2920 3773 3001 γὰρ

2175 3015 2478 3088 ἀπήλλαξε,
2503 3015 2666 3096 φησὶ,
2697 3017 2853 3092 μόνον
2880 3013 3306 3095 ἁμαρτημάτων,
3333 3012 3472 3071 ἀλλὰ
3500 3011 3591 3071 xui
3613 3011 3774 3091 ἁγιω-

2174 3106 2336 3178 σύνην
2361 3107 2647 3188 ἐχαρίσατο
2667 3150 2685 3183 ,
2717 3107 2776 3166 οὐ
2800 3104 2897 3176 τὴν
2928 3109 3226 3186 τυχοῦσαν,
3256 3102 3394 3163 ἀλλὰ
3424 3102 3522 3173 τὴν
3546 3101 3770 3162 ἐνώπιον

2174 3200 2362 3269 αὐτοῦ,
2410 3202 2502 3256 καὶ
2554 3195 2614 3256 τὸ
2660 3197 2884 3274 ἄμωμον
2925 3197 3016 3255 xui
3061 3195 3419 3274 ἀνέγκλητον,
3465 3192 3603 3253 ὥστε
3634 3191 3773 3271 μηδὲ

461 3266 1022 3358 ἱενθρτι-ὴοοείωιεω,
1045 3287 1119 3342 ita
1149 3296 1260 3344 uta
1287 3266 1449 3344 nobis
1474 3267 1796 3344 neiminima
1837 3266 2061 3361 quidem

2175 3287 2333 3369 μέχρι
2348 3266 2515 3368 ’ψιλῆς
2538 3266 2920 3366 καταγνώσεως
2956 3266 3263 3368 πραχθῆναί
3293 3307 3345 3344 τι
3373 3287 3523 3363 ἡμῖν.

465 3376 893 3450 reprehensione
921 3377 1146 3450 dignum
1173 3377 1440 3452 quiddam
1465 3378 1818 3449 transigatur.

531 3470 710 3526 Vsns.
738 3472 828 3524 23.
882 3469 945 3526 Si
971 3473 1148 3525 tamen
1178 3471 1510 3540 permanetis
1533 3473 1593 3524 in
1614 3469 1757 3540 ﬁde.
1791 3467 1932 3540 Quia
1969 3478 2059 3527 to-

460 3567 583 3616 tum
626 3558 758 3615 Filio
785 3559 1060 3624 attribuit,
1085 3567 1145 3615 ut
1175 3559 1268 3630 qui
1300 3559 1418 3616 haec
1445 3575 1544 3617 sua
1577 3569 1754 3616 morte
1779 3569 2061 3634 transege-

460 3651 553 3717 rit,
585 3666 652 3705 ne
673 3649 857 3706 dicant
885 3665 897 3700 :
932 3652 996 3705 In
1026 3658 1308 3721 posterum
1337 3667 1451 3706 non
1479 3659 1564 3707 est
1601 3666 1739 3724 opus
1774 3649 2058 3708 laboribus

455 3741 660 3797 nostris
678 3762 690 3797 :
705 3741 799 3809 ait,
818 3742 1120 3797 Necessum
1141 3748 1244 3810 est,
1262 3741 1315 3795 in
1343 3740 1451 3798 tide
1469 3757 1838 3812 persevarare.
1876 3743 2059 3812 Quare

457 3845 569 3887 non
595 3847 790 3903 segnes
820 3831 966 3898 sitis,
996 3847 1176 3904 neque
1200 3830 1543 3888 relabamini.

527 3922 768 3977 Fundatt'
797 3927 847 3977 et
899 3923 1118 3978 stabiles
1161 3927 1210 3978 et
1246 3922 1591 3977 im-mobilesa
1624 3937 1716 3993 spe
1744 3923 2053 3992 Evangelii.

457 4012 595 4084 Quia
640 4012 836 4085 aliquis
878 4027 1202 4084 permanere
1251 4019 1456 4084 potest,
1502 4019 1557 4066 et
1599 4012 1821 4068 interim
1869 4022 2058 4069 tamen

455 4103 695 4172 concuti,
741 4102 931 4174 infert,
972 4103 1212 4159 Fundati
1257 4107 1309 4157 et
1351 4103 1592 4166 stabiles,
1640 4102 1746 4158 hoc
1790 4111 1891 4171 est,
1945 4119 2059 4159 non

453 4192 712 4248 concussi
741 4209 754 4248 :
790 4207 893 4248 nec
915 4191 1022 4248 hoc
1048 4193 1252 4259 solum,
1279 4191 1375 4247 sed
1420 4208 1490 4248 ne
1536 4196 1778 4264 permoti
1803 4191 2052 4266 quidem.

454 4281 622 4348 Nihil,
649 4281 841 4352 inquit,
867 4297 1033 4353 grave
1057 4297 1089 4338 a
1118 4279 1270 4337 vobis
1301 4281 1540 4354 postulo,
1573 4286 1671 4339 sed
1715 4299 1788 4340 ne
1817 4281 2053 4340 transfe-

456 4370 657 4426 ramini
685 4387 717 4426 a
763 4371 1023 4427 Christo:
1056 4371 1149 4428 ille
1187 4371 1334 4428 enim
1371 4381 1455 4428 est
1500 4388 1625 4444 spes
1671 4373 1970 4446 Evangelii,
2003 4381 2056 4429 et

2251 3495 2276 3521 «ι
2309 3467 2380 3527 Εἴ
2402 3489 2461 3546 γε
2487 3465 2763 3544 ἐπιμένετε
2885 3465 3080 3528 πίστει.
3118 3491 3142 3519 ι
3173 3464 3399 3538 Ἐπειδὴ
3431 3463 3491 3524 τὸ
3525 3463 3645 3524 ὅλον
3675 3465 3769 3525 τοῦ

2171 3558 2300 3618 Υίοῦ
2334 3557 2598 3631 τέθεικεν,
2633 3561 2703 3626 ὡς
2746 3557 3182 3637 κατορθώσαντος
3221 3561 3392 3616 ταῦτα
3414 3558 3492 3636 τῷ
3520 3554 3767 3637 θανάτῳ,

2165 3645 2254 3706 ἵνα
2282 3647 2358 3724 μὴ
2385 3647 2634 3721 εἴπωσιν,
2661 3648 2738 3706 ὅτι
2767 3646 2966 3708 Λοιπὸν
2996 3648 3054 3705 οὐ
3086 3647 3241 3727 χρεία
3265 3647 3441 3704 πόνων
3471 3645 3770 3725 ἡμετέρων,

2167 3738 2356 3820 φησὶν,
2388 3737 2468 3797 ὅτι
2502 3740 2672 3819 Χρεία
2710 3743 2800 3796 τοῦ
2832 3740 3098 3815 ἐπιμεῖναι
3141 3741 3207 3818 τῇ
3239 3737 3441 3798 πίστει.
3484 3735 3654 3795 Ὥστε
3689 3735 3766 3815 μὴ

2167 3828 2537 3909 ῥᾳθυμήσητε,
2571 3829 2705 3905 μηδὲ
2732 3827 3056 3900 ἀναπέσητε.

2247 3947 2271 3972 α
2308 3918 2762 3996 Τεθεμελιωμένοι
2796 3918 2886 3978 καὶ
2917 3919 3152 3998 ἑδραῖοι,
3201 3917 3293 3977 xui
3324 3915 3398 3995 μὴ
3441 3915 3760 3994 μετακινού·

2169 4031 2313 4083 μενοι
2361 4008 2468 4067 ἀπὸ
2516 4013 2609 4080 τῆς
2656 4009 2863 4075 ἐλπίδος
2921 4013 3012 4066 τοῦ
3057 4007 3404 4087 Εὗαγγελίου.
3472 4032 3496 4059 ιι
3538 4005 3766 4081 Ἐπειδῆ

2167 4102 2308 4158 ἔστιν
2351 4098 2614 4176 ἐπιμένειν
2647 4099 2771 4175 μὲν,
2815 4097 3164 4176 σαλευόμενον
3188 4100 3262 4172 δὲ,
3289 4095 3556 4178 ἐπιφέρει·
3597 4125 3622 4151 ι
3661 4099 3764 4158 Τε-

2169 4190 2547 4266 θεμελιωμένοι
2579 4189 2669 4248 καὶ
2703 4190 2935 4268 ἑδραῖοιο
2981 4215 3004 4241 υ
3028 4187 3301 4261 τουτέστι,
3332 4188 3408 4266 μὴ
3462 4185 3761 4266 σαλευόμε-

2165 4301 2272 4340 νοιο
2305 4278 2394 4337 xui
2426 4282 2484 4338 οὗ
2515 4279 2672 4355 μόνον
2693 4283 2877 4350 τοῦτο,
2909 4278 3047 4338 ἀλλὰ
3071 4277 3164 4338 xui
3208 4277 3343 4356 μηδὲ
3377 4306 3401 4330 α
3444 4277 3763 4356 μετακινού-

2167 4391 2338 4446 μενοι.
2362 4395 2386 4420 ιο
2421 4369 2586 4428 Οὐδὲν
2626 4369 2868 4449 φορτικὸν
2892 4371 3065 4445 ὑμᾶς,
3104 4367 3264 4448 φησὶν
3287 4414 3302 4442 ,
3341 4370 3585 4440 ἀπαιτῶ,
3624 4366 3765 4427 ἀλλὰ

457 4467 733 4534 quotquot
765 4460 1171 4532 amplectuntur
1203 4463 1595 4535 Evangelium,
1631 4463 1690 4519 in
1718 4463 1901 4536 ipsum
1931 4479 2053 4536 spe-

2172 4459 2224 4516 τὸ
2252 4457 2326 4536 μὴ
2372 4463 2792 4535 μετακινηθῆναι
2837 4457 2943 4518 ἀπὸ
2977 4461 3234 4539 Χριστοῦ.
3283 4449 3455 4524 Οὗτος
3485 4457 3586 4537 γάρ
3618 4461 3760 4518 ἐστιν

455 4567 575 4607 rare
615 4551 834 4620 debent,
883 4569 981 4608 ceu
1023 4569 1151 4609 eum
1197 4555 1290 4625 qui
1338 4569 1531 4623 pacem
1575 4552 1782 4610 fecerit.
1814 4554 2053 4612 Proinde

455 4641 549 4712 qui
589 4643 798 4714 angelis
847 4658 1033 4714 pacem
1064 4642 1314 4712 ascribit,
1363 4659 1394 4699 a
1425 4643 1643 4699 Christo
1681 4651 1765 4700 est
1810 4653 2048 4701 amotus.

457 4733 516 4788 ln
554 4733 751 4789 virtute
779 4734 1000 4804 quidem
1031 4734 1150 4790 ﬁeri
1191 4749 1307 4790 non
1338 4743 1520 4807 potest
1549 4743 1612 4790 ut
1640 4751 1748 4790 non
1803 4751 2052 4792 commo-

453 4830 662 4892 veatur,
687 4824 884 4880 saltem
913 4823 1316 4896 aliquantulum
1349 4843 1362 4882 :
1393 4827 1447 4881 in
1484 4823 1597 4883 ﬁde
1633 4833 1843 4893 autem,
1873 4825 2050 4898 possi-

455 4911 558 4971 bile
580 4922 682 4972 est.
713 4915 908 4988 Itaque
927 4914 1066 4971 nihil
1090 4931 1252 4988 grave
1278 4916 1536 4988 postulat.

522 5184 671 5254 Quod
692 5183 1004 5254 audivistis,
1039 5185 1182 5256 quod
1201 5183 1560 5256 praedicatum
1585 5189 1662 5242 est
1694 5185 1752 5240 in
1799 5186 2048 5242 universa

447 5282 700 5332 creatura
727 5293 847 5349 quce
887 5277 986 5334 sub
1008 5277 1134 5332 caelo
1163 5282 1261 5332 est.
1288 5277 1641 5333 Colossenses
1669 5275 1879 5348 primos
1919 5291 2046 5348 pro-

445 5365 553 5422 fert
579 5375 763 5435 testes,
785 5366 982 5424 deinde
1009 5367 1327 5424 universum
1351 5373 1631 5423 terrarum
1676 5366 1891 5424 orbem.
1929 5368 2046 5423 Nec

443 5455 605 5526 dixit,
629 5456 794 5530 Quod
839 5457 1191 5530 praedicatur,
1219 5456 1316 5515 sed
1361 5457 1515 5526 Quod
1547 5459 1911 5529 praedicatum
1940 5461 2042 5527 est,

2163 4553 2196 4622 ἡ
2229 4548 2376 4616 ἐλπὶς
2402 4554 2494 4608 τοῦ
2527 4548 2884 4627 Εὖαγγελίου,
2923 4549 3014 4607 xui
3043 4549 3237 4617 πάντες
3269 4550 3318 4608 οἰ
3339 4548 3399 4607 τὸ
3432 4548 3764 4627 Εὖαγγέλιον

2164 4639 2621 4720 παραδεχόμενοι,
2671 4639 2754 4697 ἐπ’
2809 4639 2966 4697 αὐτὸν
3027 4640 3326 4721 ὀφείλουσιν
3377 4638 3639 4711 ἐλπίζειν,
3689 4643 3763 4708 ὡς

2163 4729 2638 4808 εἰρηνοποιήσαντα
2679 4729 2754 4790 97.
2813 4724 2994 4788 Ὥστε
3033 4731 3061 4787 ὁ
3108 4729 3350 4808 ἀγγέλοις
3391 4734 3492 4800 τὴν
3543 4726 3760 4808 εἰρήνην

2161 4819 2501 4900 έπιγροίφων,
2549 4817 2961 4897 μετακεκίνηται
3021 4817 3124 4878 ἀπὸ
3178 4823 3272 4879 τοῦ
3317 4820 3572 4898 Χριστοῦ.
3632 4817 3764 4878 Ἐπὶ

2160 4905 2256 4984 μὲν
2292 4899 2400 4968 γοῦν
2447 4912 2540 4980 τῆς
2585 4911 2776 4988 ἀρετῆς
2829 4913 2925 4968 οὐκ
2994 4906 3072 4968 ἔνι
3145 4911 3221 4986 μή
3279 4909 3604 4980 σαλευθῆναι
3657 4907 3760 4968 κᾶν

2159 4999 2376 5079 μικρόνο
2408 4999 2496 5058 ἐπὶ
2518 4999 2572 5058 δὲ
2599 5003 2692 5072 τῆς
2723 4998 2956 5066 πίστεως
2985 4998 3227 5058 δυνατόν.
3254 4995 3426 5059 Ὥστε
3452 4996 3597 5060 οὐδὲν
3628 5021 3762 5082 φορ-

2159 5089 2299 5149 τικὸν
2331 5089 2566 5150 ἀπαιτεῖ.

2238 5207 2264 5235 ιι
2320 5169 2403 5239 Οὖ
2472 5178 2741 5251 ἠκούσατε
2801 5183 2894 5241 τοῦ
2947 5177 3297 5260 κηρυχθέντος
3355 5179 3408 5239 ἐν
3471 5181 3620 5260 παίσῃ

2153 5269 2322 5328 κτίσει
2482 5269 2586 5351 orto
2615 5269 2704 5328 τὸν
2743 5269 2981 5351 οὐρανόν.
3016 5297 3040 5324 ιο
3076 5266 3280 5336 Αὐτοὺς
3312 5273 3456 5351 φέρει
3489 5272 3762 5350 μάρτυρας

2153 5349 2422 5440 πρώτους,
2483 5349 2598 5418 εἶτα
2664 5359 2758 5434 τὴν
2810 5349 3142 5439 οἰκουμένην
3197 5349 3434 5422 ἅπασαν.
3498 5349 3609 5421 Kui
3661 5349 3760 5419 οὒκ

2153 5440 2288 5527 εἶπε,
2317 5449 2752 5531 Κηρυττομένου,
2783 5451 2943 5527 ἀλλὰ,
2974 5479 2999 5504 ι
3021 5449 3414 5531 Κηρυχθέντος,
3440 5476 3465 5505 ι
3496 5449 3760 5524 τουτέστι,

1843 5612 2032 5672 Varia:
2062 5613 2384 5692 lectiones;

505 5780 550 5816 ’3
581 5779 686 5852 εἶχε
717 5797 772 5838 ο.
845 5782 888 5816 9⁸
919 5777 1119 5856 ἧμενζο.
1199 5782 1244 5816 ’⁵
1269 5783 1460 5854 πονηρὰ
1485 5801 1537 5842 ο,
1615 5781 1674 5854 ⁸⁸η
1691 5783 1928 5858 ἀμώμους
1955 5802 2009 5842 o.
2087 5785 2130 5818 ’7
2161 5784 2513 5856 εἰρηνεύσαντα
2544 5801 2598 5842 0.
