4104 6454
280 459 299 509 1
313 457 414 510 229

1160 450 1514 506 EXPOSITIO
1554 451 1618 506 ΙΝ
1658 451 1864 506 EPIST.
1906 452 1997 506 AD
2037 451 2315 508 COLOSS.
2351 481 2423 493 —
2459 453 2614 509 CAP.
2649 455 2696 509 ἱ.

3443 459 3580 513 1230

271 577 638 643 πιστευθέντος
667 576 796 650 ἤδη.
828 574 1004 636 υΩστε
1040 574 1361 657 αἰσχύνθητε
1389 575 1497 657 ’καὶ
1537 575 1748 642 ἑαυτοὺς
1777 576 1868 635 καὶ

1998 592 2086 634 ioc
2111 585 2214 645 est,
2239 575 2390 650 quod
2405 577 2521 650 jam
2537 577 2809 635 creditum
2830 587 2936 636 est.
2967 577 3135 652 475
3159 581 3348 652 Itaque
3373 581 3582 653 pudore

277 668 480 737 πάντας
514 668 704 734 ἄλλους
735 663 1072 746 ἀνθρώπους,
1108 668 1298 747 ἑτέρως
1340 664 1672 734 πιστεύοντες
1712 665 1784 724 93.

357 877 380 903 ι
425 839 508 911 Οῦ
550 847 804 929 ἐγενόμην
839 845 943 928 ἐγὼ
975 849 1188 916 Παῦλος
1220 846 1478 915 διάκονος.
1514 873 1538 900 ι
1568 845 1679 908 Καὶ
1722 854 1875 910 τοῦτο

275 942 345 1008 εἰς
377 938 714 1008 ἀξιοπιστίαν
747 942 984 998 συντελεῖ
1029 937 1079 975 99
1108 943 1204 998 τοῦ
1246 936 1603 1018 Εὖαγγελίου,
1632 936 1692 996 τὸ
1717 938 1876 997 αὐτὸν

277 1032 494 1090 Παῦλον
547 1018 680 1088 εἶναι
727 1028 954 1108 κήρυκα.
1010 1026 1168 1105 Μέγα
1213 1026 1316 1109 γὰρ
1360 1027 1422 1088 τὸ
1467 1029 1630 1086 αὐτοῦ
1669 1027 1869 1104 ὄνομα,

277 1124 554 1200 πανταχοῦ
588 1119 845 1200 ᾀδομένου
867 1164 884 1189 ,
916 1117 1008 1178 καὶ
1053 1118 1150 1186 τὴν
1199 1117 1513 1194 οἰκουμένην
1556 1116 1875 1196 περιλαϐόν-

276 1233 363 1278 τος
395 1209 600 1270 λοιπόν.
649 1208 906 1268 Διάκονον
952 1209 1006 1268 δὲ
1055 1209 1240 1268 ἑαυτὸν
1286 1209 1482 1285 εἰπὼν,
1530 1209 1734 1284 μᾶλλον
1772 1209 1871 1266 αὖ-

277 1299 397 1366 τοὺς
442 1303 667 1359 συνωθεῖ
713 1301 783 1366 εἷς
817 1299 878 1358 τὸ
927 1303 1230 1372 πεισθῆναι.
1269 1298 1350 1357 Οὐ
1396 1295 1498 1378 γὰρ
1544 1295 1674 1374 ἐμὰ,
1706 1297 1870 1376 φησὶ,

274 1387 449 1468 λέγω,
499 1387 620 1448 ἀλλ’
651 1387 812 1469 ἑτέρῳ
851 1389 1111 1463 διακονῶ,
1165 1390 1241 1467 τῷ
1283 1390 1408 1469 Θεῷ
1439 1387 1662 1460 δηλαδή.
1706 1386 1876 1448 Ὥστε

275 1478 459 1560 ἐκείνῳ
493 1477 863 1551 πεισθήσεσθε.

362 1597 384 1621 α
415 1572 524 1630 Νῦν
551 1568 726 1650 χαίρω
769 1569 822 1628 ἐν
854 1576 961 1637 τοῖς
991 1565 1274 1650 παθήμασί
1324 1590 1425 1644 μου
1458 1565 1590 1641 ὑπὲρ
1620 1568 1769 1642 ὑμῶν
1822 1595 1868 1626 ιο.

279 1663 437 1720 Δοκεῖ
481 1649 586 1736 μὲν
619 1657 971 1718 ἀνακόλουθον
1003 1649 1354 1736 eivau10§10'
1403 1656 1515 1716 ἔστι
1543 1655 1599 1715 δὲ
1653 1656 1874 1718 ἀκόλου·

278 1755 364 1810 θον
413 1735 636 1830 σφόδρα.
697 1747 920 1821 Ἐπειδὴ
969 1746 1084 1830 γὰρ
1121 1735 1292 1820 εἶπεν,
1342 1746 1422 1806 ὅτι
1469 1746 1721 1814 Διάκονος
1761 1749 1875 1826 ἐγε-

1979 665 2196 724 afticitis
2237 675 2293 723 et
2324 683 2440 736 vos,
2477 677 2533 725 et
2585 683 2777 725 omnes
2823 667 2958 726 alios
3003 668 3275 736 homines,
3324 670 3370 727 si
3424 669 3580 728 aliter

1982 756 2214 814 creditis.

2052 848 2222 918 Cujus
2251 849 2431 915 ructus
2459 864 2579 903 sum
2601 865 2694 920 ego
2720 850 2921 905 Paulus
2963 852 3227 909 minister.
3260 852 3440 923 Atque
3470 850 3575 908 hoc

1981 937 2050 992 ad
2077 938 2458 994 auctoritatem
2482 939 2759 1011 Evangelii
2795 936 2946 1004 facit,
2981 941 3215 997 Paulum
3245 941 3426 1012 ipsum
3457 957 3576 999 esse

1984 1042 2311 1099 praeconem.
2343 1029 2541 1099 Ingens
2586 1026 2734 1083 enim
2780 1028 2896 1101 ejus
2945 1045 3150 1086 nomen
3197 1039 3342 1098 erat;
3385 1039 3576 1104 utpote

1983 1116 2074 1188 qui
2107 1116 2251 1189 apud
2298 1132 2492 1173 omnes
2544 1115 2867 1173 decantatus
2907 1127 3042 1186 erat,
3075 1128 3235 1192 atque
3250 1118 3365 1190 jam
3399 1129 3576 1177 terra-

1981 1222 2105 1263 rum
2139 1207 2330 1264 orbem
2357 1215 2735 1279 occupaverat.
2767 1208 3080 1265 Ministrum
3111 1219 3296 1266 autem
3328 1211 3575 1283 seipsum

1981 1296 2187 1364 dicens,
2214 1297 2390 1370 magis
2412 1313 2510 1354 eos
2554 1306 2613 1353 ut
2653 1297 2884 1354 credant
2922 1300 3221 1371 compellit.
3271 1304 3397 1357 Non
3423 1303 3577 1358 enim

1984 1403 2124 1455 mea,
2149 1387 2340 1459 inquit,
2372 1388 2518 1456 dico,
2551 1388 2645 1444 sed
2671 1386 2761 1444 alii
2810 1388 3084 1460 ministro,
3123 1393 3242 1447 Deo
3280 1391 3532 1449 videlicet
3564 1412 3577 1449 :

1983 1477 2160 1549 itaque
2190 1477 2266 1532 illi
2288 1478 2538 1535 credetis.

2056 1570 2236 1624 Vsus.
2268 1575 2360 1624 24.
2403 1572 2558 1627 Nune
2598 1570 2803 1639 gaudeo
2832 1571 2894 1626 in
2935 1573 3284 1644 passionibus
3309 1575 3441 1629 meis
3480 1589 3584 1645 pro

1980 1659 2150 1714 vobis.
2177 1658 2408 1716 Videtur
2446 1659 2668 1732 quidem
2713 1659 2820 1718 boc
2873 1677 2994 1718 esse
3022 1662 3448 1736 inconsequens;
3497 1673 3584 1722 est

1980 1755 2166 1804 autem
2212 1764 2553 1820 consequens
2598 1749 2768 1806 valde.
2814 1754 3117 1825 Postquam
3170 1753 3315 1810 enim
3372 1754 3584 1812 dixerat

278 1829 581 1917 νόμηνίτοῦ
626 1837 986 1918 Εὐαγγελίου,
1028 1829 1086 1898 οῦ
1121 1836 1196 1916 μὴ
1245 1841 1494 1897 ἐκπεσεῖν
1546 1841 1683 1913 ὑμᾶς
1723 1837 1878 1911 ἀξιῶ,

1998 1853 2105 1894 sese
2139 1836 2351 1895 factum
2385 1839 2664 1912 Evangelii
2698 1841 3039 1912 ministrum,
3089 1859 3120 1898 a
3153 1860 3264 1916 quo
3308 1859 3421 1900 non
3467 1844 3584 1900 vult

278 1929 573 2002 δείκνυσιν,
641 1927 722 1987 ὅτι
771 1927 1040 1989 Τοσοῦτόν
1100 1929 1244 1989 ἐστιν
1308 1926 1525 2000 ἀληθὲς,
1585 1924 1724 1986 ὥστε
1785 1927 1876 1985 καὶ

280 2019 477 2102 πάσχω
517 2017 650 2098 ὑπὲρ
686 2016 902 2078 τούτου·
947 2017 1038 2078 καὶ
1063 2018 1122 2077 οὖ
1159 2017 1317 2095 μόνον
1350 2017 1572 2096 πάσχω,
1603 2015 1742 2076 ἀλλὰ
1785 2015 1876 2076 καὶ

278 2111 455 2189 χαίρω
493 2113 546 2170 ἐν
591 2116 699 2176 τοῖς
755 2107 1058 2186 παθήμασι.
1107 2109 1192 2168 Τὰ
1245 2107 1299 2166 δὲ
1352 2107 1651 2183 παθήματα
1705 2111 1877 2166 ταῦτα

280 2199 414 2282 ὑπὲρ
443 2202 591 2278 ὑμῶν
621 2201 780 2272 εἰσιν,
801 2196 888 2258 ἵνα
917 2203 1050 2276 ὑμᾶς
1077 2197 1353 2278 ὠφελῆσαι
1379 2199 1612 2268 δυνηθῶ.

365 2313 394 2345 ι
433 2289 539 2350 Καὶ
618 2291 1012 2368 ἀνταναπληρῶ
1073 2287 1141 2347 τὰ
1199 2285 1542 2367 ὑστερήματα
1605 2289 1707 2344 τῶν
1762 2284 1880 2346 θλίσ-

282 2383 424 2462 ψεων
451 2383 542 2440 τοῦ
575 2381 812 2460 Χριστοῦ
843 2379 857 2413 ⁴
895 2381 948 2438 ἐν
979 2382 1047 2459 τῇ
1078 2377 1240 2462 σαρκί
1271 2401 1394 2454 μου.
1435 2400 1460 2433 ι)
1497 2377 1654 2436 Δοκεῖ
1683 2377 1880 2445 ἀλαζο-

282 2458 424 2538 νικὸς
459 2469 552 2529 καὶ
585 2458 1030 2547 ἀπονενοημένος
1060 2458 1194 2526 εἶναι
1235 2471 1262 2526 6
1293 2465 1474 2544 λόγος’
1509 2468 1603 2526 οὖκ
1643 2466 1756 2525 ἔστι
1792 2464 1880 2539 δὲ,

287 2558 428 2619 ἀλλὰ
458 2559 551 2618 καὶ
597 2561 797 2630 πολλῆς
826 2559 978 2637 γέμει
1017 2562 1114 2630 τῆς
1162 2559 1291 2637 πρὸς
1339 2556 1571 2637 Χριστὸν
1605 2559 1880 2637 φιλοστορ-

283 2650 420 2730 γίας.
453 2648 560 2710 Καὶ
604 2648 706 2729 γὰρ
736 2647 987 2728 βούλεται
1020 2655 1206 2708 πεῖσαι
1239 2644 1454 2721 αὐτοὺς,
1484 2645 1567 2705 ὅτι
1595 2650 1624 2706 6
1655 2644 1885 2728 Χριστὸς

284 2739 364 2800 ἔτι
409 2738 501 2798 καὶ
549 2743 638 2797 νῦν
695 2737 828 2820 ὑπὲρ
864 2740 1040 2798 αὐτῶν
1085 2737 1322 2818 πάσχει,
1363 2735 1456 2796 καὶ
1491 2738 1572 2796 Οὗ
1605 2735 1674 2795 δι’
1729 2738 1884 2814 ἡμῶν

284 2832 390 2888 τῶν
439 2828 755 2889 ἀποστόλων
798 2829 1159 2910 προσάγεσθε,
1205 2825 1344 2886 ἀλλὰ
1399 2825 1465 2886 δι’
1501 2825 1735 2903 ἐκείνου,
1783 2824 1884 2884 κᾶν

289 2924 444 2996 ἡμεῖς
481 2919 535 2976 ἐν
566 2922 642 2999 τῷ
673 2918 822 3000 μέσῳ
845 2906 1011 2994 ⁷ὦμεν
1047 2918 1094 2981 ².
1143 2916 1314 2977 θΩστε
1345 2917 1397 2974 τί
1432 2924 1630 2976 ποιεῖτε
1667 2917 1886 2988 ἀποπη-

289 3010 478 3075 δῶντες
530 3009 714 3068 τούτου
740 3052 757 3081 ,
822 3014 913 3068 τοῦ
961 3008 1053 3066 καὶ
1107 3005 1242 3083 μετὰ
1301 3006 1360 3064 τὸ
1421 3007 1704 3066 ἀποθανεῖν
1753 3003 1886 3086 ὑπὲρ

1985 1943 2079 1985 eos
2114 1927 2380 1997 excidere,
2429 1938 2708 1986 monstrat
2758 1931 2865 1987 hoc
2903 1931 3044 1989 adeo
3073 1948 3193 1990 esse
3243 1950 3462 2003 verum,
3518 1943 3581 1991 ut

1989 2034 2090 2091 pro
2120 2017 2225 2076 hoc
2269 2019 2440 2076 etiam
2486 2019 2664 2092 patiar
2714 2041 2726 2077 :
2771 2036 2874 2078 nec
2915 2023 3098 2079 solum
3129 2024 3339 2096 patior,
3381 2025 3583 2097 inquit,

1986 2123 2182 2164 verum
2213 2108 2370 2165 laetor
2398 2110 2563 2166 etiam
2587 2111 2643 2166 in
2664 2109 3072 2169 afﬂictionibus.
3105 2112 3454 2170 Afﬂictiones
3483 2131 3584 2172 au-

1987 2205 2107 2255 tam
2139 2198 2224 2255 hae
2244 2215 2381 2257 mea:
2411 2217 2509 2273 pro
2535 2200 2688 2257 vobis
2719 2210 2870 2270 sunt,
2903 2211 2962 2258 ut
2993 2219 3090 2259 vos
3140 2203 3336 2276 juvare
3366 2220 3586 2277 queam.

2058 2293 2129 2346 Et
2146 2291 2416 2362 adimpleo
2448 2308 2508 2346 ea
2551 2308 2670 2362 qua:
2707 2292 2904 2348 desunt
2923 2297 3243 2364 passionum
3284 2297 3492 2352 Christi
3526 2299 3587 2352 in

1991 2397 2149 2436 carne
2186 2397 2324 2436 mea.
2371 2380 2600 2436 Videtur
2652 2383 3006 2439 ostentatoris
3056 2393 3222 2456 atque
3275 2386 3589 2459 arrogantis

1993 2469 2080 2526 hic
2124 2485 2308 2526 sermo
2338 2487 2456 2526 esse
2495 2493 2507 2527 :
2562 2472 2715 2544 atqui
2763 2489 2874 2530 non
2920 2482 3036 2542 est;
3085 2475 3373 2532 enimvero
3413 2476 3590 2533 multa

1992 2559 2226 2617 refertus
2255 2569 2338 2617 est
2365 2577 2496 2633 erga
2527 2562 2810 2626 Christum
2843 2563 3159 2620 dilectione.
3193 2567 3334 2621 Nam
3365 2567 3444 2622 eis
3474 2568 3590 2623 vult

1995 2649 2343 2722 persuadere,
2382 2649 2533 2724 quod
2579 2651 2828 2708 Christus
2874 2654 3041 2710 etiam
3079 2671 3176 2726 pro
3205 2654 3270 2712 iis
3298 2655 3462 2712 hodie
3493 2673 3589 2729 pa-

1993 2740 2182 2809 tiatur,
2215 2748 2270 2796 et
2294 2740 2445 2813 quod
2473 2757 2569 2813 per
2605 2757 2706 2799 nos
2735 2744 3013 2815 apostolos
3054 2761 3165 2800 non
3189 2745 3316 2801 estis
3345 2745 3590 2815 adducti,

1995 2830 2094 2886 sed
2124 2846 2216 2902 per
2245 2830 2424 2899 illum,
2460 2831 2672 2888 etiamsi
2707 2848 2816 2889 non
2845 2833 2947 2889 ista
2985 2831 3276 2891 faciamus.
3309 2835 3455 2905 Quid
3487 2836 3594 2908 igi-

1997 2927 2088 2975 tur
2113 2919 2292 2976 facitis
2316 2921 2626 2978 resilientes
2655 2922 2724 2978 ab
2751 2938 2840 2992 eo,
2869 2924 2963 2996 qui
3005 2923 3174 2980 etiam
3205 2934 3327 2995 post
3357 2933 3593 2981 mortem

1999 3027 2096 3081 pro
2127 3011 2281 3066 vobis
2323 3011 2562 3082 pericula
2609 3012 2842 3068 subeat?
2891 3014 3050 3085 Quod
3081 3031 3209 3070 vero
3240 3014 3339 3084 ait,
3384 3024 3467 3071 est
3497 3015 3598 3070 hu-

293 3101 446 3176 ὑμῶν
491 3097 914 3168 κινδυνεύοντος;
967 3096 1044 3157 ’⁵0
1085 3096 1139 3157 δὲ
1170 3097 1312 3175 λέγει
1352 3095 1586 3156 τοιοῦτόν
1617 3099 1784 3156 ἐστιν·
1821 3097 1888 3155 Εἰ

1998 3099 2234 3171 jusmodi
2268 3121 2280 3158 :
2311 3101 2367 3157 Si
2389 3101 2569 3158 adhuc
2610 3101 2836 3159 deberet
2863 3104 2974 3174 pati
2997 3120 3097 3176 pro
3138 3104 3294 3160 nobis
3324 3106 3595 3172 Christus,

289 3188 368 3248 ἔτι
408 3187 693 3267 ἐχρεώστει
739 3193 926 3246 παθεῖν
969 3186 1099 3264 ὑπὲρ
1129 3190 1284 3265 ἡμῶν
1313 3192 1340 3248 6
1386 3188 1641 3268 Χριστὸς,
1683 3187 1888 3258 ἀπῆλθε

287 3277 345 3337 δὲ
376 3277 467 3336 καὶ
499 3277 594 3337 οὒκ
627 3277 872 3338 ἀπέδωκε
902 3279 961 3336 τὸ
989 3278 1178 3358 χρέος,
1223 3275 1327 3354 ἐγὼ
1364 3281 1513 3336 τοῦτο
1555 3276 1889 3354 ἀποδίδωμι’

289 3367 473 3448 ὥσπερ
506 3365 570 3426 ἂν
613 3368 660 3426 εἷ
705 3373 796 3428 τοῦ
840 3371 1138 3447 στρατηγοῦ
1181 3366 1404 3431 ἀπόντος
1429 3366 1486 3443 3,
1533 3369 1560 3422 6
1596 3365 1893 3443 ὑποστράτ-

289 3482 416 3538 ηγος
463 3460 557 3529 τῆς
624 3458 894 3539 φάλαγγος
950 3458 1313 3536 ὑπερμαχῶν,
1389 3458 1462 3522 εἰς
1532 3454 1622 3512 τὸν
1692 3455 1892 3514 ἐκείνου

292 3547 455 3607 τόπον
497 3545 654 3619 στὰς,
699 3548 766 3606 τὰ
798 3545 1004 3606 ἐκείνου
1044 3545 1330 3627 τραύματα
1362 3544 1516 3611 αὐτὸς
1549 3543 1886 3625 ἀναδέχοιτο.

295 3635 400 3699 Διὰ
433 3641 588 3696 τοῦτο
618 3635 720 3716 γὰρ
765 3635 857 3696 καὶ
884 3625 1230 3718 ὑστερήματα
1269 3625 1412 3694 εἶπεν
1433 3679 1448 3707 ,
1482 3631 1570 3693 ἵνα
1602 3632 1778 3710 δείξῃ,
1811 3633 1892 3692 ὅτι

292 3724 414 3788 οὐδὲ
460 3726 520 3785 τὸ
574 3734 682 3784 πᾶν
733 3731 950 3806 ἡγεῖται
984 3724 1194 3785 οὐδέπω
1238 3723 1576 3786 πεπονθέναι.
1625 3726 1893 3784 Τοσοῦτον

296 3819 485 3897 ἀγαπᾷ
537 3819 678 3893 ἡμᾶς
724 3815 779 3889 ⁸,
833 3814 970 3875 ὥστε
1014 3814 1089 3893 μὴ
1143 3813 1442 3894 ἀρκούντων
1488 3817 1592 3874 τῶν
1642 3812 1827 3894 πρώην
1869 3815 1893 3851 ⁵

296 3909 513 3978 παθῶν,
562 3905 653 3964 καὶ
707 3904 844 3982 μετὰ
889 3904 1110 3964 θάνατον
1153 3903 1386 3984 πάσχειν
1440 3907 1492 3963 ἐν
1538 3905 1613 3984 τῷ
1653 3906 1765 3983 ἐμῷ
1795 3902 1896 3961 σώ-

298 4019 454 4074 ματι’
507 3996 564 4054 οὗ
611 3993 714 4075 γὰρ
768 3994 1003 4074 ἠρκέσθη
1056 3997 1132 4074 τῷ
1185 3993 1436 4075 θανάτῳ,
1487 3991 1626 4052 ἀλλὰ
1677 3992 1766 4051 καὶ
1817 3991 1896 4052 ἔτι

299 4085 466 4165 μυρία
537 4074 700 4147 ποιεῖς
768 4086 892 4165 Οὐχ
942 4085 1126 4144 ἑαυτὸν
1177 4074 1265 4144 οῦν
1318 4082 1550 4163 ἐπαίρων
1607 4086 1635 4142 6
1687 4085 1900 4150 Παῦλος

297 4174 470 4234 ταῦτά
517 4198 715 4254 φησιν,
778 4175 918 4234 ἀλλὰ
953 4173 1040 4232 τὸν
1088 4171 1322 4255 Χριστὸν
1371 4171 1538 4243 δεῖξαι
1583 4172 1899 4253 βουλόμενος

301 4267 380 4326 ἔτι
429 4263 518 4324 καὶ
553 4271 641 4325 νῦν
670 4262 801 4345 ὑπὲρ
825 4266 999 4324 αὐτῶν
1021 4265 1384 4346 φροντίζοντα.

395 4377 426 4414 (ι
476 4353 646 4436 Ὑπὲρ
676 4360 768 4415 τοῦ
816 4354 1062 4436 σώματος
1097 4357 1288 4427 αὐτοῦ,
1319 4353 1350 4412 8
1398 4356 1540 4414 ἐστιν
1580 4356 1614 4426 ἡ
1660 4351 1899 4426 Ἐκκλη-

2000 3189 2223 3246 abiisset
2265 3199 2475 3259 autem,
2523 3207 2625 3248 nec
2671 3193 2997 3249 reddidisset
3043 3194 3316 3261 debitum,
3361 3211 3463 3267 ego
3495 3194 3597 3251 hoc

2001 3279 2170 3336 reddo
2201 3298 2214 3335 :
2256 3281 2729 3353 quemadmodum
2761 3283 2804 3339 si
2852 3283 2995 3340 duce
3033 3286 3304 3340 exercitus
3345 3285 3594 3352 abeunte,

1999 3370 2401 3442 subimperator
2424 3387 2524 3442 pro
2574 3371 2838 3446 phalange
2877 3373 3164 3442 dimicans,
3219 3375 3362 3430 illius
3413 3375 3596 3431 locum

2001 3461 2360 3528 constitutus,
2407 3461 2638 3517 vulnera
2692 3461 2858 3534 ipsius
2896 3463 3151 3534 recipiat.
3211 3467 3509 3535 Propterea
3547 3473 3602 3522 et

2001 3549 2336 3621 ὑστερήματα,
2391 3549 2493 3605 hoc
2539 3559 2620 3606 est
2675 3549 2943 3616 defectus,
2993 3553 3153 3617 dixit,
3211 3562 3274 3608 ut
3324 3553 3601 3620 ostendat,

2003 3639 2155 3710 quod
2210 3638 2491 3695 existimet
2534 3655 2593 3695 se
2647 3639 2902 3696 nondum
2947 3642 3134 3697 omnia
3185 3658 3405 3714 passum
3459 3659 3599 3700 esse.

2009 3728 2180 3798 Adeo,
2206 3728 2404 3800 inquit,
2439 3727 2615 3800 diligit
2644 3745 2761 3796 vos,
2792 3738 2854 3785 ut
2883 3738 3150 3803 tanquam
3180 3748 3290 3787 non
3326 3731 3606 3788 sufﬁciant

2007 3820 2216 3890 priores
2244 3819 2521 3891 passiones
2547 3827 2602 3874 et
2626 3818 2975 3886 afﬂictiones,
3009 3831 3135 3893 post
3160 3829 3402 3878 mortem
3434 3822 3603 3878 etiam

2007 3909 2243 3980 patiatur
2270 3909 2329 3964 in
2358 3925 2486 3965 meo
2515 3924 2745 3980 corpore
2777 3926 2791 3963 :
2835 3909 3088 3967 nondum
3125 3910 3271 3967 enim
3311 3919 3607 3968 contentus

2005 4007 2088 4054 est
2131 4006 2331 4069 morte,
2381 3998 2478 4056 sed
2508 3998 2688 4056 adhuc
2731 4000 3023 4056 innumera
3061 3999 3216 4058 facit.
3270 4005 3393 4057 Non
3435 4001 3608 4073 igitur

2004 4089 2248 4161 seipsum
2273 4089 2550 4156 attollens,
2612 4090 2810 4146 Paulus
2839 4090 2957 4146 haec
2986 4090 3136 4159 dicit,
3164 4091 3263 4148 sed
3295 4101 3607 4149 monstrare

2009 4178 2198 4236 volens
2246 4179 2394 4250 quod
2442 4179 2694 4235 Christus
2745 4179 3049 4236 etiamnum
3096 4197 3194 4253 pro
3252 4181 3381 4254 ipsis
3417 4197 3609 4239 curam

2009 4278 2184 4342 gerat.

2081 4361 2192 4415 Pro
2219 4376 2434 4431 corpore
2472 4361 2668 4430 ipsius,
2709 4363 2855 4431 quod
2893 4367 2971 4418 est
2997 4364 3250 4420 Ecclesia.
3278 4362 3419 4434 Quia
3465 4362 3615 4421 dixe-

302 4445 422 4528 σία.
448 4467 478 4503 n
519 4433 744 4517 Ἐπειδὴ
797 4433 941 4505 εἶπεν
961 4491 975 4517 ,
1008 4441 1090 4503 ὅτι
1122 4446 1189 4504 Ei
1221 4442 1276 4501 δὲ
1307 4441 1331 4478 ⁸
1367 4441 1470 4522 ἐγὼ
1503 4442 1729 4524 πάσχω,
1781 4445 1888 4502 ἀλλ

2010 4457 2115 4518 rat,
2154 4450 2383 4506 Etiamsi
2413 4466 2514 4522 ego
2554 4450 2749 4522 patior,
2802 4451 3002 4508 Christi
3041 4461 3231 4510 tamen
3293 4433 3424 4509 sunt
3463 4455 3616 4510 afﬂi-

304 4525 395 4595 οῦν
452 4542 542 4595 τοῦ
583 4537 818 4616 Χριστοῦ
851 4535 952 4592 εἶσι
995 4531 1062 4592 τὰ
1094 4533 1420 4610 παθήματα,
1473 4532 1775 4602 ἀξιόπιστον
1812 4532 1903 4591 τὸν

304 4624 459 4702 λόγον
492 4631 666 4696 ποιεῖ,
700 4622 794 4684 καί
823 4646 1009 4706 φησιν,
1045 4623 1127 4682 ὅτι
1171 4620 1306 4702 ὑπὲρ
1345 4627 1436 4681 τοῦ
1472 4620 1718 4706 σώματος
1745 4623 1904 4680 αὐτοῦ

306 4701 402 4774 καῖ
431 4719 602 4772 ταῦτα
647 4701 908 4791 γίνονται.
947 4711 1042 4786 Μὴ
1095 4701 1578 4792 τοίνυνκομπηρὸν
1631 4701 1764 4771 εἶναι
1816 4735 1902 4771 νο-

309 4803 504 4882 μίσητε
533 4803 618 4863 τὸν
649 4802 830 4882 λόγον,
862 4803 1001 4862 ἀλλὰ
1034 4801 1121 4861 τὸν
1151 4807 1226 4878 μὴ
1260 4801 1642 4872 ἀπαξιώσαντα
1675 4801 1906 4882 συνάψαι

308 4896 486 4974 ἑαυτῷ
539 4891 634 4966 τὴν
689 4892 1053 4968 Ἐκκλησίαν,
1100 4891 1424 4952 πιστεύσατε
1486 4891 1579 4951 καὶ
1630 4895 1719 4951 νῦν
1776 4891 1907 4972 ὑπὲρ

314 4985 479 5055 αὐτῆς
516 4981 590 5042 ἔτι
621 4982 849 5064 πάσχειν
881 4985 933 5043 ἐν
972 4987 1039 5062 τῇ
1074 4984 1178 5064 ἐμῇ
1223 4981 1404 5061 σαρκί.
1443 4983 1507 5042 Εἰ
1540 4981 1594 5040 δὲ
1633 4985 1790 5059 σῶμα
1819 4985 1909 5041 τοῦ

313 5075 550 5154 Χριστοῦ
615 5077 647 5146 ἡ
697 5071 1034 5148 Ἐκκλησία,
1087 5074 1178 5131 καὶ
1229 5071 1437 5144 ἥνωται
1498 5073 1644 5152 αὐτῷ
1703 5069 1910 5152 κεφαλὴ

315 5162 458 5237 ὄντι,
507 5166 619 5231 πῶς
671 5164 821 5239 ὑμεῖς
887 5161 1194 5242 ἐπεισάγετε
1247 5162 1333 5221 διὰ
1393 5159 1558 5240 μέσου
1617 5159 1871 5241 ἀγγέλους
1896 5205 1913 5240 ,

317 5252 408 5313 καὶ
440 5253 749 5330 διατέμνετε
785 5249 882 5324 τὴν
919 5251 1173 5326 ἑνότητα;

413 5365 442 5402 ι(
461 5331 565 5412 ’Ἧς
587 5343 842 5423 ἐγενόμην
867 5339 974 5421 ἐγὼ
1005 5340 1262 5410 διάκονος.
1292 5362 1322 5400 ι)
1352 5339 1628 5402 Δείκνυσιν
1658 5339 1736 5402 ὅτι
1772 5337 1918 5401 οὐδὲν

2012 4540 2246 4607 ctiones,
2294 4539 2465 4596 ﬁdem
2509 4539 2636 4596 huic
2665 4541 2908 4597 sermoni
2980 4540 3131 4612 facit,
3181 4543 3465 4614 inquiens,
3506 4545 3614 4601 Pro

2013 4645 2242 4702 corpore
2269 4630 2388 4702 ejus
2416 4629 2533 4685 hac
2563 4629 2718 4685 fiunt.
2751 4631 2931 4687 Nolite
2953 4631 3129 4704 igitur
3174 4641 3368 4704 putare
3394 4630 3615 4688 fastuo-

2012 4734 2134 4775 sum
2164 4734 2282 4775 esse
2313 4735 2656 4787 sermonem,
2688 4735 2876 4777 verum
2901 4736 3048 4788 eum,
3080 4720 3175 4791 qui
3202 4736 3319 4775 non
3353 4720 3616 4793 dedigna-

2014 4815 2106 4864 tus
2134 4817 2215 4864 est
2267 4807 2368 4865 sibi
2398 4807 2654 4880 copulare
2690 4809 3012 4877 Ecclesiam,
3061 4809 3268 4866 credite
3313 4809 3618 4866 etiamnum

2017 4913 2117 4970 pro
2145 4897 2264 4970 ipsa
2291 4897 2399 4970 pati
2429 4897 2486 4953 in
2510 4914 2675 4954 carne
2708 4913 2850 4953 mea.
2877 4898 2933 4954 Si
2964 4897 3132 4970 igitur
3173 4914 3383 4970 corpus
3417 4897 3622 4956 Christi

2018 4987 2262 5044 Ecclesia
2304 4997 2405 5057 est,
2467 4988 2626 5060 eique
2661 4987 2958 5060 conjuncta
3010 4995 3113 5058 est,
3161 4987 3254 5059 qui
3313 4997 3479 5062 caput
3517 4999 3622 5058 est,

2022 5077 2303 5149 quomodo
2331 5094 2426 5134 vos
2463 5077 2681 5151 angelos
2713 5077 2768 5134 in
2799 5077 3045 5136 medium
3073 5076 3356 5151 profertis,
3382 5078 3626 5136 disseca-

2024 5169 2206 5242 tisque
2237 5168 2542 5225 unitatem?

2032 5345 2203 5421 476
2243 5352 2422 5409 Vsus.
2475 5355 2562 5406 25.
2611 5351 2775 5421 Cujus
2825 5351 3007 5419 factus
3049 5364 3167 5406 sum
3216 5365 3310 5421 ego
3355 5351 3630 5409 minister.

1756 5525 1950 5589 Variae
1997 5530 2298 5592 lectiones.

398 5711 446 5747 ³⁸
516 5712 866 5774 πιστεύσαντας
916 5727 966 5766 ο.
1039 5709 1084 5744 ⁹⁹
1139 5711 1282 5764 τελεῖ
1345 5727 1398 5767 0.

399 5793 420 5827 ⁸
443 5793 572 5864 ὑμᾶς
603 5809 656 5850 ο.
732 5793 753 5827 ⁸
784 5793 990 5864 πρώτων
1017 5808 1072 5849 ο.
1147 5791 1169 5826 ⁵
1193 5791 1236 5846 εἶ
1263 5792 1347 5846 καὶ
1367 5809 1421 5850 οε

1506 5709 1522 5745 ί
1582 5711 1834 5784 στίγματα
1896 5715 1982 5764 τοῦ
2032 5711 2245 5783 Χριστοῦ
2309 5725 2360 5768 ο.

2439 5710 2486 5782 ’κ
2516 5714 2682 5786 ταῦταξ
2713 5714 2949 5787 ’ποιῶμεν
3009 5728 3063 5770 0.
3140 5712 3162 5749 ³
3218 5710 3525 5778 ἀπελθόντος
3588 5733 3641 5772 0;
