4104 6436
525 451 653 503 123i

1535 435 2049 492 THEOPHYLACTI
2089 433 2450 490 BULGARIE
2491 431 2808 486 ARCHIEP.

3691 428 3832 480 1232

521 571 775 628 Ostendit
801 568 952 642 quod
980 567 1113 624 nihil
1144 567 1259 637 ipse
1299 579 1394 637 per
1423 578 1543 620 sese
1587 561 1798 628 fecerit,
1848 559 2120 633 siquidem

2234 558 2387 625 αὐτὸς
2434 556 2712 632 ἐποίησεν,
2746 554 2794 614 εἴ
2825 579 2885 634 γε
2929 553 3165 619 διάκονός
3206 555 3338 614 ἐστι.
3382 553 3449 610 Εἰ
3474 547 3528 609 δὲ
3575 548 3682 628 ἐγώ
3715 551 3833 626 εἰμι

523 661 775 717 minister
804 667 902 715 est.
936 658 992 714 Si
1023 665 1208 713 autem
1235 671 1338 727 ego
1377 669 1499 710 sum
1531 653 1803 714 minister.
1835 647 2118 722 quomodo

521 751 748 822 angelos
776 747 1080 820 producitis
1118 745 1442 801 ministros?

591 840 890 899 Secundum
915 838 1366 908 dispensationem
1409 835 1529 897 Dei,
1559 849 1680 905 qua:
1708 833 1844 888 data
1891 834 1967 886 est
1993 829 2128 883 mihi

522 933 580 985 in
604 934 789 992 uos,ut
816 928 1070 998 impleam
1084 925 1311 980 verbum
1339 925 1455 980 Dei.
1485 921 1971 994 Dispensationem
1995 917 2123 986 Dei,

532 1020 613 1074 vel
655 1019 759 1074 hoc
797 1019 954 1087 dicit,
995 1015 1154 1086 Quod
1193 1015 1310 1086 ipse
1341 1014 1400 1068 in
1437 1013 1641 1068 malum
1671 1019 1988 1081 assumptus
2025 1023 2127 1062 nos

533 1111 619 1166 hic
659 1110 937 1180 reliquerit
975 1105 1276 1178 praedicare
1315 1103 1577 1166 verbum,
1610 1118 1681 1157 ne
1713 1117 1809 1156 vos
1853 1109 2123 1170 tanquam

520 1199 771 1254 ιὶυτυΙίιιιί
812 1197 1150 1267 ὀιιδρρτριίει
1193 1195 1269 1248 vel
1302 1194 1434 1249 illud
1461 1196 1558 1256 ait,
1586 1192 1743 1264 Quod
1771 1199 1995 1262 propter
2024 1187 2132 1242 hoc

524 1290 766 1344 maxime
827 1287 1079 1341 uiiiuium
1113 1284 1465 1354 dispensavit,
1496 1292 1558 1338 ut
1604 1299 1705 1354 ego
1737 1296 1913 1336 essem
1953 1293 2132 1349 perse-

523 1389 683 1435 cutor
738 1377 1007 1433 Ecclesiae.
1057 1384 1114 1430 ut
1167 1374 1272 1430 ﬁde
1300 1374 1497 1446 dignus
1544 1388 1720 1428 essem
1781 1385 1988 1443 praeco;
2051 1366 2131 1421 vel

520 1474 642 1545 quia
679 1475 796 1526 Non
827 1487 990 1541 opera
1022 1469 1290 1539 uiue-ivit,
1344 1484 1522 1540 neque
1555 1467 1800 1529 virtutes,
1832 1463 1929 1520 sed
1963 1462 2128 1517 [idem

522 1572 576 1617 et
621 1563 916 1632 baptisma.
963 1567 1137 1630 Atque.
1186 1559 1302 1614 haec
1343 1567 1425 1613 est
1480 1557 1719 1613 maxima
1761 1552 2126 1626 dispensatio.

522 1654 654 1722 Quis
687 1653 837 1706 enim
866 1660 1114 1705 servatus
1137 1657 1284 1704 esset
1314 1648 1358 1702 si
1391 1664 1558 1716 opera
1584 1647 2010 1718 quaererentur?
2035 1642 2130 1697 Vel

522 1743 858 1813 simpliciter,
884 1742 1352 1810 Dispensationem
1395 1740 1493 1795 Dei
1520 1739 1711 1793 datam
1753 1736 1892 1790 mihi
1915 1737 1972 1788 in
2015 1746 2129 1795 vos,

522 1833 623 1888 hoc
651 1843 752 1899 εει,
787 1848 910 1904 erga
946 1847 1043 1884 vos
1083 1831 1179 1902 qui
1223 1845 1290 1884 ex
1336 1828 1593 1900 gentibus
1630 1826 1964 1891 credidistis,
2000 1838 2128 1894 gra-

2235 648 2500 723 διάκονος,
2533 650 2644 714 πῶς
2677 645 2928 726 ἀγγέλους
2959 642 3312 726 παρεισάγετε
3343 639 3647 714 διακόνους;

2321 861 2350 894 α
2398 835 2556 897 Κατὰ
2613 835 2709 908 τὴν
2759 832 3059 910 οἰκονομίαν
3108 837 3201 890 τοῦ
3249 832 3390 891 Θεοῦ
3440 826 3535 900 τὴν
3589 828 3832 886 δοθεῖσάν

2240 950 2330 1005 μοι
2362 931 2433 994 εἰς
2464 930 2602 1001 ὑμᾶς
2633 927 2916 1002 πληρῶσαι
2954 923 3044 981 τὸν
3082 922 3238 999 λόγον
3269 925 3362 978 τοῦ
3401 921 3564 979 Θεοῦ.
3602 941 3630 973 ν
3667 919 3832 977 Οἰκο-

2237 1017 2426 1090 νομίαν
2474 1019 2562 1075 τοῦ
2618 1017 2788 1085 Θεοῦ,
2927 1010 3080 1071 τοῦτό
3127 1033 3306 1090 φησιν,
3350 1008 3434 1069 ὅσι
3489 1006 3834 1088 Ἀναληφθεὶς

2242 1107 2395 1172 αὐτὸς
2424 1109 2567 1180 ἡμᾶς
2616 1106 2789 1184 ἀφῆκε
2838 1101 3143 1181 κηρύττειν,
3181 1098 3268 1158 ἵνα
3308 1098 3383 1176 μὴ
3425 1101 3495 1163 ὡς
3546 1098 3840 1173 ἐγκαταλε-

2239 1195 2514 1271 λειμμένοι
2547 1196 2840 1271 ἀπογνῶτε.
2874 1192 2949 1252 Ἣ
3001 1190 3168 1249 ἐκεῖνό
3196 1213 3375 1269 φησιν,
3426 1187 3505 1245 δτι
3537 1188 3636 1246 Διὰ
3680 1191 3840 1245 τοῦτο

2243 1285 2478 1361 μάλιστα
2513 1284 2726 1342 πάντων
2756 1281 3096 1364 ᾠκονόμησεν
3142 1279 3235 1351 ἐμὲ
3264 1279 3442 1346 διῶξαι
3474 1278 3568 1348 τήν
3597 1275 3835 1347 Ἐκκληο

2244 1376 2364 1433 σίαν
2387 1420 2402 1447 ,
2442 1374 2527 1434 ἵνα
2559 1373 2860 1442 ἀξιόπιστος
2885 1361 2930 1431 ὦ
2973 1370 3277 1451 κηρύσσων.
3307 1367 3413 1439 Ἦ,
3453 1367 3532 1426 ὅτι
3560 1367 3676 1426 Οὐκ
3701 1367 3836 1446 ἔργα

2245 1466 2522 1538 ἐζήτησεν,
2575 1463 2692 1523 οὐδὲ
2738 1462 3161 1542 κατορθώματα,
3208 1457 3346 1516 ἀλλὰ
3389 1455 3565 1517 πίστιν
3600 1457 3690 1514 καὶ
3737 1455 3839 1534 βοί-

2241 1579 2474 1632 πτισμα.
2532 1555 2638 1614 Καὶ
2670 1552 2821 1613 τοῦτό
2847 1555 2957 1612 ἐστι
3003 1552 3229 1630 μεγίστη
3260 1547 3557 1623 οἰκονομία.
3603 1546 3698 1612 Τίς
3731 1545 3838 1627 γὰρ

2245 1647 2305 1702 ἂν
2333 1645 2528 1718 ἐσώθη,
2560 1647 2604 1703 εἰ
2636 1643 2701 1702 τὰ
2733 1642 2860 1722 ἔργα
2891 1645 3198 1714 ἐζητοῦντο;
3231 1638 3339 1712 Ἢ,
3371 1638 3568 1710 ἁπλῶς,
3600 1661 3629 1692 α
3665 1637 3839 1695 Οἰκο-

2245 1735 2428 1811 νομίαν
2459 1741 2552 1794 τοῦ
2584 1736 2724 1794 Θεοῦ
2769 1733 2864 1804 τὴν
2907 1731 3144 1790 δοθεῖσάν
3181 1753 3269 1807 μοι
3301 1731 3375 1791 εἰς
3403 1731 3564 1804 ὑμᾶς,
3600 1748 3629 1784 ιι
3679 1749 3838 1784 τουτ-

2245 1823 2355 1883 ἐστι
2409 1823 2527 1891 τοὺς
2574 1823 2626 1892 ἐξ
2659 1827 2838 1896 ἐθνῶν,
2880 1822 2977 1892 τὴν
3017 1821 3174 1901 χάριν
3208 1818 3374 1898 λέγει,
3431 1816 3520 1875 καὶ
3568 1817 3664 1887 τὴν
3715 1821 3838 1876 ἱκα-

519 1921 647 1976 tiam
682 1921 811 1975 dicit
846 1894 900 1974 et
928 1894 1533 1988 sul'ﬁcientiamiquam
1583 1915 1734 1972 dedit
1766 1915 1813 1971 ei
1849 1917 2017 1979 Deus,
2065 1918 2120 1965 ut

2236 1915 2452 1988 νότητα,
2498 1915 2562 1987 ἣν
2605 1914 2798 1973 ἔδωκεν
2841 1913 2986 1987 αὐτῷ
3016 1915 3043 1969 ὁ
3093 1911 3268 1984 Θεὸς,
3301 1909 3443 1966 ὥστε
3479 1905 3709 1988 φωτίσαι
3764 1906 3832 1964 τὰ

520 2010 799 2066 illuminet
822 2018 1030 2082 gentes.
1067 2011 1206 2064 Nam
1235 2007 1476 2064 tenebris
1517 2012 1822 2076 correptos,
1865 2000 2118 2069 stolidos,

520 2099 905 2155 inobedientes
931 2098 1263 2170 persuadere
1300 2105 1360 2152 ut
1389 2093 1708 2168 hujusmodi
1745 2093 2004 2164 dogmata
2037 2106 2122 2146 re-

520 2190 745 2261 cipiant,
773 2205 890 2244 non
935 2199 1016 2244 est
1058 2188 1209 2244 Pauli
1275 2186 1512 2252 virtutis,
1556 2185 1651 2241 sed
1697 2179 2123 2255 dispensationis

521 2279 644 2335 Dei.
677 2277 1158 2348 Quemadmodum
1189 2286 1376 2333 autem
1406 2275 1734 2332 afflictiones
1761 2288 1889 2330 suas
1920 2269 2122 2328 Christi

523 2368 770 2426 ostendit
796 2385 934 2433 esse,
973 2368 1052 2422 sic
1084 2367 1186 2424 Dei
1217 2382 1336 2422 esse
1381 2365 1518 2421 dicit
1547 2364 1820 2434 complere
1854 2362 1922 2417 ad
1973 2362 2123 2433 ipsos

522 2474 868 2514 sermonem.
899 2459 1039 2513 Cum
1060 2465 1246 2513 autem
1270 2455 1424 2521 dicit,
1447 2455 1694 2525 Implere,
1713 2451 1952 2508 ostendit
1974 2448 2122 2522 quod

519 2547 726 2620 aliquid
755 2547 832 2604 eis
873 2547 1034 2604 desit.
1075 2547 1322 2618 Intellige
1350 2554 1539 2602 autem
1581 2551 1637 2600 et
1676 2544 1800 2610 hoc,
1835 2541 2121 2613 dispensa-

519 2639 730 2695 tionem
759 2638 859 2694 Dei
888 2653 1027 2706 esse,
1065 2635 1212 2709 quod
1245 2652 1395 2691 nunc
1431 2642 1741 2707 exponatur
1771 2630 2120 2705 mysterium,

519 2727 740 2800 quando
769 2743 998 2798 capaces
1025 2725 1158 2782 facti
1183 2726 1334 2782 estis.
1372 2729 1523 2781 Deus
1547 2725 1699 2780 enim
1719 2721 1908 2778 omnia
1937 2719 2121 2777 divina

522 2816 865 2890 providentia
899 2816 1124 2884 faciens,
1159 2824 1213 2871 et
1254 2815 1359 2871 hoc
1393 2814 1724 2886 fecit,juxta
1754 2809 2118 2883 dispensatio-

518 2923 644 2962 nem
661 2906 916 2975 omnino,
935 2914 1000 2962 ut
1015 2905 1174 2962 hodie
1203 2904 1536 2960 revelaretur
1548 2901 1872 2974 mysterium
1893 2897 2120 2971 quando

518 2995 771 3052 homines
792 2995 900 3051 hoc
928 2994 1175 3051 maxime
1215 2993 1496 3064 accepturi
1521 3000 1698 3048 erant.
1722 2987 1966 3046 Proinde
1994 2988 2120 3042 vani

521 3094 652 3141 sunt
677 3085 770 3158 qui
800 3083 891 3141 hic
927 3083 1311 3147 offenduntur,
1349 3098 1414 3139 eo
1451 3081 1602 3154 quod
1632 3079 1798 3136 Filius
1839 3079 1899 3134 in
1937 3078 2117 3133 novis-

521 3175 678 3230 simis
709 3174 1056 3245 temporibus
1082 3173 1295 3228 dicatur
1321 3187 1424 3228 nos
1454 3171 1746 3227 adducere.

589 3265 771 3319 Vnus.
791 3269 860 3317 26
887 3264 1208 3331 Mystertum
1235 3262 1382 3333 quod
1409 3260 1785 3316 abscondit-itm
1811 3260 1926 3327 fuit
1963 3274 1999 3313 a
2017 3272 2120 3312 sa:—

521 3354 655 3408 culis
703 3358 755 3408 ct
783 3353 1235 3421 generationibus.
1259 3354 1401 3409 Cum
1428 3349 1664 3406 dixisset
1691 3349 1892 3422 quibus
1929 3346 2120 3404 donati

521 3456 737 3508 sumus,
801 3441 1044 3498 ostendit
1094 3449 1150 3498 et
1193 3442 1336 3496 alian
1388 3438 1902 3512 ampliﬁcationem,
1955 3437 2121 3492 nimi-

521 3547 668 3598 rum,
686 3529 834 3603 quod
861 3540 987 3586 ante
1014 3545 1117 3588 nos
1147 3546 1313 3587 nemo
1341 3530 1607 3587 didicerit.
1658 3534 1741 3584 Ac
1787 3527 2118 3600 mysterium

520 3620 799 3688 nominat,
824 3619 974 3692 quod
994 3636 1164 3677 nemo
1194 3629 1358 3676 norat
1385 3627 1586 3691 praeter
1609 3623 1786 3676 Deum
1820 3635 1834 3672 :
1856 3633 1958 3673 nec
1986 3616 2119 3672 sim-

522 3711 736 3783 pliciter
780 3712 1031 3781 Tectum,
1077 3711 1194 3779 sed,
1249 3710 1656 3766 Absconditum.
1725 3707 1889 3779 Quod
1932 3715 2119 3763 autem

519 3809 618 3878 ait,
648 3801 695 3861 Α
726 3802 952 3866 suculis,
985 3801 1092 3858 hoc
1132 3809 1236 3871 est,
1264 3799 1494 3874 perinde
1515 3799 1674 3874 quasi
1716 3798 1842 3870 quis
1881 3797 2049 3865 dicat,
2088 3811 2118 3851 a

520 3897 808 3971 principio.

589 3991 744 4046 Nunc
771 3989 950 4041 autem
984 3983 1401 4050 manifestatum
1437 3986 1514 4038 est
1557 3981 1760 4036 sanctis
1807 3979 1944 4048 ejus.
1987 3979 2122 4035 Haec

522 4085 608 4135 est
640 4072 980 4148 dispensatio
1022 4071 1161 4143 ejus,
1201 4069 1354 4144 quod
1381 4085 1528 4126 nunc
1553 4066 1956 4124 manifestetur.
1994 4069 2119 4123 Non

519 4165 886 4227 dixitautem,
934 4159 1147 4216 factum
1181 4167 1314 4228 est,.
1354 4157 1474 4227 sed,
1530 4159 1954 4225 Mani/astutum
2001 4160 2114 4212 est:

520 4262 906 4310 verumtamen
929 4265 999 4306 ne
1021 4264 1170 4305 nunc
1209 4247 1431 4320 quidem
1457 4247 1734 4314 omnibus,
1785 4246 1880 4303 sed
1921 4244 2120 4302 sanctis

521 4343 640 4416 ejus
682 4360 696 4398 :
726 4342 913 4414 itaque
955 4340 1269 4395 etiamnum
1299 4337 1485 4395 adhuc
1522 4337 1642 4393 aliis
1670 4336 1997 4393 occultatur.
2037 4337 2115 4392 Ne

519 4433 689 4507 igitur
710 4447 808 4487 vos
833 4429 1108 4500 decipiant
1135 4427 1234 4493 illi,
1275 4443 1386 4484 non
1428 4426 1578 4484 enim
1611 4436 1902 4483 noverunt.

592 4524 771 4579 Vens.
794 4526 884 4575 27.
910 4519 1116 4588 Quibus
1145 4518 1315 4573 voluit
1339 4521 1483 4574 Deus
1517 4518 1829 4588 patefacere
1849 4531 1970 4587 qua:
1998 4517 2116 4572 sint

519 4613 729 4669 divitia:
749 4612 944 4681 gloria:
978 4610 1235 4677 mysterii
1253 4607 1413 4678 hujus
1438 4609 1581 4663 inter
1602 4611 1804 4678 gentes.
1848 4609 1928 4662 Ne
1956 4605 2121 4662 inter-

519 4717 702 4774 roges,
731 4699 889 4772 cujus
922 4699 1014 4770 Lrei
1062 4697 1238 4770 gratia
1284 4695 1416 4753 solis
1453 4697 1659 4753 sanctis
1705 4696 2118 4753 manifestatum

516 4791 609 4859 sit,
655 4797 712 4846 et
771 4805 885 4845 non
926 4786 1203 4855 omnibus,
1248 4784 1454 4855 intulit,
1495 4787 1702 4854 Quibus
1742 4787 1950 4842 uoluit:
1990 4786 2122 4843 velle

514 4888 700 4936 autem
729 4878 902 4949 ipsius
956 4893 1073 4933 non
1123 4883 1274 4932 caret
1329 4877 1565 4932 ratione.
1617 4875 1892 4933 Potuisset
1935 4877 2119 4934 dicere

515 4968 698 5041 dignis
739 4966 1158 5022 manifestatum
1202 4981 1322 5022 esse
1365 4967 1744 5039 Evangelium.
1791 4965 1959 5040 477
2009 4964 2119 5023 Sed

515 5057 733 5115 mavult
757 5072 851 5113 eos
874 5064 1138 5128 tanquam
1167 5056 1362 5129 gratiae
1387 5055 1656 5114 obnoxios
1689 5056 1990 5114 mediocria
2029 5072 2116 5113 sa-

515 5163 642 5221 pere
668 5147 876 5220 potius,
920 5161 1091 5218 quam
1120 5153 1386 5218 tanquam
1425 5145 1586 5218 digne
1635 5157 1965 5204 consecutos
2014 5163 2114 5204 ex-

511 5239 652 5294 tolli.
691 5239 888 5302 Porro,
921 5235 970 5292 ei
1001 5234 1151 5309 quod
1186 5234 1396 5292 factum
1420 5243 1523 5307 est,
1559 5237 1776 5309 pondus
1805 5253 2110 5310 apponens,

512 5343 627 5384 non
656 5326 794 5384 dixit
837 5325 1190 5398 simpliciter,
1222 5324 1541 5383 Patefacere
1578 5325 1807 5400 gloriam
1836 5327 2108 5402 mysterii,

507 5417 626 5484 sed,
669 5418 904 5472 Divitias
954 5417 1160 5486 gloriae,
1204 5430 1327 5488 quae
1362 5415 1604 5473 maxime
1654 5417 1990 5490 ingentibus
2020 5434 2111 5490 pa-

509 5505 727 5563 tefacta:
771 5513 923 5571 sunt,
956 5505 1183 5578 perinde
1206 5522 1270 5562 ac
1307 5506 1414 5563 alio
1445 5505 1501 5562 in
1541 5507 1664 5565 loco
1701 5507 1833 5565 dicit
1864 5528 1876 5566 :
1923 5509 2112 5568 Gentes

2242 2003 2388 2075 ἔθνη.
2445 2006 2526 2065 Τὸ
2575 2003 2678 2086 γὰρ
2725 2001 2843 2068 τοὺς
2889 1999 3323 2076 ἐσκοτισμένους,
3372 1996 3492 2066 τοὺς
3545 1995 3830 2068 ἀνοήτους,

2231 2095 2348 2161 τοὺς
2377 2095 2608 2157 ἀπειθεῖς
2655 2085 2837 2151 πεῖσαι
2885 2089 3122 2170 δόγματα
3153 2093 3448 2160 τηλικαῦτα
3476 2088 3500 2126 ⁷
3547 2085 3797 2154 δέξασθαι
3822 2132 3838 2157 ,

2230 2185 2289 2242 οὐ
2330 2189 2423 2256 τῆς
2470 2183 2686 2244 Παύλου
2741 2183 3044 2258 δυνάμεως,
3093 2179 3238 2238 ἀλλὰ
3265 2183 3359 2250 τῆς
3407 2178 3707 2252 οἰκονομίας
3745 2183 3837 2234 τοῦ

2231 2279 2394 2335 Θεοῦ.
2427 2269 2645 2353 σΩσπερ
2677 2271 2732 2331 δὲ
2777 2271 2843 2330 τὰ
2881 2274 3042 2329 αὑτοῦ
3083 2269 3380 2353 παθήματα
3403 2311 3418 2340 ,
3453 2273 3545 2326 τοῦ
3598 2268 3836 2346 Χριστοῦ

2233 2362 2418 2431 ἔδειξεν
2448 2364 2596 2436 ὄντα,
2629 2361 2766 2422 οὕτω
2798 2365 2888 2420 τοῦ
2943 2364 3085 2423 Θεοῦ
3117 2349 3255 2417 εἶναι
3296 2357 3440 2436 λέγει
3477 2356 3570 2415 καὶ
3601 2357 3660 2415 τὸ
3693 2358 3838 2427 πλη-

2233 2455 2400 2532 ρῶσαι
2427 2455 2498 2519 εἰς
2528 2451 2716 2518 αὐτοὺς
2739 2450 2826 2509 τὸν
2853 2451 3030 2528 λόγον.
3063 2446 3166 2508 Διὰ
3191 2449 3244 2508 δὲ
3275 2455 3366 2506 τοῦ
3397 2449 3591 2518 εἰπεῖν,
3632 2469 3660 2503 (ι
3686 2447 3838 2516 Πλη-

2233 2547 2423 2622 ρῶσαι,
2459 2568 2484 2595 ι
2523 2541 2782 2602 δείκνυσιν
2805 2540 2886 2599 ὅτι
2907 2539 3198 2599 λείπονται.
3229 2538 3437 2611 Νόησον
3470 2536 3524 2594 δὲ
3547 2534 3638 2595 καὶ
3660 2543 3839 2608 τοῦτο,

2231 2631 2533 2710 οἰκονομίαν
2579 2636 2672 2690 τοῦ
2703 2633 2848 2690 Θεοῦ
2877 2629 2938 2688 τὸ
2982 2635 3074 2687 νῦν
3101 2631 3362 2707 λεχθῆναι
3407 2625 3466 2685 τὸ
3511 2626 3837 2704 μυστήριον,

2230 2720 2310 2780 ὅτι
2342 2720 2591 2782 Δεκτικοὶ
2640 2719 2892 2799 ἐγίνεσθε.
2942 2717 3012 2779 Ὁ
3041 2717 3144 2799 γὰρ
3176 2716 3314 2784 Θεὸς
3358 2717 3534 2775 πάντα
3566 2715 3836 2792 οἰκονομι-

2231 2814 2334 2878 κῶς
2383 2814 2571 2884 ποιῶν,
2621 2810 2714 2870 καὶ
2755 2814 2912 2869 τοῦτο
2960 2807 3172 2875 πάντως
3217 2805 3436 2877 ἐποίησε
3483 2807 3600 2864 κατ’
3632 2806 3838 2865 οἷκονου

2232 2900 2384 2978 μίαν,
2415 2899 2476 2958 τὸ
2499 2905 2591 2958 νῦν
2621 2901 3063 2980 ἀποκαλυφθῆναι
3113 2898 3173 2956 τὸ
3208 2895 3524 2976 μυστήριον,
3558 2893 3646 2954 ὅτε
3691 2896 3831 2970 μᾶλ-

2231 2992 2319 3048 λον
2352 2992 2573 3066 ἔμελλον
2603 2991 2650 3048 οἱ
2693 2991 2961 3069 ἄνθρωποι
2993 2988 3401 3067 παραδέξασθαι
3449 2990 3619 3046 τοῦτο.
3653 2982 3834 3044 "acre

2231 3080 2450 3156 μάταιοι
2482 3083 2528 3138 οἱ
2583 3079 3075 3155 σκανδαλιζόμενοι,
3135 3076 3270 3135 διότι
3318 3077 3371 3135 ἐν
3422 3074 3669 3157 ἐσχάτοις
3697 3098 3832 3134 και-

2231 3168 2336 3249 ροῖς
2363 3169 2577 3248 λέγεται
2611 3172 2640 3228 δ
2671 3168 2799 3235 Υἱὸς
2835 3175 3195 3248 προσαγαγεῖν
3229 3171 3390 3242 ἡμᾶς.

2315 3281 2343 3317 ι
2404 3261 2484 3319 Τὸ
2534 3257 2828 3340 μυστήριον
2889 3256 2950 3317 τὸ
2999 3253 3472 3336 ἀποκεκρυμμένον
3546 3253 3654 3314 ἀπὸ
3723 3257 3831 3313 τῶν

2232 3347 2455 3423 αἰώνων,
2481 3348 2576 3408 καὶ
2627 3347 2734 3407 ἀπὸ
2765 3351 2870 3406 τῶν
2917 3350 3132 3424 γενεῶν.
3169 3368 3198 3403 ››
3238 3345 3425 3407 Εἰπὼν
3472 3343 3629 3403 τίνων
3660 3342 3829 3416 ἠξιώ-

2232 3442 2418 3514 θημεν,
2466 3439 2694 3497 δείκνυσι
2745 3437 2837 3496 καὶ
2869 3435 3054 3518 ἑτέραν
3107 3435 3386 3511 ἐπίτασιν,
3439 3433 3520 3492 ὅτι
3564 3432 3682 3493 οὐδὲ
3726 3433 3833 3514 πρὸ

2231 3531 2385 3604 ἡμῶν
2414 3551 2491 3595 τις
2531 3532 2700 3587 ταῦτα
2749 3527 2934 3606 ἔμαθε.
2989 3526 3093 3586 Καὶ
3136 3524 3426 3606 μυστήριον
3477 3523 3764 3600 ὀνομάζει,
3805 3522 3835 3582 ὃ

2232 3617 2398 3686 οὐδεὶς
2445 3617 2563 3696 ᾔδει
2612 3615 2753 3689 πλὴν
2798 3619 2826 3674 ὁ
2853 3615 3020 3683 Θεός·
3066 3614 3159 3674 καὶ
3189 3617 3288 3694 οὐχ
3336 3614 3546 3690 ἅπλῶς,
3580 3616 3832 3693 Κεκρυμ-

2233 3705 2412 3782 μένον,
2442 3705 2582 3779 ἀλλ’,
2626 3727 2654 3762 ‹‹
2677 3703 3193 3787 Ἀποκεκρυμμένον.
3227 3727 3255 3760 n
3286 3703 3364 3765 Τὸ
3389 3703 3466 3773 δὲ,
3505 3725 3537 3762 σ
3566 3703 3694 3762 Ἀπὸ
3723 3705 3833 3762 τῶν

2231 3795 2468 3874 αἰώνων,
2502 3819 2531 3852 n
2566 3797 2710 3855 τοῦτ’
2741 3793 2909 3869 ἔστιν,
2943 3796 3037 3853 ἀπ’
3071 3795 3273 3874 ἀρχῆς,
3309 3797 3380 3862 ὣς
3426 3791 3490 3852 ἂν
3540 3791 3680 3851 εἴποι
3722 3816 3827 3860 τις.

2321 3997 2350 4034 (ι
2377 3975 2510 4036 Νυνὶ
2539 3974 2593 4034 δὲ
2627 3973 2931 4056 ἐφανερώθη
2965 3981 3072 4042 τοῖς
3113 3971 3278 4050 ἇγίοις
3310 3973 3491 4056 αὐτοῦ,
3526 3992 3556 4029 ι)
3589 3973 3764 4032 Τοῦτο
3797 3977 3829 4044 ἡ

2227 4065 2518 4143 οἰκονομία,
2565 4064 2625 4123 τὸ
2654 4052 2764 4122 νυνὶ
2794 4052 3188 4143 φανερωθῆναι.
3223 4064 3343 4123 Οὔκ
3386 4052 3509 4120 εἰπε
3537 4059 3592 4120 δὲ
3616 4107 3634 4140 ,
3665 4060 3835 4138 Ἐγέ-

2228 4177 2363 4227 νετο,
2391 4154 2537 4228 ἀλλ’,
2576 4176 2606 4211 α
2646 4152 3012 4236 Ἐφανερώθη.
3065 4175 3091 4208 ιι
3133 4152 3287 4224 Πλὴν
3335 4150 3452 4211 οὐδὲ
3482 4157 3571 4210 νῦν
3622 4158 3815 4228 πᾶσιν,

2230 4243 2370 4302 ἀλλὰ
2404 4251 2511 4310 τοῖς
2541 4243 2708 4322 ἁγίοις
2737 4247 2920 4303 αὐτοῦ.
2949 4242 3127 4302 Ὥστε
3157 4242 3249 4300 καὶ
3275 4245 3365 4300 νῦν
3395 4240 3475 4299 ἔτι
3506 4248 3614 4308 τοῖς
3645 4240 3830 4309 ἄλλοις

2227 4333 2538 4413 κρύπτεται.
2592 4333 2687 4407 Μὴ
2732 4332 2908 4392 τοίνυν
2963 4335 3103 4412 ὓμᾶς
3164 4331 3525 4392 ἀπατάτωσαν
3590 4331 3817 4390 ἐκεῖνοιο

2227 4425 2285 4482 οὗ
2306 4423 2409 4502 γὰρ
2441 4422 2642 4484 ἴσασιν.

2308 4540 2333 4566 ι
2373 4504 2471 4582 Οἷς
2513 4513 2773 4586 ἠθέλησεν
2819 4516 2847 4572 ὅ
2888 4511 3023 4582 Θεὸς
3067 4510 3354 4591 γνωρίσαι,
3405 4509 3481 4578 τίς
3527 4511 3553 4568 ὁ
3601 4511 3830 4579 πλοῦτος

2230 4605 2323 4675 τῆς
2396 4603 2547 4674 δόξης
2618 4607 2714 4662 τοῦ
2775 4600 3070 4682 μυστηρίου
3122 4600 3311 4660 τούτου
3366 4600 3420 4658 ἐν
3488 4607 3598 4669 τοῖς
3679 4601 3828 4659 ἔθνε-

2228 4716 2333 4752 σιν.
2373 4719 2396 4745 ιι
2439 4689 2558 4754 Ἵνα
2597 4690 2672 4769 μὴ
2702 4693 2938 4772 ἐρωτᾷς,
2981 4689 3118 4757 τίνος
3163 4689 3340 4749 ἕνεκεν
3370 4697 3476 4756 τοῖς
3508 4689 3678 4772 ἁγίοις
3727 4691 3828 4766 μό-

2229 4805 2334 4851 νοις
2358 4780 2693 4865 ἐφανερώθη,
2723 4771 2814 4840 καὶ
2836 4782 2894 4840 οὐ
2931 4789 3095 4840 πᾶσιν
3115 4824 3132 4853 ,
3166 4778 3436 4858 ἐπήγαγεν
3457 4802 3470 4816 ο
3505 4807 3530 4833 ιι
3559 4771 3657 4846 Οἷς
3695 4780 3827 4851 ἠθέ-

2227 4875 2380 4944 λησε.
2423 4899 2446 4925 υ
2473 4872 2555 4931 Τὸ
2583 4871 2637 4932 δὲ
2668 4872 2835 4930 θέλειν
2867 4873 3026 4930 αὐτοῦ
3065 4871 3160 4929 οὐκ
3190 4870 3430 4948 ἄλογον.⁹
3459 4868 3646 4930 Καίτοι
3689 4870 3827 4940 ἠδύ-

2227 4986 2354 5022 νατο
2403 4965 2572 5022 εἰπεῖν
2593 5006 2614 5038 ,
2647 4957 2727 5020 ὅτι
2762 4964 2891 5028 Τοῖς
2925 4959 3111 5030 ἆξίόις·
3163 4960 3299 5020 ἀλλὰ
3334 4959 3582 5040 βούλεται
3631 4959 3825 5028 αὐτοὺς

2224 5055 2296 5120 ὥς
2325 5052 2639 5118 ὑπευθύνους
2685 5051 2902 5134 χάριτος
2947 5052 3150 5128 μᾶλλον
3201 5050 3620 5131 μετριοφρονεῖν,
3673 5048 3708 5120 ἢ
3751 5053 3826 5118 ὥς

2225 5141 2380 5211 ἀξίως
2438 5140 2697 5222 τυχόντας
2743 5143 3157 5219 μεγαλοφρονεῖν
3205 5141 3254 5201 ⁸.
3312 5138 3514 5216 Ὀγκον
3553 5138 3607 5198 δὲ
3656 5141 3825 5198 ἐπιτι-

2223 5231 2325 5300 θεὶς
2360 5235 2436 5312 τῷ
2471 5229 2742 5310 γεγονότι,
2785 5231 2880 5292 οὒκ
2933 5222 3076 5290 εἶπεν
3124 5230 3346 5303 ἅπλῶς,
3401 5229 3668 5309 Γνωρίσαι
3722 5230 3823 5302 τὴν

2222 5319 2373 5390 δόξαν
2402 5325 2496 5380 τοῦ
2528 5320 2849 5401 μυστηρίου,
2884 5320 3024 5379 ἀλλὰ
3045 5318 3127 5395 τὸ,
3154 5348 3178 5374 α
3203 5321 3442 5386 Πλοῦτος
3471 5321 3566 5390 τῆς
3592 5317 3764 5396 δόξης,
3798 5350 3822 5372 -

2220 5410 2248 5470 δ
2283 5411 2519 5489 μάλιστα
2549 5412 2602 5469 ἐν
2632 5413 2739 5478 τοῖς
2769 5408 2966 5469 ἔθνεσιν
2991 5409 3280 5490 ἐγνωρίσθη
3308 5454 3325 5484 ,
3355 5412 3426 5476 ὡς
3456 5407 3547 5468 καὶ
3576 5410 3823 5490 ἀλλαχοῦ

2220 5523 2351 5582 φησι
2371 5523 2383 5537 ο
2416 5527 2440 5551 ιι
2479 5500 2567 5560 Τὰ
2593 5497 2646 5560 δέ
2683 5498 2804 5574 ἔθνη
2842 5500 2977 5580 ὑπὲρ
3003 5499 3180 5568 ἐλέους
3213 5496 3428 5569 δοξάσαι
3456 5496 3544 5557 τὸν
3570 5497 3734 5559 Θεόν.
3784 5522 3814 5556 n

1919 5635 2108 5696 Varia
2155 5636 2456 5698 lectiones.

578 5736 597 5768 τ
627 5739 830 5792 τοιαῦτα
856 5751 932 5794 m.
1011 5734 1033 5772 ⁸
1062 5737 1189 5810 μέγα
1218 5741 1416 5809 φρονεῖν
1447 5757 1499 5799 ο.
