4104 6446
311 487 442 541 1233

1187 485 1536 543 EXPOSITIO
1579 487 1642 542 IN
1683 485 1896 542 EPIST.
1935 486 2028 543 AD
2067 485 2341 543 COLOSS.
2387 517 2454 526 -——
2485 487 2634 544 CAP.
2675 489 2715 544 l.

3475 488 3610 544 1234

306 610 571 673 Φαίνεται
603 612 698 688 μὲν
729 610 832 694 γὰρ
872 609 964 670 καὶ
1012 613 1064 670 ἓν
1108 611 1324 691 ἑτέροις,
1365 611 1487 671 ἀλλ’
1517 613 1576 672 οὗ
1614 619 1888 691 τοσοῦτον,

2013 627 2136 668 vero
2176 628 2339 684 super
2377 615 2745 670 misericordia
2783 617 3041 672 honorare
3067 619 3255 672 Deum.
3289 615 3352 672 ld
3381 613 3533 688 quod
3557 615 3610 671 iu

309 700 432 760 ὅσον
461 703 514 760 ἐν
540 709 646 769 τοῖς
681 701 840 761 λίθων
871 701 1358 784 ἀναισθητοτέροις,
1389 710 1496 771 τοῖς
1527 701 1698 770 λίθους
1727 725 1898 782 προσ-

315 796 535 850 κυνοῦσι
586 790 676 850 καὶ
723 791 942 873 ἑρπετά.
994 787 1215 874 θΩσπερ
1266 791 1327 850 ἂν
1379 792 1427 852 εἴ
1474 816 1550 860 τις
1600 793 1732 852 κύνα
1783 794 1901 873 ψω-

306 880 492 960 ραλέον
537 880 630 940 καὶ
664 879 921 957 λιμαλέον
969 879 1179 953 λαϐὼν,
1219 881 1337 940 οὐδὲ
1377 887 1633 941 κινεῖσθαι
1664 881 1900 958 δυνάμε-

303 994 422 1041 νον,
478 969 572 1029 καὶ
617 969 887 1050 ἄνθρωπον
952 969 1220 1044 ποιήσειε,
1268 970 1359 1029 καὶ
1411 972 1576 1053 θρόνῳ
1639 973 1901 1053 βασιλικῷ

303 1059 623 1140 ἔνιδρύσειε,
675 1061 880 1138 μᾶλλον
943 1059 1007 1118 ἂν
1075 1059 1380 1134 δοξασθείη,
1535 1065 1580 1120 εἰ
1638 1060 1901 1144 ἀνθρόρπῳ

303 1150 532 1230 μετρίως
566 1149 839 1229 πενομένῳ
878 1154 1048 1209 ταῦτα
1095 1148 1393 1218 ἐνδείξαιτο.
1429 1153 1624 1219 Καλῶς
1653 1151 1708 1211 δὲ
1753 1141 1900 1230 εἶπες·

302 1267 328 1293 ιι
355 1240 563 1300 Τούτου
586 1243 681 1299 τοῦ
701 1240 1019 1320 μυστηρίου.
1046 1267 1070 1292 ιο
1101 1236 1266 1299 Ἔστι
1293 1238 1397 1319 γὰρ
1420 1240 1510 1300 καὶ
1533 1241 1670 1300 ἄλλα
1695 1241 1899 1318 μυστή-

302 1353 392 1410 ρια
415 1375 430 1403 ,
462 1329 579 1389 ἀλλ’
610 1332 764 1389 τοῦτο
793 1327 954 1395 ὄντως
985 1329 1272 1410 μυστήριον
1293 1373 1310 1403 ,
1345 1328 1374 1388 ὃ
1416 1330 1586 1398 οὐδεὶς
1615 1331 1639 1367 9
1671 1331 1822 1409 ᾔδει,
1873 1331 1901 1390 ὃ

299 1418 453 1499 παρὰ
482 1418 578 1490 τὴν
629 1417 808 1492 κοινὴν
862 1418 1142 1490 συνήθειαν
1183 1417 1274 1477 καὶ
1306 1420 1628 1498 προσδοκίαν
1677 1420 1790 1481 ἐστὶ
1840 1421 1900 1481 τὸ

297 1508 368 1568 τὰ
402 1508 524 1581 ἔθνη
546 1507 750 1581 δηλαδὴ
782 1510 1213 1590 προσληφθῆναι.

386 1807 412 1831 ιι
447 1774 553 1846 ⁸ος
580 1778 693 1838 ἐστι
735 1777 969 1857 Χριστὸς
999 1779 1051 1837 ἐν
1081 1779 1242 1855 ἡμῖν,
1269 1783 1303 1852 ἡ
1338 1779 1484 1847 ἐλπὶς
1524 1782 1618 1851 τῆς
1657 1778 1830 1851 δόξης.
1877 1807 1899 1832 n

299 1866 648 1950 Ἱίρμηνεύων
668 1867 723 1928 τί
741 1867 821 1941 τὸ,
865 1889 896 1926 tt
931 1871 1195 1942 Πλοῦτος,
1228 1891 1256 1927 u
1319 1869 1412 1927 καὶ
1435 1868 1487 1926 τί
1525 1868 1616 1941 τὸ,
1652 1894 1674 1922 α
1699 1871 1894 1930 Μυστῆ

299 1982 435 2040 ριον,
471 1985 496 2012 ι
535 1957 604 2020 Ὁ
628 1958 872 2039 Χριστὸς,
894 1957 1052 2039 φησὶν
1067 2003 1083 2035 ,
1117 1956 1287 2031 ἤτοιὴ
1310 1962 1402 2017 τοῦ
1424 1960 1659 2039 Χριστοῦ
1679 1962 1893 2038 γνῶσις,

296 2048 354 2116 ὅς
387 2051 529 2108 ἐστιν
561 2052 614 2108 ἐν
647 2049 790 2126 ὑμῖν.
819 2047 974 2108 Μετὰ
997 2047 1272 2127 ἐγκωμίων
1295 2047 1350 2106 δὲ
1373 2053 1528 2107 τοῦτο
1557 2047 1788 2123 τίθησιν,
1808 2049 1894 2108 ἵνα

298 2140 503 2216 μᾶλλον
535 2137 721 2204 αὐτοὺς
748 2138 1139 2210 ἐπισπάσηται.
1171 2140 1237 2198 Εἰ
1266 2135 1370 2217 γὰρ
1399 2137 1630 2216 Χριστὸς
1657 2141 1712 2197 ἐν
1743 2141 1890 2216 ὖμῖν,

296 2232 414 2297 πῶς
445 2231 593 2306 ὑμεῖς
625 2227 879 2306 ἀγγέλους
915 2226 1192 2305 εὐεργέτας
1235 2225 1414 2304 λέγετε
1441 2248 1458 2303 ;
1491 2254 1515 2280 ‹‹
1550 2227 1741 2295 Ἐλπὶς
1783 2257 1808 2280 ν
1839 2229 1895 2288 δὲ

299 2347 324 2372 σι
357 2316 531 2392 δόξης..
565 2346 587 2371 υ
619 2318 751 2378 διότι
779 2317 843 2376 δι’
869 2319 1030 2377 αὐτοῦ
1061 2315 1342 2394 ἐλπίζομεν
1374 2315 1525 2388 δόξης
1551 2319 1732 2398 τυχεῖν
1763 2321 1896 2378 αἰω-

297 2408 442 2469 νίουο
475 2408 510 2480 ἢ
540 2405 620 2467 ὅτι
657 2412 691 2480 ἡ
735 2407 884 2474 ἐλπὶς
926 2410 1080 2484 ἡμῶν
1115 2405 1316 2475 ἔνδοξος
1356 2406 1447 2465 καὶ
1478 2408 1898 2489 ἀκαταίσχυντός

298 2501 444 2559 ἐστιν
475 2501 503 2556 δ
532 2497 783 2576 Χριστός.

386 2617 409 2642 ιι
433 2588 548 2648 ‘Ov
572 2592 726 2665 ἡμεῖς
749 2588 1202 2666 καταγγέλλομεν.
1233 2618 1312 2632 -
1337 2583 1551 2666 Ἡμεῖς,
1576 2613 1598 2638 ιι
1625 2587 1721 2646 οὐκ
1739 2586 1898 2668 ἄγγε-

298 2681 417 2739 λοι·
463 2681 578 2745 πῶς
619 2668 709 2736 οὖν
759 2677 987 2744 ἐκείνους
1039 2675 1310 2743 διακόνους
1360 2674 1540 2756 ἔχετε,
1592 2675 1897 2757 Ἐμφαντι-

298 2771 407 2836 κῶς
431 2765 487 2827 δὲ
510 2767 588 2841 τὸ,
617 2794 640 2819 α
674 2764 1146 2846 Καταγγέλλομεν,
1172 2793 1195 2818 ν
1229 2765 1423 2825 ἄνωθεν
1446 2766 1600 2826 αὐτὸν
1628 2767 1895 2846 κατάγον-

296 2881 383 2924 τες
416 2855 642 2932 δηλαδή.

383 2974 409 2999 σι
459 2949 840 3012 Νουθετοῦντες
887 2944 1062 3004 πάντα
1113 2942 1425 3024 ἄνθρωπον,
1472 2945 1564 3004 καὶ
1611 2943 1894 3005 διδάσκον-

297 3061 382 3105 τες
413 3037 589 3096 πάντα
623 3037 920 3117 ἄνθρωπον.
966 3062 992 3087 ι
1043 3035 1160 3093 Οὐκ
1205 3036 1556 3101 ἐπιτακτικῶς
1599 3034 1716 3095 οὐδὲ
1764 3036 1900 3113 μετὰ

298 3127 562 3205 ἀνάγκης·
590 3125 682 3185 καὶ
714 3124 816 3205 γὰρ
858 3123 949 3183 καὶ
991 3129 1151 3185 τοῦτο
1181 3128 1276 3196 τῆς
1320 3123 1460 3191 θείας
1499 3125 1897 3206 χρηστότητος,

299 3215 362 3276 τὸ
393 3215 469 3294 μὴ
519 3217 846 3296 τυραννικῶς
893 3213 1292 3295 προσάγεσθαι,
1343 3213 1484 3273 ἀλλὰ
1533 3213 1670 3292 μετὰ
1716 3222 1902 3276 νουθε-

299 3307 419 3374 σίας
452 3307 544 3365 καὶ
577 3305 943 3372 διδασκαλίας.
981 3305 1212 3376 Νοήσεις
1254 3303 1310 3362 δὲ
1353 3304 1631 3364 νουθεσίαν
1679 3305 1775 3383 μὲν
1813 3307 1900 3365 ἐπὶ

299 3402 398 3469 τῆς
429 3396 694 3476 πράξεως·
724 3394 1070 3454 διδασκαλίαν
1097 3394 1152 3451 δὲ
1185 3394 1269 3452 ἐπὶ
1297 3393 1599 3470 δογμάτων.

400 3506 427 3541 ((
451 3489 547 3547 Ἐν
579 3487 726 3565 πάσῃ
749 3484 928 3567 σοφίᾳ.
951 3505 980 3542 ι)
1019 3485 1100 3542 Τὸ
1128 3482 1230 3564 γὰρ
1261 3487 1480 3541 τοιαῦτα
1510 3485 1794 3556 δυνηθῆναι
1821 3485 1902 3542 δι-⁹

301 3576 454 3644 δάξαι
472 3622 488 3650 ,
515 3575 692 3647 πάσης
724 3573 774 3611 ⁴⁰
797 3573 981 3656 σοφίας
1009 3575 1212 3645 δεῖται,
1248 3572 1338 3630 καὶ
1371 3577 1464 3644 τῆς
1501 3572 1604 3630 ἀπὸ
1628 3577 1730 3630 τῶν
1754 3577 1901 3652 Γρα-

304 3669 451 3747 φῶν,
495 3665 708 3734 καὶτῆς
739 3663 844 3723 ἀπὸ
889 3665 1188 3743 λογισμῶν,
1229 3660 1322 3720 καὶ
1366 3667 1459 3734 τῆς
1490 3661 1596 3719 ἀπὸ
1635 3665 1739 3720 τῶν
1774 3661 1902 3722 Ἑλ·

305 3757 534 3828 ληνικῶν
568 3757 762 3828 αὐτῶν,
800 3757 871 3821 ὥς
909 3751 1028 3818 τοὺς
1075 3750 1374 3824 Ἀθηναίους
1406 3751 1512 3812 ἀπὸ
1551 3756 1640 3810 τοῦ
1689 3757 1898 3832 βωμοῦ.

388 3963 412 3987 α
466 3935 589 3992 Ἵνα
633 3931 1070 4012 παραστήσωμεν
1118 3930 1294 3990 πάντα
1364 3930 1642 4009 ἄνθρωπον
1702 3930 1901 3991 τέλειον

306 4026 360 4083 ἓν
385 4027 610 4105 Χριστῷ
634 4023 840 4095 Ἰησοῦ.
875 4049 898 4075 ιο
923 4020 995 4082 Τί
1025 4021 1230 4100 λέγεις;
1261 4048 1285 4074 ⁴ι
1313 4019 1505 4079 Πάντα
1532 4021 1806 4101 ἄνθρωπον
1830 4049 1844 4095 ;
1881 4048 1906 4076 υ

309 4113 442 4187 Ναὶ,
491 4113 644 4195 φησὶ,
699 4117 856 4172 τοῦτο
901 4109 1290 4187 σπουδάζομεν.
1331 4111 1399 4169 Εἰ
1444 4111 1500 4168 δὲ
1544 4109 1618 4186 μὴ
1653 4111 1902 4188 γένηται,

305 4204 457 4264 οὐδὲν
480 4201 608 4284 πρὸς
627 4209 791 4276 ἡμᾶς.
817 4230 839 4254 ι
869 4201 1084 4262 Τέλειον
1114 4229 1138 4252 ιι
1166 4200 1257 4271 δὲ,
1292 4201 1388 4258 οὖκ
1418 4201 1471 4257 ἐν
1506 4199 1680 4280 νόμῳ,
1703 4199 1821 4260 οὐδὲ
1852 4204 1906 4261 ἐν

307 4293 571 4373 ἀγγέλοις,
604 4291 721 4351 ἀλλ’
774 4313 802 4350 (ι
849 4292 902 4349 ἐν
936 4293 1156 4372 Χριστῷ
1185 4289 1406 4365 Ἰησοῦ,
1444 4317 1470 4341 ι
1517 4289 1823 4366 τουτέστιν,
1853 4294 1906 4352 ἓν

307 4387 377 4464 τῇ
406 4380 600 4461 γνώσει
633 4387 726 4441 τοῦ
756 4384 1012 4460 Χριστοῦ.
1054 4379 1266 4440 Ἐκεῖνο
1295 4378 1397 4458 γὰρ
1429 4381 1488 4438 οὗ
1523 4378 1742 4442 τέλειον.

399 4495 426 4529 α
469 4475 561 4540 Εἷς
585 4471 613 4530 ὃ
645 4475 735 4532 καὶ
762 4474 932 4530 κοπιῶ
960 4469 1360 4547 ἀγωνιζόμενος.
1389 4494 1414 4522 »ι
1433 4470 1550 4529 Οὖκ
1577 4471 1811 4550 ἠρκέσθη
1831 4475 1907 4552 τῷ

310 4567 406 4622 τοῦ
435 4562 600 4622 κόπου
641 4561 886 4640 ὀνόματι,
934 4558 1076 4620 ἀλλὰ
1107 4559 1406 4640 προσέθηκε
1455 4560 1545 4631 τὸ,
1580 4585 1602 4611 οι
1632 4559 1905 4639 Ἀγωνιζό-

311 4675 499 4728 μενος,
536 4679 559 4704 υ
599 4650 686 4709 ἵνα
717 4649 857 4730 δείξῃ
890 4648 989 4722 τὴν
1020 4646 1335 4728 ἀγρυπνίαν,
1368 4648 1465 4718 τὴν
1503 4647 1779 4730 ἀκρίϐειαν
1812 4653 1908 4722 τῆς

310 4742 554 4820 διαίτης,
606 4741 778 4800 τᾶλλα
823 4741 924 4800 ὅσα
957 4743 1061 4799 τῶν
1098 4738 1520 4814 ἀγωνιζομένων.
1580 4739 1648 4797 Εἰ
1690 4739 1786 4815 μὲν
1819 4733 1908 4800 οὖν

313 4830 420 4908 ἐγὼ
467 4833 640 4890 κοπιῶ
678 4829 812 4912 ὑπὲρ
860 4831 965 4889 τῶν
1006 4827 1276 4909 ὓμετέρων
1308 4827 1541 4908 ἀγαθῶν,
1573 4825 1726 4910 πόσῳ
1769 4831 1910 4910 μᾶλ-

310 4922 405 4978 λον
434 4923 614 4995 ὑμεῖςς

402 5033 433 5064 ιι
464 5008 622 5069 ,Κατὰ
650 5007 745 5080 τὴν
787 5007 1046 5088 ἐνέργειαν
1080 5008 1260 5088 αὐτοῦ,
1290 5005 1386 5080 τὴν
1433 5007 1810 5088 ἐνεργουμένην
1859 5011 1912 5068 ἐν

315 5098 435 5176 ἐμοὶ
454 5101 507 5157 ἐν
539 5098 780 5176 δυνάμει.
805 5124 830 5151 ι
863 5097 1088 5167 Ἐπειδή
1118 5087 1282 5170 εἶπεν,
1322 5096 1404 5154 ὅτι
1443 5118 1471 5155 (ι
1499 5101 1708 5175 Κοπιῶ,
1737 5121 1765 5156 ι
1802 5098 1916 5158 δεί-

316 5211 500 5249 κνυσιν
531 5189 611 5248 ὅτι
651 5186 744 5248 καὶ
777 5193 935 5248 τοῦτο
979 5186 1114 5248 θεῖόν
1145 5188 1309 5249 ἐστιν.
1357 5187 1426 5246 Ὁ
1455 5187 1555 5268 γὰρ
1601 5187 1815 5270 ἰσχυρόν
1849 5213 1915 5266 με

316 5283 485 5339 ποιῶν
522 5281 593 5346 εἰς
643 5283 830 5350 τοῦτο,
865 5280 1024 5352 δῆλον
1070 5277 1152 5336 ὅτι
1195 5281 1352 5336 τοῦτο
1402 5278 1682 5357 βούλεταιι
1731 5278 1916 5362 ὥσπερ

319 5370 411 5429 καὶ
456 5367 749 5448 ἀρχόμενος
800 5367 1005 5446 ἔλεγεν·
1059 5396 1080 5420 ιι
1129 5365 1442 5433 Ἀπόστολος
1493 5365 1581 5426 διὰ
1625 5369 1920 5445 θελήματος

321 5462 488 5521 Θεοῦ.
520 5458 824 5519 »λΔείκνυσι
853 5457 907 5518 δὲ
931 5457 1018 5517 διὰ
1042 5456 1245 5530 τούτου,
1265 5455 1357 5516 καὶ
1381 5454 1461 5516 ὅτι
1489 5457 1678 5516 πολλοὶ
1709 5459 1916 5539 μάχον-

321 5573 413 5608 ται
455 5549 584 5630 πρὸς
629 5547 808 5609 αὐτόν.
851 5548 991 5609 Τότε
1031 5547 1136 5628 γὰρ
1166 5548 1371 5630 μᾶλλον
1415 5547 1718 5628 φαίνεταιὴ
1765 5549 1921 5608 δόνα-

327 5663 415 5714 μις
441 5626 533 5698 τοῦ
563 5640 706 5699 Θεοῦ
726 5680 744 5712 ,
776 5636 902 5697 ὅταν
937 5637 1289 5717 ἀντικείμενοι
1320 5626 1423 5696 ὦσι
1448 5636 1658 5701 πολλοί.

2008 701 2124 757 aliis
2154 702 2378 774 quidem
2408 703 2574 760 etiam
2605 713 2856 777 apparet,
2887 721 2998 762 non
3030 714 3220 763 tamen
3251 721 3425 778 usque
3453 705 3610 772 adeo,

2007 799 2280 864 quantum
2307 792 2362 846 in
2385 791 2467 859 iis,
2499 793 2592 865 qui
2621 793 2894 867 lapidibus
2922 795 3276 868 stupidiores,
3305 794 3511 868 lapides
3547 801 3604 851 et

2006 890 2291 952 serpentes
2332 881 2584 940 adorant.
2635 884 2797 953 Quod
2841 883 3069 957 perinde
3121 893 3226 951 est,
3274 901 3337 940 ac
3388 885 3432 940 si
3483 883 3605 957 quis

2007 986 2205 1028 canem
2243 971 2555 1029 scabiosum
2587 981 2645 1030 et
2672 972 3009 1044 famelicum,
3040 983 3093 1032 et
3124 975 3217 1048 qui
3247 974 3456 1030 moveri
3491 989 3604 1030 non

2007 1062 2201 1132 possit,
2232 1061 2525 1134 accipiens,
2576 1063 2868 1121 hominem
2900 1081 2966 1120 ex
2995 1080 3061 1123 eo
3102 1063 3286 1131 faciat,
3329 1071 3496 1136 atque
3543 1064 3603 1119 in

2005 1150 2220 1223 regium
2271 1151 2474 1209 solium
2521 1153 2772 1221 collocet,
2809 1155 3010 1227 majori
3055 1153 3370 1211 afﬁciendus
3428 1153 3604 1226 gloria

2007 1240 2298 1310 videbitur,
2343 1257 2510 1314 quam
2551 1243 2596 1299 si
2628 1243 2839 1299 homini
2871 1243 3229 1301 mediocriter
3259 1244 3480 1315 penuria
3525 1243 3601 1298 la-

2007 1329 2223 1386 boranti
2251 1330 2370 1388 haec
2398 1331 2757 1389 exhibuisset.
2786 1333 2934 1390 Belle
2959 1341 3145 1390 autem
3173 1332 3331 1395 dixit.
3358 1335 3609 1403 Mysterit'

2007 1420 2188 1490 hujus.
2227 1423 2373 1478 Sunt
2418 1422 2568 1477 enim
2608 1431 2664 1479 et
2705 1423 2811 1480 alia
2857 1423 3117 1497 mysteria
3155 1441 3168 1478 :
3205 1431 3468 1480 caeterum
3498 1421 3604 1477 hoc

2005 1523 2193 1566 revera
2222 1511 2542 1584 mysterium
2566 1521 2669 1582 est,
2697 1513 2846 1586 quod
2874 1528 3046 1571 nemo
3072 1520 3256 1582 norat,
3287 1511 3436 1585 quod
3461 1525 3603 1582 prae-

2007 1607 2090 1655 ter
2134 1615 2490 1658 communem
2531 1603 2996 1660 consuetudinem
3041 1611 3098 1660 et
3137 1601 3606 1674 exspectationem

2007 1697 2110 1757 est,
2161 1705 2386 1762 nempe,
2424 1691 2576 1764 quod
2622 1701 2812 1764 gentes
2856 1692 3205 1750 assumendae
3247 1700 3423 1749 erant.

2081 1780 2187 1846 Qui
2213 1786 2291 1835 est
2317 1782 2565 1838 Christus
2585 1785 2644 1838 in
2663 1784 2833 1848 nobis,
2862 1798 2979 1855 spes
3000 1784 3204 1854 gloriae.
3234 1784 3608 1854 Interpretans

2007 1868 2135 1940 quid
2175 1871 2286 1926 sint
2332 1872 2465 1941 Opes
2511 1871 2639 1940 illas,
2687 1880 2745 1929 et
2780 1873 2913 1944 quid
2955 1873 3296 1944 Mysterium,
3335 1870 3605 1939 Christus,

2009 1959 2212 2032 inquit,
2243 1960 2353 2016 sive
2390 1960 2588 2017 Christi
2618 1963 2881 2036 cognitio,
2921 1963 3012 2036 qui
3043 1970 3128 2019 est
3155 1962 3211 2018 in
3243 1961 3420 2017 vobis.
3463 1962 3605 2017 Cum

2005 2049 2291 2119 praeconiis
2343 2058 2528 2106 autem
2567 2059 2624 2107 et
2676 2052 2930 2109 laudibus
2973 2051 3079 2109 hoc
3120 2051 3297 2126 ponit,
3347 2059 3410 2106 ut
3455 2050 3606 2122 ipsos

2005 2138 2181 2210 magis
2205 2138 2464 2196 attrahat.
2498 2140 2555 2196 Si
2580 2141 2726 2198 enim
2754 2142 3004 2198 Christus
3033 2142 3090 2197 in
3119 2141 3294 2208 vobis,
3320 2138 3604 2212 quomodo

2003 2227 2228 2300 angelos
2267 2229 2642 2287 benefactores
2685 2231 2962 2287 asseritis?
3011 2233 3147 2304 Spes
3187 2241 3376 2288 autem
3414 2230 3602 2304 gloriae

2005 2325 2108 2387 est,
2139 2318 2286 2391 quod
2315 2335 2413 2393 per
2441 2336 2565 2377 eum
2596 2337 2884 2393 speramus
2912 2323 3305 2394 sempiternam
3336 2338 3438 2377 nos
3465 2337 3598 2376 con-

2003 2416 2291 2465 secuturos
2330 2410 2592 2483 gloriam;
2637 2411 2723 2469 vel
2767 2411 2920 2485 quod
2961 2427 3088 2483 spes
3127 2421 3318 2469 nostra
3348 2411 3602 2480 celebris,

2006 2505 2063 2553 et
2099 2513 2224 2570 qua:
2259 2513 2363 2555 nos
2400 2515 2516 2554 non
2547 2499 2874 2571 pudefaciat,
2904 2501 2976 2556 sit
3006 2501 3278 2558 Christus.

2078 2589 2241 2643 Vens.
2282 2593 2371 2644 28.
2424 2591 2588 2657 Quem
2624 2591 3150 2646 nosdenuntz'amus.
3193 2593 3331 2657 Nos,
3372 2605 3488 2645 non
3515 2605 3609 2645 an-

2009 2677 2134 2751 geli.
2171 2678 2467 2748 Quomodo
2496 2679 2663 2751 igitur
2704 2679 2828 2736 illos
2865 2680 3151 2738 ministros
3192 2680 3435 2736 habetis?
3480 2683 3607 2735 Em-

2010 2766 2230 2839 phatice
2249 2776 2433 2824 autem
2461 2767 2620 2838 dixit,
2651 2773 3059 2842 Denuntz’amus,
3087 2786 3119 2827 a
3147 2770 3402 2844 supernis
3422 2770 3606 2842 ipsum

2009 2856 2265 2914 videlicet
2312 2856 2672 2915 deducentes.

2081 2947 2443 3003 Admonentes
2482 2962 2689 3003 omnem
2719 2949 3005 3017 hominem,
3039 2965 3102 3005 ac
3131 2951 3372 3006 docentes
3401 2965 3608 3006 omnem

2008 3035 2289 3092 hominem.
2336 3039 2461 3093 Non
2511 3054 2640 3093 cum
2693 3039 2948 3110 imperio,
2997 3055 3178 3112 neque
3227 3040 3550 3096 necessitate
3591 3059 3606 3097 :

2008 3142 2141 3182 nam
2170 3135 2224 3182 et
2261 3126 2369 3183 hoc
2395 3127 2596 3185 divina:
2637 3137 2722 3185 est
2751 3128 3125 3201 benignitatis,
3163 3145 3277 3186 non
3320 3129 3608 3204 tyrannice

1935 3254 1981 3319 C
2011 3215 2204 3272 adduci
2234 3217 2572 3290 quempiam,
2606 3233 2798 3275 verum
2837 3235 2964 3276 cum
2992 3219 3368 3277 admonitione
3409 3229 3466 3277 et
3505 3219 3609 3276 do-

2009 3307 2207 3363 ctrina.
2265 3308 2536 3380 lntelliges
2582 3317 2771 3365 autem
2822 3309 3268 3366 admonitionem
3314 3309 3383 3367 de
3436 3310 3612 3382 operi-

2012 3396 2141 3464 bus;
2183 3395 2496 3453 doctrinam
2530 3413 2680 3466 vero,
2712 3397 2785 3454 de
2813 3399 3186 3471 dogmatibus.

2080 3489 2142 3540 In
2170 3488 2320 3539 omni
2345 3490 2629 3556 sapientia.
2661 3488 2812 3544 Talia
2842 3489 2989 3544 enim
3016 3505 3176 3560 posse
3203 3490 3423 3557 docere,
3458 3493 3612 3548 omni

2009 3575 2276 3646 sapientia
2307 3591 2444 3648 opus
2473 3575 2655 3644 habet,
2685 3585 2801 3633 tum
2852 3594 2912 3634 ea
2955 3595 3080 3650 quae
3117 3587 3202 3635 est
3242 3596 3273 3636 e
3302 3581 3604 3651 Scriptura,

2010 3673 2129 3719 tum
2175 3680 2236 3720 ea
2282 3681 2405 3736 qua:
2446 3666 2683 3722 sumitur
2727 3683 2756 3722 a
2796 3668 3013 3722 ratione
3055 3652 3216 3739 atque
3245 3670 3604 3740 argumentis,

2010 3764 2066 3811 et
2089 3771 2150 3811 ea
2175 3770 2299 3828 quae
2321 3755 2549 3821 discitur
2571 3749 2801 3828 ab‘ipsis
2829 3757 3059 3825 Graecis,
3092 3757 3320 3829 perinde
3347 3774 3412 3814 ac
3438 3757 3610 3814 Athe-

2007 3846 2226 3902 nienses
2270 3846 2590 3902 instituebat
2637 3847 2705 3902 ab
2734 3862 2846 3903 ara.

2091 3937 2158 3989 Ut
2213 3935 2556 3989 exhibeamus
2622 3950 2826 3990 omnem
2881 3935 3149 3990 hominem
3194 3937 3500 4007 perfectum
3553 3938 3612 3992 in

2013 4024 2223 4080 Christo
2268 4027 2412 4079 Jesu.
2457 4023 2607 4094 Quid
2651 4024 2824 4080 dicis?
2868 4040 3092 4080 omnem
3126 4023 3607 4090 hominemPNae,

2011 4112 2212 4186 inquit,
2253 4112 2359 4170 hoc
2387 4130 2676 4170 conamur.
2720 4115 2779 4170 Si
2813 4130 2942 4171 vero
2975 4131 3089 4170 non
3123 4113 3428 4187 contingat,
3473 4112 3610 4171 nihil

2011 4204 2081 4260 ad
2105 4219 2224 4260 nos.
2258 4203 2570 4260 Perfectum
2600 4213 2808 4272 autem,
2835 4221 2946 4261 non
2977 4206 3032 4260 in
3059 4206 3196 4278 lege,
3222 4221 3398 4276 neque
3423 4205 3479 4260 in
3508 4220 3606 4260 an-

2014 4294 2171 4366 gelis,
2219 4293 2317 4351 sed
2362 4294 2417 4349 in
2459 4293 2676 4350 Christo
2717 4297 2868 4363 Iesu,
2911 4294 3014 4351 hoc
3055 4304 3159 4362 est,
3203 4294 3259 4350 in
3301 4293 3612 4367 cognitione

2014 4385 2212 4443 Christi
2245 4403 2258 4440 :
2294 4384 2429 4442 illud
2459 4385 2608 4442 enim
2635 4401 2746 4442 non
2776 4395 2862 4443 est
2891 4385 3215 4460 perfectum.

2085 4480 2261 4534 Vens.
2293 4481 2382 4532 29.
2410 4480 2472 4532 In
2492 4478 2636 4548 quod
2665 4482 2716 4533 et
2734 4479 2918 4533 laboro
2941 4484 3174 4533 certans.
3207 4481 3329 4534 Non
3350 4477 3453 4533 fuit
3481 4493 3612 4534 con-

2017 4574 2202 4622 tentus
2247 4565 2452 4622 laboris
2489 4566 2774 4634 vocabulo,
2813 4565 2911 4622 sed
2956 4565 3228 4638 apposuit,
3277 4565 3448 4638 478
3495 4569 3614 4624 Cer-

2021 4661 2158 4724 tans,
2207 4663 2270 4711 ut
2297 4655 2549 4712 ostendat
2596 4656 2930 4728 vigilantiam
2958 4664 3124 4728 atque
3165 4666 3412 4712 exactam
3443 4656 3616 4714 victus

2018 4745 2317 4811 rationem,
2360 4746 2570 4819 aliaque
2613 4744 2803 4803 itidem
2846 4760 3190 4818 quaecunque
3230 4753 3361 4800 sunt
3401 4753 3614 4802 certan-

2021 4836 2176 4892 tium.
2222 4835 2385 4906 Quod
2412 4836 2456 4891 si
2501 4835 2668 4909 igitur
2711 4851 2813 4909 ego
2842 4835 3031 4892 laboro
3063 4850 3162 4907 pro
3201 4836 3394 4892 vestris
3433 4835 3612 4907 bonis,

2020 4933 2228 4999 quanto
2258 4925 2440 4996 potius
2461 4929 2595 4982 vos?

2093 5015 2394 5072 Secundum
2422 5018 2782 5089 operationem
2826 5016 2960 5086 ejus,
2993 5032 3115 5086 qua:
3156 5019 3410 5087 operatur
3450 5019 3508 5072 in
3537 5033 3622 5074 me

2023 5108 2082 5161 in
2127 5108 2387 5178 potentia.
2429 5109 2726 5179 Potsquam
2773 5105 2935 5174 dixit,
2965 5108 3190 5172 Laboro,
3225 5105 3471 5164 ostendit
3513 5107 3621 5164 hoc

2024 5196 2268 5253 divinum
2311 5211 2449 5253 esse.
2493 5196 2598 5267 Qui
2638 5195 2783 5252 enim
2826 5211 2918 5252 me
2963 5194 3164 5252 fortem
3212 5195 3282 5253 ad
3325 5197 3433 5252 hoc
3467 5196 3619 5269 facit,

2025 5285 2368 5359 perspicuum
2407 5293 2491 5342 est
2517 5287 2665 5359 quod
2693 5285 2800 5343 hoc
2838 5287 2952 5342 vult
2996 5305 3009 5342 :
3051 5285 3523 5358 quemadmodum
3567 5289 3622 5344 in

2029 5376 2294 5447 principio
2319 5375 2479 5444 dixit,
2503 5379 2606 5433 Per
2628 5378 2962 5433 voluntatem
2984 5378 3084 5432 Dei
3102 5378 3412 5447 Apostolus.
3433 5379 3625 5435 Osten-

2029 5466 2111 5522 dit
2133 5474 2320 5523 antem
2347 5481 2444 5539 per
2473 5466 2595 5535 hoc,
2623 5465 2772 5539 quod
2796 5465 2956 5522 multi
2981 5467 3145 5523 etiam
3171 5475 3412 5540 pugnent
3441 5467 3628 5525 adver-

2032 5571 2127 5613 sus
2167 5556 2365 5630 ipsum.
2407 5559 2566 5614 Tunc
2593 5558 2743 5614 enim
2773 5559 2949 5630 magis
2986 5565 3214 5631 apparet
3255 5566 3312 5613 et
3338 5559 3630 5632 conspicua

2041 5645 2103 5702 ﬁt
2135 5646 2384 5719 potentia
2415 5647 2538 5717 Dei,
2569 5646 2796 5720 quando
2817 5647 2978 5705 multi
3009 5647 3215 5705 fuerint
3241 5647 3559 5707 adversarii.

1743 5744 1932 5808 Variae
1973 5747 2272 5808 lectiones.

403 5831 425 5868 ⁸
455 5831 589 5890 ἀλλὰ
616 5837 764 5892 τοῦτο
785 5833 844 5890 rb
872 5834 1027 5898 ὄντως
1055 5852 1200 5908 μυστ.
1235 5831 1394 5900 οὖδεὶς
1419 5849 1475 5895 o.
1549 5833 1594 5872 1°
1619 5834 1772 5900 πόσης
1800 5851 1857 5896 ο.
