4104 6444
474 485 609 539 1235

1093 609 1336 667 CAPUT
1375 611 1444 664 Il.

542 767 726 825 Vnns.
756 772 811 825 Ε.
846 764 979 824 Volo
1005 771 1186 823 autem
1213 782 1303 822 vos
1330 769 1466 822 scire
1494 766 1706 836 qualem
1734 765 2066 822 sollicitudi-

473 874 599 913 nem
624 857 848 913 habeam
867 872 969 929 pro
993 858 1140 912 vobis
1157 897 1173 923 ,
1196 861 1246 912 et
1268 873 1377 926 pro
1405 858 1476 911 iis
1501 857 1597 926 qui
1619 859 1747 909 sunt
1776 855 2072 919 Laodicea,

475 952 524 1003 et
575 949 878 1018 quicunque
919 963 1024 1002 non
1066 947 1322 1002 viderunt
1365 947 1562 1013 faciem
1606 959 1776 1000 meam
1810 946 1871 998 in
1897 960 2074 1000 carne.

481 1047 852 1111 Aggressurus
872 1035 1072 1109 dogma
1093 1043 1151 1091 et
1179 1034 1603 1102 institutionem,
1631 1034 1904 1106 ingentem
1932 1033 2078 1105 prius

476 1126 790 1184 dilectionis
818 1142 933 1184 suae
961 1123 1226 1182 affectum
1255 1124 1328 1180 ob
1369 1124 1562 1180 oculos
1601 1123 1775 1196 ponit,
1806 1133 1867 1180 ut
1904 1139 1968 1180 eo
2006 1124 2079 1180 sit

478 1217 706 1290 gratior,
756 1225 812 1273 et
851 1215 1064 1272 facilius
1102 1215 1422 1287 recipiatur.
1469 1215 1632 1270 Certo
1669 1215 1838 1281 enim,
1877 1213 2076 1286 inquit,

478 1315 534 1362 et
574 1306 768 1361 anxius
807 1321 933 1361 sum
976 1320 1075 1378 pro
1123 1304 1294 1361 vobis.
1327 1303 1614 1360 Connectit
1643 1311 1830 1358 autem
1868 1303 1999 1375 ipsis
2026 1313 2082 1360 et

479 1395 874 1467 Laodicenses,
925 1395 1174 1468 aliosque
1220 1394 1562 1467 simpliciter,
1616 1409 1684 1450 ne
1733 1393 1937 1449 scilicet
1963 1401 2078 1449 tur-

481 1486 703 1556 bentur,
755 1493 1010 1557 putantes
1055 1484 1159 1540 hoc
1205 1500 1322 1540 esse
1374 1485 1622 1556 ipsorum
1668 1483 2078 1542 imbecillitatis.

483 1573 861 1643 Quamobrem
903 1591 1032 1632 vero
1071 1575 1266 1631 anxius
1305 1580 1399 1632 es?
1429 1574 1709 1647 Numquid
1743 1589 1846 1630 nos
1874 1573 2080 1630 conde-

481 1670 675 1722 mnas?
705 1669 1022 1737 Propterea,
1054 1665 1252 1738 inquit,
1285 1665 1433 1738 quod
1465 1681 1575 1721 non
1606 1664 1849 1721 videritis
1877 1662 2076 1720 faciem

481 1771 680 1812 meam.
709 1756 928 1829 Adjecit
955 1765 1164 1824 autem,
1196 1761 1255 1813 In
1285 1772 1462 1825 carne,
1496 1755 1722 1811 miriﬁce
1750 1762 2080 1820 monstrans,

483 1846 630 1918 quod
660 1862 940 1918 nunquam
971 1862 1081 1902 non
1107 1847 1314 1918 Spiritu
1340 1862 1468 1901 eum
1499 1846 1858 1902 intuerentur.

556 1937 738 1993 Vens.
771 1943 824 1992 2.
855 1939 922 1992 Ut
950 1938 1364 1992 consolationem
1391 1939 1660 2007 accipiant
1687 1936 1848 1991 corda
1875 1951 2074 2000 eorum,
2113 1949 2159 2011 Β

481 2043 600 2082 cum
628 2028 842 2095 fuerint
866 2029 1154 2082 constructi
1177 2029 1236 2081 in
1265 2025 1555 2081 charitate.
1585 2027 1860 2097 Deinceps
1888 2039 2080 2097 aggre-

479 2117 628 2173 ditur
686 2117 911 2188 dogma,
964 2116 1203 2189 illudque
1255 2116 1593 2187 auspicatur,
1649 2130 1764 2170 non
1814 2129 2080 2171 accusans

481 2221 598 2276 eos,
641 2222 819 2278 neque
861 2206 1017 2278 plane
1055 2205 1402 2262 accusatione
1445 2205 1706 2260 liberans.
1753 2203 1856 2260 Hic
1896 2211 2078 2260 autem

482 2304 565 2352 est
611 2294 865 2352 redditio.
920 2299 1055 2367 Ego,
1108 2296 1304 2365 inquit,
1357 2293 1782 2350 sollicitudinem
1835 2292 2013 2349 habeo
2063 2315 2076 2350 :

482 2387 878 2458 quamobrem?
912 2389 988 2442 Ne
1019 2385 1228 2441 diversa
1255 2385 1490 2456 sapiant,
1519 2399 1712 2440 verum
1737 2384 2078 2440 constituan-

482 2483 574 2530 tur
615 2475 1124 2549 conjunganturque
1162 2491 1356 2532 omnes
1395 2475 1454 2530 in
1497 2489 1668 2530 unam
1705 2472 1886 2530 ﬁdem.
1929 2473 2079 2542 Quo-

482 2565 687 2622 modo?
730 2569 853 2623 Non
894 2567 1210 2623 necessitate
1246 2573 1340 2622 aut
1379 2564 1657 2632 violentia,
1688 2564 1783 2621 sed
1819 2564 1874 2620 in
1911 2563 2082 2619 chari-

479 2663 610 2712 tate.
652 2658 775 2712 Hoc
816 2665 1002 2713 autem
1042 2655 1202 2726 dixit,
1248 2656 1402 2730 quasi
1449 2655 1685 2712 haereses
1731 2655 1899 2711 etiam
1941 2653 2082 2709 schi-

482 2755 659 2802 smata
703 2747 934 2818 pariant.

551 2840 623 2893 Et
670 2838 731 2890 in
770 2853 950 2892 omnes
979 2837 1203 2892 divitias
1231 2836 1574 2891 ccrtitudinis
1605 2835 1922 2890 intellectus.
1959 2835 2082 2889 Hoc

484 2934 587 2994 est,
622 2927 703 2982 Ut
738 2925 807 2983 de
834 2927 984 2984 nullo
1029 2926 1334 2999 ambigant,
1376 2926 1523 2982 utin
1566 2924 1825 2981 omnibus
1860 2922 2082 2981 abunde

481 3016 745 3073 reddatur
768 3018 969 3074 certior
995 3025 1161 3090 atque
1191 3016 1441 3072 ﬁrmetur
1468 3015 1778 3071 intellectus
1801 3014 2047 3086 ipsorum
2063 3055 2078 3082 ,

484 3106 592 3163 hoc
634 3115 736 3176 est,
769 3107 1019 3180 mysterii
1058 3106 1310 3180 cognitio.
1351 3109 1477 3163 Non
1504 3105 1650 3161 dixit
1675 3114 1862 3160 autem
1903 3104 1959 3160 in
1998 3103 2085 3160 di-

482 3195 637 3252 vitias
665 3196 1009 3268 simpliciter,
1038 3195 1158 3264 sed,
1193 3199 1258 3251 In
1289 3212 1464 3252 omnes
1485 3196 1735 3251 divitias.
1770 3193 1906 3251 Novi
1935 3210 2084 3262 sane,

485 3287 682 3358 inquit,
709 3286 858 3358 quod
883 3286 1033 3342 vobis
1070 3285 1375 3342 intellectus
1411 3285 1483 3342 sit
1511 3284 1584 3342 ad
1624 3285 1973 3358 mysterium,
2005 3301 2088 3341 ve-

486 3391 614 3432 rum
651 3375 1039 3431 certitudinem
1068 3376 1377 3432 intellectus
1415 3374 1580 3448 hujus
1622 3374 1849 3432 divitem
1893 3390 2084 3448 quaero

488 3466 545 3522 in
575 3465 748 3521 vobis.
773 3469 871 3522 Vel
895 3481 1023 3522 cum
1068 3465 1346 3523 intellectu
1373 3466 1494 3524 volo
1516 3482 1612 3524 vos
1637 3464 1946 3530 certiﬁcari,
1967 3481 2083 3522 non

491 3565 720 3628 temere,
749 3565 805 3612 et
834 3556 953 3614 sine
984 3556 1213 3614 ratione.

561 3741 623 3795 In
645 3741 974 3809 agnitionem
1010 3742 1256 3809 mysterii
1277 3741 1376 3794 Dei
1396 3743 1447 3795 et
1469 3741 1650 3795 Patris
1681 3739 1905 3795 Christi.
1937 3737 2088 3808 Quid

489 3844 620 3884 vero
650 3830 976 3901 mysterium
1007 3830 1108 3886 Dei
1137 3833 1256 3885 est?
1297 3829 1460 3901 Quod
1490 3846 1583 3902 per
1611 3829 1812 3886 Filium
1845 3829 1945 3887 Dei
1989 3845 2088 3886 ac-

489 3933 678 3976 cessus
697 3918 792 3975 ﬁat
815 3919 884 3977 ad
913 3923 1154 3988 Patrem,
1180 3928 1236 3976 et
1258 3935 1368 3976 non
1396 3936 1492 3992 per
1515 3920 1764 3992 angelos.

561 4105 742 4161 Vens.
788 4111 840 4160 3.
889 4107 954 4159 In
989 4120 1107 4174 quo
1147 4109 1276 4159 sunt
1305 4119 1484 4159 omnes
1534 4104 1780 4159 thesauri
1807 4106 2090 4177 sapientiae

490 4193 662 4267 479
690 4199 741 4249 et
769 4196 1004 4250 scientia:
1032 4195 1351 4249 absconditi.
1386 4196 1507 4265 Ipse
1535 4193 1704 4259 solus,
1738 4192 1940 4265 inquit,
1971 4209 2090 4250 om-

491 4284 584 4339 nia
611 4283 779 4338 novit.
825 4283 987 4352 Quod
1017 4283 1059 4338 si
1090 4283 1203 4354 ipse
1232 4284 1383 4338 solus
1412 4283 1646 4353 sapiens,
1680 4284 1956 4354 sapienter
1994 4283 2090 4356 igi-

490 4382 583 4430 tur
625 4373 683 4427 in
712 4372 1022 4429 novissimis
1047 4373 1394 4444 temporibus
1430 4372 1596 4441 venit,
1625 4381 1680 4428 et
1703 4389 1815 4429 non
1841 4374 1994 4442 olim,
2028 4392 2092 4432 ac

493 4462 690 4518 frustra
739 4463 984 4518 nonnulli
1014 4462 1298 4520 dementes
1337 4462 1522 4518 isthuc
1549 4472 1801 4535 carpunt.
1835 4464 1977 4520 Cum
2008 4462 2089 4519 di-

493 4553 590 4620 cit,
640 4555 955 4622 Thesauros,
985 4554 1208 4625 copiam
1237 4553 1481 4610 ostendit
1514 4572 1526 4608 :
1569 4569 1717 4621 cum,
1757 4555 1967 4622 Omnes,
1999 4553 2086 4610 ni-

1476 480 1993 538 THEOPHYLACTI
2031 479 2388 535 BULGARIIE
2428 477 2742 533 ARCHIEP.

2097 613 2150 674 A

3639 477 3782 530 i236

2748 603 3039 664 ΚΕΦΑΛ.
3087 601 3170 659 B'.

2268 792 2298 824 α
2333 767 2492 829 Θέλω
2533 767 2635 847 γὰρ
2669 769 2805 845 ὑμᾶς
2849 764 3044 824 εἰδέναι
3075 764 3260 838 ἡλίκον
3293 767 3471 842 ἀγῶνα
3500 764 3612 846 ἔχω
3655 767 3783 847 περὶ

2185 862 2370 936 ὑμῶν,
2409 859 2501 918 καὶ
2546 861 2651 918 τῶν
2703 860 2754 917 ἐν
2803 854 3127 938 Λαοδικείᾳ,
3182 853 3272 914 καὶ
3307 854 3419 916 ὅσοι
3459 857 3559 936 οὐχ
3603 859 3782 936 ἑωρά-

2185 973 2310 1009 κασι
2349 949 2409 1009 τὸ
2451 946 2734 1029 πρόσωπόν
2791 970 2891 1024 μου
2937 947 2990 1005 ἐν
3042 945 3219 1026 σαρκί.
3271 968 3300 1003 ι
3359 947 3586 1006 Μέλλων
3617 947 3788 1024 ἐμϐα-

2185 1040 2295 1098 λεῖν
2337 1040 2410 1105 εἷς
2439 1037 2500 1097 τὸ
2532 1037 2703 1114 δόγμα
2722 1081 2738 1109 ,
2765 1035 2969 1106 πολλὴν
3012 1036 3246 1094 δείκνυσι
3272 1033 3369 1106 τὴν
3410 1036 3793 1117 φιλοστοργίαν

2189 1127 2482 1210 πρότερον,
2532 1124 2620 1186 ἵνα
2683 1124 3198 1206 εὖπαραδεκτότερος
3242 1125 3484 1203 γένηται.
3551 1126 3789 1206 Ἀγωνιῶ

2186 1217 2314 1300 γὰρ,
2364 1219 2526 1300 φησὶ,
2558 1215 2680 1298 περὶ
2724 1219 2896 1290 ὑμῶν.
2934 1216 3208 1276 Συνάπτει
3237 1215 3292 1274 δὲ
3325 1217 3503 1284 αὐτοῖς
3543 1216 3636 1276 καὶ
3667 1215 3793 1284 τοὺς

2189 1311 2242 1368 ἐν
2273 1308 2594 1389 Λαοδικείᾳ,
2642 1305 2734 1367 xui
2767 1305 2957 1372 ἄλλους
2990 1307 3194 1389 ἅπλῶς,
3227 1302 3313 1364 ἵνα
3346 1306 3422 1385 μὴ
3449 1309 3795 1388 ταραχθῶσι,

2189 1397 2429 1466 δόξαντες
2473 1402 2567 1471 τῆς
2600 1394 2868 1464 ἀσθενείας
2913 1398 3086 1455 αὐτῶν
3133 1385 3266 1454 εἶναι
3308 1402 3462 1456 τοῦτο
3493 1395 3563 1455 ⁴¹.
3599 1397 3707 1457 Διὰ
3738 1397 3793 1456 τί

2189 1488 2243 1549 δὲ
2281 1493 2539 1569 ἀγωνιᾷς
2584 1477 2721 1568 ’Ἆρα
2758 1487 3170 1564 καταγινώσκων
3219 1491 3411 1563 ἡμῶνς
3449 1486 3620 1560 Διότι,
3678 1511 3790 1568 φη-

2189 1579 2299 1651 σὶν,
2343 1581 2442 1658 οὐχ
2474 1577 2743 1658 ἑωράκατε
2773 1576 2834 1636 τὸ
2870 1577 3156 1657 πρόσωπόν
3189 1600 3314 1655 μου.
3354 1579 3668 1658 Προσέθηκε
3699 1576 3790 1650 δὲ,

2193 1691 2222 1723 (ί
2255 1668 2350 1728 Ἐν
2383 1667 2559 1748 σαρκὶ,
2583 1690 2610 1725 n
2637 1665 2857 1736 ’δεικνὺς
2889 1665 3198 1745 θαυμασίως
3235 1667 3316 1727 ὅτι
3347 1666 3523 1748 ἑώρων
3558 1671 3795 1748 συνεχῶς

2188 1762 2240 1820 ἐν
2273 1757 2575 1835 Πνεύματι.

2276 1954 2303 1990 α
2351 1928 2474 1992 Ἵνα
2515 1930 2931 2012 παρακληθῶσιν
2977 1929 3031 1986 αἱ
3077 1925 3292 2008 καρδίαι
3337 1927 3535 2003 αὐτῶν,
3585 1927 3783 2004 συμϐι-

2197 2019 2501 2081 ϐασθέντων
2531 2023 2583 2080 ἐν
2629 2020 2835 2099 ἀγάπῃ.
2889 2044 2912 2071 υ
2941 2016 3088 2090 Ἤδη
3137 2018 3316 2078 λοιπὸν
3347 2016 3587 2094 ἐμϐαίνει
3613 2021 3686 2084 εἰς
3731 2017 3796 2076 τὸ

2194 2110 2401 2189 δόγμα,
2447 2109 2537 2170 καὶ
2571 2109 2688 2169 οὔτε
2737 2113 3057 2189 κατηγορεῖ,
3100 2111 3219 2168 οὔτε
3251 2107 3579 2167 ἀπαλλάττει
3621 2107 3798 2182 πάντη

2188 2205 2282 2272 τῆς
2333 2201 2673 2279 κατηγορίας.
2727 2198 2995 2260 Ἐνταῦθα
3063 2197 3118 2257 δὲ
3176 2203 3211 2270 ἡ
3267 2197 3533 2264 ἀπόδοσις.
3588 2196 3793 2275 Ἀγῶνα

2189 2289 2335 2370 ἔχω·
2383 2292 2470 2350 ἵνα
2514 2289 2566 2349 τί
2596 2289 2852 2368 γένηται;
2913 2288 3036 2348 Ἵνα
3087 2287 3161 2363 μὴ
3217 2289 3446 2367 διάφορα
3495 2291 3794 2369 φρονῶσιν,

2191 2379 2328 2440 ἀλλὰ
2371 2378 2780 2454 συμϐιϐασθῶσι
2837 2378 2928 2438 καὶ
2983 2383 3217 2438 ἑνωθῶσι
3270 2378 3464 2444 πάντες
3521 2379 3592 2444 εἷς
3658 2378 3790 2456 μίαν

2189 2471 2390 2530 πίστιν.
2429 2473 2584 2544 Πῶς;
2621 2471 2703 2530 Οὐ
2748 2468 2884 2548 μετὰ
2932 2468 3201 2545 ἀνάγκης,
3325 2467 3481 2548 βίας,
3519 2469 3636 2527 ἀλλ’
3673 2490 3702 2524 α
3737 2471 3794 2526 ἐν

2193 2561 2398 2640 ἀγάπῃ.
2438 2582 2466 2620 »
2507 2564 2682 2621 Τοῦτο
2708 2561 2763 2620 δὲ
2795 2549 2939 2620 εἶπεν
2959 2603 2976 2634 ,
3015 2563 3083 2626 ὡς
3114 2560 3217 2618 τῶν
3249 2558 3505 2640 αἱρέσεων
3536 2559 3627 2618 καὶ
3671 2557 3796 2638 σχίο

2190 2675 2372 2730 σματα
2398 2653 2718 2712 τικτουσῶν.

2272 2849 2296 2875 α
2356 2823 2467 2883 Καὶ
2511 2825 2583 2890 εἰς
2629 2821 2806 2880 πάντα
2859 2821 3088 2880 πλοῦτον
3127 2823 3222 2892 τῆς
3284 2818 3651 2901 πληροφορίας
3701 2824 3799 2892 τῆς

2191 2911 2470 2981 συνέσεως.
2509 2935 2538 2967 ι
2583 2914 2635 2972 Τ
2638 2910 2904 2984 ουτέστιν,
2954 2909 3072 2970 Ἵνα
3095 2909 3228 2989 ὑπὲρ
3263 2909 3484 2985 μηδενὸς
3519 2908 3799 2992 ἀμφιϐάλ-

2190 3003 2394 3074 λωσιν,
2448 2998 2537 3060 ἵνα
2584 3000 2716 3081 ὑπὲρ
2775 3000 2989 3060 πάντων
3043 2997 3565 3080 πεπληροφορημένη
3621 3001 3703 3071 εἴη
3742 2998 3798 3036 ⁴²

2195 3091 2462 3159 πλουσίως
2491 3095 2524 3163 ἡ
2561 3089 2762 3157 σύνεσις
2801 3093 3008 3164 αὐτῶν,
3047 3089 3317 3150 τουτέστιν
3339 3136 3355 3168 ,
3398 3094 3433 3162 ἡ
3465 3095 3555 3148 τοῦ
3589 3114 3799 3166 μυστη-

2198 3181 2308 3264 ρίου
2346 3184 2555 3261 γνῶσις.
2583 3183 2700 3241 Οὐκ
2730 3171 2846 3240 εἶπε
2897 3179 2986 3251 δὲ,
3035 3182 3131 3248 Εἰς
3175 3179 3267 3264 τὸν
3298 3182 3550 3252 πλοῦτον,
3578 3179 3798 3253 ἅπλῶς,

2199 3260 2348 3346 ἀλλ’,
2389 3294 2416 3330 (ι
2451 3274 2542 3339 lii;
2573 3269 2749 3329 πάντα
2781 3272 3033 3333 πλοῦτον.
3063 3293 3092 3328 ι)
3127 3260 3269 3331 Οἶδα
3309 3268 3406 3347 μὲν
3427 3314 3444 3344 ,
3490 3270 3684 3348 φησὶν,
3716 3269 3800 3330 ὅτι

2197 3361 2403 3422 σύνεσιν
2430 3361 2579 3441 ἔχετε
2620 3367 2712 3421 τοῦ
2743 3360 3074 3442 μυστηρίου,
3110 3357 3250 3418 ἀλλὰ
3294 3359 3390 3430 τὴν
3421 3360 3796 3441 πληροφορίαν

2192 3456 2285 3524 τῆς
2329 3451 2588 3519 συνέσεως
2621 3449 2817 3524 ταύτης
2869 3454 3010 3524 ζητῶ
3060 3450 3318 3510 πλουσίαν
3365 3450 3418 3532 ἐν
3468 3449 3610 3526 ὑμῖν.
3659 3447 3784 3523 Ἢ,

2193 3539 2274 3602 ὅτι
2320 3541 2473 3602 Μετὰ
2505 3540 2760 3607 συνέσεως
2800 3542 3063 3620 βούλομαι
3107 3544 3246 3618 ὑμᾶς
3271 3543 3781 3622 πληροφορηθῆναι,

2195 3635 2292 3692 οὐκ
2326 3633 2562 3705 ἀνοήτως
2591 3632 2683 3690 καὶ
2716 3630 2941 3710 ἀλόγως.

2286 3744 2316 3780 (ι
2371 3723 2466 3788 Εἷς
2518 3721 2802 3797 ἐπίγνωσιν
2863 3725 2953 3781 τοῦ
3009 3719 3302 3801 μυστηρίου
3357 3724 3449 3779 τοῦ
3512 3724 3652 3782 Θεοῦ
3704 3720 3798 3779 καὶ

2202 3811 2414 3890 Πατρὸς
2469 3815 2562 3871 τοῦ
2613 3812 2878 3890 Χριστοῦ.
2941 3835 2971 3866 »
3025 3809 3094 3870 Τί
3145 3809 3198 3868 δὲ
3251 3809 3312 3869 τὸ
3361 3808 3654 3888 μυστήριον
3702 3815 3799 3870 τοῦ

2198 3902 2376 3979 Θεοῦ;
2409 3900 2492 3961 Τὸ
2522 3901 2604 3961 διὰ
2645 3905 2736 3960 τοῦ
2771 3903 2903 3960 Υἱοῦ
2931 3899 3028 3974 τὴν
3060 3899 3414 3980 προσαγωγὴν
3446 3899 3706 3979 γίνεσθαι,
3737 3901 3800 3960 οὖ

2199 3991 2267 4049 δι’
2296 3989 2562 4070 ἀγγέλων.

2286 4103 2317 4140 α
2346 4080 2440 4140 Ἐν
2583 4082 2686 4139 εἰσι
2733 4079 2928 4147 πάντες
2953 4083 3001 4139 οἱ
3051 4079 3308 4159 θησαυροὶ
3340 4083 3435 4150 τῆς
3485 4078 3671 4160 σοφίας
3709 4080 3805 4139 καὶ

2196 4174 2291 4243 τῆς
2320 4170 2564 4248 γνώσεως
2613 4170 2936 4251 ἀπόκρυφοι.
2976 4191 3006 4228 ι)
3053 4169 3218 4236 Αὐτὸς
3251 4168 3405 4246 μόνος
3442 4159 3802 4230 οἶδείπάντα·

2200 4263 2245 4318 εἰ
2275 4262 2328 4319 δὲ
2362 4261 2514 4327 αὐτὸς
2543 4260 2698 4338 μόνος
2730 4262 2920 4342 σοφὸς,
2954 4263 3128 4341 σοφῶς
3158 4261 3262 4339 ἄρα
3283 4260 3376 4318 καὶ
3408 4261 3460 4318 ἐν
3488 4267 3594 4326 τοῖς
3625 4260 3800 4341 ἐσχά-

2197 4375 2307 4418 τοις
2358 4353 2556 4431 καιροῖς
2609 4342 2775 4426 ἦλθε,
2821 4351 2913 4410 καὶ
2960 4353 3018 4409 οὗ
3061 4350 3262 4423 πάλαι,
3307 4350 3399 4409 xui
3445 4349 3620 4426 μάτην
3663 4350 3804 4431 τινὲς

2200 4444 2302 4500 τῶν
2356 4441 2596 4512 ἀνοήτων
2653 4441 3058 4521 ἐπιδράττονται
3111 4443 3324 4501 τούτου.
3378 4442 3472 4520 Τῷ
3523 4439 3617 4516 μὲν
3671 4430 3800 4514 οὖν,

2203 4559 2225 4582 ι
2257 4531 2538 4612 Θησαυροὶ
2574 4531 2655 4605 ⁸³,
2695 4558 2720 4582 ι
2751 4533 2948 4602 εἰπεῖν,
2984 4531 3044 4590 τὸ
3075 4533 3270 4602 πλῆθος
3301 4529 3567 4589 δείκνυσιο
3594 4533 3671 4609 τῷ
3705 4531 3798 4603 δὲ,

491 4618 585 4698 hil
605 4643 787 4715 ipsum
817 4618 984 4699 latere
1025 4618 1221 4711 z-cum,
1253 4643 1593 4707 Absconditi,
1633 4618 1780 4715 quod
1807 4618 1961 4700 solus
1981 4644 2084 4717 ipse

2204 4650 2226 4674 ιι
2261 4622 2504 4696 Πάντες,
2525 4649 2557 4717 ζ
2579 4622 2640 4682 τὸ
2666 4621 2829 4700 μηδὲν
2860 4623 3095 4698 ἀγνοεῖν·
3126 4624 3202 4700 τῷ
3233 4618 3312 4698 δὲ,
3345 4649 3367 4672 «ι
3398 4619 3739 4701 Ἀπόκρυφοι,
3775 4649 3802 4673 ιι

489 4735 726 4802 noverit,
758 4741 813 4790 et
839 4733 908 4790 ab
935 4734 1052 4806 ipso
1081 4734 1350 4806 sapientia
1377 4743 1432 4791 et
1454 4734 1694 4807 cognitio
1725 4735 1960 4805 petenda
1989 4745 2088 4792 est.

491 4822 735 4881 Observa
782 4823 890 4894 hic,
935 4825 1148 4881 etiamsi
1187 4825 1435 4881 videatur
1471 4841 1739 4898 magnum
1769 4824 1976 4897 aliquid
2015 4825 2092 4883 di-

489 4929 632 4984 cere,
665 4914 772 4971 hoc
799 4922 984 4970 tamen
1017 4915 1089 4972 ob
1123 4915 1505 4987 simpliciores,
1536 4931 1594 4972 se
1628 4915 1995 4984 demittenda,
2025 4918 2089 4973 il-

488 5003 665 5076 lisque
708 5003 1148 5071 obsecundando,
1197 5003 1356 5075 dixit,
1399 5008 1464 5061 In
1503 5022 1608 5076 quo
1653 5011 1780 5062 sunt
1827 5007 2085 5071 thesauri,

491 5093 756 5151 videlicet.
791 5097 929 5151 Nam
955 5095 1004 5151 is
1028 5104 1113 5152 est
1139 5095 1405 5167 sapientia
1429 5097 1565 5168 ipsa,
1596 5104 1652 5153 et
1676 5097 1787 5168 ipsa
1812 5098 2074 5169 cognitio.

557 5187 735 5241 Vnus.
762 5190 812 5240 4.
836 5187 942 5241 Hoc
965 5191 1144 5242 autem
1163 5187 1303 5255 dico,
1326 5192 1389 5243 ut
1408 5203 1555 5243 nemo
1573 5203 1662 5243 vos
1687 5188 1925 5257 decipiat
1941 5205 2076 5258 pro-

491 5275 774 5331 babilitate
799 5278 1074 5332 sermonis.
1108 5278 1232 5332 Hoc
1257 5276 1400 5344 dixi,
1433 5277 1628 5349 inquit,
1660 5275 1813 5352 quod
1841 5275 2088 5334 Christus

489 5364 639 5422 solus
684 5365 869 5421 omnia
915 5367 1089 5432 novit,
1136 5382 1206 5423 ne
1251 5367 1375 5441 quis
1422 5368 1579 5424 vobis
1626 5368 1895 5440 imponat.
1942 5369 2088 5442 Quid

487 5455 638 5512 enim
684 5455 732 5511 si
779 5456 1207 5528 persuasibiliter
1253 5457 1436 5514 dicat?
1486 5457 1636 5514 Nihil
1684 5459 1854 5528 novit,
1903 5474 1967 5514 ac
2007 5473 2090 5514 re-

487 5560 614 5602 vera
678 5553 762 5602 est
818 5544 1072 5619 deceptio
1117 5545 1224 5605 hoc
1265 5556 1469 5619 totum,
1533 5557 1588 5605 et
1653 5549 1835 5607 inania
1897 5549 2084 5622 sophi-

489 5643 664 5690 smata
677 5675 693 5691 .

2202 4709 2280 4770 ὅτι
2311 4710 2462 4788 μόνος
2507 4701 2647 4786 οἶδε,
2680 4711 2772 4771 xui
2806 4713 2936 4792 παρ’
2962 4712 3122 4770 αὐτοῦ
3168 4711 3246 4768 δεῖ
3292 4711 3455 4769 αἰτεῖν
3487 4710 3674 4791 σοφίαν
3707 4711 3803 4770 καὶ

2197 4805 2413 4881 γνῶσιν.
2460 4801 2608 4881 Ὅρα
2656 4801 2734 4876 δὲ,
2768 4801 2850 4860 ὅτι
2895 4800 3066 4860 εἶκαὶ
3113 4802 3259 4860 δοκεῖ
3309 4799 3450 4880 μέγα
3497 4824 3550 4859 τι
3594 4804 3798 4874 εἰπεῖν,

2199 4891 2338 4950 ἀλλὰ
2413 4891 2502 4951 καὶ
2567 4898 2722 4952 τοῦτο
2788 4891 3268 4969 συγκαταϐατικῶς
3336 4881 3452 4950 εἷπε
3516 4888 3602 4950 διὰ
3677 4890 3803 4959 τοὺς

2198 4982 2605 5064 ἁπλουστέρους,
2651 4981 2736 5061 τὸ,
2771 5009 2796 5037 α
2833 4981 2928 5042 Ἐν
2973 4975 3016 5061 ᾧ
3065 4983 3194 5041 εἰσιν
3235 4983 3283 5040 οἳ
3314 4980 3594 5062 θησαυροί.
3640 5007 3665 5037 ι
3693 4984 3803 5042 Αὐε-

2196 5071 2422 5154 τοσοφία
2458 5073 2560 5153 γάρ
2594 5074 2708 5134 ἐστι
2738 5071 2828 5132 καὶ
2862 5072 3203 5150 αὖτόγνωσις.

2278 5191 2302 5215 α
2355 5165 2532 5224 Τοῦτο
2563 5163 2622 5222 δὲ
2671 5163 2827 5244 λέγω,
2862 5163 2948 5221 ἵνα
3002 5162 3158 5244 μήτις
3197 5164 3332 5238 ὑμᾶς
3369 5160 3802 5242 παραλογίζηται

2197 5255 2250 5313 ἐν
2284 5252 2651 5333 πιθανολογίᾳ.
2686 5279 2709 5306 ι
2746 5243 2934 5333 Τοῦτο
2969 5251 3023 5311 δὲ
3053 5243 3233 5331 εἶπον,
3281 5251 3471 5333 φησὶν,
3505 5249 3585 5309 ὅτι
3617 5252 3801 5313 πάντα

2195 5346 2223 5402 ὁ
2278 5342 2508 5422 Χριστὸς
2541 5331 2696 5418 μόνος
2732 5331 2868 5403 οἶδεν
2888 5389 2906 5422 ,
2934 5341 3022 5402 ἵνα
3075 5343 3151 5421 μή
3182 5365 3260 5423 τις
3293 5331 3440 5421 -ὓμᾶς
3483 5344 3685 5423 ἀπατᾷ.
3729 5343 3802 5402 Τί

2197 5431 2330 5514 γὰρῗ,
2380 5435 2424 5492 εἷ
2475 5436 2712 5503 πιθανῶς
2757 5431 2930 5512 λέγει;
2977 5433 3150 5494 Οὐδὲν
3206 5422 3342 5507 οἶδε,
3393 5422 3802 5512 παραλογισμός

2197 5525 2310 5584 ἐστι
2335 5521 2396 5582 τὸ
2423 5532 2531 5584 πᾶν
2559 5522 2654 5584 καὶ
2683 5523 3010 5605 σοφίσματα.

1886 5729 2074 5788 Variae
2118 5730 2421 5790 lectiones.

561 5821 600 5855 ¹¹
632 5819 922 5892 δοξάζοντες
957 5822 1209 5898 ἀσθενείας
1239 5823 1370 5881 εἶναι
1399 5831 1547 5884 τοῦτο
1575 5843 1629 5886 o.
1707 5829 1750 5864 ¹²
1777 5829 2212 5902 πεπληροφόρηται
2242 5845 2295 5888 ο,
2337 5828 2380 5864 ³³
2409 5829 2682 5908 θησαυροὺς
2706 5843 2759 5885 o.
