4104 6488
422 476 443 531 1
454 474 559 530 237

1289 468 1640 529 EXPOSITIO
1679 470 1749 529 IN
1788 471 1995 530 EPIST.
2038 472 2130 528 AD
2169 470 2445 529 COLOSS.
2486 501 2556 512 —
2593 470 2745 528 CAP.
2795 472 2858 528 II.

3588 474 3725 529 £238

505 622 537 656 α
571 600 640 663 Εἰ
667 596 771 679 γὰρ
800 597 892 659 καὶ
1021 597 1180 678 σαρκὶ
1213 596 1434 681 ἄπειμι,
1459 596 1600 658 ἀλλὰ
1627 600 1705 681 τῷ
1744 598 2013 678 πνεύματι

2198 601 2377 656 VBBS.
2407 602 2456 655 5.
2499 600 2636 657 Nam
2667 598 2770 655 etsi
2814 613 2973 656 carne
3012 599 3199 655 absens
3226 613 3367 670 sum,
3402 600 3495 656 sed
3523 601 3727 671 spiritu

420 687 514 751 σὺν
548 695 673 768 ὑμῖν
704 690 839 766 εἰμι.
874 714 905 746 in
942 688 1024 752 Τὸ
1059 689 1342 750 ἀκόλουθον
1366 679 1431 762 ἧν
1470 688 1657 750 εἰπεῖν’
1678 679 1755 751 Εἰ
1785 691 1888 772 γὰρ
1918 690 2010 750 καὶ

417 784 484 863 τῇ
534 780 695 861 σαρκὶ
747 779 975 858 ἄπειμι,
1028 778 1166 839 ἀλλὰ
1215 783 1291 860 τῷ
1345 779 1616 857 πνεύματι
1667 780 1849 861 βλέπω
1891 780 2012 849 τοὺς

416 872 757 938 ἀπατεῶνας·
807 872 836 930 ὁ
886 868 942 932 δὲ
995 871 1069 940 εἷς
1116 867 1379 950 ἐγκώμιον
1430 869 1616 954 ἔτρεψε
1682 869 1773 931 τὸν
1827 869 2008 954 λόγον.

416 959 530 1024 Καὶ
562 961 720 1021 ἄκουε
734 984 748 1000 ·

501 1072 533 1108 α
578 1052 806 1132 Χαίρων
851 1050 943 1111 καὶ
990 1050 1202 1131 βλέπων
1249 1052 1399 1128 ὖμῶν
1448 1051 1545 1124 τὴν
1599 1051 1770 1128 τάξιν,
1818 1052 1910 1111 καὶ
1949 1052 2011 1112 τὸ

414 1141 696 1223 στερέωμα
734 1147 824 1215 τῆς
870 1144 943 1210 εἷς
976 1139 1208 1223 Χριστὸν
1248 1142 1479 1209 πίστεως
1524 1145 1693 1222 ὑμῶν.
1757 1169 1781 1197 ››
1833 1145 2010 1204 Τουτ-

414 1231 563 1304 έστι,
608 1231 706 1307 τὴν
760 1231 1028 1301 εὐταξίαν.
1065 1233 1148 1291 Οὐ
1200 1231 1357 1310 μόνον
1411 1233 1513 1313 γὰρ
1565 1234 1624 1293 οὗ
1659 1232 2009 1308 πεπτώκατε,

414 1322 531 1381 ἀλλ’
562 1321 681 1384 οὐδὲ
710 1322 807 1395 τὴν
840 1322 984 1393 τάξιν
1028 1325 1174 1398 ὖμῶν
1206 1320 1424 1403 συνέχεί
1451 1346 1557 1397 τις,
1611 1322 1703 1383 καὶ
1748 1323 1842 1397 τὴν
1885 1347 2009 1384 στε-

416 1412 538 1493 ρεὰν
586 1412 768 1472 πίστιν
812 1415 985 1489 ὑμῶν.
1028 1411 1124 1481 Ὡς
1170 1411 1271 1492 γὰρ
1320 1411 1410 1473 ἐπὶ
1447 1412 1795 1493 παρατάξεως
1844 1420 1878 1489 ἡ
1925 1417 2010 1475 εὖ·

413 1502 568 1571 ταξία
614 1502 712 1576 τὴν
760 1503 1012 1584 φάλαγγα
1066 1502 1286 1582 στερεὰν
1327 1504 1677 1578 καθίστησιν·
1726 1502 1866 1564 οὕτω
1917 1504 2009 1565 καὶ

413 1591 504 1652 ἐπὶ
547 1597 641 1665 τῆς
698 1591 1060 1665 Ἐκκλησίας,
1101 1592 1227 1653 ὅταν
1281 1593 1493 1663 εὐταξία
1543 1584 1612 1674 ,
1661 1597 1756 1665 τῆς
1799 1595 2010 1674 ἀγάπης

415 1681 592 1742 πάντα
623 1682 991 1758 καθιστώσης,
1033 1682 1126 1743 καὶ
1166 1681 1240 1762 μὴ
1288 1682 1452 1742 ὄντων
1500 1682 1848 1764 σχισμάτων,
1890 1684 2009 1745 τότε

487 1771 501 1796 \
540 1772 602 1832 τὸ
786 1770 804 1795 Ι
1015 1771 1028 1797 Ι
1237 1772 1252 1795 θ
1326 1776 1346 1794 λ
1369 1775 1383 1797 ἱ
1514 1774 1527 1795 \

414 1796 507 1832 και
650 1796 928 1853 στερεωμα
975 1796 1198 1854 γινεται.
1246 1776 1397 1834 ΛλΛα
1441 1797 1533 1834 και
1581 1778 1614 1845 ἡ
1671 1775 1847 1843 πίστις
1890 1799 2011 1835 στε-

2120 688 2391 745 vobiscum
2431 703 2569 745 sum.
2617 689 2968 762 Consequens
3007 696 3124 746 erat
3169 687 3368 757 dicere,
3414 688 3526 746 Etsi
3570 689 3723 745 enim

2120 795 2283 837 carne
2328 779 2544 847 absum,
2587 779 2778 854 spiritu
2828 788 3015 838 tamen
3060 780 3220 838 video
3259 781 3592 853 impostores
3624 801 3636 837 :
3674 781 3721 838 is

2119 886 2247 928 vero
2276 871 2330 929 in
2355 872 2672 930 encomium
2697 873 2855 931 vertit
2877 888 3209 931 sermonem.
3234 872 3379 931 Audi
3402 888 3531 948 ergo
3560 893 3574 930 :

2195 1062 2448 1122 Gaudeas
2473 1064 2524 1116 et
2550 1061 2740 1117 videns
2769 1061 3006 1117 ordinem
3043 1067 3306 1133 vestrum,
3334 1067 3387 1119 et
3417 1067 3721 1135 ﬁrmamen-

2120 1159 2238 1211 tum
2269 1154 2406 1225 ejus,
2436 1169 2557 1225 qua:
2585 1155 2644 1208 in
2666 1153 2874 1211 Christo
2916 1157 3014 1217 est,
3048 1154 3178 1225 ﬁdei
3200 1159 3409 1211 vestrm.
3448 1157 3571 1213 Hoc
3612 1164 3718 1224 est,

2117 1245 2321 1302 bonam
2349 1244 2759 1302 ordinationem
2789 1251 3044 1300 vestram.
3068 1247 3191 1300 Non
3221 1246 3406 1301 solum
3434 1247 3579 1303 enim
3603 1262 3718 1303 non

2120 1334 2409 1406 cecidistis,
2462 1333 2560 1391 sed
2623 1349 2693 1390 ne
2743 1331 3148 1390 ordinationem
3197 1333 3424 1406 quidem
3478 1344 3717 1392 vestram

2119 1426 2391 1499 quispiam
2441 1424 2713 1493 confudit,
2742 1423 3088 1497 solidamque
3117 1423 3285 1481 ﬁdem
3336 1434 3591 1483 vestram.
3641 1430 3725 1485 Ut

2119 1516 2271 1572 enim
2323 1516 2377 1572 in
2424 1515 2538 1572 acie
2585 1514 2808 1572 militari
2856 1515 3000 1572 bona
3028 1515 3238 1572 ordinis
3267 1515 3549 1573 collocatio
3581 1516 3716 1589 pha-

2120 1603 2335 1678 langem
2369 1605 2595 1661 firmam
2633 1604 2844 1662 efﬁcit:
2890 1605 2967 1662 sic
3013 1614 3071 1662 et
3111 1605 3167 1662 in
3214 1606 3450 1666 Ecclesia
3499 1608 3721 1680 quando

2118 1693 2298 1751 bonus
2341 1693 2476 1751 ordo
2531 1693 2719 1763 fuerit,
2782 1694 3041 1752 charitate
3089 1697 3273 1752 omnia
3331 1696 3722 1765 constituente,

2119 1782 2164 1840 si
2206 1792 2370 1840 sectas
2399 1783 2594 1849 absint,
2648 1791 2781 1840 tunc
2824 1782 2888 1839 ﬁt
2910 1782 3153 1840 soliditas
3182 1800 3247 1840 ac
3276 1783 3714 1845 ﬁrmamentum.

416 1863 602 1944 ρίωμά
650 1867 791 1925 ἐστιν
822 1864 957 1939 αὐτὴ
1012 1868 1131 1924 καθ’
1163 1864 1355 1941 αῧτὴν,
1411 1864 1487 1942 μὴ
1535 1868 1676 1926 ἐῶσα
1725 1865 2011 1948 λογισμοὺς

2122 1873 2430 1947 Quinetiam
2484 1872 2621 1931 ﬁdes
2670 1871 2783 1946 ipsa
2835 1889 2930 1946 per
2982 1888 3101 1930 sese
3148 1873 3564 1933 ﬁrmamentum
3617 1887 3722 1947 est,

414 1957 738 2017 ύπεισελθεῖν
770 2002 786 2031 ,
880 1954 934 2015 οἳ
1020 1954 1278 2036 διάκρισιν
1362 1959 1734 2035 ἐμποιοῦντες,
1817 1957 2012 2018 σαλεύ-

413 2065 585 2106 ουσιν.

503 2157 533 2195 ‹‹
565 2133 666 2203 Ὡς
709 2126 799 2196 οὖν
848 2133 1184 2215 παρελάϐετε
1231 2133 1321 2194 τὸν
1375 2135 1604 2217 Χριστὸν
1656 2135 1866 2209 Ἰησοῦν
1921 2136 2011 2197 τὸν

415 2226 636 2308 Κύριον.
682 2254 707 2279 ι»
740 2224 911 2288 Οὐδὲν
943 2223 1083 2293 ξένον
1111 2225 1499 2305 ἐπεισάγομεν,
1532 2225 1656 2286 ἀλλ’
1693 2226 1722 2287 ὃ
1767 2227 2011 2310 παρελά-

410 2316 554 2393 ϐετε,
590 2319 758 2377 ἐκεῖνο
809 2317 900 2376 καὶ
933 2317 1267 2392 ἀπαιτοῦμεν
1313 2317 1510 2392 πάλιν,
1543 2317 1634 2378 τὸν
1677 2317 1874 2399 Κύριον
1903 2318 2015 2392 Ἰη-

408 2412 533 2468 σοῦν
568 2408 829 2489 Χριστὸν,
860 2408 917 2466 οὗ
949 2404 1068 2473 τοὺς
1103 2404 1378 2486 ἀγγέλους.

495 2521 524 2558 α
559 2496 658 2560 Ἑν
688 2500 836 2581 αὐτῷ
859 2504 1221 2574 περιπατεῖτε.
1255 2518 1284 2554 ι)
1325 2495 1499 2564 Αὐτὸς
1536 2496 1638 2577 γάρ
1666 2498 1808 2557 ἐστιν
1830 2505 1863 2573 ἡ
1896 2497 2013 2567 ὁδὸς

409 2593 444 2664 ἡ
473 2588 813 2672 προσάγουσα
837 2586 887 2627 ⁴⁴
921 2589 992 2657 εἷς
1038 2587 1129 2646 τὸν
1180 2585 1425 2664 Πατέρα.
1474 2587 1571 2662 Μὴ
1610 2590 1665 2647 ἐν
1706 2591 1811 2656 τοῖς
1851 2589 2011 2669 ἀγγέ-

408 2682 519 2747 λοις
583 2678 960 2760 περιπατεῖτν
1028 2674 1202 2753 ἐκείνη
1273 2674 1378 2759 γὰρ
1435 2681 1470 2751 ἡ
1547 2677 1664 2747 ὁδὸς
1734 2680 1792 2737 οὗ
1864 2678 2012 2761 φέρει

407 2771 536 2831 ἐκεῖ.

490 2886 515 2912 α
546 2856 952 2943 ’ἓῖρῤιζωμίνοα
982 2884 1008 2911 ι
1031 2855 1342 2932 Τουτέστιν,
1371 2856 1755 2936 ἀμεταστάτως
1783 2855 2010 2939 ἔχοντες,

406 2949 501 3010 καὶ
544 2948 620 3028 μὴ
666 2949 795 3010 ποτὲ
850 2947 945 3027 μὲν
980 2949 1034 3008 ἔν
1079 2950 1317 3028 Χριστῷ,
1348 2945 1475 3006 ποτὲ
1522 2947 1578 3007 δὲ
1630 2951 1683 3008 ἐν
1740 2948 2005 3031 ἀγγέλοις.

406 3040 489 3103 Τὸ
516 3037 620 3123 γὰρ
650 3038 995 3123 ἐῤῥιζωμίνον
1027 3040 1120 3099 οὐκ
1154 3036 1218 3098 ἄν
1253 3059 1381 3099 ποτε
1412 3036 1733 3116 μετασταίη.

2122 1978 2244 2037 qua
2280 1979 2395 2020 non
2440 1963 2574 2020 sinit
2603 1963 2958 2037 cogitationes
2996 1964 3254 2036 irrepere,
3285 1980 3410 2040 quae
3439 1967 3721 2041 ambigui-

2122 2061 2292 2110 tatem
2316 2052 2661 2128 suggerendo
2690 2053 3026 2111 concutiunt.

2192 2145 2367 2201 Vnus.
2449 2151 2498 2201 6.
2535 2146 2687 2202 Sicut
2725 2161 2850 2216 ergo
2880 2145 3160 2217 accepistis
3201 2146 3479 2203 Christum
3537 2149 3718 2205 Iesum

2125 2236 2438 2289 Dominum.
2471 2233 2621 2291 Nihil
2664 2234 2791 2290 novi
2838 2234 3262 2304 introducimus,
3305 2234 3403 2292 sed
3443 2236 3595 2310 quod
3623 2253 3718 2295 ac-

2119 2323 2365 2396 cepistis,
2394 2323 2532 2381 illud
2559 2324 2723 2380 etiam
2749 2323 3021 2398 exigimus
3040 2340 3253 2396 rursus,
3282 2326 3595 2384 Dominum
3623 2329 3719 2386 Je-

2119 2429 2244 2471 sum
2266 2414 2576 2483 Christum,
2606 2430 2722 2471 non
2750 2416 2995 2488 angelos.

2190 2507 2257 2560 In
2299 2507 2422 2576 ipso
2464 2505 2757 2561 ambulate.
2808 2507 2930 2578 Ipse
2975 2504 3122 2561 enim
3172 2512 3254 2561 est
3291 2505 3374 2562 via
3410 2505 3722 2579 perducens

2118 2610 2222 2651 nos
2250 2594 2320 2653 ad
2369 2597 2610 2651 Patrem.
2638 2597 2767 2671 Non
2805 2595 2863 2652 in
2882 2595 3086 2669 angelis
3101 2595 3382 2654 ambulate
3413 2615 3427 2657 :
3454 2596 3547 2654 illa
3568 2596 3719 2657 enim

2119 2686 2205 2742 via
2229 2701 2295 2743 eo
2323 2701 2438 2742 non
2466 2684 2731 2758 perducit.

2190 2868 2369 2923 Vsus.
2419 2870 2473 2921 7.
2528 2866 2798 2923 Radicati.
2857 2866 2979 2922 Hoc
3043 2872 3150 2936 est,
3205 2864 3722 2939 impermutabiliter

2117 2965 2433 3027 manentes,
2480 2964 2536 3013 et
2581 2972 2694 3013 non
2733 2955 2870 3014 alias
2912 2955 3138 3029 quidem
3183 2956 3244 3012 in
3298 2956 3541 3028 Christo,
3585 2959 3722 3016 alias

2117 3063 2248 3104 vero
2277 3048 2338 3103 in
2365 3046 2589 3120 angelis.
2617 3045 2781 3118 Quod
2823 3046 2973 3104 enim
3002 3045 3217 3103 radices
3250 3047 3380 3120 egit,
3429 3047 3720 3106 transferri

2121 3153 2412 3210 nunquam
2450 3136 2666 3210 poterit.

488 3255 513 3282 ι
538 3228 647 3290 Καὶ
670 3227 1169 3307 ἐποικοδομούμενοι
1190 3230 1242 3288 ἐν
1270 3229 1436 3309 αὐτῷ.
1469 3253 1494 3280 ιο
1519 3228 1797 3290 Δείκνυσιν
1819 3229 2007 3299 αὐτοὺς

2189 3233 2266 3285 Et
2296 3228 2720 3300 supercediﬁcati
2751 3229 2811 3282 in
2837 3227 2974 3298 ipso.
3019 3225 3272 3284 Ostendit
3299 3243 3393 3285 eos
3433 3227 3719 3300 cecidisse,

406 3318 830 3394 καταπεσόντας,
845 3316 985 3379 ὥστε
1015 3319 1215 3378 δεῖσθαι
1248 3319 1733 3397 ἐποικοδομὴσεως,
1760 3320 2001 3380 τουτέστι

407 3410 657 3489 δευτέρας
686 3410 988 3488 οἰκοδομῆς,
1020 3409 1091 3477 ὣς
1111 3407 1199 3467 ἰπὶ
1229 3406 1457 3490 θεμελίῳ
1487 3412 1564 3489 τῷ
1594 3410 1837 3489 Χριστῷ.

489 3527 512 3552 ιι
546 3498 657 3561 Καὶ
691 3498 1061 3580 βεϐαιούμενοι
1089 3501 1155 3579 τῇ
1177 3497 1377 3559 πίστει.
1411 3525 1435 3551 ››
1460 3493 1742 3571 Τουτέστι,
1777 3497 2005 3579 βεϐαίως

406 3589 721 3672 κατέχοντες
782 3589 872 3650 τὸν
927 3586 1162 3670 Χριστὸν
1219 3588 1306 3646 διὰ
1351 3591 1448 3659 τῆς
1495 3588 1753 3662 πίστεως,
1806 3590 1866 3647 οὐ
1918 3588 2004 3648 διὰ

404 3682 675 3760 λογισμῶν
728 3678 819 3740 καὶ
893 3681 1302 3758 πιθανολογιῶν.
1386 3680 1461 3739 ἹΙ
1532 3675 1635 3759 γὰρ
1720 3676 2001 3756 οἰκοδομὴ,

360 3794 365 3798 ·
404 3769 506 3832 κᾶν
536 3770 623 3832 ἐπὶ
665 3767 890 3851 θεμελίῳ
939 3761 995 3850 ᾗ,
1044 3767 1118 3849 μὴ
1167 3766 1365 3850 βεϐαία
1393 3766 1449 3828 δὲ
1498 3766 1721 3849 ἑστήκῃ,
1763 3767 2003 3852 σφαλερά

410 3864 541 3923 Ξστι.

496 3972 528 4010 (ι
558 3948 750 4020 Καθὼς
799 3950 1145 4031 ἐδιδάχθητε,
1194 3947 1594 4027 περισσεύοντες
1645 3951 1698 4008 ἐν
1753 3949 1888 4028 αὐτῇ
1951 3950 2004 4008 ἐν

406 4039 737 4124 εὐχαριστίᾳ.
768 4064 798 4100 ι
832 4041 1009 4104 Πάλιν
1032 4039 1111 4113 τὸ,
1153 4060 1182 4099 (ι
1208 4037 1402 4106 Καθὼς
1421 4060 1480 4112 n,
1500 4035 1836 4124 riOnchl'va
1861 4040 1906 4097 si
1926 4038 2004 4117 μή

404 4117 642 4208 tudine,
678 4117 832 4192 αὐτοὶ
863 4129 1084 4198 ἑαυτοὺς
1110 4131 1412 4190 αἷδεσθῶσι.
1442 4126 1524 4190 Τὸ
1560 4125 1654 4205 μὲν
1679 4117 1802 4202 οῦν,
1832 4155 1857 4181 α
1888 4130 2013 4189 Κα-’

405 4222 508 4291 θὼς
530 4221 874 4307 ἐδιδάχθητε,
901 4242 933 4280 ι)
978 4211 1085 4281 οἶόν
1116 4243 1195 4288 τις
1225 4220 1492 4296 θεμέλιος·
1525 4218 1585 4279 τὸ
1623 4217 1677 4278 δὲ
1722 4218 2004 4299 περισσεύ-

405 4336 499 4385 ειν,
572 4312 732 4374 τοῦτό
783 4317 924 4373 ἐστιν
984 4316 1019 4384 ἡ
1084 4308 1508 4389 ἓποικοδόμησις.
1566 4307 2003 4390 Παρεξέρχεσθαι

405 4401 503 4481 μὲν
548 4401 651 4485 γὰρ
702 4403 761 4463 οὗ
810 4403 890 4461 δεῖ
936 4399 1004 4461 τὰ
1062 4399 1548 4482 προῦποτεθειμένα
1594 4398 1896 4479 διδάγματα
1922 4398 1999 4478 ⁴⁵,

2114 3318 2252 3377 adeo
2297 3328 2359 3376 ut
2395 3333 2535 3390 Opus
2578 3317 2843 3375 haberent
2885 3317 3437 3389 superaadiﬁcatione,
3485 3317 3591 3376 hoc
3638 3329 3721 3377 est

2112 3408 2355 3466 secunda
2398 3415 2673 3465 structura
2721 3422 2885 3481 super
2940 3406 3367 3465 fundamentum
3411 3407 3715 3466 Christum.

2181 3502 2253 3556 Et
2283 3501 2588 3569 conﬁrmati
2611 3500 2672 3553 in
2707 3498 2831 3568 ﬁde.
2874 3498 2996 3554 Hoc
3025 3505 3128 3565 est,
3169 3506 3490 3555 constanter
3524 3500 3717 3556 conti-

2110 3596 2304 3645 nentes
2333 3586 2615 3644 Christum
2645 3601 2742 3659 per
2770 3585 2956 3655 ﬁdem,
2978 3603 3092 3642 non
3146 3603 3240 3660 per
3266 3588 3718 3647 ratiocinationes

2112 3686 2168 3736 et
2197 3676 2579 3751 persuasibiles
2622 3691 2923 3732 sermones.
2967 3678 3111 3733 Nam
3148 3676 3468 3746 aediﬁcium,
3495 3679 3715 3739 etiamsi

2108 3767 2467 3826 fundamento
2496 3765 2922 3838 supraepositum
2952 3766 3043 3832 sit,
3084 3767 3130 3823 si
3173 3782 3286 3823 non
3316 3766 3553 3826 ﬁrmiter
3576 3785 3717 3827 con-

2112 3859 2290 3926 sistat,
2322 3856 2593 3915 lubricum
2621 3864 2706 3912 est
2733 3863 2787 3912 et
2808 3854 2992 3913 fallax.

2184 3948 2356 4023 480
2375 3949 2525 4006 Sicut
2544 3951 2595 4004 et
2611 3946 2903 4011 didicistis,
2928 3946 3269 4003 abundantes
3284 3950 3343 4004 in
3360 3950 3483 4021 ipsa
3507 3953 3566 4006 in
3584 3968 3714 4021 gra-

2113 4044 2320 4096 tia-rum
2338 4042 2564 4095 actione.
2589 4040 2806 4094 Rursus
2823 4038 2977 4095 Sicut
3004 4036 3183 4109 ponit,
3203 4042 3286 4106 ut,
3311 4038 3357 4094 si
3384 4037 3516 4096 nihil
3539 4040 3705 4109 aliud,

2113 4130 2217 4203 ipsi
2260 4129 2470 4202 seipsos
2519 4137 2826 4185 vereantur.
2876 4126 3034 4198 Quod
3064 4126 3228 4199 igitur
3255 4128 3346 4195 ait,
3379 4130 3532 4187 Sicut
3567 4131 3714 4186 didi-

2112 4223 2285 4286 cistis,
2317 4218 2485 4277 veluti
2514 4217 2796 4293 quoddam
2824 4215 3247 4274 fundamentum
3268 4227 3353 4275 est
3380 4237 3394 4276 :
3418 4218 3715 4278 Abundare

2113 4326 2242 4367 vero
2273 4309 2381 4369 hoc
2415 4317 2519 4378 est,
2561 4325 2761 4382 nempe
2809 4306 3285 4381 supermdiﬁcatio.
3328 4309 3715 4368 Institutiones

2113 4400 2260 4458 enim
2313 4398 2945 4473 prmjactas‘transgredi
2981 4413 3094 4456 non
3141 4407 3376 4472 oportet,
3426 4416 3621 4457 verum
3656 4401 3714 4458 in

330 4480 333 4481 ν
402 4480 722 4573 προκύπτειν
784 4490 961 4565 μέντοι
1031 4480 1119 4550 Ivi
1153 4491 1364 4563 αὐτοῖς,
1421 4487 1514 4549 καὶ
1571 4490 1996 4570 φιλοτιμεῖσθαι,

2115 4490 2243 4565 ipsis
2271 4491 2456 4563 potius
2486 4489 2738 4564 progredi
2767 4498 2930 4562 atque
2960 4488 3310 4559 contendere,
3343 4498 3404 4547 ut
3441 4491 3711 4550 eximium

402 4584 494 4643 καὶ
544 4580 795 4665 περισσόν
852 4605 906 4642 τι
980 4579 1339 4643 ἐνδείκνυσθαι
1404 4581 1460 4638 ἐν
1514 4582 1581 4660 τῇ
1644 4578 1850 4656 πίστει,
1914 4581 2000 4640 εὖ-

401 4677 786 4754 χαριστοῦντας
831 4674 906 4753 τῷ
953 4674 1102 4752 Θεῷ,
1162 4668 1242 4730 δτι
1292 4667 1513 4742 ἠξίωσεν
1563 4671 1709 4746 ἡμᾶς
1751 4667 2001 4742 τοιαύτης

402 4764 648 4846 χάριτος,
719 4759 817 4824 καὶ
891 4761 969 4843 μὴ
1040 4763 1244 4830 ἑαυτοῖς
1299 4757 1397 4833 τὴν
1453 4756 1729 4842 προκοπὴν
1781 4760 2003 4841 ἐπιγρά-

404 4876 619 4936 φοντας.

489 4966 521 4999 α
569 4942 805 5005 Βλέπετε
853 4940 929 5021 μή
982 4965 1060 5009 τις
1115 4943 1252 5019 ὑμᾶς
1307 4938 1457 5000 ἔσται
1511 4941 1540 4998 ὃ
1588 4940 1928 5019 συλαγαγῶν.
1962 4960 1991 4997 ι)

406 5033 655 5107 κλέπτης
684 5032 817 5107 ἐστὶ,
847 5031 1018 5112 λάθρα
1062 5031 1466 5112 ὑπεισέρχεται,
1517 5029 1774 5110 διορύττει
1827 5029 2000 5088 κάτω-

404 5131 490 5185 θεν
539 5123 658 5191 τοὺς
697 5121 904 5204 τοίχους
941 5121 1335 5204 λανθανόντως,
1369 5116 1456 5179 ἵνα
1505 5117 1866 5200 συλαγωγήσῃ
1909 5120 1998 5181 τὸν

402 5219 524 5274 νοῦν
554 5216 723 5292 ὑμῶν.
759 5234 790 5272 α
820 5210 1057 5275 Βλέπετε
1085 5232 1116 5270 n
1151 5200 1260 5273 οῦν.

493 5326 524 5363 (ι
559 5303 664 5365 Διὰ
702 5307 797 5377 τῆς
845 5300 1284 5386 φιλοσοφίας-,καὶ
1328 5303 1481 5373 κενῆς
1526 5300 1749 5372 ἀπάτης.
1796 5320 1827 5358 ›)
1869 5298 2001 5360 Δεί-

401 5417 554 5456 κνυσι
579 5394 669 5454 καὶ
700 5396 798 5466 τὴν
826 5383 978 5467 ὁδὸν,
1023 5383 1089 5452 δι’
1142 5383 1205 5467 ἧς
1241 5393 1455 5472 ἔρχεται
1487 5393 1515 5450 ὃ
1544 5387 1797 5464 κλέπτης,
1840 5388 1920 5450 ὅτι
1962 5393 1996 5460 ἡ

400 5483 682 5568 φιλοσοφία
718 5482 881 5547 ἐστίν.
908 5481 1069 5544 Ἐπεὶ
1101 5481 1155 5543 δὲ
1236 5481 1427 5562 σεμνὸν
1467 5481 1609 5541 δοκεῖ
1655 5478 1714 5540 τὸ
1736 5483 1828 5553 τῆς
1858 5480 2005 5561 φιλο-

2106 4581 2369 4657 quiddam
2393 4582 2455 4639 in
2474 4580 2582 4638 ﬁde
2610 4580 3078 4651 demonstremus,
3119 4580 3317 4654 gratias
3342 4589 3564 4654 agentes
3590 4585 3711 4638 Deo

2107 4672 2257 4747 quod
2273 4687 2376 4730 nos
2400 4671 2498 4729 tali
2527 4670 2703 4744 gratia
2729 4668 2987 4743 dignatus
3006 4678 3110 4740 est,
3134 4678 3193 4727 et
3219 4685 3335 4727 non
3363 4670 3523 4729 nobis
3552 4670 3710 4746 ispsis

2109 4777 2464 4838 progressum
2490 4761 2844 4820 ascribentes.

2180 4946 2355 5001 Vens.
2386 4950 2440 5001 8.
2474 4944 2661 5001 Videte
2683 4958 2747 4999 ne
2786 4943 2910 5013 quis
2945 4955 3037 4997 vos
3068 4940 3432 5012 deprredetur.
3466 4942 3582 4999 Fur
3604 4951 3708 5010 est,

2108 5034 2424 5092 clanculum
2471 5032 2638 5102 subit,
2690 5029 2929 5105 perfodit
2976 5029 3188 5088 inferne
3229 5030 3460 5103 parietes
3503 5039 3713 5090 vestros

2109 5124 2439 5193 clanculum,
2479 5130 2543 5178 ut
2584 5121 2784 5195 spoliet
2824 5137 2889 5178 ac
2938 5119 3286 5195 depraedetur
3336 5131 3584 5180 mentem
3613 5138 3710 5180 ve-

2111 5225 2320 5273 stram:
2351 5219 2531 5271 cavete
2560 5213 2744 5286 igitur.

2182 5309 2285 5362 Per
2320 5304 2723 5377 philosophiam
2746 5302 2811 5358 'et
2848 5303 3066 5358 inanem
3104 5302 3411 5371 fallaciam.
3464 5301 3715 5359 Ostendit

2109 5394 2255 5453 viam
2294 5410 2393 5468 per
2438 5410 2605 5468 quam
2651 5392 2805 5450 venit
2849 5390 2962 5462 fur,
3017 5392 3191 5465 ipsam
3222 5407 3421 5465 nempe
3467 5391 3713 5465 philoso-

2111 5484 2313 5558 phiam.
2353 5484 2496 5558 Quia
2541 5498 2670 5541 vero
2708 5498 2874 5557 grave
2910 5480 3129 5541 videtur
3157 5481 3519 5557 phi|050phia2
3546 5498 3713 5539 voca-

1807 5666 2000 5730 V'ariae
2041 5666 2348 5728 lectiones.

477 5844 519 5883 “
548 5843 810 5927 ἀπάγουσα
837 5858 893 5902 ο.
969 5841 1013 5878 ¹⁵
1036 5842 1270 5915 δόγματα
1297 5855 1349 5901 0.
