4104 6432
400 388 538 443 1239

1398 393 1910 452 THEOPHYLACTI
1950 395 2310 456 BULGARIE
2348 399 2666 457 ARCHIEP.

3571 405 3589 456 i
3605 403 3710 459 240

397 510 613 582 bulum,
658 514 873 588 adjecit,
905 521 976 574 Et
1021 521 1237 575 inanem
1284 521 1586 589 fallaciam.
1639 523 1733 578 Est
1769 520 1914 578 enim
1944 529 2000 578 et

2119 525 2304 606 σοφίας
2353 526 2552 606 ὄνομα,
2602 526 2920 608 προσέθηκε’
2963 551 2994 588 (ι
3028 525 3141 587 Καὶ
3192 531 3347 600 κενῆς
3386 527 3614 602 ἀπάτης.
3669 550 3701 586 ιο

399 603 543 659 bona
569 603 841 677 deceptio,
875 607 941 663 de
971 624 1080 680 qua
1101 610 1366 666 Jeremias
1395 610 1519 666 dicit
1551 630 1563 666 :
1596 614 1859 683 Decepisti
1891 627 1995 675 me,

398 697 640 758 Domine,
667 713 728 750 ac
757 698 1011 768 deceptus
1050 715 1170 754 sum
1194 711 1232 734 ιιι
1277 719 1290 753 :
1325 701 1474 773 quali
1505 709 1559 756 et
1595 702 1766 757 Jacob
1818 701 1996 774 impc-

397 799 527 839 nere
577 785 787 842 videtur
834 789 998 855 Esau,
1048 805 1171 862 qua:
1223 806 1399 864 neque
1451 790 1697 865 deceptio
1754 799 1840 848 est
1899 808 1997 848 vo-

399 873 598 943 cauda,
627 876 726 931 sed
751 877 1082 950 dispensatio
1106 891 1154 936 ιι.

469 967 777 1023 Secundam
829 969 1176 1025 traditionem
1239 971 1537 1026 hominum.
1594 970 1999 1028 Animadvertis

401 1055 545 1112 unde
569 1056 638 1110 sit
665 1056 958 1128 deceptio?
982 1062 1213 1130 Nempe,
1236 1059 1386 1132 quod
1415 1059 1678 1118 humanae
1708 1060 1998 1117 ratiocina-

400 1146 579 1201 tiones
612 1145 996 1203 interveniunt.
1042 1151 1332 1220 PrOptcrea
1361 1157 1415 1204 et
1452 1149 1691 1205 hazreses
1721 1149 1996 1218 dicuntur,

399 1235 523 1307 quia
544 1235 838 1292 hominum
867 1247 995 1293 sunt
1020 1238 1328 1310 opiniones.
1359 1238 1794 1296 Christianorum
1816 1249 1999 1297 autem

402 1325 536 1381 ﬁdes
563 1341 674 1382 non
716 1335 799 1382 est
844 1327 1154 1384 humanum
1189 1327 1388 1401 dogma
1433 1348 1446 1385 :
1493 1337 1779 1402 propterea
1824 1346 2001 1403 neque

400 1415 510 1472 tale
539 1432 743 1472 nomen
764 1425 1097 1490 assequetur.

471 1508 772 1563 Secundum
808 1509 1063 1563 elementa
1094 1509 1308 1564 mundi.
1350 1508 1770 1582 Reprehendere
1811 1509 2003 1581 incipit

402 1595 659 1669 deinceps
705 1597 920 1654 dierum
962 1598 1426 1665 observationem,
1471 1599 1742 1655 elementa
1780 1599 1995 1665 mundi,

399 1686 576 1742 solem
613 1687 910 1761 lunamque
937 1687 1146 1755 dicens,
1186 1705 1284 1762 per
1305 1705 1428 1760 quae
1466 1688 1716 1746 videntur
1744 1687 1864 1745 dies
1897 1689 2001 1745 hoc

404 1776 485 1832 vel
526 1777 616 1832 illo
646 1777 815 1833 modo
861 1793 919 1833 se
950 1777 1167 1834 habere.
1215 1781 1326 1835 Nec
1347 1779 1509 1845 dixit,
1541 1779 1774 1835 Dierum
1805 1779 2001 1834 obser-

2109 613 2268 674 ἿΞστι
2310 615 2412 696 γὰρ
2439 616 2529 676 καὶ
2559 615 2700 689 καλὴ
2733 617 2946 691 ἀπάτη,
2980 617 3100 697 περὶ
3134 608 3194 690 ἧς
3230 618 3278 655 ¹⁶
3309 616 3570 699 Ἱερεμίας
3603 643 3710 695 φη-

2108 704 2216 765 σίν·
2267 734 2290 760 ι
2335 704 2655 779 Ἠττάτησάς
2689 733 2778 785 με,
2829 709 3016 789 Κύριε,
3049 709 3138 768 καὶ
3167 708 3477 781 ἠπατήθην.
3515 738 3538 760 ι·
3569 707 3710 770 Οῗαν

2107 795 2198 856 καὶ
2232 801 2259 856 ὁ
2299 797 2499 858 Ἰακὼϐ
2531 802 2808 870 ἀπατῆσαι
2854 800 2996 859 δοκεῖ
3038 796 3125 857 τὸν
3155 796 3330 859 Ἡσαῦ
3363 797 3444 838 ⁴τ⁶
3477 798 3543 872 ἢν
3586 797 3709 858 οὐδὲ

2109 885 2323 959 ἀπάτην
2353 887 2605 967 κλητέον,
2639 889 2757 948 ἀλλ’
2788 886 3114 966 οἰκονομίαν.

2193 999 2222 1032 a
2261 975 2416 1038 Κατὰ
2463 975 2557 1049 τὴν
2599 977 2893 1056 παράδοσιν
2944 981 3048 1036 τῶν
3095 977 3414 1056 ἀνθρώπων.
3469 1000 3498 1035 ››
3535 978 3709 1060 Ὁρᾷς

2109 1066 2270 1126 πόθεν
2301 1071 2336 1138 ἡ
2369 1068 2581 1140 ἀπάτη;
2612 1066 2743 1127 Ὅτι
2789 1067 3108 1148 ἀνθρώπινοι
3157 1068 3402 1145 λογισμοὶ
3454 1069 3710 1143 μεσιτεύ-

2107 1179 2244 1217 ουσι.
2282 1155 2385 1217 Διὰ
2432 1162 2586 1216 τοῗτο
2633 1157 2724 1216 καὶ
2770 1160 2993 1236 αἱρέσεις
3039 1156 3284 1234 λέγονται
3322 1203 3340 1230 ,
3380 1157 3461 1218 ὅτι
3502 1157 3712 1238 ἀνθρώο

2109 1270 2222 1303 πων
2257 1245 2357 1306 εἰσὶ
2390 1245 2534 1316 δόξαι
2571 1245 2642 1306 ⁴⁸.
2678 1245 2746 1308 Ἣ
2781 1247 2835 1306 δὲ
2865 1251 2969 1306 τῶν
3003 1248 3344 1326 Χριστιανῶν
3378 1247 3582 1320 πίστις,
3612 1250 3712 1308 οὐκ

2110 1336 2438 1416 ἀνθρώπινον
2493 1335 2690 1413 δόγμα.
2733 1336 2830 1397 Διὸ
2849 1334 2980 1396 ὀὐδὲ
3032 1334 3268 1398 τοιούτου
3297 1337 3552 1416 ὀνόματος
3580 1338 3708 1398 τεύο

2112 1425 2254 1495 ξεται
2268 1471 2280 1487 .

2205 1536 2233 1571 (ι
2266 1514 2421 1576 Κατὰ
2453 1515 2520 1576 τὰ
2566 1527 2807 1598 στοιχεῖα
2837 1522 2928 1577 τοῦ
2977 1517 3202 1596 κόσμου.
3236 1539 3264 1576 n
3306 1517 3581 1598 Ἐλέγχειν
3615 1517 3713 1598 ἀρ-

2108 1628 2262 1685 χετσι
2312 1606 2495 1666 λοιπὸν
2547 1607 2642 1678 τὴν
2691 1611 2796 1665 τῶν
2851 1613 3065 1688 ἡμερῶν
3113 1608 3516 1689 παρατήρησιν,
3565 1631 3713 1668 στοι-

2108 1704 2231 1775 χεῖα
2263 1695 2500 1773 κόσμου,
2547 1695 2726 1771 ἥλιον,
2769 1699 2860 1756 καὶ
2892 1698 3119 1770 σελήνην
3153 1697 3355 1776 λέγων,
3403 1699 3466 1757 δι’
3497 1688 3570 1757 ὧν
3616 1699 3712 1758 δο-

2111 1791 2292 1845 κοῢσιν
2349 1789 2404 1844 αἱ
2465 1787 2664 1866 ἡμέραι
2723 1789 2941 1847 τοιῶσδε
3015 1786 3051 1860 ἢ
3101 1789 3320 1847 τοιῶσδε
3382 1790 3706 1848 διακεῖσθαι.

401 1866 665 1932 vationes,
711 1867 809 1925 sed
861 1867 1054 1924 mundi
1103 1869 1274 1925 totius
1319 1869 1591 1935 meminit,
1641 1877 1703 1924 ut
1741 1867 2001 1924 vilitatem

404 1957 516 1980 ηε..-
543 1957 754 1980 ..Ι--....Ι..
796 1957 1129 1980 Δ-..,----ι..-ι.
1193 1958 1246 1980 οἳ
1284 1959 1422 1980 --.2..-
1467 1957 1702 1980 _--_.._‘I--_
1728 1966 1877 1980 Α-ι.---
1916 1959 1969 1980 ..2

2118 1876 2224 1935 Καὶ
2259 1881 2354 1935 οὐκ
2377 1867 2549 1952 εἶπεν,
2584 1875 2836 1959 Ἡμερῶν
2866 1878 3294 1958 παρατηρήσεις,
3335 1877 3472 1958 me;
3497 1883 3586 1937 τοῦ
3615 1879 3712 1938 κό-

401 1957 518 2027 ejus
540 1957 757 2013 abunde
789 1957 1150 2014 demonstret.
1192 1958 1247 2014 Si
1278 1959 1428 2014 enim
1467 1957 1704 2016 mundus
1728 1966 1879 2015 totus
1915 1959 2000 2014 ni-

403 2045 476 2103 hil
503 2054 607 2114 est,
636 2047 813 2103 multo
835 2048 1014 2120 magis
1032 2049 1320 2105 elementa.

473 2231 542 2285 Et
584 2243 690 2282 non
727 2228 1022 2282 secundum
1053 2229 1342 2284 Christum.
1373 2227 1532 2296 Quod
1557 2228 1603 2284 si
1644 2228 1723 2283 vel
1763 2227 2003 2284 maxime

404 2318 612 2383 liceret,
636 2315 833 2388 inquit,
867 2316 1063 2388 partim
1093 2316 1338 2386 Christo,
1371 2318 1570 2390 partim
1600 2333 1726 2373 vero
1756 2317 2000 2374 elemen-

403 2407 474 2463 tis
528 2407 752 2474 servire,
811 2421 880 2462 ne
936 2406 1014 2462 sic
1052 2405 1277 2480 quidem
1332 2423 1454 2463 mos
1503 2407 1605 2464 illis
1649 2415 1767 2464 erat
1807 2423 2001 2480 geren-

403 2495 510 2552 dus
549 2517 561 2552 :
595 2513 743 2552 nunc
796 2511 924 2552 vero
976 2512 1200 2569 prorsus
1249 2511 1344 2554 vos
1384 2498 1603 2554 Christo
1643 2496 1999 2554 transferunt.

402 2586 830 2642 Observationes
854 2594 1037 2642 autem
1068 2585 1388 2659 hujusmodi
1416 2603 1528 2643 non
1557 2595 1772 2644 tantum
1794 2588 2005 2646 Graacaz

402 2676 646 2744 fuerunt,
688 2692 880 2732 verum
911 2677 1075 2733 etiam
1111 2675 1358 2732 Iudaicae
1399 2699 1413 2737 :
1444 2677 1550 2735 illa:
1579 2677 1804 2751 quidem
1833 2694 1865 2734 a
1897 2677 2008 2750 phi-

404 2766 674 2839 losophia,
704 2767 826 2822 istae
854 2782 982 2824 vero
1009 2766 1255 2824 Judaicae
1283 2783 1311 2821 a
1342 2767 1476 2839 lege.

474 2857 649 2912 Vsus.
671 2863 722 2912 9.
757 2859 898 2925 Quia
920 2859 978 2911 in
996 2860 1112 2928 ipso
1134 2857 1409 2912 inhabitat
1429 2859 1602 2912 omnis
1621 2858 1905 2928 plenitudo
1921 2859 2008 2912 di-

401 2949 653 3002 vinitatis
675 2947 1042 3018 corporaliter.
1068 2947 1189 3001 Hoc
1212 2954 1316 3015 est,
1342 2945 1385 3002 si
1412 2946 1544 3019 quid
1573 2953 1654 3002 est
1683 2948 1835 3002 Deus
1863 2950 2005 3003 Ver-

403 3037 561 3104 bum,
592 3037 647 3091 in
676 3037 794 3108 ipso
829 3035 1059 3092 habitat.
1113 3037 1192 3090 Ne
1238 3043 1448 3103 autem,
1493 3051 1622 3090 cum
1674 3035 1849 3103 audis,
1900 3039 2009 3094 Ha-

2111 1989 2249 2041 σμου
2277 1966 2470 2034 παντὸς
2515 1965 2820 2045 μέμνηται,
2849 1967 2936 2025 ἵνα
2965 1966 3025 2027 τὸ
3068 1967 3275 2034 εὐτελὲς
3313 1969 3371 2026 ἐκ
3406 1967 3713 2048 περιουσίας

2111 2055 2273 2136 δείξῃ.
2333 2059 2401 2117 Εἰ
2448 2055 2551 2136 γὰρ
2582 2062 2608 2116 ὁ
2646 2056 2844 2136 κόσμος
2881 2059 2997 2126 ὅλος
3030 2055 3211 2131 οὐδὲν,
3263 2059 3448 2139 πολλῷ
3505 2059 3711 2136 μᾶλλον

2111 2145 2255 2204 οὐδὲν
2286 2145 2353 2204 τὰ
2386 2154 2643 2227 στοιχεῖα.

2197 2260 2227 2290 α
2261 2235 2370 2296 Καὶ
2390 2237 2450 2295 οὖ
2479 2236 2619 2318 κατὰ
2652 2237 2906 2318 Χριστόν.
2930 2261 2957 2298 ι)
2999 2239 3254 2300 Μάλιστα
3282 2236 3408 2316 μὲν,
3438 2237 3593 2318 φησὶ,
3619 2238 3714 2297 καὶ

2113 2326 2157 2385 εἷ
2203 2324 2254 2394 ἐξ
2289 2325 2537 2402 ἡμισείας
2581 2317 2644 2398 ἧν
2703 2317 2793 2386 καὶ
2829 2329 3051 2410 Χριστῷ
3101 2327 3366 2387 δουλεύειν
3423 2317 3514 2386 καὶ
3567 2351 3710 2387 στοι-

2112 2415 2300 2493 χείοις,
2344 2415 2462 2474 οὐδὲ
2509 2414 2675 2484 οὕτως
2725 2417 2828 2476 ἔδει
2876 2417 3090 2485 ἐκείνοις
3139 2417 3440 2477 πείθεσθαιο
3507 2422 3598 2475 νῦν
3657 2416 3713 2476 δὲ

2112 2507 2388 2572 παντελῶς
2437 2503 2710 2588 ἐξιστῶσιν
2760 2509 2900 2584 ὑμᾶς
2947 2513 3039 2566 τοῦ
3100 2509 3480 2588 ΧριστοῢηᾹὶ
3536 2529 3714 2585 παρα-

2111 2594 2361 2676 τηρήσεις
2394 2594 2447 2653 δὲ
2499 2585 2653 2654 αὗται
2697 2598 2755 2656 οὗ
2801 2597 2958 2674 μόνον
2994 2585 3317 2672 Ἑλληνικαὶ
3365 2586 3527 2670 ἦσαν,
3573 2596 3713 2655 ἀλλὰ

2113 2685 2205 2744 καὶ
2253 2684 2575 2746 Ἰουδαῖκαί·
2609 2691 2664 2746 αἱ
2695 2687 2821 2765 μὲν,
2854 2686 2960 2746 ἀπὸ
2991 2687 3328 2770 φιλοσοφίας·
3362 2689 3419 2746 αἱ
3467 2688 3522 2747 δὲ
3571 2689 3710 2748 Ἰουο

2114 2775 2297 2848 δαίων,
2326 2776 2434 2836 ἀπὸ
2459 2775 2641 2853 νόμου,

2206 2888 2236 2924 ι(
2284 2861 2416 2925 Ὅτι
2459 2866 2512 2924 ἐν
2565 2868 2707 2947 αὖτῷ
2759 2875 2995 2926 κατοικεῖ
3040 2877 3147 2926 πᾶν
3195 2867 3254 2926 τὸ
3295 2866 3569 2948 πλήρωμα
3623 2871 3716 2939 τῆς

2116 2955 2355 3027 θεότητος
2424 2961 2762 3031 σωματικῶς.
2815 2979 2844 3015 ι)
2904 2956 3232 3031 Τουτέστιν,
3287 2957 3338 3016 εἴ
3382 2959 3433 3015 τί
3489 2961 3628 3015 ἐστιν
3686 2961 3714 3015 ὃ

2117 3047 2254 3112 Θεὸς
2285 3043 2453 3122 Λόγος
2475 3089 2492 3122 ,
2537 3046 2590 3102 ἐν
2625 3049 2766 3127 αὖτῷ
2796 3049 2948 3110 οἰκεῖ.
2982 3045 3104 3108 Ἵνα
3138 3047 3192 3106 δὲ
3241 3046 3316 3126 μὴ
3352 3045 3583 3112 ἀκούσας
3612 3046 3674 3104 τὸ
3697 3092 3713 3118 ,

405 3127 615 3188 bitavit,
648 3126 928 3182 existimes
955 3123 1105 3197 quod
1131 3132 1381 3197 ageretur
1419 3131 1477 3180 et
1511 3123 1900 3196 impelleretur,
1933 3124 2001 3180 si-

2118 3164 2140 3189 ι
2184 3120 2400 3222 ’ῼκησε
2425 3120 2852 3216 ’,νομίσῃς-ὅτι
2900 3137 3192 3219 ἕνηργήθη,
3239 3120 3312 3205 ῶς
3351 3139 3397 3196 οῖ
3445 3140 3718 3216 προφῆται

403 3223 497 3269 cut
543 3213 827 3286 prophetaa
866 3213 1340 3278 (commorabatur
1375 3213 1523 3268 enim
1571 3213 1627 3268 in
1680 3211 1784 3267 illis
1834 3215 2005 3282 Deus,

403 3303 553 3375 juxta
601 3301 778 3360 illud:
829 3303 1152 3357 Inhabitabo
1194 3306 1253 3356 in
1292 3303 1448 3373 ipsis,
1493 3307 1543 3356 et
1566 3302 1912 3358 inambulabo
1938 3305 2004 3374 ο),

402 3393 604 3464 adjecit
632 3393 1016 3464 Corporaliter:
1046 3391 1153 3448 hoc
1180 3400 1283 3458 est,
1313 3407 1424 3448 non
1454 3392 1698 3465 operatio
1727 3393 2005 3466 quaedam,

403 3498 597 3538 verum
623 3482 946 3550 substantia,
981 3498 1044 3538 ac
1075 3483 1238 3538 veluti
1269 3483 1651 3556 incorporatus
1684 3491 1738 3538 et
1765 3499 1874 3539 una
1901 3483 2006 3559 hy-

404 3573 637 3645 postasis
688 3572 927 3629 existens
973 3571 1138 3645 48],
1201 3588 1328 3629 cum
1380 3580 1681 3646 assumpto.
1722 3572 1821 3629 Vel
1860 3573 2005 3630 hunc

404 3663 474 3720 ad
503 3662 734 3720 modum
754 3662 913 3736 juxta
967 3662 1079 3720 divi
1123 3662 1314 3736 Cyrilli
1343 3663 1675 3720 sententiam
1721 3681 1736 3719 :
1771 3664 2004 3737 perinde

403 3769 467 3810 ac
490 3755 549 3809 in
577 3768 804 3826 corpore
829 3753 1160 3809 immoratur
1188 3753 1374 3810 anima
1410 3772 1422 3808 :
1452 3753 1786 3810 immoratur
1815 3761 2003 3810 autem

402 3843 516 3916 ipsa
547 3843 765 3916 corpori
803 3843 1170 3899 essentialiter
1199 3851 1254 3899 et
1303 3841 1732 3912 indivisibiliter,
1771 3858 1837 3900 ac
1873 3843 2003 3900 citra

402 3933 713 3990 misturam.
764 3934 1036 3991 Caeterum
1079 3932 1193 4006 ipsa
1228 3932 1450 4005 quidem
1481 3933 1665 3990 anima
1714 3948 1809 4006 per
1857 3949 2006 3989 mor-

401 4031 515 4081 tem
544 4039 575 4080 a
605 4039 836 4096 corpore
857 4031 1164 4098 separatur,
1194 4025 1346 4080 Dens
1378 4031 1564 4079 autem
1594 4022 1843 4079 Verbum
1871 4038 2005 4080 nun-

401 4129 574 4189 quam
603 4114 672 4170 ab
721 4122 1004 4187 assumpta
1045 4129 1211 4170 carne
1261 4121 1543 4186 separatus
1584 4121 1687 4178 est,
1722 4127 1911 4170 verum
1949 4113 2002 4169 in

400 4204 651 4278 sepulcro
680 4204 850 4259 etiam
897 4203 1102 4274 aderat,
1150 4204 1324 4275 ipsam
1369 4201 1842 4274 incorruptibilem
1891 4217 2002 4259 ser-

400 4311 560 4364 vans,
619 4295 929 4365 animmque
978 4292 1123 4366 apud
1167 4293 1372 4350 inferos
1415 4293 1625 4361 aderat,
1675 4291 2002 4364 prtedicans,

401 4385 515 4441 sive
545 4383 761 4440 donans
789 4383 1018 4456 captivis
1055 4383 1439 4440 remissionem
1484 4403 1496 4438 :
1529 4390 1583 4438 et
1599 4383 1831 4440 omnino
1869 4399 2006 4440 con-

2123 3224 2325 3308 (ἐνῴκει
2371 3224 2474 3306 γὰρ
2504 3225 2716 3294 ἐκείνοις
2761 3226 2983 3299 ὃθεὸς,
3033 3228 3171 3287 κατὰ
3209 3227 3305 3304 τὸ,
3359 3248 3389 3286 α
3415 3225 3718 3298 Ἐνοικήσω

2118 3317 2371 3396 ἒνξαῦτοῖς
2412 3315 2502 3374 καὶ
2530 3315 2988 3398 ἐμπεριπατήσω)·
3013 3340 3041 3374 ››
3080 3317 3378 3398 προσέθηκε
3408 3315 3495 3388 τὸ,
3533 3343 3554 3371 ι
3601 3318 3718 3376 Σω-

2119 3410 2372 3482 ματικῶς·
2423 3434 2446 3458 ν
2479 3405 2772 3486 τουτέστιν,
2821 3409 2914 3466 οὐκ
2966 3407 3109 3467 ἔστιν
3141 3408 3377 3487 ἐνέργειά
3426 3430 3542 3479 τις,
3578 3407 3716 3465 ἀλλὰ

2117 3497 2298 3571 οὐσία,
2347 3498 2438 3557 καὶ
2485 3501 2555 3564 ὡς
2609 3499 2952 3575 σωματωθεὶς
3004 3497 3094 3557 καὶ
3146 3497 3242 3574 μία
3303 3497 3592 3564 ὑπόστασις
3640 3500 3716 3556 ὢν

2117 3586 2251 3663 μετὰ
2290 3592 2384 3646 τοῦ
2430 3585 2872 3667 προσλήμματος.
2929 3586 3008 3649 Ἣ
3079 3590 3172 3646 καὶ
3216 3586 3379 3661 οὕτω,
3440 3585 3577 3645 κατὰ
3626 3585 3717 3646 τὸν

2118 3676 2268 3756 ἅγιον
2306 3677 2592 3760 Κύριλλον,
2648 3680 2718 3744 ὡς
2766 3677 2829 3736 ἂν
2885 3680 2938 3738 ἐν
2993 3677 3203 3754 σώματι
3255 3675 3500 3757 ἐνοικήσῃ
3535 3675 3717 3758 ψυχή·

2116 3771 2304 3827 ἐνοικεῖ
2354 3767 2408 3826 δὲ
2457 3765 2594 3838 αὕτη
2640 3766 2855 3843 σώματι
2913 3769 3179 3834 οὐσιωδῶς
3229 3766 3322 3824 καὶ
3369 3763 3715 3846 ἀδιαιρέτως,

2115 3855 2206 3916 καὶ
2258 3856 2520 3939 ἀφύρτως.
2567 3855 2708 3918 Ἀλλ’
2738 3862 2771 3929 ἡ
2824 3858 2920 3934 μὲν
2973 3855 3121 3940 ψυχὴ
3167 3855 3261 3916 καὶ
3300 3856 3589 3938 χωρίζεται
3621 3862 3715 3915 τοῦ

2115 3945 2362 4024 σώματος
2395 3950 2446 4006 ἐν
2474 3950 2551 4028 τῷ
2599 3946 2842 4027 θανάτῳ·
2899 3950 2927 4006 δ
2970 3947 3024 4008 δὲ
3068 3945 3206 4014 Θεὸς
3253 3946 3422 4024 Λόγος
3461 3945 3714 4007 οὐδέποτε

2115 4041 2207 4110 τῆς
2248 4035 2676 4119 προσληφθείσης
2719 4037 2914 4117 σαρκὸς
2962 4037 3245 4118 ἐχωρίσθη,
3299 4034 3438 4096 ἀλλὰ
3493 4039 3591 4096 κάν
3636 4038 3715 4117 τῷ

2116 4123 2268 4208 τάφῳ
2316 4130 2492 4205 παρῆν
2563 4127 2716 4206 αὐτῇ,
2771 4126 3085 4209 ἀδιάφθορον
3141 4125 3308 4200 αὐτὴν
3362 4129 3572 4206 τηρῶν,
3622 4125 3720 4185 καὶ

2116 4220 2181 4296 τῇ
2214 4218 2361 4298 ψυχῇ
2398 4220 2450 4276 ἐν
2505 4219 2581 4296 τῷ
2617 4216 2718 4299 ᾅδῃ
2773 4221 2955 4289 συνῆν,
3011 4218 3328 4297 κηρύττων,
3378 4215 3496 4289 ἤτοι
3548 4213 3720 4284 διδοὺς

2118 4304 2483 4386 αἰχμαλώτοις
2528 4305 2714 4387 ἄφεσιν
2742 4329 2755 4343 ·
2804 4306 2895 4365 καὶ
2944 4306 3077 4374 ὅλως
3127 4305 3174 4344 '9
3232 4307 3417 4373 ἔνωσις
3483 4304 3718 4386 ἀμφοτέ-

2120 4419 2223 4475 ρων
2256 4387 2348 4474 ἧν,
2387 4399 2480 4468 τῆς
2528 4419 2585 4454 τε
2616 4399 2790 4478 ψυχῆς
2836 4395 2930 4455 καὶ
2959 4401 3047 4455 τοῦ
3080 4395 3355 4474 σώματος,
3389 4394 3480 4455 καὶ
3509 4395 3612 4478 ’ὅτε

394 4473 614 4547 junctio
658 4481 775 4528 erat
801 4474 1105 4546 utriusque,
1159 4473 1359 4528 animm
1405 4471 1655 4528 videlicet
1707 4481 1764 4530 et
1809 4489 2001 4546 corpo-

2117 4485 2340 4567 ἑκουσίῳ
2369 4488 2529 4546 αὐτοῦ
2558 4487 2768 4568 θανάτῳ
2805 4484 3109 4560 διέστησαν.

401 4563 496 4632 ris,
525 4564 693 4619 etiam
737 4564 960 4636 quando
991 4562 1295 4620 voluntaria
1342 4561 1459 4634 ejus
1499 4570 1680 4619 morte
1706 4562 2003 4620 dissociata

399 4661 575 4709 erant.

471 4746 652 4800 Vens.
693 4749 780 4799 ιο.
813 4747 884 4800 Et
913 4745 1039 4798 estis
1057 4744 1118 4797 in
1139 4745 1254 4814 ipso
1273 4744 1488 4813 repleti.
1527 4744 1724 4814 Papae!
1753 4741 1901 4812 Quid
1924 4743 2004 4799 di-

401 4833 516 4889 xit!
549 4832 695 4889 Nihil
736 4833 923 4890 minus
951 4831 1160 4888 habetis
1187 4847 1352 4904 quam
1402 4833 1539 4904 ipse,
1580 4848 1773 4888 verum
1806 4840 1865 4888 et
1907 4849 2002 4889 vos

400 4921 689 4979 divinitate
731 4921 944 4996 impleti
975 4924 1148 4979 estis:
1190 4930 1572 4978 verumtamen
1617 4922 1673 4977 in
1710 4922 1852 4994 ipso,
1896 4921 2003 4979 hoc

399 5021 508 5081 est,
555 5029 652 5084 per
693 5013 1147 5084 assumptionem.
1201 5013 1340 5068 Cum
1384 5011 1533 5067 enim
1575 5020 1770 5068 natura
1815 5020 2001 5068 nostra

399 5105 518 5159 Deo
556 5103 808 5175 copulata
841 5111 943 5168 est,
975 5118 1088 5158 non
1125 5102 1296 5158 etiam
1325 5101 1378 5157 in
1409 5102 1526 5174 ipso
1557 5101 1758 5158 divina
1792 5110 2002 5158 naturae

400 5193 532 5249 facti
579 5209 774 5249 sumus
827 5192 1131 5264 participes.
1189 5191 1414 5265 Ubique
1453 5192 1604 5248 enim
1647 5192 1846 5247 Paulus
1887 5192 2004 5248 vult

397 5299 500 5338 nos
531 5284 782 5353 proxime
823 5283 1100 5338 Christum
1135 5281 1427 5348 adducere,
1459 5281 1619 5336 veluti
1651 5297 1777 5337 cum
1816 5281 1949 5337 dicit
1983 5301 1997 5338 :

397 5373 573 5429 Simul
610 5374 883 5435 excitavit,
915 5377 964 5428 et
1004 5372 1281 5426 consedere
1322 5373 1449 5439 fecit
1499 5373 1558 5425 in
1603 5372 1897 5426 ccelestibus
1940 5374 1998 5426 in

467 5493 508 5520 π’
533 5491 738 5546 Jerem.
771 5505 877 5554 xx,
910 5495 963 5543 7.
1042 5499 1065 5524 ιι
1095 5488 1242 5544 Gen.
1275 5503 1480 5556 xxvn,
1510 5492 1602 5544 28.

2204 4755 2231 4790 ιι
2254 4732 2364 4793 Καὶ
2386 4733 2501 4792 ἐστὲ
2526 4734 2578 4792 ἐν
2605 4734 2749 4814 αὐτῷ
2772 4731 3206 4812 πεπληρωμένοι.
3235 4753 3264 4790 δ)
3293 4731 3491 4807 Βαϐαῖ,
3520 4722 3624 4792 οἶον
3645 4722 3717 4790 εἶς

2111 4829 2239 4882 πενῑ
2273 4824 2446 4884 Οὐδὲν
2477 4824 2694 4883 ἔλαττον
2743 4821 2896 4902 ἔχετε
2939 4825 3132 4896 αὐτοῦ,
3181 4819 3320 4881 ἀλλὰ
3351 4821 3708 4900 πεπληρωμέι

2112 4936 2190 4972 νοι
2233 4914 2325 4972 καὶ
2359 4915 2512 4990 ὑμεῖς
2541 4914 2660 4972 ἐστε
2692 4915 2785 4984 τῆς
2829 4911 3096 4985 θεότητος·
3127 4910 3266 4983 πλὴν
3309 4934 3336 4970 (ι
3378 4914 3429 4970 ἐν
3462 4913 3626 4995 αὐτῷ,
3674 4933 3704 4969 ι)

2111 5003 2375 5074 τουτέστι,
2428 5002 2514 5061 διὰ
2566 5008 2657 5061 τοῦ
2708 5002 3152 5082 προσλήμματος.
3205 5001 3365 5062 Ἐπεὶ
3404 5001 3507 5082 γὰρ
3545 5007 3579 5075 ἡ
3612 5001 3709 5082 φύε

2113 5117 2193 5159 σις
2222 5096 2374 5171 ἡμῶν
2423 5091 2602 5166 ἡνώθη
2653 5095 2727 5173 τῷ
2765 5095 2923 5175 Θεῷ,
2974 5091 3066 5151 καὶ
3095 5093 3250 5169 ἡμεῖς
3296 5096 3349 5151 ἐν
3394 5095 3538 5170 αὖτῷ
3570 5091 3711 5154 θείας

2114 5181 2537 5258 ἐκοινωνήσαμεν
2609 5181 2832 5264 φύσεως.
2891 5185 3183 5262 Πανταχοῦ
3245 5181 3347 5261 γὰρ
3418 5185 3446 5239 ὃ
3497 5183 3713 5248 Παῦλος

2115 5272 2358 5352 βούλεται
2391 5279 2531 5350 ἡμᾶς
2581 5271 2733 5351 ἐγγὺς
2764 5275 2982 5351 ἀγαγεῖν
3011 5277 3103 5330 τοῦ
3157 5272 3398 5352 Χριστοῦ
3417 5316 3432 5344 ,
3482 5275 3554 5338 ὡς
3585 5269 3709 5329 ὅταν

2115 5362 2287 5441 λέγει·
2347 5383 2378 5420 α
2430 5361 2721 5443 Συνήγειρε
2768 5361 2860 5421 καὶ
2911 5361 3247 5421 συνεκάθισεν
3297 5364 3351 5420 ἐν
3401 5363 3507 5428 τοῖς
3555 5362 3711 5420 ἐπου-

1679 5499 1703 5523 ο
1736 5489 1787 5544 ll
1814 5490 1940 5544 Cor.
1974 5502 2060 5557 vr,
2098 5491 2183 5543 t6.

1796 5613 1984 5674 Variae
2028 5615 2328 5675 lectiones.

1587 5708 1633 5747 ¹⁹
1661 5709 1828 5774 ἄλλως
1853 5726 1910 5768 0.

464 5711 506 5745 “
536 5712 604 5774 ὣς
633 5727 686 5768 0.
769 5710 810 5747 ¹⁷
852 5709 1024 5768 Ἰσαάκ
1048 5727 1104 5770 0.

1180 5710 1223 5747 ¹⁸
1246 5711 1430 5784 γραφαί
1456 5726 1508 5770 0.
