4104 6440
327 464 455 522 1241

1191 471 1544 531 EXPOSITIO
1582 476 1650 533 IN
1687 478 1897 537 EPIST.
1932 479 2023 535 AD
2061 475 2341 535 COLOSS.
2379 504 2451 518 -
2488 473 2639 531 CAP.
2680 475 2744 530 ll.

3488 472 3624 528 1242

326 590 519 683 ρανίοις
538 593 603 683 »ἐν
634 594 851 677 Χριστῷ
869 616 883 633 ·
907 615 937 655 n
974 594 1088 670 καὶ,
1126 616 1156 656 α
1181 598 1249 659 Εἰ
1276 598 1635 680 ὑπομένομεν,
1664 604 1756 664 καὶ
1777 628 1913 683 συμ-

2030 605 2238 662 Christo
2255 617 2282 652 ιδ
2309 621 2322 659 :
2342 609 2417 671 et,
2446 602 2508 659 Si
2535 603 2878 664 sustinemus,
2900 598 3351 670 conregnabimus
3375 602 3540 656 etiam
3556 617 3583 653 «ι
3608 618 3626 655 :

329 678 718 760 ϐασιλεύσομεν
737 707 751 722 σ
783 707 812 744 υ
849 683 942 744 καὶ
972 688 1438 767 συγκληρονόμους
1470 678 1649 755 καλεῖ.

412 794 444 830 α
472 771 579 840 "Oc
635 777 777 834 ἐστιν
827 779 863 847 ἡ
917 776 1123 859 κεφαλὴ
1179 777 1357 852 πάσης
1405 783 1574 864 ἀρχῆς
1632 784 1726 844 καὶ
1777 784 1920 854 ἐξου-

324 860 463 929 σίας.
490 887 517 915 ι
546 864 669 945 Οὐχ
690 866 763 932 ὥς
791 868 1068 955 ὁμοοῖισιον
1087 866 1245 926 αὐτὸν
1270 860 1454 955 τίθησι*
1473 860 1716 953 κεφαλὴν
1734 919 1751 948 ,
1774 877 1917 955 ἀλλ’,

322 954 395 1019 ὡς
447 954 726 1046 ἀνωτέρω,
763 957 836 1022 ὡς
882 953 1083 1046 αἴτιον.
1134 959 1260 1025 Πῶς
1303 949 1394 1019 οῦν
1443 949 1630 1022 τοῦτον
1671 949 1916 1046 ἀφέντες,

323 1041 567 1134 ἀγγέλοις
618 1043 1004 1134 προστρέχετε,
1043 1036 1119 1107 ῶν
1164 1044 1218 1083 ²⁰
1253 1049 1397 1108 ἐστιν
1436 1055 1471 1124 ἡ
1522 1036 1766 1134 κεφαλή;
1816 1036 1920 1115 Διά

322 1132 541 1192 πάντων
587 1134 694 1214 γὰρ
741 1133 944 1196 τούτων
976 1135 1235 1218 διορύττει
1265 1139 1356 1199 καὶ
1390 1132 1646 1204 καταλύει
1687 1144 1755 1204 τὸ
1796 1144 1918 1226 περὶ

320 1225 430 1282 τῶν
461 1224 702 1307 ἀγγέλῳν
734 1225 930 1307 δόγμα.

410 1336 441 1369 α
477 1311 572 1375 Ἐν
613 1305 657 1396 ᾧ
698 1315 791 1374 καὶ
840 1316 1232 1398 περιετμήθητε
1262 1327 1527 1405 περιτομῇ
1578 1324 1921 1405 ἀχειροποιή-

320 1426 424 1484 τῳ.
464 1425 492 1461 ι
544 1406 596 1466 Τ
598 1405 627 1465 ὸ
664 1406 970 1482 θαυμαστὸν
1003 1410 1097 1477 τῆς
1143 1410 1443 1489 εὐεργεσίας
1489 1412 1789 1493 ἐπήγαγεν,
1837 1413 1922 1475 ὅτι

324 1495 427 1583 Ἐν
479 1494 699 1583 Χριστῷ
733 1495 1150 1576 περιετμήθητε.
1201 1502 1286 1559 Οὐ
1326 1500 1430 1581 γὰρ
1468 1502 1589 1583 χεὶρ
1641 1503 1921 1583 ἀνθρώπου

322 1580 512 1659 ἐπάγει
558 1582 655 1655 τὴν
704 1583 998 1665 περιτομὴν
1045 1587 1249 1661 ταύτην
1288 1580 1641 1671 τῆςγσαρκῦς,
1693 1580 1832 1654 ἀλλὰ
1862 1593 1923 1654 τὸ

326 1673 585 1822 Ῐὲνεῦμα·
642 1674 734 1734 καὶ
776 1676 838 1735 οὗ
888 1674 1065 1758 μέρος,
1108 1677 1228 1738 ἀλλ’
1283 1677 1403 1741 ὅλον
1445 1681 1718 1763 ἄνθρωπον
1772 1706 1921 1763 περι-

326 1784 355 1822 τ
388 1785 525 1822 ιινει.

321 1784 525 1840 τεμνει.

417 1874 448 1912 ιι
481 1855 557 1914 Εν
606 1857 673 1934 τῇ
708 1854 992 1916 ἀπεκδύσει
1039 1861 1130 1915 τοῦ
1193 1857 1443 1936 σώματος
1491 1865 1594 1920 τῶν
1641 1862 1918 1941 ἁμαρτιῶν

2028 703 2085 750 et
2102 692 2419 751 cohaeredes
2444 700 2603 748 vocat
2624 702 2664 747 τ.

2102 785 2210 852 Qui
2233 787 2313 839 est
2330 785 2489 855 caput
2516 783 2690 837 omnis
2708 781 3057 853 principatus
3077 785 3128 836 et
3156 782 3465 852 potestatis.
3498 781 3625 837 Non

2029 873 2197 930 veluti
2225 871 2582 929 homousium
2606 879 2774 942 caput
2798 870 2981 943 ipsum
3001 870 3178 942 ponit,
3207 868 3326 938 sed,
3344 877 3407 926 ut
3432 885 3620 942 supra,

2030 972 2298 1037 tanquam
2325 976 2571 1019 causam.
2604 960 2709 1031 Qui
2757 959 2927 1031 igitur
2955 959 3060 1017 hoc
3086 959 3321 1017 dimisso
3351 958 3422 1016 ad
3459 974 3623 1032 ange-

2030 1053 2111 1111 los
2138 1052 2448 1121 aecurritis,
2478 1066 2713 1124 quorum
2734 1058 2899 1123 caput
2924 1050 3011 1108 ille
3034 1055 3154 1108 est?
3193 1053 3336 1107 Nam
3364 1064 3460 1122 per
3495 1048 3616 1106 haec

2029 1143 2218 1201 omnia
2240 1142 2559 1217 opinionem
2585 1140 2810 1197 illorum
2836 1139 2906 1197 de
2933 1139 3142 1213 angelis
3180 1139 3417 1212 perfodit
3440 1154 3506 1196 ac
3532 1138 3626 1196 de-

2032 1235 2285 1291 molitur.

2102 1325 2281 1381 Vnns.
2318 1327 2403 1379 11.
2430 1325 2494 1380 In
2517 1337 2622 1394 quo
2658 1326 2709 1377 et
2729 1322 3030 1377 circumcisi
3061 1320 3189 1376 estis
3225 1322 3628 1375 circumcisione

2028 1430 2134 1471 non
2169 1430 2340 1471 manu
2382 1416 2551 1483 facta.
2580 1411 2992 1470 Admirandum
3025 1409 3359 1468 beneﬁcium
3414 1409 3622 1477 attulit,

2029 1504 2180 1577 quod
2209 1504 2270 1559 in
2298 1502 2515 1560 Christo
2555 1502 2868 1559 circumcisi
2897 1501 3047 1557 estis.
3078 1503 3207 1557 Non
3246 1499 3395 1556 enim
3428 1514 3631 1557 manus

2029 1594 2275 1652 hominis
2317 1591 2542 1650 adducit
2573 1590 3055 1649 circumcisiouem
3098 1589 3260 1659 hanc,
3309 1588 3408 1646 sed
3464 1588 3632 1661 Spiri-

2028 1692 2120 1741 tus
2154 1705 2168 1742 :
2205 1691 2399 1741 etnon
2442 1690 2675 1755 partem,
2706 1680 2803 1739 sed
2850 1688 3033 1738 totum
3063 1678 3348 1738 hominem
3385 1679 3627 1737 circum-

2029 1773 2179 1831 cidit.

2100 1868 2164 1922 In
2205 1864 2591 1936 emspoliatione
2630 1863 2867 1933 corporis
2918 1865 3262 1932 peccatorum
3314 1861 3521 1923 carnis,
3567 1862 3629 1916 in

319 1945 416 2032 τῆς
465 1943 691 2032 σαρκὸς,
742 1947 795 2004 ἐν
941 1952 1205 2028 περιτομῇ
1239 1955 1331 2009 τοῦ
1374 1952 1634 2032 Χριστοῦ.
1669 1974 1701 2012 n
1760 1950 1918 2015 Ἰἰκεί

2027 1956 2422 2012 circumcisione
2460 1955 2682 2011 Christi.
2734 1952 2855 2009 Illic
2883 1951 3111 2024 quidem
3136 1948 3437 2007 exuebatur
3464 1964 3633 2006 mem-

325 2031 424 2111 μὲν
481 2031 795 2103 ἀπεξεδύετο
841 2035 904 2095 τὸ
954 2036 1139 2117 μόριον
1183 2037 1271 2098 διὰ
1316 2045 1411 2112 τῆς
1452 2047 1777 2121 περιτομῆς,
1831 2067 1922 2103 πει

323 2122 691 2203 ριαιρουμίνου
758 2130 850 2184 τοῦ
912 2126 1164 2206 σαρκίνου
1231 2127 1617 2208 καλύμματος·
1693 2136 1920 2194 ἐνταῦθα

320 2212 376 2274 δὲ
407 2211 729 2274 ἀπεκδύεται
776 2215 838 2275 τὸ
868 2218 1027 2294 σῶμα
1069 2220 1225 2294 ἡμῶν
1254 2218 1351 2287 τὰς
1390 2219 1680 2303 ἁμαρτίας,
1728 2222 1790 2291 ἃς
1832 2223 1919 2284 διὰ

317 2306 412 2375 τῆς
448 2303 650 2394 σαρκὸς
675 2307 1046 2385 ἐπιτελοῦμεν.
1077 2309 1129 2368 Τ
1132 2306 1352 2383 οιαύτην
1396 2310 1452 2370 δὲ
1488 2312 1787 2392 περιτομὴν
1818 2314 1920 2394 οὐχ

316 2396 348 2452 ὁ
397 2392 576 2471 νόμος,
629 2394 747 2455 ἀλλ’
793 2398 823 2454 ὁ
875 2397 1104 2476 Χριστὸς
1142 2401 1451 2479 περιτίμνει
1502 2403 1556 2461 ἐν
1594 2406 1674 2484 τῷ
1723 2392 1919 2483 βαπτίέ

318 2506 513 2575 σματι,
560 2486 838 2545 ἀπεκδύων
895 2490 1039 2564 ἡμᾶς
1085 2494 1179 2549 τοῦ
1226 2492 1460 2551 παλαιοῦ
1516 2491 1631 2571 βίου
1686 2499 1778 2553 τοῦ
1829 2495 1920 2575 ἐφ-

322 2572 599 2653 αμάρτου,
629 2574 723 2636 καὶ
750 2575 812 2636 τὸ
844 2575 965 2637 ὅλον
994 2583 1252 2658 σαρκικοῦ
1289 2577 1362 2638 ²¹.

399 2691 424 2717 ι
458 2664 823 2747 Συνταφέντες
851 2668 1000 2748 αὐτῷ
1040 2670 1117 2728 τῶ
1151 2668 1503 2748 βαπτίσματι.
1542 2698 1566 2726 υ
1594 2668 1674 2733 Ὅ
1706 2696 1918 2753 περιτοο

319 2751 426 2830 μὴν
460 2753 712 2828 ἐκάλεσε,
762 2762 918 2816 τοῦτο
964 2760 1057 2815 νῦν
1106 2757 1271 2839 τάφον
1303 2760 1480 2833 καλεῖ,
1515 2759 1690 2838 μεῖζόν
1732 2751 1789 2821 τι
1824 2767 1917 2833 τῆς

315 2847 611 2931 περιτομῆς
657 2847 958 2925 παριστῶν.
1009 2848 1092 2907 Οὐ
1143 2846 1248 2928 γὰρ
1296 2849 1483 2930 ἓῤῥίφη
1530 2850 1592 2910 τὸ
1644 2874 1916 2931 περιτμη-

318 2930 438 3006 θᾶν,
490 2932 610 2993 ἀλλ’
655 2933 902 2996 ἀπώλετο
947 2934 1042 2995 καὶ
1091 2937 1319 3018 ἐφθάρη.
1371 2936 1443 3001 ⁸0
1487 2937 1662 3002 τοίνυν
1716 2930 1915 3021 βαπτι-

317 3022 456 3091 σθεὶς
490 3024 847 3085 συνθάπτεται
893 3030 970 3108 τῷ
1001 3027 1242 3108 Χριστῷ,
1277 3026 1365 3087 διὰ
1398 3032 1505 3090 τῶν
1549 3034 1711 3108 τριῶν
1740 3055 1912 3093 κατοι-

318 3111 517 3203 δᾷσεων
565 3114 659 3203 τὴν
714 3113 999 3197 τριήμερον
1061 3115 1235 3198 ταφὴν
1283 3123 1376 3177 τοῦ
1432 3120 1633 3200 Κυρίου
1665 3144 1912 3203 σχημα-

315 3200 497 3280 τίζων,
552 3201 649 3264 καὶ
689 3204 1039 3277 ἀποθνήσκων
1094 3204 1216 3267 ὅσον
1258 3231 1319 3288 γε
1361 3208 1501 3269 κατὰ
1544 3211 1633 3272 τὸν
1684 3200 1916 3273 παλαιὸν

317 3291 411 3352 καὶ
442 3293 811 3377 ἁμαρτητικὸν
841 3293 1146 3377 ἄνθρωπον.

397 3409 424 3438 ιι
474 3374 571 3445 Ἐν
619 3374 666 3466 ᾧ
714 3384 806 3444 καὶ
852 3374 1210 3466 συνηγέρθητε
1258 3385 1346 3446 διὰ
1401 3392 1497 3461 τῆς
1547 3389 1777 3457 πίστεως
1820 3395 1915 3464 τῆς

314 3471 576 3552 ἐνεργείας
622 3479 717 3532 τοῦ
763 3474 907 3534 Θεοῦ
966 3481 1061 3535 τοῦ
1129 3475 1432 3555 ἐγείραντος
1486 3479 1646 3539 αὐτὸν
1699 3481 1761 3539 ἐκ
1820 3504 1912 3540 νε·-

313 3564 478 3641 κρῶν.
512 3591 536 3614 ιι
576 3564 659 3622 Οὐ
704 3563 868 3645 τάφος
911 3563 1106 3641 μόνον,
1142 3566 1283 3626 ἀλλᾶ
1327 3566 1422 3626 καὶ
1451 3566 1656 3647 ἔγερσίς
1694 3571 1807 3628 ἔστι
1853 3569 1914 3628 τὸ

316 3651 614 3731 βάπτισμα.
677 3656 828 3727 Πῶς;
884 3653 987 3715 Διὰ
1045 3660 1136 3728 τῆς
1200 3654 1450 3724 πίστεως.
1520 3658 1914 3729 Πιστεύσαντες

311 3741 437 3823 γὰρ,
470 3740 551 3802 ὅτι
594 3743 815 3803 δύναται
845 3747 874 3802 ὁ
903 3744 1039 3812 Θεὸς
1072 3744 1316 3827 ἐγείρειν,
1349 3745 1442 3807 καὶ
1487 3749 1681 3826 δεῖγμα
1726 3746 1911 3808 τούτου

314 3830 526 3911 ἐχοντες
572 3832 635 3892 τὸ
663 3832 754 3892 καὶ
786 3832 875 3892 τὸν
913 3834 1153 3914 Χριστὸν
1206 3837 1267 3895 ἐκ
1315 3839 1516 3918 νεκρῶν
1561 3838 1788 3919 ἐγεῖραι,
1821 3838 1912 3899 οὕ-

312 3945 414 3989 τως
455 3921 756 4005 ἠγέρθημεν
785 3922 926 3983 κατὰ
974 3924 1065 3984 δύο
1093 3925 1319 4004 τρόπους
1339 3949 1353 3964 σ
1392 3925 1482 3986 καὶ
1514 3927 1595 3986 ὅτι
1620 3929 1912 3990 ἀνάστασιν

313 4011 646 4087 ἐλπίζοντες,
680 4013 784 4085 ἤδη
811 4012 1070 4091 δοκοῦμεν
1100 4015 1296 4089 ταύτης
1323 4020 1504 4097 τυχεῖν
1525 4062 1544 4095 ,
1576 4018 1622 4077 εἴ
1658 4017 1751 4077 καὶ
1782 4018 1912 4096 μέλ-

310 4103 428 4161 λει⁶
478 4103 571 4164 καὶ
623 4102 706 4166 ὅτι
759 4107 1134 4181 πνευματικῶς
1182 4103 1279 4177 τὴν
1337 4106 1596 4186 νέκρωσιν
1645 4112 1752 4169 τῶν
1813 4107 1906 4191 ἐρ-

308 4216 459 4343 γεὲνλλ
491 4197 587 4267 τῆς
646 4192 913 4273 ἁμαρτίας
968 4192 1375 4278 ἀπεῤῥίψαμενο
1426 4196 1456 4258 ὃ
1526 4197 1619 4258 καὶ
1673 4198 1912 4281 ἐπιφέρει

313 4306 353 4343 υ.
461 4305 539 4343 ον.

313 4289 515 4361 μᾶλλον
524 4328 539 4343 .

392 4401 418 4427 σι
451 4372 560 4435 Καὶ
610 4376 749 4453 ὑμᾶς
791 4372 846 4409 ²²
874 4372 1086 4453 νεκροὺς
1123 4373 1277 4443 ὄντας
1325 4384 1435 4443 τοῖς
1471 4375 1913 4458 παραπτώμασι,

2034 2045 2198 2103 brum
2215 2060 2310 2118 per
2331 2043 2830 2116 circumeisionem,
2856 2055 3058 2099 carnea
3075 2046 3396 2113 tegumento
3417 2038 3629 2096 ablato:

2028 2135 2119 2192 hic
2166 2150 2296 2192 vero
2339 2135 2488 2191 exuit
2530 2147 2732 2206 corpus
2772 2139 3027 2189 nostrum
3078 2137 3296 2203 peccata
3350 2143 3474 2201 quae
3528 2144 3630 2201 per

2027 2241 2250 2283 carnem
2293 2224 2622 2297 perﬁcimus.
2669 2222 2790 2279 Tali
2833 2230 3016 2279 autem
3058 2218 3478 2277 circumcisione
3513 2233 3628 2275 non

2027 2315 2133 2382 lex,
2177 2313 2278 2372 sed
2304 2314 2555 2372 Christus
2580 2310 2927 2369 circumcidit
2949 2310 3004 2367 in
3042 2310 3392 2383 baptismate,
3422 2323 3632 2366 exuens

2027 2420 2132 2461 nos
2157 2420 2189 2462 a
2217 2412 2402 2462 vetere
2451 2404 2564 2461 vita
2605 2401 2838 2475 peccatis
2880 2401 3142 2469 obnoxia,
3186 2399 3431 2472 adeoque
3477 2413 3629 2471 pror-

2028 2509 2122 2551 sus
2147 2493 2372 2552 cameli.

2099 2587 2286 2643 Vnns.
2314 2589 2393 2640 I2.
2416 2583 2732 2654 Consepulti
2752 2583 2862 2653 ipsi
2874 2582 2936 2636 in
2956 2580 3296 2651 baptismate.
3324 2577 3487 2649 Quod
3519 2576 3627 2634 cir-

2025 2673 2421 2732 cumcisionem
2457 2672 2692 2738 vocavit,
2739 2671 2793 2729 id
2821 2686 2970 2727 nunc
3004 2670 3344 2741 sepulturam
3370 2666 3628 2740 appellat,

2028 2764 2210 2838 majus
2235 2762 2498 2837 quiddam
2535 2763 2651 2835 ipsa
2694 2760 3113 2819 circumcisione
3143 2758 3434 2816 exhibens.
3484 2760 3627 2815 Nam

2022 2853 2173 2926 quod
2214 2853 2607 2910 circumcisum
2636 2860 2775 2919 erat,
2816 2866 2930 2908 non
2975 2848 3356 2923 abjiciebatur,
3406 2845 3502 2905 sed
3534 2862 3632 2920 pe-

2024 2944 2119 3000 riit
2144 2951 2203 3000 et
2237 2950 2565 3015 corruptum
2606 2950 2706 2999 est.
2749 2939 2858 3011 Qui
2887 2939 3054 3013 igitur
3087 2938 3419 3012 baptismate
3453 2936 3632 2994 ablui-

2023 3043 2136 3102 tur,
2164 3032 2531 3106 consepelitur
2558 3030 2806 3099 Christo,
2832 3046 2927 3103 per
2952 3029 3152 3086 trinam
3190 3026 3632 3086 submersionem

2025 3123 2197 3180 trium
2235 3122 2451 3181 dierum
2515 3120 2746 3179 Domini
2803 3120 3144 3193 sepulturam
3191 3117 3530 3192 signiﬁcans,
3576 3126 3634 3173 et

2025 3213 2302 3272 emoriens
2329 3210 2480 3287 quod
2510 3211 2581 3269 ad
2609 3220 2851 3269 veterem
2894 3217 2952 3267 et
2989 3208 3323 3283 peceabilem
3351 3205 3633 3265 hominem

2028 3303 2249 3360 attinet.

1951 3365 1995 3428 δ
2092 3396 2156 3451 In
2190 3409 2296 3463 quo
2330 3398 2381 3448 et
2412 3392 2793 3447 resurrewistis
2817 3406 2918 3461 per
2939 3389 3104 3465 fidem
3132 3389 3472 3460 operationis
3507 3389 3629 3450 Dei,

2022 3486 2123 3553 qui
2144 3484 2429 3539 suscitauit
2451 3483 2610 3537 illum
2631 3498 2669 3537 a
2695 3482 2947 3536 mortuis.
2977 3477 3149 3551 5.82
3176 3480 3304 3535 Non
3337 3476 3519 3534 solum
3545 3490 3633 3533 se-

2026 3572 2263 3644 pultura,
2294 3585 2486 3628 verum
2515 3570 2684 3627 etiam
2723 3568 3009 3626 suscitatio
3031 3575 3115 3625 est
3149 3567 3447 3639 baptisma.
3477 3566 3631 3635 Quo.

2024 3661 2230 3719 modo?
2254 3663 2358 3717 Per
2393 3659 2584 3717 ﬁdem.
2620 3659 2918 3717 Credentcs
2941 3657 3091 3714 enim
3132 3656 3282 3729 quod
3311 3660 3464 3713 Deus
3508 3670 3633 3727 pos-

2024 3753 2098 3809 sit
2135 3751 2398 3818 excitare,
2450 3757 2617 3822 atque
2670 3747 2838 3821 hujus
2884 3748 2964 3805 rei
3021 3745 3290 3803 indicium
3341 3745 3626 3813 habentes,

2027 3841 2177 3916 quod
2207 3840 2492 3897 Christum
2529 3838 2847 3896 excitaverit
2875 3854 2942 3896 ex
2984 3835 3242 3906 mortuis,
3287 3835 3365 3892 sic
3393 3835 3632 3892 surrexi-

2026 3948 2152 3990 mus
2183 3940 2240 3989 et
2270 3946 2374 3989 nos
2414 3930 2629 4004 gemina
2654 3928 2897 3997 ratione;
2935 3936 3060 3985 tum
3089 3925 3239 4000 quod
3266 3924 3630 3984 resurrectio-

2026 4038 2154 4079 nem
2181 4030 2484 4095 sperantes,
2505 4021 2628 4094 jam
2673 4018 2928 4077 videmur
2955 4018 3099 4076 hanc
3124 4016 3384 4086 assecuti,
3411 4014 3630 4072 etiamsi

2029 4112 2214 4170 futura
2263 4112 2338 4168 sit
2392 4131 2408 4169 :
2459 4119 2583 4168 tum
2649 4108 2799 4185 quod
2846 4106 3203 4182 spiritualiter
3254 4104 3632 4178 interemptio-

2024 4218 2155 4259 nem
2197 4216 2428 4275 operum
2468 4201 2679 4274 peccati
2725 4199 3091 4274 abjecerimus
3122 4218 3137 4257 :
3166 4195 3222 4255 id
3263 4195 3414 4271 quod
3447 4194 3630 4269 potius

2030 4290 2217 4349 infert.

2099 4384 2282 4440 Vsus.
2312 4388 2398 4439 13.
2429 4385 2499 4439 Et
2522 4397 2634 4446 vos,
2657 4383 2759 4452 qui
2777 4382 2986 4438 mortui
3000 4382 3167 4437 eratis
3185 4379 3399 4435 delictis
3417 4381 3469 4433 et
3482 4391 3632 4449 prae-

320 4465 416 4560 xal
571 4462 897 4560 ἀκροξυστία
946 4467 1040 4560 τῆς
1088 4463 1281 4560 cupit-oc
1331 4467 1479 4560 ὑμῶν
1526 4464 1630 4560 ²³,-
1657 4472 1910 4538 συνεζωο-

2023 4476 2180 4545 putio
2208 4474 2387 4528 carnis
2407 4477 2616 4536 uestrae,
2642 4472 3031 4541 conviviﬁcauit
3053 4485 3174 4525 cum
3192 4471 3331 4540 ipso.
3355 4466 3626 4536 Christus,

309 4555 504 4630 ποίησε
544 4551 637 4613 σὺν
684 4554 855 4634 αὐτῷ.
894 4577 919 4605 ι
967 4551 1034 4613 ὐ
1068 4553 1164 4632 μὲν
1212 4554 1473 4633 Χριστὸς,
1510 4555 1674 4637 φησὶ,
1711 4580 1904 4636 σωμα-

307 4646 456 4707 τικὸν
488 4642 711 4703 θάνατον
742 4641 1004 4718 ὖποστὰς,
1032 4645 1359 4717 ἐζωοποιήθη
1404 4644 1508 4705 ὑπὸ
1546 4650 1640 4706 τοῦ
1670 4646 1904 4729 Πατρὸς,

307 4739 410 4816 οὐχ
457 4737 529 4801 ὡς
558 4732 712 4800 αὐτὸς
761 4730 1018 4800 ἀδύνατος
1048 4731 1121 4792 ὧν
1161 4735 1376 4803 ζωῶσαι
1420 4733 1638 4809 ἑαυτὸν,
1684 4737 1804 4796 ἀλλ’
1836 4740 1910 4805 ὡς

306 4824 523 4886 πάντων
552 4824 625 4891 εἰς
649 4820 702 4861 ²⁴
749 4819 838 4882 τὸν
875 4819 1098 4903 Πατέρα
1139 4822 1575 4905 ἀναφερομένων.
1623 4823 1785 4887 Ἐπεὶ
1825 4823 1907 4885 ὅτι

304 4938 368 4995 γε
399 4912 554 4983 αὐτὸς
578 4911 766 4973 ἑαυτὸν
801 4910 1028 4997 ἤγειρε,
1044 4910 1204 4991 φησίν
1224 4936 1237 4951 ο
1272 4940 1296 4967 σι
1330 4911 1426 4975 Ἐν
1471 4913 1644 4997 τρισὶν
1677 4915 1902 4995 ἡμέραις

308 4991 400 5064 τὸν
425 5002 554 5063 ναὸν
577 5004 744 5084 ἐγερῶ
761 5024 776 5041 °
797 5028 821 5054 ι
849 4991 941 5061 καὶ
961 4991 1061 5080 αὖ,
1091 5023 1119 5060 ε
1146 4991 1544 5084 Παρίστησεί»
1568 4991 1752 5087 φησὶν,
1783 4991 1905 5066 ἐαυ-

306 5093 397 5153 τὸν
426 5095 597 5164 ζῶντα
640 5090 776 5171 μετὰ
807 5092 865 5151 τὸ
897 5096 1106 5153 παθεῖν.
1141 5088 1334 5169 Ὑμεῖς
1372 5093 1426 5152 δὲ
1456 5092 1545 5153 τὸν
1574 5098 1683 5157 τῶν
1713 5094 1901 5176 ἁμαρ-

308 5186 435 5244 τιῶν
506 5183 728 5243 θάνατον
784 5181 1137 5254 ὑποστάντες,
1187 5182 1281 5242 καὶ
1344 5183 1672 5263 ἀκρόϐυστοι
1720 5184 1901 5263 ὄντες,

307 5271 585 5347 τουτέστι,
622 5269 756 5332 πολὺ
805 5269 899 5330 καὶ
943 5272 1187 5351 περιττὸν
1223 5269 1288 5331 τὸ
1336 5274 1606 5352 σαρκῶδες
1655 5272 1905 5356 φρόνημα

2026 4563 2227 4635 inquit,
2274 4577 2403 4619 cum
2430 4561 2776 4633 corporalem
2817 4568 3058 4616 mortem
3088 4557 3455 4627 sustinuisset,
3488 4556 3630 4612 vivi-

2027 4650 2223 4708 ﬁcatus
2275 4660 2359 4709 est
2405 4667 2437 4707 a
2480 4651 2663 4719 Patre,
2702 4664 2816 4706 non
2861 4646 3013 4722 quod
3063 4647 3181 4720 ipse
3231 4661 3343 4702 non
3386 4643 3630 4718 potuerit

2015 4740 2259 4815 seipsum
2312 4739 2609 4810 viviﬁcare,
2638 4737 2738 4796 sed
2780 4736 2931 4811 qnod
2964 4734 3148 4792 omnia
3175 4733 3244 4791 ad
3270 4736 3495 4791 Patrem
3538 4749 3626 4791 re-

2015 4830 2291 4890 ferantur.
2348 4835 2493 4889 Nam
2534 4829 2684 4904 quod
2713 4830 2828 4904 ipse
2855 4843 2914 4886 se
2948 4825 3218 4895 excitavit,
3262 4825 3339 4882 ait
3381 4846 3395 4883 :
3429 4828 3493 4882 In
3522 4827 3628 4881 tri-

2015 4924 2115 4980 bus
2144 4922 2328 4979 diebus
2356 4922 2602 4978 excitabo
2619 4920 2877 4991 templum
2904 4924 2928 4949 '
2966 4934 2982 4973 :
3031 4925 3089 4974 et
3115 4917 3336 4984 iterum,
3364 4915 3631 4973 Exhibuit

2015 5016 2274 5085 seipsum,
2305 5011 2507 5085 inquit,
2536 5012 2803 5068 viventem
2837 5012 2959 5080 post
2981 5009 3289 5080 passionem
3320 5008 3356 5062 ε.
3393 5008 3501 5063 Vos
3527 5022 3627 5065 au-

2027 5110 2141 5160 tem
2174 5109 2528 5175 peccatorum
2552 5109 2791 5157 mortem
2819 5098 3179 5165 sustinentes,
3207 5112 3272 5153 ac
3299 5096 3628 5170 praeputium

2023 5191 2312 5255 habentes,
2354 5190 2461 5249 hoc
2487 5198 2592 5262 est,
2624 5190 2864 5247 multum
2905 5204 2968 5245 ac
2989 5186 3332 5259 superﬂuum
3350 5187 3630 5244 carnalem

2019 5280 2286 5340 affectum
2330 5290 2599 5356 gerentes,
2648 5280 2744 5354 qui
2772 5295 2868 5338 vos
2910 5278 3219 5348 occidebat,
3265 5277 3630 5336 conviviﬁcati

306 5364 549 5445 ἔχοντες,
609 5360 740 5443 ὅπερ
804 5359 1017 5444 ἐνέκρου
1078 5365 1247 5439 ὖμᾶς,
1299 5364 1787 5439 συνεζωοποιήθητε
1834 5367 1914 5446 τῷ

2024 5373 2156 5431 estis
2199 5388 2328 5432 cum
2355 5372 2598 5432 Christo.
2628 5373 2710 5430 Ut
2747 5371 2897 5429 enim
2945 5369 2992 5428 is
3021 5383 3252 5442 corpore
3296 5367 3629 5437 resurrexit,

391 5523 638 5597 PEphes.
675 5538 745 5593 ιι,
776 5528 832 5579 6.
927 5524 1025 5579 (ιιι
1046 5523 1191 5581 Tim.
1225 5531 1308 5583 12.
1388 5527 1597 5582 I“Rom.
1621 5540 1769 5595 vm,
1806 5531 1888 5581 17.

1968 5536 1988 5562 ³
2018 5527 2181 5583 Joan.
2215 5541 2284 5595 rt,
2321 5531 2404 5583 19.
2487 5529 2503 5561 ι
2531 5528 2654 5583 Act.
2690 5541 2734 5594 ι,
2768 5530 2820 5581 3.

1713 5659 1903 5720 Variae
1944 5661 2245 5722 lectiones.

393 5791 440 5829 ’°
472 5793 525 5858 ὅς
552 5808 608 5854 o.
682 5792 725 5830 ’ί
754 5794 934 5869 σαρκός
959 5809 1014 5854 o.
1091 5792 1137 5829 ³³
1163 5791 1295 5867 ἡμᾶς
1320 5808 1376 5853 o.
1470 5790 1516 5828 ”
1540 5790 1687 5868 ἡμῶν
1716 5808 1771 5851 o.
1847 5790 1893 5830 ²⁴
1915 5792 2034 5868 πρὸς
2055 5809 2109 5852 ο.
