4104 6436
487 450 623 506 1243

1572 449 2085 510 THEOPHYLACTI
2124 452 2488 511 BULGARle
2524 453 2840 510 ARCHIEP.

3653 452 3796 509 1244

481 574 827 634 consimilem
887 574 956 633 ad
1005 575 1236 634 modum
1291 591 1390 634 vos
1431 575 1624 649 spiritu
1672 594 1686 634 :
1729 593 2076 652 resurgemus

2195 583 2432 663 Χριστῷ.
2492 580 2592 648 Ὦς
2643 581 2747 664 γὰρ
2800 583 2996 649 ἐκεῖνος
3057 579 3250 652 ἀνέστη
3309 578 3560 657 σώματι,
3625 577 3793 647 οὕτως

483 676 668 724 tamen
713 675 768 724 et
817 683 1068 740 corpore.
1097 669 1265 724 Secus
1304 676 1495 724 autem
1537 684 1774 742 magnus
1803 669 1892 726 ille
1924 671 2088 726 Joan-

482 774 578 816 nes
620 767 857 816 mortem
896 759 1314 833 intelligendam
1343 759 1574 816 indicat.
1608 763 1837 833 Propter
1889 761 2085 818 delicta

483 847 654 916 enim,
722 847 920 922 inquit,
999 851 1101 907 sub
1167 849 1624 907 condemnatione
1679 849 1874 908 mortis
1924 852 2086 926 positi

484 938 666 996 eratis.

550 1125 773 1178 Donans
801 1123 955 1178 nobis
1002 1124 1183 1178 omnia
1239 1123 1458 1180 delicta.
1489 1124 1626 1194 Quae
1655 1131 1896 1186 mortem
1925 1124 2085 1182 facie-

475 1210 628 1269 bant.
672 1212 811 1270 Vide
863 1222 1050 1270 autem
1080 1212 1276 1286 quibus
1304 1229 1407 1270 nos
1448 1212 1657 1287 dignos,
1709 1215 1992 1290 quomodo
2025 1216 2085 1275 li-

473 1303 706 1360 beravit.

547 1398 733 1452 Vens.
771 1401 856 1451 t4.
886 1396 1076 1452 Delens
1105 1397 1251 1467 quod
1296 1397 1587 1452 adversum
1611 1412 1707 1452 nos
1749 1403 1867 1454 erat
1900 1399 2083 1454 chiro-

478 1487 751 1558 graphum
787 1502 888 1557 per
927 1487 1160 1550 decreta,
1192 1487 1340 1557 quod
1367 1493 1486 1544 erat
1515 1489 1852 1544 contra-rium
1901 1491 2075 1545 nobis.

481 1579 620 1651 Quia
644 1579 881 1648 dixerat,
912 1581 1146 1635 Donavit
1170 1579 1339 1642 nobis,
1372 1595 1440 1634 ne
1487 1587 1710 1650 putares
1736 1578 1881 1652 quod
1914 1580 2080 1636 dimi-

476 1669 610 1725 serit
663 1684 746 1736 ca,
797 1669 874 1726 sic
926 1678 1113 1726 tamen
1163 1676 1226 1725 ut
1282 1677 1572 1726 manerent
1610 1677 1666 1726 et
1694 1679 2022 1742 apparerent
2062 1690 2076 1728 :

475 1759 621 1826 Non,
669 1758 864 1831 inquit,
906 1775 1016 1815 non
1043 1758 1168 1827 hoc,
1199 1757 1298 1816 sed
1343 1758 1564 1827 delevit,
1598 1758 1704 1816 hoc
1733 1769 1834 1828 est,
1867 1761 2076 1817 exscul-

477 1849 600 1919 psit.
645 1847 1079 1922 Chirographum
1119 1859 1304 1908 autem
1342 1849 1711 1923 intelligemus
1747 1851 1828 1906 vel
1866 1849 2080 1907 confes-

2194 675 2339 748 ὑμεῖς
2391 671 2686 748 πνεύματι·
2733 670 3142 749 ἀναστησόμεθα
3199 668 3379 746 μέντοι
3431 670 3644 738 πάντως
3697 669 3793 729 καὶ

2196 763 2427 841 σώματι.
2463 762 2572 823 Καὶ
2621 763 2809 840 ἑτέρως
2860 761 2914 821 δὲ
2965 766 2993 822 6
3045 761 3336 840 πάμμεγας
3380 759 3636 832 Ἰωάννης
3690 760 3790 828 τὴν

2195 851 2445 934 νέκρωσιν
2500 851 2788 913 αἰνίττεται
2831 854 2938 912 δεῖν
2983 857 3236 913 νοεῖσθαι.
3284 849 3388 911 Διὰ
3431 850 3534 932 γὰρ
3564 850 3632 909 τὰ
3675 873 3788 909 πα-

2197 943 2565 1022 ραπτώματα,
2617 941 2806 1026 φησὶν,
2841 943 2942 1003 ὑπὸ
2986 942 3082 1018 τὴν
3122 941 3412 1014 καταδίκην
3443 941 3644 1001 ἔκεισθε
3690 945 3788 999 103

2193 1034 2492 1096 ἀποθανεῖν.

2277 1152 2302 1180 ι
2346 1123 2724 1206 Χαρισάμενος
2767 1131 2897 1202 ἡμῖν
2939 1124 3111 1182 πάντα
3171 1121 3239 1180 τὰ
3281 1119 3711 1203 παραπτάματα.
3764 1147 3789 1172 ι

2191 1211 2252 1274 Ἃ
2285 1215 2380 1287 τὴν
2405 1215 2695 1296 νεκρότητα
2726 1213 2778 1253 ²⁵
2813 1213 3049 1276 ἐποίουν.
3081 1209 3230 1294 Ὅρα
3262 1211 3318 1273 δὲ
3351 1213 3507 1272 τίνων
3531 1215 3676 1290 ἡμᾶς
3702 1209 3794 1271 ὄν-

2191 1329 2288 1372 τας
2319 1305 2514 1378 ἀξίους,
2548 1309 2660 1373 πῶς
2684 1303 3068 1385 ἠλευθέρωσεν.

2277 1419 2308 1451 α
2366 1395 2682 1476 Ἐξαλείψας
2743 1394 2804 1455 16
2861 1395 2987 1455 καθ’
3052 1398 3208 1472 ἡμῶν
3265 1392 3616 1474 χειρόγραφον
3637 1391 3797 1476 Δ,τοῖς

2193 1485 2482 1564 δόγμασιν,
2531 1485 2560 1547 ὃ
2595 1471 2682 1559 ’ἦν
2722 1484 3030 1546 ὑπεναντίον
3076 1471 3229 1563 ἡμῖν.
3265 1471 3308 1540 3?.
3348 1471 3573 1550 Ἐπειδῆ
3619 1471 3791 1553 εἶπεν,

2189 1575 2269 1636 ὅτι
2300 1605 2325 1631 σι
2354 1576 2688 1657 Ἐχαρίσατο
2715 1577 2871 1654 ἡμῖν,
2903 1599 2930 1634 u
2963 1574 3052 1634 ἵνα
3086 1575 3161 1653 μὴ
3202 1573 3449 1652 νομίσῃς,
3478 1571 3556 1631 ὅτι
3587 1577 3793 1652 ἀφῆκεν

2193 1668 2326 1727 αὐτὰ
2361 1668 2536 1746 μένειν
2581 1667 2671 1727 καὶ
2721 1667 3027 1748 φαίνεσθαιο
3066 1665 3236 1746 Οὐχὶ,
3274 1664 3469 1746 φησὶν,
3503 1664 3561 1721 οὗ
3587 1667 3746 1722 10310
3770 1709 3787 1736 ,

2189 1759 2310 1818 ἀλλ’
2359 1757 2632 1839 ἐξήλειψε,
2679 1757 2969 1830 τουτέστιν,
3022 1755 3269 1836 ἐχάραξε.
3327 1753 3697 1834 Χειρόγραιρον
3734 1752 3790 1810 δὲ

2187 1847 2222 1920 ἢ
2265 1847 2362 1920 τὴν
2399 1847 2688 1928 ὁμολογίαν
2739 1847 3054 1925 νοήσωμεν,
3109 1847 3175 1918 ἣν
3220 1844 3402 1926 ὥσπερ
3454 1842 3506 1881 ²⁶
3542 1841 3792 1922 ἰδιόγρα-

472 1939 688 1996 sionem
719 1956 885 2012 quam
917 1941 1152 2014 populus
1179 1941 1509 1999 lsraeliticus
1534 1941 1650 2013 ipse
1683 1942 1918 2014 scripsit,
1945 1958 2073 1999 cum

2190 1960 2282 2018 φον
2312 1939 2599 2012 ἐποιήσατο
2620 1944 2648 1998 6
2672 1937 2794 2004 λαὸς
2818 1937 2946 2017 πρὸς
2973 1934 3201 2009 Μωσεία,
3230 1934 3465 2000 εἰπόντες
3485 1956 3500 1974 ο
3530 1956 3561 1988 α
3591 1932 3785 1993 Πάντα

2187 2027 2210 2040 ..
2342 2020 2371 2040 η
2528 2032 2544 2040 -
2610 2030 2650 2040 Α
2689 2030 2699 2040 .
2946 2027 2960 2040 ,
3264 2024 3276 2040 ι
3338 2027 3354 2040 .
3509 2021 3522 2040 .
3597 2028 3618 2040 .

471 2027 675 2086 diceret
715 2031 783 2088 ad
830 2035 1023 2088 Mosen
1057 2050 1070 2086 :
1103 2035 1298 2090 Omnia
1340 2049 1670 2103 quaecunque
1713 2033 1861 2089 dimit
1907 2038 2069 2098 Deus,

474 2121 738 2188 faciemus
791 2127 839 2176 et
885 2123 1170 2177 audiemus
1214 2132 1240 2157 ιι
1266 2165 1284 2187 ,
1337 2122 1416 2177 vel
1466 2121 1648 2178 fmdus
1677 2121 1828 2194 quod
1874 2123 2074 2195 pepigit

477 2212 748 2268 Dominus
791 2227 921 2268 cum
982 2212 1216 2282 Adamo,
1267 2214 1611 2283 Quocunque,
1666 2212 1940 2285 inquiens,
1988 2216 2075 2270 die

477 2301 674 2364 ederis,
727 2304 973 2356 morieris
1018 2318 1042 2343 ν
1066 2340 1082 2359 .
1111 2303 1232 2358 Hoc
1280 2303 1430 2359 enim
1460 2302 1622 2358 veluti
1652 2301 2077 2375 chirographum

473 2389 745 2446 retinebat
792 2389 1060 2457 diabolus,
1092 2399 1252 2463 atque
1283 2391 1387 2448 hoc
1437 2391 1615 2464 ipsum
1651 2390 1810 2448 nobis
1859 2391 2078 2459 restitit,

474 2493 585 2535 non
627 2478 817 2536 sinens
858 2495 959 2536 nos
988 2495 1270 2553 emergere
1324 2500 1336 2537 :
1364 2479 1452 2552 jus
1479 2480 1622 2536 enim
1667 2479 1918 2537 habebat.
1952 2483 2074 2537 Hoc

472 2567 676 2626 delevit
719 2568 968 2627 Christus
1009 2587 1108 2642 per
1157 2571 1388 2635 decreta,
1430 2569 1535 2626 hoc
1571 2579 1674 2638 est,
1721 2587 1816 2643 per
1843 2570 2011 2628 ﬁdem
2057 2591 2070 2627 :

471 2673 584 2715 non
611 2659 758 2715 enim
789 2675 886 2732 per
914 2675 1101 2733 opera,
1148 2677 1343 2717 verum
1387 2677 1482 2734 per
1510 2659 1633 2716 ﬁdei
1673 2659 1935 2733 dogmata
1966 2660 2074 2717 hoc

473 2747 721 2805 solutum
748 2757 851 2806 est.

545 2840 730 2910 Atque
744 2843 924 2911 ipsum
953 2843 1081 2897 tulit
1119 2843 1184 2896 de
1211 2843 1407 2905 medio,
1458 2844 1687 2912 afﬁgens
1737 2842 1880 2897 illud
1908 2843 2072 2895 cruci.

474 2930 603 2984 Non
649 2929 794 2986 istud
837 2931 1132 3003 exsculpsit
1176 2932 1586 2998 tantummodo,
1635 2947 1823 2987 verum
1854 2930 2021 2987 etiam
2049 2945 2080 2985 e

471 3018 659 3076 medio
689 3021 932 3089 sustulit,
963 3020 1067 3077 hoc
1103 3029 1209 3089 est,
1250 3019 1375 3076 fecit
1418 3035 1486 3075 ne
1521 3029 1830 3092 appareret.
1886 3026 1968 3076 Ac
1994 3035 2082 3075 ne-

471 3124 577 3181 que
606 3108 764 3165 nobis
789 3108 957 3177 dedit,
1009 3125 1186 3181 neque
1219 3109 1335 3180 ipse
1375 3109 1688 3177 custodivit,
1721 3110 1818 3166 sed
1845 3108 2079 3181 afﬁgens

470 3196 650 3268 ipsum
683 3197 850 3258 cruci.
882 3197 1234 3254 dilaceravit:
1277 3195 1432 3270 quod
1459 3197 1794 3253 remittentis
1824 3204 1908 3254 est
1946 3213 2073 3252 cum

473 3285 697 3358 gaudio.
727 3287 1010 3360 Siquidem
1066 3303 1260 3344 omnes
1303 3303 1528 3344 eramus
1575 3287 1796 3344 obnoxii
1840 3288 2074 3360 peccatis

471 3385 527 3432 et
555 3391 778 3449 parum:
831 3377 943 3449 ipse
985 3384 1190 3447 autem,
1235 3377 1290 3433 in
1337 3393 1502 3450 quem
1532 3379 1745 3434 nullum
1793 3386 2079 3450 peccatum

468 3466 718 3533 cadebat,
748 3467 970 3539 punitus
1003 3483 1100 3539 pro
1139 3467 1318 3531 nobis.
1343 3469 1400 3524 in
1427 3485 1591 3525 cruce
1615 3469 1775 3525 diluit
1803 3485 1867 3525 ac
1897 3478 2080 3525 sustu-

471 3556 537 3612 lit
575 3565 861 3624 peccatum
916 3574 980 3614 ac
1017 3557 1390 3631 supplicium:
1438 3557 1606 3632 483
1652 3559 1762 3616 illic
1813 3559 1982 3633 igitur
2023 3566 2081 3616 et

472 3646 905 3721 chirographum
934 3648 1157 3720 dirupit.

545 3741 836 3796 Vsns.15.
860 3741 1191 3810 Exspolians
1201 3743 1548 3812 principatus
1559 3745 1610 3797 et
1617 3745 1929 3812 potestates.
1952 3741 2080 3798 Dia-

470 3827 675 3886 bolicas
712 3830 982 3902 potentias
1011 3831 1163 3900 dicit,
1200 3831 1651 3905 quandoquidem
1687 3847 1779 3888 eas
1817 3832 2060 3888 humana

470 3928 671 3976 natura
694 3919 976 3977 induerat:
997 3923 1076 3977 vel
1097 3921 1226 3994 quia
1253 3923 1369 3995 ipse
1391 3921 1560 3979 homo
1591 3919 1788 3991 factus,
1809 3930 2075 3994 tanquam

473 4026 665 4067 ansam
695 4011 936 4068 habebat
975 4011 1081 4068 hoc
1107 4012 1310 4083 ipsum,
1342 4011 1489 4084 quod
1516 4011 1685 4068 homo
1713 4021 1857 4068 esset
1890 4030 1903 4069 :
1931 4012 2079 4068 exuit

475 4117 691 4170 ansam,
728 4101 786 4159 id
823 4102 1444 4176 est,irreprehensibilis
1498 4102 1752 4158 inventus
1791 4112 1874 4160 est
1921 4105 2081 4176 prin-

473 4193 743 4264 cipatibus
793 4201 848 4250 et
905 4194 1282 4265 potestatibus.
1333 4193 1448 4248 Etsi
1514 4193 1660 4248 enim
1719 4197 2074 4265 peccatricem

473 4287 730 4338 naturam
781 4283 1158 4354 assumpserit,
1211 4284 1342 4338 citra
1390 4289 1572 4338 tamen
1625 4292 1929 4354 peccatum.
1985 4286 2080 4340 Di-

474 4388 624 4428 scere
647 4381 832 4428 autem
864 4375 1041 4445 possis
1070 4375 1210 4430 istuc
1235 4374 1315 4428 sic
1353 4371 1454 4428 dici
1489 4391 1502 4428 :
1538 4372 1806 4431 Diabolus
1844 4391 1940 4448 per
1968 4375 2077 4433 duo

474 4461 596 4519 hac
643 4463 1034 4519 dominabatur
1077 4463 1130 4519 iu
1182 4461 1478 4519 humanam
1511 4471 1788 4533 naturam,
1823 4465 2072 4538 voluptao

2180 2027 2280 2088 ὅσα
2323 2020 2468 2089 εἶπεν
2523 2032 2551 2087 6
2603 2030 2776 2100 Θεὸς,
2835 2027 3131 2103 ποιήσομεν
3191 2024 3283 2085 καὶ
3325 2021 3687 2100 ἀκουσόμεθα’
3756 2047 3788 2079 ιθ

2182 2117 2216 2190 ἢ
2267 2118 2362 2192 τὴν
2420 2118 2725 2192 συνθήκην,
2787 2117 2850 2190 ἣν
2911 2119 3156 2190 ἐποίησεν
3215 2119 3243 2174 6
3307 2113 3444 2182 Θεὸς
3501 2115 3634 2194 πρὸς
3699 2113 3792 2172 16v

2187 2209 2378 2287 Ἀδὰμ,
2410 2208 2572 2270 εἰπών
2591 2233 2604 2247 ο
2643 2233 2672 2264 α
2702 2199 2776 2294 ’ᾟ
2798 2209 2860 2267 ἂν
2887 2206 3066 2289 ἡμέρα
3089 2209 3256 2287 φαγῆ,
3289 2207 3550 2283 ἀποθανῇ.
3581 2226 3610 2261 ι(
3633 2203 3793 2263 Ταύο

2187 2323 2286 2372 την
2320 2299 2425 2382 γὰρ
2475 2307 2722 2379 κατεῖχεν
2772 2301 2800 2357 6
2833 2298 3113 2368 διάϐολος,
3160 2299 3231 2363 ὡς
3260 2295 3647 2375 χειρόγραφον,
3697 2294 3794 2353 καὶ

2190 2393 2327 2462 αὕτη
2360 2389 2643 2451 ἀνθίστατο
2676 2393 2840 2464 ἡμῖν,
2877 2387 2953 2466 μὴ
2986 2389 3126 2447 ἐῶσα
3162 2387 3461 2467 ἀνακύψαι·
3494 2385 3555 2444 τὸ
3588 2382 3794 2442 δίκαιον

2188 2479 2290 2561 γὰρ
2321 2471 2456 2561 εἶχε.
2481 2484 2658 2542 Τοῦτο
2684 2478 2956 2560 ἐξήλειψεν
2981 2483 3011 2540 6
3030 2477 3258 2559 Χριστὸς
3293 2502 3319 2530 σι
3343 2483 3451 2541 τοῖς
3481 2473 3738 2554 δόγμασι,
3768 2499 3791 2526 ι

2182 2571 2421 2632 τουτέστι
2451 2575 2517 2652 τῇ
2570 2570 2779 2631 πίστει·
2836 2571 2894 2630 οὗ
2942 2567 3050 2651 γὰρ
3101 2567 3299 2650 ἔργοις,
3356 2563 3494 2624 ἀλλὰ
3536 2565 3642 2632 τοῖς
3693 2566 3792 2635 τῆς

2181 2660 2409 2729 πίστεως
2439 2661 2671 2740 δόγμασι
2695 2660 2914 2720 λέλυται
2946 2663 3123 2720 τοῦτο.

2273 2866 2303 2897 α
2359 2841 2468 2904 Καὶ
2529 2840 2654 2902 αὐτὸ
2725 2832 2848 2921 ἦρεν
2915 2843 2974 2900 ἐκ
3023 2843 3114 2898 103
3177 2835 3371 2915 μέσου,
3436 2832 3795 2914 προσηλώσας

2189 2933 2316 2994 αὐτὸ
2361 2936 2438 3011 τῷ
2477 2935 2712 3012 σταυρῷ.
2753 2953 2780 2988 ιι
2821 2932 2940 2991 Οὖκ
2986 2927 3212 3011 ἐχάραξε
3241 2931 3398 2986 10310
3428 2927 3616 3002 μόνον,
3652 2924 3793 2983 ἀλλὰ

2190 3025 2282 3082 καὶ
2315 3045 2345 3081 α
2366 3013 2491 3101 ἦρεν
2518 3024 2577 3082 ἐκ
2601 3027 2692 3080 103
2725 3021 2886 3098 μέσου
2909 3019 2986 3094 ³⁷,
3016 3044 3043 3078 ››
3077 3019 3368 3088 τουτέστιν,
3403 3014 3619 3087 ἐποίησε
3647 3013 3792 3092 μηδὲ

2187 3112 2492 3192 φαίνεσθαι·
2541 3111 2633 3170 καὶ
2661 3109 2780 3170 οὔτε
2830 3116 2960 3188 ἡμῖν
3015 3110 3233 3184 ἔδωκεν,
3277 3105 3397 3166 οὔτε
3451 3104 3606 3171 αὐτὸς
3666 3103 3796 3185 ἐφύ-

2187 3201 2374 3273 λαξεν,
2422 3199 2560 3261 ἀλλὰ
2609 3201 2922 3283 περιπείρας
2975 3200 3104 3259 αὐτὸ
3157 3201 3210 3258 ἐν
3249 3200 3328 3279 τῷ
3373 3198 3606 3275 σταυρῷ,
3659 3218 3795 3253 κατα

2189 3291 2435 3373 ἔσχισεν·
2481 3291 2510 3352 ὃ
2559 3297 2648 3352 103
2686 3291 2825 3367 μετὰ
2865 3300 3039 3372 χαρᾶς
3091 3289 3330 3369 ἀφιέντος
3386 3286 3522 3348 ἐστί.
3582 3285 3797 3373 Πάντες

2188 3372 2292 3462 γάρ
2322 3375 2458 3458 ἦμεν
2490 3381 2663 3462 ἔνοχοι
2695 3381 2962 3460 ἁμαρτίας
3001 3381 3092 3440 καὶ
3122 3378 3422 3444 κολάσεως⁶
3459 3375 3615 3443 αὐτὸς
3648 3373 3702 3432 δὲ
3736 3372 3793 3412 ³⁸

2187 3479 2214 3535 6
2250 3472 2626 3554 ἀναμάρτητος
2680 3471 2956 3537 κολασθεὶς
3006 3472 3115 3530 ἀνθ’
3149 3473 3340 3547 ἡμῶν,
3393 3467 3446 3526 ἓν
3494 3469 3570 3545 τῷ
3620 3488 3796 3558 σταμ-

2189 3566 2264 3646 ρῷ
2313 3565 2469 3624 ἔλυσε
2524 3561 2620 3635 τὴν
2669 3563 2938 3641 ἁμαρτίαν
2983 3559 3076 3620 καὶ
3121 3560 3217 3632 τὴν
3259 3557 3506 3619 κόλασιν*
3537 3557 3648 3615 ἐκεῖ
3700 3544 3795 3614 οὖν

2187 3657 2278 3714 καὶ
2310 3654 2370 3712 16
2397 3655 2754 3735 χειρόγραφον
2794 3651 3086 3734 διέρρηξεν.

2274 3768 2304 3800 ι(
2340 3733 2802 3822 Ἀπεκδυσάμερος
2830 3733 2925 3808 τὰς
2967 3739 3136 3822 ἀρχὰς
3187 3739 3278 3798 καὶ
3314 3735 3412 3805 τὰς
3458 3733 3713 3804 ἐξουσίας.
3755 3759 3788 3791 ιο

2189 3833 2303 3901 Τὰς
2341 3832 2650 3901 διαϐολικὰς
2682 3833 2930 3912 δυνάμεις
2977 3832 3159 3908 λέγει,
3195 3828 3377 3901 ἐπειδὴ
3407 3825 3580 3893 ἀὐτὰς
3610 3829 3644 3897 ἡ
3686 3827 3794 3884 ἀν-

2187 3923 2424 4004 θρωπίνη
2474 3923 2625 4004 φύσις
2665 3923 2972 3983 ἐνεδύσατω
3103 3917 3288 3991 ἐπειδὴ
3321 3917 3474 3985 αὐτὸς
3518 3915 3796 3995 ἅνθρωπος

2185 4003 2496 4093 γενόμενος,
2537 4011 2718 4089 ὥσπερ
2750 4011 2923 4084 λαϐὴν
2975 4003 3088 4092 εἶχε
3119 4015 3276 4070 τοῦτο
3307 4005 3434 4068 αὐτὸ
3464 4004 3526 4066 τὸ
3573 4005 3785 4086 ἄνθρω-

2187 4127 2281 4171 πος
2330 4094 2492 4162 εἶναι’
2540 4102 2898 4172 ἀπεξεδύσατο
2927 4101 3023 4175 τὴν
3067 4099 3265 4172 λαϐὴν,
3304 4097 3608 4171 τουτέστιν,
3643 4096 3788 4168 ἄλη-

2187 4218 2312 4260 πτος
2363 4194 2548 4274 εὑρέθη
2617 4202 2731 4259 ταῖς
2785 4193 2974 4272 ἀρχαῖς
3040 4189 3132 4250 καὶ
3215 4197 3332 4256 ταῖς
3386 4185 3664 4256 ἐξουσίαις.
3722 4188 3794 4246 Εἰ

2191 4282 2296 4364 γὰρ
2346 4284 2437 4344 καὶ
2486 4284 2581 4356 τὴν
2638 4283 2959 4359 ἁμαρτωλὸν
3015 4281 3168 4364 φύσιν
3215 4278 3615 4361 προσελάϐετο,
3669 4276 3793 4333 ἀλλ’

2190 4373 2600 4454 ἀναμαρτήτως.
2654 4375 2860 4439 Μάθοις
2897 4372 2940 4431 δ’
2974 4371 3035 4430 ἂν
3072 4372 3131 4430 τὸ
3167 4369 3453 4450 λεγόμενον
3485 4366 3537 4404 ²⁹
3585 4365 3752 4433 οὕτως
3776 4390 3791 4404 ο

2188 4462 2255 4524 Ὁ
2287 4463 2529 4531 διάϐολος
2591 4463 2677 4524 διὰ
2733 4463 2825 4522 δύο
2854 4463 3052 4523 τούτων
3084 4461 3399 4541 κατεκράτει
3443 4462 3537 4529 τῆς
3588 4457 3793 4535 ἀνθρω-

476 4560 588 4608 tem
639 4551 842 4609 scilicet
885 4562 1050 4625 atque
1096 4552 1364 4609 dolorem.
1418 4553 1692 4609 Dominus
1743 4554 1912 4625 igitur
1950 4571 2071 4628 pro-

2187 4554 2339 4626 πίνης
2385 4555 2612 4635 φύσεως,
2663 4555 2856 4627 ἡδονῆς
2901 4552 2990 4612 καὶ
3040 4550 3232 4624 λύπης.
3266 4551 3333 4609 ’0
3374 4547 3548 4608 τοίνυν
3593 4544 3794 4650 Κύριος

472 4651 593 4716 pter
660 4644 765 4700 hoc
810 4643 1112 4700 humanam
1159 4655 1417 4700 naturam
1492 4659 1796 4712 assumens,
1867 4653 1929 4702 ut
1973 4663 2072 4719 pro

473 4737 636 4794 nobis
681 4737 907 4795 dimicet
969 4737 1229 4794 adversus
1291 4738 1630 4811 principatus
1677 4748 1731 4796 et
1778 4747 2075 4812 potestates

471 4827 588 4899 ejus
620 4846 633 4884 :
675 4828 856 4885 dicere
903 4829 1264 4900 praetermitto
1304 4827 1454 4901 quod
1493 4829 1742 4901 protinus
1787 4831 1839 4887 in
1873 4830 2075 4904 princi-

473 4916 561 4990 pio
594 4917 991 4990 assumptionis
1027 4927 1231 4974 sancta:
1259 4919 1436 4974 carnis
1464 4934 1579 4975 sum
1610 4918 1707 4976 has
1729 4921 2076 4989 sauciaverit,

472 5007 608 5064 citra
649 5010 989 5082 voluptatem
1041 5017 1363 5080 conceptus,
1417 5016 1581 5081 atque
1626 5010 1758 5066 citra
1819 5009 2070 5067 dolorem

470 5101 685 5173 genitus
717 5121 730 5158 :
763 5101 1067 5174 quinetiam
1114 5109 1405 5173 postquam
1444 5110 1608 5158 natus
1641 5111 1808 5169 esset,
1849 5102 2077 5175 jamque

469 5189 815 5260 adolevisset,
848 5206 912 5246 ac
940 5191 997 5246 in
1041 5190 1216 5247 virum
1241 5190 1519 5258 crevisset,
1551 5200 1793 5249 tentatus
1833 5201 1918 5249 est
1959 5193 2076 5265 qui-

470 5279 598 5336 dem
653 5295 687 5336 a
732 5281 1031 5354 voluptatis
1078 5281 1499 5338 inescationibus
1546 5281 1698 5353 prius
1740 5282 1799 5339 in
1844 5293 2067 5352 monte;

472 5378 715 5427 tentatus
755 5379 858 5441 est,
905 5371 1127 5445 inquam
1180 5388 1212 5428 a
1253 5371 1398 5444 gula,
1442 5371 1512 5428 ab
1559 5387 1731 5444 opum
1781 5387 1972 5430 amore
2018 5380 2073 5429 et

470 5463 617 5520 inani
644 5462 837 5535 gloria,
873 5461 1032 5521 hoste
1065 5479 1254 5521 coram
1293 5463 1472 5536 ipsum
1497 5462 1809 5535 invadente,
1844 5480 1909 5522 ac
1946 5464 2076 5521 vicit

552 5544 774 5601 “Exod.
807 5559 942 5616 XIX,
974 5551 1029 5602 8.
1119 5546 1301 5603 'Gen.
1335 5559 1404 5613 ιι,
1440 5550 1524 5602 16.

2184 4644 2270 4703 διὰ
2318 4633 2473 4704 10310
2511 4644 2609 4717 τὴν
2660 4642 2816 4722 φύσιν
2864 4640 3338 4723 προσλαϐόμενος,
3409 4641 3478 4700 ὡς
3533 4636 3594 4694 ἂν
3653 4633 3792 4714 ὑπὲρ

2183 4737 2337 4812 ἡμῶν
2365 4736 2608 4815 παλαίσῃ
2640 4734 2768 4814 πρὸς
2797 4731 2895 4800 τὰς
2926 4731 3095 4812 ἀρχὰς
3126 4730 3219 4790 καὶ
3252 4729 3348 4796 τὰς
3398 4724 3632 4797 ἐξουσίας
3679 4728 3792 4784 αὐ-

2183 4829 2309 4885 1o3°
2350 4823 2548 4906 ἀφίημι
2587 4824 2779 4902 λέγειν,
2830 4823 2910 4883 ὅτι
2967 4821 3060 4881 καὶ
3113 4820 3260 4887 εὐθὺς
3303 4817 3356 4888 ἐξ
3414 4819 3581 4897 ἀρχῆς
3623 4817 3674 4906 ἐν
3720 4819 3789 4893 τῇ

2187 4903 2486 4996 προσλήψει
2514 4919 2607 4986 τῆς
2651 4913 2806 4992 ἁγίας
2836 4914 2996 4971 αὐτοῦ
3029 4913 3258 4992 σαρκὸς,
3292 4909 3509 4989 ἔθραυσε
3554 4903 3779 4996 ταύτας,

2184 5005 2306 5065 ἄνευ
2353 4994 2545 5078 ἡδονῆς
2596 5003 2930 5084 συλληφθεὶς,
2981 5002 3073 5061 καὶ
3136 5001 3260 5060 ἄνευ
3309 4999 3484 5070 λύπης
3549 4994 3788 5084 τεχθείς⁸

2184 5093 2325 5167 πλὴν
2351 5094 2489 5153 ἀλλὰ
2525 5095 2618 5154 καὶ
2649 5093 2786 5170 μετὰ
2820 5094 2878 5151 τὸ
2915 5095 3168 5172 τεχθῆναι
3209 5089 3302 5149 καὶ
3348 5089 3681 5164 ἀνδρωθῆναι
3707 5083 3786 5157 ³⁰,

2185 5185 2473 5264 ἐπειράσθη
2538 5184 2634 5262 μὲν
2685 5183 2789 5242 ὑπὸ
2841 5186 2946 5242 τῶν
2996 5187 3092 5254 τῆς
3147 5183 3340 5252 ἡδονῆς
3407 5174 3791 5252 δελεασμάτων

2180 5263 2438 5356 πρότερον
2481 5277 2533 5335 ἐν
2562 5279 2640 5358 τῷ
2683 5275 2824 5355 ὄρει,
2855 5271 3322 5354 γαστριμαργίας,
3353 5267 3527 5358 λέγω,
3577 5263 3667 5324 καὶ
3702 5288 3791 5345 φι-

2180 5365 2520 5438 λοπλουτίας,
2554 5357 2648 5425 καὶ
2674 5362 2969 5434 κενοδοξίας
3022 5361 3093 5436 ³⁴,
3135 5357 3568 5442 αὖτοπροσώπως
3617 5377 3793 5442 προσ-

2184 5456 2434 5525 ϐαλόντος
2462 5435 2558 5516 103
2600 5457 2812 5538 ἐχθροῦ,
2842 5453 2934 5517 καὶ
2964 5435 3204 5526 ἐνίκὴσεν
3254 5435 3388 5532 ὑπὲρ
3434 5449 3611 5526 ἡμῶν.
3647 5435 3791 5505 Εἶτα

1881 5627 2068 5686 Variae
2109 5629 2394 5689 lectiones
2407 5675 2420 5688 .

543 5713 589 5747 ⁸⁵
639 5715 874 5785 νέκρωσιν
919 5730 974 5770 o.
1059 5715 1105 5749 ⁸⁸
1177 5717 1330 5787 ἥνπερ
1379 5733 1432 5774 o.
1509 5717 1553 5751 ²⁷
1609 5718 1826 5789 ἥρπασεν
1880 5717 1934 5772 ἐκ
1982 5719 2153 5789 μέσου.
2216 5716 2343 5784 Καὶ,
2393 5715 2510 5788 {pne
2567 5731 2624 5774 ο.

481 5793 628 5860 θῆναι
653 5809 707 5851 0.
784 5794 825 5829 ³⁸
855 5794 1138 5866 φιλοδοξίας
1163 5813 1216 5853 0.

2715 5713 2762 5748 ³⁸
2814 5709 2902 5766 οὖν
2953 5729 3006 5771 o.
3083 5712 3128 5747 ²⁹
3175 5716 3325 5769 τοῦτο
3362 5729 3415 5771 ο.
3511 5712 3557 5747 ³ο
3602 5713 3792 5786 ἅδρυν-
