4104 6466
396 515 533 571 1245

1250 512 1601 570 EXPOSITIO
1641 515 1706 570 IN
1744 514 1958 571 EPIST.
1997 515 2090 572 AD
2132 514 2406 572 COLOSS.
2449 545 2516 556 --
2554 516 2703 572 CAP.
2747 517 2808 572 ll.

3565 522 3702 577 i246

395 639 499 700 ὑπὸ
536 641 640 700 τῶν
671 642 765 712 τῆς
796 638 969 712 λύπης
1011 637 1235 700 ἔσπευδε
1277 638 1330 678 ³³
1375 639 1781 721 μηχανημάτων
1811 644 1840 701 6
1867 664 1994 702 πει-

2105 657 2208 716 pro
2241 641 2419 699 nobis.
2463 642 2682 700 Deinde
2719 658 2846 700 eum
2887 650 3134 701 tentator
3173 643 3382 702 doloris
3421 644 3700 702 machina-

397 731 564 810 ράζων
620 731 776 790 αὐτὸν
834 728 1148 811 περιτρέψαι
1198 731 1270 798 εἷς
1316 730 1378 790 τὸ
1429 735 1655 807 μισῆσαι
1688 729 1806 799 τοὺς
1849 734 1988 806 πλη-

393 819 526 892 σίον,
559 819 915 880 ἐπιϐουλεύων
941 821 1085 900 αὐτῷ
1107 820 1192 880 διὰ
1207 823 1313 880 τῶν
1336 819 1657 900 Φαρισαίων
1681 821 1773 881 καὶ
1797 823 1986 903 Γραμ-

399 909 644 988 ματέων,
695 911 788 972 καὶ
823 911 998 970 αὐτῶν
1029 913 1134 970 τῶν
1189 914 1280 970 ὑπ’
1331 914 1494 971 αὐτοῦ
1541 913 1987 992 εὖεργετημένωνο

395 1001 490 1059 οὐκ
520 998 706 1080 ἴσχυσε
737 1000 793 1060 δὲ
834 1005 987 1060 τοῦτο
1029 1003 1482 1081 κατεργάσασθαι.
1542 1003 1864 1062 Τελευταῖον
1895 1001 1986 1080 δὲ,

391 1088 484 1148 καὶ
540 1092 752 1170 σταυρῷ
782 1089 1118 1170 προσέπηξε,
1164 1089 1224 1150 τὸ
1251 1090 1636 1172 κραταιότατον
1688 1091 1990 1173 μηχάνημα

395 1178 625 1258 ἐπάγων.
672 1177 816 1240 Ἀλλ’
866 1184 894 1238 6
935 1179 1128 1261 Κύριος
1171 1186 1418 1241 τοσοῦτον
1449 1182 1545 1240 οὐκ
1597 1181 1815 1241 ἐνέδωκε
1862 1181 1993 1262 πρὸς

400 1267 434 1327 ἃ
463 1270 656 1337 ἐκεῖνος
702 1268 962 1342 ἠϐούλετο
984 1314 998 1343 ,
1039 1270 1177 1352 ὥστε
1220 1271 1310 1330 καὶ
1362 1269 1494 1350 ὓπὲρ
1550 1273 1655 1330 τῶν
1703 1269 1991 1352 σταυρούν-

393 1382 496 1418 των
549 1357 771 1440 ηὔχετο.
826 1357 1014 1428 Οὕτως
1077 1350 1166 1420 οὖν
1215 1361 1268 1418 ἐν
1318 1364 1394 1442 τῷ
1424 1364 1639 1441 σταυρῷ
1684 1362 1991 1422 τελεώτατα

398 1446 678 1516 ἐξεδύσατο
719 1448 816 1516 τὰς
875 1448 1044 1530 ἀρχὰς
1087 1449 1178 1509 καὶ
1238 1448 1332 1518 τὰς
1389 1449 1652 1524 ἐξουσίας,
1705 1455 1834 1527 ἡμῖν
1892 1450 1989 1525 τὴν

398 1537 607 1598 ἔκδυσιν
696 1539 895 1612 ταύτην
978 1539 1447 1620 περιποιούμενος,
1519 1544 1627 1608 τοῖς
1698 1542 1988 1622 ἐνδυσαμέ-

397 1650 504 1696 νοις
532 1629 584 1667 ³³
615 1629 842 1703 ταύτας,
877 1633 946 1698 ὥς
975 1636 1082 1702 ’τῆς
1114 1629 1318 1711 φύσεως
1356 1631 1708 1702 κοινωνήσας.

477 1745 502 1771 ι
529 1718 934 1798 Ἐδειγμάτισεν
975 1722 1027 1780 ἕν
1068 1719 1370 1802 παρρησίᾳ.
1409 1747 1431 1774 ι
1459 1723 1510 1781 Τ
1512 1720 1748 1780 ουτέστιν
1772 1768 1787 1796 ,
1813 1723 1988 1800 ἀσχη-

395 1813 629 1886 μονῆσαι
679 1808 950 1879 ἐποίησεν.
1067 1810 1343 1869 Οὐδέποτε
1397 1808 1500 1891 γὰρ
1569 1809 1736 1878 οὕτως
1809 1813 1988 1892 ἠσχη-

2107 731 2316 788 mentis
2354 731 2414 788 in
2441 733 2680 804 proximi
2710 733 2898 790 odium
2936 741 3246 806 pervertere
3273 735 3571 803 nitebatur,
3601 735 3704 792 do-

2097 821 2216 878 lum
2249 823 2298 878 ei
2327 830 2556 878 nectens
2586 838 2680 894 per
2704 823 3010 881 Pharisaeos
3040 832 3095 880 et
3121 825 3364 894 Scribas,
3404 833 3567 898 atque
3603 841 3702 898 per

2097 927 2194 969 eo
2227 911 2319 985 qui
2343 913 2412 968 ab
2439 913 2560 984 ipso
2590 912 2922 970 beneficium
2965 914 3310 987 accipiebant
3343 933 3357 972 :
3383 931 3496 972 non
3521 916 3704 988 potuit

2100 1011 2286 1059 autem
2315 1001 2420 1059 hoc
2455 1001 2696 1059 efﬁcere.
2723 1003 2972 1061 Tandem
3008 1020 3141 1062 vero
3169 1005 3319 1062 cruci
3348 1005 3544 1074 afﬁxit,
3577 1003 3696 1062 for-

2097 1092 2375 1149 tissimam
2399 1091 2714 1150 machinam
2735 1093 3061 1151 admovens.
3082 1099 3262 1168 Atque
3277 1097 3548 1152 Dominus
3565 1095 3701 1152 adeo

2100 1199 2216 1240 non
2252 1182 2592 1240 concedebat
2626 1185 2676 1239 ei
2711 1199 2834 1257 quae
2866 1183 3108 1253 volebat,
3145 1194 3207 1242 ut
3244 1193 3299 1242 et
3337 1201 3436 1258 pro
3472 1184 3694 1242 cruciﬁ-

2107 1273 2358 1347 gentibus
2397 1281 2597 1332 oraret.
2639 1276 2802 1331 Hunc
2829 1275 3018 1348 itaque
3057 1274 3127 1331 ad
3173 1275 3404 1333 modum
3433 1276 3488 1331 in
3532 1291 3697 1332 cruce

2110 1364 2506 1438 perfectissime
2561 1365 2822 1437 spoliavit
2870 1366 3209 1438 principatus
3255 1374 3310 1422 et
3363 1373 3701 1438 potestates,

2101 1454 2266 1511 nobis
2306 1455 2693 1526 spoliationem
2746 1454 2891 1511 hanc
2942 1455 3228 1528 acquirens
3269 1463 3433 1529 atque
3476 1471 3703 1527 compa-

2109 1561 2260 1613 rans,
2299 1546 2396 1618 qui
2419 1545 2586 1616 lhisce
2619 1545 2794 1602 induti
2828 1561 3070 1617 eramus,
3101 1546 3299 1620 quippe
3332 1547 3458 1619 quia
3486 1555 3704 1603 natura:

2105 1642 2314 1690 nostrae
2343 1650 2571 1692 consors
2615 1642 2751 1692 erat.

2171 1726 2470 1782 Ostentum
2500 1727 2708 1796 palam.
2753 1727 2876 1781 Hoc
2922 1733 3027 1794 est,
3070 1724 3368 1781 indecoros
3396 1739 3516 1781 esse
3553 1723 3704 1780 fecit.

2104 1815 2407 1888 Nunquam
2443 1817 2595 1872 enim
2633 1815 2768 1872 adeo
2804 1814 3128 1888 pudefactus
3161 1823 3245 1870 est
3274 1814 3546 1870 diabolus.
3586 1817 3701 1870 Ex-

396 1897 628 1976 μόνησεν
675 1903 727 1980 6
754 1899 1018 1961 διάϐολος.
1062 1901 1388 1978 Προσδοκῶν
1440 1899 1542 1980 γὰρ
1597 1901 1753 1960 αὐτὸν
1804 1891 1982 1980 ἔχειν,

2099 1913 2359 1976 spectans
2401 1906 2552 1962 enim
2584 1906 2703 1977 ipse
2730 1905 3010 1962 Christum
3039 1913 3244 1974 tenere,
3279 1920 3421 1976 quos
3448 1905 3586 1960 alios
3609 1904 3706 1960 ha-

393 1987 487 2048 καὶ
538 1987 626 2057 οὓς
677 1979 822 2069 εἶχεν
871 1989 1062 2056 ἄλλους
1115 1988 1383 2052 ἀπώλεσε.
1471 1979 1549 2051 Τὸ
1605 1990 1696 2064 δὲ,
1768 2014 1798 2046 α
1834 1979 1988 2071 Παῤ-

395 2078 586 2159 ῥησίᾳ,
617 2105 640 2134 ι
671 2078 789 2139 ἀντὶ
818 2085 938 2152 τοῦ,
969 2079 1201 2161 δημοσίᾳ
1219 2127 1234 2153 ,
1261 2080 1472 2140 πάντων
1502 2079 1760 2160 δρώντων.
1797 2081 1988 2142 Πάντα

390 2166 496 2249 γὰρ
547 2168 614 2228 ἂν
653 2168 902 2241 ἐποίησεν
951 2173 979 2229 6
1009 2168 1283 2241 διάϐολος,
1333 2169 1384 2229 εἴ
1423 2193 1481 2248 γε
1532 2169 1791 2242 ἠδύνατο,
1849 2169 1987 2230 ὥστε

388 2259 572 2319 πεῖσαι
596 2257 716 2326 τοὺς
747 2257 1078 2338 ἀνθρώπους,
1124 2257 1204 2318 ὅτι
1245 2263 1339 2320 οὐκ
1385 2260 1631 2320 ἀπέθανε.
1671 2263 1844 2321 Τοῦτο
1884 2261 1987 2340 γὰρ

394 2352 428 2420 ἡ
463 2350 672 2428 μεγάλη
710 2351 872 2408 αὐτοῦ
911 2341 1049 2422 ἧττα
1079 2350 1173 2410 καὶ
1217 2350 1544 2426 κατάλυσις,
1588 2350 1677 2422 τὸ,
1741 2351 1990 2432 ἀναμάρ-

390 2461 548 2509 τητον
593 2439 868 2520 ἄνθρωπον
923 2439 1132 2521 θανάτῳ
1185 2444 1501 2520 ὑπαγαγεῖν.
1595 2441 1692 2500 Διὸ
1741 2441 1832 2500 καὶ
1885 2465 1986 2519 μυ-

393 2527 506 2608 ρίας
556 2529 782 2610 αἱρέσεις
812 2530 1037 2591 ἐνταῦθα
1076 2529 1293 2612 ἤγειρε,
1335 2529 1476 2590 κατὰ
1515 2530 1812 2612 φαντασίαν
1840 2531 1988 2612 γενέ·

389 2623 514 2678 σθαι
564 2620 652 2679 τὸν
707 2619 930 2680 θάνατον
979 2619 1362 2698 εἶσηγουμένας
1389 2621 1464 2680 ³4.
1503 2620 1607 2681 Διὰ
1653 2625 1812 2680 τοῦτο
1840 2621 1932 2681 καὶ
1961 2626 1989 2681 6

389 2707 588 2788 Κύριος
637 2709 868 2770 ἀπέθανε
909 2710 1006 2788 μὲν
1059 2714 1329 2792 φανερῶς,
1363 2711 1460 2770 οὐκ
1511 2709 1702 2783 ἀνέστη
1737 2711 1793 2771 δὲ
1825 2728 1984 2792 φανε-

390 2802 508 2879 ρῶς·
551 2796 632 2858 ὅτι
685 2803 782 2872 τῆς
838 2797 932 2878 μὲν
993 2799 1336 2869 ἀναστάσεως
1393 2799 1488 2860 καὶ
1543 2803 1572 2859 6
1626 2799 1766 2877 μετὰ
1817 2807 1987 2861 ταῦτα

387 2887 572 2968 καιρὸς
603 2887 799 2969 ἔμελλε
844 2889 1048 2971 μάρτυς
1105 2891 1340 2950 ἔσεσθαι·
1384 2895 1476 2950 τοῦ
1529 2889 1584 2950 δὲ
1630 2889 1889 2965 θανάτου,
1941 2894 1985 2951 εἰ

397 2980 474 3057 μὴ
510 2984 539 3040 6
562 2979 681 3040 τότε
707 2979 890 3059 καιρὸς
909 3026 927 3059 ,
956 2982 1052 3040 οὐκ
1075 2979 1138 3039 ἂν
1165 2979 1338 3063 ἕτερος
1367 2981 1593 3060 ἐγένετο.

465 3097 491 3124 α
515 3069 897 3153 Θριαμϐεύσας
923 3068 1112 3138 αὐτοὺς
1141 3072 1194 3129 ἐν
1229 3074 1393 3152 αὐτῷ.
1427 3097 1452 3124 ιο
1482 3069 1796 3144 Τουτέστιν,
1825 3072 1879 3129 ἐν
1908 3075 1984 3152 τῷ

388 3163 604 3240 σταυρῷ
639 3159 762 3228 τοὺς
790 3159 1045 3238 δαίμονας
1086 3161 1415 3239 ἡττημένους
1455 3159 1650 3230 δείξας.
1702 3160 1988 3243 Θρίαμϐος

385 3248 488 3330 γὰρ
516 3230 764 3330 λέγεται,
819 3230 946 3310 ὅταν
989 3275 1068 3318 τις
1107 3230 1237 3310 νᾶπδ
1262 3250 1409 3324 νίκης
1442 3251 1716 3330 πολεμίων
1751 3230 1986 3311 ἐπανελ-
2021 3230 2064 3294 C

388 3339 527 3414 θὼν,
583 3340 846 3417 δημοσίαν
901 3341 1122 3419 πομπὴν
1156 3343 1323 3423 τελῇ,
1369 3340 1487 3409 τοὺς
1537 3342 1855 3414 ἡττηθέντας
1899 3344 1984 3402 δε-

386 3431 571 3508 σμίους
597 3440 732 3492 πᾶσι
775 3431 1044 3494 δεικνύων.
1126 3431 1223 3492 Ἐν
1254 3435 1332 3512 τῷ
1363 3435 1578 3512 σταυρῷ
1621 3423 1709 3492 οὖν
1765 3431 1824 3491 τὸ
1859 3432 1982 3512 τρό-

387 3545 545 3581 παιον
594 3521 796 3595 στήσας
839 3525 867 3580 6
898 3522 1124 3603 Κύριος,
1167 3520 1352 3600 ὥσπερ
1403 3525 1455 3582 ἐν
1501 3521 1744 3603 δημοσίῳ
1773 3521 1983 3604 θεάτρῳ

386 3610 695 3686 Ἑλλήνων,
776 3610 1095 3690 Ῥωμαίων,
1154 3611 1462 3690 Ἰουδαίων,
1540 3610 1661 3679 τοὺς
1729 3610 1984 3687 δαίμονας

386 3701 788 3782 ἐθριάμϐευσεν.
841 3701 907 3760 Εἰ
957 3691 1045 3762 οὖν
1088 3703 1186 3760 οὐκ
1222 3701 1441 3782 ἄγγελοι
1492 3698 1626 3777 ὑπὲρ
1682 3704 1834 3775 ἡμῶν
1876 3703 1982 3761 ἄπ-

384 3790 587 3866 έθανον,
622 3791 738 3852 ἀλλ’
767 3795 796 3852 6
820 3793 1088 3873 Χριστὸς,
1118 3794 1232 3860 πῶς
1263 3794 1331 3852 δι’
1359 3790 1574 3852 ἐκείνων
1601 3789 1784 3870 λέγετε
1815 3791 1981 3873 πρόσ-

391 3886 620 3962 αχθῆναι
641 3903 656 3958 ;

466 3999 490 4025 α
517 3970 610 4044 Μὴ
653 3961 744 4032 οὖν
787 3995 864 4040 τις
896 3974 1034 4048 ὓμᾶς
1076 3970 1302 4051 κρινέτω
1355 3973 1408 4032 ἐν
1443 3970 1676 4054 βρώσει,
1795 3974 1846 4031 ἓν
1876 3970 1981 4032 πό-

384 4086 498 4141 σει,
528 4059 639 4134 ἢέν
668 4060 817 4141 μέρει
850 4065 1063 4141 ἑορτῆς,
1102 4060 1138 4134 ἢ
1163 4060 1448 4140 νουμηνίας
1472 4109 1488 4138 ,
1529 4060 1566 4134 ἢ
1599 4060 1924 4125 Σαϐϐάτων.
1956 4089 1980 4116 ι

384 4151 565 4234 Μέχρι
614 4151 710 4230 μὲν
753 4159 847 4213 τοῦ
887 4157 982 4212 νῦν
1045 4154 1452 4230 αἰνιγματωδῶς
1496 4151 1663 4230 ἔλεγε·
1713 4175 1740 4210 α
1778 4153 1873 4224 Μή
1903 4177 1980 4221 τις

385 4246 522 4319 ὑμᾶς
565 4242 716 4302 ἔσται
745 4245 1096 4322 συλαγωγῶν
1133 4270 1159 4295 ιι
1205 4249 1297 4302 νῦν
1343 4243 1398 4302 δὲ
1441 4242 1843 4327 φανερώτερον,
1891 4243 1978 4303 ὅτε

383 4331 744 4414 προκατέλεξε
786 4333 881 4400 τὰς
939 4331 1266 4414 εὐεργεσίας.
1335 4334 1404 4393 Εἰ
1461 4333 1565 4412 γὰρ
1608 4333 1860 4392 τοιούτων
1904 4357 1994 4392 τε-

2099 1993 2245 2064 buit,
2279 1995 2513 2056 iamisit.
2561 1998 2755 2052 Palam
2789 2004 2997 2065 autem,
3041 1995 3096 2053 id
3144 2003 3229 2051 est
3277 1994 3510 2076 publice,
3563 2010 3697 2050 cun-

2096 2085 2203 2141 ctis
2233 2086 2610 2144 cernentibus.
2649 2086 2855 2143 Omnia
2889 2087 3034 2142 enim
3077 2085 3294 2142 fecisset
3327 2084 3603 2151 diabolus,
3647 2085 3696 2140 si

2095 2175 2386 2247 potuisset,
2413 2185 2475 2233 ut
2503 2177 2850 2249 persuaderet
2882 2176 3224 2244 hominibus,
3259 2175 3543 2232 Christum
3580 2189 3697 2229 non

2098 2280 2218 2322 esse
2242 2274 2546 2323 mortuum.
2583 2269 2722 2323 Haec
2747 2265 2899 2322 enim
2931 2266 3130 2338 ingens
3156 2264 3328 2338 ipsius
3357 2262 3463 2320 fuit
3494 2271 3703 2335 strages

2095 2369 2159 2410 ac
2213 2355 2521 2421 dissolutio,
2576 2355 2860 2412 hominem
2919 2355 3108 2412 omnis
3162 2353 3372 2427 peccati
3420 2359 3700 2426 expertem

2093 2445 2262 2501 morti
2297 2445 2586 2518 subjicere.
2620 2445 3005 2516 Quamobrem
3031 2453 3090 2502 et
3117 2446 3436 2501 innumeras
3465 2441 3702 2500 haereses

2097 2533 2188 2590 hic
2222 2535 2502 2604 excitavit,
2544 2551 2669 2609 quae
2695 2546 2940 2592 mortem
2971 2535 3142 2608 ipsius
3169 2534 3418 2590 ‘lictitiam
3452 2547 3571 2589 esse
3599 2531 3700 2587 do-

2093 2633 2302 2681 cerent.
2334 2629 2630 2697 Propterea
2660 2627 2930 2683 Dominus
2954 2634 3206 2682 mortuus
3226 2633 3310 2681 est
3338 2622 3541 2696 palam,
3569 2637 3686 2677 non

2095 2717 2390 2774 resurrexit
2439 2724 2624 2774 autem
2675 2717 2880 2789 palam.
2940 2719 3088 2774 Nam
3143 2714 3532 2772 resurrectioni
3583 2712 3701 2785 ejus

2093 2805 2342 2863 futurum
2369 2807 2539 2862 etiam
2566 2815 2786 2879 tempus
2820 2805 3204 2863 testimonium
3241 2805 3518 2862 dicturum
3547 2802 3653 2858 erit
3683 2819 3698 2857 :

2093 2896 2293 2953 mortis
2331 2905 2540 2964 autem,
2576 2896 2723 2954 aliud
2753 2905 2996 2969 tempus,
3034 2911 3204 2970 quam
3246 2893 3396 2968 quod
3429 2902 3554 2951 tum
3595 2891 3699 2949 fuit

2096 2985 2254 3042 testis
2281 3001 2399 3043 esse
2425 3003 2538 3043 non
2568 2987 2762 3059 potuit.

2168 3079 2526 3150 Triumphans
2550 3078 2669 3134 illos
2688 3079 2749 3133 in
2778 3081 2920 3149 ipsa.
2946 3078 3069 3132 Hoc
3087 3084 3191 3141 est,
3221 3075 3279 3131 in
3297 3090 3460 3132 cruce
3483 3074 3698 3132 daemo-

2092 3183 2195 3224 nes
2223 3176 2530 3240 prostratos
2558 3177 2890 3224 monstrans.
2939 3166 3277 3239 Triumphus
3305 3165 3452 3222 enim
3479 3164 3696 3232 dicitur,

2091 3273 2223 3314 cum
2246 3258 2369 3330 quis
2400 3265 2558 3330 parta
2595 3256 2767 3331 484
2792 3257 2863 3315 ab
2884 3256 3144 3314 hostibus
3168 3255 3400 3312 victoria
3424 3269 3696 3322 reversus,

2093 3348 2367 3421 publicam
2403 3364 2666 3420 pompam
2693 3349 2928 3418 duxerit,
2953 3347 3196 3404 devictos
3228 3345 3416 3404 hostes
3441 3343 3699 3402 omnibus

2092 3438 2308 3496 vinctos
2353 3439 2668 3495 ostendens.
2723 3441 2790 3495 In
2840 3454 3003 3495 cruce
3050 3439 3213 3509 igitur
3251 3445 3526 3508 tropaeum
3579 3442 3698 3491 sta-

2091 3535 2254 3584 tuens
2285 3527 2582 3596 Dominus,
2623 3536 2892 3601 tanquam
2931 3529 2991 3584 in
3038 3527 3260 3600 publico
3301 3526 3518 3583 theatro
3545 3525 3702 3582 Grae-

2091 3634 2305 3687 corum,
2356 3621 2770 3687 Romanorum,
2816 3618 3179 3687 Iudaeorum,
3225 3615 3296 3673 de
3351 3615 3698 3674 daemonibus

2089 3707 2466 3782 triumphavit.
2508 3708 2567 3765 Si
2601 3707 2767 3781 igitur
2808 3707 2989 3780 angeli
3037 3723 3136 3781 pro
3179 3706 3344 3763 nobis
3396 3706 3690 3778 haudqua-

2088 3815 2259 3873 quam
2290 3806 2422 3855 sunt
2448 3797 2614 3870 passi,
2659 3796 2756 3854 sed
2789 3797 3064 3866 Christus,
3111 3795 3400 3870 quomodo
3438 3810 3535 3868 per
3569 3795 3695 3852 illos

2089 3889 2384 3947 afﬁrmatis
2409 3904 2504 3946 vos
2534 3903 2652 3945 esse
2676 3889 3008 3960 perductos?

2157 3983 2338 4037 Vsus.
2366 3984 2452 4035 16.
2481 3982 2641 4038 Nemo
2665 3994 2794 4052 ergo
2816 3994 2908 4034 uos
2928 3977 3143 4049 judicet
3164 3977 3224 4031 in
3246 3977 3382 4040 cibo,
3408 3979 3510 4030 aut
3531 3980 3691 4046 potu,

2090 4075 2189 4126 aut
2230 4073 2289 4126 in
2320 4074 2478 4142 parte
2513 4070 2632 4125 diei
2653 4069 2803 4138 festi,
2841 4073 2904 4124 ut
2929 4070 3244 4131 neomeniaa,
3287 4070 3385 4121 aut
3415 4065 3691 4122 Sabbato-

2088 4176 2228 4215 rum.
2271 4163 2554 4216 Hactenus
2597 4159 2830 4216 obscure
2861 4157 3023 4224 dixit,
3071 4159 3153 4212 Ne
3195 4158 3318 4227 quis
3344 4170 3437 4211 vos
3477 4155 3692 4225 deprcs-

2097 4251 2293 4307 detur:
2325 4266 2471 4307 nunc
2500 4265 2630 4306 vero
2655 4249 2894 4320 apertius
2929 4247 3073 4304 idem
3108 4247 3244 4320 agit,
3274 4255 3566 4319 postquam
3598 4244 3694 4300 be-

2102 4339 2296 4396 neficia
2335 4340 2452 4414 ejus
2495 4341 2791 4397 recensuit.
2833 4338 2888 4395 Si
2923 4339 3073 4395 enim
3116 4338 3241 4394 talia
3281 4344 3540 4407 tantaque
3568 4335 3696 4390 estis

381 4423 682 4503 τυχήκατε,
732 4422 897 4504 φησὶ,
946 4421 1160 4504 τίητοῖς
1213 4431 1418 4503 μικροῖς
1475 4421 1693 4490 ἑαυτοὺς
1748 4424 1967 4483 ὑπευθύ-

2095 4431 2359 4500 assecuti,
2399 4430 2530 4504 quid
2571 4431 2738 4487 rebus
2779 4445 2877 4486 vos
2911 4428 3132 4502 exiguis
3163 4427 3444 4484 obnoxios
3479 4424 3691 4483 facitis?

381 4536 498 4580 νους
547 4503 775 4585 ποιεῖτες
826 4513 920 4584 Μὴ
969 4503 1061 4571 οὖν
1105 4510 1394 4592 ἀνέχεσθε,
1433 4511 1521 4571 ἵνα
1567 4537 1645 4582 τις
1679 4513 1974 4595 κατακρίνῃ

381 4607 555 4681 ὑμᾶς,
603 4608 674 4672 ὡς
721 4602 796 4682 μὴ
844 4603 1207 4684 φυλάττοντας
1240 4601 1334 4671 τὰς
1378 4601 1680 4671 Ἰουδαῖκὰς
1733 4627 1977 4684 παρατη-

385 4695 562 4775 ρήσεις
594 4698 646 4754 ἐν
684 4692 934 4775 βρώμασι
963 4694 1055 4753 καὶ
1093 4694 1320 4770 πόμασι.
1373 4693 1477 4753 Διὰ
1513 4693 1702 4754 τούτου
1737 4694 1794 4753 δὲ
1823 4696 1978 4754 ἐπαι-

382 4792 460 4843 νεῖ
491 4787 644 4856 δῆθεν
678 4781 897 4862 αὐτοὺς,
919 4788 987 4850 ὡς
1009 4781 1386 4863 παραλύοντας
1413 4781 1483 4842 τὰ
1505 4782 1799 4844 Ἰουδαῖκά.
1835 4811 1860 4840 α
1885 4786 1978 4846 Ἐν

382 4873 532 4954 μέρει
563 4873 618 4932 δὲ
646 4877 861 4954 ἑορτῆς,
886 4861 934 4928 7»
970 4861 1107 4949 εἶπε,
1135 4873 1268 4932 διότι
1300 4875 1359 4932 οὖ
1385 4872 1444 4933 τὸ
1465 4883 1572 4934 πᾶν
1604 4873 1844 4952 ἐτόλμων
1878 4899 1978 4956 φυ-

381 4964 619 5023 λάσσειν.
651 4965 719 5026 Εἰ
745 4963 848 5044 γὰρ
877 4963 970 5023 καὶ
994 4963 1348 5033 ἐσαϐϐάτιζον
1372 5008 1388 5042 ,
1425 4966 1546 5047 άλλ³
1577 4966 1673 5024 οὐκ
1703 4966 1937 5047 ἀκριϐῶς
1956 5013 1970 5040 ,

381 5053 473 5116 ἅτε
528 5053 1016 5135 Χριστιανίζοντες.
1075 5053 1354 5114 Δείκνυσιν
1415 5045 1502 5112 οὖν
1551 5053 1632 5114 ὅτι
1680 5045 1884 5132 ματαία
1941 5061 1974 5124 ἡ

379 5144 772 5226 παραφυλακὴ,
804 5143 851 5204 εί
892 5168 953 5226 γε
993 5143 1070 5222 μὴ
1111 5145 1174 5204 τὸ
1225 5154 1331 5205 πᾶν
1369 5144 1713 5227 φυλάττεταιο
1752 5144 1844 5205 καὶ
1895 5145 1974 5204 ὅτι

377 5235 440 5296 τὸ
473 5233 594 5295 ὅλον
627 5236 859 5294 ἐντεῦθεν
903 5235 1008 5308 ἤδη
1042 5231 1388 5297 καταλύεται.
1444 5236 1512 5298 Εἰ
1539 5234 1642 5316 γὰρ
1684 5234 1846 5295 καλὸν
1878 5227 1976 5312 ἦν,

387 5327 648 5394 δλοτελῶς
677 5323 742 5384 ἂν
770 5326 1030 5406 ἐτηρεῖτο.

467 5535 490 5561 κ
525 5505 593 5568 Ἄ
617 5508 729 5567 ἔστι
752 5505 879 5568 σκιὰ
901 5510 1006 5568 τῶν
1045 5505 1364 5588 μελλόντων.
1395 5532 1419 5561 υ
1449 5505 1733 5568 Μέλλοντά
1757 5529 1888 5588 φησι
1916 5505 1984 5566 τὰ

2092 4526 2176 4580 Ne
2205 4522 2372 4596 igitur
2402 4521 2734 4588 sustineatis,
2773 4529 2835 4576 ut
2871 4521 3158 4592 quisquam
3195 4533 3292 4574 vos
3333 4516 3692 4584 condemnet,

2093 4613 2218 4686 quia
2264 4629 2378 4668 non
2427 4611 2729 4668 observetis
2769 4609 3033 4665 Judaicas
3070 4608 3429 4664 caremonias
3464 4606 3522 4661 in
3554 4605 3694 4660 cibis

2093 4713 2146 4760 et
2175 4711 2330 4774 potu.
2356 4703 2461 4758 Per
2486 4701 2592 4757 hoc
2621 4709 2809 4757 autem
2833 4697 3186 4755 commendat
3203 4697 3322 4770 jam
3348 4711 3464 4764 eos,
3489 4694 3692 4768 quippe

2092 4792 2218 4866 quia
2259 4791 2486 4849 Iudaica
2530 4792 2638 4847 ista
2677 4789 2997 4847 dissolvant.
3047 4791 3113 4844 In
3136 4791 3299 4859 parte
3343 4794 3532 4842 autem
3577 4785 3696 4840 diei

2091 4885 2244 4954 festi,
2277 4882 2483 4955 inquit,
2531 4881 2684 4954 quasi
2713 4897 2826 4937 non
2854 4886 3031 4935 totam
3071 4878 3188 4934 ausi
3227 4876 3462 4933 fuissent
3489 4873 3696 4931 festivi-

2092 4982 2264 5030 tatem
2301 4973 2612 5029 observare.
2653 4971 2773 5027 Etsi
2811 4969 2958 5026 enim
2988 4969 3294 5026 Sabbatum
3330 4966 3690 5034 celebrarent,

2092 5080 2204 5121 non
2243 5071 2436 5120 exacte
2480 5070 2667 5119 tamen
2706 5059 3009 5128 faciebant,
3043 5069 3105 5116 ut
3141 5059 3235 5132 qui
3275 5055 3693 5114 Christianismo

2085 5154 2206 5228 jam
2240 5162 2424 5211 essent
2458 5152 2651 5210 dediti.
2685 5150 2942 5208 Ostendit
2985 5150 3154 5223 igitur
3193 5163 3392 5204 vanam
3427 5161 3548 5203 esse
3583 5145 3692 5202 hu-

2085 5243 2338 5318 jusmodi
2383 5242 2855 5311 observationem,
2886 5257 3015 5298 cum
3057 5247 3237 5296 totum
3275 5253 3390 5294 non
3431 5237 3692 5294 observe-

2093 5343 2185 5391 tur
2230 5353 2245 5392 :
2274 5349 2337 5391 ac
2370 5333 2519 5409 quod
2547 5341 2730 5391 totum
2763 5332 2874 5405 jam
2911 5331 3036 5388 inde
3075 5329 3414 5388 destruatur.
3454 5327 3509 5385 Si
3545 5326 3688 5384 enim

2097 5424 2306 5482 bonum
2337 5433 2473 5496 erat,
2506 5425 2714 5498 integre
2737 5423 2942 5481 servari
2968 5419 3174 5479 debuit.

2164 5517 2354 5575 Vsus.
2395 5521 2482 5574 17.
2529 5518 2660 5586 Quae
2703 5520 2831 5573 sunt
2869 5514 3061 5572 umbra
3101 5514 3442 5582 futurorum.
3480 5509 3688 5566 Futura

1799 5695 1992 5756 Variae
2035 5697 2340 5759 lectiones.

445 5865 490 5902 ³³
519 5864 708 5927 ἔπεισεν
739 5881 794 5924 o.
864 5863 911 5901 ⁸³
936 5863 1265 5944 ἰνδεδυμένοις
1294 5880 1348 5923 o.
1423 5865 1468 5900 δ”
1491 5864 1726 5944 εἰσήγαγε
1760 5882 1822 5932 ο,
