4104 6502
355 515 490 570 1247

1378 515 1896 572 THEOPHYLAC’I‘I
1934 517 2294 574 BULGARIAE
2331 517 2648 574 ARCHIEP.

3520 508 3663 565 1248

349 639 490 696 Novi
523 639 856 698 Testamenti
880 640 1030 713 ,bona
1056 641 1310 698 nominat
1341 661 1353 698 ε
1390 642 1577 698 l'utura
1607 641 1756 698 enim
1789 649 1950 698 erant

2080 648 2152 714 ἧς
2200 647 2399 716 Καινῆς
2439 643 2733 716 Διαθήκης.
2789 638 3061 719 Ἔμελλον
3111 637 3214 720 γὰρ
3255 639 3327 705 ὣς
3375 635 3507 718 πρὸς
3564 634 3670 706 τὴν

351 738 600 803 respectu
630 731 870 799 Veteris,
896 730 1043 804 quod
1080 739 1200 788 tum
1237 741 1355 788 erat
1385 739 1607 804 praesto,
1640 747 1740 789 suo
1774 732 1940 788 nimi-

356 836 417 876 τυ
424 837 479 876 1Ιὶ
512 828 779 893 tempore.

425 909 624 980 Corpus
653 915 830 966 autem
872 911 1097 967 Christi.
1129 913 1292 970 Nemo
1329 927 1419 967 vos
1445 911 1682 966 seducat.
1712 911 1946 981 Quidam

357 997 449 1055 hic
475 998 649 1071 apud,
681 1001 900 1065 Christi,
935 1000 1236 1072 perfectam
1263 1000 1680 1058 distinctionem
1716 999 1944 1070 faciunt,

355 1097 416 1144 ut
439 1090 510 1144 sit
541 1105 779 1147 sensus:
813 1092 1025 1148 Veteris
1052 1091 1386 1148 Testamenti
1410 1106 1497 1148 res
1533 1100 1666 1148 sunt
1700 1090 1895 1148 umbra
1931 1109 1944 1148 :

359 1195 560 1250 corpus
589 1187 798 1250 autem,
835 1180 891 1236 id
930 1189 1016 1237 est
1043 1181 1268 1247 veritas,
1307 1179 1503 1237 Christi
1546 1189 1647 1237 est.
1691 1179 1948 1247 Proinde,

355 1269 497 1339 Quid
523 1285 662 1341 opus
686 1278 770 1326 est
793 1271 1073 1339 umbram,
1105 1280 1370 1343 praesente
1389 1287 1641 1342 corpore,
1667 1271 1949 1329 obtinere?

360 1359 622 1414 Nonnulli
643 1369 834 1416 autem
857 1361 1212 1432 sequentibus
1225 1361 1506 1432 copulant,
1523 1369 1586 1416 nt
1598 1361 1674 1416 sic
1689 1360 1951 1434 intelliga-

362 1464 483 1504 mus
514 1469 527 1504 :
568 1450 780 1521 Corpus
823 1459 1008 1507 autem
1037 1450 1262 1520 Christi,
1307 1451 1362 1508 id
1399 1459 1484 1507 est
1532 1467 1650 1519 vos,
1681 1467 1829 1507 nemo
1864 1470 1951 1503 κα-

352 1539 696 1610 ταϐραϐευέτω
729 1581 744 1606 ,
777 1539 882 1596 hoc
915 1549 1018 1609 est,
1043 1540 1247 1598 damno
1275 1540 1496 1598 afﬁciat.
1534 1543 1677 1598 Nam
1703 1541 1950 1613 καταϐρα·

361 1629 520 1682 δεύειν
549 1639 650 1699 est,
693 1629 919 1702 quando
957 1631 1094 1687 alter
1130 1631 1357 1705 quidem
1394 1631 1681 1689 victoriam
1709 1631 1950 1699 obtinet,

361 1720 502 1776 alter
531 1736 658 1776 vero
687 1719 928 1778 victoria:
961 1721 1252 1792 praemium
1285 1722 1501 1795 accipit.
1541 1725 1656 1779 Vos
1683 1723 1847 1795 igitur
1872 1723 1950 1778 vi-

361 1810 515 1866 cistis
555 1809 866 1878 diabolum,
901 1827 1078 1884 eoque
1106 1812 1419 1884 superiores
1455 1811 1585 1869 facti
1628 1814 1762 1869 estis
1806 1833 1820 1868 :
1852 1827 1951 1868 cur

363 1900 534 1973 igitur
574 1916 764 1958 rursus
803 1901 1108 1974 subjugatis
1156 1919 1253 1960 vos
1293 1910 1517 1976 peccato
1555 1919 1652 1974 per
1686 1901 1821 1975 legis
1861 1902 1960 1959 ob-

2058 733 2306 794 Παλαιὰν
2333 736 2628 794 ἐνεστῶσαν
2658 733 2798 808 τότε,
2827 732 2914 791 ὅτε
2938 722 3001 804 ἦν
3026 731 3159 809 αὐτῇ
3189 732 3217 788 6
3244 725 3446 806 καιρός.

2142 942 2166 966 α
2195 913 2272 975 Τὸ
2299 915 2352 973 δὲ
2376 916 2534 990 σῶμα
2568 915 2825 993 Χριστοῦ.
2863 910 3066 984 Μηδεὶς
3095 913 3236 984 ὑμᾶς
3259 903 3663 987 καταϐραϐευέ-

2057 1028 2155 1067 τω.
2186 1031 2215 1062 ι)
2243 1005 2315 1065 Οἱ
2338 1003 2432 1079 μὲν
2460 1005 2530 1071 εἷς
2551 1004 2641 1080 τὸ,
2668 1031 2692 1055 «ι
2720 1005 2977 1082 Χριστοῦ,
3009 1027 3032 1053 υ
3058 1001 3292 1068 στίζουσι
3325 994 3557 1070 τελείαν,
3586 993 3660 1050 ἵν’

2059 1087 2094 1175 ᾖ
2114 1093 2500 1173 τὸλεγόμενον.
2533 1092 2620 1154 Τὰ
2643 1091 2737 1169 μὲν
2770 1089 2992 1151 Παλαιὰ
3021 1089 3150 1149 σκιά
3170 1089 3290 1147 εἶσι·
3315 1087 3373 1144 τὸ
3397 1085 3453 1144 δὲ
3477 1087 3660 1158 σῶμα,

2060 1185 2327 1244 τουτέστιν
2379 1187 2413 1254 ἡ
2464 1182 2720 1256 ἀλήθεια,
2757 1183 3016 1261 Χριστοῦ.
3075 1176 3255 1239 "aut:
3298 1175 3349 1236 τί
3381 1177 3461 1234 δεῖ
3501 1175 3660 1233 σκιὰν

2060 1282 2302 1354 κρατεῖν,
2337 1278 2430 1332 τοῦ
2469 1272 2716 1349 σώματος
2761 1270 3061 1349 παρόντος,
3107 1271 3179 1328 Οἱ
3228 1266 3284 1326 δὲ
3334 1264 3661 1326 συνάπτουσι

2060 1373 2167 1430 τοῖς
2208 1362 2422 1445 ἐφεξῆς,
2453 1362 2540 1423 ἵνα
2569 1366 2774 1438 νοῶμεν
2810 1359 2972 1419 οὕτω·
3007 1357 3088 1419 Τὸ
3115 1358 3170 1418 δὲ
3197 1359 3359 1433 σῶμα
3390 1356 3624 1445 Χριστοῦ
3647 1397 3664 1425 ,

2062 1443 2332 1514 τουτέστιν
2355 1498 2371 1530 ,
2405 1455 2545 1530 ὑμᾶς
2565 1497 2581 1525 ,
2618 1450 2802 1529 μηδεὶς
2831 1445 3284 1527 καταϐραϐευέτω
3307 1491 3322 1519 ,
3352 1443 3626 1505 τουτέστιν
3644 1488 3662 1514 ,

2063 1541 2423 1624 ἐπηρεαζέτω.
2482 1538 2929 1622 Καταϐραϐεύειν
2961 1538 3066 1619 γάρ
3110 1540 3282 1608 ἐστιν,
3324 1531 3663 1624 δτανλὲτερος

2066 1622 2321 1715 μὲννικᾷ
2343 1679 2358 1708 ,
2392 1631 2568 1712 ἔτερος
2599 1632 2655 1690 δὲ
2683 1627 2938 1708 λαμϐάνῃ
2969 1628 3028 1688 τὸ
3061 1625 3336 1708 βραϐεῖον.
3375 1622 3480 1685 Καὶ
3508 1623 3663 1715 ὑμεῖς

2064 1714 2154 1781 οὖν
2193 1711 2501 1793 νενικήκατε
2542 1721 2630 1780 τὸν
2680 1719 2965 1790 διάϐολον,
3017 1717 3110 1776 καὶ
3166 1715 3426 1795 ἀνώτεροι
3468 1711 3662 1772 τούτου

2066 1811 2202 1873 ἐστί’
2251 1811 2304 1871 τί
2351 1811 2509 1872 πάλιν
2555 1809 2786 1887 ὑπάγετε
2833 1805 3049 1875 ἑαυτοὺς
3078 1810 3144 1886 τῇ
3179 1803 3416 1885 ἁμαρτία
3449 1801 3534 1862 διὰ
3565 1807 3664 1860 τοῦ

2067 1901 2158 1960 τὸν
2222 1900 2384 1979 νόμον
2436 1901 2647 1980 τηρεῖν,
2704 1899 2793 1958 τὸν
2854 1897 2934 1976 μὴ
2994 1896 3279 1976 δυνάμενον
3342 1895 3664 1969 δικαιῶσαι;

361 1991 758 2057 servationem,
785 2007 907 2062 quae
935 2007 1051 2048 non
1077 1992 1615 2065 potestjustilicare?
1653 1995 1726 2048 Et
1749 1991 1910 2049 aliter
1940 2009 1954 2047 :

2080 1992 2183 2052 Καὶ
2235 1990 2426 2059 ἄλλως
2469 1990 2578 2051 Τὸν
2626 1988 2924 2069 κατέχοντα
2967 1991 3114 2063 ἡμᾶς
3159 1991 3188 2046 6
3235 1984 3497 2069 Χριστὸςμ,
3545 1981 3667 2040 ἀλλ’

365 2083 507 2136 Eum
536 2081 626 2153 qui
655 2095 757 2137 nos
786 2080 1096 2148 detinebat,
1127 2081 1404 2152 Christus,
1446 2097 1560 2139 non
1590 2081 1678 2138 lex
1714 2081 1870 2150 vicit,
1907 2097 1962 2136 et

362 2169 506 2242 apud
527 2185 655 2226 eum
671 2170 763 2242 qui
784 2170 1076 2226 victoriam
1092 2179 1176 2228 est
1194 2171 1443 2243 adeptus,
1464 2179 1688 2244 oportet
1711 2186 1828 2228 esse
1842 2169 1966 2226 bra-

361 2257 550 2327 beum,
585 2267 640 2314 et
670 2259 815 2331 apud
843 2276 960 2328 vos,
1002 2261 1100 2332 qui
1143 2260 1278 2317 estis
1317 2276 1522 2332 corpus
1551 2260 1775 2317 Christi.
1809 2263 1964 2331 Quo-

362 2347 530 2404 modo
569 2349 735 2421 igitur
765 2349 872 2406 hoc
902 2350 1003 2422 legi
1031 2350 1257 2407 attribui
1290 2350 1646 2422 permittitis?
1679 2353 1778 2407 Est
1808 2350 1958 2406 enim

368 2438 748 2510 perSpicuum,
791 2439 836 2496 si
873 2439 1262 2510 Judaizemus,
1297 2456 1401 2497 nos
1437 2441 1615 2498 adhuc
1647 2440 1852 2498 habere
1881 2440 1958 2496 le-

361 2544 489 2601 gem
518 2527 815 2586 dominum
846 2539 1130 2600 nostrum,
1165 2539 1222 2588 et
1252 2547 1347 2604 per
1373 2531 1530 2587 illam
1559 2531 1767 2588 servari
1791 2546 1962 2602 expe-

359 2627 592 2676 ctamus.
624 2620 681 2677 Si
711 2629 899 2677 autem
936 2621 1017 2677 lex
1057 2630 1142 2678 est
1183 2622 1400 2691 umbra,
1442 2621 1650 2679 Christi
1691 2638 1820 2678 vero
1849 2637 1960 2690 res,

361 2724 582 2781 corpus,
602 2726 706 2766 nos
732 2710 946 2768 umbrae
968 2711 1118 2782 prius
1142 2711 1480 2768 assuefactos
1499 2727 1620 2768 esse
1650 2711 1958 2784 oportebat.

364 2799 568 2855 Merito
604 2800 772 2871 igitur
799 2801 858 2856 in
903 2801 1219 2859 novissimis
1257 2802 1598 2874 temporibus
1643 2802 1964 2859 incarnatus

364 2896 468 2956 est,
513 2898 576 2944 ut
611 2905 714 2946 nos
754 2890 824 2948 ad
853 2893 1072 2948 Patrem
1113 2892 1434 2949 adduceret.

438 2978 608 3051 485
640 2982 816 3037 Vens.
857 2986 945 3038 l8.
984 2984 1177 3038 Volens
1208 2985 1266 3037 in
1293 2981 1603 3038 humilitate
1627 2987 1676 3039 et
1702 2981 1969 3051 religione

366 3071 701 3139 angelorum,
739 3089 860 3142 quae
889 3089 997 3128 non
1020 3074 1164 3128 vidit
1189 3073 1495 3128 ambulans.
1524 3074 1827 3145 Postquam
1858 3071 1966 3126 im-

366 3159 540 3230 plevit
566 3175 664 3216 eos
688 3161 1089 3234 indignatione,
1127 3162 1426 3218 ostendens
1449 3160 1596 3234 quod
1622 3162 1823 3217 brabeo
1853 3160 1970 3232 pri-

366 3255 582 3314 ventur,
616 3264 836 3305 necnon
874 3251 1069 3321 injuria
1103 3249 1438 3320 afﬁciantur,
1474 3258 1609 3306 tunc
1646 3249 1968 3307 haereticum

2070 2083 2169 2162 οὐχ
2199 2084 2227 2139 6
2255 2080 2414 2158 νόμος
2452 2079 2729 2155 νενίκηκε,
2781 2078 2875 2138 καὶ
2914 2079 3042 2156 παρ’
3090 2074 3276 2157 ἐκείνῳ
3333 2076 3412 2133 δεῖ
3439 2063 3574 2132 εἶναι
3605 2071 3670 2130 τὸ

2074 2160 2320 2251 βραϐεῖον
2369 2173 2446 2250 τῷ
2494 2169 2819 2242 νενικηκότι,
2869 2168 2960 2226 καὶ
3009 2169 3141 2244 παρ’
3189 2169 3345 2242 ὑμῖν,
3389 2163 3442 2224 οἵ
3469 2165 3590 2222 ἐστε
3615 2160 3668 2196 ³⁵

2073 2265 2230 2338 σῶμα
2269 2263 2524 2339 Χριστοῦ.
2559 2262 2685 2326 Πῶς
2741 2251 2830 2318 οἷν
2869 2261 2944 2337 τῷ
2993 2255 3140 2335 νόμῳ
3187 2261 3342 2314 τοῦτο
3394 2251 3669 2328 διδόμενον

2071 2337 2389 2431 περιορᾶτε;
2448 2350 2728 2428 Πρόδηλον
2780 2347 2916 2426 γὰρ,
2972 2344 3054 2406 ὅτι
3108 2344 3255 2424 εἴπερ
3306 2337 3670 2419 Ἰουδαΐζομεν

2071 2441 2178 2513 ἔτι,
2225 2441 2316 2498 τὸν
2345 2439 2506 2518 νόμον
2539 2437 2731 2520 ἔχομεν
2769 2435 3064 2511 δεσπότην,
3104 2435 3195 2494 καὶ
3224 2434 3314 2493 ὑπ’
3341 2433 3542 2494 ἐκείνου
3576 2454 3671 2491 σε·

2071 2533 2274 2590 σῶσθαι
2311 2532 2584 2606 δοκοῦμεν.
2638 2531 2701 2588 Εἰ
2747 2527 2803 2587 δὲ
2852 2532 2880 2588 6
2921 2525 3019 2602 μὲν
3065 2525 3251 2602 νόμος,
3304 2523 3460 2597 σκιὰ,
3510 2520 3580 2580 τὰ
3617 2520 3673 2580 δὲ

2072 2625 2163 2680 τοῦ
2219 2622 2484 2700 Χριστοῦ,
2540 2621 2724 2696 σῶμα,
2777 2616 2884 2676 ἔδει
2940 2614 3195 2694 πρότερον
3244 2619 3388 2692 ἡμᾶς
3441 2616 3509 2692 τῇ
3539 2620 3674 2692 σκιᾷ

2074 2713 2420 2780 ἐνεθισθῆναι.
2481 2707 2718 2775 Εἰκότως
2770 2706 2877 2786 ἄρα
2925 2705 3010 2765 ἐπ’
3057 2703 3296 2783 ἐσχάτων
3358 2701 3675 2785 ἐσαρκώθη,

2074 2798 2159 2860 διὰ
2187 2799 2248 2859 τὸ
2281 2803 2424 2871 ἡμᾶς
2457 2800 2841 2878 προσαγαγεῖν.

2163 3000 2193 3037 α
2238 2978 2426 3039 Θέλων
2474 2980 2525 3037 ἐν
2589 2975 3045 3057 ταπεινοφροσύνῃ
3102 2975 3197 3035 καὶ
3249 2972 3505 3054 θρησκείᾳ
3566 2975 3677 3031 τῶν

2079 3067 2348 3148 ἀγγέλων,
2400 3066 2434 3126 ἃ
2468 3067 2544 3146 μὴ
2601 3065 2833 3148 ἑώρακεν
2875 3064 3203 3142 ἐμϐατεύων.
3248 3087 3275 3120 n
3313 3061 3450 3123 Ὅτε
3505 3061 3676 3134 ἐπλή-

2083 3181 2249 3238 ρωσεν
2283 3157 2470 3226 αὖτοὺς
2507 3163 2705 3233 θυμοῦ,
2741 3155 2831 3214 διὰ
2877 3160 2968 3214 τοῦ
3024 3155 3223 3227 δεῖξαι,
3270 3153 3351 3213 ὅτι
3397 3151 3681 3230 καταϐρα-

2082 3247 2328 3309 ϐεύονται
2376 3247 2467 3306 καὶ
2519 3245 2931 3325 ἐπηρεάζονται,
2965 3243 3083 3305 τότε
3127 3247 3390 3323 διηγεῖται
3437 3242 3495 3301 τὸ
3526 3244 3682 3321 αἱρε-

377 3336 584 3409 dogma
615 3347 853 3408 enarrat,
893 3340 1098 3396 Volunt
1126 3356 1220 3396 vos
1249 3339 1528 3408 fraudare,
1574 3339 1850 3411 inquiens,
1879 3355 1969 3412 per

2080 3337 2222 3397 τικὸν
2247 3336 2418 3415 δόγμα
2436 3380 2452 3409 ,
2475 3336 2566 3396 καί
2596 3359 2752 3417 φησιν
2777 3381 2792 3409 ,
2825 3337 2906 3394 ὅτι
2933 3334 3195 3396 Θέλουσιν
3226 3337 3372 3409 ἡμᾶς
3401 3331 3686 3409 καταϐρα-

375 3426 752 3484 humilitatem
782 3439 1156 3502 apparentem.
1194 3430 1465 3487 Dicebant
1504 3430 1654 3486 enim
1683 3429 1972 3502 indignum

375 3532 498 3572 esse
523 3518 810 3589 majestate
832 3520 1135 3593 Unigeniti,
1164 3521 1312 3592 quod
1340 3537 1435 3593 per
1470 3521 1835 3591 Unigenitum
1870 3519 1972 3577 ad-

379 3606 711 3664 duceremur
755 3609 826 3666 ad
878 3614 1122 3676 Patrem,
1180 3626 1408 3682 esseque
1455 3611 1635 3683 majus
1688 3626 1860 3683 quam
1913 3618 1976 3666 ut

378 3697 635 3754 humanae
667 3700 917 3756 tenuitati
943 3701 1252 3757 conveniat.
1287 3701 1476 3770 Unde,
1516 3701 1794 3773 inquiunt,
1826 3716 1973 3757 com-

379 3786 602 3844 modius
647 3798 731 3846 est
771 3790 980 3858 dicere,
1011 3790 1161 3863 quod
1189 3792 1370 3863 angeli
1414 3799 1617 3847 nostra:
1655 3790 1976 3848 adductioni

379 3877 740 3934 inservierint.
783 3881 928 3936 Hinc
970 3889 1156 3938 autem
1196 3881 1520 3954 angelorum
1551 3881 1763 3936 cultum
1802 3880 1973 3936 intro-

376 3964 674 4037 ducebant,
729 3977 783 4025 et
825 3970 1252 4042 simplicioribus
1303 3969 1741 4042 pet-suadebant,
1795 3978 1860 4026 ut
1909 3970 1978 4025 iis

382 4055 712 4114 adhiberent
731 4060 1005 4125 animum,
1026 4068 1295 4132 tanquam
1320 4061 1388 4116 iis
1407 4060 1497 4131 qui
1521 4075 1624 4115 nos
1649 4066 1974 4115 ervassent.

384 4147 454 4201 Et
480 4148 573 4218 qui
613 4165 897 4222 nunquam
925 4150 1148 4222 angelos
1185 4157 1608 4221 conspexerant,
1648 4149 1730 4205 sic
1762 4148 1831 4206 de
1878 4148 1981 4206 illis

381 4236 780 4304 asseverabant,
807 4246 1074 4311 tanquam
1103 4255 1199 4297 eos
1231 4238 1513 4296 vidissent.

455 4327 685 4381 Frustra
714 4331 934 4397 inﬂatus
957 4345 1115 4385 sensu
1137 4331 1320 4385 carnis
1350 4345 1485 4384 suae.
1513 4330 1757 4396 Frustra,
1781 4327 1981 4399 inquit,

385 4413 613 4471 inﬂatus
643 4424 726 4472 est
755 4427 978 4489 propter
1006 4418 1189 4475 isthuc
1217 4419 1418 4491 dogma
1452 4433 1484 4473 a
1526 4417 1728 4474 carnali
1755 4433 1856 4474 sua
1885 4433 1982 4473 co-

384 4504 669 4577 gitatione,
697 4522 813 4563 non
839 4507 1126 4579 spirituali.
1154 4507 1447 4580 Quomodo
1469 4508 1618 4564 enim
1646 4523 1760 4563 non
1786 4523 1982 4564 carna-

385 4593 450 4648 lis
479 4593 729 4668 adeoque
762 4613 962 4654 crassae
991 4599 1194 4654 mentis
1231 4607 1347 4664 est,
1386 4597 1666 4668 aspernari
1696 4613 1758 4653 ea
1795 4612 1918 4670 quae
1954 4613 1984 4652 a

387 4682 604 4740 Christo
644 4685 785 4743 dicta
827 4693 993 4745 sunt?
1021 4690 1115 4744 Sic
1158 4692 1299 4744 Deus
1342 4688 1610 4743 mundum
1653 4687 1872 4750 dilexit,
1922 4691 1987 4741 at

384 4774 586 4829 Filium
614 4791 775 4832 suum
801 4778 956 4833 daret
981 4793 1083 4849 pro
1113 4779 1412 4834 hominibus
1437 4787 1461 4812 κ
1493 4797 1506 4833 :
1540 4784 1597 4834 et
1626 4776 1846 4845 iterum,
1881 4779 1986 4832 Pro

386 4867 525 4942 ipsis
572 4883 665 4936 ego
704 4870 967 4938 meipsum
1009 4871 1285 4938 sanctiﬁco
1328 4888 1344 4924 :
1393 4875 1467 4937 et,
1509 4870 1770 4924 Animam
1809 4883 1988 4923 meam

391 4974 532 5032 pono
554 4974 658 5029 pro
687 4959 870 5014 ovibus
893 4967 921 5002 ῖ
953 4977 968 5012 :
1005 4966 1078 5025 et,
1108 4959 1274 5014 Alias
1302 4975 1425 5015 oves
1454 4958 1648 5022 habeo,
1677 4962 1729 5013 et
1755 4959 1879 5015 illas
1909 4973 1992 5013 me

393 5053 606 5122 oportet
653 5048 924 5104 adducere
963 5058 984 5083 ⁸
1033 5067 1046 5104 :
1089 5057 1146 5104 et
1174 5049 1458 5106 innumera
1496 5047 1828 5121 hujusmodi.
1881 5047 1991 5119 Qui

390 5141 556 5212 igitur
593 5154 759 5210 supra
797 5137 959 5204 dixit,
992 5141 1060 5194 In
1089 5139 1434 5195 humilitate?
1472 5142 1556 5195 De
1595 5147 1893 5211 apparente
1936 5145 1993 5195 et

391 5246 508 5286 non
537 5244 664 5285 vera
691 5228 1035 5301 loquebatur.
1067 5229 1240 5286 Aliter
1272 5249 1285 5285 :
1321 5231 1707 5286 lntumescunt
1735 5228 1990 5301 quidem,

393 5328 455 5377 ut
482 5319 741 5376 doctores
777 5318 978 5390 dogma
1017 5335 1182 5375 suum
1211 5327 1449 5390 tuentes,
1479 5335 1584 5375 nec
1613 5318 1994 5392 permittentes

401 5418 462 5465 ut
484 5425 678 5465 verum
705 5407 1030 5465 doceantur.
1060 5409 1473 5467 Commendant
1496 5416 1680 5466 autem
1707 5409 1995 5482 proprium

396 5498 602 5571 dogma
631 5513 726 5570 per
755 5497 1138 5568 humilitatem,
1165 5515 1277 5556 non
1311 5515 1480 5572 quam
1511 5499 1611 5572 ipsi
1642 5498 1868 5568 habent,
1902 5497 1998 5556 sed

1635 5619 2171 5684 'Joan.x.16,17.

480 5617 688 5670 1'Joan.
717 5631 816 5686 ιιι,
854 5620 935 5671 l6.
1019 5618 1227 5672 7Joan.
1259 5632 1424 5686 ινιτ,
1459 5623 1543 5674 19.

2080 3427 2251 3487 ϐεύειν
2288 3425 2376 3486 διὰ
2421 3424 2902 3508 ταπεινοφροσύνης
2953 3424 3228 3497 δοκούσης.
3280 3419 3504 3500 Ἔλεγον
3534 3419 3679 3502 γὰρ,

2080 3517 2161 3577 ὅτι
2225 3515 2458 3586 Ἀνάξιόν
2511 3518 2622 3575 ἐστι
2669 3520 2764 3588 τῆς
2826 3513 3234 3594 μεγαλειότητος
3287 3517 3380 3572 τοῦ
3436 3515 3684 3590 Μονογε-

2080 3612 2236 3680 νοῦς,
2281 3605 2342 3664 τὸ
2393 3605 2684 3687 προσάγειν
2716 3609 2856 3684 ὑμᾶς
2900 3604 2988 3664 τὸν
3036 3607 3310 3682 Μονογενῆ
3360 3605 3437 3682 τῷ
3474 3600 3684 3679 Πατρὶ,

2082 3697 2175 3756 καὶ
2233 3698 2410 3775 μεῖζον
2471 3695 2506 3767 ἢ
2575 3695 2714 3755 κατὰ
2764 3694 2860 3766 τὴν
2927 3693 3260 3773 ἀνθρωπίνην
3321 3691 3682 3771 σμικρότητα.

2082 3785 2244 3847 ⁰Οθεν
2273 3785 2648 3867 εὐλογώτερον,
2679 3785 2867 3864 φασὶν,
2893 3783 3007 3844 ἔστι
3038 3784 3211 3862 λέγειν
3230 3832 3244 3857 ,
3274 3783 3354 3842 ὅτι
3389 3785 3437 3841 οἱ
3469 3780 3690 3859 ἄγγελοι

2085 3876 2426 3960 ὕπούργησαν
2478 3879 2543 3953 τῇ
2606 3875 2839 3956 ὓμετέρᾳ
2895 3878 3247 3953 προσαγωγῇ.
3334 3873 3438 3933 Ἐκ
3497 3870 3687 3930 τούτου

2087 3965 2140 4024 δὲ
2176 3959 2386 4043 εἰσῆγον
2418 3964 2513 4036 τὴν
2547 3969 2653 4024 τῶν
2689 3967 2932 4043 ἀγγέλων
2975 3962 3292 4044 θρησκείαν,
3339 3962 3430 4021 καὶ
3477 3959 3684 4020 ἔπειθον

2087 4055 2207 4125 τοὺς
2258 4055 2638 4136 ἀφελεστέρους
2692 4055 2896 4124 τούτοις
2942 4053 3261 4135 προσέχειν,
3321 4055 3394 4119 ὥς
3455 4050 3688 4110 σεσωκό-

2089 4171 2168 4206 σιν
2214 4153 2374 4218 ἡμᾶς.
2443 4146 2552 4205 Καὶ
2611 4145 2880 4220 μηδέποτε
2943 4144 3138 4212 ἰδόντες
3199 4142 3486 4222 ἀγγέλους,
3549 4141 3690 4201 οὕτω

2091 4235 2482 4296 διεϐεϐαιοῦντο
2506 4235 2631 4314 περὶ
2659 4240 2856 4296 τούτων
2879 4280 2895 4308 ,
2926 4237 2996 4302 ὣς
3025 4235 3215 4300 ἰδόντες
3250 4233 3456 4300 αὐτούς.

2193 4354 2217 4381 α
2280 4327 2419 4396 Εἰκῆ
2474 4324 2818 4407 φυσιούμενος
2875 4325 2977 4384 ὑπὸ
3029 4329 3123 4384 τοῦ
3183 4323 3300 4391 νοὸς
3346 4328 3437 4396 τῆς
3495 4321 3699 4404 σαρκὸς

2093 4418 2275 4476 αὕτοῦ.
2306 4435 2334 4470 ν
2370 4412 2600 4486 Μάτην,
2642 4415 2834 4495 φησὶν,
2884 4412 2971 4472 ἐπὶ
3009 4417 3086 4493 τῷ
3119 4412 3344 4489 δόγματι
3390 4411 3698 4493 πεφύσηται

2094 4505 2196 4563 ὑπὸ
2233 4507 2491 4584 σαρκικῆς
2516 4504 2770 4575 διανοίας,
2819 4505 2879 4563 οὗ
2909 4506 3294 4580 πνευματικῆς.
3339 4504 3465 4570 Πῶς
3494 4503 3596 4580 γὰρ
3639 4503 3700 4559 οὖ

2095 4598 2348 4674 σαρκικοῦ
2379 4593 2492 4660 νοὸς
2521 4592 2613 4652 καὶ
2649 4593 2880 4673 παχέος,
2915 4593 2976 4652 τὸ
3015 4595 3275 4664 ἀθετῆσαι
3313 4591 3380 4650 τὰ
3413 4593 3516 4651 ὑπὸ
3546 4595 3693 4671 Χρι-

2098 4688 2224 4742 στοῦ
2270 4681 2557 4762 λεχθέντας
2612 4710 2638 4737 ι
2679 4684 2864 4750 Οὕτως
2900 4682 3178 4761 ἠγάπησεν
3226 4685 3254 4740 6
3284 4680 3422 4750 Θεὸς
3461 4681 3554 4741 τὸν
3599 4681 3700 4739 κό-

2098 4795 2260 4849 σμον,
2291 4770 2430 4832 ὥστε
2478 4771 2568 4832 τὸν
2624 4772 2753 4834 Υἱὸν
2824 4775 2985 4832 αὑτοῦ
3040 4771 3232 4831 ἔδωκεν
3275 4771 3407 4852 ὓπὲρ
3450 4773 3556 4830 τῶν
3612 4773 3705 4828 ἀν-

2097 4863 2342 4942 θρώπων·
2369 4890 2392 4915 ι
2417 4862 2509 4922 καὶ
2529 4863 2708 4934 πάλιν,
2740 4890 2766 4917 α
2784 4861 2958 4943 Ὑπὲρ
2984 4863 3158 4921 αὐτῶν
3181 4861 3286 4940 ἐγὼ
3309 4860 3512 4939 ἁγιάζω
3540 4864 3704 4936 ἐμαυο

2099 4955 2205 5013 τόν·
2242 4978 2267 5006 ι
2316 4955 2443 5028 καὶ,
2503 4975 2533 5008 ιι
2586 4952 2703 5026 Τὴν
2753 4954 2934 5035 ψυχήν
2989 4977 3089 5030 μου
3155 4951 3340 5026 τίθημι
3394 4951 3524 5030 ὓπὲρ
3592 4955 3702 5009 τῶν

2102 5043 2404 5122 προϐάτων·
2439 5073 2461 5096 ο
2497 5043 2611 5117 καὶ,
2650 5068 2680 5100 (ι
2722 5041 2894 5104 Ἄλλα
2931 5041 3179 5121 πρόϐατα
3210 5041 3344 5122 ἔχω,
3380 5039 3598 5100 κάκεῖνά
3634 5063 3705 5117 με

2101 5133 2178 5214 δεῖ
2234 5135 2472 5213 ἀγαγεῖν·
2520 5156 2548 5192 ι)
2608 5132 2700 5192 καὶ
2755 5132 2919 5214 μυρία
2971 5132 3089 5192 ὅσα.
3142 5134 3270 5198 Πῶς
3321 5122 3410 5191 οὖν
3454 5129 3707 5209 ἀνωτέρω

2101 5213 2276 5294 εἶπεν,
2306 5221 2388 5281 ὅτι
2419 5251 2443 5272 ιι
2477 5222 2570 5283 Ἐν
2613 5222 3105 5305 ταπεινοφροσύνῃ;
3135 5249 3158 5274 ι
3193 5219 3436 5300 Δοκούσῃ
3482 5219 3576 5279 καὶ
3607 5221 3708 5279 οὐκ

2105 5313 2354 5392 ἀληθινῇ.
2387 5307 2610 5380 Ἄλλωςο
2660 5317 2994 5374 Φυσιοῦνται
3042 5311 3138 5389 μὲν
3183 5315 3254 5378 ὡς
3307 5307 3705 5388 δογματισταὶ,

2105 5402 2474 5479 ἐνιστάμενοι,
2507 5403 2600 5462 καὶ
2651 5404 2725 5481 μὴ
2777 5403 3055 5484 δεχόμενοι
3105 5403 3420 5481 διδαχθῆναι
3477 5400 3532 5459 τὸ
3563 5401 3708 5471 ἀλη-

2107 5491 2206 5560 θές·
2238 5496 2524 5553 συνιστῶσι
2573 5492 2628 5553 δὲ
2659 5494 2718 5554 τὸ
2765 5497 2956 5554 οἰκεῖον
3005 5492 3179 5572 δόγμα
3221 5493 3308 5552 διὰ
3354 5513 3711 5569 ταπεινοφρο-

1804 5734 1992 5794 Variae
2034 5734 2332 5794 lectiones.

471 5817 514 5854 ⁸⁸
544 5816 596 5870 δὲ
627 5816 763 5872 ἔσται
796 5835 851 5876 ο.
