4104 6436
401 391 537 447 1249

1273 385 1626 444 EXPOSITIO
1664 384 1729 440 IN
1769 382 1983 439 EPIST.
2021 380 2115 436 AD
2154 381 2431 440 COLOSS.
2474 414 2545 426 —
2583 387 2734 443 CAP.
2778 390 2840 445 ll.

3568 400 3704 454 i250

398 515 586 590 σύνης,
615 516 716 595 οὐχ
746 514 812 587 ἣν
845 514 995 574 αὐτοὶ
1019 512 1147 595 ἔχου
1159 537 1241 574 σιν
1268 558 1283 589 ,
1330 514 1452 572 ἀλλ’
1484 516 1556 581 ὣς
1602 511 1875 590 λέγοντες,
1909 508 1989 568 ὅτι

2106 507 2268 565 veluti
2304 520 2611 569 asserentes
2643 514 2821 587 majus
2847 530 2967 573 esse
2993 531 3166 590 quam
3199 517 3520 579 hominibus
3561 537 3702 580 con-

397 608 593 675 Μεῑζον
619 604 654 677 ἢ
701 603 840 665 κατὰ
870 604 1178 684 ἀνθρώπους
1198 650 1213 679 ,
1258 603 1318 663 τὸ
1354 608 1625 686 σφαγῆναι
1665 599 1802 682 ὑπὲρ
1830 603 1989 678 ἡμῶν

399 695 491 755 τὸν
522 698 825 774 Μονογενῆ.

481 812 505 839 α
561 772 770 847 Καὶνοῦ
814 787 1028 866 κρατῶν
1078 784 1182 856 τὴν
1247 782 1516 866 κεφαλὴν,
1571 781 1623 853 ἐξ
1666 772 1727 842 οἶ
1779 790 1886 840 πᾶν
1937 777 1997 839 τὸ

401 880 559 953 σῶμα
614 875 702 935 διὰ
754 878 860 935 τῶν
930 875 1080 959 ἁφῶν
1131 876 1223 936 καὶ
1273 873 1584 950 συνδέσμων
1640 868 1998 952 ἐπιχορηγού-

402 989 558 1045 μενον
633 966 726 1024 καὶ
813 964 1310 1044 συμϐιϐαζόμενον,
1391 963 1537 1033 αὔξει
1602 962 1698 1034 τὴν
1777 959 1999 1033 αὔξησιν

401 1060 495 1117 τοῦ
537 1059 707 1117 Θεοῦ.
736 1082 763 1108 ι
805 1058 888 1118 Οὐ
941 1065 1164 1138 κρατεῖ,
1217 1055 1409 1138 φησὶν,
1441 1058 1470 1113 ὁ
1520 1059 1692 1113 ταῦτα
1738 1050 1997 1133 δογματί-

402 1151 540 1221 ζων,
570 1146 666 1217 τήν
693 1144 960 1228 κεφαλὴν,
989 1147 1232 1207 τουτέστι
1265 1145 1352 1204 τὸν
1384 1142 1529 1205 Υῖόν.
1560 1142 1731 1209 Αὐτὸς
1751 1143 1854 1223 γάρ
1888 1143 1999 1200 ἐστι

413 1234 624 1319 κεφαλὴ
659 1240 764 1296 τῶν
804 1234 1076 1315 ἀγγέλων,
1127 1240 1198 1304 ὡς
1246 1233 1482 1309 Ποιητὴς
1528 1234 1619 1293 καὶ
1652 1230 2000 1312 Δημιουργός·

405 1325 546 1385 ἀλλὰ
582 1325 676 1386 καὶ
711 1327 887 1399 πάσης
926 1330 1022 1398 τῆς
1053 1324 1384 1399 Ἐκκλησίας
1435 1322 1679 1404 κεφαλὴ,
1733 1321 1824 1381 καὶ
1861 1320 2002 1382 κατὰ

401 1421 559 1477 τοῦτο
593 1415 723 1495 μὲν,
776 1415 920 1489 πλὴν
950 1415 1089 1476 ἀλλὰ
1122 1416 1213 1475 καὶ
1253 1416 1385 1476 καθὸ
1416 1419 1576 1492 σῶμα
1628 1414 1792 1472 αὐτοῦ
1839 1416 2000 1489 ἐσμεν

402 1504 499 1566 καὶ
531 1506 668 1585 μέλη
689 1553 704 1582 ,
734 1505 1153 1578 κοινωνήσαντος
1182 1510 1311 1585 ἡμῖν
1337 1510 1444 1564 τῶν
1479 1502 1808 1585 αὖτῶνηἚξ
1839 1505 2001 1563 αὐτοῦ

410 1583 584 1656 τοίνυν
614 1605 721 1655 πᾶν
744 1596 805 1656 τὸ
824 1600 982 1673 σῶμα
1003 1600 1100 1667 τῆς
1116 1583 1442 1670 Ἐκκλησίας
1460 1594 1554 1654 καὶ
1578 1593 1639 1653 τὸ
1664 1583 1797 1652 εἶναι
1818 1592 2003 1662 ἁπλῶς

410 1684 547 1766 ἔχει,
579 1684 671 1746 καὶ
694 1687 754 1747 τὸ
776 1680 832 1746 εὖ
852 1675 1009 1746 εἶναι.
1035 1686 1170 1747 Ἐὰν
1198 1688 1356 1745 αὐτοῦ
1379 1686 1578 1763 ἐκπέσῃ
1601 1707 1699 1756 τις,
1728 1684 2001 1742 ἀπόλωλεν

410 1776 574 1844 εὐθύς.
627 1777 844 1858 Ὀσπερ
881 1776 985 1856 γὰρ
1032 1776 1094 1836 τὸ
1150 1776 1454 1848 αἰσθητικὸν
1499 1778 1711 1850 πνεῦμα
1759 1772 1866 1833 ἀπὸ
1906 1779 2002 1832 τοῦ

2107 599 2314 671 veniat,
2356 602 2716 675 Unigenitum
2755 620 2856 677 pro
2893 606 3054 664 nobis
3082 608 3279 668 occidi.

2179 782 2360 839 Vens.
2396 787 2480 839 l9.
2510 787 2582 841 Et
2607 800 2714 841 non
2737 789 2916 844 tenens
2944 793 3128 860 caput,
3161 806 3230 846 ex
3253 806 3358 861 quo
3385 795 3558 848 totum
3587 807 3703 848 cor-

2102 886 2211 942 pus
2253 888 2353 945 per
2395 889 2566 931 nemus
2606 879 2659 932 et
2684 876 3083 947 conjunctiones
3123 880 3601 937 subministratum
3650 886 3702 939 et

2107 966 2486 1032 constructum,
2516 968 2707 1021 crescit
2735 968 2794 1021 in
2828 974 3180 1038 augmentum
3206 973 3325 1026 Dei.
3356 973 3485 1028 Non
3525 973 3700 1028 conti-

2109 1058 2232 1116 net,
2267 1051 2472 1125 inquit,
2501 1054 2598 1126 qui
2626 1054 2745 1112 haec
2779 1057 2975 1125 tradit,
3010 1068 3194 1131 caput,
3228 1058 3335 1116 hoc
3362 1069 3447 1117 est
3475 1060 3689 1118 Filium.

2111 1143 2237 1212 Ipse
2268 1141 2422 1199 enim
2450 1150 2537 1199 est
2568 1153 2737 1217 caput
2773 1146 3124 1219 angelorum,
3178 1149 3346 1206 veluti
3383 1152 3610 1208 Creator
3642 1159 3700 1208 et

2111 1229 2324 1301 Opifex.
2376 1235 2611 1306 Insuper
2660 1235 2836 1292 totius
2890 1236 3058 1294 ctiam
3100 1239 3356 1297 Ecclesia
3400 1250 3565 1313 caput
3616 1248 3701 1298 est

2111 1335 2239 1377 cum
2272 1324 2578 1381 secundum
2615 1323 2724 1382 hoc
2760 1326 2940 1399 ipsum
2982 1327 3231 1400 quidem,
3273 1337 3392 1387 tum
3428 1340 3705 1404 quatenus

2110 1426 2312 1483 corpus
2338 1413 2513 1486 ipsius
2544 1430 2739 1472 sumus
2774 1425 2830 1473 et
2860 1418 3127 1486 membra,
3167 1418 3284 1491 ipso
3327 1419 3617 1477 nobiscum
3649 1421 3706 1479 in

2113 1501 2307 1558 iisdem
2349 1507 2813 1562 communicante.
2873 1507 2953 1562 Ex
2995 1507 3116 1579 ipso
3167 1507 3350 1580 itaque
3392 1510 3706 1569 universum

2111 1606 2313 1664 corpus
2348 1592 2604 1651 Ecclesiae
2642 1603 2696 1652 et
2727 1611 2889 1653 suum
2917 1612 3036 1653 esse
3077 1596 3402 1669 simpliciter
3431 1598 3618 1669 habet,
3650 1609 3709 1658 et

2113 1680 2253 1738 bene
2297 1697 2435 1740 esse.
2488 1684 2542 1741 Si
2589 1685 2883 1757 quisquam
2933 1685 3005 1743 ab
3057 1702 3123 1743 eo
3169 1688 3463 1759 exciderit,
3513 1691 3703 1748 statim

2116 1772 2298 1843 periit.
2360 1775 2845 1845 Quemadmodum
2889 1776 3039 1833 enim
3077 1777 3373 1836 sensitivus
3410 1779 3634 1852 spiritus
3673 1799 3708 1840 a

409 1865 699 1945 ἐγκεφάλου
728 1869 801 1934 εἰς
823 1875 927 1924 πᾶν
953 1866 1012 1925 τὸ
1034 1869 1193 1943 σῶμα
1224 1865 1518 1925 διαδίδοται
1548 1863 1633 1922 διὰ
1656 1867 1759 1921 τῶν
1785 1862 2001 1942 νεύρων,

2116 1841 2339 1918 cerebro
2368 1841 2423 1919 in
2439 1872 2619 1921 totum
2644 1880 2845 1937 corpus
2873 1882 2969 1938 per
2993 1882 3188 1923 nervos
3215 1841 3568 1938 diffunditur,
3595 1880 3652 1928 et
3674 1888 3708 1930 a

407 1956 499 2014 καὶ
530 1956 635 2015 ἀπὸ
665 1960 756 2028 τῆς
793 1957 1030 2038 κεφαλῆς
1075 1959 1189 2017 ἐστι
1228 1965 1378 2016 πᾶσα
1419 1953 1697 2027 αἴσθησις,
1728 1951 1822 2012 καὶ
1857 1962 2005 2012 πᾶσα

406 2044 634 2117 κίνησις⁸
698 2044 839 2105 οὕτω
887 2044 982 2105 καὶ
1035 2046 1097 2105 τὸ
1142 2050 1237 2119 τῆς
1294 2043 1629 2117 Ἐκκλησίας
1680 2046 1841 2120 σῶμα
1900 2042 2005 2102 ἀπὸ

405 2141 497 2195 τοῦ
517 2136 752 2214 Χριστοῦ
787 2162 811 2189 α
835 2137 1240 2216 ἐπιχορηγεῖται
1258 2180 1274 2209 ,
1307 2162 1329 2187 υ
1362 2132 1622 2209 τουτέστι,
1650 2131 1917 2209 λαμϐάνει
1945 2132 2005 2192 τὸ

405 2228 498 2306 ζῇν
528 2222 621 2284 καὶ
642 2224 815 2295 αὔξειν
840 2228 1237 2302 πνευματικῶς.
1268 2226 1411 2286 Πότε
1434 2221 1567 2270 ³⁶ο³⁷
1598 2223 1652 2282 δὲ
1676 2228 1830 2282 τοῦτο
1854 2220 2000 2303 lxii;

405 2311 546 2375 Ὅτε
576 2340 601 2366 σι
624 2314 1040 2391 συμϐιϐάζεται,
1066 2344 1090 2368 ιο
1123 2313 1395 2387 τουτέστι,
1414 2313 1704 2396 συνάφειαν
1739 2311 1854 2393 ἔχει
1873 2312 2005 2394 πρὸς

403 2404 583 2466 αὐτόν.
629 2404 711 2466 Τὸ
763 2405 868 2486 γὰρ
916 2404 1066 2485 ἅγιον
1123 2407 1350 2483 Πνεῦμα
1405 2404 1493 2464 διὰ
1548 2407 1653 2463 τῶν
1701 2401 1852 2484 ἁφῶν
1911 2402 2004 2462 καὶ

405 2493 711 2569 συνδέσμων
760 2494 857 2569 τὴν
908 2494 1258 2576 ἐπιχορηγίαν
1302 2498 1397 2566 τῆς
1449 2491 1717 2567 αὐξήσεως
1768 2492 2001 2552 δίδωσινο

405 2586 478 2650 ὡς
537 2584 585 2643 εἴ
645 2607 705 2663 γε
765 2583 1050 2645 ἀσύνδετον
1102 2583 1183 2656 εἴη
1244 2583 1336 2643 καὶ
1390 2584 1653 2664 ἆσυναφὲς
1720 2580 1779 2641 τὸ
1836 2585 2000 2660 σῶμα

406 2672 537 2752 πρὸς
596 2674 696 2749 τὴν
769 2674 1042 2755 κεφαλὴν,
1123 2673 1215 2734 καὶ
1288 2676 1348 2736 οὖ
1404 2673 1797 2755 συμϐιϐάζεται
1873 2672 2003 2755 πρὸς

414 2763 614 2841 αὐτὴν,
658 2763 965 2839 τουτέστιν,
1019 2765 1078 2824 οὗ
1123 2762 1460 2837 συντίθεται,
1524 2764 1621 2823 οὐκ
1683 2762 1748 2822 ἂν
1790 2760 1910 2822 οὔτε
1965 2767 1998 2837 ἦ

410 2853 797 2934 ἐπιχορήγησις
836 2860 931 2914 τοῦ
966 2853 1281 2931 Πνεύματος
1329 2853 1559 2935 γίνοιτο,
1604 2851 1724 2912 οὔτε
1762 2855 1796 2924 ἡ
1829 2851 2000 2925 αὔξη-

401 2966 483 3013 σις
512 2948 604 3003 τοῦ
629 2948 808 3021 Θεοῦ,
840 2944 1109 3006 τουτέστιν
1127 2991 1144 3021 ,
1174 2951 1208 3019 ἠ
1246 2948 1343 3018 τῆς
1373 2944 1514 3005 κατὰ
1554 2942 1693 3006 Θεὸν
1728 2943 2001 3013 πολιτείας

401 3037 501 3106 τῆς
531 3033 779 3114 ἀρίστης.

478 3150 504 3179 α
558 3126 623 3185 Εἰ
671 3124 964 3185 ἀπεθάνετε
1013 3124 1107 3186 σὺν
1148 3126 1226 3206 τῷ
1268 3127 1493 3207 Χριστῷ
1548 3124 1655 3185 ἀπὸ
1701 3125 1808 3183 τῶν
1859 3145 2003 3185 στοι-

2114 1952 2287 2024 capite
2322 1954 2504 2011 omnis
2527 1969 2721 2012 sensus
2749 1963 2833 2011 est
2868 1964 2922 2011 et
2946 1964 3129 2013 motus
3163 1977 3176 2013 :
3209 1956 3355 2013 hunc
3384 1959 3450 2015 ad
3481 1959 3707 2017 modum

2110 2041 2364 2100 Ecclesiae
2390 2059 2592 2117 corpus
2620 2060 2651 2099 a
2690 2043 2912 2102 Christo
2943 2046 3411 2113 subministratur,
3454 2047 3561 2105 hoc
3602 2058 3706 2121 est,

2110 2130 2309 2205 accipit
2338 2133 2510 2190 vitam
2529 2141 2583 2190 et
2610 2143 2976 2207 augmentum
3001 2135 3304 2209 spirituale.
3339 2137 3576 2210 Quando
3604 2155 3709 2197 au-

2110 2228 2228 2277 tem
2255 2221 2361 2280 hoc
2388 2223 2586 2281 habet?
2617 2225 2847 2292 Quando
2886 2227 3254 2291 construitur,
3286 2225 3393 2284 hoc
3424 2236 3536 2297 est,
3570 2245 3707 2286 con-

2108 2312 2411 2370 nexionem
2448 2314 2517 2371 ad
2559 2315 2741 2388 ipsum
2793 2323 2851 2372 et
2889 2332 3019 2372 cum
3066 2316 3183 2389 ipso
3240 2316 3429 2374 habet.
3476 2319 3711 2392 Spiritus

2108 2400 2254 2457 enim
2291 2411 2516 2461 sanctus
2552 2419 2649 2477 per
2676 2420 2856 2462 nexus
2904 2413 2960 2463 et
2999 2407 3373 2463 connexiones
3401 2409 3711 2481 suppedita-

2107 2490 2320 2549 tionem
2340 2495 2628 2567 augmenti
2644 2493 2761 2551 dat.
2785 2497 2925 2551 Nam
2942 2495 2988 2551 si
3007 2495 3337 2553 dissolutum
3352 2496 3524 2570 486
3545 2496 3711 2555 fuerit

2108 2589 2164 2637 et
2183 2581 2504 2640 distractum
2525 2600 2727 2657 corpus
2740 2602 2772 2643 a
2788 2586 2979 2658 capite,
3002 2595 3055 2643 et
3070 2602 3184 2643 non
3203 2595 3577 2657 construatur,
3603 2588 3711 2645 hoc

2108 2679 2212 2741 est,
2240 2688 2355 2729 non
2379 2684 2768 2746 componatur,
2796 2692 3140 2751 nequaquam
3167 2676 3397 2749 Spiritus
3435 2677 3707 2734 submini-

2106 2762 2303 2819 stratio
2330 2762 2442 2832 ﬁet,
2471 2779 2649 2837 neque
2691 2775 3056 2839 augmentum
3089 2765 3211 2835 Dei,
3253 2765 3310 2823 id
3338 2774 3443 2839 est,
3474 2767 3704 2840 optima:

2106 2850 2410 2909 secundum
2436 2856 2616 2911 Deum
2644 2856 3096 2914 conversationis.

2181 3126 2368 3181 Vens.
2414 3130 2507 3181 20.
2542 3128 2605 3184 Si
2643 3130 2849 3184 mortui
2898 3128 3029 3185 estis
3072 3144 3196 3185 cum
3239 3129 3449 3186 Christo
3490 3129 3559 3185 ab
3605 3129 3708 3185 elc—

397 3212 560 3293 χείων
617 3220 710 3274 τοῦ
771 3215 1008 3294 κόσμου,
1065 3217 1118 3275 τί
1173 3219 1243 3283 ὡς
1303 3219 1496 3286 ζῶντες
1565 3217 1619 3275 ἐν
1677 3216 1755 3296 τῷ
1810 3216 1999 3298 κόσμῳ

2111 3218 2302 3272 mentis
2329 3217 2545 3285 mundi,
2575 3217 2715 3288 quid
2739 3222 3002 3290 tanquam
3027 3221 3261 3276 viventes
3286 3221 3349 3275 in
3387 3219 3592 3276 mundo
3617 3219 3710 3275 de-

400 3302 815 3383 δογματίζεσθε;
850 3331 873 3359 ιι
906 3304 1012 3366 Διὰ
1060 3310 1155 3365 τοῦ
1206 3306 1609 3386 βαπτίσματος,
1664 3304 1828 3387 φησὶ,
1877 3328 1998 3364 συν-

401 3392 754 3463 αποθανόντες
805 3397 880 3476 τῷ
945 3398 1199 3477 Χριστῷ,
1259 3394 1584 3476 ἐνεκρώοητε
1633 3393 1764 3475 πρὸς
1818 3403 2000 3456 πᾶσαν

394 3482 493 3555 τὴν
537 3482 800 3566 προτέραν
830 3484 1005 3563 ζωὴν,
1038 3484 1205 3566 ,ὥστε
1265 3483 1463 3563 μηκέτι
1514 3484 1653 3563 μηδὲ
1701 3486 1811 3551 τοῖς
1861 3507 2002 3566 στοι-

2104 3308 2367 3362 cemitis?
2394 3307 2501 3363 Per
2531 3306 2827 3379 baptisma,
2855 3308 3052 3382 inquit,
3086 3310 3426 3366 commortui
3458 3308 3700 3377 Christo,

2107 3394 2316 3452 mortui
2348 3395 2484 3452 estis
2520 3399 2674 3454 omni
2712 3397 2884 3470 priori
2918 3399 3069 3469 vitm,
3111 3407 3175 3455 ut
3202 3417 3319 3456 non
3356 3399 3597 3473 amplius
3635 3415 3707 3456 ne

2105 3483 2236 3556 ipsis
2261 3483 2487 3557 quidem
2521 3485 2806 3544 elementis
2842 3488 3117 3557 serviatis,
3148 3489 3348 3562 quibus
3375 3496 3539 3546 antea
3569 3487 3711 3545 sub-

400 3564 590 3652 xtime
631 3564 929 3650 δουλεύειν,
989 3565 1065 3643 οἷς
1114 3573 1304 3657 πρώην
1358 3573 1664 3635 ὖπέκεισθε.
1728 3575 1855 3641 Πῶς
1908 3564 2000 3634 οὖν

2106 3572 2229 3646 iecti
2245 3572 2434 3630 eratis.
2454 3574 2564 3644 Qui
2583 3574 2753 3649 igitur
2773 3591 2919 3632 nunc
2943 3593 3157 3646 rursus,
3180 3585 3445 3650 tanquam
3468 3578 3705 3650 priorem

396 3662 562 3723 πάλιν
600 3666 726 3742 νῦν,
756 3666 827 3731 ὣς
867 3666 921 3724 ἐν
1058 3663 1294 3747 προτέρα
1341 3666 1453 3745 ζωῇ
1504 3666 1730 3737 ζῶντες,
1781 3664 2000 3724 ὑπόκειο

396 3756 488 3812 σθε
519 3751 755 3829 τούτοις,
803 3754 1114 3815 διδάσκεσθε
1154 3753 1258 3836 γὰρ
1289 3754 1371 3815 ὅτι
1408 3755 1505 3828 ἥδε
1527 3758 1562 3828 ἡ
1588 3752 1766 3834 ἡμέρα
1801 3752 1945 3823 δεξιὰ
1978 3800 1996 3830 ,

396 3840 493 3913 ἥδε
520 3841 788 3911 ἄπαίσιος·
824 3842 982 3904 ἅτινά
1012 3846 1154 3904 ἔστιν
1188 3843 1487 3918 Ἑλληνικὰ
1517 3841 1993 3925 παρατηρήματα.

395 3926 546 4012 Ὅρα
576 3931 632 3991 δὲ
652 3932 745 3991 καὶ
769 3935 885 4001 πῶς
908 3934 1085 4017 ἡμέρα
1116 3933 1310 4002 αὖτοὺς
1335 3935 1696 4016 διακωμῳδεῖ,
1731 3959 1756 3988 ι
1787 3937 2001 4012 Δογμα·

399 4019 634 4096 τίζεσθε,
663 4046 689 4074 κ
718 4021 906 4083 εἰπών.
940 4021 1043 4092 ⁶Ως
1070 4024 1172 4105 γὰρ
1206 4024 1397 4084 παιδία
1431 4027 1703 4106 ἄρτιμαθῆ
1737 4023 1994 4099 κάθησθε,

393 4108 555 4189 φησὶ,
634 4111 1070 4191 δογματιζόμενοι
1126 4113 1221 4174 καὶ
1296 4113 1735 4192 νομοθετούμενοι
1805 4112 1858 4173 τί
1921 4115 2000 4174 δεῖ

393 4222 583 4262 ποιειν.

476 4315 504 4345 α
566 4291 661 4363 Μὴ
721 4291 869 4373 ἅψῃ,
920 4293 1058 4369 μηδὲ
1109 4292 1312 4373 γεύσῃ,
1370 4295 1506 4373 μηδὲ
1556 4293 1727 4376 θίγῃς·
1788 4292 1823 4353 ἄ
1885 4296 2000 4355 ἐστι

389 4378 566 4440 πάντα
607 4383 679 4449 εἰς
717 4380 913 4462 φθορὰν
1084 4383 1405 4465 ἀποχρήσει.
1448 4413 1472 4437 ιο
1522 4384 1633 4446 Καὶ
1674 4383 1846 4457 ἄλλην
1889 4409 1999 4444 πα-

394 4469 685 4552 ρατήρησιν
741 4472 918 4555 αὖτῶν
972 4472 1070 4547 τὴν
1132 4476 1240 4533 τῶν
1296 4472 1633 4555 βρωμάτων,
1697 4473 2000 4548 Ἰουδαῖκὴν

2105 3660 2284 3720 adhuc
2329 3661 2498 3720 vitam
2528 3663 2825 3733 viventves,
2875 3665 3175 3722 subdimini
3212 3665 3359 3723 illis?
3409 3666 3705 3723 Docemini

2106 3752 2257 3810 enim
2278 3752 2428 3827 quod
2449 3752 2566 3811 hac
2588 3753 2705 3811 dies
2727 3752 3009 3813 fortunata
3029 3756 3118 3822 sit,
3146 3756 3237 3813 illa
3266 3771 3396 3813 vero
3421 3755 3663 3813 infausta
3692 3776 3705 3813 :

2105 3858 2230 3916 quae
2266 3844 2597 3902 Graecorum
2646 3853 2777 3901 sunt
2817 3845 3249 3904 observationes.
3299 3846 3440 3918 Quin
3480 3855 3537 3904 et
3574 3846 3708 3904 illud

2105 3933 2260 4003 vide,
2305 3934 2587 4009 quomodo
2616 3936 2783 3992 tacite
2823 3952 2918 3994 eos
2960 3944 3150 4011 carpat
3181 3936 3451 4007 dicendo,
3501 3938 3707 4009 Δογμαα

2104 4022 2318 4086 τίζεσθε.
2359 4025 2506 4082 Nam
2548 4024 2722 4083 instar
2764 4042 3099 4099 puerorum,
3141 4025 3339 4100 inquit,
3387 4026 3498 4099 qui}
3532 4042 3710 4098 nuper

2104 4111 2316 4171 discere
2333 4123 2639 4188 cmperunt,
2660 4115 2881 4187 sedetis,
2904 4115 3138 4176 docendi
3157 4126 3213 4174 et
3231 4115 3553 4174 instituendi
3570 4115 3707 4189 quid

2108 4201 2287 4260 facere
2309 4212 2551 4277 Oportet.

2176 4295 2350 4351 Vnus.
2378 4299 2468 4363 2|,
2492 4298 2584 4352 22.
2606 4297 2686 4355 Ne
2711 4298 2969 4367 tetigeris,
2996 4313 3166 4369 neque
3184 4299 3509 4369 gustaveris,
3538 4313 3707 4369 neque

2107 4398 2199 4440 con
2207 4387 2514 4442 trectaveris
2534 4402 2555 4441 .’
2574 4402 2696 4458 qua:
2715 4393 2844 4443 sunt
2862 4390 3041 4444 omnia
3058 4390 3116 4445 in
3138 4391 3420 4446 interitum
3439 4391 3557 4462 ipso
3581 4403 3703 4444 usu.

2108 4473 2291 4531 Aliam
2332 4474 2587 4547 ipsorum
2631 4476 3076 4535 observationem
3119 4479 3333 4548 recitat,
3369 4493 3495 4552 qua;
3532 4485 3619 4535 est
3649 4477 3703 4533 in

394 4562 635 4637 μᾶλλον,
678 4560 863 4643 ὥσπερ
890 4553 955 4636 ἦν
992 4568 1028 4637 ἡ
1070 4565 1175 4622 τῶν
1224 4553 1440 4645 ἡμερῶν
1462 4612 1478 4639 ,
1515 4561 1831 4638 Ἑλληνική.
1886 4565 1994 4626 Τὸν

2106 4562 2267 4635 cibis,
2307 4563 2596 4622 Iudaicam
2636 4565 3020 4639 potissimum,
3068 4567 3550 4640 quemadmodum
3592 4566 3707 4624 dic-

392 4648 553 4732 τύφον
588 4650 645 4710 δὲ
672 4655 780 4711 τῶν
811 4653 1181 4733 δογματιστῶν
1223 4653 1603 4715 καταστέλλων
1628 4700 1646 4735 ,
1682 4655 1877 4736 φησὶν,
1914 4653 1993 4714 ὅτι

391 4740 451 4798 οὗ
482 4739 691 4819 μεγάλα
739 4739 859 4801 τινὰ
890 4742 1062 4805 ταῦτά
1091 4744 1232 4803 ἔστιν
1254 4789 1270 4822 ,
1321 4741 1448 4802 ἀλλ’
1479 4745 1552 4812 εἷς
1583 4744 1781 4825 φθορὰν
1815 4767 1989 4804 κατα-

391 4828 545 4909 λήγει
592 4837 699 4899 τοῖς
744 4831 1057 4913 χρωμένοις.
1110 4832 1450 4914 Φθειρόμενα
1502 4833 1604 4913 γὰρ
1652 4835 1711 4894 ἐν
1881 4858 1988 4914 γα-

392 4919 512 4999 στρὶ
540 4919 610 4992 ³⁸,
652 4921 739 4980 διὰ
781 4928 875 4983 τοῦ
919 4924 1220 5004 ἀφεδρῶνος
1252 4924 1491 5007 ὓποῤῥεῖ.
1547 4922 1691 4985 Οὔτε
1727 4915 1819 4985 οὖν
1847 4925 1993 5007 ὠφε-

389 5009 567 5070 λοῦσιν
598 5007 738 5068 αὖτᾶ
766 5013 883 5071 καθ’
916 5011 1054 5071 αὑτὰ
1074 5056 1092 5087 ,
1125 5012 1245 5075 οὔτε
1281 5013 1597 5093 βλάπτουσι.

470 5123 495 5151 α
533 5096 691 5159 Κατὰ
736 5099 806 5159 τὰ
856 5100 1166 5178 ἐντάλματα
1210 5103 1305 5164 καὶ
1353 5101 1700 5171 διδασκαλίας
1745 5106 1852 5165 τῶν
1901 5107 1995 5164 ἄν·

390 5186 633 5267 ορώπων.
685 5212 716 5246 ν
767 5191 888 5251 Οὐκ
929 5190 1033 5252 εἰσὶ
1086 5193 1200 5253 θεῖα
1251 5192 1555 5272 διδάγματα
1602 5199 1806 5268 ταῦτα,
1856 5194 1995 5255 ἀλλὰ

388 5276 679 5357 ἀνθρώπων
745 5280 1076 5359 ἐντάλματα.
1138 5282 1211 5344 Τί
1270 5273 1389 5357 οὖν;
1441 5286 1471 5342 ὅ
1523 5282 1680 5361 νόμος
1734 5285 1831 5343 οὐκ
1880 5282 1995 5344 ἔστι

387 5370 530 5429 Θεοῦ
545 5366 596 5456 ῗθ
624 5367 943 5431 διδασκαλία
978 5396 995 5448 ;
1020 5362 1131 5433 Ἦν
1161 5370 1259 5452 μὲν
1285 5368 1372 5431 ὅτε
1398 5361 1511 5456 εἶχε
1534 5372 1716 5455 καιρὸν
1736 5372 1809 5447 ⁴⁰,
1833 5376 1923 5433 νῦν
1940 5373 1995 5434 δὲ

387 5458 484 5518 οὐκ
528 5455 707 5533 ἔστιν,
739 5460 811 5528 ὡς
853 5459 929 5539 μὴ
978 5462 1168 5544 καιρὸν
1217 5461 1378 5544 ἔχων.
1432 5462 1511 5524 Ἢ
1557 5464 1638 5523 ὅτι
1669 5463 1993 5548 παρεποίουν

2105 4669 2230 4711 rum
2286 4661 2405 4711 erat
2461 4654 2679 4713 Graeca.
2720 4656 2946 4714 Fastum
2993 4665 3183 4714 autem
3238 4655 3703 4731 dogmatistarum

2099 4744 2436 4819 deprimens,
2478 4749 2609 4804 Non
2638 4762 2840 4822 magna
2873 4747 3154 4820 quaedam,
3193 4748 3391 4822 inquit,
3421 4747 3542 4806 hec
3572 4756 3704 4804 sunt

2098 4836 2195 4894 sed
2232 4836 2287 4894 in
2325 4836 2736 4912 corruptionem
2768 4836 3028 4895 desinunt
3064 4838 3368 4895 utentibus.
3415 4838 3697 4911 Corrupta

2101 4929 2254 4988 enim
2289 4929 2345 4987 in
2384 4938 2594 4999 ventre,
2628 4943 2725 5004 per
2760 4945 3042 4988 secessum
3071 4929 3342 4988 deﬂuunt.
3377 4932 3570 5005 Neque
3610 4930 3705 5005 igi-

2101 5029 2195 5078 tur
2217 5028 2446 5094 prosunt
2468 5020 2573 5077 ista
2601 5035 2701 5093 per
2727 5034 2869 5091 sese,
2893 5035 3077 5094 neque
3106 5019 3329 5078 obsunt.

2174 5111 2478 5170 Secundum
2508 5114 2787 5183 praecepta
2815 5115 2868 5166 et
2908 5112 3181 5167 doctrinas
3215 5109 3523 5168 hominum.
3570 5111 3698 5168 Non

2102 5209 2230 5259 sunt
2256 5200 2454 5260 divina:
2479 5200 2855 5257 institutiones
2875 5199 2982 5268 hac,
3007 5217 3199 5258 verum
3220 5200 3514 5259 hominum
3536 5216 3694 5258 mau-

2103 5291 2252 5351 data.
2282 5289 2431 5366 Quid
2456 5290 2650 5365 igitur?
2676 5306 2866 5348 nonne
2890 5291 2973 5347 lex
2999 5296 3083 5348 est
3104 5289 3356 5349 doctrina
3383 5291 3522 5349 Dei?
3552 5293 3689 5348 Erat

2104 5381 2352 5457 quidem,
2377 5397 2504 5439 cum
2525 5396 2627 5439 suo
2655 5388 2908 5454 tempore
2926 5381 3131 5456 vigeret
3152 5400 3167 5438 :
3188 5380 3354 5440 hodie
3374 5389 3561 5438 autem
3587 5396 3700 5439 non

2104 5482 2209 5545 est,
2222 5487 2354 5531 cum
2366 5479 2590 5547 tempus
2607 5471 2728 5546 ejus
2746 5470 3027 5546 expletum
3051 5479 3151 5530 est.
3175 5472 3272 5529 Vel
3295 5472 3422 5546 quia
3440 5487 3694 5530 corrum-

1777 5599 1973 5662 Varia
2019 5601 2328 5663 lectiones.

458 5738 578 5784 “J7
662 5761 717 5798 τε
739 5757 796 5801 o.
869 5739 916 5777 ⁸⁸
943 5740 1089 5814 σαρκὶ
1110 5756 1165 5800 o.
1241 5741 1287 5778 ”
1320 5743 1426 5798 θεία
1449 5760 1499 5801 0.
1573 5741 1619 5779 ⁸ο
1642 5738 1704 5813 ἦν
1728 5743 1896 5818 καιρὸς
1926 5745 2015 5803 4οο
