4104 6466
405 402 536 456 1251

1425 382 1940 445 THEOPHYLACTI
1981 381 2342 437 BULGARIE
2380 382 2696 440 ARCHIEP.

3574 382 3715 437 1252

399 523 602 596 pebant
625 535 745 578 eam
771 515 915 592 apud
944 515 1168 574 Iudaeos
1195 515 1459 582 seniores,
1487 513 1817 571 traditiones
1845 517 1992 566 extra

2114 507 2262 567 αὐτὸν
2311 509 2360 566 οἱ
2412 511 2543 588 παρ’
2585 508 3282 590 Ἰουδαίοιξπρεσϐύτεροί,
3325 506 3712 589 παραδιδόντες

396 615 569 687 legem
598 613 966 684 imponentes,
997 605 1222 680 perinde
1246 623 1309 663 ac
1339 605 1587 663 Christus
1611 603 1670 660 in
1697 600 1997 675 Evangelio

397 705 491 760 ait.
525 703 622 760 Vel
659 703 987 759 Graecorum
1025 698 1291 771 dogmata
1320 697 1564 754 denotat.

469 795 652 850 Vens.
700 798 788 848 23.
831 793 960 860 Quae
1000 793 1127 845 sunt
1167 791 1434 844 rationem
1477 786 1696 858 quidem
1740 784 1998 838 habentia

397 885 682 953 sapientiae
719 884 779 936 in
817 881 1197 952 superstitione
1243 884 1293 935 et
1335 879 1660 940 humilitate,
1704 879 1754 930 et
1797 876 1853 929 i-n
1891 889 1998 928 non

390 973 667 1042 parcendo
700 974 934 1042 corpori,
963 987 1069 1026 non
1096 972 1156 1024 in
1185 971 1383 1024 honore
1409 969 1596 1038 aliquo
1623 966 1697 1020 ad
1727 966 1995 1020 saturita-

398 1068 500 1119 tem
532 1064 730 1118 carnis.
765 1061 1068 1118 Rationem
1102 1059 1309 1116 habent
1337 1057 1641 1130 sapientiae,
1681 1071 1794 1114 non
1823 1054 1998 1110 virtu~

290 1141 295 1149 ’
399 1161 536 1222 tem,
583 1169 758 1225 neque
806 1153 1109 1208 veritatem.
1161 1151 1396 1207 Videtur
1437 1150 1587 1206 enim
1638 1149 1686 1204 is
1736 1147 1828 1220 qui
1881 1147 2000 1202 haec

399 1244 582 1313 tradit,
629 1243 752 1315 pius
792 1243 988 1314 aliquis
1031 1257 1171 1309 esse,
1218 1247 1274 1296 et
1318 1238 1650 1306 moderatus,
1691 1251 1999 1310 corpusque

400 1349 563 1391 suum
596 1334 907 1406 aspernari,
955 1339 1243 1405 propterea
1279 1329 1424 1403 quod
1465 1346 1495 1385 a
1528 1329 1668 1386 cibis
1705 1327 1994 1385 abstineat.

398 1422 566 1496 Atqui
602 1426 754 1480 Deus
796 1437 1000 1494 corpus
1045 1421 1356 1486 honoravit,
1401 1419 1662 1492 cibosque
1707 1417 1890 1488 dedit,
1939 1424 2000 1472 ut

399 1529 526 1569 caro
576 1512 682 1569 illis
730 1511 952 1584 impleta
1007 1511 1303 1579 consistat,
1349 1507 1754 1579 aifectibusque
1803 1514 1999 1579 sponte

399 1602 718 1660 dominetur
767 1619 782 1656 :
836 1617 1028 1658 verum
1084 1600 1185 1674 ipsi
1225 1615 1340 1656 non
1385 1608 1620 1656 utuntur
1666 1613 1898 1670 corpore
1946 1596 1999 1652 in

401 1691 647 1758 honore,
688 1692 966 1764 privantes
994 1691 1175 1765 ipsum
1213 1699 1271 1748 et
1307 1699 1639 1763 potestatem
1667 1686 2000 1756 auferentes,

402 1796 507 1837 nec
534 1783 862 1854 permittunt
889 1782 936 1840 ei
966 1790 1028 1839 ut
1056 1797 1153 1839 sua
1182 1789 1378 1854 sponte
1405 1780 1703 1854 imperium
1728 1786 1996 1836 exerceat.

1013 1966 1230 2021 CAPUT
1269 1965 1356 2020 lll.

472 2118 640 2193 487
689 2123 864 2178 Vens.
918 2124 969 2188 l,
1010 2126 1062 2176 2.
1111 2123 1297 2191 Igitur
1335 2121 1385 2176 si
1431 2122 1849 2177 consurrexistis
1881 2135 2001 2175 cum

398 2212 633 2280 Christo,
659 2226 779 2280 quae
799 2225 1018 2266 sursum
1041 2214 1164 2266 sunt
1195 2212 1438 2281 qucem'te,
1464 2211 1561 2265 ubi
1580 2209 1825 2267 Christus
1845 2214 1921 2264 est
1943 2211 2003 2264 in

400 2301 631 2355 dextera
655 2301 754 2356 Dei
772 2301 976 2356 sedens.
1003 2300 1128 2367 Quae
1148 2315 1359 2355 sursum
1385 2304 1513 2356 sunt
1536 2302 1730 2372 sapite,
1758 2315 1864 2354 non
1881 2315 2002 2370 quce

401 2405 570 2463 super
591 2394 819 2447 terram.
840 2389 979 2446 Cum
1000 2386 1238 2457 dixisset,
1264 2391 1465 2446 Mortui
1483 2392 1609 2446 estis
1631 2405 1746 2444 cum
1767 2390 2001 2455 Christo,

401 2494 497 2552 per
519 2478 791 2551 baptisma
813 2478 1090 2548 videlicet,
1109 2494 1172 2536 ac
1193 2479 1358 2535 tacite
1380 2477 1898 2553 subintelligendum
1918 2478 2001 2536 in-

399 2568 631 2637 nuisset,
661 2567 811 2642 quod
836 2571 908 2625 Et
931 2568 1098 2626 simul
1121 2569 1340 2626 excitati
1362 2570 1490 2627 estis
1516 2570 1807 2643 (baptisma
1831 2571 2002 2640 enim,

400 2666 464 2715 ut
511 2676 609 2733 per
650 2659 1123 2726 submersionem,
1177 2669 1437 2730 mortem,
1479 2660 1559 2718 sic
1607 2677 1705 2732 per
1740 2660 2003 2718 emersio—

401 2765 552 2820 nem,
578 2749 1036 2807 resurrectionem
1057 2750 1368 2824 signiﬁcat),
1391 2767 1536 2807 nunc
1562 2750 1730 2808 infert
1760 2767 1772 2805 :
1795 2753 1856 2810 Si
1879 2766 2002 2808 sur-

399 2842 622 2896 reccistis
642 2857 749 2897 una
774 2857 894 2896 cum
923 2842 1156 2910 Christo,
1188 2840 1400 2898 debetis
1420 2842 1650 2914 posthac
1669 2841 1725 2897 in
1748 2841 2003 2912 supernis

402 2945 544 2997 esse,
581 2929 673 2986 ubi
701 2931 811 2999 ille,
856 2929 951 2988 ubi
987 2947 1101 2987 non
1147 2940 1230 2987 est
1257 2931 1564 2988 observatio
1598 2952 1611 2988 :
1660 2947 1726 2988 ac
1759 2930 2004 2987 coelestia

401 3035 614 3092 sapere.
653 3023 796 3076 Nam
824 3019 942 3078 haec
981 3035 1104 3092 quae
1133 3019 1202 3076 de
1241 3021 1375 3077 cibis
1418 3021 1813 3093 praecipiuntur
1841 3028 2007 3092 atque

402 3108 620 3175 diebus,
652 3110 932 3166 terrestria
964 3118 1020 3166 et
1051 3126 1313 3183 corporea
1349 3119 1500 3178 sunt,
1530 3110 1660 3165 nihil
1700 3111 1872 3166 altum
1913 3118 2009 3166 aut

399 3197 680 3271 spirituale
707 3198 996 3269 habentia;
1027 3199 1303 3272 siquidem
1335 3207 1684 3257 terrenorum
1709 3199 2002 3256 hominum

401 3297 532 3345 sunt
556 3287 836 3344 mandata.
863 3292 987 3345 Non
1012 3297 1203 3345 autem
1241 3298 1539 3347 contentus
1565 3288 1696 3360 fuit,
1727 3291 2004 3361 Superna,

402 3377 606 3443 dicere,
631 3394 831 3450 neque,
865 3380 971 3436 Ubi
1001 3379 1246 3437 Christus
1272 3384 1395 3436 est:
1415 3379 1514 3436 sed
1533 3380 1751 3453 adjecit,
1781 3383 1848 3437 In
1867 3382 2006 3437 dea:-

406 3473 525 3524 tera
569 3472 669 3526 Dei
706 3471 913 3535 sedens,
951 3485 1063 3544 quo
1093 3470 1264 3544 magis
1306 3487 1338 3527 a
1385 3478 1536 3528 terra
1572 3480 1833 3529 nostrum
1879 3471 2003 3528 ani-

405 3573 562 3614 mum
589 3559 838 3616 abducat.

473 3650 656 3706 Vnns.
692 3655 742 3705 3.
769 3652 975 3708 Mortui
1000 3653 1144 3708 enim
1170 3653 1316 3718 estis,
1345 3657 1395 3709 et
1422 3655 1537 3708 vita
1561 3659 1747 3710 vestra
1773 3655 2002 3712 abscon-

405 3739 526 3795 dita
547 3745 630 3796 est
646 3757 771 3797 cum
793 3743 1004 3799 Christo
1026 3744 1082 3797 in
1102 3745 1225 3798 Deo.
1256 3745 1410 3816 ipsos
1437 3745 1694 3817 utrinque
1712 3752 2004 3819 praeparat,

404 3847 475 3886 ne
511 3848 635 3904 quae
680 3831 766 3890 hic
812 3842 943 3890 sunt
993 3843 1265 3907 quaerant,
1293 3840 1416 3893 tum
1452 3852 1516 3892 ex
1551 3846 1752 3905 morte,
1788 3847 1907 3894 tum
1937 3853 2006 3894 ex

402 3922 523 3978 vita.
557 3923 760 3979 Mortui
795 3924 949 3981 enim
989 3925 1142 3998 estis,
1176 3925 1374 3999 inquit,
1409 3927 1572 3985 rebus
1601 3927 1955 3986 inferioribus
1988 3949 2002 3984 :

405 4027 534 4084 ergo
575 4029 667 4070 eas
709 4029 958 4086 quaerere
993 4030 1107 4072 non
1152 4015 1386 4073 debetis.
1426 4019 1641 4074 Rursus
1677 4018 1789 4074 vita
1829 4027 2004 4075 vestra

405 4101 462 4156 in
491 4101 735 4174 supernis
754 4111 866 4172 est;
899 4120 1068 4176 quare
1102 4112 1158 4160 et
1193 4121 1426 4177 superna
1462 4114 1668 4162 curate.
1702 4107 2007 4164 Contendit

338 4242 343 4248 .
406 4190 554 4246 enim
606 4191 920 4259 ostendere,
978 4193 1128 4266 quod
1177 4193 1230 4249 in
1285 4195 1536 4267 supernis
1583 4194 1811 4253 sedeant
1865 4197 2004 4269 ipsi,

406 4279 684 4352 aliamque
723 4281 911 4337 vivant
953 4282 1146 4350 vitam,
1182 4298 1306 4355 qua;
1331 4284 1392 4340 in
1427 4287 1546 4341 Deo
1577 4292 1692 4355 est;
1730 4286 2002 4343 nimirum

406 4367 831 4442 haudquaquam
860 4370 1031 4427 oculis
1054 4372 1431 4446 conspicuam.
1453 4375 1576 4430 Non
1600 4383 1831 4449 apparet
1853 4375 2006 4434 Chri-

407 4467 525 4515 stus
575 4476 588 4514 :
635 4458 716 4516 sic
751 4476 928 4534 neque
970 4461 1081 4519 vita
1134 4471 1315 4519 vestra
1361 4472 1604 4536 apparet.
1654 4466 1835 4536 Quare
1874 4481 2004 4538 ergo

2108 597 2209 667 ἔξω
2244 601 2338 656 τοῦ
2380 597 2542 674 νόμου
2566 643 2582 672 ,
2620 602 2690 668 ὡς
2720 600 2811 659 καὶ
2843 604 2870 658 ὁ
2901 600 3099 681 Κύριος
3134 602 3186 659 ἐν
3220 599 3567 678 Εὗαγγελίοις
3601 622 3711 680 φη-

2110 687 2212 748 σίν.
2246 685 2326 749 Ἢ
2352 687 2420 747 τὰ
2443 692 2546 748 τῶν
2577 688 2852 763 Ἑλλήνων
2894 689 3200 751 αἰνίττεται.

2190 777 2427 839 «Ἄτινά
2476 781 2592 841 ἐστι
2647 779 2803 862 λόγον
2845 779 2941 860 μὲν
2991 782 3185 863 ἔχοντα
3246 778 3430 862 σοφίας
3485 779 3540 838 ἐν
3594 780 3708 838 ἐθε-

2109 868 2462 953 λοθρησκεία,
2545 869 2636 930 καὶ
2724 870 3220 953 ταπεινοφροσύνῃ,
3306 869 3399 930 καὶ
3493 866 3710 950 ἀφειδίᾳ

2109 957 2388 1036 σώματος,
2442 961 2535 1018 οὐκ
2588 963 2640 1019 ἐν
2702 967 2838 1044 τιμῇ
2885 987 2991 1023 τινι
3039 961 3168 1044 πρὸς
3236 958 3550 1038 πλησμονὴν
3613 961 3712 1029 τ’ἤς

2110 1050 2323 1129 σαρκός.
2355 1077 2379 1101 ι
2429 1051 2602 1129 Λόγον
2651 1049 2834 1131 ἔχουσι
2889 1052 3117 1135 σοφίας,
3175 1053 3234 1111 οὗ
3285 1050 3546 1129 δύναμιν,
3589 1046 3709 1107 οὐδὲ

2111 1138 2382 1223 ἀλήθειαν.
2437 1141 2597 1200 Δοκεῖ
2649 1141 2754 1221 γὰρ
2799 1145 2827 1201 ὃ
2882 1147 3052 1201 ταῦτα
3103 1142 3435 1223 δογματίζων
3478 1136 3713 1212 εὐλαϐής

2108 1253 2185 1294 τις
2218 1219 2381 1302 εἶναι,
2431 1229 2524 1290 xui
2569 1230 2810 1312 μέτριος,
2864 1231 2956 1291 xui
2998 1238 3090 1292 τοῦ
3138 1233 3387 1310 σώματος
3420 1251 3706 1310 καταφρο-

2110 1322 2246 1397 νεῖν,
2279 1317 2367 1378 διὰ
2409 1327 2500 1380 τοῦ
2549 1321 2845 1402 ἀπέχεσθαι
2895 1323 3218 1403 βρωμάτων.
3277 1321 3470 1384 Καίτοι
3515 1323 3544 1379 ὃ
3572 1319 3716 1387 Θεὸς

2111 1410 2330 1487 ἐτίμησε
2369 1409 2428 1468 τὸ
2460 1414 2653 1488 σῶμα,
2703 1413 2795 1472 xui
2823 1412 2891 1472 τὰ
2935 1412 3200 1493 βρώματα
3231 1413 3493 1486 δέδωκεν,
3536 1412 3608 1479 ὥς
3641 1409 3711 1470 ἂν

2112 1503 2143 1570 ἡ
2177 1497 2308 1580 σὰρξ
2340 1501 2405 1560 δι’
2429 1503 2602 1561 αὐτῶν
2631 1503 2976 1585 πληρουμένη
3020 1505 3368 1579 συνίσταται,
3409 1502 3500 1562 καὶ
3536 1505 3711 1582 κρατῇ

2109 1592 2213 1648 τῶν
2262 1593 2443 1651 παθῶν
2487 1591 2757 1662 ἑκουσίως·
2803 1592 2951 1653 αὐτοὶ
2999 1592 3053 1654 δὲ
3084 1595 3177 1655 οὐκ
3209 1596 3262 1654 ἐν
3306 1597 3438 1672 τιμῇ
3474 1594 3550 1674 τῷ
3600 1590 3710 1650 σὼο

2111 1703 2241 1758 ματι
2272 1685 2540 1761 χρῶνται,
2579 1687 2995 1764 ἀποστεροῦντες
3027 1684 3191 1758 αὐτὸ,
3225 1683 3318 1746 καὶ
3340 1685 3436 1756 τὴν
3469 1681 3712 1752 ἐξουσίαν

2113 1772 2522 1852 ἀφαιρούμενοι,
2555 1773 2648 1834 xui
2703 1772 2778 1854 μὴ
2833 1781 3228 1856 συγχωροῦντες
3275 1772 3526 1841 ἑκουσίως
3567 1795 3710 1856 κρα-

2033 1901 2080 1963 B
2114 1871 2239 1922 τεῖν.

2697 1959 2991 2020 ΚΙΞΦΑΛ.
3040 1956 3123 2018 Γ’.

2193 2135 2216 2163 α
2248 2110 2315 2170 Εἰ
2346 2098 2434 2170 οῦν
2469 2110 2824 2192 συνηγέρθητε
2855 2117 2931 2195 τῷ
2958 2113 3210 2195 Χριστῷ,
3241 2113 3305 2174 τὰ
3333 2111 3445 2172 ἅνω
3475 2115 3711 2188 ζητεῖτε,

2111 2193 2171 2258 οἶ»
2224 2203 2252 2258 ὁ
2304 2200 2534 2280 Χριστός
2591 2203 2732 2263 ἐστιν
2796 2207 2848 2264 ἐν
2904 2193 3052 2286 δεξιᾷ
3111 2193 3202 2264 τοῦ
3261 2205 3404 2264 Θεοῦ
3461 2203 3712 2282 καθήμε-

2109 2314 2214 2357 νος.
2259 2289 2346 2350 Τὰ
2377 2291 2486 2351 ἄνω
2517 2297 2782 2374 φρονεῖτε,
2832 2292 2907 2368 μὴ
2948 2291 3015 2353 τὰ
3048 2295 3134 2353 ἐπὶ
3155 2297 3269 2372 γῆς.
3306 2319 3336 2350 »
3370 2292 3560 2356 Εἰπὼν
3581 2340 3596 2367 ,
3631 2294 3715 2354 ὅτι

2109 2409 2133 2436 ε
2169 2379 2474 2441 Ἄπεθάνετε
2498 2381 2591 2442 σὺν
2630 2383 2882 2466 Χριστῷ,
2915 2412 2939 2437 υ
2973 2382 3060 2443 διὰ
3081 2389 3173 2444 τοῦ
3211 2383 3586 2465 βαπτίσματος
3618 2386 3715 2458 δη-

2109 2470 2248 2541 λαδὴ
2271 2515 2288 2548 ,
2337 2471 2428 2531 καὶ
2476 2471 2616 2532 κατὰ
2656 2472 2716 2532 τὸ
2746 2472 3094 2551 σιωπώμενον
3123 2473 3240 2541 δοὺς
3283 2482 3419 2534 νοεῖν
3440 2519 3456 2548 ,
3485 2475 3566 2534 ὅτι
3601 2473 3715 2536 Καὶ

2112 2563 2466 2641 συνηγέρθητε
2550 2563 2642 2638 (τὸ
2689 2564 2792 2645 γὰρ
2865 2565 3179 2644 βάπτισμα,
3239 2562 3419 2644 ὥσπερ
3474 2563 3562 2624 διὰ
3618 2568 3716 2638 τῆς

2111 2651 2446 2720 καταδύσεως
2491 2653 2746 2733 θάνατον,
2801 2653 2939 2714 οὕτω
2983 2656 3068 2714 διὰ
3111 2660 3204 2728 τῆς
3255 2654 3563 2722 ἀναδύσεως
3614 2656 3716 2728 τὴν

2113 2741 2406 2802 ἀνάστασιν
2438 2743 2651 2803 tunc?“
2681 2747 2720 2823 ),
2752 2750 2842 2804 νῦν
2872 2744 3075 2824 εἰσάγει
3099 2744 3174 2822 ⁴²,
3207 2743 3335 2827 driv-
3365 2747 3430 2806 Εἰ
3463 2744 3718 2827 συνηγέρ-

2110 2835 2235 2904 θητε
2259 2834 2337 2913 τῷ
2372 2835 2593 2916 Χριστῷ
2611 2880 2626 2909 ,
2655 2835 2890 2917 ὀφείλετε
2917 2835 3102 2895 λοιπὸν
3126 2834 3235 2894 ἄνω
3258 2825 3391 2895 εἶναι
3408 2881 3423 2909 ,
3459 2836 3580 2896 ἔνθα
3605 2825 3716 2894 κᾶ-

2112 2932 2310 3000 κεῖνος,
2361 2925 2482 2984 ἔνθα
2515 2928 2611 2986 οὐκ
2659 2927 2772 2987 ἔστι
2813 2927 3206 3008 παρατήρησις·
3253 2927 3346 2987 καὶ
3388 2926 3456 2986 τὰ
3494 2926 3715 3006 οὐράνια

2115 3024 2343 3094 φρονεῖν.
2384 3013 2540 3075 Ἐπεὶ
2582 3021 2750 3076 ταῦτα
2773 3062 2788 3090 ,
2823 3016 2892 3076 τὰ
2923 3017 3046 3097 περὶ
3097 3017 3396 3098 βρωμάτων
3447 3017 3538 3076 καὶ
3573 3020 3713 3094 ἡμε-

2119 3108 2254 3184 ρῶν,
2311 3103 2470 3182 γήϊνά
2519 3107 2619 3165 εἰσι
2666 3106 2758 3166 καὶ
2807 3108 3124 3187 σωματικὰ,
3175 3107 3267 3168 καὶ
3315 3106 3461 3166 οὐδὲν
3511 3107 3716 3188 ὑψηλὸν

2117 3193 2206 3252 xui
2267 3197 2627 3268 πνευματικὸν
2704 3195 2918 3277 ἔχοντα·
2995 3197 3286 3279 ἀνθρώπων
3347 3197 3452 3277 γὰρ
3513 3195 3716 3275 γηΐνων

2115 3282 2244 3342 εἰσὶν
2266 3283 2496 3369 ἐντολαί.
2530 3287 2649 3346 Οὐκ
2687 3285 2920 3366 ἠρκέσθη
2957 3286 3012 3346 δὲ
3043 3290 3156 3369 τῷ,
3195 3316 3219 3342 α
3250 3284 3419 3362 Ἀνω,
3451 3313 3475 3339 κ
3508 3288 3676 3347 εἰπεῖν
3696 3332 3715 3362 ,

2112 3371 2255 3449 οὐδὲ,
2294 3365 2909 3456 αΟὗὸΧριστόςίέστινο
2931 3403 2960 3435 n
2998 3365 3135 3437 ἀλλὰ
3166 3377 3526 3458 προσέθηκεν,
3558 3405 3582 3432 ιι
3615 3376 3713 3438 Ἐν

2115 3462 2258 3546 δεξιᾷ
2287 3464 2584 3543 καθήμενος
2628 3473 2718 3527 τοῦ
2764 3470 2940 3543 Θεοῦ,
2972 3494 3002 3526 ι)
3035 3465 3124 3528 ἵνα
3152 3467 3312 3528 πλέον
3340 3492 3393 3528 τι
3425 3466 3715 3549 ἀποστήσῃ

2113 3553 2200 3613 τὸν
2229 3559 2350 3614 νοῦν
2381 3560 2536 3634 ἡμῶν
2571 3555 2675 3616 ἀπὸ
2700 3562 2794 3631 τῆς
2822 3563 2940 3638 γῆς.

2200 3669 2227 3702 α
2255 3646 2564 3707 Ἀπεθάνετε
2595 3647 2718 3728 γὰρ,
2762 3648 2854 3708 καὶ
2887 3653 2915 3722 ἡ
2952 3649 3062 3722 ζωὴ
3091 3650 3241 3726 ὑμῶν
3275 3647 3574 3728 κέκρυπται
3605 3644 3709 3708 σὺν

2111 3739 2185 3816 τῷ
2215 3737 2435 3816 Χριστῷ
2478 3737 2530 3796 ἐν
2572 3742 2648 3820 τῷ
2682 3741 2831 3819 Θεῷ.
2867 3767 2891 3792 υ
2922 3737 3288 3819 Ἑκατέρωθεν
3322 3738 3508 3808 αὐτοὺς
3527 3763 3711 3818 παρα.

2115 3827 2355 3896 σκευάζει
2392 3825 2468 3903 μὴ
2509 3830 2683 3900 ζητεῖν
2715 3829 2782 3887 τὰ
2824 3829 3086 3906 ἐνταῦθα,
3133 3830 3225 3889 καὶ
3273 3832 3333 3891 ἐκ
3375 3834 3469 3901 τῆς
3509 3829 3713 3909 νεκρώ-

2115 3938 2282 3995 σεως,
2315 3914 2408 3976 καὶ
2443 3921 2502 3977 ἐκ
2539 3921 2630 3990 τῆς
2662 3920 2814 3991 ζωῆς.
2862 3919 3176 3980 Ἀπεθάνετε
3221 3919 3362 4002 γὰρ,
3407 3919 3560 4000 φησὶ,
3604 3920 3720 3988 τοῖς

2113 4005 2280 4066 κάτωο
2324 4008 2508 4066 οὐκοῦν
2556 4007 2603 4042 ⁸³
2637 4009 2733 4066 οὖκ
2780 4009 3018 4090 ὀφείλετε
3073 4012 3248 4082 ζητεῖν
3287 4014 3481 4069 ταῦτα.
3537 4009 3717 4070 Πάλιν

2115 4098 2148 4168 ἡ
2182 4095 2290 4168 ζωὴ
2323 4099 2470 4174 ὑμῶν
2508 4095 2636 4156 ἄνωο
2670 4098 2808 4157 ὥστε
2855 4099 2948 4159 καὶ
2986 4099 3054 4160 τὰ
3109 4099 3219 4159 ἄνω
3257 4108 3514 4180 φρονεῖτε.
3549 4101 3722 4160 Φιλο-

2115 4187 2277 4244 νεικεῖ
2307 4184 2410 4266 γὴρ
2445 4185 2610 4255 δεῖξαι
2653 4187 2838 4257 αὖτοὺς
2881 4187 3218 4268 καθημένους
3262 4189 3375 4250 ἄνω
3409 4189 3502 4249 xui
3549 4191 3719 4262 ἄλλην

2116 4277 2316 4345 ζῶντας
2345 4276 2517 4352 ζωὴν,
2556 4275 2651 4350 τὴν
2685 4279 2738 4336 ἐν
2781 4281 2857 4359 τῷ
2887 4281 3014 4360 Θεῷ
3037 4325 3054 4357 ,
3085 4277 3182 4352 τὴν
3233 4279 3308 4356 μὴ
3356 4279 3712 4362 φαινομένην.

2118 4365 2212 4440 Μὴ
2269 4365 2516 4448 φαίνεται
2635 4369 2889 4448 Χριστός⁶
2953 4368 3117 4437 οὕτως
3169 4370 3286 4431 οὐδὲ
3334 4373 3369 4444 ἡ
3417 4369 3525 4444 ζωὴ
3571 4373 3720 4446 ὑμῶν

2117 4446 2379 4536 φαίνεται.
2426 4457 2500 4517 Τί
2546 4446 2633 4517 οῦν
2689 4446 2891 4530 ζητεῖτε
2940 4457 3008 4519 τὰ
3056 4460 3383 4542 φαινόμενα,
3415 4462 3608 4521 Ταῦτα
3664 4459 3720 4518 δὲ

407 4548 725 4620 apparentia
752 4549 1035 4622 quaeritis?
1064 4554 1196 4608 Hac
1222 4559 1408 4608 autem
1436 4555 1740 4626 praestruit,
1777 4563 1841 4613 ut
1875 4572 2004 4613 mox

2116 4548 2644 4625 προκατασκευάζει,
2688 4546 2777 4606 ἵνα
2823 4545 2969 4616 εὐθὺς
3023 4548 3235 4630 ἐμπέσῃ
3278 4553 3349 4618 εἷς
3393 4550 3481 4609 τὸν
3534 4550 3718 4622 ἠθικὸν

408 4635 466 4692 in
513 4637 785 4694 moralem
828 4637 1036 4694 incidat
1073 4655 1414 4698 sermonem.
1455 4641 1609 4698 Solet
1643 4643 1820 4713 enim,
1873 4643 2006 4701 dum

410 4725 556 4782 aliud
596 4726 816 4796 astruit,
846 4726 918 4784 ad
953 4727 1061 4784 alia
1103 4729 1402 4801 transilire,
1455 4740 1517 4788 ut
1556 4731 1615 4787 in
1658 4732 1899 4804 Epistola
1940 4733 2010 4792 ad

411 4814 746 4885 Corinthios,
788 4833 919 4873 cum
953 4815 1027 4876 de
1067 4817 1136 4875 iis
1177 4818 1272 4892 qui
1307 4835 1494 4877 coenas
1533 4823 2009 4894 praaoccupabant,

411 4903 735 4978 dissereret,
801 4915 1028 4980 repente
1090 4907 1149 4965 in
1201 4909 1595 4983 mysteriorum
1653 4911 2011 4969 traditionem

412 4994 667 5067 delapsus
690 5004 790 5053 est.

483 5085 660 5144 Vsus.
685 5089 742 5142 4.
771 5089 902 5146 Cum
927 5089 1170 5148 Christus
1200 5094 1384 5147 autem
1410 5093 1750 5163 apparuerit,
1780 5094 1897 5150 vita
1924 5109 2010 5150 ve-

414 5179 549 5246 stra,
596 5181 712 5232 tum
737 5181 787 5232 et
812 5193 905 5234 vos
947 5178 1284 5250 apparebttis
1313 5195 1433 5236 cum
1470 5183 1588 5253 ipso
1625 5185 1685 5238 in
1719 5185 1913 5254 gloria.
1951 5186 2012 5240 In

413 5265 655 5323 secundo
675 5265 917 5324 adventu
934 5267 1383 5326 manifestabitur
1397 5269 1662 5341 Christus,
1686 5281 1742 5328 et
1761 5273 2018 5331 omnibus

415 5355 735 5414 ostendetur
767 5358 950 5427 Deus,
979 5357 1034 5414 in
1063 5357 1236 5432 gloria
1268 5359 1436 5417 simul
1465 5376 1592 5417 cum
1621 5363 1826 5435 angelis
1854 5363 2017 5421 adve-

416 5446 576 5504 niens
607 5463 620 5502 :
650 5463 802 5505 nunc
839 5447 986 5505 enim
1027 5464 1201 5523 usque
1237 5448 1377 5507 adeo
1420 5451 1774 5511 absconditus
1804 5460 1916 5524 est,
1955 5463 2023 5512 ut

418 5542 474 5591 et
501 5533 608 5592 hoc
629 5533 855 5594 nomine
877 5537 1219 5596 criminetur.
1248 5539 1396 5598 Tum
1427 5539 1596 5614 igitur
1627 5551 1684 5599 et
1720 5560 1816 5601 vos
1842 5544 2019 5601 mani—

2118 4638 2290 4716 λόγον.
2317 4631 2479 4705 Ἕθος
2521 4636 2625 4715 γὰρ
2674 4639 2820 4720 αὐτῷ
2867 4637 3008 4698 ἄλλα
3056 4639 3105 4677 ⁸⁵
3144 4641 3596 4708 κατασκευάζοντι
3645 4643 3720 4706 εἷς

2120 4726 2258 4786 ἄλλα
2291 4727 2626 4808 μεταπηδᾷν·
2658 4731 2728 4797 ὡς
2759 4729 2850 4788 καὶ
2899 4730 2950 4788 ἐν
2993 4734 3059 4810 τῇ
3095 4730 3227 4810 πρὸς
3259 4731 3568 4809 Κορινθίους
3597 4728 3727 4811 περὶ

2119 4819 2225 4875 τῶν
2256 4816 2744 4898 προλαμϐανόντων
2777 4822 2831 4879 ἐν
2877 4827 2986 4888 τοῖς
3034 4819 3262 4889 δείπνοις
3311 4819 3724 4899 διαλεγόμενος,

2120 4906 2364 4966 ἐνέπεσεν
2395 4907 2594 4990 ἀθρόως
2623 4909 2696 4977 εἷς
2734 4907 2829 4985 τὴν
2861 4912 2965 4970 τῶν
2999 4909 3304 4992 μυστηρίων
3334 4909 3667 4994 παράδοσιν.

2209 5112 2240 5145 α
2275 5087 2447 5150 ⁰Οταν
2482 5093 2509 5150 ὁ
2549 5087 2780 5170 Χριστὸς
2809 5094 3120 5174 φανερωθῇ,
3153 5095 3187 5164 ἡ
3220 5089 3328 5164 ζωὴ
3372 5093 3560 5170 ὗμῷν,
3595 5091 3721 5152 τότε

2124 5177 2214 5238 καὶ
2269 5183 2418 5255 ὑμεῖς
2468 5178 2562 5239 σὺν
2635 5181 2781 5261 αὐτῷ
2838 5182 3276 5262 φανερωθήσεσθε
3332 5185 3386 5242 ἐν
3467 5181 3616 5260 δόξῃ.
3689 5209 3719 5240 ιν

2126 5267 2221 5330 Ἐν
2399 5267 2620 5349 δευτέρα
2676 5270 2946 5354 παρουσίᾳ
3002 5280 3320 5354 φανεροῦται
3371 5275 3400 5332 ὁ
3451 5271 3723 5351 Χριστὸς,

2125 5357 2218 5420 xui
2248 5367 2382 5418 πᾶσι
2413 5358 2676 5420 δείκνυται
2707 5361 2844 5430 Θεὸς
2869 5361 2954 5434 ⁸⁸⁵,
3003 5365 3056 5423 ἐν
3087 5362 3210 5444 δόξῃ
3257 5362 3543 5444 ἐρχόμενος
3576 5362 3724 5442 μετὰ

2125 5451 2230 5508 τῶν
2274 5447 2536 5529 ἀγγέλων.
2583 5453 2698 5511 Νῦν
2745 5451 2871 5534 γὰρ
2897 5456 3148 5513 τοσοῦτον
3199 5451 3530 5534 κέκρυπται,
3585 5451 3729 5514 ὥστε

2126 5538 2215 5600 καὶ
2242 5538 2607 5602 διαϐάλλεται.
2641 5539 2782 5603 Τότε
2812 5533 2901 5603 οὖν
2936 5542 3028 5604 καὶ
3057 5543 3207 5624 ὑμεῖς
3243 5533 3526 5627 φανερωθή
3539 5549 3723 5604 σεσθε’

1809 5629 2008 5689 Varia:
2055 5631 2355 5693 lectiones.

492 5704 534 5740 Η
568 5705 721 5774 δηλοῖ
742 5722 796 5764 o.
873 5705 918 5741 "
945 5708 1148 5781 συνάγει
1174 5724 1229 5766 0.
1304 5704 1349 5745 ⁸³
1375 5702 1555 5769 lout?”
1588 5729 1642 5772 0.
1719 5713 1764 5750 “
1792 5717 1922 5770 ἄλλο
1946 5734 2002 5775 οο
2081 5720 2126 5757 ⁸⁸
2155 5720 2360 5792 Χριστδς
2383 5737 2434 5778 οδ
