4104 6432
309 416 445 469 1253

1159 406 1511 463 EXPOSITIO
1552 406 1617 461 IN
1658 404 1869 460 EPIST.
1909 404 2002 459 AD
2041 402 2317 459 COLOSS.
2356 432 2428 444 —
2465 402 2614 457 CAP.
2660 403 2748 456 111.

3482 401 3613 456 1254

304 542 407 618 οὐχ
437 537 639 608 ἁπλῶς,
667 533 832 611 ἀλλὰ,
868 560 891 587 α
914 532 1010 593 Ἐν
1038 531 1184 613 δόξῃ.
1209 561 1233 587 ι
1254 533 1430 593 θΩστε
1464 530 1671 602 ἐκείνην
1701 534 1906 603 ζητεῖτε

2027 528 2358 586 festabimini
2396 548 2410 585 :
2437 542 2549 584 non
2588 525 2933 598 simpliciter,
2963 523 3083 592 sed,
3113 528 3179 582 In
3206 526 3395 594 gloria.
3428 526 3611 596 Quare

304 630 402 698 τὴν
448 625 691 705 ἠμέραν’,
746 623 821 700 μὴ
870 621 1087 695 ταύτην·
1137 623 1267 704 πρὸς
1319 621 1524 694 ἐκείνην
1580 625 1676 700 ζῇν
1734 619 1900 679 σπεύ-

308 720 445 778 δετε.
503 716 642 777 Τότε
673 714 775 794 γὰρ
806 718 840 786 ἡ
887 713 1108 785 ἀληθινὴ
1148 711 1257 786 ζωὴ
1305 716 1452 790 ὑμῶν
1495 715 1832 795 φανεροῦταιο
1869 715 1901 781 ἡ

306 809 411 888 γὰρ
446 810 535 864 νῦν
558 850 575 879 ,
610 804 830 871 θάνατος
854 848 870 875 ,
925 802 1005 863 ὅτι
1052 804 1143 863 καὶ
1192 802 1278 862 διὰ
1309 808 1501 882 φθορᾶς
1551 800 1901 879 συνίσταται,

306 904 403 969 τῆς
455 901 578 977 ῥοῆς
614 904 705 954 καὶ
758 896 1043 976 ἀποῤῥοῆς.
1096 892 1188 965 Μὴ
1232 892 1394 970 τιμὰς
1441 894 1665 951 ἐνταῦθα
1701 894 1906 963 ζητεῖτε

311 989 403 1048 καὶ
448 984 614 1055 δόξας.
650 985 800 1046 Ἐκεῖ
837 984 940 1063 γὰρ
986 989 1019 1055 ἡ
1063 983 1185 1051 δόξα
1218 987 1392 1060 ὑμῶν.
1451 980 1519 1043 Ὀ
1576 980 1906 1061 μαργαρίτης

312 1077 607 1156 κέκρυπται
658 1072 751 1141 ἕως
797 1074 861 1133 ἂν
980 1078 1033 1134 ἐν
1078 1078 1153 1153 τῷ
1203 1072 1425 1153 ὀστρέῳ·
1486 1072 1610 1131 ὅταν
1668 1072 1721 1130 δὲ
1754 1094 1905 1151 περι-

313 1172 550 1247 θραυσθῇ
599 1168 798 1237 ἐκεῖνο,
849 1164 967 1225 τότε
1022 1164 1227 1241 λάμπει
1284 1166 1337 1221 ἐν
1392 1162 1537 1233 δόξη.
1607 1160 1772 1222 Οὕτω
1817 1161 1908 1219 καὶ

312 1264 503 1335 ἡμεῖς,
539 1256 636 1323 ἕως
667 1254 729 1314 ἂν
765 1257 817 1314 ἐν
861 1259 938 1335 τῷ
981 1258 1197 1337 φθαρτῷ
1250 1252 1422 1332 τούτῳ
1465 1243 1610 1329 ῶμεν
1657 1250 1907 1328 σώματι,

313 1349 591 1428 ὀφείλομεν
640 1349 709 1412 ὡς
752 1344 1113 1423 κεκρυμμένοι
1144 1348 1238 1423 ζῇν
1258 1389 1273 1415 ,
1305 1344 1379 1420 μὴ
1409 1341 1560 1411 δόξαν
1609 1347 1908 1413 ζητοῦντες·

315 1439 343 1496 ὅ
481 1436 528 1471 κ),
597 1436 609 1455 \
824 1439 834 1455 \
964 1441 995 1454 η
1277 1439 1309 1453 ~
1423 1432 1436 1452 Ι
1626 1431 1665 1473 Ιζ
1824 1434 1855 1449 ~

346 1460 441 1497 ταν
476 1459 530 1496 οε
562 1459 622 1495 το
648 1441 875 1517 φθαρτον
906 1457 1060 1494 τουτο
1091 1436 1311 1515 διαλυθῃ
1330 1479 1345 1509 ,
1376 1456 1494 1491 τοτε
1525 1438 1558 1505 ἡ
1580 1435 1704 1501 δοςα
1738 1436 1911 1510 ἡμων,

316 1528 405 1588 ἐὰν
439 1525 575 1596 ἄξιοι
603 1528 768 1600 αὐτῆς
793 1523 844 1561 ’⁵⁵
874 1528 1123 1609 φανῶμεν
1164 1523 1251 1583 διὰ
1280 1528 1385 1585 τῶν
1418 1523 1677 1605 πράξεων.

402 1821 429 1856 ε
462 1796 796 1878 Νεκρωσατε
829 1787 915 1857 οῦν
947 1796 1013 1855 τὰ
1040 1796 1177 1873 μέλη
1209 1798 1355 1873 ὑμῶν
1382 1792 1450 1854 τὰ
1476 1793 1564 1853 ἐπὶ
1598 1798 1693 1867 τ’ἤς
1723 1798 1839 1875 γῆς.
1880 1817 1908 1853 ε

2009 618 2161 675 diem
2207 619 2358 675 illam
2404 618 2731 685 desiderate,
2770 632 2883 672 non
2911 615 3079 683 hanc;
3134 615 3191 671 in
3234 616 3385 671 illam
3429 616 3607 672 vivere

2011 708 2245 766 studete.
2280 711 2424 765 Tum
2463 709 2614 765 enim
2637 723 2765 763 vera
2790 705 3231 763 manifestabitur
3261 705 3367 760 vita
3392 714 3570 761 vestra
3600 726 3614 762 :

2014 815 2254 872 prmsens
2269 800 2416 855 enim
2443 814 2595 854 mors
2618 806 2701 854 est
2728 818 2739 853 :
2771 796 3047 869 siquidem
3078 812 3173 869 per
3200 797 3615 868 corruptionem

2014 889 2288 957 consistit,
2310 905 2404 961 per
2424 888 2632 944 fluxum
2654 898 2707 943 et
2722 886 3013 943 reﬂuxum.
3036 891 3289 943 Honores
3309 895 3363 942 et
3384 886 3612 960 gloriam

2014 980 2103 1036 hic
2129 995 2376 1051 quaerere
2408 978 2597 1034 nolite.
2632 980 2769 1034 Nam
2796 977 2906 1032 illic
2934 976 3103 1048 gloria
3136 986 3315 1033 vestra
3338 984 3438 1032 est.
3468 976 3613 1032 Deli-

2014 1070 2175 1126 tescit
2202 1070 2519 1143 margarita,
2554 1069 2821 1140 tantisper
2849 1066 2981 1123 dum
3008 1066 3062 1122 in
3103 1066 3353 1139 conchyli
3391 1064 3554 1122 fuerit
3601 1084 3614 1121 :

2016 1162 2249 1218 simulac
2278 1178 2406 1217 vero
2437 1160 2569 1216 illud
2602 1158 2936 1231 perfractum
2969 1157 3163 1224 fuerit,
3198 1168 3319 1213 tum
3350 1157 3401 1212 in
3442 1157 3614 1230 gloria

2019 1255 2243 1310 relucet.
2273 1256 2437 1309 Hunc
2461 1251 2529 1308 ad
2559 1251 2795 1308 modum
2822 1260 2878 1307 et
2904 1265 3025 1313 nos,
3061 1248 3304 1322 quandin
3347 1249 3405 1305 in
3448 1247 3620 1321 488

2019 1343 2358 1415 corruptibili
2384 1344 2488 1399 isto
2519 1357 2750 1415 corpore
2774 1339 3063 1407 fuerimus,
3088 1347 3352 1410 tanquam
3389 1339 3621 1394 latentes

2021 1435 2197 1490 vivere
2234 1434 2517 1504 debemus,
2564 1433 2632 1489 ab
2672 1432 2826 1489 omni
2856 1431 3047 1505 gloriae
3095 1428 3392 1502 cupiditate
3438 1426 3617 1484 alieni.

2022 1524 2256 1596 Quando
2297 1534 2482 1581 autem
2520 1522 2851 1579 dissolutum
2891 1521 3057 1578 fuerit
3100 1520 3209 1577 hoc
3246 1519 3619 1592 corruptibile,

2021 1621 2153 1668 tunc
2194 1614 2297 1667 erit
2324 1611 2498 1685 gloria
2536 1620 2745 1681 nostra,
2788 1611 2830 1667 si
2859 1609 2962 1667 hac
2991 1609 3139 1683 digni
3169 1625 3265 1682 per
3311 1624 3482 1682 opera
3512 1606 3621 1664 visi

2023 1700 2306 1759 fuerimus.

2092 1796 2269 1852 Vsus.
2303 1799 2357 1850 5.
2386 1796 2709 1864 Mortiﬁcate
2732 1808 2855 1863 ergo
2882 1793 3119 1849 membra
3146 1796 3323 1849 vestra
3347 1810 3469 1865 qua:
3496 1800 3626 1851 sunt

315 1892 434 1951 Οὐκ
461 1880 602 1947 εἶπεν
627 1934 641 1960 ,
670 1887 1030 1969 Ἀποῤῥίψατε
1047 1932 1064 1959 ,
1103 1886 1241 1946 ἀλλὰ
1260 1931 1276 1959 ,
1304 1913 1328 1939 α
1352 1883 1696 1963 Νεκρώσατε,
1730 1912 1752 1936 υ
1775 1882 1910 1946 ὥστε

2027 1900 2186 1957 super
2218 1892 2441 1943 terram.
2472 1888 2597 1942 Non
2625 1884 2777 1954 dixit,
2814 1884 3052 1957 Abjicite
3078 1902 3092 1940 :
3126 1883 3250 1948 sed.
3284 1888 3621 1957 Mortiﬁcate,

318 1980 454 2060 μηδὲ
484 1982 803 2049 ἀναστῆναι.
841 1976 996 2048 Μέλη
1033 1974 1087 2036 δὲ
1116 1975 1204 2035 ἐπὶ
1248 1980 1343 2048 τῆς
1385 1980 1482 2055 γῆς
1514 1976 1657 2055 τάχα
1703 1973 1797 2052 μὲν
1824 1976 1915 2036 καὶ

316 2070 385 2129 τὰ
414 2069 698 2147 σωματικὰ
728 2066 865 2145 μέλη
897 2067 1059 2147 λέγει’
1094 2065 1128 2125 ἃ
1157 2064 1284 2125 ὅταν
1331 2066 1427 2141 μὲν
1471 2064 1540 2125 τὰ
1584 2066 1806 2148 οὐράνια
1837 2067 1914 2146 μὴ

317 2162 539 2242 ἐνεργῇ,
600 2157 691 2217 ἐπὶ
737 2162 830 2230 τῆς
877 2162 973 2238 γῆς
1023 2156 1254 2236 λέγεται·
1308 2154 1435 2215 ὅταν
1487 2156 1543 2216 δὲ
1585 2155 1654 2215 τὰ
1697 2158 1913 2238 οὐράνια

317 2252 631 2333 ἕνεργῶνται
679 2250 747 2308 δι’
795 2251 1010 2321 αὐτῶν,
1070 2247 1247 2307 οὐκέτι
1298 2245 1389 2305 ἐπὶ
1451 2250 1544 2319 τῆς
1591 2251 1689 2327 γῆς
1755 2250 1912 2311 εἰσιν.

318 2332 448 2403 Οἶον
480 2342 607 2419 ὅταν
648 2338 723 2417 μὴ
762 2341 969 2421 δρῶμεν
1007 2341 1181 2404 κακῶς
1210 2335 1290 2412 ‘7,
1321 2335 1447 2396 ὅταν
1481 2336 1557 2415 μὴ
1600 2336 1913 2417 ἀκούωμεν,

317 2432 412 2491 οὖκ
441 2432 528 2491 ἐπὶ
558 2433 655 2512 γῆς
702 2431 887 2509 ἐσμεν.
933 2428 1099 2510 Τάχα
1143 2429 1197 2487 δὲ
1230 2428 1365 2503 μέλη
1414 2428 1501 2487 ἐπὶ
1530 2430 1625 2500 τῆς
1654 2432 1779 2509 γῆς,
1823 2430 1915 2491 καὶ

316 2520 386 2581 τὰ
417 2521 503 2581 διὰ
549 2524 654 2580 τῶν
703 2521 879 2599 μελῶν
932 2526 1025 2579 τοῦ
1086 2517 1334 2596 σώματος
1382 2518 1769 2596 ἐπιτελούμενα
1827 2520 1916 2582 ἐπὶ

317 2618 413 2685 τῆς
460 2616 556 2691 γῆς
588 2611 1001 2691 ἁμαρτήματα,
1058 2608 1093 2669 ἃ
1141 2608 1238 2669 καὶ
1285 2608 1374 2669 ἐπὶ
1428 2614 1522 2682 τῆς
1571 2612 1667 2688 γῆς
1730 2612 1913 2690 μένει,

318 2701 412 2762 καὶ
458 2704 680 2762 ἐνταῦθα
726 2700 1014 2783 φθείρεται·
1080 2698 1195 2761 ἐπεὶ
1254 2698 1322 2758 τά
1386 2722 1445 2779 γε
1490 2698 1627 2777 μέλη
1676 2705 1765 2760 τοῦ
1811 2701 1916 2762 σώ-

321 2814 525 2870 ματος,
586 2792 631 2851 εἰ
664 2792 755 2851 καὶ
792 2791 899 2849 ἀπὸ
946 2795 1041 2863 τῆς
1098 2793 1195 2867 γῆς
1252 2790 1423 2864 εἰσιν,
1483 2789 1601 2849 ἀλλ’
1655 2790 1800 2869 ὅμως
1856 2798 1915 2854 οὗ

322 2882 469 2960 μένει
514 2880 603 2941 ἐπὶ
648 2885 741 2952 τῆς
790 2886 887 2962 γῆς
934 2880 1027 2940 καὶ
1070 2878 1373 2962 φθείρεται,
1417 2879 1539 2939 ἀλλ’
1590 2882 1916 2961 ἄφθαρτίζε-

319 2995 410 3031 ται
456 2972 803 3042 ἀνιστάμενα.
840 2972 962 3038 Πῶς
995 2969 1051 3029 δὲ
1095 2966 1259 3029 εἰπὼν
1289 2972 1537 3051 ἀνωτέρω
1559 3015 1575 3047 ,
1612 2969 1695 3031 ὅτι
1733 3001 1757 3025 κ
1783 2975 1918 3033 Συν-

318 3063 550 3143 ετάερητε
589 3066 665 3143 τῷ
713 3063 967 3142 Χριστῷ,
1031 3059 1111 3120 ὅτι
1172 3060 1565 3128 ἀπεξεδύσασθε
1628 3063 1691 3122 τὸ
1755 3067 1912 3142 σῶμα

317 3156 424 3211 τῶν
450 3155 724 3234 ἁμαρτιῶν
756 3155 849 3224 τῆς
892 3149 1110 3232 σαρκός’
1141 3179 1165 3206 υ
1212 3156 1302 3210 νῦν
1346 3151 1507 3210 πάλιν
1540 3150 1712 3232 λέγει,
1746 3181 1771 3206 σι
1804 3158 1916 3217 Νε-

2024 1974 2096 2033 ila
2123 1985 2187 2032 ut
2235 1991 2523 2050 nunquam
2562 1983 2872 2048 resurgant.
2923 1976 3172 2031 Membra
3214 1984 3399 2031 autem
3455 1992 3623 2047 super

2023 2076 2228 2125 terram
2271 2067 2414 2125 forte
2442 2066 2691 2139 corporis
2740 2082 2957 2139 quoque
2987 2066 3234 2122 membra
3290 2065 3451 2135 dicit;
3497 2083 3623 2141 quae

2024 2160 2164 2217 dum
2191 2159 2430 2216 coalestia
2460 2158 2695 2214 minime
2723 2166 3041 2229 operantur,
3066 2172 3234 2229 super
3261 2164 3469 2213 terram
3508 2174 3627 2216 esse

2024 2249 2284 2307 dicuntur
2314 2269 2326 2306 :
2353 2264 2480 2305 cum
2509 2255 2693 2305 autem
2723 2247 2962 2303 cmlestia
2986 2262 3079 2319 per
3107 2247 3223 2319 ipsa
3247 2247 3622 2319 perﬁciuntur,

2024 2359 2134 2400 non
2155 2343 2275 2416 jam
2305 2341 2364 2398 in
2387 2349 2529 2397 terra
2556 2349 2689 2397 sunt
2715 2358 2727 2395 :
2756 2347 2815 2395 ut
2838 2355 2967 2394 cum
2992 2348 3088 2395 aut
3119 2338 3309 2395 vitiose
3336 2355 3448 2396 non
3478 2340 3625 2397 vide-

2025 2450 2174 2505 mus,
2220 2441 2317 2492 aut
2348 2432 2625 2500 audimus,
2670 2431 2728 2487 in
2773 2431 2936 2487 terris
2963 2445 3079 2485 non
3107 2445 3318 2487 sumus.
3375 2433 3628 2489 Fortasse

2026 2538 2211 2585 autem
2250 2533 2305 2581 et
2331 2524 2581 2581 membra
2615 2522 2670 2578 in
2700 2529 2844 2579 terra
2886 2521 3166 2587 dicuntur,
3208 2536 3331 2593 quae
3372 2522 3429 2577 in
3474 2531 3625 2580 terra

2028 2637 2125 2694 per
2143 2620 2396 2677 membra
2424 2616 2674 2691 corporis
2697 2616 3127 2673 committuntur
3154 2623 3393 2687 peccata,
3425 2630 3546 2687 quae
3575 2622 3629 2673 et

2026 2712 2080 2768 in
2110 2720 2252 2767 terra
2294 2716 2539 2776 manent,
2593 2716 2649 2765 et
2686 2705 2888 2763 ibidem
2919 2714 3353 2778 corrumpuntur
3399 2724 3411 2761 :
3452 2722 3629 2780 quan-

2026 2801 2329 2875 doquidem
2370 2799 2619 2871 corporis
2646 2812 2776 2853 sane
2820 2796 3097 2864 membra,
3139 2795 3361 2851 tametsi
3403 2810 3433 2851 ο
3481 2805 3624 2853 terra

2026 2892 2152 2957 sint,
2180 2907 2296 2947 non
2324 2898 2514 2945 tamen
2545 2887 2604 2943 in
2637 2895 2783 2942 terra
2822 2893 3148 2957 permanent
3178 2892 3631 2958 corrumpuntur-

2028 2997 2157 3054 que,
2183 2979 2282 3036 sed
2324 2976 2749 3049 incorruptibilia
2796 2984 2976 3043 erunt,
3030 2992 3156 3031 cum
3207 2977 3623 3035 resurrexerint.

2024 3076 2100 3130 At
2126 3068 2431 3143 quomodo,
2472 3084 2599 3124 cum
2643 3083 2807 3139 supra
2837 3066 3089 3136 dixisset,
3144 3067 3455 3139 Consepulti
3498 3074 3626 3128 estis

2024 3180 2145 3220 cum
2161 3160 2390 3228 Christo,
2414 3158 2559 3230 quod
2607 3158 2866 3213 emeritis
2893 3172 3081 3228 corpus
3119 3163 3461 3227 peccatorum
3509 3176 3630 3216 car-

320 3240 598 3323 κρώσατε;
653 3268 683 3299 ιο
739 3238 871 3325 ⁶¹ΑΟτι
930 3247 964 3315 ἡ
1030 3241 1125 3319 μὲν
1194 3240 1432 3323 προτέρα
1511 3240 1764 3323 νέκρωσις
1830 3252 1921 3307 τοῦ

2033 3259 2144 3323 nis,
2173 3269 2319 3311 nunc
2344 3252 2547 3309 iterum
2578 3249 2730 3318 dicit,
2775 3252 3130 3319 Mortiﬁcate?
3173 3251 3453 3322 Quoniam
3486 3253 3635 3325 prior

326 3322 697 3413 βαπτίσματος
751 3322 815 3405 ἦν
871 3333 1071 3412 δῶρον,
1140 3331 1466 3391 ἀποτιννύσα
1517 3322 1618 3404 τὴν
1677 3338 1730 3394 ἐν
1791 3342 1922 3413 ἡμῖν

320 3431 701 3505 προγεγονυῖαν
756 3423 1042 3502 ἁμαρτίαν·
1105 3425 1140 3494 ἡ
1186 3419 1243 3480 δὲ
1295 3426 1386 3480 νῦν
1424 3422 1776 3502 ὕποτιθεμένη
1836 3427 1921 3485 vi-

326 3535 555 3593 κρωσις,
617 3517 711 3585 τῆς
761 3512 1023 3595 ἡμετέρας
1080 3509 1469 3592 προαιρέσεως,
1522 3513 1618 3582 τὰς
1667 3514 1804 3590 μετὰ
1862 3515 1923 3576 τὸ

326 3603 609 3683 βάπτισμα
671 3602 935 3685 ἁμαρτίας
989 3603 1353 3683 ἀφανίζουσα,
1404 3605 1605 3680 μᾶλλον
1667 3604 1723 3663 δὲ
1785 3605 1922 3685 μηδὲ

324 3697 585 3767 ἀναζῆσαι
637 3697 779 3755 ἐῶσα
805 3691 939 3761 ὅλως
964 3734 981 3766 ,
1026 3691 1112 3752 διὰ
1140 3698 1235 3753 τοῦ
1277 3697 1535 3752 θανατοῦν
1567 3693 1628 3753 τὸ
1673 3694 1923 3777 φρόνημα

328 3788 424 3856 τῆς
480 3783 693 3865 σαρκός.
760 3780 982 3864 ’Ὠσπερ
1055 3781 1102 3842 εἴ
1149 3805 1226 3851 τις
1278 3784 1562 3864 ἀνδριάντα
1617 3786 1923 3862 ρυπωθέντα

328 3873 737 3954 ἀναχαλκεύσας
786 3873 878 3934 καὶ
932 3872 1250 3953 λαμπρύνας
1307 3874 1502 3948 πάλιν,
1553 3885 1804 3954 παραινεῖ
1850 3880 1925 3960 τῷ

330 3962 508 4044 ἔχοντι
535 3970 719 4025 τοῦτον
760 3964 1074 4034 σπουδάζειν
1106 3964 1453 4025 ἀποτίθεσθαι
1484 3964 1572 4025 τὸν
1596 3966 1673 4025 ἰὸν
1694 4011 1710 4040 ,
1749 3969 1807 4026 οὐ
1837 3967 1926 4028 τὸν

328 4054 745 4137 ἀποσμηχθέντα
776 4056 1017 4131 πάντως,
1069 4053 1208 4115 ἀλλὰ
1253 4055 1341 4116 τὸν
1382 4056 1740 4136 ἐπιγινόμενον
1790 4059 1927 4137 μετὰ

325 4165 517 4207 ταυτα.

415 4346 446 4386 tt
477 4325 759 4409 Πορνείαν.
800 4352 831 4384 π
868 4322 1005 4390 Ἰδοὺ
1049 4327 1349 4407 ἡρμήνευσε
1386 4327 1504 4387 τίνα
1536 4326 1636 4388 εἰσὶ
1665 4329 1734 4390 τὰ
1764 4330 1921 4409 μέλη.

332 4417 559 4498 Πρώτης
592 4418 649 4479 δὲ
676 4418 873 4491 ταύτης
896 4418 1201 4499 μέμνηται,
1233 4417 1365 4479 διότι
1390 4420 1482 4479 καὶ
1508 4421 1745 4498 μάλιστα
1772 4426 1928 4483 τοῦτο

330 4512 518 4589 κρατεῖ
555 4508 617 4568 τὸ
650 4508 833 4576 πάθος.

414 4627 439 4653 ι
477 4598 825 4679 Ἄκαθαρσίαν
847 4643 864 4676 ,
900 4598 1083 4667 πάθος.
1123 4620 1151 4657 ι
1185 4601 1436 4679 Παρῆκεν
1473 4601 1653 4668 ἰδικῶς
1694 4603 1861 4662 εἰπεῖν
1895 4602 1929 4661 ἃ

334 4688 453 4748 οὐδὲ
499 4692 662 4749 εἰπεῖν
707 4688 888 4750 καλόν·
922 4689 1012 4748 καὶ
1057 4688 1144 4749 διὰ
1182 4693 1277 4761 τῆς
1322 4688 1652 4770 ἀκαθαρσίας
1696 4693 1785 4751 καὶ
1837 4698 1929 4754 τοῦ

336 4778 535 4849 πάθους
568 4780 744 4840 πάντα
788 4779 1006 4862 ἐνέφηνε
1049 4778 1117 4839 τὰ
1144 4781 1248 4838 τῶν
1291 4781 1531 4862 αἰσχρῶν
1563 4780 1756 4858 μίξεων
1789 4782 1927 4858 εἴδη.

333 4870 428 4950 Τῷ
487 4868 599 4931 ὄντι
645 4870 750 4949 γὰρ
797 4870 966 4938 πάθος
1024 4874 1060 4942 ἡ
1117 4869 1288 4930 λύσσα
1359 4875 1449 4930 τοῦ
1494 4870 1781 4951 σώματος,
1840 4876 1932 4934 καὶ

336 4956 518 5041 ὥσπερ
543 4961 795 5041 πυρετὸς,
826 4959 862 5033 ἢ
903 4964 1152 5043 τραῦμα,
1192 4958 1228 5033 ἢ
1259 4959 1395 5034 ἄλλη
1437 4958 1607 5029 νόσος.

418 5167 442 5193 ιι
480 5138 802 5217 Ἐπιθυμίαν
826 5137 1021 5213 κακήν.
1060 5166 1085 5194 ι
1116 5135 1254 5201 Ἰδοὺ
1284 5142 1500 5220 γενικῶς
1541 5140 1704 5201 πάλιν
1740 5141 1801 5203 τὸ
1824 5151 1931 5205 πᾶν

337 5220 475 5291 εἷπε.
521 5232 687 5291 Πᾶσα
715 5229 819 5311 γὰρ
848 5229 1102 5309 ἐπιθυμία
1143 5230 1311 5303 κακή.
1340 5227 1504 5292 Ἔστι
1535 5232 1589 5291 δὲ
1633 5234 1726 5293 καὶ
1750 5238 1783 5306 ἡ
1812 5236 1933 5294 ἐπι-

336 5321 503 5398 θυμία
527 5321 704 5395 καλὴ,
735 5325 772 5393 ἡ
801 5322 944 5383 Θεοῦ
968 5364 985 5396 ,
1016 5320 1108 5381 καὶ
1136 5325 1241 5381 τῶν
1284 5325 1377 5382 τοῦ
1422 5323 1599 5399 Θεοῦ,
1642 5327 1761 5384 καθ’
1783 5324 1849 5397 ἣν
1881 5324 1934 5369 ⁸⁸⁸

336 5410 431 5471 καὶ
457 5410 665 5485 Δανιὴλ
692 5409 828 5493 ἀνὴρ
856 5412 1146 5492 ἐπιθυμιῶν
1176 5401 1262 5485 ἦν.

411 5609 436 5640 ι
474 5605 618 5659 Dan.
647 5618 735 5660 rx.
762 5607 848 5659 32.

2034 3345 2257 3421 quidem
2294 3341 2639 3399 mortificatio
2681 3341 3028 3412 baptismatis
3070 3349 3188 3397 erat
3231 3342 3468 3412 donum,
3512 3360 3635 3417 quae

2034 3443 2325 3510 peccatum
2356 3441 2519 3489 antea
2567 3432 2624 3487 in
2667 3431 2824 3487 nobis
2851 3440 3045 3487 natum
3090 3432 3479 3502 interﬁciebat;
3512 3451 3635 3507 qua:

2033 3541 2163 3582 vero
2182 3540 2331 3579 nunc
2361 3521 2684 3594 proponitur
2712 3520 3079 3587 mortificatio,
3112 3530 3313 3579 nostra:
3343 3532 3425 3580 est
3452 3526 3638 3583 volun-

2028 3615 2177 3678 tatis,
2204 3612 2390 3670 delens
2418 3618 2635 3682 peccata
2655 3623 2778 3680 quae
2801 3617 2923 3679 post
2948 3609 3216 3681 baptisma
3245 3611 3633 3683 admittuntur,

2031 3702 2144 3758 imo
2169 3717 2238 3757 ne
2276 3699 2598 3756 reviviscere
2623 3697 2844 3769 quidem
2877 3697 3108 3753 omnino
3150 3699 3357 3770 sineus,
3386 3717 3451 3757 eo
3483 3706 3637 3776 quod

2029 3792 2290 3848 affectum
2336 3788 2513 3846 carnis
2555 3786 2854 3844 interimat.
2886 3787 3376 3857 Quemadmodum
3425 3791 3471 3848 si
3517 3794 3638 3867 quis

2031 3891 2271 3939 statuam
2328 3894 2534 3938 aeream
2582 3875 2838 3934 sordibus
2884 3876 3121 3933 obsitam
3186 3887 3523 3949 restaurans,
3567 3899 3633 3941 ac

2034 3973 2273 4031 lucidam
2308 3970 2567 4036 reddens,
2598 3966 3027 4024 commonefacit
3054 3984 3183 4026 eum
3215 3970 3309 4043 qui
3339 3971 3479 4029 hanc
3505 3990 3637 4046 pos-

2034 4065 2230 4134 sideat,
2280 4071 2346 4120 ut
2390 4060 2608 4117 studeat
2643 4058 2917 4131 deponere
2955 4059 3266 4132 rubiginem
3309 4079 3323 4119 :
3362 4078 3473 4120 non
3517 4080 3637 4122 eam

2034 4172 2202 4229 quam
2248 4153 2480 4212 omnino
2533 4151 2653 4224 jam
2716 4149 3022 4220 deterserit,
3083 4150 3180 4209 sed
3244 4168 3367 4226 quae
3411 4154 3637 4227 posthac

2036 4256 2261 4307 ventura
2291 4244 2381 4301 sit.

2106 4336 2550 4396 Fornicationem.
2598 4333 2740 4389 Ecce
2800 4332 3194 4406 interpretatus
3236 4344 3318 4394 est
3361 4353 3486 4411 qua
3529 4337 3640 4397 sint

2034 4428 2129 4504 illa
2157 4424 2412 4484 membra
2444 4443 2457 4481 :
2497 4422 2739 4496 primum
2768 4430 2954 4480 autem
2998 4422 3159 4482 istius
3188 4427 3461 4497 meminit,
3490 4429 3641 4502 quod

1965 4529 2015 4591 D
2047 4521 2138 4579 hic
2161 4518 2389 4576 morbus
2417 4513 2768 4588 potissimum
2796 4522 3007 4587 regnet.

2112 4608 2537 4678 Immunditiam,
2564 4608 2890 4677 passionem.
2938 4607 3074 4677 Quae
3113 4622 3182 4663 ne
3226 4606 3377 4665 dictu
3417 4609 3641 4683 quidem

2040 4709 2170 4759 sunt
2213 4700 2461 4762 honesta,
2505 4694 2604 4751 ista
2648 4695 2883 4752 seorsim
2934 4692 3117 4752 dicere
3163 4698 3543 4769 prmermisit;
3590 4709 3645 4757 et

2041 4808 2138 4865 per
2164 4786 2581 4847 immunditiam
2623 4793 2680 4841 et
2716 4785 3030 4856 passionem
3073 4801 3268 4844 omnes
3314 4789 3639 4861 complexus

2043 4890 2127 4940 est
2170 4878 2416 4952 turpium
2466 4876 2789 4934 mistionum
2832 4875 3058 4947 species.
3089 4878 3228 4933 Vere
3262 4878 3413 4936 enim
3465 4879 3645 4938 rabies

2043 4970 2310 5044 corporis,
2356 4967 2537 5041 passio
2579 4974 2681 5036 est,
2718 4974 2775 5022 et
2819 4966 3290 5038 quemadmodum
3325 4968 3509 5041 febris,
3552 4979 3647 5027 aut

2044 5064 2269 5130 vulnus,
2299 5066 2394 5115 aut
2423 5059 2530 5115 alia
2560 5055 2848 5129 aegritudo.

2117 5148 2613 5220 Coneupiscentiam
2650 5147 2874 5202 ntalem.
2909 5148 3048 5204 Ecce
3096 5149 3399 5221 generatim
3451 5166 3645 5209 rursus

2044 5242 2364 5299 universum
2398 5238 2557 5297 dixit.
2593 5236 2791 5295 Omnis
2818 5238 2967 5295 enim
3002 5240 3443 5312 concupiscentia
3472 5259 3637 5317 prava

2044 5342 2148 5403 est,
2181 5340 2379 5405 praeter
2407 5346 2532 5387 eam
2561 5345 2685 5403 quae
2716 5330 2818 5386 Dei
2848 5339 2950 5396 est,
2982 5329 3408 5406 divinarumque
3432 5350 3641 5394 rerum.

2044 5422 2351 5483 secundum
2388 5436 2558 5495 quam
2585 5426 2641 5478 et
2671 5420 2868 5478 Daniel
2892 5421 2976 5478 vir
3003 5420 3407 5482 desideriorum
3439 5435 3559 5483 erat
3600 5430 3645 5484 ⁸.

1735 5682 1921 5749 Variae
1962 5686 2285 5765 lectionem}

414 5772 458 5808 ⁸⁸
487 5774 664 5842 ταύτης
690 5789 742 5831 o.
820 5766 865 5808 ⁸⁷
892 5768 1055 5837 καλῶς
1078 5787 1133 5831 ο.
1161 5768 1228 5830 ³⁸.
1271 5769 1404 5828 καθὰ
1432 5791 1486 5832 ο.
