4104 6506
437 458 576 512 i255

505 585 577 639 Et
636 580 949 642 avaritiam
989 590 1111 648 quae
1174 572 1254 631 est
1297 573 1709 629 simulacrorum
1783 572 2034 627 servitus.

434 667 838 742 Primogenitus
866 660 1014 723 ﬁlius
1029 664 1206 729 malm
1243 662 1712 735 concupiscentiae
1751 668 1833 718 est
1860 660 2042 718 avari-

431 756 508 813 tia
560 774 574 812 :
620 771 789 828 quam
842 752 1218 812 idololatriam
1265 749 1604 819 nominavit,
1654 765 1755 805 ceu
1800 765 1938 806 auro
1987 755 2044 805 et

431 853 670 918 argento
700 845 1051 903 servientem.
1080 844 1225 900 Nam
1252 839 1399 898 idola
1424 838 1699 913 gentium,
1744 847 2043 912 argentum

412 943 488 991 et
516 949 718 992 aurum
745 936 791 990 ι’.

504 1023 676 1097 489
690 1026 875 1081 Vsus.
893 1027 946 1079 6.
969 1022 1198 1094 Propter
1210 1034 1329 1094 qua:
1348 1021 1494 1076 venit
1506 1021 1595 1075 ira
1608 1020 1713 1075 Dei
1724 1034 1889 1090 super
1900 1020 2042 1089 ﬁlios

431 1114 827 1170 inobedientiw.
876 1115 965 1168 Ira
994 1119 1051 1168 et
1102 1110 1163 1166 in
1194 1108 1378 1165 futuro
1424 1109 1649 1176 smeulo,
1697 1116 1754 1164 et
1797 1123 1943 1180 saepe
1986 1106 2041 1162 in

433 1204 692 1277 praesenti
710 1200 1073 1275 apprehendit
1097 1200 1250 1257 tales.
1275 1198 1667 1256 lnobedientias
1687 1206 1876 1255 autem
1900 1196 2043 1253 filios

436 1291 597 1364 dicit,
624 1290 786 1349 venia
815 1307 912 1348 eos
941 1290 1183 1363 privans,
1213 1297 1269 1344 et
1314 1287 1614 1346 ostendens
1649 1287 1801 1361 quod
1828 1303 1943 1344 non
1973 1302 2041 1344 ex

437 1381 750 1455 ignorantia
792 1381 902 1437 sint
944 1381 1005 1436 in
1055 1378 1458 1450 affectionibus,
1509 1393 1698 1435 verum
1744 1394 1809 1435 ex
1850 1377 2042 1435 inobe-

438 1474 667 1544 dientia,
710 1489 876 1548 quam
922 1472 1001 1529 sic
1046 1480 1428 1542 exercuerunt,
1474 1478 1620 1528 utet
1655 1470 1866 1544 seipsos
1913 1470 2045 1528 huic

440 1562 723 1620 traderent
751 1563 807 1619 in
837 1562 1002 1632 filios,
1032 1571 1090 1620 et
1120 1578 1186 1619 ex
1213 1562 1328 1637 ipsa
1356 1560 1841 1619 manifestarentur
1866 1560 2046 1637 signa-

439 1660 759 1727 renturque.

513 1745 690 1800 Vnus.
742 1750 798 1799 7.
829 1746 891 1800 In
927 1742 1120 1812 quibus
1156 1746 1208 1798 et
1245 1758 1335 1799 vos
1368 1742 1693 1799 ambulastis
1725 1742 2043 1814 aliquando,

440 1848 557 1889 cum
582 1835 830 1889 viveretis
853 1827 918 1888 in
944 1834 1074 1889 illis.
1102 1834 1227 1889 Non
1253 1841 1406 1890 caret
1428 1833 1684 1889 eneomio
1713 1832 1809 1889 hic
1832 1847 2041 1900 sermo,

440 1931 701 1995 tanquam
729 1939 878 1979 nunc
905 1939 1015 1979 non
1056 1922 1241 1978 vivant
1267 1922 1323 1978 in
1368 1922 1476 1991 his,
1516 1923 1612 1980 sed
1653 1930 1773 1979 erat
1821 1921 2040 1995 quando
2073 1954 2119 2018 Β

441 2012 696 2069 vivebant
723 2012 776 2069 in
816 2012 916 2069 eis.
949 2014 1157 2069 Gentes
1183 2012 1333 2069 enim
1362 2021 1537 2070 erant.

514 2104 692 2159 Vnus.
729 2109 781 2160 8.
811 2105 966 2161 Nunc
993 2106 1177 2158 autem
1199 2102 1448 2173 deponite
1476 2107 1529 2157 et
1553 2117 1645 2158 uos
1664 2105 1864 2157 omnia.
1889 2105 2041 2174 Quo-

440 2192 610 2249 modo
642 2190 825 2264 igitur,
877 2207 1009 2248 cum
1055 2207 1221 2263 supra
1267 2190 1514 2259 dixisset,
1552 2190 1849 2261 Quondam
1883 2191 1941 2248 in
1978 2192 2045 2248 iis

440 2280 723 2349 vivebatis,
746 2297 811 2337 ac
836 2281 1082 2338 indicans
1110 2280 1262 2354 quod
1289 2296 1444 2338 nunc
1470 2297 1583 2338 non
1609 2281 1815 2351 vivant,
1849 2297 2045 2339 rursus

440 2372 596 2441 dicit,
636 2374 893 2444 Deponite
934 2374 1156 2428 omnia?
1184 2372 1291 2443 Qui
1333 2373 1488 2429 enim
1527 2371 1867 2445 deponerent
1893 2372 2044 2446 quod

438 2478 553 2520 non
591 2461 832 2518 habent?
876 2466 1063 2519 Potest
1107 2461 1273 2535 igitur
1319 2460 1668 2534 responderi,
1701 2461 1854 2536 quod
1883 2461 2039 2532 illud,

440 2553 664 2623 Quando
688 2554 972 2617 vivebatis,
1002 2560 1335 2624 cooperetur
1354 2550 1404 2608 ei
1429 2550 1499 2610 ad
1526 2567 1591 2609 ea
1616 2568 1740 2626 qua)
1769 2569 1920 2609 nunc
1961 2551 2046 2609 di-

438 2651 659 2700 cuntur.
695 2642 864 2713 Quasi
903 2641 1050 2699 enim
1081 2640 1188 2699 hoc
1215 2641 1415 2707 innuit,
1447 2641 1598 2715 quod
1635 2643 1770 2700 olim
1813 2641 2042 2716 quidem

439 2731 830 2790 dominabatur
884 2731 944 2788 in
1000 2747 1097 2789 vos
1138 2738 1425 2804 peccatum
1477 2731 1758 2805 vitamque
1804 2740 2042 2788 vestram

437 2821 732 2892 detinebat,
769 2838 833 2879 ac
868 2820 1215 2896 tyrannidem
1244 2822 1558 2891 exercebat,
1603 2831 1733 2879 ante
1770 2821 2044 2895 baptisma

442 2911 715 2981 videlicet,
755 2919 980 2985 eratque
1023 2910 1245 2969 difﬁcile
1283 2911 1590 2969 admodum
1626 2928 1659 2968 a
1701 2912 1940 2985 peccatis
1974 2910 2047 2968 li-

442 3000 643 3070 berari,
672 3000 920 3074 adeoque
947 2999 1243 3058 affectibus
1270 3000 1455 3073 pravis
1494 3022 1507 3060 :
1539 3017 1690 3058 nunc
1723 3009 1910 3058 autem
1948 3015 2046 3074 per

445 3091 721 3164 baptisma
753 3091 934 3148 occiso
967 3090 1027 3147 in
1062 3090 1219 3147 vobis
1263 3098 1507 3163 peccato,
1543 3090 1698 3148 facile
1739 3100 1823 3149 est
1864 3090 2046 3163 depo-

441 3195 573 3238 nere
601 3179 855 3249 affectus,
876 3187 1149 3253 tanquam
1184 3178 1433 3251 pallium.
1472 3179 1582 3236 Nec
1608 3188 1693 3237 est
1726 3180 1872 3253 quod
1902 3195 2043 3253 prm-

443 3272 640 3329 texatis
667 3286 765 3326 vos
805 3269 910 3326 sub
945 3278 1184 3344 tyranno
1214 3270 1384 3326 vitam
1414 3270 1596 3328 vivere
1629 3276 1795 3343 atque
1831 3268 2047 3329 affecti-

444 3363 549 3425 bus
578 3381 592 3418 :
626 3362 759 3418 estis
785 3361 939 3418 enim
963 3361 1043 3419 eis
1067 3362 1290 3419 mortui.

518 3455 689 3519 Iram,
727 3452 1186 3523 indignationem,
1215 3454 1510 3510 malitiam.
1549 3453 1858 3512 Vindictam
1888 3454 2044 3513 mali-

444 3541 585 3600 tiam
613 3541 769 3611 dicit,
813 3558 982 3615 quam
1024 3543 1273 3599 nonnulli
1321 3543 1742 3601 amarulentiam
1786 3544 2046 3602 nomina-

444 3641 595 3704 runt,
633 3632 855 3707 quando
883 3632 1179 3707 quisquam
1208 3633 1482 3692 malitiam
1520 3633 1576 3691 in
1622 3635 1805 3709 seipse
1833 3645 2043 3709 servat,

446 3739 557 3796 quo
586 3739 706 3781 sese
735 3724 1054 3781 ulciscatur.

517 3815 934 3886 Blasphemiam.
967 3814 1226 3872 Convicia
1255 3814 1332 3873 sic
1355 3823 1529 3873 vocat.

524 3906 752 3976 Turpem
776 3920 1070 3961 sermonem
1094 3905 1161 3961 de
1178 3920 1266 3960 ore
1288 3912 1485 3962 uestro.
1527 3906 1859 3979 Emphatice
1887 3906 2042 3976 dixit,

445 3997 534 4052 Ea:
554 4010 642 4051 ore
668 3999 848 4051 uestro
872 4012 892 4050 :
915 3993 1022 4051 hoc
1043 4001 1148 4063 est,
1175 3993 1329 4067 quod
1368 3994 1742 4053 sanctificatur
1769 4012 1869 4068 per
1894 4012 2049 4052 com-

444 4082 875 4141 municationem
913 4082 1191 4140 Dominici
1219 4081 1487 4154 corporis.
1537 4083 1859 4142 Absurdum
1898 4085 2044 4144 enim

444 4182 530 4230 est
558 4172 757 4231 fmdari
786 4189 883 4247 per
909 4172 1312 4245 blasphemiam
1345 4170 1949 4249 turpiloquentiamque
1983 4194 2047 4235 os

447 4270 693 4319 vestrum
723 4262 876 4336 quod
908 4262 1191 4321 Christum
1220 4262 1434 4335 recipit.

519 4441 699 4498 Vens.
728 4446 785 4498 9.
802 4443 881 4501 Ne
907 4443 1251 4499 mentiamini
1275 4443 1416 4499 alter
1433 4444 1492 4498 in
1504 4443 1754 4500 alterum.
1769 4443 2046 4501 Christum

1454 444 1968 502 THEOPHYLACTI
2009 444 2373 500 BULGARIE
2410 445 2733 501 ARCHIEP.

3615 448 3764 501 i256

2238 602 2262 626 σι
2312 571 2422 633 Καὶ
2462 570 2560 643 τὴν
2596 568 2902 640 πλεονεξίαν
2926 569 3045 644 ἥτις
3072 569 3215 630 ἐστὶν
3249 569 3683 652 εἷδωλολατρεία.
3718 595 3753 627 an

2149 666 2220 727 ¢0
2261 664 2592 743 πρωτότοκος
2640 663 2748 730 υἱὸς
2794 665 2889 734 τῆς
2937 665 3108 734 κακῆς
3155 659 3441 739 ἐπιθυμίας
3470 665 3503 732 ἡ
3552 662 3758 719 πλεον-

2149 757 2262 827 εξία
2310 751 2469 812 ἐστίν’
2499 752 2566 825 ἣν
2612 751 3047 833 εἶδωλολατρείαν
3092 750 3397 827 ὠνόμασεν,
3445 753 3515 817 ὡς
3543 748 3761 830 χρυσίῳ

2151 846 2243 908 καὶ
2291 842 2527 925 ἀργυρίῳ
2574 840 2956 921 λατρεύουσαν.
3015 841 3123 903 Καὶ
3152 839 3219 901 τὰ
3250 840 3444 900 εἴδωλα
3489 839 3594 921 γὰρ
3642 843 3757 899 τῶν

2152 938 2311 997 ἐθνῶν
2334 932 2583 1014 ἀργύριον
2610 932 2701 992 καὶ
2734 930 2980 1013 χρυσίον.

2233 1027 2364 1085 σιΔι’
2419 1022 2454 1081 ἃ
2488 1023 2703 1102 ἔρχεται
2731 1027 2765 1094 ἡ
2812 1021 2945 1105 ὀργὴ
2986 1025 3079 1082 τοῦ⁹
3127 1023 3272 1082 Θεοῦ
3301 1017 3392 1080 ἐπὶ
3443 1018 3570 1088 τοὺς
3614 1018 3765 1087 υἱοὺς

2152 1119 2248 1188 τῆς
2279 1112 2565 1181 ἀπειθείας.
2600 1138 2630 1170 ι
2677 1112 2782 1173 Καὶ
2817 1116 2850 1186 ἡ
2884 1114 3153 1191 μέλλουσα
3184 1108 3351 1192 ὀργὴ,
3396 1109 3489 1168 καὶ
3526 1114 3561 1182 ἡ
3594 1111 3649 1168 ἐν
3675 1112 3762 1191 τῷ

2149 1211 2243 1265 ν’ὔν
2284 1207 2437 1265 αἰῶνι
2479 1201 2737 1270 πολλάκις
2786 1201 3270 1280 καταλαμϐάνουσι
3301 1196 3422 1266 τοὺς
3470 1200 3761 1267 τοιούτους.

2152 1292 2449 1361 Ἅπειθείας
2501 1292 2555 1352 δὲ
2615 1290 2756 1360 υἱοὺς
2808 1291 2995 1359 αὐτοὺς
3042 1292 3222 1369 λέγει,
3264 1292 3577 1369 ἀποστερῶν
3612 1312 3760 1369 συγ-

2150 1384 2401 1464 γνώμης,
2458 1383 2552 1443 καὶ
2593 1381 2795 1450 δεικνὺς
2851 1381 2932 1442 ὅτι
2988 1383 3085 1442 οὐκ
3128 1381 3181 1452 ἐξ
3238 1381 3455 1460 ἀγνοίας
3516 1379 3648 1439 εἰσὶν
3700 1381 3762 1438 ἐν

2151 1480 2259 1545 τοῖς
2291 1474 2511 1535 πάθεσιν
2530 1519 2546 1547 ,
2597 1475 2715 1532 ἀλλ’
2761 1473 2816 1542 ἐξ
2848 1471 3120 1541 ἀπειθείας
3139 1516 3154 1545 ,
3205 1470 3272 1544 ἣν
3300 1467 3468 1538 οὕτως
3512 1468 3761 1543 ἐξήσκη-

2153 1588 2279 1640 σαν,
2325 1563 2465 1624 ὥστε
2493 1561 2584 1623 καὶ
2622 1564 2926 1636 υἱοθετῆσαι
2955 1560 3172 1630 ἑαυτοὺς
3199 1559 3405 1642 ταύτῃ,
3435 1560 3528 1620 καὶ
3559 1557 3612 1628 ἐξ
3647 1559 3759 1618 αὖ·

2153 1658 2247 1728 τῆς
2275 1653 2622 1734 γνωρίζεσθαι
2646 1652 2739 1713 καὶ
2768 1650 3281 1734 χαρακτηρίζεσθαι.

2233 1772 2259 1801 α
2292 1733 2492 1813 Ἐνίοῖς
2512 1742 2603 1804 καὶ
2631 1746 2782 1820 ὑμεῖς
2820 1733 3258 1824 περιεπατήσατέ
3281 1763 3444 1817 ποτε,
3482 1738 3568 1800 ὅτε
3600 1741 3762 1812 ἐζῆτε

2155 1837 2206 1895 ἐν
2230 1836 2429 1902 αὐτοῖς.
2455 1862 2481 1887 ιο
2514 1834 2653 1893 Μετ’
2685 1834 2952 1913 ἐγκωμίου
2975 1836 3002 1892 ὁ
3036 1831 3212 1910 λόγος,
3236 1834 3307 1901 ὣς
3335 1835 3424 1890 νῦν
3448 1833 3513 1913 οὐ
3543 1829 3763 1899 ζώντων

2153 1926 2326 1984 αὐτῶν
2359 1926 2411 1985 ἐν
2436 1923 2665 1996 τούτοις,
2699 1911 2819 1982 ἄλλ’
2850 1914 2912 1998 ἧν
2942 1921 3048 1983 ὅτε
3091 1919 3284 1982 ἐθνικοὶ
3314 1918 3418 2001 γὰρ
3443 1911 3578 1992 ἦσαν
3610 1918 3689 1981 ⁴⁹.

2233 2131 2255 2156 α
2296 2103 2425 2166 Νυνὶ
2457 2103 2511 2162 δὲ
2541 2101 2799 2163 ἀπόθεσθε
2826 2101 2915 2161 καὶ
2937 2103 3090 2180 ὑμεῖς
3116 2100 3186 2160 τὰ
3211 2100 3410 2162 πάντα.
3436 2125 3460 2153 ι
3494 2101 3623 2164 Πῶς
3654 2089 3754 2157 οὖν

2153 2192 2401 2275 ἀνωτέρω
2421 2191 2606 2275 εἰπὼν,
2641 2220 2665 2247 ι
2690 2190 2829 2253 Ὅτε
2863 2194 3037 2266 ἐζῆτε,
3073 2216 3103 2248 ιν
3133 2190 3224 2250 καὶ
3256 2188 3517 2272 ἐμφήνας,
3551 2188 3634 2248 ὅτι
3661 2194 3758 2248 ν’ὗν

2152 2285 2212 2343 οὐ
2243 2273 2435 2357 ζῶσιν,
2469 2273 2615 2351 αὖθίς
2640 2303 2822 2363 φησιν’
2851 2310 2876 2337 ιι
2908 2282 3192 2342 Ἀπόθεσθε
3212 2279 3280 2339 τὰ
3313 2279 3531 2363 πάντας
3566 2306 3593 2330 ι
3626 2280 3763 2348 Πῶς

2151 2373 2255 2455 γὰρ
2293 2376 2356 2433 ἂν
2398 2361 2678 2432 ἅπόθοιντο
2721 2370 2749 2431 ὃ
2779 2373 2876 2432 οὐκ
2906 2369 3161 2451 ἔχουσινς
3194 2367 3387 2430 Ἔστιν
3427 2361 3517 2431 οὖν
3553 2370 3725 2427 εἰπεῖν
3746 2414 3764 2443 ,

2152 2462 2233 2522 ὅτι
2260 2467 2477 2524 κάκεῖνο
2499 2463 2583 2536 τὸ,
2614 2489 2639 2517 ι
2668 2459 2808 2523 Ὅτε
2834 2463 2985 2533 ἐζῆτε
3006 2504 3023 2531 ,
3058 2486 3082 2513 ιι
3113 2463 3356 2541 συνεργεῖ
3381 2460 3528 2537 αὐτῷ
3553 2457 3606 2495 ⁵ο
3628 2457 3766 2538 πρὸς

2152 2552 2220 2612 τὰ
2270 2557 2362 2612 νῦν
2413 2551 2699 2631 λεγόμεναο
2751 2555 2823 2619 ὡς
2875 2549 2940 2609 ἂν
2974 2552 3018 2610 εἰ
3068 2549 3173 2630 γὰρ
3221 2553 3379 2609 τοῦτο
3428 2547 3757 2622 αἰνίττεται,

2150 2642 2230 2703 ὅτι
2271 2643 2452 2704 Πάλαι
2483 2640 2579 2719 μὲν
2603 2632 2767 2723 ἦρχεν
2798 2644 2944 2717 ὑμῶν
2970 2644 3005 2712 ἡ
3037 2638 3289 2721 ἁμαρτία
3309 2686 3324 2711 ,
3376 2637 3465 2698 καὶ
3493 2638 3589 2711 τὴν
3615 2635 3762 2709 ζωὴν

2154 2735 2302 2808 ὑμῶν
2348 2740 2606 2812 κατεῖχε,
2643 2730 2737 2791 καὶ
2784 2730 3085 2808 ἐτυράννει,
3113 2728 3219 2809 πρὸ
3247 2733 3342 2788 τοῦ
3386 2727 3764 2809 βαπτίσματος

2153 2820 2385 2894 δηλαδὴ,
2413 2811 2510 2882 καὶ
2532 2811 2535 2812 ν
2556 2819 2819 2902 δυσχερὴς
2864 2811 2931 2893 ἧν
2970 2823 3006 2892 ἡ
3038 2818 3146 2877 ἀπὸ
3182 2821 3287 2878 τῶν
3319 2821 3505 2878 παθῶν
3551 2818 3764 2877 ἐλευθε-

2156 2911 2264 2991 ρία’
2300 2910 2416 2970 νυνὶ
2462 2912 2518 2971 δὲ
2569 2909 2658 2969 διὰ
2711 2916 2804 2969 τοῦ
2852 2909 3223 2989 βαπτίσματος
3270 2906 3622 2989 νεκρωθείσης
3665 2910 3764 2979 τῆς

2154 3003 2207 3059 ἐν
2264 3001 2387 3078 ὑμῖν
2443 3000 2752 3081 ἁμαρτίας,
2833 2999 3050 3058 εὔκολόν
3125 3000 3269 3059 ἐστιν
3324 2997 3619 3057 ἀποθέσθαι
3689 2995 3760 3055 τὰ

2153 3090 2329 3165 πάθη,
2387 3088 2570 3169 ὥσπερ
2603 3090 2852 3167 ⁸ἱμάτιον.
2917 3089 3027 3150 Καὶ
3078 3091 3175 3148 οὗκ
3224 3088 3375 3167 ἔχετε
3428 3085 3760 3170 προφασίζε-

2158 3184 2316 3249 σθαι,
2362 3179 2447 3239 ὅσι
2489 3179 2592 3238 ὑπὸ
2631 3182 2710 3258 τῷ
2757 3179 2998 3261 τυράννῳ
3043 3181 3168 3251 ζῆτε
3217 3178 3310 3238 καὶ
3360 3185 3468 3244 τοῖς
3513 3176 3762 3236 πάθεσιν*

2159 3267 2484 3350 ἑνεκρώθητε
2509 3268 2612 3349 γὰρ
2634 3269 2832 3337 αὐτοῖς.

2240 3473 2271 3506 α
2301 3447 2504 3531 Ὀργὴν
2524 3493 2541 3523 ,
2572 3450 2755 3528 θυμὸν,
2771 3448 2979 3511 κακίαν.
3013 3475 3037 3503 ι
3066 3447 3183 3521 Τὴν
3206 3471 3405 3526 μνησικ
3429 3446 3586 3507 ακίαν
3616 3444 3764 3525 λέγει

2156 3539 2349 3600 κακίαν
2368 3584 2384 3614 ,
2413 3538 2481 3611 ἥν
2508 3562 2643 3607 τινες
2680 3539 2774 3599 καὶ
2812 3537 3030 3618 πικρίαν
3061 3538 3380 3618 ὠνόμασαν,
3410 3536 3539 3597 ὅταν
3583 3560 3663 3604 τις
3705 3538 3762 3596 ἐν

2157 3631 2302 3711 αὐτῷ
2333 3633 2473 3710 τηρῇ
2500 3628 2598 3704 τὴν
2629 3628 2823 3690 κακίαν
2843 3674 2862 3705 ,
2886 3631 2958 3698 ὡς
2984 3627 3050 3689 ἂν
3085 3630 3391 3711 ἄνταποδῷ.

2243 3832 2271 3867 ε
2304 3808 2686 3891 Βλασφημίαν.
2718 3834 2744 3863 ιι
2773 3809 2888 3877 Τὰς
2911 3807 3178 3890 λοιδορίας
3209 3808 3348 3870 οὓτω
3373 3805 3540 3886 λέγει.

2241 3923 2272 3955 α
2302 3899 2698 3980 Αζσχρολογίαν
2723 3901 2785 3958 ἐκ
2808 3904 2900 3958 τοῦ
2934 3900 3201 3976 στόματος
3235 3901 3404 3975 ὑμῶν.
3439 3925 3464 3951 ιι
3496 3896 3762 3975 Ἐμεραν-

2156 3991 2314 4056 τικῶς
2337 3978 2454 4048 εἶπε
2484 3987 2581 4061 τὸ,
2615 4016 2638 4042 σι
2671 3988 2771 4049 Ἐκ
2794 3992 2888 4047 τοῦ
2913 3988 3176 4065 στόματος
3204 3991 3374 4066 ὓμῶν·
3402 4011 3431 4043 a
3460 3984 3703 4046 τουτέστι
3728 4031 3745 4059 ,

2156 4085 2248 4139 τοῦ
2294 4078 2644 4157 ἁγιαζομένου
2711 4077 2799 4138 διὰ
2859 4081 2954 4150 τῆς
3001 4078 3279 4146 κοινωνίας
3328 4082 3420 4135 τοῦ
3482 4079 3762 4154 Κυριακοῦ

2158 4166 2424 4245 σώματος.
2532 4164 2759 4227 Ἄτοπον
2800 4165 2905 4247 γὰρ
2963 4166 3313 4247 ῥυπαίνεσθαι
3371 4164 3461 4226 διὰ
3513 4166 3759 4247 βλασφη-

2159 4257 2284 4331 μίας
2313 4256 2405 4316 καὶ
2457 4256 2834 4338 αἰσχρολογίας
2877 4257 2937 4317 τὸ
2985 4255 3160 4335 στόμα
3190 4259 3342 4335 ὑμῶν
3364 4302 3381 4335 ,
3413 4253 3442 4315 ὃ
3474 4255 3563 4314 τὸν
3608 4256 3754 4335 Χρι-

2158 4347 2280 4406 στὸν
2311 4346 2548 4427 δέχεται.

2244 4459 2276 4493 α
2308 4436 2402 4510 Μὴ
2427 4437 2679 4517 ψεύδεσθε
2708 4438 2782 4505 εἰς
2822 4437 3108 4510 ἀλλήλους.
3142 4460 3174 4494 π
3205 4436 3437 4517 Χριστὸν
3472 4435 3765 4510 ἐνδυσαμε-

450 4530 765 4603 induentes,
789 4532 886 4605 qui
923 4530 1083 4601 dixit,
1111 4534 1224 4602 Ego
1253 4547 1373 4588 sum
1412 4534 1616 4589 ueritas
1645 4542 1668 4569 °
1709 4555 1723 4591 :
1764 4533 2047 4605 quomodo

2157 4550 2257 4599 νοι,
2295 4526 2385 4586 τὸν
2415 4524 2631 4586 εἰπόντα
2658 4568 2676 4600 ,
2715 4549 2743 4584 α
2779 4525 2932 4608 Ἐγώ
2962 4529 3073 4604 εἰμι
3100 4530 3135 4599 ἡ
3174 4526 3423 4601 ἀλήθεια,
3447 4547 3475 4584 n
3517 4527 3631 4592 πῶς
3665 4528 3761 4583 ν’ὗν

446 4636 596 4678 nunc
635 4621 741 4678 alia
795 4620 979 4679 forma
1039 4619 1360 4691 amicimini,
1417 4620 1692 4678 mendacii
1736 4620 2045 4681 nimirum?

2157 4615 2325 4690 ἄλλην
2356 4615 2565 4697 μορφὴν
2593 4615 2929 4696 περίκεισθε,
2954 4615 3052 4687 τὴν
3092 4620 3189 4675 τοῦ
3229 4614 3492 4698 ψεύδους;
3531 4613 3749 4695 Πρόδη-

450 4710 685 4768 Planum
708 4712 858 4768 enim
889 4711 1019 4768 hinc
1037 4711 1117 4777 fit,
1146 4711 1300 4784 quod
1318 4710 1478 4767 illum
1499 4710 1876 4771 characterem
1892 4727 2047 4769 exue-

446 4801 588 4869 ritis,
616 4801 710 4874 qui
745 4818 844 4859 vos
868 4800 1097 4859 veritate
1117 4800 1436 4874 signaverit.

518 4893 793 4949 Ewuentes
809 4897 1037 4948 veterem
1055 4893 1326 4947 hominem
1349 4893 1727 4964 cumoperibus
1750 4894 1887 4949 suis.
1907 4892 2050 4962 Quid

449 4980 674 5039 tandem
705 4982 960 5040 membra
989 4988 1046 5038 et
1079 4996 1280 5055 corpus
1321 4990 1376 5039 et
1411 4980 1698 5039 hominem
1743 4990 1902 5040 vocat
1927 4998 2049 5039 cor-

452 5080 671 5145 ruptam
699 5071 870 5130 vitam
909 5086 976 5128 ac
1003 5086 1194 5129 rursus
1222 5070 1388 5129 vitam
1429 5071 1721 5130 virtutibus
1751 5071 2048 5145 insignem,

454 5160 605 5218 idem
651 5160 867 5233 ipsum?
918 5164 1000 5219 Ut
1052 5161 1310 5219 ostendat
1361 5161 1704 5219 voluntatem
1749 5160 2055 5219 substantia

450 5266 568 5308 esse
592 5252 890 5324 potiorem,
918 5267 1130 5325 nosque
1156 5251 1226 5308 ab
1245 5268 1307 5309 ea
1336 5252 1517 5327 potius
1542 5252 1846 5320 nominari,
1877 5268 1988 5310 non
2018 5269 2048 5310 a

448 5339 775 5399 substantia.
824 5343 968 5399 Nam
1015 5341 1294 5415 Scriptura
1340 5357 1532 5414 equos,
1574 5357 1736 5398 canes
1770 5350 1823 5398 et
1866 5343 2053 5415 vulpes

452 5430 703 5489 nominat
746 5447 842 5489 eos
879 5431 972 5506 qui
1002 5431 1305 5499 voluntatis
1322 5440 1380 5490 et
1420 5447 1640 5489 morum
1673 5447 1906 5490 suorum
1947 5449 2048 5491 no-

522 5565 549 5601 δ
580 5565 727 5624 Psal.
758 5572 1050 5639 cxnt,12.
1127 5576 1149 5605 θ
1173 5567 1333 5625 Joan.
1371 5582 1503 5641 11v,
1534 5573 1587 5625 6.

2154 4708 2246 4766 λον
2277 4706 2402 4788 γὰρ,
2430 4704 2511 4765 ὅτι
2543 4710 2743 4767 ἐκεῖνον
2784 4706 2873 4767 τὸν
2901 4709 3225 4788 χαρακτῆρα
3269 4703 3584 4775 ἐξεδύσασθε
3603 4748 3621 4780 ,
3665 4701 3759 4763 τὸν

2158 4794 2265 4856 ἀπὸ
2294 4800 2388 4868 τῆς
2410 4796 2663 4869 ἀληθείας
2699 4800 2840 4875 ὑμᾶς
2863 4797 3351 4879 χαρακτηρίζοντα.

2239 4915 2266 4942 ιι
2320 4886 2774 4965 Ἀπεκδυσάμενοι
2843 4888 2933 4947 τὸν
3012 4887 3238 4948 παλαιὸν
3322 4888 3599 4966 ἄνθρωπον
3663 4881 3761 4944 σὺν

2160 4984 2275 5044 ταῖς
2324 4976 2576 5058 πράξεσιν
2622 4978 2806 5040 αὐτοῦ.
2844 5000 2870 5034 ε
2909 4977 2983 5038 Τί
3032 4976 3229 5049 δήποτε
3283 4976 3420 5055 μέλη
3479 4975 3758 5051 καὶσῶμα

2161 5066 2251 5126 καὶ
2281 5065 2556 5148 ἄνθρωπον
2603 5068 2762 5127 καλεῖ
2797 5067 2886 5128 τὸν
2932 5066 3312 5150 διεφθαρμένον
3365 5065 3478 5145 βίον
3488 5109 3504 5138 ,
3545 5063 3638 5125 καὶ
3670 5063 3763 5123 τὸν

2163 5155 2404 5236 ἐνάρετον
2455 5158 2617 5218 πάλιν
2647 5158 2708 5217 τὸ
2738 5155 2896 5232 αὐτό;
2935 5155 3061 5218 Ἵνα
3092 5156 3230 5236 δείξῃ
3273 5155 3355 5215 ὅτι
3378 5159 3473 5229 τῆς
3509 5152 3693 5222 οὐσίας
3720 5159 3755 5226 ἡ

2159 5247 2468 5327 προαίρεσις
2495 5246 2834 5328 κυριωτέρα,
2871 5246 2964 5307 καὶ
3019 5245 3127 5306 ἀπὸ
3166 5245 3364 5318 ταύτης
3407 5247 3613 5322 μᾶλλον
3661 5266 3763 5303 κα·-

2157 5336 2424 5414 λούμεθα,
2460 5338 2554 5395 οὐκ
2590 5336 2698 5397 ἀπὸ
2749 5342 2845 5410 τῆς
2893 5336 3098 5405 οὐσίας.
3179 5334 3290 5398 Καὶ
3327 5338 3367 5407 ἡ
3418 5331 3607 5417 Γραφὴ
3655 5334 3761 5413 γὰρ

2158 5423 2389 5503 ἵππους,
2422 5426 2514 5485 καὶ
2545 5426 2738 5503 κύνας,
2782 5426 2874 5488 καὶ
2914 5425 3197 5495 ἀλώπεκας
3238 5424 3485 5503 ὀνομάζει
3530 5422 3625 5492 τὰς
3654 5423 3764 5483 ἀπὸ

1758 5696 1769 5730 ί
1822 5649 2012 5710 Varia:
2057 5650 2357 5712 lectiones.

523 5750 566 5788 ιθ
593 5747 681 5822 ἤτε
702 5772 756 5814 ο.
833 5754 879 5792 ⁶⁰
908 5756 1076 5821 αὖτοῖς
1102 5774 1153 5814 ο.
