4104 6438
288 467 421 520 l257
1144 461 1496 519 EXPOSITIO
1537 461 1599 518 IN
1640 461 1851 518 EPIST.
1891 463 1984 518 AD
2024 459 2302 517 COLOSS.
2341 490 2414 499 ——
2451 459 2599 514 CAP.
2642 459 2730 514 lll.
3456 457 3590 512 1258

281 593 374 660 τῆς
430 586 793 668 προαιρέσεως
834 591 940 655 τοῖς
999 586 1250 655 τοιούτοις
1311 586 1460 658 ζώοις
1509 586 1882 667 δμοιωθέντας.

2013 586 2166 654 nine,
2203 582 2524 658 hujusmodi
2553 582 2744 640 belluis
2771 581 2902 638 facti
2928 589 3059 638 sunt
3089 581 3316 639 similes.
3354 581 3590 638 Proinde

290 676 397 738 Kui
428 679 501 745 εἰς
533 677 749 757 γέενναν
781 675 878 753 δὲ,
915 676 1006 737 xui
1050 681 1122 746 εἷς
1169 677 1450 758 βασιλείαν
1480 684 1641 758 Ϋὴμᾶς
1681 679 1884 756 εἰσάγει

287 774 321 840 ἡ
354 765 691 848 προαίρεσις,
734 768 836 848 οὐχ
863 771 898 840 ἡ
929 765 1102 827 οὐσία.
1155 757 1399 828 Παλαιὸν
1446 757 1536 827 οὖν
1584 791 1744 850 φησιν
1790 767 1883 826 ἄν·

289 861 529 936 θρωπον,
591 856 688 928 τὴν
745 855 1131 938 διεφθαρμένην
1197 858 1532 938 προαίρεσιν.
1641 857 1740 918 Διὸ
1793 857 1885 915 καὶ

288 945 546 1024 ἐπήγαγεν
575 973 601 998 σι
635 943 744 1006 Σὺν
773 954 890 1016 ταῖς
914 947 1154 1028 πράξεσιο
1187 974 1212 1000 ν
1242 947 1517 1022 τουτέστι,
1546 945 1644 1021 τὴν
1687 947 1886 1027 προαί-

291 1059 435 1116 ρεσιν
481 1035 619 1114 μετὰ
670 1039 774 1095 τῶν
814 1037 1005 1117 ἔργων.
1086 1036 1330 1098 Παλαιὸν
1372 1036 1428 1096 δὲ
1485 1037 1765 1115 ὠνόμασε,
1826 1035 1886 1095 τὸ

289 1125 512 1205 αἰσχρὸν
564 1128 724 1186 αὐτοῦ
777 1125 1094 1206 βουλόμενος
1141 1125 1342 1205 δεῖξαι,
1393 1125 1574 1186 καὶτὸ
1609 1123 1882 1197 δυσειδὲς,

290 1215 382 1274 καὶ
415 1214 474 1274 τὸ
497 1214 808 1288 ἠσθενηκός.
891 1212 1041 1297 ⁸Ορα
1087 1216 1181 1290 δὲ,
1231 1219 1345 1286 πῶς
1371 1221 1464 1276 τοῦ
1494 1217 1742 1275 ’παλαιοῦ
1788 1217 1884 1274 ἄν·

295 1303 507 1385 θρώπου
562 1305 628 1364 τὰ
695 1305 834 1384 μέλη
887 1304 1153 1374 κατέλεξεο
1209 1305 1306 1379 τὴν
1370 1305 1602 1366 διάνοιαν
1661 1307 1750 1365 διὰ
1796 1310 1888 1365 τοῦ

293 1393 534 1474 ψεύδουςο
603 1393 700 1468 τὴν
753 1395 1007 1476 καρδίαν,
1057 1394 1146 1454 διὰ
1195 1401 1287 1455 τοῦ
1344 1402 1530 1475 θυμοῦ·
1584 1395 1645 1454 τὸ
1690 1394 1892 1474 στόμα,

293 1485 384 1544 καὶ
438 1483 526 1543 διὰ
590 1489 682 1544 τοῦ
733 1486 954 1567 ψεύδους
1012 1486 1104 1546 καὶ
1171 1489 1268 1558 τῆς
1346 1485 1715 1568 βλασφημίας·
1773 1485 1892 1554 τοὺς

292 1572 628 1657 ὀφθαλμοὺς,
665 1571 752 1633 διὰ
780 1579 875 1648 τῆς
922 1574 1196 1657 πορνείας,
1228 1575 1318 1635 καὶ
1366 1575 1434 1635 τὰ
1465 1575 1679 1657 κρυπτὰ
1732 1575 1890 1654 μέληο

292 1655 354 1723 τὸ
380 1655 529 1744 ἧπαρ
549 1708 565 1738 ,
601 1664 687 1724 διὰ
714 1668 806 1738 τῆς
833 1655 1008 1739 κακῆς
1047 1664 1346 1744 ἐπιθυμίας·
1390 1663 1484 1734 τὰς
1506 1655 1710 1748 ἠχεῖρας
1731 1710 1748 1740 ,
1804 1664 1894 1725 διὰ

294 1757 390 1828 τῆς
420 1751 745 1823 πλεονεξίας.

377 1871 401 1899 ι
439 1842 546 1905 Καὶ
597 1843 938 1923 ἐνδυσάμενοι
985 1842 1074 1906 τὸν
1125 1844 1272 1921 νέον,
1313 1844 1400 1905 τὸν
1448 1845 1893 1924 ἀνακαινούμενον

1991 685 2045 732 et
2074 675 2130 730 in
2157 675 2492 747 gehennam,
2524 682 2578 730 et
2615 673 2684 730 ad
2713 681 2986 730 aeternum
3018 687 3252 745 regnum
3287 670 3459 744 6.90
3485 686 3590 727 nos

1991 765 2144 822 ducit
2172 764 2452 834 voluntas,
2492 780 2604 822 non
2631 764 2884 820 essentia.
2915 765 3170 820 Veterem
3212 762 3382 836 igitur
3407 761 3592 818 homi-

1993 871 2146 925 nem,
2175 863 2494 928 corruptam
2528 854 2867 911 voluntatem
2894 851 3030 909 dicit
3061 870 3076 908 :
3107 855 3401 924 Propterea
3441 851 3593 908 intu-

1993 945 2078 1015 lit,
2103 946 2235 1002 Cum
2252 946 2522 1018 operibus,
2545 944 2650 1001 hoc
2671 952 2774 1008 est,
2795 943 3136 1000 voluntatem
3160 957 3289 998 cum
3310 939 3587 1014 operibus.

1994 1036 2251 1092 Veterem
2297 1041 2483 1092 autem
2526 1033 2859 1098 nominavit.
2913 1031 3316 1106 turpitudinem
3366 1030 3482 1103 ejus
3527 1046 3592 1087 ac

1995 1124 2404 1182 deformitatem
2465 1134 2523 1182 et
2585 1123 2967 1181 inﬁrmitatem
3029 1121 3316 1180 ostendere
3374 1120 3589 1178 volens.

1997 1216 2240 1273 Observa
2267 1224 2457 1274 autem
2493 1213 2776 1288 quomodo
2821 1213 3016 1271 veteris
3061 1211 3304 1270 hominis
3342 1209 3595 1268 membra

1999 1305 2340 1362 recensuerit
2385 1327 2397 1362 :
2439 1313 2710 1374 mentem,
2759 1318 2855 1376 per
2884 1300 3235 1360 mendacium
3281 1320 3294 1356 ε
3342 1316 3460 1368 cor,
3498 1315 3597 1372 per

1999 1395 2433 1470 indignationem
2481 1413 2494 1452 :
2541 1411 2622 1464 os,
2677 1410 2772 1468 per
2815 1392 3216 1466 blasphemiam
3263 1399 3319 1447 et
3363 1389 3598 1447 menda-

1999 1486 2146 1542 cium
2172 1504 2184 1541 :
2212 1486 2404 1543 oculos
2427 1493 2484 1542 et
2507 1484 2694 1542 abdita
2721 1483 2994 1554 membra,
3017 1499 3114 1556 per
3133 1480 3556 1539 fornicationem
3582 1497 3594 1534 :

2001 1574 2192 1648 hepar,
2247 1592 2345 1649 per
2406 1573 2909 1647 concupiscentiam
2967 1590 2981 1630 :
3042 1587 3260 1642 manus,
3319 1586 3418 1644 per
3478 1585 3603 1627 ava-

1999 1665 2203 1722 ritiam.

2079 1857 2253 1912 Vsus.
2290 1860 2372 1912 10.
2403 1857 2476 1912 Et
2509 1853 2791 1910 induentes
2814 1868 3006 1908 novum
3035 1867 3155 1908 eum
3182 1854 3284 1924 qui
3308 1855 3602 1908 renovatur

295 1933 368 2002 εἰς
409 1931 714 2013 ἐπίγνωσιν.
743 1955 772 1992 ))
812 1935 950 2003 Νέος
993 1933 1268 2017 ἅνθρωπος
1294 1941 1328 2008 ἡ
1355 1933 1494 1996 κατὰ
1522 1936 1664 1996 Θεὸν
1691 1935 1888 2016 προαί-

2013 1951 2061 2002 in
2104 1949 2394 2016 agnitione.
2435 1947 2620 2002 Novus
2664 1943 2836 2001 homo
2875 1952 2960 2000 est
2995 1943 3251 2001 voluntas
3288 1942 3600 2000 secundum

298 2047 467 2104 ρεσις,
503 2023 620 2097 ἥτις
668 2027 725 2084 οὗ
772 2026 1126 2099 παλαιοῦται,
1185 2025 1304 2084 ἄλλ’
1354 2025 1437 2085 ἀεὶ
1492 2026 1725 2102 ἀκμάζει
1766 2025 1898 2106 πρὸς

295 2115 390 2186 τὴν
445 2120 536 2174 τοῦ
573 2120 724 2178 Θεοῦ
755 2115 848 2175 xui
877 2119 983 2175 τῶν
1026 2115 1177 2175 θείων
1214 2115 1534 2195 ἐπίγνωσιν,
1563 2118 1645 2175 ἀεὶ
1685 2117 1775 2176 xui
1816 2117 1898 2175 ἀεὶ

295 2203 528 2286 νεωτέρα
569 2203 917 2283 δεικνυμένη,
970 2205 1063 2264 καὶ
1096 2205 1222 2264 ὅταν
1254 2206 1425 2266 πλείω
1458 2205 1604 2286 λάϐῃ
1632 2205 1728 2280 τὴν
1757 2209 1894 2286 γνῶο

296 2316 380 2354 σιν
410 2293 502 2354 xui
533 2294 786 2373 μειζόνων
815 2294 1066 2374 ἀξιῶται,
1100 2296 1305 2374 μᾶλλον
1337 2293 1619 2376 ἰσχύουσα.

384 2501 413 2532 α
465 2476 609 2538 Κατ’
661 2475 839 2537 εἰκόνα
885 2481 977 2537 τοῦ
1011 2477 1291 2545 κτίσαντος
1325 2476 1502 2538 αὐτόν.
1553 2501 1583 2534 n
1631 2476 1897 2538 Τουτέστι

311 2568 564 2646 Χριστοῢ’
615 2568 731 2628 ἐπεὶ
775 2567 867 2627 xui
909 2571 938 2625 ὁ
984 2566 1210 2647 Χριστὸς
1242 2569 1302 2627 οὗ
1332 2567 1462 2646 πρὸς
1499 2571 1665 2647 γῆρας
1707 2560 1895 2642 ἦλθεν,

301 2658 421 2716 ἀλλ’
453 2657 615 2724 οὕτως
640 2649 704 2730 ἦν
747 2657 908 2724 καλὸς
929 2703 946 2730 ,
979 2662 1050 2726 ὡς
1080 2659 1195 2718 οὐδὲ
1231 2657 1374 2717 ἔστιν
1407 2659 1591 2717 εἰπεῖν.
1623 2687 1649 2711 ιι
1684 2657 1900 2738 Ὡραῖος

298 2746 482 2805 κάλλει
531 2747 679 2826 παρὰ
721 2746 841 2813 τοὺς
881 2747 1024 2815 υἱοὺς
1078 2751 1184 2806 τῶν
1240 2746 1553 2827 ἀνθρώπων.
1608 2772 1638 2803 n
1702 2746 1903 2828 Ἀμαρ-

294 2836 414 2894 τίαν
458 2834 562 2917 γὰρ
608 2839 705 2919 οὐκ
757 2836 1048 2910 ἐποίησεν,
1081 2835 1197 2908 ἥτις
1249 2839 1471 2896 παλαιοῐ
1524 2837 1618 2896 xui
1677 2835 1895 2919 φθείρει.

299 2938 340 2984 Κ
382 2924 394 2946 ι
541 2916 563 2943 '~
670 2916 702 2949 ’τ
846 2929 860 2948 ρ
918 2928 931 2948 ο
1056 2925 1069 2948 ν
1379 2927 1393 2947 ι
1659 2916 1698 2953 ν’
1753 2929 1768 2950 θ
1804 2916 1835 2946 ⁷ν

347 2949 403 2984 αι
434 2929 590 3002 ἡμεις
642 2949 731 2985 ουν
763 2930 811 2984 οἱ
844 2949 914 2984 υπ
957 2927 1162 2986 ἐκεινου
1213 2931 1510 2993 κτισθεντες
1553 2951 1656 2986 κατ
1725 2950 1901 2986 εικονα

300 3017 496 3088 αὐτοῦ,
535 3015 812 3096 ὀφείλομεν
859 3014 1180 3085 ἄποξύεσθαι
1219 3015 1318 3087 τὴν
1363 3021 1422 3076 ἐκ
1469 3019 1574 3075 τῶν
1627 3017 1903 3096 ἁμαρτιῶν

300 3104 499 3186 φθορὰν
547 3105 639 3164 καὶ
689 3105 1013 3168 παλαίωσιν.
1073 3106 1260 3166 Κτίσιν
1303 3104 1359 3164 δὲ
1408 3105 1502 3166 καὶ
1543 3105 1640 3178 τὴν
1678 3113 1768 3166 τοῦ
1807 3112 1904 3188 βαι

301 3194 629 3274 πτίσματος,
665 3195 755 3255 καὶ
784 3196 880 3270 τὴν
914 3200 1009 3268 τῆς
1053 3198 1272 3276 ἀρίστης
1301 3197 1571 3265 πολιτείας
1613 3197 1742 3260 νόει.

390 3494 417 3526 (ι
451 3467 635 3531 Ὅπου
662 3471 756 3530 οὖκ
783 3469 859 3530 ἔνι
887 3467 1100 3542 Ἕλλην
1121 3516 1137 3543 ,
1165 3469 1256 3529 καὶ
1287 3469 1560 3538 Ἰουδαῖος.
1589 3499 1612 3522 ιι
1640 3475 1692 3532 Τ
1694 3472 1905 3530 ουτέστι

303 3559 669 3640 προσήλυτος,
697 3561 790 3620 xui
822 3559 1076 3627 Ἰουδαῖος
1105 3563 1164 3620 ἐκ
1196 3560 1490 3640 προγόνων.

391 3676 414 3701 α
450 3649 728 3730 Περιτομὴ
773 3649 864 3709 xui
895 3648 1224 3730 ἀκροϐυστία
1248 3695 1264 3727 ,
1299 3649 1612 3730 Βάρϐαρος,
1659 3649 1904 3722 Σκύθης,

305 3740 530 3812 δοῦλος,
578 3738 864 3820 ἐλεύθερος⁸
939 3740 1080 3800 ἀλλὰ
1130 3739 1198 3798 τὰ
1252 3739 1467 3817 πάντα,
1513 3739 1604 3798 καὶ
1651 3741 1705 3798 ἐν
1774 3750 1910 3799 πᾶσι

308 3828 560 3908 Χριστός.
584 3856 608 3882 ν
640 3827 783 3888 Ἰδοὺ
815 3829 907 3887 καὶ
940 3828 1072 3888 ἄλλο
1095 3827 1356 3906 ἐγκώμιον
1392 3834 1480 3888 τοῦ
1507 3827 1647 3887 κατὰ
1675 3829 1911 3908 Χριστὸν

307 3917 426 3976 νέου
479 3917 790 3998 ἀνθρώπου,
839 3917 899 3976 τὸ
932 3919 1068 3994 μήτε
1123 3917 1334 3990 ἔθνους,
1381 3917 1518 3995 μήτε
1573 3917 1912 3994 ἀξιώματος,

309 4007 450 4086 μήτε
484 4007 764 4090 προγόνων
799 4009 1056 4090 διαφορὰν
1087 4010 1454 4088 ἐνθεωρεῖσθαι
1481 4009 1526 4047 ⁵⁸
1566 4012 1710 4086 αὖτῷ
1729 4055 1744 4081 ,
1775 4009 1914 4067 ἀλλὰ

310 4097 403 4156 τὸν
436 4097 668 4177 Χριστὸν
714 4086 850 4156 εἶναι
897 4103 1221 4178 χαρακτῆρα
1263 4100 1444 4160 αὐτοῦ.
1498 4098 1592 4159 Ἐν
1639 4107 1772 4157 πᾶσι
1813 4097 1916 4178 γὰρ

312 4188 423 4254 τοῖς
470 4189 558 4248 τὸν
613 4186 856 4268 ἐνάρετον
911 4190 1026 4268 βίον
1075 4189 1401 4268 μορφωθεῖσι
1443 4188 1510 4248 τὰ
1541 4188 1722 4248 πάντα
1775 4189 1917 4246 ἐστὶν

310 4283 340 4336 ὁ
374 4277 638 4359 Χριστὸς,
662 4275 906 4336 τουτέστι
925 4324 943 4356 ,
967 4277 1068 4359 xui
1109 4277 1290 4357 γένος,
1321 4277 1412 4337 xui
1443 4277 1678 4356 ἀξίωμα.
1709 4275 1791 4337 Ἢ
1826 4280 1919 4338 xui

314 4366 508 4445 ἑτέρως
529 4412 547 4444 ,
583 4366 664 4426 ὅτι
696 4367 905 4435 Πάντες
945 4357 1016 4436 εἷς
1057 4368 1289 4448 Χριστὸς
1326 4369 1598 4446 ἐγένεσθε,
1629 4371 1787 4446 σῶμα
1818 4371 1922 4426 αὗ-

312 4460 405 4516 τοῦ
448 4455 612 4525 ὄντες.

2009 2040 2215 2105 Deum,
2242 2052 2368 2109 qua:
2398 2051 2512 2091 non
2534 2033 2902 2103 consenescit,
2930 2032 3027 2090 sed
3054 2048 3344 2106 nunquam
3387 2048 3502 2089 non
3531 2031 3600 2086 vi-

2008 2137 2098 2200 get
2124 2127 2193 2184 ad
2223 2127 2330 2182 Dei
2359 2134 2414 2183 et
2442 2125 2754 2183 divinarum
2783 2139 2971 2180 rerum
2998 2124 3331 2196 agnitionem
3350 2164 3366 2192 ,
3398 2132 3456 2180 et
3484 2139 3607 2196 quae

2007 2217 2063 2272 in
2083 2216 2204 2274 dies
2229 2217 2404 2290 magis
2432 2215 2716 2289 magisque
2741 2229 2878 2270 nova
2904 2213 3318 2270 demonstratur
3343 2232 3356 2270 :
3384 2229 3447 2269 ac
3467 2229 3599 2270 cum

2009 2307 2280 2379 majorem
2302 2306 2572 2379 acceperit
2592 2305 2993 2378 cognitionem,
3016 2303 3370 2377 pluribusque
3398 2302 3601 2360 donata

2008 2394 2192 2465 fuerit,
2225 2395 2583 2453 valentiorem
2623 2411 2745 2452 sese
2771 2393 3005 2451 exhibet.

2080 2486 2388 2544 Secundum
2425 2488 2713 2556 imaginem
2751 2486 2864 2557 ejus
2903 2487 3004 2556 qui
3041 2486 3241 2541 creavit
3277 2485 3451 2540 illum.
3489 2487 3611 2542 Hoc

2010 2585 2097 2632 est
2135 2575 2366 2642 Christi;
2408 2573 2856 2647 quandoquidem
2895 2582 2950 2630 et
2992 2574 3108 2647 ipse
3141 2573 3210 2631 ad
3238 2574 3459 2631 senium
3494 2589 3609 2631 non

2013 2665 2347 2738 pervenerit,
2411 2663 2510 2721 sed
2557 2663 2694 2721 adeo
2743 2663 3020 2720 formosus
3067 2672 3214 2733 erat,
3262 2673 3325 2721 ut
3377 2680 3449 2720 ne
3503 2663 3612 2720 dici

2012 2754 2238 2828 quidem
2279 2762 2455 2826 potest
2499 2772 2513 2808 :
2554 2757 2828 2826 Speciosus
2873 2757 3055 2822 forma
3090 2770 3210 2824 prce
3261 2756 3395 2824 ﬁliis
3434 2753 3613 2809 homi-

2013 2862 2146 2900 num
2180 2846 2228 2901 ἀ.
2271 2847 2563 2900 Peccatum
2607 2845 2755 2900 enim
2794 2859 2906 2900 non
2936 2841 3096 2912 fecit,
3135 2843 3282 2916 quod
3326 2844 3614 2900 hominem

2013 2935 2167 2992 senio
2213 2934 2434 2992 conﬁcit
2477 2949 2540 2990 ac
2580 2935 2904 3007 corrumpit.
2951 2937 3023 2990 Et
3063 2949 3168 2990 nos
3197 2934 3366 3005 igitur
3408 2935 3478 2990 ab
3526 2934 3618 2990 illo

2016 3024 2217 3082 conditi
2251 3023 2558 3081 secundum
2596 3025 2903 3098 imaginem
2932 3025 3079 3096 ejus,
3125 3040 3328 3081 exuere
3367 3032 3423 3080 et
3454 3024 3612 3080 abra-

2017 3115 2147 3173 dere
2175 3114 2462 3184 debemus,
2498 3131 2622 3187 quae
2651 3131 2716 3171 ex
2757 3115 2996 3188 peccatis
3019 3114 3280 3183 nascitur,
3311 3115 3622 3187 corruptio-

1942 3243 1988 3306 ρ
2019 3222 2150 3261 nem
2175 3214 2232 3261 et
2254 3204 2732 3262 inveterationem.
2769 3205 3123 3261 Creationem
3142 3213 3331 3261 autem
3354 3205 3620 3277 intellige,

2017 3311 2143 3370 quae
2196 3295 2260 3351 tit
2305 3311 2400 3368 per
2447 3295 2782 3368 baptismum
2831 3303 2886 3352 et
2930 3296 3202 3368 optimam
3262 3295 3472 3352 vivendi
3531 3311 3624 3352 ra-

2007 3383 2239 3442 tionem.

2089 3479 2266 3531 Vnns.
2305 3481 2387 3531 ιι.
2421 3477 2525 3532 Ubi
2547 3493 2652 3532 non
2671 3480 2750 3532 est
2777 3478 2996 3534 Graecus
3024 3483 3075 3533 et
3102 3478 3342 3534 Judwus.
3372 3480 3495 3534 Hoc
3519 3485 3623 3546 est,

2017 3565 2325 3637 proselytus
2349 3573 2406 3619 et
2437 3565 2665 3622 Iudaeus
2690 3582 2755 3621 ex
2779 3566 3084 3638 majoribus
3114 3566 3406 3624 oriundus.

2090 3656 2436 3711 Circumcisio
2499 3661 2551 3710 et
2608 3658 2959 3726 praeputium,
3026 3657 3327 3720 Barbarus,
3399 3658 3624 3726 Scytha,

2020 3761 2226 3809 servus,
2257 3745 2394 3800 liber
2426 3763 2441 3798 :
2464 3745 2558 3800 sed
2576 3747 2773 3807 omnia,
2797 3750 2847 3800 et
2871 3748 2929 3800 in
2953 3747 3200 3801 omnibus
3221 3747 3511 3803 Christus!.
3535 3749 3619 3802 En

2021 3834 2168 3891 aliud
2197 3833 2515 3890 encomium
2544 3834 2671 3890 novi
2699 3834 3006 3891 secundum
3036 3835 3319 3892 Christum
3350 3835 3622 3904 hominis,

2021 3924 2169 3996 quod
2189 3940 2367 3996 neque
2390 3925 2588 3997 gentis,
2614 3940 2792 3996 neque
2814 3923 3113 3996 dignitatis,
3135 3940 3317 3998 neque
3343 3925 3625 3996 majorum

2022 4015 2090 4070 ab
2121 4015 2237 4086 ipso
2267 4015 2564 4071 discrimen
2598 4013 2881 4081 habeatur,
2908 4015 3004 4071 sed
3035 4014 3312 4070 Christum
3345 4014 3466 4088 ejus
3509 4029 3630 4070 esse

2026 4103 2266 4176 signum.
2309 4105 2372 4158 In
2407 4103 2666 4160 omnibus
2704 4103 2855 4160 enim
2885 4105 2978 4176 qui
3017 4105 3126 4159 vita
3167 4104 3460 4160 virtutibus
3494 4120 3628 4159 con-

2026 4193 2214 4266 spicua
2239 4202 2368 4249 sunt
2403 4192 2703 4259 efformati,
2734 4195 2922 4250 omnia
2953 4203 3036 4251 est
3065 4195 3336 4264 Christus,
3369 4194 3474 4250 hoc
3524 4202 3631 4262 est,

2027 4291 2082 4338 et
2115 4299 2308 4356 genus,
2349 4291 2406 4340 et
2431 4282 2686 4356 dignitas.
2725 4285 2822 4340 Vel
2861 4284 3024 4340 aliam
3057 4286 3126 4341 ad
3159 4286 3432 4342 rationem
3469 4284 3629 4340 intel-

2029 4373 2168 4446 ligas
2216 4373 2405 4430 licebit
2448 4393 2462 4429 :
2499 4390 2700 4446 nempe
2741 4373 2890 4446 quod
2938 4377 3143 4432 Omnes
3191 4391 3336 4432 unus
3379 4375 3633 4432 Christus

2035 4462 2162 4520 facti
2187 4463 2325 4532 sitis,
2357 4480 2488 4521 cum
2517 4480 2717 4537 corpus
2741 4465 2863 4537 ejus
2887 4466 3036 4521 estis.

397 4574 422 4600 ι
456 4544 790 4608 Ἐνδύσασθε
841 4535 930 4605 οὖν
953 4591 968 4619 ,
1023 4549 1094 4615 ὡς
1127 4548 1364 4608 ἐκλεκτοὶ
1401 4552 1493 4606 τοῦ
1538 4551 1680 4608 Θεοῦ
1705 4597 1720 4624 ,
1780 4549 1900 4628 ἅγιο

2107 4557 2288 4610 Vnus.
2321 4561 2406 4610 12.
2435 4535 2652 4610 Induite
2677 4535 2820 4623 ergo,
2849 4558 2988 4610 sicut
3017 4554 3174 4610 electi
3210 4558 3334 4618 Dei,
3369 4558 3552 4610 sancti
3583 4561 3634 4610 et

317 4635 412 4695 xui
443 4635 812 4716 ἠγαπημένοι.
851 4663 873 4688 ι
921 4636 1001 4696 Τὸ
1033 4635 1247 4697 εὔκολον
1293 4637 1376 4696 ἀεὶ
1407 4637 1637 4698 δείκνυσι
1671 4645 1767 4711 τ’ἤς
1796 4643 1922 4718 ἄρε-

319 4729 434 4797 τῆς·
472 4725 654 4804 ὥσπερ
691 4725 796 4804 γὰρ
831 4725 1061 4802 ἱμάτιον,
1091 4725 1229 4786 οὕτω
1278 4727 1370 4786 καὶ
1403 4726 1602 4799 ταύτην
1634 4728 1925 4787 ἀναλαϐεῖν

335 4815 628 4894 δυνάμεθαο
680 4814 820 4874 ἀλλὰ
851 4816 940 4875 καὶ
992 4814 1072 4874 ὅτι
1118 4816 1196 4874 δεῖ
1239 4816 1405 4890 αὐτὴν
1454 4818 1707 4890 διηνεκῶς
1752 4819 1926 4900 ἔχειν,

323 4906 416 4964 xui
449 4909 522 4972 ὣς
570 4904 759 4987 κόσμῳ
797 4908 1049 4987 χρῆσθαι·
1101 4909 1171 4973 ὡς
1217 4904 1248 4963 ὅ
1297 4931 1356 4986 γε
1385 4905 1460 4983 μὴ
1501 4906 1641 4987 ἔχων
1691 4909 1924 4983 ταύτην,

327 4991 585 5074 ἀσινήμων
616 4995 709 5054 xui
749 4993 1007 5073 ἄκοσμος.
1046 4996 1158 5057 Καὶ
1199 5000 1315 5071 μετ’
1359 4999 1624 5076 ἐγκωμίου
1659 5003 1694 5070 ἡ
1726 4998 1924 5080 παραί-

327 5102 471 5149 νεσις
515 5085 604 5144 xui
652 5085 1037 5166 ὑπερϐολικῶς.
1096 5085 1382 5165 Ἐγένοντο
1438 5086 1535 5163 μὲν
1584 5087 1687 5166 γὰρ
1749 5087 1922 5167 ἅγιοι,

331 5168 450 5277 ἀλλ’
481 5171 576 5229 οὐκ
604 5176 866 5255 ἐκλεκτοὶ,
894 5177 1012 5236 οὐδὲ
1033 5176 1377 5256 ἠγαπημένοι
1405 5176 1474 5212 ⁵²’
1501 5181 1650 5254 ῧμεῖς
1675 5177 1729 5237 δὲ
1757 5184 1928 5238 ταῦτα

330 5282 508 5318 παντα
521 5306 534 5320 .

420 5372 448 5408 α
486 5349 789 5431 Σπλάγχνα
820 5353 1136 5435 οἰκτιρμῶν.
1164 5382 1190 5408 ι
1223 5356 1344 5419 Οὐκ
1377 5345 1556 5430 εἶπεν,
1604 5355 1931 5420 Ἐνδύσασθε

326 5439 499 5516 ἔλεον,
522 5439 679 5516 ἀλλὰ,
710 5466 735 5493 ι
759 5441 1060 5525 Σπλάγχνα
1092 5449 1378 5529 οἰκτιρμῶν
1410 5477 1434 5500 ιι
1460 5448 1511 5488 ⁵³
1543 5447 1658 5525 ἅμα
1690 5449 1810 5528 μὲν,
1846 5449 1930 5510 ἵνα

401 5585 428 5622 τι
458 5584 597 5643 Psal.
630 5600 807 5655 χειν,
842 5592 892 5642 3.

2035 4644 2230 4699 dilecti.
2271 4644 2510 4700 Facilem
2545 4644 2758 4699 virtutis
2787 4653 3107 4716 apparatum
3136 4660 3356 4716 semper
3382 4643 3585 4701 indicat
3622 4665 3635 4702 :

2036 4742 2098 4788 ut
2121 4735 2269 4790 enim
2298 4734 2559 4806 pallium,
2589 4734 2666 4790 sic
2694 4744 2750 4790 et
2784 4734 2927 4790 hanc
2965 4750 3246 4791 assumere
3276 4744 3572 4806 possumus
3621 4755 3634 4790 :

2036 4823 2244 4880 deinde
2268 4840 2370 4880 nos
2398 4832 2654 4896 oportere
2681 4840 2804 4881 eam
2833 4823 3050 4881 assidue
3079 4823 3303 4893 habere,
3335 4840 3511 4898 eaque
3535 4841 3635 4882 ceu

2039 4923 2366 4970 ornamento
2395 4915 2508 4984 uti;
2547 4913 2689 4971 adeo
2715 4923 2777 4971 ut
2805 4914 2900 4986 qui
2932 4915 3032 4971 hac
3057 4923 3264 4985 careat,
3289 4913 3556 4972 deformis
3583 4923 3638 4972 et

2033 5003 2324 5062 indecorus
2367 5005 2451 5061 sit.
2494 5004 2807 5061 Encomion
2850 5013 3037 5061 autem
3080 5005 3344 5062 admiscet
3379 5005 3641 5062 adhorta-

2037 5096 2176 5153 tioni
2227 5095 2510 5151 eximium.
2555 5097 2700 5151 Nam
2739 5094 3013 5167 plerisque
3059 5095 3364 5169 contingit,
3411 5103 3472 5150 ut
3527 5095 3640 5151 sint

2037 5186 2234 5253 sancti,
2279 5185 2375 5241 sed
2413 5201 2526 5242 non
2555 5185 2730 5254 electi,
2771 5200 2945 5257 neque
2989 5186 3158 5242 etiam
3205 5184 3387 5242 dilecti
3432 5194 3568 5242 sunt
3617 5205 3630 5241 :

2039 5293 2140 5334 vos
2167 5284 2350 5333 autem
2377 5275 2508 5332 estis
2531 5274 2650 5332 haec
2680 5276 2886 5332 omnia.

2113 5367 2279 5440 49],
2327 5369 2549 5424 Viscera
2605 5366 3010 5422 misericordia.
3054 5367 3176 5422 Non
3224 5365 3380 5435 dixit,
3424 5364 3644 5422 lnduite

2041 5455 2502 5528 misericordiam,
2553 5455 2673 5528 sed,
2713 5457 3100 5513 Misericordia
3129 5459 3331 5513 viscera
3360 5473 3381 5512 .·
3409 5455 3648 5530 partim,

1724 5693 1912 5757 Varia:
1955 5696 2264 5758 lectiones.

404 5829 447 5864 δι
479 5829 746 5902 ’διαφθορὰν
779 5830 852 5885 ἔτι
880 5833 997 5887 θεω.
1029 5849 1085 5890 o.
1131 5835 1176 5869 ⁸³
1203 5834 1534 5906 ἠγαπήθησαν
1554 5856 1608 5896 ο.
1644 5840 1688 5875 ⁸³
1717 5840 1887 5904 ἐλέους
1913 5859 1967 5900 0.

623 5924 866 5983 ΡΑτιιοι..
901 5927 999 5984 Gn.
1040 5929 1256 5986 CXXIV.

3261 5939 3330 5993 40
