4104 6444
445 482 580 535 1259

442 694 665 766 partim,
698 700 762 749 ut
787 689 1046 748 ostendat
1080 687 1231 761 quod
1265 702 1331 743 ex
1359 683 1561 741 affectu
1597 681 1794 738 intimo
1821 681 1929 736 illis
1955 679 2038 734 in-

442 783 636 840 clinari
675 789 915 854 oportet,
947 789 1004 836 et
1038 794 1150 835 non
1185 785 1246 834 ut
1279 775 1480 832 fratres
1530 788 1662 844 erga
1697 769 1917 839 fratres,
1949 785 2038 824 ve-

441 891 566 931 rum
605 881 667 929 ut
706 879 957 945 parentes
989 885 1120 942 erga
1153 868 1373 925 liberos.
1409 867 1492 922 Ne
1526 862 1673 920 enim
1701 861 1839 918 mihi
1867 860 2040 927 dicas,

445 963 594 1036 quod
620 961 866 1035 peccavit
896 980 909 1016 :
941 961 1013 1017 ob
1043 975 1166 1016 eam
1193 971 1437 1029 namque
1460 968 1684 1012 causam
1713 951 1811 1009 abs
1843 959 1900 1008 te
1933 947 2044 1005 mi—

443 1053 758 1111 sericordiae
783 1051 993 1108 viscera
1014 1050 1194 1123 exigo.

513 1146 926 1214 Benignitatem,
951 1141 1328 1202 humilitatem,
1351 1135 1836 1196 mansuetudinem,
1865 1132 2046 1200 longa-

445 1237 769 1291 nimitatem.
818 1231 928 1305 Qui
981 1228 1353 1286 miserationis
1399 1228 1605 1283 viscera
1643 1220 1916 1290 induerit,
1972 1217 2046 1274 illi

446 1323 754 1382 necessario
797 1322 916 1378 haec
954 1319 1200 1376 aderunt.
1232 1319 1368 1388 Quis
1406 1316 1560 1374 enim
1597 1323 1748 1389 pater
1791 1312 2051 1369 adversus

447 1423 679 1489 gnatum
716 1427 878 1468 suum
917 1426 1034 1466 non
1063 1418 1148 1466 est
1173 1407 1465 1480 benignus,
1507 1421 1624 1462 non
1649 1403 1938 1459 moderato
1967 1407 2053 1455 est

448 1505 656 1572 animo,
692 1519 807 1559 non
850 1499 1195 1558 contendens
1233 1513 1360 1555 cum
1405 1512 1492 1565 eo,
1542 1495 1638 1552 sed
1666 1491 1805 1549 nihil
1837 1507 1951 1547 non
1999 1489 2048 1546 ei

449 1593 807 1667 permittens?
847 1590 1042 1663 Ecquis
1083 1605 1198 1645 non
1238 1596 1323 1644 est
1360 1584 1722 1658 longanimis?
1761 1582 1929 1638 Disce
1959 1579 2049 1636 hic

457 1681 1010 1757 optimumordinem.
1040 1678 1364 1751 Benignitas
1399 1677 1517 1733 sive
1551 1675 1793 1730 comitas
1822 1677 2053 1744 generat

452 1773 817 1830 humilitatem
843 1789 856 1826 :
889 1769 982 1843 qui
1014 1769 1160 1825 enim
1186 1768 1345 1825 bonis
1381 1765 1633 1822 moribus
1661 1771 1744 1820 est
1779 1761 2048 1830 excultus,

452 1865 502 1920 is
559 1863 727 1919 etiam
777 1869 859 1917 est
905 1859 1139 1916 humilis.
1198 1858 1285 1914 Ab
1328 1855 1634 1913 humilitate
1680 1849 2050 1910 mansuetudo

1459 463 1974 522 THEOPHYLACTI
2013 462 2371 519 BULGARIE
2409 461 2726 518 ARCHIEP.

439 621 509 661 ne
550 603 676 660 illos
719 599 1038 673 vilipendat,
1078 597 1171 670 qui
1213 595 1367 669 digni
1411 601 1573 651 erant
1617 591 1972 648 miseratione
2020 605 2034 643 :

2175 588 2224 660 ιὴ
2283 588 2506 656 ἐκείνους

3613 446 3755 505 1260

2592 582 2893 662 ἐξευτελίσῃ
2971 578 3090 647 τοὺς
3168 579 3341 648 ἀξίους
3424 577 3744 655 οἰκτιρμῶνο

2145 681 2259 757 ἅμα
2290 680 2374 755 δὲ,
2424 678 2510 738 ἵνα
2565 677 2745 755 δείξῃ,
2794 675 2875 734 ὅτι
2925 674 2987 731 ἐκ
3046 670 3328 737 διαθέσεως
3385 669 3464 726 δεῖ
3512 664 3753 741 ἐπικάμο

2147 753 2371 829 πτεσθαι
2402 769 2612 842 αὐτοῖς,
2651 753 2742 825 καὶ
2774 765 2876 844 οὐχ
2925 766 2995 831 ὡς
3023 762 3266 842 ἀδελφοῖς
3315 755 3567 838 ἀδελφοὶ,
3627 753 3750 815 ἀλλ’

2149 864 2219 927 ὡς
2253 858 2412 919 παισὶ
2453 857 2702 939 πατέρες.
2753 853 2852 926 Μὴ
2884 853 2983 932 γάρ
3017 874 3106 928 μοι
3157 850 3345 928 εἴπῃς,
3383 844 3464 906 ὅτι
3502 845 3742 925 ἥμαρτε.

2151 949 2240 1011 Τὰ
2267 948 2371 1030 γὰρ
2403 947 2687 1028 σπλάγχνα
2737 943 2825 1003 διὰ
2864 941 3021 1003 τοῦτό
3052 963 3110 1000 σε
3142 941 3380 998 ἀπαιτῶ.

2239 1157 2263 1182 α
2293 1127 2682 1210 Χρηστότητα,
2729 1121 3247 1205 ταπεινοφροσύνην,
3282 1116 3592 1199 πραότητα,
3640 1137 3749 1191 μα-

2157 1207 2470 1301 κροθυμίαν.
2498 1244 2522 1270 »
2543 1220 2640 1297 Τ
2665 1213 2949 1298 φορέσαντι
2965 1212 3251 1291 σπλάγχνα
3271 1210 3564 1288 οἰκτιρμῶν
3586 1207 3752 1281 ἀναγ-

2159 1294 2330 1377 καίως.
2363 1309 2454 1369 καὶ
2490 1294 3054 1388 ταῦτα-παρέπονται.
3102 1301 3202 1369 Τίς
3246 1299 3350 1378 γὰρ
3393 1298 3573 1376 πατὴρ
3619 1294 3756 1375 πρὸς

2159 1401 2268 1461 υἱὸν
2301 1401 2359 1459 οὗ
2402 1385 2801 1481 χρηστεύεται,
2834 1397 2892 1454 οὗ
2937 1397 3372 1472 ταπεινοφρονεῖ,
3421 1388 3497 1464 μὴ
3531 1385 3715 1468 ἐρίζων
3737 1429 3753 1457 ,

2161 1489 2298 1551 ἀλλὰ
2329 1478 2540 1549 πάντων
2569 1489 2714 1570 αὐτῷ
2754 1486 3128 1566 παραχωρῶν;
3160 1481 3258 1548 Τίς
3288 1481 3346 1538 οὗ
3379 1478 3756 1558 μακροθυμεῖ;

2163 1581 2321 1643 Μάθε
2353 1579 2409 1639 δὲ
2436 1580 2584 1648 τάξιν
2630 1576 2877 1658 ἀρίστην.
2914 1574 2986 1636 Ἡ
3027 1571 3329 1654 χρηστότης
3358 1577 3515 1649 γεννᾷ
3557 1588 3756 1658 ταπει-

2161 1671 2503 1755 νοφροσύνην·
2557 1673 2585 1728 ὃ
2650 1656 2753 1749 γὰρ
2813 1665 3186 1747 χρηστοήθης,
3231 1661 3323 1720 καὶ
3367 1656 3754 1755 ταπεινόφρων.

2161 1746 2292 1822 Ἀπί)
2344 1746 2864 1842 ταπεινοφροσύνης,
2919 1753 3176 1837 πραότης·
3221 1755 3248 1810 ὁ
3282 1750 3386 1832 γὰρ
3432 1746 3757 1842 ἶνιιέρςρρωνζ

2161 1853 2251 1911 καὶ
2291 1830 2746 1930 θυμώδης.”Ἆπὺ
2818 1830 3149 1928 πραότητος,
3203 1847 3238 1916 ἡ
3295 1830 3673 1922 μακροθυμία,
3730 1830 3765 1892 ὅ

454 1961 539 2010 est
572 1974 585 2010 :
631 1953 724 2025 qui
765 1951 914 2007 enim
943 1949 1216 2021 superbus
1255 1955 1367 2017 est,
1396 1947 1444 2004 is
1471 1953 1527 2002 et
1567 1941 1937 2002 concitatioris
1972 1947 2058 1997 est

2175 1946 2311 2004 ἔστιν
2336 1947 2371 2016 ἡ
2399 1938 2799 2022 μεγαλοψυχία.

453 2043 647 2099 animi.
672 2047 724 2098 A
743 2039 1162 2098 mansuetudine
1195 2036 1606 2111 longanimitas,
1632 2034 1690 2092 id
1708 2042 1792 2091 est
1827 2047 2052 2105 magna-

454 2134 696 2190 nimitas.

525 2226 706 2281 Vsus.
740 2230 822 2280 13.
844 2224 1239 2294 Supportantes
1267 2219 1500 2274 invicem
1526 2221 1578 2272 et
1599 2216 1858 2272 donantes
1881 2213 2056 2269 vobis-

455 2317 722 2386 metipsis,
752 2316 803 2370 si
831 2316 958 2384 quis
983 2313 1243 2367 adversus
1271 2310 1508 2379 aliquem
1535 2307 1729 2363 habeat
1761 2305 2053 2376 querelam.

2238 2246 2261 2270 α
2301 2215 2634 2298 Ἄνεχόμενοι
2682 2213 2928 2287 ἀλλήλων
2963 2209 3055 2271 καὶ
3107 2208 3450 2298 χαριζόμενοι
3499 2207 3708 2298 ἑαυτοῖς
3726 2251 3754 2298 μ,

2155 2307 2246 2368 ἐάν
2275 2333 2351 2375 τις
2555 2329 2671 2364 τινα
2711 2303 2810 2384 ἔχῃ
2860 2300 3110 2384 μομφήν.
3142 2326 3165 2353 ι»
3215 2297 3517 2370 ’1ὀυτέστι,
3548 2294 3771 2356 Βαστά-

457 2408 580 2462 Hoc
621 2412 728 2473 est,
767 2410 1052 2476 portantes
1082 2417 1179 2457 vos
1217 2409 1439 2467 mutuo,
1475 2405 1531 2454 et
1564 2405 1626 2453 tu
1673 2396 1848 2463 illum,
1883 2401 1938 2450 et
1966 2393 2057 2449 ille

2175 2403 2328 2467 ίοντες
2376 2395 2675 2471 ἀλλήλους,
2735 2393 2827 2454 καὶ
2888 2391 2953 2452 σὺ
3001 2391 3236 2462 ἐκεῖνον,
3289 2387 3379 2446 καὶ
3433 2390 3625 2452 ἐκεῖνος
3687 2386 3769 2443 σέ-

454 2505 510 2552 te
550 2514 564 2550 ε
592 2503 647 2551 et
677 2510 791 2551 non
821 2493 1190 2550 amarulenter
1227 2491 1363 2547 alter
1389 2488 1608 2544 alterius
1644 2487 1831 2559 lapsus
1864 2484 2058 2557 explo«

455 2595 656 2656 rantes,
686 2584 782 2642 sed
800 2584 1026 2656 exiguos
1049 2598 1144 2639 eos
1165 2588 1434 2654 putantes,
1456 2579 1764 2653 dignosque
1795 2574 2059 2632 dissimu-

457 2677 681 2733 latione.
716 2674 970 2746 Expende
1005 2673 1096 2730 hic
1123 2672 1412 2744 quomodo
1452 2685 1517 2726 ea
1551 2669 1671 2742 ipse
1700 2664 2055 2735 imminuerit,

459 2768 754 2835 Querelam
782 2779 1006 2821 vocans.

529 2859 680 2914 Sicut
699 2860 754 2912 et
773 2855 1030 2912 Christus
1050 2854 1274 2910 donavit
1294 2853 1465 2916 vobis,
1495 2852 1572 2906 sic
1591 2853 1646 2905 et
1670 2863 1784 2904 vos.
1809 2847 1891 2904 Ut
1907 2861 2056 2902 sem-

453 2962 555 3020 per
582 2945 732 3013 facit,
763 2961 795 3001 a
822 2943 1041 3001 Christo
1075 2958 1172 3000 eos
1204 2942 1550 3009 adhortatur,
1592 2939 1752 2994 illum
1776 2938 1836 2992 in
1879 2949 2058 2992 exem-

459 3038 614 3110 plum
659 3034 962 3108 proferens.
1004 3038 1078 3090 At
1119 3048 1285 3104 supra
1326 3031 1554 3104 quidem
1599 3036 1824 3084 mutuos
1870 3039 2066 3083 eorum

2157 2487 2250 2548 καὶ
2276 2488 2351 2566 μὴ
2380 2491 2582 2566 πικρῶς
2612 2483 2936 2553 ἐξετάζοντες
2977 2479 3045 2540 τὰ
3102 2480 3354 2551 ἀλλήλων
3402 2475 3727 2566 πταίσματα
3750 2519 3766 2548 ,

2161 2564 2302 2638 ἀλλὰ
2333 2564 2500 2658 μικρᾶ
2546 2577 2685 2634 αὐτὰ
2715 2573 3002 2652 ἡγούμενοι
3024 2619 3040 2646 ,
3089 2569 3181 2630 καὶ
3224 2568 3346 2638 ἄξια
3379 2564 3754 2647 παροράσεως.

2158 2666 2308 2750 εὈρα
2335 2653 2418 2744 δὲ,
2435 2653 2554 2734 πῶς
2583 2665 2675 2726 καὶ
2701 2664 2853 2733 αὐτὸς
2876 2662 3013 2724 αὐτὰ
3039 2659 3376 2739 ἐξηυτέλισε,
3410 2653 3675 2738 ιΜομφὴν
3700 2703 3717 2736 ,
3752 2682 3778 2708 ιι

2161 2759 2346 2821 εἰπών.

2243 2877 2268 2904 α
2301 2847 2495 2918 Καθὼς
2523 2849 2614 2909 καὶ
2651 2851 2679 2907 ὁ
2711 2844 2948 2929 Χριστὸς
2987 2841 3282 2924 ἐχαρίσατο
3313 2841 3436 2917 ὑμῖν
3458 2883 3474 2912 ,
3503 2835 3642 2896 οὕτω
3671 2859 3743 2929 κα
3767 2835 3786 2896 ὶ

2164 2944 2332 3020 ὑμεῖς,
2366 2964 2396 2998 »
2431 2939 2615 3020 ⁰Οπερ
2647 2938 2731 2998 ἀεὶ
2772 2926 2944 3008 ποιεῖ,
2999 2933 3224 2992 ἀπὸτοῦ
3272 2931 3510 3010 Χριστοῦ
3540 2926 3770 3008 προτρέ-

2163 3054 2320 3091 πεται
2362 3029 2584 3108 αὐτοὺς,
2641 3031 2836 3088 ἐκεῖνον
2888 3024 3146 3105 παράγων
3199 3021 3526 3099 ὑπόδειγμα.

3616 3016 3764 3077 Ἀλλ’

461 3107 675 3198 lapsus,
698 3126 930 3198 exiguos
971 3122 1143 3180 videri
1193 3120 1347 3189 fecit,
1390 3118 1602 3176 nudam
1651 3117 1930 3188 querelam
1972 3129 2063 3170 eos

2175 3120 2414 3201 ἰνωτέρω
2452 3120 2545 3200 μὲν
2572 3107 2651 3178 γτὰ
2697 3114 2944 3188 ἀλλήλων
3001 3107 3540 3201 πταίσματα-μικρδι
3580 3107 3774 3201 δοκεῖν

461 3215 760 3288 appellans.
799 3215 941 3270 Cum
969 3227 1100 3268 vero
1127 3210 1410 3268 Christum
1447 3207 1762 3280 exemplum
1791 3204 2065 3279 producit,

2175 3196 2424 3286 ἐποίησε,
2455 3196 2696 3290 ⁷μομφὴν
2750 3205 2886 3266 αὐτὰ
2937 3202 3170 3271 καλέσας
3221 3199 3398 3284 ψιλήν·
3446 3198 3532 3290 διὰ
3575 3196 3630 3256 δὲ
3684 3202 3776 3290 τοῦ

462 3287 761 3378 pcrsuadet
788 3303 972 3371 nobis,
1004 3310 1068 3358 ut
1104 3300 1323 3358 etiamsi
1351 3299 1580 3373 grandia
1607 3297 1806 3354 delicta
1837 3294 2063 3364 fuerint,

2175 3302 2262 3362 τὸν
2311 3287 2541 3381 Χριστὸν
2590 3287 2964 3378 παραγαγεῖν,
3017 3295 3186 3354 πείθει
3226 3297 3371 3381 ἡμξς
3404 3289 3504 3349 κᾶν
3562 3287 3777 3366 μεγάλα

463 3411 529 3453 ac
569 3394 785 3451 etiamsi
808 3409 910 3450 nos
955 3389 1334 3449 benefactores
1363 3372 1553 3447 isimus
1597 3403 1793 3445 eorum
1837 3386 1929 3460 qui
1973 3402 2063 3443 nos

2183 3383 2283 3453 ὦσι
2312 3372 2379 3450 τά
2410 3372 2837 3471 ἁμαρτήματα,
2864 3372 2962 3446 κᾶν
2995 3383 3266 3466 εὖεργέται
3311 3372 3455 3460 ὦμεν
3493 3381 3598 3438 τῶν
3633 3381 3780 3455 ἡμᾶς

467 3487 749 3554 laeserunt,
797 3483 900 3540 etsi
935 3498 1037 3539 nos
1079 3481 1288 3554 magni,
1334 3479 1438 3553 ipsi
1476 3494 1604 3536 vero
1645 3477 1852 3534 inﬁmae
1903 3477 2067 3533 sortis

465 3576 692 3645 fuerint,
738 3590 841 3631 nos
872 3581 1060 3630 tamen
1096 3570 1282 3628 omnia
1320 3570 1684 3628 dimittamus.
1730 3572 1922 3640 Neque
1962 3567 2069 3623 hoc

465 3668 670 3736 solum,
699 3679 892 3722 verum
931 3673 992 3720 ut
1020 3663 1363 3720 emoriamur
1392 3661 1556 3718 etiam
1585 3676 1684 3734 pro
1716 3658 1807 3729 iis,
1851 3666 1906 3714 et
1945 3665 2071 3730 post

467 3765 705 3814 mortem
729 3755 833 3812 illis
865 3753 1200 3812 beneﬁcium
1227 3758 1483 3810 nostrum
1521 3761 1814 3818 testemur,
1843 3747 2068 3820 perinde

469 3863 536 3904 ac
570 3847 818 3904 Christus
848 3854 974 3917 post
1009 3852 1248 3901 mortem
1280 3841 1443 3898 nobis
1479 3839 1743 3898 beneﬁcia
1787 3838 2066 3911 impertiit.

469 3936 738 3995 Particula
767 3936 911 3992 enim
940 3935 1051 4002 illa,
1081 3936 1256 3998 Sicut,
1291 3933 1410 3989 haec
1443 3931 1635 3988 omnia
1661 3930 1853 4003 exigit.

544 4029 726 4086 Vnus.
764 4032 850 4083 14.
896 4028 1070 4096 Super
1114 4030 1302 4081 autem
1348 4024 1458 4077 hac
1509 4023 1688 4076 omnia
1726 4021 2072 4076 charitatem.

471 4118 618 4189 Quia
644 4118 761 4174 ﬁeri
789 4123 987 4189 potest,
1023 4123 1085 4170 ut
1102 4114 1196 4186 qui
1220 4111 1480 4185 largiatur
1501 4111 1681 4167 isthuc
1715 4126 1782 4166 ex
1817 4126 1951 4181 pura
1988 4109 2075 4165 di-

472 4208 711 4265 lectione
738 4222 850 4262 non
888 4205 1075 4271 faciat,
1105 4202 1206 4260 sed
1234 4203 1292 4257 in
1321 4201 1562 4274 speciem
1589 4209 1646 4257 et
1675 4217 1741 4256 ex
1777 4199 2073 4273 hypocrisi;

473 4299 580 4354 iter
613 4296 776 4352 nobis
813 4295 1075 4363 ostendit,
1111 4308 1219 4364 quo
1258 4307 1554 4364 possumus
1593 4291 1844 4364 persequi
1890 4305 2077 4347 veram

475 4387 844 4460 largitionem.
889 4388 1080 4440 Potest
1116 4391 1305 4439 autem
1346 4381 1486 4451 ﬁeri,
1517 4390 1580 4440 ut
1607 4381 1884 4454 quispiam
1913 4396 2075 4437 man-

474 4485 664 4535 suetus
721 4475 970 4533 videatur
1016 4482 1072 4530 et
1117 4472 1372 4542 humilis,
1421 4487 1526 4529 nec
1582 4481 1770 4528 tamen
1821 4470 2009 4544 diligat
2065 4486 2080 4528 :

475 4571 771 4641 Propterea
812 4565 1012 4639 inquit,
1053 4567 1227 4636 Super
1268 4565 1452 4620 omnia
1491 4563 1606 4619 haec
1645 4563 1857 4619 induite
1896 4563 2082 4618 chari-

479 4663 670 4716 tatem.

551 4749 703 4818 Quod
729 4748 1002 4804 vinculum
1035 4750 1116 4802 est
1139 4746 1533 4818 perfectionis.’
1569 4747 1682 4802 Ista
1716 4743 1762 4801 si
1791 4742 1954 4812 adsit,
1988 4742 2082 4798 illa

478 4840 662 4897 omnia
690 4837 990 4896 connectit.
1031 4836 1128 4894 Sin
1169 4844 1353 4892 autem
1379 4835 1552 4906 absit,
1597 4835 1994 4900 dissolvuntur,
2032 4840 2088 4888 et

480 4928 642 4988 fucus
669 4938 724 4986 et
763 4927 920 5000 plane
953 4925 1088 4982 nihil
1116 4941 1235 4982 esse
1264 4923 1766 4997 deprehenduntur.
1804 4922 2086 4994 Quemad-

482 5019 716 5076 modum
745 5017 891 5074 enim
916 5017 976 5073 in
993 5016 1162 5074 domo
1190 5015 1294 5072 nisi
1319 5015 1522 5072 fuerint
1540 5013 1942 5088 colligationes,
1963 5028 2086 5086 quae

480 5109 696 5166 vincula
737 5108 841 5166 dici
879 5109 1080 5175 solent,
1113 5105 1282 5178 492
1313 5115 1369 5163 et
1395 5107 1454 5161 in
1480 5120 1711 5176 corpore
1748 5104 1856 5160 nisi
1884 5101 2088 5160 fuerint

483 5201 797 5274 ligamenta,
830 5197 975 5254 nulla
1006 5205 1091 5254 est
1121 5197 1464 5270 reliquorum
1496 5194 1869 5252 commoditas
1898 5212 1910 5248 :
1938 5193 2086 5251 hunc

483 5290 555 5346 ad
604 5288 839 5346 modum
883 5287 1122 5344 charitas
1167 5287 1359 5342 omnia
1395 5285 1645 5342 continet
1690 5282 2083 5356 perfectionem

483 5378 756 5448 facientia,
789 5377 1036 5450 citraque
1076 5376 1219 5432 hanc
1247 5391 1413 5433 nemo
1441 5384 1527 5433 est
1560 5373 1852 5447 perfectus,
1890 5389 2084 5431 verum

483 5469 701 5526 etiamsi
729 5467 914 5526 omnia
956 5465 1162 5525 habere
1189 5465 1458 5538 videatur,
1489 5464 1845 5538 imperfectus
1873 5472 1974 5522 est.

2109 4709 2159 4773 D

2178 3465 2557 3564 βλαπτόντων,
2591 3465 2691 3540 κᾶν
2723 3484 2876 3557 ἡμεῖς
2925 3465 3174 3554 μεγάλοι,
3225 3475 3412 3533 ἐκεῖνοι
3461 3465 3782 3564 δὲῃ-μικροὶ,

2175 3556 2318 3651 dum;
2346 3572 2524 3631 πάντα
2573 3556 2803 3651 ἀφιέναιο
2842 3569 2933 3628 καὶ
2973 3567 3032 3625 οὖ
3069 3563 3226 3642 μόνον
3271 3567 3464 3638 τοῦτο,
3502 3557 3642 3618 ἀλλὰ
3691 3556 3787 3651 καὶ

2176 3650 2698 3745 ὑπεραποθνήσκειν,
2756 3657 2847 3718 καὶ
2892 3654 3030 3736 μετὰ
3080 3655 3304 3714 θάνατον
3351 3657 3677 3732 εὐεργετεῖν,
3712 3650 3789 3715 ὥς

2178 3738 2335 3813 καιδ
2373 3751 2600 3834 Χριστὸς
2652 3748 3006 3830 εὐηργέτησεν
3038 3750 3182 3825 ἡμᾶς
3231 3743 3322 3804 καὶ
3367 3741 3503 3820 μετὰ
3535 3738 3788 3799 θάνατον.

2181 3845 2261 3905 Τὸ
2297 3843 2434 3925 γὰρ,
2468 3867 2499 3898 (ι
2529 3840 2721 3908 Καθὼς
2741 3887 2758 3919 ,
2793 3865 2817 3892 ι
2850 3843 3023 3897 ταῦτα
3066 3836 3244 3896 πάντα
3278 3836 3514 3894 ἀπαιτεῖ.

2264 4055 2287 4080 α
2321 4026 2447 4086 Ἐπὶ
2494 4033 2627 4084 πᾶσι
2681 4021 2735 4081 δὲ
2767 4019 2972 4087 τούτοις
3019 4017 3117 4092 τὴν
3172 4015 3410 4097 ἀγάπην.
3470 4037 3498 4072 ι
3560 4008 3791 4086 Ἐπειδὴ

2184 4115 2258 4176 ἔνι
2289 4116 2337 4153 ⁵⁸
2369 4115 2459 4174 καὶ
2495 4112 2844 4195 χαριζόμενον
2883 4110 2958 4188 μὴ
3001 4107 3052 4177 ἐξ
3087 4108 3299 4187 ἀγάπης
3347 4110 3583 4186 καθαρᾶς
3632 4107 3794 4162 τοῦτο

2185 4215 2355 4266 ποιεῖν
2376 4253 2392 4279 ,
2426 4203 2564 4263 ἀλλὰ
2587 4205 2834 4284 σχήματι
2853 4201 2944 4259 καὶ
2972 4197 3250 4280 ὑποκρίσει
3273 4244 3288 4275 ,
3324 4195 3589 4255 δείκνυσιν
3626 4194 3744 4252 ὁδὸν
3772 4236 3789 4266 ,

2187 4297 2252 4354 δι’
2300 4287 2362 4368 ἧς
2413 4293 2682 4371 δυνάμεθα
2731 4293 3072 4371 κατορθῶσαι
3120 4287 3180 4346 τὸ
3216 4288 3424 4359 άληθῶς
3451 4283 3792 4371 χαρίζεσθαι.

2186 4382 2350 4448 ⁷Ἐστι
2391 4384 2443 4444 δὲ
2474 4384 2565 4444 καὶ
2595 4391 2761 4464 πρᾶον
2794 4370 3072 4463 φαίνεσθαι
3102 4377 3194 4438 καὶ
3239 4376 3630 4456 ταπεινόφρονα
3653 4418 3672 4450 ,
3702 4370 3798 4431 καὶ

2191 4475 2266 4555 μὴ
2298 4478 2534 4557 ἀγαπᾷν.
2594 4461 2688 4534 Διό
2731 4461 2906 4553 φησιν·
2969 4493 2999 4530 (ι
3022 4467 3155 4531 Ἐπὶ
3204 4475 3338 4527 πᾶσι
3382 4464 3584 4532 τούτοις
3634 4461 3794 4522 ἐνδύ-

2192 4572 2355 4626 σασθε
2389 4564 2484 4636 τὴν
2509 4565 2745 4644 ἀγάπην.
2777 4589 2801 4616 ιο

2281 4761 2311 4795 α
2337 4736 2493 4805 "Huc
2539 4734 2650 4798 ἐστὶ
2689 4734 2981 4811 σύνδεσμος
3012 4735 3105 4803 τῆς
3153 4728 3501 4803 τελειότητος.
3533 4753 3556 4780 ι
3604 4724 3801 4788 Πάντα

2195 4833 2405 4904 ἐκεῖνα,
2460 4826 2639 4909 φησὶν,
2695 4823 2830 4897 αὕτη
2887 4821 3169 4904 συσφίγγει
3220 4823 3485 4900 παροῦσα·
3559 4815 3806 4886 ἀπούσης

2193 4921 2281 4995 δὲ,
2334 4918 2638 4977 διαλύονται
2690 4920 2783 4974 καὶ
2835 4911 3146 4992 ἐλέγχονται
3194 4909 3467 4988 ὓπόκρισις
3520 4905 3648 4995 ὄντα
3709 4904 3802 4963 καὶ

2192 4985 2362 5070 οὐδέν.
2397 5007 2612 5087 ’Ὠσπερ
2661 5004 2765 5086 γὰρ
2799 5003 2888 5062 ἐπὶ
2933 4985 3026 5074 τξις
3072 5001 3273 5076 οἰκίας,
3315 4985 3406 5058 ἐὰν
3460 4997 3535 5073 μὴ
3565 4985 3798 5087 (hau-al

2195 5099 2540 5177 ἱμαντώσεις,
2583 5076 2648 5154 ξὰ
2674 5076 2937 5177 ’σδνήθως
2982 5093 3243 5170 λεγόμενα
3283 5087 3522 5166 δέματα,
3561 5077 3653 5177 καὶ
3687 5076 3798 5177 ⁸ἐπὶ

2195 5167 2287 5250 τοῦ
2318 5167 2598 5268 σώματος,
2650 5184 2738 5245 ἐὰν
2771 5184 2846 5261 μὴ
2887 5173 3018 5242 ὦσιν
3049 5167 3438 5254 οἱῇσύνδεσμοι,
3474 5170 3623 5268 οὐδὲν
3667 5167 3799 5268 όιρε-

2199 5281 2290 5348 λος
2337 5281 2442 5338 τῶν
2481 5280 2699 5337 λοιπῶν*
2743 5273 2882 5335 οὕτω
2934 5283 3026 5332 καὶ
3067 5276 3101 5343 ἡ
3136 5271 3318 5349 ἀγάπη
3369 5260 3579 5343 συνέχει
3621 5258 3802 5349 πάντα

2192 5371 2262 5432 τὰ
2309 5369 2407 5443 τὴν
2453 5366 2764 5440 τελειότητα
2819 5369 3107 5435 ποιοῦντα,
3149 5357 3240 5420 καὶ
3294 5355 3417 5415 ἄνευ
3466 5351 3663 5423 ταύτης
3691 5347 3792 5443 τέῖ-

2193 5436 2582 5535 λειος1οὖδεὶς,
2625 5436 2764 5516 ἀλλὰ
2815 5452 2918 5514 κᾶν
2971 5451 3148 5512 πάντα
3189 5450 3316 5528 δοκῇ
3365 5443 3533 5526 ἔχειν.
3599 5436 3807 5511 ἀτελής

2195 5553 2358 5611 ἐστιν.

1875 5703 2058 5763 Variae
2105 5704 2405 5765 lectiones.

557 5810 602 5848 “
630 5812 792 5867 ἔνεστι
815 5831 869 5870 ο.
