4104 6432
355 431 480 484 1261

1205 433 1557 492 EXPOSITIO
1597 437 1662 491 ΙΝ
1703 437 1912 493 EPIST.
1951 437 2044 492 AD
2084 439 2361 501 COLOSS.
2398 473 2468 487 —
2505 445 2655 501 CAP.
2700 444 2784 500 Ill.

3519 445 3656 499 1262

428 581 453 608 α
489 553 599 615 Καὶ
639 559 675 628 ἡ
705 556 889 636 εἰρήνη
929 560 1023 616 τοῦ
1059 559 1202 620 Θεοῦ
1237 560 1543 642 βραϐευέτω
1574 564 1626 622 ἓν
1667 563 1781 630 ταῖς
1811 586 1944 643 καρ-

2137 571 2305 627 Vsus.
2353 578 2438 627 15.
2474 573 2546 627 Et
2566 586 2684 642 paa:
2726 569 2825 626 Dei
2862 569 3107 640 palmam
3134 569 3285 637 ferat
3325 570 3384 622 in
3409 569 3658 624 cordibus

349 643 480 711 δίαις
547 647 716 721 ὑμῶν.
786 675 810 698 ιο
868 646 1231 728 Ὑϐρίσθημεν
1304 652 1563 719 πολλάκις
1627 652 1732 712 ὑπό
1792 677 1946 722 τινος·

350 733 698 811 ἀγωνίζονται
727 735 852 816 παρ’
885 738 1013 815 ἡμῖν
1045 739 1289 817 λογισμοὶ
1340 740 1462 815 δύο,
1493 745 1522 801 ὁ
1559 741 1659 820 μὲν
1689 744 1762 810 εἰς
1805 743 1950 821 ἄμυ-

346 847 442 882 ναν
479 828 668 900 κινῶν,
701 829 728 884 ὁ
757 827 811 885 δὲ
843 829 916 896 εἰς
957 830 1356 908 μακροθυμίαν.
1392 829 1521 892 Ἐὰν
1552 838 1586 905 ἡ
1637 832 1820 914 εἰρήνη
1857 839 1950 892 τοῦ

348 915 490 974 Θεοῦ
544 919 645 995 στῇ
691 918 743 975 ἐν
795 921 953 996 ἡμῖν,
1004 917 1186 1000 ὥσπερ
1253 945 1329 988 τις
1369 921 1668 1002 βραϐευτὴς
1712 925 1948 996 δίκαιος,

348 1004 587 1063 τουτέστι
618 1005 800 1086 κριτὴς
845 1008 937 1066 καὶ
980 1007 1332 1088 ἀγωνοθέτης,
1365 1010 1458 1069 καὶ
1508 1012 1583 1090 δῷ
1609 1012 1669 1071 τὸ
1703 1011 1950 1093 βραϐεῖον

348 1097 443 1165 tu":
502 1093 648 1167 νίκης
688 1101 764 1177 τῷ
825 1099 1088 1158 κελεύοντι
1148 1101 1541 1180 μακροθυμεῖν,
1602 1104 1871 1161 παύσεται
1924 1107 1951 1161 ὁ

350 1185 760 1262 ἀνταγωνιστής.
823 1187 975 1262 Αὕτη
1009 1183 1099 1248 οὖν
1152 1189 1460 1272 βραϐευέτω
1514 1193 1568 1248 ἐν
1620 1193 1776 1269 ὑμῖν,
1818 1192 1952 1270 μὴὸ

351 1273 542 1350 θυμὸς,
591 1274 667 1352 μὴ
717 1281 752 1348 ἡ
807 1279 1126 1358 φιλονεικία,
1187 1278 1263 1357 μὴ
1312 1285 1346 1344 ἡ
1403 1281 1703 1363 ἀνθρωπίνη
1741 1282 1946 1363 εἰρήνη·

351 1363 525 1437 ἐκείνη
553 1365 657 1445 γὰρ
687 1366 748 1425 ἐκ
794 1372 888 1426 τοῦ
931 1369 1238 1444 ἀμύνασθαι
1289 1369 1528 1450 γίνεται,
1565 1375 1625 1431 ἐκ
1667 1377 1760 1432 τοῦ
1809 1375 1952 1431 ἀντι-

351 1455 501 1535 δρᾷν·
542 1454 660 1514 ἀλλ’
693 1460 728 1527 ἡ
775 1462 866 1515 τοῦ
913 1460 1090 1533 Θεοῦ,
1145 1465 1177 1532 ἡ
1227 1459 1452 1540 βεϐαία,
1483 1467 1518 1535 ἡ
1562 1462 1874 1534 ἀδιάλυτος,
1916 1469 1949 1535 ἡ

350 1544 438 1603 διὰ
491 1544 655 1621 μηδὲν
704 1548 958 1624 κοσμικὸν
1013 1550 1209 1628 ἀγαθὸν
1255 1551 1544 1628 γινομένη,
1592 1550 1776 1632 ὥσπερ
1824 1554 1951 1613 οὐδὲ

352 1639 385 1705 ἡ
416 1640 508 1693 τοῦ
541 1638 683 1697 Θεοῦ
726 1637 859 1715 πρὸς
906 1642 1046 1716 ἡμᾶς
1091 1639 1180 1699 διά
1231 1665 1283 1700 τι
1313 1641 1560 1718 ἐγένετο,
1595 1645 1714 1702 ἀλλ’
1765 1643 1952 1713 ἅπλῶς

351 1724 437 1784 διὰ
469 1729 868 1806 φιλανθρωπίαν
919 1729 1010 1789 καὶ
1049 1731 1265 1809 ἀγάπην
1311 1731 1464 1792 ἔλυσε
1514 1734 1609 1806 τὴν
1641 1734 1772 1812 πρὸς
1810 1739 1952 1812 ἡμᾶς

351 1813 567 1896 ἔχθραν.
605 1819 731 1886 Πῶς
780 1819 835 1878 δὲ
887 1824 981 1893 τῆς
1009 1820 1225 1898 ἀγάπης
1279 1823 1555 1898 μνησθεὶς,
1608 1825 1774 1883 πάλιν
1827 1826 1950 1904 περὶ

350 1895 446 1978 τῆς
482 1906 691 1996 εἰρήνης
736 1908 963 1990 ἄρχεται
1010 1895 1102 1970 καὶ
1153 1895 1491 1992 διαλέγεται,
1543 1895 1811 1975 Φαίνεται
1847 1895 1948 1996 γάρ
1982 1895 2030 1958 Β

351 1995 574 2076 περιττὴ
611 2002 644 2068 ἡ
678 1998 1027 2081 παραίνεσις,
1072 1999 1122 2086 εἰ
1149 2024 1210 2078 γε
1239 2007 1306 2082 τῇ
1361 2004 1545 2084 ἀγάπῃ
1579 2007 1668 2064 καὶ
1698 2010 1731 2078 ἡ
1766 1995 1949 2086 εἰρήνη

350 2087 748 2169 ἐμπεριέχεται.
837 2089 1029 2152 Ἔστιν
1060 2082 1149 2151 οὖν
1189 2093 1386 2167 εἰπεῖν,
1417 2093 1496 2153 ὅτι
1521 2082 1651 2154 Ἵέπεὶ
1693 2082 1952 2167 πολλάκις

350 2178 565 2255 ἐγκαλεῖ
609 2179 698 2238 καὶ
729 2181 876 2260 φίλος
903 2183 981 2262 τῷ
1015 2181 1152 2264 φίλῳ
1171 2226 1188 2256 ,
1220 2182 1312 2242 καὶ
1356 2185 1462 2245 ἀπὸ
1491 2187 1697 2259 πολλῆς
1727 2185 1776 2221 ⁵⁵
1815 2187 1952 2265 ἀγά-

351 2290 489 2340 πης,
518 2266 609 2326 καὶ
641 2268 998 2347 φιλονεικίαι,
1045 2272 1140 2332 καὶ
1192 2270 1405 2352 ὕϐρεις,
1447 2273 1539 2333 καὶ
1582 2276 1756 2356 μάχαι
1802 2276 1952 2356 ἐγεί-

355 2381 566 2435 ρονται,
595 2359 706 2433 Οὐ,
752 2359 948 2440 φησὶν,
996 2362 1055 2421 οὐ
1087 2367 1243 2422 τοῦτο
1280 2363 1575 2444 βούλομαι,
1626 2365 1766 2425 ἀλλὰ
1815 2366 1952 2444 μετὰ

349 2451 444 2518 τῆς
493 2448 709 2527 ἀγάπης
737 2450 829 2508 καὶ
857 2449 953 2522 τὴν
1003 2451 1217 2533 εἰρήνην
1250 2453 1400 2533 ἔχετε
1439 2460 1531 2515 τοῦ
1565 2457 1746 2533 Θεοῦ,
1775 2456 1952 2517 πάντα

349 2537 784 2598 κατατάττουσαν
811 2539 905 2598 καὶ
935 2540 1242 2620 κρίνουσαν.

432 2653 457 2681 α
491 2629 580 2696 Εἰς
609 2628 674 2701 ἣν
694 2630 785 2689 καὶ
810 2631 1071 2705 ἐκλήθητε
1095 2635 1150 2692 ἐν
1176 2631 1252 2692 ἑνὶ
1289 2634 1527 2712 σώματι.
1566 2659 1595 2697 n
1635 2637 1949 2715 Τουτέστιν,

348 2717 422 2784 εἰς
468 2717 681 2800 εἰρήνην
729 2721 909 2780 καλῶν
977 2725 1005 2780 ὁ
1047 2721 1314 2803 Χριστὸς,
1395 2724 1644 2800 ἐποίησεν
1695 2732 1839 2805 ἡμᾶς
1897 2728 1952 2788 ἓν

351 2809 788 2898 σῶμα,ῃκεφαλὴ
823 2812 979 2898 αὐτὸς
1010 2812 1306 2890 γενόμενος.
1360 2816 1463 2876 Διὰ
1511 2815 1563 2874 τί
1611 2816 1714 2898 γὰρ
1741 2816 1789 2857 ⁸⁸³
1821 2818 1955 2879 ἄλλο

349 2896 513 2976 ἐσμὲν
555 2896 612 2958 ἓν
660 2904 853 2978 σῶμα,
882 2900 918 2974 ἢ
948 2897 1036 2960 ἵνα
1061 2905 1134 2972 ὥς
1167 2903 1307 2982 μέλη
1353 2905 1497 2972 ὄντες
1531 2896 1782 2979 ἀλλήλων
1826 2907 1952 2969 ταῦ-

349 3011 464 3080 τηνΔ
497 2992 745 3070 τηρῶμεν
763 3035 781 3064 ,
808 2991 902 3050 καὶ
933 2990 1009 3070 μὴ
1057 2993 1420 3074 διιστώμεθας
1448 2996 1532 3058 Ἢ
1551 3046 1566 3072 ,
1593 2997 1676 3058 ὅτι
1724 2997 1854 3061 Ἐπὶ
1885 3005 1953 3080 τῇ

349 3076 532 3159 εἰρήνῃ
591 3080 880 3156 ἐκλήθητε,
928 3082 1202 3158 τουτέστι,
1264 3085 1466 3167 μυρίων
1527 3092 1740 3167 ἀγαθῶν
1801 3076 1956 3160 ἠξιώξ

351 3173 481 3240 θητε
537 3167 624 3227 διὰ
670 3173 764 3243 τῆς
814 3170 1047 3251 εἰρήνης.

348 3257 482 3354 πρὸς
510 3257 709 3354 ΔΘεὸνῄ,
742 3263 836 3321 οὐκ
879 3260 944 3354 ἂν
975 3262 1275 3341 ἐκλήθημεν
1314 3267 1402 3324 ὑπ’
1449 3269 1610 3328 αὐτοῦ
1641 3273 1712 3336 εἰς
1747 3270 1808 3329 τὸ
1833 3272 1954 3330 δοῦ·

349 3349 434 3407 λοι
467 3349 630 3410 αὐτοῦ
656 3349 824 3428 εἶναι,
854 3351 946 3411 καὶ
972 3355 1075 3412 τῶν
1103 3355 1315 3433 ἀγαθῶν
1350 3356 1508 3416 αὐτοῦ
1541 3359 1811 3440 μετέχειν.

440 3554 466 3580 ι
493 3527 604 3590 Καὶ
629 3529 938 3612 εὐχάριστοι
967 3531 1194 3611 γίνεσθε.
1221 3561 1246 3588 nt
1275 3536 1442 3598 Τοῦτ’
1473 3536 1616 3598 ἔστιν
1638 3540 1952 3620 εὐχάριστον

351 3605 517 3712 εἶναι,
567 3619 628 3712 τὸ
656 3605 851 3712 δμοίως
885 3605 1181 3704 κεχρῆσθαι
1229 3633 1338 3695 τοῖς
1389 3605 1734 3704 ὁμοδούλοις,
1771 3605 1955 3712 ῶσπερ

353 3709 498 3789 αὐτῷ
522 3712 550 3767 ὁ
569 3708 721 3778 Θεός.
755 3708 828 3772 c0
851 3711 956 3792 γὰρ
975 3715 1054 3794 τῷ
1074 3716 1203 3793 Θεῷ
1232 3715 1393 3795 χάριν
1425 3719 1697 3796 ὁμολογῶν
1714 3769 1729 3791 ,
1761 3723 1832 3788 ὥς
1863 3708 1956 3782 ὑπ’

353 3799 514 3858 αὐτοῦ
558 3799 796 3880 ἀφεθεὶς,
850 3804 946 3862 οὐκ
1000 3804 1281 3881 ἀμυνεῖται
1333 3805 1422 3865 τὸν
1481 3809 1832 3882 ἀδικήσαντα’
1886 3815 1956 3880 ὡς

349 3883 384 3944 ὅ
403 3909 464 3965 γε
492 3888 818 3967 ἀμυνόμενος
858 3895 916 3952 οὐ
947 3892 1215 3970 μέμνηται
1255 3887 1329 3955 ὧν
1358 3896 1514 3964 αὐτὸς
1562 3888 1622 3958 εὐ
1673 3899 1839 3962 ἔπαθε
1882 3900 1954 3941 ⁵⁷·

353 3979 475 4036 κατ’
503 3979 698 4040 ἐκεῖνον
731 3981 820 4040 τὸν
856 3982 1120 4063 ἀφεθέντα
1153 3984 1248 4062 μὲν
1283 3985 1487 4067 μυρίων
1536 3991 1839 4071 ταλάντων,
1877 3993 1952 4068 μὴ

354 4066 555 4158 ἀφέντα
599 4069 751 4132 δὲτὰ
799 4072 988 4132 ἑκατὸν
1019 4074 1268 4156 δηνάρια.
1306 4080 1731 4158 Εὐχαριστῶμεν
1775 4066 1956 4143 τοίνυν

353 4156 386 4216 ὅ
412 4181 462 4216 τι
492 4159 543 4216 δ’
573 4158 636 4218 ἂν
687 4160 1034 4242 πάσχωμεν,
1079 4165 1172 4224 καὶ
1231 4171 1359 4249 παρ’
1384 4156 1539 4228 Πὸτου
1591 4171 1821 4244 δήποτε,
1863 4174 1957 4233 καὶ

357 4249 650 4329 μαρτυρίου
685 4250 941 4333 στέφανον
970 4253 1279 4336 ληψόμεθα.

2058 663 2266 716 vestris.
2299 663 2454 734 Saepe
2484 677 2614 717 cum
2650 659 2844 732 injuria
2871 674 3066 714 sumus
3094 674 3125 713 a
3155 657 3416 730 quopiam
3447 655 3656 726 affecti,

2059 751 2294 820 gemina:
2349 751 2495 824 apud
2548 766 2650 806 nos
2704 749 3065 820 cogitationes
3109 756 3338 814 certant,
3380 748 3553 804 altera
3589 747 3657 804 ad

2060 839 2366 897 vindictam
2399 856 2503 898 nos
2529 839 2836 908 concitans,
2866 840 3037 895 altera
3063 837 3131 894 ad
3159 838 3654 911 longanimitatem.

2059 931 2116 986 Si
2147 947 2249 1003 pax
2280 931 2378 988 Dei
2407 931 2463 988 in
2493 931 2658 988 nobis
2684 929 2914 998 steterit,
2954 937 3016 985 ut
3038 929 3226 1002 justus
3250 929 3448 1000 aliquis
3475 937 3660 985 certa—

2059 1020 2225 1076 minis
2256 1021 2483 1088 arbiter,
2529 1019 2638 1078 hoc
2674 1028 2758 1076 est
2791 1019 2962 1090 judex
3007 1026 3063 1074 et
3103 1018 3446 1086 moderator,
3493 1017 3658 1074 dede-

2059 1110 2240 1182 ritque
2271 1110 2514 1167 victoria:
2546 1109 2788 1181 palmam
2819 1109 2867 1164 ei
2900 1107 2992 1180 qui
3016 1108 3240 1180 jusserit
3267 1116 3331 1163 ut
3359 1108 3432 1164 sis
3462 1107 3656 1179 longa-

2061 1200 2248 1267 nimis,
2277 1200 2512 1257 cessabit
2540 1199 2886 1256 adversarius
2911 1207 3060 1254 tuus.
3096 1201 3206 1253 Ista
3236 1198 3406 1270 igitur
3424 1197 3481 1252 in
3502 1197 3660 1254 vobis

2061 1289 2298 1361 palmam
2329 1289 2486 1359 ferat,
2531 1305 2648 1346 non
2676 1289 2774 1357 ira,
2805 1304 2917 1344 non
2946 1287 3248 1357 contentio,
3277 1304 3390 1343 non
3418 1287 3657 1344 humana

2061 1395 2167 1450 pax
2199 1380 2282 1452 (ea
2315 1381 2463 1436 enim
2495 1396 2562 1436 ex
2595 1379 2806 1436 ultione
2842 1378 3093 1434 nascitur
3120 1385 3177 1434 et
3210 1377 3660 1449 oppugnatione),

2059 1470 2158 1526 sed
2192 1470 2313 1537 Dei,
2345 1486 2471 1542 quas
2509 1469 2720 1526 stabilis
2754 1476 2810 1524 et
2837 1466 3255 1534 indissolubilis,
3287 1483 3410 1539 quae
3435 1466 3506 1522 ob
3543 1466 3662 1522 nul-

2061 1559 2176 1615 lum
2219 1560 2429 1616 bonum
2464 1559 2809 1616 mundanum
2850 1558 2933 1628 ﬁt,
2986 1573 3146 1630 atque
3186 1565 3353 1630 atque
3395 1557 3492 1612 Dei
3534 1573 3659 1630 erga

2059 1664 2162 1705 nos
2203 1665 2330 1722 pax,
2375 1649 2574 1705 nullius
2605 1665 2770 1706 causa
2813 1647 2956 1705 facta
2987 1655 3090 1716 est,
3123 1663 3312 1703 verum
3343 1647 3662 1719 simpliciter

2063 1739 2134 1794 ob
2187 1739 2538 1796 clementiam
2591 1747 2649 1795 et
2694 1738 3048 1794 dilectionem
3103 1737 3267 1792 solvit
3311 1737 3658 1792 inimicitiam

2063 1845 2227 1901 quam
2275 1846 2405 1902 erga
2436 1845 2539 1886 nos
2579 1829 2829 1886 habebat.
2873 1827 2977 1897 Qui
3017 1843 3170 1890 vero,
3215 1843 3346 1882 cum
3379 1826 3661 1882 charitatis

2061 1919 2422 1987 meminisset,
2455 1935 2644 1976 rursus
2669 1919 2738 1976 de
2769 1935 2899 1991 pace
2927 1917 3212 1989 disputare
3241 1916 3466 1988 incipit?
3496 1916 3660 1973 Vide-

2061 2019 2150 2066 tur
2197 2010 2344 2066 enim
2387 2025 2789 2082 supervacanea
2841 2008 2960 2065 haec
3004 2023 3124 2063 esse
3157 2006 3487 2077 admonitio,
3532 2023 3658 2063 cum

2061 2099 2164 2157 sub
2204 2098 2469 2156 charitate
2507 2116 2612 2172 pax
2646 2099 2810 2156 etiam
2853 2098 3223 2154 contineatur.
3261 2099 3450 2153 Potest
3492 2096 3660 2168 igitur

2061 2190 2190 2254 dici,
2229 2189 2382 2263 quod
2423 2206 2550 2246 cum
2587 2206 2701 2246 non
2746 2204 2869 2246 raro
2897 2188 3111 2245 amicus
3141 2187 3386 2244 amicum
3418 2194 3655 2258 accuset,

2062 2289 2228 2354 atque
2255 2297 2320 2336 ex
2341 2279 2646 2337 abundanti
2675 2279 2971 2336 dilectione
2990 2278 3390 2344 contentiones,
3423 2277 3658 2349 injuriae,

2062 2379 2118 2426 ct
2151 2386 2350 2443 pugna:
2377 2371 2654 2437 oriantur;
2685 2372 2813 2425 Non
2845 2369 2972 2434 hoc,
3005 2369 3205 2441 inquit,
3246 2367 3392 2436 volo,
3422 2366 3521 2424 sed
3554 2383 3661 2424 una

2061 2475 2190 2516 cum
2227 2459 2520 2516 dilectione
2551 2476 2742 2531 pacem
2788 2459 2891 2515 Dei
2921 2458 3136 2528 habete,
3178 2457 3369 2515 omnia
3397 2473 3526 2514 cum
3565 2472 3662 2514 or-

2061 2549 2372 2618 dinantem,
2420 2558 2539 2606 tum
2582 2549 2945 2622 judicantem.

2133 2641 2201 2696 In
2241 2657 2408 2711 quam
2443 2641 2622 2696 vocati
2657 2642 2782 2696 estis
2823 2642 2882 2694 ιη
2909 2654 3015 2694 uno
3052 2655 3286 2710 corpore.
3326 2640 3448 2694 Hoc
3485 2647 3569 2697 est
3595 2635 3664 2696 ad

2063 2745 2253 2802 pacem
2277 2746 2483 2787 vocans
2513 2729 2786 2799 Christus,
2816 2727 2948 2786 fecit
2972 2744 3078 2785 nos
3107 2744 3284 2785 unum
3311 2744 3536 2800 corpus,
3568 2745 3661 2785 ca-

2064 2829 2166 2892 put
2193 2821 2310 2894 ipse
2343 2819 2533 2878 factus.
2565 2820 2786 2876 Etenim
2819 2835 2984 2892 quam
3014 2818 3180 2875 aliam
3209 2818 3279 2875 ob
3310 2835 3534 2875 causam
3567 2835 3664 2875 su-

2065 2926 2188 2967 mus
2229 2927 2406 2968 unum
2443 2926 2663 2983 corpus,
2705 2925 2876 2983 quam
2920 2916 2981 2966 ut
3021 2908 3191 2966 veluti
3229 2907 3481 2965 membra
3528 2908 3667 2965 alter

2064 3001 2306 3068 alterius,
2361 3017 2549 3073 pacem
2602 2999 2742 3056 hanc
2787 3014 3086 3066 servemus,
3132 3006 3189 3054 et
3236 3015 3351 3055 non
3396 2998 3662 3055 dissidea-

2064 3096 2226 3148 mus?
2261 3091 2380 3157 Vel,
2418 3090 2549 3162 quia
2577 3089 2665 3147 Ad
2693 3105 2887 3162 pacem
2918 3087 3096 3145 vocati
3126 3089 3277 3158 estis,
3305 3088 3411 3144 hoc
3439 3097 3544 3157 est,
3575 3089 3657 3144 in-

1151 3175 1218 3234 Εἰ
1275 3175 1351 3253 μὴ
1405 3175 1509 3257 γὰρ
1571 3178 1954 3257 εἰρηνεύσαμεν

2065 3180 2312 3238 numeris
2353 3181 2516 3237 bonis
2557 3179 2688 3236 estis
2729 3179 2914 3237 donati
2960 3194 3056 3251 per
3093 3194 3308 3251 pacem.
3353 3177 3472 3234 Nisi
3513 3177 3665 3233 enim

2067 3287 2256 3343 pacem
2300 3270 2682 3328 habuissemus
2714 3269 2861 3343 apud
2903 3272 3106 3338 Deum,
3147 3285 3263 3324 non
3303 3283 3550 3325 essemus
3578 3283 3670 3324 vo-

2065 3361 2171 3417 cati
2209 3361 2278 3417 ab
2317 3376 2384 3417 eo
2417 3370 2480 3418 ut
2505 3361 2645 3418 servi
2675 3360 2794 3432 ejus
2823 3375 3095 3425 essemus,
3134 3358 3523 3431 bonorumque
3553 3357 3669 3430 ejus

2067 3450 2375 3523 participes.

2136 3543 2207 3595 Et
2242 3543 2395 3609 grati
2417 3545 2596 3596 estote.
2628 3539 2784 3596 Istud
2809 3547 2892 3596 est
2917 3546 3137 3610 gratum
3176 3554 3318 3607 esse,
3353 3538 3518 3593 talem
3549 3553 3668 3594 sese

2064 3645 2258 3702 gerere
2287 3645 2417 3702 erga
2447 3644 2767 3700 conservos,
2802 3629 3020 3701 qualem
3049 3643 3108 3684 se
3148 3644 3278 3701 erga
3307 3628 3487 3698 ipsum
3517 3626 3668 3683 exhi-

2065 3719 2183 3776 buit
2225 3722 2395 3776 Deus.
2448 3719 2554 3788 Qui
2592 3719 2740 3776 enim
2790 3723 2910 3774 Deo
2957 3718 3160 3790 gratias
3201 3717 3335 3790 agit,
3379 3716 3528 3789 quod
3564 3716 3666 3773 sibi

2063 3826 2270 3866 noxam
2308 3810 2608 3876 remiserit,
2638 3809 2684 3864 is
2711 3824 2824 3864 non
2851 3808 3010 3864 facile
3036 3807 3333 3863 ulciscatur
3359 3822 3478 3862 sese
3502 3805 3572 3862 de
3599 3823 3666 3862 eo

2063 3916 2093 3956 a
2123 3916 2233 3970 quo
2261 3900 2368 3956 sibi
2405 3899 2604 3972 injuria
2632 3897 2778 3954 facta
2808 3907 2892 3954 est
2927 3917 2944 3952 :
2983 3896 3126 3953 sicut
3163 3897 3210 3953 is
3240 3895 3333 3969 qui
3365 3895 3667 3953 vindictam

2063 3991 2256 4059 sumit,
2287 4006 2400 4047 non
2430 3988 2688 4046 meminit
2727 3987 2945 4060 quantis
2974 3987 3089 4058 ipse
3121 3986 3196 4042 sit
3228 3985 3508 4043 beneﬁciis
3536 3984 3670 4042 affe-

2065 4089 2206 4150 ctus,
2245 4080 2403 4153 juxta
2447 4080 2629 4146 illum,
2674 4079 2763 4135 cui
2809 4093 2937 4134 cum
2985 4075 3213 4133 dimissa
3256 4083 3438 4131 essent
3479 4075 3670 4131 decem

2068 4171 2240 4226 millia
2287 4171 2647 4238 talentorum,
2697 4176 2921 4225 centum
2962 4166 3218 4224 denarios
3263 4165 3538 4223 dimittere
3581 4174 3670 4221 ta-

2067 4276 2198 4317 men
2238 4259 2474 4317 noluerit
2513 4264 2555 4315 °.
2597 4259 2816 4316 Gratias
2852 4256 3017 4330 igitur
3046 4273 3272 4331 agamus
3306 4254 3671 4329 quodcunque

2066 4351 2342 4422 patiamur
2392 4359 2449 4408 et
2495 4365 2528 4407 a
2593 4364 2941 4423 quocunque,
2996 4355 3052 4404 et
3103 4347 3353 4421 martyrii
3405 4361 3670 4403 coronam

2070 4441 2424 4513 accipiemus.

443 4535 470 4569 α
507 4512 572 4612 ’ρ
631 4514 782 4595 λόγος
836 4522 929 4575 τοῦ
991 4519 1234 4598 Χριστοῦ
1288 4517 1340 4559 ⁸8
1395 4522 1662 4612 ἐνοικέτω
1717 4525 1771 4582 ἐν
1833 4526 1954 4601 ὑμῖν

2140 4512 2323 4589 vias.
2388 4537 2468 4586 ιδ.
2526 4531 2762 4588 Verbum
2823 4531 3025 4587 Christi
3080 4528 3350 4584 inhabitet
3404 4529 3463 4582 tn
3524 4527 3668 4583 vobis

356 4603 701 4674 πλουσίως.»
761 4605 1038 4666 Δείκνυσιν
1085 4609 1213 4685 ἡμῖν
1262 4610 1380 4668 ὁδὸν
1423 4611 1489 4669 δι’
1541 4603 1601 4684 ἧς
1651 4615 1957 4697 εὐχάριστοι

355 4691 606 4770 ἐσόμεθα.
696 4693 832 4755 Ἐὰν
869 4696 972 4777 γὰρ
1005 4684 1180 4773 ἐνοικῇ
1208 4700 1260 4757 ἐν
1290 4703 1422 4777 ἡμῖν
1453 4706 1481 4761 ὁ
1513 4700 1666 4780 λόγος
1691 4684 1800 4763 ὧδ’
1827 4707 1950 4782 Χρι-

356 4789 510 4856 στοῦ,
541 4785 863 4875 τουτέστινζ
877 4792 910 4859 ἡ
946 4788 1264 4848 διδασκαλία
1288 4834 1305 4863 ,
1340 4789 1406 4850 τὰ
1438 4792 1681 4872 δόγματα
1700 4839 1716 4867 ,
1739 4795 1793 4852 αἱ
1818 4818 1958 4875 παρ-

359 4872 620 4963 αινέσεις,
695 4874 760 4934 δι’
823 4866 896 4936 ῶν
957 4878 1196 4939 διδάσκει
1251 4883 1395 4957 ἡμᾶς
1449 4866 1798 4963 καταφρονεῖν
1865 4866 1960 4957 τίῆς

359 4961 633 5040 παρούσης
685 4968 852 5041 ζωῆς,
905 4967 996 5027 καὶ
1043 4971 1147 5027 τῶν
1201 4972 1429 5032 ἐνταῦθα
1491 4961 1736 5048 ἀγαθῶν,
1791 4976 1959 5034 οὐδενὶ

360 5049 465 5104 τῶν
517 5054 788 5135 δυσχερῶν
839 5054 1079 5146 εἴξομεν,
1124 5058 1263 5118 ἀλλὰ
1309 5059 1486 5120 πάντα
1543 5067 1814 5143 καρτερῶς
1859 5066 1960 5146 φέ-

364 5159 568 5228 ραρντες,
600 5145 1056 5224 εὐχαριστήσομεν
1087 5148 1173 5208 ἐπὶ
1220 5150 1326 5218 τοῖς
1375 5151 1783 5228 συμϐαίνουσιν.
1841 5145 1962 5216 Οὐκ

362 5214 476 5320 εἶπε
506 5227 561 5286 δὲ
594 5214 809 5306 ἁπλῶς,
851 5214 1037 5298 Ἔστω
1062 5240 1116 5296 ἐν
1134 5241 1257 5315 ὐμῐν
1279 5285 1296 5313 ,
1313 5214 1476 5315 axx,
1515 5270 1538 5296 α
1563 5214 1872 5303 Ἐνοικείτω
1895 5288 1911 5320 ,
1932 5214 1960 5296 γι»

363 5315 488 5392 καὶ,
550 5340 580 5378 α
611 5323 906 5393 Πλουσίως.
948 5355 972 5380 ι
1032 5325 1164 5390 Ἐὰν
1193 5329 1296 5411 γὰρ
1336 5333 1574 5394 πλούσιοι
1622 5321 1770 5411 ῶμεν
1803 5335 1857 5395 ἐν

439 5522 462 5553 θ
488 5517 690 5577 Matth.
724 5536 910 5594 xvm,
937 5530 1027 5583 24.

2070 4624 2304 4680 abunde.
2349 4622 2510 4678 Viam
2550 4620 2713 4676 nobis
2752 4627 3162 4692 praemonstrat,
3192 4632 3286 4689 per
3322 4632 3488 4689 quam
3524 4617 3668 4688 grati

2067 4713 2294 4769 erimus.
2343 4712 2397 4768 Si
2446 4710 2593 4768 enim
2641 4709 2697 4765 in
2742 4708 2906 4766 nobis
2953 4707 3122 4781 493
3181 4706 3396 4764 habitet
3440 4706 3669 4762 verbum

2067 4802 2288 4868 Christi,
2330 4801 2436 4858 hoc
2472 4809 2576 4870 est,
2617 4799 2885 4868 doctrina,
2926 4797 3212 4870 dogmata,
3251 4805 3309 4854 et
3342 4795 3672 4854 admonitio-

2067 4910 2186 4962 nes,
2221 4891 2423 4965 quibus
2451 4907 2554 4948 nos
2583 4890 2743 4946 docet
2779 4905 2908 4946 cum
2954 4896 3288 4961 praesentem
3329 4887 3522 4957 vitam,
3549 4893 3672 4942 tum

2071 4983 2215 5040 bona
2261 4981 2378 5054 ejus
2418 4980 2716 5054 aspernari,
2761 4979 2894 5036 nulli
2942 4977 3213 5035 molestiae
3259 4975 3540 5042 cedemus,
3592 4993 3676 5031 vc-

2069 5089 2197 5130 rum
2236 5072 2424 5130 omnia
2461 5078 2783 5128 constanter
2809 5067 3071 5136 ferentes,
3103 5067 3307 5141 gratias
3344 5081 3573 5139 agemus
3604 5065 3675 5121 ob

2071 5179 2135 5220 ea
2166 5177 2291 5235 quae
2317 5161 2481 5218 nobis
2507 5159 2826 5217 obvenient.
2858 5162 2984 5216 Non
3011 5157 3150 5214 dixit
3189 5162 3374 5214 autem
3413 5155 3677 5226 simplici-

2070 5261 2178 5321 ter,
2230 5253 2316 5308 Sit
2343 5253 2398 5306 in
2452 5250 2628 5318 vobis,
2678 5249 2796 5319 sed,
2852 5250 3140 5312 Inhabt'tet,
3193 5256 3270 5315 et,
3318 5246 3570 5302 Abunde.
3622 5244 3676 5299 Si

2073 5343 2226 5400 enim
2265 5342 2507 5415 opulenti
2550 5339 2819 5398 fuerimus
2843 5340 2899 5397 in
2927 5338 3243 5412 cognitione
3268 5337 3676 5408 Scripturarum

1761 5603 1956 5668 Variae
2001 5605 2310 5671 lectionem

439 5773 480 5812 ⁵⁵
506 5796 728 5852 περιττης
765 5801 818 5843 ο.
848 5783 894 5821 ⁸⁸
916 5789 966 5842 τί
989 5786 1088 5861 γὰρ
1114 5791 1198 5845 καὶ
1223 5788 1305 5846 διὰ
1331 5793 1376 5848 τί
1406 5811 1487 5853 m.
1518 5793 1568 5829 ⁵⁷
1599 5799 1879 5870 μεμνῆσθαι
1905 5797 2066 5854 ἔοικεν
2095 5795 2170 5853 ὧν
2210 5796 2389 5851 ἔπαθεν
2414 5792 2559 5856 αὐτός
2587 5809 2640 5849 0.
2673 5789 2722 5830 ³⁸
2751 5791 2879 5846 Θεοῦ
2909 5808 2964 5851 ο.
