4104 6446
446 451 578 503 1263

1463 439 1977 497 THEOPHYLACTI
2016 439 2374 494 BULGARLE
2412 438 2725 494 ARCHIEP.

3610 441 3753 495 1264

439 588 635 629 omnes
659 571 1000 628 calamitates
1027 584 1188 642 aequo
1214 567 1399 624 animo
1425 565 1686 637 feremus,
1713 565 1940 640 perinde
1975 581 2036 622 ac

2148 563 2339 644 γνώσει
2387 567 2492 623 τῶν
2530 567 2789 644 Γραφῶν,
2837 561 3017 630 πάσας
3057 562 3150 631 τὰς
3197 563 3476 644 συμφορὰς
3517 567 3750 632 εὐκόλως

438 663 586 719 dives
623 663 680 717 in
713 661 951 734 pecuniis
981 660 1256 733 jacturam
1285 657 1424 715 ferre
1455 665 1651 730 potest.

511 846 580 899 In
607 846 754 899 omni
785 845 1079 914 sapientia.
1113 843 1234 897 Hoc
1263 848 1364 909 est,
1399 840 1454 896 in
1488 839 1641 896 omni
1673 839 1893 896 virtute.
1936 839 2033 893 Sa-

442 932 704 1006 pientiam
750 934 900 989 enim
953 933 1215 988 virtutem
1262 930 1519 1003 appellat,
1569 930 1711 986 sicut
1751 937 1808 985 et
1850 943 2036 1000 pecca-

437 1032 559 1080 tum
601 1022 968 1096 insipientiam
1002 1021 1179 1079 David
1215 1041 1230 1078 :
1280 1023 1439 1076 Dixit
1480 1023 1743 1091 insipiens
1783 1023 1842 1074 in
1883 1019 2038 1074 corde

441 1115 608 1185 suo‘;
675 1122 747 1185 et,
803 1117 1135 1170 Putruerunt
1186 1114 1458 1168 cicatrices
1501 1127 1630 1166 mea:
1682 1128 1716 1165 a
1762 1111 1904 1178 facie
1949 1111 2038 1162 in-

442 1207 712 1276 sipientia
759 1221 886 1260 mea:
920 1215 966 1259 ε.

518 1298 770 1350 Docentes
819 1299 870 1349 et
914 1299 1294 1349 commonentes
1349 1308 1438 1348 vos
1483 1294 1624 1362 ipsos
1673 1290 1931 1362 psalmis,
1991 1293 2039 1344 et

442 1385 674 1455 hymnis,
693 1390 743 1440 et
766 1387 988 1440 canticis
1011 1385 1404 1455 spiritualibus.
1424 1382 1564 1451 Quia
1590 1381 1753 1438 lectio
1784 1378 2036 1435 laborem

445 1472 630 1538 habet,
658 1473 1009 1544 multumque
1032 1472 1103 1527 illi
1129 1472 1397 1529 molestia:
1421 1471 1582 1540 inest,
1615 1487 1728 1527 non
1757 1469 1825 1526 ad
1860 1468 2038 1524 histo-

447 1563 557 1619 rias
592 1561 767 1629 duxit,
803 1578 994 1618 verum
1021 1562 1090 1618 ad
1121 1562 1382 1634 psalmos,
1414 1570 1476 1618 ut
1510 1560 1673 1618 simul
1705 1566 1762 1616 et
1789 1559 2038 1615 animum

444 1653 689 1710 canendo
739 1652 999 1722 oblectes,
1041 1651 1394 1726 laboremque
1439 1651 1610 1708 fallas.
1656 1650 1887 1706 Psalmis
1937 1664 2039 1705 au-

445 1753 561 1800 tem
590 1743 825 1817 hymnos
861 1743 1163 1815 subjunxit,
1203 1759 1304 1799 ceu
1337 1758 1457 1799 rem
1492 1742 1814 1814 quampiam
1857 1737 2034 1811 perfe-

444 1833 692 1889 ctiorem.
760 1833 997 1888 Psallcre
1074 1847 1333 1904 namque,
1405 1831 1726 1899 hominum;
1801 1830 2038 1902 hymnos

445 1939 572 1980 vero
607 1922 916 1991 concinere,
954 1922 1280 1994 angelorum
1321 1929 1423 1978 est.

514 2105 580 2160 In
619 2107 802 2176 gratia
845 2107 1139 2159 cantantes.
1186 2103 1309 2158 Hoc
1341 2109 1444 2169 est,
1487 2117 1613 2157 cum
1655 2100 1829 2173 gratia
1861 2108 1917 2156 et
1945 2113 2046 2154 vo-

442 2194 650 2268 luptate
681 2194 967 2267 spirituali.
1009 2194 1089 2249 Ut
1113 2192 1258 2248 enim
1293 2192 1550 2248 humanae
1593 2191 1882 2247 cantilenae
1918 2205 2042 2263 gra-

442 2287 579 2343 tiam
631 2285 830 2342 habere
877 2284 1155 2350 videntur,
1211 2283 1425 2339 etiamsi
1475 2299 1588 2339 non
1635 2281 1973 2354 spiritualem
2023 2300 2039 2334 :

443 2375 593 2432 hunc
618 2375 687 2432 ad
719 2375 948 2432 modum
974 2374 1174 2431 divinae
1202 2374 1542 2445 spiritualem
1573 2373 1774 2428 habent
1805 2372 2040 2428 oblecta-

443 2467 678 2522 tionem.
719 2465 814 2521 Vel
849 2464 976 2537 quia
1018 2480 1085 2520 ex
1123 2463 1270 2519 dono
1307 2461 1575 2533 Spirituali
1619 2459 1724 2516 illis
1765 2459 2041 2532 obtigerat

443 2564 504 2611 ut
539 2564 816 2612 canerent.

511 2651 576 2702 1n
613 2647 768 2702 corde
796 2649 969 2702 vestro
998 2647 1238 2701 Domino.
1267 2646 1394 2699 Non
1421 2641 1744 2715 simpliciter
1771 2656 1888 2707 ore,
1918 2639 2038 2709 scd,

443 2737 630 2800 Corde,
671 2735 727 2792 id
771 2747 872 2804 est,
911 2751 1042 2790 cum
1084 2734 1410 2791 attentione.
1452 2735 1576 2789 Hoc
1619 2732 1766 2788 enim
1813 2739 1897 2787 est
1922 2733 2042 2786 Deo

440 2841 660 2889 canere;
692 2824 822 2880 illud
865 2839 1013 2893 vero,
1056 2823 1197 2879 aeri.
1242 2822 1439 2890 Aliter,
1477 2822 1534 2876 in
1583 2820 1770 2890 corde,
1815 2836 1925 2876 non
1971 2819 2042 2876 ad

441 2910 886 2967 ostentationem.
914 2911 1060 2965 Nam
1103 2909 1204 2964 etsi
1241 2909 1301 2963 in
1331 2907 1452 2963 foro
1484 2905 1670 2976 fueris,
1705 2914 1858 2978 potes
1898 2904 2044 2976 apud

441 2999 675 3072 teipsum
703 3013 918 3068 canere,
942 2997 1166 3055 nemine
1186 2995 1468 3054 audiente.

509 3181 690 3236 Vsus.
719 3184 804 3234 17.
836 3181 906 3234 Et
919 3193 1069 3233 omne
1087 3177 1438 3248 quodcunque
1457 3176 1644 3243 facitis
1675 3177 1734 3230 in
1761 3174 1918 3230 verbo
1945 3179 2040 3229 aut

2148 655 2392 730 οἴσομεν,
2446 653 2627 734 ὥσπερ
2661 654 2750 713 καὶ
2795 656 2824 711 ὁ
2853 650 3100 720 πλούσιος
3153 654 3205 711 ἐν
3258 652 3501 736 χρήμασι
3552 654 3752 732 ζημίαν

2146 747 2374 822 ἐνεγκεῖν
2403 743 2640 803 δύναται.

2237 858 2267 894 (ι
2297 835 2392 894 Ἕν
2425 835 2575 914 πάσῃ
2618 833 2796 916 σοφίᾳ.
2840 856 2868 893 »
2913 833 3202 895 Τουτέστιν
3228 882 3243 909 ,
3291 837 3344 894 ἐν
3373 835 3526 915 πάσῃ
3557 837 3750 915 ἀρετῇ⁰

2149 924 2352 1006 Σοφίαν
2381 924 2483 1006 γὰρ
2515 924 2609 996 τὴν
2633 925 2825 1007 ἀρετήν
2862 948 3020 1005 φησιν
3042 973 3077 1007 ,__
3102 924 3286 1004 ὥσπερ
3309 925 3400 985 καὶ
3431 927 3529 998 τὴν
3563 925 3751 1007 ἆμαρ-

2147 1004 2264 1074 τίαν
2311 1004 2608 1096 ἀφροσύνην
2643 1004 2894 1076 ὑνΔαυΐδο
2947 1043 2972 1066 α
3007 1004 3175 1076 Εἶπεν
3227 1016 3409 1096 ἄφρων
3447 1019 3501 1075 ἐν
3551 1004 3750 1095 καρδίᾳ

2149 1111 2330 1165 αὑτοῦο
2365 1134 2389 1158 ι»
2443 1105 2564 1178 καὶ,
2619 1133 2642 1159 η
2675 1105 3036 1186 Προσώζεσαν
3069 1108 3117 1166 οἱ
3177 1105 3438 1185 μώλωπές
3487 1131 3587 1185 μου
3643 1107 3755 1166 ἀπὸ

2148 1193 2434 1276 προσώπου
2462 1200 2554 1266 τῆς
2585 1195 2884 1276 ἀφροσύνης
2917 1219 3037 1273 μου.
3077 1223 3100 1247 ὀ

2229 1313 2250 1336 α
2311 1285 2658 1352 Διδάσκοντες
2716 1284 2806 1346 καὶ
2876 1290 3238 1353 νουθετοῦντες
3311 1284 3526 1352 ἑαυτοὺς
3604 1287 3753 1366 ψαλ·

2151 1384 2297 1451 μοῖς,
2345 1375 2434 1435 καὶ
2483 1375 2694 1454 ὕμνοις,
2725 1377 2816 1435 καὶ
2865 1377 3028 1458 ᾠδαῖς
3057 1385 3462 1454 πνευματικαῖς.
3500 1402 3524 1428 ι
3554 1374 3750 1435 Ἐπει-

2151 1467 2215 1536 δὴ
2245 1470 2278 1536 ἡ
2310 1465 2605 1545 ἀνάγνωσις
2650 1465 2763 1547 ἔχει
2807 1467 2966 1526 πόνον
3021 1465 3111 1525 καὶ
3159 1465 3294 1525 πολὺ
3348 1466 3408 1524 τὸ
3463 1464 3750 1547 φορτικὸν,

2149 1558 2243 1614 οὐκ
2302 1555 2390 1614 ἐπὶ
2445 1557 2679 1637 ἱστορίας
2731 1555 2966 1634 ἤγαγεν,
3029 1557 3149 1614 ἀλλ’
3182 1557 3270 1615 ἐπὶ
3325 1554 3596 1636 ψαλμοὺς,
3654 1551 3745 1611 ἵνα

2149 1649 2280 1722 ὁμοῦ
2327 1645 2420 1704 καὶ
2471 1645 2667 1726 τέρπῃς
2718 1645 2813 1717 τὴν
2854 1646 3029 1727 ψυχὴν
3061 1645 3232 1728 ᾄδων,
3277 1645 3369 1706 καὶ
3407 1643 3751 1723 ὑποκλίπτῃς

2150 1735 2238 1795 τὸν
2288 1735 2469 1796 πόνον.
2520 1737 2675 1798 Μετὰ
2705 1736 2760 1796 δὲ
2791 1735 2911 1804 τοὺς
2942 1735 3218 1819 ψαλμοὺς,
3271 1735 3392 1802 τοὺς
3441 1734 3634 1813 ὕμνους
3667 1733 3753 1792 τέ-

2151 1831 2352 1899 θεικεν,
2417 1830 2488 1894 ὡς
2539 1825 2860 1906 τελειότερόν
2919 1850 2970 1884 τι
3023 1835 3272 1907 πρᾶγμα.
3364 1824 3444 1886 Τὸ
3495 1823 3589 1900 μὲν
3646 1824 3751 1902 γὰρ

2072 1926 2120 1991 Β
2150 1917 2408 1997 ψάλλειν,
2451 1920 2556 1976 τῶν
2615 1916 2926 1998 ἀνθρώπων·
2993 1915 3055 1975 τὸ
3099 1915 3154 1975 δὲ
3208 1919 3418 1994 ὑμνεῖν,
3487 1917 3593 1974 τῶν
3653 1919 3755 1991 ἆγ-

2150 2005 2319 2085 γέλων
2329 2053 2343 2068 .

2224 2124 2248 2149 α
2282 2096 2375 2157 Ἐν
2422 2096 2604 2177 χάριτι
2652 2097 2881 2178 ᾄδοντες.
2915 2125 2938 2150 υ
2987 2094 3126 2156 Ἀντὶ
3167 2101 3260 2156 τοῦ
3286 2142 3303 2170 ,
3340 2093 3477 2173 μετὰ
3527 2093 3753 2174 χάριτος

2143 2185 2234 2244 καὶ
2266 2187 2453 2260 ἡδονῆς
2481 2191 2864 2262 πνευματικῆς.
2912 2183 3138 2266 εὨσπερ
3183 2185 3288 2268 γὰρ
3333 2184 3402 2244 τὰ
3433 2184 3741 2264 ἀνθρώπινα

2143 2279 2362 2356 ᾄσματα
2413 2275 2568 2356 χάριν
2617 2275 2758 2357 ἔχειν
2807 2278 3086 2352 δοκοῦσιν,
3130 2279 3174 2334 εἷ
3225 2275 3299 2352 μὴ
3351 2273 3744 2350 πνευματικήν.

2143 2365 2278 2425 οὕτω
2323 2365 2390 2424 τὰ
2443 2367 2588 2440 θεῖα,
2617 2365 3006 2444 πνευματικήν.
3055 2365 3138 2426 ἌΗ
3185 2365 3266 2426 ὅτι
3317 2365 3410 2424 καὶ
3441 2364 3546 2422 ἀπὸ
3580 2362 3743 2444 χαρίο

2145 2478 2344 2534 σματος
2378 2445 2519 2536 εἶχον
2550 2456 2611 2515 τὸ
2642 2456 2810 2538 ᾅδειν.

2231 2665 2253 2690 α
2281 2636 2379 2698 Ἐν
2404 2640 2471 2716 τῇ
2496 2636 2688 2718 καρδίᾳ
2714 2640 2862 2715 ὑμῶν
2897 2641 2970 2717 τῷ
3007 2635 3214 2717 Κυρίῳ.
3245 2661 3270 2688 ι
3309 2636 3433 2716 Οὖχ
3454 2633 3637 2702 ἁπλῶς
3672 2637 3750 2714 τῷ

2149 2737 2404 2813 στόματι,
2432 2736 2571 2810 ἀλλ’,
2604 2763 2628 2787 «
2653 2737 2750 2795 ’Ev
2778 2740 2845 2817 τῇ
2871 2735 3064 2816 καρδίᾳ
3085 2780 3102 2811 ,
3129 2763 3154 2788 ιι
3175 2735 3205 2793 ὅ
3231 2736 3342 2794 ἔστι
3359 2782 3374 2810 ,
3413 2731 3549 2812 μετὰ
3575 2755 3746 2812 προσ-

2149 2831 2299 2907 οχῆς.
2349 2828 2524 2886 Τοῦτο
2566 2825 2667 2906 γάρ
2721 2826 2839 2884 ἐστι
2887 2829 2962 2905 τῷ
3002 2828 3128 2906 Θεῷ
3159 2824 3334 2907 ᾄδειν,
3379 2827 3544 2883 ἐκεῖνο
3575 2823 3630 2881 δὲ
3676 2825 3756 2902 τῷ

2150 2917 2288 2996 ἀέρι.
2322 2913 2432 2976 Καὶ
2462 2914 2635 2981 ἄλλως
2686 2917 2756 2974 ἐν
2789 2920 2856 2996 τῇ
2907 2914 3131 2995 καρδίᾳ,
3178 2913 3254 2993 μὴ
3299 2913 3430 2996 πρὸς
3479 2910 3749 2979 ἐπίδειξιν.

2154 3005 2270 3066 Κᾶν
2303 3003 2406 3086 γὰρ
2459 3006 2514 3062 ἐν
2557 3007 2733 3085 ἀγορᾷ
2798 2997 2892 3084 ᾗς,
2945 3006 3164 3065 δύνασαι
3209 3001 3348 3064 κατὰ
3385 3001 3576 3062 σαυτὸν
3608 3001 3756 3084 ᾄδειν

2154 3097 2375 3173 μηδενὸς
2415 3093 2708 3161 ἀκούοντος.

2232 3211 2256 3239 α
2293 3183 2400 3244 Καὶ
2453 3183 2616 3244 πᾶνὸ
2663 3183 2726 3242 ἂν
2769 3187 2958 3258 ποιῆτε
3006 3186 3060 3244 ἐν
3091 3184 3296 3266 λόγῳῆ
3351 3183 3520 3265 ἔργῳ,
3570 3181 3751 3241 πάντα

440 3285 620 3340 opere,
664 3270 847 3324 omnia
887 3270 945 3322 in
983 3269 1195 3322 nomine
1236 3267 1458 3321 Domini
1496 3269 1636 3321 Jesu.
1689 3265 1744 3320 Si
1797 3263 1950 3332 edas,
1994 3263 2036 3320 si

2149 3277 2200 3334 ἐν
2251 3273 2471 3352 ὀνόματι
2513 3279 2603 3333 τοῦ
2652 3273 2850 3354 Κυρίου
2883 3252 3085 3348 Ἰησοῦ.
3139 3252 3176 3329 ιμ’
3205 3252 3348 3335 ’Ἒδιν
3381 3252 3612 3352 ’ἐσθίῃω
3659 3270 3750 3330 ἐὰν

439 3359 614 3427 bibas,
657 3360 706 3416 si
751 3359 1140 3431 peregrineris,
1170 3357 1352 3414 omnia
1396 3357 1453 3412 in
1497 3355 1723 3412 nomine
1764 3355 1866 3410 Dei
1913 3371 2034 3427 age,

442 3449 548 3506 hoc
591 3458 694 3518 est,
734 3450 915 3522 ipsum
960 3448 1271 3521 adjutorem
1318 3447 1610 3515 invocans;
1661 3445 1752 3502 ubi
1795 3445 2039 3518 primum

442 3557 627 3612 preces
651 3541 721 3598 ad
745 3557 876 3598 eum
915 3539 1140 3608 fuderis,
1173 3547 1297 3595 tum
1326 3538 1556 3596 demum
1599 3552 1763 3610 opera
1805 3544 1899 3593 tua
1942 3553 2040 3609 ag-

438 3630 718 3702 gredieris.
755 3631 861 3687 Dei
898 3646 1102 3687 nomen
1138 3629 1421 3686 daemones
1449 3627 1618 3701 ejicit,
1649 3635 1708 3684 et
1746 3641 1908 3699 opera
1947 3634 2041 3683 tua

439 3719 617 3778 facilia
646 3720 742 3778 tibi
769 3737 884 3777 non
926 3719 1158 3777 reddet?
1187 3718 1283 3775 Vel
1315 3718 1420 3776 hoc
1449 3719 1528 3775 ait
1561 3739 1573 3775 :
1608 3717 1917 3774 Dominum
1948 3718 2038 3774 Je-

437 3825 563 3866 sum
601 3809 878 3880 invocate,
918 3826 1029 3866 non
1068 3809 1290 3882 angelos
1331 3807 1752 3882 superinducite.

512 3991 736 4049 Gratias
765 3993 982 4060 agentes
1021 3993 1123 4046 Deo
1165 3992 1324 4045 Patri
1356 4005 1456 4060 per
1496 3991 1702 4060 ipsum.
1748 3986 1802 4043 Si
1840 3986 2038 4042 Filium

439 4081 679 4149 invoces,
719 4084 938 4138 Patrem
977 4080 1198 4138 invocas
1239 4095 1335 4152 per
1374 4079 1559 4151 ipsum
1591 4100 1604 4134 :
1640 4078 1686 4133 si
1729 4077 1871 4134 Filio
1913 4092 2036 4150 gra-

439 4171 544 4227 tias
573 4171 706 4245 agis,
749 4188 846 4242 per
880 4172 1062 4244 ipsum
1103 4172 1275 4227 etiam
1315 4170 1468 4226 Patri
1506 4169 1709 4242 gratias
1737 4169 1872 4242 agis.
1914 4171 2034 4240 Vel,

439 4260 924 4330 Quemadmodum
954 4261 1208 4332 nosipsos
1240 4259 1411 4316 Filius
1446 4258 1516 4316 ad
1545 4261 1762 4317 Patrem
1790 4257 2037 4330 adduxit,

437 4353 517 4408 sic
547 4359 603 4407 et
627 4351 743 4423 ipse
762 4351 1084 4423 Pgratiarum
1114 4350 1386 4407 actionem
1427 4359 1676 4406 nostram
1707 4349 1774 4406 ad
1814 4352 2036 4406 Patrem

2147 3363 2327 3445 πίνῃς,
2361 3363 2452 3422 ἐὰν
2501 3364 2818 3444 ἀποδημῇς,
2866 3366 3041 3424 πάντα
3088 3367 3141 3423 ἐν
3188 3364 3413 3442 ὀνόματι
3462 3367 3555 3421 τοῦ
3606 3365 3750 3423 Θεοῦ

2149 3456 2384 3536 πράττε,
2426 3453 2722 3529 τουτέστιν,
2774 3453 2929 3513 αὐτὸν
2979 3455 3157 3513 καλῶν
3215 3452 3437 3532 βοηθὸν,
3499 3450 3754 3531 πρότερον

2149 3547 2297 3626 αὐτῷ
2345 3543 2634 3624 εὐχόμενος
2648 3589 2664 3619 ,
2703 3543 2794 3603 καὶ
2843 3545 3008 3611 οὕτως
3039 3541 3210 3604 ἅπτου
3252 3547 3356 3602 τῶν
3388 3543 3578 3623 ἔργων.
3665 3539 3750 3599 Τὸ

2145 3642 2235 3694 τοῦ
2290 3637 2432 3696 Θεοῦ
2483 3632 2650 3708 ὄνομα
2701 3633 2956 3711 δαίμονας
3001 3633 3282 3707 ἐκϐάλλει,
3350 3633 3440 3691 καὶ
3493 3631 3560 3689 τὰ
3613 3627 3754 3711 πρά-

2145 3747 2325 3804 γματα
2386 3725 2481 3783 οὐκ
2541 3723 2817 3803 εὖμαρίσει
2876 3747 2990 3798 σοι;
3067 3720 3145 3784 *Η
3199 3723 3356 3782 τοῦτό
3406 3745 3608 3804 φησιν,
3665 3719 3752 3778 ὅτι

2143 3814 2252 3875 Τὸν
2316 3813 2508 3895 Κύριον
2563 3813 2774 3887 Ἰησοῦν
2831 3815 3137 3894 ὀνομάζετε
3200 3812 3276 3892 μὴ
3329 3810 3448 3880 τοὺς
3479 3809 3747 3891 ἀγγέλους

2143 3903 2447 3983 ἐπεισάγετε
2458 3953 2471 3966 .

2225 4022 2250 4046 σι
2283 3997 2739 4074 Εὐχαριστοῦντες
2762 3995 2839 4075 τῷ
2868 3994 2995 4075 Θεῷ
3025 3993 3117 4054 καὶ
3137 3993 3316 4075 Πατρὶ
3341 3993 3392 4031 39
3417 3993 3483 4050 δι’
3509 3992 3692 4053 αὐτοῦ,
3726 4013 3754 4041 .

2145 4082 2236 4142 Ἃν
2267 4083 2356 4143 τὸν
2386 4084 2516 4144 Υἱὸν
2567 4086 2772 4164 καλῇς,
2809 4086 2875 4142 δι’
2907 4085 3074 4143 αὐτοῦ
3128 4082 3216 4142 τὸν
3272 4084 3494 4162 Πατέρα
3539 4083 3746 4146 καλεῖς.

2146 4172 2240 4233 Ἂν
2291 4177 2368 4254 τῷ
2398 4174 2512 4254 Υἷῷ
2544 4177 2862 4253 εὐχαριστῇς
2881 4220 2896 4249 ,
2927 4173 2993 4231 δι’
3027 4175 3188 4233 αὐτοῦ
3218 4177 3294 4254 τῷ
3324 4172 3505 4252 Πατρὶ
3534 4172 3759 4250 εὐχαρι-

2141 4271 2300 4332 στεῖς.
2384 4262 2463 4323 Ἢ
2486 4308 2501 4337 ,
2539 4263 2618 4322 ὅτι
2640 4259 2862 4343 Ὥσπερ
2903 4266 3047 4341 ἡμᾶς
3086 4261 3277 4331 αὐτοὺς
3302 4265 3329 4321 ὃ
3364 4262 3490 4330 Υἱὸς
3518 4264 3594 4321 τῶ
3625 4265 3755 4323 Πα-

2142 4355 2224 4435 τρὶ
2279 4353 2651 4433 προσήγαγεν,
2695 4351 2833 4413 οὕτω
2881 4353 2975 4412 καὶ
3030 4351 3127 4424 τὴν
3185 4352 3534 4433 εὐχαριστίαν
3587 4355 3748 4429 ἡμῶν

439 4441 661 4515 perfert,
689 4442 941 4498 omnium
970 4442 1246 4498 bonorum
1268 4438 1536 4496 mediator
1561 4439 1720 4497 nobis
1749 4441 2036 4498 exsistens.

2152 4443 2306 4511 αὐτὸς
2333 4443 2596 4524 προσάγει
2627 4446 2706 4524 τῷ
2753 4441 2965 4523 Πατρὶ,
3005 4443 3220 4503 πάντων
3251 4446 3356 4503 τῶν
3396 4443 3611 4522 ἀγαθῶν
3653 4467 3751 4520 με-

508 4625 684 4681 Van.
734 4629 815 4680 18.
862 4624 1134 4686 Mulieres,
1169 4623 1406 4680 subdita:
1453 4627 1612 4679 estote
1646 4625 1779 4679 viris
1818 4625 2034 4694 vestris,

435 4715 577 4769 sicut
613 4717 820 4785 oportet
851 4715 911 4768 in
951 4716 1198 4770 Domino.
1244 4715 1356 4770 Cur
1384 4729 1497 4770 non
1526 4714 1583 4770 in
1612 4714 1874 4772 omnibus
1913 4716 2038 4788 Epi-

433 4802 605 4868 stolis,
635 4803 732 4860 sed
770 4803 826 4859 in
857 4802 982 4871 hac,
1023 4813 1079 4860 et
1106 4803 1175 4861 ad
1208 4803 1380 4877 494
1410 4791 1700 4877 Ephesios,
1747 4815 1802 4864 et
1831 4805 1901 4863 ad
1935 4808 2035 4864 Ti-

434 4891 722 4949 motheum
764 4909 828 4950 ac
860 4893 1051 4951 Titum
1095 4893 1213 4951 haec
1251 4895 1530 4968 praecipit?
1562 4895 1659 4952 Vel
1688 4896 1816 4968 quia
1843 4897 2032 4954 verisi-

431 4983 560 5039 mile
613 4991 696 5039 est
751 4983 899 5057 quod
949 4983 1005 5039 in
1057 4983 1141 5040 his
1192 4984 1421 5042 urbibus
1467 4985 1610 5042 tales
1658 4985 2034 5046 dissensiones

432 5070 632 5130 fuerint
678 5095 690 5130 :
735 5075 817 5130 vel
857 5074 986 5146 quia
1029 5073 1188 5131 ﬁrma
1222 5084 1336 5131 erat
1377 5076 1464 5132 hic
1507 5077 1770 5146 Ecclesia,
1811 5094 1876 5134 ac
1909 5077 2034 5134 reli-

430 5177 536 5234 qua
585 5162 733 5236 apud
786 5179 881 5221 eos
934 5165 1075 5221 bene
1118 5164 1412 5237 habebant,
1457 5174 1514 5223 et
1566 5167 1716 5240 quod
1764 5167 2032 5240 reliquum

428 5262 567 5321 erat,
630 5254 699 5310 de
752 5253 899 5311 hisce
952 5254 1213 5328 loquitur.
1272 5256 1410 5314 Aliis
1457 5272 1585 5314 vero
1635 5258 1693 5314 in
1745 5257 2031 5317 altioribus

426 5342 776 5418 dogmatibus
803 5345 1076 5404 defectum
1108 5347 1464 5420 patientibus,
1494 5349 1670 5422 magis
1693 5358 1811 5408 erat
1836 5365 2028 5408 neces-

426 5437 635 5495 sarium
669 5437 736 5495 de
764 5438 830 5496 iis
867 5439 1128 5511 scribere,
1159 5457 1224 5498 ac
1257 5440 1568 5515 hujusmodi
1611 5441 2029 5503 adhortationes

543 5590 685 5649 Psal.
716 5607 862 5661 xm,
898 5599 946 5648 1.
1025 5603 1049 5638 8
1078 5594 1219 5651 Psal.
1263 5611 1510 5668 xxxvu,
1537 5601 1592 5654 5.

2149 4533 2299 4608 σίτης
2328 4539 2457 4612 ἡμῖν
2487 4532 2581 4594 ὤν.

2231 4647 2263 4679 ι(
2307 4626 2380 4686 Αἱ
2438 4625 2718 4705 γυναῖκες,
2780 4622 3145 4684 ὑποτάσσεσθε
3199 4631 3306 4690 τοῖς
3381 4621 3633 4703 ἀνδράσιν
3696 4621 3752 4661 ⁸ο

2146 4716 2326 4793 ὑμῶν,
2359 4716 2429 4782 ὡς
2471 4717 2666 4787 ἀνῆκεν
2697 4718 2747 4774 ἐν
2799 4712 3008 4796 Κυρίῳ.
3039 4735 3067 4770 ›)
3106 4712 3177 4774 Τί
3223 4711 3422 4785 δήποτε
3453 4711 3528 4790 μὴ
3561 4715 3614 4772 ἐν
3645 4712 3751 4772 πά-

2145 4827 2261 4873 σαις
2288 4811 2405 4872 ταῖς
2435 4803 2816 4877 Ἐπιστολαῖς,
2869 4805 2990 4863 ἀλλ’
3020 4805 3073 4862 ἐν
3119 4801 3290 4883 ταύτῃ
3310 4847 3326 4876 ,
3376 4802 3470 4860 καὶ
3500 4805 3568 4882 τῇ
3614 4800 3750 4881 πρὸς

2145 4893 2457 4975 Ἐφεσίους,
2505 4893 2596 4954 καὶ
2634 4897 2702 4975 τῇ
2745 4893 2876 4974 πρὸς
2919 4894 3186 4972 Τιμόθεον
3212 4892 3304 4952 καὶ
3328 4891 3528 4966 Τίτον,
3573 4895 3748 4950 ταῦτα

2142 4985 2446 5060 ἐπιτάττεις
2523 4984 2602 5045 Ἢ
2656 4985 2737 5045 ὅτι
2797 4983 2930 5051 εἰκὸς
2983 4986 3036 5043 ἐν
3089 4981 3308 5050 ταύταις
3353 4985 3468 5048 ταῖς
3523 4980 3741 5042 πόλεσιν

2142 5065 2273 5134 εἶναι
2321 5074 2571 5143 τοιαύτας
2619 5073 2982 5155 διχοστασίας
3032 5072 3068 5146 ἢ
3105 5073 3186 5132 ὅτι
3232 5070 3419 5152 ἑδραία
3452 5063 3519 5145 ἦν
3559 5071 3742 5131 ἐνταῦ-

2140 5170 2205 5225 θα
2238 5169 2272 5238 ἡ
2298 5164 2633 5239 Ἐκκλησία,
2688 5163 2780 5224 καὶ
2829 5162 2898 5224 τὰ
2947 5163 3086 5222 ἄλλα
3141 5163 3320 5230 αὐτοῖς
3374 5162 3733 5238 κατώρθωτο,

2139 5255 2231 5314 καὶ
2260 5255 2445 5316 λοιπὸν
2489 5254 2843 5338 περὶτούτων
2889 5252 3212 5331 διαλέγεται.
3299 5251 3427 5316 Τοῖς
3458 5247 3511 5306 δὲ
3560 5245 3741 5338 ἄλλοις

2139 5345 2487 5427 ἐλλειπόντων
2522 5335 2806 5426 δογμάτων
2834 5341 3209 5427 ὑψηλοτέρων,
3245 5337 3656 5418 ἀναγκαιότερον
3686 5335 3732 5371 ⁶⁴

2137 5426 2202 5509 ἦν
2257 5439 2326 5496 δι’
2379 5438 2556 5497 ἐκεῖνα
2607 5437 2857 5518 γράφειν,
2884 5426 3008 5493 τῶν
3056 5432 3111 5492 δὲ
3143 5429 3393 5492 τοιούτων
3452 5428 3738 5499 ὑποθηκῶν

1814 5667 2003 5730 Variae
2049 5671 2358 5734 lectiones.

495 5757 538 5793 δ’
568 5761 818 5836 Πνεύματι
845 5780 898 5821 o.
975 5764 1018 5800 ⁶⁰
1045 5768 1148 5828 τοῖς
1177 5764 1316 5830 ἰδίοις
1343 5766 1578 5839 ἀνδράσιν
1610 5785 1688 5826 m.
1768 5769 1809 5803 ⁶¹
1843 5768 2122 5840 ἀναγκαῖον
2161 5787 2222 5829 ο.
