  <div class='ocr_page' id='page_1' title='image "/cluster/home/n/w/nwhite01/storage/ocr_20150623/124:no.2/coo.31924054870294/640.png"; bbox 0 0 4104 6434; ppageno 0'>
   <div class='ocr_carea' id='block_1_1' title="bbox 357 467 495 520">
    <p class='ocr_par' dir='ltr' id='par_1_1' title="bbox 357 467 495 520">
     <span class='ocr_line' id='line_1_1' title="bbox 357 467 495 520; baseline 0 0"><span class='ocrx_word' id='word_1_1' title='bbox 357 467 495 520; x_wconf 74' lang='grc'>1265</span> 
     </span>
    </p>
   </div>
   <div class='ocr_carea' id='block_1_2' title="bbox 1210 466 2802 530">
    <p class='ocr_par' dir='ltr' id='par_1_2' title="bbox 1210 466 2802 530">
     <span class='ocr_line' id='line_1_2' title="bbox 1210 466 2802 530; baseline 0.003 -8"><span class='ocrx_word' id='word_1_2' title='bbox 1210 466 1562 526; x_wconf 86' lang='lat' dir='ltr'>EXPOSlTlO</span> <span class='ocrx_word' id='word_1_3' title='bbox 1600 470 1668 527; x_wconf 87' lang='lat' dir='ltr'>IN</span> <span class='ocrx_word' id='word_1_4' title='bbox 1711 472 1924 530; x_wconf 88' lang='lat' dir='ltr'>EPIST.</span> <span class='ocrx_word' id='word_1_5' title='bbox 1966 473 2058 528; x_wconf 83' lang='lat' dir='ltr'>AD</span> <span class='ocrx_word' id='word_1_6' title='bbox 2098 470 2372 529; x_wconf 87' lang='lat' dir='ltr'>COLOSS.</span> <span class='ocrx_word' id='word_1_7' title='bbox 2413 503 2483 514; x_wconf 88' lang='lat'><strong>-</strong></span> <span class='ocrx_word' id='word_1_8' title='bbox 2520 472 2671 529; x_wconf 83' lang='lat' dir='ltr'>CAP.</span> <span class='ocrx_word' id='word_1_9' title='bbox 2713 473 2802 528; x_wconf 85' lang='lat' dir='ltr'>Ill.</span> 
     </span>
    </p>
   </div>
   <div class='ocr_carea' id='block_1_3' title="bbox 3527 483 3663 536">
    <p class='ocr_par' dir='ltr' id='par_1_3' title="bbox 3527 483 3663 536">
     <span class='ocr_line' id='line_1_3' title="bbox 3527 483 3663 536; baseline 0.015 -2"><span class='ocrx_word' id='word_1_10' title='bbox 3527 483 3663 536; x_wconf 74' lang='grc'>1266</span> 
     </span>
    </p>
   </div>
   <div class='ocr_carea' id='block_1_4' title="bbox 357 591 1967 680">
    <p class='ocr_par' dir='ltr' id='par_1_4' title="bbox 357 591 1956 680">
     <span class='ocr_line' id='line_1_4' title="bbox 357 591 1956 680; baseline 0.016 -43"><span class='ocrx_word' id='word_1_11' title='bbox 357 591 597 680; x_wconf 58' lang='grc' dir='ltr'>ᾆμελεῖν.</span> <span class='ocrx_word' id='word_1_12' title='bbox 645 591 834 666; x_wconf 85' lang='grc' dir='ltr'>Πολλὴ</span> <span class='ocrx_word' id='word_1_13' title='bbox 868 591 924 651; x_wconf 83' lang='grc' dir='ltr'>δὲ</span> <span class='ocrx_word' id='word_1_14' title='bbox 960 596 994 665; x_wconf 84' lang='grc' dir='ltr'><strong>ἡ</strong></span> <span class='ocrx_word' id='word_1_15' title='bbox 1027 593 1279 676; x_wconf 79' lang='grc' dir='ltr'>ἐμφέρεια</span> <span class='ocrx_word' id='word_1_16' title='bbox 1318 595 1418 653; x_wconf 88' lang='grc' dir='ltr'>κάν</span> <span class='ocrx_word' id='word_1_17' title='bbox 1449 594 1650 665; x_wconf 81' lang='grc' dir='ltr'>τούτοις</span> <span class='ocrx_word' id='word_1_18' title='bbox 1689 596 1860 680; x_wconf 86' lang='grc' dir='ltr'>ταύτῃ</span> 
     </span>
    </p>
   </div>
   <div class='ocr_carea' id='block_1_5' title="bbox 2056 591 3665 680">
    <p class='ocr_par' dir='ltr' id='par_1_5' title="bbox 2067 599 3665 672">
     <span class='ocr_line' id='line_1_5' title="bbox 2067 599 3665 672; baseline 0.006 -18"><span class='ocrx_word' id='word_1_19' title='bbox 2067 599 2516 672; x_wconf 71' lang='lat' dir='ltr'>praetermittere.</span> <span class='ocrx_word' id='word_1_20' title='bbox 2563 601 2761 672; x_wconf 88' lang='lat' dir='ltr'>Magna</span> <span class='ocrx_word' id='word_1_21' title='bbox 2819 607 3008 658; x_wconf 91' lang='lat' dir='ltr'>autem</span> <span class='ocrx_word' id='word_1_22' title='bbox 3045 600 3100 658; x_wconf 89' lang='lat' dir='ltr'>in</span> <span class='ocrx_word' id='word_1_23' title='bbox 3148 602 3300 660; x_wconf 88' lang='lat' dir='ltr'>hisce</span> <span class='ocrx_word' id='word_1_24' title='bbox 3361 603 3665 663; x_wconf 81' lang='lat' dir='ltr'>similitudo</span> 
     </span>
    </p>
   </div>
   <div class='ocr_carea' id='block_1_6' title="bbox 359 677 1954 764">
    <p class='ocr_par' dir='ltr' id='par_1_6' title="bbox 359 677 1954 764">
     <span class='ocr_line' id='line_1_6' title="bbox 359 677 1954 764; baseline 0.006 -26"><span class='ocrx_word' id='word_1_25' title='bbox 359 677 660 762; x_wconf 81' lang='grc' dir='ltr'>Ἐπιστολῇ</span> <span class='ocrx_word' id='word_1_26' title='bbox 702 681 792 740; x_wconf 78' lang='grc' dir='ltr'>καὶ</span> <span class='ocrx_word' id='word_1_27' title='bbox 947 680 1077 763; x_wconf 77' lang='grc' dir='ltr'>πρὸς</span> <span class='ocrx_word' id='word_1_28' title='bbox 1123 682 1424 764; x_wconf 73' lang='grc' dir='ltr'>Ἐφεσίους.</span> <span class='ocrx_word' id='word_1_29' title='bbox 1474 684 1546 746; x_wconf 91' lang='grc' dir='ltr'>Τί</span> <span class='ocrx_word' id='word_1_30' title='bbox 1590 686 1648 746; x_wconf 88' lang='grc' dir='ltr'>δέ</span> <span class='ocrx_word' id='word_1_31' title='bbox 1698 677 1954 761; x_wconf 14' lang='grc' dir='ltr'>ἐστι’τὸή,</span> 
     </span>
    </p>
   </div>
   <div class='ocr_carea' id='block_1_7' title="bbox 358 769 1955 856">
    <p class='ocr_par' dir='ltr' id='par_1_7' title="bbox 358 769 1955 856">
     <span class='ocr_line' id='line_1_7' title="bbox 358 769 1955 856; baseline 0.005 -26"><span class='ocrx_word' id='word_1_32' title='bbox 358 797 383 822; x_wconf 79' lang='grc' dir='ltr'>ιι</span> <span class='ocrx_word' id='word_1_33' title='bbox 415 769 512 830; x_wconf 87' lang='grc' dir='ltr'>Ἐν</span> <span class='ocrx_word' id='word_1_34' title='bbox 538 769 719 852; x_wconf 81' lang='grc' dir='ltr'>Κυρίῳ</span> <span class='ocrx_word' id='word_1_35' title='bbox 737 796 752 845; x_wconf 87' lang='grc'><strong>;</strong></span> <span class='ocrx_word' id='word_1_36' title='bbox 772 799 797 824; x_wconf 69' lang='grc' dir='ltr'><strong>υ</strong></span> <span class='ocrx_word' id='word_1_37' title='bbox 819 770 958 832; x_wconf 80' lang='grc' dir='ltr'>Ἇντὶ</span> <span class='ocrx_word' id='word_1_38' title='bbox 980 776 1096 848; x_wconf 82' lang='grc' dir='ltr'>τοῦ,</span> <span class='ocrx_word' id='word_1_39' title='bbox 1125 772 1228 833; x_wconf 82' lang='grc' dir='ltr'>Διὰ</span> <span class='ocrx_word' id='word_1_40' title='bbox 1249 773 1336 834; x_wconf 87' lang='grc' dir='ltr'>τὸν</span> <span class='ocrx_word' id='word_1_41' title='bbox 1356 773 1552 856; x_wconf 81' lang='grc' dir='ltr'>Κύριον</span> <span class='ocrx_word' id='word_1_42' title='bbox 1575 776 1955 838; x_wconf 78' lang='grc' dir='ltr'>ὑποτάσσεσθε.</span> 
     </span>
    </p>
   </div>
   <div class='ocr_carea' id='block_1_8' title="bbox 354 859 1957 945">
    <p class='ocr_par' dir='ltr' id='par_1_8' title="bbox 354 859 1957 945">
     <span class='ocr_line' id='line_1_8' title="bbox 354 859 1957 945; baseline 0.004 -24"><span class='ocrx_word' id='word_1_43' title='bbox 354 861 438 921; x_wconf 85' lang='grc' dir='ltr'>Οὖ</span> <span class='ocrx_word' id='word_1_44' title='bbox 487 859 592 941; x_wconf 83' lang='grc' dir='ltr'>γὰρ</span> <span class='ocrx_word' id='word_1_45' title='bbox 639 861 796 937; x_wconf 88' lang='grc' dir='ltr'>μόνον</span> <span class='ocrx_word' id='word_1_46' title='bbox 853 860 951 933; x_wconf 83' lang='grc' dir='ltr'>τὴν</span> <span class='ocrx_word' id='word_1_47' title='bbox 1005 861 1110 920; x_wconf 87' lang='grc' dir='ltr'>ἀπὸ</span> <span class='ocrx_word' id='word_1_48' title='bbox 1161 863 1366 944; x_wconf 86' lang='grc' dir='ltr'>φύσεως</span> <span class='ocrx_word' id='word_1_49' title='bbox 1413 865 1682 945; x_wconf 81' lang='grc' dir='ltr'>ὑποταγὴν</span> <span class='ocrx_word' id='word_1_50' title='bbox 1745 871 1957 928; x_wconf 80' lang='grc' dir='ltr'>ἀπαιτῶ</span> 
     </span>
    </p>
   </div>
   <div class='ocr_carea' id='block_1_9' title="bbox 361 948 1965 1033">
    <p class='ocr_par' dir='ltr' id='par_1_9' title="bbox 361 948 1965 1033">
     <span class='ocr_line' id='line_1_9' title="bbox 361 948 1965 1033; baseline 0.005 -25"><span class='ocrx_word' id='word_1_51' title='bbox 361 950 549 1025; x_wconf 89' lang='grc' dir='ltr'>(τοῦτο</span> <span class='ocrx_word' id='word_1_52' title='bbox 590 948 692 1030; x_wconf 79' lang='grc' dir='ltr'>γὰρ</span> <span class='ocrx_word' id='word_1_53' title='bbox 734 952 885 1023; x_wconf 80' lang='grc' dir='ltr'>δηλοῖ</span> <span class='ocrx_word' id='word_1_54' title='bbox 931 949 1018 1010; x_wconf 83' lang='grc' dir='ltr'>διὰ</span> <span class='ocrx_word' id='word_1_55' title='bbox 1073 955 1198 1026; x_wconf 86' lang='grc' dir='ltr'>τοῦ,</span> <span class='ocrx_word' id='word_1_56' title='bbox 1264 974 1292 1010; x_wconf 86' lang='grc' dir='ltr'>(ι</span> <span class='ocrx_word' id='word_1_57' title='bbox 1333 953 1428 1022; x_wconf 87' lang='grc' dir='ltr'>Ὡς</span> <span class='ocrx_word' id='word_1_58' title='bbox 1481 957 1675 1033; x_wconf 79' lang='grc' dir='ltr'>ἀνῆκε,</span> <span class='ocrx_word' id='word_1_59' title='bbox 1723 979 1753 1015; x_wconf 74' lang='grc' dir='ltr'>ι)</span> <span class='ocrx_word' id='word_1_60' title='bbox 1813 981 1965 1016; x_wconf 89' lang='grc' dir='ltr'>τουτ-</span> 
     </span>
    </p>
   </div>
   <div class='ocr_carea' id='block_1_10' title="bbox 358 1037 1943 1122">
    <p class='ocr_par' dir='ltr' id='par_1_10' title="bbox 358 1037 1943 1122">
     <span class='ocr_line' id='line_1_10' title="bbox 358 1037 1943 1122; baseline 0.005 -24"><span class='ocrx_word' id='word_1_61' title='bbox 358 1037 536 1117; x_wconf 83' lang='grc' dir='ltr'>έστιν,</span> <span class='ocrx_word' id='word_1_62' title='bbox 561 1037 744 1122; x_wconf 79' lang='grc' dir='ltr'>ὥσπερ</span> <span class='ocrx_word' id='word_1_63' title='bbox 789 1041 900 1102; x_wconf 71' lang='grc' dir='ltr'>ἐστὶ</span> <span class='ocrx_word' id='word_1_64' title='bbox 941 1040 1232 1122; x_wconf 84' lang='grc' dir='ltr'>καθῆκον),</span> <span class='ocrx_word' id='word_1_65' title='bbox 1265 1045 1402 1105; x_wconf 78' lang='grc' dir='ltr'>ἀλλὰ</span> <span class='ocrx_word' id='word_1_66' title='bbox 1433 1045 1522 1104; x_wconf 81' lang='grc' dir='ltr'>καὶ</span> <span class='ocrx_word' id='word_1_67' title='bbox 1561 1045 1656 1120; x_wconf 78' lang='grc' dir='ltr'>τὴν</span> <span class='ocrx_word' id='word_1_68' title='bbox 1688 1047 1775 1106; x_wconf 82' lang='grc' dir='ltr'>διὰ</span> <span class='ocrx_word' id='word_1_69' title='bbox 1804 1047 1943 1108; x_wconf 83' lang='grc' dir='ltr'>Θεὸν</span> 
     </span>
    </p>
   </div>
   <div class='ocr_carea' id='block_1_11' title="bbox 358 1130 618 1208">
    <p class='ocr_par' dir='ltr' id='par_1_11' title="bbox 358 1130 618 1208">
     <span class='ocr_line' id='line_1_11' title="bbox 358 1130 618 1208; baseline 0.012 -19"><span class='ocrx_word' id='word_1_70' title='bbox 358 1130 618 1208; x_wconf 84' lang='grc' dir='ltr'>μάλιστα.</span> 
     </span>
    </p>
   </div>
   <div class='ocr_carea' id='block_1_12' title="bbox 437 1310 1953 1396">
    <p class='ocr_par' dir='ltr' id='par_1_12' title="bbox 437 1310 1953 1396">
     <span class='ocr_line' id='line_1_12' title="bbox 437 1310 1953 1396; baseline 0.005 -25"><span class='ocrx_word' id='word_1_71' title='bbox 437 1338 463 1364; x_wconf 74' lang='grc' dir='ltr'>ι</span> <span class='ocrx_word' id='word_1_72' title='bbox 512 1313 584 1372; x_wconf 81' lang='grc' dir='ltr'><strong>Οἱ</strong></span> <span class='ocrx_word' id='word_1_73' title='bbox 627 1310 842 1391; x_wconf 82' lang='grc' dir='ltr'>ἄνδρες,</span> <span class='ocrx_word' id='word_1_74' title='bbox 909 1313 1157 1392; x_wconf 74' lang='grc' dir='ltr'>ἀγαπᾶτε</span> <span class='ocrx_word' id='word_1_75' title='bbox 1227 1313 1321 1382; x_wconf 82' lang='grc' dir='ltr'>τὰς</span> <span class='ocrx_word' id='word_1_76' title='bbox 1375 1324 1656 1394; x_wconf 88' lang='grc' dir='ltr'>γυναῖκας,</span> <span class='ocrx_word' id='word_1_77' title='bbox 1729 1319 1820 1378; x_wconf 79' lang='grc' dir='ltr'>καὶ</span> <span class='ocrx_word' id='word_1_78' title='bbox 1878 1319 1953 1396; x_wconf 85' lang='grc' dir='ltr'>μὴ</span> 
     </span>
    </p>
   </div>
   <div class='ocr_carea' id='block_1_13' title="bbox 353 1399 1955 1486">
    <p class='ocr_par' dir='ltr' id='par_1_13' title="bbox 353 1399 1955 1486">
     <span class='ocr_line' id='line_1_13' title="bbox 353 1399 1955 1486; baseline 0.007 -27"><span class='ocrx_word' id='word_1_79' title='bbox 353 1399 692 1481; x_wconf 78' lang='grc' dir='ltr'>πικραίνεσθε</span> <span class='ocrx_word' id='word_1_80' title='bbox 739 1401 792 1442; x_wconf 80' lang='grc'>⁶²</span> <span class='ocrx_word' id='word_1_81' title='bbox 821 1401 952 1483; x_wconf 84' lang='grc' dir='ltr'>πρὸς</span> <span class='ocrx_word' id='word_1_82' title='bbox 987 1403 1167 1471; x_wconf 81' lang='grc' dir='ltr'>αὐτάς.</span> <span class='ocrx_word' id='word_1_83' title='bbox 1217 1430 1242 1458; x_wconf 73' lang='grc' dir='ltr'>ι</span> <span class='ocrx_word' id='word_1_84' title='bbox 1291 1404 1455 1486; x_wconf 72' lang='lat' dir='ltr'>&quot;Oper,</span> <span class='ocrx_word' id='word_1_85' title='bbox 1495 1409 1606 1475; x_wconf 83' lang='grc' dir='ltr'>πῶς</span> <span class='ocrx_word' id='word_1_86' title='bbox 1638 1407 1698 1468; x_wconf 85' lang='grc' dir='ltr'>τὸ</span> <span class='ocrx_word' id='word_1_87' title='bbox 1742 1409 1955 1469; x_wconf 86' lang='grc' dir='ltr'>κατάλ-</span> 
     </span>
    </p>
   </div>
   <div class='ocr_carea' id='block_1_14' title="bbox 352 1490 1953 1575">
    <p class='ocr_par' dir='ltr' id='par_1_14' title="bbox 352 1490 1953 1575">
     <span class='ocr_line' id='line_1_14' title="bbox 352 1490 1953 1575; baseline 0.006 -24"><span class='ocrx_word' id='word_1_88' title='bbox 352 1493 517 1564; x_wconf 84' lang='grc' dir='ltr'>ληλον</span> <span class='ocrx_word' id='word_1_89' title='bbox 564 1492 772 1574; x_wconf 80' lang='grc' dir='ltr'>ἑκάστῳ</span> <span class='ocrx_word' id='word_1_90' title='bbox 802 1490 941 1571; x_wconf 81' lang='grc' dir='ltr'>γένει</span> <span class='ocrx_word' id='word_1_91' title='bbox 976 1501 1250 1574; x_wconf 88' lang='grc' dir='ltr'>παραινεῖ·</span> <span class='ocrx_word' id='word_1_92' title='bbox 1283 1494 1486 1575; x_wconf 81' lang='grc' dir='ltr'>γυναιξὶ</span> <span class='ocrx_word' id='word_1_93' title='bbox 1523 1496 1620 1575; x_wconf 84' lang='grc' dir='ltr'>μὲν</span> <span class='ocrx_word' id='word_1_94' title='bbox 1664 1497 1760 1572; x_wconf 76' lang='grc' dir='ltr'>τὴν</span> <span class='ocrx_word' id='word_1_95' title='bbox 1809 1504 1953 1560; x_wconf 80' lang='grc' dir='ltr'>ὓπο-</span> 
     </span>
    </p>
   </div>
   <div class='ocr_carea' id='block_1_15' title="bbox 352 1580 1950 1670">
    <p class='ocr_par' dir='ltr' id='par_1_15' title="bbox 352 1580 1950 1670">
     <span class='ocr_line' id='line_1_15' title="bbox 352 1580 1950 1670; baseline 0.004 -30"><span class='ocrx_word' id='word_1_96' title='bbox 352 1580 554 1660; x_wconf 80' lang='grc' dir='ltr'>ταγήν·</span> <span class='ocrx_word' id='word_1_97' title='bbox 598 1582 820 1662; x_wconf 89' lang='grc' dir='ltr'>ἀνδράσι</span> <span class='ocrx_word' id='word_1_98' title='bbox 853 1581 936 1659; x_wconf 77' lang='grc' dir='ltr'>δὲ,</span> <span class='ocrx_word' id='word_1_99' title='bbox 979 1581 1076 1654; x_wconf 82' lang='grc' dir='ltr'>τὴν</span> <span class='ocrx_word' id='word_1_100' title='bbox 1130 1582 1364 1670; x_wconf 78' lang='grc' dir='ltr'>ἀγάπην.</span> <span class='ocrx_word' id='word_1_101' title='bbox 1409 1589 1533 1666; x_wconf 80' lang='grc' dir='ltr'>Οὐχ</span> <span class='ocrx_word' id='word_1_102' title='bbox 1576 1585 1714 1646; x_wconf 75' lang='grc' dir='ltr'>οὕτω</span> <span class='ocrx_word' id='word_1_103' title='bbox 1761 1588 1866 1670; x_wconf 83' lang='grc' dir='ltr'>γὰρ</span> <span class='ocrx_word' id='word_1_104' title='bbox 1917 1596 1950 1664; x_wconf 84' lang='grc' dir='ltr'>ἡ</span> 
     </span>
    </p>
   </div>
   <div class='ocr_carea' id='block_1_16' title="bbox 352 1669 1953 1756">
    <p class='ocr_par' dir='ltr' id='par_1_16' title="bbox 352 1669 1953 1756">
     <span class='ocr_line' id='line_1_16' title="bbox 352 1669 1953 1756; baseline 0.005 -26"><span class='ocrx_word' id='word_1_105' title='bbox 352 1670 572 1752; x_wconf 65' lang='grc' dir='ltr'>[παρὰ]</span> <span class='ocrx_word' id='word_1_106' title='bbox 596 1676 687 1731; x_wconf 90' lang='grc' dir='ltr'>τοῦ</span> <span class='ocrx_word' id='word_1_107' title='bbox 712 1672 1010 1753; x_wconf 77' lang='grc' dir='ltr'>ἀρχομένου</span> <span class='ocrx_word' id='word_1_108' title='bbox 1037 1669 1219 1751; x_wconf 89' lang='grc' dir='ltr'>ἀγάπη</span> <span class='ocrx_word' id='word_1_109' title='bbox 1243 1672 1374 1753; x_wconf 81' lang='grc' dir='ltr'>πρὸς</span> <span class='ocrx_word' id='word_1_110' title='bbox 1399 1673 1487 1733; x_wconf 82' lang='grc' dir='ltr'>τὸν</span> <span class='ocrx_word' id='word_1_111' title='bbox 1512 1673 1750 1756; x_wconf 80' lang='grc' dir='ltr'>ἄρχοντα</span> <span class='ocrx_word' id='word_1_112' title='bbox 1787 1669 1953 1750; x_wconf 78' lang='grc' dir='ltr'>ζητεῖ-</span> 
     </span>
    </p>
   </div>
   <div class='ocr_carea' id='block_1_17' title="bbox 350 1761 1952 1847">
    <p class='ocr_par' dir='ltr' id='par_1_17' title="bbox 350 1761 1952 1847">
     <span class='ocr_line' id='line_1_17' title="bbox 350 1761 1952 1847; baseline 0.006 -29"><span class='ocrx_word' id='word_1_113' title='bbox 350 1783 440 1847; x_wconf 61' lang='grc' dir='ltr'>ται</span> <span class='ocrx_word' id='word_1_114' title='bbox 460 1807 476 1836; x_wconf 96' lang='grc'>,</span> <span class='ocrx_word' id='word_1_115' title='bbox 502 1763 570 1828; x_wconf 82' lang='grc' dir='ltr'>ὡς</span> <span class='ocrx_word' id='word_1_116' title='bbox 594 1765 628 1832; x_wconf 81' lang='grc' dir='ltr'>ἡ</span> <span class='ocrx_word' id='word_1_117' title='bbox 661 1766 750 1821; x_wconf 90' lang='grc' dir='ltr'>τοῦ</span> <span class='ocrx_word' id='word_1_118' title='bbox 777 1762 1030 1842; x_wconf 80' lang='grc' dir='ltr'>ἄρχοντος</span> <span class='ocrx_word' id='word_1_119' title='bbox 1064 1761 1193 1842; x_wconf 84' lang='grc' dir='ltr'>πρὸς</span> <span class='ocrx_word' id='word_1_120' title='bbox 1230 1761 1316 1820; x_wconf 85' lang='grc' dir='ltr'>τὸν</span> <span class='ocrx_word' id='word_1_121' title='bbox 1351 1763 1672 1846; x_wconf 68' lang='grc' dir='ltr'>ἀρχόμενον.</span> <span class='ocrx_word' id='word_1_122' title='bbox 1699 1765 1828 1827; x_wconf 85' lang='grc' dir='ltr'>Ἀπὸ</span> <span class='ocrx_word' id='word_1_123' title='bbox 1855 1768 1952 1847; x_wconf 81' lang='grc' dir='ltr'>μὲν</span> 
     </span>
    </p>
   </div>
   <div class='ocr_carea' id='block_1_18' title="bbox 349 1840 1952 1939">
    <p class='ocr_par' dir='ltr' id='par_1_18' title="bbox 349 1840 1952 1939">
     <span class='ocr_line' id='line_1_18' title="bbox 349 1840 1952 1939; baseline 0.005 -30"><span class='ocrx_word' id='word_1_124' title='bbox 349 1840 441 1909; x_wconf 69' lang='grc' dir='ltr'>οὖν</span> <span class='ocrx_word' id='word_1_125' title='bbox 491 1857 583 1910; x_wconf 87' lang='grc' dir='ltr'>τοῦ</span> <span class='ocrx_word' id='word_1_126' title='bbox 627 1840 938 1932; x_wconf 80' lang='grc' dir='ltr'>ἀγαπᾶσθαι</span> <span class='ocrx_word' id='word_1_127' title='bbox 986 1855 1021 1924; x_wconf 90' lang='grc' dir='ltr'>ἡ</span> <span class='ocrx_word' id='word_1_128' title='bbox 1075 1840 1206 1930; x_wconf 83' lang='grc' dir='ltr'>γυνὴ</span> <span class='ocrx_word' id='word_1_129' title='bbox 1262 1840 1461 1929; x_wconf 78' lang='grc' dir='ltr'>γίνεται</span> <span class='ocrx_word' id='word_1_130' title='bbox 1492 1840 1615 1914; x_wconf 38' lang='grc' dir='ltr'>-καὶ</span> <span class='ocrx_word' id='word_1_131' title='bbox 1663 1855 1797 1929; x_wconf 77' lang='grc' dir='ltr'>αὐτὴ</span> <span class='ocrx_word' id='word_1_132' title='bbox 1854 1840 1952 1939; x_wconf 63' lang='grc' dir='ltr'>ξρι-</span> 
     </span>
    </p>
   </div>
   <div class='ocr_carea' id='block_1_19' title="bbox 2067 687 3664 764">
    <p class='ocr_par' dir='ltr' id='par_1_19' title="bbox 2067 687 3664 764">
     <span class='ocr_line' id='line_1_19' title="bbox 2067 687 3664 764; baseline 0.006 -19"><span class='ocrx_word' id='word_1_133' title='bbox 2067 697 2153 745; x_wconf 89' lang='lat' dir='ltr'>est</span> <span class='ocrx_word' id='word_1_134' title='bbox 2183 689 2438 760; x_wconf 66' lang='lat' dir='ltr'>Epistolas</span> <span class='ocrx_word' id='word_1_135' title='bbox 2467 688 2537 747; x_wconf 89' lang='lat' dir='ltr'>ad</span> <span class='ocrx_word' id='word_1_136' title='bbox 2557 687 2827 761; x_wconf 86' lang='lat' dir='ltr'>Ephesios</span> <span class='ocrx_word' id='word_1_137' title='bbox 2855 706 2987 747; x_wconf 89' lang='lat' dir='ltr'>cum</span> <span class='ocrx_word' id='word_1_138' title='bbox 3020 691 3140 748; x_wconf 87' lang='lat' dir='ltr'>hac.</span> <span class='ocrx_word' id='word_1_139' title='bbox 3169 693 3315 763; x_wconf 88' lang='lat' dir='ltr'>Quid</span> <span class='ocrx_word' id='word_1_140' title='bbox 3341 703 3527 752; x_wconf 89' lang='lat' dir='ltr'>autem</span> <span class='ocrx_word' id='word_1_141' title='bbox 3559 705 3664 764; x_wconf 88' lang='lat' dir='ltr'>est,</span> 
     </span>
    </p>
   </div>
   <div class='ocr_carea' id='block_1_20' title="bbox 2067 779 3665 854">
    <p class='ocr_par' dir='ltr' id='par_1_20' title="bbox 2067 779 3665 854">
     <span class='ocr_line' id='line_1_20' title="bbox 2067 779 3665 854; baseline 0.006 -20"><span class='ocrx_word' id='word_1_142' title='bbox 2067 781 2132 834; x_wconf 84' lang='lat' dir='ltr'>In</span> <span class='ocrx_word' id='word_1_143' title='bbox 2177 781 2441 834; x_wconf 89' lang='lat' dir='ltr'>Domino?</span> <span class='ocrx_word' id='word_1_144' title='bbox 2487 782 2594 835; x_wconf 89' lang='lat' dir='ltr'>Pro</span> <span class='ocrx_word' id='word_1_145' title='bbox 2633 793 2700 834; x_wconf 93' lang='lat' dir='ltr'>eo</span> <span class='ocrx_word' id='word_1_146' title='bbox 2743 779 2893 852; x_wconf 92' lang='lat' dir='ltr'>quod</span> <span class='ocrx_word' id='word_1_147' title='bbox 2928 789 3033 850; x_wconf 88' lang='lat' dir='ltr'>est,</span> <span class='ocrx_word' id='word_1_148' title='bbox 3079 785 3310 854; x_wconf 85' lang='lat' dir='ltr'>Propter</span> <span class='ocrx_word' id='word_1_149' title='bbox 3355 784 3665 843; x_wconf 90' lang='lat' dir='ltr'>Dominum</span> 
     </span>
    </p>
   </div>
   <div class='ocr_carea' id='block_1_21' title="bbox 2067 867 3662 933">
    <p class='ocr_par' dir='ltr' id='par_1_21' title="bbox 2067 867 3662 933">
     <span class='ocr_line' id='line_1_21' title="bbox 2067 867 3662 933; baseline 0.006 -9"><span class='ocrx_word' id='word_1_150' title='bbox 2067 867 2307 925; x_wconf 91' lang='lat' dir='ltr'>obedite.</span> <span class='ocrx_word' id='word_1_151' title='bbox 2339 870 2464 925; x_wconf 86' lang='lat' dir='ltr'>Non</span> <span class='ocrx_word' id='word_1_152' title='bbox 2493 868 2642 925; x_wconf 88' lang='lat' dir='ltr'>enim</span> <span class='ocrx_word' id='word_1_153' title='bbox 2672 869 3046 927; x_wconf 82' lang='lat' dir='ltr'>obedientiam</span> <span class='ocrx_word' id='word_1_154' title='bbox 3073 880 3270 928; x_wconf 91' lang='lat' dir='ltr'>natura</span> <span class='ocrx_word' id='word_1_155' title='bbox 3307 874 3662 933; x_wconf 89' lang='lat' dir='ltr'>solummodo</span> 
     </span>
    </p>
   </div>
   <div class='ocr_carea' id='block_1_22' title="bbox 2065 957 3661 1037">
    <p class='ocr_par' dir='ltr' id='par_1_22' title="bbox 2065 957 3661 1037">
     <span class='ocr_line' id='line_1_22' title="bbox 2065 957 3661 1037; baseline 0.004 -23"><span class='ocrx_word' id='word_1_156' title='bbox 2065 957 2310 1015; x_wconf 86' lang='lat' dir='ltr'>debitam</span> <span class='ocrx_word' id='word_1_157' title='bbox 2368 974 2399 1014; x_wconf 91' lang='lat' dir='ltr'>a</span> <span class='ocrx_word' id='word_1_158' title='bbox 2454 958 2611 1014; x_wconf 86' lang='lat' dir='ltr'>vobis</span> <span class='ocrx_word' id='word_1_159' title='bbox 2672 959 2829 1032; x_wconf 84' lang='lat' dir='ltr'>exigo</span> <span class='ocrx_word' id='word_1_160' title='bbox 2889 959 3034 1032; x_wconf 92' lang='lat' dir='ltr'>(hoc</span> <span class='ocrx_word' id='word_1_161' title='bbox 3086 963 3241 1018; x_wconf 92' lang='lat' dir='ltr'>enim</span> <span class='ocrx_word' id='word_1_162' title='bbox 3298 963 3508 1020; x_wconf 87' lang='lat' dir='ltr'>indicat</span> <span class='ocrx_word' id='word_1_163' title='bbox 3563 981 3661 1037; x_wconf 91' lang='lat' dir='ltr'>per</span> 
     </span>
    </p>
   </div>
   <div class='ocr_carea' id='block_1_23' title="bbox 2068 1047 3660 1122">
    <p class='ocr_par' dir='ltr' id='par_1_23' title="bbox 2068 1047 3660 1122">
     <span class='ocr_line' id='line_1_23' title="bbox 2068 1047 3660 1122; baseline 0.005 -18"><span class='ocrx_word' id='word_1_164' title='bbox 2068 1047 2173 1105; x_wconf 85' lang='lat' dir='ltr'>hoc</span> <span class='ocrx_word' id='word_1_165' title='bbox 2228 1047 2378 1122; x_wconf 88' lang='lat' dir='ltr'>quod</span> <span class='ocrx_word' id='word_1_166' title='bbox 2423 1049 2520 1118; x_wconf 85' lang='lat' dir='ltr'>ait,</span> <span class='ocrx_word' id='word_1_167' title='bbox 2567 1050 2716 1106; x_wconf 85' lang='lat' dir='ltr'>Sicut</span> <span class='ocrx_word' id='word_1_168' title='bbox 2780 1056 3000 1120; x_wconf 77' lang='lat' dir='ltr'>oportet,</span> <span class='ocrx_word' id='word_1_169' title='bbox 3053 1050 3158 1108; x_wconf 93' lang='lat' dir='ltr'>hoc</span> <span class='ocrx_word' id='word_1_170' title='bbox 3213 1062 3318 1120; x_wconf 90' lang='lat' dir='ltr'>est,</span> <span class='ocrx_word' id='word_1_171' title='bbox 3384 1053 3466 1110; x_wconf 88' lang='lat' dir='ltr'>uti</span> <span class='ocrx_word' id='word_1_172' title='bbox 3522 1070 3660 1112; x_wconf 90' lang='lat' dir='ltr'>con-</span> 
     </span>
    </p>
   </div>
   <div class='ocr_carea' id='block_1_24' title="bbox 2063 1137 3664 1217">
    <p class='ocr_par' dir='ltr' id='par_1_24' title="bbox 2063 1137 3664 1217">
     <span class='ocr_line' id='line_1_24' title="bbox 2063 1137 3664 1217; baseline 0.004 -23"><span class='ocrx_word' id='word_1_173' title='bbox 2063 1138 2255 1208; x_wconf 85' lang='lat' dir='ltr'>venit),</span> <span class='ocrx_word' id='word_1_174' title='bbox 2285 1137 2382 1196; x_wconf 86' lang='lat' dir='ltr'>sed</span> <span class='ocrx_word' id='word_1_175' title='bbox 2412 1138 2763 1211; x_wconf 89' lang='lat' dir='ltr'>potissimum</span> <span class='ocrx_word' id='word_1_176' title='bbox 2793 1140 2963 1196; x_wconf 89' lang='lat' dir='ltr'>etiam</span> <span class='ocrx_word' id='word_1_177' title='bbox 2997 1155 3119 1198; x_wconf 89' lang='lat' dir='ltr'>eam</span> <span class='ocrx_word' id='word_1_178' title='bbox 3160 1157 3284 1216; x_wconf 61' lang='lat' dir='ltr'>quae</span> <span class='ocrx_word' id='word_1_179' title='bbox 3327 1151 3411 1200; x_wconf 91' lang='lat' dir='ltr'>est</span> <span class='ocrx_word' id='word_1_180' title='bbox 3438 1153 3664 1217; x_wconf 86' lang='lat' dir='ltr'>propter</span> 
     </span>
    </p>
   </div>
   <div class='ocr_carea' id='block_1_25' title="bbox 2065 1227 2394 1286">
    <p class='ocr_par' dir='ltr' id='par_1_25' title="bbox 2065 1227 2394 1286">
     <span class='ocr_line' id='line_1_25' title="bbox 2065 1227 2394 1286; baseline 0 -2"><span class='ocrx_word' id='word_1_181' title='bbox 2065 1227 2394 1286; x_wconf 91' lang='lat' dir='ltr'>Dominum.</span> 
     </span>
    </p>
   </div>
   <div class='ocr_carea' id='block_1_26' title="bbox 2134 1320 3664 1389">
    <p class='ocr_par' dir='ltr' id='par_1_26' title="bbox 2134 1320 3664 1389">
     <span class='ocr_line' id='line_1_26' title="bbox 2134 1320 3664 1389; baseline 0.003 -15"><span class='ocrx_word' id='word_1_182' title='bbox 2134 1320 2315 1376; x_wconf 74' lang='lat' dir='ltr'>Vnus.</span> <span class='ocrx_word' id='word_1_183' title='bbox 2365 1323 2450 1376; x_wconf 88' lang='lat'>19.</span> <span class='ocrx_word' id='word_1_184' title='bbox 2492 1321 2634 1383; x_wconf 85' lang='lat' dir='ltr'>Viri,</span> <span class='ocrx_word' id='word_1_185' title='bbox 2677 1320 2890 1389; x_wconf 79' lang='lat' dir='ltr'>diligite</span> <span class='ocrx_word' id='word_1_186' title='bbox 2926 1337 3144 1386; x_wconf 69' lang='lat' dir='ltr'>umores,</span> <span class='ocrx_word' id='word_1_187' title='bbox 3189 1328 3238 1378; x_wconf 89' lang='lat' dir='ltr'>et</span> <span class='ocrx_word' id='word_1_188' title='bbox 3273 1324 3438 1379; x_wconf 78' lang='lat' dir='ltr'>nolite</span> <span class='ocrx_word' id='word_1_189' title='bbox 3485 1327 3664 1380; x_wconf 82' lang='lat' dir='ltr'>amari</span> 
     </span>
    </p>
   </div>
   <div class='ocr_carea' id='block_1_27' title="bbox 2063 1409 3661 1486">
    <p class='ocr_par' dir='ltr' id='par_1_27' title="bbox 2063 1409 3661 1486">
     <span class='ocr_line' id='line_1_27' title="bbox 2063 1409 3661 1486; baseline 0.004 -23"><span class='ocrx_word' id='word_1_190' title='bbox 2063 1423 2178 1464; x_wconf 85' lang='lat' dir='ltr'>esse</span> <span class='ocrx_word' id='word_1_191' title='bbox 2228 1409 2303 1463; x_wconf 90' lang='lat' dir='ltr'>ad</span> <span class='ocrx_word' id='word_1_192' title='bbox 2358 1409 2507 1465; x_wconf 87' lang='lat' dir='ltr'>illas.</span> <span class='ocrx_word' id='word_1_193' title='bbox 2567 1409 2960 1466; x_wconf 79' lang='lat' dir='ltr'>Animadverte</span> <span class='ocrx_word' id='word_1_194' title='bbox 3005 1411 3288 1483; x_wconf 89' lang='lat' dir='ltr'>quomodo</span> <span class='ocrx_word' id='word_1_195' title='bbox 3340 1413 3457 1486; x_wconf 90' lang='lat' dir='ltr'>ejus</span> <span class='ocrx_word' id='word_1_196' title='bbox 3507 1414 3661 1486; x_wconf 90' lang='lat' dir='ltr'>quod</span> 
     </span>
    </p>
   </div>
   <div class='ocr_carea' id='block_1_28' title="bbox 2064 1497 3665 1571">
    <p class='ocr_par' dir='ltr' id='par_1_28' title="bbox 2064 1497 3665 1571">
     <span class='ocr_line' id='line_1_28' title="bbox 2064 1497 3665 1571; baseline 0.003 -18"><span class='ocrx_word' id='word_1_197' title='bbox 2064 1497 2284 1569; x_wconf 88' lang='lat' dir='ltr'>utrique</span> <span class='ocrx_word' id='word_1_198' title='bbox 2334 1497 2489 1555; x_wconf 85' lang='lat' dir='ltr'>sexui</span> <span class='ocrx_word' id='word_1_199' title='bbox 2538 1499 2838 1571; x_wconf 88' lang='lat' dir='ltr'>competit,</span> <span class='ocrx_word' id='word_1_200' title='bbox 2892 1498 3353 1558; x_wconf 87' lang='lat' dir='ltr'>commonefaciat</span> <span class='ocrx_word' id='word_1_201' title='bbox 3397 1519 3410 1558; x_wconf 90' lang='lat'><strong>:</strong></span> <span class='ocrx_word' id='word_1_202' title='bbox 3456 1517 3665 1559; x_wconf 83' lang='lat' dir='ltr'>uxores</span> 
     </span>
    </p>
   </div>
   <div class='ocr_carea' id='block_1_29' title="bbox 2063 1585 3662 1665">
    <p class='ocr_par' dir='ltr' id='par_1_29' title="bbox 2063 1585 3662 1665">
     <span class='ocr_line' id='line_1_29' title="bbox 2063 1585 3662 1665; baseline 0.003 -23"><span class='ocrx_word' id='word_1_203' title='bbox 2063 1585 2310 1658; x_wconf 89' lang='lat' dir='ltr'>quidem,</span> <span class='ocrx_word' id='word_1_204' title='bbox 2366 1594 2428 1642; x_wconf 87' lang='lat' dir='ltr'>ut</span> <span class='ocrx_word' id='word_1_205' title='bbox 2477 1587 2770 1656; x_wconf 87' lang='lat' dir='ltr'>obediant;</span> <span class='ocrx_word' id='word_1_206' title='bbox 2831 1589 3063 1648; x_wconf 90' lang='lat' dir='ltr'>maritos</span> <span class='ocrx_word' id='word_1_207' title='bbox 3111 1606 3264 1658; x_wconf 86' lang='lat' dir='ltr'>vero,</span> <span class='ocrx_word' id='word_1_208' title='bbox 3317 1599 3382 1648; x_wconf 90' lang='lat' dir='ltr'>ut</span> <span class='ocrx_word' id='word_1_209' title='bbox 3417 1590 3662 1665; x_wconf 81' lang='lat' dir='ltr'>diligant.</span> 
     </span>
    </p>
   </div>
   <div class='ocr_carea' id='block_1_30' title="bbox 2062 1676 3662 1754">
    <p class='ocr_par' dir='ltr' id='par_1_30' title="bbox 2062 1676 3662 1754">
     <span class='ocr_line' id='line_1_30' title="bbox 2062 1676 3662 1754; baseline 0.004 -22"><span class='ocrx_word' id='word_1_210' title='bbox 2062 1679 2186 1732; x_wconf 86' lang='lat' dir='ltr'>Non</span> <span class='ocrx_word' id='word_1_211' title='bbox 2218 1676 2368 1733; x_wconf 90' lang='lat' dir='ltr'>enim</span> <span class='ocrx_word' id='word_1_212' title='bbox 2408 1677 2549 1734; x_wconf 91' lang='lat' dir='ltr'>adeo</span> <span class='ocrx_word' id='word_1_213' title='bbox 2601 1694 2632 1734; x_wconf 92' lang='lat' dir='ltr'>a</span> <span class='ocrx_word' id='word_1_214' title='bbox 2665 1678 2884 1736; x_wconf 85' lang='lat' dir='ltr'>subdito</span> <span class='ocrx_word' id='word_1_215' title='bbox 2920 1695 3048 1752; x_wconf 92' lang='lat' dir='ltr'>erga</span> <span class='ocrx_word' id='word_1_216' title='bbox 3096 1681 3402 1754; x_wconf 88' lang='lat' dir='ltr'>principem</span> <span class='ocrx_word' id='word_1_217' title='bbox 3437 1681 3662 1738; x_wconf 87' lang='lat' dir='ltr'>dilectio</span> 
     </span>
    </p>
   </div>
   <div class='ocr_carea' id='block_1_31' title="bbox 2060 1765 3660 1841">
    <p class='ocr_par' dir='ltr' id='par_1_31' title="bbox 2060 1765 3660 1841">
     <span class='ocr_line' id='line_1_31' title="bbox 2060 1765 3660 1841; baseline 0.003 -18"><span class='ocrx_word' id='word_1_218' title='bbox 2060 1765 2349 1838; x_wconf 68' lang='lat' dir='ltr'>quaeritur,</span> <span class='ocrx_word' id='word_1_219' title='bbox 2380 1775 2444 1823; x_wconf 93' lang='lat' dir='ltr'>ut</span> <span class='ocrx_word' id='word_1_220' title='bbox 2473 1783 2504 1822; x_wconf 92' lang='lat' dir='ltr'>a</span> <span class='ocrx_word' id='word_1_221' title='bbox 2537 1766 2782 1840; x_wconf 86' lang='lat' dir='ltr'>principe</span> <span class='ocrx_word' id='word_1_222' title='bbox 2811 1785 2940 1841; x_wconf 89' lang='lat' dir='ltr'>erga</span> <span class='ocrx_word' id='word_1_223' title='bbox 2970 1769 3272 1827; x_wconf 90' lang='lat' dir='ltr'>subditum.</span> <span class='ocrx_word' id='word_1_224' title='bbox 3305 1773 3387 1827; x_wconf 83' lang='lat' dir='ltr'><strong>Ex</strong></span> <span class='ocrx_word' id='word_1_225' title='bbox 3415 1787 3482 1828; x_wconf 91' lang='lat' dir='ltr'>eo</span> <span class='ocrx_word' id='word_1_226' title='bbox 3509 1771 3660 1828; x_wconf 89' lang='lat' dir='ltr'>enim</span> 
     </span>
    </p>
   </div>
   <div class='ocr_carea' id='block_1_32' title="bbox 2064 1855 3659 1932">
    <p class='ocr_par' dir='ltr' id='par_1_32' title="bbox 2064 1855 3659 1932">
     <span class='ocr_line' id='line_1_32' title="bbox 2064 1855 3659 1932; baseline 0.003 -20"><span class='ocrx_word' id='word_1_227' title='bbox 2064 1855 2214 1928; x_wconf 90' lang='lat' dir='ltr'>quod</span> <span class='ocrx_word' id='word_1_228' title='bbox 2255 1872 2396 1912; x_wconf 82' lang='lat' dir='ltr'>uxor</span> <span class='ocrx_word' id='word_1_229' title='bbox 2440 1855 2720 1930; x_wconf 86' lang='lat' dir='ltr'>diligatur,</span> <span class='ocrx_word' id='word_1_230' title='bbox 2765 1857 2938 1932; x_wconf 87' lang='lat' dir='ltr'>diligit</span> <span class='ocrx_word' id='word_1_231' title='bbox 2984 1867 3040 1916; x_wconf 90' lang='lat' dir='ltr'>et</span> <span class='ocrx_word' id='word_1_232' title='bbox 3087 1859 3206 1932; x_wconf 90' lang='lat' dir='ltr'>ipsa</span> <span class='ocrx_word' id='word_1_233' title='bbox 3244 1860 3486 1917; x_wconf 88' lang='lat' dir='ltr'>vicissim</span> <span class='ocrx_word' id='word_1_234' title='bbox 3534 1878 3546 1914; x_wconf 92' lang='lat'><strong>:</strong></span> <span class='ocrx_word' id='word_1_235' title='bbox 3593 1877 3659 1916; x_wconf 92' lang='lat' dir='ltr'>ac</span> 
     </span>
    </p>
   </div>
   <div class='ocr_carea' id='block_1_33' title="bbox 353 1927 1967 2022">
    <p class='ocr_par' dir='ltr' id='par_1_33' title="bbox 353 1927 1946 2022">
     <span class='ocr_line' id='line_1_33' title="bbox 353 1927 1946 2022; baseline 0.006 -25"><span class='ocrx_word' id='word_1_236' title='bbox 353 1939 510 2013; x_wconf 80' lang='grc' dir='ltr'>λική·</span> <span class='ocrx_word' id='word_1_237' title='bbox 573 1927 685 2001; x_wconf 62' lang='lat' dir='ltr'>duo</span> <span class='ocrx_word' id='word_1_238' title='bbox 747 1940 803 2001; x_wconf 84' lang='grc' dir='ltr'>δὲ</span> <span class='ocrx_word' id='word_1_239' title='bbox 855 1945 948 2000; x_wconf 86' lang='grc' dir='ltr'>τοῦ</span> <span class='ocrx_word' id='word_1_240' title='bbox 999 1927 1372 2017; x_wconf 81' lang='grc' dir='ltr'>δουλεύεσθαι,</span> <span class='ocrx_word' id='word_1_241' title='bbox 1422 1947 1450 2003; x_wconf 83' lang='grc' dir='ltr'>ὁ</span> <span class='ocrx_word' id='word_1_242' title='bbox 1504 1943 1638 2022; x_wconf 80' lang='grc' dir='ltr'>ἀνὴρ</span> <span class='ocrx_word' id='word_1_243' title='bbox 1692 1927 1946 2019; x_wconf 43' lang='grc' dir='ltr'>ἐπιεικὴς.</span> 
     </span>
    </p>
   </div>
   <div class='ocr_carea' id='block_1_34' title="bbox 2056 1927 3657 2022">
    <p class='ocr_par' dir='ltr' id='par_1_34' title="bbox 2061 1927 3657 2018">
     <span class='ocr_line' id='line_1_34' title="bbox 2061 1927 3657 2018; baseline 0.002 -16"><span class='ocrx_word' id='word_1_244' title='bbox 2061 1927 2198 2002; x_wconf 80' lang='lat' dir='ltr'>dum</span> <span class='ocrx_word' id='word_1_245' title='bbox 2241 1945 2354 2018; x_wconf 89' lang='lat' dir='ltr'>ipsa</span> <span class='ocrx_word' id='word_1_246' title='bbox 2391 1927 2596 2003; x_wconf 69' lang='lat' dir='ltr'>marito</span> <span class='ocrx_word' id='word_1_247' title='bbox 2636 1927 2894 2018; x_wconf 58' lang='lat' dir='ltr'>inservit:</span> <span class='ocrx_word' id='word_1_248' title='bbox 2923 1927 3172 2006; x_wconf 73' lang='lat' dir='ltr'>redditur</span> <span class='ocrx_word' id='word_1_249' title='bbox 3222 1949 3270 2005; x_wconf 91' lang='lat' dir='ltr'>ei</span> <span class='ocrx_word' id='word_1_250' title='bbox 3314 1957 3657 2006; x_wconf 88' lang='lat' dir='ltr'>mansuetus.</span> 
     </span>
    </p>
   </div>
   <div class='ocr_carea' id='block_1_35' title="bbox 354 2029 1950 2114">
    <p class='ocr_par' dir='ltr' id='par_1_35' title="bbox 354 2029 1950 2114">
     <span class='ocr_line' id='line_1_35' title="bbox 354 2029 1950 2114; baseline 0.002 -24"><span class='ocrx_word' id='word_1_251' title='bbox 354 2029 581 2103; x_wconf 82' lang='grc' dir='ltr'>Ἐπειδή</span> <span class='ocrx_word' id='word_1_252' title='bbox 622 2029 678 2090; x_wconf 81' lang='grc' dir='ltr'>δὲ</span> <span class='ocrx_word' id='word_1_253' title='bbox 728 2031 841 2090; x_wconf 85' lang='grc' dir='ltr'>ἔστι</span> <span class='ocrx_word' id='word_1_254' title='bbox 882 2029 974 2090; x_wconf 79' lang='grc' dir='ltr'>καὶ</span> <span class='ocrx_word' id='word_1_255' title='bbox 1023 2032 1318 2112; x_wconf 80' lang='grc' dir='ltr'>ἀγαπῶντα</span> <span class='ocrx_word' id='word_1_256' title='bbox 1370 2033 1738 2114; x_wconf 80' lang='grc' dir='ltr'>πικραίνεσθαι</span> <span class='ocrx_word' id='word_1_257' title='bbox 1801 2037 1950 2113; x_wconf 80' lang='grc' dir='ltr'>(μά-</span> 
     </span>
    </p>
   </div>
   <div class='ocr_carea' id='block_1_36' title="bbox 350 2119 1949 2208">
    <p class='ocr_par' dir='ltr' id='par_1_36' title="bbox 350 2119 1949 2208">
     <span class='ocr_line' id='line_1_36' title="bbox 350 2119 1949 2208; baseline 0.004 -28"><span class='ocrx_word' id='word_1_258' title='bbox 350 2123 508 2208; x_wconf 49' lang='grc' dir='ltr'>λιστα</span> <span class='ocrx_word' id='word_1_259' title='bbox 552 2119 655 2201; x_wconf 80' lang='grc' dir='ltr'>γὰρ</span> <span class='ocrx_word' id='word_1_260' title='bbox 702 2123 757 2180; x_wconf 79' lang='grc' dir='ltr'>αἲ</span> <span class='ocrx_word' id='word_1_261' title='bbox 804 2119 934 2200; x_wconf 86' lang='grc' dir='ltr'>πρὸς</span> <span class='ocrx_word' id='word_1_262' title='bbox 982 2119 1050 2179; x_wconf 76' lang='grc' dir='ltr'>τὰ</span> <span class='ocrx_word' id='word_1_263' title='bbox 1098 2119 1392 2203; x_wconf 75' lang='grc' dir='ltr'>φιλούμενοι</span> <span class='ocrx_word' id='word_1_264' title='bbox 1444 2123 1708 2205; x_wconf 87' lang='grc' dir='ltr'>πρόσωπα</span> <span class='ocrx_word' id='word_1_265' title='bbox 1774 2127 1949 2208; x_wconf 82' lang='grc' dir='ltr'>μάχαι</span> 
     </span>
    </p>
   </div>
   <div class='ocr_carea' id='block_1_37' title="bbox 352 2200 1948 2296">
    <p class='ocr_par' dir='ltr' id='par_1_37' title="bbox 352 2200 1948 2296">
     <span class='ocr_line' id='line_1_37' title="bbox 352 2200 1948 2296; baseline 0.005 -29"><span class='ocrx_word' id='word_1_266' title='bbox 352 2200 510 2269; x_wconf 64' lang='grc' dir='ltr'>αὗται</span> <span class='ocrx_word' id='word_1_267' title='bbox 539 2200 791 2291; x_wconf 84' lang='grc' dir='ltr'>πικραὶ),</span> <span class='ocrx_word' id='word_1_268' title='bbox 824 2209 911 2269; x_wconf 83' lang='grc' dir='ltr'>διὰ</span> <span class='ocrx_word' id='word_1_269' title='bbox 941 2200 1290 2292; x_wconf 30' lang='grc' dir='ltr'>τοῦτόνφησι·</span> <span class='ocrx_word' id='word_1_270' title='bbox 1324 2239 1348 2264; x_wconf 81' lang='grc' dir='ltr'>κ</span> <span class='ocrx_word' id='word_1_271' title='bbox 1381 2200 1891 2296; x_wconf 43' lang='grc' dir='ltr'>Μὴπικραίνεσθε..-</span> <span class='ocrx_word' id='word_1_272' title='bbox 1924 2245 1948 2270; x_wconf 82' lang='grc' dir='ltr'>ιι</span> 
     </span>
    </p>
   </div>
   <div class='ocr_carea' id='block_1_38' title="bbox 349 2298 1950 2385">
    <p class='ocr_par' dir='ltr' id='par_1_38' title="bbox 349 2298 1950 2385">
     <span class='ocr_line' id='line_1_38' title="bbox 349 2298 1950 2385; baseline 0.004 -25"><span class='ocrx_word' id='word_1_273' title='bbox 349 2301 449 2381; x_wconf 78' lang='grc' dir='ltr'>Τῷ</span> <span class='ocrx_word' id='word_1_274' title='bbox 498 2298 608 2359; x_wconf 83' lang='grc' dir='ltr'>ὄντι</span> <span class='ocrx_word' id='word_1_275' title='bbox 647 2299 751 2382; x_wconf 87' lang='grc' dir='ltr'>γὰρ</span> <span class='ocrx_word' id='word_1_276' title='bbox 793 2298 900 2359; x_wconf 82' lang='grc' dir='ltr'>ἀπὸ</span> <span class='ocrx_word' id='word_1_277' title='bbox 931 2302 1131 2372; x_wconf 81' lang='grc' dir='ltr'>πολλῆς</span> <span class='ocrx_word' id='word_1_278' title='bbox 1173 2299 1388 2381; x_wconf 84' lang='grc' dir='ltr'>πικρίας</span> <span class='ocrx_word' id='word_1_279' title='bbox 1433 2307 1587 2363; x_wconf 86' lang='grc' dir='ltr'>τοῦτο</span> <span class='ocrx_word' id='word_1_280' title='bbox 1625 2303 1860 2385; x_wconf 87' lang='grc' dir='ltr'>γίνεται,</span> <span class='ocrx_word' id='word_1_281' title='bbox 1889 2306 1950 2368; x_wconf 82' lang='grc' dir='ltr'>τὸ</span> 
     </span>
    </p>
   </div>
   <div class='ocr_carea' id='block_1_39' title="bbox 351 2388 1522 2469">
    <p class='ocr_par' dir='ltr' id='par_1_39' title="bbox 351 2388 1522 2469">
     <span class='ocr_line' id='line_1_39' title="bbox 351 2388 1522 2469; baseline 0.003 -21"><span class='ocrx_word' id='word_1_282' title='bbox 351 2389 740 2458; x_wconf 86' lang='grc' dir='ltr'>διαστασιάζειν</span> <span class='ocrx_word' id='word_1_283' title='bbox 770 2388 889 2448; x_wconf 85' lang='grc' dir='ltr'>τινὰ</span> <span class='ocrx_word' id='word_1_284' title='bbox 914 2388 1044 2469; x_wconf 84' lang='grc' dir='ltr'>πρὸς</span> <span class='ocrx_word' id='word_1_285' title='bbox 1072 2389 1132 2448; x_wconf 83' lang='grc' dir='ltr'>τὸ</span> <span class='ocrx_word' id='word_1_286' title='bbox 1161 2392 1319 2467; x_wconf 84' lang='grc' dir='ltr'>μέλος</span> <span class='ocrx_word' id='word_1_287' title='bbox 1341 2392 1522 2452; x_wconf 84' lang='grc' dir='ltr'>αὗτοῦ.</span> 
     </span>
    </p>
   </div>
   <div class='ocr_carea' id='block_1_40' title="bbox 431 2477 1944 2559">
    <p class='ocr_par' dir='ltr' id='par_1_40' title="bbox 431 2477 1944 2559">
     <span class='ocr_line' id='line_1_40' title="bbox 431 2477 1944 2559; baseline 0.008 -26"><span class='ocrx_word' id='word_1_288' title='bbox 431 2505 457 2533; x_wconf 76' lang='grc' dir='ltr'>α</span> <span class='ocrx_word' id='word_1_289' title='bbox 489 2478 579 2540; x_wconf 81' lang='grc' dir='ltr'><strong>Τὰ</strong></span> <span class='ocrx_word' id='word_1_290' title='bbox 607 2477 768 2538; x_wconf 86' lang='grc' dir='ltr'>τέκνα</span> <span class='ocrx_word' id='word_1_291' title='bbox 790 2525 808 2553; x_wconf 92' lang='grc'>,</span> <span class='ocrx_word' id='word_1_292' title='bbox 843 2480 1135 2540; x_wconf 73' lang='grc' dir='ltr'>ὓπακούετε</span> <span class='ocrx_word' id='word_1_293' title='bbox 1169 2488 1277 2546; x_wconf 89' lang='grc' dir='ltr'>τοῖς</span> <span class='ocrx_word' id='word_1_294' title='bbox 1317 2487 1526 2559; x_wconf 75' lang='grc' dir='ltr'>γονεῦσι</span> <span class='ocrx_word' id='word_1_295' title='bbox 1563 2481 1700 2542; x_wconf 81' lang='grc' dir='ltr'>κατὰ</span> <span class='ocrx_word' id='word_1_296' title='bbox 1746 2483 1944 2548; x_wconf 88' lang='grc' dir='ltr'>πάντα.</span> 
     </span>
    </p>
   </div>
   <div class='ocr_carea' id='block_1_41' title="bbox 350 2567 1943 2653">
    <p class='ocr_par' dir='ltr' id='par_1_41' title="bbox 350 2567 1943 2653">
     <span class='ocr_line' id='line_1_41' title="bbox 350 2567 1943 2653; baseline 0.004 -25"><span class='ocrx_word' id='word_1_297' title='bbox 350 2569 522 2628; x_wconf 85' lang='grc' dir='ltr'>Τοῦτο</span> <span class='ocrx_word' id='word_1_298' title='bbox 564 2569 668 2648; x_wconf 87' lang='grc' dir='ltr'>γάρ</span> <span class='ocrx_word' id='word_1_299' title='bbox 707 2571 849 2628; x_wconf 82' lang='grc' dir='ltr'>ἔστιν</span> <span class='ocrx_word' id='word_1_300' title='bbox 897 2567 1177 2649; x_wconf 81' lang='grc' dir='ltr'>εὐάρεστον</span> <span class='ocrx_word' id='word_1_301' title='bbox 1229 2571 1282 2628; x_wconf 81' lang='grc' dir='ltr'>ἐν</span> <span class='ocrx_word' id='word_1_302' title='bbox 1335 2569 1538 2652; x_wconf 84' lang='grc' dir='ltr'>Κυρίῳ.</span> <span class='ocrx_word' id='word_1_303' title='bbox 1574 2600 1598 2624; x_wconf 72' lang='grc' dir='ltr'>κ</span> <span class='ocrx_word' id='word_1_304' title='bbox 1632 2573 1808 2634; x_wconf 86' lang='grc' dir='ltr'>Πάλιν</span> <span class='ocrx_word' id='word_1_305' title='bbox 1863 2575 1943 2653; x_wconf 83' lang='grc' dir='ltr'>τὸ,</span> 
     </span>
    </p>
   </div>
   <div class='ocr_carea' id='block_1_42' title="bbox 351 2657 1948 2743">
    <p class='ocr_par' dir='ltr' id='par_1_42' title="bbox 351 2657 1948 2743">
     <span class='ocr_line' id='line_1_42' title="bbox 351 2657 1948 2743; baseline -0.006 -22"><span class='ocrx_word' id='word_1_306' title='bbox 351 2684 375 2712; x_wconf 76' lang='grc' dir='ltr'>α</span> <span class='ocrx_word' id='word_1_307' title='bbox 399 2657 496 2720; x_wconf 86' lang='grc' dir='ltr'>Ἐν</span> <span class='ocrx_word' id='word_1_308' title='bbox 535 2658 740 2740; x_wconf 85' lang='grc' dir='ltr'>Κυρίῳ.</span> <span class='ocrx_word' id='word_1_309' title='bbox 773 2685 796 2712; x_wconf 73' lang='grc' dir='ltr'>ιι</span> <span class='ocrx_word' id='word_1_310' title='bbox 827 2660 909 2719; x_wconf 80' lang='grc' dir='ltr'><strong>Οὔ</strong></span> <span class='ocrx_word' id='word_1_311' title='bbox 934 2658 1036 2740; x_wconf 76' lang='grc' dir='ltr'>γὰρ</span> <span class='ocrx_word' id='word_1_312' title='bbox 1077 2658 1183 2719; x_wconf 83' lang='grc' dir='ltr'>ἀπὸ</span> <span class='ocrx_word' id='word_1_313' title='bbox 1209 2663 1300 2732; x_wconf 69' lang='grc' dir='ltr'>τῆς</span> <span class='ocrx_word' id='word_1_314' title='bbox 1330 2661 1535 2740; x_wconf 81' lang='grc' dir='ltr'>φύσεως</span> <span class='ocrx_word' id='word_1_315' title='bbox 1560 2661 1725 2740; x_wconf 87' lang='grc' dir='ltr'>μόνης</span> <span class='ocrx_word' id='word_1_316' title='bbox 1757 2665 1948 2743; x_wconf 80' lang='grc' dir='ltr'>βούλε-</span> 
     </span>
    </p>
   </div>
   <div class='ocr_carea' id='block_1_43' title="bbox 346 2748 1947 2834">
    <p class='ocr_par' dir='ltr' id='par_1_43' title="bbox 346 2748 1947 2834">
     <span class='ocr_line' id='line_1_43' title="bbox 346 2748 1947 2834; baseline 0.006 -28"><span class='ocrx_word' id='word_1_317' title='bbox 346 2771 437 2807; x_wconf 88' lang='grc' dir='ltr'>ται</span> <span class='ocrx_word' id='word_1_318' title='bbox 465 2751 608 2825; x_wconf 74' lang='grc' dir='ltr'>ἡμᾶς</span> <span class='ocrx_word' id='word_1_319' title='bbox 639 2753 810 2808; x_wconf 88' lang='grc' dir='ltr'>ταῦτα</span> <span class='ocrx_word' id='word_1_320' title='bbox 839 2758 1008 2808; x_wconf 84' lang='grc' dir='ltr'>ποιεῖν</span> <span class='ocrx_word' id='word_1_321' title='bbox 1030 2793 1046 2821; x_wconf 89' lang='grc'>,</span> <span class='ocrx_word' id='word_1_322' title='bbox 1095 2748 1236 2807; x_wconf 81' lang='grc' dir='ltr'>ἀλλὰ</span> <span class='ocrx_word' id='word_1_323' title='bbox 1268 2749 1358 2809; x_wconf 80' lang='grc' dir='ltr'>καὶ</span> <span class='ocrx_word' id='word_1_324' title='bbox 1395 2749 1476 2809; x_wconf 78' lang='grc' dir='ltr'>ὅτι</span> <span class='ocrx_word' id='word_1_325' title='bbox 1515 2754 1591 2832; x_wconf 84' lang='grc' dir='ltr'>τῷ</span> <span class='ocrx_word' id='word_1_326' title='bbox 1617 2756 1743 2834; x_wconf 84' lang='grc' dir='ltr'>Θεῷ</span> <span class='ocrx_word' id='word_1_327' title='bbox 1773 2756 1947 2830; x_wconf 89' lang='grc' dir='ltr'>δοκεῖ,</span> 
     </span>
    </p>
   </div>
   <div class='ocr_carea' id='block_1_44' title="bbox 344 2835 1940 2919">
    <p class='ocr_par' dir='ltr' id='par_1_44' title="bbox 344 2835 1940 2919">
     <span class='ocr_line' id='line_1_44' title="bbox 344 2835 1940 2919; baseline 0.006 -23"><span class='ocrx_word' id='word_1_328' title='bbox 344 2835 433 2897; x_wconf 81' lang='grc' dir='ltr'>ἵνα</span> <span class='ocrx_word' id='word_1_329' title='bbox 463 2837 554 2896; x_wconf 81' lang='grc' dir='ltr'>καὶ</span> <span class='ocrx_word' id='word_1_330' title='bbox 597 2839 781 2916; x_wconf 83' lang='grc' dir='ltr'>μισθὸν</span> <span class='ocrx_word' id='word_1_331' title='bbox 826 2839 1062 2919; x_wconf 68' lang='grc' dir='ltr'>ἔχωμεν,</span> <span class='ocrx_word' id='word_1_332' title='bbox 1109 2841 1180 2905; x_wconf 81' lang='grc' dir='ltr'>ὡς</span> <span class='ocrx_word' id='word_1_333' title='bbox 1229 2838 1316 2898; x_wconf 71' lang='grc' dir='ltr'>διὰ</span> <span class='ocrx_word' id='word_1_334' title='bbox 1345 2839 1433 2899; x_wconf 86' lang='grc' dir='ltr'>τὸν</span> <span class='ocrx_word' id='word_1_335' title='bbox 1479 2842 1618 2902; x_wconf 83' lang='grc' dir='ltr'>Θεὸν</span> <span class='ocrx_word' id='word_1_336' title='bbox 1649 2849 1940 2914; x_wconf 87' lang='grc' dir='ltr'>ποιοῦντες.</span> 
     </span>
    </p>
   </div>
   <div class='ocr_carea' id='block_1_45' title="bbox 347 2924 1945 3010">
    <p class='ocr_par' dir='ltr' id='par_1_45' title="bbox 347 2924 1945 3010">
     <span class='ocr_line' id='line_1_45' title="bbox 347 2924 1945 3010; baseline 0.006 -25"><span class='ocrx_word' id='word_1_337' title='bbox 347 2926 602 2990; x_wconf 77' lang='grc' dir='ltr'>Εὖσεϐῶν</span> <span class='ocrx_word' id='word_1_338' title='bbox 654 2927 710 2987; x_wconf 74' lang='grc' dir='ltr'>δὲ</span> <span class='ocrx_word' id='word_1_339' title='bbox 759 2927 1004 3010; x_wconf 84' lang='grc' dir='ltr'>πατέρων</span> <span class='ocrx_word' id='word_1_340' title='bbox 1054 2928 1210 2987; x_wconf 77' lang='grc' dir='ltr'>παισὶ</span> <span class='ocrx_word' id='word_1_341' title='bbox 1262 2929 1659 3008; x_wconf 85' lang='grc' dir='ltr'>διαλεγόμενος,</span> <span class='ocrx_word' id='word_1_342' title='bbox 1694 2924 1809 2994; x_wconf 68' lang='grc' dir='ltr'>εἷπε</span> <span class='ocrx_word' id='word_1_343' title='bbox 1855 2936 1945 3010; x_wconf 83' lang='grc' dir='ltr'>τὸ,</span> 
     </span>
    </p>
   </div>
   <div class='ocr_carea' id='block_1_46' title="bbox 355 3017 1947 3104">
    <p class='ocr_par' dir='ltr' id='par_1_46' title="bbox 355 3017 1947 3104">
     <span class='ocr_line' id='line_1_46' title="bbox 355 3017 1947 3104; baseline 0.007 -29"><span class='ocrx_word' id='word_1_344' title='bbox 355 3038 388 3075; x_wconf 83' lang='grc' dir='ltr'>ιι</span> <span class='ocrx_word' id='word_1_345' title='bbox 417 3017 577 3078; x_wconf 81' lang='grc' dir='ltr'>Κατὰ</span> <span class='ocrx_word' id='word_1_346' title='bbox 617 3017 822 3091; x_wconf 89' lang='grc' dir='ltr'>πάντα,</span> <span class='ocrx_word' id='word_1_347' title='bbox 854 3040 884 3075; x_wconf 79' lang='grc' dir='ltr'>ι)</span> <span class='ocrx_word' id='word_1_348' title='bbox 932 3017 1047 3077; x_wconf 84' lang='grc' dir='ltr'>ἐπεὶ</span> <span class='ocrx_word' id='word_1_349' title='bbox 1071 3026 1179 3087; x_wconf 88' lang='grc' dir='ltr'>τοῖς</span> <span class='ocrx_word' id='word_1_350' title='bbox 1221 3042 1279 3097; x_wconf 90' lang='grc' dir='ltr'>γε</span> <span class='ocrx_word' id='word_1_351' title='bbox 1313 3018 1532 3080; x_wconf 84' lang='grc' dir='ltr'>ἀσεϐέσι</span> <span class='ocrx_word' id='word_1_352' title='bbox 1574 3023 1843 3104; x_wconf 84' lang='grc' dir='ltr'>πατράσιν</span> <span class='ocrx_word' id='word_1_353' title='bbox 1888 3029 1947 3086; x_wconf 83' lang='grc' dir='ltr'>οὖ</span> 
     </span>
    </p>
   </div>
   <div class='ocr_carea' id='block_1_47' title="bbox 343 3103 1945 3191">
    <p class='ocr_par' dir='ltr' id='par_1_47' title="bbox 343 3103 1945 3191">
     <span class='ocr_line' id='line_1_47' title="bbox 343 3103 1945 3191; baseline 0.006 -26"><span class='ocrx_word' id='word_1_354' title='bbox 343 3106 486 3165; x_wconf 81' lang='grc' dir='ltr'>κατὰ</span> <span class='ocrx_word' id='word_1_355' title='bbox 533 3103 703 3166; x_wconf 91' lang='grc' dir='ltr'>πάντα</span> <span class='ocrx_word' id='word_1_356' title='bbox 755 3108 835 3166; x_wconf 88' lang='grc' dir='ltr'>δεῖ</span> <span class='ocrx_word' id='word_1_357' title='bbox 890 3107 1195 3167; x_wconf 69' lang='grc' dir='ltr'>ὑπακούειν.</span> <span class='ocrx_word' id='word_1_358' title='bbox 1253 3109 1334 3169; x_wconf 85' lang='grc' dir='ltr'>Οὖ</span> <span class='ocrx_word' id='word_1_359' title='bbox 1375 3108 1482 3191; x_wconf 86' lang='grc' dir='ltr'>γὰρ</span> <span class='ocrx_word' id='word_1_360' title='bbox 1522 3111 1586 3186; x_wconf 79' lang='grc' dir='ltr'>δὴ</span> <span class='ocrx_word' id='word_1_361' title='bbox 1619 3103 1711 3171; x_wconf 61' lang='grc' dir='ltr'>καὶ</span> <span class='ocrx_word' id='word_1_362' title='bbox 1743 3112 1829 3173; x_wconf 77' lang='grc' dir='ltr'>ὅτε</span> <span class='ocrx_word' id='word_1_363' title='bbox 1875 3117 1945 3183; x_wconf 87' lang='grc' dir='ltr'>εἷς</span> 
     </span>
    </p>
   </div>
   <div class='ocr_carea' id='block_1_48' title="bbox 342 3194 1291 3270">
    <p class='ocr_par' dir='ltr' id='par_1_48' title="bbox 342 3194 1291 3270">
     <span class='ocr_line' id='line_1_48' title="bbox 342 3194 1291 3270; baseline 0.004 -16"><span class='ocrx_word' id='word_1_364' title='bbox 342 3194 592 3255; x_wconf 87' lang='grc' dir='ltr'>ἀσέϐειαν</span> <span class='ocrx_word' id='word_1_365' title='bbox 622 3195 988 3270; x_wconf 78' lang='grc' dir='ltr'>ἐκϐιάζονται,</span> <span class='ocrx_word' id='word_1_366' title='bbox 1025 3196 1291 3258; x_wconf 81' lang='grc' dir='ltr'>πειστέον.</span> 
     </span>
    </p>
   </div>
   <div class='ocr_carea' id='block_1_49' title="bbox 2059 2034 3658 2110">
    <p class='ocr_par' dir='ltr' id='par_1_49' title="bbox 2059 2034 3658 2110">
     <span class='ocr_line' id='line_1_49' title="bbox 2059 2034 3658 2110; baseline 0.003 -20"><span class='ocrx_word' id='word_1_367' title='bbox 2059 2034 2200 2104; x_wconf 88' lang='lat' dir='ltr'>Quia</span> <span class='ocrx_word' id='word_1_368' title='bbox 2242 2049 2373 2091; x_wconf 92' lang='lat' dir='ltr'>vero</span> <span class='ocrx_word' id='word_1_369' title='bbox 2402 2034 2519 2091; x_wconf 87' lang='lat' dir='ltr'>ﬁeri</span> <span class='ocrx_word' id='word_1_370' title='bbox 2549 2043 2751 2108; x_wconf 90' lang='lat' dir='ltr'>potest,</span> <span class='ocrx_word' id='word_1_371' title='bbox 2783 2045 2844 2092; x_wconf 89' lang='lat' dir='ltr'>ut</span> <span class='ocrx_word' id='word_1_372' title='bbox 2870 2038 3162 2110; x_wconf 90' lang='lat' dir='ltr'>quisquam</span> <span class='ocrx_word' id='word_1_373' title='bbox 3188 2037 3394 2109; x_wconf 82' lang='lat' dir='ltr'>diligat,</span> <span class='ocrx_word' id='word_1_374' title='bbox 3437 2038 3658 2095; x_wconf 87' lang='lat' dir='ltr'>interim</span> 
     </span>
    </p>
   </div>
   <div class='ocr_carea' id='block_1_50' title="bbox 2058 2127 3658 2198">
    <p class='ocr_par' dir='ltr' id='par_1_50' title="bbox 2058 2127 3658 2198">
     <span class='ocr_line' id='line_1_50' title="bbox 2058 2127 3658 2198; baseline 0.002 -19"><span class='ocrx_word' id='word_1_375' title='bbox 2058 2131 2250 2180; x_wconf 89' lang='lat' dir='ltr'>tamen</span> <span class='ocrx_word' id='word_1_376' title='bbox 2301 2133 2659 2198; x_wconf 84' lang='lat' dir='ltr'>exasperetur</span> <span class='ocrx_word' id='word_1_377' title='bbox 2697 2130 2872 2194; x_wconf 90' lang='lat' dir='ltr'>(nam</span> <span class='ocrx_word' id='word_1_378' title='bbox 2919 2127 3232 2182; x_wconf 87' lang='lat' dir='ltr'>amicorum</span> <span class='ocrx_word' id='word_1_379' title='bbox 3276 2127 3658 2183; x_wconf 84' lang='lat' dir='ltr'>altercationes</span> 
     </span>
    </p>
   </div>
   <div class='ocr_carea' id='block_1_51' title="bbox 2058 2215 3657 2288">
    <p class='ocr_par' dir='ltr' id='par_1_51' title="bbox 2058 2215 3657 2288">
     <span class='ocr_line' id='line_1_51' title="bbox 2058 2215 3657 2288; baseline 0.001 -17"><span class='ocrx_word' id='word_1_380' title='bbox 2058 2222 2188 2271; x_wconf 91' lang='lat' dir='ltr'>sunt</span> <span class='ocrx_word' id='word_1_381' title='bbox 2215 2215 2607 2282; x_wconf 57' lang='lat' dir='ltr'>acerbissimae)</span> <span class='ocrx_word' id='word_1_382' title='bbox 2640 2222 2933 2287; x_wconf 88' lang='lat' dir='ltr'>propterea</span> <span class='ocrx_word' id='word_1_383' title='bbox 2972 2216 3169 2288; x_wconf 90' lang='lat' dir='ltr'>inquit,</span> <span class='ocrx_word' id='word_1_384' title='bbox 3199 2219 3277 2275; x_wconf 91' lang='lat' dir='ltr'>Ne</span> <span class='ocrx_word' id='word_1_385' title='bbox 3313 2219 3432 2272; x_wconf 90' lang='lat' dir='ltr'>sitis</span> <span class='ocrx_word' id='word_1_386' title='bbox 3461 2219 3657 2272; x_wconf 87' lang='lat' dir='ltr'>amari.</span> 
     </span>
    </p>
   </div>
   <div class='ocr_carea' id='block_1_52' title="bbox 2059 2304 3654 2379">
    <p class='ocr_par' dir='ltr' id='par_1_52' title="bbox 2059 2304 3654 2379">
     <span class='ocr_line' id='line_1_52' title="bbox 2059 2304 3654 2379; baseline 0.001 -19"><span class='ocrx_word' id='word_1_387' title='bbox 2059 2306 2271 2360; x_wconf 83' lang='lat' dir='ltr'>Revera</span> <span class='ocrx_word' id='word_1_388' title='bbox 2320 2304 2465 2359; x_wconf 91' lang='lat' dir='ltr'>enim</span> <span class='ocrx_word' id='word_1_389' title='bbox 2512 2320 2580 2361; x_wconf 85' lang='lat' dir='ltr'>ex</span> <span class='ocrx_word' id='word_1_390' title='bbox 2620 2305 2795 2361; x_wconf 91' lang='lat' dir='ltr'>multa</span> <span class='ocrx_word' id='word_1_391' title='bbox 2834 2305 2939 2360; x_wconf 92' lang='lat' dir='ltr'>hoc</span> <span class='ocrx_word' id='word_1_392' title='bbox 2981 2305 3045 2362; x_wconf 85' lang='lat' dir='ltr'>ﬁt</span> <span class='ocrx_word' id='word_1_393' title='bbox 3087 2305 3469 2375; x_wconf 87' lang='lat' dir='ltr'>amarulentia,</span> <span class='ocrx_word' id='word_1_394' title='bbox 3504 2306 3654 2379; x_wconf 90' lang='lat' dir='ltr'>quod</span> 
     </span>
    </p>
   </div>
   <div class='ocr_carea' id='block_1_53' title="bbox 2057 2392 3495 2465">
    <p class='ocr_par' dir='ltr' id='par_1_53' title="bbox 2057 2392 3495 2465">
     <span class='ocr_line' id='line_1_53' title="bbox 2057 2392 3495 2465; baseline 0.002 -17"><span class='ocrx_word' id='word_1_395' title='bbox 2057 2393 2353 2465; x_wconf 87' lang='lat' dir='ltr'>quisquam</span> <span class='ocrx_word' id='word_1_396' title='bbox 2383 2392 2643 2450; x_wconf 89' lang='lat' dir='ltr'>dissideat</span> <span class='ocrx_word' id='word_1_397' title='bbox 2679 2393 2941 2451; x_wconf 89' lang='lat' dir='ltr'>adversus</span> <span class='ocrx_word' id='word_1_398' title='bbox 2969 2395 3284 2452; x_wconf 90' lang='lat' dir='ltr'>membrum</span> <span class='ocrx_word' id='word_1_399' title='bbox 3313 2411 3495 2452; x_wconf 91' lang='lat' dir='ltr'>suum.</span> 
     </span>
    </p>
   </div>
   <div class='ocr_carea' id='block_1_54' title="bbox 2127 2485 3658 2556">
    <p class='ocr_par' dir='ltr' id='par_1_54' title="bbox 2127 2485 3658 2556">
     <span class='ocr_line' id='line_1_54' title="bbox 2127 2485 3658 2556; baseline 0.003 -18"><span class='ocrx_word' id='word_1_400' title='bbox 2127 2486 2304 2539; x_wconf 71' lang='lat' dir='ltr'>Vnus.</span> <span class='ocrx_word' id='word_1_401' title='bbox 2337 2489 2422 2538; x_wconf 87' lang='lat'>20.</span> <span class='ocrx_word' id='word_1_402' title='bbox 2452 2485 2601 2548; x_wconf 82' lang='lat' dir='ltr'>Filii,</span> <span class='ocrx_word' id='word_1_403' title='bbox 2623 2485 2829 2540; x_wconf 85' lang='lat' dir='ltr'>obedite</span> <span class='ocrx_word' id='word_1_404' title='bbox 2847 2487 3170 2555; x_wconf 83' lang='lat' dir='ltr'>parentibus</span> <span class='ocrx_word' id='word_1_405' title='bbox 3193 2502 3295 2556; x_wconf 82' lang='lat' dir='ltr'>per</span> <span class='ocrx_word' id='word_1_406' title='bbox 3322 2489 3534 2553; x_wconf 89' lang='lat' dir='ltr'>omnia;</span> <span class='ocrx_word' id='word_1_407' title='bbox 3562 2488 3658 2542; x_wconf 90' lang='lat' dir='ltr'>hoc</span> 
     </span>
    </p>
   </div>
   <div class='ocr_carea' id='block_1_55' title="bbox 2057 2575 3650 2644">
    <p class='ocr_par' dir='ltr' id='par_1_55' title="bbox 2057 2575 3650 2644">
     <span class='ocr_line' id='line_1_55' title="bbox 2057 2575 3650 2644; baseline 0.002 -15"><span class='ocrx_word' id='word_1_408' title='bbox 2057 2575 2201 2629; x_wconf 86' lang='lat' dir='ltr'>enim</span> <span class='ocrx_word' id='word_1_409' title='bbox 2233 2575 2498 2644; x_wconf 81' lang='lat' dir='ltr'>placitum</span> <span class='ocrx_word' id='word_1_410' title='bbox 2536 2580 2614 2630; x_wconf 88' lang='lat' dir='ltr'>est</span> <span class='ocrx_word' id='word_1_411' title='bbox 2653 2576 2729 2630; x_wconf 82' lang='lat' dir='ltr'>in.</span> <span class='ocrx_word' id='word_1_412' title='bbox 2750 2577 2996 2631; x_wconf 88' lang='lat' dir='ltr'>Domino.</span> <span class='ocrx_word' id='word_1_413' title='bbox 3039 2579 3275 2642; x_wconf 84' lang='lat' dir='ltr'>Rursus,</span> <span class='ocrx_word' id='word_1_414' title='bbox 3310 2579 3372 2632; x_wconf 89' lang='lat' dir='ltr'>In</span> <span class='ocrx_word' id='word_1_415' title='bbox 3404 2579 3650 2632; x_wconf 88' lang='lat' dir='ltr'>Domino.</span> 
     </span>
    </p>
   </div>
   <div class='ocr_carea' id='block_1_56' title="bbox 2056 2662 3656 2732">
    <p class='ocr_par' dir='ltr' id='par_1_56' title="bbox 2056 2662 3656 2732">
     <span class='ocr_line' id='line_1_56' title="bbox 2056 2662 3656 2732; baseline 0.003 -14"><span class='ocrx_word' id='word_1_416' title='bbox 2056 2666 2184 2719; x_wconf 88' lang='lat' dir='ltr'>Non</span> <span class='ocrx_word' id='word_1_417' title='bbox 2213 2662 2360 2719; x_wconf 91' lang='lat' dir='ltr'>enim</span> <span class='ocrx_word' id='word_1_418' title='bbox 2386 2679 2416 2719; x_wconf 92' lang='lat' dir='ltr'>a</span> <span class='ocrx_word' id='word_1_419' title='bbox 2443 2663 2559 2720; x_wconf 91' lang='lat' dir='ltr'>sola</span> <span class='ocrx_word' id='word_1_420' title='bbox 2582 2671 2780 2720; x_wconf 90' lang='lat' dir='ltr'>natura</span> <span class='ocrx_word' id='word_1_421' title='bbox 2818 2680 2921 2721; x_wconf 91' lang='lat' dir='ltr'>nos</span> <span class='ocrx_word' id='word_1_422' title='bbox 2951 2665 3055 2721; x_wconf 91' lang='lat' dir='ltr'>ista</span> <span class='ocrx_word' id='word_1_423' title='bbox 3085 2665 3202 2721; x_wconf 86' lang='lat' dir='ltr'>vult</span> <span class='ocrx_word' id='word_1_424' title='bbox 3230 2665 3430 2732; x_wconf 88' lang='lat' dir='ltr'>facere,</span> <span class='ocrx_word' id='word_1_425' title='bbox 3463 2681 3656 2722; x_wconf 89' lang='lat' dir='ltr'>verum</span> 
     </span>
    </p>
   </div>
   <div class='ocr_carea' id='block_1_57' title="bbox 2057 2753 3654 2826">
    <p class='ocr_par' dir='ltr' id='par_1_57' title="bbox 2057 2753 3654 2826">
     <span class='ocr_line' id='line_1_57' title="bbox 2057 2753 3654 2826; baseline 0.003 -18"><span class='ocrx_word' id='word_1_426' title='bbox 2057 2753 2182 2826; x_wconf 89' lang='lat' dir='ltr'>quia</span> <span class='ocrx_word' id='word_1_427' title='bbox 2217 2762 2274 2809; x_wconf 93' lang='lat' dir='ltr'>et</span> <span class='ocrx_word' id='word_1_428' title='bbox 2306 2756 2422 2810; x_wconf 92' lang='lat' dir='ltr'>Deo</span> <span class='ocrx_word' id='word_1_429' title='bbox 2449 2753 2632 2810; x_wconf 91' lang='lat' dir='ltr'>visum</span> <span class='ocrx_word' id='word_1_430' title='bbox 2655 2763 2757 2824; x_wconf 92' lang='lat' dir='ltr'>est,</span> <span class='ocrx_word' id='word_1_431' title='bbox 2785 2763 2849 2810; x_wconf 91' lang='lat' dir='ltr'>ut</span> <span class='ocrx_word' id='word_1_432' title='bbox 2875 2754 3192 2812; x_wconf 88' lang='lat' dir='ltr'>mercedem</span> <span class='ocrx_word' id='word_1_433' title='bbox 3219 2754 3528 2812; x_wconf 88' lang='lat' dir='ltr'>habeamus</span> <span class='ocrx_word' id='word_1_434' title='bbox 3551 2772 3654 2812; x_wconf 91' lang='lat' dir='ltr'>ceu</span> 
     </span>
    </p>
   </div>
   <div class='ocr_carea' id='block_1_58' title="bbox 2055 2842 3655 2918">
    <p class='ocr_par' dir='ltr' id='par_1_58' title="bbox 2055 2842 3655 2918">
     <span class='ocr_line' id='line_1_58' title="bbox 2055 2842 3655 2918; baseline 0.002 -21"><span class='ocrx_word' id='word_1_435' title='bbox 2055 2843 2158 2900; x_wconf 91' lang='lat' dir='ltr'>Dei</span> <span class='ocrx_word' id='word_1_436' title='bbox 2201 2858 2366 2899; x_wconf 91' lang='lat' dir='ltr'>causa</span> <span class='ocrx_word' id='word_1_437' title='bbox 2417 2842 2698 2900; x_wconf 87' lang='lat' dir='ltr'>facientes.</span> <span class='ocrx_word' id='word_1_438' title='bbox 2745 2845 2973 2900; x_wconf 92' lang='lat' dir='ltr'>Piorum</span> <span class='ocrx_word' id='word_1_439' title='bbox 3014 2853 3202 2900; x_wconf 88' lang='lat' dir='ltr'>autem</span> <span class='ocrx_word' id='word_1_440' title='bbox 3242 2853 3536 2918; x_wconf 91' lang='lat' dir='ltr'>parentum</span> <span class='ocrx_word' id='word_1_441' title='bbox 3585 2847 3655 2900; x_wconf 88' lang='lat' dir='ltr'>li-</span> 
     </span>
    </p>
   </div>
   <div class='ocr_carea' id='block_1_59' title="bbox 2054 2931 3656 3007">
    <p class='ocr_par' dir='ltr' id='par_1_59' title="bbox 2054 2931 3656 3007">
     <span class='ocr_line' id='line_1_59' title="bbox 2054 2931 3656 3007; baseline 0.002 -19"><span class='ocrx_word' id='word_1_442' title='bbox 2054 2931 2202 2990; x_wconf 87' lang='lat' dir='ltr'>beris</span> <span class='ocrx_word' id='word_1_443' title='bbox 2243 2933 2409 2990; x_wconf 89' lang='lat' dir='ltr'>verba</span> <span class='ocrx_word' id='word_1_444' title='bbox 2444 2931 2670 3001; x_wconf 88' lang='lat' dir='ltr'>faciens,</span> <span class='ocrx_word' id='word_1_445' title='bbox 2717 2933 2870 3005; x_wconf 83' lang='lat' dir='ltr'>dixit,</span> <span class='ocrx_word' id='word_1_446' title='bbox 2912 2939 3019 2989; x_wconf 85' lang='lat' dir='ltr'>Per</span> <span class='ocrx_word' id='word_1_447' title='bbox 3048 2936 3256 2991; x_wconf 85' lang='lat' dir='ltr'>omnia.</span> <span class='ocrx_word' id='word_1_448' title='bbox 3293 2937 3437 2991; x_wconf 84' lang='lat' dir='ltr'>Nam</span> <span class='ocrx_word' id='word_1_449' title='bbox 3468 2935 3656 3007; x_wconf 88' lang='lat' dir='ltr'>impiis</span> 
     </span>
    </p>
   </div>
   <div class='ocr_carea' id='block_1_60' title="bbox 2055 3023 3652 3097">
    <p class='ocr_par' dir='ltr' id='par_1_60' title="bbox 2055 3023 3652 3097">
     <span class='ocr_line' id='line_1_60' title="bbox 2055 3023 3652 3097; baseline 0.003 -19"><span class='ocrx_word' id='word_1_450' title='bbox 2055 3023 2379 3094; x_wconf 89' lang='lat' dir='ltr'>parentibus</span> <span class='ocrx_word' id='word_1_451' title='bbox 2417 3038 2533 3080; x_wconf 92' lang='lat' dir='ltr'>non</span> <span class='ocrx_word' id='word_1_452' title='bbox 2587 3032 2671 3080; x_wconf 90' lang='lat' dir='ltr'>est</span> <span class='ocrx_word' id='word_1_453' title='bbox 2723 3039 2822 3096; x_wconf 87' lang='lat' dir='ltr'>per</span> <span class='ocrx_word' id='word_1_454' title='bbox 2874 3025 3067 3081; x_wconf 82' lang='lat' dir='ltr'>omnia</span> <span class='ocrx_word' id='word_1_455' title='bbox 3123 3024 3652 3097; x_wconf 89' lang='lat' dir='ltr'>obtemperandum.</span> 
     </span>
    </p>
   </div>
   <div class='ocr_carea' id='block_1_61' title="bbox 2055 3113 3658 3188">
    <p class='ocr_par' dir='ltr' id='par_1_61' title="bbox 2055 3113 3658 3188">
     <span class='ocr_line' id='line_1_61' title="bbox 2055 3113 3658 3188; baseline 0 -18"><span class='ocrx_word' id='word_1_456' title='bbox 2055 3115 2183 3170; x_wconf 89' lang='lat' dir='ltr'>Non</span> <span class='ocrx_word' id='word_1_457' title='bbox 2228 3113 2378 3169; x_wconf 91' lang='lat' dir='ltr'>enim</span> <span class='ocrx_word' id='word_1_458' title='bbox 2414 3113 2642 3186; x_wconf 88' lang='lat' dir='ltr'>quando</span> <span class='ocrx_word' id='word_1_459' title='bbox 2679 3113 2751 3171; x_wconf 89' lang='lat' dir='ltr'>ad</span> <span class='ocrx_word' id='word_1_460' title='bbox 2799 3113 3138 3187; x_wconf 86' lang='lat' dir='ltr'>impietatem</span> <span class='ocrx_word' id='word_1_461' title='bbox 3179 3123 3407 3188; x_wconf 87' lang='lat' dir='ltr'>cogunt,</span> <span class='ocrx_word' id='word_1_462' title='bbox 3455 3115 3532 3172; x_wconf 91' lang='lat' dir='ltr'>eis</span> <span class='ocrx_word' id='word_1_463' title='bbox 3572 3123 3658 3173; x_wconf 90' lang='lat' dir='ltr'>est</span> 
     </span>
    </p>
   </div>
   <div class='ocr_carea' id='block_1_62' title="bbox 2047 3201 2940 3260">
    <p class='ocr_par' dir='ltr' id='par_1_62' title="bbox 2047 3201 2940 3260">
     <span class='ocr_line' id='line_1_62' title="bbox 2047 3201 2940 3260; baseline -0.002 0"><span class='ocrx_word' id='word_1_464' title='bbox 2047 3201 2440 3260; x_wconf 90' lang='lat' dir='ltr'>obediendum.</span> <span class='ocrx_word' id='word_1_465' title='bbox 2927 3225 2940 3234; x_wconf 82' lang='lat'><strong><em>~</em></strong></span> 
     </span>
    </p>
   </div>
   <div class='ocr_carea' id='block_1_63' title="bbox 432 3287 1967 3371">
    <p class='ocr_par' dir='ltr' id='par_1_63' title="bbox 432 3287 1940 3371">
     <span class='ocr_line' id='line_1_63' title="bbox 432 3287 1940 3371; baseline 0.006 -28"><span class='ocrx_word' id='word_1_466' title='bbox 432 3307 463 3343; x_wconf 77' lang='grc' dir='ltr'>α</span> <span class='ocrx_word' id='word_1_467' title='bbox 515 3287 586 3348; x_wconf 80' lang='grc' dir='ltr'>Οἱ</span> <span class='ocrx_word' id='word_1_468' title='bbox 633 3287 887 3367; x_wconf 82' lang='grc' dir='ltr'>πατέρες,</span> <span class='ocrx_word' id='word_1_469' title='bbox 934 3287 1009 3364; x_wconf 79' lang='grc' dir='ltr'>μὴ</span> <span class='ocrx_word' id='word_1_470' title='bbox 1062 3287 1406 3369; x_wconf 81' lang='grc' dir='ltr'>παροργίζετε</span> <span class='ocrx_word' id='word_1_471' title='bbox 1439 3289 1506 3350; x_wconf 78' lang='grc' dir='ltr'>τὰ</span> <span class='ocrx_word' id='word_1_472' title='bbox 1551 3289 1711 3351; x_wconf 87' lang='grc' dir='ltr'>τέκνα</span> <span class='ocrx_word' id='word_1_473' title='bbox 1763 3296 1940 3371; x_wconf 74' lang='grc' dir='ltr'>ὑμῶν,</span> 
     </span>
    </p>
   </div>
   <div class='ocr_carea' id='block_1_64' title="bbox 2056 3287 3657 3371">
    <p class='ocr_par' dir='ltr' id='par_1_64' title="bbox 2126 3295 3657 3365">
     <span class='ocr_line' id='line_1_64' title="bbox 2126 3295 3657 3365; baseline 0.001 -16"><span class='ocrx_word' id='word_1_474' title='bbox 2126 3295 2311 3349; x_wconf 82' lang='lat' dir='ltr'>VEBS.</span> <span class='ocrx_word' id='word_1_475' title='bbox 2348 3297 2439 3348; x_wconf 77' lang='lat'>21.</span> <span class='ocrx_word' id='word_1_476' title='bbox 2479 3297 2682 3363; x_wconf 80' lang='lat' dir='ltr'>Patres,</span> <span class='ocrx_word' id='word_1_477' title='bbox 2713 3297 2877 3350; x_wconf 85' lang='lat' dir='ltr'>nolite</span> <span class='ocrx_word' id='word_1_478' title='bbox 2916 3295 2991 3349; x_wconf 88' lang='lat' dir='ltr'>ad</span> <span class='ocrx_word' id='word_1_479' title='bbox 3044 3295 3488 3363; x_wconf 79' lang='lat' dir='ltr'>indignationem</span> <span class='ocrx_word' id='word_1_480' title='bbox 3535 3311 3657 3365; x_wconf 84' lang='lat' dir='ltr'>pro-</span> 
     </span>
    </p>
   </div>
   <div class='ocr_carea' id='block_1_65' title="bbox 283 3375 1943 3463">
    <p class='ocr_par' dir='ltr' id='par_1_65' title="bbox 283 3375 1943 3463">
     <span class='ocr_line' id='line_1_65' title="bbox 283 3375 1943 3463; baseline 0.006 -30"><span class='ocrx_word' id='word_1_481' title='bbox 283 3398 286 3402; x_wconf 85' lang='lat'><strong><em>&#39;</em></strong></span> <span class='ocrx_word' id='word_1_482' title='bbox 342 3375 430 3434; x_wconf 79' lang='grc' dir='ltr'>ἵνα</span> <span class='ocrx_word' id='word_1_483' title='bbox 462 3375 538 3453; x_wconf 88' lang='grc' dir='ltr'>μὴ</span> <span class='ocrx_word' id='word_1_484' title='bbox 583 3377 849 3454; x_wconf 80' lang='grc' dir='ltr'>ἀθυμῶσι.</span> <span class='ocrx_word' id='word_1_485' title='bbox 883 3398 913 3434; x_wconf 85' lang='grc'>›)</span> <span class='ocrx_word' id='word_1_486' title='bbox 951 3375 1243 3450; x_wconf 85' lang='grc' dir='ltr'>Τουτέστι,</span> <span class='ocrx_word' id='word_1_487' title='bbox 1278 3378 1374 3450; x_wconf 81' lang='grc' dir='ltr'>Μὴ</span> <span class='ocrx_word' id='word_1_488' title='bbox 1405 3379 1582 3439; x_wconf 86' lang='grc' dir='ltr'>πάντα</span> <span class='ocrx_word' id='word_1_489' title='bbox 1630 3379 1730 3441; x_wconf 79' lang='grc' dir='ltr'>ὅσα</span> <span class='ocrx_word' id='word_1_490' title='bbox 1770 3384 1943 3463; x_wconf 87' lang='grc' dir='ltr'>πράτ-</span> 
     </span>
    </p>
   </div>
   <div class='ocr_carea' id='block_1_66' title="bbox 341 3465 1942 3553">
    <p class='ocr_par' dir='ltr' id='par_1_66' title="bbox 341 3465 1942 3553">
     <span class='ocr_line' id='line_1_66' title="bbox 341 3465 1942 3553; baseline 0.004 -29"><span class='ocrx_word' id='word_1_491' title='bbox 341 3467 518 3539; x_wconf 83' lang='grc' dir='ltr'>τουσι“,</span> <span class='ocrx_word' id='word_1_492' title='bbox 563 3471 768 3548; x_wconf 79' lang='grc' dir='ltr'>πικρῶς</span> <span class='ocrx_word' id='word_1_493' title='bbox 817 3465 1117 3536; x_wconf 80' lang='grc' dir='ltr'>ἐξετάζετε·</span> <span class='ocrx_word' id='word_1_494' title='bbox 1160 3465 1279 3526; x_wconf 87' lang='grc' dir='ltr'>ἀλλ’</span> <span class='ocrx_word' id='word_1_495' title='bbox 1324 3466 1467 3526; x_wconf 83' lang='grc' dir='ltr'>ἔστιν</span> <span class='ocrx_word' id='word_1_496' title='bbox 1499 3468 1532 3526; x_wconf 79' lang='grc' dir='ltr'>ἃ</span> <span class='ocrx_word' id='word_1_497' title='bbox 1565 3469 1658 3528; x_wconf 79' lang='grc' dir='ltr'>καὶ</span> <span class='ocrx_word' id='word_1_498' title='bbox 1702 3483 1942 3553; x_wconf 78' lang='grc' dir='ltr'>παρορᾷν</span> 
     </span>
    </p>
   </div>
   <div class='ocr_carea' id='block_1_67' title="bbox 341 3554 1942 3637">
    <p class='ocr_par' dir='ltr' id='par_1_67' title="bbox 341 3554 1942 3637">
     <span class='ocr_line' id='line_1_67' title="bbox 341 3554 1942 3637; baseline 0.006 -25"><span class='ocrx_word' id='word_1_499' title='bbox 341 3554 543 3628; x_wconf 86' lang='grc' dir='ltr'>θέλετε,</span> <span class='ocrx_word' id='word_1_500' title='bbox 589 3555 676 3614; x_wconf 79' lang='grc' dir='ltr'>ἵνα</span> <span class='ocrx_word' id='word_1_501' title='bbox 725 3555 800 3634; x_wconf 88' lang='grc' dir='ltr'>μὴ</span> <span class='ocrx_word' id='word_1_502' title='bbox 848 3554 1295 3637; x_wconf 77' lang='grc' dir='ltr'>φιλονεικοτέρους</span> <span class='ocrx_word' id='word_1_503' title='bbox 1339 3557 1525 3625; x_wconf 79' lang='grc' dir='ltr'>αὐτοὺς</span> <span class='ocrx_word' id='word_1_504' title='bbox 1580 3564 1806 3634; x_wconf 78' lang='grc' dir='ltr'>ποιῆτε,</span> <span class='ocrx_word' id='word_1_505' title='bbox 1851 3565 1942 3621; x_wconf 81' lang='grc' dir='ltr'>καὶ</span> 
     </span>
    </p>
   </div>
   <div class='ocr_carea' id='block_1_68' title="bbox 343 3644 1938 3728">
    <p class='ocr_par' dir='ltr' id='par_1_68' title="bbox 343 3644 1938 3728">
     <span class='ocr_line' id='line_1_68' title="bbox 343 3644 1938 3728; baseline 0.004 -24"><span class='ocrx_word' id='word_1_506' title='bbox 343 3646 417 3712; x_wconf 84' lang='grc' dir='ltr'>εἷς</span> <span class='ocrx_word' id='word_1_507' title='bbox 464 3644 693 3723; x_wconf 84' lang='grc' dir='ltr'>ἀθυμίαν</span> <span class='ocrx_word' id='word_1_508' title='bbox 738 3645 1030 3723; x_wconf 81' lang='grc' dir='ltr'>ἐμϐάλητε.</span> <span class='ocrx_word' id='word_1_509' title='bbox 1075 3644 1225 3725; x_wconf 87' lang='grc' dir='ltr'>Ὅρα</span> <span class='ocrx_word' id='word_1_510' title='bbox 1281 3644 1335 3704; x_wconf 80' lang='grc' dir='ltr'>δὲ</span> <span class='ocrx_word' id='word_1_511' title='bbox 1395 3647 1620 3728; x_wconf 72' lang='grc' dir='ltr'>σοφίαν,</span> <span class='ocrx_word' id='word_1_512' title='bbox 1676 3653 1788 3718; x_wconf 84' lang='grc' dir='ltr'>πῶς</span> <span class='ocrx_word' id='word_1_513' title='bbox 1839 3654 1938 3710; x_wconf 82' lang='grc' dir='ltr'>ἐπ-</span> 
     </span>
    </p>
   </div>
   <div class='ocr_carea' id='block_1_69' title="bbox 342 3734 1942 3820">
    <p class='ocr_par' dir='ltr' id='par_1_69' title="bbox 342 3734 1942 3820">
     <span class='ocr_line' id='line_1_69' title="bbox 342 3734 1942 3820; baseline 0.006 -29"><span class='ocrx_word' id='word_1_514' title='bbox 342 3734 537 3795; x_wconf 87' lang='grc' dir='ltr'>έκλασε</span> <span class='ocrx_word' id='word_1_515' title='bbox 582 3735 702 3803; x_wconf 79' lang='grc' dir='ltr'>τοὺς</span> <span class='ocrx_word' id='word_1_516' title='bbox 744 3744 944 3814; x_wconf 88' lang='grc' dir='ltr'>γονεῖς,</span> <span class='ocrx_word' id='word_1_517' title='bbox 997 3736 1087 3794; x_wconf 81' lang='grc' dir='ltr'>καὶ</span> <span class='ocrx_word' id='word_1_518' title='bbox 1137 3735 1376 3817; x_wconf 77' lang='grc' dir='ltr'>ἔκαμψεν</span> <span class='ocrx_word' id='word_1_519' title='bbox 1423 3739 1595 3797; x_wconf 75' lang='grc' dir='ltr'>αὐτῶν</span> <span class='ocrx_word' id='word_1_520' title='bbox 1632 3738 1698 3797; x_wconf 79' lang='grc' dir='ltr'>τὰ</span> <span class='ocrx_word' id='word_1_521' title='bbox 1731 3742 1942 3820; x_wconf 89' lang='grc' dir='ltr'>σπλάγ-</span> 
     </span>
    </p>
   </div>
   <div class='ocr_carea' id='block_1_70' title="bbox 340 3823 1945 3904">
    <p class='ocr_par' dir='ltr' id='par_1_70' title="bbox 340 3823 1945 3904">
     <span class='ocr_line' id='line_1_70' title="bbox 340 3823 1945 3904; baseline 0.004 -22"><span class='ocrx_word' id='word_1_522' title='bbox 340 3847 448 3903; x_wconf 83' lang='grc' dir='ltr'>χνα</span> <span class='ocrx_word' id='word_1_523' title='bbox 505 3824 590 3884; x_wconf 79' lang='grc' dir='ltr'>διὰ</span> <span class='ocrx_word' id='word_1_524' title='bbox 647 3830 740 3884; x_wconf 89' lang='grc' dir='ltr'>τοῦ</span> <span class='ocrx_word' id='word_1_525' title='bbox 793 3828 995 3899; x_wconf 83' lang='grc' dir='ltr'>εἰπεῖν,</span> <span class='ocrx_word' id='word_1_526' title='bbox 1065 3846 1092 3882; x_wconf 82' lang='grc' dir='ltr'>ι(</span> <span class='ocrx_word' id='word_1_527' title='bbox 1136 3823 1259 3884; x_wconf 84' lang='grc' dir='ltr'>Ἵνα</span> <span class='ocrx_word' id='word_1_528' title='bbox 1313 3824 1388 3904; x_wconf 74' lang='grc' dir='ltr'>μὴ</span> <span class='ocrx_word' id='word_1_529' title='bbox 1451 3831 1715 3904; x_wconf 81' lang='grc' dir='ltr'>ἀθυμῶσι.</span> <span class='ocrx_word' id='word_1_530' title='bbox 1746 3854 1776 3886; x_wconf 72' lang='grc' dir='ltr'>ι)</span> <span class='ocrx_word' id='word_1_531' title='bbox 1813 3833 1945 3900; x_wconf 86' lang='grc' dir='ltr'>Τοῖς</span> 
     </span>
    </p>
   </div>
   <div class='ocr_carea' id='block_1_71' title="bbox 339 3912 1944 3996">
    <p class='ocr_par' dir='ltr' id='par_1_71' title="bbox 339 3912 1944 3996">
     <span class='ocr_line' id='line_1_71' title="bbox 339 3912 1944 3996; baseline 0.005 -26"><span class='ocrx_word' id='word_1_532' title='bbox 339 3912 445 3994; x_wconf 80' lang='grc' dir='ltr'>γὰρ</span> <span class='ocrx_word' id='word_1_533' title='bbox 512 3914 750 3995; x_wconf 88' lang='grc' dir='ltr'>πατράσι</span> <span class='ocrx_word' id='word_1_534' title='bbox 818 3923 969 3975; x_wconf 84' lang='grc' dir='ltr'>πᾶσα</span> <span class='ocrx_word' id='word_1_535' title='bbox 1038 3914 1276 3990; x_wconf 88' lang='grc' dir='ltr'>σπουδὴ,</span> <span class='ocrx_word' id='word_1_536' title='bbox 1353 3915 1429 3994; x_wconf 79' lang='grc' dir='ltr'>μὴ</span> <span class='ocrx_word' id='word_1_537' title='bbox 1514 3919 1736 3996; x_wconf 89' lang='grc' dir='ltr'>ἀθυμεῖν</span> <span class='ocrx_word' id='word_1_538' title='bbox 1824 3919 1944 3989; x_wconf 82' lang='grc' dir='ltr'>τοὺς</span> 
     </span>
    </p>
   </div>
   <div class='ocr_carea' id='block_1_72' title="bbox 343 4004 561 4072">
    <p class='ocr_par' dir='ltr' id='par_1_72' title="bbox 343 4004 561 4072">
     <span class='ocr_line' id='line_1_72' title="bbox 343 4004 561 4072; baseline 0.028 -12"><span class='ocrx_word' id='word_1_539' title='bbox 343 4004 561 4072; x_wconf 86' lang='grc' dir='ltr'>παῖδας.</span> 
     </span>
    </p>
   </div>
   <div class='ocr_carea' id='block_1_73' title="bbox 433 4185 1934 4258">
    <p class='ocr_par' dir='ltr' id='par_1_73' title="bbox 433 4185 1934 4258">
     <span class='ocr_line' id='line_1_73' title="bbox 433 4185 1934 4258; baseline 0.006 -17"><span class='ocrx_word' id='word_1_540' title='bbox 433 4204 463 4241; x_wconf 83' lang='grc' dir='ltr'>(ι</span> <span class='ocrx_word' id='word_1_541' title='bbox 501 4185 574 4244; x_wconf 81' lang='grc' dir='ltr'>Οἱ</span> <span class='ocrx_word' id='word_1_542' title='bbox 615 4185 824 4258; x_wconf 84' lang='grc' dir='ltr'>δοῦλοι,</span> <span class='ocrx_word' id='word_1_543' title='bbox 877 4185 1168 4246; x_wconf 83' lang='grc' dir='ltr'>υπακούετε</span> <span class='ocrx_word' id='word_1_544' title='bbox 1223 4188 1364 4247; x_wconf 83' lang='grc' dir='ltr'>κατὰ</span> <span class='ocrx_word' id='word_1_545' title='bbox 1421 4188 1598 4249; x_wconf 90' lang='grc' dir='ltr'>πάντα</span> <span class='ocrx_word' id='word_1_546' title='bbox 1644 4193 1750 4258; x_wconf 89' lang='grc' dir='ltr'>τοῖς</span> <span class='ocrx_word' id='word_1_547' title='bbox 1797 4189 1934 4250; x_wconf 80' lang='grc' dir='ltr'>κατὰ</span> 
     </span>
    </p>
   </div>
   <div class='ocr_carea' id='block_1_74' title="bbox 341 4272 1942 4357">
    <p class='ocr_par' dir='ltr' id='par_1_74' title="bbox 341 4272 1942 4357">
     <span class='ocr_line' id='line_1_74' title="bbox 341 4272 1942 4357; baseline 0.004 -24"><span class='ocrx_word' id='word_1_548' title='bbox 341 4272 517 4354; x_wconf 83' lang='grc' dir='ltr'>σάρκα</span> <span class='ocrx_word' id='word_1_549' title='bbox 562 4275 781 4356; x_wconf 88' lang='grc' dir='ltr'>κυρίοις.</span> <span class='ocrx_word' id='word_1_550' title='bbox 843 4299 870 4333; x_wconf 75' lang='lat' dir='ltr'>n</span> <span class='ocrx_word' id='word_1_551' title='bbox 938 4275 1147 4344; x_wconf 78' lang='grc' dir='ltr'>Εὐθέως</span> <span class='ocrx_word' id='word_1_552' title='bbox 1199 4278 1467 4357; x_wconf 77' lang='grc' dir='ltr'>δικαίωμα</span> <span class='ocrx_word' id='word_1_553' title='bbox 1514 4285 1606 4338; x_wconf 89' lang='grc' dir='ltr'>τοῦ</span> <span class='ocrx_word' id='word_1_554' title='bbox 1654 4281 1942 4341; x_wconf 79' lang='grc' dir='ltr'>ὓπακούειν</span> 
     </span>
    </p>
   </div>
   <div class='ocr_carea' id='block_1_75' title="bbox 342 4362 1943 4451">
    <p class='ocr_par' dir='ltr' id='par_1_75' title="bbox 342 4362 1943 4451">
     <span class='ocr_line' id='line_1_75' title="bbox 342 4362 1943 4451; baseline 0.007 -31"><span class='ocrx_word' id='word_1_555' title='bbox 342 4362 473 4422; x_wconf 77' lang='grc' dir='ltr'>αὐτὸ</span> <span class='ocrx_word' id='word_1_556' title='bbox 504 4363 564 4423; x_wconf 81' lang='grc' dir='ltr'>τὸ</span> <span class='ocrx_word' id='word_1_557' title='bbox 592 4364 759 4443; x_wconf 83' lang='grc' dir='ltr'>ὄνομα</span> <span class='ocrx_word' id='word_1_558' title='bbox 797 4364 859 4424; x_wconf 83' lang='grc' dir='ltr'>τὸ</span> <span class='ocrx_word' id='word_1_559' title='bbox 900 4371 992 4426; x_wconf 85' lang='grc' dir='ltr'>τοῦ</span> <span class='ocrx_word' id='word_1_560' title='bbox 1037 4368 1250 4426; x_wconf 83' lang='grc' dir='ltr'>δουλου·</span> <span class='ocrx_word' id='word_1_561' title='bbox 1289 4370 1408 4428; x_wconf 86' lang='grc' dir='ltr'>ἀλλ’</span> <span class='ocrx_word' id='word_1_562' title='bbox 1452 4366 1541 4428; x_wconf 79' lang='grc' dir='ltr'>ἵνα</span> <span class='ocrx_word' id='word_1_563' title='bbox 1587 4369 1662 4447; x_wconf 83' lang='grc' dir='ltr'>μὴ</span> <span class='ocrx_word' id='word_1_564' title='bbox 1699 4370 1943 4451; x_wconf 80' lang='grc' dir='ltr'>ἄλγήσῃ,</span> 
     </span>
    </p>
   </div>
   <div class='ocr_carea' id='block_1_76' title="bbox 340 4451 1945 4541">
    <p class='ocr_par' dir='ltr' id='par_1_76' title="bbox 340 4451 1945 4541">
     <span class='ocr_line' id='line_1_76' title="bbox 340 4451 1945 4541; baseline 0.004 -29"><span class='ocrx_word' id='word_1_565' title='bbox 340 4451 606 4535; x_wconf 77' lang='grc' dir='ltr'>ἐπήγαγε.</span> <span class='ocrx_word' id='word_1_566' title='bbox 650 4458 827 4522; x_wconf 86' lang='grc' dir='ltr'>«Τοῖς</span> <span class='ocrx_word' id='word_1_567' title='bbox 855 4456 993 4515; x_wconf 79' lang='grc' dir='ltr'>κατὰ</span> <span class='ocrx_word' id='word_1_568' title='bbox 1030 4455 1203 4539; x_wconf 88' lang='grc' dir='ltr'>σάρκα</span> <span class='ocrx_word' id='word_1_569' title='bbox 1237 4459 1455 4538; x_wconf 90' lang='grc' dir='ltr'>κυρίοις.</span> <span class='ocrx_word' id='word_1_570' title='bbox 1494 4485 1523 4515; x_wconf 73' lang='lat' dir='ltr'>n</span> <span class='ocrx_word' id='word_1_571' title='bbox 1552 4459 1632 4519; x_wconf 90' lang='grc' dir='ltr'>Τὸ</span> <span class='ocrx_word' id='word_1_572' title='bbox 1653 4460 1755 4541; x_wconf 83' lang='grc' dir='ltr'>γὰρ</span> <span class='ocrx_word' id='word_1_573' title='bbox 1776 4471 1945 4541; x_wconf 88' lang='grc' dir='ltr'>κρεῖτ-</span> 
     </span>
    </p>
   </div>
   <div class='ocr_carea' id='block_1_77' title="bbox 337 4541 1940 4632">
    <p class='ocr_par' dir='ltr' id='par_1_77' title="bbox 337 4541 1940 4632">
     <span class='ocr_line' id='line_1_77' title="bbox 337 4541 1940 4632; baseline 0.007 -32"><span class='ocrx_word' id='word_1_574' title='bbox 337 4541 428 4601; x_wconf 88' lang='grc' dir='ltr'>τόν</span> <span class='ocrx_word' id='word_1_575' title='bbox 455 4565 581 4632; x_wconf 83' lang='grc' dir='ltr'>σου,</span> <span class='ocrx_word' id='word_1_576' title='bbox 615 4547 648 4617; x_wconf 92' lang='grc' dir='ltr'>ἡ</span> <span class='ocrx_word' id='word_1_577' title='bbox 681 4543 862 4626; x_wconf 83' lang='grc' dir='ltr'>ψυχὴ,</span> <span class='ocrx_word' id='word_1_578' title='bbox 901 4544 1058 4632; x_wconf 54' lang='grc' dir='ltr'>φησιν</span> <span class='ocrx_word' id='word_1_579' title='bbox 1081 4591 1097 4619; x_wconf 93' lang='grc'>,</span> <span class='ocrx_word' id='word_1_580' title='bbox 1128 4546 1508 4628; x_wconf 79' lang='grc' dir='ltr'>ἠλευθέρωται.</span> <span class='ocrx_word' id='word_1_581' title='bbox 1543 4548 1880 4632; x_wconf 88' lang='grc' dir='ltr'>Πρόσκαιρος</span> <span class='ocrx_word' id='word_1_582' title='bbox 1907 4555 1940 4623; x_wconf 87' lang='grc' dir='ltr'>ἡ</span> 
     </span>
    </p>
   </div>
   <div class='ocr_carea' id='block_1_78' title="bbox 342 4626 1942 4720">
    <p class='ocr_par' dir='ltr' id='par_1_78' title="bbox 342 4626 1942 4720">
     <span class='ocr_line' id='line_1_78' title="bbox 342 4626 1942 4720; baseline 0.006 -31"><span class='ocrx_word' id='word_1_583' title='bbox 342 4631 550 4692; x_wconf 87' lang='grc' dir='ltr'>δουλεία</span> <span class='ocrx_word' id='word_1_584' title='bbox 569 4658 582 4672; x_wconf 80' lang='grc' dir='ltr'><strong><em>ο</em></strong></span> <span class='ocrx_word' id='word_1_585' title='bbox 651 4637 856 4712; x_wconf 73' lang='grc' dir='ltr'>μᾶλλον</span> <span class='ocrx_word' id='word_1_586' title='bbox 912 4626 1002 4694; x_wconf 68' lang='grc' dir='ltr'>οὖν</span> <span class='ocrx_word' id='word_1_587' title='bbox 1058 4626 1332 4720; x_wconf 63' lang='grc' dir='ltr'>⁸ίιπόταξον</span> <span class='ocrx_word' id='word_1_588' title='bbox 1408 4637 1504 4710; x_wconf 77' lang='grc' dir='ltr'>τὴν</span> <span class='ocrx_word' id='word_1_589' title='bbox 1560 4626 1738 4720; x_wconf 77' lang='grc' dir='ltr'>ψυχὴν</span> <span class='ocrx_word' id='word_1_590' title='bbox 1759 4626 1807 4720; x_wconf 48' lang='grc'>,’</span> <span class='ocrx_word' id='word_1_591' title='bbox 1855 4638 1942 4699; x_wconf 77' lang='grc' dir='ltr'>ἵνα</span> 
     </span>
    </p>
   </div>
   <div class='ocr_carea' id='block_1_79' title="bbox 341 4717 1412 4807">
    <p class='ocr_par' dir='ltr' id='par_1_79' title="bbox 341 4717 1412 4807">
     <span class='ocr_line' id='line_1_79' title="bbox 341 4717 1412 4807; baseline 0.007 -28"><span class='ocrx_word' id='word_1_592' title='bbox 341 4723 650 4791; x_wconf 82' lang='grc' dir='ltr'>ἐθελουσίως</span> <span class='ocrx_word' id='word_1_593' title='bbox 717 4723 1022 4805; x_wconf 75' lang='grc' dir='ltr'>-λούσιοςΡ]</span> <span class='ocrx_word' id='word_1_594' title='bbox 1115 4729 1149 4798; x_wconf 89' lang='grc' dir='ltr'>ἡ</span> <span class='ocrx_word' id='word_1_595' title='bbox 1178 4726 1412 4786; x_wconf 82' lang='grc' dir='ltr'>δουλεία.</span> 
     </span>
    </p>
   </div>
   <div class='ocr_carea' id='block_1_80' title="bbox 432 4812 1937 4900">
    <p class='ocr_par' dir='ltr' id='par_1_80' title="bbox 432 4812 1937 4900">
     <span class='ocr_line' id='line_1_80' title="bbox 432 4812 1937 4900; baseline 0.008 -30"><span class='ocrx_word' id='word_1_596' title='bbox 432 4832 463 4869; x_wconf 80' lang='grc' dir='ltr'>(ι</span> <span class='ocrx_word' id='word_1_597' title='bbox 512 4812 606 4886; x_wconf 75' lang='grc' dir='ltr'>Μὴ</span> <span class='ocrx_word' id='word_1_598' title='bbox 653 4816 707 4873; x_wconf 81' lang='grc' dir='ltr'>ἐν</span> <span class='ocrx_word' id='word_1_599' title='bbox 759 4815 1255 4897; x_wconf 77' lang='grc' dir='ltr'>ὀφθαλμοδουλείᾳ,</span> <span class='ocrx_word' id='word_1_600' title='bbox 1289 4820 1362 4886; x_wconf 83' lang='grc' dir='ltr'>ὥς</span> <span class='ocrx_word' id='word_1_601' title='bbox 1398 4817 1852 4900; x_wconf 86' lang='grc' dir='ltr'>ἀνθρωπάρεσκοι.</span> <span class='ocrx_word' id='word_1_602' title='bbox 1912 4847 1937 4873; x_wconf 72' lang='grc' dir='ltr'>ιι</span> 
     </span>
    </p>
   </div>
   <div class='ocr_carea' id='block_1_81' title="bbox 344 4899 1941 4984">
    <p class='ocr_par' dir='ltr' id='par_1_81' title="bbox 344 4899 1941 4984">
     <span class='ocr_line' id='line_1_81' title="bbox 344 4899 1941 4984; baseline 0.006 -24"><span class='ocrx_word' id='word_1_603' title='bbox 344 4899 612 4978; x_wconf 85' lang='grc' dir='ltr'>Ποίησον,</span> <span class='ocrx_word' id='word_1_604' title='bbox 649 4903 781 4984; x_wconf 77' lang='grc' dir='ltr'>φησὶ</span> <span class='ocrx_word' id='word_1_605' title='bbox 802 4950 816 4979; x_wconf 90' lang='grc'>,</span> <span class='ocrx_word' id='word_1_606' title='bbox 859 4904 955 4975; x_wconf 83' lang='grc' dir='ltr'>τὴν</span> <span class='ocrx_word' id='word_1_607' title='bbox 992 4904 1099 4965; x_wconf 84' lang='grc' dir='ltr'>ἀπὸ</span> <span class='ocrx_word' id='word_1_608' title='bbox 1130 4913 1222 4966; x_wconf 89' lang='grc' dir='ltr'>τοῦ</span> <span class='ocrx_word' id='word_1_609' title='bbox 1251 4906 1412 4984; x_wconf 86' lang='grc' dir='ltr'>νόμου</span> <span class='ocrx_word' id='word_1_610' title='bbox 1442 4899 1680 4969; x_wconf 88' lang='grc' dir='ltr'>δουλείαν</span> <span class='ocrx_word' id='word_1_611' title='bbox 1717 4909 1823 4968; x_wconf 85' lang='grc' dir='ltr'>ἀπὸ</span> <span class='ocrx_word' id='word_1_612' title='bbox 1849 4914 1941 4969; x_wconf 84' lang='grc' dir='ltr'>τοῦ</span> 
     </span>
    </p>
   </div>
   <div class='ocr_carea' id='block_1_82' title="bbox 339 4989 1944 5079">
    <p class='ocr_par' dir='ltr' id='par_1_82' title="bbox 339 4989 1944 5079">
     <span class='ocr_line' id='line_1_82' title="bbox 339 4989 1944 5079; baseline 0.006 -29"><span class='ocrx_word' id='word_1_613' title='bbox 339 4989 502 5070; x_wconf 73' lang='grc' dir='ltr'>φόϐου</span> <span class='ocrx_word' id='word_1_614' title='bbox 532 4992 770 5072; x_wconf 88' lang='grc' dir='ltr'>γίνεσθαι</span> <span class='ocrx_word' id='word_1_615' title='bbox 797 4999 890 5054; x_wconf 88' lang='grc' dir='ltr'>τοῦ</span> <span class='ocrx_word' id='word_1_616' title='bbox 939 4997 1196 5078; x_wconf 80' lang='grc' dir='ltr'>Χριστοῦ.</span> <span class='ocrx_word' id='word_1_617' title='bbox 1245 4995 1422 5057; x_wconf 63' lang='grc' dir='ltr'>θοταν</span> <span class='ocrx_word' id='word_1_618' title='bbox 1457 4997 1561 5077; x_wconf 83' lang='grc' dir='ltr'>γὰρ</span> <span class='ocrx_word' id='word_1_619' title='bbox 1601 4996 1675 5074; x_wconf 85' lang='grc' dir='ltr'>μὴ</span> <span class='ocrx_word' id='word_1_620' title='bbox 1722 5002 1944 5079; x_wconf 79' lang='grc' dir='ltr'>δρῶντος</span> 
     </span>
    </p>
   </div>
   <div class='ocr_carea' id='block_1_83' title="bbox 339 5082 1940 5166">
    <p class='ocr_par' dir='ltr' id='par_1_83' title="bbox 339 5082 1940 5166">
     <span class='ocr_line' id='line_1_83' title="bbox 339 5082 1940 5166; baseline 0.007 -30"><span class='ocrx_word' id='word_1_621' title='bbox 339 5083 436 5137; x_wconf 87' lang='grc' dir='ltr'>τοῦ</span> <span class='ocrx_word' id='word_1_622' title='bbox 475 5082 728 5145; x_wconf 84' lang='grc' dir='ltr'>δεσπότου</span> <span class='ocrx_word' id='word_1_623' title='bbox 778 5083 1016 5166; x_wconf 87' lang='grc' dir='ltr'>πράττῃς</span> <span class='ocrx_word' id='word_1_624' title='bbox 1065 5085 1134 5146; x_wconf 81' lang='grc' dir='ltr'>τὰ</span> <span class='ocrx_word' id='word_1_625' title='bbox 1177 5086 1381 5161; x_wconf 85' lang='grc' dir='ltr'>δέοντα,</span> <span class='ocrx_word' id='word_1_626' title='bbox 1424 5088 1580 5161; x_wconf 79' lang='grc' dir='ltr'>δῆλον</span> <span class='ocrx_word' id='word_1_627' title='bbox 1619 5091 1688 5156; x_wconf 80' lang='grc' dir='ltr'>ὡς</span> <span class='ocrx_word' id='word_1_628' title='bbox 1724 5088 1810 5147; x_wconf 82' lang='grc' dir='ltr'>διὰ</span> <span class='ocrx_word' id='word_1_629' title='bbox 1853 5088 1940 5148; x_wconf 84' lang='grc' dir='ltr'>τὸν</span> 
     </span>
    </p>
   </div>
   <div class='ocr_carea' id='block_1_84' title="bbox 341 5170 1943 5258">
    <p class='ocr_par' dir='ltr' id='par_1_84' title="bbox 341 5170 1943 5258">
     <span class='ocr_line' id='line_1_84' title="bbox 341 5170 1943 5258; baseline 0.005 -30"><span class='ocrx_word' id='word_1_630' title='bbox 341 5173 435 5229; x_wconf 88' lang='grc' dir='ltr'>τοῦ</span> <span class='ocrx_word' id='word_1_631' title='bbox 468 5170 610 5233; x_wconf 86' lang='grc' dir='ltr'>Θεοῦ</span> <span class='ocrx_word' id='word_1_632' title='bbox 656 5173 927 5255; x_wconf 77' lang='grc' dir='ltr'>ὀφθαλμὸν</span> <span class='ocrx_word' id='word_1_633' title='bbox 975 5183 1176 5244; x_wconf 79' lang='grc' dir='ltr'>ποιεῖς’</span> <span class='ocrx_word' id='word_1_634' title='bbox 1221 5175 1313 5237; x_wconf 78' lang='grc' dir='ltr'>ἐὰν</span> <span class='ocrx_word' id='word_1_635' title='bbox 1368 5177 1424 5236; x_wconf 87' lang='grc' dir='ltr'>δὲ</span> <span class='ocrx_word' id='word_1_636' title='bbox 1473 5175 1598 5258; x_wconf 64' lang='grc' dir='ltr'>ὅταν</span> <span class='ocrx_word' id='word_1_637' title='bbox 1647 5181 1747 5258; x_wconf 83' lang='grc' dir='ltr'>ὁρᾷ</span> <span class='ocrx_word' id='word_1_638' title='bbox 1782 5180 1810 5236; x_wconf 84' lang='grc' dir='ltr'>ὁ</span> <span class='ocrx_word' id='word_1_639' title='bbox 1852 5179 1943 5236; x_wconf 80' lang='grc' dir='ltr'>δε·-</span> 
     </span>
    </p>
   </div>
   <div class='ocr_carea' id='block_1_85' title="bbox 342 5257 1941 5348">
    <p class='ocr_par' dir='ltr' id='par_1_85' title="bbox 342 5257 1941 5348">
     <span class='ocr_line' id='line_1_85' title="bbox 342 5257 1941 5348; baseline 0.006 -31"><span class='ocrx_word' id='word_1_640' title='bbox 342 5258 543 5333; x_wconf 88' lang='grc' dir='ltr'>σπότης</span> <span class='ocrx_word' id='word_1_641' title='bbox 589 5260 779 5338; x_wconf 85' lang='grc' dir='ltr'>μόνον,</span> <span class='ocrx_word' id='word_1_642' title='bbox 821 5263 941 5324; x_wconf 86' lang='grc' dir='ltr'>τότε</span> <span class='ocrx_word' id='word_1_643' title='bbox 984 5266 1428 5348; x_wconf 85' lang='grc' dir='ltr'>ἀνθρωπάρεσκος</span> <span class='ocrx_word' id='word_1_644' title='bbox 1479 5257 1555 5326; x_wconf 75' lang='grc' dir='ltr'>εἶ·</span> <span class='ocrx_word' id='word_1_645' title='bbox 1607 5257 1840 5335; x_wconf 85' lang='grc' dir='ltr'>τοιοῦτος</span> <span class='ocrx_word' id='word_1_646' title='bbox 1886 5266 1941 5327; x_wconf 77' lang='grc' dir='ltr'>δὲ</span> 
     </span>
    </p>
   </div>
   <div class='ocr_carea' id='block_1_86' title="bbox 343 5347 1939 5440">
    <p class='ocr_par' dir='ltr' id='par_1_86' title="bbox 343 5347 1939 5440">
     <span class='ocr_line' id='line_1_86' title="bbox 343 5347 1939 5440; baseline 0.006 -33"><span class='ocrx_word' id='word_1_647' title='bbox 343 5347 446 5424; x_wconf 80' lang='grc' dir='ltr'>ὢν,</span> <span class='ocrx_word' id='word_1_648' title='bbox 504 5357 697 5411; x_wconf 88' lang='grc' dir='ltr'>σαυτὸν</span> <span class='ocrx_word' id='word_1_649' title='bbox 753 5353 999 5436; x_wconf 79' lang='grc' dir='ltr'>βλάψεις.</span> <span class='ocrx_word' id='word_1_650' title='bbox 1056 5381 1082 5410; x_wconf 74' lang='grc' dir='ltr'>α</span> <span class='ocrx_word' id='word_1_651' title='bbox 1141 5347 1342 5438; x_wconf 87' lang='grc' dir='ltr'>Κύριος</span> <span class='ocrx_word' id='word_1_652' title='bbox 1395 5357 1501 5439; x_wconf 80' lang='grc' dir='ltr'>γὰρ</span> <span class='ocrx_word' id='word_1_653' title='bbox 1571 5357 1939 5440; x_wconf 86' lang='grc' dir='ltr'>διεσκόρπισεν</span> 
     </span>
    </p>
   </div>
   <div class='ocr_carea' id='block_1_87' title="bbox 345 5442 1070 5523">
    <p class='ocr_par' dir='ltr' id='par_1_87' title="bbox 345 5442 1070 5523">
     <span class='ocr_line' id='line_1_87' title="bbox 345 5442 1070 5523; baseline 0 -23"><span class='ocrx_word' id='word_1_654' title='bbox 345 5443 482 5500; x_wconf 80' lang='grc' dir='ltr'>ὀστᾶ</span> <span class='ocrx_word' id='word_1_655' title='bbox 515 5442 997 5523; x_wconf 86' lang='grc' dir='ltr'>ἀνθρωπαρέσκων.</span> <span class='ocrx_word' id='word_1_656' title='bbox 1044 5471 1070 5500; x_wconf 75' lang='grc' dir='ltr'>ι</span> 
     </span>
    </p>
   </div>
   <div class='ocr_carea' id='block_1_88' title="bbox 415 5656 838 5734">
    <p class='ocr_par' dir='ltr' id='par_1_88' title="bbox 415 5656 838 5734">
     <span class='ocr_line' id='line_1_88' title="bbox 415 5656 838 5734; baseline 0.014 -16"><span class='ocrx_word' id='word_1_657' title='bbox 415 5656 442 5694; x_wconf 68' lang='grc' dir='ltr'>δ</span> <span class='ocrx_word' id='word_1_658' title='bbox 467 5663 613 5720; x_wconf 88' lang='lat' dir='ltr'>Psal.</span> <span class='ocrx_word' id='word_1_659' title='bbox 645 5679 752 5734; x_wconf 75' lang='grc' dir='ltr'>ιιι,</span> <span class='ocrx_word' id='word_1_660' title='bbox 783 5673 838 5724; x_wconf 87' lang='lat'>6.</span> 
     </span>
    </p>
   </div>
   <div class='ocr_carea' id='block_1_89' title="bbox 1973 4603 2066 4665">
    <p class='ocr_par' dir='ltr' id='par_1_89' title="bbox 1973 4603 2066 4665">
     <span class='ocr_line' id='line_1_89' title="bbox 1973 4603 2066 4665; baseline 0 0"><span class='ocrx_word' id='word_1_661' title='bbox 1973 4603 2066 4665; x_wconf 54' lang='lat' dir='ltr'>DQ</span> 
     </span>
    </p>
   </div>
   <div class='ocr_carea' id='block_1_90' title="bbox 2052 3383 3655 3454">
    <p class='ocr_par' dir='ltr' id='par_1_90' title="bbox 2052 3383 3655 3454">
     <span class='ocr_line' id='line_1_90' title="bbox 2052 3383 3655 3454; baseline 0.002 -19"><span class='ocrx_word' id='word_1_662' title='bbox 2052 3397 2236 3436; x_wconf 74' lang='lat' dir='ltr'>vocare</span> <span class='ocrx_word' id='word_1_663' title='bbox 2263 3383 2403 3452; x_wconf 83' lang='lat' dir='ltr'>ﬁlios</span> <span class='ocrx_word' id='word_1_664' title='bbox 2429 3388 2652 3447; x_wconf 79' lang='lat' dir='ltr'>vestros,</span> <span class='ocrx_word' id='word_1_665' title='bbox 2690 3400 2758 3438; x_wconf 88' lang='lat' dir='ltr'>ne</span> <span class='ocrx_word' id='word_1_666' title='bbox 2774 3386 2975 3454; x_wconf 79' lang='lat' dir='ltr'>pusillo</span> <span class='ocrx_word' id='word_1_667' title='bbox 3001 3387 3182 3440; x_wconf 89' lang='lat' dir='ltr'>ani-mo</span> <span class='ocrx_word' id='word_1_668' title='bbox 3210 3389 3366 3454; x_wconf 81' lang='lat' dir='ltr'>ﬁant.</span> <span class='ocrx_word' id='word_1_669' title='bbox 3399 3385 3522 3439; x_wconf 81' lang='lat' dir='ltr'>Hoc</span> <span class='ocrx_word' id='word_1_670' title='bbox 3550 3392 3655 3449; x_wconf 89' lang='lat' dir='ltr'>est,</span> 
     </span>
    </p>
   </div>
   <div class='ocr_carea' id='block_1_91' title="bbox 2051 3471 3657 3545">
    <p class='ocr_par' dir='ltr' id='par_1_91' title="bbox 2051 3471 3657 3545">
     <span class='ocr_line' id='line_1_91' title="bbox 2051 3471 3657 3545; baseline 0.002 -19"><span class='ocrx_word' id='word_1_671' title='bbox 2051 3475 2132 3527; x_wconf 86' lang='lat' dir='ltr'>Ne</span> <span class='ocrx_word' id='word_1_672' title='bbox 2161 3471 2345 3526; x_wconf 89' lang='lat' dir='ltr'>omnia</span> <span class='ocrx_word' id='word_1_673' title='bbox 2377 3486 2719 3544; x_wconf 66' lang='lat' dir='ltr'>quascunque</span> <span class='ocrx_word' id='word_1_674' title='bbox 2742 3482 2932 3545; x_wconf 86' lang='lat' dir='ltr'>agunt,</span> <span class='ocrx_word' id='word_1_675' title='bbox 2973 3474 3348 3528; x_wconf 89' lang='lat' dir='ltr'>amarulenter</span> <span class='ocrx_word' id='word_1_676' title='bbox 3372 3481 3429 3528; x_wconf 89' lang='lat' dir='ltr'>et</span> <span class='ocrx_word' id='word_1_677' title='bbox 3467 3483 3657 3529; x_wconf 84' lang='lat' dir='ltr'>exacte</span> 
     </span>
    </p>
   </div>
   <div class='ocr_carea' id='block_1_92' title="bbox 2052 3560 3650 3632">
    <p class='ocr_par' dir='ltr' id='par_1_92' title="bbox 2052 3560 3650 3632">
     <span class='ocr_line' id='line_1_92' title="bbox 2052 3560 3650 3632; baseline 0.003 -18"><span class='ocrx_word' id='word_1_678' title='bbox 2052 3560 2330 3632; x_wconf 87' lang='lat' dir='ltr'>inquirite,</span> <span class='ocrx_word' id='word_1_679' title='bbox 2377 3561 2472 3617; x_wconf 92' lang='lat' dir='ltr'>sed</span> <span class='ocrx_word' id='word_1_680' title='bbox 2512 3561 2766 3632; x_wconf 74' lang='lat' dir='ltr'>quaedam</span> <span class='ocrx_word' id='word_1_681' title='bbox 2801 3579 2832 3617; x_wconf 93' lang='lat' dir='ltr'>a</span> <span class='ocrx_word' id='word_1_682' title='bbox 2869 3563 3026 3617; x_wconf 87' lang='lat' dir='ltr'>vobis</span> <span class='ocrx_word' id='word_1_683' title='bbox 3064 3570 3194 3618; x_wconf 88' lang='lat' dir='ltr'>sunt</span> <span class='ocrx_word' id='word_1_684' title='bbox 3235 3561 3650 3632; x_wconf 91' lang='lat' dir='ltr'>dissimulanda,</span> 
     </span>
    </p>
   </div>
   <div class='ocr_carea' id='block_1_93' title="bbox 2051 3650 3650 3722">
    <p class='ocr_par' dir='ltr' id='par_1_93' title="bbox 2051 3650 3650 3722">
     <span class='ocr_line' id='line_1_93' title="bbox 2051 3650 3650 3722; baseline 0.002 -18"><span class='ocrx_word' id='word_1_685' title='bbox 2051 3665 2121 3706; x_wconf 90' lang='lat' dir='ltr'>ne</span> <span class='ocrx_word' id='word_1_686' title='bbox 2149 3650 2600 3707; x_wconf 87' lang='lat' dir='ltr'>contentiosiores</span> <span class='ocrx_word' id='word_1_687' title='bbox 2637 3666 2732 3707; x_wconf 92' lang='lat' dir='ltr'>eos</span> <span class='ocrx_word' id='word_1_688' title='bbox 2771 3650 3002 3720; x_wconf 85' lang='lat' dir='ltr'>faciatis,</span> <span class='ocrx_word' id='word_1_689' title='bbox 3035 3659 3205 3722; x_wconf 89' lang='lat' dir='ltr'>atque</span> <span class='ocrx_word' id='word_1_690' title='bbox 3246 3652 3305 3706; x_wconf 87' lang='lat' dir='ltr'>in</span> <span class='ocrx_word' id='word_1_691' title='bbox 3349 3666 3650 3708; x_wconf 81' lang='lat' dir='ltr'>maerorem</span> 
     </span>
    </p>
   </div>
   <div class='ocr_carea' id='block_1_94' title="bbox 2047 3740 3651 3814">
    <p class='ocr_par' dir='ltr' id='par_1_94' title="bbox 2047 3740 3651 3814">
     <span class='ocr_line' id='line_1_94' title="bbox 2047 3740 3651 3814; baseline 0.002 -20"><span class='ocrx_word' id='word_1_692' title='bbox 2047 3740 2637 3812; x_wconf 88' lang='lat' dir='ltr'>conjiciatis.0bserva</span> <span class='ocrx_word' id='word_1_693' title='bbox 2686 3749 2871 3796; x_wconf 91' lang='lat' dir='ltr'>autem</span> <span class='ocrx_word' id='word_1_694' title='bbox 2919 3741 3040 3814; x_wconf 89' lang='lat' dir='ltr'>ejus</span> <span class='ocrx_word' id='word_1_695' title='bbox 3090 3740 3450 3812; x_wconf 85' lang='lat' dir='ltr'>sapientiam,</span> <span class='ocrx_word' id='word_1_696' title='bbox 3511 3757 3651 3814; x_wconf 79' lang='lat' dir='ltr'>quo~</span> 
     </span>
    </p>
   </div>
   <div class='ocr_carea' id='block_1_95' title="bbox 2053 3829 3648 3903">
    <p class='ocr_par' dir='ltr' id='par_1_95' title="bbox 2053 3829 3648 3903">
     <span class='ocr_line' id='line_1_95' title="bbox 2053 3829 3648 3903; baseline 0.001 -18"><span class='ocrx_word' id='word_1_697' title='bbox 2053 3830 2222 3887; x_wconf 92' lang='lat' dir='ltr'>modo</span> <span class='ocrx_word' id='word_1_698' title='bbox 2286 3829 2568 3903; x_wconf 81' lang='lat' dir='ltr'>infregerit</span> <span class='ocrx_word' id='word_1_699' title='bbox 2615 3839 2887 3902; x_wconf 89' lang='lat' dir='ltr'>parentes,</span> <span class='ocrx_word' id='word_1_700' title='bbox 2941 3846 3249 3901; x_wconf 90' lang='lat' dir='ltr'>eorumque</span> <span class='ocrx_word' id='word_1_701' title='bbox 3294 3829 3503 3886; x_wconf 87' lang='lat' dir='ltr'>viscera</span> <span class='ocrx_word' id='word_1_702' title='bbox 3561 3832 3648 3886; x_wconf 90' lang='lat' dir='ltr'>in-</span> 
     </span>
    </p>
   </div>
   <div class='ocr_carea' id='block_1_96' title="bbox 2051 3919 3646 3992">
    <p class='ocr_par' dir='ltr' id='par_1_96' title="bbox 2051 3919 3646 3992">
     <span class='ocr_line' id='line_1_96' title="bbox 2051 3919 3646 3992; baseline 0.001 -18"><span class='ocrx_word' id='word_1_703' title='bbox 2051 3919 2264 3976; x_wconf 86' lang='lat' dir='ltr'>ﬂexerit</span> <span class='ocrx_word' id='word_1_704' title='bbox 2295 3935 2390 3992; x_wconf 92' lang='lat' dir='ltr'>per</span> <span class='ocrx_word' id='word_1_705' title='bbox 2416 3920 2521 3975; x_wconf 87' lang='lat' dir='ltr'>hoc</span> <span class='ocrx_word' id='word_1_706' title='bbox 2559 3919 2705 3992; x_wconf 89' lang='lat' dir='ltr'>quod</span> <span class='ocrx_word' id='word_1_707' title='bbox 2733 3919 2894 3990; x_wconf 84' lang='lat' dir='ltr'>dixit,</span> <span class='ocrx_word' id='word_1_708' title='bbox 2939 3923 3017 3978; x_wconf 88' lang='lat' dir='ltr'>Nc</span> <span class='ocrx_word' id='word_1_709' title='bbox 3050 3921 3250 3990; x_wconf 81' lang='lat' dir='ltr'>pus-illo</span> <span class='ocrx_word' id='word_1_710' title='bbox 3283 3922 3419 3990; x_wconf 81' lang='lat' dir='ltr'>ﬁant</span> <span class='ocrx_word' id='word_1_711' title='bbox 3443 3922 3646 3975; x_wconf 86' lang='lat' dir='ltr'>animo.</span> 
     </span>
    </p>
   </div>
   <div class='ocr_carea' id='block_1_97' title="bbox 2051 4009 3650 4083">
    <p class='ocr_par' dir='ltr' id='par_1_97' title="bbox 2051 4009 3650 4083">
     <span class='ocr_line' id='line_1_97' title="bbox 2051 4009 3650 4083; baseline -0.001 -17"><span class='ocrx_word' id='word_1_712' title='bbox 2051 4009 2317 4066; x_wconf 90' lang='lat' dir='ltr'>Universa</span> <span class='ocrx_word' id='word_1_713' title='bbox 2356 4010 2502 4066; x_wconf 85' lang='lat' dir='ltr'>enim</span> <span class='ocrx_word' id='word_1_714' title='bbox 2535 4017 2825 4083; x_wconf 90' lang='lat' dir='ltr'>parentum</span> <span class='ocrx_word' id='word_1_715' title='bbox 2861 4026 2993 4066; x_wconf 91' lang='lat' dir='ltr'>cura</span> <span class='ocrx_word' id='word_1_716' title='bbox 3023 4009 3078 4065; x_wconf 90' lang='lat' dir='ltr'>in</span> <span class='ocrx_word' id='word_1_717' title='bbox 3107 4009 3214 4067; x_wconf 87' lang='lat' dir='ltr'>hoc</span> <span class='ocrx_word' id='word_1_718' title='bbox 3256 4009 3548 4080; x_wconf 88' lang='lat' dir='ltr'>incumbit,</span> <span class='ocrx_word' id='word_1_719' title='bbox 3579 4025 3650 4065; x_wconf 83' lang='lat' dir='ltr'>ne</span> 
     </span>
    </p>
   </div>
   <div class='ocr_carea' id='block_1_98' title="bbox 2053 4099 2828 4173">
    <p class='ocr_par' dir='ltr' id='par_1_98' title="bbox 2053 4099 2828 4173">
     <span class='ocr_line' id='line_1_98' title="bbox 2053 4099 2828 4173; baseline 0.001 -18"><span class='ocrx_word' id='word_1_720' title='bbox 2053 4099 2210 4156; x_wconf 88' lang='lat' dir='ltr'>liberi</span> <span class='ocrx_word' id='word_1_721' title='bbox 2236 4099 2452 4173; x_wconf 90' lang='lat' dir='ltr'>dejecto</span> <span class='ocrx_word' id='word_1_722' title='bbox 2481 4100 2592 4157; x_wconf 90' lang='lat' dir='ltr'>siut</span> <span class='ocrx_word' id='word_1_723' title='bbox 2618 4100 2828 4157; x_wconf 89' lang='lat' dir='ltr'>animo.</span> 
     </span>
    </p>
   </div>
   <div class='ocr_carea' id='block_1_99' title="bbox 2124 4192 3648 4264">
    <p class='ocr_par' dir='ltr' id='par_1_99' title="bbox 2124 4192 3648 4264">
     <span class='ocr_line' id='line_1_99' title="bbox 2124 4192 3648 4264; baseline 0.001 -19"><span class='ocrx_word' id='word_1_724' title='bbox 2124 4193 2311 4248; x_wconf 74' lang='lat' dir='ltr'>Vsus.</span> <span class='ocrx_word' id='word_1_725' title='bbox 2348 4196 2435 4246; x_wconf 86' lang='lat'>22.</span> <span class='ocrx_word' id='word_1_726' title='bbox 2469 4193 2640 4260; x_wconf 83' lang='lat' dir='ltr'>Servi,</span> <span class='ocrx_word' id='word_1_727' title='bbox 2681 4192 2888 4247; x_wconf 81' lang='lat' dir='ltr'>obedite</span> <span class='ocrx_word' id='word_1_728' title='bbox 2912 4208 3014 4264; x_wconf 79' lang='lat' dir='ltr'>per</span> <span class='ocrx_word' id='word_1_729' title='bbox 3043 4193 3226 4248; x_wconf 84' lang='lat' dir='ltr'>omnia</span> <span class='ocrx_word' id='word_1_730' title='bbox 3264 4192 3498 4247; x_wconf 80' lang='lat' dir='ltr'>dominis</span> <span class='ocrx_word' id='word_1_731' title='bbox 3531 4207 3648 4246; x_wconf 82' lang='lat' dir='ltr'>car-</span> 
     </span>
    </p>
   </div>
   <div class='ocr_carea' id='block_1_100' title="bbox 2050 4281 3651 4354">
    <p class='ocr_par' dir='ltr' id='par_1_100' title="bbox 2050 4281 3651 4354">
     <span class='ocr_line' id='line_1_100' title="bbox 2050 4281 3651 4354; baseline 0.002 -19"><span class='ocrx_word' id='word_1_732' title='bbox 2050 4283 2290 4338; x_wconf 88' lang='lat' dir='ltr'>nalibus.</span> <span class='ocrx_word' id='word_1_733' title='bbox 2330 4282 2532 4339; x_wconf 88' lang='lat' dir='ltr'>Statim</span> <span class='ocrx_word' id='word_1_734' title='bbox 2558 4281 2648 4354; x_wconf 89' lang='lat' dir='ltr'>jus</span> <span class='ocrx_word' id='word_1_735' title='bbox 2689 4281 3018 4339; x_wconf 81' lang='lat' dir='ltr'>obedientiae</span> <span class='ocrx_word' id='word_1_736' title='bbox 3057 4282 3238 4354; x_wconf 86' lang='lat' dir='ltr'>ipsum</span> <span class='ocrx_word' id='word_1_737' title='bbox 3267 4281 3410 4338; x_wconf 90' lang='lat' dir='ltr'>servi</span> <span class='ocrx_word' id='word_1_738' title='bbox 3447 4297 3651 4338; x_wconf 91' lang='lat' dir='ltr'>nomen</span> 
     </span>
    </p>
   </div>
   <div class='ocr_carea' id='block_1_101' title="bbox 2052 4371 3651 4444">
    <p class='ocr_par' dir='ltr' id='par_1_101' title="bbox 2052 4371 3651 4444">
     <span class='ocr_line' id='line_1_101' title="bbox 2052 4371 3651 4444; baseline 0.001 -18"><span class='ocrx_word' id='word_1_739' title='bbox 2052 4371 2240 4428; x_wconf 90' lang='lat' dir='ltr'>attulit</span> <span class='ocrx_word' id='word_1_740' title='bbox 2285 4391 2297 4428; x_wconf 95' lang='lat'>:</span> <span class='ocrx_word' id='word_1_741' title='bbox 2351 4371 2470 4440; x_wconf 86' lang='lat' dir='ltr'>sed,</span> <span class='ocrx_word' id='word_1_742' title='bbox 2517 4387 2589 4428; x_wconf 89' lang='lat' dir='ltr'>ne</span> <span class='ocrx_word' id='word_1_743' title='bbox 2630 4371 2752 4428; x_wconf 90' lang='lat' dir='ltr'>illos</span> <span class='ocrx_word' id='word_1_744' title='bbox 2800 4379 3051 4444; x_wconf 86' lang='lat' dir='ltr'>angeret,</span> <span class='ocrx_word' id='word_1_745' title='bbox 3111 4372 3344 4441; x_wconf 90' lang='lat' dir='ltr'>addidit,</span> <span class='ocrx_word' id='word_1_746' title='bbox 3397 4375 3651 4428; x_wconf 85' lang='lat' dir='ltr'>Dominis</span> 
     </span>
    </p>
   </div>
   <div class='ocr_carea' id='block_1_102' title="bbox 2053 4462 3649 4534">
    <p class='ocr_par' dir='ltr' id='par_1_102' title="bbox 2053 4462 3649 4534">
     <span class='ocr_line' id='line_1_102' title="bbox 2053 4462 3649 4534; baseline -0.001 -17"><span class='ocrx_word' id='word_1_747' title='bbox 2053 4463 2383 4518; x_wconf 78' lang='lat' dir='ltr'>carnalibus.</span> <span class='ocrx_word' id='word_1_748' title='bbox 2435 4462 2624 4518; x_wconf 89' lang='lat' dir='ltr'>Potior</span> <span class='ocrx_word' id='word_1_749' title='bbox 2672 4463 2824 4518; x_wconf 92' lang='lat' dir='ltr'>enim</span> <span class='ocrx_word' id='word_1_750' title='bbox 2871 4463 2952 4519; x_wconf 90' lang='lat' dir='ltr'>tui</span> <span class='ocrx_word' id='word_1_751' title='bbox 2999 4478 3144 4534; x_wconf 90' lang='lat' dir='ltr'>pars,</span> <span class='ocrx_word' id='word_1_752' title='bbox 3193 4463 3400 4530; x_wconf 88' lang='lat' dir='ltr'>anima,</span> <span class='ocrx_word' id='word_1_753' title='bbox 3448 4463 3649 4534; x_wconf 89' lang='lat' dir='ltr'>inquit,</span> 
     </span>
    </p>
   </div>
   <div class='ocr_carea' id='block_1_103' title="bbox 2052 4549 3648 4622">
    <p class='ocr_par' dir='ltr' id='par_1_103' title="bbox 2052 4549 3648 4622">
     <span class='ocr_line' id='line_1_103' title="bbox 2052 4549 3648 4622; baseline 0 -16"><span class='ocrx_word' id='word_1_754' title='bbox 2052 4559 2134 4608; x_wconf 86' lang='lat' dir='ltr'>est</span> <span class='ocrx_word' id='word_1_755' title='bbox 2162 4551 2362 4619; x_wconf 89' lang='lat' dir='ltr'>libera&#39;;</span> <span class='ocrx_word' id='word_1_756' title='bbox 2398 4551 2629 4608; x_wconf 90' lang='lat' dir='ltr'>servitus</span> <span class='ocrx_word' id='word_1_757' title='bbox 2655 4559 2736 4607; x_wconf 91' lang='lat' dir='ltr'>est</span> <span class='ocrx_word' id='word_1_758' title='bbox 2763 4551 3095 4622; x_wconf 88' lang='lat' dir='ltr'>temporaria</span> <span class='ocrx_word' id='word_1_759' title='bbox 3143 4569 3157 4608; x_wconf 89' lang='lat'><strong>:</strong></span> <span class='ocrx_word' id='word_1_760' title='bbox 3189 4550 3437 4606; x_wconf 88' lang='lat' dir='ltr'>animam</span> <span class='ocrx_word' id='word_1_761' title='bbox 3479 4549 3648 4622; x_wconf 71' lang='grc'>495</span> 
     </span>
    </p>
   </div>
   <div class='ocr_carea' id='block_1_104' title="bbox 2052 4639 3652 4715">
    <p class='ocr_par' dir='ltr' id='par_1_104' title="bbox 2052 4639 3652 4715">
     <span class='ocr_line' id='line_1_104' title="bbox 2052 4639 3652 4715; baseline 0 -19"><span class='ocrx_word' id='word_1_762' title='bbox 2052 4641 2215 4714; x_wconf 83' lang='lat' dir='ltr'>igitur</span> <span class='ocrx_word' id='word_1_763' title='bbox 2279 4641 2465 4715; x_wconf 89' lang='lat' dir='ltr'>potius</span> <span class='ocrx_word' id='word_1_764' title='bbox 2525 4641 2798 4699; x_wconf 88' lang='lat' dir='ltr'>submitte</span> <span class='ocrx_word' id='word_1_765' title='bbox 2854 4649 3028 4709; x_wconf 88' lang='lat' dir='ltr'>tuam,</span> <span class='ocrx_word' id='word_1_766' title='bbox 3088 4648 3151 4696; x_wconf 89' lang='lat' dir='ltr'>ut</span> <span class='ocrx_word' id='word_1_767' title='bbox 3220 4639 3523 4697; x_wconf 88' lang='lat' dir='ltr'>voluntaria</span> <span class='ocrx_word' id='word_1_768' title='bbox 3581 4641 3652 4696; x_wconf 92' lang='lat' dir='ltr'>sit</span> 
     </span>
    </p>
   </div>
   <div class='ocr_carea' id='block_1_105' title="bbox 2049 4732 2305 4790">
    <p class='ocr_par' dir='ltr' id='par_1_105' title="bbox 2049 4732 2305 4790">
     <span class='ocr_line' id='line_1_105' title="bbox 2049 4732 2305 4790; baseline 0.004 -1"><span class='ocrx_word' id='word_1_769' title='bbox 2049 4732 2305 4790; x_wconf 89' lang='lat' dir='ltr'>servitus.</span> 
     </span>
    </p>
   </div>
   <div class='ocr_carea' id='block_1_106' title="bbox 2121 4820 3652 4892">
    <p class='ocr_par' dir='ltr' id='par_1_106' title="bbox 2121 4820 3652 4892">
     <span class='ocr_line' id='line_1_106' title="bbox 2121 4820 3652 4892; baseline -0.003 -12"><span class='ocrx_word' id='word_1_770' title='bbox 2121 4825 2239 4880; x_wconf 82' lang='lat' dir='ltr'>Non</span> <span class='ocrx_word' id='word_1_771' title='bbox 2279 4823 2353 4877; x_wconf 88' lang='lat' dir='ltr'>ad</span> <span class='ocrx_word' id='word_1_772' title='bbox 2395 4820 2608 4878; x_wconf 87' lang='lat' dir='ltr'>oculum</span> <span class='ocrx_word' id='word_1_773' title='bbox 2652 4824 2961 4886; x_wconf 80' lang='lat' dir='ltr'>servientes,</span> <span class='ocrx_word' id='word_1_774' title='bbox 2997 4823 3158 4892; x_wconf 87' lang='lat' dir='ltr'>quasi</span> <span class='ocrx_word' id='word_1_775' title='bbox 3194 4821 3503 4877; x_wconf 83' lang='lat' dir='ltr'>hominibus</span> <span class='ocrx_word' id='word_1_776' title='bbox 3529 4821 3652 4892; x_wconf 84' lang='lat' dir='ltr'>pla-</span> 
     </span>
    </p>
   </div>
   <div class='ocr_carea' id='block_1_107' title="bbox 2051 4911 3648 4985">
    <p class='ocr_par' dir='ltr' id='par_1_107' title="bbox 2051 4911 3648 4985">
     <span class='ocr_line' id='line_1_107' title="bbox 2051 4911 3648 4985; baseline 0 -18"><span class='ocrx_word' id='word_1_777' title='bbox 2051 4917 2244 4968; x_wconf 82' lang='lat' dir='ltr'>centes.</span> <span class='ocrx_word' id='word_1_778' title='bbox 2273 4911 2468 4982; x_wconf 84' lang='lat' dir='ltr'>Efﬁce,</span> <span class='ocrx_word' id='word_1_779' title='bbox 2503 4911 2714 4985; x_wconf 90' lang='lat' dir='ltr'>inquit,</span> <span class='ocrx_word' id='word_1_780' title='bbox 2747 4919 2810 4968; x_wconf 90' lang='lat' dir='ltr'>ut</span> <span class='ocrx_word' id='word_1_781' title='bbox 2832 4912 3072 4969; x_wconf 89' lang='lat' dir='ltr'>servitus</span> <span class='ocrx_word' id='word_1_782' title='bbox 3097 4927 3164 4968; x_wconf 78' lang='lat' dir='ltr'>ex</span> <span class='ocrx_word' id='word_1_783' title='bbox 3195 4911 3311 4985; x_wconf 88' lang='lat' dir='ltr'>lege</span> <span class='ocrx_word' id='word_1_784' title='bbox 3338 4911 3546 4980; x_wconf 87' lang='lat' dir='ltr'>debita,</span> <span class='ocrx_word' id='word_1_785' title='bbox 3581 4926 3648 4968; x_wconf 83' lang='lat' dir='ltr'>ex</span> 
     </span>
    </p>
   </div>
   <div class='ocr_carea' id='block_1_108' title="bbox 2051 5002 3651 5060">
    <p class='ocr_par' dir='ltr' id='par_1_108' title="bbox 2051 5002 3651 5060">
     <span class='ocr_line' id='line_1_108' title="bbox 2051 5002 3651 5060; baseline -0.001 -1"><span class='ocrx_word' id='word_1_786' title='bbox 2051 5011 2204 5060; x_wconf 91' lang='lat' dir='ltr'>metu</span> <span class='ocrx_word' id='word_1_787' title='bbox 2251 5002 2454 5060; x_wconf 90' lang='lat' dir='ltr'>Christi</span> <span class='ocrx_word' id='word_1_788' title='bbox 2506 5003 2618 5059; x_wconf 86' lang='lat' dir='ltr'>ﬁat.</span> <span class='ocrx_word' id='word_1_789' title='bbox 2661 5004 2803 5060; x_wconf 88' lang='lat' dir='ltr'>Cum</span> <span class='ocrx_word' id='word_1_790' title='bbox 2851 5003 3002 5059; x_wconf 90' lang='lat' dir='ltr'>enim</span> <span class='ocrx_word' id='word_1_791' title='bbox 3048 5002 3184 5058; x_wconf 91' lang='lat' dir='ltr'>hero</span> <span class='ocrx_word' id='word_1_792' title='bbox 3232 5017 3346 5058; x_wconf 91' lang='lat' dir='ltr'>non</span> <span class='ocrx_word' id='word_1_793' title='bbox 3391 5009 3651 5058; x_wconf 91' lang='lat' dir='ltr'>cernente</span> 
     </span>
    </p>
   </div>
   <div class='ocr_carea' id='block_1_109' title="bbox 2051 5091 3652 5166">
    <p class='ocr_par' dir='ltr' id='par_1_109' title="bbox 2051 5091 3652 5166">
     <span class='ocr_line' id='line_1_109' title="bbox 2051 5091 3652 5166; baseline -0.002 -16"><span class='ocrx_word' id='word_1_794' title='bbox 2051 5091 2277 5150; x_wconf 84' lang='lat' dir='ltr'>functus</span> <span class='ocrx_word' id='word_1_795' title='bbox 2313 5092 2487 5150; x_wconf 87' lang='lat' dir='ltr'>fueris</span> <span class='ocrx_word' id='word_1_796' title='bbox 2512 5092 2690 5150; x_wconf 86' lang='lat' dir='ltr'>ﬁdelis</span> <span class='ocrx_word' id='word_1_797' title='bbox 2730 5093 2875 5150; x_wconf 86' lang='lat' dir='ltr'>servi</span> <span class='ocrx_word' id='word_1_798' title='bbox 2922 5091 3127 5162; x_wconf 75' lang='lat' dir='ltr'>officio,</span> <span class='ocrx_word' id='word_1_799' title='bbox 3161 5093 3515 5166; x_wconf 88' lang='lat' dir='ltr'>perspicuum</span> <span class='ocrx_word' id='word_1_800' title='bbox 3567 5100 3652 5149; x_wconf 89' lang='lat' dir='ltr'>est</span> 
     </span>
    </p>
   </div>
   <div class='ocr_carea' id='block_1_110' title="bbox 2049 5181 3650 5257">
    <p class='ocr_par' dir='ltr' id='par_1_110' title="bbox 2049 5181 3650 5257">
     <span class='ocr_line' id='line_1_110' title="bbox 2049 5181 3650 5257; baseline -0.001 -18"><span class='ocrx_word' id='word_1_801' title='bbox 2049 5182 2200 5257; x_wconf 88' lang='lat' dir='ltr'>quod</span> <span class='ocrx_word' id='word_1_802' title='bbox 2227 5183 2299 5241; x_wconf 91' lang='lat' dir='ltr'>ob</span> <span class='ocrx_word' id='word_1_803' title='bbox 2329 5184 2430 5241; x_wconf 93' lang='lat' dir='ltr'>Dei</span> <span class='ocrx_word' id='word_1_804' title='bbox 2469 5184 2695 5242; x_wconf 91' lang='lat' dir='ltr'>oculum</span> <span class='ocrx_word' id='word_1_805' title='bbox 2723 5183 2904 5240; x_wconf 90' lang='lat' dir='ltr'>istbuc</span> <span class='ocrx_word' id='word_1_806' title='bbox 2945 5198 3106 5256; x_wconf 83' lang='lat' dir='ltr'>agas;</span> <span class='ocrx_word' id='word_1_807' title='bbox 3151 5181 3196 5240; x_wconf 90' lang='lat' dir='ltr'>si</span> <span class='ocrx_word' id='word_1_808' title='bbox 3226 5191 3412 5240; x_wconf 88' lang='lat' dir='ltr'>autem</span> <span class='ocrx_word' id='word_1_809' title='bbox 3440 5183 3650 5239; x_wconf 87' lang='lat' dir='ltr'>solum-</span> 
     </span>
    </p>
   </div>
   <div class='ocr_carea' id='block_1_111' title="bbox 2051 5271 3652 5347">
    <p class='ocr_par' dir='ltr' id='par_1_111' title="bbox 2051 5271 3652 5347">
     <span class='ocr_line' id='line_1_111' title="bbox 2051 5271 3652 5347; baseline -0.002 -16"><span class='ocrx_word' id='word_1_810' title='bbox 2051 5273 2220 5331; x_wconf 89' lang='lat' dir='ltr'>modo</span> <span class='ocrx_word' id='word_1_811' title='bbox 2249 5289 2379 5331; x_wconf 88' lang='lat' dir='ltr'>cum</span> <span class='ocrx_word' id='word_1_812' title='bbox 2407 5273 2574 5332; x_wconf 90' lang='lat' dir='ltr'>herus</span> <span class='ocrx_word' id='word_1_813' title='bbox 2601 5274 2981 5347; x_wconf 85' lang='lat' dir='ltr'>conspexerit,</span> <span class='ocrx_word' id='word_1_814' title='bbox 3021 5282 3155 5329; x_wconf 89' lang='lat' dir='ltr'>tunc</span> <span class='ocrx_word' id='word_1_815' title='bbox 3181 5271 3497 5328; x_wconf 88' lang='lat' dir='ltr'>hominibus</span> <span class='ocrx_word' id='word_1_816' title='bbox 3533 5273 3652 5345; x_wconf 90' lang='lat' dir='ltr'>pla-</span> 
     </span>
    </p>
   </div>
   <div class='ocr_carea' id='block_1_112' title="bbox 2051 5360 3650 5435">
    <p class='ocr_par' dir='ltr' id='par_1_112' title="bbox 2051 5360 3650 5435">
     <span class='ocr_line' id='line_1_112' title="bbox 2051 5360 3650 5435; baseline -0.002 -16"><span class='ocrx_word' id='word_1_817' title='bbox 2051 5378 2161 5419; x_wconf 91' lang='lat' dir='ltr'>ces.</span> <span class='ocrx_word' id='word_1_818' title='bbox 2220 5363 2371 5420; x_wconf 90' lang='lat' dir='ltr'>Talis</span> <span class='ocrx_word' id='word_1_819' title='bbox 2422 5372 2614 5421; x_wconf 90' lang='lat' dir='ltr'>autem</span> <span class='ocrx_word' id='word_1_820' title='bbox 2661 5363 2708 5421; x_wconf 93' lang='lat' dir='ltr'>si</span> <span class='ocrx_word' id='word_1_821' title='bbox 2770 5361 2953 5432; x_wconf 86' lang='lat' dir='ltr'>fueris,</span> <span class='ocrx_word' id='word_1_822' title='bbox 3011 5363 3246 5435; x_wconf 89' lang='lat' dir='ltr'>teipsum</span> <span class='ocrx_word' id='word_1_823' title='bbox 3302 5361 3505 5418; x_wconf 89' lang='lat' dir='ltr'>damno</span> <span class='ocrx_word' id='word_1_824' title='bbox 3562 5360 3650 5417; x_wconf 83' lang='lat' dir='ltr'>af-</span> 
     </span>
    </p>
   </div>
   <div class='ocr_carea' id='block_1_113' title="bbox 2052 5451 3655 5524">
    <p class='ocr_par' dir='ltr' id='par_1_113' title="bbox 2052 5451 3655 5524">
     <span class='ocr_line' id='line_1_113' title="bbox 2052 5451 3655 5524; baseline -0.002 -15"><span class='ocrx_word' id='word_1_825' title='bbox 2052 5453 2204 5510; x_wconf 84' lang='lat' dir='ltr'>ﬁcies</span> <span class='ocrx_word' id='word_1_826' title='bbox 2255 5471 2270 5510; x_wconf 88' lang='lat'><strong>:</strong></span> <span class='ocrx_word' id='word_1_827' title='bbox 2330 5457 2596 5512; x_wconf 85' lang='lat' dir='ltr'>Dominus</span> <span class='ocrx_word' id='word_1_828' title='bbox 2661 5456 2803 5512; x_wconf 87' lang='lat' dir='ltr'>enim</span> <span class='ocrx_word' id='word_1_829' title='bbox 2868 5453 3123 5524; x_wconf 82' lang='lat' dir='ltr'>dispersit</span> <span class='ocrx_word' id='word_1_830' title='bbox 3169 5467 3291 5511; x_wconf 89' lang='lat' dir='ltr'>ossa</span> <span class='ocrx_word' id='word_1_831' title='bbox 3351 5451 3655 5509; x_wconf 83' lang='lat' dir='ltr'>hominibus</span> 
     </span>
    </p>
   </div>
   <div class='ocr_carea' id='block_1_114' title="bbox 2043 5537 2455 5614">
    <p class='ocr_par' dir='ltr' id='par_1_114' title="bbox 2043 5537 2455 5614">
     <span class='ocr_line' id='line_1_114' title="bbox 2043 5537 2455 5614; baseline 0.007 -16"><span class='ocrx_word' id='word_1_832' title='bbox 2043 5544 2380 5614; x_wconf 84' lang='lat' dir='ltr'>placentium</span> <span class='ocrx_word' id='word_1_833' title='bbox 2405 5537 2455 5601; x_wconf 75' lang='grc'>⁸³.</span> 
     </span>
    </p>
   </div>
   <div class='ocr_carea' id='block_1_115' title="bbox 1740 5749 2282 5812">
    <p class='ocr_par' dir='ltr' id='par_1_115' title="bbox 1740 5749 2282 5812">
     <span class='ocr_line' id='line_1_115' title="bbox 1740 5749 2282 5812; baseline 0.006 -3"><span class='ocrx_word' id='word_1_834' title='bbox 1740 5749 1930 5810; x_wconf 72' lang='lat' dir='ltr'>Variae</span> <span class='ocrx_word' id='word_1_835' title='bbox 1978 5750 2282 5812; x_wconf 88' lang='lat' dir='ltr'>lectiones.</span> 
     </span>
    </p>
   </div>
   <div class='ocr_carea' id='block_1_116' title="bbox 412 5833 834 5908">
    <p class='ocr_par' dir='ltr' id='par_1_116' title="bbox 412 5833 834 5908">
     <span class='ocr_line' id='line_1_116' title="bbox 412 5833 834 5908; baseline 0.005 -18"><span class='ocrx_word' id='word_1_836' title='bbox 412 5833 456 5869; x_wconf 77' lang='grc'>⁸³</span> <span class='ocrx_word' id='word_1_837' title='bbox 483 5853 748 5908; x_wconf 79' lang='grc' dir='ltr'>παραπικρ.</span> <span class='ocrx_word' id='word_1_838' title='bbox 779 5852 834 5894; x_wconf 93' lang='lat'>0.</span> 
     </span>
    </p>
   </div>
  </div>
