4104 6442
442 453 577 508 i267
1459 444 1977 503 THEOPHYLACTI
2014 445 2372 504 BULGARl/‘E
2410 446 2726 505 ARCHIEP.
3614 444 3756 500 £268

512 574 619 634 Sed
656 578 716 630 in
776 575 1124 646 simplicitate
1162 572 1338 628 cordis
1387 577 1681 629 metuentes
1733 575 2024 630 Dominum.

2238 596 2266 630 α
2300 572 2440 634 Ἀλλ’
2485 575 2537 633 ἐν
2580 572 2844 646 ἁπλότητι
2890 570 3112 652 καρδίας
3160 568 3476 651 φοϐούμενοι
3512 566 3603 628 τὸν
3642 569 3757 629 Κύ-

439 670 561 724 Hoc
598 665 746 723 enim
793 673 879 721 est
920 671 1162 720 metuere
1204 662 1534 732 Dominum,
1563 662 1787 735 quando
1814 663 2024 719 nemine

2150 685 2282 742 ριον.
2342 685 2373 722 ›)
2411 665 2589 723 Τοῦτο
2614 663 2717 744 γάρ
2751 666 2864 723 ἐστι
2909 661 3189 745 φοϐεῖσθαι
3228 660 3316 720 τὸν
3357 657 3580 740 Κύριον,
3624 657 3754 717 ὅταν

441 756 658 814 vidente
704 755 839 812 nihil
879 753 1097 827 agimus
1126 752 1259 809 mali
1305 771 1319 809 :
1353 752 1474 809 hac
1516 761 1703 809 autem
1732 752 1919 810 cordis
1959 762 2024 809 est

2149 752 2372 828 μηδενὸς
2433 757 2655 834 ὁρῶντος
2677 798 2693 827 ,
2756 754 2920 830 μηδὲν
2960 752 3285 833 πράττωμεν
3327 747 3527 809 κακόν·
3589 753 3753 807 τοῦτο

442 846 786 919 simplicitas,
823 860 936 901 non
967 843 1035 900 ad
1078 842 1334 899 homines
1377 842 1666 915 respicere.
1713 843 1823 913 Qui
1851 842 2024 899 homi-

2146 842 2200 900 δὲ
2237 843 2331 901 καὶ
2379 844 2615 916 ἁπλότης
2660 847 2754 915 τῆς
2781 841 3029 922 καρδίας,
3071 838 3237 920 τὸμὴ
3264 839 3394 920 πρὸς
3443 836 3754 919 ἀνθρώπους

441 937 604 994 nibus
628 936 791 1010 igitur
815 934 1014 1007 placet,
1042 949 1154 989 non
1183 941 1267 989 est
1296 932 1548 1004 simplex.

2148 935 2296 1013 δρᾷν.
2346 932 2404 993 Ἀ
2415 957 2480 1014 ρα
2500 923 2590 994 οὖν
2622 938 2651 993 ὁ
2675 932 3117 1015 ἀνθρωπάρεσκος
3147 932 3249 1011 οὐχ
3274 930 3501 996 ἁπλοῦς.

509 1031 687 1085 Vnus.
714 1031 807 1084 23.
836 1029 909 1083 Et
932 1023 1288 1096 quodcunque
1318 1024 1526 1093 facitis,
1563 1038 1631 1079 er
1654 1025 1834 1079 animo
1854 1039 2024 1094 opera-

2241 1045 2271 1082 ιι
2315 1024 2421 1085 Καὶ
2479 1032 2585 1083 πᾶν
2622 1021 2651 1082 ὃ
2690 1020 2780 1082 ἰὰν
2830 1026 3019 1094 ποιῆτε
3039 1066 3058 1099 ,
3099 1024 3159 1083 ἐκ
3211 1022 3386 1100 ψυχῆς
3426 1017 3708 1098 ἐργάζεσθε
3730 1062 3749 1096 ,

442 1120 601 1182 mini,
633 1121 898 1187 tanquam
929 1117 1173 1177 Domi-no,
1211 1118 1261 1168 et
1300 1128 1406 1168 non
1435 1112 1763 1170 hominibus.
1793 1115 1920 1170 Non
1949 1128 2024 1170 s0

2143 1121 2215 1186 ὣς
2237 1118 2312 1199 τῷ
2346 1113 2528 1197 Κυρίῳ
2548 1160 2562 1186 ,
2596 1111 2689 1173 καὶ
2719 1114 2815 1172 οὐκ
2863 1112 3181 1192 ἀνθρώποις.
3210 1132 3239 1169 ι)
3281 1109 3364 1171 Οὐ
3410 1107 3567 1186 μόνον
3614 1110 3750 1167 61:0-

445 1210 558 1264 lum
583 1222 613 1263 a
638 1204 1013 1271 simulatione,
1040 1218 1232 1259 verum
1261 1202 1427 1257 etiam
1458 1218 1487 1258 a
1517 1210 1741 1275 torpore
1770 1217 1867 1260 cos
1901 1202 2024 1259 libe-

2145 1196 2400 1286 κρίσεως,
2458 1201 2597 1263 ἀλλὰ
2624 1201 2717 1263 καὶ
2773 1202 2957 1283 ἀργίας
3007 1198 3196 1266 αὐτοὺς
3230 1196 3579 1286 ἀπηλλάχθαι
3615 1196 3750 1286 βού-

438 1297 543 1355 rari
601 1296 753 1368 cupit
797 1314 811 1351 :
865 1294 977 1350 imo
1030 1293 1180 1365 ipsos
1220 1307 1318 1364 pro
1393 1292 1565 1348 servis
1632 1292 1836 1349 liberos
1889 1292 2024 1363 facit,

2146 1284 2328 1358 λεται.
2384 1295 2609 1356 Μᾶλλον
2664 1292 2720 1352 δὲ
2766 1291 3064 1370 ἐλευθέρως
3117 1287 3306 1356 αὐτοὺς
3366 1284 3483 1346 ἀντὶ
3547 1285 3750 1346 δούλων

437 1387 639 1460 quippe
674 1384 768 1457 qui
798 1400 911 1440 non
938 1398 1076 1455 opus
1112 1381 1350 1438 habeant
1383 1380 1738 1439 dominorum
1780 1382 2024 1454 imperio.

2142 1395 2308 1460 ποιεῖ,
2362 1383 2488 1443 ὅταν
2528 1382 2605 1461 μὴ
2648 1383 2872 1441 δέωνται
2912 1385 3006 1454 τῆς
3035 1383 3141 1440 τῶν
3186 1380 3459 1439 δεσποτῶν
3517 1377 3747 1435 ἐπιστα-

440 1475 602 1548 Quod
643 1474 792 1531 enim
835 1474 935 1543 ait,
975 1475 1063 1529 Ea:
1089 1475 1292 1536 animo,
1322 1471 1428 1528 hoc
1466 1480 1573 1542 est,
1613 1488 1745 1528 cum
1791 1472 2024 1530 benevo-

2142 1476 2280 1544 σίας.
2318 1473 2399 1535 Τὸ
2439 1473 2565 1553 γὰρ,
2608 1493 2635 1529 (ι
2665 1474 2770 1533 Ἐκ
2811 1475 3020 1552 ψυχῆς,
3050 1493 3080 1530 ››
3135 1469 3291 1529 τοῦτό
3331 1469 3482 1541 ἐστι,
3526 1464 3587 1525 τὸ
3623 1467 3749 1543 μετ’

439 1566 624 1633 lentia,
668 1580 782 1621 non
822 1580 950 1620 cum
995 1562 1180 1620 servili
1219 1562 1576 1633 necessitate,
1622 1560 1721 1619 sed
1767 1562 1935 1620 libere
1979 1572 2024 1621 et

2142 1566 2341 1633 εὐνοίας
2364 1610 2379 1638 ,
2449 1562 2525 1641 μὴ
2578 1560 2714 1640 μετὰ
2786 1562 3033 1634 δουλικῗμς
3088 1558 3359 1637 ἀνάγκης,
3413 1556 3554 1617 ἀλλὰ
3601 1554 3743 1634 μετὰ

439 1655 749 1712 voluntario
777 1654 970 1711 facere.
2140 1654 2434 1734 ἐλευθερίας
2464 1651 2555 1712 καὶ
2586 1649 2944 1732 προαιρέσεως
2969 1653 3161 1712 ποιεῖν.

508 1749 691 1803 Vsus.
730 1751 816 1801 24.
846 1747 1076 1802 Scientes
1116 1743 1269 1814 quod
1314 1759 1349 1798 a
1391 1744 1613 1800 Domino
1655 1746 1929 1815 accipietis
1957 1760 2024 1800 rei

2224 1770 2255 1800 οι
2316 1742 2532 1810 Είδότες
2591 1742 2673 1804 ὅτι
2740 1741 2848 1801 ἀπὸ
2909 1740 3110 1821 Κυρίου
3169 1739 3404 1819 λήψεσθε
3458 1734 3557 1809 τὴν
3615 1736 3743 1794 ἀντ-

437 1837 780 1891 tributionem
834 1835 1182 1891 hcereditatis.
1235 1832 1457 1889 Domini
1520 1834 1670 1889 enim
1726 1849 1838 1890 non
1883 1848 2024 1907 saepe

2141 1835 2394 1895 απόδοσιν
2429 1837 2525 1906 τῆς
2558 1830 2937 1912 κληρονομίας.
2968 1850 2998 1889 ι)
3037 1831 3110 1890 Οἱ
3133 1828 3229 1907 μὲν
3253 1830 3357 1909 γὰρ
3389 1824 3641 1886 δεσπόται
3680 1826 3744 1884 οὗ

432 1941 620 1982 servos
664 1924 909 1982 haeredes
956 1923 1200 1995 faciunt,
1251 1922 1465 1980 etiamsi
1510 1922 1691 1980 decies
1728 1924 1924 1981 millies
1953 1925 2024 1982 eis

2139 1930 2354 1986 ποιοῦσι
2410 1923 2668 1989 πολλάκις
2732 1919 3094 2001 κληρονόμους
3149 1917 3272 1986 τοὺς
3331 1916 3578 1986 δούλους,
3634 1913 3739 1973 κᾶν

431 2014 568 2072 bene
588 2013 874 2073 servierint
902 2035 914 2072 :
947 2014 1222 2071 Dominus
1247 2021 1430 2070 autem
1452 2012 1787 2071 hereditatis
1819 2029 1945 2087 qum
1972 2014 2024 2070 in

2140 2015 2388 2096 μυριάκις
2452 2017 2629 2080 αὐτοῖς
2677 2013 2855 2078 καλῶς
2913 2009 3295 2071 δουλεύσωσιν·
3347 2011 3376 2067 ὃ
3419 2006 3475 2066 δὲ
3533 2005 3738 2096 Κύριος

429 2105 587 2162 coelis
628 2112 731 2175 est,
766 2103 1185 2161 retributionem
1227 2102 1383 2160 vobis
1424 2102 1598 2173 dabit,
1627 2104 1672 2161 si
1710 2104 2024 2162 benevolen-

2137 2110 2231 2179 τῆς
2303 2106 2358 2165 ἓν
2436 2102 2677 2185 οὐρανοῖς
2754 2099 3111 2183 κληρονομίας
3197 2097 3293 2172 τὴν
3384 2095 3745 2185 ἀνταπόδοσιν

429 2193 565 2252 tiam
598 2210 729 2269 erga
755 2193 1015 2253 dominos
1042 2190 1390 2251 custodiatis.

499 2375 725 2431 Domino
762 2376 905 2431 enim
940 2374 1150 2431 Christo
1183 2375 1415 2431 servitis.
1453 2373 1557 2445 Qui
1584 2372 1839 2432 ordinem
1878 2375 2032 2434 vobis

431 2463 582 2521 hunc
604 2464 894 2523 destinavit
920 2471 975 2521 et
994 2464 1419 2537 subjectionem.
1450 2462 1613 2536 Quod
1642 2472 1834 2522 autem
1857 2466 2029 2523 servi-

442 2554 605 2611 vietis
638 2553 891 2624 Christo,
933 2555 1157 2627 planum
1186 2562 1272 2612 est
1298 2569 1367 2612 ex
1404 2568 1471 2612 eo
1501 2553 1651 2628 quod
1687 2552 1801 2628 ipse
1839 2554 1915 2613 sit
1941 2570 2033 2613 ve-

439 2652 553 2702 ster
576 2652 984 2703 remunerator.

497 2736 681 2793 Vnus.
720 2740 811 2791 24.
843 2737 951 2804 Qui
990 2739 1177 2793 autem
1216 2736 1485 2807 injuriam
1512 2737 1679 2806 facit,
1711 2736 1931 2808 recipiet
1967 2737 2031 2792 id

424 2825 570 2897 quod
594 2826 780 2896 inique
808 2828 1003 2895 gessit,
1032 2830 1081 2880 et
1108 2841 1215 2883 non
1243 2831 1319 2883 est
1344 2842 1741 2898 personnarum
1768 2826 2026 2896 acceptio.

424 2917 624 2972 Servus
665 2923 852 2972 autem
896 2912 989 2986 qui
1018 2912 1316 2969 dominum
1356 2926 1522 2969 suum
1564 2912 1648 2968 vel
1693 2912 2030 2986 negligenter

423 3002 739 3074 serviendo,
774 3003 859 3061 vel
890 3019 980 3061 res
1024 3002 1224 3060 heriles
1258 2999 1581 3059 suffurando
1611 3002 1808 3074 injuria
1833 3001 2024 3072 al'ﬁcit,

2138 2194 2298 2255 δώσει
2353 2197 2476 2274 ὑμῖν
2489 2184 2515 2269 ,ί
2561 2190 2653 2254 ἐὰν
2715 2190 2926 2253 εὔνοιαν
2971 2189 3276 2272 φυλάττητε
3316 2188 3450 2269 πρὸς
3485 2184 3604 2255 τοὺς
3650 2185 3745 2245 δε·-

2140 2285 2367 2354 σπότας.

2219 2402 2245 2428 ι
2276 2377 2373 2455 Τῷ
2417 2370 2521 2453 γὰρ
2568 2368 2751 2453 Κυρίῳ
2782 2372 3003 2451 Χριστῷ
3056 2367 3348 2431 δουλεύετε.
3385 2395 3409 2421 ι
3455 2368 3552 2447 Τῷ
3594 2364 3745 2455 τάξιν

2141 2454 2563 2538 νομοθετήσαντι
2629 2462 2720 2521 καὶ
2785 2458 3082 2538 ὑποταγήν.
3156 2456 3291 2520 Ὅτι
3343 2455 3401 2518 δὲ
3467 2454 3748 2517 δουλεύετε

2136 2555 2392 2636 Χριστῷ,
2447 2554 2603 2625 δῆλον
2656 2553 2718 2612 lx
2763 2555 2856 2611 τοῦ
2890 2549 3045 2610 αὐτὸν
3094 2540 3229 2610 εἶναι
3288 2551 3413 2627 ὑμῖν
3457 2546 3547 2607 τὸν
3579 2551 3747 2626 μισθ-

2139 2643 2429 2717 αποδότην.

2217 2760 2242 2789 ι
2290 2732 2360 2795 ⁸0
2409 2732 2464 2792 δὲ
2502 2731 2698 2792 ἀδικῶν
2750 2729 3032 2809 κομίσεται
3081 2727 3111 2789 δ
3161 2728 3422 2804 ἠδίκησε,
3489 2726 3583 2787 καὶ
3642 2726 3743 2784 οὐκ

2137 2821 2251 2883 ἔστι
2317 2819 2767 2905 προσωποληψία.
2832 2845 2857 2873 ι
2911 2819 2981 2882 Ὀ
3042 2817 3099 2879 δὲ
3164 2821 3363 2879 ἀδικῶν
3415 2818 3597 2884 δοῦλος
3649 2814 3743 2876 τὸν

2137 2911 2430 2987 δεσπότην,
2485 2911 2521 2985 ἢ
2576 2914 2629 2972 ἂν
2683 2914 2761 2992 τῷ
2813 2911 3028 2987 ἀμελῶς
3086 2905 3349 2969 δουλεύειν
3376 2955 3393 2980 ,
3456 2906 3491 2979 ἢ
3546 2910 3599 2968 ἐν
3663 2910 3746 2989 τῷ

2137 3002 2477 3083 νοσφίζεσθαι
2550 2999 2619 3060 τὰ
2689 2998 3010 3073 δεσποτικὰ,
3078 2997 3178 3071 τὴν
3253 2995 3587 3076 ἀντιμισθίαν
3638 2995 3748 3065 ἕξει

424 3094 736 3153 mercedem
769 3110 802 3151 a
832 3097 952 3151 Deo
979 3092 1143 3151 feret.
1177 3094 1302 3149 Non
1342 3093 1492 3149 enim
1529 3106 1886 3165 personarum
1930 3108 2024 3149 ac-

2141 3094 2287 3173 παρὰ
2331 3097 2422 3188 τοῦ
2470 3096 2637 3188 Θεοῖξ.
2707 3092 2790 3188 Ού
2839 3090 2945 3188 γάρ
3000 3092 3115 3150 ἐστι
3169 3085 3647 3188 προσωπολήπτης
3695 3092 3746 3188 ..ὁ

423 3192 614 3256 ceptor
635 3191 718 3241 est
758 3186 932 3253 Deus,
965 3191 1027 3240 ut
1059 3183 1388 3239 misereatur
1428 3182 1593 3251 servi,
1635 3197 1739 3239 ceu
1780 3180 2022 3241 inﬁrmae

2137 3183 2305 3262 Θεὸς,
2347 3181 2435 3241 ἵνα
2488 3181 2683 3262 ἐλεήσῃ
2726 3179 2816 3241 τὸν
2869 3181 3054 3241 δοῦλον
3097 3182 3169 3247 ὡς
3209 3178 3421 3247 ἀσθενὲς
3459 3178 3642 3257 μέρος·
3687 3176 3745 3247 ὅς

425 3273 619 3344 partis,
657 3272 751 3346 qui
795 3272 910 3345 lege
954 3272 1207 3341 sancivit,
1244 3287 1314 3328 ne
1346 3270 1520 3345 judex
1566 3272 1818 3345 pauperis
1865 3273 2028 3330 mise-

427 3370 612 3418 reatur
651 3362 705 3420 in
741 3362 989 3436 judicioj
1016 3406 1031 3419 .
1074 3362 1170 3422 Vel
1200 3362 1360 3420 aliter
1404 3362 1799 3420 :Christianus
1840 3378 2030 3420 servus

423 3452 679 3510 Graecum
716 3461 776 3509 et
803 3451 1080 3510 inﬁdelem
1113 3453 1311 3511 herum
1347 3452 1551 3526 injuria
1597 3450 1865 3524 afﬁciens,
1914 3468 2025 3510 non

424 3542 722 3600 arbitretur
773 3558 1070 3601 evasurum
1125 3559 1247 3602 sese
1302 3543 1849 3602 condemnationem.
1902 3546 2027 3601 Non

417 3633 566 3689 enim
594 3648 955 3705 personarum
982 3642 1235 3707 acceptor
1260 3642 1345 3692 est
1379 3633 1662 3700 Christus,
1689 3642 1754 3691 ut
1787 3633 1891 3707 ipsi
1924 3649 2026 3692 ceu

418 3721 727 3780 Christiano
754 3724 1003 3781 remittat
1027 3724 1179 3797 quod
1220 3723 1486 3782 adversus
1531 3723 1814 3782 inﬁdelem
1841 3724 2025 3782 domi-

419 3828 559 3869 num
588 3812 834 3885 deliquit.
869 3813 987 3870 Etsi
1015 3821 1204 3871 autem
1229 3814 1299 3871 ad
1335 3830 1535 3873 servos
1563 3814 1811 3872 videatur
1841 3813 2026 3871 dicere

420 3900 587 3966 istud,
612 3905 731 3962 Non
766 3908 845 3959 est
864 3919 1229 3974 personarum
1260 3909 1531 3977 respectus
1557 3922 1577 3961 :
1600 3902 1812 3962 domini
1832 3911 2025 3961 tamen

420 3988 526 4047 hoc
549 3991 716 4048 etiam
741 4007 844 4049 ceu
872 3991 1003 4064 ipsis
1029 3991 1364 4050 conveniens
1392 3992 1692 4066 accipiant.

930 4125 1103 4199 496
1131 4128 1381 4185 CAPUT
1418 4128 1513 4184 1v.

493 4264 680 4322 Vsus.
705 4268 756 4319 1.
780 4267 1029 4336 Domini,
1052 4266 1198 4336 quod
1206 4266 1421 4337 justum
1440 4271 1519 4323 est
1550 4271 1600 4322 et
1618 4283 1835 4339 aequum
1854 4272 2022 4325 seruis

415 4358 694 4425 prastate.
725 4353 871 4425 Quid
910 4363 996 4412 est
1014 4355 1264 4429 justum?
1293 4359 1449 4428 Ipsos
1477 4372 1577 4430 pro
1615 4356 1895 4416 laboribus
1928 4374 2023 4417 re-

2136 3298 2202 3354 γε
2245 3278 2337 3334 καὶ
2384 3271 2472 3333 διὰ
2511 3276 2607 3332 τοῦ⁹
2652 3269 2816 3348 νόμου
2861 3268 3158 3352 προσέταξε
3202 3270 3279 3346 μὴ
3309 3271 3474 3330 ὶλεεῖν
3522 3267 3740 3349 πτωχὸν

2137 3366 2190 3424 ἐν
2239 3362 2434 3444 κρίσει.
2491 3359 2568 3423 ἺΙ
2617 3361 2710 3423 καὶ
2759 3360 2963 3429 ἄλλως
3033 3360 3104 3422 ⁸0
3180 3358 3502 3439 Χριστιανὸς
3560 3360 3743 3426 δοῦλος

2137 3454 2335 3514 ἀδικῶν
2364 3450 2614 3527 Ἕλληνα
2660 3452 2956 3528 δεσπότην,
2992 3449 3068 3529 μὴ
3102 3449 3293 3511 οἰέσθω
3321 3456 3392 3518 ὡς
3432 3450 3744 3532 ἐκφεύξεται

2132 3542 2231 3617 τὴν
2305 3543 2643 3624 κατάκρισιν.
2704 3543 2787 3604 Οὗ
2844 3541 2950 3621 γάρ
3001 3542 3115 3600 ἐστι
3171 3539 3637 3620 προσωπολήπτης
3711 3541 3744 3597 δ

2134 3633 2386 3714 Χριστὸς,
2440 3630 2530 3693 ἵνα
2562 3634 2706 3711 αὐτῷ
2753 3634 2825 3699 ὥς
2872 3632 3185 3712 Χριστιανῷ
3234 3632 3343 3711 ἀφῇ
3370 3630 3432 3689 τὸ
3478 3628 3606 3709 πρὸς
3649 3626 3744 3687 τὸν

2131 3723 2383 3796 ⁰Ελληνα
2421 3721 2683 3793 δεσπότην
2716 3719 3042 3801 ἁμάρτημα.
3096 3718 3217 3780 Κᾶν
3270 3718 3403 3801 πρὸς
3450 3717 3571 3786 τοὺς
3610 3715 3742 3777 δού-

2131 3817 2255 3881 λους
2284 3813 2339 3873 δὲ
2379 3813 2509 3891 δοκῇ
2552 3811 2725 3888 λέγειν
2754 3810 2838 3886 τὸ,
2873 3836 2900 3863 ιι
2927 3811 3049 3870 Οὔκ
3073 3808 3186 3869 ἔστι
3223 3807 3680 3889 προσωπληψία,
3714 3834 3742 3858 ι

2136 3900 2257 3963 ἀλλ’
2309 3892 2399 3962 οὖν
2446 3900 2539 3961 καὶ
2569 3902 2619 3960 οἱ
2658 3898 2916 3961 δεσπόται
2964 3896 3412 3980 ὕποδεχέσθωσαν
3460 3902 3616 3958 τοῦτο
3645 3896 3742 3957 καὶ

2132 3997 2201 4062 ὣς
2241 3993 2419 4061 αὐτοῖς
2447 3990 2698 4072 ἁρμόζον.

2722 4124 3016 4185 ΚΕΦΑΛ.
3051 4122 3139 4186 Δ’.

2212 4287 2237 4315 α
2259 4262 2331 4322 Οἱ
2370 4258 2573 4340 κύριοι,
2599 4258 2661 4320 τὸ
2706 4259 2909 4320 δίκαιον
2944 4258 3037 4318 καὶ
3075 4255 3177 4330 τὴν
3218 4256 3447 4332 ἰσότητα
3478 4258 3587 4323 τοῖς
3628 4254 3752 4316 δού-

2128 4353 2238 4420 λοις
2274 4348 2578 4431 παρέχεσθε
2608 4349 2681 4390 ⁸³·
2712 4375 2738 4405 ι
2774 4349 2850 4412 Τί
2889 4351 3004 4410 ἐστι
3033 4348 3094 4409 τὸ
3125 4349 3371 4419 δίκαιον;
3410 4347 3493 4409 Τὸ
3529 4343 3751 4423 ἀμείϐε-

421 4457 731 4512 munerare,
800 4459 1102 4517 rerumque
1169 4446 1423 4503 omnium
1479 4447 1701 4520 copiam
1764 4448 2020 4522 suppedi-

2137 4446 2251 4501 σθαι
2302 4438 2498 4509 αὐτοὺς
2552 4442 2656 4501 τῶν
2710 4437 2916 4514 πόνων,
2991 4437 3083 4500 καὶ
3142 4438 3361 4500 πάντων
3414 4439 3468 4497 ἐν
3521 4435 3753 4544 ἀφθονίᾳ

419 4541 556 4601 tare,
595 4549 699 4591 nec
740 4534 1063 4607 permittere
1107 4544 1171 4593 ut
1210 4536 1384 4594 aliena
1413 4552 1516 4610 ope
1552 4536 1856 4612 indigeant.
1893 4541 2021 4597 Non

2137 4535 2384 4612 καθιστᾷν
2408 4575 2426 4604 ,
2484 4530 2577 4590 καὶ
2630 4528 2707 4607 μὴ
2769 4530 2862 4611 ὶᾷν
2939 4528 3134 4611 ἑτέρων
3197 4530 3419 4591 δεῖσθαι.
3489 4524 3586 4599 Μὴ
3643 4523 3753 4605 γὰρ

418 4623 569 4681 enim
613 4633 907 4698 postquam
939 4624 1195 4682 audivisti
1238 4625 1389 4699 quod
1431 4643 1462 4684 a
1491 4630 1611 4685 Deo
1653 4628 1769 4685 sint
1802 4643 2021 4686 merce-

418 4712 549 4770 dem
578 4714 876 4786 accepturi,
925 4722 988 4771 tu
1015 4730 1111 4772 eos
1153 4714 1393 4789 privabis
1434 4716 1505 4773 iis
1552 4716 1625 4785 ad
1651 4732 1777 4791 quas
1805 4726 1868 4777 tu
1910 4719 2014 4777 ob-

419 4802 727 4878 stringeris.

488 4894 725 4951 Scientes
769 4894 917 4966 quod
959 4899 1013 4951 et
1045 4910 1136 4951 vos
1165 4898 1466 4954 Dominum
1494 4897 1705 4957 habetis
1752 4901 1815 4956 in
1853 4899 2017 4956 caelis.

418 4983 650 5041 Perinde
676 4999 743 5041 ac
778 4984 855 5041 illi
882 4999 982 5043 vos
1008 4983 1268 5043 dominos
1298 4986 1528 5059 habent,
1574 4989 1657 5046 sic
1698 4997 1755 5047 et
1779 5005 1879 5047 vos
1902 4991 2021 5047 Do-

418 5073 638 5132 minum
664 5071 895 5132 habetis.
934 5076 1060 5146 Qua
1100 5074 1270 5150 igitur
1294 5092 1556 5137 mensura
1594 5079 1777 5137 mensi
1807 5077 2023 5138 fueritis

416 5162 609 5220 vestris
643 5163 836 5233 servis,
879 5163 1139 5222 metietur
1183 5173 1240 5223 et
1279 5166 1436 5225 vobis
1467 5167 1742 5227 Dominus
1769 5178 1949 5227 vester
1978 5171 2016 5227 ί.

417 5252 536 5322 Vel,
568 5251 700 5324 quia
740 5260 798 5310 et
835 5268 937 5310 vos
966 5269 1096 5311 cum
1143 5254 1253 5314 illis
1290 5256 1548 5316 eumdem
1575 5256 1790 5317 habetis
1812 5259 2019 5317 Domi-

416 5357 572 5413 num,
602 5342 789 5416 itaque
826 5350 1093 5417 tanquam
1124 5348 1407 5406 conservis
1439 5363 1538 5406 vos
1570 5347 1702 5421 ipsis
1738 5348 2014 5408 exhibete.

416 5432 529 5490 Hic
554 5432 708 5490 enim
731 5447 1093 5493 communem
1120 5436 1439 5496 servitutem
1469 5437 1617 5497 fecit.

486 5521 665 5578 Vens.
693 5526 750 5578 2.
776 5523 1032 5580 Orationi
1050 5526 1271 5595 instate,
1302 5529 1598 5597 vigilantes
1625 5532 1685 5586 in
1711 5545 1775 5588 ea
1799 5529 1856 5585 in
1884 5545 2014 5598 gra-

507 5619 723 5676 ‘Levit.
762 5633 901 5691 χιχ,
935 5629 1021 5679 15.
1117 5625 1291 5681 jLuc.
1317 5640 1407 5698 vr,
1433 5629 1520 5684 88.

2134 4619 2317 4693 ἐπειδὴ
2368 4620 2603 4695 ἤκουσας
2659 4619 2743 4680 ὅτι
2782 4619 2889 4679 ἀπὸ
2956 4624 3096 4684 Θεοῦ
3151 4619 3336 4699 ἔχουσι
3386 4618 3479 4679 τὸν
3520 4614 3742 4694 μισθὸν,

2136 4709 2512 4792 ἀποστερήσῃς
2548 4709 2613 4770 σὺ
2655 4708 2844 4778 αὐτοὺς
2875 4712 2981 4770 τῶν
3015 4707 3164 4790 παρὰ
3197 4713 3294 4771 σοῦ
3330 4706 3740 4791 ὦφειλημίνων.

2217 4917 2243 4946 α
2288 4888 2504 4958 Εἰδότες
2550 4887 2634 4950 ὅτι
2682 4888 2776 4950 καὶ
2815 4889 2965 4966 ὓμεῖς
3008 4888 3160 4971 ἔχετε
3217 4885 3417 4969 Κύρων
3461 4888 3518 4946 ἐν
3571 4887 3742 4968 οὖρα-

2130 4983 2255 5050 νοῖς.
2294 5006 2319 5032 ιο
2362 4979 2583 5062 Ἵζσπερ
2604 4984 2805 5062 ,ἐκεῖνοι
2857 4983 2995 5058 ὑμᾶς
3009 5023 3027 5055 ,
3078 4979 3218 5040 οὕτω
3263 4978 3356 5039 καὶ
3398 4979 3550 5055 ὕμεῖς
3588 4975 3743 5056 ἔχετε

2135 5069 2355 5152 Κύριον.
2433 5059 2514 5156 ’τῼ
2555 5059 2661 5130 οὖν
2731 5069 2911 5151 μέτρῳ
2980 5077 3224 5150 μετρεῖτε
3298 5075 3410 5137 τοῖς
3465 5064 3742 5156 ὑμετέροις

2132 5159 2336 5228 δούλοις
2358 5204 2376 5239 ,
2419 5154 2682 5243 μετρήσει
2723 5159 2818 5220 καὶ
2848 5160 2972 5238 ὑμῖν
3004 5163 3033 5221 ὃ
3068 5157 3265 5240 Κύριος
3312 5160 3477 5237 ὓμῶν.
3507 5154 3587 5217 Ἢ
3606 5199 3624 5228 ,
3656 5154 3742 5215 ὅτι

2130 5248 2246 5312 Καὶ
2284 5255 2436 5328 ὑμεῖς
2467 5249 2585 5331 μετ’
2614 5250 2830 5310 ἐκείνων
2876 5248 3029 5331 ἔχετε
3069 5248 3291 5329 Κύριον,
3337 5246 3475 5307 ὥστε
3507 5248 3580 5313 ὥς
3609 5248 3743 5322 ὁμο-

2128 5339 2332 5407 δούλοις
2379 5340 2757 5422 προσφίρεσθε.
2789 5339 3058 5402 Ἐνταῦθα
3101 5338 3208 5422 γὰρ
3252 5336 3440 5409 κοινὴν
3481 5335 3579 5409 τὴν
3611 5336 3736 5396 δου-

2129 5431 2278 5489 λείαν
2318 5430 2558 5503 ἐποίησε.

2198 5545 2224 5575 ει
2285 5522 2371 5601 Τῇ
2446 5523 2723 5603 προσευχῇ
2792 5520 3247 5603 προσκαρτεσεῖτε
3262 5564 3280 5594 ,
3341 5519 3733 5597 γρηγοροῦντας

1833 5698 2023 5767 Varia:
2067 5699 2375 5765 lectiones.

488 5777 532 5812 ⁸³
561 5778 801 5853 παρέχετε
826 5794 878 5837 o.
