4104 6482
416 454 541 506 1271

1431 443 1945 501 THEOPHYLACTI
1981 443 2341 501 BULGARIE
2378 445 2694 502 ARCHIEP.

3583 443 3724 496 1272

411 591 509 648 per
537 573 1031 632 mansuetudinem
1073 571 1222 644 ipsos
1254 570 1328 628 ad
1357 570 1804 645 praedicationem
1843 578 2018 628 attra-

2133 570 2468 650 ποιήσωμεν,
2508 572 2593 632 διὰ
2649 576 2742 645 τῆς
2781 570 3066 639 ἐπιεικείας
3117 568 3304 636 αὖτοὺς
3365 567 3728 651 προσάγοντες

409 667 618 723 hentes.

483 759 660 812 Vnus.
692 761 743 811 6.
785 757 965 812 Sermo
1012 757 1185 809 vester
1229 767 1436 823 semper
1473 754 1533 806 in
1577 754 1757 820 gratia
1793 753 1904 806 sale
1949 753 2019 805 sit

412 846 674 902 conditus.
725 844 976 901 Sermoni
1027 850 1206 899 vestro
1251 841 1382 897 insit
1420 840 1760 913 jucunditas,
1812 839 2014 912 inquit;

409 943 796 992 verumtamen
840 934 895 990 in
939 932 1331 989 scurrilitatem
1362 930 1570 1002 absque
1609 931 1720 988 ullo
1759 945 2016 1002 persona-

413 1042 543 1082 rum
571 1024 887 1081 discrimine
915 1039 1028 1079 non
1075 1021 1298 1089 incidat,
1348 1036 1526 1092 neque
1568 1020 2017 1087 dissolutionem,

414 1113 510 1172 sed
552 1113 854 1186 stringendi
917 1112 1026 1168 vim
1059 1111 1282 1179 habeat;
1327 1110 1383 1165 id
1428 1110 1576 1166 enim
1620 1110 1698 1165 sal
1744 1109 1950 1166 indicat
2002 1125 2015 1163 :

417 1219 595 1276 neque
619 1203 696 1260 sis
734 1218 899 1274 supra
944 1199 1178 1258 modum
1216 1199 1516 1273 jucundus,
1546 1215 1646 1256 nec
1684 1215 1849 1271 supra
1894 1214 2015 1254 mo-

411 1293 550 1350 dum
575 1301 826 1349 austerus
858 1313 870 1348 :
919 1289 1392 1363 quemadmodum
1419 1289 1571 1346 cibus
1601 1289 1646 1345 si
1677 1288 1790 1346 sale
1813 1296 2016 1356 careat,

412 1381 743 1455 injucundus
772 1389 851 1436 est
886 1400 899 1436 :
940 1381 986 1437 si
1035 1395 1164 1435 vero
1210 1378 1507 1452 praesalsus
1557 1378 1648 1445 sit,
1707 1378 1886 1450 gustui
1938 1385 2022 1434 est

413 1471 664 1543 ingratus
686 1470 914 1526 omnino
938 1488 952 1524 :
983 1479 1217 1541 utroquc
1261 1476 1449 1523 autem
1477 1467 1648 1523 modo
1673 1466 1757 1523 edi
1787 1483 1896 1522 non
1929 1483 2021 1538 po-

413 1569 542 1616 test.
576 1563 773 1616 Nonne
801 1559 954 1615 vides
995 1559 1302 1624 Danielem,
1334 1573 1571 1629 quanam
1600 1558 1812 1614 ratione
1840 1558 2020 1615 homi-

414 1667 544 1709 nem
573 1651 805 1722 impium
837 1653 1024 1706 curet?
1065 1652 1268 1705 Nonne
1297 1649 1450 1704 vides
1477 1657 1586 1704 tres
1616 1665 1836 1720 pueros,
1878 1665 2020 1720 quo-

419 1739 593 1796 modo
623 1739 762 1795 nihil
809 1754 1068 1811 asperum
1108 1745 1204 1794 aut
1229 1737 1550 1805 molestum,
1581 1735 1680 1794 sed
1723 1737 2000 1795 fortitudi-

2124 665 2200 743 τῷ
2230 661 2554 743 κηρύγματι.

2207 781 2230 803 κ
2262 750 2330 811 Ὀ
2374 751 2527 831 λόγος
2573 756 2718 831 ὓμῶν
2769 753 2998 812 πάντοτε
3051 755 3103 812 ἐν
3148 751 3332 831 χάριτι
3365 747 3524 807 ἅλατι
3560 751 3726 826 ἠρτυ-

2127 840 2297 918 μένος.
2341 869 2366 894 »
2408 841 2617 922 Ἐχέτω
2662 842 2792 920 μὲν,
2835 843 3008 923 φησὶ,
3057 837 3436 922 χαριεντισμὸν
3490 841 3518 895 δ
3574 839 3730 915 λόγος

2125 935 2305 1008 ὑμῶν·
2361 929 2504 1003 πλὴν
2558 931 2632 1009 μὴ
2682 934 2752 999 εἰς
2795 931 3109 1012 ἀδιαφορίαν
3162 930 3214 978 ⁸9
3278 926 3576 988 ἔκπιπτέτω
3634 926 3731 984 καὶ

2126 1021 2365 1094 ἔκλυσιν,
2413 1021 2534 1080 ἀλλ’
2570 1021 2706 1081 ἔστω
2749 1021 2839 1081 καὶ
2881 1021 3116 1103 στύφων·
3171 1024 3327 1078 τοῦτο
3354 1015 3458 1098 γὰρ
3502 1015 3563 1075 τὸ
3595 1015 3731 1110 ἅλαξ

2127 1112 2300 1183 δηλοῖ.
2332 1111 2490 1183 Μήτε
2519 1111 2654 1192 πέρα
2688 1117 2784 1170 τοῦ
2815 1111 3007 1193 μέτρου
3041 1109 3286 1190 ἐπίχαρις
3317 1110 3408 1167 ἔσο
3427 1152 3443 1180 ,
3465 1105 3627 1193 ῌμήτε
3658 1105 3730 1164 αὖ

2131 1201 2414 1280 αὐστηρός·
2445 1199 2627 1280 ὥσπερ
2656 1201 2718 1260 τὸ
2755 1204 2984 1281 βρῶμα,
3022 1201 3111 1260 ἐάν
3148 1223 3206 1258 τε
3240 1199 3432 1258 ἄναλον
3462 1187 3533 1277 ᾗ,
3567 1194 3731 1268 ἀηδές

2129 1294 2298 1350 ἐστιν’
2341 1290 2428 1349 ἐάν
2472 1315 2528 1350 τε
2565 1291 2798 1364 ἁλυκὸν,
2832 1291 3198 1370 ἀπαράδεκτον
3251 1288 3384 1354 ὅλως
3523 1285 3732 1364 γεύσειο

2132 1379 2441 1462 ἀμφοτέρως
2497 1381 2551 1439 δὲ
2599 1380 2859 1462 ἄϐρωτον.
2912 1383 3036 1460 Οὐχ
3080 1384 3204 1460 ὁρᾷς
3245 1377 3332 1436 τὸν
3373 1377 3576 1449 Δανιὴλ
3619 1380 3733 1442 πῶς

2133 1469 2402 1549 ἄνθρωπον
2474 1468 2643 1542 ἀσεϐῆ
2704 1469 3020 1549 θεραπεύει;
3085 1471 3185 1548 οὐχ
3245 1471 3372 1548 ὁρᾷς
3420 1463 3540 1532 τοὺς
3590 1472 3731 1544 τρεῖς

2131 1560 2356 1630 παῖδας,
2405 1563 2474 1626 ὡς
2521 1558 2666 1618 οὐδὲν
2711 1558 2875 1639 θρασὺ
2920 1558 3012 1617 καὶ
3053 1557 3306 1638 ἐπαχθὲς,
3357 1555 3475 1612 ἀλλ’
3508 1554 3728 1633 ἀνδρίαν

2131 1649 2222 1708 καὶ
2271 1649 2575 1730 παρῤησίαν
2627 1648 3026 1720 ἐπεδείκνυντο;
3084 1648 3163 1708 Τὸ
3221 1644 3324 1726 γὰρ
3377 1643 3726 1724 θρασύνεσθαι

2133 1741 2226 1797 οὐκ
2254 1737 2367 1797 ἔστι
2395 1737 2696 1819 παρρησίας
2714 1783 2732 1814 ,
2762 1737 2902 1796 ἀλλὰ
2937 1736 3255 1806 κενοδοξίας.

412 1845 540 1885 nem
589 1837 643 1885 et
705 1827 1015 1886 libertatem
1067 1826 1468 1885 ostendebant?
1534 1827 1908 1884 Temerarium
1957 1829 2104 1885 enim
2153 1843 2272 1885 esse
2329 1836 2387 1884 et
2453 1827 2745 1897 audacem,
2803 1843 2918 1884 non
2970 1836 3053 1884 est
3109 1825 3351 1895 ﬁduciae,
3406 1821 3512 1880 sed
3579 1839 3733 1880 vana:

413 1919 617 1991 gloriae.

491 2012 558 2065 Ut
580 2013 762 2066 sciatis
791 2010 1048 2081 quomodo
1077 2013 1324 2080 oporteat
1351 2023 1444 2063 vos
1473 2010 1764 2078 unicuique
1789 2025 2012 2079 respon-
2045 2015 2092 2077 Β

414 2101 558 2156 dere.
587 2100 768 2156 Aliter
791 2099 968 2168 diviti,
999 2106 1054 2155 et
1083 2098 1245 2155 aliter
1274 2097 1518 2170 pauperi.
1547 2097 1698 2154 Illius
1727 2099 1876 2154 enim
1897 2098 2018 2155 ani-

409 2202 556 2259 mus,
601 2189 804 2261 quippe
835 2189 1114 2258 inﬁrmus,
1150 2187 1323 2244 multa
1361 2187 1819 2244 condescensione
1869 2187 2018 2244 indic

413 2287 503 2350 get
545 2297 557 2333 :
601 2278 856 2351 pauperis
909 2287 1094 2334 autem
1151 2277 1376 2334 solidior
1418 2285 1504 2334 est
1558 2297 1571 2333 ε
1616 2293 1787 2349 quare
1841 2287 2021 2351 potest

416 2367 586 2422 etiam
632 2366 796 2435 ferre,
839 2368 882 2423 si
913 2368 1129 2440 gravius
1158 2366 1535 2440 quadantenus
1581 2383 1708 2422 cum
1747 2382 1812 2424 eo
1869 2384 2016 2441 agas.

421 2455 478 2511 Si
510 2456 658 2512 nulla
705 2457 1000 2514 necessitas
1031 2464 1245 2529 urgeat,
1291 2472 1360 2513 ne
1399 2471 1558 2513 voces
1597 2457 1858 2513 Graecum
1901 2456 2016 2529 pol-

413 2543 613 2611 lutum,
645 2561 822 2619 neque
849 2546 1252 2604 contumeliose
1279 2561 1405 2602 eum
1431 2547 1690 2604 incessus.
1723 2549 2017 2612 Praeterea,

415 2633 460 2690 si
499 2634 571 2691 ad
621 2635 922 2708 principem
973 2634 1286 2704 adducaris,
1317 2634 1609 2693 decentem
1656 2635 1704 2693 ei
1749 2635 2020 2693 honorem

415 2724 602 2780 tribue
633 2743 649 2778 :
691 2725 780 2781 sin
808 2725 876 2782 de
916 2724 1176 2798 dogmate
1225 2725 1470 2798 ipsorum
1512 2726 1890 2798 interrogeris,
1931 2725 2022 2782 dic

416 2811 552 2870 illud
580 2829 700 2870 esse
739 2814 1034 2886 profanum
1072 2823 1128 2872 et
1164 2815 1416 2888 impium.
1470 2816 1673 2872 Paulus
1700 2831 1830 2872 sane
1877 2814 2024 2887 apud

416 2902 778 2960 Athenienses
803 2920 935 2961 cum
964 2920 1160 2961 eorum
1186 2903 1346 2961 laude
1389 2904 1634 2977 loquitur
1656 2912 1696 2939 πι
1754 2923 1767 2960 :
1809 2903 2024 2976 Elyma‘:

417 3000 607 3048 autem
647 2992 938 3062 maledicit,
972 2994 1100 3065 quia
1124 2993 1322 3067 dignus
1346 3003 1465 3051 erat
1486 3003 1534 3049 τι.

493 3083 671 3138 Vnus.
703 3086 756 3136 7.
799 3083 927 3151 Qum
955 3083 1097 3137 circa
1123 3097 1206 3137 me
1228 3086 1364 3138 sunt
1399 3085 1580 3138 omnia
1602 3083 1751 3138 vobis
1772 3085 1899 3137 nota
1941 3083 2029 3150 fa-

416 3173 519 3226 ciet
561 3175 838 3241 Tychicus.
884 3172 1008 3228 Hoc
1033 3187 1253 3244 quoque
1281 3172 1607 3244 sapientiam
1644 3171 1873 3240 indicat,
1911 3187 2027 3227 non

420 3261 610 3315 omnia
654 3260 911 3332 Epistolis
956 3261 1217 3329 inserere,
1283 3260 1379 3318 sed
1445 3261 1749 3318 necessaria
1811 3269 2026 3318 tantum

2203 2041 2229 2065 κ
2261 2009 2478 2073 Εἷδέναι
2505 2011 2616 2076 πῶς
2648 2010 2726 2068 δεῖ
2754 2013 2889 2086 ὑμᾶς
2921 2006 2996 2066 ἑνὶ
3025 2004 3236 2085 ἑκάστῳ
3266 2002 3660 2084 ἀποκρίνεσθαι.
3707 2031 3734 2055 ι

2126 2101 2331 2169 Ἄλλως
2360 2103 2437 2179 τῷ
2466 2098 2740 2180 πλουσίῳ,
2784 2096 2876 2156 καὶ
2907 2096 3080 2162 ἄλλως
3111 2097 3186 2176 τῷ
3227 2093 3438 2166 πένητι.
3481 2095 3592 2154 Τοῦ
3633 2092 3733 2172 μὲν

2126 2191 2229 2271 γὰρ
2283 2196 2318 2263 ἡ
2369 2188 2548 2270 ψυχὴ,
2605 2191 2675 2255 ὡς
2737 2183 2990 2264 ἀσθενὴς,
3044 2186 3213 2244 δεῖται
3273 2181 3734 2260 συγκαταϐάσεως

2127 2283 2329 2352 πολλῆς
2348 2303 2360 2317 ·
2404 2283 2497 2337 τοῦ
2547 2276 2601 2337 δὲ
2632 2277 2856 2350 πένητος
2889 2274 3236 2356 στερροτέρα,
3281 2273 3361 2332 διὸ
3389 2274 3481 2332 καὶ
3510 2273 3734 2332 δύναται

2132 2372 2448 2452 βαστάζειν,
2527 2365 2627 2426 κᾶν
2703 2364 3106 2446 ἐμϐριθέστερον
3174 2365 3317 2443 αὖτῷ
3371 2367 3729 2452 Απροᾳαχθῇς.

2131 2450 2422 2538 Μηδεμιᾶς
2477 2458 2634 2529 οὔσης
2687 2455 2956 2534 ἀνάγκης,
3014 2452 3088 2530 μὴ
3140 2452 3290 2511 κάλει
3337 2450 3424 2511 τὸν
3483 2451 3735 2523 ἽΞλληνα

2131 2549 2321 2630 μιαρὸν
2343 2596 2360 2625 ,
2395 2547 2530 2623 μηδὲ
2563 2546 2654 2606 ἔσο
2682 2543 2955 2623 ὑϐριστής.
2995 2540 3158 2603 Ἀλλὰ
3195 2541 3288 2601 καὶ
3339 2540 3438 2600 κᾶν
3468 2541 3597 2622 πρὸς
3631 2541 3735 2620 ἄρ-

2128 2663 2295 2720 χοντα
2338 2641 2624 2718 εἰσαχθῇς,
2680 2635 2776 2702 τὰς
2831 2630 3208 2715 προσηκούσας
3259 2631 3419 2720 τιμὰς
3465 2630 3698 2720 ἀπόνεμε
3722 2655 3736 2669 ·

2133 2719 2194 2789 ἀν
2227 2729 2281 2790 δὲ
2322 2729 2444 2808 περὶ
2483 2733 2573 2785 τοῦ
2622 2724 2884 2803 δόγματος
2935 2725 3234 2802 ἐρωτηθῇς,
3269 2719 3394 2799 λέγε
3435 2719 3566 2779 αὐτὸ
3597 2744 3736 2794 μια-

2134 2820 2220 2901 ρὸν
2253 2818 2347 2879 καί
2387 2815 2596 2882 ἀσεϐές.
2647 2813 2716 2876 Ὁ
2763 2815 2979 2880 Παῦλος
3027 2810 3319 2884 Ἀθηναίοις
3351 2810 3447 2889 μὲν
3495 2813 3612 2888 μετ’
3645 2813 3738 2870 εὖ-

2171 2909 2338 2987 ημίας
2377 2909 2553 2986 ὁμιλεῖ
2576 2927 2591 2945 ο
2622 2902 2711 2964 τὸν
2743 2903 2799 2963 δὲ
2833 2899 3076 2980 Ἐλύμαν
3109 2903 3426 2980 κακολογεῑο
3461 2899 3602 2970 ἄξιος
3631 2899 3740 2981 γὰρ

2133 3023 2222 3072 ην.

2218 3116 2242 3141 α
2280 3085 2368 3148 Τὰ
2409 3084 2526 3144 κατ’
2568 3081 2663 3162 ἐμὲ
2710 3082 2887 3143 πάντα
2939 3080 3189 3162 γνωρίσει
3241 3083 3366 3159 ὑμῖν
3409 3077 3670 3160 Τυχικός.
3711 3107 3739 3133 ιι

2141 3175 2249 3238 Καὶ
2267 3180 2422 3234 τοῦτο
2484 3174 2592 3234 ἀπὸ
2619 3173 2828 3254 σοφίας,
2881 3170 2942 3230 τὸ
2971 3169 3048 3248 μὴ
3075 3167 3255 3230 πάντα
3298 3169 3496 3228 τιθένάι
3540 3171 3593 3228 ἐν
3623 3177 3741 3237 ταῖς

2132 3266 2512 3338 Ἐπιστολαῖς,
2569 3263 2709 3322 ἀλλὰ
2750 3259 2821 3320 τὰ
2869 3263 3133 3339 ἀναγκαῖα
3181 3258 3273 3318 καὶ
3325 3257 3736 3337 κατεπείγοντα,

424 3359 593 3422 atque
609 3351 862 3423 urgentia
885 3369 898 3407 :
923 3351 1190 3423 primum,
1216 3359 1280 3407 ut
1313 3367 1408 3408 eas
1435 3367 1546 3408 non
1587 3367 1752 3424 supra
1791 3352 2021 3409 modum

2136 3358 2364 3436 Πρῶτον
2419 3352 2515 3431 μὲν
2571 3352 2658 3411 διὰ
2702 3350 2762 3410 τὸ
2808 3348 2883 3430 μὴ
2943 3348 3198 3428 μηκύνειν
3260 3347 3485 3414 ταύτας·
3546 3346 3733 3406 ἔπειτα

424 3440 597 3513 498
641 3439 879 3511 prolixus
908 3439 1073 3496 faciat
1114 3461 1126 3496 :
1168 3440 1386 3510 deinde,
1429 3450 1492 3499 ut
1520 3441 1568 3498 is
1598 3442 1692 3515 qui
1731 3442 2023 3514 proﬁcisci-

419 3537 530 3596 tur,
557 3527 753 3584 habeat
796 3529 961 3584 etiam
999 3531 1150 3602 quod
1179 3537 1480 3598 recenseat,
1537 3539 1703 3603 atque
1747 3530 1879 3587 hinc
1926 3531 2031 3588 ho.

421 3619 671 3674 noratior
723 3618 1010 3675 habeatur.
1065 3621 1275 3689 Tertio,
1315 3619 1558 3678 ostendit
1601 3635 1848 3692 quonam
1899 3637 2025 3693 erga

423 3708 606 3781 ipsum
634 3706 838 3765 affectu
886 3708 1134 3768 imbutus
1168 3708 1336 3766 fuerit
1380 3730 1396 3766 :
1449 3725 1566 3766 non
1613 3710 1765 3766 enim
1806 3710 1856 3767 ei
1897 3711 2026 3768 talia

421 3797 763 3855 credidisset.
813 3797 1050 3867 Deinde,
1088 3799 1348 3856 nonnulla
1392 3799 1606 3871 habuit,
1651 3814 1777 3873 quae
1815 3814 1913 3873 per
1941 3800 2029 3857 lit-

423 3895 572 3945 teras
599 3889 777 3961 palam
809 3889 925 3945 ﬁeri
953 3904 1068 3945 non
1097 3890 1361 3960 oportuit.

494 3981 730 4037 Dilectus
752 3977 954 4049 frater,
984 3984 1034 4035 et
1060 3981 1236 4050 ﬁdelis
1263 3983 1536 4049 minister,
1580 3985 1632 4036 et
1659 3997 1937 4038 conservus
1964 3984 2024 4039 in

424 4072 665 4127 Domino.
709 4069 766 4126 Si
813 4069 1060 4139 dilectus,
1101 4071 1290 4127 omnia
1339 4071 1496 4126 novit
1533 4089 1546 4126 :
1579 4069 1626 4126 si
1653 4069 1853 4141 ﬁdelis,
1908 4087 2025 4128 non

423 4160 729 4217 mentietur
794 4178 807 4215 :
851 4159 896 4217 si
948 4174 1264 4229 conservus,
1313 4161 1588 4234 particeps
1639 4168 1721 4217 est
1764 4161 2023 4218 tentatio-

423 4264 581 4305 num.

494 4339 669 4393 Vnus.
701 4344 758 4392 8.
793 4339 958 4406 Quem
1002 4340 1127 4393 misi
1155 4338 1231 4392 ad
1259 4353 1349 4394 vos
1377 4338 1454 4394 ad
1481 4339 1574 4394 hoc
1614 4341 1816 4409 ipsum,
1845 4345 1909 4396 ut
1939 4357 2026 4396 co-

423 4431 645 4498 gnoscat
673 4443 795 4498 quae
823 4429 967 4482 circa
1004 4443 1098 4483 vos
1143 4432 1286 4497 sunt,
1337 4433 1390 4484 et
1415 4433 1476 4484 ut
1518 4431 1818 4486 consoletur
1867 4431 2029 4487 corda

423 4521 620 4572 vestra.
668 4516 777 4572 Hic
821 4532 989 4589 quam
1035 4533 1163 4590 erga
1212 4517 1360 4589 ipsos
1391 4516 1630 4574 habebat
1676 4517 2024 4589 charitatem,

423 4603 662 4674 indicat;
704 4604 976 4678 siquidem
1012 4605 1134 4664 ideo
1169 4605 1352 4678 ipsum
1381 4606 1553 4674 misit,
1583 4616 1647 4664 ut
1686 4624 1774 4665 res
1803 4608 2027 4666 illorum

2135 3445 2220 3506 ἵνα
2253 3444 2346 3506 καὶ
2386 3447 2416 3502 ὃ
2445 3441 2807 3522 ἀπερχόμενος
2847 3439 2948 3522 ἔχῃ
2979 3463 3029 3497 τι
3077 3440 3402 3516 διηγεῖσθαι,
3454 3439 3736 3497 κάντεῦθεν

2137 3531 2548 3614 αἰδεσιμώτερος
2683 3530 2914 3612 Τρίτον,
2966 3527 3195 3588 δείκνυσι
3235 3531 3347 3595 πῶς
3395 3527 3522 3608 πρὸς
3571 3528 3732 3586 αὐτὸν

2134 3626 2425 3685 διάκειται·
2501 3623 2560 3680 οὗ
2622 3619 2728 3701 γὰρ
2793 3619 2855 3677 ἂν
2909 3619 3054 3698 αὐτῷ
3108 3621 3330 3676 τοιαῦτα
3405 3615 3738 3677 ἐπίστευσεν.

2134 3710 2394 3794 Ἔπειτα,
2428 3703 2493 3786 ἧν
2525 3711 2560 3770 ἃ
2589 3712 2685 3771 οὖκ
2731 3708 2836 3768 ἔδει
2885 3707 2972 3768 διὰ
3017 3705 3355 3790 γραμμάτων
3402 3709 3730 3780 δηλωθῆναι.

2215 3999 2241 4025 α
2297 3969 2366 4030 Ὁ
2415 3965 2690 4046 ἀγαπητὸς
2741 3963 2989 4046 ἀδελφὸς,
3052 3962 3144 4022 καὶ
3203 3961 3386 4031 πιστὸς
3449 3962 3726 4046 διάκονος,

2135 4060 2225 4120 καὶ
2263 4059 2540 4124 σύνδουλος
2571 4059 2624 4115 ἐν
2658 4055 2862 4136 Κυρίῳ.
2905 4080 2930 4106 υ
2957 4056 3040 4123 ¹1Ξῖ
3090 4052 3396 4133 ἀγαπητὸς,
3438 4052 3616 4113 πάντα
3648 4043 3732 4111 οἷ-

2135 4152 2247 4209 δενο
2276 4152 2322 4208 εἷ
2364 4147 2578 4221 πιστὸς,
2609 4147 2683 4224 ξοῦ
2711 4145 2762 4193 7°
2806 4145 3087 4227 ψεύσεται·
3136 4146 3179 4204 εἷ
3209 4143 3517 4218 σύνδουλος,
3559 4166 3741 4203 κεκοι-

2135 4241 2340 4314 νώνηκε
2371 4241 2474 4298 τῶν
2506 4238 2843 4316 πειρασμῶν.

2213 4356 2239 4385 ιι
2296 4328 2403 4390 “Ov
2459 4326 2674 4408 ἔπεμψα
2727 4324 2856 4406 πρὸς
2911 4327 3050 4403 ὑμᾶς
3103 4327 3174 4391 εἰς
3232 4321 3362 4382 αὐτὸ
3410 4329 3602 4397 τοῦτο,
3651 4320 3742 4381 ἵνα

2135 4423 2243 4501 γνῷ
2297 4417 2365 4478 τὰ
2413 4417 2534 4497 περὶ
2583 4417 2766 4494 ὑμῶν,
2815 4413 2906 4473 καὶ
2954 4412 3308 4493 παρακαλέσῃ
3360 4411 3457 4480 τὰς
3515 4411 3738 4491 καρδίας

2135 4512 2305 4586 ὑμῶν.
2345 4534 2368 4561 ν
2393 4508 2666 4567 Ἐνταῦθα
2688 4504 2783 4578 τὴν
2813 4502 2942 4578 πρὸς
2973 4501 3159 4570 αὐτοὺς
3188 4503 3400 4581 ἀγάπην
3433 4501 3692 4561 δείκνυσιν
3717 4547 3733 4574 ,

2134 4600 2184 4660 εἴ
2208 4623 2267 4676 γε
2302 4596 2388 4656 διὰ
2407 4600 2561 4656 τοῦτο
2587 4594 2748 4654 αὐτὸν
2785 4592 3121 4652 ἀπέσταλκεν
3140 4639 3155 4666 ,
3184 4591 3269 4650 ἵνα
3299 4593 3410 4671 γνῷ
3435 4591 3502 4650 τὰ
3536 4593 3738 4663 αὐτῶν,

423 4703 743 4767 cognoscat,
772 4710 886 4752 non
927 4703 989 4751 ut
1043 4711 1144 4752 sua
1182 4695 1318 4768 ipsis
1347 4695 1653 4763 denuntiet,
1699 4695 1796 4754 sed
1841 4708 1903 4755 ut
1931 4713 2023 4756 eos

2139 4690 2242 4769 οὐχ
2275 4686 2362 4746 ἵνα
2395 4685 2463 4746 τὰ
2493 4688 2655 4745 αὑτοῦ
2702 4683 3004 4762 ἀπαγγείλῃ
3038 4685 3249 4755 αὐτοῖς,
3287 4683 3405 4739 ἀλλ’
3432 4678 3523 4739 ἵνα
3555 4681 3743 4748 αὐτοὺς
3777 4713 3779 4715 ι

424 4784 750 4840 consoletur.
785 4783 1040 4842 Ostendit
1074 4792 1260 4842 autem
1304 4800 1399 4842 eos
1446 4786 1842 4844 tentationibus
1877 4803 2027 4861 pres-

424 4888 518 4930 sos
545 4887 688 4940 esse,
713 4881 878 4946 atque
920 4890 1062 4947 opus
1089 4873 1292 4931 habere
1319 4875 1605 4932 solamine.

498 4965 676 5020 Vsus.
705 4969 758 5020 9.
788 4965 919 5021 Cum
949 4965 1190 5021 Onesimo
1218 4966 1366 5036 ﬁdeli
1393 4983 1455 5022 ac
1486 4967 1674 5023 dilecto
1702 4969 1901 5036 fratre,
1935 4971 2031 5038 qui

426 5056 602 5109 estea:
643 5055 813 5110 vobis.
848 5054 1146 5111 Onesimus
1175 5055 1276 5112 iste
1326 5064 1409 5113 est
1439 5072 1629 5114 servus
1667 5057 2022 5116 Philemonis.

428 5145 611 5215 Papae!
666 5142 740 5199 ad
781 5152 1045 5216 quantam
1093 5145 1413 5218 dignitatem
1456 5147 1720 5219 pervenit,
1751 5157 1814 5205 ut
1859 5147 2032 5205 frater

423 5227 590 5284 etiam
635 5228 790 5285 Pauli
833 5229 928 5285 sit!
977 5229 1178 5286 Paulus
1215 5241 1399 5288 autem
1444 5248 1557 5288 non
1605 5232 1813 5304 pudeﬁt
1860 5232 2030 5290 frater

424 5331 544 5374 esse
582 5317 747 5374 servi.
791 5317 952 5374 Cedit
993 5334 1158 5391 porro
1187 5320 1240 5376 in
1277 5319 1494 5379 laudem
1525 5321 1674 5378 urbis
1704 5338 1918 5391 eorum,
1969 5322 2028 5380 id

426 5405 577 5477 quod
606 5407 700 5474 ait,
742 5408 848 5476 Qui
869 5411 946 5463 est
973 5423 1046 5464 ea:
1072 5410 1239 5475 vobis,
1269 5418 1330 5466 ut
1354 5410 1658 5484 glorientur
1683 5412 1830 5484 quod
1858 5412 2028 5470 talem

427 5494 778 5564 protulerint.

423 5665 432 5683 ι
497 5618 538 5646 δ’
569 5618 696 5671 Act.
728 5631 861 5673 xvr.
894 5623 980 5672 22.
1055 5628 1080 5654 ιι
1111 5622 1236 5676 Act.
1271 5635 1416 5690 xm,
1451 5625 1536 5678 io.

2135 4775 2510 4858 παρακαλέσῃ.
2543 4774 2792 4837 Δείκνυσι
2825 4772 2880 4832 δὲ
2914 4770 3104 4840 αὐτοὺς
3136 4774 3190 4832 ἓν
3221 4778 3542 4854 πειρασμοῖς
3569 4769 3744 4844 ὄντας,

2137 4868 2227 4928 καὶ
2265 4866 2654 4948 παρακλήσεως
2695 4862 3008 4946 χρῄζοντας.

2218 4981 2243 5010 α
2286 4954 2397 5015 Σὺν
2436 4953 2715 5036 Ὀνησίμῳ
2748 4957 2823 5033 τῷ
2853 4955 3028 5034 πιστῷ
3057 4951 3149 5036 καί
3193 4952 3455 5030 ἀγαπητῷ
3492 4951 3706 5031 ἀδελφῷ
3727 4997 3743 5026 ,

2137 5045 2191 5113 ὅς
2219 5049 2357 5106 ἐστιν
2385 5044 2437 5114 ἐξ
2472 5031 2640 5124 ὓμῶν.
2688 5031 2717 5098 in
2761 5031 3054 5119 Ὀνήσιμος
3081 5031 3225 5108 οὗτός
3270 5045 3409 5102 ἔστιν
3440 5045 3468 5102 ὁ
3511 5047 3602 5099 τοῦ
3629 5041 3742 5100 Φι-

2138 5133 2368 5212 λήμονος
2402 5136 2601 5203 δοῦλος.
2636 5132 2818 5195 Βαϐαὶ
2855 5131 2946 5204 δὲ,
2987 5135 3058 5199 είς
3085 5131 3271 5204 ἡλίκον
3305 5129 3470 5202 ἀνέϐη
3502 5127 3745 5207 ἀξίωμα,

2137 5223 2276 5284 ὥστε
2316 5225 2407 5284 καὶ
2438 5224 2662 5306 ἀδελφὸς
2691 5213 2826 5283 εἶναι
2859 5221 3106 5306 ῌαύλουῑ
3155 5220 3265 5280 Καὶ
3301 5223 3517 5286 Παῦλος
3550 5218 3606 5278 δὲ
3644 5221 3744 5278 οὐκ

2140 5314 2450 5395 αἰσχύνεται
2496 5301 2592 5372 τοῦ.
2628 5314 2814 5373 δούλου
2846 5301 2983 5370 εἶναι
3033 5311 3277 5391 ἀδελφός.
3324 5309 3630 5389 Ἐγκώμιον
3683 5308 3741 5368 δὲ

2136 5408 2229 5476 τῆς
2258 5406 2459 5471 πόλεως
2485 5405 2681 5477 αὐτῶν,
2705 5402 2792 5480 τὸ,
2825 5429 2848 5455 ι
2877 5398 2984 5468 ⁶¹Ος
3013 5401 3153 5460 ἐστιν
3179 5398 3232 5468 ἐξ
3271 5402 3439 5476 ὑμῶν,
3471 5422 3499 5456 ι)
3531 5399 3618 5458 ἵνα
3649 5399 3744 5458 καὶ

2139 5493 2643 5574 ἓγκαλλωπίζωνται
2673 5496 2742 5561 ὡς
2770 5499 3002 5552 τοιοῦτον
3045 5489 3468 5571 προενεγκόντες,

1818 5704 2010 5764 Variae
2055 5705 2358 5765 lectiones.

498 5781 542 5817 θ’
570 5783 859 5855 διαφθορίαν
889 5801 944 5847 o.
985 5787 1032 5824 7°
1057 5787 1199 5845 οὖδὲν
1225 5804 1277 5847 0.
