4104 6432
347 445 477 498 i273

1200 441 1550 500 EXPOSITIO
1589 441 1654 498 IN
1693 439 1899 496 EPIST.
1942 438 2034 494 AD
2075 437 2349 496 COLOSS.
2390 469 2460 481 —
2498 441 2646 496 CAP.
2690 442 2777 498 1V.

3509 449 3642 504 1274

421 596 446 622 ι
487 567 676 631 Πάντα
716 572 838 648 ὖμῖν
867 573 1146 650 γνωριοῦσι
1188 569 1256 629 τὰ
1287 561 1412 631 ὧδε.
1451 593 1479 628 ι
1527 569 1818 642 Τουτίστι,
1847 570 1898 628 Τ
1902 565 1932 626 ὰ

2123 569 2314 625 Omnia
2351 584 2472 639 quae
2501 567 2592 624 hic
2619 573 2877 639 aguntur,
2908 574 3036 626 nota
3080 571 3285 639 facient
3326 572 3491 628 vobis.
3523 576 3648 631 Hoc

340 658 533 736 δεσμὰ,
567 660 658 719 καὶ
695 661 761 720 τὰ
818 661 958 720 ἄλλα
996 660 1065 721 τὰ
1103 660 1400 740 κατέχοντά
1454 685 1542 738 με.
1601 662 1669 721 Εἰ
1718 658 1820 738 γὰρ
1853 657 1928 736 μὴ

339 754 511 809 ταῦτα
551 740 640 823 ἧν,
682 741 840 824 ἦλθον
879 749 942 808 ἂν
974 751 1102 831 πρὸς
1136 754 1298 829 ὑμᾶς.

420 867 445 891 σι
480 840 804 922 Ἀσπάζεται
853 843 991 918 ὑμᾶς
1038 839 1384 922 Ἀρίσταρχος
1413 844 1442 900 6
1489 837 1932 920 συναιχμάλωτός

341 952 463 1007 μου.
499 958 522 984 υ
550 921 718 998 Οὗτός
741 933 882 990 ἐστιν
972 930 1076 990 ἀπὸ
1104 921 1490 1012 Ἱεροσολύμων
1522 929 1768 1011 ἀναχθεὶς
1812 930 1928 1006 μετ’

340 1022 525 1082 αὐτοῦ.
559 1024 754 1091 Μεῖζον
799 1020 854 1080 δὲ
901 1011 1016 1080 εἰπε
1055 1023 1162 1080 τῶν
1190 1011 1480 1102 προφητῶν
1527 1023 1554 1078 6
1595 1020 1842 1092 Παῦλος,
1885 1016 1933 1076 εἴ

337 1132 397 1188 γε
458 1113 646 1170 ἐκεῖνοι
716 1111 812 1190 μὲν
876 1111 1046 1180 ξένους
1099 1112 1190 1170 καὶ
1258 1111 1666 1187 παρεπιδήμους
1717 1105 1932 1176 ἑαυτοὺς

337 1199 562 1260 ἐκάλουν
585 1246 604 1276 ,
650 1191 796 1269 οὗτος
825 1200 881 1261 δὲ
911 1201 1002 1262 καὶ
1032 1199 1379 1281 αἰχμάλωτον
1411 1200 1596 1260 ἑαυτόν
1615 1246 1630 1261 .
1667 1199 1778 1258 Καὶ
1829 1197 1931 1277 γὰρ

335 1293 412 1369 τῷ
439 1288 550 1350 ὄντι
581 1290 626 1330 ⁷⁸
661 1291 902 1372 καθάπερ
935 1292 1298 1370 αἰχμάλωτος,
1324 1289 1488 1358 οὕτως
1517 1289 1676 1368 ἤγετο
1705 1288 1796 1347 καὶ
1818 1287 1933 1367 ἐφέ-

343 1402 492 1459 ρετο·
543 1382 748 1458 μᾶλλον
786 1380 841 1440 δὲ
872 1379 964 1441 καὶ
995 1387 1196 1461 χεῖρον.
1223 1383 1346 1441 Τῶν
1385 1379 1480 1458 μὲν
1508 1379 1612 1462 γὰρ
1641 1377 1930 1458 αἰχμαλώ-

337 1493 480 1542 των,
533 1473 605 1539 ὡς
649 1470 854 1531 οἰκείων
900 1470 1222 1548 κτημάτων,
1270 1471 1318 1529 οἱ
1373 1468 1756 1549 κεκρατηκότες
1813 1469 1932 1526 ἐπι-

342 1561 650 1640 μελοῦνται*
680 1565 863 1621 τοῦτον
908 1559 1000 1632 δὲ,
1033 1562 1102 1628 ὡς
1133 1559 1317 1640 ἐχθρὸν
1343 1559 1435 1618 καὶ
1460 1558 1712 1636 πολέμιον
1741 1557 1933 1623 πάντες

341 1639 468 1726 ἦγον
499 1649 590 1708 καὶ
630 1649 836 1731 ἔφερον.
877 1652 1050 1711 Τοῦτο
1085 1639 1424 1717 καὶίέκείνοις
1469 1649 1838 1730 παράκλησις,
1887 1645 1935 1705 εἴ

340 1761 399 1816 γε
431 1741 460 1797 6
487 1738 802 1808 διδάσκαλος
824 1743 876 1799 ἐν
908 1738 1182 1806 τοιούτοις.

425 1857 449 1882 ιι
487 1829 595 1890 Καὶ
629 1829 854 1912 Μάρκος
889 1835 917 1890 6
962 1829 1169 1910 ἀνεψιὸς
1198 1827 1477 1909 Βαρνάϐα.
1517 1848 1548 1885 ι)
1591 1826 1701 1888 Καὶ
1741 1831 1925 1886 τοῦτον

340 1918 659 1999 ἐγκωμιάζει
708 1919 815 1981 ἀπὸ
855 1923 950 1994 τῆς
981 1919 1318 2000 συγγενείας·
1361 1917 1525 1998 μέγας
1567 1915 1671 1999 γὰρ
1705 1921 1733 1976 6
1778 1921 1932 1999 Βαρ-

339 2008 528 2079 νάϐας.

423 2126 448 2153 σι
497 2099 634 2181 Περί
683 2092 742 2160 οὗ
789 2099 1006 2161 ἐλάϐετε
1037 2101 1278 2174 ἐντολὰς,
1308 2099 1398 2160 ἐὰν
1445 2099 1575 2179 ἔλθῃ
1605 2097 1734 2178 πρὸς
1762 2099 1931 2175 ὑμᾶς,

339 2189 552 2258 δέξασθε
608 2190 786 2252 αὐτόν.
839 2217 863 2244 ι
920 2191 1067 2270 Περὶ,
1105 2189 1363 2272 Βαρνάϐα
1415 2188 1542 2256 ἴσως
1596 2188 1788 2248 ἔλαϐον
1840 2186 1934 2254 τὰς

339 2279 579 2355 ἐντολὰς,
620 2279 758 2341 ὥστε
789 2280 1040 2350 δέξασθαι
1081 2281 1239 2341 αὐτὸν
1283 2279 1422 2361 μετὰ
1456 2282 1640 2356 τιμῆς.
1689 2277 1932 2361 ᾼνύνασαι

340 2368 395 2430 δὲ
429 2370 602 2440 στίξαι
633 2370 726 2448 μὲν
757 2373 831 2440 εἰς
869 2370 962 2445 τὸ,
1001 2399 1025 2426 ιι
1057 2359 1315 2432 Ἐλάϐετε
1363 2367 1604 2436 ἐντολάς’
1637 2395 1661 2420 υ
1692 2359 1806 2427 εἶτα
1835 2369 1932 2426 ἀπ’

339 2460 503 2542 ἀλλης
535 2463 703 2542 ἀρχῆς
729 2463 1029 2539 ἀναγνῶναι
1056 2462 1149 2536 τὸ,
1175 2489 1198 2514 α
1233 2460 1366 2522 Ἐὰν
1395 2459 1522 2540 ἔλθῃ
1558 2457 1688 2540 πρὸς
1713 2460 1876 2536 ὑμᾶς,
1907 2483 1932 2512 υ

335 2539 382 2609 ὦ
407 2551 752 2623 Κολοσσαεῖς,
785 2579 811 2604 ι
841 2551 1056 2621 δέξασθε
1084 2552 1241 2612 αὐτὸν
1272 2577 1296 2605 ι
1319 2549 1562 2624 ἐντίμως.

419 2668 446 2694 ι
476 2642 586 2722 Καὶ
619 2639 823 2714 Ἰησοῦς
850 2645 878 2700 ὁ
922 2642 1208 2722 λεγόμενος
1256 2641 1508 2707 Ἰοῦστος.
1553 2665 1578 2692 ιι
1608 2635 1766 2706 Ἴσως
1817 2641 1929 2699 Κο-

339 2729 530 2811 ρίνθιος
559 2721 623 2802 ἧν
647 2722 818 2799 οὗτος.

418 2847 444 2875 ι
474 2823 548 2882 Οἱ
611 2821 754 2889 ὄντες
811 2823 871 2881 ἐκ
910 2825 1236 2902 περιτομῆς,
1285 2811 1427 2880 οὗτοι
1488 2817 1636 2896 μόνοι
1694 2817 1934 2898 συνεργοὶ

337 2912 412 2979 εἰς
466 2909 564 2984 τὴν
614 2910 892 2990 βασιλείαν
958 2916 1052 2972 τοῦ
1099 2911 1264 2973 Θεοῦ.
1311 2938 1334 2964 υ
1397 2907 1585 2970 Εἰπὼν
1629 2907 1691 2966 τὸ
1738 2909 1933 2976 ἰδιάζον

337 3000 551 3082 ἑκάστῳ
601 3000 654 3040 ⁷³
703 3000 997 3079 ἐγκώμιον,
1046 3006 1138 3060 νῦν
1177 3001 1249 3082 rbi
1285 2999 1457 3060 κοινὸν
1512 2997 1708 3071 τίθησι.
1770 2998 1929 3077 Μέγα

335 3090 442 3173 γὰρ
480 3081 650 3153 ἐδόκει
695 3092 756 3151 τὸ
805 3089 858 3160 ἐξ
889 3090 1157 3152 Ἰουδαίων
1203 3081 1355 3152 εἶναι.
1406 3087 1635 3160 Ἐπειδὴ
1671 3087 1726 3146 δὲ
1767 3089 1933 3168 αἰχμ-

334 3181 572 3251 αλωσίας
608 3179 880 3261 ἐμνήσθη,
913 3181 1000 3240 ἵνα
1032 3179 1108 3260 μὴ
1139 3179 1432 3260 κατενέγκῃ
1465 3179 1562 3252 τὴν
1593 3183 1684 3238 τοῦ
1714 3178 1932 3237 ἀκούον-

335 3295 424 3338 τος
454 3273 668 3352 ψυχὴν,
723 3270 1021 3344 διανίστησι
1079 3271 1298 3347 λοιπὸν,
1351 3268 1548 3343 εἰπὼν,
1604 3267 1684 3326 δτι
1728 3270 1932 3348 Συνερ-

333 3361 489 3441 γοῦσί
536 3385 625 3440 μοι
676 3362 728 3420 ἐν
775 3361 884 3430 τοῖς
931 3365 1004 3429 εἰς
1063 3360 1338 3441 βασιλείαν
1390 3357 1710 3437 εἰσάγουσιν.
1761 3355 1934 3416 θΩστε

333 3457 430 3524 τῆς
486 3451 862 3532 αἰχμαλωσίας
911 3455 1314 3522 κοινωνοῦντες,
1375 3448 1467 3508 καὶ
1520 3453 1616 3521 τῆς
1663 3446 1934 3528 βασιλείας

335 3542 762 3615 κοινωνήσουσιν.
846 3539 916 3602 Ὁ
992 3539 1047 3600 δὲ
1122 3540 1381 3620 μακάριος
1439 3537 1694 3609 Ἰωάννης
1770 3536 1934 3604 οὕτως

335 3631 558 3712 ἀνέγνω,
587 3633 658 3700 ὡς
705 3633 953 3712 ἀμυδρῶς
995 3629 1348 3712 παρῃνίξατο·
1401 3655 1428 3680 ι
1475 3630 1546 3688 Οἱ
1577 3627 1723 3694 ὄντες
1750 3629 1809 3686 ἐκ
1839 3649 1934 3684 πε-

337 3726 589 3836 ριτομῆς,
640 3712 782 3782 οὗτοι
820 3721 994 3801 μόνοι,
1039 3749 1063 3776 υ
1115 3723 1187 3781 Οἱ
1231 3718 1335 3801 γὰρ
1363 3717 1613 3798 πλείους,
1667 3716 1722 3787 ἐξ
1770 3719 1930 3777 ἐθνῶν

333 3836 491 3886 ησαν.

427 3924 458 3961 (ι
509 3901 718 3972 Οἵτινες
748 3901 1070 3984 ἐγενήθησάν
1123 3924 1213 3979 μοι
1252 3898 1579 3982 παρηγορία.
1621 3920 1650 3957 n
1687 3895 1934 3956 Δείκνυσι

335 3992 431 4053 καὶ
467 3993 652 4053 ἑαυτὸν
687 3996 739 4053 ἐν
795 3993 1051 4074 μεγάλαις
1099 3990 1406 4064 κακώσεσι,
1451 3989 1543 4048 καὶ
1575 3987 1788 4055 τούτους
1839 4011 1934 4064 με·

333 4083 528 4162 γάλους
560 4083 744 4162 τινὰς,
790 4081 840 4142 εἴ
892 4106 954 4161 γε
999 4081 1206 4160 Παύλῳ
1237 4079 1542 4163 παρηγορία
1590 4077 1928 4158 γεγένηνται.

333 4171 482 4254 εὈροι
512 4172 598 4247 δὲ,
642 4177 756 4242 πῶς
783 4171 872 4232 τὸν
922 4175 975 4232 ἐν
1018 4173 1227 4251 δεσμοῖς
1265 4170 1392 4230 ὄντα
1420 4171 1768 4251 παρηγορῶν,
1823 4191 1936 4226 xor-

333 4262 494 4331 νωνὸς
525 4264 668 4345 αὖτῷ
707 4266 802 4335 τῆς
835 4261 1106 4342 βασιλείας
1149 4258 1596 4343 ἀνακηρύττεται.
1639 4256 1816 4318 ’Ὥστε
1855 4257 1935 4316 δεῖ

331 4352 450 4422 τοὺς
480 4352 935 4435 κακουχουμένους
964 4351 1052 4413 διὰ
1085 4352 1323 4435 Χριστὸν
1355 4351 1768 4432 περιποιεῖσθαι.

2047 665 2151 726 est,
2198 658 2440 723 vincula,
2482 657 2693 732 aliaque
2734 674 2824 716 me
2874 659 3194 717 detinentia.
3239 661 3294 718 Si
3343 662 3486 720 enim
3525 662 3646 721 haec

2045 762 2160 802 non
2191 757 2400 816 essent,
2430 747 2700 806 venissem
2729 749 2797 805 ad
2835 765 2958 806 vos.

2117 839 2298 895 Vsus.
2336 843 2422 894 ιο.
2475 839 2696 896 Salutat
2742 855 2832 895 vos
2877 841 3236 898 Aristarchus
3296 847 3642 916 concaptivus

2044 943 2214 984 meus.
2262 927 2366 984 Hic
2403 935 2487 984 est
2527 928 2618 1001 qui
2666 944 2775 985 una
2812 945 2942 985 cum
2971 929 3088 1002 ipso
3127 931 3196 987 ab
3249 933 3644 1007 Hierosolymis

2046 1023 2129 1073 est
2168 1016 2442 1075 reductus.
2477 1018 2655 1090 Majus
2693 1026 2884 1075 autem
2926 1035 3094 1092 quam
3128 1021 3411 1094 prophetas
3441 1025 3644 1080 Paulus

2045 1104 2187 1162 dixit
2214 1123 2230 1162 :
2263 1122 2395 1164 nam
2425 1107 2499 1164 illi
2538 1123 2656 1164 sese
2679 1107 2922 1180 hospites
2945 1117 2999 1165 et
3026 1112 3361 1183 peregrinos,
3397 1112 3484 1169 hic
3511 1129 3641 1169 vero

2046 1205 2101 1253 et
2123 1197 2400 1270 captivum
2432 1198 2676 1270 seipsum
2709 1199 2984 1256 nominat.
3015 1203 3223 1257 Revera
3253 1202 3396 1258 enim
3441 1204 3640 1274 captivi

2043 1286 2211 1343 instar
2258 1289 2600 1345 tractabatur
2652 1287 3046 1363 agebaturque,
3097 1291 3210 1348 imo
3271 1293 3444 1365 pejus.
3494 1296 3639 1349 Nam

2042 1376 2403 1448 captivorum,
2433 1385 2496 1434 ut
2525 1394 2750 1434 suarum
2770 1380 3202 1451 possessionum,
3238 1381 3329 1452 qui
3354 1398 3448 1438 eos
3486 1399 3643 1454 cepe-

2045 1473 2194 1533 runt,
2226 1482 2418 1523 curam
2460 1476 2694 1541 gerunt:
2726 1468 2876 1525 hunc
2917 1477 3101 1526 autem
3130 1486 3230 1526 ceu
3269 1470 3550 1527 inimicum
3589 1480 3642 1527 et

2041 1554 2258 1612 hostem
2310 1572 2508 1614 omnes
2550 1557 2823 1614 ducebant
2879 1567 2934 1616 et
2976 1560 3308 1617 tractabant.
3363 1562 3478 1617 Hoc
3540 1561 3644 1616 illis

2043 1645 2206 1702 etiam
2234 1645 2288 1702 in
2313 1646 2752 1704 consolationem
2779 1647 2997 1716 dicitur,
3028 1647 3483 1721 quandoquidem
3504 1665 3643 1723 prae-

2044 1743 2241 1808 ceptor
2264 1751 2461 1792 eorum
2491 1735 2809 1810 hujusmodi
2844 1738 3103 1810 patiatur.

2114 1829 2186 1882 Et
2223 1828 2440 1882 Marcus
2479 1828 2824 1884 consobrinus
2863 1829 3148 1884 Barnabce.
3187 1830 3254 1884 Et
3289 1827 3437 1885 hunc
3464 1845 3496 1885 a
3550 1845 3644 1886 co-

2040 1915 2288 1987 gnitione
2325 1915 2683 1974 commendat
2723 1936 2736 1973 :
2777 1931 2978 1990 magno
3025 1916 3176 1973 enim
3215 1917 3271 1974 in
3314 1917 3491 1990 pretio
3527 1927 3646 1974 erat

2042 2004 2340 2062 Barnabas.

2113 2116 2190 2169 De
2239 2130 2343 2184 quo
2388 2115 2666 2185 accepistis
2705 2114 2997 2182 mandata,
3053 2114 3104 2170 si
3157 2116 3361 2169 venerit
3412 2114 3486 2168 ad
3530 2130 3642 2183 vos,

2040 2206 2293 2274 suscipite
2334 2205 2508 2259 illum.
2543 2206 2625 2260 De
2645 2203 2899 2260 Barnaha
2919 2203 3111 2261 forsan
3139 2211 3462 2276 acceperant
3488 2220 3642 2260 man-

2038 2291 2186 2362 data,
2219 2301 2279 2349 ut
2306 2294 2464 2350 illum
2512 2293 2812 2351 honoriﬁce
2871 2294 3204 2367 exciperent.
3256 2297 3422 2350 Potes
3461 2303 3647 2351 autem

2043 2383 2132 2438 hic
2182 2391 2452 2455 punctum
2505 2383 2727 2457 afﬁgere
2788 2393 2948 2456 post,
3006 2385 3273 2441 Mandata
3331 2387 3646 2454 accepistis,

2038 2471 2232 2528 deinde
2270 2471 2339 2529 ab
2368 2471 2472 2528 alio
2502 2473 2772 2546 principio
2801 2473 2998 2546 legere,
3033 2476 3095 2530 Si
3137 2475 3343 2529 venerit
3369 2474 3442 2528 ad
3469 2489 3581 2542 vos,
3613 2489 3647 2529 ο

2040 2562 2418 2628 Colossenses,
2449 2565 2705 2634 suscipite
2733 2579 2852 2619 eum
2890 2563 3216 2620 honorifice.

2111 2654 2286 2710 Vsus.
2325 2656 2410 2708 11.
2471 2656 2542 2708 Et
2568 2655 2719 2708 Iesus
2768 2655 2870 2725 qui
2904 2654 3108 2710 dicitur
3144 2655 3348 2709 Justus.
3392 2655 3646 2710 Fortasse

2039 2741 2127 2798 hic
2151 2740 2259 2798 fuit
2287 2741 2630 2800 Corinthius.

2115 2833 2220 2901 Qui
2243 2836 2370 2887 sunt
2399 2849 2468 2888 ea:
2496 2835 2900 2888 circumcisione
2929 2851 2947 2885 :
2977 2832 3044 2888 hi
3069 2834 3174 2890 soli
3199 2837 3325 2890 sunt
3349 2837 3654 2905 cooperarii

2041 2921 2116 2976 ad
2161 2937 2383 2991 regnum
2431 2924 2549 2977 Dei.
2597 2923 2736 2979 Cum
2793 2922 3068 2994 propriam
3111 2921 3379 2996 cujusque
3429 2923 3648 2980 laudem

2041 3009 2285 3080 dixisset,
2313 3027 2462 3068 nunc
2491 3010 2662 3084 499
2690 3027 3048 3068 communem
3084 3013 3248 3069 etiam
3274 3013 3432 3085 ponit
3481 3035 3493 3068 ;
3527 3028 3645 3069 ma-

2038 3116 2208 3173 gnum
2236 3102 2386 3158 enim
2419 3100 2708 3157 videbatur
2735 3117 2799 3157 ex
2829 3100 3035 3158 Iudaeis
3067 3118 3200 3159 esse.
3235 3103 3516 3175 Quoniam
3548 3119 3648 3158 au-

2039 3197 2155 3248 tem
2204 3191 2527 3265 captivitatis
2578 3192 2939 3260 meminerat,
3005 3207 3075 3248 ne
3121 3191 3346 3267 dejiciat
3383 3191 3650 3250 auditoris

2040 3282 2317 3352 animum,
2369 3280 2629 3355 deinceps
2670 3283 2892 3352 excitat,
2939 3282 3216 3356 inquiens,
3267 3285 3648 3354 Cooperantur

2042 3371 2179 3425 mihi
2206 3371 2263 3426 in
2292 3371 2357 3427 iis
2385 3386 2510 3442 quae
2538 3370 2608 3426 ad
2650 3388 2891 3445 regnum
2936 3372 3224 3429 inducunt.
3268 3372 3504 3429 Proinde
3551 3372 3645 3444 qui

2040 3459 2170 3515 socii
2200 3467 2332 3516 sunt
2371 3460 2722 3532 captivitatis,
2764 3470 2928 3517 erunt
2956 3461 3125 3518 etiam
3154 3462 3444 3534 participes
3473 3463 3645 3534 regni.

2042 3549 2216 3605 Divus
2251 3556 2438 3605 autem
2467 3551 2714 3606 Joannes
2753 3550 3185 3623 Chrysostomus
3215 3550 3361 3607 hunc
3406 3550 3476 3607 ad
3516 3567 3646 3606 mo-

2040 3636 2175 3693 dum
2201 3637 2354 3709 legit,
2381 3638 2537 3712 quasi
2566 3639 2800 3695 obscure
2827 3647 3068 3696 notasset
3093 3639 3338 3708 Judaaos,
3370 3639 3644 3712 inquiens,

2043 3729 2150 3796 Qui
2166 3733 2293 3784 sunt
2325 3745 2394 3784 ea:
2434 3731 2853 3793 circumcisione,
2903 3730 2963 3785 hi
3004 3730 3152 3786 soli:
3183 3729 3367 3802 plures
3403 3744 3645 3802 namque

2042 3833 2107 3873 ex
2140 3817 2393 3890 gentibus
2419 3817 2664 3875 fuerunt.

2117 3909 2227 3976 Qui
2248 3910 2386 3964 mihi
2410 3910 2638 3978 fuerunt
2664 3910 2878 3967 solatio.
2909 3907 3163 3966 Ostendit
3189 3924 3310 3967 sese
3338 3907 3393 3965 in
3431 3909 3649 3982 magnis

2041 3995 2444 4055 afﬂictionibus
2477 3997 2659 4068 fuisse,
2691 4015 2897 4072 eosque
2927 4014 3160 4072 magnos
3202 4014 3321 4056 esse
3351 3999 3645 4071 quosdam,

2042 4089 2246 4161 quippe
2277 4088 2367 4162 qui
2398 4089 2567 4145 Paulo
2597 4087 2960 4145 consolationi
3002 4087 3228 4146 fuerint.
3272 4088 3515 4146 Observa
3550 4105 3650 4146 au-

2044 4185 2155 4233 tem
2205 4177 2486 4251 quomodo
2551 4177 2597 4234 is
2635 4177 2728 4251 qui
2772 4178 3050 4250 captivum
3097 4178 3431 4247 consolatur,
3483 4177 3649 4234 simul

2037 4267 2320 4340 particeps
2347 4284 2466 4325 esse
2501 4269 2654 4341 regni
2683 4268 3012 4341 praedicetur
3057 4286 3186 4326 cum
3229 4286 3316 4326 eo.
3351 4272 3462 4326 Eos
3490 4269 3653 4342 igitur

2041 4357 2135 4428 qui
2184 4367 2408 4432 propter
2455 4357 2738 4416 Christum
2769 4358 3116 4433 afﬂiguntur,
3169 4359 3445 4417 redimere
3483 4376 3652 4434 opor-

2046 4456 2141 4504 tet.

423 4557 456 4594 α
509 4533 828 4604 Ἀσπάζεται
882 4536 1018 4611 ὑμᾶς
1073 4536 1103 4591 6
1172 4531 1483 4612 Ἐπαφρᾶς,
1543 4534 1572 4590 6
1639 4529 1692 4598 ἐξ
1753 4531 1932 4608 ὑμῶν,

2117 4539 2298 4593 Vnus.
2332 4542 2418 4593 12.
2447 4538 2671 4594 Salutat
2698 4553 2787 4593 vos
2811 4539 3124 4610 Epaphras,
3156 4541 3258 4610 qui
3283 4555 3350 4593 ea:
3377 4539 3524 4594 vobis
3551 4543 3650 4605 est,

335 4625 515 4692 δοῦλος
543 4626 800 4704 Χριστοῦ.
856 4647 884 4682 n
922 4623 1032 4684 Καὶ
1063 4625 1116 4682 ἐν
1149 4623 1292 4704 ἀρχῇ
1321 4625 1415 4694 τῆς
1443 4619 1801 4692 Ἐπιστολῆς,
1841 4620 1933 4677 καὶ

333 4719 425 4773 νῦν
472 4713 632 4774 αὐτὸν
693 4712 1001 4786 συνίστησιν
1028 4759 1045 4791 ,
1101 4710 1190 4770 ἵνα
1264 4717 1336 4780 ὡς
1394 4713 1688 4790 ἀγαπῶντα
1747 4707 1936 4776 αὐτοὺς

337 4806 708 4885 ἀνταγαπῶσι,
739 4801 830 4863 καὶ
875 4805 1045 4875 ἡδέως
1073 4801 1336 4885 ἀκούωσιν
1380 4803 1574 4874 αὐτοῦ,
1603 4798 1652 4858 εἴ
1691 4823 1743 4858 τι
1790 4798 1936 4857 διδά-

335 4883 584 4955 σκειξΤὸ
613 4893 718 4974 γὰρ
747 4892 1020 4970 αἰδέσιμον
1052 4883 1188 4952 εἶναι
1215 4891 1304 4950 τὸν
1335 4890 1673 4963 διδάσκαλον,
1701 4887 1934 4969 ὠφέλεια

334 4986 439 5042 τῶν
472 4987 752 5062 μαθητῶν,
786 4982 1110 5061 πειθομένων
1146 4983 1290 5063 αὐτῷ
1322 4981 1352 5040 δ
1383 4981 1447 5040 ἂν
1488 4979 1638 5060 λέγῃ.
1676 4983 1833 5056 Μέγα
1873 4976 1934 5063 δὲ

337 5074 496 5132 αὐτοῦ
544 5071 806 5154 ἐγκώμιον
839 5074 921 5153 τὸ,
957 5075 1144 5133 δοῦλον
1190 5062 1326 5132 εἶναι
1375 5073 1626 5151 Χριστοῦ.
1675 5067 1817 5138 Δόξα
1844 5058 1934 5126 οὖν

335 5165 484 5241 ὑμῶν
509 5164 623 5223 ἐστι
644 5167 878 5231 τοιοῦτος
903 5160 976 5223 ὢν
994 5209 1011 5243 ,
1045 5165 1116 5231 ὡς
1144 5158 1196 5201 ⁷³
1228 5161 1280 5231 ἐξ
1307 5164 1452 5240 ὑμῶν
1481 5158 1729 5241 γεγονώςο

422 5367 452 5399 α
509 5343 753 5405 Πάντοτε
827 5343 1210 5422 ἀγωνιζόμενος
1266 5340 1402 5421 ὑπὲρ
1478 5343 1625 5418 ὓμῶν
1699 5341 1752 5398 ἐν
1819 5344 1935 5404 ταῖς

334 5442 675 5515 προσευχαῖς.
735 5455 768 5492 1ο
801 5435 924 5514 Οὐχ
953 5433 1136 5502 ἅπλῶς
1167 5433 1486 5514 εὐχόμενος,
1525 5428 1644 5489 ιῖιλλ⁹
1690 5431 1930 5505 ἀγωνιῶν

337 5525 429 5584 καὶ
451 5524 661 5606 τρέμων
702 5523 834 5606 ὑπὲρ
864 5525 1045 5604 ὑμῶν,
1079 5525 1139 5584 οὔ
1163 5527 1269 5606 ,νῦν
1296 5522 1477 5602 μόνον,
1519 5520 1657 5582 ἀλλὰ
1687 5516 1779 5580 καὶ
1802 5516 1938 5577 πάνο

335 5636 474 5676 τοτε.

2041 4641 2226 4681 servus
2271 4626 2494 4682 Christi.
2553 4629 2622 4683 Et
2668 4627 2723 4682 in
2765 4626 3031 4700 principio
3080 4626 3361 4700 Epistolas,
3409 4635 3464 4683 et
3509 4641 3654 4682 nunc

2039 4715 2220 4788 ipsum
2261 4715 2638 4787 commendat,
2676 4725 2740 4772 ut
2770 4716 2934 4773 veluti
2979 4725 3259 4773 amantem
3303 4717 3449 4789 ipsos
3499 4714 3654 4771 reda-

2041 4813 2219 4872 ment,
2245 4820 2310 4861 ac
2332 4805 2566 4864 libenter
2590 4821 2718 4863 eum
2745 4805 2988 4874 audiant,
3021 4806 3065 4862 si
3091 4805 3226 4878 quid
3250 4805 3464 4862 doceat.
3501 4806 3649 4861 Prai-

2040 4903 2323 4966 ceptorem
2366 4895 2513 4952 enim
2563 4895 2620 4951 in
2658 4894 2868 4952 honore
2909 4910 3045 4965 esse,
3090 4895 3146 4950 in
3195 4893 3651 4951 commoditatem

2039 4984 2434 5058 discipulorum
2472 4985 2638 5058 cedit,
2688 4986 3192 5058 obtemperantium
3233 4986 3280 5042 ei
3321 4985 3376 5042 in
3415 4985 3483 5042 iis
3528 5000 3652 5056 qua:

2041 5074 2194 5132 dicit.
2256 5079 2454 5150 ingens
2495 5085 2680 5135 autem
2731 5077 2850 5149 ejus
2889 5075 3228 5149 praaconium
3281 5083 3384 5145 est,
3431 5091 3650 5131 servum

2039 5179 2157 5221 esse
2186 5163 2411 5223 Christi.
2460 5167 2648 5224 Gloria
2679 5167 2843 5240 igitur
2871 5174 3049 5223 vestra
3080 5174 3163 5223 est
3191 5165 3301 5233 ille,
3335 5173 3526 5238 utpote
3555 5165 3654 5237 qui

2039 5271 2171 5311 cum
2200 5255 2327 5312 talis
2352 5256 2440 5323 sit,
2469 5272 2538 5313 ex
2565 5257 2724 5314 vobis
2749 5257 2820 5314 sit
2844 5257 3130 5314 oriundus.

2111 5346 2330 5416 Semper
2366 5347 2628 5403 sollicitus
2669 5364 2773 5420 pro
2818 5347 2962 5402 vobis
3026 5350 3086 5402 in
3133 5345 3482 5402 orationibus.
3525 5345 3652 5400 Non

2039 5433 2368 5506 simpliciter
2395 5452 2578 5507 orans,
2612 5436 2710 5494 sed
2737 5437 3005 5494 sollicitus
3051 5453 3116 5494 ac
3144 5445 3391 5494 tremens
3429 5450 3528 5508 pro
3561 5450 3656 5490 vo-

2047 5521 2153 5594 bis,
2183 5540 2296 5581 non
2333 5542 2481 5584 nunc
2508 5529 2716 5598 solum,
2747 5527 2844 5586 sed
2873 5543 3107 5600 semper.

1765 5704 1958 5766 Varia
2002 5703 2307 5769 lectiones.

412 5793 453 5830 ⁷³
483 5794 638 5858 ὄντως
660 5791 759 5866 γὰρ
785 5809 862 5852 m.
929 5792 972 5827 ⁷³
1003 5792 1211 5848 ἓκάστου
1237 5807 1291 5851 o.
1345 5790 1390 5826 ’⁷⁸
1420 5791 1506 5845 ἅτε
1528 5807 1582 5850 o.
