  <div class='ocr_page' id='page_1' title='image "/cluster/home/n/w/nwhite01/storage/ocr_20150623/124:no.2/coo.31924054870294/645.png"; bbox 0 0 4104 6436; ppageno 0'>
   <div class='ocr_carea' id='block_1_1' title="bbox 432 418 567 473">
    <p class='ocr_par' dir='ltr' id='par_1_1' title="bbox 432 418 567 473">
     <span class='ocr_line' id='line_1_1' title="bbox 432 418 567 473; baseline 0.007 -1"><span class='ocrx_word' id='word_1_1' title='bbox 432 418 567 473; x_wconf 76' lang='grc'><strong>1275</strong></span> 
     </span>
    </p>
   </div>
   <div class='ocr_carea' id='block_1_2' title="bbox 431 631 2036 710">
    <p class='ocr_par' dir='ltr' id='par_1_2' title="bbox 431 631 2036 710">
     <span class='ocr_line' id='line_1_2' title="bbox 431 631 2036 710; baseline 0.005 -22"><span class='ocrx_word' id='word_1_2' title='bbox 431 631 630 689; x_wconf 81' lang='lat' dir='ltr'><strong>lectos.</strong></span> <span class='ocrx_word' id='word_1_3' title='bbox 683 631 1080 689; x_wconf 86' lang='lat' dir='ltr'><strong>Claudicabant</strong></span> <span class='ocrx_word' id='word_1_4' title='bbox 1109 633 1260 689; x_wconf 91' lang='lat' dir='ltr'><strong>enim</strong></span> <span class='ocrx_word' id='word_1_5' title='bbox 1303 633 1532 691; x_wconf 86' lang='lat' dir='ltr'><strong>omnino</strong></span> <span class='ocrx_word' id='word_1_6' title='bbox 1578 635 1632 691; x_wconf 90' lang='lat' dir='ltr'><strong>in</strong></span> <span class='ocrx_word' id='word_1_7' title='bbox 1661 636 1917 710; x_wconf 84' lang='lat' dir='ltr'><strong>dogmate</strong></span> <span class='ocrx_word' id='word_1_8' title='bbox 1965 637 2036 696; x_wconf 89' lang='lat' dir='ltr'><strong>de</strong></span> 
     </span>
    </p>
   </div>
   <div class='ocr_carea' id='block_1_3' title="bbox 426 723 2036 801">
    <p class='ocr_par' dir='ltr' id='par_1_3' title="bbox 426 723 2036 801">
     <span class='ocr_line' id='line_1_3' title="bbox 426 723 2036 801; baseline 0.005 -23"><span class='ocrx_word' id='word_1_9' title='bbox 426 724 654 796; x_wconf 87' lang='lat' dir='ltr'><strong>angelis.</strong></span> <span class='ocrx_word' id='word_1_10' title='bbox 704 723 846 794; x_wconf 86' lang='lat' dir='ltr'><strong>Quia</strong></span> <span class='ocrx_word' id='word_1_11' title='bbox 876 739 1008 780; x_wconf 90' lang='lat' dir='ltr'><strong>vero</strong></span> <span class='ocrx_word' id='word_1_12' title='bbox 1054 734 1232 797; x_wconf 83' lang='lat' dir='ltr'><strong>potest</strong></span> <span class='ocrx_word' id='word_1_13' title='bbox 1273 726 1550 799; x_wconf 87' lang='lat' dir='ltr'><strong>quispiam</strong></span> <span class='ocrx_word' id='word_1_14' title='bbox 1585 743 1703 784; x_wconf 91' lang='lat' dir='ltr'><strong>esse</strong></span> <span class='ocrx_word' id='word_1_15' title='bbox 1741 728 2036 801; x_wconf 83' lang='lat' dir='ltr'><strong>perfectus,</strong></span> 
     </span>
    </p>
   </div>
   <div class='ocr_carea' id='block_1_4' title="bbox 423 814 2036 890">
    <p class='ocr_par' dir='ltr' id='par_1_4' title="bbox 423 814 2036 890">
     <span class='ocr_line' id='line_1_4' title="bbox 423 814 2036 890; baseline 0.004 -21"><span class='ocrx_word' id='word_1_16' title='bbox 423 828 524 869; x_wconf 89' lang='lat' dir='ltr'><strong>nec</strong></span> <span class='ocrx_word' id='word_1_17' title='bbox 551 821 699 870; x_wconf 89' lang='lat' dir='ltr'><strong>stare</strong></span> <span class='ocrx_word' id='word_1_18' title='bbox 724 822 935 884; x_wconf 90' lang='lat' dir='ltr'><strong>tamen,</strong></span> <span class='ocrx_word' id='word_1_19' title='bbox 964 814 1443 888; x_wconf 84' lang='lat' dir='ltr'><strong>quemadmodum</strong></span> <span class='ocrx_word' id='word_1_20' title='bbox 1468 833 1598 874; x_wconf 91' lang='lat' dir='ltr'><strong>cum</strong></span> <span class='ocrx_word' id='word_1_21' title='bbox 1628 817 1829 890; x_wconf 89' lang='lat' dir='ltr'><strong>aliquis</strong></span> <span class='ocrx_word' id='word_1_22' title='bbox 1851 820 2036 875; x_wconf 88' lang='lat' dir='ltr'><strong>omnia</strong></span> 
     </span>
    </p>
   </div>
   <div class='ocr_carea' id='block_1_5' title="bbox 424 901 2038 979">
    <p class='ocr_par' dir='ltr' id='par_1_5' title="bbox 424 901 2038 979">
     <span class='ocr_line' id='line_1_5' title="bbox 424 901 2038 979; baseline 0.004 -21"><span class='ocrx_word' id='word_1_23' title='bbox 424 901 660 970; x_wconf 88' lang='lat' dir='ltr'><strong>noverit,</strong></span> <span class='ocrx_word' id='word_1_24' title='bbox 685 918 799 958; x_wconf 90' lang='lat' dir='ltr'><strong>non</strong></span> <span class='ocrx_word' id='word_1_25' title='bbox 828 903 1088 960; x_wconf 85' lang='lat' dir='ltr'><strong>consistat</strong></span> <span class='ocrx_word' id='word_1_26' title='bbox 1114 913 1302 960; x_wconf 87' lang='lat' dir='ltr'><strong>tamen</strong></span> <span class='ocrx_word' id='word_1_27' title='bbox 1332 904 1564 963; x_wconf 85' lang='lat' dir='ltr'><strong>ﬁrmiter</strong></span> <span class='ocrx_word' id='word_1_28' title='bbox 1607 925 1621 961; x_wconf 90' lang='lat'><strong>:</strong></span> <span class='ocrx_word' id='word_1_29' title='bbox 1654 915 1939 979; x_wconf 85' lang='lat' dir='ltr'><strong>propterea</strong></span> <span class='ocrx_word' id='word_1_30' title='bbox 1971 908 2038 965; x_wconf 86' lang='lat' dir='ltr'><strong>vi.</strong></span> 
     </span>
    </p>
   </div>
   <div class='ocr_carea' id='block_1_6' title="bbox 427 993 2038 1065">
    <p class='ocr_par' dir='ltr' id='par_1_6' title="bbox 427 993 2038 1065">
     <span class='ocr_line' id='line_1_6' title="bbox 427 993 2038 1065; baseline 0.004 -17"><span class='ocrx_word' id='word_1_31' title='bbox 427 993 522 1060; x_wconf 84' lang='lat' dir='ltr'><strong>cit,</strong></span> <span class='ocrx_word' id='word_1_32' title='bbox 557 996 625 1049; x_wconf 93' lang='lat' dir='ltr'><strong>Ut</strong></span> <span class='ocrx_word' id='word_1_33' title='bbox 665 995 816 1049; x_wconf 89' lang='lat' dir='ltr'><strong>stetis</strong></span> <span class='ocrx_word' id='word_1_34' title='bbox 852 996 1113 1065; x_wconf 82' lang='lat' dir='ltr'><strong>perfecti,</strong></span> <span class='ocrx_word' id='word_1_35' title='bbox 1141 994 1390 1051; x_wconf 81' lang='lat' dir='ltr'><strong>videlicet</strong></span> <span class='ocrx_word' id='word_1_36' title='bbox 1427 1005 1483 1052; x_wconf 90' lang='lat' dir='ltr'><strong>et</strong></span> <span class='ocrx_word' id='word_1_37' title='bbox 1518 997 1574 1052; x_wconf 88' lang='lat' dir='ltr'><strong>in</strong></span> <span class='ocrx_word' id='word_1_38' title='bbox 1618 995 1863 1054; x_wconf 83' lang='lat' dir='ltr'><strong>doctrina</strong></span> <span class='ocrx_word' id='word_1_39' title='bbox 1902 1006 1957 1055; x_wconf 88' lang='lat' dir='ltr'><strong>et</strong></span> <span class='ocrx_word' id='word_1_40' title='bbox 1983 998 2038 1054; x_wconf 91' lang='lat' dir='ltr'><strong>in</strong></span> 
     </span>
    </p>
   </div>
   <div class='ocr_carea' id='block_1_7' title="bbox 441 1083 566 1137">
    <p class='ocr_par' dir='ltr' id='par_1_7' title="bbox 441 1083 566 1137">
     <span class='ocr_line' id='line_1_7' title="bbox 441 1083 566 1137; baseline 0.008 -1"><span class='ocrx_word' id='word_1_41' title='bbox 441 1083 566 1137; x_wconf 89' lang='lat' dir='ltr'><strong>vita.</strong></span> 
     </span>
    </p>
   </div>
   <div class='ocr_carea' id='block_1_8' title="bbox 499 1174 2036 1246">
    <p class='ocr_par' dir='ltr' id='par_1_8' title="bbox 499 1174 2036 1246">
     <span class='ocr_line' id='line_1_8' title="bbox 499 1174 2036 1246; baseline 0.003 -16"><span class='ocrx_word' id='word_1_42' title='bbox 499 1177 572 1230; x_wconf 88' lang='lat' dir='ltr'><strong>Et</strong></span> <span class='ocrx_word' id='word_1_43' title='bbox 589 1174 742 1244; x_wconf 87' lang='lat' dir='ltr'><strong>pleni</strong></span> <span class='ocrx_word' id='word_1_44' title='bbox 767 1177 828 1230; x_wconf 85' lang='lat' dir='ltr'><strong>in</strong></span> <span class='ocrx_word' id='word_1_45' title='bbox 865 1177 1013 1229; x_wconf 88' lang='lat' dir='ltr'><strong>omni</strong></span> <span class='ocrx_word' id='word_1_46' title='bbox 1050 1177 1328 1231; x_wconf 78' lang='lat' dir='ltr'><strong>uoluntate</strong></span> <span class='ocrx_word' id='word_1_47' title='bbox 1358 1179 1472 1232; x_wconf 90' lang='lat' dir='ltr'><strong>Dei.</strong></span> <span class='ocrx_word' id='word_1_48' title='bbox 1503 1178 1626 1233; x_wconf 85' lang='lat' dir='ltr'><strong>Hoc</strong></span> <span class='ocrx_word' id='word_1_49' title='bbox 1675 1185 1779 1246; x_wconf 91' lang='lat' dir='ltr'><strong>est,</strong></span> <span class='ocrx_word' id='word_1_50' title='bbox 1804 1179 1885 1234; x_wconf 92' lang='lat' dir='ltr'><strong>Ut</strong></span> <span class='ocrx_word' id='word_1_51' title='bbox 1911 1177 2036 1235; x_wconf 91' lang='lat' dir='ltr'><strong>nul-</strong></span> 
     </span>
    </p>
   </div>
   <div class='ocr_carea' id='block_1_9' title="bbox 429 1261 2037 1338">
    <p class='ocr_par' dir='ltr' id='par_1_9' title="bbox 429 1261 2037 1338">
     <span class='ocr_line' id='line_1_9' title="bbox 429 1261 2037 1338; baseline 0.005 -21"><span class='ocrx_word' id='word_1_52' title='bbox 429 1261 540 1318; x_wconf 90' lang='lat' dir='ltr'><strong>lam</strong></span> <span class='ocrx_word' id='word_1_53' title='bbox 562 1263 725 1319; x_wconf 88' lang='lat' dir='ltr'><strong>aliam</strong></span> <span class='ocrx_word' id='word_1_54' title='bbox 756 1263 1095 1321; x_wconf 81' lang='lat' dir='ltr'><strong>voluntatem</strong></span> <span class='ocrx_word' id='word_1_55' title='bbox 1125 1263 1358 1334; x_wconf 88' lang='lat' dir='ltr'><strong>faciatis,</strong></span> <span class='ocrx_word' id='word_1_56' title='bbox 1387 1274 1584 1338; x_wconf 68' lang='lat' dir='ltr'><strong>praeter</strong></span> <span class='ocrx_word' id='word_1_57' title='bbox 1611 1266 1850 1323; x_wconf 86' lang='lat' dir='ltr'><strong>divinam</strong></span> <span class='ocrx_word' id='word_1_58' title='bbox 1886 1287 1899 1325; x_wconf 90' lang='lat'><strong>:</strong></span> <span class='ocrx_word' id='word_1_59' title='bbox 1931 1267 2037 1324; x_wconf 94' lang='lat' dir='ltr'><strong>hoc</strong></span> 
     </span>
    </p>
   </div>
   <div class='ocr_carea' id='block_1_10' title="bbox 431 1353 2039 1428">
    <p class='ocr_par' dir='ltr' id='par_1_10' title="bbox 431 1353 2039 1428">
     <span class='ocr_line' id='line_1_10' title="bbox 431 1353 2039 1428; baseline 0.004 -20"><span class='ocrx_word' id='word_1_60' title='bbox 431 1353 581 1408; x_wconf 86' lang='lat' dir='ltr'><strong>enim</strong></span> <span class='ocrx_word' id='word_1_61' title='bbox 629 1362 713 1410; x_wconf 90' lang='lat' dir='ltr'><strong>est</strong></span> <span class='ocrx_word' id='word_1_62' title='bbox 757 1355 1094 1425; x_wconf 90' lang='lat' dir='ltr'><strong>completum</strong></span> <span class='ocrx_word' id='word_1_63' title='bbox 1138 1364 1192 1411; x_wconf 91' lang='lat' dir='ltr'><strong>et</strong></span> <span class='ocrx_word' id='word_1_64' title='bbox 1235 1355 1534 1428; x_wconf 83' lang='lat' dir='ltr'><strong>perfectum</strong></span> <span class='ocrx_word' id='word_1_65' title='bbox 1583 1372 1722 1414; x_wconf 86' lang='lat' dir='ltr'><strong>esse.</strong></span> <span class='ocrx_word' id='word_1_66' title='bbox 1779 1357 2039 1414; x_wconf 90' lang='lat' dir='ltr'><strong>Ostendit</strong></span> 
     </span>
    </p>
   </div>
   <div class='ocr_carea' id='block_1_11' title="bbox 433 1443 2037 1522">
    <p class='ocr_par' dir='ltr' id='par_1_11' title="bbox 433 1443 2037 1522">
     <span class='ocr_line' id='line_1_11' title="bbox 433 1443 2037 1522; baseline 0.003 -23"><span class='ocrx_word' id='word_1_67' title='bbox 433 1451 620 1499; x_wconf 89' lang='lat' dir='ltr'><strong>autem</strong></span> <span class='ocrx_word' id='word_1_68' title='bbox 651 1459 748 1515; x_wconf 90' lang='lat' dir='ltr'><strong>per</strong></span> <span class='ocrx_word' id='word_1_69' title='bbox 792 1443 941 1514; x_wconf 65' lang='lat' dir='ltr'><strong>haec,</strong></span> <span class='ocrx_word' id='word_1_70' title='bbox 983 1459 1078 1502; x_wconf 91' lang='lat' dir='ltr'><strong>eos</strong></span> <span class='ocrx_word' id='word_1_71' title='bbox 1124 1445 1321 1517; x_wconf 87' lang='lat' dir='ltr'><strong>partim</strong></span> <span class='ocrx_word' id='word_1_72' title='bbox 1353 1445 1558 1504; x_wconf 87' lang='lat' dir='ltr'><strong>habere</strong></span> <span class='ocrx_word' id='word_1_73' title='bbox 1585 1445 1881 1522; x_wconf 88' lang='lat' dir='ltr'><strong>quiddam,</strong></span> <span class='ocrx_word' id='word_1_74' title='bbox 1910 1463 2037 1520; x_wconf 88' lang='lat' dir='ltr'><strong>par-</strong></span> 
     </span>
    </p>
   </div>
   <div class='ocr_carea' id='block_1_12' title="bbox 431 1531 1324 1607">
    <p class='ocr_par' dir='ltr' id='par_1_12' title="bbox 431 1531 1324 1607">
     <span class='ocr_line' id='line_1_12' title="bbox 431 1531 1324 1607; baseline 0.004 -20"><span class='ocrx_word' id='word_1_75' title='bbox 431 1532 532 1588; x_wconf 92' lang='lat' dir='ltr'><strong>tim</strong></span> <span class='ocrx_word' id='word_1_76' title='bbox 561 1531 726 1588; x_wconf 91' lang='lat' dir='ltr'><strong>etiam</strong></span> <span class='ocrx_word' id='word_1_77' title='bbox 751 1532 855 1590; x_wconf 90' lang='lat' dir='ltr'><strong>illis</strong></span> <span class='ocrx_word' id='word_1_78' title='bbox 883 1533 1086 1607; x_wconf 87' lang='lat' dir='ltr'><strong>aliquid</strong></span> <span class='ocrx_word' id='word_1_79' title='bbox 1109 1534 1324 1591; x_wconf 89' lang='lat' dir='ltr'><strong>deesse.</strong></span> 
     </span>
    </p>
   </div>
   <div class='ocr_carea' id='block_1_13' title="bbox 503 1624 2040 1699">
    <p class='ocr_par' dir='ltr' id='par_1_13' title="bbox 503 1624 2040 1699">
     <span class='ocr_line' id='line_1_13' title="bbox 503 1624 2040 1699; baseline 0.005 -22"><span class='ocrx_word' id='word_1_80' title='bbox 503 1624 675 1679; x_wconf 67' lang='lat' dir='ltr'><strong>Vens.</strong></span> <span class='ocrx_word' id='word_1_81' title='bbox 716 1627 797 1679; x_wconf 83' lang='lat' dir='ltr'><strong>t3.</strong></span> <span class='ocrx_word' id='word_1_82' title='bbox 861 1627 1241 1680; x_wconf 77' lang='lat' dir='ltr'><strong>Testimonium</strong></span> <span class='ocrx_word' id='word_1_83' title='bbox 1279 1629 1420 1681; x_wconf 80' lang='lat' dir='ltr'><strong>enim</strong></span> <span class='ocrx_word' id='word_1_84' title='bbox 1467 1627 1556 1681; x_wconf 84' lang='lat' dir='ltr'><strong>illi</strong></span> <span class='ocrx_word' id='word_1_85' title='bbox 1592 1629 1864 1698; x_wconf 78' lang='lat' dir='ltr'><strong>perhibeo,</strong></span> <span class='ocrx_word' id='word_1_86' title='bbox 1897 1630 2040 1699; x_wconf 81' lang='lat' dir='ltr'><strong>quod</strong></span> 
     </span>
    </p>
   </div>
   <div class='ocr_carea' id='block_1_14' title="bbox 433 1711 2041 1788">
    <p class='ocr_par' dir='ltr' id='par_1_14' title="bbox 433 1711 2041 1788">
     <span class='ocr_line' id='line_1_14' title="bbox 433 1711 2041 1788; baseline 0.005 -23"><span class='ocrx_word' id='word_1_87' title='bbox 433 1711 624 1766; x_wconf 85' lang='lat' dir='ltr'><strong>habeat</strong></span> <span class='ocrx_word' id='word_1_88' title='bbox 651 1713 822 1768; x_wconf 81' lang='lat' dir='ltr'><strong>zelum</strong></span> <span class='ocrx_word' id='word_1_89' title='bbox 856 1715 1086 1769; x_wconf 86' lang='lat' dir='ltr'><strong>multum</strong></span> <span class='ocrx_word' id='word_1_90' title='bbox 1113 1731 1218 1785; x_wconf 84' lang='lat' dir='ltr'><strong>pro</strong></span> <span class='ocrx_word' id='word_1_91' title='bbox 1258 1717 1428 1785; x_wconf 78' lang='lat' dir='ltr'><strong>vobis,</strong></span> <span class='ocrx_word' id='word_1_92' title='bbox 1460 1721 1512 1772; x_wconf 87' lang='lat' dir='ltr'><strong>et</strong></span> <span class='ocrx_word' id='word_1_93' title='bbox 1533 1732 1636 1788; x_wconf 84' lang='lat' dir='ltr'><strong>pro</strong></span> <span class='ocrx_word' id='word_1_94' title='bbox 1665 1719 1735 1773; x_wconf 83' lang='lat' dir='ltr'><strong>iis</strong></span> <span class='ocrx_word' id='word_1_95' title='bbox 1790 1721 1888 1788; x_wconf 86' lang='lat' dir='ltr'><strong>qui</strong></span> <span class='ocrx_word' id='word_1_96' title='bbox 1911 1728 2041 1773; x_wconf 84' lang='lat' dir='ltr'><strong>sunt</strong></span> 
     </span>
    </p>
   </div>
   <div class='ocr_carea' id='block_1_15' title="bbox 431 1801 2032 1880">
    <p class='ocr_par' dir='ltr' id='par_1_15' title="bbox 431 1801 2032 1880">
     <span class='ocr_line' id='line_1_15' title="bbox 431 1801 2032 1880; baseline 0.004 -23"><span class='ocrx_word' id='word_1_97' title='bbox 431 1801 721 1865; x_wconf 72' lang='lat' dir='ltr'><strong>Laodiceae,</strong></span> <span class='ocrx_word' id='word_1_98' title='bbox 749 1807 800 1858; x_wconf 88' lang='lat' dir='ltr'><strong>et</strong></span> <span class='ocrx_word' id='word_1_99' title='bbox 829 1805 926 1873; x_wconf 88' lang='lat' dir='ltr'><strong>qui</strong></span> <span class='ocrx_word' id='word_1_100' title='bbox 955 1806 1254 1876; x_wconf 82' lang='lat' dir='ltr'><strong>Hierapoli.</strong></span> <span class='ocrx_word' id='word_1_101' title='bbox 1282 1808 1532 1879; x_wconf 89' lang='lat' dir='ltr'><strong>Utraque</strong></span> <span class='ocrx_word' id='word_1_102' title='bbox 1556 1807 2032 1880; x_wconf 85' lang='lat' dir='ltr'><strong>exaggerationem</strong></span> 
     </span>
    </p>
   </div>
   <div class='ocr_carea' id='block_1_16' title="bbox 1411 417 2683 484">
    <p class='ocr_par' dir='ltr' id='par_1_16' title="bbox 1411 417 2683 484">
     <span class='ocr_line' id='line_1_16' title="bbox 1411 417 2683 484; baseline 0.009 -11"><span class='ocrx_word' id='word_1_103' title='bbox 1411 417 1928 478; x_wconf 81' lang='lat' dir='ltr'><strong>THEOPHYLACTI</strong></span> <span class='ocrx_word' id='word_1_104' title='bbox 1971 422 2331 482; x_wconf 75' lang='lat' dir='ltr'><strong>BULGARLE</strong></span> <span class='ocrx_word' id='word_1_105' title='bbox 2369 425 2683 484; x_wconf 80' lang='lat' dir='ltr'><strong>ARCHIEP.</strong></span> 
     </span>
    </p>
   </div>
   <div class='ocr_carea' id='block_1_17' title="bbox 505 542 2114 620">
    <p class='ocr_par' dir='ltr' id='par_1_17' title="bbox 505 542 2114 620">
     <span class='ocr_line' id='line_1_17' title="bbox 505 542 2114 620; baseline 0.005 -24"><span class='ocrx_word' id='word_1_106' title='bbox 505 543 573 597; x_wconf 88' lang='lat' dir='ltr'><strong>Ut</strong></span> <span class='ocrx_word' id='word_1_107' title='bbox 601 543 748 597; x_wconf 82' lang='lat' dir='ltr'><strong>stetis</strong></span> <span class='ocrx_word' id='word_1_108' title='bbox 775 542 1025 612; x_wconf 82' lang='lat' dir='ltr'><strong>perfecti.</strong></span> <span class='ocrx_word' id='word_1_109' title='bbox 1073 542 1257 599; x_wconf 89' lang='lat' dir='ltr'><strong>Tacite</strong></span> <span class='ocrx_word' id='word_1_110' title='bbox 1287 557 1383 600; x_wconf 89' lang='lat' dir='ltr'><strong>eos</strong></span> <span class='ocrx_word' id='word_1_111' title='bbox 1429 544 1651 601; x_wconf 88' lang='lat' dir='ltr'><strong>mordet</strong></span> <span class='ocrx_word' id='word_1_112' title='bbox 1691 561 1792 603; x_wconf 88' lang='lat' dir='ltr'><strong>ceu</strong></span> <span class='ocrx_word' id='word_1_113' title='bbox 1834 549 2034 620; x_wconf 89' lang='lat' dir='ltr'><strong>imper—</strong></span> <span class='ocrx_word' id='word_1_114' title='bbox 2061 554 2114 618; x_wconf 87' lang='grc' dir='ltr'><strong>Α</strong></span> 
     </span>
    </p>
   </div>
   <div class='ocr_carea' id='block_1_18' title="bbox 3603 437 3740 492">
    <p class='ocr_par' dir='ltr' id='par_1_18' title="bbox 3603 437 3740 492">
     <span class='ocr_line' id='line_1_18' title="bbox 3603 437 3740 492; baseline 0 -2"><span class='ocrx_word' id='word_1_115' title='bbox 3603 437 3740 492; x_wconf 73' lang='grc'><strong>1276</strong></span> 
     </span>
    </p>
   </div>
   <div class='ocr_carea' id='block_1_19' title="bbox 2228 550 3741 639">
    <p class='ocr_par' dir='ltr' id='par_1_19' title="bbox 2228 550 3741 639">
     <span class='ocr_line' id='line_1_19' title="bbox 2228 550 3741 639; baseline 0.006 -28"><span class='ocrx_word' id='word_1_116' title='bbox 2228 579 2249 603; x_wconf 74' lang='grc' dir='ltr'><strong>σι</strong></span> <span class='ocrx_word' id='word_1_117' title='bbox 2282 550 2404 612; x_wconf 83' lang='grc' dir='ltr'>Ἵνα</span> <span class='ocrx_word' id='word_1_118' title='bbox 2465 558 2628 628; x_wconf 74' lang='grc' dir='ltr'>στῆτε</span> <span class='ocrx_word' id='word_1_119' title='bbox 2680 554 2890 618; x_wconf 83' lang='grc' dir='ltr'>τέλειοι.</span> <span class='ocrx_word' id='word_1_120' title='bbox 2938 583 2962 609; x_wconf 80' lang='grc' dir='ltr'>ι·</span> <span class='ocrx_word' id='word_1_121' title='bbox 2999 557 3194 618; x_wconf 86' lang='grc' dir='ltr'>Δάκνει</span> <span class='ocrx_word' id='word_1_122' title='bbox 3233 557 3418 626; x_wconf 78' lang='grc' dir='ltr'>αὐτοὺς</span> <span class='ocrx_word' id='word_1_123' title='bbox 3459 559 3636 639; x_wconf 82' lang='grc' dir='ltr'>ἠρέμα</span> <span class='ocrx_word' id='word_1_124' title='bbox 3667 565 3741 630; x_wconf 85' lang='grc' dir='ltr'>ὡς</span> 
     </span>
    </p>
   </div>
   <div class='ocr_carea' id='block_1_20' title="bbox 2147 643 3741 731">
    <p class='ocr_par' dir='ltr' id='par_1_20' title="bbox 2147 643 3741 731">
     <span class='ocr_line' id='line_1_20' title="bbox 2147 643 3741 731; baseline 0.006 -31"><span class='ocrx_word' id='word_1_125' title='bbox 2147 643 2351 709; x_wconf 81' lang='grc' dir='ltr'><strong>ἀτελεῖς</strong></span> <span class='ocrx_word' id='word_1_126' title='bbox 2381 643 2550 712; x_wconf 83' lang='grc' dir='ltr'>ὄντας.</span> <span class='ocrx_word' id='word_1_127' title='bbox 2602 645 2870 718; x_wconf 72' lang='grc' dir='ltr'>Ἰἰσκαζον</span> <span class='ocrx_word' id='word_1_128' title='bbox 2914 646 3017 728; x_wconf 78' lang='grc' dir='ltr'><strong>γὰρ</strong></span> <span class='ocrx_word' id='word_1_129' title='bbox 3047 647 3258 718; x_wconf 89' lang='grc' dir='ltr'>πάντως</span> <span class='ocrx_word' id='word_1_130' title='bbox 3303 650 3423 731; x_wconf 77' lang='grc' dir='ltr'>περὶ</span> <span class='ocrx_word' id='word_1_131' title='bbox 3464 649 3525 710; x_wconf 84' lang='grc' dir='ltr'>τὸ</span> <span class='ocrx_word' id='word_1_132' title='bbox 3567 651 3741 730; x_wconf 80' lang='grc' dir='ltr'>δόγμα</span> 
     </span>
    </p>
   </div>
   <div class='ocr_carea' id='block_1_21' title="bbox 2145 735 3742 817">
    <p class='ocr_par' dir='ltr' id='par_1_21' title="bbox 2145 735 3742 817">
     <span class='ocr_line' id='line_1_21' title="bbox 2145 735 3742 817; baseline 0.005 -25"><span class='ocrx_word' id='word_1_133' title='bbox 2145 738 2235 792; x_wconf 81' lang='grc' dir='ltr'><strong>τοῦ</strong></span> <span class='ocrx_word' id='word_1_134' title='bbox 2283 735 2404 817; x_wconf 79' lang='grc' dir='ltr'>περὶ</span> <span class='ocrx_word' id='word_1_135' title='bbox 2455 739 2558 794; x_wconf 83' lang='grc' dir='ltr'><strong>τῶν</strong></span> <span class='ocrx_word' id='word_1_136' title='bbox 2611 739 2849 815; x_wconf 80' lang='grc' dir='ltr'>ἀγγέλων</span> <span class='ocrx_word' id='word_1_137' title='bbox 2883 738 3063 817; x_wconf 85' lang='grc' dir='ltr'><strong>λόγου.</strong></span> <span class='ocrx_word' id='word_1_138' title='bbox 3114 739 3272 800; x_wconf 82' lang='grc' dir='ltr'>Ἐπεὶ</span> <span class='ocrx_word' id='word_1_139' title='bbox 3322 741 3376 798; x_wconf 79' lang='grc' dir='ltr'>δὲ</span> <span class='ocrx_word' id='word_1_140' title='bbox 3426 739 3502 800; x_wconf 88' lang='grc' dir='ltr'>ἔνι</span> <span class='ocrx_word' id='word_1_141' title='bbox 3544 744 3742 801; x_wconf 85' lang='grc' dir='ltr'>τέλειον</span> 
     </span>
    </p>
   </div>
   <div class='ocr_carea' id='block_1_22' title="bbox 2149 814 3743 910">
    <p class='ocr_par' dir='ltr' id='par_1_22' title="bbox 2149 814 3743 910">
     <span class='ocr_line' id='line_1_22' title="bbox 2149 814 3743 910; baseline 0.006 -29"><span class='ocrx_word' id='word_1_142' title='bbox 2149 822 2244 900; x_wconf 85' lang='grc' dir='ltr'>μὲν</span> <span class='ocrx_word' id='word_1_143' title='bbox 2277 814 2436 894; x_wconf 70' lang='grc' dir='ltr'>εἶναι,</span> <span class='ocrx_word' id='word_1_144' title='bbox 2478 826 2552 903; x_wconf 84' lang='grc' dir='ltr'><strong>μὴ</strong></span> <span class='ocrx_word' id='word_1_145' title='bbox 2589 814 2805 886; x_wconf 81' lang='grc' dir='ltr'>ἑστάναι</span> <span class='ocrx_word' id='word_1_146' title='bbox 2831 827 2918 900; x_wconf 85' lang='grc' dir='ltr'>δὲ,</span> <span class='ocrx_word' id='word_1_147' title='bbox 2949 827 3135 910; x_wconf 83' lang='grc' dir='ltr'>ὥσμερ</span> <span class='ocrx_word' id='word_1_148' title='bbox 3163 828 3290 888; x_wconf 74' lang='grc' dir='ltr'>ὅταν</span> <span class='ocrx_word' id='word_1_149' title='bbox 3317 853 3395 898; x_wconf 89' lang='grc' dir='ltr'><strong>τις</strong></span> <span class='ocrx_word' id='word_1_150' title='bbox 3423 831 3600 890; x_wconf 85' lang='grc' dir='ltr'>πάντα</span> <span class='ocrx_word' id='word_1_151' title='bbox 3644 830 3743 907; x_wconf 82' lang='grc' dir='ltr'>μὲν</span> 
     </span>
    </p>
   </div>
   <div class='ocr_carea' id='block_1_23' title="bbox 2147 913 3739 1002">
    <p class='ocr_par' dir='ltr' id='par_1_23' title="bbox 2147 913 3739 1002">
     <span class='ocr_line' id='line_1_23' title="bbox 2147 913 3739 1002; baseline 0.005 -32"><span class='ocrx_word' id='word_1_152' title='bbox 2147 914 2282 994; x_wconf 80' lang='grc' dir='ltr'>εἰδῇ,</span> <span class='ocrx_word' id='word_1_153' title='bbox 2309 913 2382 991; x_wconf 84' lang='grc' dir='ltr'><strong>μὴ</strong></span> <span class='ocrx_word' id='word_1_154' title='bbox 2414 914 2628 987; x_wconf 80' lang='grc' dir='ltr'>ἑστήκοι</span> <span class='ocrx_word' id='word_1_155' title='bbox 2659 916 2713 975; x_wconf 81' lang='grc' dir='ltr'>δὲ</span> <span class='ocrx_word' id='word_1_156' title='bbox 2748 917 3004 996; x_wconf 76' lang='grc' dir='ltr'>βεϐαίως·</span> <span class='ocrx_word' id='word_1_157' title='bbox 3037 917 3123 977; x_wconf 74' lang='grc' dir='ltr'><strong>διὰ</strong></span> <span class='ocrx_word' id='word_1_158' title='bbox 3151 919 3302 979; x_wconf 76' lang='lat'><strong>10516</strong></span> <span class='ocrx_word' id='word_1_159' title='bbox 3327 943 3484 1002; x_wconf 86' lang='grc' dir='ltr'>φησιν</span> <span class='ocrx_word' id='word_1_160' title='bbox 3505 945 3520 959; x_wconf 86' lang='grc'><strong>·</strong></span> <span class='ocrx_word' id='word_1_161' title='bbox 3549 947 3585 998; x_wconf 47' lang='grc' dir='ltr'><strong>ιι,</strong></span> <span class='ocrx_word' id='word_1_162' title='bbox 3612 917 3739 982; x_wconf 85' lang='grc' dir='ltr'><strong>Ἵνα</strong></span> 
     </span>
    </p>
   </div>
   <div class='ocr_carea' id='block_1_24' title="bbox 2147 1005 3746 1093">
    <p class='ocr_par' dir='ltr' id='par_1_24' title="bbox 2147 1005 3746 1093">
     <span class='ocr_line' id='line_1_24' title="bbox 2147 1005 3746 1093; baseline 0.004 -31"><span class='ocrx_word' id='word_1_163' title='bbox 2147 1007 2308 1076; x_wconf 81' lang='grc' dir='ltr'>στῆτε</span> <span class='ocrx_word' id='word_1_164' title='bbox 2334 1005 2558 1079; x_wconf 89' lang='grc' dir='ltr'>τέλειοι,</span> <span class='ocrx_word' id='word_1_165' title='bbox 2593 1035 2617 1059; x_wconf 78' lang='grc' dir='ltr'><strong>ιι</strong></span> <span class='ocrx_word' id='word_1_166' title='bbox 2647 1006 2701 1066; x_wconf 85' lang='grc' dir='ltr'>ἔν</span> <span class='ocrx_word' id='word_1_167' title='bbox 2741 1031 2799 1068; x_wconf 89' lang='grc' dir='ltr'><strong>τε</strong></span> <span class='ocrx_word' id='word_1_168' title='bbox 2843 1012 2920 1090; x_wconf 82' lang='grc' dir='ltr'><strong>τῷ</strong></span> <span class='ocrx_word' id='word_1_169' title='bbox 2953 1009 3180 1089; x_wconf 85' lang='grc' dir='ltr'>δόγματι</span> <span class='ocrx_word' id='word_1_170' title='bbox 3223 1008 3427 1083; x_wconf 85' lang='grc' dir='ltr'>δηλαδὴ</span> <span class='ocrx_word' id='word_1_171' title='bbox 3456 1012 3546 1071; x_wconf 82' lang='grc' dir='ltr'><strong>καὶ</strong></span> <span class='ocrx_word' id='word_1_172' title='bbox 3579 1012 3634 1070; x_wconf 81' lang='grc' dir='ltr'><strong>ἐν</strong></span> <span class='ocrx_word' id='word_1_173' title='bbox 3665 1014 3746 1093; x_wconf 82' lang='grc' dir='ltr'><strong>τῷ</strong></span> 
     </span>
    </p>
   </div>
   <div class='ocr_carea' id='block_1_25' title="bbox 2149 1092 2270 1176">
    <p class='ocr_par' dir='ltr' id='par_1_25' title="bbox 2149 1092 2270 1176">
     <span class='ocr_line' id='line_1_25' title="bbox 2149 1092 2270 1176; baseline 0.017 -24"><span class='ocrx_word' id='word_1_174' title='bbox 2149 1092 2249 1176; x_wconf 85' lang='grc' dir='ltr'><strong>βίῳ</strong></span> <span class='ocrx_word' id='word_1_175' title='bbox 2259 1141 2270 1154; x_wconf 92' lang='grc'><strong>.</strong></span> 
     </span>
    </p>
   </div>
   <div class='ocr_carea' id='block_1_26' title="bbox 2230 1185 3742 1269">
    <p class='ocr_par' dir='ltr' id='par_1_26' title="bbox 2230 1185 3742 1269">
     <span class='ocr_line' id='line_1_26' title="bbox 2230 1185 3742 1269; baseline 0.005 -23"><span class='ocrx_word' id='word_1_176' title='bbox 2230 1212 2252 1235; x_wconf 75' lang='grc' dir='ltr'>ι</span> <span class='ocrx_word' id='word_1_177' title='bbox 2289 1185 2399 1246; x_wconf 78' lang='grc' dir='ltr'>Καὶ</span> <span class='ocrx_word' id='word_1_178' title='bbox 2429 1186 2837 1269; x_wconf 80' lang='grc' dir='ltr'><strong>πεπληρωμένοι</strong></span> <span class='ocrx_word' id='word_1_179' title='bbox 2854 1189 2906 1248; x_wconf 84' lang='grc' dir='ltr'><strong>ἐν</strong></span> <span class='ocrx_word' id='word_1_180' title='bbox 2931 1188 3094 1248; x_wconf 80' lang='grc' dir='ltr'>παντὶ</span> <span class='ocrx_word' id='word_1_181' title='bbox 3116 1188 3377 1268; x_wconf 77' lang='grc' dir='ltr'>θελήματι</span> <span class='ocrx_word' id='word_1_182' title='bbox 3405 1195 3494 1250; x_wconf 89' lang='lat'><strong>105</strong></span> <span class='ocrx_word' id='word_1_183' title='bbox 3515 1196 3678 1254; x_wconf 77' lang='grc' dir='ltr'>Θεοῦ.</span> <span class='ocrx_word' id='word_1_184' title='bbox 3719 1218 3742 1243; x_wconf 73' lang='grc' dir='ltr'><strong>ι</strong></span> 
     </span>
    </p>
   </div>
   <div class='ocr_carea' id='block_1_27' title="bbox 2147 1273 3748 1357">
    <p class='ocr_par' dir='ltr' id='par_1_27' title="bbox 2147 1273 3748 1357">
     <span class='ocr_line' id='line_1_27' title="bbox 2147 1273 3748 1357; baseline 0.006 -25"><span class='ocrx_word' id='word_1_185' title='bbox 2147 1273 2470 1349; x_wconf 82' lang='grc' dir='ltr'>Τουτέστιν’,</span> <span class='ocrx_word' id='word_1_186' title='bbox 2519 1274 2638 1338; x_wconf 87' lang='grc' dir='ltr'>Ἵνα</span> <span class='ocrx_word' id='word_1_187' title='bbox 2686 1279 2849 1355; x_wconf 81' lang='grc' dir='ltr'>μηδὲν</span> <span class='ocrx_word' id='word_1_188' title='bbox 2904 1280 3037 1339; x_wconf 82' lang='grc' dir='ltr'>ἄλλο</span> <span class='ocrx_word' id='word_1_189' title='bbox 3093 1279 3304 1357; x_wconf 86' lang='grc' dir='ltr'>θέλημα</span> <span class='ocrx_word' id='word_1_190' title='bbox 3343 1286 3562 1354; x_wconf 72' lang='grc' dir='ltr'>ποιῆτε,</span> <span class='ocrx_word' id='word_1_191' title='bbox 3617 1281 3748 1354; x_wconf 82' lang='grc' dir='ltr'>ἢτὸ</span> 
     </span>
    </p>
   </div>
   <div class='ocr_carea' id='block_1_28' title="bbox 2145 1367 3741 1450">
    <p class='ocr_par' dir='ltr' id='par_1_28' title="bbox 2145 1367 3741 1450">
     <span class='ocr_line' id='line_1_28' title="bbox 2145 1367 3741 1450; baseline 0.006 -28"><span class='ocrx_word' id='word_1_192' title='bbox 2145 1370 2235 1424; x_wconf 88' lang='lat'><strong>105</strong></span> <span class='ocrx_word' id='word_1_193' title='bbox 2265 1367 2425 1426; x_wconf 77' lang='grc' dir='ltr'>Θεοῦ·</span> <span class='ocrx_word' id='word_1_194' title='bbox 2478 1373 2632 1427; x_wconf 84' lang='lat'><strong>10510</strong></span> <span class='ocrx_word' id='word_1_195' title='bbox 2679 1367 2782 1449; x_wconf 75' lang='grc' dir='ltr'><strong>γὰρ</strong></span> <span class='ocrx_word' id='word_1_196' title='bbox 2812 1369 2873 1428; x_wconf 87' lang='grc' dir='ltr'>τὸ</span> <span class='ocrx_word' id='word_1_197' title='bbox 2927 1373 3310 1450; x_wconf 81' lang='grc' dir='ltr'>πεπληρῶσθαι</span> <span class='ocrx_word' id='word_1_198' title='bbox 3351 1371 3444 1429; x_wconf 76' lang='grc' dir='ltr'><strong>καὶ</strong></span> <span class='ocrx_word' id='word_1_199' title='bbox 3495 1371 3556 1431; x_wconf 81' lang='grc' dir='ltr'>τὸ</span> <span class='ocrx_word' id='word_1_200' title='bbox 3598 1396 3741 1431; x_wconf 85' lang='grc' dir='ltr'>τετε·</span> 
     </span>
    </p>
   </div>
   <div class='ocr_carea' id='block_1_29' title="bbox 2146 1457 3750 1540">
    <p class='ocr_par' dir='ltr' id='par_1_29' title="bbox 2146 1457 3750 1540">
     <span class='ocr_line' id='line_1_29' title="bbox 2146 1457 3750 1540; baseline 0.006 -27"><span class='ocrx_word' id='word_1_201' title='bbox 2146 1457 2416 1516; x_wconf 81' lang='grc' dir='ltr'>λειῶσθαι.</span> <span class='ocrx_word' id='word_1_202' title='bbox 2466 1457 2683 1518; x_wconf 91' lang='grc' dir='ltr'>Δείκυσι</span> <span class='ocrx_word' id='word_1_203' title='bbox 2722 1457 2777 1518; x_wconf 86' lang='grc' dir='ltr'>δὲ</span> <span class='ocrx_word' id='word_1_204' title='bbox 2826 1458 3011 1528; x_wconf 79' lang='grc' dir='ltr'>αὐτοὺς</span> <span class='ocrx_word' id='word_1_205' title='bbox 3049 1460 3136 1519; x_wconf 74' lang='grc' dir='ltr'><strong>διὰ</strong></span> <span class='ocrx_word' id='word_1_206' title='bbox 3187 1459 3420 1535; x_wconf 58' lang='grc' dir='ltr'>τούτων,</span> <span class='ocrx_word' id='word_1_207' title='bbox 3451 1460 3512 1520; x_wconf 80' lang='grc' dir='ltr'>τὸ</span> <span class='ocrx_word' id='word_1_208' title='bbox 3553 1462 3650 1540; x_wconf 87' lang='grc' dir='ltr'><strong>μέν</strong></span> <span class='ocrx_word' id='word_1_209' title='bbox 3697 1486 3750 1522; x_wconf 81' lang='grc' dir='ltr'><strong>τι</strong></span> 
     </span>
    </p>
   </div>
   <div class='ocr_carea' id='block_1_30' title="bbox 2147 1545 2979 1632">
    <p class='ocr_par' dir='ltr' id='par_1_30' title="bbox 2147 1545 2979 1632">
     <span class='ocr_line' id='line_1_30' title="bbox 2147 1545 2979 1632; baseline 0.007 -30"><span class='ocrx_word' id='word_1_210' title='bbox 2147 1545 2394 1624; x_wconf 83' lang='grc' dir='ltr'>ἔχοντας,</span> <span class='ocrx_word' id='word_1_211' title='bbox 2425 1546 2486 1606; x_wconf 79' lang='grc' dir='ltr'>τὸ</span> <span class='ocrx_word' id='word_1_212' title='bbox 2515 1547 2570 1608; x_wconf 84' lang='grc' dir='ltr'>δὲ</span> <span class='ocrx_word' id='word_1_213' title='bbox 2598 1552 2850 1632; x_wconf 77' lang='grc' dir='ltr'>ὕστεροῦν</span> <span class='ocrx_word' id='word_1_214' title='bbox 2865 1574 2979 1616; x_wconf 88' lang='grc' dir='ltr'>τας.</span> 
     </span>
    </p>
   </div>
   <div class='ocr_carea' id='block_1_31' title="bbox 2227 1638 3750 1722">
    <p class='ocr_par' dir='ltr' id='par_1_31' title="bbox 2227 1638 3750 1722">
     <span class='ocr_line' id='line_1_31' title="bbox 2227 1638 3750 1722; baseline 0.003 -25"><span class='ocrx_word' id='word_1_215' title='bbox 2227 1663 2252 1689; x_wconf 74' lang='grc' dir='ltr'><strong>α</strong></span> <span class='ocrx_word' id='word_1_216' title='bbox 2308 1639 2584 1718; x_wconf 73' lang='grc' dir='ltr'>Μαρτυρεῖ)</span> <span class='ocrx_word' id='word_1_217' title='bbox 2613 1638 2717 1720; x_wconf 82' lang='grc' dir='ltr'><strong>γὰρ</strong></span> <span class='ocrx_word' id='word_1_218' title='bbox 2751 1642 2925 1721; x_wconf 82' lang='grc' dir='ltr'>αὐτῷ,</span> <span class='ocrx_word' id='word_1_219' title='bbox 2960 1639 3042 1699; x_wconf 76' lang='grc' dir='ltr'><strong>ὅτι</strong></span> <span class='ocrx_word' id='word_1_220' title='bbox 3073 1638 3188 1720; x_wconf 77' lang='grc' dir='ltr'>ἔχει</span> <span class='ocrx_word' id='word_1_221' title='bbox 3224 1643 3381 1712; x_wconf 76' lang='grc' dir='ltr'>ζῆλον</span> <span class='ocrx_word' id='word_1_222' title='bbox 3413 1639 3579 1700; x_wconf 81' lang='grc' dir='ltr'>πολὺν</span> <span class='ocrx_word' id='word_1_223' title='bbox 3612 1641 3750 1722; x_wconf 72' lang='grc' dir='ltr'>ὑπὲρ</span> 
     </span>
    </p>
   </div>
   <div class='ocr_carea' id='block_1_32' title="bbox 2148 1727 3749 1813">
    <p class='ocr_par' dir='ltr' id='par_1_32' title="bbox 2148 1727 3749 1813">
     <span class='ocr_line' id='line_1_32' title="bbox 2148 1727 3749 1813; baseline 0.006 -29"><span class='ocrx_word' id='word_1_224' title='bbox 2148 1728 2328 1805; x_wconf 75' lang='grc' dir='ltr'>ὑμῶν,</span> <span class='ocrx_word' id='word_1_225' title='bbox 2383 1727 2608 1787; x_wconf 77' lang='grc' dir='ltr'>καὶτῶν</span> <span class='ocrx_word' id='word_1_226' title='bbox 2660 1731 2712 1787; x_wconf 82' lang='grc' dir='ltr'>ἐν</span> <span class='ocrx_word' id='word_1_227' title='bbox 2760 1730 3082 1813; x_wconf 69' lang='grc' dir='ltr'>Λαοδικείᾳ,</span> <span class='ocrx_word' id='word_1_228' title='bbox 3119 1731 3211 1790; x_wconf 81' lang='grc' dir='ltr'><strong>καὶ</strong></span> <span class='ocrx_word' id='word_1_229' title='bbox 3248 1734 3355 1789; x_wconf 81' lang='grc' dir='ltr'><strong>τῶν</strong></span> <span class='ocrx_word' id='word_1_230' title='bbox 3389 1733 3442 1789; x_wconf 81' lang='grc' dir='ltr'><strong>ἐν</strong></span> <span class='ocrx_word' id='word_1_231' title='bbox 3492 1730 3749 1810; x_wconf 86' lang='grc' dir='ltr'>Ἱεραπό-</span> 
     </span>
    </p>
   </div>
   <div class='ocr_carea' id='block_1_33' title="bbox 2143 1816 3748 1900">
    <p class='ocr_par' dir='ltr' id='par_1_33' title="bbox 2143 1816 3748 1900">
     <span class='ocr_line' id='line_1_33' title="bbox 2143 1816 3748 1900; baseline 0.003 -24"><span class='ocrx_word' id='word_1_232' title='bbox 2143 1818 2245 1874; x_wconf 90' lang='grc' dir='ltr'>λει.</span> <span class='ocrx_word' id='word_1_233' title='bbox 2279 1844 2303 1869; x_wconf 80' lang='grc' dir='ltr'>ιο</span> <span class='ocrx_word' id='word_1_234' title='bbox 2338 1816 2640 1900; x_wconf 79' lang='grc' dir='ltr'>Ἀμφότεροι</span> <span class='ocrx_word' id='word_1_235' title='bbox 2663 1820 2989 1896; x_wconf 88' lang='grc' dir='ltr'>ἐπιτάσεως,</span> <span class='ocrx_word' id='word_1_236' title='bbox 3025 1821 3117 1881; x_wconf 79' lang='grc' dir='ltr'><strong>καὶ</strong></span> <span class='ocrx_word' id='word_1_237' title='bbox 3139 1846 3165 1875; x_wconf 76' lang='grc' dir='ltr'>ι</span> <span class='ocrx_word' id='word_1_238' title='bbox 3192 1823 3371 1894; x_wconf 83' lang='grc' dir='ltr'>ζῆλον,</span> <span class='ocrx_word' id='word_1_239' title='bbox 3407 1848 3429 1874; x_wconf 73' lang='grc' dir='ltr'><strong>υ</strong></span> <span class='ocrx_word' id='word_1_240' title='bbox 3465 1822 3556 1880; x_wconf 85' lang='grc' dir='ltr'>καὶ</span> <span class='ocrx_word' id='word_1_241' title='bbox 3585 1848 3610 1875; x_wconf 76' lang='grc' dir='ltr'><strong>α</strong></span> <span class='ocrx_word' id='word_1_242' title='bbox 3652 1845 3748 1881; x_wconf 66' lang='grc' dir='ltr'><strong>ποι</strong></span> 
     </span>
    </p>
   </div>
   <div class='ocr_carea' id='block_1_34' title="bbox 433 1884 2038 1990">
    <p class='ocr_par' dir='ltr' id='par_1_34' title="bbox 433 1889 2028 1968">
     <span class='ocr_line' id='line_1_34' title="bbox 433 1889 2028 1968; baseline 0.006 -25"><span class='ocrx_word' id='word_1_243' title='bbox 433 1889 652 1959; x_wconf 79' lang='lat' dir='ltr'><strong>liabent,</strong></span> <span class='ocrx_word' id='word_1_244' title='bbox 683 1906 810 1946; x_wconf 88' lang='lat' dir='ltr'><strong>cum</strong></span> <span class='ocrx_word' id='word_1_245' title='bbox 845 1891 997 1964; x_wconf 88' lang='lat' dir='ltr'><strong>quod</strong></span> <span class='ocrx_word' id='word_1_246' title='bbox 1040 1895 1215 1949; x_wconf 80' lang='lat' dir='ltr'><strong>zelum</strong></span> <span class='ocrx_word' id='word_1_247' title='bbox 1255 1893 1413 1964; x_wconf 88' lang='lat' dir='ltr'><strong>dicit,</strong></span> <span class='ocrx_word' id='word_1_248' title='bbox 1442 1903 1563 1952; x_wconf 89' lang='lat' dir='ltr'><strong>tum</strong></span> <span class='ocrx_word' id='word_1_249' title='bbox 1592 1895 1740 1968; x_wconf 92' lang='lat' dir='ltr'><strong>quod</strong></span> <span class='ocrx_word' id='word_1_250' title='bbox 1779 1898 2028 1953; x_wconf 88' lang='lat' dir='ltr'><strong>multum.</strong></span> 
     </span>
    </p>
   </div>
   <div class='ocr_carea' id='block_1_35' title="bbox 2146 1884 3745 1990">
    <p class='ocr_par' dir='ltr' id='par_1_35' title="bbox 2146 1906 3745 1990">
     <span class='ocr_line' id='line_1_35' title="bbox 2146 1906 3745 1990; baseline 0.004 -24"><span class='ocrx_word' id='word_1_251' title='bbox 2146 1906 2257 1967; x_wconf 89' lang='grc' dir='ltr'>λύν.</span> <span class='ocrx_word' id='word_1_252' title='bbox 2291 1933 2316 1960; x_wconf 74' lang='grc' dir='ltr'><strong>ιι</strong></span> <span class='ocrx_word' id='word_1_253' title='bbox 2364 1909 2663 1980; x_wconf 89' lang='grc' dir='ltr'>Συνίστησι</span> <span class='ocrx_word' id='word_1_254' title='bbox 2709 1911 2764 1968; x_wconf 83' lang='grc' dir='ltr'>δὲ</span> <span class='ocrx_word' id='word_1_255' title='bbox 2799 1911 2958 1970; x_wconf 77' lang='grc' dir='ltr'>αὐτὸν</span> <span class='ocrx_word' id='word_1_256' title='bbox 2989 1915 3217 1980; x_wconf 76' lang='grc' dir='ltr'>καὶτοῖς</span> <span class='ocrx_word' id='word_1_257' title='bbox 3263 1913 3608 1990; x_wconf 76' lang='grc' dir='ltr'>Λαοδικεῦσι,</span> <span class='ocrx_word' id='word_1_258' title='bbox 3649 1914 3745 1972; x_wconf 79' lang='grc' dir='ltr'><strong>καὶ</strong></span> 
     </span>
    </p>
   </div>
   <div class='ocr_carea' id='block_1_36' title="bbox 429 1977 2034 2057">
    <p class='ocr_par' dir='ltr' id='par_1_36' title="bbox 429 1977 2034 2057">
     <span class='ocr_line' id='line_1_36' title="bbox 429 1977 2034 2057; baseline 0.005 -24"><span class='ocrx_word' id='word_1_259' title='bbox 429 1977 801 2035; x_wconf 89' lang='lat' dir='ltr'><strong>Commendat</strong></span> <span class='ocrx_word' id='word_1_260' title='bbox 827 1987 1018 2036; x_wconf 85' lang='lat' dir='ltr'><strong>autem</strong></span> <span class='ocrx_word' id='word_1_261' title='bbox 1047 1996 1174 2037; x_wconf 91' lang='lat' dir='ltr'><strong>eum</strong></span> <span class='ocrx_word' id='word_1_262' title='bbox 1217 1983 1648 2040; x_wconf 89' lang='lat' dir='ltr'><strong>Laodicensibus</strong></span> <span class='ocrx_word' id='word_1_263' title='bbox 1675 1993 1733 2040; x_wconf 89' lang='lat' dir='ltr'><strong>et</strong></span> <span class='ocrx_word' id='word_1_264' title='bbox 1769 1985 2034 2057; x_wconf 86' lang='lat' dir='ltr'><strong>Hierapo-</strong></span> 
     </span>
    </p>
   </div>
   <div class='ocr_carea' id='block_1_37' title="bbox 429 2066 2038 2148">
    <p class='ocr_par' dir='ltr' id='par_1_37' title="bbox 429 2066 2038 2148">
     <span class='ocr_line' id='line_1_37' title="bbox 429 2066 2038 2148; baseline 0.006 -26"><span class='ocrx_word' id='word_1_265' title='bbox 429 2066 616 2125; x_wconf 90' lang='lat' dir='ltr'><strong>litanis</strong></span> <span class='ocrx_word' id='word_1_266' title='bbox 644 2089 659 2126; x_wconf 89' lang='lat'><strong><em>:</em></strong></span> <span class='ocrx_word' id='word_1_267' title='bbox 698 2071 928 2128; x_wconf 90' lang='lat' dir='ltr'><strong>omnino</strong></span> <span class='ocrx_word' id='word_1_268' title='bbox 953 2071 1101 2128; x_wconf 90' lang='lat' dir='ltr'><strong>enim</strong></span> <span class='ocrx_word' id='word_1_269' title='bbox 1139 2073 1374 2146; x_wconf 87' lang='lat' dir='ltr'><strong>perlecta</strong></span> <span class='ocrx_word' id='word_1_270' title='bbox 1399 2073 1664 2148; x_wconf 89' lang='lat' dir='ltr'><strong>Epistola,</strong></span> <span class='ocrx_word' id='word_1_271' title='bbox 1699 2075 1767 2131; x_wconf 90' lang='lat' dir='ltr'><strong>de</strong></span> <span class='ocrx_word' id='word_1_272' title='bbox 1796 2091 1861 2131; x_wconf 91' lang='lat' dir='ltr'><strong>eo</strong></span> <span class='ocrx_word' id='word_1_273' title='bbox 1885 2073 2038 2132; x_wconf 90' lang='lat' dir='ltr'><strong>audi-</strong></span> 
     </span>
    </p>
   </div>
   <div class='ocr_carea' id='block_1_38' title="bbox 429 2167 566 2214">
    <p class='ocr_par' dir='ltr' id='par_1_38' title="bbox 429 2167 566 2214">
     <span class='ocr_line' id='line_1_38' title="bbox 429 2167 566 2214; baseline 0 0"><span class='ocrx_word' id='word_1_274' title='bbox 429 2167 566 2214; x_wconf 87' lang='lat' dir='ltr'><strong>rent.</strong></span> 
     </span>
    </p>
   </div>
   <div class='ocr_carea' id='block_1_39' title="bbox 502 2249 2027 2310">
    <p class='ocr_par' dir='ltr' id='par_1_39' title="bbox 502 2249 2027 2310">
     <span class='ocr_line' id='line_1_39' title="bbox 502 2249 2027 2310; baseline 0.006 -9"><span class='ocrx_word' id='word_1_275' title='bbox 502 2249 686 2304; x_wconf 75' lang='lat' dir='ltr'><strong>Vsus.</strong></span> <span class='ocrx_word' id='word_1_276' title='bbox 743 2253 828 2304; x_wconf 81' lang='lat'><strong>14.</strong></span> <span class='ocrx_word' id='word_1_277' title='bbox 877 2250 1098 2305; x_wconf 80' lang='lat' dir='ltr'><strong>Salutat</strong></span> <span class='ocrx_word' id='word_1_278' title='bbox 1151 2265 1244 2305; x_wconf 83' lang='lat' dir='ltr'><strong>vos</strong></span> <span class='ocrx_word' id='word_1_279' title='bbox 1300 2253 1470 2308; x_wconf 85' lang='lat' dir='ltr'><strong>Lucas</strong></span> <span class='ocrx_word' id='word_1_280' title='bbox 1510 2251 1750 2308; x_wconf 81' lang='lat' dir='ltr'><strong>medicus</strong></span> <span class='ocrx_word' id='word_1_281' title='bbox 1787 2254 2027 2310; x_wconf 85' lang='lat' dir='ltr'><strong>dilectus.</strong></span> 
     </span>
    </p>
   </div>
   <div class='ocr_carea' id='block_1_40' title="bbox 430 2337 2036 2415">
    <p class='ocr_par' dir='ltr' id='par_1_40' title="bbox 430 2337 2036 2415">
     <span class='ocr_line' id='line_1_40' title="bbox 430 2337 2036 2415; baseline 0.004 -21"><span class='ocrx_word' id='word_1_282' title='bbox 430 2340 614 2394; x_wconf 90' lang='lat' dir='ltr'><strong>Lucas</strong></span> <span class='ocrx_word' id='word_1_283' title='bbox 661 2337 760 2394; x_wconf 91' lang='lat' dir='ltr'><strong>iste</strong></span> <span class='ocrx_word' id='word_1_284' title='bbox 802 2340 1128 2412; x_wconf 88' lang='lat' dir='ltr'><strong>evangelista</strong></span> <span class='ocrx_word' id='word_1_285' title='bbox 1160 2348 1260 2408; x_wconf 87' lang='lat' dir='ltr'><strong>est,</strong></span> <span class='ocrx_word' id='word_1_286' title='bbox 1310 2341 1465 2413; x_wconf 90' lang='lat' dir='ltr'><strong>cujus</strong></span> <span class='ocrx_word' id='word_1_287' title='bbox 1506 2357 1617 2397; x_wconf 94' lang='lat' dir='ltr'><strong>non</strong></span> <span class='ocrx_word' id='word_1_288' title='bbox 1645 2343 1908 2415; x_wconf 84' lang='lat' dir='ltr'><strong>exiguum</strong></span> <span class='ocrx_word' id='word_1_289' title='bbox 1954 2352 2036 2401; x_wconf 91' lang='lat' dir='ltr'><strong>est</strong></span> 
     </span>
    </p>
   </div>
   <div class='ocr_carea' id='block_1_41' title="bbox 431 2427 2038 2507">
    <p class='ocr_par' dir='ltr' id='par_1_41' title="bbox 431 2427 2038 2507">
     <span class='ocr_line' id='line_1_41' title="bbox 431 2427 2038 2507; baseline 0.006 -25"><span class='ocrx_word' id='word_1_290' title='bbox 431 2427 768 2498; x_wconf 89' lang='lat' dir='ltr'><strong>encomium,</strong></span> <span class='ocrx_word' id='word_1_291' title='bbox 802 2444 932 2484; x_wconf 90' lang='lat' dir='ltr'><strong>eum</strong></span> <span class='ocrx_word' id='word_1_292' title='bbox 985 2445 1104 2486; x_wconf 89' lang='lat' dir='ltr'><strong>esse</strong></span> <span class='ocrx_word' id='word_1_293' title='bbox 1134 2431 1304 2487; x_wconf 89' lang='lat' dir='ltr'><strong>Paulo</strong></span> <span class='ocrx_word' id='word_1_294' title='bbox 1356 2431 1638 2488; x_wconf 92' lang='lat' dir='ltr'><strong>dilectum.</strong></span> <span class='ocrx_word' id='word_1_295' title='bbox 1671 2435 1860 2507; x_wconf 87' lang='lat' dir='ltr'><strong>Neque</strong></span> <span class='ocrx_word' id='word_1_296' title='bbox 1889 2433 2038 2492; x_wconf 91' lang='lat' dir='ltr'><strong>hunc</strong></span> 
     </span>
    </p>
   </div>
   <div class='ocr_carea' id='block_1_42' title="bbox 427 2515 2036 2597">
    <p class='ocr_par' dir='ltr' id='par_1_42' title="bbox 427 2515 2036 2597">
     <span class='ocr_line' id='line_1_42' title="bbox 427 2515 2036 2597; baseline 0.006 -26"><span class='ocrx_word' id='word_1_297' title='bbox 427 2515 546 2572; x_wconf 90' lang='lat' dir='ltr'><strong>aliis</strong></span> <span class='ocrx_word' id='word_1_298' title='bbox 574 2517 901 2590; x_wconf 86' lang='lat' dir='ltr'><strong>postposuit,</strong></span> <span class='ocrx_word' id='word_1_299' title='bbox 933 2527 997 2575; x_wconf 91' lang='lat' dir='ltr'><strong>ut</strong></span> <span class='ocrx_word' id='word_1_300' title='bbox 1025 2535 1153 2576; x_wconf 91' lang='lat' dir='ltr'><strong>eum</strong></span> <span class='ocrx_word' id='word_1_301' title='bbox 1175 2519 1552 2589; x_wconf 89' lang='lat' dir='ltr'><strong>imminueret,</strong></span> <span class='ocrx_word' id='word_1_302' title='bbox 1582 2539 1772 2581; x_wconf 89' lang='lat' dir='ltr'><strong>verum</strong></span> <span class='ocrx_word' id='word_1_303' title='bbox 1802 2534 1865 2581; x_wconf 93' lang='lat' dir='ltr'><strong>ut</strong></span> <span class='ocrx_word' id='word_1_304' title='bbox 1892 2527 2036 2597; x_wconf 87' lang='lat' dir='ltr'><strong>Epa-</strong></span> 
     </span>
    </p>
   </div>
   <div class='ocr_carea' id='block_1_43' title="bbox 431 2605 2032 2682">
    <p class='ocr_par' dir='ltr' id='par_1_43' title="bbox 431 2605 2032 2682">
     <span class='ocr_line' id='line_1_43' title="bbox 431 2605 2032 2682; baseline 0.006 -21"><span class='ocrx_word' id='word_1_305' title='bbox 431 2605 624 2677; x_wconf 89' lang='lat' dir='ltr'><strong>phram</strong></span> <span class='ocrx_word' id='word_1_306' title='bbox 658 2605 827 2679; x_wconf 84' lang='lat'><strong>500</strong></span> <span class='ocrx_word' id='word_1_307' title='bbox 868 2607 1014 2680; x_wconf 89' lang='lat' dir='ltr'><strong>apud</strong></span> <span class='ocrx_word' id='word_1_308' title='bbox 1056 2610 1311 2667; x_wconf 88' lang='lat' dir='ltr'><strong>concives</strong></span> <span class='ocrx_word' id='word_1_309' title='bbox 1347 2612 1535 2682; x_wconf 87' lang='lat' dir='ltr'><strong>magni</strong></span> <span class='ocrx_word' id='word_1_310' title='bbox 1564 2611 1788 2670; x_wconf 90' lang='lat' dir='ltr'><strong>faceret.</strong></span> <span class='ocrx_word' id='word_1_311' title='bbox 1835 2614 2032 2671; x_wconf 90' lang='lat' dir='ltr'><strong>Verisi-</strong></span> 
     </span>
    </p>
   </div>
   <div class='ocr_carea' id='block_1_44' title="bbox 430 2693 2037 2762">
    <p class='ocr_par' dir='ltr' id='par_1_44' title="bbox 430 2693 2037 2762">
     <span class='ocr_line' id='line_1_44' title="bbox 430 2693 2037 2762; baseline 0.008 -13"><span class='ocrx_word' id='word_1_312' title='bbox 430 2693 562 2750; x_wconf 90' lang='lat' dir='ltr'><strong>mile</strong></span> <span class='ocrx_word' id='word_1_313' title='bbox 617 2703 700 2751; x_wconf 89' lang='lat' dir='ltr'><strong>est</strong></span> <span class='ocrx_word' id='word_1_314' title='bbox 747 2703 934 2752; x_wconf 89' lang='lat' dir='ltr'><strong>autem</strong></span> <span class='ocrx_word' id='word_1_315' title='bbox 983 2698 1117 2755; x_wconf 91' lang='lat' dir='ltr'><strong>alios</strong></span> <span class='ocrx_word' id='word_1_316' title='bbox 1166 2699 1333 2756; x_wconf 90' lang='lat' dir='ltr'><strong>etiam</strong></span> <span class='ocrx_word' id='word_1_317' title='bbox 1385 2700 1490 2758; x_wconf 93' lang='lat' dir='ltr'><strong>hoc</strong></span> <span class='ocrx_word' id='word_1_318' title='bbox 1535 2703 1761 2760; x_wconf 86' lang='lat' dir='ltr'><strong>nomine</strong></span> <span class='ocrx_word' id='word_1_319' title='bbox 1813 2713 2037 2762; x_wconf 88' lang='lat' dir='ltr'><strong>vocatos</strong></span> 
     </span>
    </p>
   </div>
   <div class='ocr_carea' id='block_1_45' title="bbox 427 2782 616 2841">
    <p class='ocr_par' dir='ltr' id='par_1_45' title="bbox 427 2782 616 2841">
     <span class='ocr_line' id='line_1_45' title="bbox 427 2782 616 2841; baseline 0.005 -1"><span class='ocrx_word' id='word_1_320' title='bbox 427 2782 616 2841; x_wconf 89' lang='lat' dir='ltr'><strong>fuisse.</strong></span> 
     </span>
    </p>
   </div>
   <div class='ocr_carea' id='block_1_46' title="bbox 496 2877 2032 2956">
    <p class='ocr_par' dir='ltr' id='par_1_46' title="bbox 496 2877 2032 2956">
     <span class='ocr_line' id='line_1_46' title="bbox 496 2877 2032 2956; baseline 0.006 -24"><span class='ocrx_word' id='word_1_321' title='bbox 496 2877 578 2932; x_wconf 86' lang='lat' dir='ltr'><strong>Ac</strong></span> <span class='ocrx_word' id='word_1_322' title='bbox 605 2879 818 2932; x_wconf 89' lang='lat' dir='ltr'><strong>Demas.</strong></span> <span class='ocrx_word' id='word_1_323' title='bbox 850 2877 1118 2934; x_wconf 87' lang='lat' dir='ltr'><strong>Nondum</strong></span> <span class='ocrx_word' id='word_1_324' title='bbox 1142 2878 1312 2947; x_wconf 90' lang='lat' dir='ltr'><strong>enim,</strong></span> <span class='ocrx_word' id='word_1_325' title='bbox 1343 2888 1407 2936; x_wconf 91' lang='lat' dir='ltr'><strong>ut</strong></span> <span class='ocrx_word' id='word_1_326' title='bbox 1436 2881 1671 2950; x_wconf 88' lang='lat' dir='ltr'><strong>videtur,</strong></span> <span class='ocrx_word' id='word_1_327' title='bbox 1703 2885 2032 2956; x_wconf 87' lang='lat' dir='ltr'><strong>magistrum</strong></span> 
     </span>
    </p>
   </div>
   <div class='ocr_carea' id='block_1_47' title="bbox 428 2963 745 3038">
    <p class='ocr_par' dir='ltr' id='par_1_47' title="bbox 428 2963 745 3038">
     <span class='ocr_line' id='line_1_47' title="bbox 428 2963 745 3038; baseline 0.006 -18"><span class='ocrx_word' id='word_1_328' title='bbox 428 2963 745 3038; x_wconf 87' lang='lat' dir='ltr'><strong>reliquerat.</strong></span> 
     </span>
    </p>
   </div>
   <div class='ocr_carea' id='block_1_48' title="bbox 497 3055 2038 3129">
    <p class='ocr_par' dir='ltr' id='par_1_48' title="bbox 497 3055 2038 3129">
     <span class='ocr_line' id='line_1_48' title="bbox 497 3055 2038 3129; baseline 0.005 -19"><span class='ocrx_word' id='word_1_329' title='bbox 497 3055 673 3112; x_wconf 68' lang='lat' dir='ltr'><strong>Vsus.</strong></span> <span class='ocrx_word' id='word_1_330' title='bbox 701 3059 787 3111; x_wconf 82' lang='lat'><strong>15.</strong></span> <span class='ocrx_word' id='word_1_331' title='bbox 816 3058 1062 3114; x_wconf 81' lang='lat' dir='ltr'><strong>Salutate</strong></span> <span class='ocrx_word' id='word_1_332' title='bbox 1081 3059 1288 3125; x_wconf 79' lang='lat' dir='ltr'><strong>fratres</strong></span> <span class='ocrx_word' id='word_1_333' title='bbox 1317 3061 1416 3129; x_wconf 86' lang='lat' dir='ltr'><strong>qui</strong></span> <span class='ocrx_word' id='word_1_334' title='bbox 1436 3063 1564 3115; x_wconf 89' lang='lat' dir='ltr'><strong>sunt</strong></span> <span class='ocrx_word' id='word_1_335' title='bbox 1591 3061 1885 3117; x_wconf 83' lang='lat' dir='ltr'><strong>Laodicece.</strong></span> <span class='ocrx_word' id='word_1_336' title='bbox 1910 3061 2038 3118; x_wconf 89' lang='lat' dir='ltr'><strong>Ani-</strong></span> 
     </span>
    </p>
   </div>
   <div class='ocr_carea' id='block_1_49' title="bbox 427 3143 2038 3220">
    <p class='ocr_par' dir='ltr' id='par_1_49' title="bbox 427 3143 2038 3220">
     <span class='ocr_line' id='line_1_49' title="bbox 427 3143 2038 3220; baseline 0.006 -22"><span class='ocrx_word' id='word_1_337' title='bbox 427 3143 711 3201; x_wconf 85' lang='lat' dir='ltr'><strong>madverte</strong></span> <span class='ocrx_word' id='word_1_338' title='bbox 761 3145 855 3217; x_wconf 89' lang='lat' dir='ltr'><strong>qui</strong></span> <span class='ocrx_word' id='word_1_339' title='bbox 907 3161 1003 3201; x_wconf 92' lang='lat' dir='ltr'><strong>eos</strong></span> <span class='ocrx_word' id='word_1_340' title='bbox 1044 3144 1383 3218; x_wconf 88' lang='lat' dir='ltr'><strong>conglutinet</strong></span> <span class='ocrx_word' id='word_1_341' title='bbox 1428 3162 1491 3203; x_wconf 91' lang='lat' dir='ltr'><strong>ac</strong></span> <span class='ocrx_word' id='word_1_342' title='bbox 1527 3149 1747 3220; x_wconf 88' lang='lat' dir='ltr'><strong>copulet</strong></span> <span class='ocrx_word' id='word_1_343' title='bbox 1786 3151 1930 3206; x_wconf 91' lang='lat' dir='ltr'><strong>inter</strong></span> <span class='ocrx_word' id='word_1_344' title='bbox 1981 3167 2038 3207; x_wconf 88' lang='lat' dir='ltr'><strong>se</strong></span> 
     </span>
    </p>
   </div>
   <div class='ocr_carea' id='block_1_50' title="bbox 437 3239 654 3289">
    <p class='ocr_par' dir='ltr' id='par_1_50' title="bbox 437 3239 654 3289">
     <span class='ocr_line' id='line_1_50' title="bbox 437 3239 654 3289; baseline 0.014 -3"><span class='ocrx_word' id='word_1_345' title='bbox 437 3239 654 3289; x_wconf 92' lang='lat' dir='ltr'><strong>mutuo.</strong></span> 
     </span>
    </p>
   </div>
   <div class='ocr_carea' id='block_1_51' title="bbox 500 3324 2030 3396">
    <p class='ocr_par' dir='ltr' id='par_1_51' title="bbox 500 3324 2030 3396">
     <span class='ocr_line' id='line_1_51' title="bbox 500 3324 2030 3396; baseline 0.007 -18"><span class='ocrx_word' id='word_1_346' title='bbox 500 3325 572 3378; x_wconf 89' lang='lat' dir='ltr'><strong>Et</strong></span> <span class='ocrx_word' id='word_1_347' title='bbox 599 3324 926 3394; x_wconf 83' lang='lat' dir='ltr'><strong>Nympham,</strong></span> <span class='ocrx_word' id='word_1_348' title='bbox 959 3327 1010 3378; x_wconf 90' lang='lat' dir='ltr'><strong>et</strong></span> <span class='ocrx_word' id='word_1_349' title='bbox 1036 3339 1156 3395; x_wconf 63' lang='lat' dir='ltr'><strong>quae</strong></span> <span class='ocrx_word' id='word_1_350' title='bbox 1180 3327 1238 3380; x_wconf 84' lang='lat' dir='ltr'><strong>in</strong></span> <span class='ocrx_word' id='word_1_351' title='bbox 1267 3324 1422 3380; x_wconf 87' lang='lat' dir='ltr'><strong>domo</strong></span> <span class='ocrx_word' id='word_1_352' title='bbox 1448 3327 1564 3396; x_wconf 84' lang='lat' dir='ltr'><strong>ejus</strong></span> <span class='ocrx_word' id='word_1_353' title='bbox 1615 3332 1692 3384; x_wconf 80' lang='lat' dir='ltr'><strong>est</strong></span> <span class='ocrx_word' id='word_1_354' title='bbox 1719 3330 2030 3388; x_wconf 77' lang='lat' dir='ltr'><strong>Ecclesium.</strong></span> 
     </span>
    </p>
   </div>
   <div class='ocr_carea' id='block_1_52' title="bbox 433 3410 2031 3484">
    <p class='ocr_par' dir='ltr' id='par_1_52' title="bbox 433 3410 2031 3484">
     <span class='ocr_line' id='line_1_52' title="bbox 433 3410 2031 3484; baseline 0.006 -17"><span class='ocrx_word' id='word_1_355' title='bbox 433 3413 670 3482; x_wconf 86' lang='lat' dir='ltr'><strong>Magnus</strong></span> <span class='ocrx_word' id='word_1_356' title='bbox 689 3410 777 3466; x_wconf 90' lang='lat' dir='ltr'><strong>hic</strong></span> <span class='ocrx_word' id='word_1_357' title='bbox 796 3411 873 3466; x_wconf 89' lang='lat' dir='ltr'><strong>vir</strong></span> <span class='ocrx_word' id='word_1_358' title='bbox 901 3410 1026 3480; x_wconf 89' lang='lat' dir='ltr'><strong>fuit,</strong></span> <span class='ocrx_word' id='word_1_359' title='bbox 1055 3412 1397 3484; x_wconf 91' lang='lat' dir='ltr'><strong>quidomum</strong></span> <span class='ocrx_word' id='word_1_360' title='bbox 1424 3430 1582 3471; x_wconf 91' lang='lat' dir='ltr'><strong>suam</strong></span> <span class='ocrx_word' id='word_1_361' title='bbox 1611 3424 1790 3474; x_wconf 88' lang='lat' dir='ltr'><strong>totam</strong></span> <span class='ocrx_word' id='word_1_362' title='bbox 1818 3417 2031 3476; x_wconf 82' lang='lat' dir='ltr'><strong>ﬁdelem</strong></span> 
     </span>
    </p>
   </div>
   <div class='ocr_carea' id='block_1_53' title="bbox 432 3497 2033 3578">
    <p class='ocr_par' dir='ltr' id='par_1_53' title="bbox 432 3497 2033 3578">
     <span class='ocr_line' id='line_1_53' title="bbox 432 3497 2033 3578; baseline 0.006 -25"><span class='ocrx_word' id='word_1_363' title='bbox 432 3498 711 3568; x_wconf 88' lang='lat' dir='ltr'><strong>habuerit,</strong></span> <span class='ocrx_word' id='word_1_364' title='bbox 742 3497 882 3556; x_wconf 87' lang='lat' dir='ltr'><strong>adeo</strong></span> <span class='ocrx_word' id='word_1_365' title='bbox 909 3508 970 3556; x_wconf 91' lang='lat' dir='ltr'><strong>ut</strong></span> <span class='ocrx_word' id='word_1_366' title='bbox 1015 3501 1251 3557; x_wconf 88' lang='lat' dir='ltr'><strong>Ecclesia</strong></span> <span class='ocrx_word' id='word_1_367' title='bbox 1298 3511 1606 3560; x_wconf 89' lang='lat' dir='ltr'><strong>vocaretur.</strong></span> <span class='ocrx_word' id='word_1_368' title='bbox 1639 3507 1930 3578; x_wconf 86' lang='lat' dir='ltr'><strong>Propterea</strong></span> <span class='ocrx_word' id='word_1_369' title='bbox 1977 3515 2033 3564; x_wconf 87' lang='lat' dir='ltr'><strong>et</strong></span> 
     </span>
    </p>
   </div>
   <div class='ocr_carea' id='block_1_54' title="bbox 429 3588 2032 3661">
    <p class='ocr_par' dir='ltr' id='par_1_54' title="bbox 429 3588 2032 3661">
     <span class='ocr_line' id='line_1_54' title="bbox 429 3588 2032 3661; baseline 0.007 -18"><span class='ocrx_word' id='word_1_370' title='bbox 429 3588 762 3661; x_wconf 83' lang='lat' dir='ltr'><strong>gratiﬁcatur</strong></span> <span class='ocrx_word' id='word_1_371' title='bbox 787 3590 833 3645; x_wconf 89' lang='lat' dir='ltr'><strong>ei</strong></span> <span class='ocrx_word' id='word_1_372' title='bbox 877 3591 1101 3658; x_wconf 89' lang='lat' dir='ltr'><strong>Paulus,</strong></span> <span class='ocrx_word' id='word_1_373' title='bbox 1142 3592 1377 3649; x_wconf 88' lang='lat' dir='ltr'><strong>seorsim</strong></span> <span class='ocrx_word' id='word_1_374' title='bbox 1411 3609 1542 3650; x_wconf 89' lang='lat' dir='ltr'><strong>eum</strong></span> <span class='ocrx_word' id='word_1_375' title='bbox 1571 3594 1842 3654; x_wconf 89' lang='lat' dir='ltr'><strong>salutans.</strong></span> <span class='ocrx_word' id='word_1_376' title='bbox 1880 3598 2032 3654; x_wconf 86' lang='lat' dir='ltr'><strong>Facit</strong></span> 
     </span>
    </p>
   </div>
   <div class='ocr_carea' id='block_1_55' title="bbox 425 3678 2028 3760">
    <p class='ocr_par' dir='ltr' id='par_1_55' title="bbox 425 3678 2028 3760">
     <span class='ocr_line' id='line_1_55' title="bbox 425 3678 2028 3760; baseline 0.007 -27"><span class='ocrx_word' id='word_1_377' title='bbox 425 3686 610 3734; x_wconf 87' lang='lat' dir='ltr'><strong>autem</strong></span> <span class='ocrx_word' id='word_1_378' title='bbox 638 3678 763 3748; x_wconf 91' lang='lat' dir='ltr'><strong>hoc,</strong></span> <span class='ocrx_word' id='word_1_379' title='bbox 794 3688 855 3735; x_wconf 93' lang='lat' dir='ltr'><strong>ut</strong></span> <span class='ocrx_word' id='word_1_380' title='bbox 885 3688 940 3736; x_wconf 91' lang='lat' dir='ltr'><strong>et</strong></span> <span class='ocrx_word' id='word_1_381' title='bbox 960 3680 1096 3736; x_wconf 91' lang='lat' dir='ltr'><strong>alios</strong></span> <span class='ocrx_word' id='word_1_382' title='bbox 1121 3680 1192 3737; x_wconf 90' lang='lat' dir='ltr'><strong>ad</strong></span> <span class='ocrx_word' id='word_1_383' title='bbox 1240 3683 1586 3741; x_wconf 91' lang='lat' dir='ltr'><strong>consimilem</strong></span> <span class='ocrx_word' id='word_1_384' title='bbox 1617 3686 1799 3742; x_wconf 89' lang='lat' dir='ltr'><strong>zelum</strong></span> <span class='ocrx_word' id='word_1_385' title='bbox 1827 3703 2028 3760; x_wconf 87' lang='lat' dir='ltr'><strong>provo-</strong></span> 
     </span>
    </p>
   </div>
   <div class='ocr_carea' id='block_1_56' title="bbox 425 3769 2032 3849">
    <p class='ocr_par' dir='ltr' id='par_1_56' title="bbox 425 3769 2032 3849">
     <span class='ocr_line' id='line_1_56' title="bbox 425 3769 2032 3849; baseline 0.007 -26"><span class='ocrx_word' id='word_1_386' title='bbox 425 3775 533 3836; x_wconf 89' lang='lat' dir='ltr'><strong>cet,</strong></span> <span class='ocrx_word' id='word_1_387' title='bbox 560 3769 694 3824; x_wconf 92' lang='lat' dir='ltr'><strong>utsi</strong></span> <span class='ocrx_word' id='word_1_388' title='bbox 727 3777 782 3825; x_wconf 89' lang='lat' dir='ltr'><strong>et</strong></span> <span class='ocrx_word' id='word_1_389' title='bbox 825 3769 928 3843; x_wconf 90' lang='lat' dir='ltr'><strong>ipsi</strong></span> <span class='ocrx_word' id='word_1_390' title='bbox 974 3770 1236 3828; x_wconf 89' lang='lat' dir='ltr'><strong>honorari</strong></span> <span class='ocrx_word' id='word_1_391' title='bbox 1277 3773 1467 3845; x_wconf 87' lang='lat' dir='ltr'><strong>velint,</strong></span> <span class='ocrx_word' id='word_1_392' title='bbox 1510 3775 1828 3849; x_wconf 88' lang='lat' dir='ltr'><strong>Nympham</strong></span> <span class='ocrx_word' id='word_1_393' title='bbox 1885 3777 2032 3834; x_wconf 92' lang='lat' dir='ltr'><strong>hunc</strong></span> 
     </span>
    </p>
   </div>
   <div class='ocr_carea' id='block_1_57' title="bbox 426 3857 731 3915">
    <p class='ocr_par' dir='ltr' id='par_1_57' title="bbox 426 3857 731 3915">
     <span class='ocr_line' id='line_1_57' title="bbox 426 3857 731 3915; baseline 0 -1"><span class='ocrx_word' id='word_1_394' title='bbox 426 3857 731 3915; x_wconf 83' lang='lat' dir='ltr'><strong>imitentur.</strong></span> 
     </span>
    </p>
   </div>
   <div class='ocr_carea' id='block_1_58' title="bbox 496 3949 2034 4028">
    <p class='ocr_par' dir='ltr' id='par_1_58' title="bbox 496 3949 2034 4028">
     <span class='ocr_line' id='line_1_58' title="bbox 496 3949 2034 4028; baseline 0.007 -28"><span class='ocrx_word' id='word_1_395' title='bbox 496 3949 681 4004; x_wconf 69' lang='lat' dir='ltr'><strong>Vens.</strong></span> <span class='ocrx_word' id='word_1_396' title='bbox 718 3953 800 4003; x_wconf 86' lang='lat'><strong>16.</strong></span> <span class='ocrx_word' id='word_1_397' title='bbox 831 3950 902 4003; x_wconf 86' lang='lat' dir='ltr'><strong>Et</strong></span> <span class='ocrx_word' id='word_1_398' title='bbox 931 3964 1050 4004; x_wconf 88' lang='lat' dir='ltr'><strong>cum</strong></span> <span class='ocrx_word' id='word_1_399' title='bbox 1097 3951 1233 4005; x_wconf 85' lang='lat' dir='ltr'><strong>lecta</strong></span> <span class='ocrx_word' id='word_1_400' title='bbox 1267 3953 1440 4019; x_wconf 84' lang='lat' dir='ltr'><strong>fuerit</strong></span> <span class='ocrx_word' id='word_1_401' title='bbox 1470 3955 1622 4025; x_wconf 85' lang='lat' dir='ltr'><strong>apud</strong></span> <span class='ocrx_word' id='word_1_402' title='bbox 1662 3970 1752 4010; x_wconf 87' lang='lat' dir='ltr'><strong>vos</strong></span> <span class='ocrx_word' id='word_1_403' title='bbox 1781 3957 2034 4028; x_wconf 87' lang='lat' dir='ltr'><strong>Epistola</strong></span> 
     </span>
    </p>
   </div>
   <div class='ocr_carea' id='block_1_59' title="bbox 429 4037 2033 4115">
    <p class='ocr_par' dir='ltr' id='par_1_59' title="bbox 429 4037 2033 4115">
     <span class='ocr_line' id='line_1_59' title="bbox 429 4037 2033 4115; baseline 0.006 -24"><span class='ocrx_word' id='word_1_404' title='bbox 429 4037 558 4107; x_wconf 67' lang='lat' dir='ltr'><strong>haec,</strong></span> <span class='ocrx_word' id='word_1_405' title='bbox 589 4039 760 4106; x_wconf 82' lang='lat' dir='ltr'><strong>facite</strong></span> <span class='ocrx_word' id='word_1_406' title='bbox 783 4044 845 4093; x_wconf 87' lang='lat' dir='ltr'><strong>ut</strong></span> <span class='ocrx_word' id='word_1_407' title='bbox 882 4043 933 4093; x_wconf 91' lang='lat' dir='ltr'><strong>et</strong></span> <span class='ocrx_word' id='word_1_408' title='bbox 958 4041 1019 4093; x_wconf 87' lang='lat' dir='ltr'><strong>in</strong></span> <span class='ocrx_word' id='word_1_409' title='bbox 1050 4040 1462 4096; x_wconf 81' lang='lat' dir='ltr'><strong>Laodicensium</strong></span> <span class='ocrx_word' id='word_1_410' title='bbox 1493 4045 1735 4099; x_wconf 87' lang='lat' dir='ltr'><strong>Ecclesia</strong></span> <span class='ocrx_word' id='word_1_411' title='bbox 1796 4046 2033 4115; x_wconf 81' lang='lat' dir='ltr'><strong>legatur,</strong></span> 
     </span>
    </p>
   </div>
   <div class='ocr_carea' id='block_1_60' title="bbox 425 4130 2033 4203">
    <p class='ocr_par' dir='ltr' id='par_1_60' title="bbox 425 4130 2033 4203">
     <span class='ocr_line' id='line_1_60' title="bbox 425 4130 2033 4203; baseline 0.006 -21"><span class='ocrx_word' id='word_1_412' title='bbox 425 4133 592 4199; x_wconf 86' lang='lat' dir='ltr'><strong>atque</strong></span> <span class='ocrx_word' id='word_1_413' title='bbox 619 4133 682 4183; x_wconf 86' lang='lat' dir='ltr'><strong>ut</strong></span> <span class='ocrx_word' id='word_1_414' title='bbox 723 4142 816 4183; x_wconf 82' lang='lat' dir='ltr'><strong>vos</strong></span> <span class='ocrx_word' id='word_1_415' title='bbox 844 4130 1246 4185; x_wconf 82' lang='lat' dir='ltr'><strong>Laodicensium</strong></span> <span class='ocrx_word' id='word_1_416' title='bbox 1283 4133 1583 4202; x_wconf 87' lang='lat' dir='ltr'><strong>Epistolam</strong></span> <span class='ocrx_word' id='word_1_417' title='bbox 1615 4135 1823 4203; x_wconf 85' lang='lat' dir='ltr'><strong>legatis.</strong></span> <span class='ocrx_word' id='word_1_418' title='bbox 1866 4137 2033 4193; x_wconf 83' lang='lat' dir='ltr'><strong>Juxta</strong></span> 
     </span>
    </p>
   </div>
   <div class='ocr_carea' id='block_1_61' title="bbox 429 4217 2031 4299">
    <p class='ocr_par' dir='ltr' id='par_1_61' title="bbox 429 4217 2031 4299">
     <span class='ocr_line' id='line_1_61' title="bbox 429 4217 2031 4299; baseline 0.006 -27"><span class='ocrx_word' id='word_1_419' title='bbox 429 4231 615 4272; x_wconf 91' lang='lat' dir='ltr'><strong>meam</strong></span> <span class='ocrx_word' id='word_1_420' title='bbox 644 4217 976 4273; x_wconf 88' lang='lat' dir='ltr'><strong>sententiam</strong></span> <span class='ocrx_word' id='word_1_421' title='bbox 1021 4217 1240 4276; x_wconf 83' lang='lat' dir='ltr'><strong>fuerunt</strong></span> <span class='ocrx_word' id='word_1_422' title='bbox 1266 4220 1534 4277; x_wconf 88' lang='lat' dir='ltr'><strong>nonnulla</strong></span> <span class='ocrx_word' id='word_1_423' title='bbox 1573 4222 1630 4278; x_wconf 90' lang='lat' dir='ltr'><strong>in</strong></span> <span class='ocrx_word' id='word_1_424' title='bbox 1668 4223 1768 4280; x_wconf 90' lang='lat' dir='ltr'><strong>hac</strong></span> <span class='ocrx_word' id='word_1_425' title='bbox 1809 4226 2031 4299; x_wconf 87' lang='lat' dir='ltr'><strong>scripta,</strong></span> 
     </span>
    </p>
   </div>
   <div class='ocr_carea' id='block_1_62' title="bbox 426 4305 2038 4388">
    <p class='ocr_par' dir='ltr' id='par_1_62' title="bbox 426 4305 2038 4388">
     <span class='ocr_line' id='line_1_62' title="bbox 426 4305 2038 4388; baseline 0.008 -28"><span class='ocrx_word' id='word_1_426' title='bbox 426 4320 551 4378; x_wconf 65' lang='lat' dir='ltr'><strong>quae</strong></span> <span class='ocrx_word' id='word_1_427' title='bbox 603 4305 892 4378; x_wconf 84' lang='lat' dir='ltr'><strong>oportebat</strong></span> <span class='ocrx_word' id='word_1_428' title='bbox 932 4322 1028 4363; x_wconf 89' lang='lat' dir='ltr'><strong>eos</strong></span> <span class='ocrx_word' id='word_1_429' title='bbox 1065 4309 1271 4377; x_wconf 90' lang='lat' dir='ltr'><strong>audire,</strong></span> <span class='ocrx_word' id='word_1_430' title='bbox 1315 4325 1379 4366; x_wconf 91' lang='lat' dir='ltr'><strong>ac</strong></span> <span class='ocrx_word' id='word_1_431' title='bbox 1407 4326 1630 4369; x_wconf 90' lang='lat' dir='ltr'><strong>rursum</strong></span> <span class='ocrx_word' id='word_1_432' title='bbox 1672 4313 1730 4368; x_wconf 91' lang='lat' dir='ltr'><strong>in</strong></span> <span class='ocrx_word' id='word_1_433' title='bbox 1772 4313 1861 4370; x_wconf 90' lang='lat' dir='ltr'><strong>illa</strong></span> <span class='ocrx_word' id='word_1_434' title='bbox 1913 4331 2038 4388; x_wconf 62' lang='lat' dir='ltr'><strong>quae</strong></span> 
     </span>
    </p>
   </div>
   <div class='ocr_carea' id='block_1_63' title="bbox 424 4385 2116 4471">
    <p class='ocr_par' dir='ltr' id='par_1_63' title="bbox 424 4385 2116 4471">
     <span class='ocr_line' id='line_1_63' title="bbox 424 4385 2116 4471; baseline 0.007 -20"><span class='ocrx_word' id='word_1_435' title='bbox 424 4409 718 4452; x_wconf 86' lang='lat' dir='ltr'><strong>necessum</strong></span> <span class='ocrx_word' id='word_1_436' title='bbox 748 4404 866 4453; x_wconf 87' lang='lat' dir='ltr'><strong>erat</strong></span> <span class='ocrx_word' id='word_1_437' title='bbox 894 4396 993 4453; x_wconf 90' lang='lat' dir='ltr'><strong>hos</strong></span> <span class='ocrx_word' id='word_1_438' title='bbox 1017 4395 1243 4455; x_wconf 89' lang='lat' dir='ltr'><strong>discere.</strong></span> <span class='ocrx_word' id='word_1_439' title='bbox 1277 4399 1457 4471; x_wconf 85' lang='lat' dir='ltr'><strong>Major</strong></span> <span class='ocrx_word' id='word_1_440' title='bbox 1503 4401 1654 4459; x_wconf 88' lang='lat' dir='ltr'><strong>enim</strong></span> <span class='ocrx_word' id='word_1_441' title='bbox 1687 4411 1771 4460; x_wconf 88' lang='lat' dir='ltr'><strong>est</strong></span> <span class='ocrx_word' id='word_1_442' title='bbox 1789 4385 2038 4462; x_wconf 80' lang='lat' dir='ltr'><strong>commo-</strong></span> <span class='ocrx_word' id='word_1_443' title='bbox 2066 4385 2116 4449; x_wconf 81' lang='lat' dir='ltr'><strong>D</strong></span> 
     </span>
    </p>
   </div>
   <div class='ocr_carea' id='block_1_64' title="bbox 426 4484 2033 4567">
    <p class='ocr_par' dir='ltr' id='par_1_64' title="bbox 426 4484 2033 4567">
     <span class='ocr_line' id='line_1_64' title="bbox 426 4484 2033 4567; baseline 0.004 -25"><span class='ocrx_word' id='word_1_444' title='bbox 426 4484 590 4554; x_wconf 91' lang='lat' dir='ltr'><strong>ditas,</strong></span> <span class='ocrx_word' id='word_1_445' title='bbox 619 4484 841 4560; x_wconf 88' lang='lat' dir='ltr'><strong>quando</strong></span> <span class='ocrx_word' id='word_1_446' title='bbox 870 4486 991 4542; x_wconf 90' lang='lat' dir='ltr'><strong>aliis</strong></span> <span class='ocrx_word' id='word_1_447' title='bbox 1033 4487 1321 4558; x_wconf 85' lang='lat' dir='ltr'><strong>accusatis,</strong></span> <span class='ocrx_word' id='word_1_448' title='bbox 1367 4489 1454 4545; x_wconf 84' lang='lat' dir='ltr'><strong>alii</strong></span> <span class='ocrx_word' id='word_1_449' title='bbox 1485 4505 1585 4547; x_wconf 90' lang='lat' dir='ltr'><strong>sua</strong></span> <span class='ocrx_word' id='word_1_450' title='bbox 1614 4501 1838 4565; x_wconf 88' lang='lat' dir='ltr'><strong>peccata</strong></span> <span class='ocrx_word' id='word_1_451' title='bbox 1863 4509 2033 4567; x_wconf 86' lang='lat' dir='ltr'><strong>agno-</strong></span> 
     </span>
    </p>
   </div>
   <div class='ocr_carea' id='block_1_65' title="bbox 426 4574 2031 4650">
    <p class='ocr_par' dir='ltr' id='par_1_65' title="bbox 426 4574 2031 4650">
     <span class='ocr_line' id='line_1_65' title="bbox 426 4574 2031 4650; baseline 0.006 -19"><span class='ocrx_word' id='word_1_452' title='bbox 426 4581 609 4631; x_wconf 87' lang='lat' dir='ltr'><strong>scunt.</strong></span> <span class='ocrx_word' id='word_1_453' title='bbox 641 4575 779 4645; x_wconf 71' lang='lat' dir='ltr'><strong>Quae</strong></span> <span class='ocrx_word' id='word_1_454' title='bbox 808 4591 938 4632; x_wconf 88' lang='lat' dir='ltr'><strong>vero</strong></span> <span class='ocrx_word' id='word_1_455' title='bbox 967 4574 1070 4633; x_wconf 82' lang='lat' dir='ltr'><strong>fuit</strong></span> <span class='ocrx_word' id='word_1_456' title='bbox 1099 4577 1346 4650; x_wconf 89' lang='lat' dir='ltr'><strong>Epistola</strong></span> <span class='ocrx_word' id='word_1_457' title='bbox 1371 4593 1435 4634; x_wconf 85' lang='lat' dir='ltr'><strong>ex</strong></span> <span class='ocrx_word' id='word_1_458' title='bbox 1466 4581 1781 4639; x_wconf 78' lang='lat' dir='ltr'><strong>Laodicea?</strong></span> <span class='ocrx_word' id='word_1_459' title='bbox 1823 4581 1911 4640; x_wconf 82' lang='lat' dir='ltr'><strong>Ad</strong></span> <span class='ocrx_word' id='word_1_460' title='bbox 1939 4584 2031 4640; x_wconf 82' lang='lat' dir='ltr'><strong>Ti-</strong></span> 
     </span>
    </p>
   </div>
   <div class='ocr_carea' id='block_1_66' title="bbox 427 4663 2030 4746">
    <p class='ocr_par' dir='ltr' id='par_1_66' title="bbox 427 4663 2030 4746">
     <span class='ocr_line' id='line_1_66' title="bbox 427 4663 2030 4746; baseline 0.007 -26"><span class='ocrx_word' id='word_1_461' title='bbox 427 4663 716 4721; x_wconf 89' lang='lat' dir='ltr'><strong>motheum</strong></span> <span class='ocrx_word' id='word_1_462' title='bbox 745 4665 918 4739; x_wconf 90' lang='lat' dir='ltr'><strong>prima</strong></span> <span class='ocrx_word' id='word_1_463' title='bbox 951 4683 965 4722; x_wconf 91' lang='lat'><strong>:</strong></span> <span class='ocrx_word' id='word_1_464' title='bbox 999 4681 1128 4722; x_wconf 89' lang='lat' dir='ltr'><strong>nam</strong></span> <span class='ocrx_word' id='word_1_465' title='bbox 1154 4667 1260 4724; x_wconf 83' lang='lat' dir='ltr'><strong>ista</strong></span> <span class='ocrx_word' id='word_1_466' title='bbox 1289 4684 1354 4725; x_wconf 83' lang='lat' dir='ltr'><strong>ex</strong></span> <span class='ocrx_word' id='word_1_467' title='bbox 1395 4670 1672 4728; x_wconf 89' lang='lat' dir='ltr'><strong>Laodicea</strong></span> <span class='ocrx_word' id='word_1_468' title='bbox 1700 4672 1903 4746; x_wconf 87' lang='lat' dir='ltr'><strong>scripta</strong></span> <span class='ocrx_word' id='word_1_469' title='bbox 1930 4684 2030 4731; x_wconf 90' lang='lat' dir='ltr'><strong>est.</strong></span> 
     </span>
    </p>
   </div>
   <div class='ocr_carea' id='block_1_67' title="bbox 427 4753 2034 4836">
    <p class='ocr_par' dir='ltr' id='par_1_67' title="bbox 427 4753 2034 4836">
     <span class='ocr_line' id='line_1_67' title="bbox 427 4753 2034 4836; baseline 0.008 -27"><span class='ocrx_word' id='word_1_470' title='bbox 427 4753 668 4825; x_wconf 85' lang='lat' dir='ltr'><strong>Quidam</strong></span> <span class='ocrx_word' id='word_1_471' title='bbox 716 4764 901 4812; x_wconf 90' lang='lat' dir='ltr'><strong>autem</strong></span> <span class='ocrx_word' id='word_1_472' title='bbox 931 4756 1107 4828; x_wconf 90' lang='lat' dir='ltr'><strong>aiunt,</strong></span> <span class='ocrx_word' id='word_1_473' title='bbox 1152 4757 1302 4832; x_wconf 90' lang='lat' dir='ltr'><strong>quod</strong></span> <span class='ocrx_word' id='word_1_474' title='bbox 1347 4774 1410 4815; x_wconf 86' lang='lat' dir='ltr'><strong>ea</strong></span> <span class='ocrx_word' id='word_1_475' title='bbox 1439 4759 1608 4817; x_wconf 83' lang='lat' dir='ltr'><strong>fuerit</strong></span> <span class='ocrx_word' id='word_1_476' title='bbox 1644 4777 1810 4836; x_wconf 91' lang='lat' dir='ltr'><strong>quam</strong></span> <span class='ocrx_word' id='word_1_477' title='bbox 1861 4765 2034 4822; x_wconf 90' lang='lat' dir='ltr'><strong>Paulo</strong></span> 
     </span>
    </p>
   </div>
   <div class='ocr_carea' id='block_1_68' title="bbox 427 4843 2034 4926">
    <p class='ocr_par' dir='ltr' id='par_1_68' title="bbox 427 4843 2034 4926">
     <span class='ocr_line' id='line_1_68' title="bbox 427 4843 2034 4926; baseline 0.007 -27"><span class='ocrx_word' id='word_1_478' title='bbox 427 4843 794 4901; x_wconf 89' lang='lat' dir='ltr'><strong>Laodicenses</strong></span> <span class='ocrx_word' id='word_1_479' title='bbox 834 4845 1092 4903; x_wconf 89' lang='lat' dir='ltr'><strong>miserint</strong></span> <span class='ocrx_word' id='word_1_480' title='bbox 1137 4869 1151 4906; x_wconf 86' lang='lat'><strong>:</strong></span> <span class='ocrx_word' id='word_1_481' title='bbox 1201 4863 1394 4905; x_wconf 90' lang='lat' dir='ltr'><strong>verum</strong></span> <span class='ocrx_word' id='word_1_482' title='bbox 1433 4849 1580 4908; x_wconf 90' lang='lat' dir='ltr'><strong>haud</strong></span> <span class='ocrx_word' id='word_1_483' title='bbox 1610 4853 1723 4910; x_wconf 91' lang='lat' dir='ltr'><strong>scio</strong></span> <span class='ocrx_word' id='word_1_484' title='bbox 1773 4852 1908 4926; x_wconf 90' lang='lat' dir='ltr'><strong>quid</strong></span> <span class='ocrx_word' id='word_1_485' title='bbox 1945 4854 2034 4910; x_wconf 92' lang='lat' dir='ltr'><strong>illa</strong></span> 
     </span>
    </p>
   </div>
   <div class='ocr_carea' id='block_1_69' title="bbox 427 4933 2031 5018">
    <p class='ocr_par' dir='ltr' id='par_1_69' title="bbox 427 4933 2031 5018">
     <span class='ocr_line' id='line_1_69' title="bbox 427 4933 2031 5018; baseline 0.009 -29"><span class='ocrx_word' id='word_1_486' title='bbox 427 4933 564 5005; x_wconf 87' lang='lat' dir='ltr'><strong>ipsis</strong></span> <span class='ocrx_word' id='word_1_487' title='bbox 636 4935 992 4992; x_wconf 89' lang='lat' dir='ltr'><strong>emolumenti</strong></span> <span class='ocrx_word' id='word_1_488' title='bbox 1049 4936 1120 4994; x_wconf 90' lang='lat' dir='ltr'><strong>ad</strong></span> <span class='ocrx_word' id='word_1_489' title='bbox 1176 4939 1624 4998; x_wconf 89' lang='lat' dir='ltr'><strong>emendationem</strong></span> <span class='ocrx_word' id='word_1_490' title='bbox 1679 4942 1881 5001; x_wconf 83' lang='lat' dir='ltr'><strong>afferre</strong></span> <span class='ocrx_word' id='word_1_491' title='bbox 1932 4959 2031 5018; x_wconf 88' lang='lat' dir='ltr'><strong>po-</strong></span> 
     </span>
    </p>
   </div>
   <div class='ocr_carea' id='block_1_70' title="bbox 428 5021 617 5079">
    <p class='ocr_par' dir='ltr' id='par_1_70' title="bbox 428 5021 617 5079">
     <span class='ocr_line' id='line_1_70' title="bbox 428 5021 617 5079; baseline -0.005 -1"><span class='ocrx_word' id='word_1_492' title='bbox 428 5021 617 5079; x_wconf 88' lang='lat' dir='ltr'><strong>tuerit.</strong></span> 
     </span>
    </p>
   </div>
   <div class='ocr_carea' id='block_1_71' title="bbox 496 5115 2029 5191">
    <p class='ocr_par' dir='ltr' id='par_1_71' title="bbox 496 5115 2029 5191">
     <span class='ocr_line' id='line_1_71' title="bbox 496 5115 2029 5191; baseline 0.008 -23"><span class='ocrx_word' id='word_1_493' title='bbox 496 5115 680 5170; x_wconf 76' lang='lat' dir='ltr'><strong>Vnns.</strong></span> <span class='ocrx_word' id='word_1_494' title='bbox 713 5119 799 5170; x_wconf 89' lang='grc'><strong>17.</strong></span> <span class='ocrx_word' id='word_1_495' title='bbox 851 5117 1026 5173; x_wconf 86' lang='lat' dir='ltr'><strong>Dicite</strong></span> <span class='ocrx_word' id='word_1_496' title='bbox 1067 5118 1366 5191; x_wconf 84' lang='lat' dir='ltr'><strong>Archippo,</strong></span> <span class='ocrx_word' id='word_1_497' title='bbox 1418 5121 1532 5177; x_wconf 92' lang='lat' dir='ltr'><strong>Cur</strong></span> <span class='ocrx_word' id='word_1_498' title='bbox 1584 5137 1701 5179; x_wconf 93' lang='lat' dir='ltr'><strong>non</strong></span> <span class='ocrx_word' id='word_1_499' title='bbox 1727 5122 1917 5180; x_wconf 88' lang='lat' dir='ltr'><strong>scribit</strong></span> <span class='ocrx_word' id='word_1_500' title='bbox 1959 5125 2029 5183; x_wconf 88' lang='lat' dir='ltr'><strong>ad</strong></span> 
     </span>
    </p>
   </div>
   <div class='ocr_carea' id='block_1_72' title="bbox 424 5202 2030 5280">
    <p class='ocr_par' dir='ltr' id='par_1_72' title="bbox 424 5202 2030 5280">
     <span class='ocr_line' id='line_1_72' title="bbox 424 5202 2030 5280; baseline 0.007 -22"><span class='ocrx_word' id='word_1_501' title='bbox 424 5202 638 5276; x_wconf 81' lang='lat' dir='ltr'><strong>ipsum?</strong></span> <span class='ocrx_word' id='word_1_502' title='bbox 669 5205 943 5275; x_wconf 88' lang='lat' dir='ltr'><strong>Fortasse,</strong></span> <span class='ocrx_word' id='word_1_503' title='bbox 989 5206 1136 5279; x_wconf 91' lang='lat' dir='ltr'><strong>quod</strong></span> <span class='ocrx_word' id='word_1_504' title='bbox 1163 5207 1356 5280; x_wconf 82' lang='lat' dir='ltr'><strong>exigua</strong></span> <span class='ocrx_word' id='word_1_505' title='bbox 1388 5216 1610 5267; x_wconf 88' lang='lat' dir='ltr'><strong>tantum</strong></span> <span class='ocrx_word' id='word_1_506' title='bbox 1651 5212 2030 5270; x_wconf 79' lang='lat' dir='ltr'><strong>commonefa-</strong></span> 
     </span>
    </p>
   </div>
   <div class='ocr_carea' id='block_1_73' title="bbox 425 5293 1656 5371">
    <p class='ocr_par' dir='ltr' id='par_1_73' title="bbox 425 5293 1656 5371">
     <span class='ocr_line' id='line_1_73' title="bbox 425 5293 1656 5371; baseline 0.008 -23"><span class='ocrx_word' id='word_1_507' title='bbox 425 5293 630 5362; x_wconf 90' lang='lat' dir='ltr'><strong>ctione,</strong></span> <span class='ocrx_word' id='word_1_508' title='bbox 658 5308 772 5350; x_wconf 92' lang='lat' dir='ltr'><strong>non</strong></span> <span class='ocrx_word' id='word_1_509' title='bbox 799 5294 976 5370; x_wconf 89' lang='lat' dir='ltr'><strong>longis</strong></span> <span class='ocrx_word' id='word_1_510' title='bbox 1005 5296 1200 5354; x_wconf 89' lang='lat' dir='ltr'><strong>litteris</strong></span> <span class='ocrx_word' id='word_1_511' title='bbox 1231 5313 1371 5371; x_wconf 89' lang='lat' dir='ltr'><strong>opus</strong></span> <span class='ocrx_word' id='word_1_512' title='bbox 1400 5297 1656 5359; x_wconf 87' lang='lat' dir='ltr'><strong>habebat.</strong></span> 
     </span>
    </p>
   </div>
   <div class='ocr_carea' id='block_1_74' title="bbox 503 5382 2033 5464">
    <p class='ocr_par' dir='ltr' id='par_1_74' title="bbox 503 5382 2033 5464">
     <span class='ocr_line' id='line_1_74' title="bbox 503 5382 2033 5464; baseline 0.007 -24"><span class='ocrx_word' id='word_1_513' title='bbox 503 5382 644 5440; x_wconf 86' lang='lat' dir='ltr'><strong>Vide</strong></span> <span class='ocrx_word' id='word_1_514' title='bbox 671 5385 1039 5442; x_wconf 84' lang='lat' dir='ltr'><strong>ministerium</strong></span> <span class='ocrx_word' id='word_1_515' title='bbox 1086 5387 1229 5460; x_wconf 85' lang='lat' dir='ltr'><strong>quod</strong></span> <span class='ocrx_word' id='word_1_516' title='bbox 1275 5393 1530 5462; x_wconf 86' lang='lat' dir='ltr'><strong>accep-isti</strong></span> <span class='ocrx_word' id='word_1_517' title='bbox 1573 5394 1632 5447; x_wconf 85' lang='lat' dir='ltr'><strong>in</strong></span> <span class='ocrx_word' id='word_1_518' title='bbox 1672 5395 1924 5464; x_wconf 86' lang='lat' dir='ltr'><strong>Domino,</strong></span> <span class='ocrx_word' id='word_1_519' title='bbox 1969 5400 2033 5451; x_wconf 88' lang='lat' dir='ltr'><strong>ut</strong></span> 
     </span>
    </p>
   </div>
   <div class='ocr_carea' id='block_1_75' title="bbox 425 5470 2032 5554">
    <p class='ocr_par' dir='ltr' id='par_1_75' title="bbox 425 5470 2032 5554">
     <span class='ocr_line' id='line_1_75' title="bbox 425 5470 2032 5554; baseline 0.011 -29"><span class='ocrx_word' id='word_1_520' title='bbox 425 5470 567 5528; x_wconf 83' lang='lat' dir='ltr'><strong>illud</strong></span> <span class='ocrx_word' id='word_1_521' title='bbox 611 5474 859 5543; x_wconf 87' lang='lat' dir='ltr'><strong>impleas.</strong></span> <span class='ocrx_word' id='word_1_522' title='bbox 906 5477 1026 5532; x_wconf 87' lang='lat' dir='ltr'><strong>Hoc</strong></span> <span class='ocrx_word' id='word_1_523' title='bbox 1079 5476 1308 5534; x_wconf 88' lang='lat' dir='ltr'><strong>verbum</strong></span> <span class='ocrx_word' id='word_1_524' title='bbox 1356 5478 1563 5552; x_wconf 89' lang='lat' dir='ltr'><strong>ubique</strong></span> <span class='ocrx_word' id='word_1_525' title='bbox 1600 5483 1971 5554; x_wconf 80' lang='lat' dir='ltr'><strong>perterrefacit</strong></span> <span class='ocrx_word' id='word_1_526' title='bbox 2017 5502 2032 5542; x_wconf 88' lang='lat'><strong>:</strong></span> 
     </span>
    </p>
   </div>
   <div class='ocr_carea' id='block_1_76' title="bbox 2149 1995 3750 2082">
    <p class='ocr_par' dir='ltr' id='par_1_76' title="bbox 2149 1995 3750 2082">
     <span class='ocr_line' id='line_1_76' title="bbox 2149 1995 3750 2082; baseline 0.005 -28"><span class='ocrx_word' id='word_1_527' title='bbox 2149 2000 2258 2063; x_wconf 87' lang='grc' dir='ltr'>τοῖς</span> <span class='ocrx_word' id='word_1_528' title='bbox 2290 1995 2679 2076; x_wconf 84' lang='grc' dir='ltr'>Ἱεραπολίταις</span> <span class='ocrx_word' id='word_1_529' title='bbox 2699 2024 2711 2037; x_wconf 92' lang='grc'><strong>·</strong></span> <span class='ocrx_word' id='word_1_530' title='bbox 2747 1999 2960 2070; x_wconf 87' lang='grc' dir='ltr'>πάντως</span> <span class='ocrx_word' id='word_1_531' title='bbox 2996 2001 3100 2082; x_wconf 79' lang='grc' dir='ltr'><strong>γὰρ</strong></span> <span class='ocrx_word' id='word_1_532' title='bbox 3139 2007 3234 2074; x_wconf 80' lang='grc' dir='ltr'><strong>τῆς</strong></span> <span class='ocrx_word' id='word_1_533' title='bbox 3261 2001 3584 2076; x_wconf 77' lang='grc' dir='ltr'>Ἐπιστολῆς</span> <span class='ocrx_word' id='word_1_534' title='bbox 3613 2007 3750 2062; x_wconf 82' lang='grc' dir='ltr'>ἀνα-</span> 
     </span>
    </p>
   </div>
   <div class='ocr_carea' id='block_1_77' title="bbox 2150 2089 3333 2173">
    <p class='ocr_par' dir='ltr' id='par_1_77' title="bbox 2150 2089 3333 2173">
     <span class='ocr_line' id='line_1_77' title="bbox 2150 2089 3333 2173; baseline 0.011 -30"><span class='ocrx_word' id='word_1_535' title='bbox 2150 2089 2569 2168; x_wconf 87' lang='grc' dir='ltr'>γινωσκομένης,</span> <span class='ocrx_word' id='word_1_536' title='bbox 2600 2090 2839 2163; x_wconf 88' lang='grc' dir='ltr'>ἤκουσαν</span> <span class='ocrx_word' id='word_1_537' title='bbox 2872 2091 2936 2151; x_wconf 84' lang='grc' dir='ltr'><strong>ἂν</strong></span> <span class='ocrx_word' id='word_1_538' title='bbox 2970 2093 3094 2173; x_wconf 79' lang='grc' dir='ltr'>περὶ</span> <span class='ocrx_word' id='word_1_539' title='bbox 3124 2091 3333 2156; x_wconf 89' lang='grc' dir='ltr'>τούτου.</span> 
     </span>
    </p>
   </div>
   <div class='ocr_carea' id='block_1_78' title="bbox 2232 2270 3750 2354">
    <p class='ocr_par' dir='ltr' id='par_1_78' title="bbox 2232 2270 3750 2354">
     <span class='ocr_line' id='line_1_78' title="bbox 2232 2270 3750 2354; baseline 0.001 -26"><span class='ocrx_word' id='word_1_540' title='bbox 2232 2295 2255 2320; x_wconf 77' lang='grc' dir='ltr'>ι</span> <span class='ocrx_word' id='word_1_541' title='bbox 2305 2270 2625 2340; x_wconf 75' lang='grc' dir='ltr'>Ἀσπάζεται</span> <span class='ocrx_word' id='word_1_542' title='bbox 2685 2275 2823 2344; x_wconf 76' lang='grc' dir='ltr'>ὑμᾶς</span> <span class='ocrx_word' id='word_1_543' title='bbox 2870 2276 3079 2340; x_wconf 80' lang='grc' dir='ltr'><strong>Λουκᾶς</strong></span> <span class='ocrx_word' id='word_1_544' title='bbox 3122 2276 3150 2332; x_wconf 98' lang='lat'><strong>6</strong></span> <span class='ocrx_word' id='word_1_545' title='bbox 3205 2271 3386 2354; x_wconf 78' lang='grc' dir='ltr'>ἰατρὸς</span> <span class='ocrx_word' id='word_1_546' title='bbox 3439 2275 3468 2331; x_wconf 91' lang='lat'><strong>6</strong></span> <span class='ocrx_word' id='word_1_547' title='bbox 3533 2274 3750 2350; x_wconf 77' lang='grc' dir='ltr'>ἀγαπη-</span> 
     </span>
    </p>
   </div>
   <div class='ocr_carea' id='block_1_79' title="bbox 2151 2353 3753 2442">
    <p class='ocr_par' dir='ltr' id='par_1_79' title="bbox 2151 2353 3753 2442">
     <span class='ocr_line' id='line_1_79' title="bbox 2151 2353 3753 2442; baseline 0.004 -26"><span class='ocrx_word' id='word_1_548' title='bbox 2151 2356 2238 2426; x_wconf 88' lang='grc' dir='ltr'><strong>τός</strong></span> <span class='ocrx_word' id='word_1_549' title='bbox 2263 2359 2337 2420; x_wconf 66' lang='lat'><strong>7“.</strong></span> <span class='ocrx_word' id='word_1_550' title='bbox 2371 2387 2396 2412; x_wconf 78' lang='grc' dir='ltr'>ιο</span> <span class='ocrx_word' id='word_1_551' title='bbox 2427 2364 2637 2428; x_wconf 82' lang='grc' dir='ltr'>Λουκᾶς</span> <span class='ocrx_word' id='word_1_552' title='bbox 2660 2354 2808 2429; x_wconf 67' lang='grc' dir='ltr'>οἶτος</span> <span class='ocrx_word' id='word_1_553' title='bbox 2837 2365 2865 2420; x_wconf 91' lang='lat'><strong>6</strong></span> <span class='ocrx_word' id='word_1_554' title='bbox 2895 2363 3271 2442; x_wconf 82' lang='grc' dir='ltr'>εὖαγγελιστής</span> <span class='ocrx_word' id='word_1_555' title='bbox 3304 2353 3480 2436; x_wconf 79' lang='grc' dir='ltr'>ἐστιν’,</span> <span class='ocrx_word' id='word_1_556' title='bbox 3512 2353 3569 2423; x_wconf 66' lang='grc' dir='ltr'><strong>οὗ</strong></span> <span class='ocrx_word' id='word_1_557' title='bbox 3608 2362 3753 2442; x_wconf 84' lang='grc' dir='ltr'>μέγα</span> 
     </span>
    </p>
   </div>
   <div class='ocr_carea' id='block_1_80' title="bbox 2152 2442 3751 2530">
    <p class='ocr_par' dir='ltr' id='par_1_80' title="bbox 2152 2442 3751 2530">
     <span class='ocr_line' id='line_1_80' title="bbox 2152 2442 3751 2530; baseline 0.002 -24"><span class='ocrx_word' id='word_1_558' title='bbox 2152 2449 2414 2528; x_wconf 85' lang='grc' dir='ltr'>ἐγκώμιον</span> <span class='ocrx_word' id='word_1_559' title='bbox 2447 2449 2507 2510; x_wconf 79' lang='grc' dir='ltr'>τὸ</span> <span class='ocrx_word' id='word_1_560' title='bbox 2543 2451 2819 2530; x_wconf 81' lang='grc' dir='ltr'>ἀγαπητὸν</span> <span class='ocrx_word' id='word_1_561' title='bbox 2871 2442 3004 2512; x_wconf 74' lang='grc' dir='ltr'>εἶναι</span> <span class='ocrx_word' id='word_1_562' title='bbox 3050 2453 3291 2513; x_wconf 82' lang='grc' dir='ltr'>Παύλου.</span> <span class='ocrx_word' id='word_1_563' title='bbox 3345 2455 3428 2513; x_wconf 85' lang='grc' dir='ltr'><strong>Οὖ</strong></span> <span class='ocrx_word' id='word_1_564' title='bbox 3475 2457 3656 2512; x_wconf 80' lang='grc' dir='ltr'>τοῦτον</span> <span class='ocrx_word' id='word_1_565' title='bbox 3696 2450 3751 2510; x_wconf 83' lang='grc' dir='ltr'>δὲ</span> 
     </span>
    </p>
   </div>
   <div class='ocr_carea' id='block_1_81' title="bbox 2150 2539 3751 2623">
    <p class='ocr_par' dir='ltr' id='par_1_81' title="bbox 2150 2539 3751 2623">
     <span class='ocr_line' id='line_1_81' title="bbox 2150 2539 3751 2623; baseline 0.002 -27"><span class='ocrx_word' id='word_1_566' title='bbox 2150 2539 2593 2621; x_wconf 84' lang='grc' dir='ltr'>κατασμικρύνων</span> <span class='ocrx_word' id='word_1_567' title='bbox 2612 2586 2628 2613; x_wconf 93' lang='grc'><strong>,</strong></span> <span class='ocrx_word' id='word_1_568' title='bbox 2651 2541 2869 2623; x_wconf 75' lang='grc' dir='ltr'>ὕστερον</span> <span class='ocrx_word' id='word_1_569' title='bbox 2896 2541 3154 2616; x_wconf 83' lang='grc' dir='ltr'>τέθεικεν,</span> <span class='ocrx_word' id='word_1_570' title='bbox 3181 2541 3322 2601; x_wconf 81' lang='grc' dir='ltr'>ἀλλὰ</span> <span class='ocrx_word' id='word_1_571' title='bbox 3345 2542 3433 2602; x_wconf 81' lang='grc' dir='ltr'><strong>τὸν</strong></span> <span class='ocrx_word' id='word_1_572' title='bbox 3459 2541 3751 2622; x_wconf 82' lang='grc' dir='ltr'>Ἐπαφρᾶν</span> 
     </span>
    </p>
   </div>
   <div class='ocr_carea' id='block_1_82' title="bbox 2153 2623 3750 2710">
    <p class='ocr_par' dir='ltr' id='par_1_82' title="bbox 2153 2623 3750 2710">
     <span class='ocr_line' id='line_1_82' title="bbox 2153 2623 3750 2710; baseline 0.003 -24"><span class='ocrx_word' id='word_1_573' title='bbox 2153 2628 2278 2707; x_wconf 78' lang='grc' dir='ltr'>πρὸς</span> <span class='ocrx_word' id='word_1_574' title='bbox 2335 2629 2453 2697; x_wconf 80' lang='grc' dir='ltr'>τοὺς</span> <span class='ocrx_word' id='word_1_575' title='bbox 2508 2632 2837 2708; x_wconf 85' lang='grc' dir='ltr'>συμπολίτας</span> <span class='ocrx_word' id='word_1_576' title='bbox 2907 2633 3195 2708; x_wconf 89' lang='grc' dir='ltr'>σεμνύνων.</span> <span class='ocrx_word' id='word_1_577' title='bbox 3253 2631 3412 2700; x_wconf 82' lang='grc' dir='ltr'>Εἰκὸς</span> <span class='ocrx_word' id='word_1_578' title='bbox 3462 2631 3544 2710; x_wconf 82' lang='grc' dir='ltr'>δὲ,</span> <span class='ocrx_word' id='word_1_579' title='bbox 3612 2623 3750 2691; x_wconf 77' lang='grc' dir='ltr'>εἶναι</span> 
     </span>
    </p>
   </div>
   <div class='ocr_carea' id='block_1_83' title="bbox 2150 2717 3424 2805">
    <p class='ocr_par' dir='ltr' id='par_1_83' title="bbox 2150 2717 3424 2805">
     <span class='ocr_line' id='line_1_83' title="bbox 2150 2717 3424 2805; baseline 0.006 -29"><span class='ocrx_word' id='word_1_580' title='bbox 2150 2719 2242 2779; x_wconf 75' lang='grc' dir='ltr'>καὶ</span> <span class='ocrx_word' id='word_1_581' title='bbox 2277 2717 2466 2788; x_wconf 82' lang='grc' dir='ltr'>ἄλλους</span> <span class='ocrx_word' id='word_1_582' title='bbox 2486 2721 2840 2800; x_wconf 78' lang='grc' dir='ltr'>καλουμένους</span> <span class='ocrx_word' id='word_1_583' title='bbox 2870 2726 2947 2803; x_wconf 85' lang='grc' dir='ltr'><strong>τῷ</strong></span> <span class='ocrx_word' id='word_1_584' title='bbox 2983 2723 3204 2802; x_wconf 84' lang='grc' dir='ltr'>ὀνόματι</span> <span class='ocrx_word' id='word_1_585' title='bbox 3233 2721 3424 2805; x_wconf 87' lang='grc' dir='ltr'>τούτῳ.</span> 
     </span>
    </p>
   </div>
   <div class='ocr_carea' id='block_1_84' title="bbox 2229 2893 3753 2978">
    <p class='ocr_par' dir='ltr' id='par_1_84' title="bbox 2229 2893 3753 2978">
     <span class='ocr_line' id='line_1_84' title="bbox 2229 2893 3753 2978; baseline 0.001 -25"><span class='ocrx_word' id='word_1_586' title='bbox 2229 2918 2254 2946; x_wconf 76' lang='grc' dir='ltr'><strong>α</strong></span> <span class='ocrx_word' id='word_1_587' title='bbox 2292 2893 2400 2953; x_wconf 85' lang='grc' dir='ltr'>Καὶ</span> <span class='ocrx_word' id='word_1_588' title='bbox 2441 2897 2651 2971; x_wconf 80' lang='grc' dir='ltr'>Δημᾶς.</span> <span class='ocrx_word' id='word_1_589' title='bbox 2682 2923 2703 2948; x_wconf 75' lang='grc' dir='ltr'><strong>ι</strong></span> <span class='ocrx_word' id='word_1_590' title='bbox 2733 2895 2904 2956; x_wconf 83' lang='grc' dir='ltr'>Οὔπω</span> <span class='ocrx_word' id='word_1_591' title='bbox 2931 2895 3070 2978; x_wconf 76' lang='grc' dir='ltr'>γὰρ,</span> <span class='ocrx_word' id='word_1_592' title='bbox 3105 2899 3176 2964; x_wconf 84' lang='grc' dir='ltr'>ὡς</span> <span class='ocrx_word' id='word_1_593' title='bbox 3203 2894 3396 2974; x_wconf 80' lang='grc' dir='ltr'>ἔοικεν,</span> <span class='ocrx_word' id='word_1_594' title='bbox 3431 2893 3753 2976; x_wconf 80' lang='grc' dir='ltr'>ἐγκατέλιπε</span> 
     </span>
    </p>
   </div>
   <div class='ocr_carea' id='block_1_85' title="bbox 2147 2979 2605 3044">
    <p class='ocr_par' dir='ltr' id='par_1_85' title="bbox 2147 2979 2605 3044">
     <span class='ocr_line' id='line_1_85' title="bbox 2147 2979 2605 3044; baseline 0.011 -5"><span class='ocrx_word' id='word_1_595' title='bbox 2147 2979 2234 3039; x_wconf 81' lang='grc' dir='ltr'><strong>τὸν</strong></span> <span class='ocrx_word' id='word_1_596' title='bbox 2266 2982 2605 3044; x_wconf 84' lang='grc' dir='ltr'>διδάσκαλον.</span> 
     </span>
    </p>
   </div>
   <div class='ocr_carea' id='block_1_86' title="bbox 2230 3070 3754 3157">
    <p class='ocr_par' dir='ltr' id='par_1_86' title="bbox 2230 3070 3754 3157">
     <span class='ocr_line' id='line_1_86' title="bbox 2230 3070 3754 3157; baseline -0.001 -25"><span class='ocrx_word' id='word_1_597' title='bbox 2230 3097 2253 3123; x_wconf 76' lang='grc' dir='ltr'>ι</span> <span class='ocrx_word' id='word_1_598' title='bbox 2313 3070 2654 3133; x_wconf 78' lang='grc' dir='ltr'>Ἀσπάσασθε</span> <span class='ocrx_word' id='word_1_599' title='bbox 2721 3074 2843 3141; x_wconf 80' lang='grc' dir='ltr'>τοὺς</span> <span class='ocrx_word' id='word_1_600' title='bbox 2916 3077 2969 3136; x_wconf 76' lang='grc' dir='ltr'><strong>ἐν</strong></span> <span class='ocrx_word' id='word_1_601' title='bbox 3028 3075 3318 3157; x_wconf 78' lang='grc' dir='ltr'>Λαοδικείᾳ</span> <span class='ocrx_word' id='word_1_602' title='bbox 3377 3073 3654 3155; x_wconf 75' lang='grc' dir='ltr'>ἀδελφούς.</span> <span class='ocrx_word' id='word_1_603' title='bbox 3729 3102 3754 3130; x_wconf 68' lang='grc' dir='ltr'><strong><em>ι</em></strong></span> 
     </span>
    </p>
   </div>
   <div class='ocr_carea' id='block_1_87' title="bbox 2144 3158 3750 3248">
    <p class='ocr_par' dir='ltr' id='par_1_87' title="bbox 2144 3158 3750 3248">
     <span class='ocr_line' id='line_1_87' title="bbox 2144 3158 3750 3248; baseline 0.002 -28"><span class='ocrx_word' id='word_1_604' title='bbox 2144 3158 2326 3240; x_wconf 86' lang='grc' dir='ltr'>Ὅρα,</span> <span class='ocrx_word' id='word_1_605' title='bbox 2380 3166 2495 3229; x_wconf 81' lang='grc' dir='ltr'><strong>πῶς</strong></span> <span class='ocrx_word' id='word_1_606' title='bbox 2549 3163 2736 3232; x_wconf 74' lang='grc' dir='ltr'>αὐτοὺς</span> <span class='ocrx_word' id='word_1_607' title='bbox 2789 3167 3058 3248; x_wconf 84' lang='grc' dir='ltr'>συγκολλᾷ</span> <span class='ocrx_word' id='word_1_608' title='bbox 3109 3166 3202 3226; x_wconf 79' lang='grc' dir='ltr'><strong>καὶ</strong></span> <span class='ocrx_word' id='word_1_609' title='bbox 3260 3164 3519 3225; x_wconf 79' lang='grc' dir='ltr'>συνάπτει</span> <span class='ocrx_word' id='word_1_610' title='bbox 3573 3163 3750 3237; x_wconf 70' lang='grc' dir='ltr'>ἄλλήο</span> 
     </span>
    </p>
   </div>
   <div class='ocr_carea' id='block_1_88' title="bbox 2143 3250 2274 3318">
    <p class='ocr_par' dir='ltr' id='par_1_88' title="bbox 2143 3250 2274 3318">
     <span class='ocr_line' id='line_1_88' title="bbox 2143 3250 2274 3318; baseline 0.031 -10"><span class='ocrx_word' id='word_1_611' title='bbox 2143 3250 2274 3318; x_wconf 90' lang='grc' dir='ltr'>λοις.</span> 
     </span>
    </p>
   </div>
   <div class='ocr_carea' id='block_1_89' title="bbox 2224 3338 3748 3424">
    <p class='ocr_par' dir='ltr' id='par_1_89' title="bbox 2224 3338 3748 3424">
     <span class='ocr_line' id='line_1_89' title="bbox 2224 3338 3748 3424; baseline 0.002 -24"><span class='ocrx_word' id='word_1_612' title='bbox 2224 3365 2248 3393; x_wconf 78' lang='grc' dir='ltr'><strong>α</strong></span> <span class='ocrx_word' id='word_1_613' title='bbox 2295 3339 2405 3400; x_wconf 81' lang='grc' dir='ltr'><strong>Καὶ</strong></span> <span class='ocrx_word' id='word_1_614' title='bbox 2437 3342 2692 3424; x_wconf 78' lang='grc' dir='ltr'>Νυμφᾶν,</span> <span class='ocrx_word' id='word_1_615' title='bbox 2724 3345 2816 3406; x_wconf 76' lang='grc' dir='ltr'>καὶ</span> <span class='ocrx_word' id='word_1_616' title='bbox 2851 3344 2946 3417; x_wconf 83' lang='grc' dir='ltr'><strong>τὴν</strong></span> <span class='ocrx_word' id='word_1_617' title='bbox 2978 3349 3100 3406; x_wconf 85' lang='grc' dir='ltr'>κατ’</span> <span class='ocrx_word' id='word_1_618' title='bbox 3133 3338 3275 3406; x_wconf 72' lang='grc' dir='ltr'>οἷκον</span> <span class='ocrx_word' id='word_1_619' title='bbox 3306 3347 3466 3404; x_wconf 74' lang='grc' dir='ltr'>αὐτοῦ</span> <span class='ocrx_word' id='word_1_620' title='bbox 3495 3344 3748 3417; x_wconf 87' lang='grc' dir='ltr'>Ἐκκλη-</span> 
     </span>
    </p>
   </div>
   <div class='ocr_carea' id='block_1_90' title="bbox 2142 3425 3751 3516">
    <p class='ocr_par' dir='ltr' id='par_1_90' title="bbox 2142 3425 3751 3516">
     <span class='ocr_line' id='line_1_90' title="bbox 2142 3425 3751 3516; baseline 0.002 -28"><span class='ocrx_word' id='word_1_621' title='bbox 2142 3428 2283 3489; x_wconf 86' lang='grc' dir='ltr'>σίαν.</span> <span class='ocrx_word' id='word_1_622' title='bbox 2316 3456 2342 3482; x_wconf 78' lang='grc' dir='ltr'><strong>ιι</strong></span> <span class='ocrx_word' id='word_1_623' title='bbox 2380 3430 2565 3510; x_wconf 86' lang='grc' dir='ltr'>Μέγας</span> <span class='ocrx_word' id='word_1_624' title='bbox 2595 3425 2743 3516; x_wconf 54' lang='grc' dir='ltr'>οὗτος</span> <span class='ocrx_word' id='word_1_625' title='bbox 2786 3439 2814 3494; x_wconf 94' lang='lat'><strong>6</strong></span> <span class='ocrx_word' id='word_1_626' title='bbox 2845 3436 3006 3516; x_wconf 79' lang='grc' dir='ltr'>ἀνὴρ,</span> <span class='ocrx_word' id='word_1_627' title='bbox 3036 3436 3116 3496; x_wconf 79' lang='grc' dir='ltr'><strong>ὅτι</strong></span> <span class='ocrx_word' id='word_1_628' title='bbox 3151 3435 3244 3496; x_wconf 83' lang='grc' dir='ltr'>καὶ</span> <span class='ocrx_word' id='word_1_629' title='bbox 3277 3433 3364 3493; x_wconf 79' lang='grc' dir='ltr'><strong>τὸν</strong></span> <span class='ocrx_word' id='word_1_630' title='bbox 3395 3426 3539 3494; x_wconf 73' lang='grc' dir='ltr'>οἷκον</span> <span class='ocrx_word' id='word_1_631' title='bbox 3588 3437 3751 3494; x_wconf 80' lang='grc' dir='ltr'>αὐτοῦ</span> 
     </span>
    </p>
   </div>
   <div class='ocr_carea' id='block_1_91' title="bbox 2141 3514 3749 3606">
    <p class='ocr_par' dir='ltr' id='par_1_91' title="bbox 2141 3514 3749 3606">
     <span class='ocr_line' id='line_1_91' title="bbox 2141 3514 3749 3606; baseline 0.002 -28"><span class='ocrx_word' id='word_1_632' title='bbox 2141 3519 2314 3578; x_wconf 88' lang='grc' dir='ltr'>πάντα</span> <span class='ocrx_word' id='word_1_633' title='bbox 2357 3521 2575 3591; x_wconf 81' lang='grc' dir='ltr'>πιστοὺς</span> <span class='ocrx_word' id='word_1_634' title='bbox 2612 3514 2784 3604; x_wconf 69' lang='grc' dir='ltr'>εἶχεν,</span> <span class='ocrx_word' id='word_1_635' title='bbox 2835 3514 2972 3586; x_wconf 81' lang='grc' dir='ltr'>ὥστε</span> <span class='ocrx_word' id='word_1_636' title='bbox 3018 3528 3107 3586; x_wconf 78' lang='grc' dir='ltr'>καὶ</span> <span class='ocrx_word' id='word_1_637' title='bbox 3149 3523 3478 3597; x_wconf 85' lang='grc' dir='ltr'>Ἐκκλησίαν</span> <span class='ocrx_word' id='word_1_638' title='bbox 3509 3523 3749 3606; x_wconf 73' lang='grc' dir='ltr'>[αὐτὸν]</span> 
     </span>
    </p>
   </div>
   <div class='ocr_carea' id='block_1_92' title="bbox 2139 3610 3749 3697">
    <p class='ocr_par' dir='ltr' id='par_1_92' title="bbox 2139 3610 3749 3697">
     <span class='ocr_line' id='line_1_92' title="bbox 2139 3610 3749 3697; baseline 0.003 -28"><span class='ocrx_word' id='word_1_639' title='bbox 2139 3610 2436 3672; x_wconf 87' lang='grc' dir='ltr'>καλεῖσθαι.</span> <span class='ocrx_word' id='word_1_640' title='bbox 2474 3611 2578 3673; x_wconf 78' lang='grc' dir='ltr'>Διὰ</span> <span class='ocrx_word' id='word_1_641' title='bbox 2628 3621 2782 3675; x_wconf 79' lang='grc' dir='ltr'>τοῦτο</span> <span class='ocrx_word' id='word_1_642' title='bbox 2829 3616 2923 3675; x_wconf 77' lang='grc' dir='ltr'><strong>καὶ</strong></span> <span class='ocrx_word' id='word_1_643' title='bbox 2963 3616 3243 3697; x_wconf 84' lang='grc' dir='ltr'>χαρίζεται</span> <span class='ocrx_word' id='word_1_644' title='bbox 3301 3617 3443 3696; x_wconf 80' lang='grc' dir='ltr'>αὐτῷ</span> <span class='ocrx_word' id='word_1_645' title='bbox 3493 3615 3749 3686; x_wconf 80' lang='grc' dir='ltr'>Παῦλος,</span> 
     </span>
    </p>
   </div>
   <div class='ocr_carea' id='block_1_93' title="bbox 2145 3699 3754 3782">
    <p class='ocr_par' dir='ltr' id='par_1_93' title="bbox 2145 3699 3754 3782">
     <span class='ocr_line' id='line_1_93' title="bbox 2145 3699 3754 3782; baseline 0.002 -23"><span class='ocrx_word' id='word_1_646' title='bbox 2145 3699 2246 3781; x_wconf 76' lang='grc' dir='ltr'>ἰδίᾳ</span> <span class='ocrx_word' id='word_1_647' title='bbox 2277 3703 2682 3782; x_wconf 78' lang='grc' dir='ltr'>προσαγορεύων</span> <span class='ocrx_word' id='word_1_648' title='bbox 2729 3705 2904 3765; x_wconf 85' lang='grc' dir='ltr'>αὐτόν.</span> <span class='ocrx_word' id='word_1_649' title='bbox 2955 3709 3109 3766; x_wconf 87' lang='grc' dir='ltr'>Ποιεῖ</span> <span class='ocrx_word' id='word_1_650' title='bbox 3154 3705 3209 3766; x_wconf 81' lang='grc' dir='ltr'>δὲ</span> <span class='ocrx_word' id='word_1_651' title='bbox 3241 3710 3398 3764; x_wconf 76' lang='grc' dir='ltr'>τοῦτο</span> <span class='ocrx_word' id='word_1_652' title='bbox 3444 3704 3535 3764; x_wconf 80' lang='grc' dir='ltr'><strong>καὶ</strong></span> <span class='ocrx_word' id='word_1_653' title='bbox 3573 3703 3660 3763; x_wconf 79' lang='grc' dir='ltr'><strong>διὰ</strong></span> <span class='ocrx_word' id='word_1_654' title='bbox 3690 3703 3754 3763; x_wconf 85' lang='grc' dir='ltr'>τὸ</span> 
     </span>
    </p>
   </div>
   <div class='ocr_carea' id='block_1_94' title="bbox 2139 3787 3752 3876">
    <p class='ocr_par' dir='ltr' id='par_1_94' title="bbox 2139 3787 3752 3876">
     <span class='ocr_line' id='line_1_94' title="bbox 2139 3787 3752 3876; baseline 0.004 -30"><span class='ocrx_word' id='word_1_655' title='bbox 2139 3787 2260 3855; x_wconf 80' lang='grc' dir='ltr'>τοὺς</span> <span class='ocrx_word' id='word_1_656' title='bbox 2296 3789 2486 3861; x_wconf 83' lang='grc' dir='ltr'>ἄλλους</span> <span class='ocrx_word' id='word_1_657' title='bbox 2516 3796 2590 3860; x_wconf 85' lang='grc' dir='ltr'>εἷς</span> <span class='ocrx_word' id='word_1_658' title='bbox 2619 3794 2707 3853; x_wconf 81' lang='grc' dir='ltr'><strong>τὸν</strong></span> <span class='ocrx_word' id='word_1_659' title='bbox 2740 3794 2896 3854; x_wconf 80' lang='grc' dir='ltr'>αὐτὸν</span> <span class='ocrx_word' id='word_1_660' title='bbox 2924 3795 3156 3876; x_wconf 83' lang='grc' dir='ltr'>ἐρεθίσαι</span> <span class='ocrx_word' id='word_1_661' title='bbox 3191 3798 3382 3870; x_wconf 80' lang='grc' dir='ltr'>ζῆλον,</span> <span class='ocrx_word' id='word_1_662' title='bbox 3410 3793 3496 3854; x_wconf 76' lang='grc' dir='ltr'><strong>ἵνα</strong></span> <span class='ocrx_word' id='word_1_663' title='bbox 3531 3796 3575 3852; x_wconf 87' lang='grc' dir='ltr'>εἷ</span> <span class='ocrx_word' id='word_1_664' title='bbox 3609 3795 3752 3872; x_wconf 83' lang='grc' dir='ltr'>μέλ-</span> 
     </span>
    </p>
   </div>
   <div class='ocr_carea' id='block_1_95' title="bbox 2139 3878 3546 3965">
    <p class='ocr_par' dir='ltr' id='par_1_95' title="bbox 2139 3878 3546 3965">
     <span class='ocr_line' id='line_1_95' title="bbox 2139 3878 3546 3965; baseline 0.008 -27"><span class='ocrx_word' id='word_1_665' title='bbox 2139 3881 2279 3938; x_wconf 88' lang='grc' dir='ltr'>λοιεν</span> <span class='ocrx_word' id='word_1_666' title='bbox 2311 3878 2403 3939; x_wconf 73' lang='grc' dir='ltr'><strong>καὶ</strong></span> <span class='ocrx_word' id='word_1_667' title='bbox 2428 3882 2578 3942; x_wconf 73' lang='grc' dir='ltr'>αὐτοὶ</span> <span class='ocrx_word' id='word_1_668' title='bbox 2598 3890 2888 3960; x_wconf 81' lang='grc' dir='ltr'>τιμᾶσθαι,</span> <span class='ocrx_word' id='word_1_669' title='bbox 2917 3885 3265 3963; x_wconf 88' lang='grc' dir='ltr'>μιμήσωνται</span> <span class='ocrx_word' id='word_1_670' title='bbox 3293 3888 3546 3965; x_wconf 78' lang='grc' dir='ltr'>Νυμφᾶν.</span> 
     </span>
    </p>
   </div>
   <div class='ocr_carea' id='block_1_96' title="bbox 2228 3970 3751 4057">
    <p class='ocr_par' dir='ltr' id='par_1_96' title="bbox 2228 3970 3751 4057">
     <span class='ocr_line' id='line_1_96' title="bbox 2228 3970 3751 4057; baseline 0.002 -28"><span class='ocrx_word' id='word_1_671' title='bbox 2228 3993 2252 4020; x_wconf 78' lang='grc' dir='ltr'><strong>α</strong></span> <span class='ocrx_word' id='word_1_672' title='bbox 2308 3970 2419 4030; x_wconf 81' lang='grc' dir='ltr'><strong>Καὶ</strong></span> <span class='ocrx_word' id='word_1_673' title='bbox 2475 3971 2602 4032; x_wconf 78' lang='grc' dir='ltr'>ὅταν</span> <span class='ocrx_word' id='word_1_674' title='bbox 2636 3975 2947 4055; x_wconf 81' lang='grc' dir='ltr'>ἀναγνωσθῇ</span> <span class='ocrx_word' id='word_1_675' title='bbox 2989 3975 3124 4057; x_wconf 87' lang='grc' dir='ltr'>παρ’</span> <span class='ocrx_word' id='word_1_676' title='bbox 3167 3979 3290 4054; x_wconf 77' lang='grc' dir='ltr'>ὑμῖν</span> <span class='ocrx_word' id='word_1_677' title='bbox 3320 3978 3355 4048; x_wconf 87' lang='grc' dir='ltr'>ἡ</span> <span class='ocrx_word' id='word_1_678' title='bbox 3415 3973 3751 4051; x_wconf 78' lang='grc' dir='ltr'>Ἐπιστολὴ,</span> 
     </span>
    </p>
   </div>
   <div class='ocr_carea' id='block_1_97' title="bbox 2145 4056 3746 4146">
    <p class='ocr_par' dir='ltr' id='par_1_97' title="bbox 2145 4056 3746 4146">
     <span class='ocr_line' id='line_1_97' title="bbox 2145 4056 3746 4146; baseline 0.006 -31"><span class='ocrx_word' id='word_1_679' title='bbox 2145 4056 2408 4146; x_wconf 70' lang='grc' dir='ltr'>ποιήσατε</span> <span class='ocrx_word' id='word_1_680' title='bbox 2472 4059 2559 4119; x_wconf 79' lang='grc' dir='ltr'>ἵνα</span> <span class='ocrx_word' id='word_1_681' title='bbox 2610 4063 2702 4123; x_wconf 76' lang='grc' dir='ltr'><strong>καὶ</strong></span> <span class='ocrx_word' id='word_1_682' title='bbox 2774 4068 2828 4124; x_wconf 79' lang='grc' dir='ltr'><strong>ἐν</strong></span> <span class='ocrx_word' id='word_1_683' title='bbox 2897 4070 2965 4146; x_wconf 82' lang='grc' dir='ltr'><strong>τῇ</strong></span> <span class='ocrx_word' id='word_1_684' title='bbox 3013 4056 3320 4126; x_wconf 81' lang='grc' dir='ltr'>Λαοδικέων</span> <span class='ocrx_word' id='word_1_685' title='bbox 3390 4065 3746 4142; x_wconf 76' lang='grc' dir='ltr'>ἀναγνωσθῇ,</span> 
     </span>
    </p>
   </div>
   <div class='ocr_carea' id='block_1_98' title="bbox 2141 4145 3733 4234">
    <p class='ocr_par' dir='ltr' id='par_1_98' title="bbox 2141 4145 3733 4234">
     <span class='ocr_line' id='line_1_98' title="bbox 2141 4145 3733 4234; baseline 0.011 -28"><span class='ocrx_word' id='word_1_686' title='bbox 2141 4145 2233 4206; x_wconf 85' lang='grc' dir='ltr'><strong>καὶ</strong></span> <span class='ocrx_word' id='word_1_687' title='bbox 2274 4148 2374 4234; x_wconf 62' lang='grc' dir='ltr'><strong>τὴν</strong></span> <span class='ocrx_word' id='word_1_688' title='bbox 2416 4150 2476 4209; x_wconf 81' lang='grc' dir='ltr'><strong>ἐκ</strong></span> <span class='ocrx_word' id='word_1_689' title='bbox 2522 4153 2840 4221; x_wconf 82' lang='grc' dir='ltr'>Λαοδικείας</span> <span class='ocrx_word' id='word_1_690' title='bbox 2878 4145 2965 4215; x_wconf 81' lang='grc' dir='ltr'><strong>ἵνα</strong></span> <span class='ocrx_word' id='word_1_691' title='bbox 2997 4159 3144 4234; x_wconf 79' lang='grc' dir='ltr'>ὑμεῖς</span> <span class='ocrx_word' id='word_1_692' title='bbox 3186 4156 3474 4232; x_wconf 77' lang='grc' dir='ltr'>ἀναγνῶτε.</span> <span class='ocrx_word' id='word_1_693' title='bbox 3510 4181 3535 4204; x_wconf 68' lang='grc' dir='ltr'><strong>υ</strong></span> <span class='ocrx_word' id='word_1_694' title='bbox 3569 4151 3733 4229; x_wconf 80' lang='grc' dir='ltr'>Ἐμοὶ</span> 
     </span>
    </p>
   </div>
   <div class='ocr_carea' id='block_1_99' title="bbox 2153 4227 3750 4325">
    <p class='ocr_par' dir='ltr' id='par_1_99' title="bbox 2153 4227 3750 4325">
     <span class='ocr_line' id='line_1_99' title="bbox 2153 4227 3750 4325; baseline 0.004 -31"><span class='ocrx_word' id='word_1_695' title='bbox 2153 4236 2298 4295; x_wconf 86' lang='grc' dir='ltr'>δοκεῖ</span> <span class='ocrx_word' id='word_1_696' title='bbox 2325 4227 2461 4298; x_wconf 73' lang='grc' dir='ltr'>εἶναί</span> <span class='ocrx_word' id='word_1_697' title='bbox 2500 4264 2617 4300; x_wconf 89' lang='grc' dir='ltr'>τινα</span> <span class='ocrx_word' id='word_1_698' title='bbox 2664 4246 2767 4304; x_wconf 78' lang='grc' dir='ltr'><strong>τῶν</strong></span> <span class='ocrx_word' id='word_1_699' title='bbox 2798 4227 3106 4325; x_wconf 75' lang='grc' dir='ltr'>γραφέντων</span> <span class='ocrx_word' id='word_1_700' title='bbox 3157 4246 3210 4303; x_wconf 80' lang='grc' dir='ltr'><strong>ἐν</strong></span> <span class='ocrx_word' id='word_1_701' title='bbox 3241 4227 3440 4324; x_wconf 78' lang='grc' dir='ltr'>ταύτῃ,</span> <span class='ocrx_word' id='word_1_702' title='bbox 3487 4242 3521 4302; x_wconf 78' lang='grc' dir='ltr'>ἃ</span> <span class='ocrx_word' id='word_1_703' title='bbox 3559 4227 3750 4302; x_wconf 83' lang='grc' dir='ltr'>κάκεί-</span> 
     </span>
    </p>
   </div>
   <div class='ocr_carea' id='block_1_100' title="bbox 2150 4325 3752 4416">
    <p class='ocr_par' dir='ltr' id='par_1_100' title="bbox 2150 4325 3752 4416">
     <span class='ocr_line' id='line_1_100' title="bbox 2150 4325 3752 4416; baseline 0.005 -33"><span class='ocrx_word' id='word_1_704' title='bbox 2150 4348 2268 4394; x_wconf 87' lang='grc' dir='ltr'>νους</span> <span class='ocrx_word' id='word_1_705' title='bbox 2293 4326 2399 4388; x_wconf 80' lang='grc' dir='ltr'>ἔδει</span> <span class='ocrx_word' id='word_1_706' title='bbox 2442 4333 2698 4391; x_wconf 71' lang='grc' dir='ltr'>ἀκοῦσαν</span> <span class='ocrx_word' id='word_1_707' title='bbox 2741 4335 2833 4393; x_wconf 78' lang='grc' dir='ltr'>καὶ</span> <span class='ocrx_word' id='word_1_708' title='bbox 2866 4325 2933 4394; x_wconf 74' lang='lat' dir='ltr'><strong>a5</strong></span> <span class='ocrx_word' id='word_1_709' title='bbox 2963 4337 3014 4395; x_wconf 89' lang='grc' dir='ltr'><strong>ἐν</strong></span> <span class='ocrx_word' id='word_1_710' title='bbox 3046 4333 3250 4416; x_wconf 86' lang='grc' dir='ltr'>ἐκείνῃ,</span> <span class='ocrx_word' id='word_1_711' title='bbox 3283 4333 3317 4392; x_wconf 80' lang='grc' dir='ltr'>ἃ</span> <span class='ocrx_word' id='word_1_712' title='bbox 3345 4332 3563 4400; x_wconf 86' lang='grc' dir='ltr'>τούτους</span> <span class='ocrx_word' id='word_1_713' title='bbox 3586 4333 3752 4412; x_wconf 82' lang='grc' dir='ltr'>ἐχρῆν</span> 
     </span>
    </p>
   </div>
   <div class='ocr_carea' id='block_1_101' title="bbox 2149 4421 3753 4506">
    <p class='ocr_par' dir='ltr' id='par_1_101' title="bbox 2149 4421 3753 4506">
     <span class='ocr_line' id='line_1_101' title="bbox 2149 4421 3753 4506; baseline 0.005 -33"><span class='ocrx_word' id='word_1_714' title='bbox 2149 4421 2360 4492; x_wconf 88' lang='grc' dir='ltr'>μαθεῖν.</span> <span class='ocrx_word' id='word_1_715' title='bbox 2398 4421 2612 4491; x_wconf 85' lang='grc' dir='ltr'>Μείζων</span> <span class='ocrx_word' id='word_1_716' title='bbox 2649 4423 2753 4504; x_wconf 77' lang='grc' dir='ltr'><strong>γὰρ</strong></span> <span class='ocrx_word' id='word_1_717' title='bbox 2795 4425 2847 4464; x_wconf 78' lang='grc'>⁷⁵</span> <span class='ocrx_word' id='word_1_718' title='bbox 2887 4429 2920 4498; x_wconf 88' lang='grc' dir='ltr'>ἡ</span> <span class='ocrx_word' id='word_1_719' title='bbox 2969 4425 3228 4506; x_wconf 80' lang='grc' dir='ltr'>ὠφέλεια,</span> <span class='ocrx_word' id='word_1_720' title='bbox 3274 4423 3402 4483; x_wconf 78' lang='grc' dir='ltr'>ὅταν</span> <span class='ocrx_word' id='word_1_721' title='bbox 3435 4421 3628 4505; x_wconf 82' lang='grc' dir='ltr'>ἑτέρων</span> <span class='ocrx_word' id='word_1_722' title='bbox 3662 4423 3753 4500; x_wconf 64' lang='grc' dir='ltr'>ἐγο</span> 
     </span>
    </p>
   </div>
   <div class='ocr_carea' id='block_1_102' title="bbox 2147 4507 3753 4594">
    <p class='ocr_par' dir='ltr' id='par_1_102' title="bbox 2147 4507 3753 4594">
     <span class='ocr_line' id='line_1_102' title="bbox 2147 4507 3753 4594; baseline 0.004 -30"><span class='ocrx_word' id='word_1_723' title='bbox 2147 4507 2493 4585; x_wconf 87' lang='grc' dir='ltr'>καλουμένων</span> <span class='ocrx_word' id='word_1_724' title='bbox 2521 4557 2540 4591; x_wconf 88' lang='grc'><strong>,</strong></span> <span class='ocrx_word' id='word_1_725' title='bbox 2575 4511 2744 4593; x_wconf 79' lang='grc' dir='ltr'>ἕτεροι</span> <span class='ocrx_word' id='word_1_726' title='bbox 2777 4513 2845 4575; x_wconf 77' lang='grc' dir='ltr'><strong>τὰ</strong></span> <span class='ocrx_word' id='word_1_727' title='bbox 2875 4516 3043 4575; x_wconf 76' lang='grc' dir='ltr'>οἰκεῖα</span> <span class='ocrx_word' id='word_1_728' title='bbox 3085 4512 3455 4594; x_wconf 83' lang='grc' dir='ltr'>ἁμαρτήματα</span> <span class='ocrx_word' id='word_1_729' title='bbox 3497 4509 3753 4592; x_wconf 81' lang='grc' dir='ltr'>ἐπιγινώ-</span> 
     </span>
    </p>
   </div>
   <div class='ocr_carea' id='block_1_103' title="bbox 2148 4594 3752 4679">
    <p class='ocr_par' dir='ltr' id='par_1_103' title="bbox 2148 4594 3752 4679">
     <span class='ocr_line' id='line_1_103' title="bbox 2148 4594 3752 4679; baseline 0.004 -26"><span class='ocrx_word' id='word_1_730' title='bbox 2148 4617 2340 4658; x_wconf 88' lang='grc' dir='ltr'>σκωσι.</span> <span class='ocrx_word' id='word_1_731' title='bbox 2377 4597 2473 4668; x_wconf 90' lang='grc' dir='ltr'>Τίς</span> <span class='ocrx_word' id='word_1_732' title='bbox 2525 4601 2579 4662; x_wconf 87' lang='grc' dir='ltr'>δὲ</span> <span class='ocrx_word' id='word_1_733' title='bbox 2629 4594 2694 4677; x_wconf 67' lang='grc' dir='ltr'>ἦν</span> <span class='ocrx_word' id='word_1_734' title='bbox 2734 4608 2766 4676; x_wconf 85' lang='grc' dir='ltr'>ἡ</span> <span class='ocrx_word' id='word_1_735' title='bbox 2804 4606 2864 4664; x_wconf 87' lang='grc' dir='ltr'><strong>ἐκ</strong></span> <span class='ocrx_word' id='word_1_736' title='bbox 2905 4603 3258 4677; x_wconf 84' lang='grc' dir='ltr'>Λαοδικείας;</span> <span class='ocrx_word' id='word_1_737' title='bbox 3299 4601 3368 4664; x_wconf 85' lang='grc' dir='ltr'>Ἦ</span> <span class='ocrx_word' id='word_1_738' title='bbox 3406 4601 3534 4671; x_wconf 80' lang='grc' dir='ltr'>πρὸς</span> <span class='ocrx_word' id='word_1_739' title='bbox 3578 4600 3752 4679; x_wconf 86' lang='grc' dir='ltr'>Τιμό-</span> 
     </span>
    </p>
   </div>
   <div class='ocr_carea' id='block_1_104' title="bbox 2147 4689 3749 4776">
    <p class='ocr_par' dir='ltr' id='par_1_104' title="bbox 2147 4689 3749 4776">
     <span class='ocr_line' id='line_1_104' title="bbox 2147 4689 3749 4776; baseline 0.01 -33"><span class='ocrx_word' id='word_1_740' title='bbox 2147 4689 2261 4776; x_wconf 79' lang='grc' dir='ltr'>θεον</span> <span class='ocrx_word' id='word_1_741' title='bbox 2292 4689 2509 4767; x_wconf 63' lang='lat' dir='ltr'><strong>apt-3111&#39;</strong></span> <span class='ocrx_word' id='word_1_742' title='bbox 2557 4691 2696 4765; x_wconf 76' lang='grc' dir='ltr'>αὕτη</span> <span class='ocrx_word' id='word_1_743' title='bbox 2727 4694 2832 4776; x_wconf 78' lang='grc' dir='ltr'><strong>γὰρ</strong></span> <span class='ocrx_word' id='word_1_744' title='bbox 2867 4697 2926 4754; x_wconf 84' lang='grc' dir='ltr'><strong>ἐκ</strong></span> <span class='ocrx_word' id='word_1_745' title='bbox 2968 4693 3284 4760; x_wconf 82' lang='grc' dir='ltr'>Λαοδικείας</span> <span class='ocrx_word' id='word_1_746' title='bbox 3317 4692 3545 4774; x_wconf 77' lang='grc' dir='ltr'>ἐγράφη.</span> <span class='ocrx_word' id='word_1_747' title='bbox 3588 4689 3749 4759; x_wconf 86' lang='grc' dir='ltr'>Τινὲς</span> 
     </span>
    </p>
   </div>
   <div class='ocr_carea' id='block_1_105' title="bbox 2147 4773 3748 4864">
    <p class='ocr_par' dir='ltr' id='par_1_105' title="bbox 2147 4773 3748 4864">
     <span class='ocr_line' id='line_1_105' title="bbox 2147 4773 3748 4864; baseline -0.007 -10"><span class='ocrx_word' id='word_1_748' title='bbox 2147 4773 2206 4864; x_wconf 71' lang='grc' dir='ltr'><strong>δέ</strong></span> <span class='ocrx_word' id='word_1_749' title='bbox 2261 4799 2450 4858; x_wconf 80' lang='grc' dir='ltr'>φασιν,</span> <span class='ocrx_word' id='word_1_750' title='bbox 2497 4781 2578 4864; x_wconf 50' lang='grc' dir='ltr'>(ἔτι</span> <span class='ocrx_word' id='word_1_751' title='bbox 2620 4783 2685 4856; x_wconf 84' lang='grc' dir='ltr'><strong>ἣν</strong></span> <span class='ocrx_word' id='word_1_752' title='bbox 2734 4773 3110 4853; x_wconf 25' lang='grc' dir='ltr'>οἱνΛαοδικεῖς</span> <span class='ocrx_word' id='word_1_753' title='bbox 3154 4783 3359 4864; x_wconf 84' lang='grc' dir='ltr'>Παύλῳ</span> <span class='ocrx_word' id='word_1_754' title='bbox 3386 4773 3748 4843; x_wconf 71' lang='grc' dir='ltr'>ἐπέστειλαν.</span> 
     </span>
    </p>
   </div>
   <div class='ocr_carea' id='block_1_106' title="bbox 2143 4860 3751 4975">
    <p class='ocr_par' dir='ltr' id='par_1_106' title="bbox 2143 4860 3751 4975">
     <span class='ocr_line' id='line_1_106' title="bbox 2143 4860 3751 4975; baseline 0.004 -52"><span class='ocrx_word' id='word_1_755' title='bbox 2143 4863 2284 4975; x_wconf 50' lang='lat' dir='ltr'><strong>’A’D&quot;</strong></span> <span class='ocrx_word' id='word_1_756' title='bbox 2339 4871 2434 4930; x_wconf 81' lang='grc' dir='ltr'>οὐκ</span> <span class='ocrx_word' id='word_1_757' title='bbox 2481 4860 2599 4934; x_wconf 70' lang='grc' dir='ltr'>οῖδα</span> <span class='ocrx_word' id='word_1_758' title='bbox 2635 4873 2690 4935; x_wconf 87' lang='grc' dir='ltr'><strong>τί</strong></span> <span class='ocrx_word' id='word_1_759' title='bbox 2737 4873 2800 4935; x_wconf 78' lang='grc' dir='ltr'><strong>ἂν</strong></span> <span class='ocrx_word' id='word_1_760' title='bbox 2837 4873 3040 4950; x_wconf 83' lang='grc' dir='ltr'>ἐκείνης</span> <span class='ocrx_word' id='word_1_761' title='bbox 3075 4874 3181 4936; x_wconf 87' lang='grc' dir='ltr'>ἔδει</span> <span class='ocrx_word' id='word_1_762' title='bbox 3230 4860 3407 4942; x_wconf 77' lang='grc' dir='ltr'>αὐτοῖς</span> <span class='ocrx_word' id='word_1_763' title='bbox 3437 4871 3568 4953; x_wconf 82' lang='grc' dir='ltr'>πρὸς</span> <span class='ocrx_word' id='word_1_764' title='bbox 3622 4873 3751 4952; x_wconf 86' lang='grc' dir='ltr'>βελ-</span> 
     </span>
    </p>
   </div>
   <div class='ocr_carea' id='block_1_107' title="bbox 2146 4979 2351 5020">
    <p class='ocr_par' dir='ltr' id='par_1_107' title="bbox 2146 4979 2351 5020">
     <span class='ocr_line' id='line_1_107' title="bbox 2146 4979 2351 5020; baseline 0.005 -6"><span class='ocrx_word' id='word_1_765' title='bbox 2146 4979 2351 5020; x_wconf 85' lang='grc' dir='ltr'>τιωσιν.</span> 
     </span>
    </p>
   </div>
   <div class='ocr_carea' id='block_1_108' title="bbox 2215 5115 3751 5206">
    <p class='ocr_par' dir='ltr' id='par_1_108' title="bbox 2215 5115 3751 5206">
     <span class='ocr_line' id='line_1_108' title="bbox 2215 5115 3751 5206; baseline 0.008 -31"><span class='ocrx_word' id='word_1_766' title='bbox 2215 5139 2239 5167; x_wconf 75' lang='grc' dir='ltr'><strong>α</strong></span> <span class='ocrx_word' id='word_1_767' title='bbox 2267 5115 2476 5206; x_wconf 15' lang='grc' dir='ltr'>*Εἴπατε</span> <span class='ocrx_word' id='word_1_768' title='bbox 2521 5120 2822 5206; x_wconf 64' lang='grc' dir='ltr'><strong>³Λρχίπαπῳ.</strong></span> <span class='ocrx_word' id='word_1_769' title='bbox 2853 5148 2877 5174; x_wconf 71' lang='grc' dir='ltr'><strong>ι</strong></span> <span class='ocrx_word' id='word_1_770' title='bbox 2898 5121 3057 5192; x_wconf 85' lang='grc' dir='ltr'>Τίνος</span> <span class='ocrx_word' id='word_1_771' title='bbox 3085 5121 3258 5184; x_wconf 81' lang='grc' dir='ltr'>ἕνεκεν</span> <span class='ocrx_word' id='word_1_772' title='bbox 3290 5122 3348 5182; x_wconf 82' lang='grc' dir='ltr'>οὗ</span> <span class='ocrx_word' id='word_1_773' title='bbox 3381 5119 3572 5203; x_wconf 78' lang='grc' dir='ltr'>γράφει</span> <span class='ocrx_word' id='word_1_774' title='bbox 3616 5118 3751 5201; x_wconf 74' lang='grc' dir='ltr'>πρὸς</span> 
     </span>
    </p>
   </div>
   <div class='ocr_carea' id='block_1_109' title="bbox 2145 5203 3747 5293">
    <p class='ocr_par' dir='ltr' id='par_1_109' title="bbox 2145 5203 3747 5293">
     <span class='ocr_line' id='line_1_109' title="bbox 2145 5203 3747 5293; baseline 0.016 -34"><span class='ocrx_word' id='word_1_775' title='bbox 2145 5203 2336 5280; x_wconf 82' lang='grc' dir='ltr'>αὖτόν;</span> <span class='ocrx_word' id='word_1_776' title='bbox 2393 5205 2589 5289; x_wconf 89' lang='grc' dir='ltr'>Ἴσως,</span> <span class='ocrx_word' id='word_1_777' title='bbox 2643 5203 2781 5271; x_wconf 68' lang='grc' dir='ltr'>διότί</span> <span class='ocrx_word' id='word_1_778' title='bbox 2823 5214 2986 5293; x_wconf 79' lang='grc' dir='ltr'>ψιλῆς</span> <span class='ocrx_word' id='word_1_779' title='bbox 3038 5212 3204 5291; x_wconf 90' lang='grc' dir='ltr'>μόνης</span> <span class='ocrx_word' id='word_1_780' title='bbox 3255 5209 3639 5290; x_wconf 71' lang='grc' dir='ltr'>ὑπομνήσεως»</span> <span class='ocrx_word' id='word_1_781' title='bbox 3686 5211 3747 5267; x_wconf 73' lang='grc' dir='ltr'><strong>οὗ</strong></span> 
     </span>
    </p>
   </div>
   <div class='ocr_carea' id='block_1_110' title="bbox 2145 5293 2950 5380">
    <p class='ocr_par' dir='ltr' id='par_1_110' title="bbox 2145 5293 2950 5380">
     <span class='ocr_line' id='line_1_110' title="bbox 2145 5293 2950 5380; baseline 0.016 -32"><span class='ocrx_word' id='word_1_782' title='bbox 2145 5293 2360 5354; x_wconf 78' lang='grc' dir='ltr'>πολλῶν</span> <span class='ocrx_word' id='word_1_783' title='bbox 2392 5302 2728 5380; x_wconf 86' lang='grc' dir='ltr'>γραμμάτων</span> <span class='ocrx_word' id='word_1_784' title='bbox 2759 5303 2950 5363; x_wconf 84' lang='grc' dir='ltr'>ἐδεῖτο.</span> 
     </span>
    </p>
   </div>
   <div class='ocr_carea' id='block_1_111' title="bbox 2233 5386 3738 5471">
    <p class='ocr_par' dir='ltr' id='par_1_111' title="bbox 2233 5386 3738 5471">
     <span class='ocr_line' id='line_1_111' title="bbox 2233 5386 3738 5471; baseline -0.001 -23"><span class='ocrx_word' id='word_1_785' title='bbox 2233 5413 2257 5438; x_wconf 71' lang='grc' dir='ltr'>ι</span> <span class='ocrx_word' id='word_1_786' title='bbox 2289 5387 2468 5448; x_wconf 85' lang='grc' dir='ltr'>Βλέπε</span> <span class='ocrx_word' id='word_1_787' title='bbox 2505 5390 2601 5464; x_wconf 81' lang='grc' dir='ltr'><strong>τὴν</strong></span> <span class='ocrx_word' id='word_1_788' title='bbox 2647 5391 2918 5451; x_wconf 84' lang='grc' dir='ltr'>διακονίαν</span> <span class='ocrx_word' id='word_1_789' title='bbox 2957 5389 3023 5464; x_wconf 78' lang='grc' dir='ltr'>ἢν</span> <span class='ocrx_word' id='word_1_790' title='bbox 3070 5389 3374 5471; x_wconf 79' lang='grc' dir='ltr'>παρέλαϐες</span> <span class='ocrx_word' id='word_1_791' title='bbox 3425 5390 3477 5448; x_wconf 84' lang='grc' dir='ltr'><strong>ἐν</strong></span> <span class='ocrx_word' id='word_1_792' title='bbox 3514 5386 3738 5469; x_wconf 80' lang='grc' dir='ltr'>Κυρίῳ,</span> 
     </span>
    </p>
   </div>
   <div class='ocr_carea' id='block_1_112' title="bbox 2138 5475 3751 5562">
    <p class='ocr_par' dir='ltr' id='par_1_112' title="bbox 2138 5475 3751 5562">
     <span class='ocr_line' id='line_1_112' title="bbox 2138 5475 3751 5562; baseline 0.001 -26"><span class='ocrx_word' id='word_1_793' title='bbox 2138 5475 2226 5537; x_wconf 75' lang='grc' dir='ltr'><strong>ἵνα</strong></span> <span class='ocrx_word' id='word_1_794' title='bbox 2257 5477 2422 5551; x_wconf 75' lang='grc' dir='ltr'>αὐτὴν</span> <span class='ocrx_word' id='word_1_795' title='bbox 2472 5479 2715 5561; x_wconf 83' lang='grc' dir='ltr'>πληροῖς.</span> <span class='ocrx_word' id='word_1_796' title='bbox 2753 5508 2776 5536; x_wconf 75' lang='grc' dir='ltr'><strong>ι</strong></span> <span class='ocrx_word' id='word_1_797' title='bbox 2809 5479 3113 5550; x_wconf 76' lang='grc' dir='ltr'>Φοϐοῦντός</span> <span class='ocrx_word' id='word_1_798' title='bbox 3165 5483 3276 5541; x_wconf 80' lang='grc' dir='ltr'>ἐστι</span> <span class='ocrx_word' id='word_1_799' title='bbox 3306 5479 3368 5540; x_wconf 82' lang='grc' dir='ltr'><strong>τὸ</strong></span> <span class='ocrx_word' id='word_1_800' title='bbox 3399 5482 3545 5562; x_wconf 74' lang='grc' dir='ltr'>ῥῆμα</span> <span class='ocrx_word' id='word_1_801' title='bbox 3591 5481 3751 5538; x_wconf 79' lang='grc' dir='ltr'>τοῦτο</span> 
     </span>
    </p>
   </div>
   <div class='ocr_carea' id='block_1_113' title="bbox 1858 5636 2400 5702">
    <p class='ocr_par' dir='ltr' id='par_1_113' title="bbox 1858 5636 2400 5702">
     <span class='ocr_line' id='line_1_113' title="bbox 1858 5636 2400 5702; baseline 0.015 -8"><span class='ocrx_word' id='word_1_802' title='bbox 1858 5636 2052 5696; x_wconf 77' lang='lat' dir='ltr'><strong>Variae</strong></span> <span class='ocrx_word' id='word_1_803' title='bbox 2099 5639 2400 5702; x_wconf 83' lang='lat' dir='ltr'><strong>lectiones.</strong></span> 
     </span>
    </p>
   </div>
   <div class='ocr_carea' id='block_1_114' title="bbox 500 5762 1296 5844">
    <p class='ocr_par' dir='ltr' id='par_1_114' title="bbox 500 5762 1296 5844">
     <span class='ocr_line' id='line_1_114' title="bbox 500 5762 1296 5844; baseline 0.018 -30"><span class='ocrx_word' id='word_1_804' title='bbox 500 5763 546 5797; x_wconf 71' lang='grc'><strong>⁷⁸</strong></span> <span class='ocrx_word' id='word_1_805' title='bbox 575 5762 833 5836; x_wconf 76' lang='grc' dir='ltr'>ἀγαπητός</span> <span class='ocrx_word' id='word_1_806' title='bbox 862 5789 958 5844; x_wconf 84' lang='grc' dir='ltr'><strong>μου</strong></span> <span class='ocrx_word' id='word_1_807' title='bbox 985 5785 1038 5827; x_wconf 90' lang='lat'><strong>0.</strong></span> <span class='ocrx_word' id='word_1_808' title='bbox 1087 5770 1131 5805; x_wconf 77' lang='grc'><strong>⁷⁸</strong></span> <span class='ocrx_word' id='word_1_809' title='bbox 1160 5771 1214 5826; x_wconf 73' lang='grc' dir='ltr'>δὲ</span> <span class='ocrx_word' id='word_1_810' title='bbox 1240 5786 1296 5830; x_wconf 88' lang='grc'>0.</span> 
     </span>
    </p>
   </div>
  </div>
