4104 6436
344 452 480 506 1277

1179 447 1528 505 EXPOSlTlO
1568 449 1634 505 IN
1672 446 1882 504 EPIST.
1925 447 2016 504 AD
2056 446 2332 504 COLOSS.
2372 476 2440 489 --
2481 447 2632 504 CAP.
2673 447 2758 503 IV.

3509 451 3645 506 l278

340 581 641 655 πανταχοῦ.
687 596 715 632 ‹‹
760 573 993 636 Βλέπετε
1041 575 1117 652 μή
1145 599 1221 642 τις
1268 579 1403 652 ὑμᾶς
1449 576 1599 635 ἔσται
1629 579 1657 634 ὁ
1699 575 1940 653 συλαγω-

2057 574 2248 630 Videte
2270 589 2335 630 ne
2358 576 2482 645 quis
2503 590 2593 630 vos
2613 575 2976 645 depmdetur.
3017 575 3205 632 Videte
3231 590 3298 631 ne
3309 579 3550 646 potestas
3570 590 3652 630 ve-

339 668 470 744 γῶν.
506 664 742 725 Βλέπετε
793 665 982 741 μήπως
1013 669 1046 734 ἡ
1083 663 1290 734 ἐξουσία
1325 667 1472 744 ὑμῶν
1510 663 1667 738 αὕτη.
1715 686 1744 723 »
1779 663 1940 725 Οὕτω

339 753 431 814 καὶ
463 756 710 812 ἐνταῦθα’
745 755 920 814 Βλέπε
950 752 1092 820 ὅπως
1134 755 1358 830 πληροῖς
1385 753 1446 814 τὸ
1477 754 1628 834 ἔργον
1652 754 1704 792 ⁷⁸
1739 751 1768 813 δ
1798 777 1938 833 παρ-

338 843 526 910 έλαϐες
575 845 627 902 ἓν
677 842 902 924 Κυρίῳ,
955 841 1196 902 τουτέστι
1239 844 1326 903 διὰ
1373 843 1588 924 Κυρίοψ
1638 842 1793 910 αὐτὸς
1836 841 1940 922 γάρ

339 957 421 992 σοι
481 931 709 1006 ἔδωκεν,
767 935 863 993 οὐκ
905 933 1034 1011 ἐγώ.

340 1021 463 1090 τοὺς
497 1025 829 1090 Κολοσσαεῖς
881 1023 1092 1104 ἐφορᾷν.

335 1118 427 1172 τοῦ
462 1114 626 1172 εἰπεῖν
646 1157 662 1190 ,
699 1136 729 1168 α
760 1112 858 1174 Ἐν
893 1111 1095 1192 Κυρίῳο
1124 1133 1154 1171 )›
1205 1110 1402 1173 ἐκεῖνόν
1432 1135 1490 1171 τε
1523 1113 1931 1190 σπουδαιότερον

333 1206 479 1262 ποιεῖ
523 1202 594 1268 εἷς
633 1202 692 1261 τὸ
726 1201 900 1260 ἀνύειν
932 1202 1094 1280 αὐτὸ,
1128 1203 1201 1269 ὡς
1252 1201 1580 1262 Δεσποτικὸν
1628 1200 1798 1282 ἔργον-
1830 1203 1933 1260 κᾶ-

332 1293 532 1360 κείνους
583 1292 866 1352 ὓποτοίττει
921 1295 1106 1372 αὐτῷ,
1159 1295 1231 1358 ὡς
1279 1290 1429 1371 παρὰ
1488 1293 1632 1352 Θεοῦ
1694 1296 1927 1372 ἐγχειρι-

332 1380 507 1441 σθέντι
554 1380 765 1449 αὺτούς.
858 1383 970 1442 Καὶ
1000 1381 1136 1449 ὅλως
1184 1382 1286 1460 γὰρ
1338 1381 1425 1440 διὰ
1471 1387 1626 1441 τοῦτο
1654 1381 1845 1462 γράφει
1877 1380 1930 1418 ⁷⁷

330 1473 528 1544 αὐτοῖς,
571 1470 828 1531 «Εἴπατε
851 1470 1150 1552 Ἀρχίππῳ·
1175 1499 1197 1523 ι»
1238 1469 1325 1528 ἵνα
1353 1471 1478 1529 ὅταν
1509 1474 1735 1551 ἐπιτιμᾷ
1763 1467 1822 1530 Ἄ
1835 1493 1932 1550 ρχ-

335 1585 494 1626 ιππος
525 1563 730 1634 αὐτοῖς,
781 1559 858 1638 μὴ
906 1557 1104 1640 ἔχωσιν
1150 1563 1394 1638 ἐγκαλεῖν
1449 1561 1662 1642 ἐκείνῳ,
1719 1562 1793 1627 ὥς
1837 1583 1935 1618 πι-

332 1654 479 1732 κρῷ,
542 1649 632 1710 ἅτε
660 1650 1005 1724 γινώσκοντες
1037 1649 1116 1708 ὅτι
1167 1649 1388 1711 Παύλου
1431 1650 1590 1710 τοῦτό
1622 1652 1764 1709 ἐστιν
1799 1649 1934 1732 €213-

333 1763 518 1819 ταγμα
542 1787 559 1818 ,
607 1739 698 1799 καὶ
740 1739 797 1799 τὸ
830 1741 1002 1798 αὐτῶν
1036 1739 1210 1815 στόμα
1241 1739 1368 1820 πρὸς
1396 1739 1483 1799 τὸν
1529 1737 1824 1821 Ἄρχιππον
1857 1728 1936 1796 εἶ-

331 1853 430 1888 πεν
448 1875 464 1904 ,
499 1829 533 1888 ἃ
564 1832 772 1898 Παῦλος
821 1832 965 1911 αὐτῷ
996 1828 1279 1908 ἐμήνυσεν.
1367 1827 1492 1890 Ἵνα
1512 1829 1684 1890 τοίνυν
1717 1831 1935 1889 ἐπιστο-

335 1919 470 1999 μίσῃ
521 1917 743 1992 αὐτοὺς,
802 1919 1099 1996 εὖμεθόδως
1164 1923 1320 1979 τοῦτο
1375 1921 1591 1988 Παῦλος
1647 1918 1931 1995 ἐποίησεν,

334 2011 451 2068 ἐπεὶ
498 2011 674 2078 ἄλλως
706 2009 903 2070 ἄτοπον
933 2010 1040 2077 τοῖς
1083 2015 1345 2088 μαθηταῖς
1392 2009 1515 2090 περὶ
1551 2013 1642 2069 τοῦ
1676 2006 1928 2067 διδασκοί-

334 2101 431 2158 λου
465 2097 819 2178 διαλέγεσθαι.

418 2215 442 2242 α
459 2188 835 2264 Μνημονεύετέ
850 2213 952 2266 μου
975 2191 1079 2248 τῶν
1105 2189 1336 2267 δεσμῶν.
1359 2214 1384 2242 υ
1409 2187 1548 2248 Ἀντὶ
1571 2192 1684 2261 τοῦ,
1728 2186 1934 2249 Μνείαν

337 2301 440 2356 μου
468 2279 702 2353 ποιεῖτε,
733 2283 826 2338 τοῦ
871 2277 1178 2356 δεδεμένου,
1225 2283 1316 2338 τοῦ
1364 2277 1718 2358 κατακρίτου.
1809 2281 1930 2338 Με-

335 2368 494 2448 γίστη
525 2366 580 2427 δὲ
625 2367 965 2450 παράκλησις
1010 2369 1185 2437 αὐτοῖς
1226 2370 1299 2436 εἷς
1331 2368 1384 2408 ⁷⁸
1413 2376 1595 2427 πᾶσαν
1626 2369 1837 2450 θλῖψιν,
1876 2367 1937 2428 τὸ

337 2456 683 2537 μνημονεύειν
727 2458 950 2518 Παύλου
981 2457 1283 2536 δεδεμένου.

429 2660 459 2696 ιι
481 2637 550 2698 Ἦ
581 2637 738 2718 χάρις
769 2638 884 2716 μεθ’
917 2639 1084 2714 ὑμῶν.
1117 2635 1307 2714 Ἀμήν.
1331 2657 1362 2696 ι)
1397 2634 1613 2708 Ταύτης
1640 2635 1934 2719 παρούσης,

335 2725 438 2787 κᾶν
470 2727 668 2809 θλίψεις
720 2725 920 2807 ἔχητε,
980 2726 1083 2787 κᾶν
1139 2725 1340 2804 δεσμὰ,
1402 2725 1551 2786 οὐδὲν
1583 2729 1731 2803 ὑμῶν
1794 2749 1934 2786 κατ-

339 2819 564 2898 ισχύσει·
600 2816 714 2877 ἐπεὶ
743 2817 834 2876 καὶ
864 2822 1020 2878 τοῦτο
1051 2816 1300 2898 χάριτος,
1346 2816 1406 2876 τὸ
1438 2815 1701 2879 δεδέσθαι.
1789 2814 1933 2877 Ὑπ-

336 2908 582 2990 έστρεφον
619 2907 753 2989 γὰρ,
805 2906 998 2989 φησὶν,
1054 2906 1160 2966 ἀπὸ
1207 2911 1301 2965 τοῦ
1351 2905 1758 2984 δεσμωτηρίου,
1807 2907 1932 2987 χαί-

339 3019 510 3076 ροντες
549 2996 630 3056 ὅτι
660 2997 1067 3070 κατηξιώθησαν
1121 2999 1482 3072 ἀτιμασθῆναι
1531 2995 1662 3078 ὓπὲρ
1693 3000 1782 3054 τοῦ
1815 2995 1938 3055 ὀνό-

1128 935 1290 994 Ποῐον
1331 931 1386 991 δὲ
1418 923 1482 1005 ἦν
1528 931 1587 991 τὸ
1627 932 1812 1012 ἔργονς
1861 931 1942 992 Τὸ

1182 1022 1291 1083 Δύο
1323 1021 1376 1083 δὲ
1428 1022 1812 1092 κατασκευάζει
1855 1020 1941 1080 διὰ

2047 668 2166 718 stra
2191 665 2317 719 haec.
2347 663 2707 721 Consimilem
2735 663 2802 720 ad
2833 663 3066 721 modum
3091 664 3179 721 hic
3211 683 3225 722 :
3262 666 3416 729 Vide,
3448 673 3512 721 ut
3539 665 3647 720 im-

2049 752 2194 824 pleas
2222 769 2363 824 opus
2393 753 2538 825 quod
2578 752 2832 827 accepisti
2869 755 2930 810 in
2964 754 3217 822 Domino,
3263 755 3368 811 hoc
3409 763 3510 822 est,
3552 769 3648 826 per

2046 843 2350 899 Dominum
2384 861 2398 896 :
2431 842 2547 915 ipse
2583 860 2821 916 namque
2850 843 2947 900 tibi
2978 843 3150 912 dedit,
3177 860 3292 901 non
3321 859 3440 916 ego.
3475 845 3649 915 Quale

2048 941 2235 990 autem
2287 942 2406 990 erat
2461 937 2634 1006 opus?
2690 937 2771 992 Ut
2819 932 3234 991 Colossensibus
3289 934 3649 1007 prospiceret,

2049 1038 2255 1096 eosque
2306 1031 2524 1079 curaret
2572 1031 2628 1079 et
2677 1022 3006 1080 observaret.
3060 1025 3180 1080 Deo
3222 1031 3408 1080 autem
3455 1023 3650 1079 astruit

2044 1128 2139 1184 per
2182 1112 2287 1169 hoc
2329 1112 2478 1185 quod
2523 1111 2680 1182 dicit,
2724 1115 2790 1168 In
2833 1115 3052 1169 Domino
3083 1130 3103 1168 .·
3140 1128 3336 1186 nempe
3366 1121 3423 1169 et
3463 1113 3644 1185 ipsum

2040 1202 2446 1275 diligentiorem
2491 1201 2644 1271 facit,
2690 1209 2752 1257 ut
2780 1202 2912 1259 illud
2951 1201 3216 1274 perﬁciat,
3267 1202 3435 1258 veluti
3478 1202 3648 1258 herile

2039 1307 2206 1364 opus;
2241 1299 2298 1348 et
2335 1291 2458 1348 illos
2501 1291 2629 1348 huic
2666 1291 2908 1365 subjicit,
2943 1299 3007 1348 ut
3043 1292 3129 1347 cui
3167 1308 3198 1349 a
3241 1295 3359 1348 Deo
3396 1292 3497 1364 ipsi
3539 1291 3652 1347 sint

2041 1381 2344 1438 commissi.
2386 1383 2632 1439 Omnino
2663 1381 2812 1437 enim
2846 1389 3133 1454 propterea
3163 1382 3376 1454 scripsit
3419 1381 3516 1446 eis,
3556 1384 3650 1438 Di-

2042 1474 2141 1528 cite
2166 1472 2446 1543 Archippo
2475 1492 2490 1528 :
2522 1481 2587 1529 ut
2610 1471 2830 1544 quando
2857 1472 3007 1543 ipsos
3037 1471 3292 1544 objurget
3319 1471 3650 1543 Archippus,

2043 1577 2156 1618 non
2223 1569 2484 1619 accusent
2550 1569 2812 1634 tanquam
2878 1561 3312 1630 amarulentum,
3381 1560 3649 1616 nimirum

2044 1659 2403 1724 agnoscentes
2431 1649 2583 1723 quod
2609 1651 2766 1708 Pauli
2797 1649 2905 1706 hoc
2935 1651 3005 1707 sit
3032 1649 3390 1721 mandatum,
3421 1658 3476 1706 et
3501 1649 3653 1722 quod

2048 1742 2292 1814 ipsorum
2323 1756 2386 1798 os
2417 1741 2696 1812 Archippo
2725 1740 2922 1796 dixerit
2958 1755 3082 1812 quae
3116 1740 3318 1796 Paulus
3347 1740 3395 1796 ei
3425 1740 3648 1796 nuntia-

2050 1831 2202 1888 vcrit.
2246 1833 2324 1889 Ut
2361 1831 2527 1904 igitur
2563 1831 2786 1887 illorum
2825 1845 2919 1886 ora
2964 1828 3240 1894 obstruat,
3284 1830 3486 1887 Paulus
3525 1829 3655 1885 arti-

2044 1921 2232 1979 ﬁciose
2267 1920 2374 1978 hoc
2402 1919 2529 1977 fecit
2559 1939 2575 1977 :
2606 1919 3055 1993 quandoquidem
3090 1919 3294 1991 alioqui
3334 1919 3638 1976 absurdum

2040 2021 2159 2068 erat
2195 2010 2476 2084 discipulis
2500 2009 2568 2067 de
2592 2018 2928 2084 praeceptore
2948 2009 3250 2082 disputare.

2113 2195 2291 2249 Vens.
2349 2197 2433 2248 18.
2486 2193 2742 2248 Memores
2793 2194 2952 2246 estote
3004 2191 3346 2245 vinculo-rum
3392 2203 3650 2244 meorum.

2042 2285 2166 2339 Hoc
2199 2291 2301 2352 est,
2343 2280 2453 2337 Mei
2491 2281 2822 2337 memoriam
2853 2279 3034 2348 facite,
3067 2279 3160 2352 qui
3197 2279 3415 2334 vinctus
3442 2293 3568 2334 sum
3598 2286 3653 2334 et

2042 2371 2463 2429 condemnatus.
2497 2372 2633 2427 Haec
2657 2378 2844 2426 autem
2868 2370 3108 2426 maxima
3135 2376 3219 2425 est
3240 2368 3322 2426 eis
3345 2366 3649 2424 consolatio

2041 2461 2302 2519 adversus
2363 2461 2527 2534 501
2587 2460 2841 2533 quamvis
2894 2458 3278 2526 alﬁictionem,
3332 2457 3654 2514 meminisse

2041 2553 2198 2608 Pauli
2236 2551 2403 2607 vincti
2415 2594 2427 2605 .

2115 2643 2306 2700 Gratia
2350 2642 2642 2697 vobiscum.
2688 2641 2882 2696 Amen.
2929 2641 3049 2696 Hac
3095 2645 3385 2712 praesente,
3430 2635 3652 2692 etiamsi

2040 2729 2371 2788 afﬁictiones
2392 2730 2699 2787 habueritis
2721 2738 2777 2786 et
2798 2729 3040 2798 vincula,
3068 2728 3206 2784 nihil
3225 2727 3520 2784 adversum
3546 2741 3646 2782 vos

2044 2821 2261 2892 poterit.
2289 2824 2433 2878 Nam
2466 2829 2524 2876 et
2551 2820 2660 2876 hoc
2689 2819 2872 2892 ipsum
2900 2820 2958 2874 in
2982 2817 3215 2874 vinculis
3235 2816 3433 2884 teneri,
3463 2815 3653 2890 gratiae

2041 2919 2144 2968 est.
2190 2911 2632 2968 Revertebantur
2659 2910 2828 2978 enim,
2858 2907 3061 2982 inquit,
3090 2923 3121 2964 a
3150 2922 3371 2964 carcere
3402 2903 3647 2978 gauden-

2052 3009 2158 3070 tes,
2177 3001 2324 3074 quod
2339 3000 2728 3074 dignijudicati
2741 3007 2926 3056 essent
2941 2997 3272 3055 contumelia
3287 2995 3430 3052 afﬁci
3443 3011 3542 3068 pro
3557 3010 3656 3051 no-

338 3110 503 3165 ματος
532 3091 624 3146 τοῦ
661 3087 918 3166 Χριστοῦ.
971 3085 1174 3168 ⁶Ορᾷς,
1200 3085 1280 3144 ὅτι
1311 3083 1700 3158 καταξιωθῆναί
1731 3086 1844 3144 ἐστι
1875 3084 1932 3144 τὸ

2044 3091 2189 3148 mine
2217 3090 2422 3171 Christi
2458 3095 2503 3147 ο.
2536 3089 2733 3146 Viden'
2758 3089 3093 3162 dignitatem
3124 3096 3181 3144 et
3204 3087 3479 3143 honorem
3504 3099 3650 3150 esse,

335 3176 653 3255 ὑϐρισθῆναι
670 3200 687 3253 ;
723 3176 835 3238 Καὶ
864 3175 1028 3244 ὄντως
1061 3175 1201 3254 μέγα
1232 3174 1445 3252 ἀξίωμα
1475 3179 1653 3236 τοῦτο.
1718 3175 1936 3236 Γένοιτο

333 3257 425 3326 οῦν
485 3267 578 3325 καὶ
636 3270 766 3342 ἡμῖν
833 3274 940 3332 τοῖς
996 3263 1224 3334 ἀναξίοις
1299 3264 1588 3337 ἀξιωθῆναι
1643 3268 1735 3337 τῆς
1795 3265 1938 3334 θείας

332 3354 551 3435 χάριτος
619 3356 673 3413 ἐν
731 3361 846 3422 ταῖς
900 3355 1159 3436 θλίψεσιν·
1218 3357 1289 3422 ὡς
1354 3355 1416 3412 ἂν
1479 3351 1939 3436 διαϐασταζούσης

331 3443 530 3516 ταύτης
558 3443 656 3517 τὴν
690 3443 964 3505 ἀσθένειαν
997 3435 1185 3522 ἡμῶν,
1234 3446 1307 3511 εἷς
1355 3445 1620 3526 ὠφέλειαν
1669 3447 1797 3520 ἡμῖν
1831 3435 1934 3502 αῦ-

332 3557 426 3592 ται
467 3532 757 3613 γένωνται,
786 3534 848 3594 τὸ
889 3534 1026 3595 πολὺ
1055 3535 1226 3614 πάχος
1257 3536 1362 3592 τῶν
1420 3533 1698 3613 ἁμαρτιῶν
1754 3532 1936 3591 ἐκπιέ-

338 3627 559 3693 ζουσαι,
613 3626 686 3705 εἷς
729 3621 880 3690 δόξαν
931 3624 1176 3705 Πατρὸς,
1213 3624 1378 3700 Υίοῦ,
1415 3621 1508 3682 καὶ
1560 3621 1710 3700 ἁγίου
1764 3621 1935 3682 Πνεύ-

339 3735 528 3789 ματος.
613 3702 686 3800 ἲῼ
724 3716 758 3786 ἡ
793 3712 917 3784 δόξα
955 3713 1005 3762 7⁹
1055 3702 1127 3782 εἷς
1187 3711 1308 3782 τοὺς
1339 3713 1538 3780 αἰῶνας
1579 3714 1684 3770 τῶν
1715 3710 1940 3770 αἰώνων.

339 3801 534 3880 Ἀμήν.

414 3985 438 4010 ο
468 3975 594 4029 Act.
623 3987 686 4043 ν,
710 3978 799 4030 41.

2043 3181 2383 3238 contumelia
2413 3180 2595 3237 afﬁci?
2625 3182 2706 3237 Ac
2743 3193 2931 3236 revera
2958 3193 3155 3250 magna
3200 3177 3321 3234 haec
3357 3183 3441 3232 est
3467 3173 3652 3246 digni-

2043 3279 2146 3328 tas.
2184 3270 2485 3344 Contingat
2521 3270 2686 3344 igitur
2723 3276 2780 3326 et
2807 3268 2974 3325 nobis
3003 3266 3262 3340 indignis,
3305 3265 3489 3323 divina
3526 3279 3654 3337 gra-

2044 3360 2117 3416 tia
2149 3359 2344 3433 dignos
2364 3359 2604 3434 judicari
2634 3359 2690 3414 in
2710 3357 3127 3426 afﬂictionibus,
3153 3364 3216 3413 ut
3240 3355 3345 3412 hac
3373 3353 3659 3410 imbecilli-

2042 3455 2218 3504 tatem
2243 3459 2494 3505 nostram
2523 3454 2931 3519 supportantes,
2959 3445 3028 3501 ad
3053 3443 3507 3502 commoditatem
3536 3442 3660 3497 istm

2043 3537 2203 3593 nobis
2241 3536 2459 3606 cedant,
2492 3537 2729 3592 multam
2769 3543 3126 3607 peccatorum
3154 3542 3474 3589 nostrorum
3508 3545 3658 3586 cras-

2050 3627 2232 3682 sitiem
2266 3625 2615 3698 expellentes,
2659 3625 2715 3680 in
2747 3624 2980 3697 gloriam
3020 3623 3218 3690 Patris,
3260 3621 3410 3688 Filii,
3451 3619 3656 3675 sancti-

2051 3732 2156 3789 que
2208 3716 2463 3788 Spiritus.
2529 3714 2628 3772 Cui
2684 3713 2864 3771 honor
2921 3714 2980 3769 in
3033 3712 3233 3770 saecula
3295 3708 3654 3767 saeculorum.

2054 3809 2255 3864 Amen.

1771 4122 1962 4183 Variae
2007 4123 2314 4183 lectiones.

418 4305 463 4339 ’²⁶
487 4308 634 4359 τοῦτο
657 4305 716 4360 τὸ
743 4304 892 4378 ἔργον
915 4321 993 4362 m.
1079 4304 1122 4339 ⁷⁷
1151 4304 1333 4378 ἔγραφε
1361 4321 1415 4362 ο.

1501 4303 1551 4344 ⁷⁸
1577 4303 1696 4376 πρὸς
1724 4319 1777 4361 0.
1843 4303 1887 4337 7’
1915 4301 1946 4370 ἣ
1973 4301 2090 4365 δόξα
2119 4301 2202 4356 καὶ
2229 4301 2286 4355 τὸ
2315 4301 2496 4373 κράτος
2519 4316 2599 4358 m.
