4104 6446
442 458 576 511 I279
1457 460 1973 518 THEOPHYLACTI
2012 463 2371 519 BULGARUE
2409 462 2723 520 ARCHIEP.
3610 466 3752 520 l280

1299 752 2876 912 ΘΕΟΦΥΑΑΚΤΟΥ

1150 1036 2193 1118 ΑΡΧΙΕΠΙΣΚΟΠΟΥ
2272 1037 3038 1119 ΒΟΥΑΓΑΡΙΑΣ

2030 1204 2154 1253 ΤΗΣ

1242 1360 1579 1490 ΤΟΥ
1677 1363 1884 1489 ΑΓ
1888 1363 2165 1491 [ΟΥ
2258 1363 2947 1491 ΠΑΥΛΟΥ

861 1609 1150 1689 ΠΡΟΣ
1216 1609 2107 1691 ΘΕΣΣΑΛΟΝΙΚΕΙΣ
2174 1611 2635 1692 ΠΡΩΤΗΣ
2708 1612 3354 1692 ΕΠΙΣΤΟΛΗΣ

1623 1792 2523 1930 ΕΞΗΓΗΣΙΣ.

431 595 3750 630 W

1322 2196 2833 2358 THEOPHYLACTI

1581 2466 1983 2525 BULGARIAS
2023 2468 2584 2527 ARCHIEPISCOPI

653 2623 1279 2716 EPISTOLAE
1361 2629 1398 2715 Ι
1465 2630 1583 2718 Do
1665 2628 2017 2721 PAULI
2102 2630 2250 2719 AD
2325 2626 3542 2722 THESSALONICENSES

1714 2810 2447 2918 EXPOSITIO.

731 3170 901 3243 502
935 3171 1101 3244 503
1131 3173 1375 3230 CAPUT
1398 3176 1722 3232 PRIMUM.
2056 3196 2112 3260 Α

2056 3196 2112 3260 Α
2520 3178 2978 3239 κΕψΑΑΑιοΝ
3026 3176 3367 3240 ΠΡΩΤΟΝ.

495 3315 678 3371 Vens.
729 3318 780 3370 1.
813 3316 1016 3371 Paulus
1057 3321 1109 3373 et
1144 3318 1404 3375 Silvanus
1432 3322 1484 3374 et
1515 3320 1841 3376 Timotheus.
1884 3321 2029 3377 Pau—

2231 3323 2259 3359 ι(
2305 3304 2515 3370 Παῦλος
2568 3302 2660 3361 καὶ
2710 3302 2998 3370 Σιλουανὸς
3045 3301 3138 3361 καὶ
3187 3304 3472 3380 Τιμόθεος.
3506 3321 3536 3361 u
3595 3303 3746 3384 Πρὸς

427 3401 514 3460 lus
560 3403 844 3475 apostolus
895 3404 966 3461 ad
1010 3404 1527 3466 Thessalonicenses
1575 3408 1842 3478 scribens,
1892 3410 2027 3467 sibi-

2235 3393 2550 3460 ςσαλονικεῖς
2579 3396 2607 3451 ὂ
2652 3393 2949 3460 ἀπόστολος
2996 3394 3215 3459 Παῦλος
3255 3391 3509 3474 γράφων,
3561 3394 3741 3473 ἑαυτῷ

423 3491 525 3565 ipsi
566 3493 859 3566 conjungit
902 3494 1069 3551 etiam
1106 3497 1467 3554 Timotheum
1510 3518 1523 3555 :
1564 3498 1812 3570 Ephesiis
1839 3508 2027 3556 autem

2138 3482 2414 3542 συντάττει
2456 3482 2549 3542 καὶ
2598 3482 2882 3560 Τιμόθεον.
2975 3480 3241 3562 Ἐφεσίοις
3298 3480 3352 3540 δὲ
3411 3481 3741 3543 ἐπιστέλλων

422 3581 694 3655 scribens,
732 3600 845 3640 non
881 3584 958 3641 sic
986 3584 1153 3656 facit,
1189 3587 1291 3643 etsi
1326 3588 1433 3645 illis
1474 3588 1727 3663 cognitus
1756 3598 1902 3646 esset
1938 3590 2030 3645 Ti-

2137 3573 2239 3654 οὐχ
2283 3573 2420 3632 οὕτω
2470 3572 2649 3644 ποιεῖ,
2703 3571 2877 3631 καίτοι
2907 3572 3305 3649 γινωσκομένου
3338 3572 3518 3639 αὐτοῖς
3566 3574 3744 3650 Τιμο-

422 3670 700 3729 motheus.
744 3673 881 3730 Mihi
921 3675 1149 3747 quidem
1187 3675 1310 3734 ideo
1353 3659 1618 3735 defecisse
1645 3678 1751 3735 hoc
1789 3678 2026 3750 videtur,

2135 3661 2274 3724 θέου.
2360 3662 2520 3739 Ἐμοὶ
2566 3662 2711 3721 δοκεῖ
2739 3660 2793 3699 ⁸ο
2818 3661 2899 3720 ὅτι
2925 3661 3053 3750 πρὸς
3085 3659 3183 3738 μὲν
3206 3662 3489 3750 νἘφξσίους
3517 3660 3740 3738 ἔμελλεν

420 3761 568 3833 quod
611 3762 804 3820 statim
849 3763 922 3821 ad
936 3742 1224 3837 ‘Ephesios
1268 3767 1452 3839 ipsum
1498 3768 1771 3826 missurus
1821 3778 1965 3826 esset

2135 3750 2293 3812 αὐτὸν
2333 3751 2564 3829 πέμπειν
2598 3751 2815 3824 εὐθέως,
2867 3749 2962 3810 καὶ
3011 3749 3258 3830 περιττὸν
3309 3742 3373 3825 ἧν
3416 3750 3742 3832 δημιουργὸν

420 3865 824 3923 supervacuum
853 3862 1039 3911 autem
1067 3864 1182 3913 erat
1208 3838 1470 3929 Epistolas
1498 3857 1862 3930 conditorem,
1896 3875 2027 3915 eum

2135 3845 2229 3913 τ’ἧς
2286 3840 2614 3911 Ἐπιστολῆς
2665 3838 3052 3919 ἀνακηρύττειν
3084 3838 3174 3898 τὸν
3226 3838 3425 3915 ταύτην
3459 3838 3505 3878 ⁸⁸
3564 3863 3742 3899 κατοι-

419 3941 516 4013 qui
556 3940 698 3998 hanc
738 3958 871 4000 mox
906 3952 1053 4001 esset
1093 3927 1509 4017 subsecuturus,
1553 3927 1871 4020 praedicare.
1922 3947 2027 4005 Hic

2133 3928 2452 4024 ληψόμενον.
2518 3928 2779 3990 Ἐνταῦθα
2809 3927 2864 3988 δὲ
2896 3930 2995 4009 οὐχ
3023 3927 3218 4024 egrex,
3264 3931 3382 4024 ἀλλ’
3437 3928 3742 4024 ἐπανελθὼν

419 4039 605 4088 autem
643 4048 755 4090 non
798 4034 878 4090 sic
916 4049 977 4091 se
1014 4050 1103 4091 res
1141 4036 1307 4093 habet
1347 4055 1362 4094 :
1401 4052 1593 4094 verum
1625 4053 1876 4094 reversus
1908 4038 2024 4112 jam

2131 4016 2196 4093 ἦν
2256 4024 2284 4079 ὁ
2345 4019 2604 4097 Τιμόθεος
2674 4019 2782 4078 ἀπὸ
2845 4017 3266 4090 Θεσσαλονίκης·
3329 4016 3466 4078 ὥστε
3525 4018 3740 4088 εἰκότως

419 4128 538 4177 erat
564 4121 895 4179 Timotheus
924 4140 957 4181 a
985 4125 1379 4183 Thessalonica
1414 4147 1427 4184 :
1462 4127 1665 4183 merito
1693 4128 1861 4200 igitur
1887 4107 2022 4184 sibi-

2132 4112 2307 4188 ἕαυτῷ
2336 4113 2517 4169 τοῦτον
2548 4107 2602 4147 ⁸³
2633 4107 2933 4168 συντάττει.
3026 4107 3327 4188 Προτάττει
3374 4107 3428 4167 δὲ
3471 4109 3736 4185 Τιμοθέου

418 4209 521 4283 ipsi
549 4209 704 4268 hunc
732 4212 1036 4286 conjungit.
1073 4214 1353 4288 Prmponit
1379 4222 1565 4272 autem
1599 4195 1886 4275 Timotheo
1917 4218 2021 4275 Sil-

2132 4198 2454 4274 Σιλουανὸν,
2508 4195 2638 4267 ἴσως
2693 4196 3043 4275 αἰτησομένου
3097 4201 3251 4256 τοῦτο
3326 4197 3593 4275 Τιμοθέου
3644 4196 3736 4255 διὰ

2493 4287 2505 4306 Ι
2714 4285 2740 4306 ΩΙ
3085 4285 3101 4306 Ι
3298 4286 3311 4305 \
3418 4287 3440 4306 λ
3469 4286 3493 4306 δ
3514 4285 3529 4306 Ι
3641 4288 3662 4306 \

420 4315 646 4368 vanum,
672 4285 963 4359 Timotheo
988 4285 1237 4361 fortassis
1266 4304 1416 4362 istud
1444 4320 1559 4378 prae
1585 4305 1898 4365 humilitate
1921 4324 2020 4365 sua

2126 4287 2638 4370 ταπεινοφροσύνην,
2706 4285 2800 4346 ἅτε
2861 4285 3195 4366 μιμουμένου
3262 4286 3351 4347 τὸν
3412 4285 3735 4346 διδάσκαλον

417 4390 746 4462 postulante,
777 4391 1020 4449 imitatus
1040 4394 1308 4451 nimirum
1338 4375 1734 4468 praeceptorem
1758 4397 2017 4467 Paulum,

2128 4379 2382 4457 Παῦλον,
2415 4376 2469 4445 ὃς
2510 4375 2629 4444 τοὺς
2674 4375 2917 4456 μαθητὰς
2965 4378 3139 4457 ἑαυτῷ
3188 4380 3613 4455 συγκαταριθμεῐ
3645 4376 3723 4436 ⁸³.

2133 4465 2610 4484 n....,.
2808 4466 3141 4484 ...κηκ-
3334 4464 3653 4484 ......

418 4478 517 4550 qui
558 4476 855 4552 discipulos
884 4497 1014 4539 suos
1050 4482 1155 4539 sibi
1185 4464 1566 4541 connumerat.
1603 4488 1793 4559 Neque
1830 4464 2020 4544 autem

2129 4466 2271 4528 Οὔτε
2300 4465 2354 4526 δὲ
2387 4466 2715 4540 ἀπόστολον,
2772 4466 2893 4527 οὔτε
2944 4467 3166 4540 δοῦλον,
3218 4464 3361 4525 κατὰ
3413 4466 3474 4525 τὸ
3511 4465 3690 4532 εἰωθὸς
3715 4509 3732 4539 ,

419 4566 589 4641 504
617 4570 949 4642 apostolum,
991 4588 1168 4644 neque
1196 4587 1415 4629 servum
1457 4574 1761 4632 secundum
1788 4592 2017 4633 consue-

2128 4556 2313 4617 ἑαυτὸν
2345 4558 2372 4615 ὁ
2427 4559 2641 4622 Παῦλος
2682 4558 2905 4617 ἐνταῦθα
2937 4558 3126 4634 καλεῖ,
3172 4555 3304 4614 διότι
3340 4553 3736 4650 Έοκρατήχητοι

417 4641 671 4715 tudinem
715 4674 873 4717 suam
913 4641 1199 4734 apostolus
1243 4662 1335 4719 hic
1370 4679 1431 4720 se
1466 4664 1722 4738 appellat,
1766 4682 1832 4723 eo
1868 4667 2019 4740 quod

2129 4641 2264 4719 ἦσαν
2282 4692 2303 4722 ,
2332 4645 2425 4706 καὶ
2454 4645 2659 4706 οὐδέπω
2689 4646 2851 4705 αὐτοῦ
2885 4643 3076 4716 ἱκανὴν
3108 4651 3298 4725 πεῖραν
3343 4641 3556 4703 ἔλαϐον.
3609 4645 3733 4705 Οὐκ

418 4746 614 4804 novitii
652 4757 830 4819 erant,
877 4750 1120 4808 necdum
1165 4750 1530 4811 sufﬁcientem
1556 4755 1697 4828 ejus
1739 4757 2021 4828 experien-

1739 4726 2021 4828 εχρθιῖίρη.
2128 4726 2216 4796 οὖν
2250 4736 2354 4797 ἔδει
2381 4742 2473 4797 τοῦ
2504 4733 2805 4814 ἀξιώματος
2833 4739 2994 4796 αὑτοῦ
3030 4737 3353 4815 μνησθῆναι,

415 4836 553 4894 tiam
607 4848 951 4911 acceperant.
998 4842 1127 4898 Non
1180 4841 1347 4916 igitur
1396 4858 1525 4901 eum
1577 4843 1858 4919 dignitatis
1903 4861 2019 4904 suae

415 4927 739 4985 meminisse
771 4930 1078 5000 oportebat.

484 5015 732 5075 Ecclesia:
791 5019 1360 5080 Thessalonicensium.
1427 5023 1543 5081 Etsi
1604 5024 1767 5098 pauci
1835 5035 2018 5083 essent

2205 5044 2230 5072 α
2366 5016 2665 5101 Ἐκκλησία
2689 5015 3150 5081 Θεσσαλονικέων.
3179 5041 3204 5070 ιι
3228 5015 3296 5076 Εἰ
3322 5013 3377 5075 δὲ
3394 5014 3560 5095 ὀλίγοι
3586 5004 3726 5088 ἦσαν

411 5105 959 5181 Thessalonicenses,
1018 5118 1072 5166 et
1124 5111 1379 5170 nondum
1431 5112 1575 5170 ﬁrmi
1622 5113 2014 5186 constitissent,

2126 5109 2174 5167 οἱ
2217 5109 2656 5183 Θεσσαλονικεῑς,
2699 5107 2792 5169 καὶ
2822 5108 3033 5168 οὐδέπω
3081 5103 3531 5183 συνεστήκεισαν,
3583 5103 3730 5183 ὅμως

412 5196 719 5254 Ecclesiam
756 5207 943 5256 tamen
970 5215 1065 5258 eos
1101 5202 1360 5275 appellat,
1390 5202 1472 5259 vel
1501 5203 1620 5276 ipso
1646 5204 1871 5262 nomine
1899 5205 2015 5263 ani-

2127 5198 2460 5274 Ἐκκλησίαν
2507 5200 2695 5268 αὐτοὺς
2737 5201 2929 5276 καλεῖ,
2978 5193 3461 5279 παραμυθούμενος
3500 5197 3577 5277 τῷ
3607 5194 3726 5255 ὀνό-

414 5301 567 5343 mum
612 5286 717 5344 illis
758 5287 964 5346 addens
998 5306 1014 5345 :
1052 5290 1504 5366 quandoquidem
1546 5293 1873 5368 plerumque
1911 5297 2015 5352 Ec-

2130 5311 2278 5368 ματιο
2326 5289 2509 5362 ἐπειδὴ
2554 5294 2753 5365 πλῆθος
2798 5293 2869 5359 ὣς
2895 5288 2963 5350 τὰ
2995 5287 3173 5349 πολλὰ
3220 5286 3471 5366 σημαίνει
3523 5285 3584 5345 τὸ
3630 5289 3730 5357 τ’ἤς

412 5375 594 5433 οιοδίω
629 5392 841 5434 nomen
874 5378 1293 5438 multitudinem
1330 5381 1622 5455 signiﬁcat.

1068 5379 1293 5438 udinem
1330 5381 1622 5455 signiﬁcat.
2132 5378 2465 5453 Ἐκκλησίας
2499 5380 2689 5457 ὄνομα.

485 5467 551 5521 In
592 5469 697 5524 Deo
749 5469 913 5525 Patre
954 5474 1005 5526 et
1042 5472 1277 5529 Domino
1327 5474 1453 5530 Iesu
1504 5472 1738 5531 Christo.
1784 5473 1921 5547 Quia
1971 5483 2027 5532 et

2223 5468 2375 5532 «Ἐν
2407 5471 2536 5551 Θεῷ
2568 5469 2748 5552 Πατρὶ
2792 5470 2884 5531 καὶ
2932 5469 3116 5552 Κυρίῳ
3166 5468 3346 5541 Ἰησοῦ
3402 5466 3647 5548 Χριστῷ-
3687 5485 3718 5523 ³³

1836 5627 2028 5689 Variae
2072 5631 2372 5693 lectiones.

487 5791 536 5830 3°
560 5792 729 5849 δοκεῖν
761 5811 816 5855 0.
872 5797 911 5834 ⁵¹
945 5799 1145 5866 τούτους
1175 5815 1229 5857 ο.
1258 5799 1303 5837 ⁸³
1337 5801 1514 5861 ἑαυτὸν
1543 5805 1705 5881 τούτῳ
1731 5822 1784 5867 o.
1818 5807 1866 5847 ⁸⁸
1890 5808 2247 5883 συγκαταλέγει
2273 5825 2354 5868 m.
