4104 6434
327 425 454 478 1281

1188 421 1538 478 EXPOSlTlO
1581 423 1644 476 IN
1687 421 1896 477 EPIST.
1937 421 2029 476 AD
2068 420 2343 477 COLOSS.
2384 451 2454 460 —
2493 421 2645 476 CAP.
2687 422 2726 476 Ι.

3493 429 3627 482 1282

321 546 546 619 Ἐπειδὴ
597 537 734 618 ἦσαν
781 547 872 605 καὶ
928 545 1250 620 Ἑλληνικαὶ
1299 547 1390 606 καὶ
1443 547 1732 609 Ἰουδαῖκαὶ
1791 547 1912 608 Ἐκ-

2029 546 2244 604 Graeca:
2277 554 2333 602 et
2367 545 2610 603 Judaicae
2646 545 2878 603 fuerunt
2914 545 3196 614 Ecclesiae,
3237 547 3378 604 hanc
3413 548 3484 605 ab
3513 551 3624 607 illis

320 635 575 712 κλησίαι,
620 634 1056 696 ἀποδιαστέλλων
1089 634 1254 707 αὐτὴν
1304 636 1516 696 ἐκείνων
1536 683 1552 711 ,
1583 639 1732 718 φησί·
1773 660 1803 718 ιι
1829 639 1915 718 Τῇ

321 729 373 786 ἓν
403 727 530 806 Θεῷ
575 726 777 806 Πατρί.
816 748 846 785 ››
889 725 1047 806 Μέγα
1079 726 1133 785 δὲ
1166 725 1373 803 ἀξίωμα
1403 727 1464 786 τὸ
1505 731 1557 787 ἐν
1753 717 1909 788 εἶναι.

320 814 392 872 Εἴ
427 839 501 882 τις
542 813 645 895 γὰρ
691 813 958 896 ἁμαρτίας
1013 816 1126 876 ἐστὶ
1156 815 1207 855 ⁸⁴
1265 817 1482 890 δοῦλος,
1523 820 1620 876 οὐκ
1670 815 1810 876 ἔστιν
1861 819 1916 875 ἐν

319 907 470 985 Θεῷ.
509 905 823 983 Σημείωσαι
843 904 898 964 δὲ
923 905 1015 982 τὸ,
1048 933 1072 960 (ι
1095 906 1223 979 Ἐν,
1244 927 1274 964 ι
1306 905 1391 964 ἐπὶ
1415 906 1628 987 Πατρὸς
1661 907 1753 965 καὶ
1784 910 1916 968 Υἱοῦ

317 1017 584 1070 κειμενον,

401 1084 603 1164 «Χάρις
619 1087 742 1163 ὑμῖν
761 1085 852 1144 καὶ
865 1084 1068 1166 εἰρήνη.
1090 1114 1112 1140 ι
1132 1086 1457 1167 Ἐπεῦχεται
1474 1089 1648 1154 αὐτοῖς
1658 1084 1746 1145 ἵνα
1764 1083 1785 1168 [
1801 1085 1910 1168 μὴ]

320 1174 408 1233 ἐπὶ
459 1176 620 1234 πλέον
672 1177 1012 1257 προκόψωσιν
1066 1179 1120 1236 ἐν
1173 1181 1281 1244 τοῖς
1332 1177 1487 1245 θείοις
1541 1176 1910 1257 χαρίσμασιν,

318 1263 459 1323 ἀλλὰ
476 1265 566 1324 καὶ
596 1265 807 1346 εἰρήνην
829 1264 1017 1346 ἔχωσι,
1033 1265 1107 1343 μὴ
1131 1268 1470 1348 φυσιούμενοι
1493 1267 1611 1326 κατ’
1645 1265 1912 1339 ἀλλήλων.

412 1376 441 1413 (ι
480 1356 924 1435 Εὐχαριστοῦμεν
972 1359 1048 1437 τῷ
1078 1361 1203 1437 Θεῷ
1250 1356 1483 1416 πάντοτε
1531 1357 1652 1437 περὶ
1699 1356 1914 1418 πάντων

320 1448 489 1520 ὑμῶν.
523 1470 554 1502 a
595 1444 796 1511 Εὐθέως
834 1447 940 1504 ἀπὸ
972 1447 1238 1524 ἐγκωμίου
1278 1447 1340 1506 τὸ
1362 1445 1658 1526 προοίμιον.
1693 1449 1787 1527 Τῷ
1811 1446 1916 1529 γὰρ

318 1533 452 1614 ὑπὲρ
510 1535 682 1593 αὐτῶν
741 1535 1074 1615 εὐχαριστεῖν
1123 1541 1198 1618 τῷ
1257 1539 1416 1617 Θεῷ,
1469 1537 1738 1618 Δδείκνυσιν
1823 1538 1915 1594 αὗ-

318 1623 440 1690 τοὺς
489 1626 908 1704 κατωρθωκότας
936 1625 990 1663 ⁸⁵
1051 1615 1302 1702 τοιαῦτα,
1457 1615 1529 1684 ὧν
1588 1627 1916 1697 δοξάζεταιὸ

322 1712 478 1780 Θεός.
562 1712 710 1792 Ἅμα
763 1714 817 1773 δὲ
867 1714 960 1774 καὶ
1013 1719 1440 1799 ταπεινοφρονεῖν
1494 1716 1771 1796 διδάσκει,
1842 1720 1914 1785 ὡς

320 1808 412 1862 τοῦ
446 1805 587 1864 Θεοῦ
617 1803 677 1862 τὸ
705 1812 810 1862 πᾶν
845 1805 1212 1884 ἐργαζομένου.
1304 1861 1310 1865 .

2025 634 2364 708 distinguens
2405 634 2558 703 dicit,
2607 639 2734 704 Qua:
2773 640 2849 692 est
2885 639 2944 691 in
2978 640 3085 692 Deo
3125 639 3306 693 Patre.
3355 639 3624 697 Praeclara

2025 734 2212 782 autem
2253 725 2485 798 dignitas
2512 733 2616 795 est,
2659 726 2716 782 in
2751 729 2868 782 Deo
2898 741 3032 782 esse.
3063 727 3116 783 Si
3156 727 3304 782 enim
3335 728 3620 800 quisquam

2026 815 2232 887 peccati
2266 814 2431 872 fuerit
2457 831 2668 885 servus,
2709 831 2825 872 non
2866 825 2950 872 est
2979 815 3035 872 in
3076 820 3214 873 Deo.
3259 817 3498 875 Observa
3530 819 3624 876 hic

2025 905 2475 978 praepositionem
2505 910 2612 974 (In)
2644 906 2793 962 Patri
2820 921 2884 962 ac
2913 906 3056 963 Filio
3083 906 3266 963 tribui.

2099 998 2303 1054 Gratia
2328 997 2476 1052 vobis
2509 1001 2559 1053 et
2582 1012 2720 1067 past.
2753 998 2923 1068 Optat
2949 996 3049 1065 eis,
3075 1005 3138 1053 ut
3164 996 3218 1052 in
3237 997 3435 1055 divinis
3459 995 3625 1056 donis

2026 1096 2413 1158 promoveant,
2443 1086 2539 1144 sed
2576 1095 2761 1143 tamen
2791 1094 2874 1157 ut,
2904 1102 3022 1143 non
3047 1103 3176 1160 erga
3205 1103 3264 1144 se
3305 1096 3503 1146 mutuo
3535 1089 3625 1146 in-

2025 1177 2161 1241 ﬂati,
2212 1193 2405 1248 pacem
2437 1175 2689 1234 habeant.

2096 1270 2277 1324 Vens.
2320 1273 2374 1324 2.
2407 1270 2632 1326 Gratias
2670 1271 2882 1339 agimus
2900 1272 3004 1325 Deo
3023 1284 3228 1340 semper
3250 1285 3354 1341 pro
3377 1273 3624 1328 omnibus

2024 1359 2186 1414 vobis.
2230 1359 2430 1415 Statim
2479 1367 2605 1431 post
2646 1359 2965 1415 encomium
3009 1359 3338 1430 prommium
3383 1362 3631 1434 auspica-

2023 1456 2136 1504 tur.
2175 1450 2318 1504 Nam
2348 1464 2444 1521 per
2479 1448 2584 1506 hoc
2623 1449 2770 1521 quod
2809 1465 2907 1522 pro
2938 1449 3072 1522 ipsis
3099 1449 3300 1522 gratias
3327 1459 3452 1524 agat
3483 1455 3624 1522 Deo,

2023 1537 2228 1595 indicat
2253 1546 2509 1612 operatos
2534 1538 2685 1609 ipsos
2711 1555 2830 1596 esse
2855 1540 3000 1609 talia,
3028 1555 3271 1613 quorum
3291 1556 3454 1598 causa
3477 1545 3629 1600 Deus

2023 1628 2374 1702 gloriﬁcetur.
2419 1627 2592 1684 Simul
2647 1637 2836 1685 autem
2879 1629 3164 1686 humiliter
3207 1646 3400 1703 sapere
3441 1631 3631 1703 docet,

2027 1727 2296 1792 tanquam
2325 1722 2477 1776 Deus
2509 1718 2694 1775 omnia
2723 1727 3000 1791 operetur.

465 1861 577 1864 ’⁷⁷⁷
660 1861 665 1862 ⁷
714 1861 739 1862 Π
794 1861 799 1862 ⁷
852 1861 926 1884 7r.
988 1861 1211 1882 '7r‘v'"-
1304 1861 1310 1865 ”

411 1916 442 1952 (ι
488 1893 686 1954 Μνείαν
735 1897 884 1971 ὓμῶν
937 1894 1240 1973 ποιούμενοι
1298 1897 1386 1956 ἐπὶ
1444 1899 1549 1956 τῶν
1601 1900 1912 1977 προσευχῶν

2100 1903 2412 1957 Memoriam
2445 1905 2614 1958 vestri
2637 1903 2902 1972 facientes
2948 1905 3008 1958 in
3035 1904 3374 1959 orationibus
3401 1907 3622 1959 nostris.

319 1985 495 2059 ἡμῶν.
525 2004 554 2041 ι)
584 1983 663 2044 Τὸ
686 1981 782 2060 μὲν
815 1985 1145 2064 εὐχαριστεῖν
1172 1988 1249 2066 τῷ
1275 1988 1428 2067 Θεῷ,
1459 1986 1567 2046 ἀπὸ
1592 1989 1697 2045 τῶν
1729 2010 1919 2067 κατορ-

320 2071 580 2148 θωμάτων
613 2073 805 2132 αὐτῶν·
836 2071 897 2131 τὸ
944 2073 998 2132 δὲ
1043 2079 1348 2152 μεμνῆσθαι
1402 2075 1489 2134 ἐπὶ
1529 2079 1633 2135 τῶν
1687 2099 1920 2157 προσευ-

317 2165 432 2240 χῶν
456 2210 468 2232 ,
505 2166 600 2235 τῆς
629 2161 757 2242 πρὸς
787 2161 974 2231 αὐτοὺς
1005 2166 1244 2243 ἀγάπης.

408 2275 437 2311 (ι
466 2251 842 2320 Ἀδιαλείπτως
870 2253 1285 2332 μνημονεύοντες
1328 2259 1495 2333 ὑμῶν.
1531 2280 1562 2312 ιο
1612 2257 1695 2316 Οὐ
1724 2255 1882 2334 μόνον
1900 2301 1916 2331 ,

320 2343 516 2423 φησὶν,
575 2342 664 2402 ἐπὶ
720 2346 824 2401 τῶν
884 2347 1199 2425 προσευχῶν
1233 2369 1335 2422 μου
1393 2345 1675 2423 μέμνημαι
1732 2349 1913 2420 ὑμῶν,

318 2431 456 2490 ἀλλὰ
489 2433 581 2491 καὶ
609 2433 801 2492 ἄλλοτε
831 2432 1082 2496 πάντοτε.
1118 2435 1296 2496 Τοῦτο
1325 2434 1381 2496 δὲ
1414 2441 1509 2509 τῆς
1534 2435 1918 2516 ἐπιτεταμένης

321 2521 483 2580 αὐτοῦ
513 2520 726 2600 ἀγάπης
751 2523 969 2602 δεῖγμα.

405 2635 436 2666 ι
468 2614 581 2672 Τοῦ
607 2611 760 2692 ἔργου
802 2617 897 2684 τῆς
921 2611 1173 2681 πίστεως.
1207 2637 1238 2672 ι)
1289 2613 1551 2675 Τουτέστι
1594 2621 1686 2689 τῆς
1721 2614 1916 2676 ἐνστά-

319 2722 451 2768 σεως
497 2705 666 2778 ὓμῶν.
724 2705 900 2762 Τοῦτο
930 2702 1032 2784 γὰρ
1063 2703 1214 2784 ἔργον
1261 2703 1518 2778 πίστεως,
1567 2704 1628 2764 τὸ
1669 2707 1900 2786 saepe;

314 2788 597 2865 ἵστασθαι,
648 2791 768 2872 οὐχὶ
809 2791 870 2850 τὸ
910 2792 1084 2871 λόγοις
1132 2791 1291 2870 μόνον
1347 2795 1530 2874 αὖχεῖν
1582 2792 1678 2866 τὴν
1710 2795 1911 2856 πίστιν.

2026 1991 2187 2062 Quod
2217 1992 2420 2063 gratias
2463 1993 2576 2064 agit
2618 1995 2760 2060 Deo,
2792 1993 2975 2049 isthuc
3003 2001 3090 2049 est
3130 2001 3354 2065 propter
3395 1992 3630 2049 virtutes

2027 2096 2222 2137 eorum
2254 2099 2267 2136 :
2299 2081 2448 2154 quod
2478 2097 2606 2137 vero
2636 2081 2955 2139 meminerit
2981 2097 3176 2139 eorum
3205 2083 3262 2138 in
3298 2081 3625 2154 precationi-

2027 2169 2130 2226 bus
2165 2170 2302 2239 suis,
2333 2170 2619 2227 cbaritatis
2650 2179 2753 2228 est.

2097 2262 2276 2318 Vens.
2309 2265 2362 2316 3.
2391 2262 2518 2318 Sine
2540 2263 2934 2318 intermissione
2959 2277 3242 2318 memores.
3271 2265 3394 2320 Non
3419 2263 3624 2332 solum,

2026 2349 2230 2422 inquit,
2267 2349 2695 2421 in;orationibus
2724 2351 2862 2408 meis
2905 2352 3066 2408 vestri
3109 2352 3391 2421 recordor,
3437 2368 3626 2409 verum

2024 2447 2080 2495 et
2116 2439 2250 2496 alias
2285 2455 2524 2512 semper.
2566 2440 2719 2497 Istud
2747 2449 2934 2498 autem
2959 2441 3304 2498 vehementis
3338 2441 3627 2499 charitatis

2028 2537 2116 2586 est
2150 2527 2437 2587 indicium.

2099 2621 2290 2691 Operis
2333 2621 2462 2690 ﬁdei
2505 2625 2714 2679 aest-rw.
2748 2623 2872 2678 Hoc
2899 2628 3000 2688 est,
3043 2621 3370 2678 constantia;
3410 2629 3623 2679 vestrae.

2026 2709 2181 2767 Istud
2203 2711 2352 2767 enim
2379 2719 2465 2768 est
2489 2727 2628 2782 opus
2648 2711 2795 2780 fidei,
2824 2711 3058 2768 firmiter
3085 2712 3405 2781 consistere,
3433 2720 3488 2768 et
3509 2728 3622 2769 non

2025 2799 2158 2856 solis
2196 2799 2378 2856 verbis
2420 2801 2478 2856 in
2518 2799 2628 2856 ﬁde
2659 2801 2906 2872 gloriari.

403 2905 432 2935 α
469 2881 576 2942 Καὶ
630 2885 722 2940 τοῦ
767 2881 934 2940 κόπου
977 2887 1071 2954 τῆς
1103 2882 1337 2962 ἀγάπης.
1372 2905 1402 2940 ι)
1462 2886 1624 2951 Ποῖος
1668 2882 1829 2951 κόπος
1859 2883 1912 2943 τὸ

2098 2893 2168 2945 Et
2219 2891 2454 2946 laborem
2504 2891 2809 2947 charitatis.
2863 2890 3056 2960 Qualis
3099 2899 3291 2948 autem
3337 2891 3494 2948 labor
3543 2901 3628 2948 est

317 2973 534 3052 ἀγαπᾷν
549 2990 566 3046 ;
621 2970 682 3029 τὸ
732 2971 828 3048 μὲν
882 2970 1103 3047 ἅπλῶς,
1152 2961 1272 3030 οὐδὲ
1319 2961 1411 3041 εἶς·
1441 2973 1500 3031 τὸ
1543 2972 1598 3031 δὲ
1649 2973 1914 3052 γνησίως,

316 3058 479 3128 πολὺς
529 3059 706 3127 κόπος.
790 3058 968 3122 Ὅταν
1008 3060 1113 3140 γάρ
1160 3085 1240 3128 τις
1287 3060 1374 3121 διὰ
1421 3061 1510 3121 τὸν
1560 3063 1914 3142 ἀγαπώμενον

313 3149 492 3230 πάντα
541 3149 813 3230 ὓπομένῃ,
857 3153 970 3218 πῶς
1022 3152 1081 3209 οὗ
1113 3151 1303 3226 κόπος,
1351 3152 1458 3212 Καὶ
1499 3153 1916 3220 Θεσσαλονικεῖς

313 3229 406 3298 οὖν
441 3238 614 3300 πολλὰ
643 3229 838 3300 ἔπαθον
884 3239 971 3299 διὰ
1002 3241 1100 3314 τὴν
1147 3241 1277 3320 πρὸς
1305 3241 1394 3301 τὸν
1430 3244 1644 3304 Παῦλον
1674 3242 1914 3321 ἀγάπην,

313 3332 386 3396 ὣς
419 3329 634 3412 μαθήσῃ
667 3332 729 3390 ἐκ
757 3333 851 3404 τῆς
891 3330 1077 3410 βίϐλου
1108 3334 1212 3390 τῶν
1240 3330 1516 3413 Πράξεων.

405 3532 435 3569 ιι
483 3511 594 3573 Καὶ
648 3515 742 3584 τῆς
793 3513 1064 3590 ὑπομονῆς
1119 3514 1214 3583 τῆς
1279 3511 1488 3579 ἐλπίδος
1548 3515 1644 3570 τοῦ
1708 3510 1912 3592 Κυρίου

310 3605 466 3677 ἡμῶν
515 3600 693 3674 Ἰησοῦ
741 3603 998 3682 Χριστοῦ.
1043 3622 1071 3659 ι)
1132 3599 1400 3676 Πολλοὺς,
1458 3601 1651 3682 φησὶν,
1686 3600 1913 3678 ὑπεμεί-

311 3714 440 3750 νατε
502 3691 591 3749 καὶ
646 3688 882 3771 μακροὺς
955 3689 1300 3770 πειρασμούς·
1361 3691 1677 3769 ὓπεμείνατε
1736 3689 1791 3748 δὲ

313 3781 491 3840 ἐλπίδι
531 3780 868 3863 ῥωννύμενοι.
922 3780 1079 3842 Μετὰ
1108 3781 1467 3863 πληροφορίας
1491 3779 1592 3860 γὰρ
1634 3779 1908 3840 ἐπίστευον

311 3877 420 3936 τοῖς
450 3869 814 3948 ἀποκειμένοις
857 3869 1122 3938 ἐπάθλοις·
1176 3871 1291 3928 ἐπεὶ
1335 3869 1392 3928 δὲ
1432 3874 1460 3929 ὁ
1507 3869 1644 3937 Θεὸς
1675 3869 1911 3949 συνεχώ-

310 3982 392 4038 ρει
440 3960 493 4017 ἐν
557 3963 700 4040 ἀρχῇ
755 3959 1129 4041 πειράζεσθαι,
1188 3957 1278 4018 ἵνα
1342 3959 1416 4038 μή
1475 3983 1554 4026 τις
1603 3958 1763 4038 εἴπῃ,
1829 3957 1911 4018 ὅτι

308 4049 496 4116 ἁπλῶς
552 4050 644 4108 καὶ
697 4049 952 4130 κολακείᾳ
1009 4049 1070 4108 τὸ
1121 4048 1374 4130 κήρυγμα
1448 4049 1762 4121 συνίστατο,
1819 4048 1913 4108 καὶ

308 4141 527 4218 δειχθῇ,
560 4135 657 4222 Δὅτι
686 4140 783 4198 οὐκ
830 4138 1132 4222 ἀνθρωπίνη
1192 4138 1390 4213 πειθὼ,
1433 4138 1578 4198 ἀλλὰ
1623 4143 1717 4198 τοῦ
1765 4140 1913 4198 Θεοῦ

309 4227 532 4304 δύναμις
554 4218 618 4301 ἧν
649 4233 682 4302 ἡ
716 4227 810 4296 τὰς
838 4218 1014 4310 ψυχὰς
1047 4228 1328 4291 πείθουσα.

397 4315 793 4400 ιἘμπροσθεν
817 4323 909 4377 τοῦ
935 4321 1079 4379 Θεοῦ
1096 4320 1187 4378 καὶ
1223 4318 1436 4400 Πατρὸς
1465 4320 1644 4396 ἡμῶν.
1677 4344 1701 4372 ι
1733 4319 1912 4398 Διχῶς

307 4411 467 4468 τοῦτο
521 4407 744 4477 νοήσεις·
811 4407 886 4486 ἢ,
941 4408 1382 4485 Μνημονεύοντες
1456 4407 1759 4488 ἔμπροσθεν
1817 4413 1910 4466 τοῦ

307 4499 456 4557 Θεοῦ
486 4499 578 4558 καὶ
611 4498 824 4578 Πατρὸς
867 4502 1045 4577 ἡμῶν·
1078 4497 1114 4571 ἢ
1142 4545 1160 4573 ,
1198 4501 1310 4560 Τοῦ
1341 4498 1495 4579 ἔργου
1523 4501 1616 4568 τῆς
1645 4498 1909 4575 πίστεως,

308 4593 404 4646 τοῦ
437 4587 586 4655 ὄντος
616 4588 915 4668 ἔμπροσθεν
944 4592 1036 4648 τοῦ
1067 4592 1231 4651 Θεοῦ.
1269 4588 1365 4660 Μὴ
1397 4587 1500 4668 γὰρ
1533 4590 1788 4666 νομίσητε
1829 4585 1911 4645 ὅτι

309 4679 547 4759 ἀκερδῶς
586 4687 797 4738 πονεῖτε
837 4678 915 4752 ⁸6,
959 4677 1099 4740 ἀλλὰ
1139 4679 1316 4738 πάντα
1347 4676 1644 4758 ἔμπροσθέν
1685 4680 1790 4736 εἰσι
1818 4681 1910 4736 τοῦ

309 4770 480 4829 Θεοῦ·
511 4766 649 4828 ὥστε
678 4767 772 4828 καὶ
801 4765 922 4836 τοὺς
949 4767 1180 4845 μισθοὺς·
1197 4769 1486 4829 ἀποδώσει.

399 4882 430 4914 α
464 4856 676 4926 Εἰδότες
699 4904 716 4937 ,
765 4857 982 4938 ἀδελφοὶ
1022 4859 1398 4938 ἠγαπημένοι,
1446 4859 1506 4917 ἐκ
1550 4860 1694 4918 Θεοῦ
1724 4857 1778 4896 ⁸⁷
1811 4855 1908 4929 τὴν

309 4945 532 5028 ἐκλογὴν
566 4951 737 5026 ὕμῶν.
769 4975 794 5003 υ
828 4947 1248 5027 Μνημονεύομεν
1270 4990 1287 5023 ,
1321 4947 1478 5029 φησὶν
1499 4994 1518 5024 ,
1552 4951 1701 5026 ὑμῶν
1724 4993 1742 5025 ,
1778 4947 1909 5007 διότι

309 5037 530 5118 οἴδαμεν
586 5037 667 5098 ὅτι
720 5038 1089 5118 ἐκλελεγμένοι
1142 5036 1261 5099 ἐστὲ
1310 5037 1411 5098 ὑπὸ
1457 5043 1550 5096 τοῦ
1597 5039 1759 5097 Θεοῦ·
1821 5035 1906 5105 ἐξ·

309 5129 534 5206 ελέγητε
577 5126 680 5208 γὰρ
711 5131 784 5195 εἰς
813 5127 908 5201 τὴν
953 5129 1136 5209 πίστιν
1163 5128 1297 5209 ὑπὲρ
1330 5127 1450 5194 τοὺς
1479 5126 1730 5194 πολλούς.
1797 5125 1906 5186 Καὶ

308 5218 474 5278 πόθεν
507 5206 664 5278 τοῦτο
719 5219 915 5294 δῆλον,
953 5206 998 5277 ὦ
1044 5206 1280 5293 Παῦλεξ
1316 5213 1534 5293 ²Ἀκουε,
1588 5216 1757 5298 φησὶ,
1802 5219 1907 5274 τῶν

308 5307 446 5380 ἑξῆς·

403 5420 433 5458 ιι
465 5398 598 5462 ’Ότι
646 5399 708 5460 τὸ
759 5401 1082 5481 Εὐαγγέλιον
1146 5405 1299 5479 ἡμῶν
1356 5400 1451 5460 οὐκ
1496 5396 1717 5480 ἐγενήθη
1775 5396 1907 5482 πρὸς

395 5535 421 5570 P
436 5529 556 5584 Act.
589 5541 755 5597 xvn,
787 5531 841 5581 5.

2025 2978 2286 3050 diligere?
2314 2979 2368 3037 Si
2397 2980 2724 3052 simpliciter
2760 2980 2979 3054 diligas,
3017 2981 3200 3038 nullus
3227 2990 3328 3038 est.
3361 2982 3459 3039 Sin
3499 2998 3626 3055 ger-

2025 3085 2212 3140 mane,
2244 3069 2450 3127 multus
2478 3079 2564 3126 est
2597 3070 2772 3127 labor.
2804 3070 3038 3140 Quando
3067 3070 3212 3127 enim
3240 3071 3510 3144 quispiam
3553 3072 3626 3127 ob

2025 3159 2285 3217 dilectum
2321 3159 2423 3215 sibi
2463 3159 2679 3232 quidvis
2725 3161 3068 3230 sustinuerit,
3112 3177 3226 3234 quo
3267 3169 3428 3234 pacto
3470 3159 3628 3217 labor

2024 3267 2137 3306 non
2168 3249 2305 3306 erit?
2337 3249 2860 3308 Tbessalonicenses
2897 3258 3086 3307 autem
3114 3259 3340 3324 propter
3383 3249 3629 3307 charita-

2026 3347 2162 3408 tem,
2209 3355 2319 3412 qua
2361 3340 2596 3396 Paulum
2642 3341 2913 3413 prosecuti
2961 3349 3113 3410 sunt,
3158 3340 3336 3398 multa
3389 3343 3631 3414 perpessi

2024 3437 2197 3497 erant,
2231 3436 2296 3482 ut
2322 3427 2500 3486 disces
2531 3445 2596 3486 ex
2625 3433 2896 3486 Actorum
2925 3430 3064 3486 libro
3085 3441 3144 3488 ι’.

2094 3521 2165 3574 Et
2202 3519 2585 3573 sustinentium
2626 3523 2744 3589 spei
2777 3521 2997 3575 Domini
3027 3520 3206 3576 nostri
3239 3523 3371 3576 Jesu
3399 3520 3624 3578 Christi.

2024 3607 2244 3672 Multas,
2291 3605 2492 3679 inquit,
2545 3615 2604 3664 et
2647 3607 2840 3681 longas
2883 3608 3220 3665 tentationes
3267 3609 3624 3666 sustinuistis.

2021 3695 2370 3753 Sustinuistis
2415 3705 2603 3753 autem
2643 3712 2743 3770 spe
2791 3697 3054 3754 roborati.
3110 3701 3253 3756 Cum
3300 3697 3629 3755 certitudine

2021 3788 2172 3843 enim
2218 3785 2515 3843 credebant
2559 3788 2815 3860 repositis
2862 3787 3125 3860 praemiis.
3178 3791 3332 3845 Deus
3372 3788 3523 3844 enim
3571 3789 3627 3844 in

2021 3876 2294 3948 principio
2336 3877 2539 3933 tentari
2585 3893 2679 3934 eos
2721 3877 3090 3950 permittebat,
3126 3894 3194 3935 ne
3231 3878 3357 3951 quis
3399 3877 3626 3947 diceret,

2021 3966 2170 4038 quod
2198 3965 2520 4040 simpliciter
2547 3975 2604 4025 et
2641 3983 2736 4039 per
2763 3966 3137 4024 adulationem
3166 3967 3447 4040 Evangelii
3475 3983 3625 4039 prae-

2021 4057 2217 4113 dicatio
2255 4065 2553 4126 constaret,
2600 4065 2769 4130 utque
2812 4065 3154 4114 monstretur
3193 4073 3310 4115 non
3355 4071 3474 4114 esse
3518 4057 3622 4113 hu-

1947 4151 1997 4214 Ι)
2030 4161 2254 4203 manam
2294 4146 2456 4203 istam
2495 4147 2929 4220 persuasionem,
2961 4163 3152 4205 verum
3182 4147 3284 4204 Dei
3323 4147 3624 4220 potentiam

2021 4251 2147 4309 qua:
2176 4236 2470 4294 animabus
2502 4237 2891 4311 persuadebat.

2094 4326 2261 4398 505
2285 4329 2429 4384 Ante
2451 4332 2620 4385 Deum
2639 4332 2690 4384 et
2714 4331 2930 4384 Patrem
2950 4333 3208 4385 nostrum.
3231 4326 3495 4386 Bifariam
3518 4327 3626 4385 hoc

2024 4415 2295 4489 intelliges
2323 4434 2338 4471 ε
2372 4418 2452 4473 vel
2459 4458 2479 4488 ,
2507 4418 2886 4475 Recordantes
2913 4427 3040 4475 ante
3069 4423 3272 4489 Deum,
3301 4419 3414 4476 sive
3437 4434 3623 4475 coram

2022 4509 2145 4562 Deo
2179 4516 2235 4564 et
2261 4509 2425 4564 Patre
2452 4517 2646 4564 nostro
2674 4527 2688 4564 :
2716 4509 2820 4576 vel,
2849 4508 3044 4580 Operis
3071 4507 3203 4566 ﬁdei
3227 4516 3446 4577 vestrae,
3475 4506 3626 4581 quod

2021 4605 2106 4651 est
2128 4604 2255 4654 ante
2279 4599 2480 4654 Deum.
2514 4599 2598 4655 Ne
2627 4598 2780 4655 enim
2811 4597 3134 4654 existimetis
3157 4597 3306 4671 quod
3329 4597 3448 4654 sine
3471 4597 3626 4653 lucro

2021 4684 2308 4757 laboratis,
2346 4695 2611 4745 caeterum
2643 4688 2829 4745 omnia
2865 4696 2996 4746 sunt
3021 4703 3209 4746 coram
3237 4690 3356 4744 Deo
3389 4705 3404 4744 :
3441 4685 3628 4760 itaque

2021 4783 2076 4832 et
2102 4776 2420 4835 mercedem
2443 4777 2654 4835 reddet.

2093 4869 2278 4925 Vsus.
2305 4867 2360 4923 4.
2392 4870 2645 4938 Scientes,
2675 4869 2887 4937 fratres
2905 4867 3110 4933 dilecti,
3135 4885 3172 4924 a
3194 4871 3299 4925 Deo
3319 4868 3624 4924 electionem

2019 4961 2268 5014 vestram.
2314 4957 2690 5028 Meminimus,
2721 4957 2918 5032 inquit,
2967 4957 3156 5026 vestri,
3198 4974 3264 5015 eo
3289 4958 3440 5032 quod
3481 4957 3623 5015 scia-

2020 5061 2148 5104 mus
2186 5062 2284 5104 vos
2329 5063 2449 5106 esse
2490 5049 2693 5106 electos
2733 5065 2764 5104 a
2805 5051 2924 5106 Deo
2959 5066 2972 5102 :
3015 5047 3173 5104 electi
3203 5048 3354 5104 enim
3391 5047 3523 5105 estis
3559 5047 3629 5103 ad

2019 5135 2184 5194 [idem
2229 5153 2344 5211 pra:
2380 5139 2570 5196 multis
2599 5138 2737 5197 aliis.
2769 5138 2935 5196 Unde
2972 5153 3104 5196 vero
3143 5137 3250 5196 hoc
3277 5137 3472 5212 liquet,
3501 5137 3626 5195 dive

2021 5226 2220 5285 Paule?
2248 5227 2416 5296 Audi,
2444 5229 2642 5302 inquit,
2672 5244 2796 5301 qua:
2823 5236 3132 5302 sequuntur
3163 5249 3175 5285 :

2090 5409 2271 5468 VEBS.
2296 5415 2350 5467 5.
2375 5411 2516 5480 Quia
2531 5411 2888 5482 Evangelium
2907 5415 3151 5469 nostrum
3170 5424 3282 5466 non
3299 5411 3413 5479 fuit
3440 5409 3514 5466 ad
3528 5423 3619 5466 vos

1721 5623 1909 5684 Varia:
1954 5624 2263 5689 lectiones.

382 5758 428 5794 ⁸⁵
458 5759 534 5828 εἴη
566 5776 618 5820 o.
690 5758 734 5795 ⁸³
761 5758 1118 5834 ἐργαζομένους
1146 5776 1201 5817 0.
1255 5760 1303 5799 ⁸⁸
1324 5762 1510 5815 ποιεῖτε
1541 5775 1596 5816 0.
1655 5757 1700 5797 ⁸⁷
1724 5756 1822 5812 ὕπὸ
1851 5764 1937 5813 τοῦ
1965 5759 2092 5814 Θεοῦ
2116 5777 2174 5818 ο.
