4104 6444
446 429 580 484 i283

1465 423 1977 481 THEOPHYLACTI
2018 423 2376 480 BULGARIE
2414 422 2726 479 ARCHIEP.

3616 425 3757 480 1284

440 555 499 608 in
541 567 778 609 sermone
817 557 1050 609 tantum.
1097 551 1253 622 Inde,
1297 551 1498 624 inquit,
1543 550 1891 624 perspicuum
1930 559 2034 619 est,

2158 553 2288 628 ὗμᾶς
2321 551 2374 608 ἕν
2425 548 2569 630 λόγῳ
2618 546 2799 627 μόνον.
2843 569 2872 605 »
2933 545 3037 608 Ἐκ
3090 545 3308 622 τούτου,
3359 548 3530 629 φησὶ,
3591 550 3754 620 δῆλον

438 641 587 714 quod
608 642 758 698 electi
788 643 924 711 sitis,
951 659 1016 699 eo
1046 641 1196 715 quod
1214 645 1364 698 Deus
1383 639 1833 714 praedicationem
1858 643 2039 696 Evan-

438 731 562 804 gelii
595 730 650 788 in
686 731 840 789 vobis
882 732 1278 805 gloriﬁcaverit.
1326 734 1450 788 Non
1481 732 1629 787 enim
1671 729 1746 787 ita
1773 730 2040 804 simplici-

436 828 522 877 ter
556 821 997 893 praedicavimus,
1027 822 1324 894 quinetiam
1351 822 1510 895 signa
1551 829 1680 877 sunt
1706 819 1873 888 edita,
1918 819 2042 892 qui-

439 909 542 966 bus
576 919 807 968 testatus
847 919 932 968 est
954 903 1117 969 Deus
1158 910 1329 968 ﬁdem
1369 910 1474 967 sibi
1519 919 1762 967 vestram
1801 909 2041 982 probari,

439 1007 702 1074 tanquam
740 1017 934 1058 eorum
980 1002 1073 1075 qui
1119 1001 1189 1058 ab
1223 1017 1288 1059 eo
1336 999 1491 1058 electi
1529 1007 1713 1058 essent
1752 1007 1809 1057 et
1837 1000 2045 1073 praede-

442 1090 646 1147 stinati.

513 1181 619 1238 Sed
647 1186 698 1237 et
724 1183 784 1237 in
808 1185 1033 1240 uirtute.
1059 1183 1181 1238 Hoc
1209 1188 1312 1248 est,
1335 1180 1392 1237 in
1414 1181 1582 1254 signis
1606 1195 1730 1254 quae
1753 1178 1896 1237 facta
1915 1187 2046 1237 sunt

435 1268 508 1325 ad
557 1269 976 1328 beneﬁcentiam
1025 1280 1336 1345 gratorum,
1376 1279 1432 1327 et
1477 1270 1550 1328 ad
1594 1285 1818 1344 poenam
1861 1269 2041 1342 ingra-

442 1367 627 1417 torum
639 1403 652 1417 .

510 1451 584 1507 Et
620 1453 679 1505 in
711 1451 932 1522 Spiritu
959 1456 1164 1508 sancto.
1196 1452 1292 1508 Vel
1321 1450 1469 1523 quod
1505 1451 1563 1506 in
1591 1449 1851 1522 sapientia
1889 1449 2047 1524 spiri-

442 1539 574 1596 tuali
624 1545 682 1596 et
721 1556 838 1596 non
884 1550 1108 1598 externa
1162 1562 1175 1598 :
1224 1541 1306 1598 vel
1353 1539 1502 1613 quod
1549 1539 1784 1612 Spiritus
1823 1548 2046 1597 sanctus

443 1628 791 1686 credentibus
828 1629 1081 1687 dabatur.

514 1721 584 1775 Et
613 1722 671 1774 in
699 1721 1018 1777 certitudine
1054 1723 1250 1776 multa.
1292 1723 1417 1777 Hoc
1443 1728 1552 1788 est,
1594 1720 1650 1776 in
1678 1720 1947 1778 aerumnis
1987 1727 2043 1776 et

2147 638 2226 699 ὅτι
2260 639 2498 700 ἐκλεκτοί
2546 641 2696 709 ἐστε,
2745 640 2806 697 ἐκ
2858 641 2948 696 τοῦ
2995 635 3086 695 τὸν
3120 637 3260 698 Θεὸν
3301 635 3362 696 τὸ
3407 636 3662 718 κήρυγμα
3695 641 3750 697 ἐν

2149 733 2274 806 ὑμῖν
2329 729 2572 798 δοξάσαι.
2663 729 2748 789 Οὔ
2799 725 2904 808 γὰρ
2945 726 3129 793 ἅπλῶς
3175 725 3342 795 οὕτως
3379 726 3752 808 ἐκηρύξαμεν,

2151 819 2290 878 ἀλλὰ
2321 819 2412 878 καὶ
2446 822 2646 896 σημεῖα
2697 817 2974 896 ἐγένοντο,
3024 821 3116 876 τοῦ
3163 819 3307 877 Θεοῦ
3357 817 3569 884 πάντως
3603 821 3753 877 εὗδο-

2150 915 2363 977 κοῦντος
2426 913 2568 986 ὑμᾶς
2596 912 2934 988 πιστεῦσαι,
3000 908 3074 974 ὣς
3120 906 3399 976 ἐκλεκτοὺς
3469 909 3615 988 αὐτῷ
3663 907 3757 968 καὶ

2150 999 2605 1081 προωρισμένους.

2243 1199 2272 1237 ιι
2297 1177 2460 1239 Ἀλλὰ
2503 1177 2596 1238 καὶ
2625 1180 2678 1237 ἐν
2715 1175 2970 1256 δυνάμει.
3003 1198 3034 1235 »
3076 1176 3371 1238 Τουτέστιν
3401 1179 3454 1238 ἐν
3485 1177 3751 1256 σημείοις,

2151 1268 2242 1326 καὶ
2299 1267 2428 1349 πρὸς
2485 1267 2788 1348 εὐεργεσίας
2851 1271 2959 1326 τῶν
3013 1267 3400 1344 εὐγνωμόνων,
3473 1267 3562 1326 καὶ
3623 1266 3758 1348 πρὸς

2152 1356 2396 1427 κολάσεις
2427 1360 2533 1416 τῶν
2565 1357 2887 1435 ἀγνωμόνων
2913 1355 3227 1437 γινομένοις.

2243 1470 2272 1506 ιι
2304 1447 2415 1509 Kai
2444 1451 2496 1508 ἐν
2526 1447 2803 1524 Πνεύματι
2839 1446 2998 1528 ἁγίῳ.
3037 1470 3067 1504 ι
3106 1445 3188 1506 Ἦ
3217 1443 3300 1505 ὅτι
3329 1449 3382 1506 ἐν
3412 1445 3570 1529 σοφίᾳ
3599 1470 3761 1505 πνευ-

2154 1541 2392 1615 ματικῇ,
2432 1539 2491 1596 οὗ
2520 1541 2586 1618 τῇ
2616 1535 2731 1606 ἔξω·
2773 1535 2810 1608 ἢ
2839 1536 2921 1596 ὅτι
2963 1538 3187 1614 Πνεῦμα
3233 1535 3381 1614 ἅγιον
3418 1535 3618 1598 ἐδίδοτο
3646 1536 3758 1602 τοῖς

2153 1626 2469 1688 πιστεύσασι
2503 1626 2579 1688 ⁸⁸.

2239 1739 2270 1776 ιι
2300 1715 2409 1777 Καὶ
2431 1720 2483 1776 ἐν
2515 1713 2850 1796 πληροφορίᾳ
2873 1717 3069 1797 πολλῇ.
3101 1738 3129 1776 ›)
3167 1715 3448 1786 Τουτέστι,
3475 1715 3566 1774 καὶ
3591 1718 3644 1775 ἐν
3666 1737 3763 1774 κα-

442 1807 855 1866 alllietionibus.
918 1810 1405 1879 Quemadmodum
1477 1810 1630 1883 signa
1685 1819 1742 1866 et
1803 1809 2044 1882 Spiritus

2158 1806 2354 1867 κώσεσι
2405 1805 2497 1866 καὶ
2549 1807 2810 1888 θλίψεσιν.
2884 1801 3102 1886 ’Ὠσπερ
3139 1805 3206 1866 τὰ
3237 1810 3438 1884 σημεῖα
3470 1805 3561 1866 καὶ
3595 1812 3628 1879 ἡ
3664 1811 3762 1864 τοῦ

441 1897 618 1953 sancti
673 1897 883 1970 largitio
939 1905 1160 1972 propter
1215 1899 1470 1970 illorum,
1529 1899 1626 1972 qui
1670 1898 2041 1968 crediderunt,

2158 1895 2474 1974 Πνεύματος
2533 1887 2766 1977 χορηγία
2849 1897 2935 1955 διὰ
3010 1895 3109 1968 τὴν
3164 1900 3266 1955 τῶν
3323 1895 3759 1955 πεπιστευκότων

441 1995 646 2044 certam
683 1988 1098 2060 persuasionem
1137 1988 1278 2046 facta
1316 1998 1474 2045 erant
1507 2008 1519 2044 :
1553 1989 1631 2044 ita
1667 1989 2046 2046 tribulationes

443 2077 719 2151 Evangelii
765 2093 931 2136 causa
977 2094 1248 2153 perpessae
1298 2094 1504 2152 magno
1550 2086 1682 2135 sunt
1729 2079 1804 2136 illi
1856 2079 2043 2136 ﬁrma-

443 2178 653 2226 mento.

514 2261 666 2316 Sicut
707 2261 854 2316 scitis
883 2261 1068 2331 quales
1095 2262 1363 2328 fuerimus
1405 2261 1468 2315 in
1494 2260 1639 2316 vobis
1665 2264 1885 2331 propter
1924 2276 2038 2316 vos.

442 2351 575 2416 Vos,
605 2349 800 2422 inquit,
833 2357 1000 2406 testes
1034 2350 1189 2418 estis,
1219 2350 1508 2422 quomodo
1545 2350 1601 2406 in
1631 2350 1784 2406 vobis
1811 2366 2046 2406 conver—

443 2439 548 2496 sati
584 2455 798 2509 sumus,
830 2447 887 2497 et
925 2440 1076 2514 quod
1116 2457 1248 2497 cum
1277 2439 1556 2498 alacritate
1583 2440 1758 2496 multa
1787 2439 2046 2512 praedica-

443 2529 706 2586 verimus.
754 2529 862 2588 Sed
904 2538 960 2586 et
988 2530 1094 2587 hoc
1122 2539 1347 2603 propter
1382 2546 1500 2588 vos.
1534 2530 1675 2601 Quia
1713 2529 1860 2587 enim
1888 2530 2046 2587 electi

445 2620 632 2690 eratis,
689 2629 977 2694 propterea
1023 2620 1159 2676 nihil
1207 2636 1324 2677 non
1365 2621 1530 2678 vestri
1575 2637 1741 2678 causa
1786 2620 2053 2678 laboravi-

445 2726 570 2768 mus
619 2729 635 2768 :
679 2727 778 2782 pro
820 2711 1035 2768 dilectis
1075 2711 1224 2768 enim
1271 2727 1301 2768 a
1344 2714 1466 2768 Deo
1508 2711 1632 2784 quis
1677 2710 1896 2783 quidvis
1937 2727 2050 2766 non

2155 1987 2522 2067 πληροφορίαν
2582 1986 2834 2064 ἐγίνοντο·
2888 1985 3027 2045 οὕτω
3068 1985 3160 2044 καὶ
3192 1987 3248 2044 αἱ
3295 1985 3430 2066 ὑπὲρ
3461 1990 3553 2046 τοῦ
3599 1985 3764 2067 κηρύ-

2153 2099 2357 2154 γματος
2391 2077 2592 2156 θλίψεις
2618 2076 2824 2155 μεγάλη
2858 2075 3144 2156 βεϐαίωσις
3175 2077 3339 2135 αὐτοῦ
3371 2077 3492 2138 εἶσι.

2236 2193 2259 2219 α
2284 2164 2478 2234 Καθὼς
2495 2155 2703 2241 οἴδατε,
2726 2155 2824 2226 οἶοι
2851 2155 3173 2246 ἐγενήθημεν
3197 2167 3250 2224 ἐν
3283 2168 3407 2242 ὓμῖν
3435 2165 3506 2224 δι’
3531 2167 3692 2243 tuac.
3730 2187 3758 2221 ι

2153 2254 2378 2336 Ὑμεῖς,
2428 2256 2586 2338 φησὶ,
2621 2256 2913 2338 μάρτυρες,
2967 2260 3081 2322 πῶς
3130 2257 3184 2315 ἐν
3241 2258 3370 2333 ὑμῖν
3425 2254 3766 2335 ἀνεστράφη-

2154 2369 2281 2425 μεν,
2355 2346 2447 2404 καὶ
2514 2344 2596 2406 ὅτι
2657 2345 2794 2425 μετὰ
2846 2345 3140 2427 προθυμίας
3208 2348 3412 2418 πολλῆς
3492 2343 3754 2424 ἐκηρύξα-

2157 2458 2271 2512 μεν·
2303 2434 2444 2494 me:
2474 2435 2568 2495 καὶ
2612 2441 2770 2496 τοῦτο
2799 2435 2872 2494 δι’
2900 2437 3061 2513 ὑμᾶς.
3178 2434 3332 2496 Διότι
3376 2433 3481 2514 γὰρ
3512 2435 3763 2493 ἐκλεκτοὶ

2155 2515 2284 2596 ἦτε,
2348 2523 2435 2582 διὰ
2483 2530 2640 2585 τοῦτο
2687 2524 2860 2585 πάντα
2933 2525 3065 2605 ὑπὲρ
3121 2527 3273 2602 ὑμῶν
3316 2523 3750 2596 ἐσπουδάσαμεν·

2157 2612 2289 2694 ὑπὲρ
2337 2613 2442 2694 γὰρ
2491 2618 2596 2674 τῶν
2652 2620 2745 2674 τοῦ
2797 2617 2940 2676 Θεοῦ
2996 2616 3292 2695 ἀγαπητῶν
3351 2613 3401 2673 τί
3453 2614 3546 2673 οὔκ
3579 2611 3644 2672 ἄν
3687 2636 3769 2680 τις

2157 2703 2347 2780 πάθοις
2395 2704 2662 2766 Ἐνταῦθα
2701 2704 2755 2765 δὲ
2804 2704 2894 2764 καὶ
2946 2707 3052 2764 τῶν
3106 2705 3268 2764 αὐτοῦ
3323 2703 3761 2782 κατορθωμάτων

444 2801 712 2872 patiatan
738 2801 844 2857 Hic
868 2809 1054 2858 autem
1075 2817 1176 2858 sua
1194 2801 1363 2858 etiam
1383 2800 1521 2858 facta
1553 2801 1799 2874 attingit,
1831 2799 2049 2858 etiamsi

2163 2793 2502 2889 ἅπτεται,·εί
2533 2795 2636 2889 καὶ,
2669 2795 3129 2889 ἐπεσκιασμένως.
3179 2793 3439 2855 Βούλεται
3486 2793 3594 2873 γὰρ
3634 2793 3771 2876 πρό-

443 2897 584 2947 tecte
617 2910 630 2947 :
662 2892 776 2948 vult
803 2891 955 2948 enim
986 2891 1232 2963 primum
1263 2906 1360 2948 eos
1389 2889 1802 2947 commendare.

517 2982 693 3039 Vsus.
721 2987 773 3038 6.
805 2984 878 3039 Et
895 2997 985 3037 vos
1009 2983 1321 3037 imitatores
1346 2983 1528 3037 nostri
1547 2982 1690 3049 facti
1707 2983 1855 3044 estis,
1881 2985 1931 3035 et
1954 2983 2057 3035 Do-

445 3073 598 3126 mini.
639 3070 934 3129 Confortat
959 3086 1056 3128 eos
1082 3086 1213 3127 cum
1241 3068 1540 3138 laudando,
1574 3079 1698 3126 tum
1730 3069 1804 3127 ad
1832 3084 2055 3125 memo-

445 3160 590 3216 riam
620 3159 948 3230 revocando,
974 3159 1124 3233 quod
1163 3167 1217 3215 et
1254 3159 1362 3232 ipsi
1404 3174 1518 3215 non
1564 3159 1679 3215 sint
1715 3160 1771 3215 in
1801 3159 2056 3231 periculis

447 3265 515 3307 eo
552 3249 685 3307 facti
715 3249 1034 3306 inferiores.
1071 3253 1223 3306 Deus
1251 3248 1427 3305 bone!
1459 3257 1735 3321 quantum
1769 3258 1854 3305 est
1887 3265 2053 3305 enco-

444 3339 648 3409 mium,
678 3355 773 3396 eos
801 3339 992 3396 statim
1023 3339 1382 3412 praeceptoris
1411 3339 1497 3396 sui
1529 3339 1838 3395 imitatores
1879 3337 2053 3396 factos

448 3445 600 3498 esse;
643 3445 743 3485 nec
771 3429 890 3502 ejus
927 3437 1167 3499 tantum,
1207 3444 1398 3486 verum
1442 3429 1617 3486 etiam
1647 3428 1900 3485 Domini!
1949 3429 2054 3500 Qui

445 3534 576 3576 vero
607 3519 834 3576 Domini
863 3519 1170 3577 imitatores
1197 3517 1328 3576 facti
1356 3522 1524 3576 sunt?
1551 3519 1834 3592 Quoniam
1857 3527 1913 3576 et
1936 3519 2052 3591 ipse

446 3610 618 3666 multa
648 3626 841 3683 passus
869 3610 1161 3668 laetabatur
1187 3627 1200 3666 :
1232 3617 1431 3681 sponte
1461 3610 1612 3667 enim
1650 3609 1720 3667 ad
1749 3609 1804 3666 id
1825 3608 2052 3667 accede

445 3697 563 3768 bat,
589 3699 728 3757 adeo
755 3708 817 3757 ut
837 3699 1048 3757 diceret
1071 3697 1219 3756 Patri
1250 3700 1540 3770 :Gloriﬁca
1567 3717 1651 3756 me
1677 3712 1728 3756 ει.

517 3793 868 3862 Emcipientes
913 3791 1137 3847 verbum
1184 3793 1245 3846 in
1291 3792 1644 3847 tribulatione
1689 3791 1886 3860 multa,
1931 3807 2052 3846 cum

447 3881 648 3951 gaudio
674 3883 914 3952 Spiritus
941 3882 1139 3938 sancti.
1168 3879 1415 3938 Verbum
1438 3897 1549 3938 non
1573 3880 1898 3952 simpliciter
1922 3895 2052 3937 cum

445 3969 802 4027 tribulatione
847 3970 1190 4043 suscepistis,
1236 3969 1334 4026 sed
1376 3985 1503 4027 cum
1551 3971 1746 4039 multa,
1793 3969 1902 4026 hoc
1944 3977 2049 4040 est,

449 4057 618 4130 506
667 4075 801 4117 cum
852 4058 1125 4131 periculis.
1178 4065 1360 4130 Atque
1413 4059 1519 4116 hoc
1563 4058 1741 4116 disces
1784 4075 1852 4114 ex
1893 4059 2049 4116 Actis

444 4149 844 4220 apostolorum.
897 4152 1162 4207 Attamen
1191 4147 1552 4206 afﬂictionem
1589 4148 1748 4219 banc,
1777 4165 1874 4206 seu
1907 4149 2046 4220 peri-

2158 4143 2262 4201 τῶν
2300 4140 2580 4220 Πράξεων.

445 4238 592 4306 cula,
635 4239 743 4296 laeti
794 4240 1067 4312 suscipite.
1112 4243 1484 4311 Interpretans
1529 4247 1715 4296 autem
1760 4238 2044 4312 quomodo

444 4327 607 4385 liceat
667 4337 724 4385 et
774 4329 889 4385 ﬁeri
959 4329 1152 4401 possit,
1207 4337 1269 4386 ut
1320 4328 1587 4401 quispiam
1636 4329 1692 4384 in
1743 4328 2046 4387 afﬂictione

445 4417 684 4485 laetetur,
703 4418 866 4489 dixit,
893 4421 1024 4477 Cum
1042 4420 1242 4490 gaudio
1262 4422 1504 4494 Spiritus
1531 4422 1726 4476 sancti.
1754 4422 1882 4476 Non
1902 4419 2048 4476 enim

448 4507 701 4581 permisit
724 4525 824 4567 vos
859 4509 1096 4584 Spiritus
1134 4518 1360 4567 sanctus
1385 4509 1596 4577 dolere,
1627 4509 1726 4568 sed
1751 4509 1912 4567 dolor
1936 4519 2054 4566 erat

448 4598 504 4653 in
569 4598 733 4658 rebus
785 4600 1196 4674 corporalibus;
1261 4599 1524 4674 gaudium
1581 4616 1710 4656 vero
1761 4615 1792 4657 a
1845 4600 2052 4672 Spiritu

446 4687 703 4747 dabatur.
748 4688 1239 4761 Quemadmodum
1271 4689 1420 4747 enim
1463 4689 1520 4746 in
1558 4689 1786 4746 ﬂamma
1828 4691 1979 4762 pueri
2021 4705 2052 4746 a

446 4780 651 4852 Spiritu
699 4782 1022 4839 exsibilante
1060 4781 1472 4850 irrorabantur;
1513 4781 1662 4838 hunc
1707 4781 1776 4839 ad
1823 4781 2054 4838 modum

449 4879 506 4927 et
545 4887 642 4928 vos
684 4871 739 4928 in
781 4872 1032 4944 periculis
1059 4871 1294 4944 Spiritus
1334 4871 1491 4928 laetos
1520 4871 1775 4941 faciebat,
1810 4871 2052 4929 futuram

449 4959 604 5017 vobis
660 4970 1095 5032 praemonstrans
1156 4961 1599 5018 retributionem.
1650 4961 2057 5018 Animadverte

448 5059 635 5107 autem
692 5059 812 5107 tum
865 5051 1186 5124 quempiam
1243 5051 1364 5108 ﬁeri
1416 5050 1751 5130 imitatorem
1803 5050 2053 5118 Domini,

447 5140 668 5212 quando
741 5141 984 5213 pericula
1047 5139 1287 5197 sustinet
1361 5156 1491 5197 cum
1561 5139 1757 5213 gaudio
1823 5141 2058 5213 Spiritus

446 5233 647 5288 sancti.

521 5321 702 5379 Vsus.
735 5328 788 5378 7.
822 5324 908 5378 Ita
944 5326 1007 5377 ut
1034 5337 1125 5377 vos
1155 5323 1297 5390 facti
1322 5323 1446 5379 sitis
1473 5323 1655 5391 forma
1679 5323 1922 5379 omnibus
1953 5336 2061 5377 cre-

446 5412 694 5468 dentibus
741 5414 800 5469 in
851 5413 1170 5470 Macedonia
1221 5417 1274 5469 et
1319 5413 1555 5469 Achaia.
1610 5412 1722 5468 Etsi
1768 5421 2049 5486 postremo

532 5577 555 5609 ίι
576 5569 737 5623 Joan.
769 5580 928 5635 xvn,
960 5571 1009 5621 1.

2164 2907 2316 2964 τερον
2344 2883 2575 2952 ἐκείνους
2617 2884 2976 2965 ἐγκωμιάσαι.

2257 2994 2285 3031 ιι
2325 2973 2437 3034 Καὶ
2491 2979 2640 3053 ὑμεῖς
2685 2975 2919 3054 μιμηταὶ
2971 2975 3127 3048 ἡμῶν
3179 2972 3470 3053 ἐγενήθητε
3528 2970 3620 3032 καὶ
3673 2979 3769 3033 τοῦ

2169 3063 2440 3144 Κυρίου.»
2483 3063 2898 3147 Ἀναῤῥώννυσιν
2939 3063 3128 3132 αὐτοὺς
3171 3068 3248 3145 τῷ
3277 3087 3334 3122 τε
3374 3066 3607 3123 ἐπαινεῖν
3629 3106 3646 3135 ,
3674 3063 3770 3123 καὶ

2163 3156 2240 3232 τῷ
2291 3154 2724 3231 ὑπομιμνήσκειν
2774 3152 2854 3214 ὅτι
2913 3153 3007 3214 καὶ
3075 3153 3226 3212 αὐτοὶ
3283 3155 3380 3212 οὐκ
3440 3150 3771 3232 ἀπελείφθη-

2162 3265 2260 3300 σαν
2292 3244 2457 3302 αὐτοῦ
2509 3245 2617 3311 τοῖς
2663 3243 2946 3312 κινδύνοις.
2999 3242 3180 3304 Βαϐαὶ
3210 3242 3301 3315 δὲ,
3344 3234 3453 3303 οἶον
3485 3243 3548 3302 τὸ
3594 3241 3769 3319 ἐγκώ-

2162 3355 2320 3408 μιον,
2377 3330 2621 3412 μιμητὰς
2651 3332 2802 3402 εὐθὺς
2845 3339 2940 3393 τοῦ
2987 3332 3314 3393 διδασκάλου
3345 3331 3620 3412 γενέσθαι,
3675 3330 3770 3391 καὶ

2159 3425 2219 3480 οὐ
2249 3422 2410 3500 μόνον
2437 3425 2634 3498 αὐτοῦ,
2668 3423 2807 3484 ἀλλὰ
2840 3422 2932 3482 καὶ
2963 3428 3056 3482 τοῦ
3106 3421 3342 3502 Κυρίουῐ
3395 3425 3520 3489 Πῶς
3563 3420 3618 3480 δὲ
3650 3420 3768 3499 ἐγέ-

2160 3534 2308 3572 νοντο
2351 3518 2447 3572 τοῦ
2494 3513 2693 3597 Κυρίου
2747 3511 3015 3590 μιμηταίς
3060 3510 3194 3574 Ὅτι
3241 3512 3334 3572 καὶ
3385 3511 3542 3573 αὐτὸς
3587 3509 3771 3572 πολλὰ

2159 3600 2343 3662 παθὼν
2386 3601 2619 3682 ἔχαιρενο
2670 3599 2807 3663 ἑκὼν
2854 3601 2959 3683 γὰρ
3002 3602 3090 3662 ἐπὶ
3128 3605 3288 3661 τοῦτο
3339 3601 3541 3683 ἤρχετο
3558 3648 3576 3682 ,
3629 3598 3770 3661 ὥστε

2158 3690 2248 3750 καὶ
2277 3691 2448 3771 λέγειν
2479 3695 2557 3773 τῷ
2592 3691 2788 3773 Ιῖιιιτρί⁹
2830 3714 2860 3751 ιι
2885 3689 3123 3761 Δόξασόν
3155 3713 3242 3769 με.
3275 3712 3305 3749 ι)

2250 3802 2278 3838 ιι
2304 3781 2593 3858 Δεξάμενοι
2645 3782 2734 3840 τὸν
2790 3781 2944 3860 λόγον
2998 3784 3051 3841 ἐν
3105 3783 3282 3858 θλίψει
3333 3781 3546 3860 πολλῇ,
3617 3777 3760 3858 μετὰ

2159 3879 2332 3950 χαρᾶς
2389 3870 2706 3948 Πνεύματος
2743 3871 2917 3950 ἁγίου.
2967 3895 2994 3924 ιι
3043 3873 3170 3951 Οὐχ
3220 3870 3404 3938 ἁπλῶς
3457 3868 3594 3946 μετὰ
3643 3870 3766 3928 θλί-

2158 3963 2297 4042 ψεως
2341 3961 2585 4032 ἐδέξασθε
2633 3961 2724 4021 τὸν
2782 3961 2977 4041 λόγον,
3028 3960 3166 4021 ἀλλὰ
3219 3961 3312 4020 καὶ
3361 3959 3499 4038 μετὰ
3535 3961 3772 4032 πολλῆς,

2155 4051 2429 4130 τουτέστι,
2479 4050 2620 4129 μετὰ
2666 4049 2942 4111 κινδύνων.
3022 4049 3134 4112 Καὶ
3186 4055 3342 4110 τοῦτο
3393 4049 3611 4130 μαθήσῃ
3662 4049 3771 4107 ἀπὸ

2669 4139 2808 4202 Ἀλλ’
2849 4139 2998 4219 ὅμως
3030 4139 3234 4213 ταύτην
3275 4139 3372 4213 τὴν
3397 4141 3583 4220 1θλῖψιν
3603 4185 3620 4213 ,
3651 4138 3771 4210 ἤτοι

2152 4230 2272 4299 τοὺς
2299 4231 2596 4310 κινδύνους,
2643 4231 2923 4312 χαίροντες
2951 4232 3320 4312 ὑποδέχεσθε.
3410 4227 3766 4309 Ἑρμηνεύων

2156 4321 2214 4380 δὲ
2233 4365 2250 4396 ,
2271 4323 2387 4388 πῶς
2411 4320 2612 4382 ἔνεστιν
2634 4310 2685 4381 ἐν
2717 4310 2893 4403 θλίψει
2919 4321 3156 4403 χαίρειν,
3188 4310 3323 4380 εἶπε
3350 4342 3381 4375 ιι
3409 4321 3566 4380 Μετὰ
3595 4328 3772 4398 χαρᾶς

2163 4411 2476 4488 Πνεύματος
2505 4410 2677 4490 ἁγίου.
2706 4434 2736 4470 ι)
2773 4413 2856 4471 Οὐ
2893 4411 2997 4490 γὰρ
3033 4413 3240 4492 ἀφῆκεν
3271 4413 3412 4488 ὑμᾶς
3444 4411 3504 4468 τὸ
3541 4411 3772 4485 Πνεῦμα

2163 4504 2381 4578 ἀλγεῖν,
2434 4500 2551 4561 ἀλλ’
2597 4506 2632 4573 ἡ
2693 4501 2789 4579 μὲν
2842 4499 3094 4580 ἀλγηδὼν
3141 4503 3195 4559 ἐν
3244 4503 3350 4568 τοῖς
3411 4499 3771 4576 σωματικοῖς,

2161 4595 2196 4664 ἡ
2233 4589 2288 4650 δὲ
2318 4591 2467 4674 παρὰ
2497 4598 2589 4651 τοῦ
2625 4591 2949 4669 Πνεύματος
2991 4591 3213 4652 ἐδίδοτο.
3321 4588 3419 4657 Ὡς
3465 4589 3570 4670 γὰρ
3609 4590 3662 4648 ἐν
3697 4593 3768 4668 τῇ

2163 4683 2318 4765 φλογὶ
2365 4681 2692 4764 ἐδροσίζοντο
2730 4684 2779 4740 οἱ
2829 4683 3020 4748 παῖδες
3056 4683 3132 4762 τῷ
3177 4680 3539 4760 διασυρίζοντι
3595 4678 3768 4739 Πνεύο

2165 4795 2328 4848 ματι,
2375 4771 2516 4831 οὕτω
2545 4771 2638 4831 καὶ
2671 4775 2809 4839 ὑμᾶς
2857 4774 2912 4832 ἐν
2945 4779 3054 4840 τοῖς
3081 4770 3340 4840 κινδύνοις
3369 4767 3678 4851 ἐχαροποίει
3710 4768 3771 4827 τὸ

2164 4865 2423 4941 Πνεῦμα,
2464 4862 2562 4935 τὴν
2623 4862 2926 4939 μέλλουσαν
2992 4859 3369 4942 προσδεικνύον
3573 4857 3769 4936 προδ.]

2165 4956 2288 5029 ὑμῖν
2324 4951 2770 5030 μισθαποδοσίαν.
2867 4950 3020 5033 Ὅρα
3048 4951 3105 5010 δὲ
3149 4951 3234 5011 ὅτι
3263 4950 3384 5010 τότε
3431 4971 3512 5017 τις
3561 4947 3769 5026 γίνεται

2165 5047 2258 5101 τοῦ
2310 5041 2511 5123 Κυρίου
2562 5041 2837 5121 μιμητὴς,
2885 5041 2972 5101 ὅτε
3015 5038 3283 5108 κινδύνους
3325 5037 3577 5117 ὑπομένει
3621 5037 3760 5116 μετὰ

2165 5140 2340 5214 χαρᾶς
2375 5133 2529 5212 ἁγίου
2559 5132 2897 5211 Πνεύματος.

2253 5336 2282 5372 ιι
2337 5311 2523 5373 υΩστε
2575 5312 2824 5392 γενέσθαι
2887 5315 3026 5390 ὗμᾶς
3081 5309 3276 5377 τύπους
3329 5317 3463 5371 πᾶσι
3517 5316 3622 5376 τοῖς
3679 5325 3772 5366 πι-

2165 5401 2443 5464 στεύουσιν
2495 5405 2550 5462 ἐν
2697 5402 3011 5483 Μακεδονία
3053 5399 3146 5461 καὶ
3285 5397 3498 5483 Ἀχαΐα.
3543 5420 3572 5457 n
3654 5398 3769 5459 Καὶ

1861 5646 2046 5706 Variae
2089 5647 2393 5708 lectiones.

522 5769 566 5806 ⁸⁸
593 5770 872 5826 πιστεύουσι
909 5787 988 5828 m.
1056 5761 1102 5808 ⁸⁵
1133 5770 1342 5841 πάσχων
1373 5786 1453 5827 m.
