4104 6432
329 423 466 477 1285

1182 415 1535 473 EXPOSITIO
1576 418 1643 472 IN
1683 418 1889 473 EPIST.
1932 417 1952 473 Ι
1990 418 2080 472 AD
2118 417 2346 474 THESS.
2388 448 2456 459 —
2497 419 2647 475 CAP.
2692 422 2730 475 Ι.

3502 428 3635 482 1286

326 545 432 617 μὴν
458 548 509 604 ἐν
546 543 752 624 ὑστέρῳ
794 534 923 615 ἦλθε
962 544 1177 610 Παῦλος
1215 542 1343 624 πρὸς
1383 542 1597 611 τούτους
1619 587 1636 621 ,
1674 542 1791 601 ἀλλ’
1831 541 1923 602 οὕ-

2048 542 2106 599 ιᾱ
2156 559 2253 600 eos
2302 543 2510 601 Paulus
2550 546 2778 615 venerit,
2820 546 2898 603 sic
2926 554 3136 617 tamen,
3163 548 3364 622 inquit,
3396 549 3638 622 resplen-

322 660 423 702 τως
449 636 758 716 ἐλάμψατε,
792 632 955 713 φησὶν
974 676 990 705 ,
1031 636 1101 699 ὣς
1132 635 1239 691 τῶν
1272 632 1647 711 προλαϐόντων
1679 632 1921 711 γενέσθαι

323 726 657 784 διδάσκαλοι.
710 722 821 783 Καὶ
849 727 1003 781 τοῦτο
1036 721 1089 780 δὲ
1128 722 1354 799 μίμησις
1405 723 1655 782 Παύλου·
1697 721 1787 781 καὶ
1820 722 1924 801 γὰρ

323 814 416 873 καὶ
465 816 621 882 αὐτὸς
668 812 884 891 ὕστερος
925 810 1263 891 προσελθὼν,
1315 811 1519 879 πάντας
1570 811 1918 892 ὑπερέϐαλεν.

320 902 471 984 "Ope:
502 903 587 977 δὲ,
615 905 711 963 οὐκ
750 893 898 975 εἷπε,
932 901 1149 968 Τόπους
1177 900 1422 977 γενέσθαι
1456 901 1586 980 πρὸς
1614 902 1674 961 τὸ
1709 906 1928 961 πιστεῦη

324 1017 450 1069 σαι,
482 993 658 1066 ἀλλὰ,
710 994 840 1059 Τοῖς
875 990 979 1064 ἤδη
1024 989 1345 1050 πιστεύσασι
1365 991 1416 1028 ⁹⁰
1454 990 1617 1059 τύπος
1662 992 1926 1067 ἐγένεσθε,

324 1087 437 1152 πῶς
489 1086 567 1143 δεῖ
623 1081 922 1155 πιστεύειν,
953 1080 1064 1162 Έὸτι
1122 1080 1259 1157 μετὰ
1318 1080 1640 1161 θερμότητος
1692 1081 1782 1139 καὶ
1836 1085 1929 1151 τῆς

324 1174 452 1252 πρὸς
511 1171 629 1240 τοὺς
691 1172 964 1240 κινδύνους
1031 1170 1388 1249 ἑτοιμότητος.
1450 1169 1670 1250 Ἀχαίαν
1724 1169 1777 1228 δὲ
1831 1170 1926 1241 τὴν

324 1261 564 1325 Ἑλλάδα
594 1263 781 1345 φησίν.

414 1376 443 1411 (ι
475 1352 584 1434 Ἀφ’
630 1356 779 1429 ὑμῶν
812 1349 914 1432 γὰρ
961 1349 1221 1432 ἐξήχηται
1252 1355 1280 1410 ὁ
1310 1349 1462 1427 λόγος
1490 1354 1584 1409 τοῦ
1618 1348 1843 1430 Κυρίου.
1888 1372 1917 1407 ι)

323 1444 646 1515 Τουτέστιν,
683 1439 750 1502 Ἦ
785 1440 908 1522 περὶ
950 1445 1043 1512 τῆς
1073 1443 1221 1518 ὑμῶν
1252 1444 1443 1520 ἀρετῆς
1486 1440 1640 1520 φήμη
1677 1439 1925 1511 ἐποίησεν

323 1532 640 1602 ἐξάκουστον
673 1532 919 1611 γενέσθαι
948 1540 1085 1589 πᾶσι
1137 1531 1196 1589 τὸ
1231 1530 1518 1609 κήρυγμα,
1563 1529 1655 1587 καὶ
1709 1529 1924 1588 πάντων

319 1627 460 1699 ὑμᾶς
489 1622 773 1688 παιδευτὰς
821 1624 1113 1702 δειχθῆναι.
1157 1620 1238 1681 Τὸ
1268 1621 1353 1693 δὲ,
1379 1646 1404 1671 ιι
1434 1618 1757 1699 Ἐξήχηται,
1784 1646 1805 1671 ι
1861 1621 1929 1685 ὡς

326 1712 415 1772 ἐπὶ
470 1713 761 1792 σάλπιγγος
829 1711 1078 1792 λαμπρὸν
1149 1710 1419 1789 ἠχούσης,
1480 1709 1572 1767 καὶ
1648 1708 1736 1767 ἐπὶ
1792 1706 1927 1766 πολὺ

326 1800 645 1882 φθανούσης.

2029 631 2250 701 duistis,
2297 640 2359 689 ut
2405 649 2599 691 eorum
2644 636 2736 708 qui
2786 638 3162 707 prmeesserint
3202 654 3302 695 vos
3346 638 3478 695 facti
3516 640 3635 696 sitis

2032 722 2311 780 doctores.
2339 727 2518 796 Atque
2537 723 2655 781 haec
2674 733 2758 781 est
2785 727 2938 783 Pauli
2959 728 3217 785 imitatio.
3240 731 3382 785 Nam
3413 739 3471 785 et
3496 730 3634 801 ipse,

2035 821 2349 885 postremus
2398 813 2681 882 accedens,
2753 832 2948 873 omnes
3011 818 3311 889 superavit.
3374 819 3634 891 Expende

2032 911 2239 974 autem,
2267 903 2415 975 quod
2455 920 2568 960 non
2597 905 2821 975 dixerit,
2850 908 3007 963 Facti
3026 908 3157 965 estis
3185 907 3395 977 forma,
3428 917 3490 965 ut
3518 926 3636 966 cre-

2033 992 2233 1050 derent
2286 994 2407 1061 alii;
2460 1010 2652 1051 verum
2692 995 2808 1068 jam
2863 997 3214 1055 credentibus
3270 998 3449 1055 forma
3509 999 3642 1055 facti

2034 1083 2189 1154 estis,
2237 1083 2517 1155 quomodo
2589 1094 2841 1156 oporteat
2889 1087 3131 1157 credere,
3188 1089 3454 1145 nimirum
3510 1105 3637 1144 cum

2033 1171 2247 1229 fervore
2277 1182 2333 1229 et
2360 1175 2797 1245 promptitudine
2828 1175 2900 1233 ad
2929 1177 3189 1249 pericula.
3237 1181 3341 1235 Per
3368 1178 3637 1236 Achaiam

2034 1272 2220 1319 autem
2272 1263 2542 1320 Graeciam
2568 1264 2852 1339 intelligit.

2107 1353 2290 1410 Van.
2312 1360 2361 1409 8.
2391 1358 2438 1408 Α
2457 1355 2607 1410 vobis
2636 1357 2779 1411 enim
2805 1358 3045 1413 insonuit
3068 1373 3239 1414 sermo
3260 1360 3495 1415 Domini.
3519 1360 3641 1416 Hoc

2036 1451 2140 1509 est,
2181 1441 2331 1499 fama
2362 1442 2430 1500 de
2468 1444 2673 1501 virtute
2701 1454 2879 1502 vestra
2918 1445 3067 1516 fecit,
3118 1456 3180 1504 ut
3210 1448 3525 1520 praedicatio
3556 1450 3638 1505 in-

2035 1540 2347 1589 notesceret
2393 1534 2675 1604 omnibus,
2727 1552 2932 1607 vosque
2978 1538 3235 1594 omnium
3294 1538 3645 1597 institutores

2037 1621 2489 1679 ostenderemini.
2554 1624 2696 1681 illud
2771 1634 2979 1695 autem,
3036 1630 3299 1693 Insonuit,
3356 1630 3517 1685 veluti
3578 1629 3645 1685 de

2035 1711 2167 1767 tuba
2197 1712 2412 1769 dictum
2439 1721 2539 1780 est,
2572 1729 2694 1787 quae
2716 1716 2862 1771 clare
2890 1726 3070 1786 sonat,
3104 1725 3162 1773 et
3190 1718 3405 1775 sonitus
3432 1719 3552 1791 ejus
3576 1718 3645 1776 ad

2037 1802 2243 1857 multos
2262 1803 2534 1873 pervenit.

417 1914 447 1951 tt
477 1894 558 1952 Οὐ
599 1891 755 1968 μόνον
806 1892 858 1949 ἐν
901 1893 967 1969 τῇ
1017 1889 1334 1969 Μακεδονίᾳ
1387 1886 1479 1945 καὶ
1531 1884 1756 1966 Ἀχαΐᾳ,
1790 1885 1928 1944 ἀλλὰ

482 1983 497 1994 .
722 1980 733 1994 .
854 1980 867 1994 ,
1029 1984 1044 1994 .
1162 1980 1173 1994 ,
1353 1981 1369 1994 ,
1430 1982 1463 1994 ...
1577 1982 1595 1994 .
1733 1977 1747 1994 .
1872 1975 1884 1994 ι

2110 1893 2233 1949 Νοη
2279 1894 2451 1948 solum
2485 1896 2544 1948 in
2596 1894 2913 1950 Macedonia
2954 1900 3005 1951 et
3058 1896 3312 1962 Achaia,
3360 1899 3454 1954 sed
3495 1903 3547 1954 et
3585 1902 3645 1954 in

328 1981 420 2041 καὶ
475 1983 527 2040 ἐν
582 1980 743 2039 παντὶ
806 1980 956 2059 τόπῳ
1019 1984 1054 2051 ἡ
1112 1980 1288 2045 πίστις
1349 1981 1498 2053 ὑμῶν
1567 1982 1601 2048 ἡ
1656 1977 1785 2055 πρὸς
1837 1975 1928 2035 τὸν

328 2070 468 2132 Θεὸν
519 2070 851 2141 ἐξελήλυθεν.
902 2091 931 2127 ι)
991 2070 1107 2140 Τὴν
1174 2068 1269 2144 μὲν
1328 2065 1699 2139 Μακεδονίαν,
1775 2065 1936 2147 φησὶ,

328 2164 421 2223 καὶ
487 2161 586 2235 τὴν
646 2160 889 2223 Ἑλλάδα
946 2164 1040 2219 τοῦ
1090 2158 1247 2238 λόγου
1295 2158 1387 2218 καὶ
1442 2161 1537 2229 τῆς
1591 2156 1936 2223 δίδασκαλίας

330 2252 663 2325 ἐνεπλήσατε
729 2256 807 2331 τῷ
872 2252 990 2310 καθ’
1056 2248 1244 2317 αὑτοὺς
1300 2247 1684 2326 ὑποδείγματι·
1739 2251 1832 2305 τοῦ
1879 2244 1932 2305 δὲ

329 2344 634 2423 θαύματος,
689 2342 865 2401 πάντα
933 2340 1157 2421 τρόπον,
1216 2339 1359 2407 ὅπως
1414 2341 1466 2397 ἐν
1532 2337 1671 2397 οὕτω
1725 2342 1925 2418 βραχεῖ

330 2433 507 2515 χρόνῳ
548 2430 814 2505 τοσαύτην
864 2429 1042 2492 πίστιν
1096 2430 1388 2510 [μακρὰν]
1431 2427 1790 2515 ἐπεδείξασθε.
1836 2426 1937 2494 ⁸Ως

330 2508 453 2605 περὶ
480 2508 733 2604 ’ἐμψύχου
783 2522 840 2584 δέ
878 2545 1016 2590 τινος
1047 2508 1423 2601 διαλεγόμενος
1468 2508 1583 2578 εἶπε
1628 2517 1716 2593 τὸ,
1751 2545 1776 2570 α
1815 2516 1936 2586 Ἐξο

330 2615 599 2687 ελήλυθεν.
637 2638 667 2669 ν

429 2727 458 2762 (ι
488 2700 666 2763 Ὥστε
701 2701 774 2780 μὴ
803 2701 989 2782 χρείαν
1017 2705 1161 2779 ἡμᾶς
1192 2697 1333 2779 ἔχειν
1362 2700 1542 2759 λαλεῖν
1575 2720 1646 2757 τι.
1681 2719 1710 2755 1)
1750 2695 1937 2765 Οὕτως

340 2795 452 2854 ἐστὶ
479 2792 681 2875 σφοδρὰ
709 2792 801 2852 καὶ
832 2790 1045 2871 ἐνεργὴς
1075 2794 1109 2862 ἡ
1151 2795 1246 2860 τῆς
1286 2789 1514 2855 πίστεως
1556 2790 1704 2865 ὑμῶν
1740 2788 1893 2868 φήμη
1916 2832 1933 2865 ,

337 2882 476 2945 ὥστε
506 2883 625 2943 οὐδὲ
676 2880 1052 2963 περιμένουσιν
1096 2884 1242 2957 ἡμᾶς
1281 2881 1330 2939 οἱ
1363 2878 1635 2958 ἄνθρωποι
1680 2877 1845 2936 εἰπεῖν
1889 2900 1941 2935 τι

338 2975 461 3054 περὶ
517 2977 707 3052 ὑμῶν,
756 2974 875 3032 ἀλλ’
913 2972 1098 3054 ὁσάκις
1148 2968 1564 3050 ἐπιχειρήσομεν
1603 2966 1807 3046 λέγειν,
1854 2964 1941 3026 ἵνα

336 3053 609 3133 κάκείνους
663 3063 736 3129 εἰς
796 3061 883 3120 τὸν
924 3053 1045 3120 ἶσον
1088 3063 1245 3132 ζῆλον
1297 3057 1649 3136 ἐμϐάλωμεν,
1698 3056 1940 3138 προφθά-

335 3176 511 3213 νουσιν
548 3160 694 3231 ἡμᾶς
718 3154 906 3211 ἐκεῖνοι
926 3165 957 3224 ,’
974 3150 1040 3210 τὰ
1066 3148 1300 3229 ὑμέτερα
1331 3147 1473 3207 καλὰ
1500 3146 1859 3225 διηγούμενοι.

2043 1985 2193 2037 omni
2218 1982 2325 2038 loco
2344 1984 2475 2053 ﬁdes
2513 1988 2689 2039 vestra
2710 2001 2829 2055 qua:
2868 1990 2944 2041 est
2963 1987 3037 2041 ad
3058 1991 3258 2051 Deum,
3298 2004 3509 2058 egressa
3544 1994 3643 2045 est.

2044 2073 2312 2145 Exemplo
2360 2082 2577 2141 vestro,
2630 2074 2838 2147 inquit,
2885 2076 3269 2133 Macedoniam
3322 2077 3545 2150 quidem
3593 2086 3649 2135 et

2044 2161 2315 2219 Achaiam
2366 2163 2533 2220 verbo
2578 2172 2634 2220 et
2673 2164 2924 2221 doctrina
2961 2166 3244 2238 replestis;
3284 2166 3650 2224 admiratione

2045 2267 2197 2321 vero,
2230 2268 2452 2310 omnem
2479 2254 2684 2323 locum,
2716 2254 3232 2327 quomodo.scilicet
3261 2258 3317 2314 in
3344 2267 3457 2314 tam
3498 2257 3648 2314 brevi

2045 2343 2312 2415 temporis
2347 2344 2525 2416 Spatio
2550 2353 2759 2401 tantam
2791 2345 2956 2402 ﬁdem
2989 2346 3327 2404 ostendistis.
3359 2349 3647 2419 Tanquam

2046 2441 2235 2491 autem
2263 2436 2335 2491 de
2363 2450 2422 2492 re
2451 2435 2696 2493 animata
2724 2435 2955 2507 loquens
2994 2437 3153 2508 dixit,
3190 2442 3428 2509 Egressa
3455 2443 3550 2496 est.

2117 2703 2203 2758 Ita
2230 2706 2293 2758 ut
2318 2719 2424 2758 non
2449 2704 2523 2759 sit
2553 2705 2707 2760 nobis
2734 2721 2937 2762 necesse
2965 2706 3266 2777 quidquam
3290 2708 3456 2779 loqui.
3493 2707 3649 2765 Adeo

2047 2792 2344 2849 vehemens
2366 2803 2421 2849 et
2462 2792 2657 2850 efﬁcax
2681 2804 2762 2851 est
2802 2794 2933 2852 ﬁdei
2962 2805 3157 2852 vestrm
3186 2795 3354 2866 fama,
3383 2805 3446 2852 ut
3470 2813 3648 2871 neque

2045 2890 2372 2955 exspectent
2417 2899 2521 2940 nos
2562 2883 2818 2941 homines
2858 2884 2995 2942 dum
3037 2886 3366 2959 quidquam}
3381 2886 3450 2943 de
3496 2888 3652 2944 vobis

2047 2971 2300 3029 dicamus
2328 2990 2341 3028 :
2375 2988 2570 3029 verum
2602 2974 2823 3046 quoties
2861 2991 3088 3032 narrare
3118 2992 3405 3044 conamur,
3437 2984 3500 3032 ut
3528 2977 3655 3034 illos

2048 3062 2117 3119 ad
2156 3078 2342 3135 parem
2372 3064 2784 3120 aemulationem
2814 3064 3145 3137 injiciamus,
3178 3066 3522 3138 praeveniunt
3549 3083 3653 3123 nos

2052 3152 2147 3221 illi,
2191 3162 2369 3209 vestra
2400 3153 2564 3209 nobis
2593 3153 2737 3210 bona
2762 3154 3135 3226 praedicantes.

428 3266 458 3304 σ
508 3230 674 3303 Αὐτοὶ
725 3240 829 3321 γὰρ
861 3240 983 3321 περὶ
1030 3243 1182 3318 ἡμῶν
1229 3237 1693 3317 ἀπαγγέλλουσιν,
1757 3235 1942 3296 ὁποίαν

2120 3244 2303 3299 νΕΒε.
2345 3249 2399 3298 9.
2431 3246 2549 3314 Ipsi
2574 3246 2717 3300 enim
2749 3245 2816 3301 de
2851 3246 3004 3301 nobis
3033 3248 3401 3311 annuntiant,
3436 3248 3651 3319 qualem

335 3332 535 3395 εἴσοδον
590 3334 783 3413 ἔχομεν
815 3331 860 3369 ⁰¹
916 3329 1045 3411 πρὸς
1091 3333 1251 3407 ὑμᾶς.
1294 3350 1324 3386 n
1378 3327 1700 3401 Τουτέστιν,
1743 3324 1824 3385 ὅτι
1868 3325 1935 3386 Ἦ

341 3423 576 3503 ἡμετέρα
644 3422 776 3501 πρὸς
848 3423 986 3498 ὑμᾶς
1046 3419 1249 3485 ἔλευσις
1320 3416 1558 3476 θανάτων
1624 3416 1781 3497 ἔγεμε
1841 3441 1940 3493 μυ·

341 3513 465 3592 ρίων
487 3555 503 3587 ,
538 3514 657 3571 ἀλλ’
702 3510 846 3586 ὅμως
877 3512 1027 3587 ὑμεῖς
1058 3510 1151 3567 οὐκ
1186 3507 1639 3580 ἐσκανδαλίσθητε
1672 3508 1751 3587 ἐφ’
1783 3511 1936 3583 ἡμῖν.

340 3603 501 3664 Ἀλλὰ
547 3601 639 3661 καὶ
701 3605 849 3677 ὑμεῖς
904 3597 1161 3665 κινδύνοις
1222 3598 1291 3654 δι’
1346 3600 1490 3674 ἡμᾶς
1540 3594 1941 3676 περιπεσόντες,

341 3695 437 3751 οὐκ
469 3691 849 3772 ἀπεστράφητε
901 3693 1083 3768 ἡμᾶς,
1141 3688 1262 3746 ἀλλ’
1292 3685 1457 3753 οὕτως
1503 3690 1659 3762 ἡμῶν
1697 3686 1942 3772 εἴχεσθε,

341 3787 415 3851 ὡς
465 3766 666 3861 μυρίων
726 3766 951 3859 οἶγαθῶνή
998 3775 1417 3843 ἀπολαύσαντες.
1484 3766 1820 3855 Δευτέραδὲ
1878 3766 1942 3847 ἧν

344 3872 479 3945 αὕτη
534 3872 754 3937 εἴσοδος.
793 3869 904 3931 Kal
944 3867 1046 3949 γὰρ
1102 3864 1345 3927 ἀπελθὼν
1379 3867 1449 3933 είς
1496 3867 1751 3947 Βέῤῥοιαν
1795 3864 1944 3923 ἐδιώη

342 3968 480 4043 χθη·
539 3963 782 4021 κάκεῖθεν
840 3957 1038 4034 ἐλθὼν,
1090 3955 1255 4024 οὕτως
1290 3954 1512 4037 ἐδέχθη,
1542 3955 1681 4014 ὥστε
1731 3953 1946 4022 καὶτὰς

344 4050 520 4134 ψυχὰς
550 4052 723 4110 αὐτῶν
750 4049 882 4131 ὑπὲρ
916 4050 1076 4107 αὐτοῦ
1108 4050 1293 4106 θεῖναι.

436 4253 466 4289 (ι
498 4228 606 4291 Kal
657 4231 769 4295 πῶς
819 4225 1181 4307 ἐπεστρέψατε
1217 4224 1347 4306 πρὸς
1392 4224 1481 4283 τὸν
1535 4223 1675 4284 Θεὸν
1706 4221 1811 4281 ἀπὸ
1840 4225 1943 4281 τῶν

347 4320 607 4392 εἰδώλων,
639 4317 902 4379 δουλεύειν
947 4320 1072 4397 Θεῷ
1100 4320 1255 4385 ζῶντι
1286 4315 1377 4374 καὶ
1410 4317 1665 4394 ἀληθινῷ.
1701 4336 1729 4371 ››
1766 4316 1941 4373 Τουτ-

346 4411 528 4485 ἐστιν,
564 4410 645 4469 ὅτι
695 4408 967 4485 εὐκόλως,
1021 4406 1102 4464 ὅτι
1149 4405 1287 4484 μετὰ
1330 4406 1531 4477 πολλῆς
1580 4410 1677 4477 τῆς
1726 4401 1947 4483 σφοδρό-

345 4524 523 4575 τητος.
580 4499 843 4561 Ἐνταῦθα
888 4495 943 4556 δὲ
999 4495 1457 4575 ἄνεπαχθέστερον
1486 4495 1579 4555 καὶ
1635 4493 1946 4574 παραίνεσιν

350 4590 672 4671 εἰσήγαγεν,
737 4586 1165 4665 ἀναμιμνήσκων
1242 4583 1433 4652 αὐτοὺς
1497 4584 1792 4662 εὖμεθόδως
1848 4582 1952 4641 ἀπὸ

348 4679 504 4740 τίνων
541 4683 614 4748 εἷς
644 4678 761 4738 τίνα
810 4680 1105 4754 μετῆλθον,
1156 4673 1245 4733 ἵνα
1276 4674 1369 4733 καὶ
1407 4673 1560 4743 ἀξίως
1590 4675 1767 4732 αὐτῶν
1798 4676 1947 4743 ζῶσι.

438 4794 467 4829 (ι
500 4769 608 4832 Καὶ
662 4769 948 4845 ἀναμένειν
998 4767 1085 4826 τὸν
1133 4764 1264 4825 rt?»
1322 4767 1483 4823 αὐτοῦ
1539 4765 1599 4822 ἐκ
1651 4766 1760 4823 τῶν
1794 4765 1954 4844 οὖρα·

350 4863 455 4920 νῶν
520 4858 627 4939 (ὃν
699 4857 907 4939 ἤγειρεν
967 4858 1029 4915 ἐκ
1086 4858 1191 4913 τῶν
1248 4851 1541 4934 νεκρῶν),
1593 4853 1801 4925 Ἰησοῦν
1866 4852 1954 4910 τὸν

355 4949 605 5033 ῥυόμενον
666 4952 814 5023 ἡμᾶς
885 4946 991 5006 ἀπὸ
1038 4949 1132 5016 τῆς
1184 4945 1344 5024 ὀργῆς
1388 4948 1481 5017 τῆς
1551 4942 1867 5023 ἐρχομένης.
1897 4964 1946 5033 λι)

352 5030 463 5101 Καὶ
490 5044 645 5098 τοῦτο
694 5040 789 5108 τῆς
843 5037 1007 5109 αὐτῆς
1067 5032 1306 5113 μεθόδου
1359 5033 1494 5092 ἐστί.
1550 5033 1806 5093 Διδάσκει
1853 5030 1957 5112 γὰρ

354 5130 408 5188 ἐν
440 5128 566 5187 εἴδει
616 5125 950 5206 διηγήσεως,
1005 5124 1309 5205 περιμένειν
1341 5122 1431 5181 τὸν
1474 5122 1603 5183 Υἱὸν
1648 5127 1739 5180 τοῦ
1782 5123 1948 5181 Θεοῦ.

355 5217 683 5299 Παραμυθία
731 5216 836 5296 γὰρ
868 5213 1095 5294 μεγίστη
1139 5214 1249 5281 τοῖς
1278 5212 1610 5291 θλιϐομένοις
1653 5216 1838 5284 τοῦτο,
1875 5208 1956 5269 ὅτι

356 5308 595 5368 ὑπαθὼν
639 5306 875 5388 ἠγέρθη,
929 5303 1022 5364 καὶ
1071 5305 1125 5363 ἐν
1173 5306 1248 5383 τῷ
1288 5304 1494 5383 οὐρανῷ
1544 5304 1692 5374 ἐστι,
1732 5300 1822 5359 καὶ
1875 5299 1971 5379 ὅτι,

355 5398 493 5477 ἥξει,
547 5396 639 5457 καὶ
689 5400 833 5473 ἡμᾶς
875 5394 971 5471 μὲν
1018 5393 1138 5461 τοὺς
1182 5392 1525 5472 θλιϐομένους
1583 5392 1800 5473 ῥύσεται
1848 5390 1957 5449 ἀπὸ

356 5492 451 5561 τῆς
472 5490 649 5570 ξόργῆς
684 5490 779 5559 τῆς
813 5482 1147 5566 ἐρχομένης,
1202 5483 1442 5543 τουτέστι
1492 5485 1588 5556 τῆς
1644 5479 1914 5549 κολάσεως
1936 5529 1949 5553 ,

2050 3334 2341 3388 introitum
2382 3332 2732 3390 habuerimus
2759 3336 2834 3390 ad
2862 3352 2971 3391 vos.
2999 3338 3123 3392 Hoc
3152 3344 3255 3405 est,
3288 3334 3440 3407 quod
3468 3346 3657 3393 noster

2047 3421 2118 3476 ad
2149 3437 2245 3477 vos
2269 3421 2539 3478 adventus
2577 3423 2812 3480 refertus
2849 3425 3334 3483 fueritinnumeris
3359 3426 3653 3494 mortibus,

2049 3527 2147 3566 vos
2198 3521 2389 3568 tamen
2424 3528 2534 3568 non
2578 3514 2709 3569 estis
2756 3513 2956 3570 offensi
2994 3514 3053 3570 in
3108 3515 3287 3572 nobis.
3343 3516 3656 3584 Quinetiam

2050 3617 2146 3656 vos
2198 3602 2252 3656 in
2298 3601 2530 3673 pericula
2576 3610 2802 3673 propter
2841 3620 2945 3660 nos
2983 3604 3304 3673 incidentes,
3344 3621 3456 3661 non
3484 3606 3658 3662 aversi

2051 3691 2184 3747 estis
2206 3706 2237 3746 a
2266 3689 2448 3759 nobis,
2502 3690 2598 3749 sed
2637 3693 2719 3747 sic
2762 3692 2923 3748 nobis
2949 3693 3333 3760 adhaerebatis,
3361 3710 3463 3751 ceu
3494 3695 3657 3751 innu-

2051 3781 2219 3837 meris
2245 3779 2406 3837 bonis
2434 3796 2465 3837 a
2489 3781 2648 3837 nobis
2688 3783 2836 3839 aucti
2880 3783 3094 3839 essetis.
3144 3784 3429 3841 Secundus
3474 3792 3660 3841 autem

2052 3872 2161 3927 iste
2191 3871 2309 3944 ejus
2332 3887 2584 3929 accessus
2628 3880 2764 3928 erat.
2808 3874 3032 3929 Etenim
3063 3871 3345 3945 profectus
3385 3874 3550 3946 507
3601 3874 3657 3930 iu

2052 3961 2397 4031 Berrhmam,
2435 3962 2871 4035 persecutionem
2910 3979 3102 4036 passus
3129 3971 3213 4020 est
3246 3981 3259 4019 :
3306 3980 3373 4020 ac
3416 3964 3544 4021 inde
3574 3980 3659 4021 ve-

2052 4051 2231 4121 niens,
2260 4052 2341 4108 sic
2380 4059 2464 4108 est
2493 4062 2766 4125 receptus,
2810 4060 2874 4109 ut
2902 4053 2983 4110 vel
3030 4054 3244 4111 animas
3286 4070 3415 4112 suas
3442 4070 3542 4127 pro
3593 4070 3660 4111 eo

2054 4141 2460 4213 impenderent.

2122 4235 2194 4288 Et
2212 4232 2473 4301 quomodo
2496 4234 2739 4287 conversi
2770 4234 2897 4288 estis
2932 4234 3006 4289 ad
3036 4238 3209 4291 Deum
3242 4252 3276 4290 α
3322 4234 3652 4297 simulacris,

2054 4325 2117 4376 ut
2143 4323 2393 4376 servietis
2420 4324 2527 4376 Deo
2555 4324 2757 4377 viventi
2775 4327 2829 4377 et
2848 4339 2997 4378 vero.
3027 4325 3152 4379 Hoc
3171 4333 3276 4395 est,
3297 4323 3447 4397 quod
3471 4322 3658 4393 facile,

2059 4419 2115 4467 et
2141 4426 2269 4467 cum
2307 4426 2505 4483 magna
2528 4410 2872 4468 vehementia
2892 4428 2955 4469 ac
2970 4429 3194 4471 summo
3218 4414 3425 4471 studio.
3444 4414 3551 4469 Hic
3566 4430 3662 4470 au-

2059 4509 2175 4557 tem
2196 4498 2641 4557 adhortationem
2663 4501 2844 4557 minus
2866 4502 3159 4559 molestam
3181 4504 3515 4572 introduxit,
3532 4504 3667 4559 scite

2061 4590 2141 4647 eis
2170 4591 2226 4646 in
2258 4590 2584 4647 memoriam
2614 4607 2875 4648 revocans
2913 4609 2943 4648 a
2974 4592 3171 4665 quibus
3219 4593 3290 4651 ad
3326 4609 3452 4666 qua:
3481 4601 3666 4649 trans-

2063 4680 2239 4747 ierint,
2272 4688 2411 4737 etut
2439 4679 2507 4736 iis
2534 4678 2699 4753 digne
2729 4682 2932 4737 vivant.

2133 4772 2315 4826 Vnus.
2355 4775 2433 4826 ιο.
2484 4774 2556 4827 Et
2602 4774 2915 4841 exspectetis
2961 4773 3164 4827 Filium
3205 4773 3320 4840 ejus
3377 4773 3443 4828 de
3494 4774 3660 4835 oculis,

2064 4865 2244 4931 (quem
2286 4862 2547 4916 excitavit
2600 4877 2668 4916 ea:
2710 4862 2954 4932 mortuis)
3001 4864 3202 4926 Iesum,
3230 4865 3331 4935 qui
3365 4865 3531 4934 eripit
3575 4879 3669 4919 nos

2064 4951 2134 5005 ab
2164 4953 2251 5005 ira
2274 4955 2521 5006 ventura.
2561 4953 2629 5005 Et
2659 4950 2766 5007 hoc
2793 4959 2874 5007 est
2903 4951 3147 5024 ejusdem
3175 4952 3419 5009 metliodi
3455 4972 3467 5008 :
3500 4952 3662 5009 docet

2064 5040 2217 5096 enim
2246 5039 2351 5095 sub
2381 5039 2708 5096 narrationis
2736 5041 2935 5113 specie,
2974 5050 3286 5114 exspectare
3316 5042 3514 5099 Filium
3543 5042 3667 5097 Dei.

2065 5127 2310 5185 Afﬂictis
2338 5130 2490 5186 enim
2522 5128 2642 5187 hac
2665 5139 2747 5187 est
2775 5130 3016 5188 maxima
3039 5132 3366 5200 consolatio,
3398 5131 3548 5205 quod
3579 5133 3667 5203 qui

2065 5234 2253 5291 passus
2296 5227 2398 5288 est,
2445 5219 2711 5277 excitatus
2741 5230 2844 5286 est,
2870 5221 3090 5296 iamque
3123 5222 3179 5278 in
3208 5222 3365 5279 coelis
3407 5230 3515 5289 est,
3547 5230 3672 5278 tum

2066 5308 2219 5382 quod
2270 5308 2362 5365 ille
2405 5317 2666 5367 venturus
2696 5319 2801 5381 est,
2822 5319 2885 5367 ut
2924 5328 3027 5369 nos
3065 5312 3157 5385 qui
3190 5312 3511 5385 afﬂigimur,
3544 5311 3677 5368 libe-

2066 5407 2153 5456 ret
2182 5399 2251 5457 ab
2281 5398 2363 5455 ira
2399 5408 2656 5471 ventura,
2693 5400 2801 5457 hoc
2839 5410 2944 5471 est,
2980 5418 3011 5458 a
3058 5418 3241 5475 poena,
3280 5410 3539 5475 tanquam
3577 5417 3673 5458 eos

2064 5489 2157 5564 qui
2192 5488 2271 5546 illi
2311 5504 2408 5563 per
2443 5488 2611 5548 ﬁdem
2650 5498 2705 5547 et
2745 5490 3159 5551 immaculatam
3187 5494 3357 5552 vitam
3403 5491 3669 5568 placueri-

1767 5681 1955 5743 Variae
2000 5683 2305 5746 lectiones.

432 5785 477 5820 '°
504 5786 781 5841 πιστεύουσι
809 5803 863 5846 o.
904 5778 947 5821 ⁸⁸
981 5789 1197 5858 ἔσχομεν
1226 5801 1280 5842 ο.
