4104 6442
409 410 542 465 1287

1428 406 1944 464 THEOPHYLACTI
1984 406 2342 462 BULGARIE
2381 403 2696 460 ARCHIEP.

3576 399 3718 453 l288

404 552 530 592 mus
562 554 575 591 :
606 533 686 592 eis
710 541 898 591 autem
922 532 1016 607 qui
1046 548 1149 590 nos
1175 530 1453 605 afﬂigunt,
1480 548 1592 590 non
1620 540 1825 605 parcet.
1852 534 2003 605 Quo-

2123 532 2209 592 Ξτε
2256 527 2680 611 εὖηρεστηκότας
2728 529 2874 610 αὐτῷ
2927 525 3014 586 διὰ
3060 528 3157 597 τῆς
3199 524 3433 592 πίστεως
3482 522 3575 582 καὶ
3620 526 3721 595 τῆς

403 626 550 682 niam
598 631 785 681 autem
825 624 1069 697 pericula
1108 622 1229 696 jam
1267 631 1399 679 sunt
1438 623 1499 678 in
1536 623 1810 691 manibus,
1862 623 2006 679 bona

402 730 529 770 vero
568 714 623 769 in
650 729 768 786 spe,
800 729 1058 786 magnam
1085 712 1217 785 ipsis
1242 710 1413 768 ﬁdem
1463 711 1687 780 tribuit;
1728 710 2005 785 siquidem

402 811 717 876 exspectant
738 812 794 860 et
812 812 1034 877 sperant
1052 803 1285 860 ﬁrmiter
1308 817 1431 875 quae
1453 801 1636 860 futura
1659 810 1808 860 sunt.

1020 1075 1263 1132 CAPUT
1305 1074 1386 1129 ιι.

474 1212 656 1267 Vens.
693 1215 743 1264 l.
777 1212 914 1269 Nam
959 1211 1069 1280 ipsi
1125 1210 1274 1264 scitis
1296 1251 1312 1273 ,
1352 1209 1577 1276 fratres,
1612 1207 1895 1261 introitum
1919 1221 2011 1261 no-

401 1304 573 1355 strum
600 1299 675 1355 ad
693 1314 805 1363 vos,
833 1299 978 1369 quod
998 1313 1110 1354 non
1138 1300 1311 1366 fuerit
1340 1299 1534 1353 inanis.
1566 1298 1779 1364 Vestra,
1810 1294 2009 1367 inquit,

399 1402 532 1445 sane
568 1403 768 1461 magna
801 1395 932 1443 sunt
978 1386 1248 1443 :interim
1300 1394 1485 1442 tamen
1527 1399 1703 1457 neque
1749 1399 1854 1440 nos
1907 1382 2011 1439 hu-

401 1492 567 1533 mana
591 1477 806 1534 ratione
829 1476 912 1533 usi
943 1491 1159 1548 sumus,
1193 1490 1373 1547 neque
1402 1474 1588 1531 inanis
1618 1472 1721 1529 fuit
1753 1472 2010 1528 introitus

404 1574 611 1633 noster,
648 1566 756 1624 hoc
779 1574 884 1637 est,
912 1566 1033 1622 sine
1065 1565 1325 1639 periculis
1359 1580 1424 1621 ac
1450 1564 1568 1621 sine
1596 1561 2015 1636 tentationibus,

405 1673 471 1715 ac
496 1657 635 1714 nihil
666 1656 880 1715 habens
906 1656 1202 1713 ﬁrmitatis.
1226 1659 1387 1726 Nam,
1422 1663 1482 1711 ut
1499 1669 1645 1727 saepe
1672 1653 1884 1710 dictum
1909 1660 2016 1715 est,

404 1747 651 1819 pericula
684 1754 816 1804 sunt
843 1762 969 1820 quae
993 1744 1163 1803 ﬁdem
1183 1743 1530 1803 consolidant
1561 1762 1575 1800 :
1603 1743 1742 1801 citra
1766 1742 1889 1801 haec
1909 1758 2013 1800 au-

404 1845 519 1894 tem
548 1836 731 1894 inanis
762 1836 928 1893 fuerit
949 1846 1005 1893 et
1031 1851 1222 1893 vacua.

475 1929 656 1984 Vnus.
680 1933 732 1983 2.
755 1928 863 1985 Sed
888 1930 1015 1982 ante
1032 1927 1193 1982 malis
1214 1926 1430 1995 afflicti,
1457 1930 1508 1981 et
1528 1924 1858 1981 contumeliis
1879 1923 2016 1993 a/fe-
2045 1933 2094 1996 Β

399 2020 492 2082 oti,
522 2019 664 2073 sicut
691 2019 862 2082 scitis,
885 2016 1179 2089 Philippis,
1202 2016 1469 2087 ﬁduciam
1491 2015 1781 2070 habuimus
1820 2016 1881 2068 in
1902 2016 2011 2069 Deo

400 2112 606 2178 nostro,
647 2108 798 2178 loqui
836 2107 911 2162 ad
934 2121 1026 2162 vos
1050 2107 1404 2175 Evangelium
1427 2108 1529 2162 Dei
1552 2106 1610 2159 in
1635 2105 1804 2160 multo
1829 2107 2010 2159 certa—

400 2197 560 2254 mine.
604 2198 748 2254 Cum
782 2196 1166 2265 evasissemus,
1196 2194 1399 2267 inquit,
1448 2193 1690 2268 pericula
1718 2192 1863 2266 apud
1892 2192 2015 2249 Phi-

405 2287 708 2360 lippenses,
764 2285 821 2342 in
875 2286 982 2342 alia
1027 2284 1317 2343 incidimus
1360 2299 1572 2341 rursus.
1617 2283 1756 2341 Vide
1801 2291 2012 2355 autem,

405 2377 689 2450 quomodo
721 2378 842 2433 Deo
870 2391 1066 2432 rursus
1092 2375 1283 2432 omnia
1308 2372 1510 2431 referat
1537 2381 1759 2447 accepta
1800 2390 1814 2428 :
1865 2375 2014 2431 Con-

408 2466 517 2535 ﬂsi,
543 2466 755 2540 inquit,
797 2464 1003 2523 fuimus
1028 2468 1170 2533 Deo,
1198 2464 1303 2521 hoc
1331 2472 1437 2530 est,
1466 2464 1537 2521 ab
1583 2479 1651 2521 eo
1698 2463 2011 2521 confortati.

473 2560 652 2614 Vsus.
673 2563 723 2613 3.
754 2557 1094 2613 Exhortatio
1114 2557 1257 2611 enim
1276 2560 1461 2612 nostra
1481 2570 1593 2610 non
1606 2555 1716 2623 fuit
1730 2571 1798 2611 ea:
1812 2570 2014 2611 errore.

405 2648 527 2704 Ποο
552 2654 657 2717 est,
686 2645 940 2704 doctrina
969 2653 1156 2702 nostra
1177 2661 1292 2701 non
1334 2644 1439 2701 luit
1462 2660 1528 2701 ex
1550 2645 1875 2717 impostura.
1909 2646 2018 2700 lm-

409 2745 657 2810 postores
689 2736 842 2793 enim
870 2735 1082 2808 scipsos
1108 2751 1222 2792 non
1275 2735 1454 2791 solent
1498 2734 1555 2791 in
1584 2734 1823 2808 pericula
1848 2732 2020 2806 conji-

409 2842 556 2895 cere,
583 2825 685 2884 sed
712 2826 894 2899 potius
915 2826 969 2881 in
992 2824 1224 2882 delicias
1251 2842 1266 2881 :
1293 2840 1395 2897 ego
1415 2840 1545 2881 vero
1576 2824 1846 2897 meipsum
1879 2823 2024 2897 peri-

414 2918 551 2975 culis
573 2915 764 2989 objeci.
792 2915 939 2972 Hinc
964 2914 1144 2987 itaque
1186 2913 1543 2971 manifestum
1571 2922 1675 2982 est,
1715 2913 1865 2987 quod
1889 2912 2021 2970 doc-

415 3008 558 3064 trina
587 3021 709 3063 mea
756 3021 870 3062 non
908 3013 1073 3074 erret,
1121 3012 1176 3060 et
1216 3003 1364 3077 quod
1408 3020 1507 3076 pro
1546 3002 1809 3060 humanis
1854 3002 2018 3060 rebus

414 3113 527 3155 non
566 3096 820 3169 elegerim
873 3092 1128 3167 periculis
1175 3108 1299 3151 esse
1352 3092 1650 3164 obnoxius,
1704 3108 1897 3150 verum
1945 3094 2017 3149 ob

410 3186 599 3244 divina
627 3201 692 3242 ac
718 3184 930 3242 stabilia
960 3183 1126 3240 bona.

479 3277 666 3346 Neque
711 3291 779 3331 ea:
806 3274 1183 3329 immunditia.
1214 3274 1338 3329 Hoc
1365 3279 1471 3342 est,
1494 3288 1609 3330 non
1639 3272 1810 3345 508
1836 3271 2014 3344 impu-
2047 3252 2093 3315 ί)

411 3381 540 3424 rum
565 3365 773 3437 aliquid
788 3363 985 3432 doceo,
1009 3361 1341 3436 qualiajsunt
1364 3378 1655 3437 magorum
1684 3371 1743 3421 et
1768 3362 2013 3420 incanta-

415 3465 622 3513 torum.

485 3549 673 3618 Neque
704 3546 765 3601 in
793 3544 932 3600 dolo.
963 3545 1090 3601 Non
1116 3541 1171 3599 in
1200 3542 1577 3614 innovatione,
1601 3542 1689 3601 vel
1720 3541 2011 3613 seditione,

412 3644 477 3692 ut
489 3635 736 3693 Theudae
753 3642 1074 3691 sectatores.

482 3728 655 3784 Vsus.
688 3731 740 3781 4.
765 3726 873 3783 Sed
895 3728 1034 3781 sicut
1057 3725 1281 3796 probati
1308 3740 1493 3781 sumus
1520 3739 1556 3779 a
1580 3727 1704 3788 Deo,
1743 3728 1806 3780 ut
1828 3723 2009 3780 crede-

415 3822 570 3874 retur
587 3817 742 3873 nobis
762 3817 1136 3886 Evangelium,
1159 3817 1239 3870 ita
1259 3816 1552 3886 loquimur.
1602 3817 1773 3880 Deus,
1812 3813 2013 3886 inquit,

415 3907 668 3980 probavit
701 3921 821 3977 eos,
845 3913 902 3962 et
921 3905 1106 3978 elegit,
1131 3913 1196 3961 ut
1218 3904 1596 3961 committeret
1629 3903 1792 3959 nobis
1828 3905 2014 3959 Evan-

413 3997 613 4070 gelium
644 4014 657 4052 :
692 4011 803 4053 non
832 4004 1023 4052 autem
1062 3995 1332 4067 elegisset,
1378 3994 1478 4050 nisi
1513 3992 1710 4065 dignos
1746 3992 2010 4049 novisset.

410 4086 573 4144 Tales
595 4087 762 4159 igitur
810 4100 1102 4143 manemus
1128 4084 1362 4157 probati,
1408 4082 1597 4156 quales
1626 4082 1785 4139 electi
1820 4097 2015 4139 sumus

414 4174 483 4232 ab
503 4175 622 4248 ipso
645 4174 713 4231 ad
736 4175 904 4231 talem
923 4173 1389 4246 praedicationem.

491 4267 612 4323 Non
654 4266 816 4335 quasi
840 4262 1159 4319 hominibus
1174 4264 1464 4334 placentes,
1490 4261 1583 4317 sed
1610 4263 1732 4331 Deo,
1764 4263 1863 4332 qui
1884 4277 2016 4335 pro-

425 4353 521 4410 bat
553 4353 718 4409 corda
746 4356 955 4409 nostra.
982 4353 1107 4409 Hoc
1129 4360 1237 4417 est,
1262 4366 1373 4408 non
1399 4358 1460 4406 ut
1488 4350 1645 4407 vobis
1668 4351 2005 4422 placeamus,

2119 619 2351 699 ἀμώμου
2401 617 2701 686 πολιτείαςο
2737 621 2844 677 τῶν
2881 614 2937 676 δὲ
2987 615 3278 676 θλιϐόντων
3322 620 3465 691 ἡμᾶς
3493 614 3553 671 οὗ
3595 611 3719 693 φεί-

2117 736 2290 772 σεται.
2327 708 2552 780 Ἐπειδὴ
2582 708 2638 769 δὲ
2664 709 2732 769 τὰ
2755 706 2852 785 μὲν
2873 706 3019 767 δεινὰ
3040 707 3092 765 ἐν
3117 704 3303 787 χερσὶ,
3323 702 3394 763 τὰ
3425 702 3482 762 δὲ
3501 700 3720 781 χρηστὰ

2118 804 2170 861 ἐν
2212 797 2390 861 ἐλπίσι
2422 797 2475 835 ⁹²
2494 843 2511 870 ,
2560 798 2802 877 μεγάλην
2841 800 3019 864 αὐτοῖς
3050 794 3459 877 προσμαρτυρεῖ
3491 793 3676 852 πίστιν
3699 836 3718 870 ,

2119 893 2167 953 εἴ
2216 915 2277 971 γε
2335 886 2661 964 ἀναμένουσι
2708 890 2802 948 καὶ
2852 886 3123 957 ἐλπίζουσι
3178 883 3408 967 βεϐαίως
3450 885 3521 942 τὰ
3579 881 3715 961 μέλ-

2120 986 2305 1044 λοντα.

2722 1071 2993 1132 ΚΕΦΑΛ
3028 1067 3114 1128 B'.

2210 1250 2241 1286 (ι
2271 1228 2438 1289 Αὐτοὶ
2458 1225 2562 1307 γὰρ
2611 1223 2826 1296 οἴδατε,
2874 1222 3125 1303 ἀδελφοὶ,
3182 1215 3279 1289 τὴν
3325 1214 3719 1307 εἷσσδονᾼὴμῷν

2122 1315 2216 1388 τὴν
2249 1317 2380 1399 πρὸς
2427 1300 2599 1395 ὑμᾶς,
2648 1314 2731 1374 δτι
2763 1314 2822 1372 οὗ
2852 1311 2980 1384 κενὴ
3020 1300 3255 1399 γέγονε.
3277 1330 3309 1364 ι
3345 1305 3454 1367 Καὶ
3501 1300 3719 1399 τὸμὲν

2124 1395 2389 1488 ὗμέτερα,
2446 1405 2603 1489 φησὶ,
2660 1404 2909 1484 μεγάλα·
2952 1398 3095 1473 πλὴν
3140 1396 3266 1489 ,οὐδὲ
3316 1403 3469 1489 ἡμεῖς
3516 1395 3724 1489 ἀνθρω·

2126 1484 2263 1579 πίνῳ
2291 1484 2433 1578 λόγῳ
2458 1484 2829 1577 ἐχρησάμεθα
2846 1539 2862 1567 ,
2893 1491 3010 1552 οὐδὲ
3039 1487 3165 1559 κενὴ
3281 1484 3481 1553 εἴσοδος
3518 1486 3721 1579 ﬁndit},

2127 1570 2432 1665 τουτέστιν,
2649 1570 2930 1656 κινδύνων,
2976 1579 3070 1641 καὶ
3098 1578 3420 1659 ἀπείραστος
3446 1572 3541 1635 καὶ
3568 1570 3719 1633 οὐδὲν

2125 1676 2343 1761 στεῤῥὸν
2372 1662 2622 1757 ἔχουσαν.
2657 1673 2759 1742 ⁶Ως
2772 1673 2876 1756 γὰρ
2906 1671 3163 1761 πολλάκις
3197 1667 3404 1761 εἴρηται
3413 1667 3506 1761 ,οἳ
3531 1662 3720 1761 κίγδυ-

2121 1767 2199 1828 νοί
2223 1751 2377 1826 ἐἰσιν
2398 1751 2455 1826 Et
2502 1751 2860 1846 στερεοῢντες
2883 1763 2981 1834 τὴν
3013 1758 3191 1820 πίστιν
3216 1782 3230 1797 ·
3275 1756 3401 1818 ἄνευ
3431 1754 3486 1817 δὲ
3514 1751 3717 1813 τούτων

2123 1857 2248 1930 κενὴ
2282 1856 2347 1916 ἂν
2378 1849 2466 1930 ἦν.

2215 1976 2239 2001 «ι
2284 1946 2445 2008 Ἀλλὰ
2494 1944 2884 2027 προπαθόντες,
2950 1941 3043 2003 καὶ
3116 1936 3479 2022 ὑϐρισθέντες,
3540 1930 3719 2027 καθιὶξς

2118 2038 2326 2108 οἴδατε,
2396 2038 2450 2095 ἐν
2521 2025 2851 2109 Φιλίπποις,
2931 2028 3452 2114 ἐπαόῥησιασάμεθα
3525 2026 3579 2084 ἐν
3637 2025 3719 2103 τῷ

2118 2132 2245 2210 Θεῷ
2293 2129 2448 2204 ἡμῶν
2499 2128 2735 2200 λαλῆσαι
2784 2123 2915 2206 πρὸς
2952 2127 3092 2202 ὑμᾶς
3141 2121 3202 2181 τὸ
3256 2116 3585 2210 Εὖαγγέλιον
3620 2118 3717 2210 τοῦ

2118 2202 2261 2280 Θεόῦ
2323 2219 2377 2276 ἐν
2431 2217 2615 2298 πολλῷ
2668 2202 2855 2293 ἀγῶνι,
2912 2240 2935 2268 ι
2998 2211 3128 2273 Ἀπὸ
3178 2209 3461 2286 κινδύνων,
3513 2202 3675 2287 φησὶν
3702 2251 3716 2276 ,

2120 2306 2426 2388 ἐκφυγόντες
2480 2296 2597 2366 τῶν
2656 2306 2711 2364 ἐν
2759 2303 3090 2381 Φιλίπποις,
3149 2302 3314 2360 πάλιν
3366 2299 3440 2365 εἰς
3506 2296 3724 2388 ἑτέρους

2121 2382 2390 2465 κινδύνους
2423 2396 2744 2473 ἐνεπέσομεν
2775 2391 2846 2455 9³.
2884 2391 3034 2471 Ὀρα
3063 2392 3151 2466 δὲ,
3182 2395 3296 2458 πῶς
3323 2392 3401 2470 τῷ
3429 2390 3556 2468 Θεῷ
3588 2382 3716 2442 πά-

2121 2489 2204 2547 λιν
2239 2486 2299 2546 τὸ
2331 2495 2437 2546 πᾶν
2487 2484 2766 2560 ἀνέθηκεν,
2821 2504 2850 2541 (ι
2901 2479 3493 2565 Ἐπαῤῥησιασάμεθα,
3533 2473 3724 2565 εἰπὼν,

2124 2581 2177 2638 ἐν
2203 2581 2278 2658 τῷ
2302 2578 2429 2656 Θεῷ
2452 2624 2465 2648 ,
2504 2600 2534 2632 ››
2566 2575 2839 2635 τουτέστιν
2859 2621 2872 2645 ,
2906 2571 2994 2631 ὑπ’
3024 2571 3221 2631 ἐκείνου
3252 2564 3724 2645 ἐνδυναμούμενοι.

2209 2688 2241 2725 α
2270 2664 2339 2727 Ἦ
2360 2665 2463 2746 γὰρ
2488 2662 2825 2744 παράκλησις
2854 2665 3007 2740 ἡμῶν
3030 2662 3127 2722 οὐκ
3144 2662 3204 2719 ἐκ
3233 2660 3460 2729 πλάνης.
3493 2677 3524 2715 )
3547 2658 3728 2717 Τουτ-

2125 2754 2300 2832 έστιν,
2346 2762 2381 2829 ἡ
2414 2754 2609 2834 διδαχὴ
2659 2755 2754 2814 οὐκ
2793 2756 2853 2813 ἐκ
2880 2752 3108 2824 πλάνης.
3152 2753 3226 2813 Οἱ
3270 2749 3377 2830 γὰρ
3414 2747 3728 2811 πλανῶντες

2125 2849 2221 2907 οὐκ
2255 2849 2324 2914 εἰς
2355 2844 2623 2911 κινδύνους
2678 2841 2893 2911 ἑαυτοὺς
2940 2842 3268 2921 ἐκδιδόασιν,
3326 2835 3443 2898 ἀλλ’
3488 2842 3567 2903 εἰς
3601 2858 3730 2914 τρυ-

2127 2938 2229 3019 φάς
2261 2961 2273 2974 ·
2324 2935 2428 3015 ἐγὼ
2478 2936 2533 2993 δὲ
2564 2933 2793 3012 ἐμαυτὸν
2826 2936 2899 3001 εἰς
2938 2931 3208 2998 κινδύνους
3252 2928 3505 2999 ἐξέδωκα.
3548 2924 3726 3019 "Quae

2133 3014 2289 3101 δῆλον
2340 3014 2608 3098 ἐντεῦθεν,
2652 3023 2733 3084 ὅτι
2761 3030 2796 3097 ἡ
2831 3024 3027 3106 διδαχή
3082 3045 3185 3101 μου
3219 3022 3279 3080 οὗ
3331 3022 3511 3098 πλανᾷ
3534 3065 3548 3089 ,
3597 3014 3725 3075 οὐδὲ

2134 3115 2267 3195 ὑπὲρ
2336 3112 2678 3197 ἀνθρωπίνων
2731 3111 3063 3192 πραγμάτων
3129 3109 3391 3192 ἀνέχομαι
3422 3107 3472 3150 ⁹⁴
3545 3107 3725 3167 κινδυ·

2120 3205 2289 3266 νεύειν
2312 3248 2328 3277 ,
2364 3203 2480 3264 ἀλλ’
2503 3201 2635 3283 ὓπὲρ
2665 3203 2817 3262 θείων
2850 3203 2942 3262 καὶ
2969 3201 3234 3282 μονίμων.

2215 3318 2245 3354 ιι
2274 3292 2415 3356 Οὐδὲ
2438 3292 2491 3363 ἐξ
2506 3292 2855 3373 ἀκαθαρσίας.
2878 3315 2906 3352 υ
2940 3291 3229 3355 Τουτέστιν
3248 3338 3261 3365 ,
3289 3289 3408 3353 Οὔκ
3427 3284 3728 3367 ἀκάθαρτόν

2124 3411 2175 3447 τι
2202 3384 2439 3445 διδάσκω
2466 3429 2485 3463 ,
2511 3372 2597 3444 οἶα
2626 3372 2696 3443 τὰ
2725 3386 2829 3443 τῷν
2863 3383 3050 3463 μάγων
3074 3383 3167 3443 καὶ
3191 3389 3420 3462 γοήτων.

2213 3568 2242 3604 α
2268 3543 2409 3607 Οὔτε
2431 3546 2483 3604 ἐν
2520 3541 2677 3627 δόλῳ.
2710 3566 2739 3603 n
2779 3542 2923 3607 Ούτε
2967 3543 3056 3604 ἐπὶ
3089 3536 3471 3626 νεωτεροποιία
3497 3538 3601 3600 καὶ
3631 3563 3730 3599 συ-

2124 3636 2342 3710 στάσει,
2371 3636 2443 3703 ὣς
2471 3636 2519 3694 οἱ
2549 3634 2672 3716 περὶ
2701 3635 2937 3696 Θευδᾶν.

2214 3747 2242 3783 (ι
2273 3723 2436 3784 Ἀλλὰ
2468 3724 2642 3793 καθὼς
2685 3724 3119 3803 δεδοκιμάσμεθα
3176 3722 3279 3784 ὕπὸ
3315 3724 3462 3782 Θεοῦ
3496 3744 3727 3780 πιστευο

2126 3817 2281 3886 θῆναι
2331 3813 2388 3873 τὸ
2436 3814 2798 3894 Εὖαγγέλιον,
2842 3815 2980 3874 οὕτω
3032 3817 3322 3890 λαλοῦμεν.
3367 3836 3396 3872 ι)
3437 3812 3506 3873 Ὁ
3553 3812 3730 3885 Θεὸς,

2126 3902 2322 3985 φησὶν,
2367 3903 2682 3980 ἐδοκίμασεν
2720 3910 2891 3982 ἡμᾶς,
2926 3904 3017 3964 καὶ
3058 3903 3332 3973 ἐξελέξατο
3373 3906 3727 3973 πιστευθῆναι

2125 3993 2185 4051 τὸ
2233 3991 2561 4072 Εὖαγγέλιον
2591 4018 2604 4032 ·
2649 3996 2745 4054 οὐκ
2782 3993 2847 4054 ἂν
2879 3993 2933 4053 δὲ
2987 3993 3291 4065 ἐξελέξατο,
3344 3994 3391 4051 εἶ
3437 3990 3513 4069 μὴ
3548 3989 3729 4072 ἀξίους

2126 4082 2401 4161 ἐγίνωσκε.
2431 4086 2678 4144 Τοιοῦτοι
2718 4080 2815 4161 μὲν
2844 4074 2934 4145 οὖν
2962 4082 3191 4163 μένομεν
3224 4083 3471 4161 δόκιμοι,
3507 4080 3598 4141 καὶ
3626 4071 3732 4141 οἶοι

2124 4171 2439 4251 ἐξελέγημεν
2475 4174 2603 4254 παρ’
2633 4175 2793 4233 αὐτοῦ
2819 4176 2892 4243 εἷς
2926 4172 2982 4232 τὸ
3010 4176 3323 4246 τηλικοῦτον
3360 4172 3637 4252 κήρυγμα.

2212 4287 2240 4322 α
2276 4264 2399 4343 Οὖχ
2425 4265 2496 4331 ὣς
2552 4263 2842 4344 ἀνθρώποις
2893 4264 3243 4343 ἀρέσκοντες,
3293 4262 3433 4323 ἀλλὰ
3472 4266 3549 4343 τῷ
3599 4264 3731 4343 Θεῷ

2130 4355 2208 4433 τῷ
2263 4353 2602 4431 δοκιμάζοντι
2662 4354 2756 4423 τὰς
2812 4353 3033 4436 καρδίας
3091 4358 3339 4433 ἡμῶν.»
3403 4352 3732 4423 Τουτέστιν,

419 4442 540 4500 haec
563 4440 792 4499 facimus
828 4441 1059 4499 omnia:
1091 4440 1186 4497 sed
1214 4444 1334 4497 Deo
1374 4440 1585 4511 placere
1622 4439 1889 4511 volentes,
1927 4440 2018 4512 qui

2130 4446 2251 4523 Οὐχ
2297 4439 2385 4502 ἵνα
2434 4443 2558 4520 ὑμῖν
2610 4444 2919 4523 ἀρέσωμεν,
2980 4449 3151 4504 ταῦτα
3202 4443 3382 4504 πάντα
3431 4448 3686 4520 ποιοῦμεν
3718 4467 3731 4479 ·

419 4532 601 4590 abdita
633 4532 885 4605 explorat
912 4536 1086 4600 (nam,
1126 4532 1354 4599 Probat,
1393 4528 1500 4585 hoc
1522 4529 1792 4603 signiﬁcat
1817 4533 2018 4599 nunc);

2135 4531 2277 4591 ἀλλὰ
2314 4536 2391 4613 τῷ
2437 4537 2564 4615 Θεῷ
2597 4532 2839 4615 ἀρέσκειν
2887 4534 3161 4610 θέλοντες,
3194 4537 3248 4602 ὃς
3294 4533 3360 4593 τὰ
3403 4531 3613 4613 κρυπτὰ
3648 4532 3732 4603 ἐξ·

422 4623 505 4680 vel
559 4622 689 4696 quia
729 4622 924 4696 recipit
977 4620 1146 4679 corda
1202 4629 1259 4677 et
1305 4627 1552 4677 coronat.
1608 4621 1786 4677 Nemo
1838 4629 2018 4677 autem

2134 4621 2305 4691 ετάζει
2337 4622 2421 4701 (τὸ
2453 4621 2575 4703 γὰρ,
2630 4624 2960 4703 Δοκιμάζει,
2998 4631 3153 4685 τοῦτο
3203 4622 3457 4701 σημαίνει
3499 4624 3614 4701 ν’ῠν)
3649 4646 3662 4659 ·
3692 4620 3729 4693 ἢ

422 4712 669 4783 dolosus,
721 4722 778 4770 et
816 4714 1105 4786 impostor,
1151 4718 1208 4768 et
1252 4708 1593 4781 immundus,
1633 4708 1763 4766 huic
1807 4710 2018 4783 placere

2132 4711 2213 4772 ὅτι
2260 4711 2584 4793 ἀποδέχεται
2636 4713 2731 4781 τὰς
2784 4714 3009 4795 καρδίας
3060 4714 3153 4775 καὶ
3211 4722 3482 4797 στεφανοῖ.
3533 4711 3729 4780 Οὐδεὶς

425 4810 625 4876 Ροῖθδῖ-
2132 4802 2188 4863 δὲ
2238 4801 2481 4883 δολερὸς,
2543 4804 2634 4864 καὶ
2689 4803 2971 4881 ἀπατεὼν,
3023 4805 3116 4865 καὶ
3172 4804 3504 4886 ἀκάθαρτος,
3551 4800 3728 4882 τούτῳ

2132 4890 2352 4952 δύναται
2384 4888 2653 4973 ἀρέσκειν.

493 4987 671 5043 Vens.
698 4989 752 5042 5.
784 4985 967 5056 Neque
992 4998 1139 5040 enim
1180 4981 1479 5054 aliquando
1513 4981 1575 5037 in
1600 4995 1840 5039 sermone
1880 4983 2018 5039 adu-

2216 5004 2244 5039 α
2284 4980 2427 5042 Οὔτε
2458 4982 2561 5065 γάρ
2592 5006 2721 5044 ποτε
2762 4982 2816 5044 ἐν
2849 4982 2990 5066 λόγῳ
3036 4983 3320 5053 κολακείας
3359 4981 3685 5064 ἐγενήθημεν
3710 5027 3727 5059 ,

425 5077 648 5133 Iationis
675 5077 887 5144 fuimus
904 5118 922 5139 ,
960 5077 1102 5132 sicut
1131 5075 1303 5129 scitis.
1332 5075 1635 5145 Postquam
1663 5072 1720 5128 in
1748 5071 2018 5144 prioribus

2132 5070 2304 5140 καθὼς
2333 5071 2529 5132 οἴδατε.
2567 5099 2597 5130 ιι
2634 5073 2858 5146 Ἐπειδὴ
2889 5073 3178 5157 προλαϐὼν
3208 5075 3464 5153 ἐπῄνεσεν
3497 5073 3686 5140 αὐτοὺς
3713 5123 3726 5144 ,

425 5165 668 5223 laudavit
690 5180 809 5232 eos,
835 5180 908 5221 ne
936 5170 1249 5238 suspectam
1281 5160 1444 5219 faciat
1467 5160 1709 5231 laudem,
1730 5161 1842 5219 ait:
1870 5164 2018 5219 Nun-

2129 5157 2219 5220 ἵνα
2274 5160 2351 5239 μὴ
2401 5160 2637 5224 ὕποπτον
2700 5164 2898 5246 ποιήσῃ
2946 5165 3034 5225 τὸν
3083 5165 3333 5240 ἔπαινον,
3388 5165 3580 5246 φησὶν,
3639 5165 3726 5223 ὅτι

428 5271 598 5329 quam
626 5254 763 5312 alias
805 5253 961 5312 vobis
987 5253 1246 5312 adulatus
1275 5268 1399 5309 sum
1444 5250 1610 5324 (quod
1634 5259 1717 5310 est
1745 5249 2018 5326 decipien-

2134 5249 2275 5312 Οὐδὲ
2306 5251 2498 5313 ἄλλοτέ
2521 5277 2650 5314 ποτε
2673 5252 2725 5293 9⁵
2760 5255 3086 5316 ἐκολάκευσα
3115 5259 3254 5335 ὑμᾶς
3282 5252 3449 5337 (ὅπερ
3484 5253 3598 5314 ἐστὶ
3618 5258 3733 5314 τῶν

426 5347 611 5416 tium),
636 5344 869 5420 proinde
887 5360 1068 5418 neque
1086 5345 1205 5419 jam
1233 5359 1383 5401 nunc
1405 5341 1690 5399 adulabor.

2135 5340 2485 5422 πλανώντων)
2515 5367 2529 5381 ·
2559 5347 2742 5407 οὐκοῦν
2764 5343 2882 5406 οὐδὲ
2912 5351 3023 5410 νῦν.

502 5442 684 5508 Neque
710 5439 771 5492 in
814 5437 1085 5493 occasione
1120 5435 1367 5491 avaritia
1405 5452 1423 5487 :
1454 5438 1595 5491 Deus
1630 5433 1799 5490 testis.
1835 5436 2018 5508 Neque

2223 5455 2253 5488 α
2285 5430 2427 5495 Οὔτε
2470 5436 2523 5494 ἐν
2554 5437 2816 5518 προφάσει
2859 5435 3162 5507 πλεονεξίας
3194 5460 3208 5476 ’
3240 5437 3380 5506 Θεὸς
3418 5435 3646 5517 μάρτυς.
3705 5460 3737 5494 ι

428 5541 544 5600 prae
588 5526 838 5599 pecuniae
863 5541 1054 5583 amore
1079 5523 1499 5598 praedicavimus
1527 5522 1699 5581 vobis.
1732 5524 1895 5597 Quod
1921 5526 2018 5599 igi-

2137 5520 2278 5583 Οὔτε
2315 5522 2401 5583 διὰ
2429 5526 2860 5607 φιλοχρηματίαν
2903 5525 3235 5609 ἐκηρύξαμεν
3278 5528 3426 5607 ὑμῖν.
3470 5529 3583 5589 Τοῦ
3636 5526 3737 5603 μὲν

1836 5636 2022 5696 Varia:
2066 5637 2365 5703 lectiones.

500 5734 545 5770 "
573 5734 624 5789 ἐν
650 5732 813 5789 ἐλπίσι
838 5752 1079 5806 χρησταις
1102 5748 1179 5790 m.
1219 5730 1264 5768 ³³
1291 5728 1490 5795 ἑαυτοὺς
1516 5728 1832 5805 ἓπερῥίψαμιν
1857 5749 1913 5791 ο.
1942 5731 1987 5770 9‘
2011 5733 2320 5810 ἀνθρωπίνου
2344 5761 2632 5816 πραγματος
2659 5741 2864 5818 εἱλόμην
2893 5761 2947 5804 o.
2980 5741 3024 5782 ⁸⁸
3054 5744 3288 5802 οὖδέποτε
3318 5762 3374 5804 0.
