4104 6486
336 423 471 476 1289

1192 416 1551 473 EXI‘OSITIO
1587 415 1652 471 IN
1692 411 1901 470 EPIS’I‘.
1944 411 1964 469 Ι
2001 413 2094 470 AD
2131 414 2364 476 THESS.
2403 450 2474 462 —
2511 420 2660 478 CAP.
2706 421 2770 475 ll.

3497 426 3637 482 {290

330 536 424 604 οὖν
456 541 533 621 μὴ
566 544 922 622 κολακεῦσαι,
952 539 1045 600 καὶ
1089 542 1237 617 ὑμεῖς
1283 541 1544 622 μάρτυρες
1570 564 1584 578 ⁸
1623 545 1718 600 τοῦ
1751 537 1806 598 δὲ
1851 536 1927 617 μὴ
1956 563 1973 604 Α

2060 559 2132 600 ιιι·
2155 559 2268 601 non
2303 544 2412 602 sim
2434 543 2716 614 adulatus,
2742 560 2838 602 vos
2865 552 3032 602 testes
3054 544 3186 602 estis
3218 563 3231 602 :
3263 546 3413 618 quod
3451 558 3638 606 autem

333 633 734 715 φιλοχρήματον
785 621 920 691 εἶναὶ
977 653 1076 708 με,
1124 630 1262 698 Θεὸς
1317 621 1554 711 μάρτυς·
1597 631 1718 708 ὑμῖν
1745 628 1795 667 9°
1827 628 1932 710 γὰρ

336 724 532 797 ἄδηλον
564 727 742 784 τοῦτο.

418 835 447 870 ε
488 811 632 874 Οὔτε
704 815 980 885 ζητοῦντες
1056 809 1108 880 ἐξ
1179 809 1470 890 ἀνθρώπων
1549 808 1734 884 δόξαν,
1809 807 1930 868 οὔτε

332 904 426 985 ἀφ’
457 905 633 980 ὑμῶν,
662 900 782 962 οὔτε
813 899 908 960 ἀπ’
935 900 1132 963 ἄλλων.
1167 924 1194 960 ν
1227 889 1344 961 Οὔκ
1375 889 1556 975 εἶπεν,
1589 899 1670 960 δτι
1701 897 1933 975 Ἦτιμά·

333 1000 566 1068 σθημεν,
614 993 722 1050 οὐδ’
773 991 854 1050 ὅτι
899 991 1018 1051 Οὐκ
1060 989 1442 1068 ἀπελαύσαμεν
1489 995 1682 1067 τιμῆς,
1735 987 1825 1048 ἵνα
1854 987 1930 1066 μὴ

334 1081 456 1160 δόξῃ
523 1081 788 1151 ὀνειδίζων
841 1078 1027 1147 αὐτούς
1055 1079 1102 1116 9⁷
1127 1102 1141 1116 ·
1182 1080 1334 1157 ἀλλ’,
1373 1102 1404 1134 α
1432 1080 1552 1140 Οὐκ
1599 1077 1930 1154 ἐζητήσαμεν

330 1170 495 1247 τιμὴν
529 1196 582 1243 ιι,
607 1169 782 1229 καίτοι
805 1192 864 1249 γε
893 1173 984 1228 τοῦ
1009 1167 1352 1250 κηρύγματος
1378 1174 1534 1227 τοῦτο
1556 1171 1926 1234 ἀπαιτοῦντος.

338 1263 403 1319 Εἰ
448 1261 551 1342 γὰρ
602 1258 723 1328 τοὺς
783 1257 1092 1339 βασιλικοὺς
1144 1258 1391 1339 πρέσϐεις
1441 1260 1644 1330 πολλῆς
1686 1257 1934 1342 ἀξιοῦμεν

334 1338 536 1428 τιμῆς,
580 1352 762 1430 πολλῷ
785 1338 998 1425 μᾶλλον
1030 1348 1151 1416 τοὺς
1184 1338 1273 1407 τοῦ
1309 1349 1474 1408 Θεοῦ.
1515 1349 1641 1415 Πῶς
1662 1338 1751 1406 οὖν
1782 1347 1934 1420 δόξης

340 1439 516 1499 ἕνεκεν
545 1437 812 1518 πράξομέν
845 1462 924 1510 τι,
977 1440 1026 1497 οἱ
1058 1437 1192 1514 μήτε
1229 1440 1356 1516 παρ’
1399 1440 1580 1514 ὑμῶν,
1619 1437 1753 1515 μήτε
1801 1440 1932 1518 παρ’

341 1529 551 1607 ἀλλων,
583 1533 653 1597 ὡς
684 1527 1026 1601 διδάσκαλοι,
1065 1528 1300 1607 θέλοντες
1324 1531 1617 1604 τιμᾶσθαι;

426 1642 456 1674 α
489 1606 785 1696 Δυνάμενοι
838 1618 890 1674 ἐν
925 1616 1078 1697 βάρει
1123 1606 1256 1676 εἶναι
1308 1619 1380 1682 ὣς
1419 1617 1658 1696 Χριστοῦ
1709 1614 1936 1675 ἀπόστο-

337 1710 445 1770 λοι.
474 1705 594 1769 »Ἦ
627 1709 678 1766 ἐν
707 1711 872 1788 τιμῇ,
898 1706 988 1765 καὶ
1022 1704 1165 1786 δόξῃ,
1187 1705 1279 1764 καὶ
1309 1705 1452 1787 ὄγκῳ
1477 1729 1490 1742 ·
1519 1703 1554 1776 ἢ
1579 1704 1856 1798 δυνάμενοι
1882 1705 1934 1742 ³⁸

2038 649 2153 690 non
2181 635 2290 691 sim
2323 635 2681 707 pecuniarum
2725 643 2958 706 amator,
3007 651 3188 708 neque
3226 652 3444 707 avarus,
3484 641 3639 696 Deus

2037 723 2194 780 testis
2237 742 2252 780 :
2279 723 2427 782 istud
2452 726 2605 782 enim
2633 742 2730 782 vos
2755 725 2904 783 latet.

2112 815 2288 870 Vens.
2338 819 2391 870 6.
2438 816 2543 873 Nec
2581 820 2872 886 quaerentes
2917 815 2985 870 ab
3032 814 3337 872 hominibus
3374 818 3629 888 gloriam,

2036 918 2205 972 neque
2251 920 2286 958 a
2323 905 2492 973 vobis,
2521 921 2687 975 neque
2712 906 2780 960 ab
2807 906 2952 960 aliis.
2980 908 3104 962 Non
3132 905 3292 975 dixit,
3326 907 3632 980 Ignominia

2037 991 2220 1048 affecti
2261 1009 2476 1060 sumus,
2515 1010 2715 1067 neque,
2760 996 2888 1050 Non
2926 1011 3118 1052 sumus
3146 995 3354 1052 honore
3405 995 3630 1070 dignati,

2036 1097 2105 1138 ne
2135 1082 2384 1140 videatur
2403 1081 2544 1156 "ipsis
2569 1084 2895 1156 exprobrare
2927 1102 2940 1138 :
2975 1099 3182 1152 verum,
3213 1088 3329 1145 Non
3379 1088 3637 1156 quasim-

2037 1187 2156 1227 mus
2199 1173 2470 1237 honorem,
2501 1189 2632 1230 cum
2663 1182 2849 1230 tamen
2897 1173 3210 1246 praedicatio
3241 1175 3347 1232 hoc
3375 1175 3629 1248 postulet.

2040 1264 2179 1318 Nam
2220 1263 2268 1319 si
2321 1263 2502 1336 regios
2549 1264 2758 1337 legatos
2811 1280 3016 1336 magno
3071 1265 3280 1321 honore
3315 1265 3632 1338 dignamur,

2041 1351 2217 1408 multo
2246 1352 2422 1426 magis
2476 1354 2575 1410 Dei
2621 1355 2848 1427 legatos.
2897 1354 3193 1424 Quomodo
3237 1354 3407 1427 igitur
3449 1355 3638 1428 glorias

2041 1456 2204 1498 causa
2238 1458 2472 1515 agemus
2511 1443 2739 1515 aliquid,
2780 1445 2872 1516 qui
2916 1459 3092 1516 neque
3123 1443 3300 1513 vobis,
3342 1460 3524 1517 neque
3570 1444 3638 1501 ab

2038 1530 2180 1599 aliis,
2215 1540 2480 1604 tanquam
2507 1531 2761 1589 doctores
2789 1532 3079 1605 cupiamus
3106 1533 3402 1590 honorari?

2111 1622 2293 1678 Vsus.
2322 1626 2375 1677 7.
2401 1623 2529 1679 Cum
2563 1637 2837 1692 possemus
2857 1624 3006 1678 vobis
3034 1625 3186 1678 oneri
3206 1639 3315 1680 esse
3334 1630 3397 1680 ut
3436 1624 3644 1680 Christi

2042 1712 2283 1782 apostoli.
2338 1710 2436 1767 Vel
2499 1711 2728 1780 honore,
2789 1720 2844 1768 et
2911 1712 3101 1784 gloria,
3147 1721 3204 1769 et
3248 1713 3634 1785 amplitudine,

340 1796 638 1874 λαμϐάνειν
669 1797 762 1856 καὶ
789 1796 1104 1876 τρέφεσθαι,
1147 1796 1236 1853 καὶ
1269 1799 1448 1876 βαρεῖς
1476 1796 1598 1874 ὑμῖν
1631 1794 1785 1855 εἶναι.
1825 1794 1932 1855 Καὶ
1968 1839 1973 1850 ς

384 1886 397 1902 .
512 1887 524 1902 ι
583 1886 651 1902 η,
817 1890 832 1902 .
897 1890 930 1902 ρ.
1057 1890 1091 1902 ...
1200 1887 1215 1902 ,
1383 1886 1408 1900 ..
1471 1886 1492 1902 ς
1594 1882 1660 1902 ρ,
1917 1887 1930 1902 .
1969 1894 1973 1902 .

2060 1801 2127 1856 rel
2170 1800 2532 1872 potuissemus
2580 1801 2826 1873 accipere
2863 1817 2893 1856 a
2941 1801 3096 1858 vobis
3144 1810 3202 1857 et
3245 1802 3341 1871 ali,
3393 1803 3638 1876 adeoque

339 1886 444 1968 γὰρ
477 1887 536 1946 τὸ
567 1886 778 1963 ἀξίωμα
809 1890 964 1962 ἡμῶν
998 1890 1154 1944 τοῦτο
1187 1886 1440 1964 ἀπαιτεῖ,
1471 1882 1771 1964 λαμϐάνειν
1803 1887 1930 1966 παρ’

338 1979 514 2056 ῧμῶν.

429 2089 460 2123 ι
495 2066 640 2128 Ἀλλ’
673 2065 997 2144 ἐγενήθημεν
1019 2064 1168 2138 ἤπιοι
1199 2066 1252 2126 ἐν
1281 2063 1431 2148 μέσῳ
1451 2067 1620 2142 ὑμῶν.
1644 2086 1672 2123 »
1704 2063 1900 2126 Ἥπιοι
1918 2112 1932 2137 ,

346 2155 586 2217 τουτέστι
617 2163 810 2236 πρᾶοι,
844 2155 1080 2236 ἀϐαρεῑς.
1117 2153 1199 2218 Ἤ
1245 2154 1371 2233 καὶ,
1403 2177 1431 2212 (
1454 2155 1658 2226 Νήπιοι
1703 2157 1756 2214 ἐν
1789 2154 1938 2235 μέσῳ

347 2247 520 2324 ὑμῶν,
546 2271 572 2299 ν
603 2245 890 2320 τουτέστιν,
910 2245 1146 2326 ἀκέραιοι
1161 2244 1237 2323 99,
1263 2243 1585 2325 ἀφιλόδοξοι.
1616 2243 1696 2305 Τὸ
1722 2242 1826 2325 γὰρ
1847 2243 1938 2316 νή-

342 2358 463 2396 πιον
503 2333 648 2395 οὐδὲν
694 2340 927 2396 τοιοῦτον
978 2334 1264 2414 λογίζεται.
1308 2334 1430 2414 ,Καὶ
1479 2333 1559 2405 τὸ,
1595 2360 1618 2384 α
1667 2333 1764 2395 Ἐν
1795 2332 1941 2412 μέσῳ

346 2427 568 2502 ἱμῶν»,
601 2431 832 2484 τοιοῦτον
857 2422 968 2504 ἔχει
987 2413 1103 2483 νοῦν
1123 2447 1136 2460 ο
1168 2422 1268 2491 ⁶Ως
1283 2413 1355 2492 εἷς
1384 2422 1436 2492 ἐξ
1467 2426 1615 2501 ὖμῶν
1638 2423 1896 2502 ἐγενόμην
1923 2467 1940 2497 ,

345 2518 404 2574 οὗ
434 2513 531 2589 τὴν
580 2515 689 2574 ἄνω
719 2513 867 2582 τάξιν
901 2514 915 2550 ¹
945 2513 1148 2574 λαϐών.

428 2716 458 2752 α
490 2692 586 2762 Ὡς
615 2693 704 2754 ἐὰν
737 2693 924 2775 τροφὸς
955 2693 1134 2772 θάλπῃ
1185 2692 1254 2752 τὰ
1302 2695 1498 2766 ἑαυτῆς
1543 2692 1724 2754 τέκνα.
1763 2713 1792 2750 ιο
1827 2692 1943 2764 Τὴν

347 2782 717 2864 φιλοστοργίαν
769 2786 932 2842 αὐτοῦ
986 2781 1238 2844 δείκνυσι.
1306 2782 1401 2854 Μὴ
1455 2787 1488 2854 ἡ
1548 2781 1733 2862 τροφὸς
1777 2783 1944 2842 κολα-

350 2873 522 2944 κεύει;
583 2872 659 2949 μὴ
706 2871 964 2953 χρήματα
1023 2875 1158 2931 αἰτεῖ
1216 2869 1366 2952 παρὰ
1432 2875 1537 2953 τῶν
1592 2871 1796 2931 παίδων
1841 2875 1944 2931 τῶν

350 2965 586 3042 μικρῶν;
631 2951 794 3022 Ούτω
843 2962 924 3020 δεῖ
965 2961 1056 3021 τὸν
1115 2951 1435 3021 διδάσκαλον
1488 2951 1620 3020 εἶναι
1669 2966 1944 3040 προσηνῆ,

2046 1906 2236 1962 graves
2279 1905 2398 1945 esse
2429 1891 2599 1946 vobis.
2645 1891 2862 1948 Etenim
2897 1889 3134 1963 dignitas
3165 1900 3353 1948 nostra
3395 1893 3501 1949 hoc
3539 1909 3637 1965 po-

2043 1979 2229 2048 stulat,
2256 1987 2318 2036 ut
2348 1980 2677 2052 accipiamus
2706 1996 2736 2036 a
2768 1981 2948 2037 vobis.

2115 2071 2224 2128 Sed
2247 2073 2389 2138 facti
2425 2086 2610 2127 sumus
2639 2073 2699 2126 in
2721 2071 2895 2127 medio
2916 2072 3086 2127 uestri
3107 2074 3277 2128 mites.
3319 2071 3498 2142 Miles,
3530 2071 3635 2129 hoc

2043 2168 2128 2216 est
2176 2160 2469 2230 mansueti,
2525 2160 2643 2217 sine
2705 2160 3044 2232 gravamine.
3108 2161 3225 2230 Vel,
3284 2159 3526 2218 infantes
3585 2162 3643 2218 in

2047 2249 2226 2307 medio
2275 2249 2464 2314 vestri,
2497 2248 2600 2306 hoc
2628 2258 2711 2307 est
2738 2250 3082 2316 innocentes,
3119 2266 3274 2306 vana:
3318 2252 3504 2324 glorise
3551 2269 3644 2308 ex-

2048 2348 2242 2413 pertes.
2281 2339 2469 2396 Infans
2516 2339 2664 2397 enim
2699 2340 2838 2396 nihil
2885 2340 2994 2396 tale
3034 2340 3259 2411 cogitat.
3303 2341 3527 2410 Itidem,
3580 2345 3645 2398 In
3733 2385 3740 2389 .

2047 2431 2228 2486 medio
2273 2435 2530 2495 vestmm,
2560 2429 2728 2486 talem
2759 2430 2924 2486 habet
2974 2446 3197 2486 sensum
3244 2447 3260 2487 :
3308 2430 3482 2488 factus
3519 2447 3643 2487 sum

2049 2521 2213 2577 veluti
2259 2536 2404 2577 unus
2461 2537 2529 2576 ex
2564 2520 2739 2590 vobis,
2768 2520 2860 2592 qui
2905 2535 3016 2576 non
3061 2521 3399 2592 superiorem
3440 2526 3646 2578 sortem

2048 2611 2373 2682 acceperim.
2705 2626 2709 2629 π

2127 2704 2409 2772 Tanquam
2435 2704 2490 2756 si
2508 2703 2700 2756 nutris:
2722 2701 2906 2768 foveat
2943 2716 3066 2757 suos
3099 2702 3270 2771 ipsius
3291 2699 3450 2771 filios.
3481 2706 3651 2758 Amo-

2052 2806 2168 2847 rem
2189 2807 2352 2847 suum
2369 2789 2630 2848 ostendit.
2661 2789 2944 2862 Numquid
2972 2790 3156 2846 nutrix
3181 2789 3470 2846 adulatur?
3492 2805 3652 2847 num-

2051 2881 2186 2954 quid
2215 2897 2247 2937 a
2275 2879 2509 2952 parvulis
2535 2879 2706 2951 509
2745 2877 3053 2936 infantibus
3095 2879 3381 2951 pecuniam
3407 2880 3653 2951 expetit?

2055 2971 2182 3026 Pari
2211 2969 2424 3027 ratione
2449 2969 2734 3026 doctorem
2761 2968 3015 3025 convenit
3045 2984 3165 3026 esse
3205 2969 3424 3033 mitem,
3443 2984 3507 3025 ac
3525 2968 3656 3025 dea-

350 3055 748 3133 καταεριλοϋντα
781 3050 902 3120 τοὺς
947 3053 1405 3132 ἓμπαροινοῦντας
1454 3052 1630 3131 αὐτῷ,
1682 3055 1752 3118 ὡς
1787 3051 1878 3110 καὶ
1908 3055 1942 3122 ἡ

2060 3068 2302 3117 mantem
2329 3059 2498 3116 etiam
2525 3074 2643 3128 eos,
2667 3058 2760 3130 qui
2792 3058 2840 3114 ei
2872 3057 3284 3126 insultaverint,
3313 3057 3546 3130 perinde
3594 3074 3659 3114 ac

352 3141 544 3222 τροφὸς
570 3141 638 3201 τὰ
668 3141 887 3216 παιδία,
929 3141 1029 3200 κᾶν
1060 3141 1348 3203 τύπτωσιν.

441 3255 469 3287 κ
507 3230 693 3299 Οὕτως
735 3230 1068 3312 ὀμειρόμενοι
1110 3235 1292 3308 ὑμῶν,
1329 3233 1646 3308 εὐδοκοῦμεν
1695 3232 1955 3308 μεταδοῦ-

347 3345 437 3381 ναι
467 3325 624 3398 ὑμῖν,
656 3322 716 3380 οὖ
766 3320 922 3396 μόνον
969 3320 1028 3381 τὸ
1087 3319 1412 3398 Ιίὐαγγέλιον
1460 3325 1552 3380 τοῦ
1604 3322 1781 3394 Θεου,
1815 3319 1954 3379 ἀλλὰ

349 3412 442 3471 καὶ
492 3410 586 3479 τὰς
635 3413 836 3470 ἑαυτῶν
873 3409 1066 3491 ψυχάς.
1100 3443 1180 3456 -
1212 3438 1239 3463 ι
1268 3408 1643 3488 Ὃμειρόμενοι
1691 3411 1866 3487 ὐμῶν,
1915 3433 1944 3468 ιι

353 3499 626 3572 τουτέστι,
686 3499 1108 3580 Προσδεδεμένοι
1164 3503 1286 3578 ὑμῖν
1334 3498 1426 3558 καὶ
1476 3498 1718 3578 ἐχόμενοι
1777 3501 1955 3576 ὑμῶν,

355 3591 505 3670 παρὰ
525 3590 586 3650 τὸ
607 3634 622 3662 ,
659 3592 825 3667 ὁμοῦ,
854 3589 940 3648 καὶ
967 3591 1055 3664 τὸ,
1086 3589 1229 3669 εἴρω,
1259 3590 1318 3647 τὸ
1345 3588 1659 3665 συμπλέκω.
1695 3588 1851 3654 Τινὲς
1874 3586 1950 3666 δὲ,

367 3704 398 3740 (ι
438 3679 792 3758 Ἱμειρόμενοι
813 3702 840 3740 ›)
866 3724 884 3754 ,
919 3679 1246 3758 ἀνέγνωσαν,
1277 3680 1392 3738 ἀντὶ
1414 3683 1526 3749 τοῦ,
1563 3679 1954 3755 ἐπιθυμοῦντες,

357 3770 454 3828 οὐκ
483 3769 595 3827 ἔστι
617 3767 692 3829 δέ.
723 3770 799 3829 Οὐ
828 3767 984 3841 μόνον
1017 3757 1131 3842 οὖν,
1160 3768 1347 3849 φησὶν,
1383 3766 1531 3826 οὐδὲν
1559 3765 1821 3845 ἐλάϐομεν
1859 3768 1950 3847 ἀφ’

358 3860 539 3936 ὑμῶν,
581 3860 700 3917 ἀλλ’
734 3860 778 3917 εἰ
803 3849 911 3918 οἶόν
948 3881 1006 3916 τε
1039 3859 1392 3936 εὐδοκοῦμεν,
1439 3854 1710 3929 τουτέστι,
1758 3855 1960 3937 σφόδρα

360 3949 582 4025 θέλομεν
613 3947 638 3982 ²
686 3949 780 4008 καὶ
810 3947 904 4016 τὰς
953 3947 1130 4029 ψυχὰς
1161 3950 1231 4015 εἰς
1279 3949 1418 4024 ὑμᾶς
1463 3949 1716 4005 κενῶσαι.
1752 3947 1832 4006 Τὸ
1865 3944 1959 4024 μὲν

360 4031 450 4097 οὖν
499 4036 700 4096 διδόναι
746 4037 808 4096 τὸ
854 4039 1218 4118 Εὐαγγέλιον,
1280 4035 1596 4118 τιμιώτερον
1623 4059 1636 4072 ’
1678 4035 1739 4095 τὸ
1782 4033 1961 4106 δὲτὴν

362 4126 541 4208 ψυχὴν
599 4130 813 4202 δοῦναι,
843 4206 870 4209 Δ
894 4127 1327 4209 δυσκολώτερον,
1387 4126 1480 4185 καὶ
1547 4124 1912 4205 μανικωτέρας
1936 4122 1958 4160 ³

367 4219 579 4298 ἀγάπης
609 4241 622 4256 ο
650 4217 780 4297 ὅπερ
811 4206 900 4276 οὖν
930 4217 1021 4276 καὶ
1045 4219 1201 4284 αὐτὸς
1226 4216 1438 4296 ἐπάγει.

1981 3107 2027 3170 C

2057 3150 2248 3207 nutrix
2288 3164 2508 3222 pueros,
2533 3148 2752 3206 etiamsi
2780 3163 2904 3205 eam
2928 3146 3142 3204 feriant.

2131 3244 2311 3298 Vnus.
2369 3245 2424 3296 8.
2472 3241 2559 3297 Sic
2587 3239 2838 3295 obstricti
2870 3239 3042 3303 vobis,
3091 3239 3398 3296 colebamus
3440 3239 3662 3296 tradere

2055 3331 2226 3396 vobis,
2271 3346 2378 3386 non
2426 3331 2599 3385 solum
2648 3330 3008 3399 Evangelium
3050 3331 3169 3397 Dei,
3211 3329 3308 3386 sed
3353 3333 3404 3386 et
3451 3334 3663 3386 nostras

2060 3423 2300 3490 ipsorum
2327 3422 2564 3474 animas.
2600 3415 2954 3490 Ὁμειρόμενοι
2975 3417 3137 3490 δρῶν,
3168 3418 3275 3474 hoc
3295 3426 3400 3490 est,
3434 3419 3662 3490 obligati

2067 3509 2238 3575 vobis,
2277 3515 2442 3580 atque
2493 3507 2648 3563 vobis
2691 3507 3036 3564 adhaerentes
3091 3507 3160 3563 ab
3205 3508 3355 3578 ὁμοῦ,
3412 3516 3469 3563 et
3524 3506 3663 3578 εἴρω,

2066 3605 2352 3654 connecto.
2402 3595 2663 3654 Nonnulli
2705 3611 2856 3665 vero,
2910 3595 3237 3667 ἱμειρόμενοι,
3290 3597 3559 3668 legerunt,
3610 3597 3666 3654 id

2065 3694 2168 3756 est,
2193 3684 2602 3754 desiderantes;
2644 3684 2742 3742 sed
2788 3684 2951 3740 male.
2997 3687 3123 3741 Non
3165 3684 3348 3742 solum
3376 3685 3562 3758 igitur,
3589 3686 3668 3742 in-

2067 3777 2205 3849 quit,
2251 3775 2385 3832 nihil
2433 3791 2464 3831 a
2501 3773 2660 3831 vobis
2701 3774 3038 3845 accepimus,
3069 3789 3259 3830 verum
3308 3775 3352 3830 si
3413 3774 3670 3846 possibile

2068 3876 2232 3934 esset,
2277 3867 2594 3937 εὐδοκοῦμεν,
2640 3863 2745 3921 hoc
2791 3869 2892 3931 est,
2950 3863 3302 3920 vehementer
3348 3864 3671 3921 volebamus

2071 3955 2236 4012 etiam
2273 3953 2480 4010 animas
2523 3962 2739 4010 nostras
2784 3953 2842 4008 in
2888 3969 2985 4009 vos
3041 3952 3380 4024 impendere.
3433 3953 3672 4011 Proinde

2076 4045 2435 4118 Evangelium
2465 4043 2760 4116 impertiri,
2799 4051 2886 4099 est
2924 4041 3404 4107 honorificentius;
3429 4043 3674 4100 animam

2075 4143 2260 4192 autem
2295 4134 2632 4207 impendere,
2653 4131 2936 4190 difficilius
2956 4140 3039 4189 est
3058 4131 3590 4206 vehementiorisque
3613 4148 3678 4189 ac

2076 4224 2239 4280 veluti
2268 4225 2448 4297 magis
2475 4223 2800 4280 insanientis
2829 4223 3118 4279 charitatis
3145 4230 3228 4279 est
3269 4239 3284 4278 :
3315 4223 3460 4296 quod
3484 4231 3538 4279 et
3565 4222 3678 4296 ipse

2079 4311 2265 4370 infert.

462 4420 490 4456 ι(
523 4395 669 4458 Διότι
694 4395 960 4475 ἀγαπητοὶ
993 4400 1121 4473 ἡμῖν
1149 4393 1441 4492 γεγένησθε
1470 4393 1512 4453 ⁴.
1539 4390 1721 4492 ni’lﬂva
1739 4393 1814 4472 μὴ
1842 4391 1962 4492 δόξῃ

2147 4404 2412 4471 Quoniam
2469 4403 2776 4458 charissimi
2835 4402 2986 4458 nobis
3034 4403 3174 4470 facti
3199 4405 3348 4458 estis.
3385 4405 3466 4459 Ne
3494 4399 3678 4458 videa-

372 4484 544 4565 λέγειν
574 4492 743 4546 ταῦτα
778 4486 954 4545 πάντα
987 4489 1058 4552 ὥς
1093 4485 1314 4562 κάμνων
1344 4483 1478 4562 ὑπὲρ
1532 4485 1734 4559 αὐτῶν,
1773 4482 1865 4541 καὶ
1895 4486 1964 4548 ὡς

371 4576 594 4660 ὀφείλων
619 4580 908 4652 τιμηθῆναι
938 4577 1065 4654 παρ’
1123 4577 1298 4633 αὐτῶν
1348 4571 1480 4653 ὑπὲρ
1531 4573 1738 4644 τούτου,
1773 4571 1933 4654 φησὶν
1956 4617 1972 4645 ,

375 4665 456 4726 ὅτι
483 4665 564 4727 Δι’
597 4665 745 4726 οὐδὲν
779 4666 912 4725 ἄλλο
940 4669 1112 4724 ταῦτα
1141 4667 1281 4724 ποιῶ
1300 4712 1313 4735 ,
1337 4663 1372 4734 ἢ
1395 4663 1480 4724 διὰ
1504 4663 1600 4734 τὴν
1624 4661 1864 4739 ἀγάπην.
1893 4663 1973 4722 Οὖ

374 4757 478 4836 γὰρ
512 4755 848 4835 ἀντιμισθίαν
879 4759 1022 4828 ζητῶ
1042 4777 1056 4791 ο
1090 4753 1230 4812 ἀλλὰ
1256 4755 1323 4811 δι’
1351 4753 1482 4813 αὐτὸ
1506 4753 1566 4811 τὸ
1597 4749 1780 4811 καλόν.

467 4959 497 4991 α
528 4931 904 5012 Μνημονεύετε
957 4933 1095 5014 γὰρ,
1153 4933 1392 5014 ἀδελφοὶ,
1436 4934 1543 4991 τῶν
1592 4929 1771 4990 κόπων
1820 4934 1975 5008 ἡμῶν

383 5024 476 5085 καὶ
534 5028 638 5083 τῶν
693 5023 943 5104 μόχθωνο
994 5022 1182 5092 νυκτὸς
1240 5022 1332 5082 καὶ
1379 5021 1582 5102 ἡμέρας
1639 5019 1976 5100 ἐργαζόμενοι

384 5113 514 5194 πρὸς
561 5112 624 5173 τὸ
681 5111 757 5190 μὴ
825 5111 1150 5193 ἐπιϐαρῆσαί
1227 5135 1367 5172 τιναι
1422 5114 1604 5188 ὑμῶν,
1653 5109 1982 5194 ἐκηρύξαμεν

388 5189 461 5271 εἷς
490 5205 627 5279 ὑμᾶς
654 5203 713 5260 τὸ
745 5189 1065 5282 Εὖαγγέλιον
1099 5206 1191 5260 τοῦ
1221 5202 1384 5261 Θεοῦ.
1419 5224 1446 5258 ε
1487 5203 1605 5260 Οὖκ
1638 5189 1751 5258 εἶπε
1771 5245 1788 5277 ,
1821 5202 1982 5273 Μνη-

390 5292 637 5370 μονεύετε
699 5291 792 5358 τὰς
861 5295 1159 5371 εὐεργεσίας
1230 5290 1325 5358 τὰς
1384 5289 1511 5371 παρ’
1585 5293 1751 5367 ἐμοῦ,
1812 5288 1982 5366 ἀλλὰ,

390 5411 414 5436 κ
436 5384 557 5443 Τῶν
575 5382 754 5443 κόπων
775 5381 816 5419 ⁵⁸
832 5408 891 5434 »α
917 5380 1009 5442 καὶ
1033 5383 1132 5462 οὐχ
1154 5382 1352 5458 ἁπλῶς,
1379 5381 1519 5438 ἀλλὰ
1546 5407 1594 5455 ιι,
1614 5406 1639 5433 α
1660 5378 1750 5438 καὶ
1768 5380 1870 5437 τῶν
1895 5379 1989 5457 μό-

2077 4503 2168 4550 tur
2197 4492 2318 4548 haec
2347 4491 2537 4548 omnia
2579 4491 2760 4548 dicere
2803 4499 3068 4563 tanquam
3095 4491 3188 4564 qui
3220 4491 3433 4548 labores
3461 4507 3562 4562 pro
3603 4491 3684 4547 eis

2079 4582 2404 4654 susciperet,
2431 4588 2488 4636 et
2537 4588 2826 4652 propterea
2857 4580 3082 4635 deberet
3128 4579 3385 4635 honorari
3428 4579 3500 4636 ab
3528 4579 3681 4650 ipsis,

2083 4671 2160 4727 ait
2186 4690 2198 4726 :
2230 4670 2443 4727 Nullam
2468 4669 2540 4725 ob
2579 4685 2694 4726 rem
2719 4668 2881 4724 aliam
2911 4669 3029 4725 hanc
3050 4715 3060 4736 ,
3080 4667 3242 4736 facio,
3283 4668 3482 4740 inquit,
3516 4682 3683 4739 quam

2086 4768 2309 4833 propter
2323 4757 2675 4816 charitatem.
2699 4758 3142 4814 Retributionem
3163 4757 3310 4813 enim
3333 4773 3442 4814 non
3464 4771 3686 4829 quaero;

2086 4849 2182 4907 sed
2229 4857 2456 4921 propter
2479 4847 2664 4919 ipsum
2693 4848 2926 4903 bonum.

2156 4940 2338 4994 Vens.
2363 4942 2418 4993 9.
2435 4938 2764 4992 Meministis
2787 4938 2948 4999 enim,
2971 4936 3201 5004 fratres,
3221 4935 3423 4990 laboris
3447 4937 3692 4991 nostriac

2087 5028 2434 5098 fatigationis
2468 5045 2484 5077 :
2533 5028 2693 5084 Nocte
2719 5041 2780 5080 ac
2809 5026 2900 5081 die
2927 5029 3235 5096 sperantes,
3258 5041 3326 5079 ne
3359 5040 3693 5095 quemquam

2089 5123 2330 5176 vestrum
2360 5131 2738 5187 gravaremus,
2764 5115 3185 5187 praedicavime
3218 5114 3294 5170 ad
3317 5129 3412 5170 vos
3451 5117 3696 5184 Evange-

2093 5208 2232 5265 tium
2274 5208 2397 5264 Dei.
2446 5207 2571 5261 Non
2602 5205 2759 5273 dixit,
2794 5203 3127 5260 Meministis
3147 5202 3544 5259 beneficiorum
3572 5219 3698 5275 qua:

2093 5313 2126 5354 a
2156 5312 2246 5352 me
2291 5294 2602 5366 accepistis,
2646 5292 2768 5360 sed,
2811 5294 3064 5361 Laboris,-
3108 5309 3211 5348 nec
3262 5291 3316 5347 id
3358 5291 3700 5364 simpliciter,

2096 5395 2360 5444 caeterum
2393 5392 2448 5441 et
2474 5382 2829 5457 fatigationis,
2871 5382 2924 5440 id
2953 5390 3056 5452 est,
3097 5380 3301 5438 laboris
3328 5397 3453 5438 cum
3507 5396 3704 5455 magna

1801 5539 1987 5601 Variae
2031 5541 2312 5602 lectiones
2329 5585 2342 5601 .

464 5670 509 5706 "
537 5670 704 5734 αὖτοῖς
758 5685 810 5727 0.
925 5670 970 5704 ’7
997 5669 1166 5732 αὐτοῖς
1198 5684 1276 5727 m.
1349 5668 1394 5703 ’⁸
1417 5668 1671 5742 δυνάμεθα
1719 5681 1774 5724 0.

397 5773 483 5825 ρας
511 5768 563 5810 0.
609 5753 630 5787 ⁸
661 5751 937 5825 ἐγενήθητε
968 5767 1021 5808 0.
1082 5751 1103 5786 ⁵
1132 5750 1219 5804 τὸν
1253 5751 1410 5806 κόπον
1438 5767 1491 5808 0.

686 5852 920 5909 Ρλτιιοι..
953 5853 1058 5911 Gn.
1100 5851 1322 5909 CXXIV.

1876 5667 1922 5702 θ’
1951 5667 2135 5724 ἄκακοι
2177 5682 2232 5725 ο.

2324 5665 2338 5700 ¹
2375 5665 2578 5737 Chrys.
2627 5660 2766 5733 λῆξιν
2793 5678 2849 5721 ο.
2925 5663 2947 5697 ²
2983 5661 3220 5736 ἐθέλομεν
3255 5675 3312 5720 0.
3378 5660 3399 5698 ³
3431 5661 3708 5736 μονιμωτέ-

3365 5847 3426 5901 Η
