  <div class='ocr_page' id='page_1' title='image "/cluster/home/n/w/nwhite01/storage/ocr_20150623/124:no.2/coo.31924054870294/653.png"; bbox 0 0 4104 6450; ppageno 0'>
   <div class='ocr_carea' id='block_1_1' title="bbox 471 422 595 474">
    <p class='ocr_par' dir='ltr' id='par_1_1' title="bbox 471 422 595 474">
     <span class='ocr_line' id='line_1_1' title="bbox 471 422 595 474; baseline 0 -2"><span class='ocrx_word' id='word_1_1' title='bbox 471 422 595 474; x_wconf 75' lang='grc'><strong>1291</strong></span> 
     </span>
    </p>
   </div>
   <div class='ocr_carea' id='block_1_2' title="bbox 1450 409 2711 472">
    <p class='ocr_par' dir='ltr' id='par_1_2' title="bbox 1450 409 2711 472">
     <span class='ocr_line' id='line_1_2' title="bbox 1450 409 2711 472; baseline -0.008 1"><span class='ocrx_word' id='word_1_2' title='bbox 1450 414 1966 472; x_wconf 77' lang='lat' dir='ltr'><strong>THEOPHYLACTI</strong></span> <span class='ocrx_word' id='word_1_3' title='bbox 2006 411 2361 469; x_wconf 66' lang='lat' dir='ltr'><strong>BULGARIA‘I</strong></span> <span class='ocrx_word' id='word_1_4' title='bbox 2397 409 2711 467; x_wconf 76' lang='lat' dir='ltr'><strong>ARCHIEP.</strong></span> 
     </span>
    </p>
   </div>
   <div class='ocr_carea' id='block_1_3' title="bbox 3638 403 3774 456">
    <p class='ocr_par' dir='ltr' id='par_1_3' title="bbox 3638 403 3774 456">
     <span class='ocr_line' id='line_1_3' title="bbox 3638 403 3774 456; baseline 0.007 -1"><span class='ocrx_word' id='word_1_5' title='bbox 3638 403 3774 456; x_wconf 78' lang='lat' dir='ltr'><strong>l292</strong></span> 
     </span>
    </p>
   </div>
   <div class='ocr_carea' id='block_1_4' title="bbox 463 526 2053 619">
    <p class='ocr_par' dir='ltr' id='par_1_4' title="bbox 463 541 2045 617">
     <span class='ocr_line' id='line_1_4' title="bbox 463 541 2045 617; baseline -0.002 -18"><span class='ocrx_word' id='word_1_6' title='bbox 463 543 764 617; x_wconf 81' lang='lat' dir='ltr'><strong>diligentia.</strong></span> <span class='ocrx_word' id='word_1_7' title='bbox 794 545 865 598; x_wconf 82' lang='lat' dir='ltr'><strong>Et</strong></span> <span class='ocrx_word' id='word_1_8' title='bbox 907 558 1017 598; x_wconf 88' lang='lat' dir='ltr'><strong>non</strong></span> <span class='ocrx_word' id='word_1_9' title='bbox 1073 542 1251 598; x_wconf 90' lang='lat' dir='ltr'><strong>solum</strong></span> <span class='ocrx_word' id='word_1_10' title='bbox 1301 541 1408 610; x_wconf 88' lang='lat' dir='ltr'><strong>die,</strong></span> <span class='ocrx_word' id='word_1_11' title='bbox 1433 557 1625 598; x_wconf 88' lang='lat' dir='ltr'><strong>verum</strong></span> <span class='ocrx_word' id='word_1_12' title='bbox 1674 541 1846 598; x_wconf 88' lang='lat' dir='ltr'><strong>etiam</strong></span> <span class='ocrx_word' id='word_1_13' title='bbox 1883 551 2045 597; x_wconf 90' lang='lat' dir='ltr'><strong>nocte</strong></span> 
     </span>
    </p>
   </div>
   <div class='ocr_carea' id='block_1_5' title="bbox 2163 526 3773 619">
    <p class='ocr_par' dir='ltr' id='par_1_5' title="bbox 2175 526 3773 619">
     <span class='ocr_line' id='line_1_5' title="bbox 2175 526 3773 619; baseline 0.006 -24"><span class='ocrx_word' id='word_1_14' title='bbox 2175 544 2318 619; x_wconf 77' lang='grc' dir='ltr'>χθων</span> <span class='ocrx_word' id='word_1_15' title='bbox 2348 538 2395 608; x_wconf 73' lang='grc'>³,</span> <span class='ocrx_word' id='word_1_16' title='bbox 2436 559 2464 595; x_wconf 82' lang='grc'>»</span> <span class='ocrx_word' id='word_1_17' title='bbox 2499 533 2769 608; x_wconf 78' lang='grc' dir='ltr'><strong>τουτέστι,</strong></span> <span class='ocrx_word' id='word_1_18' title='bbox 2797 536 2903 593; x_wconf 76' lang='grc' dir='ltr'><strong>τῶν</strong></span> <span class='ocrx_word' id='word_1_19' title='bbox 2927 542 2950 580; x_wconf 88' lang='grc'>⁷</span> <span class='ocrx_word' id='word_1_20' title='bbox 2979 531 3116 610; x_wconf 80' lang='grc' dir='ltr'>μετᾶ</span> <span class='ocrx_word' id='word_1_21' title='bbox 3141 531 3341 619; x_wconf 57' lang='grc' dir='ltr'>πολλῆς</span> <span class='ocrx_word' id='word_1_22' title='bbox 3371 527 3624 619; x_wconf 50' lang='grc' dir='ltr'>σπουδῆς·</span> <span class='ocrx_word' id='word_1_23' title='bbox 3659 526 3773 587; x_wconf 55' lang='grc' dir='ltr'><strong>Καὶ</strong></span> 
     </span>
    </p>
   </div>
   <div class='ocr_carea' id='block_1_6' title="bbox 462 632 2066 706">
    <p class='ocr_par' dir='ltr' id='par_1_6' title="bbox 462 632 2066 706">
     <span class='ocr_line' id='line_1_6' title="bbox 462 632 2066 706; baseline -0.002 -16"><span class='ocrx_word' id='word_1_24' title='bbox 462 636 511 690; x_wconf 93' lang='grc' dir='ltr'>Ο</span> <span class='ocrx_word' id='word_1_25' title='bbox 541 642 743 705; x_wconf 90' lang='lat' dir='ltr'><strong>quanta</strong></span> <span class='ocrx_word' id='word_1_26' title='bbox 779 632 895 689; x_wconf 71' lang='lat' dir='ltr'><strong>haec</strong></span> <span class='ocrx_word' id='word_1_27' title='bbox 923 641 1008 690; x_wconf 91' lang='lat' dir='ltr'><strong>est</strong></span> <span class='ocrx_word' id='word_1_28' title='bbox 1037 632 1438 706; x_wconf 88' lang='lat' dir='ltr'><strong>promptitudo,</strong></span> <span class='ocrx_word' id='word_1_29' title='bbox 1464 642 1518 689; x_wconf 87' lang='lat' dir='ltr'><strong>et</strong></span> <span class='ocrx_word' id='word_1_30' title='bbox 1545 648 1764 689; x_wconf 89' lang='lat' dir='ltr'><strong>summa</strong></span> <span class='ocrx_word' id='word_1_31' title='bbox 1787 647 1855 688; x_wconf 92' lang='lat' dir='ltr'><strong>ne</strong></span> <span class='ocrx_word' id='word_1_32' title='bbox 1880 646 2066 703; x_wconf 89' lang='lat' dir='ltr'><strong>quem-</strong></span> 
     </span>
    </p>
   </div>
   <div class='ocr_carea' id='block_1_7' title="bbox 462 720 2066 793">
    <p class='ocr_par' dir='ltr' id='par_1_7' title="bbox 462 720 2066 793">
     <span class='ocr_line' id='line_1_7' title="bbox 462 720 2066 793; baseline -0.002 -15"><span class='ocrx_word' id='word_1_33' title='bbox 462 739 628 793; x_wconf 90' lang='lat' dir='ltr'><strong>quam</strong></span> <span class='ocrx_word' id='word_1_34' title='bbox 672 721 918 778; x_wconf 83' lang='lat' dir='ltr'><strong>offendat</strong></span> <span class='ocrx_word' id='word_1_35' title='bbox 944 723 1200 779; x_wconf 76' lang='lat' dir='ltr'><strong>sedulitas</strong></span> <span class='ocrx_word' id='word_1_36' title='bbox 1225 727 1238 779; x_wconf 93' lang='lat'><strong>!</strong></span> <span class='ocrx_word' id='word_1_37' title='bbox 1289 723 1476 778; x_wconf 90' lang='lat' dir='ltr'><strong>Innuit</strong></span> <span class='ocrx_word' id='word_1_38' title='bbox 1502 731 1690 778; x_wconf 89' lang='lat' dir='ltr'><strong>autem</strong></span> <span class='ocrx_word' id='word_1_39' title='bbox 1719 720 2066 778; x_wconf 86' lang='lat' dir='ltr'><strong>Thessaloni-</strong></span> 
     </span>
    </p>
   </div>
   <div class='ocr_carea' id='block_1_8' title="bbox 463 811 2068 886">
    <p class='ocr_par' dir='ltr' id='par_1_8' title="bbox 463 811 2068 886">
     <span class='ocr_line' id='line_1_8' title="bbox 463 811 2068 886; baseline -0.003 -17"><span class='ocrx_word' id='word_1_40' title='bbox 463 827 651 869; x_wconf 87' lang='lat' dir='ltr'><strong>censes</strong></span> <span class='ocrx_word' id='word_1_41' title='bbox 697 828 962 885; x_wconf 86' lang='lat' dir='ltr'><strong>pauperes</strong></span> <span class='ocrx_word' id='word_1_42' title='bbox 1003 811 1189 881; x_wconf 88' lang='lat' dir='ltr'><strong>fuisse,</strong></span> <span class='ocrx_word' id='word_1_43' title='bbox 1231 829 1358 869; x_wconf 92' lang='lat' dir='ltr'><strong>cum</strong></span> <span class='ocrx_word' id='word_1_44' title='bbox 1405 813 1580 886; x_wconf 89' lang='lat' dir='ltr'><strong>inquit</strong></span> <span class='ocrx_word' id='word_1_45' title='bbox 1620 815 1699 868; x_wconf 83' lang='lat' dir='ltr'><strong>Ne</strong></span> <span class='ocrx_word' id='word_1_46' title='bbox 1750 825 2068 882; x_wconf 85' lang='lat' dir='ltr'><strong>quemquam</strong></span> 
     </span>
    </p>
   </div>
   <div class='ocr_carea' id='block_1_9' title="bbox 462 907 1095 972">
    <p class='ocr_par' dir='ltr' id='par_1_9' title="bbox 462 907 1095 972">
     <span class='ocr_line' id='line_1_9' title="bbox 462 907 1095 972; baseline 0.002 -15"><span class='ocrx_word' id='word_1_47' title='bbox 462 907 701 958; x_wconf 87' lang='lat' dir='ltr'><strong>vestrum</strong></span> <span class='ocrx_word' id='word_1_48' title='bbox 728 918 1095 972; x_wconf 82' lang='lat' dir='ltr'><strong>gravaremus.</strong></span> 
     </span>
    </p>
   </div>
   <div class='ocr_carea' id='block_1_10' title="bbox 550 1081 2066 1152">
    <p class='ocr_par' dir='ltr' id='par_1_10' title="bbox 550 1081 2066 1152">
     <span class='ocr_line' id='line_1_10' title="bbox 550 1081 2066 1152; baseline -0.002 -14"><span class='ocrx_word' id='word_1_49' title='bbox 550 1085 722 1139; x_wconf 73' lang='lat' dir='ltr'><strong>Vens.</strong></span> <span class='ocrx_word' id='word_1_50' title='bbox 761 1090 852 1138; x_wconf 74' lang='grc' dir='ltr'><strong>ιο.</strong></span> <span class='ocrx_word' id='word_1_51' title='bbox 884 1084 987 1139; x_wconf 87' lang='lat' dir='ltr'><strong>Vos</strong></span> <span class='ocrx_word' id='word_1_52' title='bbox 1011 1087 1168 1138; x_wconf 84' lang='lat' dir='ltr'><strong>testes</strong></span> <span class='ocrx_word' id='word_1_53' title='bbox 1197 1085 1350 1152; x_wconf 83' lang='lat' dir='ltr'><strong>estis,</strong></span> <span class='ocrx_word' id='word_1_54' title='bbox 1367 1087 1416 1137; x_wconf 89' lang='lat' dir='ltr'><strong>et</strong></span> <span class='ocrx_word' id='word_1_55' title='bbox 1445 1085 1600 1138; x_wconf 84' lang='lat' dir='ltr'><strong>Deus.</strong></span> <span class='ocrx_word' id='word_1_56' title='bbox 1635 1081 1780 1138; x_wconf 88' lang='lat' dir='ltr'><strong>Satis</strong></span> <span class='ocrx_word' id='word_1_57' title='bbox 1803 1083 1953 1136; x_wconf 93' lang='lat' dir='ltr'><strong>Deus</strong></span> <span class='ocrx_word' id='word_1_58' title='bbox 1971 1094 2066 1135; x_wconf 91' lang='lat' dir='ltr'><strong>au-</strong></span> 
     </span>
    </p>
   </div>
   <div class='ocr_carea' id='block_1_11' title="bbox 466 1171 2068 1242">
    <p class='ocr_par' dir='ltr' id='par_1_11' title="bbox 466 1171 2068 1242">
     <span class='ocr_line' id='line_1_11' title="bbox 466 1171 2068 1242; baseline -0.003 -14"><span class='ocrx_word' id='word_1_59' title='bbox 466 1171 740 1228; x_wconf 87' lang='lat' dir='ltr'><strong>ctoritatis</strong></span> <span class='ocrx_word' id='word_1_60' title='bbox 777 1171 1017 1227; x_wconf 83' lang='lat' dir='ltr'><strong>habebat</strong></span> <span class='ocrx_word' id='word_1_61' title='bbox 1073 1181 1130 1228; x_wconf 90' lang='lat' dir='ltr'><strong>et</strong></span> <span class='ocrx_word' id='word_1_62' title='bbox 1172 1171 1328 1238; x_wconf 81' lang='lat' dir='ltr'><strong>ﬁdei;</strong></span> <span class='ocrx_word' id='word_1_63' title='bbox 1375 1186 1567 1227; x_wconf 90' lang='lat' dir='ltr'><strong>verum</strong></span> <span class='ocrx_word' id='word_1_64' title='bbox 1619 1172 1743 1242; x_wconf 89' lang='lat' dir='ltr'><strong>quia</strong></span> <span class='ocrx_word' id='word_1_65' title='bbox 1794 1186 1904 1225; x_wconf 92' lang='lat' dir='ltr'><strong>non</strong></span> <span class='ocrx_word' id='word_1_66' title='bbox 1952 1177 2068 1224; x_wconf 90' lang='lat' dir='ltr'><strong>erat</strong></span> 
     </span>
    </p>
   </div>
   <div class='ocr_carea' id='block_1_12' title="bbox 467 1259 2066 1333">
    <p class='ocr_par' dir='ltr' id='par_1_12' title="bbox 467 1259 2066 1333">
     <span class='ocr_line' id='line_1_12' title="bbox 467 1259 2066 1333; baseline -0.002 -16"><span class='ocrx_word' id='word_1_67' title='bbox 467 1261 820 1333; x_wconf 90' lang='lat' dir='ltr'><strong>perspicuum</strong></span> <span class='ocrx_word' id='word_1_68' title='bbox 845 1261 1184 1328; x_wconf 83' lang='lat' dir='ltr'><strong>hominibus,</strong></span> <span class='ocrx_word' id='word_1_69' title='bbox 1219 1260 1369 1332; x_wconf 88' lang='lat' dir='ltr'><strong>quod</strong></span> <span class='ocrx_word' id='word_1_70' title='bbox 1393 1263 1543 1317; x_wconf 89' lang='lat' dir='ltr'><strong>Deus</strong></span> <span class='ocrx_word' id='word_1_71' title='bbox 1593 1259 1691 1316; x_wconf 88' lang='lat' dir='ltr'><strong>hac</strong></span> <span class='ocrx_word' id='word_1_72' title='bbox 1733 1259 1802 1316; x_wconf 90' lang='lat' dir='ltr'><strong>de</strong></span> <span class='ocrx_word' id='word_1_73' title='bbox 1826 1275 1885 1315; x_wconf 91' lang='lat' dir='ltr'><strong>re</strong></span> <span class='ocrx_word' id='word_1_74' title='bbox 1916 1259 2066 1314; x_wconf 89' lang='lat' dir='ltr'><strong>testi-</strong></span> 
     </span>
    </p>
   </div>
   <div class='ocr_carea' id='block_1_13' title="bbox 467 1348 2066 1423">
    <p class='ocr_par' dir='ltr' id='par_1_13' title="bbox 467 1348 2066 1423">
     <span class='ocr_line' id='line_1_13' title="bbox 467 1348 2066 1423; baseline -0.001 -17"><span class='ocrx_word' id='word_1_75' title='bbox 467 1351 723 1407; x_wconf 90' lang='lat' dir='ltr'><strong>monium</strong></span> <span class='ocrx_word' id='word_1_76' title='bbox 750 1350 920 1421; x_wconf 88' lang='lat' dir='ltr'><strong>dicat,</strong></span> <span class='ocrx_word' id='word_1_77' title='bbox 953 1351 1100 1423; x_wconf 88' lang='lat' dir='ltr'><strong>ipsos</strong></span> <span class='ocrx_word' id='word_1_78' title='bbox 1119 1350 1285 1408; x_wconf 89' lang='lat' dir='ltr'><strong>etiam</strong></span> <span class='ocrx_word' id='word_1_79' title='bbox 1312 1349 1513 1423; x_wconf 86' lang='lat' dir='ltr'><strong>quibus</strong></span> <span class='ocrx_word' id='word_1_80' title='bbox 1541 1350 1803 1423; x_wconf 84' lang='lat' dir='ltr'><strong>loquitur,</strong></span> <span class='ocrx_word' id='word_1_81' title='bbox 1834 1350 1892 1405; x_wconf 94' lang='lat' dir='ltr'><strong>in</strong></span> <span class='ocrx_word' id='word_1_82' title='bbox 1920 1348 2066 1406; x_wconf 80' lang='lat' dir='ltr'><strong>testi-</strong></span> 
     </span>
    </p>
   </div>
   <div class='ocr_carea' id='block_1_14' title="bbox 465 1440 925 1497">
    <p class='ocr_par' dir='ltr' id='par_1_14' title="bbox 465 1440 925 1497">
     <span class='ocr_line' id='line_1_14' title="bbox 465 1440 925 1497; baseline -0.007 -1"><span class='ocrx_word' id='word_1_83' title='bbox 465 1440 721 1496; x_wconf 91' lang='lat' dir='ltr'><strong>monium</strong></span> <span class='ocrx_word' id='word_1_84' title='bbox 747 1449 925 1497; x_wconf 90' lang='lat' dir='ltr'><strong>vocat.</strong></span> 
     </span>
    </p>
   </div>
   <div class='ocr_carea' id='block_1_15' title="bbox 539 1529 2061 1602">
    <p class='ocr_par' dir='ltr' id='par_1_15' title="bbox 539 1529 2061 1602">
     <span class='ocr_line' id='line_1_15' title="bbox 539 1529 2061 1602; baseline -0.001 -17"><span class='ocrx_word' id='word_1_85' title='bbox 539 1534 712 1599; x_wconf 84' lang='lat' dir='ltr'><strong>Quam</strong></span> <span class='ocrx_word' id='word_1_86' title='bbox 755 1533 868 1602; x_wconf 84' lang='lat' dir='ltr'><strong>pie.</strong></span> <span class='ocrx_word' id='word_1_87' title='bbox 919 1530 1125 1588; x_wconf 90' lang='lat' dir='ltr'><strong>Omnia</strong></span> <span class='ocrx_word' id='word_1_88' title='bbox 1158 1546 1281 1602; x_wconf 70' lang='lat' dir='ltr'><strong>quae</strong></span> <span class='ocrx_word' id='word_1_89' title='bbox 1323 1545 1462 1602; x_wconf 90' lang='lat' dir='ltr'><strong>opus</strong></span> <span class='ocrx_word' id='word_1_90' title='bbox 1499 1539 1676 1596; x_wconf 83' lang='lat' dir='ltr'><strong>erant,</strong></span> <span class='ocrx_word' id='word_1_91' title='bbox 1709 1529 1996 1602; x_wconf 82' lang='lat' dir='ltr'><strong>implentes</strong></span> <span class='ocrx_word' id='word_1_92' title='bbox 2046 1546 2061 1584; x_wconf 91' lang='lat'><strong>:</strong></span> 
     </span>
    </p>
   </div>
   <div class='ocr_carea' id='block_1_16' title="bbox 467 1619 2066 1693">
    <p class='ocr_par' dir='ltr' id='par_1_16' title="bbox 467 1619 2066 1693">
     <span class='ocr_line' id='line_1_16' title="bbox 467 1619 2066 1693; baseline -0.002 -18"><span class='ocrx_word' id='word_1_93' title='bbox 467 1619 574 1676; x_wconf 90' lang='lat' dir='ltr'><strong>hoc</strong></span> <span class='ocrx_word' id='word_1_94' title='bbox 603 1621 752 1676; x_wconf 90' lang='lat' dir='ltr'><strong>enim</strong></span> <span class='ocrx_word' id='word_1_95' title='bbox 797 1619 1082 1693; x_wconf 81' lang='lat' dir='ltr'><strong>signiﬁcat,</strong></span> <span class='ocrx_word' id='word_1_96' title='bbox 1118 1620 1284 1686; x_wconf 78' lang='grc' dir='ltr'>ὁσίως,</span> <span class='ocrx_word' id='word_1_97' title='bbox 1317 1635 1447 1676; x_wconf 91' lang='lat' dir='ltr'><strong>cum</strong></span> <span class='ocrx_word' id='word_1_98' title='bbox 1475 1621 1673 1677; x_wconf 83' lang='lat' dir='ltr'><strong>timore</strong></span> <span class='ocrx_word' id='word_1_99' title='bbox 1703 1627 1756 1676; x_wconf 88' lang='lat' dir='ltr'><strong>et</strong></span> <span class='ocrx_word' id='word_1_100' title='bbox 1775 1620 1924 1676; x_wconf 91' lang='lat' dir='ltr'><strong>cultu</strong></span> <span class='ocrx_word' id='word_1_101' title='bbox 1943 1619 2066 1676; x_wconf 93' lang='lat' dir='ltr'><strong>Dei.</strong></span> 
     </span>
    </p>
   </div>
   <div class='ocr_carea' id='block_1_17' title="bbox 538 1801 2061 1875">
    <p class='ocr_par' dir='ltr' id='par_1_17' title="bbox 538 1801 2061 1875">
     <span class='ocr_line' id='line_1_17' title="bbox 538 1801 2061 1875; baseline -0.001 -16"><span class='ocrx_word' id='word_1_102' title='bbox 538 1806 606 1860; x_wconf 83' lang='lat' dir='ltr'><strong>Et</strong></span> <span class='ocrx_word' id='word_1_103' title='bbox 633 1803 801 1874; x_wconf 84' lang='lat' dir='ltr'><strong>juste.</strong></span> <span class='ocrx_word' id='word_1_104' title='bbox 833 1803 956 1859; x_wconf 86' lang='lat' dir='ltr'><strong>Hoc</strong></span> <span class='ocrx_word' id='word_1_105' title='bbox 987 1809 1092 1871; x_wconf 86' lang='lat' dir='ltr'><strong>est,</strong></span> <span class='ocrx_word' id='word_1_106' title='bbox 1134 1801 1428 1874; x_wconf 87' lang='lat' dir='ltr'><strong>pecuniam</strong></span> <span class='ocrx_word' id='word_1_107' title='bbox 1453 1817 1484 1858; x_wconf 90' lang='lat' dir='ltr'><strong>a</strong></span> <span class='ocrx_word' id='word_1_108' title='bbox 1511 1803 1735 1858; x_wconf 89' lang='lat' dir='ltr'><strong>nemine</strong></span> <span class='ocrx_word' id='word_1_109' title='bbox 1765 1802 2061 1875; x_wconf 82' lang='lat' dir='ltr'><strong>exigentes.</strong></span> 
     </span>
    </p>
   </div>
   <div class='ocr_carea' id='block_1_18' title="bbox 535 1980 2062 2053">
    <p class='ocr_par' dir='ltr' id='par_1_18' title="bbox 535 1980 2062 2053">
     <span class='ocr_line' id='line_1_18' title="bbox 535 1980 2062 2053; baseline -0.002 -15"><span class='ocrx_word' id='word_1_110' title='bbox 535 1986 608 2038; x_wconf 90' lang='lat' dir='ltr'><strong>Et</strong></span> <span class='ocrx_word' id='word_1_111' title='bbox 655 1983 950 2053; x_wconf 79' lang='lat' dir='ltr'><strong>inculpata.</strong></span> <span class='ocrx_word' id='word_1_112' title='bbox 1006 1983 1154 2038; x_wconf 84' lang='lat' dir='ltr'><strong>Citra</strong></span> <span class='ocrx_word' id='word_1_113' title='bbox 1198 1980 1601 2038; x_wconf 86' lang='lat' dir='ltr'><strong>offendiculum</strong></span> <span class='ocrx_word' id='word_1_114' title='bbox 1629 1991 1684 2038; x_wconf 89' lang='lat' dir='ltr'><strong>et</strong></span> <span class='ocrx_word' id='word_1_115' title='bbox 1721 1981 2062 2038; x_wconf 89' lang='lat' dir='ltr'><strong>scandalum.</strong></span> 
     </span>
    </p>
   </div>
   <div class='ocr_carea' id='block_1_19' title="bbox 543 2070 2066 2144">
    <p class='ocr_par' dir='ltr' id='par_1_19' title="bbox 543 2070 2066 2144">
     <span class='ocr_line' id='line_1_19' title="bbox 543 2070 2066 2144; baseline 0 -17"><span class='ocrx_word' id='word_1_116' title='bbox 543 2072 704 2128; x_wconf 79' lang='lat' dir='ltr'><strong>Vobis</strong></span> <span class='ocrx_word' id='word_1_117' title='bbox 743 2075 842 2141; x_wconf 89' lang='lat' dir='ltr'><strong>qui</strong></span> <span class='ocrx_word' id='word_1_118' title='bbox 881 2073 1186 2128; x_wconf 71' lang='lat' dir='ltr'><strong>credidistis</strong></span> <span class='ocrx_word' id='word_1_119' title='bbox 1211 2072 1493 2141; x_wconf 75' lang='lat' dir='ltr'><strong>aﬂ’uimus.</strong></span> <span class='ocrx_word' id='word_1_120' title='bbox 1522 2070 1972 2144; x_wconf 83' lang='lat' dir='ltr'><strong>Quandoquidem</strong></span> <span class='ocrx_word' id='word_1_121' title='bbox 1997 2072 2066 2128; x_wconf 91' lang='lat' dir='ltr'><strong>ab</strong></span> 
     </span>
    </p>
   </div>
   <div class='ocr_carea' id='block_1_20' title="bbox 462 2160 2066 2233">
    <p class='ocr_par' dir='ltr' id='par_1_20' title="bbox 462 2160 2066 2233">
     <span class='ocr_line' id='line_1_20' title="bbox 462 2160 2066 2233; baseline 0.001 -18"><span class='ocrx_word' id='word_1_122' title='bbox 462 2160 778 2216; x_wconf 81' lang='lat' dir='ltr'><strong>inﬁdelibus</strong></span> <span class='ocrx_word' id='word_1_123' title='bbox 797 2161 1000 2232; x_wconf 90' lang='lat' dir='ltr'><strong>impius</strong></span> <span class='ocrx_word' id='word_1_124' title='bbox 1030 2160 1353 2227; x_wconf 86' lang='lat' dir='ltr'><strong>vocabatur,</strong></span> <span class='ocrx_word' id='word_1_125' title='bbox 1381 2170 1437 2217; x_wconf 91' lang='lat' dir='ltr'><strong>et</strong></span> <span class='ocrx_word' id='word_1_126' title='bbox 1457 2160 1774 2229; x_wconf 88' lang='lat' dir='ltr'><strong>circulator,</strong></span> <span class='ocrx_word' id='word_1_127' title='bbox 1797 2168 1854 2217; x_wconf 91' lang='lat' dir='ltr'><strong>et</strong></span> <span class='ocrx_word' id='word_1_128' title='bbox 1882 2161 2066 2233; x_wconf 87' lang='lat' dir='ltr'><strong>loqua-</strong></span> 
     </span>
    </p>
   </div>
   <div class='ocr_carea' id='block_1_21' title="bbox 463 2249 1054 2318">
    <p class='ocr_par' dir='ltr' id='par_1_21' title="bbox 463 2249 1054 2318">
     <span class='ocr_line' id='line_1_21' title="bbox 463 2249 1054 2318; baseline -0.005 -12"><span class='ocrx_word' id='word_1_129' title='bbox 463 2249 642 2318; x_wconf 88' lang='lat' dir='ltr'><strong>culus,</strong></span> <span class='ocrx_word' id='word_1_130' title='bbox 673 2258 729 2304; x_wconf 93' lang='lat' dir='ltr'><strong>et</strong></span> <span class='ocrx_word' id='word_1_131' title='bbox 756 2249 890 2304; x_wconf 90' lang='lat' dir='ltr'><strong>nihil</strong></span> <span class='ocrx_word' id='word_1_132' title='bbox 916 2249 1054 2304; x_wconf 88' lang='lat' dir='ltr'><strong>sani.</strong></span> 
     </span>
    </p>
   </div>
   <div class='ocr_carea' id='block_1_22' title="bbox 537 2341 2064 2396">
    <p class='ocr_par' dir='ltr' id='par_1_22' title="bbox 537 2341 2064 2396">
     <span class='ocr_line' id='line_1_22' title="bbox 537 2341 2064 2396; baseline 0.001 -2"><span class='ocrx_word' id='word_1_133' title='bbox 537 2343 712 2395; x_wconf 77' lang='lat' dir='ltr'><strong>Vnus.</strong></span> <span class='ocrx_word' id='word_1_134' title='bbox 751 2345 808 2394; x_wconf 85' lang='grc'><strong>11</strong></span> <span class='ocrx_word' id='word_1_135' title='bbox 844 2341 994 2396; x_wconf 89' lang='lat' dir='ltr'><strong>Sicut</strong></span> <span class='ocrx_word' id='word_1_136' title='bbox 1038 2341 1209 2395; x_wconf 82' lang='lat' dir='ltr'><strong>scitis.</strong></span> <span class='ocrx_word' id='word_1_137' title='bbox 1251 2341 1464 2395; x_wconf 81' lang='lat' dir='ltr'><strong>Rursus</strong></span> <span class='ocrx_word' id='word_1_138' title='bbox 1495 2355 1590 2395; x_wconf 89' lang='lat' dir='ltr'><strong>eo</strong></span> <span class='ocrx_word' id='word_1_139' title='bbox 1630 2347 1801 2396; x_wconf 87' lang='lat' dir='ltr'><strong>testes</strong></span> <span class='ocrx_word' id='word_1_140' title='bbox 1845 2347 2003 2396; x_wconf 88' lang='lat' dir='ltr'><strong>vocat</strong></span> <span class='ocrx_word' id='word_1_141' title='bbox 2049 2357 2064 2396; x_wconf 92' lang='lat'><strong>:</strong></span> 
     </span>
    </p>
   </div>
   <div class='ocr_carea' id='block_1_23' title="bbox 460 2427 1982 2501">
    <p class='ocr_par' dir='ltr' id='par_1_23' title="bbox 460 2427 1982 2501">
     <span class='ocr_line' id='line_1_23' title="bbox 460 2427 1982 2501; baseline 0 -17"><span class='ocrx_word' id='word_1_142' title='bbox 460 2427 614 2501; x_wconf 91' lang='lat' dir='ltr'><strong>quod</strong></span> <span class='ocrx_word' id='word_1_143' title='bbox 639 2435 964 2500; x_wconf 86' lang='lat' dir='ltr'><strong>argumento</strong></span> <span class='ocrx_word' id='word_1_144' title='bbox 989 2437 1094 2494; x_wconf 81' lang='lat' dir='ltr'><strong>est,</strong></span> <span class='ocrx_word' id='word_1_145' title='bbox 1121 2444 1251 2484; x_wconf 93' lang='lat' dir='ltr'><strong>eum</strong></span> <span class='ocrx_word' id='word_1_146' title='bbox 1279 2429 1409 2483; x_wconf 90' lang='lat' dir='ltr'><strong>nihil</strong></span> <span class='ocrx_word' id='word_1_147' title='bbox 1438 2438 1756 2501; x_wconf 82' lang='lat' dir='ltr'><strong>arroganter</strong></span> <span class='ocrx_word' id='word_1_148' title='bbox 1783 2429 1982 2486; x_wconf 91' lang='lat' dir='ltr'><strong>dicere.</strong></span> 
     </span>
    </p>
   </div>
   <div class='ocr_carea' id='block_1_24' title="bbox 535 2519 2068 2590">
    <p class='ocr_par' dir='ltr' id='par_1_24' title="bbox 535 2519 2068 2590">
     <span class='ocr_line' id='line_1_24' title="bbox 535 2519 2068 2590; baseline 0.002 -18"><span class='ocrx_word' id='word_1_149' title='bbox 535 2519 780 2585; x_wconf 82' lang='lat' dir='ltr'><strong>Qualiter</strong></span> <span class='ocrx_word' id='word_1_150' title='bbox 797 2534 1229 2588; x_wconf 78' lang='lat' dir='ltr'><strong>unumquemque</strong></span> <span class='ocrx_word' id='word_1_151' title='bbox 1245 2524 1478 2574; x_wconf 86' lang='lat' dir='ltr'><strong>vestrum</strong></span> <span class='ocrx_word' id='word_1_152' title='bbox 1503 2522 1522 2587; x_wconf 93' lang='lat'>(</span> <span class='ocrx_word' id='word_1_153' title='bbox 1546 2523 1685 2574; x_wconf 84' lang='lat' dir='ltr'><strong>sicut</strong></span> <span class='ocrx_word' id='word_1_154' title='bbox 1707 2519 1757 2590; x_wconf 81' lang='lat'><strong>5</strong></span> <span class='ocrx_word' id='word_1_155' title='bbox 1769 2521 1876 2590; x_wconf 82' lang='lat' dir='ltr'><strong>lo</strong></span> <span class='ocrx_word' id='word_1_156' title='bbox 1900 2537 1978 2590; x_wconf 84' lang='lat' dir='ltr'><strong>pa</strong></span> <span class='ocrx_word' id='word_1_157' title='bbox 1987 2525 2068 2575; x_wconf 90' lang='lat' dir='ltr'><strong>ter</strong></span> 
     </span>
    </p>
   </div>
   <div class='ocr_carea' id='block_1_25' title="bbox 459 2607 2060 2681">
    <p class='ocr_par' dir='ltr' id='par_1_25' title="bbox 459 2607 2060 2681">
     <span class='ocr_line' id='line_1_25' title="bbox 459 2607 2060 2681; baseline 0.001 -19"><span class='ocrx_word' id='word_1_158' title='bbox 459 2607 598 2676; x_wconf 85' lang='lat' dir='ltr'><strong>ﬁlios</strong></span> <span class='ocrx_word' id='word_1_159' title='bbox 635 2611 805 2672; x_wconf 87' lang='lat' dir='ltr'><strong>suos)</strong></span> <span class='ocrx_word' id='word_1_160' title='bbox 853 2609 1202 2680; x_wconf 75' lang='lat' dir='ltr'><strong>deprecantes</strong></span> <span class='ocrx_word' id='word_1_161' title='bbox 1247 2624 1336 2663; x_wconf 89' lang='lat' dir='ltr'><strong>vos</strong></span> <span class='ocrx_word' id='word_1_162' title='bbox 1383 2613 1433 2663; x_wconf 92' lang='lat' dir='ltr'><strong>et</strong></span> <span class='ocrx_word' id='word_1_163' title='bbox 1471 2609 1825 2664; x_wconf 82' lang='lat' dir='ltr'><strong>consolantes.</strong></span> <span class='ocrx_word' id='word_1_164' title='bbox 1874 2611 2060 2681; x_wconf 62' lang='lat' dir='ltr'><strong>Papa}!</strong></span> 
     </span>
    </p>
   </div>
   <div class='ocr_carea' id='block_1_26' title="bbox 459 2695 2064 2770">
    <p class='ocr_par' dir='ltr' id='par_1_26' title="bbox 459 2695 2064 2770">
     <span class='ocr_line' id='line_1_26' title="bbox 459 2695 2064 2770; baseline 0.002 -20"><span class='ocrx_word' id='word_1_165' title='bbox 459 2695 769 2768; x_wconf 83' lang='lat' dir='ltr'><strong>cujusmodi</strong></span> <span class='ocrx_word' id='word_1_166' title='bbox 812 2695 866 2752; x_wconf 91' lang='lat' dir='ltr'><strong>id</strong></span> <span class='ocrx_word' id='word_1_167' title='bbox 892 2703 1008 2752; x_wconf 89' lang='lat' dir='ltr'><strong>erat</strong></span> <span class='ocrx_word' id='word_1_168' title='bbox 1037 2696 1262 2769; x_wconf 87' lang='lat' dir='ltr'><strong>negotii,</strong></span> <span class='ocrx_word' id='word_1_169' title='bbox 1293 2696 1442 2770; x_wconf 91' lang='lat' dir='ltr'><strong>quod</strong></span> <span class='ocrx_word' id='word_1_170' title='bbox 1463 2698 1746 2754; x_wconf 88' lang='lat' dir='ltr'><strong>neminem</strong></span> <span class='ocrx_word' id='word_1_171' title='bbox 1776 2698 1912 2754; x_wconf 92' lang='lat' dir='ltr'><strong>citra</strong></span> <span class='ocrx_word' id='word_1_172' title='bbox 1936 2714 2064 2754; x_wconf 83' lang='lat' dir='ltr'><strong>con-</strong></span> 
     </span>
    </p>
   </div>
   <div class='ocr_carea' id='block_1_27' title="bbox 458 2785 2064 2857">
    <p class='ocr_par' dir='ltr' id='par_1_27' title="bbox 458 2785 2064 2857">
     <span class='ocr_line' id='line_1_27' title="bbox 458 2785 2064 2857; baseline 0.002 -17"><span class='ocrx_word' id='word_1_173' title='bbox 458 2785 784 2840; x_wconf 88' lang='lat' dir='ltr'><strong>solationem</strong></span> <span class='ocrx_word' id='word_1_174' title='bbox 816 2786 1283 2854; x_wconf 66' lang='lat' dir='ltr'><strong>praetermitteret,</strong></span> <span class='ocrx_word' id='word_1_175' title='bbox 1327 2788 1424 2842; x_wconf 86' lang='lat' dir='ltr'><strong>sed</strong></span> <span class='ocrx_word' id='word_1_176' title='bbox 1450 2785 1750 2857; x_wconf 89' lang='lat' dir='ltr'><strong>unicuique</strong></span> <span class='ocrx_word' id='word_1_177' title='bbox 1776 2787 1939 2843; x_wconf 90' lang='lat' dir='ltr'><strong>verba</strong></span> <span class='ocrx_word' id='word_1_178' title='bbox 1967 2802 2064 2843; x_wconf 85' lang='lat' dir='ltr'><strong>ac-</strong></span> 
     </span>
    </p>
   </div>
   <div class='ocr_carea' id='block_1_28' title="bbox 457 2873 2059 2944">
    <p class='ocr_par' dir='ltr' id='par_1_28' title="bbox 457 2873 2059 2944">
     <span class='ocr_line' id='line_1_28' title="bbox 457 2873 2059 2944; baseline 0.002 -16"><span class='ocrx_word' id='word_1_179' title='bbox 457 2873 865 2929; x_wconf 87' lang='lat' dir='ltr'><strong>commodaret!</strong></span> <span class='ocrx_word' id='word_1_180' title='bbox 897 2877 1258 2944; x_wconf 83' lang='lat' dir='ltr'><strong>Deprecantes</strong></span> <span class='ocrx_word' id='word_1_181' title='bbox 1287 2883 1494 2940; x_wconf 83' lang='lat' dir='ltr'><strong>autem,</strong></span> <span class='ocrx_word' id='word_1_182' title='bbox 1543 2885 1604 2932; x_wconf 92' lang='lat' dir='ltr'><strong>ut</strong></span> <span class='ocrx_word' id='word_1_183' title='bbox 1630 2874 1836 2931; x_wconf 83' lang='lat' dir='ltr'><strong>fortiter</strong></span> <span class='ocrx_word' id='word_1_184' title='bbox 1864 2875 2059 2932; x_wconf 83' lang='lat' dir='ltr'><strong>ferant.</strong></span> 
     </span>
    </p>
   </div>
   <div class='ocr_carea' id='block_1_29' title="bbox 457 2963 2064 3037">
    <p class='ocr_par' dir='ltr' id='par_1_29' title="bbox 457 2963 2064 3037">
     <span class='ocr_line' id='line_1_29' title="bbox 457 2963 2064 3037; baseline 0.002 -19"><span class='ocrx_word' id='word_1_185' title='bbox 457 2965 581 3018; x_wconf 86' lang='lat' dir='ltr'><strong>Non</strong></span> <span class='ocrx_word' id='word_1_186' title='bbox 605 2963 766 3034; x_wconf 86' lang='lat' dir='ltr'><strong>igitur</strong></span> <span class='ocrx_word' id='word_1_187' title='bbox 786 2963 1015 3035; x_wconf 89' lang='lat' dir='ltr'><strong>gloriam</strong></span> <span class='ocrx_word' id='word_1_188' title='bbox 1039 2964 1377 3035; x_wconf 71' lang='lat' dir='ltr'><strong>quaerebam.</strong></span> <span class='ocrx_word' id='word_1_189' title='bbox 1413 2967 1588 3036; x_wconf 90' lang='lat' dir='ltr'><strong>Supra</strong></span> <span class='ocrx_word' id='word_1_190' title='bbox 1611 2964 1837 3037; x_wconf 90' lang='lat' dir='ltr'><strong>quidem</strong></span> <span class='ocrx_word' id='word_1_191' title='bbox 1865 2967 2064 3022; x_wconf 90' lang='lat' dir='ltr'><strong>nutrici</strong></span> 
     </span>
    </p>
   </div>
   <div class='ocr_carea' id='block_1_30' title="bbox 454 3053 2055 3125">
    <p class='ocr_par' dir='ltr' id='par_1_30' title="bbox 454 3053 2055 3125">
     <span class='ocr_line' id='line_1_30' title="bbox 454 3053 2055 3125; baseline 0.001 -17"><span class='ocrx_word' id='word_1_192' title='bbox 454 3053 698 3124; x_wconf 89' lang='lat' dir='ltr'><strong>seipsum</strong></span> <span class='ocrx_word' id='word_1_193' title='bbox 745 3053 1083 3121; x_wconf 87' lang='lat' dir='ltr'><strong>assimilavit,</strong></span> <span class='ocrx_word' id='word_1_194' title='bbox 1111 3069 1257 3109; x_wconf 91' lang='lat' dir='ltr'><strong>nunc</strong></span> <span class='ocrx_word' id='word_1_195' title='bbox 1298 3062 1484 3110; x_wconf 85' lang='lat' dir='ltr'><strong>autem</strong></span> <span class='ocrx_word' id='word_1_196' title='bbox 1513 3054 1674 3125; x_wconf 89' lang='lat' dir='ltr'><strong>patri,</strong></span> <span class='ocrx_word' id='word_1_197' title='bbox 1705 3054 2055 3111; x_wconf 91' lang='lat' dir='ltr'><strong>dilectionem</strong></span> 
     </span>
    </p>
   </div>
   <div class='ocr_carea' id='block_1_31' title="bbox 453 3139 2056 3213">
    <p class='ocr_par' dir='ltr' id='par_1_31' title="bbox 453 3139 2056 3213">
     <span class='ocr_line' id='line_1_31' title="bbox 453 3139 2056 3213; baseline 0.003 -18"><span class='ocrx_word' id='word_1_198' title='bbox 453 3139 729 3211; x_wconf 90' lang='lat' dir='ltr'><strong>indicans,</strong></span> <span class='ocrx_word' id='word_1_199' title='bbox 778 3151 836 3197; x_wconf 92' lang='lat' dir='ltr'><strong>et</strong></span> <span class='ocrx_word' id='word_1_200' title='bbox 885 3141 1315 3213; x_wconf 77' lang='lat' dir='ltr'><strong>praesidentiam,</strong></span> <span class='ocrx_word' id='word_1_201' title='bbox 1360 3150 1417 3198; x_wconf 91' lang='lat' dir='ltr'><strong>et</strong></span> <span class='ocrx_word' id='word_1_202' title='bbox 1453 3142 1824 3199; x_wconf 85' lang='lat' dir='ltr'><strong>humilitatem</strong></span> <span class='ocrx_word' id='word_1_203' title='bbox 1871 3144 2056 3201; x_wconf 90' lang='lat' dir='ltr'><strong>omnis</strong></span> 
     </span>
    </p>
   </div>
   <div class='ocr_carea' id='block_1_32' title="bbox 451 3228 2055 3303">
    <p class='ocr_par' dir='ltr' id='par_1_32' title="bbox 451 3228 2055 3303">
     <span class='ocr_line' id='line_1_32' title="bbox 451 3228 2055 3303; baseline 0.003 -19"><span class='ocrx_word' id='word_1_204' title='bbox 451 3228 628 3286; x_wconf 86' lang='lat' dir='ltr'><strong>fastus</strong></span> <span class='ocrx_word' id='word_1_205' title='bbox 662 3246 914 3287; x_wconf 87' lang='lat' dir='ltr'><strong>vacuam.</strong></span> <span class='ocrx_word' id='word_1_206' title='bbox 961 3231 1099 3300; x_wconf 87' lang='lat' dir='ltr'><strong>Quis</strong></span> <span class='ocrx_word' id='word_1_207' title='bbox 1128 3231 1277 3288; x_wconf 90' lang='lat' dir='ltr'><strong>enim</strong></span> <span class='ocrx_word' id='word_1_208' title='bbox 1303 3239 1458 3303; x_wconf 90' lang='lat' dir='ltr'><strong>pater</strong></span> <span class='ocrx_word' id='word_1_209' title='bbox 1499 3231 1760 3290; x_wconf 87' lang='lat' dir='ltr'><strong>adversus</strong></span> <span class='ocrx_word' id='word_1_210' title='bbox 1802 3233 1942 3290; x_wconf 87' lang='lat' dir='ltr'><strong>lilio</strong></span> <span class='ocrx_word' id='word_1_211' title='bbox 1970 3233 2055 3289; x_wconf 91' lang='lat' dir='ltr'><strong>in-</strong></span> 
     </span>
    </p>
   </div>
   <div class='ocr_carea' id='block_1_33' title="bbox 453 3317 758 3377">
    <p class='ocr_par' dir='ltr' id='par_1_33' title="bbox 453 3317 758 3377">
     <span class='ocr_line' id='line_1_33' title="bbox 453 3317 758 3377; baseline 0.01 -3"><span class='ocrx_word' id='word_1_212' title='bbox 453 3317 618 3375; x_wconf 87' lang='lat' dir='ltr'><strong>ﬂatus</strong></span> <span class='ocrx_word' id='word_1_213' title='bbox 643 3325 758 3377; x_wconf 79' lang='lat' dir='ltr'><strong>est?</strong></span> 
     </span>
    </p>
   </div>
   <div class='ocr_carea' id='block_1_34' title="bbox 524 3411 2054 3482">
    <p class='ocr_par' dir='ltr' id='par_1_34' title="bbox 524 3411 2054 3482">
     <span class='ocr_line' id='line_1_34' title="bbox 524 3411 2054 3482; baseline 0.004 -19"><span class='ocrx_word' id='word_1_214' title='bbox 524 3411 699 3464; x_wconf 74' lang='lat' dir='ltr'><strong>Vsus.</strong></span> <span class='ocrx_word' id='word_1_215' title='bbox 731 3414 813 3465; x_wconf 88' lang='lat'><strong>12.</strong></span> <span class='ocrx_word' id='word_1_216' title='bbox 845 3411 924 3466; x_wconf 85' lang='lat' dir='ltr'><strong>Ac</strong></span> <span class='ocrx_word' id='word_1_217' title='bbox 938 3412 1299 3479; x_wconf 76' lang='lat' dir='ltr'><strong>testiﬁcantes,</strong></span> <span class='ocrx_word' id='word_1_218' title='bbox 1321 3417 1381 3466; x_wconf 89' lang='lat' dir='ltr'><strong>ut</strong></span> <span class='ocrx_word' id='word_1_219' title='bbox 1401 3411 1752 3466; x_wconf 84' lang='lat' dir='ltr'><strong>ambularetis</strong></span> <span class='ocrx_word' id='word_1_220' title='bbox 1771 3411 1936 3482; x_wconf 83' lang='lat' dir='ltr'><strong>digne</strong></span> <span class='ocrx_word' id='word_1_221' title='bbox 1950 3415 2054 3469; x_wconf 88' lang='lat' dir='ltr'><strong>Deo</strong></span> 
     </span>
    </p>
   </div>
   <div class='ocr_carea' id='block_1_35' title="bbox 451 3500 2053 3570">
    <p class='ocr_par' dir='ltr' id='par_1_35' title="bbox 451 3500 2053 3570">
     <span class='ocr_line' id='line_1_35' title="bbox 451 3500 2053 3570; baseline 0.005 -19"><span class='ocrx_word' id='word_1_222' title='bbox 451 3501 551 3567; x_wconf 87' lang='lat' dir='ltr'><strong>qui</strong></span> <span class='ocrx_word' id='word_1_223' title='bbox 585 3504 737 3553; x_wconf 88' lang='lat' dir='ltr'><strong>vocat</strong></span> <span class='ocrx_word' id='word_1_224' title='bbox 770 3516 858 3554; x_wconf 88' lang='lat' dir='ltr'><strong>vos</strong></span> <span class='ocrx_word' id='word_1_225' title='bbox 877 3500 950 3553; x_wconf 84' lang='lat' dir='ltr'><strong>ad</strong></span> <span class='ocrx_word' id='word_1_226' title='bbox 967 3515 1128 3554; x_wconf 87' lang='lat' dir='ltr'><strong>suum</strong></span> <span class='ocrx_word' id='word_1_227' title='bbox 1149 3502 1322 3570; x_wconf 82' lang='lat' dir='ltr'><strong>ipsius</strong></span> <span class='ocrx_word' id='word_1_228' title='bbox 1350 3516 1585 3569; x_wconf 83' lang='lat' dir='ltr'><strong>regnum</strong></span> <span class='ocrx_word' id='word_1_229' title='bbox 1607 3506 1656 3555; x_wconf 91' lang='lat' dir='ltr'><strong>et</strong></span> <span class='ocrx_word' id='word_1_230' title='bbox 1678 3501 1926 3570; x_wconf 79' lang='lat' dir='ltr'><strong>gloriam.</strong></span> <span class='ocrx_word' id='word_1_231' title='bbox 1955 3505 2053 3559; x_wconf 90' lang='lat' dir='ltr'><strong>Te-</strong></span> 
     </span>
    </p>
   </div>
   <div class='ocr_carea' id='block_1_36' title="bbox 446 3587 2048 3661">
    <p class='ocr_par' dir='ltr' id='par_1_36' title="bbox 446 3587 2048 3661">
     <span class='ocr_line' id='line_1_36' title="bbox 446 3587 2048 3661; baseline 0.003 -18"><span class='ocrx_word' id='word_1_232' title='bbox 446 3587 670 3643; x_wconf 88' lang='lat' dir='ltr'><strong>stilicari</strong></span> <span class='ocrx_word' id='word_1_233' title='bbox 713 3588 829 3645; x_wconf 89' lang='lat' dir='ltr'><strong>sive</strong></span> <span class='ocrx_word' id='word_1_234' title='bbox 867 3589 1124 3645; x_wconf 88' lang='lat' dir='ltr'><strong>obtestari</strong></span> <span class='ocrx_word' id='word_1_235' title='bbox 1160 3589 1282 3661; x_wconf 88' lang='lat' dir='ltr'><strong>jam</strong></span> <span class='ocrx_word' id='word_1_236' title='bbox 1309 3589 1598 3646; x_wconf 86' lang='lat' dir='ltr'><strong>severioris</strong></span> <span class='ocrx_word' id='word_1_237' title='bbox 1648 3599 1732 3646; x_wconf 92' lang='lat' dir='ltr'><strong>est</strong></span> <span class='ocrx_word' id='word_1_238' title='bbox 1760 3590 2048 3649; x_wconf 68' lang='lat' dir='ltr'><strong>doctrinm.</strong></span> 
     </span>
    </p>
   </div>
   <div class='ocr_carea' id='block_1_37' title="bbox 447 3677 2052 3752">
    <p class='ocr_par' dir='ltr' id='par_1_37' title="bbox 447 3677 2052 3752">
     <span class='ocr_line' id='line_1_37' title="bbox 447 3677 2052 3752; baseline 0.002 -20"><span class='ocrx_word' id='word_1_239' title='bbox 447 3677 628 3747; x_wconf 86' lang='lat' dir='ltr'><strong>Quare</strong></span> <span class='ocrx_word' id='word_1_240' title='bbox 655 3693 765 3733; x_wconf 93' lang='lat' dir='ltr'><strong>non</strong></span> <span class='ocrx_word' id='word_1_241' title='bbox 793 3677 1079 3734; x_wconf 89' lang='lat' dir='ltr'><strong>adulabar.</strong></span> <span class='ocrx_word' id='word_1_242' title='bbox 1113 3680 1414 3752; x_wconf 89' lang='lat' dir='ltr'><strong>Postquam</strong></span> <span class='ocrx_word' id='word_1_243' title='bbox 1447 3695 1572 3735; x_wconf 89' lang='lat' dir='ltr'><strong>vero</strong></span> <span class='ocrx_word' id='word_1_244' title='bbox 1593 3679 1866 3750; x_wconf 77' lang='lat' dir='ltr'><strong>praedixit,</strong></span> <span class='ocrx_word' id='word_1_245' title='bbox 1897 3685 2052 3736; x_wconf 83' lang='lat' dir='ltr'><strong>Tan-</strong></span> 
     </span>
    </p>
   </div>
   <div class='ocr_carea' id='block_1_38' title="bbox 443 3768 2048 3840">
    <p class='ocr_par' dir='ltr' id='par_1_38' title="bbox 443 3768 2048 3840">
     <span class='ocr_line' id='line_1_38' title="bbox 443 3768 2048 3840; baseline 0.004 -20"><span class='ocrx_word' id='word_1_246' title='bbox 443 3782 608 3834; x_wconf 85' lang='lat' dir='ltr'><strong>quam</strong></span> <span class='ocrx_word' id='word_1_247' title='bbox 642 3773 822 3837; x_wconf 83' lang='lat' dir='ltr'><strong>pater,</strong></span> <span class='ocrx_word' id='word_1_248' title='bbox 868 3777 1001 3824; x_wconf 89' lang='lat' dir='ltr'><strong>tunc</strong></span> <span class='ocrx_word' id='word_1_249' title='bbox 1036 3768 1244 3835; x_wconf 85' lang='lat' dir='ltr'><strong>intulit,</strong></span> <span class='ocrx_word' id='word_1_250' title='bbox 1288 3771 1682 3838; x_wconf 79' lang='lat' dir='ltr'><strong>Testiﬂcantes.</strong></span> <span class='ocrx_word' id='word_1_251' title='bbox 1716 3773 1840 3825; x_wconf 90' lang='lat' dir='ltr'><strong>Non</strong></span> <span class='ocrx_word' id='word_1_252' title='bbox 1879 3772 2048 3840; x_wconf 90' lang='lat' dir='ltr'><strong>enim,</strong></span> 
     </span>
    </p>
   </div>
   <div class='ocr_carea' id='block_1_39' title="bbox 440 3855 2052 3928">
    <p class='ocr_par' dir='ltr' id='par_1_39' title="bbox 440 3855 2052 3928">
     <span class='ocr_line' id='line_1_39' title="bbox 440 3855 2052 3928; baseline 0.005 -20"><span class='ocrx_word' id='word_1_253' title='bbox 440 3855 792 3919; x_wconf 82' lang='lat' dir='ltr'><strong>vehementer,</strong></span> <span class='ocrx_word' id='word_1_254' title='bbox 845 3856 1042 3927; x_wconf 87' lang='lat' dir='ltr'><strong>inquit,</strong></span> <span class='ocrx_word' id='word_1_255' title='bbox 1072 3856 1191 3926; x_wconf 87' lang='lat' dir='ltr'><strong>sed,</strong></span> <span class='ocrx_word' id='word_1_256' title='bbox 1224 3864 1287 3912; x_wconf 93' lang='lat' dir='ltr'><strong>ut</strong></span> <span class='ocrx_word' id='word_1_257' title='bbox 1330 3865 1422 3928; x_wconf 90' lang='lat' dir='ltr'><strong>pat</strong></span> <span class='ocrx_word' id='word_1_258' title='bbox 1435 3874 1543 3926; x_wconf 90' lang='lat' dir='ltr'><strong>res,</strong></span> <span class='ocrx_word' id='word_1_259' title='bbox 1595 3863 1657 3913; x_wconf 86' lang='lat' dir='ltr'><strong>ut</strong></span> <span class='ocrx_word' id='word_1_260' title='bbox 1699 3860 2052 3916; x_wconf 83' lang='lat' dir='ltr'><strong>ambularetis</strong></span> 
     </span>
    </p>
   </div>
   <div class='ocr_carea' id='block_1_40' title="bbox 441 3945 2052 4019">
    <p class='ocr_par' dir='ltr' id='par_1_40' title="bbox 441 3945 2052 4019">
     <span class='ocr_line' id='line_1_40' title="bbox 441 3945 2052 4019; baseline 0.004 -21"><span class='ocrx_word' id='word_1_261' title='bbox 441 3960 530 3999; x_wconf 92' lang='lat' dir='ltr'><strong>vos</strong></span> <span class='ocrx_word' id='word_1_262' title='bbox 565 3945 728 4015; x_wconf 87' lang='lat' dir='ltr'><strong>digne</strong></span> <span class='ocrx_word' id='word_1_263' title='bbox 755 3950 863 4002; x_wconf 86' lang='lat' dir='ltr'><strong>Deo</strong></span> <span class='ocrx_word' id='word_1_264' title='bbox 891 3951 910 4013; x_wconf 89' lang='lat'>(</span> <span class='ocrx_word' id='word_1_265' title='bbox 937 3946 1031 4018; x_wconf 89' lang='lat' dir='ltr'><strong>qui</strong></span> <span class='ocrx_word' id='word_1_266' title='bbox 1055 3962 1151 4002; x_wconf 87' lang='lat' dir='ltr'><strong>vos</strong></span> <span class='ocrx_word' id='word_1_267' title='bbox 1185 3945 1397 4002; x_wconf 86' lang='lat' dir='ltr'><strong>vocavit</strong></span> <span class='ocrx_word' id='word_1_268' title='bbox 1434 3947 1502 4003; x_wconf 90' lang='lat' dir='ltr'><strong>ad</strong></span> <span class='ocrx_word' id='word_1_269' title='bbox 1543 3962 1774 4019; x_wconf 89' lang='lat' dir='ltr'><strong>regnum</strong></span> <span class='ocrx_word' id='word_1_270' title='bbox 1804 3963 1968 4005; x_wconf 88' lang='lat' dir='ltr'><strong>suum</strong></span> <span class='ocrx_word' id='word_1_271' title='bbox 1997 3958 2052 4005; x_wconf 91' lang='lat' dir='ltr'><strong>et</strong></span> 
     </span>
    </p>
   </div>
   <div class='ocr_carea' id='block_1_41' title="bbox 439 4033 2050 4108">
    <p class='ocr_par' dir='ltr' id='par_1_41' title="bbox 439 4033 2050 4108">
     <span class='ocr_line' id='line_1_41' title="bbox 439 4033 2050 4108; baseline 0.003 -19"><span class='ocrx_word' id='word_1_272' title='bbox 439 4033 670 4106; x_wconf 87' lang='lat' dir='ltr'><strong>gloriam</strong></span> <span class='ocrx_word' id='word_1_273' title='bbox 695 4034 736 4107; x_wconf 88' lang='lat'><strong>).</strong></span> <span class='ocrx_word' id='word_1_274' title='bbox 763 4035 1159 4092; x_wconf 87' lang='lat' dir='ltr'><strong>Animadverte</strong></span> <span class='ocrx_word' id='word_1_275' title='bbox 1182 4044 1372 4092; x_wconf 90' lang='lat' dir='ltr'><strong>autem</strong></span> <span class='ocrx_word' id='word_1_276' title='bbox 1402 4036 1686 4108; x_wconf 90' lang='lat' dir='ltr'><strong>quomodo</strong></span> <span class='ocrx_word' id='word_1_277' title='bbox 1731 4037 1837 4094; x_wconf 91' lang='lat' dir='ltr'><strong>sub</strong></span> <span class='ocrx_word' id='word_1_278' title='bbox 1866 4054 2050 4094; x_wconf 84' lang='lat' dir='ltr'><strong>narra-</strong></span> 
     </span>
    </p>
   </div>
   <div class='ocr_carea' id='block_1_42' title="bbox 443 4122 2050 4197">
    <p class='ocr_par' dir='ltr' id='par_1_42' title="bbox 443 4122 2050 4197">
     <span class='ocr_line' id='line_1_42' title="bbox 443 4122 2050 4197; baseline 0.004 -19"><span class='ocrx_word' id='word_1_279' title='bbox 443 4122 612 4179; x_wconf 89' lang='lat' dir='ltr'><strong>tionis</strong></span> <span class='ocrx_word' id='word_1_280' title='bbox 653 4125 832 4197; x_wconf 88' lang='lat' dir='ltr'><strong>specie</strong></span> <span class='ocrx_word' id='word_1_281' title='bbox 855 4140 959 4181; x_wconf 87' lang='lat' dir='ltr'><strong>nos</strong></span> <span class='ocrx_word' id='word_1_282' title='bbox 986 4124 1178 4182; x_wconf 91' lang='lat' dir='ltr'><strong>doceat</strong></span> <span class='ocrx_word' id='word_1_283' title='bbox 1204 4134 1259 4181; x_wconf 94' lang='lat' dir='ltr'><strong>et</strong></span> <span class='ocrx_word' id='word_1_284' title='bbox 1289 4127 1626 4182; x_wconf 86' lang='lat' dir='ltr'><strong>consoletur.</strong></span> <span class='ocrx_word' id='word_1_285' title='bbox 1673 4127 1730 4183; x_wconf 91' lang='lat' dir='ltr'><strong>Si</strong></span> <span class='ocrx_word' id='word_1_286' title='bbox 1785 4127 1930 4184; x_wconf 88' lang='lat' dir='ltr'><strong>enim</strong></span> <span class='ocrx_word' id='word_1_287' title='bbox 1981 4127 2050 4186; x_wconf 90' lang='lat' dir='ltr'><strong>ad</strong></span> 
     </span>
    </p>
   </div>
   <div class='ocr_carea' id='block_1_43' title="bbox 441 4214 1854 4285">
    <p class='ocr_par' dir='ltr' id='par_1_43' title="bbox 441 4214 1854 4285">
     <span class='ocr_line' id='line_1_43' title="bbox 441 4214 1854 4285; baseline 0.004 -17"><span class='ocrx_word' id='word_1_288' title='bbox 441 4227 675 4285; x_wconf 89' lang='lat' dir='ltr'><strong>regnum</strong></span> <span class='ocrx_word' id='word_1_289' title='bbox 699 4230 806 4270; x_wconf 88' lang='lat' dir='ltr'><strong>nos</strong></span> <span class='ocrx_word' id='word_1_290' title='bbox 825 4222 983 4270; x_wconf 88' lang='lat' dir='ltr'><strong>vocat</strong></span> <span class='ocrx_word' id='word_1_291' title='bbox 1013 4217 1182 4281; x_wconf 86' lang='lat' dir='ltr'><strong>Deus,</strong></span> <span class='ocrx_word' id='word_1_292' title='bbox 1214 4215 1396 4270; x_wconf 90' lang='lat' dir='ltr'><strong>omnia</strong></span> <span class='ocrx_word' id='word_1_293' title='bbox 1438 4223 1569 4270; x_wconf 90' lang='lat' dir='ltr'><strong>sunt</strong></span> <span class='ocrx_word' id='word_1_294' title='bbox 1609 4214 1854 4273; x_wconf 87' lang='lat' dir='ltr'><strong>ferenda.</strong></span> 
     </span>
    </p>
   </div>
   <div class='ocr_carea' id='block_1_44' title="bbox 512 4303 2053 4374">
    <p class='ocr_par' dir='ltr' id='par_1_44' title="bbox 512 4303 2053 4374">
     <span class='ocr_line' id='line_1_44' title="bbox 512 4303 2053 4374; baseline 0.005 -17"><span class='ocrx_word' id='word_1_295' title='bbox 512 4305 694 4358; x_wconf 73' lang='lat' dir='ltr'><strong>Vnus.</strong></span> <span class='ocrx_word' id='word_1_296' title='bbox 748 4309 833 4357; x_wconf 90' lang='lat'><strong>13.</strong></span> <span class='ocrx_word' id='word_1_297' title='bbox 876 4303 1003 4358; x_wconf 87' lang='lat' dir='ltr'><strong>Ideo</strong></span> <span class='ocrx_word' id='word_1_298' title='bbox 1043 4310 1093 4360; x_wconf 90' lang='lat' dir='ltr'><strong>et</strong></span> <span class='ocrx_word' id='word_1_299' title='bbox 1128 4319 1223 4359; x_wconf 90' lang='lat' dir='ltr'><strong>nos</strong></span> <span class='ocrx_word' id='word_1_300' title='bbox 1266 4306 1478 4373; x_wconf 87' lang='lat' dir='ltr'><strong>gratias</strong></span> <span class='ocrx_word' id='word_1_301' title='bbox 1526 4307 1736 4374; x_wconf 84' lang='lat' dir='ltr'><strong>agimus</strong></span> <span class='ocrx_word' id='word_1_302' title='bbox 1785 4310 1891 4363; x_wconf 92' lang='lat' dir='ltr'><strong>Deo</strong></span> <span class='ocrx_word' id='word_1_303' title='bbox 1937 4311 2053 4364; x_wconf 88' lang='lat' dir='ltr'><strong>sine</strong></span> 
     </span>
    </p>
   </div>
   <div class='ocr_carea' id='block_1_45' title="bbox 441 4393 2052 4464">
    <p class='ocr_par' dir='ltr' id='par_1_45' title="bbox 441 4393 2052 4464">
     <span class='ocr_line' id='line_1_45' title="bbox 441 4393 2052 4464; baseline 0.005 -19"><span class='ocrx_word' id='word_1_304' title='bbox 441 4393 860 4455; x_wconf 81' lang='lat' dir='ltr'><strong>intermissione,</strong></span> <span class='ocrx_word' id='word_1_305' title='bbox 892 4396 1152 4462; x_wconf 87' lang='lat' dir='ltr'><strong>quoniam</strong></span> <span class='ocrx_word' id='word_1_306' title='bbox 1178 4409 1301 4448; x_wconf 89' lang='lat' dir='ltr'><strong>cum</strong></span> <span class='ocrx_word' id='word_1_307' title='bbox 1330 4396 1609 4464; x_wconf 82' lang='lat' dir='ltr'><strong>accepistis</strong></span> <span class='ocrx_word' id='word_1_308' title='bbox 1640 4398 1863 4452; x_wconf 84' lang='lat' dir='ltr'><strong>verbum</strong></span> <span class='ocrx_word' id='word_1_309' title='bbox 1890 4398 2052 4453; x_wconf 83' lang='lat' dir='ltr'><strong>audi-</strong></span> 
     </span>
    </p>
   </div>
   <div class='ocr_carea' id='block_1_46' title="bbox 441 4483 2046 4554">
    <p class='ocr_par' dir='ltr' id='par_1_46' title="bbox 441 4483 2046 4554">
     <span class='ocr_line' id='line_1_46' title="bbox 441 4483 2046 4554; baseline 0.004 -18"><span class='ocrx_word' id='word_1_310' title='bbox 441 4485 527 4536; x_wconf 87' lang='lat' dir='ltr'><strong>tus</strong></span> <span class='ocrx_word' id='word_1_311' title='bbox 548 4498 582 4535; x_wconf 89' lang='lat' dir='ltr'><strong>a</strong></span> <span class='ocrx_word' id='word_1_312' title='bbox 613 4483 764 4537; x_wconf 85' lang='lat' dir='ltr'><strong>nobis</strong></span> <span class='ocrx_word' id='word_1_313' title='bbox 794 4485 912 4546; x_wconf 87' lang='lat' dir='ltr'><strong>Dei,</strong></span> <span class='ocrx_word' id='word_1_314' title='bbox 937 4485 1221 4554; x_wconf 85' lang='lat' dir='ltr'><strong>accepistis</strong></span> <span class='ocrx_word' id='word_1_315' title='bbox 1250 4499 1354 4538; x_wconf 88' lang='lat' dir='ltr'><strong>non</strong></span> <span class='ocrx_word' id='word_1_316' title='bbox 1376 4485 1599 4539; x_wconf 85' lang='lat' dir='ltr'><strong>verbum</strong></span> <span class='ocrx_word' id='word_1_317' title='bbox 1627 4485 1926 4550; x_wconf 77' lang='lat' dir='ltr'><strong>hominum,</strong></span> <span class='ocrx_word' id='word_1_318' title='bbox 1951 4487 2046 4543; x_wconf 86' lang='lat' dir='ltr'><strong>sed</strong></span> 
     </span>
    </p>
   </div>
   <div class='ocr_carea' id='block_1_47' title="bbox 441 4571 2044 4641">
    <p class='ocr_par' dir='ltr' id='par_1_47' title="bbox 441 4571 2044 4641">
     <span class='ocr_line' id='line_1_47' title="bbox 441 4571 2044 4641; baseline 0.004 -15"><span class='ocrx_word' id='word_1_319' title='bbox 441 4571 917 4641; x_wconf 84' lang='lat' dir='ltr'><strong>(quemadmodum</strong></span> <span class='ocrx_word' id='word_1_320' title='bbox 970 4577 1047 4629; x_wconf 88' lang='lat' dir='ltr'><strong>est</strong></span> <span class='ocrx_word' id='word_1_321' title='bbox 1088 4578 1246 4639; x_wconf 83' lang='lat' dir='ltr'><strong>vere)</strong></span> <span class='ocrx_word' id='word_1_322' title='bbox 1288 4573 1516 4630; x_wconf 87' lang='lat' dir='ltr'><strong>verbum</strong></span> <span class='ocrx_word' id='word_1_323' title='bbox 1571 4577 1690 4631; x_wconf 86' lang='lat' dir='ltr'><strong>Dei.</strong></span> <span class='ocrx_word' id='word_1_324' title='bbox 1749 4579 1874 4632; x_wconf 87' lang='lat' dir='ltr'><strong>Hoc</strong></span> <span class='ocrx_word' id='word_1_325' title='bbox 1923 4577 2044 4634; x_wconf 94' lang='lat' dir='ltr'><strong>loco</strong></span> 
     </span>
    </p>
   </div>
   <div class='ocr_carea' id='block_1_48' title="bbox 439 4662 2044 4741">
    <p class='ocr_par' dir='ltr' id='par_1_48' title="bbox 439 4662 2044 4741">
     <span class='ocr_line' id='line_1_48' title="bbox 439 4662 2044 4741; baseline 0.004 -26"><span class='ocrx_word' id='word_1_326' title='bbox 439 4675 537 4716; x_wconf 93' lang='lat' dir='ltr'><strong>eos</strong></span> <span class='ocrx_word' id='word_1_327' title='bbox 563 4663 728 4718; x_wconf 90' lang='lat' dir='ltr'><strong>etiam</strong></span> <span class='ocrx_word' id='word_1_328' title='bbox 757 4662 1134 4718; x_wconf 90' lang='lat' dir='ltr'><strong>commendat.</strong></span> <span class='ocrx_word' id='word_1_329' title='bbox 1181 4665 1307 4719; x_wconf 88' lang='lat' dir='ltr'><strong>Non</strong></span> <span class='ocrx_word' id='word_1_330' title='bbox 1349 4662 1524 4733; x_wconf 90' lang='lat' dir='ltr'><strong>enim,</strong></span> <span class='ocrx_word' id='word_1_331' title='bbox 1559 4664 1752 4737; x_wconf 90' lang='lat' dir='ltr'><strong>inquit,</strong></span> <span class='ocrx_word' id='word_1_332' title='bbox 1783 4682 1886 4723; x_wconf 87' lang='lat' dir='ltr'><strong>nos</strong></span> <span class='ocrx_word' id='word_1_333' title='bbox 1923 4667 2044 4741; x_wconf 91' lang='lat' dir='ltr'><strong>qui-</strong></span> 
     </span>
    </p>
   </div>
   <div class='ocr_carea' id='block_1_49' title="bbox 437 4752 2044 4829">
    <p class='ocr_par' dir='ltr' id='par_1_49' title="bbox 437 4752 2044 4829">
     <span class='ocr_line' id='line_1_49' title="bbox 437 4752 2044 4829; baseline 0.004 -23"><span class='ocrx_word' id='word_1_334' title='bbox 437 4752 564 4806; x_wconf 89' lang='lat' dir='ltr'><strong>dem</strong></span> <span class='ocrx_word' id='word_1_335' title='bbox 593 4753 778 4808; x_wconf 89' lang='lat' dir='ltr'><strong>omnia</strong></span> <span class='ocrx_word' id='word_1_336' title='bbox 814 4753 1086 4822; x_wconf 88' lang='lat' dir='ltr'><strong>inculpate</strong></span> <span class='ocrx_word' id='word_1_337' title='bbox 1113 4753 1349 4824; x_wconf 83' lang='lat' dir='ltr'><strong>agimus,</strong></span> <span class='ocrx_word' id='word_1_338' title='bbox 1381 4768 1478 4809; x_wconf 88' lang='lat' dir='ltr'><strong>vos</strong></span> <span class='ocrx_word' id='word_1_339' title='bbox 1523 4763 1710 4811; x_wconf 89' lang='lat' dir='ltr'><strong>autem</strong></span> <span class='ocrx_word' id='word_1_340' title='bbox 1755 4755 2044 4829; x_wconf 86' lang='lat' dir='ltr'><strong>indignum</strong></span> 
     </span>
    </p>
   </div>
   <div class='ocr_carea' id='block_1_50' title="bbox 435 4839 2043 4914">
    <p class='ocr_par' dir='ltr' id='par_1_50' title="bbox 435 4839 2043 4914">
     <span class='ocr_line' id='line_1_50' title="bbox 435 4839 2043 4914; baseline 0.004 -19"><span class='ocrx_word' id='word_1_341' title='bbox 435 4839 705 4914; x_wconf 91' lang='lat' dir='ltr'><strong>quiddam</strong></span> <span class='ocrx_word' id='word_1_342' title='bbox 722 4858 846 4898; x_wconf 91' lang='lat' dir='ltr'><strong>mea</strong></span> <span class='ocrx_word' id='word_1_343' title='bbox 868 4843 1217 4899; x_wconf 87' lang='lat' dir='ltr'><strong>institutione</strong></span> <span class='ocrx_word' id='word_1_344' title='bbox 1245 4841 1691 4902; x_wconf 83' lang='lat' dir='ltr'><strong>demonstrastis.</strong></span> <span class='ocrx_word' id='word_1_345' title='bbox 1734 4848 1860 4902; x_wconf 86' lang='lat' dir='ltr'><strong>Non</strong></span> <span class='ocrx_word' id='word_1_346' title='bbox 1890 4848 2043 4903; x_wconf 89' lang='lat' dir='ltr'><strong>enim</strong></span> 
     </span>
    </p>
   </div>
   <div class='ocr_carea' id='block_1_51' title="bbox 438 4933 2046 5008">
    <p class='ocr_par' dir='ltr' id='par_1_51' title="bbox 438 4933 2046 5008">
     <span class='ocr_line' id='line_1_51' title="bbox 438 4933 2046 5008; baseline 0.004 -23"><span class='ocrx_word' id='word_1_347' title='bbox 438 4937 701 5003; x_wconf 89' lang='lat' dir='ltr'><strong>tanquam</strong></span> <span class='ocrx_word' id='word_1_348' title='bbox 732 4933 990 4989; x_wconf 90' lang='lat' dir='ltr'><strong>homines</strong></span> <span class='ocrx_word' id='word_1_349' title='bbox 1030 4933 1313 5002; x_wconf 86' lang='lat' dir='ltr'><strong>audiretis,</strong></span> <span class='ocrx_word' id='word_1_350' title='bbox 1363 4933 1439 4991; x_wconf 90' lang='lat' dir='ltr'><strong>ita</strong></span> <span class='ocrx_word' id='word_1_351' title='bbox 1482 4935 1809 5008; x_wconf 91' lang='lat' dir='ltr'><strong>simpliciter</strong></span> <span class='ocrx_word' id='word_1_352' title='bbox 1861 4936 2046 4994; x_wconf 80' lang='lat' dir='ltr'><strong>affecti</strong></span> 
     </span>
    </p>
   </div>
   <div class='ocr_carea' id='block_1_52' title="bbox 436 5019 2042 5093">
    <p class='ocr_par' dir='ltr' id='par_1_52' title="bbox 436 5019 2042 5093">
     <span class='ocr_line' id='line_1_52' title="bbox 436 5019 2042 5093; baseline 0.004 -17"><span class='ocrx_word' id='word_1_353' title='bbox 436 5019 586 5089; x_wconf 89' lang='lat' dir='ltr'><strong>estis,</strong></span> <span class='ocrx_word' id='word_1_354' title='bbox 626 5021 724 5078; x_wconf 88' lang='lat' dir='ltr'><strong>sed</strong></span> <span class='ocrx_word' id='word_1_355' title='bbox 767 5021 932 5078; x_wconf 90' lang='lat' dir='ltr'><strong>veluti</strong></span> <span class='ocrx_word' id='word_1_356' title='bbox 977 5023 1096 5093; x_wconf 90' lang='lat' dir='ltr'><strong>ipso</strong></span> <span class='ocrx_word' id='word_1_357' title='bbox 1128 5026 1250 5079; x_wconf 94' lang='lat' dir='ltr'><strong>Deo</strong></span> <span class='ocrx_word' id='word_1_358' title='bbox 1298 5021 1645 5093; x_wconf 84' lang='lat' dir='ltr'><strong>adhortante,</strong></span> <span class='ocrx_word' id='word_1_359' title='bbox 1686 5026 1769 5081; x_wconf 88' lang='lat' dir='ltr'><strong>sic</strong></span> <span class='ocrx_word' id='word_1_360' title='bbox 1797 5024 2042 5082; x_wconf 88' lang='lat' dir='ltr'><strong>adverte-</strong></span> 
     </span>
    </p>
   </div>
   <div class='ocr_carea' id='block_1_53' title="bbox 433 5107 2046 5187">
    <p class='ocr_par' dir='ltr' id='par_1_53' title="bbox 433 5107 2046 5187">
     <span class='ocr_line' id='line_1_53' title="bbox 433 5107 2046 5187; baseline 0.005 -23"><span class='ocrx_word' id='word_1_361' title='bbox 433 5107 574 5165; x_wconf 89' lang='lat' dir='ltr'><strong>batis</strong></span> <span class='ocrx_word' id='word_1_362' title='bbox 618 5109 890 5167; x_wconf 90' lang='lat' dir='ltr'><strong>animum.</strong></span> <span class='ocrx_word' id='word_1_363' title='bbox 943 5111 1186 5168; x_wconf 85' lang='lat' dir='ltr'><strong>Verbum</strong></span> <span class='ocrx_word' id='word_1_364' title='bbox 1233 5119 1422 5168; x_wconf 90' lang='lat' dir='ltr'><strong>autem</strong></span> <span class='ocrx_word' id='word_1_365' title='bbox 1461 5113 1684 5170; x_wconf 86' lang='lat' dir='ltr'><strong>auditus</strong></span> <span class='ocrx_word' id='word_1_366' title='bbox 1707 5113 1832 5184; x_wconf 91' lang='lat' dir='ltr'><strong>Dei,</strong></span> <span class='ocrx_word' id='word_1_367' title='bbox 1859 5115 2046 5187; x_wconf 60' lang='lat' dir='ltr'><strong>prmdio</strong></span> 
     </span>
    </p>
   </div>
   <div class='ocr_carea' id='block_1_54' title="bbox 2097 1853 2144 1916">
    <p class='ocr_par' dir='ltr' id='par_1_54' title="bbox 2097 1853 2144 1916">
     <span class='ocr_line' id='line_1_54' title="bbox 2097 1853 2144 1916; baseline 0 0"><span class='ocrx_word' id='word_1_368' title='bbox 2097 1853 2144 1916; x_wconf 94' lang='lat' dir='ltr'><strong>B</strong></span> 
     </span>
    </p>
   </div>
   <div class='ocr_carea' id='block_1_55' title="bbox 2175 617 3774 708">
    <p class='ocr_par' dir='ltr' id='par_1_55' title="bbox 2175 617 3774 708">
     <span class='ocr_line' id='line_1_55' title="bbox 2175 617 3774 708; baseline -0.008 -21"><span class='ocrx_word' id='word_1_369' title='bbox 2175 617 2274 708; x_wconf 67' lang='grc' dir='ltr'><strong>οῦχ</strong></span> <span class='ocrx_word' id='word_1_370' title='bbox 2325 627 2530 707; x_wconf 83' lang='grc' dir='ltr'>ἡμέρας</span> <span class='ocrx_word' id='word_1_371' title='bbox 2581 623 2772 704; x_wconf 90' lang='grc' dir='ltr'>μόνον,</span> <span class='ocrx_word' id='word_1_372' title='bbox 2825 623 2966 682; x_wconf 82' lang='grc' dir='ltr'>ἀλλὰ</span> <span class='ocrx_word' id='word_1_373' title='bbox 3018 620 3111 680; x_wconf 77' lang='grc' dir='ltr'>καὶ</span> <span class='ocrx_word' id='word_1_374' title='bbox 3166 617 3372 686; x_wconf 85' lang='grc' dir='ltr'>νυκτός.</span> <span class='ocrx_word' id='word_1_375' title='bbox 3433 617 3613 708; x_wconf 75' lang='grc' dir='ltr'>Βαϐαἱ</span> <span class='ocrx_word' id='word_1_376' title='bbox 3677 620 3774 708; x_wconf 81' lang='grc' dir='ltr'><strong>τῆς</strong></span> 
     </span>
    </p>
   </div>
   <div class='ocr_carea' id='block_1_56' title="bbox 2175 707 3774 798">
    <p class='ocr_par' dir='ltr' id='par_1_56' title="bbox 2175 707 3774 798">
     <span class='ocr_line' id='line_1_56' title="bbox 2175 707 3774 798; baseline -0.008 -23"><span class='ocrx_word' id='word_1_377' title='bbox 2175 707 2472 798; x_wconf 85' lang='grc' dir='ltr'>προθυμίας</span> <span class='ocrx_word' id='word_1_378' title='bbox 2521 714 2613 775; x_wconf 79' lang='grc' dir='ltr'><strong>καὶ</strong></span> <span class='ocrx_word' id='word_1_379' title='bbox 2661 720 2755 786; x_wconf 87' lang='grc' dir='ltr'><strong>τῆς</strong></span> <span class='ocrx_word' id='word_1_380' title='bbox 2804 712 2940 791; x_wconf 78' lang='grc' dir='ltr'>ὓπὲρ</span> <span class='ocrx_word' id='word_1_381' title='bbox 2981 715 3076 770; x_wconf 89' lang='grc' dir='ltr'><strong>τοῦ</strong></span> <span class='ocrx_word' id='word_1_382' title='bbox 3118 709 3194 788; x_wconf 84' lang='grc' dir='ltr'><strong>μὴ</strong></span> <span class='ocrx_word' id='word_1_383' title='bbox 3248 707 3605 798; x_wconf 17' lang='grc' dir='ltr'>σκανδαλίσᾷαι</span> <span class='ocrx_word' id='word_1_384' title='bbox 3651 707 3774 764; x_wconf 78' lang='grc' dir='ltr'>τινὰ</span> 
     </span>
    </p>
   </div>
   <div class='ocr_carea' id='block_1_57' title="bbox 2176 795 3771 880">
    <p class='ocr_par' dir='ltr' id='par_1_57' title="bbox 2176 795 3771 880">
     <span class='ocr_line' id='line_1_57' title="bbox 2176 795 3771 880; baseline -0.008 -14"><span class='ocrx_word' id='word_1_385' title='bbox 2176 795 2436 878; x_wconf 74' lang='grc' dir='ltr'>σπουδῆςῐ</span> <span class='ocrx_word' id='word_1_386' title='bbox 2481 805 2731 865; x_wconf 88' lang='grc' dir='ltr'>Δείκνυσι</span> <span class='ocrx_word' id='word_1_387' title='bbox 2785 802 2839 864; x_wconf 82' lang='grc' dir='ltr'>δὲ</span> <span class='ocrx_word' id='word_1_388' title='bbox 2873 802 2965 862; x_wconf 74' lang='grc' dir='ltr'><strong>καὶ</strong></span> <span class='ocrx_word' id='word_1_389' title='bbox 2998 803 3051 860; x_wconf 71' lang='grc' dir='ltr'>ἐν</span> <span class='ocrx_word' id='word_1_390' title='bbox 3099 799 3254 880; x_wconf 66' lang='grc' dir='ltr'>πενία</span> <span class='ocrx_word' id='word_1_391' title='bbox 3296 797 3453 866; x_wconf 79' lang='grc' dir='ltr'>ὄντας</span> <span class='ocrx_word' id='word_1_392' title='bbox 3479 795 3598 862; x_wconf 76' lang='grc' dir='ltr'>τοὺς</span> <span class='ocrx_word' id='word_1_393' title='bbox 3626 799 3771 857; x_wconf 86' lang='grc' dir='ltr'>Θεσ-</span> 
     </span>
    </p>
   </div>
   <div class='ocr_carea' id='block_1_58' title="bbox 2176 885 3778 971">
    <p class='ocr_par' dir='ltr' id='par_1_58' title="bbox 2176 885 3778 971">
     <span class='ocr_line' id='line_1_58' title="bbox 2176 885 3778 971; baseline -0.007 -17"><span class='ocrx_word' id='word_1_394' title='bbox 2176 899 2492 968; x_wconf 88' lang='grc' dir='ltr'>σαλονικεῖς,</span> <span class='ocrx_word' id='word_1_395' title='bbox 2519 893 2607 954; x_wconf 78' lang='grc' dir='ltr'><strong>διὰ</strong></span> <span class='ocrx_word' id='word_1_396' title='bbox 2638 897 2730 953; x_wconf 90' lang='grc' dir='ltr'><strong>τοῦ</strong></span> <span class='ocrx_word' id='word_1_397' title='bbox 2763 895 2928 953; x_wconf 76' lang='grc' dir='ltr'>εἰπεῖν</span> <span class='ocrx_word' id='word_1_398' title='bbox 2954 917 2966 930; x_wconf 93' lang='grc'>·</span> <span class='ocrx_word' id='word_1_399' title='bbox 3007 913 3038 950; x_wconf 86' lang='grc'><strong>‹(</strong></span> <span class='ocrx_word' id='word_1_400' title='bbox 3067 891 3212 971; x_wconf 85' lang='grc' dir='ltr'>Πρὸς</span> <span class='ocrx_word' id='word_1_401' title='bbox 3239 887 3302 948; x_wconf 79' lang='grc' dir='ltr'><strong>τὸ</strong></span> <span class='ocrx_word' id='word_1_402' title='bbox 3337 887 3413 967; x_wconf 81' lang='grc' dir='ltr'>μὴ</span> <span class='ocrx_word' id='word_1_403' title='bbox 3445 885 3778 967; x_wconf 72' lang='grc' dir='ltr'>ἐπιϐαρῆσαί</span> 
     </span>
    </p>
   </div>
   <div class='ocr_carea' id='block_1_59' title="bbox 2175 988 2572 1062">
    <p class='ocr_par' dir='ltr' id='par_1_59' title="bbox 2175 988 2572 1062">
     <span class='ocr_line' id='line_1_59' title="bbox 2175 988 2572 1062; baseline -0.008 -17"><span class='ocrx_word' id='word_1_404' title='bbox 2175 1011 2296 1046; x_wconf 89' lang='grc' dir='ltr'>τινα</span> <span class='ocrx_word' id='word_1_405' title='bbox 2327 988 2499 1062; x_wconf 78' lang='grc' dir='ltr'>ὑμῶν.</span> <span class='ocrx_word' id='word_1_406' title='bbox 2541 1006 2572 1042; x_wconf 81' lang='lat' dir='ltr'><strong>n</strong></span> 
     </span>
    </p>
   </div>
   <div class='ocr_carea' id='block_1_60' title="bbox 2261 1065 3779 1157">
    <p class='ocr_par' dir='ltr' id='par_1_60' title="bbox 2261 1065 3779 1157">
     <span class='ocr_line' id='line_1_60' title="bbox 2261 1065 3779 1157; baseline -0.005 -26"><span class='ocrx_word' id='word_1_407' title='bbox 2261 1100 2290 1131; x_wconf 79' lang='grc' dir='ltr'>(ι</span> <span class='ocrx_word' id='word_1_408' title='bbox 2314 1075 2503 1153; x_wconf 84' lang='grc' dir='ltr'>Ὑμεῖς</span> <span class='ocrx_word' id='word_1_409' title='bbox 2535 1074 2797 1157; x_wconf 84' lang='grc' dir='ltr'>μάρτυρες</span> <span class='ocrx_word' id='word_1_410' title='bbox 2815 1117 2831 1146; x_wconf 92' lang='grc'><strong>,</strong></span> <span class='ocrx_word' id='word_1_411' title='bbox 2865 1073 2958 1132; x_wconf 79' lang='grc' dir='ltr'><strong>καὶ</strong></span> <span class='ocrx_word' id='word_1_412' title='bbox 2992 1077 3018 1132; x_wconf 82' lang='grc' dir='ltr'><strong>ὁ</strong></span> <span class='ocrx_word' id='word_1_413' title='bbox 3040 1069 3206 1138; x_wconf 71' lang='grc' dir='ltr'>Θεός.</span> <span class='ocrx_word' id='word_1_414' title='bbox 3227 1092 3255 1128; x_wconf 69' lang='grc' dir='ltr'><strong>ι</strong></span> <span class='ocrx_word' id='word_1_415' title='bbox 3279 1067 3600 1157; x_wconf 78' lang='grc' dir='ltr'>Ἀξιόπιστος</span> <span class='ocrx_word' id='word_1_416' title='bbox 3629 1065 3726 1143; x_wconf 69' lang='grc' dir='ltr'>μὶν</span> <span class='ocrx_word' id='word_1_417' title='bbox 3749 1067 3779 1124; x_wconf 83' lang='grc' dir='ltr'>ὁ</span> 
     </span>
    </p>
   </div>
   <div class='ocr_carea' id='block_1_61' title="bbox 2173 1155 3774 1242">
    <p class='ocr_par' dir='ltr' id='par_1_61' title="bbox 2173 1155 3774 1242">
     <span class='ocr_line' id='line_1_61' title="bbox 2173 1155 3774 1242; baseline -0.006 -19"><span class='ocrx_word' id='word_1_418' title='bbox 2173 1166 2306 1232; x_wconf 61' lang='grc' dir='ltr'>(θεός</span> <span class='ocrx_word' id='word_1_419' title='bbox 2329 1188 2342 1202; x_wconf 75' lang='grc' dir='ltr'><strong>ο</strong></span> <span class='ocrx_word' id='word_1_420' title='bbox 2368 1164 2508 1237; x_wconf 81' lang='grc' dir='ltr'>πλὴν</span> <span class='ocrx_word' id='word_1_421' title='bbox 2539 1155 2727 1237; x_wconf 60' lang='grc' dir='ltr'>ἐπειδὴ</span> <span class='ocrx_word' id='word_1_422' title='bbox 2763 1163 2961 1236; x_wconf 79' lang='grc' dir='ltr'>ἄδηλον</span> <span class='ocrx_word' id='word_1_423' title='bbox 2999 1160 3299 1242; x_wconf 81' lang='grc' dir='ltr'>ἀνθρώποις</span> <span class='ocrx_word' id='word_1_424' title='bbox 3330 1161 3375 1218; x_wconf 86' lang='grc' dir='ltr'><strong>εἰ</strong></span> <span class='ocrx_word' id='word_1_425' title='bbox 3427 1161 3455 1216; x_wconf 74' lang='grc' dir='ltr'>ὁ</span> <span class='ocrx_word' id='word_1_426' title='bbox 3485 1155 3622 1224; x_wconf 80' lang='grc' dir='ltr'>Θεὸς</span> <span class='ocrx_word' id='word_1_427' title='bbox 3655 1159 3728 1223; x_wconf 81' lang='grc' dir='ltr'><strong>εἰς</strong></span> <span class='ocrx_word' id='word_1_428' title='bbox 3748 1157 3774 1194; x_wconf 78' lang='grc'>⁸</span> 
     </span>
    </p>
   </div>
   <div class='ocr_carea' id='block_1_62' title="bbox 2173 1246 3782 1338">
    <p class='ocr_par' dir='ltr' id='par_1_62' title="bbox 2173 1246 3782 1338">
     <span class='ocr_line' id='line_1_62' title="bbox 2173 1246 3782 1338; baseline -0.006 -23"><span class='ocrx_word' id='word_1_429' title='bbox 2173 1261 2331 1315; x_wconf 86' lang='grc' dir='ltr'>τοῦτο</span> <span class='ocrx_word' id='word_1_430' title='bbox 2361 1263 2652 1338; x_wconf 84' lang='grc' dir='ltr'>μαρτυρεῖ,</span> <span class='ocrx_word' id='word_1_431' title='bbox 2683 1253 2777 1314; x_wconf 75' lang='grc' dir='ltr'>καὶ</span> <span class='ocrx_word' id='word_1_432' title='bbox 2810 1252 3030 1332; x_wconf 80' lang='grc' dir='ltr'>αὐτοὺς,</span> <span class='ocrx_word' id='word_1_433' title='bbox 3064 1251 3197 1332; x_wconf 80' lang='grc' dir='ltr'>πρὸς</span> <span class='ocrx_word' id='word_1_434' title='bbox 3226 1248 3312 1317; x_wconf 66' lang='grc' dir='ltr'><strong>οὒς</strong></span> <span class='ocrx_word' id='word_1_435' title='bbox 3346 1252 3374 1308; x_wconf 77' lang='grc' dir='ltr'>ὁ</span> <span class='ocrx_word' id='word_1_436' title='bbox 3403 1247 3582 1328; x_wconf 84' lang='grc' dir='ltr'><strong>λόγος,</strong></span> <span class='ocrx_word' id='word_1_437' title='bbox 3615 1246 3782 1306; x_wconf 75' lang='grc' dir='ltr'>καλεῖ</span> 
     </span>
    </p>
   </div>
   <div class='ocr_carea' id='block_1_63' title="bbox 2176 1368 2471 1427">
    <p class='ocr_par' dir='ltr' id='par_1_63' title="bbox 2176 1368 2471 1427">
     <span class='ocr_line' id='line_1_63' title="bbox 2176 1368 2471 1427; baseline 0.003 -24"><span class='ocrx_word' id='word_1_438' title='bbox 2176 1368 2471 1427; x_wconf 84' lang='grc' dir='ltr'>μαρτυρας.</span> 
     </span>
    </p>
   </div>
   <div class='ocr_carea' id='block_1_64' title="bbox 2260 1519 3778 1600">
    <p class='ocr_par' dir='ltr' id='par_1_64' title="bbox 2260 1519 3778 1600">
     <span class='ocr_line' id='line_1_64' title="bbox 2260 1519 3778 1600; baseline -0.003 -17"><span class='ocrx_word' id='word_1_439' title='bbox 2260 1550 2291 1583; x_wconf 78' lang='grc' dir='ltr'><strong>α</strong></span> <span class='ocrx_word' id='word_1_440' title='bbox 2315 1524 2410 1593; x_wconf 85' lang='grc' dir='ltr'>Ὡς</span> <span class='ocrx_word' id='word_1_441' title='bbox 2440 1523 2616 1593; x_wconf 78' lang='grc' dir='ltr'>ὁσίως.</span> <span class='ocrx_word' id='word_1_442' title='bbox 2651 1546 2681 1582; x_wconf 77' lang='lat' dir='ltr'><strong>n</strong></span> <span class='ocrx_word' id='word_1_443' title='bbox 2721 1522 2912 1586; x_wconf 85' lang='grc' dir='ltr'>Πάντα</span> <span class='ocrx_word' id='word_1_444' title='bbox 2943 1523 3044 1582; x_wconf 79' lang='grc' dir='ltr'><strong>ὅσα</strong></span> <span class='ocrx_word' id='word_1_445' title='bbox 3070 1519 3173 1581; x_wconf 79' lang='grc' dir='ltr'>ἔδει</span> <span class='ocrx_word' id='word_1_446' title='bbox 3189 1567 3204 1596; x_wconf 93' lang='grc'><strong>,</strong></span> <span class='ocrx_word' id='word_1_447' title='bbox 3229 1521 3556 1600; x_wconf 78' lang='grc' dir='ltr'>πληροῦντες</span> <span class='ocrx_word' id='word_1_448' title='bbox 3581 1541 3594 1554; x_wconf 88' lang='grc'><strong>·</strong></span> <span class='ocrx_word' id='word_1_449' title='bbox 3619 1522 3778 1578; x_wconf 89' lang='grc' dir='ltr'>τοῦτο</span> 
     </span>
    </p>
   </div>
   <div class='ocr_carea' id='block_1_65' title="bbox 2174 1608 3774 1696">
    <p class='ocr_par' dir='ltr' id='par_1_65' title="bbox 2174 1608 3774 1696">
     <span class='ocr_line' id='line_1_65' title="bbox 2174 1608 3774 1696; baseline -0.006 -20"><span class='ocrx_word' id='word_1_450' title='bbox 2174 1619 2274 1696; x_wconf 87' lang='grc' dir='ltr'><strong>γάρ</strong></span> <span class='ocrx_word' id='word_1_451' title='bbox 2304 1617 2415 1675; x_wconf 76' lang='grc' dir='ltr'>ἐστι</span> <span class='ocrx_word' id='word_1_452' title='bbox 2439 1615 2521 1687; x_wconf 84' lang='grc' dir='ltr'><strong>τὸ,</strong></span> <span class='ocrx_word' id='word_1_453' title='bbox 2551 1613 2819 1690; x_wconf 80' lang='grc' dir='ltr'>«Ὁσίως,</span> <span class='ocrx_word' id='word_1_454' title='bbox 2847 1638 2872 1666; x_wconf 76' lang='grc' dir='ltr'><strong>ι</strong></span> <span class='ocrx_word' id='word_1_455' title='bbox 2905 1612 3020 1672; x_wconf 80' lang='grc' dir='ltr'>ἀντὶ</span> <span class='ocrx_word' id='word_1_456' title='bbox 3041 1615 3167 1690; x_wconf 83' lang='grc' dir='ltr'>τοῦ,</span> <span class='ocrx_word' id='word_1_457' title='bbox 3200 1608 3337 1688; x_wconf 76' lang='grc' dir='ltr'>μετὰ</span> <span class='ocrx_word' id='word_1_458' title='bbox 3365 1613 3459 1683; x_wconf 86' lang='grc' dir='ltr'><strong>τῆς</strong></span> <span class='ocrx_word' id='word_1_459' title='bbox 3482 1609 3612 1690; x_wconf 79' lang='grc' dir='ltr'>πρὸς</span> <span class='ocrx_word' id='word_1_460' title='bbox 3632 1608 3774 1669; x_wconf 83' lang='grc' dir='ltr'>Θεὸν</span> 
     </span>
    </p>
   </div>
   <div class='ocr_carea' id='block_1_66' title="bbox 2175 1705 2474 1773">
    <p class='ocr_par' dir='ltr' id='par_1_66' title="bbox 2175 1705 2474 1773">
     <span class='ocr_line' id='line_1_66' title="bbox 2175 1705 2474 1773; baseline 0.003 -8"><span class='ocrx_word' id='word_1_461' title='bbox 2175 1705 2474 1773; x_wconf 78' lang='grc' dir='ltr'>εὐλαϐείας.</span> 
     </span>
    </p>
   </div>
   <div class='ocr_carea' id='block_1_67' title="bbox 2259 1787 3774 1871">
    <p class='ocr_par' dir='ltr' id='par_1_67' title="bbox 2259 1787 3774 1871">
     <span class='ocr_line' id='line_1_67' title="bbox 2259 1787 3774 1871; baseline -0.004 -19"><span class='ocrx_word' id='word_1_462' title='bbox 2259 1820 2288 1852; x_wconf 81' lang='grc' dir='ltr'><strong>α</strong></span> <span class='ocrx_word' id='word_1_463' title='bbox 2325 1795 2433 1857; x_wconf 75' lang='grc' dir='ltr'>Καὶ</span> <span class='ocrx_word' id='word_1_464' title='bbox 2450 1793 2688 1863; x_wconf 85' lang='grc' dir='ltr'>δικαίως.</span> <span class='ocrx_word' id='word_1_465' title='bbox 2717 1817 2745 1854; x_wconf 71' lang='grc' dir='ltr'><strong>ι</strong></span> <span class='ocrx_word' id='word_1_466' title='bbox 2771 1791 3061 1866; x_wconf 85' lang='grc' dir='ltr'>Τουτέστι,</span> <span class='ocrx_word' id='word_1_467' title='bbox 3085 1791 3288 1871; x_wconf 79' lang='grc' dir='ltr'>μηδένα</span> <span class='ocrx_word' id='word_1_468' title='bbox 3320 1791 3670 1856; x_wconf 77' lang='grc' dir='ltr'>ἀπαιτοῦντες</span> <span class='ocrx_word' id='word_1_469' title='bbox 3695 1787 3774 1865; x_wconf 80' lang='lat'><strong>(3)</strong></span> 
     </span>
    </p>
   </div>
   <div class='ocr_carea' id='block_1_68' title="bbox 2173 1884 3056 1968">
    <p class='ocr_par' dir='ltr' id='par_1_68' title="bbox 2173 1884 3056 1968">
     <span class='ocr_line' id='line_1_68' title="bbox 2173 1884 3056 1968; baseline -0.001 -22"><span class='ocrx_word' id='word_1_470' title='bbox 2173 1886 2468 1968; x_wconf 84' lang='grc' dir='ltr'>χρημάτων</span> <span class='ocrx_word' id='word_1_471' title='bbox 2495 1884 2840 1956; x_wconf 85' lang='grc' dir='ltr'>ἀπαιτήσεσι.</span> <span class='ocrx_word' id='word_1_472' title='bbox 3053 1889 3056 1892; x_wconf 67' lang='grc'><strong>’</strong></span> 
     </span>
    </p>
   </div>
   <div class='ocr_carea' id='block_1_69' title="bbox 2254 1966 3775 2053">
    <p class='ocr_par' dir='ltr' id='par_1_69' title="bbox 2254 1966 3775 2053">
     <span class='ocr_line' id='line_1_69' title="bbox 2254 1966 3775 2053; baseline -0.008 -16"><span class='ocrx_word' id='word_1_473' title='bbox 2254 2003 2277 2029; x_wconf 71' lang='grc' dir='ltr'><strong>α</strong></span> <span class='ocrx_word' id='word_1_474' title='bbox 2301 1976 2410 2036; x_wconf 76' lang='grc' dir='ltr'><strong>Καὶ</strong></span> <span class='ocrx_word' id='word_1_475' title='bbox 2428 1975 2745 2053; x_wconf 79' lang='grc' dir='ltr'><strong>ἀμέμπτως.</strong></span> <span class='ocrx_word' id='word_1_476' title='bbox 2767 2003 2789 2027; x_wconf 76' lang='grc' dir='ltr'>ιο</span> <span class='ocrx_word' id='word_1_477' title='bbox 2812 1971 3189 2053; x_wconf 87' lang='grc' dir='ltr'>Ἀπροσκόπως</span> <span class='ocrx_word' id='word_1_478' title='bbox 3203 1970 3294 2029; x_wconf 72' lang='grc' dir='ltr'><strong>καὶ</strong></span> <span class='ocrx_word' id='word_1_479' title='bbox 3315 1966 3775 2036; x_wconf 86' lang='grc' dir='ltr'>ἀσκανδαλίστως.</span> 
     </span>
    </p>
   </div>
   <div class='ocr_carea' id='block_1_70' title="bbox 2260 2057 3779 2142">
    <p class='ocr_par' dir='ltr' id='par_1_70' title="bbox 2260 2057 3779 2142">
     <span class='ocr_line' id='line_1_70' title="bbox 2260 2057 3779 2142; baseline -0.003 -22"><span class='ocrx_word' id='word_1_480' title='bbox 2260 2063 2473 2141; x_wconf 69' lang='grc' dir='ltr'>«Ὑμῖν</span> <span class='ocrx_word' id='word_1_481' title='bbox 2500 2073 2606 2132; x_wconf 89' lang='grc' dir='ltr'>τοῖς</span> <span class='ocrx_word' id='word_1_482' title='bbox 2649 2063 2986 2123; x_wconf 75' lang='grc' dir='ltr'>πιστεύουσιν</span> <span class='ocrx_word' id='word_1_483' title='bbox 3017 2060 3370 2142; x_wconf 78' lang='grc' dir='ltr'>ἐγενήθημεν.</span> <span class='ocrx_word' id='word_1_484' title='bbox 3403 2082 3432 2114; x_wconf 66' lang='grc' dir='ltr'><strong>ι</strong></span> <span class='ocrx_word' id='word_1_485' title='bbox 3469 2057 3628 2118; x_wconf 83' lang='grc' dir='ltr'>Ἐπεὶ</span> <span class='ocrx_word' id='word_1_486' title='bbox 3667 2058 3779 2125; x_wconf 86' lang='grc' dir='ltr'>τοῖς</span> 
     </span>
    </p>
   </div>
   <div class='ocr_carea' id='block_1_71' title="bbox 2171 2146 3775 2234">
    <p class='ocr_par' dir='ltr' id='par_1_71' title="bbox 2171 2146 3775 2234">
     <span class='ocr_line' id='line_1_71' title="bbox 2171 2146 3775 2234; baseline -0.005 -21"><span class='ocrx_word' id='word_1_487' title='bbox 2171 2179 2232 2234; x_wconf 88' lang='grc' dir='ltr'><strong>γε</strong></span> <span class='ocrx_word' id='word_1_488' title='bbox 2278 2155 2522 2222; x_wconf 78' lang='grc' dir='ltr'>ἀπίστοις</span> <span class='ocrx_word' id='word_1_489' title='bbox 2551 2154 2576 2191; x_wconf 73' lang='grc' dir='ltr'>θ</span> <span class='ocrx_word' id='word_1_490' title='bbox 2621 2155 2712 2212; x_wconf 78' lang='grc' dir='ltr'>καὶ</span> <span class='ocrx_word' id='word_1_491' title='bbox 2763 2153 2968 2220; x_wconf 88' lang='grc' dir='ltr'>ἀνόσιος</span> <span class='ocrx_word' id='word_1_492' title='bbox 3022 2153 3301 2224; x_wconf 75' lang='grc' dir='ltr'>ἐκαλεῖτο,</span> <span class='ocrx_word' id='word_1_493' title='bbox 3351 2147 3445 2209; x_wconf 80' lang='grc' dir='ltr'>καὶ</span> <span class='ocrx_word' id='word_1_494' title='bbox 3497 2146 3775 2229; x_wconf 79' lang='grc' dir='ltr'>ἀγύρτης,</span> 
     </span>
    </p>
   </div>
   <div class='ocr_carea' id='block_1_72' title="bbox 2174 2240 3146 2325">
    <p class='ocr_par' dir='ltr' id='par_1_72' title="bbox 2174 2240 3146 2325">
     <span class='ocr_line' id='line_1_72' title="bbox 2174 2240 3146 2325; baseline -0.004 -21"><span class='ocrx_word' id='word_1_495' title='bbox 2174 2245 2264 2304; x_wconf 82' lang='grc' dir='ltr'><strong>καὶ</strong></span> <span class='ocrx_word' id='word_1_496' title='bbox 2285 2242 2676 2325; x_wconf 83' lang='grc' dir='ltr'>σπερμολόγος,</span> <span class='ocrx_word' id='word_1_497' title='bbox 2711 2243 2802 2302; x_wconf 82' lang='grc' dir='ltr'><strong>καὶ</strong></span> <span class='ocrx_word' id='word_1_498' title='bbox 2825 2240 2974 2302; x_wconf 80' lang='grc' dir='ltr'>οὐδὲν</span> <span class='ocrx_word' id='word_1_499' title='bbox 3005 2241 3146 2319; x_wconf 79' lang='grc' dir='ltr'>ὓγιές</span> 
     </span>
    </p>
   </div>
   <div class='ocr_carea' id='block_1_73' title="bbox 2261 2327 3772 2419">
    <p class='ocr_par' dir='ltr' id='par_1_73' title="bbox 2261 2327 3772 2419">
     <span class='ocr_line' id='line_1_73' title="bbox 2261 2327 3772 2419; baseline -0.002 -29"><span class='ocrx_word' id='word_1_500' title='bbox 2261 2359 2290 2390; x_wconf 78' lang='grc' dir='ltr'><strong>α</strong></span> <span class='ocrx_word' id='word_1_501' title='bbox 2324 2337 2580 2414; x_wconf 80' lang='grc' dir='ltr'>Καθάπερ</span> <span class='ocrx_word' id='word_1_502' title='bbox 2601 2333 2801 2394; x_wconf 83' lang='grc' dir='ltr'>οἴδατε.</span> <span class='ocrx_word' id='word_1_503' title='bbox 2832 2355 2860 2388; x_wconf 68' lang='grc' dir='ltr'><strong><em>ι</em></strong></span> <span class='ocrx_word' id='word_1_504' title='bbox 2894 2331 3071 2392; x_wconf 86' lang='grc' dir='ltr'>Πάλιν</span> <span class='ocrx_word' id='word_1_505' title='bbox 3095 2329 3285 2419; x_wconf 76' lang='grc' dir='ltr'>αὐτοὺς</span> <span class='ocrx_word' id='word_1_506' title='bbox 3307 2327 3578 2419; x_wconf 86' lang='grc' dir='ltr'>μάρτυρας</span> <span class='ocrx_word' id='word_1_507' title='bbox 3591 2329 3772 2389; x_wconf 88' lang='grc' dir='ltr'>καλεῖ.</span> 
     </span>
    </p>
   </div>
   <div class='ocr_carea' id='block_1_74' title="bbox 2173 2418 3400 2499">
    <p class='ocr_par' dir='ltr' id='par_1_74' title="bbox 2173 2418 3400 2499">
     <span class='ocr_line' id='line_1_74' title="bbox 2173 2418 3400 2499; baseline -0.008 -13"><span class='ocrx_word' id='word_1_508' title='bbox 2173 2423 2250 2486; x_wconf 64' lang='grc' dir='ltr'><strong>εὈ</strong></span> <span class='ocrx_word' id='word_1_509' title='bbox 2287 2432 2506 2496; x_wconf 84' lang='grc' dir='ltr'>σημεῖον</span> <span class='ocrx_word' id='word_1_510' title='bbox 2529 2429 2622 2483; x_wconf 91' lang='grc' dir='ltr'><strong>τοῦ</strong></span> <span class='ocrx_word' id='word_1_511' title='bbox 2653 2422 2728 2499; x_wconf 87' lang='grc' dir='ltr'><strong>μὴ</strong></span> <span class='ocrx_word' id='word_1_512' title='bbox 2752 2419 3195 2496; x_wconf 83' lang='grc' dir='ltr'>ἀλαζονευόμενον</span> <span class='ocrx_word' id='word_1_513' title='bbox 3226 2418 3400 2498; x_wconf 75' lang='grc' dir='ltr'>λέγειν</span> 
     </span>
    </p>
   </div>
   <div class='ocr_carea' id='block_1_75' title="bbox 2261 2506 3772 2589">
    <p class='ocr_par' dir='ltr' id='par_1_75' title="bbox 2261 2506 3772 2589">
     <span class='ocr_line' id='line_1_75' title="bbox 2261 2506 3772 2589; baseline -0.005 -17"><span class='ocrx_word' id='word_1_514' title='bbox 2261 2537 2290 2572; x_wconf 69' lang='grc' dir='ltr'><strong>α</strong></span> <span class='ocrx_word' id='word_1_515' title='bbox 2325 2513 2422 2580; x_wconf 74' lang='grc' dir='ltr'><strong>Ὠς</strong></span> <span class='ocrx_word' id='word_1_516' title='bbox 2452 2512 2545 2571; x_wconf 82' lang='grc' dir='ltr'>ἕνα</span> <span class='ocrx_word' id='word_1_517' title='bbox 2573 2513 2802 2572; x_wconf 80' lang='grc' dir='ltr'>ἕκαστον</span> <span class='ocrx_word' id='word_1_518' title='bbox 2825 2515 2974 2589; x_wconf 81' lang='grc' dir='ltr'>ὑμῶν</span> <span class='ocrx_word' id='word_1_519' title='bbox 3004 2510 3112 2589; x_wconf 82' lang='grc' dir='ltr'><strong>(ὥς</strong></span> <span class='ocrx_word' id='word_1_520' title='bbox 3131 2508 3314 2589; x_wconf 75' lang='grc' dir='ltr'>πατὴρ</span> <span class='ocrx_word' id='word_1_521' title='bbox 3343 2506 3505 2567; x_wconf 85' lang='grc' dir='ltr'>τέκνα</span> <span class='ocrx_word' id='word_1_522' title='bbox 3532 2510 3772 2584; x_wconf 79' lang='grc' dir='ltr'>ἑαυτοῦ),</span> 
     </span>
    </p>
   </div>
   <div class='ocr_carea' id='block_1_76' title="bbox 2174 2596 3777 2685">
    <p class='ocr_par' dir='ltr' id='par_1_76' title="bbox 2174 2596 3777 2685">
     <span class='ocr_line' id='line_1_76' title="bbox 2174 2596 3777 2685; baseline -0.004 -23"><span class='ocrx_word' id='word_1_523' title='bbox 2174 2605 2608 2685; x_wconf 80' lang='grc' dir='ltr'>παρακαλοῦντες</span> <span class='ocrx_word' id='word_1_524' title='bbox 2645 2605 2784 2679; x_wconf 80' lang='grc' dir='ltr'>ὑμᾶς</span> <span class='ocrx_word' id='word_1_525' title='bbox 2825 2600 2918 2659; x_wconf 72' lang='grc' dir='ltr'><strong>καὶ</strong></span> <span class='ocrx_word' id='word_1_526' title='bbox 2957 2599 3458 2680; x_wconf 85' lang='grc' dir='ltr'>παραμυθούμενοι.</span> <span class='ocrx_word' id='word_1_527' title='bbox 3498 2621 3528 2653; x_wconf 62' lang='grc' dir='ltr'>ω</span> <span class='ocrx_word' id='word_1_528' title='bbox 3570 2596 3777 2668; x_wconf 61' lang='grc' dir='ltr'>Βαϐαῖ,</span> 
     </span>
    </p>
   </div>
   <div class='ocr_carea' id='block_1_77' title="bbox 2175 2683 3778 2772">
    <p class='ocr_par' dir='ltr' id='par_1_77' title="bbox 2175 2683 3778 2772">
     <span class='ocr_line' id='line_1_77' title="bbox 2175 2683 3778 2772; baseline -0.003 -21"><span class='ocrx_word' id='word_1_529' title='bbox 2175 2683 2282 2751; x_wconf 68' lang='grc' dir='ltr'>οἷον</span> <span class='ocrx_word' id='word_1_530' title='bbox 2323 2685 2387 2765; x_wconf 71' lang='grc' dir='ltr'><strong>ἦν</strong></span> <span class='ocrx_word' id='word_1_531' title='bbox 2427 2692 2489 2751; x_wconf 80' lang='grc' dir='ltr'>τὸ</span> <span class='ocrx_word' id='word_1_532' title='bbox 2535 2692 2740 2770; x_wconf 83' lang='grc' dir='ltr'>μηδένα</span> <span class='ocrx_word' id='word_1_533' title='bbox 2784 2691 3111 2772; x_wconf 84' lang='grc' dir='ltr'>παραλιπεῖν</span> <span class='ocrx_word' id='word_1_534' title='bbox 3165 2687 3622 2770; x_wconf 78' lang='grc' dir='ltr'>ἀπαρηγόρητον,</span> <span class='ocrx_word' id='word_1_535' title='bbox 3653 2685 3778 2746; x_wconf 83' lang='grc' dir='ltr'>ἀλλ’</span> 
     </span>
    </p>
   </div>
   <div class='ocr_carea' id='block_1_78' title="bbox 2177 2779 3773 2864">
    <p class='ocr_par' dir='ltr' id='par_1_78' title="bbox 2177 2779 3773 2864">
     <span class='ocr_line' id='line_1_78' title="bbox 2177 2779 3773 2864; baseline -0.003 -24"><span class='ocrx_word' id='word_1_536' title='bbox 2177 2783 2252 2841; x_wconf 73' lang='grc' dir='ltr'><strong>ἑνὶ</strong></span> <span class='ocrx_word' id='word_1_537' title='bbox 2301 2782 2511 2864; x_wconf 79' lang='grc' dir='ltr'>ἑκάστῳ</span> <span class='ocrx_word' id='word_1_538' title='bbox 2550 2781 2864 2864; x_wconf 80' lang='grc' dir='ltr'>προσφόρως</span> <span class='ocrx_word' id='word_1_539' title='bbox 2895 2779 3265 2860; x_wconf 76' lang='grc' dir='ltr'>διαλέγεσθαιί</span> <span class='ocrx_word' id='word_1_540' title='bbox 3300 2800 3330 2834; x_wconf 77' lang='grc' dir='ltr'><strong>α</strong></span> <span class='ocrx_word' id='word_1_541' title='bbox 3379 2779 3773 2856; x_wconf 82' lang='grc' dir='ltr'>Παρακαλοῦν-</span> 
     </span>
    </p>
   </div>
   <div class='ocr_carea' id='block_1_79' title="bbox 2177 2865 3776 2954">
    <p class='ocr_par' dir='ltr' id='par_1_79' title="bbox 2177 2865 3776 2954">
     <span class='ocr_line' id='line_1_79' title="bbox 2177 2865 3776 2954; baseline -0.003 -24"><span class='ocrx_word' id='word_1_542' title='bbox 2177 2895 2262 2939; x_wconf 89' lang='grc' dir='ltr'><strong>τες</strong></span> <span class='ocrx_word' id='word_1_543' title='bbox 2293 2895 2321 2929; x_wconf 68' lang='lat' dir='ltr'><strong>n</strong></span> <span class='ocrx_word' id='word_1_544' title='bbox 2358 2871 2440 2949; x_wconf 85' lang='grc' dir='ltr'>δὲ,</span> <span class='ocrx_word' id='word_1_545' title='bbox 2481 2872 2610 2947; x_wconf 85' lang='grc' dir='ltr'>πρὸς</span> <span class='ocrx_word' id='word_1_546' title='bbox 2639 2879 2700 2931; x_wconf 84' lang='grc' dir='ltr'>τὸ</span> <span class='ocrx_word' id='word_1_547' title='bbox 2739 2871 2912 2954; x_wconf 77' lang='grc' dir='ltr'>φέρειν</span> <span class='ocrx_word' id='word_1_548' title='bbox 2963 2868 3239 2949; x_wconf 81' lang='grc' dir='ltr'>γενναίως.</span> <span class='ocrx_word' id='word_1_549' title='bbox 3300 2869 3421 2928; x_wconf 80' lang='grc' dir='ltr'><strong>Οὐκ</strong></span> <span class='ocrx_word' id='word_1_550' title='bbox 3455 2865 3559 2945; x_wconf 80' lang='grc' dir='ltr'>ἄρα</span> <span class='ocrx_word' id='word_1_551' title='bbox 3619 2865 3776 2935; x_wconf 81' lang='grc' dir='ltr'>δόξαν</span> 
     </span>
    </p>
   </div>
   <div class='ocr_carea' id='block_1_80' title="bbox 2175 2951 3775 3040">
    <p class='ocr_par' dir='ltr' id='par_1_80' title="bbox 2175 2951 3775 3040">
     <span class='ocr_line' id='line_1_80' title="bbox 2175 2951 3775 3040; baseline -0.002 -22"><span class='ocrx_word' id='word_1_552' title='bbox 2175 2961 2410 3032; x_wconf 83' lang='grc' dir='ltr'>ἐζήτουν.</span> <span class='ocrx_word' id='word_1_553' title='bbox 2441 2959 2581 3020; x_wconf 77' lang='grc' dir='ltr'><strong>ΙἈνω</strong></span> <span class='ocrx_word' id='word_1_554' title='bbox 2615 2960 2711 3038; x_wconf 81' lang='grc' dir='ltr'>μὲν</span> <span class='ocrx_word' id='word_1_555' title='bbox 2751 2951 2852 3019; x_wconf 71' lang='grc' dir='ltr'><strong>οῦν</strong></span> <span class='ocrx_word' id='word_1_556' title='bbox 2903 2961 3082 3040; x_wconf 82' lang='grc' dir='ltr'>τροφῷ</span> <span class='ocrx_word' id='word_1_557' title='bbox 3128 2957 3314 3018; x_wconf 80' lang='grc' dir='ltr'>ἑαυτὸν</span> <span class='ocrx_word' id='word_1_558' title='bbox 3359 2957 3646 3028; x_wconf 87' lang='grc' dir='ltr'>ἀπείκασε,</span> <span class='ocrx_word' id='word_1_559' title='bbox 3681 2961 3775 3015; x_wconf 90' lang='grc' dir='ltr'><strong>νῦν</strong></span> 
     </span>
    </p>
   </div>
   <div class='ocr_carea' id='block_1_81' title="bbox 2173 3046 3773 3130">
    <p class='ocr_par' dir='ltr' id='par_1_81' title="bbox 2173 3046 3773 3130">
     <span class='ocr_line' id='line_1_81' title="bbox 2173 3046 3773 3130; baseline -0.003 -21"><span class='ocrx_word' id='word_1_560' title='bbox 2173 3049 2230 3109; x_wconf 82' lang='grc' dir='ltr'>δὲ</span> <span class='ocrx_word' id='word_1_561' title='bbox 2278 3051 2473 3130; x_wconf 77' lang='grc' dir='ltr'>πατρὶ,</span> <span class='ocrx_word' id='word_1_562' title='bbox 2534 3052 2632 3122; x_wconf 86' lang='grc' dir='ltr'><strong>τὴν</strong></span> <span class='ocrx_word' id='word_1_563' title='bbox 2685 3050 2900 3128; x_wconf 77' lang='grc' dir='ltr'>ἀγάπην</span> <span class='ocrx_word' id='word_1_564' title='bbox 2941 3047 3230 3126; x_wconf 77' lang='grc' dir='ltr'>δεικνύων,</span> <span class='ocrx_word' id='word_1_565' title='bbox 3271 3047 3362 3107; x_wconf 78' lang='grc' dir='ltr'>καὶ</span> <span class='ocrx_word' id='word_1_566' title='bbox 3401 3046 3498 3120; x_wconf 86' lang='grc' dir='ltr'><strong>τὴν</strong></span> <span class='ocrx_word' id='word_1_567' title='bbox 3529 3069 3773 3126; x_wconf 85' lang='grc' dir='ltr'>προστα-</span> 
     </span>
    </p>
   </div>
   <div class='ocr_carea' id='block_1_82' title="bbox 2167 3134 3772 3222">
    <p class='ocr_par' dir='ltr' id='par_1_82' title="bbox 2167 3134 3772 3222">
     <span class='ocr_line' id='line_1_82' title="bbox 2167 3134 3772 3222; baseline -0.002 -25"><span class='ocrx_word' id='word_1_568' title='bbox 2167 3139 2285 3198; x_wconf 91' lang='grc' dir='ltr'>σίαν</span> <span class='ocrx_word' id='word_1_569' title='bbox 2303 3188 2318 3214; x_wconf 86' lang='lat'><strong>,</strong></span> <span class='ocrx_word' id='word_1_570' title='bbox 2352 3139 2444 3199; x_wconf 71' lang='grc' dir='ltr'><strong>καὶ</strong></span> <span class='ocrx_word' id='word_1_571' title='bbox 2473 3139 2532 3199; x_wconf 83' lang='grc' dir='ltr'>τὸ</span> <span class='ocrx_word' id='word_1_572' title='bbox 2563 3141 2782 3222; x_wconf 77' lang='grc' dir='ltr'>ἄτυφον.</span> <span class='ocrx_word' id='word_1_573' title='bbox 2815 3139 2910 3207; x_wconf 86' lang='grc' dir='ltr'><strong>Τίς</strong></span> <span class='ocrx_word' id='word_1_574' title='bbox 2937 3138 3042 3218; x_wconf 81' lang='grc' dir='ltr'><strong>γὰρ</strong></span> <span class='ocrx_word' id='word_1_575' title='bbox 3071 3143 3251 3219; x_wconf 78' lang='grc' dir='ltr'>πατὴρ</span> <span class='ocrx_word' id='word_1_576' title='bbox 3269 3135 3410 3197; x_wconf 79' lang='grc' dir='ltr'>κατὰ</span> <span class='ocrx_word' id='word_1_577' title='bbox 3442 3139 3548 3195; x_wconf 79' lang='grc' dir='ltr'><strong>τῶν</strong></span> <span class='ocrx_word' id='word_1_578' title='bbox 3569 3134 3772 3195; x_wconf 87' lang='grc' dir='ltr'>τέκνων</span> 
     </span>
    </p>
   </div>
   <div class='ocr_carea' id='block_1_83' title="bbox 2164 3230 2499 3312">
    <p class='ocr_par' dir='ltr' id='par_1_83' title="bbox 2164 3230 2499 3312">
     <span class='ocr_line' id='line_1_83' title="bbox 2164 3230 2499 3312; baseline -0.003 -24"><span class='ocrx_word' id='word_1_579' title='bbox 2164 3230 2466 3312; x_wconf 78' lang='grc' dir='ltr'>τετύφωται</span> <span class='ocrx_word' id='word_1_580' title='bbox 2484 3255 2499 3305; x_wconf 87' lang='grc'><strong>;</strong></span> 
     </span>
    </p>
   </div>
   <div class='ocr_carea' id='block_1_84' title="bbox 2249 3405 3762 3490">
    <p class='ocr_par' dir='ltr' id='par_1_84' title="bbox 2249 3405 3762 3490">
     <span class='ocr_line' id='line_1_84' title="bbox 2249 3405 3762 3490; baseline -0.001 -25"><span class='ocrx_word' id='word_1_581' title='bbox 2249 3430 2276 3465; x_wconf 77' lang='grc' dir='ltr'><strong>ε</strong></span> <span class='ocrx_word' id='word_1_582' title='bbox 2313 3409 2422 3470; x_wconf 81' lang='grc' dir='ltr'><strong>Καὶ</strong></span> <span class='ocrx_word' id='word_1_583' title='bbox 2476 3405 2938 3490; x_wconf 82' lang='grc' dir='ltr'>μαρτυρούμενοι,</span> <span class='ocrx_word' id='word_1_584' title='bbox 2981 3411 3052 3474; x_wconf 79' lang='grc' dir='ltr'>εἷς</span> <span class='ocrx_word' id='word_1_585' title='bbox 3093 3407 3152 3467; x_wconf 84' lang='grc' dir='ltr'>τὸ</span> <span class='ocrx_word' id='word_1_586' title='bbox 3210 3411 3576 3489; x_wconf 80' lang='grc' dir='ltr'>περιπατῆσαι</span> <span class='ocrx_word' id='word_1_587' title='bbox 3617 3409 3762 3484; x_wconf 79' lang='grc' dir='ltr'>ὑμᾶς</span> 
     </span>
    </p>
   </div>
   <div class='ocr_carea' id='block_1_85' title="bbox 2163 3496 3772 3575">
    <p class='ocr_par' dir='ltr' id='par_1_85' title="bbox 2163 3496 3772 3575">
     <span class='ocr_line' id='line_1_85' title="bbox 2163 3496 3772 3575; baseline -0.002 -19"><span class='ocrx_word' id='word_1_588' title='bbox 2163 3497 2318 3567; x_wconf 81' lang='grc' dir='ltr'>ἀξίως</span> <span class='ocrx_word' id='word_1_589' title='bbox 2391 3505 2483 3558; x_wconf 92' lang='grc' dir='ltr'><strong>τοῦ</strong></span> <span class='ocrx_word' id='word_1_590' title='bbox 2558 3503 2698 3561; x_wconf 83' lang='grc' dir='ltr'>Θεοῦ</span> <span class='ocrx_word' id='word_1_591' title='bbox 2781 3503 2874 3558; x_wconf 85' lang='grc' dir='ltr'><strong>τοῦ</strong></span> <span class='ocrx_word' id='word_1_592' title='bbox 2949 3501 3234 3564; x_wconf 78' lang='grc' dir='ltr'>καλοῦντος</span> <span class='ocrx_word' id='word_1_593' title='bbox 3304 3501 3442 3575; x_wconf 78' lang='grc' dir='ltr'>ὑμᾶς</span> <span class='ocrx_word' id='word_1_594' title='bbox 3520 3498 3590 3563; x_wconf 82' lang='grc' dir='ltr'><strong>εἰς</strong></span> <span class='ocrx_word' id='word_1_595' title='bbox 3671 3496 3772 3568; x_wconf 82' lang='grc' dir='ltr'><strong>τὴν</strong></span> 
     </span>
    </p>
   </div>
   <div class='ocr_carea' id='block_1_86' title="bbox 2162 3584 3769 3666">
    <p class='ocr_par' dir='ltr' id='par_1_86' title="bbox 2162 3584 3769 3666">
     <span class='ocr_line' id='line_1_86' title="bbox 2162 3584 3769 3666; baseline -0.001 -20"><span class='ocrx_word' id='word_1_596' title='bbox 2162 3591 2351 3647; x_wconf 80' lang='grc' dir='ltr'>ἑαυτοῦ</span> <span class='ocrx_word' id='word_1_597' title='bbox 2423 3587 2698 3647; x_wconf 88' lang='grc' dir='ltr'>ϐασιλείαν</span> <span class='ocrx_word' id='word_1_598' title='bbox 2758 3588 2849 3647; x_wconf 85' lang='grc' dir='ltr'><strong>καὶ</strong></span> <span class='ocrx_word' id='word_1_599' title='bbox 2917 3587 3093 3656; x_wconf 84' lang='grc' dir='ltr'>δόξαν.</span> <span class='ocrx_word' id='word_1_600' title='bbox 3149 3609 3179 3646; x_wconf 77' lang='lat' dir='ltr'><strong>n</strong></span> <span class='ocrx_word' id='word_1_601' title='bbox 3258 3586 3338 3648; x_wconf 84' lang='grc' dir='ltr'>Τὸ</span> <span class='ocrx_word' id='word_1_602' title='bbox 3398 3584 3769 3666; x_wconf 77' lang='grc' dir='ltr'>μαρτύρεσθαι</span> 
     </span>
    </p>
   </div>
   <div class='ocr_carea' id='block_1_87' title="bbox 2159 3664 3769 3757">
    <p class='ocr_par' dir='ltr' id='par_1_87' title="bbox 2159 3664 3769 3757">
     <span class='ocr_line' id='line_1_87' title="bbox 2159 3664 3769 3757; baseline -0.001 -22"><span class='ocrx_word' id='word_1_603' title='bbox 2159 3677 2260 3750; x_wconf 79' lang='grc' dir='ltr'><strong>ἤδη</strong></span> <span class='ocrx_word' id='word_1_604' title='bbox 2301 3675 2741 3757; x_wconf 83' lang='grc' dir='ltr'>πληκτικωτέρας</span> <span class='ocrx_word' id='word_1_605' title='bbox 2758 3677 3112 3744; x_wconf 82' lang='grc' dir='ltr'>διδασκαλίας</span> <span class='ocrx_word' id='word_1_606' title='bbox 3143 3674 3311 3736; x_wconf 74' lang='grc' dir='ltr'>ἐστίν.</span> <span class='ocrx_word' id='word_1_607' title='bbox 3363 3664 3492 3736; x_wconf 26' lang='grc' dir='ltr'><strong>Οὐκ.</strong></span> <span class='ocrx_word' id='word_1_608' title='bbox 3527 3664 3617 3732; x_wconf 67' lang='grc' dir='ltr'>οὖν</span> <span class='ocrx_word' id='word_1_609' title='bbox 3647 3677 3769 3734; x_wconf 83' lang='grc' dir='ltr'>ἐκο-</span> 
     </span>
    </p>
   </div>
   <div class='ocr_carea' id='block_1_88' title="bbox 2160 3763 3772 3848">
    <p class='ocr_par' dir='ltr' id='par_1_88' title="bbox 2160 3763 3772 3848">
     <span class='ocr_line' id='line_1_88' title="bbox 2160 3763 3772 3848; baseline -0.001 -23"><span class='ocrx_word' id='word_1_610' title='bbox 2160 3766 2408 3830; x_wconf 82' lang='grc' dir='ltr'>λάκευον.</span> <span class='ocrx_word' id='word_1_611' title='bbox 2461 3766 2620 3828; x_wconf 78' lang='grc' dir='ltr'>Ἐπεὶ</span> <span class='ocrx_word' id='word_1_612' title='bbox 2674 3768 2726 3826; x_wconf 83' lang='grc' dir='ltr'>δὲ</span> <span class='ocrx_word' id='word_1_613' title='bbox 2752 3771 3001 3848; x_wconf 85' lang='grc' dir='ltr'>προεῖπεν</span> <span class='ocrx_word' id='word_1_614' title='bbox 3023 3813 3040 3846; x_wconf 93' lang='grc'><strong>,</strong></span> <span class='ocrx_word' id='word_1_615' title='bbox 3095 3766 3178 3826; x_wconf 79' lang='grc' dir='ltr'><strong>ὅτι</strong></span> <span class='ocrx_word' id='word_1_616' title='bbox 3215 3788 3243 3823; x_wconf 75' lang='grc' dir='ltr'><strong>ε</strong></span> <span class='ocrx_word' id='word_1_617' title='bbox 3269 3765 3372 3833; x_wconf 86' lang='grc' dir='ltr'>Ὡς</span> <span class='ocrx_word' id='word_1_618' title='bbox 3399 3763 3617 3846; x_wconf 84' lang='grc' dir='ltr'>πατὴρ,</span> <span class='ocrx_word' id='word_1_619' title='bbox 3649 3763 3772 3824; x_wconf 87' lang='grc' dir='ltr'>τότε</span> 
     </span>
    </p>
   </div>
   <div class='ocr_carea' id='block_1_89' title="bbox 2161 3854 3760 3938">
    <p class='ocr_par' dir='ltr' id='par_1_89' title="bbox 2161 3854 3760 3938">
     <span class='ocr_line' id='line_1_89' title="bbox 2161 3854 3760 3938; baseline 0.006 -24"><span class='ocrx_word' id='word_1_620' title='bbox 2161 3858 2395 3935; x_wconf 81' lang='grc' dir='ltr'>ἐπήγαγε</span> <span class='ocrx_word' id='word_1_621' title='bbox 2419 3857 2511 3916; x_wconf 79' lang='grc' dir='ltr'><strong>καὶ</strong></span> <span class='ocrx_word' id='word_1_622' title='bbox 2536 3857 2616 3928; x_wconf 82' lang='grc' dir='ltr'><strong>τὸ,</strong></span> <span class='ocrx_word' id='word_1_623' title='bbox 2647 3880 2674 3914; x_wconf 73' lang='grc' dir='ltr'><strong>α</strong></span> <span class='ocrx_word' id='word_1_624' title='bbox 2702 3856 3172 3938; x_wconf 86' lang='grc' dir='ltr'>Μαρτυρούμενοι.</span> <span class='ocrx_word' id='word_1_625' title='bbox 3198 3879 3224 3914; x_wconf 68' lang='lat' dir='ltr'><strong>n</strong></span> <span class='ocrx_word' id='word_1_626' title='bbox 3253 3857 3336 3916; x_wconf 86' lang='grc' dir='ltr'><strong>Οὖ</strong></span> <span class='ocrx_word' id='word_1_627' title='bbox 3367 3854 3470 3934; x_wconf 79' lang='grc' dir='ltr'><strong>γὰρ</strong></span> <span class='ocrx_word' id='word_1_628' title='bbox 3496 3855 3760 3933; x_wconf 73' lang='grc' dir='ltr'>σφοδρῶς,</span> 
     </span>
    </p>
   </div>
   <div class='ocr_carea' id='block_1_90' title="bbox 2161 3946 3754 4027">
    <p class='ocr_par' dir='ltr' id='par_1_90' title="bbox 2161 3946 3754 4027">
     <span class='ocr_line' id='line_1_90' title="bbox 2161 3946 3754 4027; baseline 0 -23"><span class='ocrx_word' id='word_1_629' title='bbox 2161 3946 2318 4025; x_wconf 78' lang='grc' dir='ltr'>φησὶν</span> <span class='ocrx_word' id='word_1_630' title='bbox 2339 3991 2357 4022; x_wconf 88' lang='grc'><strong>,</strong></span> <span class='ocrx_word' id='word_1_631' title='bbox 2396 3947 2534 4017; x_wconf 87' lang='grc' dir='ltr'>ἀλλ’,</span> <span class='ocrx_word' id='word_1_632' title='bbox 2567 3949 2638 4015; x_wconf 80' lang='grc' dir='ltr'>ὣς</span> <span class='ocrx_word' id='word_1_633' title='bbox 2667 3947 2915 4027; x_wconf 83' lang='grc' dir='ltr'>πατέρες,</span> <span class='ocrx_word' id='word_1_634' title='bbox 2957 3968 2985 4003; x_wconf 72' lang='grc' dir='ltr'><strong>ε</strong></span> <span class='ocrx_word' id='word_1_635' title='bbox 3013 3949 3086 4014; x_wconf 82' lang='grc' dir='ltr'>εἰς</span> <span class='ocrx_word' id='word_1_636' title='bbox 3113 3946 3172 4006; x_wconf 84' lang='grc' dir='ltr'>τὸ</span> <span class='ocrx_word' id='word_1_637' title='bbox 3212 3948 3580 4026; x_wconf 76' lang='grc' dir='ltr'>περιπατῆσαι</span> <span class='ocrx_word' id='word_1_638' title='bbox 3610 3946 3754 4021; x_wconf 77' lang='grc' dir='ltr'>ὑμᾶς</span> 
     </span>
    </p>
   </div>
   <div class='ocr_carea' id='block_1_91' title="bbox 2160 4033 3765 4116">
    <p class='ocr_par' dir='ltr' id='par_1_91' title="bbox 2160 4033 3765 4116">
     <span class='ocr_line' id='line_1_91' title="bbox 2160 4033 3765 4116; baseline 0.001 -24"><span class='ocrx_word' id='word_1_639' title='bbox 2160 4035 2314 4106; x_wconf 81' lang='grc' dir='ltr'>ἀξίως</span> <span class='ocrx_word' id='word_1_640' title='bbox 2355 4041 2448 4094; x_wconf 90' lang='grc' dir='ltr'><strong>τοῦ</strong></span> <span class='ocrx_word' id='word_1_641' title='bbox 2493 4037 2634 4096; x_wconf 89' lang='grc' dir='ltr'>Θεοῦ</span> <span class='ocrx_word' id='word_1_642' title='bbox 2661 4036 2728 4096; x_wconf 86' lang='grc'><strong>¹⁰.</strong></span> <span class='ocrx_word' id='word_1_643' title='bbox 2772 4058 2802 4095; x_wconf 73' lang='grc' dir='ltr'>ι)</span> <span class='ocrx_word' id='word_1_644' title='bbox 2854 4035 2960 4098; x_wconf 68' lang='grc' dir='ltr'><strong>Καὶ</strong></span> <span class='ocrx_word' id='word_1_645' title='bbox 3005 4035 3101 4116; x_wconf 76' lang='grc' dir='ltr'>ὅρα</span> <span class='ocrx_word' id='word_1_646' title='bbox 3125 4081 3141 4109; x_wconf 93' lang='grc'><strong>,</strong></span> <span class='ocrx_word' id='word_1_647' title='bbox 3174 4038 3286 4103; x_wconf 81' lang='grc' dir='ltr'><strong>πῶς</strong></span> <span class='ocrx_word' id='word_1_648' title='bbox 3333 4041 3385 4095; x_wconf 83' lang='grc' dir='ltr'>ἐν</span> <span class='ocrx_word' id='word_1_649' title='bbox 3418 4033 3546 4092; x_wconf 77' lang='grc' dir='ltr'>εῖδει</span> <span class='ocrx_word' id='word_1_650' title='bbox 3578 4034 3765 4115; x_wconf 81' lang='grc' dir='ltr'>διηγή-</span> 
     </span>
    </p>
   </div>
   <div class='ocr_carea' id='block_1_92' title="bbox 2161 4122 3762 4206">
    <p class='ocr_par' dir='ltr' id='par_1_92' title="bbox 2161 4122 3762 4206">
     <span class='ocr_line' id='line_1_92' title="bbox 2161 4122 3762 4206; baseline -0.001 -22"><span class='ocrx_word' id='word_1_651' title='bbox 2161 4149 2294 4193; x_wconf 90' lang='grc' dir='ltr'>σεως</span> <span class='ocrx_word' id='word_1_652' title='bbox 2349 4126 2591 4186; x_wconf 81' lang='grc' dir='ltr'>διδάσκει</span> <span class='ocrx_word' id='word_1_653' title='bbox 2649 4125 2765 4204; x_wconf 78' lang='grc' dir='ltr'><strong>ἅμα</strong></span> <span class='ocrx_word' id='word_1_654' title='bbox 2817 4126 2910 4184; x_wconf 86' lang='grc' dir='ltr'><strong>καὶ</strong></span> <span class='ocrx_word' id='word_1_655' title='bbox 2957 4129 3372 4206; x_wconf 84' lang='grc' dir='ltr'>παραμυθεῖται.</span> <span class='ocrx_word' id='word_1_656' title='bbox 3432 4122 3631 4204; x_wconf 77' lang='grc' dir='ltr'>Είγὰρ</span> <span class='ocrx_word' id='word_1_657' title='bbox 3687 4127 3762 4192; x_wconf 85' lang='grc' dir='ltr'>εἷς</span> 
     </span>
    </p>
   </div>
   <div class='ocr_carea' id='block_1_93' title="bbox 2163 4212 3601 4294">
    <p class='ocr_par' dir='ltr' id='par_1_93' title="bbox 2163 4212 3601 4294">
     <span class='ocr_line' id='line_1_93' title="bbox 2163 4212 3601 4294; baseline -0.001 -21"><span class='ocrx_word' id='word_1_658' title='bbox 2163 4214 2448 4294; x_wconf 87' lang='grc' dir='ltr'>βασιλείαν</span> <span class='ocrx_word' id='word_1_659' title='bbox 2476 4219 2632 4275; x_wconf 88' lang='grc' dir='ltr'>καλεῖ</span> <span class='ocrx_word' id='word_1_660' title='bbox 2654 4222 2803 4292; x_wconf 75' lang='grc' dir='ltr'>ἡμᾶς</span> <span class='ocrx_word' id='word_1_661' title='bbox 2827 4219 2852 4274; x_wconf 83' lang='lat'><strong>6</strong></span> <span class='ocrx_word' id='word_1_662' title='bbox 2877 4215 3015 4283; x_wconf 85' lang='grc' dir='ltr'>Θεὸς</span> <span class='ocrx_word' id='word_1_663' title='bbox 3033 4261 3048 4289; x_wconf 91' lang='grc'><strong>,</strong></span> <span class='ocrx_word' id='word_1_664' title='bbox 3080 4217 3161 4274; x_wconf 86' lang='grc' dir='ltr'><strong>δεῖ</strong></span> <span class='ocrx_word' id='word_1_665' title='bbox 3187 4215 3364 4273; x_wconf 86' lang='grc' dir='ltr'>πάντα</span> <span class='ocrx_word' id='word_1_666' title='bbox 3400 4212 3601 4293; x_wconf 80' lang='grc' dir='ltr'>φέρειν.</span> 
     </span>
    </p>
   </div>
   <div class='ocr_carea' id='block_1_94' title="bbox 2249 4304 3767 4384">
    <p class='ocr_par' dir='ltr' id='par_1_94' title="bbox 2249 4304 3767 4384">
     <span class='ocr_line' id='line_1_94' title="bbox 2249 4304 3767 4384; baseline -0.001 -23"><span class='ocrx_word' id='word_1_667' title='bbox 2249 4326 2278 4362; x_wconf 82' lang='grc' dir='ltr'>(ι</span> <span class='ocrx_word' id='word_1_668' title='bbox 2307 4305 2410 4364; x_wconf 82' lang='grc' dir='ltr'>Διὰ</span> <span class='ocrx_word' id='word_1_669' title='bbox 2458 4309 2610 4365; x_wconf 89' lang='grc' dir='ltr'>τοῦτο</span> <span class='ocrx_word' id='word_1_670' title='bbox 2676 4305 2767 4364; x_wconf 73' lang='grc' dir='ltr'><strong>καὶ</strong></span> <span class='ocrx_word' id='word_1_671' title='bbox 2811 4311 2967 4382; x_wconf 83' lang='grc' dir='ltr'>ἡμεῖς</span> <span class='ocrx_word' id='word_1_672' title='bbox 3021 4308 3444 4384; x_wconf 79' lang='grc' dir='ltr'>εὐχαριστοῦμεν</span> <span class='ocrx_word' id='word_1_673' title='bbox 3505 4306 3580 4382; x_wconf 84' lang='grc' dir='ltr'><strong>τῷ</strong></span> <span class='ocrx_word' id='word_1_674' title='bbox 3637 4304 3767 4382; x_wconf 81' lang='grc' dir='ltr'><strong>Θεῷ</strong></span> 
     </span>
    </p>
   </div>
   <div class='ocr_carea' id='block_1_95' title="bbox 2162 4393 3761 4474">
    <p class='ocr_par' dir='ltr' id='par_1_95' title="bbox 2162 4393 3761 4474">
     <span class='ocr_line' id='line_1_95' title="bbox 2162 4393 3761 4474; baseline -0.001 -23"><span class='ocrx_word' id='word_1_675' title='bbox 2162 4393 2556 4469; x_wconf 80' lang='grc' dir='ltr'>ἀδιαλείπτως,</span> <span class='ocrx_word' id='word_1_676' title='bbox 2627 4393 2707 4452; x_wconf 82' lang='grc' dir='ltr'><strong>ὅτι</strong></span> <span class='ocrx_word' id='word_1_677' title='bbox 2758 4393 3168 4474; x_wconf 88' lang='grc' dir='ltr'>παραλαϐόντες</span> <span class='ocrx_word' id='word_1_678' title='bbox 3215 4393 3374 4472; x_wconf 90' lang='grc' dir='ltr'>λόγον</span> <span class='ocrx_word' id='word_1_679' title='bbox 3423 4394 3586 4464; x_wconf 81' lang='grc' dir='ltr'>ἀκοῆς</span> <span class='ocrx_word' id='word_1_680' title='bbox 3628 4395 3761 4472; x_wconf 88' lang='grc' dir='ltr'>παρ’</span> 
     </span>
    </p>
   </div>
   <div class='ocr_carea' id='block_1_96' title="bbox 2161 4480 3760 4562">
    <p class='ocr_par' dir='ltr' id='par_1_96' title="bbox 2161 4480 3760 4562">
     <span class='ocr_line' id='line_1_96' title="bbox 2161 4480 3760 4562; baseline -0.002 -20"><span class='ocrx_word' id='word_1_681' title='bbox 2161 4486 2314 4561; x_wconf 83' lang='grc' dir='ltr'>ἡμῶν</span> <span class='ocrx_word' id='word_1_682' title='bbox 2369 4488 2479 4558; x_wconf 82' lang='grc' dir='ltr'>,τοῦ</span> <span class='ocrx_word' id='word_1_683' title='bbox 2553 4485 2733 4557; x_wconf 86' lang='grc' dir='ltr'>Θεοῦ,</span> <span class='ocrx_word' id='word_1_684' title='bbox 2791 4483 3036 4552; x_wconf 76' lang='grc' dir='ltr'>ἐδέξασθε</span> <span class='ocrx_word' id='word_1_685' title='bbox 3094 4485 3154 4542; x_wconf 82' lang='grc' dir='ltr'>οὐ</span> <span class='ocrx_word' id='word_1_686' title='bbox 3219 4481 3377 4562; x_wconf 90' lang='grc' dir='ltr'>λόγον</span> <span class='ocrx_word' id='word_1_687' title='bbox 3435 4480 3760 4562; x_wconf 83' lang='grc' dir='ltr'>ἀνθρώπων,</span> 
     </span>
    </p>
   </div>
   <div class='ocr_carea' id='block_1_97' title="bbox 2154 4570 3764 4653">
    <p class='ocr_par' dir='ltr' id='par_1_97' title="bbox 2154 4570 3764 4653">
     <span class='ocr_line' id='line_1_97' title="bbox 2154 4570 3764 4653; baseline 0.001 -22"><span class='ocrx_word' id='word_1_688' title='bbox 2154 4573 2290 4632; x_wconf 87' lang='grc' dir='ltr'>ἀλλὰ</span> <span class='ocrx_word' id='word_1_689' title='bbox 2325 4572 2552 4653; x_wconf 82' lang='grc' dir='ltr'>(καθώς</span> <span class='ocrx_word' id='word_1_690' title='bbox 2601 4576 2742 4632; x_wconf 85' lang='grc' dir='ltr'>ἐστιν</span> <span class='ocrx_word' id='word_1_691' title='bbox 2793 4575 3044 4649; x_wconf 79' lang='grc' dir='ltr'>ἀληθῶς)</span> <span class='ocrx_word' id='word_1_692' title='bbox 3107 4575 3259 4651; x_wconf 91' lang='grc' dir='ltr'>λόγον</span> <span class='ocrx_word' id='word_1_693' title='bbox 3319 4574 3488 4633; x_wconf 88' lang='grc' dir='ltr'>Θεοῦ.</span> <span class='ocrx_word' id='word_1_694' title='bbox 3552 4595 3583 4628; x_wconf 71' lang='grc' dir='ltr'><strong>ι</strong></span> <span class='ocrx_word' id='word_1_695' title='bbox 3643 4570 3764 4632; x_wconf 88' lang='grc' dir='ltr'><strong>Ἐν-</strong></span> 
     </span>
    </p>
   </div>
   <div class='ocr_carea' id='block_1_98' title="bbox 2153 4660 3763 4743">
    <p class='ocr_par' dir='ltr' id='par_1_98' title="bbox 2153 4660 3763 4743">
     <span class='ocr_line' id='line_1_98' title="bbox 2153 4660 3763 4743; baseline 0 -24"><span class='ocrx_word' id='word_1_696' title='bbox 2153 4667 2332 4721; x_wconf 89' lang='grc' dir='ltr'>ταῦθα</span> <span class='ocrx_word' id='word_1_697' title='bbox 2369 4663 2462 4722; x_wconf 80' lang='grc' dir='ltr'>καὶ</span> <span class='ocrx_word' id='word_1_698' title='bbox 2523 4662 2714 4732; x_wconf 81' lang='grc' dir='ltr'>αὐτοὺς</span> <span class='ocrx_word' id='word_1_699' title='bbox 2768 4663 3121 4743; x_wconf 73' lang='grc' dir='ltr'>ἐγκωμιάζει.</span> <span class='ocrx_word' id='word_1_700' title='bbox 3165 4663 3249 4723; x_wconf 79' lang='grc' dir='ltr'><strong>Οὔ</strong></span> <span class='ocrx_word' id='word_1_701' title='bbox 3279 4660 3383 4742; x_wconf 78' lang='grc' dir='ltr'><strong>γὰρ</strong></span> <span class='ocrx_word' id='word_1_702' title='bbox 3445 4665 3600 4740; x_wconf 81' lang='grc' dir='ltr'>ἡμεῖς</span> <span class='ocrx_word' id='word_1_703' title='bbox 3635 4660 3763 4738; x_wconf 85' lang='grc' dir='ltr'>μὲν,</span> 
     </span>
    </p>
   </div>
   <div class='ocr_carea' id='block_1_99' title="bbox 2153 4747 3767 4832">
    <p class='ocr_par' dir='ltr' id='par_1_99' title="bbox 2153 4747 3767 4832">
     <span class='ocr_line' id='line_1_99' title="bbox 2153 4747 3767 4832; baseline -0.001 -23"><span class='ocrx_word' id='word_1_704' title='bbox 2153 4751 2350 4832; x_wconf 78' lang='grc' dir='ltr'>φησὶν,</span> <span class='ocrx_word' id='word_1_705' title='bbox 2398 4752 2694 4830; x_wconf 84' lang='grc' dir='ltr'>ἀμέμπτως</span> <span class='ocrx_word' id='word_1_706' title='bbox 2741 4753 2917 4812; x_wconf 86' lang='grc' dir='ltr'>πάντα</span> <span class='ocrx_word' id='word_1_707' title='bbox 2970 4752 3309 4831; x_wconf 84' lang='grc' dir='ltr'>πράττομεν,</span> <span class='ocrx_word' id='word_1_708' title='bbox 3347 4754 3497 4828; x_wconf 78' lang='grc' dir='ltr'>ὑμεῖς</span> <span class='ocrx_word' id='word_1_709' title='bbox 3549 4747 3604 4810; x_wconf 63' lang='grc' dir='ltr'>δὲ</span> <span class='ocrx_word' id='word_1_710' title='bbox 3635 4751 3767 4808; x_wconf 87' lang='grc' dir='ltr'>ἀνά-</span> 
     </span>
    </p>
   </div>
   <div class='ocr_carea' id='block_1_100' title="bbox 2155 4839 3763 4921">
    <p class='ocr_par' dir='ltr' id='par_1_100' title="bbox 2155 4839 3763 4921">
     <span class='ocr_line' id='line_1_100' title="bbox 2155 4839 3763 4921; baseline 0.002 -24"><span class='ocrx_word' id='word_1_711' title='bbox 2155 4839 2256 4907; x_wconf 84' lang='grc' dir='ltr'>ξιόν</span> <span class='ocrx_word' id='word_1_712' title='bbox 2289 4865 2340 4901; x_wconf 89' lang='grc' dir='ltr'><strong>τι</strong></span> <span class='ocrx_word' id='word_1_713' title='bbox 2385 4846 2479 4913; x_wconf 80' lang='grc' dir='ltr'><strong>τῆς</strong></span> <span class='ocrx_word' id='word_1_714' title='bbox 2529 4845 2664 4919; x_wconf 81' lang='grc' dir='ltr'>ἐμῆς</span> <span class='ocrx_word' id='word_1_715' title='bbox 2717 4843 2972 4921; x_wconf 86' lang='grc' dir='ltr'>διαταγῆς</span> <span class='ocrx_word' id='word_1_716' title='bbox 3011 4841 3356 4910; x_wconf 79' lang='grc' dir='ltr'>ἐνεδείξασθε.</span> <span class='ocrx_word' id='word_1_717' title='bbox 3399 4841 3482 4900; x_wconf 82' lang='grc' dir='ltr'><strong>Οὖ</strong></span> <span class='ocrx_word' id='word_1_718' title='bbox 3535 4839 3638 4920; x_wconf 83' lang='grc' dir='ltr'><strong>γὰρ</strong></span> <span class='ocrx_word' id='word_1_719' title='bbox 3690 4845 3763 4908; x_wconf 81' lang='grc' dir='ltr'>ὡς</span> 
     </span>
    </p>
   </div>
   <div class='ocr_carea' id='block_1_101' title="bbox 2159 4927 3765 5011">
    <p class='ocr_par' dir='ltr' id='par_1_101' title="bbox 2159 4927 3765 5011">
     <span class='ocr_line' id='line_1_101' title="bbox 2159 4927 3765 5011; baseline 0.002 -25"><span class='ocrx_word' id='word_1_720' title='bbox 2159 4929 2454 5011; x_wconf 85' lang='grc' dir='ltr'>ἀνθρώπων</span> <span class='ocrx_word' id='word_1_721' title='bbox 2500 4930 2779 4998; x_wconf 83' lang='grc' dir='ltr'>ἀκούοντες</span> <span class='ocrx_word' id='word_1_722' title='bbox 2836 4931 3019 5000; x_wconf 76' lang='grc' dir='ltr'>ἁπλῶς</span> <span class='ocrx_word' id='word_1_723' title='bbox 3049 4931 3320 4990; x_wconf 87' lang='grc' dir='ltr'>διάκεισθε</span> <span class='ocrx_word' id='word_1_724' title='bbox 3345 4978 3363 5010; x_wconf 90' lang='grc'><strong>,</strong></span> <span class='ocrx_word' id='word_1_725' title='bbox 3415 4927 3539 4989; x_wconf 82' lang='grc' dir='ltr'>ἀλλ’</span> <span class='ocrx_word' id='word_1_726' title='bbox 3576 4932 3647 4997; x_wconf 80' lang='grc' dir='ltr'>ὡς</span> <span class='ocrx_word' id='word_1_727' title='bbox 3676 4934 3765 4990; x_wconf 83' lang='grc' dir='ltr'><strong>αὖ·</strong></span> 
     </span>
    </p>
   </div>
   <div class='ocr_carea' id='block_1_102' title="bbox 2154 5019 3759 5104">
    <p class='ocr_par' dir='ltr' id='par_1_102' title="bbox 2154 5019 3759 5104">
     <span class='ocr_line' id='line_1_102' title="bbox 2154 5019 3759 5104; baseline 0.001 -26"><span class='ocrx_word' id='word_1_728' title='bbox 2154 5027 2244 5080; x_wconf 70' lang='lat' dir='ltr'><strong>too&quot;</strong></span> <span class='ocrx_word' id='word_1_729' title='bbox 2281 5026 2372 5079; x_wconf 89' lang='grc' dir='ltr'><strong>τοῦ</strong></span> <span class='ocrx_word' id='word_1_730' title='bbox 2411 5023 2554 5082; x_wconf 83' lang='grc' dir='ltr'>Θεοῦ</span> <span class='ocrx_word' id='word_1_731' title='bbox 2599 5027 2982 5104; x_wconf 89' lang='grc' dir='ltr'>παραινοῦντος</span> <span class='ocrx_word' id='word_1_732' title='bbox 3010 5066 3025 5095; x_wconf 90' lang='grc'><strong>,</strong></span> <span class='ocrx_word' id='word_1_733' title='bbox 3076 5020 3217 5081; x_wconf 70' lang='grc' dir='ltr'>οὕτω</span> <span class='ocrx_word' id='word_1_734' title='bbox 3267 5020 3602 5102; x_wconf 85' lang='grc' dir='ltr'>προσείχετε.</span> <span class='ocrx_word' id='word_1_735' title='bbox 3644 5019 3759 5080; x_wconf 74' lang='lat' dir='ltr'><strong>A6-</strong></span> 
     </span>
    </p>
   </div>
   <div class='ocr_carea' id='block_1_103' title="bbox 2154 5107 3759 5192">
    <p class='ocr_par' dir='ltr' id='par_1_103' title="bbox 2154 5107 3759 5192">
     <span class='ocr_line' id='line_1_103' title="bbox 2154 5107 3759 5192; baseline 0 -25"><span class='ocrx_word' id='word_1_736' title='bbox 2154 5131 2244 5187; x_wconf 88' lang='grc' dir='ltr'><strong>γον</strong></span> <span class='ocrx_word' id='word_1_737' title='bbox 2273 5111 2328 5168; x_wconf 84' lang='grc' dir='ltr'>δὲ</span> <span class='ocrx_word' id='word_1_738' title='bbox 2364 5112 2525 5183; x_wconf 83' lang='grc' dir='ltr'>ἀκοῆς</span> <span class='ocrx_word' id='word_1_739' title='bbox 2575 5115 2668 5170; x_wconf 87' lang='grc' dir='ltr'><strong>τοῦ</strong></span> <span class='ocrx_word' id='word_1_740' title='bbox 2711 5113 2879 5186; x_wconf 86' lang='grc' dir='ltr'>Θεοῦ,</span> <span class='ocrx_word' id='word_1_741' title='bbox 2932 5111 2994 5172; x_wconf 85' lang='grc' dir='ltr'>τὸ</span> <span class='ocrx_word' id='word_1_742' title='bbox 3039 5109 3296 5192; x_wconf 82' lang='grc' dir='ltr'>κήρυγμά</span> <span class='ocrx_word' id='word_1_743' title='bbox 3337 5133 3536 5191; x_wconf 80' lang='grc' dir='ltr'>φησιν,</span> <span class='ocrx_word' id='word_1_744' title='bbox 3566 5113 3640 5177; x_wconf 79' lang='grc' dir='ltr'>ὣς</span> <span class='ocrx_word' id='word_1_745' title='bbox 3673 5107 3759 5168; x_wconf 81' lang='grc' dir='ltr'><strong>διὰ</strong></span> 
     </span>
    </p>
   </div>
   <div class='ocr_carea' id='block_1_104' title="bbox 1833 5213 2380 5278">
    <p class='ocr_par' dir='ltr' id='par_1_104' title="bbox 1833 5213 2380 5278">
     <span class='ocr_line' id='line_1_104' title="bbox 1833 5213 2380 5278; baseline 0.011 -6"><span class='ocrx_word' id='word_1_746' title='bbox 1833 5213 2026 5274; x_wconf 59' lang='lat' dir='ltr'><strong>Varia</strong></span> <span class='ocrx_word' id='word_1_747' title='bbox 2071 5217 2380 5278; x_wconf 83' lang='lat' dir='ltr'><strong>lectiones.</strong></span> 
     </span>
    </p>
   </div>
   <div class='ocr_carea' id='block_1_105' title="bbox 505 5315 2295 5395">
    <p class='ocr_par' dir='ltr' id='par_1_105' title="bbox 505 5315 2295 5395">
     <span class='ocr_line' id='line_1_105' title="bbox 505 5315 2295 5395; baseline 0.006 -28"><span class='ocrx_word' id='word_1_748' title='bbox 505 5316 526 5350; x_wconf 82' lang='grc'><strong>⁶</strong></span> <span class='ocrx_word' id='word_1_749' title='bbox 555 5316 644 5370; x_wconf 76' lang='grc' dir='ltr'>τὸν</span> <span class='ocrx_word' id='word_1_750' title='bbox 675 5318 871 5388; x_wconf 75' lang='grc' dir='ltr'>μόχθον</span> <span class='ocrx_word' id='word_1_751' title='bbox 901 5332 954 5372; x_wconf 91' lang='lat'><strong>0.</strong></span> <span class='ocrx_word' id='word_1_752' title='bbox 1010 5315 1032 5350; x_wconf 84' lang='grc'><strong>’⁷</strong></span> <span class='ocrx_word' id='word_1_753' title='bbox 1061 5321 1148 5371; x_wconf 86' lang='grc' dir='ltr'><strong>τοῦ</strong></span> <span class='ocrx_word' id='word_1_754' title='bbox 1175 5334 1230 5376; x_wconf 93' lang='lat' dir='ltr'><strong>o.</strong></span> <span class='ocrx_word' id='word_1_755' title='bbox 1283 5317 1303 5353; x_wconf 80' lang='grc'><strong>⁸</strong></span> <span class='ocrx_word' id='word_1_756' title='bbox 1325 5319 1409 5372; x_wconf 68' lang='grc' dir='ltr'><strong>καὶ</strong></span> <span class='ocrx_word' id='word_1_757' title='bbox 1438 5335 1486 5376; x_wconf 90' lang='grc' dir='ltr'><strong>ο.</strong></span> <span class='ocrx_word' id='word_1_758' title='bbox 1516 5319 1538 5353; x_wconf 70' lang='lat'><strong>9</strong></span> <span class='ocrx_word' id='word_1_759' title='bbox 1562 5320 1821 5376; x_wconf 81' lang='grc' dir='ltr'>ἀπιστοῦσι</span> <span class='ocrx_word' id='word_1_760' title='bbox 1851 5338 1905 5378; x_wconf 91' lang='grc' dir='ltr'><strong>ο.</strong></span> <span class='ocrx_word' id='word_1_761' title='bbox 1968 5323 2010 5356; x_wconf 83' lang='grc'><strong>¹⁰</strong></span> <span class='ocrx_word' id='word_1_762' title='bbox 2036 5324 2212 5395; x_wconf 80' lang='grc' dir='ltr'>Κυρίου</span> <span class='ocrx_word' id='word_1_763' title='bbox 2241 5341 2295 5382; x_wconf 93' lang='grc' dir='ltr'><strong>ο.</strong></span> 
     </span>
    </p>
   </div>
   <div class='ocr_carea' id='block_1_106' title="bbox 507 5441 2036 5514">
    <p class='ocr_par' dir='ltr' id='par_1_106' title="bbox 507 5441 2036 5514">
     <span class='ocr_line' id='line_1_106' title="bbox 507 5441 2036 5514; baseline 0.006 -18"><span class='ocrx_word' id='word_1_764' title='bbox 507 5447 577 5507; x_wconf 89' lang='lat'><strong>(3)</strong></span> <span class='ocrx_word' id='word_1_765' title='bbox 622 5441 971 5498; x_wconf 64' lang='lat' dir='ltr'><strong>Prmferenda</strong></span> <span class='ocrx_word' id='word_1_766' title='bbox 1030 5445 1218 5514; x_wconf 88' lang='lat' dir='ltr'><strong>procul</strong></span> <span class='ocrx_word' id='word_1_767' title='bbox 1266 5445 1434 5502; x_wconf 88' lang='lat' dir='ltr'><strong>dubio</strong></span> <span class='ocrx_word' id='word_1_768' title='bbox 1481 5459 1564 5503; x_wconf 88' lang='lat' dir='ltr'><strong>est</strong></span> <span class='ocrx_word' id='word_1_769' title='bbox 1616 5447 1778 5504; x_wconf 86' lang='lat' dir='ltr'><strong>lectio</strong></span> <span class='ocrx_word' id='word_1_770' title='bbox 1831 5449 2036 5506; x_wconf 91' lang='lat' dir='ltr'><strong>codicis</strong></span> 
     </span>
    </p>
   </div>
   <div class='ocr_carea' id='block_1_107' title="bbox 428 5530 2037 5599">
    <p class='ocr_par' dir='ltr' id='par_1_107' title="bbox 428 5530 2037 5599">
     <span class='ocr_line' id='line_1_107' title="bbox 428 5530 2037 5599; baseline 0.008 -16"><span class='ocrx_word' id='word_1_771' title='bbox 428 5531 486 5584; x_wconf 87' lang='lat' dir='ltr'><strong>S.</strong></span> <span class='ocrx_word' id='word_1_772' title='bbox 517 5530 690 5586; x_wconf 88' lang='lat' dir='ltr'><strong>Marci</strong></span> <span class='ocrx_word' id='word_1_773' title='bbox 715 5531 926 5599; x_wconf 88' lang='lat' dir='ltr'><strong>Veneti,</strong></span> <span class='ocrx_word' id='word_1_774' title='bbox 954 5530 1257 5597; x_wconf 78' lang='grc' dir='ltr'>ἀδικοῦντες.</span> <span class='ocrx_word' id='word_1_775' title='bbox 1309 5534 1474 5592; x_wconf 91' lang='lat' dir='ltr'><strong>Unde</strong></span> <span class='ocrx_word' id='word_1_776' title='bbox 1497 5536 1678 5593; x_wconf 85' lang='lat' dir='ltr'><strong>versio</strong></span> <span class='ocrx_word' id='word_1_777' title='bbox 1707 5537 1902 5594; x_wconf 90' lang='lat' dir='ltr'><strong>Latina</strong></span> <span class='ocrx_word' id='word_1_778' title='bbox 1929 5537 2037 5596; x_wconf 88' lang='lat' dir='ltr'><strong>hoc</strong></span> 
     </span>
    </p>
   </div>
   <div class='ocr_carea' id='block_1_108' title="bbox 431 5617 2031 5700">
    <p class='ocr_par' dir='ltr' id='par_1_108' title="bbox 431 5617 2031 5700">
     <span class='ocr_line' id='line_1_108' title="bbox 431 5617 2031 5700; baseline 0.008 -27"><span class='ocrx_word' id='word_1_779' title='bbox 431 5617 554 5674; x_wconf 87' lang='lat' dir='ltr'><strong>loco</strong></span> <span class='ocrx_word' id='word_1_780' title='bbox 581 5620 659 5676; x_wconf 87' lang='lat' dir='ltr'><strong>ita</strong></span> <span class='ocrx_word' id='word_1_781' title='bbox 685 5635 746 5676; x_wconf 90' lang='lat' dir='ltr'><strong>se</strong></span> <span class='ocrx_word' id='word_1_782' title='bbox 767 5619 969 5678; x_wconf 84' lang='lat' dir='ltr'><strong>habere</strong></span> <span class='ocrx_word' id='word_1_783' title='bbox 987 5621 1155 5680; x_wconf 90' lang='lat' dir='ltr'><strong>debet</strong></span> <span class='ocrx_word' id='word_1_784' title='bbox 1183 5643 1197 5680; x_wconf 86' lang='lat'><strong>:</strong></span> <span class='ocrx_word' id='word_1_785' title='bbox 1226 5626 1512 5682; x_wconf 87' lang='lat' dir='ltr'><strong>Neminem</strong></span> <span class='ocrx_word' id='word_1_786' title='bbox 1544 5626 1752 5698; x_wconf 76' lang='lat' dir='ltr'><strong>injuria</strong></span> <span class='ocrx_word' id='word_1_787' title='bbox 1788 5629 2031 5700; x_wconf 70' lang='lat' dir='ltr'><strong>afﬁcien-</strong></span> 
     </span>
    </p>
   </div>
   <div class='ocr_carea' id='block_1_109' title="bbox 429 5711 2033 5793">
    <p class='ocr_par' dir='ltr' id='par_1_109' title="bbox 429 5711 2033 5793">
     <span class='ocr_line' id='line_1_109' title="bbox 429 5711 2033 5793; baseline 0.009 -29"><span class='ocrx_word' id='word_1_788' title='bbox 429 5711 506 5764; x_wconf 81' lang='lat' dir='ltr'><strong>tes</strong></span> <span class='ocrx_word' id='word_1_789' title='bbox 550 5713 794 5782; x_wconf 68' lang='lat' dir='ltr'><strong>pecuniis</strong></span> <span class='ocrx_word' id='word_1_790' title='bbox 835 5714 1209 5772; x_wconf 69' lang='lat' dir='ltr'><strong>exactionibus</strong></span> <span class='ocrx_word' id='word_1_791' title='bbox 1226 5734 1244 5787; x_wconf 68' lang='grc' dir='ltr'><strong>ς</strong></span> <span class='ocrx_word' id='word_1_792' title='bbox 1271 5717 1354 5774; x_wconf 85' lang='lat' dir='ltr'><strong>vel</strong></span> <span class='ocrx_word' id='word_1_793' title='bbox 1385 5715 1610 5788; x_wconf 89' lang='lat' dir='ltr'><strong>clarius,</strong></span> <span class='ocrx_word' id='word_1_794' title='bbox 1639 5735 1679 5776; x_wconf 89' lang='lat' dir='ltr'><strong>a</strong></span> <span class='ocrx_word' id='word_1_795' title='bbox 1709 5721 1925 5778; x_wconf 87' lang='lat' dir='ltr'><strong>nemine</strong></span> <span class='ocrx_word' id='word_1_796' title='bbox 1938 5736 2033 5793; x_wconf 86' lang='lat' dir='ltr'><strong>pe-</strong></span> 
     </span>
    </p>
   </div>
   <div class='ocr_carea' id='block_1_110' title="bbox 2146 5449 3754 5526">
    <p class='ocr_par' dir='ltr' id='par_1_110' title="bbox 2146 5449 3754 5526">
     <span class='ocr_line' id='line_1_110' title="bbox 2146 5449 3754 5526; baseline 0.003 -20"><span class='ocrx_word' id='word_1_797' title='bbox 2146 5452 2396 5516; x_wconf 84' lang='lat' dir='ltr'><strong>cuniam,</strong></span> <span class='ocrx_word' id='word_1_798' title='bbox 2423 5451 2626 5523; x_wconf 84' lang='lat' dir='ltr'><strong>injuste</strong></span> <span class='ocrx_word' id='word_1_799' title='bbox 2653 5457 2951 5525; x_wconf 67' lang='lat' dir='ltr'><strong>exigentes.</strong></span> <span class='ocrx_word' id='word_1_800' title='bbox 2981 5449 3196 5511; x_wconf 87' lang='lat' dir='ltr'><strong>Scilicet</strong></span> <span class='ocrx_word' id='word_1_801' title='bbox 3217 5466 3334 5510; x_wconf 92' lang='lat' dir='ltr'><strong>non</strong></span> <span class='ocrx_word' id='word_1_802' title='bbox 3358 5450 3754 5526; x_wconf 87' lang='lat' dir='ltr'><strong>qualicunque,</strong></span> 
     </span>
    </p>
   </div>
   <div class='ocr_carea' id='block_1_111' title="bbox 2144 5541 3756 5617">
    <p class='ocr_par' dir='ltr' id='par_1_111' title="bbox 2144 5541 3756 5617">
     <span class='ocr_line' id='line_1_111' title="bbox 2144 5541 3756 5617; baseline 0.002 -19"><span class='ocrx_word' id='word_1_803' title='bbox 2144 5541 2242 5598; x_wconf 90' lang='lat' dir='ltr'><strong>sed</strong></span> <span class='ocrx_word' id='word_1_804' title='bbox 2277 5542 2482 5615; x_wconf 84' lang='lat' dir='ltr'><strong>injusta</strong></span> <span class='ocrx_word' id='word_1_805' title='bbox 2517 5544 2805 5601; x_wconf 83' lang='lat' dir='ltr'><strong>exactione</strong></span> <span class='ocrx_word' id='word_1_806' title='bbox 2825 5543 3038 5617; x_wconf 86' lang='lat' dir='ltr'><strong>justitia</strong></span> <span class='ocrx_word' id='word_1_807' title='bbox 3080 5542 3319 5601; x_wconf 69' lang='lat' dir='ltr'><strong>laeditur.</strong></span> <span class='ocrx_word' id='word_1_808' title='bbox 3350 5543 3542 5600; x_wconf 90' lang='lat' dir='ltr'><strong>Lectio</strong></span> <span class='ocrx_word' id='word_1_809' title='bbox 3570 5551 3756 5601; x_wconf 81' lang='lat' dir='ltr'><strong>textus</strong></span> 
     </span>
    </p>
   </div>
   <div class='ocr_carea' id='block_1_112' title="bbox 2143 5629 3758 5708">
    <p class='ocr_par' dir='ltr' id='par_1_112' title="bbox 2143 5629 3758 5708">
     <span class='ocr_line' id='line_1_112' title="bbox 2143 5629 3758 5708; baseline 0.002 -20"><span class='ocrx_word' id='word_1_810' title='bbox 2143 5629 2270 5689; x_wconf 85' lang='lat' dir='ltr'><strong>editi</strong></span> <span class='ocrx_word' id='word_1_811' title='bbox 2306 5647 2412 5692; x_wconf 85' lang='lat' dir='ltr'><strong>nec</strong></span> <span class='ocrx_word' id='word_1_812' title='bbox 2451 5648 2582 5692; x_wconf 89' lang='lat' dir='ltr'><strong>cum</strong></span> <span class='ocrx_word' id='word_1_813' title='bbox 2609 5649 2780 5694; x_wconf 79' lang='lat' dir='ltr'><strong>sensu</strong></span> <span class='ocrx_word' id='word_1_814' title='bbox 2822 5649 2926 5694; x_wconf 89' lang='lat' dir='ltr'><strong>nec</strong></span> <span class='ocrx_word' id='word_1_815' title='bbox 2969 5645 3100 5692; x_wconf 86' lang='lat' dir='ltr'><strong>cum</strong></span> <span class='ocrx_word' id='word_1_816' title='bbox 3136 5633 3513 5707; x_wconf 68' lang='lat' dir='ltr'><strong>grammatica:</strong></span> <span class='ocrx_word' id='word_1_817' title='bbox 3553 5633 3758 5708; x_wconf 81' lang='lat' dir='ltr'><strong>regulis</strong></span> 
     </span>
    </p>
   </div>
   <div class='ocr_carea' id='block_1_113' title="bbox 2140 5722 2411 5796">
    <p class='ocr_par' dir='ltr' id='par_1_113' title="bbox 2140 5722 2411 5796">
     <span class='ocr_line' id='line_1_113' title="bbox 2140 5722 2411 5796; baseline 0 -16"><span class='ocrx_word' id='word_1_818' title='bbox 2140 5722 2411 5796; x_wconf 72' lang='lat' dir='ltr'><strong>congruit.</strong></span> 
     </span>
    </p>
   </div>
  </div>
