4104 6482
387 430 524 484 1293

1252 423 1608 480 EXPOSITIO
1647 423 1712 479 ΙΝ
1751 423 1958 479 EPIST.
2000 420 2020 478 Ι
2060 423 2150 478 AD
2188 421 2421 478 THESS.
2462 449 2531 460 —
2569 418 2720 474 CAP.
2766 417 2827 471 ll.

3555 418 3689 474 1294

383 556 476 612 τοῦ
529 554 849 624 ἀκουσθῆναι
895 549 1291 628 πιστευόμενον.
1345 553 1470 617 Πῶς
1527 550 1630 631 γὰρ
1680 549 2039 616 πιστεύσω-Δ

2127 547 2374 604 ationem
2409 544 2560 613 dicit,
2600 559 2666 600 eo
2709 540 2859 615 quod
2901 539 3170 598 audiendo
3215 540 3492 598 credatur.
3536 546 3693 616 Quo-

387 665 500 708 σιν,
537 640 627 701 ἐὰν
656 639 733 719 μὴ
763 639 1098 714 ἀκούσωσιν,

469 759 491 784 α
525 729 627 799 *Ος
647 730 739 790 καὶ
769 731 1055 812 ἐνεργεῖται
1085 733 1137 789 ἐν
1167 731 1293 806 ὑμῖν
1331 737 1439 796 τοῖς
1462 727 1789 788 πιστεύουσι.
1822 752 1847 781 ιι
1878 727 1988 787 Πό-

388 825 473 880 θεν
522 822 714 892 δῆλον,
759 817 841 879 ὅτι
868 823 939 887 ὡς
968 821 1111 879 Θεοῦ
1138 817 1293 896 λόγον
1328 817 1598 890 ἐδέξασθε,
1647 820 1986 898 Ἐνεργεῖται

386 910 512 990 γὰρ,
542 908 732 990 φησὶν,
773 910 827 967 ἐν
857 910 1002 986 ὓμῖν,
1037 909 1339 980 τουτέστιν,
1371 909 1430 966 ἐκ
1473 911 1579 966 τῶν
1613 906 1779 988 ἔργων
1813 909 1985 966 αὐτῶν

390 999 675 1058 δείκνυται.
708 999 778 1059 Εἰ
826 996 901 1076 μὴ
929 998 1032 1076 γὰρ
1073 995 1238 1064 οὕτως
1273 996 1427 1056 αὐτὸν
1477 996 1748 1067 ἐδέξασθε,
1789 997 1885 1054 οὖκ
1923 996 1987 1054 ἂν

388 1087 510 1156 τοὺς
575 1087 915 1160 τηλικούτους
963 1085 1289 1168 πειρασμοὺς
1343 1084 1483 1146 οὕτω
1534 1085 1783 1165 γενναίοις
1836 1085 1992 1164 ἠνέγ-

392 1202 542 1238 κατε.
574 1175 790 1258 Ἵὶσπερ
819 1179 922 1259 γὰρ
964 1175 1044 1237 ὅτι
1079 1179 1136 1237 οὗ
1177 1174 1340 1243 κόλαξ
1389 1174 1559 1250 ἐστὶν,
1587 1175 1704 1235 οὐδὲ
1747 1174 1990 1256 δολερὸς,

396 1267 555 1334 αὐτὸς
592 1269 652 1326 ἐκ
703 1273 795 1326 τοῦ
841 1265 1113 1335 κινδύνους
1169 1269 1457 1342 ὑπομεῖναι
1510 1264 1803 1325 δείκνυσιν.
1857 1263 1994 1324 οὕτω

393 1357 486 1415 καὶ⁵
541 1356 638 1428 τὴν
688 1360 861 1416 αὐτῶν
927 1355 1106 1415 πίστιν
1169 1357 1229 1415 ἐκ
1280 1359 1375 1414 τοῦ
1429 1353 1630 1436 θλίψεις
1689 1359 1994 1434 ὑπενεγκεῖν

396 1446 658 1529 ἐμφαίνει.

483 1563 507 1591 ιι
567 1535 756 1614 Ὑμεῖς
809 1533 914 1616 γὰρ
964 1533 1198 1612 μιμηταὶ
1244 1532 1558 1614 ἐγενήθητε,
1607 1533 1842 1615 ἀδελφοὶ,
1892 1541 1998 1596 τῶν

404 1624 746 1698 Ἐκκλησιῶν
801 1629 896 1684 τοῦ
953 1625 1098 1684 Θεοῦ
1156 1627 1263 1683 τῶν
1313 1626 1480 1686 οὐσῶν
1539 1626 1591 1682 ἐν
1647 1628 1712 1703 τῇ
1767 1624 1999 1708 Ἰουδαίᾳ

402 1716 456 1772 έν
488 1716 710 1797 Χριστῷ
752 1714 955 1787 Ἰησοῦ,
988 1741 1013 1765 υ
1063 1709 1186 1773 ἰνα
1231 1711 1308 1788 μή
1354 1737 1432 1778 τις
1473 1711 1797 1784 Ἐκκλησίας
1825 1715 1880 1772 ἐν
1934 1723 2000 1798 τῇ

404 1803 636 1885 Ἰουδαίᾳ
681 1804 780 1872 τὰς
830 1802 1142 1882 συναγωγὰς
1189 1805 1294 1861 τῶν
1350 1801 1623 1862 Ἰουδαίων
1665 1801 1890 1883 νοήσῃ,
1917 1809 2004 1866 διὰ

2095 634 2264 692 modo
2297 635 2447 692 enim
2483 633 2734 701 credant,
2763 631 2812 687 si
2849 645 2963 687 non
2992 629 3183 687 adiant
3212 630 3266 683 Ῥ

2169 728 2278 794 Qui
2303 730 2356 781 et
2374 729 2638 796 operatur
2665 725 2724 778 in
2746 722 2894 778 vobis
2923 721 3277 777 credentibus.
3311 719 3474 778 Unde
3503 722 3691 794 liquet,

2097 815 2248 888 quod
2292 824 2555 887 tanquam
2596 811 2828 870 verbum
2874 810 2974 866 Dei
3021 811 3377 883 acceperitis?
3419 813 3696 883 Operatur

2096 905 2269 973 enim,
2315 904 2512 977 inquit,
2549 904 2606 959 in
2647 901 2826 971 vobis,
2877 899 2982 957 hoc
3019 908 3121 970 est,
3163 915 3229 957 ex
3269 900 3400 972 ipsis
3442 901 3700 973 operibus

2099 994 2532 1050 demonstratur.
2581 991 2703 1049 Nisi
2745 991 2895 1048 enim
2944 991 3126 1062 ipsum
3173 990 3253 1047 sic
3297 991 3696 1062 suscepissetis,

2100 1091 2185 1140 tot
2209 1083 2539 1140 tentationes
2578 1097 2691 1138 non
2733 1089 2849 1136 tam
2900 1078 3112 1136 fortiter
3152 1079 3574 1136 sustinuissetis.
3621 1085 3699 1138 Ut

2101 1173 2248 1228 enim
2285 1171 2432 1245 quod
2470 1187 2649 1244 neque
2691 1169 2945 1227 adulator
2977 1170 3067 1238 sit,
3097 1183 3276 1241 neque
3313 1169 3599 1240 impostor,
3631 1187 3697 1228 ex

2104 1262 2360 1333 periculis
2401 1277 2524 1334 qum
2561 1260 2750 1329 subiit,
2781 1259 3054 1316 convincit
3099 1276 3112 1314 :
3144 1259 3220 1315 ita
3257 1259 3504 1331 ipsorum
3536 1261 3700 1318 ﬁdem

2103 1373 2171 1413 ex
2199 1356 2566 1413 afﬂictionum
2592 1354 2879 1411 tolerantia
2906 1353 3134 1410 indicat.

2177 1539 2356 1594 Vens.
2390 1540 2475 1591 14.
2515 1537 2620 1592 Vos
2645 1535 2786 1589 enim
2812 1535 3116 1589 imitatores
3140 1534 3285 1602 facti
3305 1535 3454 1604 estis,
3479 1537 3707 1603 fratres,

2109 1628 2466 1683 Ecclesiarum
2493 1641 2618 1694 qua:
2646 1627 2775 1680 sunt
2803 1626 2864 1678 in
2893 1624 3089 1679 Iudaea
3118 1625 3180 1679 in
3202 1625 3418 1682 Christo
3445 1629 3591 1682 Iesu.
3629 1628 3712 1683 Ne

2111 1716 2236 1790 quis
2277 1728 2376 1786 per
2419 1713 2688 1769 Ecclesias
2728 1727 2855 1785 quae
2891 1721 3021 1769 sunt
3061 1712 3117 1768 in
3144 1714 3356 1783 Iudaea,
3404 1731 3715 1789 synagogas

2110 1803 2435 1862 Judaeorum
2481 1803 2774 1875 intelligat,
2817 1810 3108 1874 propterea
3161 1801 3451 1876 adjecit,In
3503 1805 3717 1863 Christo

401 1899 555 1952 τοῦτο
580 1893 924 1974 προσέθηκεν,
953 1920 977 1946 σι
1002 1891 1096 1953 Ἐν
1125 1894 1347 1974 Χριστῷ
1378 1891 1581 1968 Ἰησοῦ,
1613 1919 1639 1946 ι
1667 1889 1754 1951 ἵνα
1785 1894 1879 1962 τὰς
1901 1900 2020 1971 τῶν

2126 1899 2268 1959 Iesu,
2293 1902 2354 1950 ut
2380 1891 2628 1949 ﬁdelium
2658 1891 2924 1949 Ecclesiae
2953 1891 3178 1949 indicet.

404 1987 610 2043 πιστῶν
643 1981 975 2055 Ἐκκλησίας
1003 1981 1240 2062 δηλώσῃ.

497 2093 526 2130 (ι
551 2069 688 2132 ⁰Οτι
721 2072 788 2131 τὰ
835 2070 972 2130 αὐτὰ
1017 2071 1238 2131 ἐπάθετε
1269 2070 1362 2130 καὶ
1404 2074 1554 2150 ὓμεῖς
1596 2072 1698 2131 ὕπὸ
1727 2075 1833 2133 τῶν
1863 2075 2007 2136 ἰδίων

405 2165 782 2240 συμφυλετῶν,
829 2159 1007 2230 καθὼς
1051 2161 1143 2220 καὶ
1180 2160 1329 2220 αὐτοὶ
1361 2160 1461 2220 ὑπὸ
1500 2164 1606 2220 τῶν
1636 2160 1933 2226 Ἰουδαίων.
1969 2187 1998 2223 ιι

411 2252 594 2324 Πολλὴ
642 2257 676 2324 ἡ
727 2250 1062 2334 παραμυθία.
1119 2253 1186 2313 Εἰ
1240 2249 1344 2331 γὰρ
1390 2253 1438 2310 οἱ
1468 2250 1721 2313 Ἰουδαῖοι
1772 2255 2010 2326 ζηλωταί

405 2348 497 2403 τοῦ
557 2341 810 2423 πατρῴου
861 2341 1058 2420 νόμου,
1126 2338 1266 2410 ἅπαξ
1336 2339 1714 2408 πιστεύσαντες
1775 2350 2010 2404 τοσαῦτα

407 2433 722 2510 ὑπέμειναν,
767 2430 921 2512 πόσῳ
953 2431 1160 2510 μᾶλλον
1206 2430 1351 2504 ὑμεῖς
1399 2429 1671 2515 ὀρείλετε,
1704 2433 1787 2490 Οὐ
1825 2435 2011 2515 μικρὸν

410 2521 466 2582 δὲ
525 2521 812 2600 τεκμήριον
871 2511 962 2580 καὶ
1023 2525 1118 2580 τοῦ
1173 2518 1363 2592 ἀληθὲς
1406 2511 1538 2578 εἶναι
1607 2520 1667 2580 τὸ
1735 2511 2010 2602 κήρυγμα,

411 2611 473 2670 τὸ
517 2610 810 2678 Ἰουδαίους
863 2613 1099 2670 τοσαῦτα
1147 2613 1335 2668 παθεῖν
1378 2607 1511 2690 ὑπὲρ
1560 2611 1757 2689 αὐτοῦ,
1813 2611 1841 2670 ὃ
1888 2615 2014 2693 πρὶν

415 2699 658 2761 ἐδίωκον.

493 2819 518 2843 ιι
565 2792 690 2852 Τῶν
743 2787 836 2850 καὶ
887 2789 977 2850 τὸν
1026 2787 1222 2871 Κύριον
1255 2787 1686 2848 ἀποκτεινάντων
1724 2791 1957 2863 Ἰησοῦν.
1995 2818 2018 2842 υ

415 2881 527 2943 Καὶ
555 2879 609 2940 τί
659 2879 1001 2956 θαυμαστὸν,
1052 2881 1096 2938 εἰ
1148 2877 1267 2946 τοὺς
1317 2877 1655 2960 συμφυλέτας
1711 2881 2018 2954 ἐκάκωσαν,

414 2970 547 3031 ὅπου
573 2993 634 3050 γε
678 2969 771 3029 καὶ
803 2969 892 3029 τὸν
928 2968 1125 3048 Κύριον
1161 2967 1515 3040 aiat-iactemur;
1547 2967 1696 3048 ⁰Ορα
1730 2969 1785 3028 δὲ
1815 2969 2019 3044 πηλίκη

413 3059 728 3142 παραμυθία
778 3058 839 3117 τὸ
895 3059 1160 3118 κοινωνεῖν
1203 3060 1280 3140 τῷ
1339 3060 1561 3140 Χριστῷ
1605 3063 1708 3118 τῶν
1757 3061 2020 3138 παθημά-

2189 2077 2329 2145 Quia
2366 2075 2548 2132 cadent
2575 2077 2729 2146 passi
2755 2076 2879 2130 estis
2909 2079 2960 2130 et
2987 2089 3077 2131 vos
3119 2091 3154 2130 a
3179 2078 3417 2147 propriis
3451 2080 3722 2136 contribu-

2120 2169 2286 2235 iibus,
2309 2169 2451 2223 sicut
2476 2170 2526 2222 et
2552 2167 2662 2236 ipsi
2689 2181 2724 2218 a
2749 2165 2972 2221 Judteis.
3005 2166 3204 2237 Magna
3235 2165 3363 2222 hinc
3391 2169 3718 2227 consolatio.

2118 2257 2173 2313 Si
2211 2255 2363 2313 enim
2391 2254 2572 2311 Judaei
2605 2254 2801 2327 patriae.
2831 2254 2966 2326 legis
3007 2255 3382 2325 aemulatores,
3432 2266 3722 2332 postquam

2119 2345 2287 2403 semel
2318 2343 2670 2413 crediderint,
2692 2352 2845 2401 tanta
2866 2352 2995 2401 sunt
3024 2345 3284 2416 perpessi,
3309 2355 3515 2418 quanto
3544 2349 3726 2421 potius

2122 2451 2219 2492 vos
2245 2434 2488 2492 debetis?
2524 2436 2651 2490 Non
2691 2433 2952 2506 exiguum
2983 2442 3168 2490 autem
3199 2445 3592 2507 argumentum
3622 2447 3725 2508 est,

2123 2541 2319 2582 verum
2364 2539 2481 2580 esse
2527 2523 2804 2595 Evangelii
2845 2523 3008 2594 511
3058 2525 3311 2593 verbum,
3355 2525 3502 2597 quod
3546 2527 3727 2584 Judaei

2124 2622 2272 2671 tanta
2294 2613 2575 2686 patiantur
2593 2619 2818 2684 propter
2838 2612 2894 2670 id
2911 2611 3062 2685 quod
3081 2621 3212 2670 ante
3233 2614 3726 2688 persequebantur.

2197 2799 2383 2854 Vens.
2442 2802 2528 2852 15.
2579 2796 2688 2865 Qui
2735 2799 2786 2851 et
2829 2797 3118 2852 Dominum
3179 2797 3481 2854 occiderunt
3529 2801 3728 2857 Iesum.

2129 2887 2271 2957 Quid
2307 2887 2537 2957 mirum,
2580 2886 2626 2942 si
2657 2885 2994 2942 contribules
3025 2901 3159 2944 suos
3186 2886 3528 2956 afﬂixerunt,
3559 2907 3734 2962 quan-

2126 2975 2425 3049 doquidem
2478 2983 2534 3032 et
2582 2974 2887 3032 Dominum
2939 2975 3296 3032 occiderunt?
3336 2977 3733 3036 Animadverte

2129 3073 2315 3122 autem
2345 3065 2522 3139 qualis
2555 3065 2628 3121 sit
2660 3063 2988 3132 consolatio,
3029 3066 3357 3138 participem
3385 3067 3505 3123 ﬁeri
3531 3067 3736 3126 Christi

411 3173 542 3212 των.
591 3147 818 3257 Areum}
868 3149 1084 3216 Παῦλος
1133 3147 1218 3207 ἀεὶ
1260 3149 1314 3207 ἐν
1362 3148 1468 3216 τοῖς
1511 3157 1831 3228 πειρασμοῖς
1872 3157 2024 3210 τοῦτο

2132 3155 2512 3212 aiﬂictionum.
2575 3157 2873 3227 Propterea
2923 3154 3133 3222 Paulus
3187 3171 3408 3228 semper
3471 3157 3621 3215 istud
3683 3159 3740 3214 in

415 3240 654 3322 ἐπιφέρει
689 3238 759 3299 ⁴¹.

507 3352 538 3389 (ι
571 3327 680 3390 Καὶ
705 3325 825 3397 τοὺς
871 3325 1033 3394 ἰδίους
1066 3325 1362 3410 προφήτας.
1411 3349 1440 3385 »
1479 3325 1619 3388 Ἀλλ’
1649 3330 1758 3410 ἐρεῖ
1805 3351 1905 3401 τις,
1939 3351 2020 3389 οτι

416 3419 506 3479 τὸν
543 3417 733 3500 Κύριον
779 3417 1074 3500 ἠγνόησαν.
1108 3407 1195 3478 Τί
1223 3407 1346 3490 οἷν-ς
1376 3415 1495 3497 οὐχὶ
1536 3415 1654 3484 τοὺς
1679 3407 1845 3485 ἰδίους
1887 3441 2021 3497 προ-

420 3509 591 3590 φήτας
620 3498 936 3586 ἐγίνωσκον,
965 3498 1038 3567 ὧν
1069 3508 1157 3566 καὶ
1189 3506 1256 3565 τὰ
1291 3505 1476 3584 βιϐλία
1507 3505 1878 3588 περιφέρουσι;
1911 3512 2022 3575 πῶς

419 3591 508 3658 οὖν
539 3601 630 3659 καὶ
660 3598 880 3665 τούτους
927 3597 1276 3668 ἀπέκτειναν,
1309 3593 1488 3655 "ﬂata
1537 3597 1696 3667 δῆλον
1745 3596 1826 3654 ὅτι
1873 3597 2023 3656 οὐδὲν

421 3693 661 3749 ποιοῦσιν
733 3691 803 3756 ὡς
857 3689 1131 3760 ζηλοῦντες
1178 3684 1312 3765 ὑπὲρ
1377 3689 1471 3757 τῆς
1536 3684 1821 3760 ἀληθείας,
1884 3684 2024 3745 ἀλλὰ

427 3780 628 3856 μᾶλλον
661 3778 804 3838 κατὰ
831 3782 925 3852 τῆς
953 3775 1202 3850 ἀληθείας
1228 3778 1539 3843 λυττῶντες.

509 3987 532 4010 κ
569 3958 677 4020 Καὶ
709 3962 852 4033 ἡμᾶς
875 3956 1259 4027 ἐκδιωξάντων.
1297 3984 1320 4008 ι
1351 3953 1492 4024 Τοὺς
1533 3954 1880 4028 ἀποστόλους,
1909 3954 2027 4022 τοὺς

432 4048 781 4115 διδασκάλους
812 4050 986 4126 ὑμῶν.
1021 4051 1116 4108 Δεῖ
1147 4037 1248 4106 οὖν
1272 4049 1407 4124 ὑμᾶς
1440 4042 1558 4111 τοὺς
1594 4042 1868 4125 μαθητὰς,
1899 4045 2029 4126 πρὸς

430 4137 498 4196 τὰ
526 4137 940 4219 παραδείγματα
976 4134 1410 4208 ἀποϐλέποντας,
1444 4133 1644 4216 φέρειν.

513 4254 538 4280 α
572 4213 683 4288 Καὶ
874 4224 950 4302 μὴ
977 4225 1333 4305 ἀρεσκόντων.
1367 4250 1391 4276 ι
1427 4213 1552 4290 Πῶς
1577 4222 1678 4303 γὰρ
1707 4221 1950 4304 ἀρέσκειν
1971 4213 2028 4281 οὗ

431 4316 517 4376 τὸν
574 4315 704 4378 Υἱὸν
763 4314 1110 4388 ἀπέκτειναν,
1171 4312 1294 4381 τοὺς
1346 4312 1618 4396 προφήτας
1677 4311 2032 4392 προαποκτεί-

431 4426 645 4484 ναντεςς

517 4523 543 4548 α
586 4493 694 4557 Καὶ
751 4503 917 4554 πᾶσιν
988 4491 1288 4574 ἀνθρώποις
1357 4491 1607 4550 ἐναντίων
1626 4537 1644 4567 ,
1723 4490 2034 4552 κωλυόντων

2131 3244 2529 3303 tentationibus
2557 3243 2740 3301 infert.

2213 3339 2276 3392 Et
2296 3337 2550 3409 proprios
2566 3335 2882 3406 prophetas.
2914 3335 2991 3390 At
3016 3333 3168 3391 dicet
3195 3335 3411 3408 aliquis,
3439 3337 3589 3410 quod
3623 3340 3740 3396 Do-

2137 3424 2351 3481 minum
2383 3424 2778 3497 ignoraverint,
2808 3439 2988 3498 neque
3013 3426 3388 3498 cognoverint.
3435 3427 3580 3496 Quid
3609 3436 3731 3485 tum

2137 3515 2362 3586 postea?
2420 3515 2616 3569 Nonne
2675 3511 2974 3584 prophetas
3035 3529 3171 3570 suos
3225 3525 3444 3582 norant,
3497 3533 3737 3588 quorum

2136 3603 2306 3659 libros
2347 3602 2512 3658 etiam
2542 3600 2973 3658 circumferunt?
3007 3602 3304 3674 Quomodo
3346 3604 3512 3676 igitur
3539 3613 3594 3661 et
3637 3606 3740 3662 hos

2138 3691 2492 3749 occiderunt?
2539 3692 2723 3761 Quare
2771 3690 2999 3762 planum
3049 3699 3154 3759 est,
3203 3692 3357 3765 quod
3397 3691 3530 3749 nihil
3575 3705 3742 3768 agant

2136 3781 2300 3838 veluti
2330 3780 2659 3838 aamulantes
2697 3796 2796 3852 pro
2825 3779 3073 3849 veritate,
3101 3780 3202 3837 sed
3226 3790 3418 3838 contra
3445 3783 3732 3842 veritatem

2141 3872 2324 3944 potius
2353 3870 2716 3926 insanientes.

2210 3965 2280 4017 Et
2303 3977 2398 4018 nos
2418 3962 2690 4032 persecuti
2707 3963 2853 4015 sunt.
2878 3959 3197 4032 Apostolos,
3224 3959 3483 4020 doctores
3503 3972 3739 4024 vestros.

2140 4053 2377 4124 Oportet
2431 4050 2597 4124 igitur
2657 4064 2756 4106 vos
2811 4047 3131 4122 discipulos,
3189 4049 3263 4107 ad
3318 4049 3438 4109 haec
3492 4056 3743 4128 exempla

2146 4139 2447 4214 deﬁgentes
2476 4139 2688 4208 oculos,
2717 4139 2940 4211 patienti
2968 4139 3156 4196 animo
3184 4139 3377 4198 isthaec
3407 4139 3576 4201 ferre.

2211 4234 2283 4287 Et
2329 4235 2435 4288 Deo
2480 4246 2590 4285 non
2632 4231 2866 4301 placent.
2908 4229 3202 4300 Quomodo
3244 4231 3398 4288 enim
3433 4232 3480 4289 ei
3528 4234 3745 4306 placere

2141 4327 2365 4393 queant,
2406 4321 2565 4392 cujus
2596 4319 2795 4375 Filium
2829 4318 3176 4390 occiderunt,
3208 4336 3273 4377 ac
3297 4321 3412 4394 iam
3437 4323 3571 4380 olim
3614 4341 3744 4397 pro-

2146 4409 2334 4482 phetas
2353 4408 2523 4465 etiam
2557 4408 2990 4465 interemerunt?

2217 4502 2397 4556 Vens.
2459 4504 2546 4555 16.
2592 4502 2665 4556 Et
2717 4499 2966 4554 omnibus
3009 4499 3309 4557 hominibus
3355 4501 3742 4571 adversantur,

434 4590 578 4660 ἡμᾶς
623 4585 862 4656 λαλῆσαι
893 4592 1000 4652 τοῖς
1049 4559 1281 4655 ἔθνεσιν,
1327 4578 1417 4640 ἵνα
1478 4559 1742 4663 σωθῶσιν.
1778 4607 1802 4634 ιο
1830 4582 1900 4642 Εἰ
1929 4579 2034 4663 γὰρ

2142 4589 2491 4660 prohibentes
2511 4602 2604 4644 nos
2625 4589 2873 4658 gentibus
2898 4589 3050 4658 loqui
3055 4630 3068 4650 ,
3089 4593 3150 4643 ut
3169 4591 3311 4644 salvi
3324 4593 3482 4660 fiant.
3505 4559 3563 4649 Si
3591 4559 3743 4652 enim

436 4681 503 4756 τῇ
534 4673 814 4753 οἰκουμένῃ
843 4674 922 4732 δεῖ
964 4675 1200 4745 λαλῆσαι
1241 4670 1312 4730 τὰ
1353 4669 1620 4750 σωτήρια,
1649 4661 1791 4730 οὗτοι
1822 4671 1877 4729 δὲ
1927 4661 2037 4730 auo-

434 4764 654 4836 λύουσι,
704 4763 868 4824 κοινοὶ
908 4763 1012 4842 ἄρα
1041 4766 1137 4833 τῆς
1183 4758 1495 4838 οἰκουμένης
1525 4758 1706 4839 ἐχθροί
1749 4761 1872 4821 εἰσι.
1924 4761 2039 4820 Βα-

440 4852 631 4914 σκανία
679 4852 784 4934 γὰρ
857 4850 1254 4934 ἀνυπέρϐλητος
1328 4851 1387 4909 τὸ
1455 4853 1522 4930 τῇ
1581 4851 1731 4930 κοινῇ
1797 4848 2038 4931 σωτηρίᾳ

441 4942 762 5021 ἐμποδίζειν.

524 5056 557 5089 ιι
592 5034 685 5100 Εἰς
717 5031 775 5092 τὸ
805 5033 1196 5114 ἀναπληρῶσαι
1236 5031 1411 5091 αὑτῶν
1443 5027 1535 5096 τὰς
1587 5027 1854 5110 ἁμαρτίας
1898 5028 2040 5088 ποίν-

439 5145 576 5183 τοτε.
605 5146 636 5178 ν
667 5123 857 5182 Ταῦτα
877 5119 932 5180 δὲ
957 5165 972 5190 ,
1003 5119 1156 5202 φησί,
1190 5119 1282 5179 καὶ
1305 5119 1469 5178 πάλιν
1491 5118 1580 5178 ἐπὶ
1604 5121 1709 5176 τῶν
1732 5121 2041 5200 προφητῶν,

441 5211 533 5272 καὶ
587 5210 805 5291 ὕστερον
838 5209 929 5271 ἐπὶ
981 5210 1237 5291 Χριστοῦ,
1289 5207 1381 5268 καὶ
1434 5205 1514 5288 ἐφ’
1561 5211 1715 5285 ἡμῶν
1769 5205 2038 5287 ἔπραξαν,

439 5298 531 5361 ἵνα
571 5299 879 5362 δεικνύωσιν
909 5299 1126 5367 ἑαυτοὺς
1154 5298 1224 5359 τὰ
1251 5297 1559 5358 τελειότατα
1603 5295 2042 5378 ἁμαρτάνοντας,

2148 4678 2407 4735 universo
2450 4685 2724 4734 terrarum
2760 4676 2883 4732 orbi
2917 4675 3066 4733 salus
3094 4678 3475 4736 annuntianda
3517 4689 3618 4750 est,
3667 4684 3748 4740 illi

2144 4773 2330 4823 autem
2379 4766 2697 4840 prohibent,
2736 4780 3065 4821 communes
3110 4766 3262 4822 orbis
3305 4774 3576 4826 terrarum
3620 4781 3750 4830 sunt

2149 4857 2362 4914 hostes.
2409 4859 2510 4913 Est
2549 4855 2706 4912 enim
2735 4854 3029 4914 invidentia
3057 4855 3353 4924 immensa,
3393 4875 3748 4921 communem

2147 4947 2385 5004 salutem
2415 4945 2700 5018 impedire.

2142 5077 2149 5090 ρ
2228 5039 2296 5092 Ut
2326 5036 2588 5106 impleant
2618 5039 2846 5106 peccata
2880 5049 2982 5090 sua
3007 5050 3235 5106 semper.
3276 5038 3410 5094 Haec
3447 5045 3629 5096 autem
3662 5040 3749 5097 in-

2151 5125 2291 5198 quit,
2333 5124 2454 5198 jam
2487 5125 2624 5181 olim
2655 5124 2712 5180 in
2751 5123 3048 5196 prophetis,
3081 5133 3135 5180 et
3163 5125 3392 5198 posthac
3421 5127 3478 5183 in
3505 5129 3748 5200 Christo,

2149 5222 2320 5288 atque
2368 5211 2510 5271 adeo
2553 5214 2608 5269 in
2650 5211 2810 5270 nobis
2838 5222 3181 5286 peregerunt,
3224 5221 3287 5270 ut
3329 5215 3620 5274 ostendant
3659 5235 3751 5276 se-

2151 5304 2302 5376 ipsos
2326 5301 2725 5377 perfectissime
2749 5317 3000 5375 peccare,
3025 5302 3413 5378 pervenireque
3436 5306 3504 5363 ad
3530 5307 3752 5380 plenam

444 5389 537 5452 καὶ
595 5389 884 5471 φθάνοντας
957 5391 1018 5452 τὸ
1075 5390 1274 5472 πλῆρες
1305 5387 1496 5470 μέτρον
1553 5389 1650 5458 τῆς
1709 5385 1901 5454 κακίας
1952 5387 2039 5447 καὶ

2154 5401 2213 5451 et
2238 5409 2522 5451 summam
2549 5391 2774 5452 malitiae
2801 5407 3144 5450 mensuram.

449 5481 768 5563 ἀκρότατον.

520 5575 544 5605 τ
584 5572 754 5627 Rom.
784 5585 850 5642 κ,
883 5575 969 5626 14.

1848 5646 2043 5708 Variae
2086 5647 2390 5708 lectiones.

523 5741 564 5778 ³⁸
593 5741 836 5814 περιφέρει
857 5756 914 5798 0.
