4104 6464
413 481 548 534 i297

1265 477 1618 535 EXPOSITIO
1658 478 1724 534 IN
1763 475 1971 533 EPIST.
2012 475 2032 532 1
2069 477 2162 532 ΑΙ)
2200 476 2429 534 THESS.
2471 507 2540 520 —
2578 479 2728 535 CAP.
2771 481 2856 536 Ill.

3581 484 3718 538 1298

408 605 498 679 τὸ,
520 628 551 660 α
582 603 938 684 Καυχήσεως.
963 625 994 662 ›)
1030 603 1153 686 Ἐφ’
1174 606 1298 682 ὑμῖν
1323 605 1450 684 γὰρ,
1480 597 1663 685 φησὶν,
1687 601 1907 678 ἐλπίζω,
1925 600 2008 661 ὅτι

2115 598 2392 659 fervorem
2419 602 2706 672 indicaret,
2736 604 2831 663 sed
2859 605 3134 678 apposuit,
3171 607 3542 664 GIor-iationis.
3576 610 3714 664 Pro-

407 693 711 777 παῤῥησίας
741 693 980 761 πλείονος
1020 692 1170 774 παρὰ
1207 695 1433 776 Χριστῷ
1459 692 1712 770 τεύξομαι
1744 692 1813 752 δι’
1839 696 2000 770 ὑμᾶς,

407 783 501 842 καὶ
529 783 703 865 χαίρω
745 783 814 842 δι’
839 783 968 842 αὐτὸ
1007 787 1185 856 τοῦτο,
1220 782 1300 843 ὅτι
1328 782 1582 864 στέφανός
1611 805 1726 860 μοι,
1759 781 1849 842 καὶ
1882 784 2004 844 στέ-

406 897 566 950 φανος
607 873 945 953 καυχήσεως,
997 871 1238 933 τουτέστι
1281 873 1433 947 δόξης
1474 875 1755 952 λαμπρᾶς,
1789 873 1881 932 καὶ
1914 878 2002 932 νῦν

407 965 547 1038 ἐστε,
577 964 668 1024 καὶ
691 963 812 1024 τότε
846 962 1048 1024 ἔσεσθε.

489 1170 512 1193 ιι
543 1141 622 1203 Ἢ
669 1142 787 1222 οὐχὶ
830 1141 921 1201 καὶ
954 1144 1105 1220 ὑμεῖς
1134 1140 1434 1221 ἔμπροσθεν
1477 1147 1572 1202 τοῦ
1621 1141 1817 1222 Κυρίου
1848 1146 2003 1222 ἡμῶν

405 1231 582 1304 Ἰησοῦ
631 1221 863 1311 Χριστοῦ
911 1233 964 1290 ἐν
1021 1235 1089 1313 τῇ
1134 1232 1401 1313 παρουσίᾳ
1455 1234 1648 1305 αὐτοῦ,
1684 1221 1716 1285 ιθ
1746 1232 1820 1293 Τί
1874 1221 1997 1304 οὖν,

405 1323 821 1403 Θεσσαλονικεῖς
873 1322 1002 1379 εἰσιν
1050 1320 1281 1403 ἡῌέλπίς
1331 1344 1449 1398 σου,
1500 1321 1732 1403 μακάριε
1794 1322 2002 1394 Παῦλε;

404 1413 528 1492 Οὐχ
555 1402 696 1472 οὗτοι
722 1409 896 1487 μόνοι.
931 1410 1028 1472 Διὸ
1071 1399 1214 1470 εἶπεο
1244 1435 1273 1467 α
1299 1411 1408 1470 Καὶ
1445 1416 1609 1489 ὖμεῖς,
1633 1399 1669 1470 ι)⁷
1702 1409 1903 1479 δεικνὺς
1925 1411 2005 1470 ὅτι

406 1504 499 1560 καὶ
528 1500 682 1560 ἄλλοι
713 1492 873 1574 ἦσαν.

482 1616 506 1641 ι
539 1589 728 1668 ⁶Υμεῖς
749 1590 853 1670 γάρ
881 1591 997 1650 ἐστε
1027 1595 1061 1662 ἡ
1085 1589 1208 1658 δόξα
1231 1594 1386 1667 ἡμῶν
1414 1589 1508 1650 καὶ
1539 1597 1573 1664 ἡ
1599 1591 1767 1673 χαρά.
1793 1620 1819 1645 υ
1844 1591 1997 1664 Πόση

403 1678 507 1758 γὰρ
536 1679 682 1753 δόξα,
713 1679 774 1738 τὸ
806 1679 1070 1751 τοσαύτην
1098 1679 1429 1754 Ἐκκλησίαν
1459 1685 1820 1763 προσαγαγεῖν
1863 1684 1997 1763 Χρι-

402 1772 536 1850 στῷ,
569 1769 659 1829 καὶ
684 1767 851 1837 οὕτως
875 1768 1155 1846 εὐδόκιμον
1177 1774 1191 1828 l

981 1904 1276 1964 ΚΕΦΑΛ.
1314 1903 1400 1965 Γ’.

478 2065 504 2094 «ι
554 2038 652 2100 Διὸ
720 2038 914 2115 μηκέτι
969 2037 1268 2116 στέγοντες,
1321 2038 1685 2116 εὖδοκήσαμεν
1739 2041 1996 2098 καταλει-

397 2131 589 2209 φθῆναι
643 2132 695 2188 ἐν
743 2127 982 2200 Ἀθήναις
1035 2127 1207 2206 μόνοι.
1267 2155 1292 2182 ι
1340 2127 1478 2188 Ἀντὶ
1543 2133 1654 2203 τοῦ,
1702 2127 1995 2208 Εἱλόμεθα,

396 2218 489 2277 καὶ
522 2216 934 2300 προεκρίναμεν.

481 2336 503 2362 α
552 2308 664 2368 Καὶ
710 2307 1034 2388 ἐπέμψαμεν
1084 2309 1346 2384 Τιμόθεον
1398 2307 1487 2367 τὸν
1530 2307 1754 2390 ἀδελφὸν
1807 2311 1994 2386 ἡμῶν,

396 2397 490 2459 καὶ
547 2398 788 2457 διάκονον
851 2401 946 2456 τοῦ
1018 2398 1184 2469 Θεοῦ,
1244 2396 1334 2455 καὶ
1410 2398 1660 2477 συνεργὸν
1731 2400 1884 2476 ἡμῶν
1943 2402 1995 2458 ἐν

394 2494 470 2567 τῷ
519 2487 832 2567 Εὖαγγελίῳ
876 2493 969 2546 τοῦ
1022 2489 1274 2567 Χριστοῦ.
1335 2512 1357 2540 ιι
1393 2485 1649 2560 Τοσαύτη
1683 2491 1716 2559 ἡ
1762 2487 1996 2569 μέριμνα

395 2580 469 2658 τῷ
496 2579 630 2658 ἁγίῳ
657 2574 827 2658 τούτῳ
854 2579 960 2634 τῶν
991 2579 1244 2653 μαθητῶν
1265 2622 1281 2652 ,
1315 2575 1454 2635 ὥστε
1486 2576 1643 2649 ἡνίκα
1670 2576 1829 2644 αὐτὸς
1858 2579 1996 2636 ἐκω-

391 2665 546 2726 λύετο
597 2665 898 2745 ἀναγκαίως
943 2665 1288 2746 περιστάσεσί
1340 2690 1501 2744 τισιν,
1560 2666 1768 2747 ἐτέρους
1820 2665 1992 2744 ἔπεμ-

394 2780 490 2816 πεν
542 2756 1018 2833 ἐπισκεπτομένους
1069 2755 1188 2824 τοὺς
1226 2754 1488 2834 μαθητάς.
1541 2759 1717 2817 Τοῦτο
1765 2757 1818 2814 δὲ
1875 2756 1994 2816 τότε

394 2847 610 2920 ἐποίησε
656 2847 746 2906 τὸν
774 2845 1034 2907 Τιμόθεον
1079 2846 1421 2912 ἀποστείλας.
1458 2845 1618 2925 Λέγει
1661 2846 1716 2904 δὲ
1747 2846 1868 2926 περὶ
1901 2849 1995 2904 αὖ·

393 2941 486 2995 τοῦ
514 2940 753 2996 τοσαῦτα
800 2934 1065 3015 ἐγκώμια,
1111 2936 1208 2994 οὐκ
1245 2934 1402 2994 αὐτὸν
1444 2941 1687 2995 τοσοῦτον
1737 2935 1786 2972 Η
1839 2937 1994 2995 ἐπαί-

396 3049 520 3107 ρων,
553 3026 670 3085 ἀλλ’
725 3022 911 3091 αὐτοὺς
962 3025 1162 3103 [τηρῶν
1213 3022 1329 3106 καὶ]
1374 3027 1568 3101 τιμῶν,
1612 3025 1694 3085 ὅτι
1723 3023 1811 3083 τὸν
1853 3023 1995 3084 κατὰ

391 3121 640 3174 τοσοῦτον
684 3112 874 3195 καιρὸν
915 3112 1082 3181 οὕτως
1127 3115 1420 3192 ἀναγκαῖον
1465 3113 1559 3172 τὸν
1608 3114 1855 3194 συνεργὸν
1899 3119 1992 3175 τοῦ

395 3203 727 3284 Εὗαγγελίου
776 3201 1058 3264 ἀπέσπασε
1108 3208 1200 3262 τοῦ
1253 3201 1408 3284 ἔργου
1467 3207 1564 3276 τῆς
1606 3203 1876 3272 διακονίας
1921 3205 1989 3263 δι’

396 3294 600 3360 αὐτούς.

473 3412 499 3436 ι
547 3385 642 3451 Εἷς
693 3382 752 3442 τὸ
797 3382 1042 3464 στηρίξαι
1094 3385 1233 3460 ὓμᾶς
1289 3382 1381 3442 καὶ
1431 3381 1812 3463 παρακαλέσαι
1854 3389 1992 3460 ὑμᾶς

390 3471 514 3553 περὶ
555 3477 648 3545 τῆς
694 3471 924 3538 πίστεως
977 3475 1147 3548 ὑμῶν.
1184 3498 1207 3524 ιι
1253 3470 1482 3545 Ἐπειδὴ
1525 3469 1628 3551 γὰρ
1679 3473 1991 3531 ἐσαλεύοντο

393 3561 480 3623 ἐπὶ
507 3564 584 3643 τῷ
629 3561 975 3641 πειράζεσθαι
1023 3559 1114 3620 τὸν
1157 3559 1514 3629 διδάσκαλον,
1555 3559 1758 3620 ἐδέοντο
1806 3583 1990 3641 στηρι-

389 3656 527 3731 γμοῦ
573 3650 666 3710 καὶ
694 3650 1107 3729 παρακλήσεως,
1142 3651 1213 3716 ὡς
1259 3647 1324 3707 ἂν
1355 3647 1430 3724 μὴ
1471 3647 1736 3707 ἐκπέσωσι
1764 3653 1859 3721 τῆς
1896 3649 1988 3707 πί-

391 3764 573 3807 στεως.
605 3743 688 3801 Οὐ
735 3739 920 3820 μικρὸς
945 3740 1049 3821 γὰρ
1080 3737 1302 3820 θόρυϐος
1342 3745 1451 3804 τοῖς
1496 3741 1759 3815 μαθηταῖς
1805 3741 1854 3798 οἳ
1897 3745 1990 3798 τοῦ

391 3828 715 3890 διδασκάλου
767 3828 1079 3907 πειρασμοὶ,
1139 3832 1209 3896 ὡς
1261 3823 1354 3886 καὶ
1405 3826 1760 3908 στρατιώταις
1802 3828 1862 3888 τὸ
1898 3827 1989 3887 τὸν

390 3918 690 4001 στρατηγὸν
719 3922 1004 3997 τρωθῆναι.

471 4035 496 4062 α
546 4011 646 4090 Τῷ
676 4005 878 4086 μηδένα
926 4007 1202 4068 σαίνεσθαι
1247 4008 1298 4065 ἓν
1331 4006 1382 4046 ⁴⁵
1424 4005 1632 4086 θλίψεσι
1679 4006 1913 4076 ταύταις.
1964 4036 1988 4062 ι

389 4097 712 4179 Ἓρμηνεύει
741 4101 864 4170 νῦν,
892 4096 943 4156 τί
975 4096 1197 4175 ἔμελλεν
1229 4094 1418 4163 αὐτοὺς
1457 4096 1734 4178 ὠφελῆσαι
1773 4102 1803 4157 ὃ
1841 4099 1988 4178 παρὰ

390 4195 481 4248 τοῦ
497 4185 763 4262 ’Τιμοθέου
793 4186 1111 4268 στηριγμός’
1140 4186 1235 4246 καί
1260 4209 1418 4268 φησιν
1436 4229 1453 4258 ,
1487 4185 1568 4247 ὅτι
1591 4185 1653 4244 τὸ
1670 4229 1688 4260 ,
1719 4187 1988 4260 «Μηδένα

388 4276 692 4349 σαίνεσθαι,
733 4297 762 4333 ι)
807 4275 1052 4336 τουτέστι
1103 4274 1481 4356 θορυϐεῖσθαι,
1543 4279 1871 4354 χαυνοῦσθαι
1935 4279 1987 4334 ἐν

387 4374 494 4434 τοῖς
523 4367 670 4445 ἐμοῖς
705 4365 1044 4446 πειρασμοῖς.
1075 4363 1145 4425 Ὁ
1187 4363 1293 4444 γὰρ
1345 4363 1592 4432 διάϐολος
1615 4365 1832 4425 ἐπειδὰν
1858 4365 1987 4446 εὕρῃ

387 4454 570 4536 καιρὸν
621 4463 940 4537 πειρασμοῦ,
973 4453 1148 4513 σαίνει
1198 4453 1319 4521 τοὺς
1375 4454 1728 4533 ἀστηρίκτους
1853 4458 1986 4514 ὑπο-

388 4545 577 4622 μνήσει
622 4549 717 4617 τῆς
769 4545 1028 4618 ἀνέσεως,
1077 4545 1148 4610 ὡς
1194 4541 1260 4602 ἂν
1314 4541 1711 4615 ἀποπηδήσωσι
1751 4550 1846 4604 τοῦ
1891 4547 1985 4603 λυο

381 4640 623 4702 ποῦντος.
646 4633 798 4716 Τινὲς
827 4633 883 4693 δὲ
903 4633 993 4707 τὸ,
1027 4660 1051 4686 ιι
1081 4631 1390 4705 Σαίνεσθαι,
1417 4657 1442 4686 ν
1472 4633 1591 4691 ἀντὶ
1619 4637 1712 4692 τοῦ
1735 4677 1751 4706 ,
1784 4633 1986 4716 ταράσ-

386 4729 593 4797 σεσθαι,
630 4714 776 4784 εἷπον
809 4729 1062 4796 τεθῆναι,
1109 4723 1171 4781 ἐκ
1202 4730 1507 4801 μεταφορᾶς
1534 4723 1639 4780 τῶν
1669 4725 1839 4781 κυνῶν
1862 4714 1985 4783 τῶν

383 4813 477 4881 τὰς
513 4812 670 4894 οὐρὰς
697 4811 1074 4894 ταρασσόντων
1098 4812 1154 4869 ἐν
1195 4813 1273 4891 τῷ
1303 4809 1525 4869 σαίνειν.

465 4929 490 4955 α
526 4903 688 4962 Αὐτοὶ
716 4903 822 4983 γὰρ
845 4902 1046 4973 οἴδατε,
1080 4898 1257 4967 ὄτιεῖς
1282 4904 1442 4960 τοῦτο
1479 4898 1762 4978 κείμεθα.»
1803 4899 1984 4960 Ἀκού-

387 5015 588 5071 σωμεν,
618 4991 698 5051 ὅτι
727 4992 775 5051 οἳ
815 4988 1131 5071 Χριστιανοὶ
1163 4991 1236 5057 εἷς
1263 4987 1323 5047 τὸ
1351 4987 1625 5048 θλίϐεσθαι
1650 4996 1872 5049 κεῖνται·
1921 4991 1982 5048 οὐ

387 5079 489 5161 γὰρ
535 5079 657 5162 περὶ
706 5084 814 5140 τῶν
851 5080 1161 5140 ἀποστόλων
1207 5077 1381 5155 μόνων
1429 5082 1628 5138 ταῦτα.
1689 5079 1787 5144 Εἷς
1828 5083 1983 5138 τοῦτο

386 5162 476 5228 οὖν
514 5169 566 5208 ⁴⁶
595 5168 866 5250 ταγέντες,
920 5167 971 5227 τί
999 5167 1180 5227 καινὸν
1238 5169 1285 5226 εἰ
1333 5165 1658 5243 θλιϐόμεθα;
1703 5164 1874 5226 ⁰Ωστε
1922 5169 1982 5226 οὔ

390 5258 548 5336 μόνον
583 5258 671 5318 ἐπὶ
707 5266 816 5326 τοῖς
843 5259 1168 5337 παρελθοῦσι
1213 5258 1533 5338 πειρασμοῖς
1567 5254 1865 5337 ἀταράχους
1907 5258 1987 5316 δεῖ

391 5348 565 5426 μένειν
591 5353 770 5426 ἡμᾶς,
811 5347 954 5407 ἀλλὰ
982 5345 1072 5406 καὶ
1100 5346 1188 5407 ἐπὶ
1215 5346 1323 5413 τοῖς
1366 5345 1646 5425 μέλλουσι·
1683 5350 1838 5406 τοῦτο
1883 5344 1987 5427 γὰρ

387 5444 516 5518 ἡμῖν
548 5438 877 5515 οἰκειότερον.

473 5551 504 5585 α
565 5527 676 5589 Καὶ
723 5527 828 5609 γὰρ
886 5524 975 5586 ὅτε
1027 5525 1156 5608 πρὸς
1213 5528 1354 5605 ὑμᾶς
1408 5515 1569 5603 ἦμεν,
1631 5523 1990 5606 προελέγομεν

389 5621 512 5698 ὑμῖν
562 5615 642 5676 ὅτι
699 5617 961 5697 μέλλομεν
1014 5616 1319 5691 θλίϐεσθαι,
1365 5613 1538 5684 καθὼς
1601 5614 1694 5675 καὶ
1752 5615 1990 5694 ἐγένετο,

2028 1913 2078 1978 Β

2013 4510 2064 4575 D

2114 698 2234 763 pter
2275 708 2374 749 vos
2401 693 2572 762 enim,
2611 692 2810 767 inquit,
2848 709 3030 768 spero,
3063 694 3214 768 quod
3257 697 3525 768 majorem
3565 696 3706 753 ﬁdu-

2111 779 2257 838 ciam
2316 791 2373 838 et
2413 783 2721 841 libertatem
2784 786 3067 842 nanciscor
3120 786 3284 842 vestri
3338 803 3504 843 causa
3561 785 3706 858 apud

2113 870 2412 941 Christum,
2456 881 2621 946 atque
2661 874 2734 930 ob
2775 890 2898 931 eam
2926 890 3154 931 causam
3195 875 3369 946 laetor,
3402 875 3553 948 quod
3583 876 3709 933 sitis

2113 976 2318 1017 corona
2348 962 2508 1026 mihi,
2540 971 2595 1019 et
2631 979 2832 1020 corona
2873 964 3230 1038 gloriationis,
3261 964 3368 1022 hoc
3403 973 3488 1020 est
3524 965 3708 1036 splen-

2111 1048 2260 1107 dida:
2279 1051 2489 1124 gloriae,
2518 1060 2574 1109 et
2595 1051 2686 1109 hic
2711 1053 2842 1110 estis
2855 1053 2972 1125 jam
2991 1070 3158 1122 nunc,
3177 1054 3438 1127 eritisque
3458 1053 3703 1126 posthac.

2181 1142 2367 1197 Nonne
2405 1146 2456 1196 et
2487 1158 2580 1196 vos
2609 1158 2788 1198 coram
2822 1146 3045 1199 Domino
3078 1148 3263 1199 nostro
3291 1147 3418 1200 Jesu
3463 1145 3702 1206 Christo,

2110 1231 2168 1284 in
2218 1231 2456 1286 adventu
2500 1234 2715 1302 ipsius?
2754 1233 2900 1306 Quid
2950 1233 3150 1306 igitur?
3187 1233 3710 1290 Thessalonicenses

2116 1333 2242 1390 spes
2283 1328 2377 1376 tua
2420 1330 2567 1389 sunt,
2614 1322 2772 1380 beate
2819 1325 3018 1380 Paule?
3062 1326 3190 1380 Non
3231 1323 3320 1379 isti
3364 1323 3464 1380 soli
3524 1342 3539 1380 :
3584 1321 3708 1379 ideo

2115 1409 2334 1480 adjecit,
2367 1415 2439 1467 Et
2465 1428 2577 1478 eos,
2609 1413 2902 1470 ostendens
2938 1413 3086 1486 quod
3113 1422 3170 1470 et
3195 1413 3285 1469 alii
3311 1412 3529 1469 fuerint.

2187 1591 2291 1646 Vos
2331 1594 2471 1646 enim
2508 1594 2636 1647 estis
2663 1593 2842 1662 gloria
2868 1597 3056 1649 nostra
3086 1598 3137 1649 et
3166 1595 3449 1662 gaudium.
3491 1594 3709 1662 Quanta

2106 1678 2252 1735 enim
2281 1687 2364 1736 est
2389 1681 2560 1753 gloria
2582 1721 2599 1749 ,
2627 1690 2841 1739 tantam
2876 1691 2933 1739 et
2959 1691 3076 1739 tam
3104 1682 3376 1741 celebrem
3406 1682 3709 1740 Ecclesiam

2108 1767 2378 1828 adducere
2403 1769 2649 1828 Christo!

2617 1902 2783 1976 513
2823 1904 3068 1962 CAPUT
3106 1906 3206 1960 ιιι.

2180 2056 2362 2112 Vrsas.
2412 2063 2460 2112 l.
2494 2059 2719 2128 Propter
2762 2059 2907 2129 quod
2949 2075 3055 2114 non
3084 2061 3410 2114 sustinentes
3447 2060 3706 2130 amplius,

2103 2145 2452 2214 probavimus
2487 2148 2726 2219 relinqui
2764 2149 2993 2205 Athenis
3023 2150 3141 2204 soli.
3184 2147 3247 2205 Id
3278 2157 3380 2216 est,
3414 2148 3702 2221 elegimus,

2106 2241 2270 2306 atque
2300 2234 2669 2293 decrevimus.

2178 2326 2354 2381 Vnns.
2385 2331 2438 2380 2.
2474 2331 2546 2382 Et
2559 2329 2807 2383 misimus
2831 2330 3160 2384 Timotheum
3177 2331 3411 2397 fratrem
3431 2334 3700 2393 nostrum,

2106 2419 2156 2468 et
2178 2417 2491 2471 ministrum
2515 2420 2632 2480 Dei,
2665 2423 2720 2472 et
2743 2423 3134 2489 cooperatorem
3166 2426 3413 2475 nostrum
3439 2422 3496 2474 in
3523 2423 3704 2476 Evan-

2105 2505 2241 2571 gelia
2293 2505 2515 2562 Christi.
2567 2507 2769 2563 Sancto
2817 2508 2904 2563 isti
2955 2516 3104 2564 tanta
3155 2507 3262 2563 fuit
3306 2507 3699 2580 discipulorum

2103 2608 2254 2660 cura,
2311 2603 2372 2650 ut
2418 2595 2464 2650 si
2511 2595 2736 2668 quando
2799 2597 2916 2668 ipse
2979 2597 3336 2669 impediretur
3379 2599 3706 2654 necessariis

2103 2682 2434 2754 quibusdam
2463 2685 2661 2754 causis,
2691 2685 2830 2742 alios
2864 2695 3058 2742 tamen
3099 2687 3364 2754 mitteret,
3399 2687 3489 2758 qui
3533 2687 3702 2745 disci-

2106 2771 2263 2842 pulos
2304 2772 2606 2830 inviserent
2632 2793 2647 2831 :
2681 2774 2787 2831 hoc
2811 2783 2929 2831 tum
2955 2775 3120 2832 etiam
3149 2775 3295 2845 fecit,
3341 2776 3700 2833 Timotheum

2103 2861 2380 2932 ablegans.
2413 2865 2496 2920 De
2523 2878 2590 2921 eo
2619 2872 2806 2921 autem
2832 2873 2981 2920 tanta
3017 2867 3267 2922 encomia
3295 2866 3554 2935 concinit,
3586 2882 3700 2922 non

2101 2957 2319 3008 tantum
2364 2953 2547 3024 ipsum
2589 2954 2877 3023 extollens,
2909 2963 3177 3028 quantum
3209 2956 3358 3028 ipsos
3400 2955 3699 3025 honorans,

2102 3039 2552 3115 quandoquidem
2582 3059 2776 3100 eorum
2799 3060 2966 3100 causa
2989 3052 3150 3101 tanto
3168 3052 3420 3117 tempore
3442 3043 3583 3102 adeo
3601 3059 3700 3101 ne-

2102 3132 2402 3187 cessarium
2440 3134 2714 3206 Evangelii
2755 3142 3174 3208 cooperatorem
3211 3134 3282 3192 ab
3326 3150 3490 3207 opere
3536 3133 3699 3191 mini-

2105 3221 2258 3277 sterii
2283 3221 2560 3279 avulserit.

2173 3383 2268 3438 Ad
2288 3387 2679 3454 conﬁrmandos
2693 3402 2785 3442 vos
2806 3391 2857 3442 et
2869 3388 3234 3443 exhortandos
3250 3403 3354 3457 pro
3373 3387 3480 3457 ﬁde
3495 3392 3696 3442 vestra.

2100 3470 2238 3526 Cum
2274 3481 2702 3530 concuterentur
2741 3475 2814 3531 ob
2840 3474 3176 3532 tentationes
3211 3476 3562 3547 praeceptoris
3590 3476 3702 3543 sui,

2101 3557 2420 3617 fulcimeuto
2477 3569 2535 3617 et
2577 3561 2961 3620 exhortatione
2997 3563 3334 3636 indigebant,
3381 3579 3451 3619 ne
3511 3579 3542 3619 a
3591 3563 3701 3620 ﬁde

2100 3647 2376 3704 excidant.
2419 3652 2546 3706 Non
2588 3651 2738 3706 enim
2778 3651 3055 3707 modicam
3096 3651 3378 3722 discipulis
3413 3651 3698 3723 perturba-

2099 3737 2308 3794 tionem
2360 3740 2716 3812 praaceptoris
2767 3739 3103 3797 tentationes
3150 3740 3422 3813 praebent,
3469 3740 3696 3813 perinde

2099 3842 2163 3883 ac
2187 3827 2456 3885 militibus
2484 3828 2832 3900 imperatoris
2851 3829 3096 3886 vulnera.

2168 4011 2338 4066 Vnus.
2398 4015 2450 4065 3.
2509 4013 2576 4065 Ut
2626 4025 2777 4065 mmo
2823 4015 3104 4065 moveatur
3148 4012 3207 4064 in
3239 4010 3696 4066 tribulationibus

2097 4101 2241 4154 istis.
2296 4099 2538 4171 Exponit
2576 4099 2696 4172 jam
2744 4099 3008 4170 quidnam
3051 4099 3322 4156 allaturus
3371 4099 3506 4171 ipsis
3551 4107 3696 4155 esset

2097 4187 2380 4246 commodi
2421 4205 2522 4245 sua
2558 4188 2980 4246 conﬁrmatione
3012 4187 3338 4246 Timotheus
3371 4207 3383 4246 :
3423 4193 3490 4246 Ut
3516 4205 3690 4253 nemo,

2096 4277 2298 4350 inquit,
2340 4282 2640 4342 moueatur,
2677 4276 2783 4334 hoc
2810 4287 2897 4336 est
2936 4277 3209 4348 turbetur,
3241 4277 3450 4335 laxetur
3477 4278 3534 4334 in
3573 4285 3695 4334 ten-

2095 4367 2397 4424 tationibus
2417 4368 2576 4424 meis.
2606 4369 2752 4424 Nam
2779 4367 3053 4436 diabolus,
3081 4369 3126 4425 si
3145 4368 3415 4425 invenerit
3433 4377 3693 4440 opportu-

2096 4458 2326 4514 nitatem
2369 4457 2706 4526 tentationis,
2734 4457 2923 4514 turbat
2951 4459 3183 4514 minime
3210 4457 3466 4515 ﬁrmatos
3494 4458 3688 4514 remis-

2095 4545 2254 4604 sioris
2287 4548 2413 4603 vitm
2443 4547 2812 4619 suggestione,
2859 4554 2923 4604 ut
2949 4563 2981 4603 a
3018 4546 3182 4603 rebus
3220 4562 3523 4604 maerorem
3551 4545 3692 4603 affe-

2096 4636 2345 4693 rentibus
2379 4635 2642 4693 resilient.
2692 4635 2956 4693 Nonnulli
3000 4643 3212 4705 autem,
3249 4635 3529 4698 Σαίνεσθαι,
3568 4651 3690 4707 pro,

2092 4724 2329 4794 turbari,
2360 4724 2604 4797 positum
2646 4739 2765 4781 esse
2792 4722 3004 4793 dicunt,
3047 4722 3368 4796 metaphora
3405 4738 3438 4780 a
3465 4723 3694 4780 canibus

2096 4822 2336 4887 sumpta,
2367 4813 2484 4886 qui,
2515 4812 2650 4870 dum
2673 4812 2988 4882 adulantur,
3013 4811 3214 4870 caudas
3237 4820 3478 4869 movent.

2165 4905 2284 4974 Ipsi
2309 4905 2452 4958 enim
2479 4905 2649 4966 scitis,
2681 4903 2827 4972 quod
2863 4905 2922 4958 in
2946 4903 3042 4957 hoc
3062 4904 3233 4974 positi
3260 4905 3452 4958 simus.
3483 4900 3692 4960 Audia-

2094 5007 2216 5049 mus
2253 4991 2365 5060 hic,
2394 4991 2542 5065 quod
2579 4991 2893 5060 Christiani,
2942 4999 3004 5048 ut
3039 4989 3380 5064 afﬂigantur,
3406 4991 3521 5048 sint
3556 5007 3690 5047 con-

2092 5081 2290 5138 stituti.
2315 5083 2440 5138 Non
2460 5081 2610 5138 enim
2625 5080 2693 5137 de
2710 5080 2974 5154 apostolis
2995 5088 3214 5137 tantum
3236 5080 3356 5137 hate
3374 5080 3521 5137 dicta
3539 5088 3689 5137 sunt.

2092 5173 2236 5227 Cum
2274 5171 2458 5244 itaque
2502 5169 2576 5228 ad
2620 5170 2726 5227 hoc
2766 5169 2928 5242 positi
2970 5170 3170 5238 simus,
3219 5169 3350 5242 quid
3395 5185 3604 5227 novum
3645 5170 3695 5226 si

2094 5258 2442 5331 alﬂigamur?
2503 5258 2771 5330 Quocirca
2833 5257 3042 5315 nedum
3087 5258 3159 5315 ob
3214 5257 3492 5331 praeterita
3545 5257 3694 5315 mala

2097 5355 2316 5420 oportet
2333 5364 2437 5406 nos
2455 5364 2577 5406 esse
2597 5356 2819 5421 pacatos
2833 5354 2888 5404 et
2906 5348 3290 5416 inconcussos,
3310 5362 3504 5404 verum
3525 5347 3693 5405 etiam

2098 5438 2170 5495 ob
2198 5436 2401 5495 futura.
2433 5440 2557 5494 Hoc
2579 5438 2733 5494 enim
2760 5437 2927 5494 nobis
2956 5444 3040 5493 cst
3069 5437 3242 5509 magis
3268 5435 3580 5508 proprium.

2170 5532 2350 5588 Vnus.
2379 5534 2430 5586 4.
2459 5531 2598 5589 Nam
2627 5533 2679 5584 et
2702 5545 2823 5584 eum
2853 5527 3005 5600 apud
3027 5543 3118 5583 vos
3158 5541 3410 5591 essemus,
3437 5527 3696 5597 praedice-

2103 5621 2291 5676 bamus
2342 5619 2492 5675 vobis
2536 5633 2802 5689 passuros
2854 5634 2950 5674 nos
3004 5617 3399 5680 tribulationes,
3453 5617 3592 5670 sicut
3646 5620 3696 5669 et

1775 5721 1958 5780 Variae
2002 5722 2295 5780 lectiones.

462 5813 504 5848 “
535 5813 696 5885 τούτῳ
723 5828 779 5869 0.
857 5812 900 5846 ¹¹
926 5811 1006 5865 ἐπὶ
1028 5828 1080 5868 0.
1159 5811 1204 5846 ¹⁶
1233 5811 1329 5884 γὰρ
1353 5827 1408 5869 0.
