4104 6454
391 467 530 522 1299

1413 462 1933 521 THEOPHYLACTI
1969 462 2331 519 BULGARl/E
2371 464 2681 522 ARCHIEP.

3556 469 3702 525 £300

389 595 595 660 factum
631 596 728 655 est,
761 597 813 647 et
846 595 1014 648 scitis.
1046 593 1254 666 Magnas
1290 590 1662 648 consolationi
1690 597 1774 646 est
1812 587 1982 644 disci-

2100 588 2192 648 καὶ
2228 589 2421 650 οἴδατε.
2473 616 2502 647 n
2539 588 2735 664 Πολλὴ
2779 591 3095 672 παραμυθία
3134 600 3242 659 τοῖς
3291 597 3594 672 μαθηταῖς,
3633 594 3701 653 τὸ

395 681 558 751 pulis,
585 681 737 753 quod
766 691 1072 756 praeceptor
1107 681 1436 739 afflictiones
1464 680 1600 753 ipsis
1638 678 1990 752 praenuntiet.

391 770 476 826 Sic
519 770 669 827 enim
699 785 801 828 usu
830 772 994 840 venit,
1026 781 1087 828 ut
1109 771 1372 844 deinceps
1402 771 1474 827 ob
1504 785 1596 826 eas
1619 785 1730 825 non
1760 768 1836 823 ita
1864 783 1987 840 per-

391 859 685 918 turbentur
727 877 792 917 ac
829 862 873 918 si
909 862 1290 935 inexspectata
1333 862 1697 932 conﬁgerent.
1741 858 1888 914 Hinc
1933 865 1990 912 et

391 948 642 1006 Christus
681 951 944 1023 apostolis
977 952 1191 1008 dicebat
1224 972 1240 1008 :
1270 955 1393 1008 Hac
1413 952 1743 1022 priusquam
1775 951 1984 1019 ﬁere-nt.

387 1041 632 1108 prde
653 1042 819 1106 vobis,
851 1048 912 1097 ut
939 1059 1058 1098 cum
1086 1045 1236 1112 facta
1261 1044 1486 1111 fuerint,
1513 1039 1744 1096 credatis
1774 1048 1818 1093 ν,
1862 1039 1987 1092 Νοη

394 1127 502 1184 hoc
528 1138 714 1186 autem
741 1131 923 1188 solum
950 1133 1030 1188 eis
1069 1131 1269 1189 Paulus
1297 1129 1663 1198 denuntiavit,
1699 1141 1892 1184 verum
1934 1133 1989 1182 et

392 1218 568 1274 multa
597 1219 699 1276 alia
727 1235 856 1293 quae
882 1221 1049 1277 etiam
1080 1228 1397 1288 evenerunt,
1430 1217 1698 1291 praedixit.

468 1307 637 1382 514
650 1311 831 1367 Vnus.
857 1316 908 1367 5.
930 1313 1221 1381 Propterea
1246 1316 1296 1366 et
1315 1327 1406 1379 ego
1427 1310 1662 1379 amplius
1689 1323 1796 1361 non
1817 1306 1984 1360 susti-

393 1413 548 1462 nens,
591 1400 738 1456 misi.
783 1401 841 1456 Si
879 1399 1180 1472 praadixisti
1207 1400 1310 1468 eis,
1350 1416 1384 1456 o
1422 1399 1611 1467 Paule,
1656 1396 1803 1470 quod
1841 1393 1986 1450 afﬂi-

393 1487 632 1543 ctionem
665 1487 743 1544 sis
778 1504 1059 1560 passurus,
1090 1497 1146 1546 et
1180 1487 1329 1562 quod
1370 1499 1594 1561 propter
1621 1483 1984 1542 afﬂictionem

392 1584 551 1634 tuam
577 1591 672 1634 eos
699 1594 810 1636 non
833 1587 1088 1652 oporteat
1107 1578 1450 1650 conturbari,
1477 1576 1608 1652 quid
1636 1589 1828 1633 rursus
1853 1574 1985 1629 mit-

395 1666 499 1722 tis?
525 1676 750 1740 apparet
775 1669 927 1725 enim
953 1669 1102 1742 quod
1123 1684 1236 1726 non
1260 1666 1567 1725 admodum
1587 1667 1666 1723 eis
1684 1664 1841 1722 ﬁdas.
1865 1665 1990 1718 Prae

393 1759 590 1828 nimia,
634 1760 836 1833 inquit,
877 1761 1139 1819 cbaritate
1179 1760 1286 1818 hoc
1326 1760 1489 1818 facio.
1537 1759 1645 1831 Qui
1689 1757 1836 1813 enim
1873 1755 1991 1810 dili-

394 1857 546 1920 gunt,
578 1849 750 1906 etiam
775 1866 899 1924 qua:
929 1859 1046 1908 tuta
1071 1859 1204 1909 sunt
1225 1859 1480 1924 suspecta
1510 1849 1729 1906 habent.
1757 1849 1987 1902 Praeter-

2093 688 2367 759 προειπεῖν
2403 682 2579 748 αὐτοῖς
2617 681 2707 740 τὸν
2755 683 3075 743 διδάσκαλον
3107 681 3201 749 τὰς
3231 683 3454 764 θλίψεις.
3491 684 3700 745 Λοιπὸν

2093 768 2196 850 γὰρ
2249 771 2344 830 οὐκ
2411 771 2756 851 ἐθορυϐοῦντο
2802 774 2872 838 ὡς
2942 771 3029 832 ἐπὶ
3085 773 3522 853 ἀπροσδοκήτοις.
3589 775 3697 853 Διὰ

2093 864 2248 919 τοῦτο
2277 859 2367 918 καὶ
2414 863 2441 918 6
2472 861 2695 941 Χριστὸς
2743 869 2845 928 τοῖς
2884 852 3196 929 ἀποστόλοις
3226 862 3425 941 ἔλεγενο
3469 889 3494 915 ι
3524 852 3697 923 Εἶπον

2094 948 2220 1023 ὑμῖν
2274 949 2378 1028 πρὸ
2425 956 2516 1008 τοῦ
2568 955 2838 1026 γενέσθαι,
2887 949 2976 1008 ἵνα
3024 951 3151 1011 ὅταν
3201 951 3419 1030 γένηται
3464 952 3702 1011 πιστεύ-

2095 1061 2242 1109 σητε,
2282 1063 2310 1092 ι)
2337 1041 2418 1098 Οὐ
2438 1044 2594 1100 τοῦτο
2620 1039 2674 1099 δὲ
2698 1039 2854 1117 μόνον
2880 1043 2907 1099 6
2931 1043 3147 1106 Παῦλος
3170 1031 3314 1101 εἶπεν
3341 1043 3532 1116 αὐτοῖς,
3555 1043 3697 1102 ἀλλὰ

2093 1127 2266 1186 πολλὰ
2295 1127 2389 1187 καὶ
2423 1129 2558 1187 ἄλλα
2607 1138 2864 1210 προεῖπε,
2901 1129 2992 1189 καὶ
3025 1129 3202 1204 ἐξέϐη.

2183 1327 2213 1363 α
2243 1306 2520 1391 Διὸ-κάγὼ
2541 1308 2734 1384 μηκέτι
2763 1307 2987 1386 στέγων,
3010 1307 3250 1389 ἔπεμψα.
3277 1330 3306 1367 a
3349 1312 3418 1370 Εἰ
3445 1312 3697 1391 προεῖπες

2095 1398 2293 1468 αὐτοῖς,
2343 1386 2386 1454 ὦ
2420 1400 2630 1472 Παῦλε,
2663 1395 2743 1455 ὅτι
2768 1397 3016 1476 θλιϐήσῃ,
3053 1398 3142 1458 καὶ
3166 1386 3253 1458 -ὅτι
3283 1401 3341 1458 οὗ
3369 1386 3702 1480 χρὴναῦτοὺς

2099 1483 2186 1543 ἐπὶ
2355 1485 2530 1565 θλίψει
2592 1487 2641 1525 '7
2698 1487 3070 1565 θορυϐεῖσθαι,
3125 1488 3176 1546 τί
3229 1490 3390 1548 πάλιν
3441 1489 3700 1568 πέμπεις;

2097 1574 2340 1654 φαίνεται
2382 1575 2488 1653 γὰρ
2545 1574 2626 1634 ὅτι
2674 1577 2733 1636 οὗ
2793 1578 2995 1656 σφόδρα
3045 1579 3251 1660 θαῤῥεῖς
3312 1581 3513 1646 αὐτοῖς.
3565 1579 3700 1639 Ἀπὸ

2097 1665 2296 1733 πολλῆς
2329 1665 2577 1743 ἀγάπης,
2613 1665 2778 1746 φησὶ,
2809 1670 2968 1724 τοῦτο
3001 1671 3159 1726 ποιῶ.
3195 1669 3266 1728 Οἱ
3297 1666 3400 1747 γὰρ
3434 1671 3697 1746 ἀγαπῶν-

2093 1776 2179 1820 τες
2207 1753 2296 1836 καὶ
2329 1753 2396 1812 τὰ
2445 1756 2662 1836 ἀσφαλῆ
2712 1754 3121 1817 ὑποπτεύουσιν.
3155 1755 3302 1834 Ἅμα
3333 1758 3389 1816 δὲ
3437 1757 3530 1816 καὶ
3561 1763 3697 1818 πολ-

2093 1841 2176 1900 λοὶ
2210 1833 2346 1914 ἦσαν
2376 1846 2423 1902 οἱ
2466 1833 2752 1923 πείρασμοὶ
2775 1889 2790 1917 ,
2820 1843 2931 1927 *καὶ
2984 1849 3018 1917 ἡ
3049 1844 3318 1927 ὑπερϐολὴ
3357 1849 3463 1905 τῶν
3512 1853 3697 1907 κακῶν

394 1952 456 1992 ea
488 1937 674 1996 multae
708 1913 934 1995 fuerunt
975 1913 1337 2009 tentationes;
1358 1955 1422 1996 ac
1461 1939 1738 1994 malorum
1780 1932 1982 2005 magni-

2093 1929 2324 2012 ἐφόϐησέ
2368 1956 2457 2009 με.
2514 1913 2611 1992 Δῖὸ
2647 1913 2743 1991 οὐκ
2777 1913 2978 2010 εἶπεν,
3007 1913 3016 1917 1
3049 1931 3129 1994 ὅτι
3154 1913 3165 1927 1
3192 1913 3501 2011 Καταγνοὺς
3540 1940 3693 2015 ὑμῶν

392 2028 524 2085 tudo
564 2030 762 2086 terruit
805 2045 916 2086 me.
963 2028 1174 2086 Idcirco
1217 2045 1328 2085 non
1370 2028 1527 2097 dixit,
1574 2030 1885 2097 Desperans
1921 2022 1987 2078 de

393 2118 567 2185 vobis,
599 2117 722 2174 misi
764 2137 777 2175 :
810 2117 905 2175 sed
938 2118 1109 2186 enim,
1143 2123 1266 2177 Non
1298 2134 1464 2188 porro
1504 2118 1797 2178 sustinens,
1839 2111 1987 2186 quod

392 2207 654 2264 amicitiae
683 2216 819 2264 erat.

461 2298 556 2354 Ad
606 2299 1026 2366 cognoscendam
1071 2299 1232 2369 ﬁdem
1279 2303 1531 2353 vesti-um.
1588 2297 1857 2366 Quaerunt
1898 2293 1988 2350 hic

389 2385 640 2459 quidam,
669 2386 935 2459 quidnam
967 2387 1063 2461 qui
1092 2388 1326 2444 tertium
1353 2387 1600 2460 adusque
1627 2386 1828 2443 caelum
1857 2400 1989 2440 con-

390 2476 697 2547 scenderat,
745 2477 842 2550 qui
873 2476 1040 2534 verba
1070 2476 1364 2536 ineffabilia
1393 2477 1644 2534 audierat
1664 2487 1710 2544 ι,
1741 2475 1844 2532 iste
1874 2489 1986 2530 non

391 2567 542 2622 novit
566 2583 678 2639 quo
723 2566 778 2623 in
806 2575 953 2624 statu
982 2567 1095 2624 sint
1131 2582 1222 2625 res
1267 2564 1859 2632 Thessalonicensium,
1889 2563 1985 2620 sed

389 2655 745 2714 Timotheum
795 2657 1000 2728 mittat,
1049 2666 1112 2714 ut
1156 2665 1452 2731 cognoscat
1496 2655 1659 2714 ﬁdem
1706 2655 1986 2727 ipsorum?

393 2748 578 2802 Potest
618 2747 785 2819 igitur
820 2747 948 2820 dici,
991 2746 1141 2821 quod
1183 2763 1298 2804 non
1338 2747 1530 2804 omnia
1571 2746 1763 2803 norint
1789 2743 1984 2809 sancti,

389 2851 514 2891 cum
562 2836 654 2907 qui
701 2845 826 2894 ante
881 2837 1166 2895 Christum
1217 2837 1491 2905 vixerunt,
1545 2843 1662 2893 tum
1715 2834 1809 2907 qui
1865 2840 1990 2906 post

388 2925 691 2996 Christum,
745 2942 875 2983 nam
928 2935 986 2984 et
1036 2928 1270 2985 Elisaaus
1325 2926 1614 3000 ignorabat
1667 2923 1805 2997 quid
1857 2939 1986 2981 cum

388 3015 730 3074 Sunamitide
765 3025 1018 3091 ageretur
1059 3028 1106 3076 δ’.
1151 3021 1224 3075 Et
1267 3017 1410 3073 Elias
1447 3015 1676 3088 putabat
1711 3030 1771 3072 se
1806 3015 1984 3070 solum

387 3105 664 3174 relictum,
709 3122 841 3164 cum
874 3106 1056 3164 adhuc
1097 3115 1310 3178 septem
1348 3105 1520 3162 millia
1551 3112 1737 3162 essent
1758 3113 1796 3158 ι.
1837 3103 1983 3176 Quin

2097 2020 2338 2102 ἔπεμψα,
2376 2021 2549 2101 ἀλλὰ,
2590 2045 2618 2081 (ι
2649 2020 2860 2095 Μηκέτι
2898 2023 3118 2104 στέγων·
3155 2046 3184 2081 ι)
3224 2022 3254 2083 ὃ
3279 2023 3454 2106 φιλίας
3481 2017 3566 2099 ἦν,

2185 2310 2214 2348 α
2251 2290 2345 2357 Εἰς
2373 2288 2433 2348 τὸ
2456 2293 2653 2368 γνῶναι
2679 2287 2776 2362 τὴν
2808 2288 2988 2350 πίστιν
3029 2293 3198 2368 ὑμῶν.
3232 2314 3261 2351 ι)
3309 2290 3570 2354 Ἐνταῦθα
3600 2297 3696 2362 ζτ-

2098 2378 2247 2438 τοῦσί
2279 2403 2414 2446 τινες
2435 2425 2448 2449 ,
2483 2379 2533 2438 τί
2569 2379 2768 2452 δήποτε
2807 2383 2834 2439 6
2865 2379 2968 2448 ἕως
2993 2382 3170 2462 τρίτου
3199 2382 3422 2462 οὐρανοῦ
3451 2383 3656 2451 ἀναϐὰς
3676 2429 3693 2457 ,

2096 2470 2125 2526 6
2171 2467 2376 2550 ἄῤῥητα
2427 2468 2644 2551 ῥήματα
2685 2468 2934 2544 ἀκούσας,
2979 2461 3126 2537 οὗτος
3172 2461 3273 2530 οὐκ
3327 2462 3439 2532 οἶδε
3483 2471 3548 2530 τὰ
3589 2477 3697 2531 τῶν

2097 2559 2570 2630 Θεσσαλονικέων,
2631 2558 2770 2618 ἀλλὰ
2822 2559 3024 2638 πέμπει
3071 2560 3334 2637 Τιμόθεον
3389 2564 3462 2628 εἷς
3523 2563 3582 2620 τὸ
3642 2563 3697 2602 ⁴8

2095 2650 2294 2726 γνῶναι
2326 2647 2425 2719 τὴν
2459 2648 2638 2707 πίστιν
2684 2651 2896 2727 «trav;
2925 2646 3120 2710 Ἔστιν
3150 2639 3240 2710 οῦν
3270 2651 3434 2710 εἰπεῖν
3457 2695 3478 2722 ,
3523 2649 3604 2709 ὅτι
3637 2654 3699 2712 οὗ

2098 2736 2276 2798 πάντα
2321 2738 2520 2818 ᾔδεσαν
2563 2739 2612 2797 οἱ
2655 2737 2829 2815 ἅγιοι,
2884 2735 2936 2796 οἵ
2975 2761 3032 2798 τε
3079 2740 3183 2819 πρὸ
3223 2739 3480 2818 Χριστοῦ,
3511 2740 3602 2800 καὶ
3647 2746 3701 2802 οἱ

2095 2828 2232 2902 μετᾶ
2255 2827 2510 2904 Χριστόν.
2553 2825 2660 2888 Καὶ
2688 2828 2997 2896 Ἐλισσαῖος
3025 2828 3128 2910 γὰρ
3156 2828 3390 2907 ἠγνόησε
3432 2829 3488 2888 τὸ
3522 2829 3570 2866 ‘9
3597 2834 3697 2902 τῆς

2099 2915 2486 2993 Σωμανίτιδος.
2519 2919 2564 2978 Κ
2571 2916 2627 2976 αὶ
2653 2915 2842 2984 Ἠλίας
2867 2918 3020 2994 μόνος
3041 2919 3418 3001 ὑπολειφθῆναι
3451 2919 3694 2997 ἐνόμιζε,

2093 3005 2266 3065 καίτοι
2306 3005 2724 3086 ἑπτακισχιλίων
2769 3003 3016 3090 [ἑτέρων]
3047 2999 3247 3070 ὄντων.⁷
3274 3009 3385 3070 Καὶ
3431 3008 3698 3087 Σαμουὴλ

2094 3094 2198 3175 πρὸ
2246 3094 2444 3154 τούτων
2477 3095 2786 3156 διδάσκεται
2816 3095 2891 3173 μὴ
2927 3100 3184 3177 προσχεῖν
3228 3099 3301 3180 είς
3327 3097 3423 3170 τὴν
3455 3097 3572 3180 ὄψιν
3604 3103 3694 3158 τοῦ

387 3193 552 3250 etiam
597 3195 825 3252 Samuel
871 3204 999 3252 ante
1027 3177 1420 3264 hos,idocetur
1455 3209 1568 3250 non
1607 3191 1888 3251 attendere
1933 3192 1982 3247 in

2096 3183 2309 3262 πρώτου
2341 3185 2568 3265 ἀδελφοῦ
2611 3189 2705 3244 τοῦ
2736 3180 2927 3249 Δαυίδ.
2987 3185 3175 3254 Οὕτως
3218 3177 3306 3248 οὖν
3336 3187 3426 3247 καὶ
3461 3177 3510 3248 οῖ
3556 3188 3696 3248 ἀπό-

390 3281 583 3339 l'aciem
633 3283 797 3356 primi
835 3283 1021 3340 fratris
1071 3283 1300 3340 Davidis
1346 3295 1388 3339 ι.
1431 3285 1598 3340 Hunc
1637 3282 1705 3339 ad
1752 3280 1982 3338 modum

387 3373 620 3446 apostoli
665 3388 780 3430 non
822 3382 1088 3430 noverant
1132 3371 1339 3430 omnia.
1381 3375 1504 3429 Hoc
1545 3381 1732 3430 autem
1776 3371 1981 3428 factum

386 3471 490 3533 est,
538 3471 602 3520 ut
636 3478 814 3536 neque
848 3463 951 3536 ipsi
993 3463 1340 3530 attollantur,
1381 3477 1560 3536 neque
1607 3462 1699 3520 alii
1741 3461 1812 3520 de
1849 3462 1982 3534 ipsis

385 3552 620 3625 maiora,
687 3567 855 3625 quam
920 3567 1016 3626 par
1075 3553 1169 3620 sit,
1227 3552 1617 3626 imaginentur,
1686 3567 1821 3609 neve
1879 3568 1983 3609 nos

385 3643 590 3716 posteri
646 3642 829 3700 dicere
880 3657 1189 3715 possemus,
1248 3642 1399 3715 quod
1453 3643 1716 3700 humanas
1767 3650 1982 3699 naturae

386 3731 618 3789 modum
649 3732 724 3789 illi
752 3732 1156 3790 transcedentes
1183 3733 1407 3790 virtutis
1443 3746 1607 3805 Opera
1637 3731 1981 3805 perfecerint,

383 3837 450 3878 ac
501 3829 789 3894 propterea
838 3838 941 3880 nos
989 3821 1250 3880 socordes
1299 3838 1652 3880 maneremus
1705 3841 1720 3880 :
1773 3821 1873 3879 sed
1920 3831 1984 3879 ut

382 3911 683 3980 discamus,
728 3911 879 3987 quod
924 3927 1101 3986 neque
1145 3911 1250 3984 ipsi
1287 3909 1474 3970 divino
1515 3911 1717 3968 auxilio
1762 3927 1983 3984 semper

382 3999 527 4070 freti,
558 4000 654 4059 sed
683 4001 796 4058 suis
826 4001 993 4059 etiam
1026 4001 1306 4060 laboribus
1336 4003 1594 4074 praeclara
1633 4010 1972 4076 peragerent.

451 4095 530 4152 Ne
550 4109 656 4163 quo
683 4093 840 4148 modo
867 4095 1093 4148 tcntarit
1115 4107 1207 4148 vos
1237 4094 1286 4148 is
1312 4094 1406 4162 qui
1433 4097 1618 4148 tentat.
1648 4094 1774 4148 Non
1798 4093 1981 4164 suspi-

381 4190 537 4238 catus
567 4198 713 4250 sum,
753 4182 956 4254 inquit,
996 4197 1094 4238 vos
1141 4196 1441 4239 concussos
1483 4196 1621 4248 esse,
1666 4181 1772 4238 nisi
1805 4197 1978 4254 usque

380 4270 519 4327 adeo
559 4269 912 4326 solummodo
950 4268 1104 4342 quod
1139 4269 1333 4326 tentati
1375 4270 1558 4326 eratis.
1590 4269 1757 4327 Vides
1793 4278 1977 4328 autem

378 4358 528 4433 quod
567 4358 905 4415 diabolicum
943 4367 1029 4414 est
1071 4359 1130 4413 in
1166 4355 1556 4416 afflictionibus
1590 4359 1826 4431 turbari,
1855 4376 1975 4416 ma-

2092 3274 2294 3336 στολοι.
2335 3277 2510 3334 Τοῦτο
2541 3273 2595 3332 δὲ
2624 3273 2853 3352 ἐγίνετο,
2881 3273 2968 3335 ἵνα
2998 3275 3136 3352 μήτε
3167 3275 3314 3336 αὐτοὶ
3345 3277 3690 3358 ἕπαίρωνται,

2094 3362 2232 3441 μήτε
2280 3364 2433 3424 ἄλλοι
2486 3364 2607 3443 περὶ
2660 3367 2834 3424 αὐτῶν
2889 3366 3100 3444 μεγάλα
3147 3367 3539 3447 φαντάζωνται,
3595 3368 3689 3427 καὶ

2092 3451 2178 3511 ἵνα
2217 3455 2265 3512 οἱ
2297 3452 2513 3533 ὕστερον
2561 3451 2638 3531 μὴ
2668 3453 2877 3532 ἔχωμεν
2905 3453 3106 3533 λέγειν,
3157 3453 3239 3515 ὅτι
3274 3454 3447 3537 Ὑπὲρ
3482 3456 3695 3536 ἀνθρώ-

2089 3565 2219 3610 πους
2263 3543 2407 3611 ὄντες
2435 3545 2647 3618 ἐκεῖνοι,
2695 3541 3058 3623 κατώρθωσαν
3091 3543 3188 3614 τὴν
3217 3544 3430 3625 ἀρετὴν,
3473 3545 3566 3606 καὶ
3606 3547 3695 3606 διὰ

2090 3636 2246 3692 τοῦτο
2291 3632 2441 3692 αὐτοὶ
2479 3634 2979 3714 ἀποῤῥᾳθυμῶμεν,
3015 3631 3157 3692 ἀλλὰ
3196 3635 3570 3712 μανθάνωμεν,
3612 3634 3696 3694 ὅτι

2090 3719 2207 3780 οὐδὲ
2260 3721 2412 3781 αὐτοὶ
2465 3722 2742 3794 ἀπήλαυον
2789 3726 2884 3794 τῆς
2927 3722 3068 3790 Θείας
3120 3722 3202 3782 ἀεὶ
3235 3724 3498 3804 βοηθείας,
3550 3723 3694 3784 ἀλλὰ

2090 3809 2266 3879 πόνοις
2295 3811 2504 3879 οἰκείοις
2532 3809 2894 3892 κατώρθωσαν
2921 3811 2986 3870 τὰ
3017 3811 3180 3875 καλά.

2177 4106 2206 4137 ιι
2238 4079 2456 4152 Μήπως
2499 4081 2780 4158 ἐπείρασεν
2811 4086 2948 4158 ὑμᾶς
2977 4083 3005 4140 6
3040 4080 3330 4162 πειράζων.
3363 4103 3393 4139 ι)
3447 4082 3570 4162 Οὐχ
3595 4085 3693 4142 ὑπ-

2089 4170 2364 4244 ώπτευσα,
2393 4168 2577 4251 φησὶν,
2605 4168 2687 4230 ὅτι
2716 4169 3061 4244 ἐσαλεύθητε,
3095 4170 3214 4230 ἀλλ’
3245 4171 3279 4243 ἢ
3314 4177 3559 4232 τοσοῦτον
3594 4172 3696 4250 μό-

2089 4285 2208 4335 νον,
2245 4260 2328 4318 δτι
2353 4259 2721 4337 ἕπειράσθητε.
2754 4258 2918 4339 Ὁρᾷς
2943 4260 3019 4334 δὲ,
3049 4259 3132 4320 ὅτι
3155 4260 3217 4320 τὸ
3247 4262 3303 4320 ἕν
3336 4268 3450 4328 ταῖς
3479 4261 3691 4343 θλίψεσι

2089 4349 2422 4432 θορυϐεῖσθαι
2458 4348 2756 4409 διαϐολικόν
2790 4353 2936 4432 ἐστι,
2982 4351 3074 4409 καὶ
3123 4349 3358 4428 μάλιστα
3402 4348 3530 4410 ὅταν
3584 4352 3692 4412 ἄλ·-

377 4429 528 4504 sime
550 4447 596 4503 si
625 4447 715 4503 alii
745 4445 1102 4504 oﬂ'endantur
1125 4463 1194 4504 ex
1217 4464 1283 4504 eo
1309 4448 1456 4520 quod
1483 4448 1572 4505 alii
1599 4429 1925 4522 afﬂigunutr
1958 4472 1968 4506 :

2091 4429 2171 4502 λοι
2200 4438 2654 4510 σκανδαλίζωνται
2696 4439 2750 4508 ἐξ
2781 4429 2854 4498 ὧν
2885 4439 3038 4498 ἄλλοι
3064 4443 3241 4508 κακῶς
3283 4438 3580 4500 διάκεινται
3612 4440 3685 4478 3°-

379 4537 523 4594 sicut
559 4537 616 4593 in
647 4537 791 4594 Jobo
821 4536 964 4605 fecit,
994 4553 1226 4595 uxorem
1257 4537 1374 4610 ejus
1411 4547 1629 4596 tentans
1665 4555 1734 4597 ex
1759 4541 1828 4596 iis
1851 4556 1973 4611 qua:

377 4627 610 4683 maritus
635 4627 960 4700 patiebatur.
986 4631 1189 4684 Tentat
1209 4637 1394 4685 autem
1420 4627 1690 4697 diabolus,
1722 4631 1974 4686 nesciens

379 4733 450 4773 an
489 4716 562 4772 sit
601 4725 957 4791 superaturus
988 4737 1000 4773 :
1034 4718 1180 4789 quod
1212 4733 1278 4775 ex
1322 4719 1430 4774 Job
1469 4718 1826 4777 manifestum
1864 4727 1970 4776 est.

379 4808 663 4876 Attamen,
692 4822 814 4879 quae
842 4806 1013 4880 ipsius
1041 4814 1126 4863 est
1156 4804 1555 4880 imprudentia,
1586 4808 1749 4865 irruit
1791 4828 1803 4864 :
1835 4824 1900 4866 ac
1924 4810 1970 4865 si

374 4894 508 4968 quid
547 4895 729 4954 videat
767 4897 1060 4964 imbecille,
1103 4905 1384 4970 exspeth
1429 4906 1485 4954 et
1523 4906 1842 4971 permanet;
1887 4898 1970 4956 sin

372 4982 538 5055 forte,
562 4984 791 5043 desistit.

447 5077 520 5130 Et
567 5077 749 5130 inanis
802 5080 898 5146 ﬁat
941 5077 1096 5133 labor
1141 5083 1337 5133 noster.
1387 5077 1622 5134 Etiamsi
1671 5079 1970 5150 permutati

371 5173 522 5235 sunt,
564 5180 598 5222 o
634 5165 821 5234 Paule,
859 5165 994 5238 quid
1035 5165 1142 5223 hoc
1182 5168 1251 5223 ad
1281 5169 1375 5223 te?
1411 5170 1564 5224 Tuus
1604 5166 1760 5224 labor
1799 5167 1970 5241 perfe-

369 5261 516 5311 ctam
552 5253 716 5311 habet
755 5254 902 5328 apud
943 5257 1125 5312 Deum
1153 5255 1486 5314 mercedem.
1527 5259 1650 5314 Prae
1684 5257 1855 5314 nimia
1893 5267 1972 5314 ta-

372 5358 502 5399 men
548 5342 832 5414 charitate,
884 5343 1088 5417 inquit,
1153 5354 1483 5404 evacuatum
1539 5345 1675 5402 mihi
1727 5346 1970 5404 laborem

371 5431 624 5489 arbitror.

440 5566 465 5590 '
493 5557 656 5614 Joan.
689 5575 817 5617 xxv.
849 5565 937 5615 29.

1044 5562 1136 5618 ιΠ
1166 5562 1294 5620 Cor.
1324 5577 1437 5631 xu,
1470 5567 1521 5618 6.
1598 5572 1623 5606 θ’
1654 5565 1728 5619 1V
1757 5566 1895 5636 Reg.
1928 5579 2015 5634 ιν,
2042 5572 2097 5622 8.

2083 4529 2267 4608 ὥσπερ
2317 4528 2410 4587 καὶ
2444 4527 2533 4589 ἐπὶ
2580 4532 2673 4587 τοῦ
2705 4527 2832 4591 Ἰὼϐ
2884 4528 3132 4602 ἐποίησε,
3163 4527 3260 4601 τὴν
3304 4536 3531 4607 γυναῖκα
3563 4553 3685 4590 πει-

2082 4621 2248 4701 ράσας
2279 4617 2330 4687 ἐξ
2364 4608 2437 4677 ὧν
2471 4621 2665 4686 ἐκεῖνος
2710 4619 2944 4698 ἔπασχε.
2982 4620 3233 4698 Πειράζει
3265 4617 3320 4677 δὲ
3367 4621 3396 4676 6
3427 4618 3689 4692 διάϐολος,

2079 4713 2175 4770 οὐκ
2207 4708 2355 4776 εἰδὼς
2401 4709 2447 4767 εἰ
2499 4707 2545 4743 ²¹
2585 4708 2903 4784 καταϐαλεῖ,
2936 4705 3068 4789 ὅπερ
3098 4712 3158 4769 ἐκ
3205 4714 3297 4767 τοῦ
3329 4707 3456 4770 Ἰὼϐ
3505 4710 3692 4780 δῆλον*

2079 4799 2222 4876 ὅμως
2251 4797 2603 4878 ἀναίσχυντος
2632 4796 2730 4871 ὢν,
2759 4797 3073 4878 προϐάλλειο
3099 4797 3199 4857 κᾶν
3243 4796 3330 4878 ἴδῃ
3362 4821 3414 4856 τι
3453 4797 3685 4872 ἀσθενὲς,

2077 4885 2404 4969 παραμένεισ
2431 4887 2493 4947 ἂν
2525 4887 2580 4947 δὲ
2609 4887 2853 4968 ἰσχυρὸν,
2887 4886 3199 4968 ἀφίσταται.

2168 5090 2198 5127 (ι
2231 5067 2342 5127 Καὶ
2376 5069 2446 5134 εἰς
2483 5065 2632 5146 κενξιν
2675 5065 2890 5145 γένηται
2929 5069 2958 5126 6
3001 5065 3160 5134 κόπος
3188 5068 3364 5142 ἡμῶν.
3389 5087 3419 5123 ι)
3483 5067 3550 5127 Εἰ
3580 5064 3689 5146 γὰρ

2077 5156 2529 5238 παρετράπησαν,
2582 5145 2627 5214 ὦ
2676 5159 2894 5228 Παῦλε,
2941 5154 2992 5214 τί
3029 5155 3159 5236 πρὸς
3197 5154 3289 5228 σέ,
3332 5154 3405 5216 c0
3455 5155 3544 5223 σὸς
3587 5145 3687 5214 κός

2077 5268 2176 5311 πος
2218 5245 2272 5280 ²²
2317 5244 2682 5318 ἐντελόμισθος
2720 5243 2870 5326 παρὰ
2905 5248 3057 5326 Θεῷ.
3091 5241 3290 5322 αὍμως
3327 5243 3436 5304 ἀπὸ
3482 5244 3690 5316 πολλῆς

2079 5333 2294 5415 ἀγάπης
2343 5335 2670 5396 κεκενῶσθαί
2714 5357 2830 5414 μοι,
2895 5334 3048 5418 φησὶ,
3111 5333 3201 5394 τὸν
3249 5333 3414 5396 κόπον
3456 5332 3687 5414 νομίζω.

2189 5577 2209 5600 ⁸
2256 5568 2336 5622 lll
2367 5569 2505 5640 Reg.
2539 5582 2668 5632 xxx,
2703 5573 2786 5624 ιο.
2864 5571 2886 5598 ³·
2922 5569 2974 5624 ll
2996 5570 3135 5640 Reg.
3168 5581 3294 5634 xvr,
3324 5573 3379 5622 7.

1781 5662 1968 5722 Variae
2011 5664 2312 5729 lectiones.

441 5749 484 5785 ’7
507 5753 667 5810 πίστει
697 5772 751 5815 o.
827 5756 870 5791 ¹⁸
892 5759 1018 5813 ὥστε
1041 5775 1096 5816 o.

1193 5758 1238 5794 ¹⁹
1265 5758 1326 5814 τὰ
1364 5774 1417 5815 ο.
1493 5758 1540 5792 ²⁰
1567 5758 1822 5816 θλίϐονται
1847 5777 1902 5817 0.
1977 5761 2020 5796 ²¹
2041 5764 2120 5817 ὅτι
2153 5778 2208 5818 0.
2283 5763 2329 5798 ”
2361 5763 2533 5839 μισθὸς
2559 5779 2613 5819 ο·
