4104 6448
32 6409 302 6432 ξ...

364 443 492 497 1301

1209 437 1564 495 EXPOSITIO
1603 437 1668 493 IN
1707 434 1915 492 EPIST.
1959 434 1976 488 1
2010 434 2104 489 AD
2141 434 2371 492 THESS.
2414 466 2486 478 —
2522 437 2670 493 CAP.
2717 440 2800 495 111.

3528 447 3666 502 1302

469 598 493 621 α
545 565 694 648 ⁷Ἀρτι
752 567 806 626 δὲ
861 564 1095 634 ἐλθόντος
1155 565 1420 644 Τιμοθέου
1476 563 1606 644 πρὸς
1665 566 1810 638 ἡμᾶς
1861 562 1988 640 ἀφ’.

2138 561 2320 618 Vens.
2353 567 2406 617 6.
2430 565 2620 634 Nuper
2638 569 2818 620 autem
2845 581 2968 622 cum
2997 569 3226 624 venisset
3261 571 3562 626 Timotheus
3589 573 3665 625 ad

364 661 544 734 ὑμῶν,
616 659 708 717 καὶ
775 655 1256 737 εὐαγγελισαμένου
1313 655 1410 726 τὴν
1471 655 1652 714 πίστιν
1708 655 1802 712 καὶ
1857 649 1955 721 τὴν

363 751 577 826 ἀγάπην
624 751 794 824 ὑμῶν.
839 775 863 798 ν
935 749 986 807 Τ
991 752 1127 805 αῦτα
1175 744 1270 824 μὲν
1321 743 1731 826 προσεδόκησα,
1763 739 1958 822 φησὶν,

360 838 516 911 ἐξέϐη
561 838 616 897 δὲ
663 836 944 895 τάναντία.
999 833 1149 915 Ὅρα
1198 835 1252 894 δὲ
1303 835 1399 906 τὴν
1453 833 1821 913 περιχάρειαν·
1863 831 1960 888 οὐκ

360 919 509 987 εἶπεν
528 973 545 1000 ,
571 926 652 988 ὅτι
674 925 1139 1005 Ἀπαγγείλαντος,
1169 922 1311 997 ἀλλ’,
1335 950 1358 976 α
1387 921 1912 1004 Εὐαγγελισαμένου’
1936 946 1960 970 ιι

359 1023 607 1080 τοσοῦτον
656 1017 851 1092 ἀγαθὸν
895 1016 1077 1095 ἡγεῖτο
1131 1013 1229 1085 τὴν
1277 1013 1488 1073 ἐκείνων
1558 1015 1612 1070 ἐν
1783 1009 1960 1069 πίστει

363 1107 672 1182 βεϐαίωσιν.
711 1105 821 1167 Καὶ
857 1108 922 1183 τῇ
954 1104 1140 1185 ἀγάπῃ
1170 1104 1225 1163 δὲ
1256 1105 1430 1163 αὐτῶν
1462 1102 1709 1184 ἔχαιρεν,
1747 1098 1830 1159 ὅτι
1861 1121 1961 1172 ση-

361 1207 509 1275 μεῖον
539 1201 634 1271 τῆς
665 1195 894 1262 πίστεως
927 1185 1014 1267 ἦν.

446 1403 472 1430 α
527 1374 637 1436 Καὶ
692 1373 772 1432 ὅτι
809 1372 962 1454 ἔχετε
1013 1371 1200 1450 μνείαν
1247 1373 1402 1448 ἡμῶν
1444 1369 1648 1448 ἀγαθὴν
1697 1369 1961 1444 πάντοτε,

361 1469 732 1530 ἐπιποθοῦντες
802 1467 946 1539 ἡμᾶς
1032 1463 1200 1540 ἰδεῖν,
1281 1459 1524 1539 καθάπερ
1622 1460 1714 1518 καὶ
1808 1465 1961 1538 ἡμεῖς

362 1560 518 1631 ὑμᾶς.
561 1581 584 1607 ι
625 1553 922 1628 Ἱόυτέστι,
957 1551 1334 1629 Μνημονεύετε
1377 1553 1530 1626 ἡμῶν
1560 1549 1700 1628 μετὰ
1729 1553 1960 1610 ἐπαίνων

362 1647 455 1704 καὶ
497 1643 778 1724 εὐφημίας.
813 1642 1116 1714 Ἀκούσατε,
1152 1644 1199 1700 οἱ
1247 1639 1520 1718 μαθηταὶ,
1551 1639 1644 1698 καὶ
1677 1641 1956 1720 διδάχθητε

365 1733 717 1814 μνημονεύειν
765 1731 849 1792 ἀεὶ
884 1731 1359 1812 τῶνβιδασκοίλων
1395 1730 1663 1810 εὐφήμως.
1697 1727 1958 1798 Ἑαυτοὺς

363 1825 467 1906 γὰρ
504 1824 845 1905 ὠφελήσετε,
881 1825 975 1882 οὐκ
1011 1823 1257 1888 ἐκείνους.
1343 1821 1667 1897 Παραμυθία
1701 1817 1756 1878 δὲ
1798 1821 1952 1898 μεγί-

2067 666 2163 706 nos
2209 668 2243 705 (ι
2290 653 2468 717 vobis,
2507 659 2558 710 et
2595 658 2973 712 annuntiasset
3020 659 3178 728 fidem
3218 665 3273 714 et
3326 661 3658 716 dilectionem

2067 747 2324 797 vestram.
2358 745 2491 800 Haec
2532 745 2752 817 quidem
2791 749 3118 818 exspectavi,
3157 750 3354 820 inquit,
3387 751 3659 806 contraria

2068 839 2255 886 autem
2312 844 2633 890 evenerunt.
2690 839 2902 907 Reputa
2959 837 3051 893 hic
3099 847 3283 894 tecum
3329 839 3660 896 immensam

2070 918 2320 977 laetitiam
2359 938 2421 978 ac
2462 923 2813 980 clementiam
2863 927 3035 984 Pauli.
3083 929 3209 984 Non
3239 927 3404 997 dixit,
3436 933 3662 985 Denun-

2071 1008 2278 1080 tiasset,
2322 1011 2438 1080 sed,
2484 1015 2636 1070 Bene
2679 1015 2992 1073 nuntiasset
3033 1035 3049 1074 :
3094 1017 3260 1090 515
3301 1017 3438 1074 adeo
3468 1018 3662 1091 ingens

2071 1098 2280 1157 bonum
2332 1103 2560 1174 putabat
2600 1103 2824 1161 illorum
2879 1105 2936 1162 in
2990 1106 3098 1164 ﬁde
3157 1107 3658 1165 conﬁrmationem.

2073 1189 2374 1248 Cbaritatis
2416 1194 2586 1250 etiam
2617 1194 2869 1266 ipsorum
2900 1197 3129 1254 nomine
3164 1197 3455 1255 laetabatur
3485 1217 3500 1256 :
3526 1215 3660 1255 nam

2073 1279 2200 1338 ﬁdei
2237 1281 2459 1354 signum
2489 1293 2628 1340 erat.

2142 1375 2212 1428 Et
2241 1373 2387 1443 quod
2410 1375 2650 1430 habeatis
2681 1379 2992 1432 memoriam
3017 1380 3194 1432 nostri
3214 1393 3418 1449 semper
3449 1380 3664 1445 bonam,

2071 1460 2434 1519 desiderantes
2465 1480 2559 1520 nos
2596 1466 2796 1534 videre,
2838 1468 3289 1536 quemadmodum
3329 1472 3379 1522 et
3416 1484 3512 1524 nos
3552 1485 3660 1524 vos.

2073 1550 2196 1607 Hoc
2227 1559 2332 1618 est,
2364 1553 2697 1610 meministis
2725 1555 2900 1610 nostri
2937 1571 3065 1611 cum
3095 1555 3259 1612 laude
3287 1565 3342 1612 et
3368 1557 3664 1628 praeconio.

2075 1639 2292 1707 Audite,
2321 1641 2597 1714 discipuli,
2621 1652 2784 1716 atque
2811 1643 3005 1701 discite
3028 1655 3430 1718 praeceptorum
3464 1655 3668 1702 vestro-

2071 1749 2195 1789 rum
2235 1735 2574 1792 mentionem
2614 1735 2788 1792 facere
2823 1753 3042 1808 semper
3082 1754 3211 1794 cum
3252 1739 3410 1794 laude
3453 1759 3464 1795 :
3513 1741 3670 1796 vobis

2072 1823 2209 1896 ipsis
2231 1841 2473 1897 namque
2496 1825 2804 1898 proderitis,
2838 1843 2952 1882 non
2987 1826 3110 1882 illis.
3135 1829 3454 1884 Consolatio
3480 1837 3667 1886 autem

363 1939 464 1986 στη
515 1917 608 1973 καὶ
640 1909 932 1993 εὐφροσύνη
967 1920 1074 1978 τοῖς
1122 1911 1610 1982 Θεσσαλονικεῦσι,
1656 1909 1715 1967 τὸ
1766 1914 1952 1984 μαθεῖν

2079 1914 2317 1970 maxima
2378 1923 2460 1970 est
2503 1914 3084 1971 Thcssalonicensibus
3141 1925 3198 1972 et
3253 1916 3466 1985 laetitia,
3515 1919 3664 1990 quod

361 2003 440 2064 ὅτι
467 1995 601 2064 οἶδεν
623 2007 651 2060 ὁ
689 2003 929 2076 Παῦλος,
973 2003 1052 2062 ὅτι
1095 2002 1372 2079 ἀγαπῶσιν
1414 1997 1588 2058 αὐτόν·
1622 2001 1826 2076 μᾶλλον
1856 2000 1958 2080 γὰρ

363 2093 702 2174 προστίθεται
737 2091 796 2150 τὸ
838 2091 1073 2170 φίλτρον.

447 2213 471 2236 ιι
507 2181 614 2243 Διὰ
661 2186 818 2241 τοῦτο
869 2180 1322 2260 παρεκλήθημεν,
1374 2177 1623 2261 ἀδελφοὶ,
1675 2180 1756 2261 ἐφ’
1838 2182 1960 2256 ὑμῖν

365 2273 456 2333 ἐπὶ
512 2272 666 2353 πάσῃ
835 2269 1007 2351 θλίψει
1053 2269 1144 2329 καὶ
1193 2269 1402 2348 ἀνάγκη
1433 2271 1611 2343 ἡμῶν.
1672 2297 1694 2323 ι
1754 2268 1958 2330 Βαϐαίι

363 2363 521 2444 χάριν
555 2363 672 2444 ᾔδει
702 2362 908 2432 αὐτοῖς,
941 2359 1022 2418 ὅτι
1052 2361 1148 2420 οὐκ
1174 2357 1560 2430 ἐσαλεύθησαν.
1626 2360 1743 2418 Οὐκ
1773 2360 1962 2418 αἰσθα-

365 2454 561 2528 νόμεθα
582 2450 712 2531 γὰρ,
742 2450 871 2532 φησὶ
889 2496 904 2523 ,
931 2453 1035 2506 τῶν
1058 2451 1329 2527 λυπηρῶν,
1357 2446 1496 2506 ἀλλὰ
1522 2447 1960 2527 παρεκλήθημεν,

367 2546 463 2602 οὐκ
494 2545 581 2601 ἐπὶ
627 2549 726 2621 μιᾷ
757 2541 962 2612 θλίψει,
1004 2540 1122 2597 ἀλλ’
1151 2537 1238 2598 ἐπὶ
1263 2537 1434 2617 πάσῃ.
1477 2536 1546 2598 Ἣ
1587 2540 1689 2617 γὰρ
1730 2537 1808 2616 ἐφ’
1842 2541 1962 2614 ὑμῖν

367 2630 513 2712 χαρὰ
550 2631 862 2712 ἀντίῤῥοπος
914 2629 1113 2698 πάσαις
1168 2629 1323 2706 ἡμῶν
1381 2636 1497 2694 ταῖς
1543 2628 1800 2707 ἀνάγκαις
1843 2627 1963 2706 ἐγέ-

369 2745 484 2782 νετο
516 2721 590 2783 ²³.

451 2927 473 2954 ι
506 2899 608 2961 Διὰ
634 2903 727 2972 τῆς
748 2897 975 2960 πίστεως
1017 2899 1184 2974 ὑμῶν.
1207 2923 1231 2950 υ
1266 2895 1455 2975 Ὑμεῖς
1480 2919 1544 2972 με
1578 2895 1963 2976 ἐστερεώσατε,

370 2990 517 3072 φησί.
580 2989 689 3050 Καὶ
732 2987 838 3066 μὴν
885 2986 1188 3047 τούναντίον
1223 2977 1306 3059 ἦν’
1353 2985 1509 3053 αὐτὸς
1555 2985 1659 3066 γὰρ
1690 2985 1765 3062 μὴ
1794 2987 1967 3056 ἐνδοὺς

369 3084 477 3148 τοῖς
509 3079 826 3160 πειρασμοῖς
849 3124 865 3152 ,
910 3075 1176 3156 ἐστήριξεν
1218 3074 1426 3143 αὐτούς·
1457 3072 1599 3153 ὅμως
1634 3078 1707 3144 εἷς
1738 3077 1967 3144 ἐκείνους

368 3169 674 3251 περιτρέπει
700 3170 760 3229 τὸ
790 3165 1076 3247 ἐγκώμιον.
1163 3165 1351 3242 Ὑμεῖς
1383 3164 1486 3244 γάρ
1517 3189 1614 3243 με,
1646 3165 1840 3248 φησὶν,
1873 3169 1967 3228 οὐκ

385 3261 612 3320 ἰωήκατε
640 3262 746 3318 τῶν
776 3259 1090 3320 πειρασμῶν
1117 3255 1418 3316 αἰσθέσθαι.

371 3261 612 3343 ἀφήκατε
640 3262 746 3318 τῶν
776 3260 1090 3338 πειρασμῶν
1117 3260 1418 3316 αἰσθέσθαι.

453 3379 476 3404 ι
505 3349 635 3410 Ὅτι
664 3353 756 3407 νῦν
788 3350 960 3424 ζῶμεν
980 3391 995 3419 ,
1033 3344 1122 3405 ἐὰν
1149 3346 1298 3422 ὑμεῖς
1327 3345 1563 3418 στήκητε
1611 3346 1664 3403 ἐν
1711 3345 1912 3429 Κυρίῳ.
1945 3374 1966 3400 ι

367 3441 487 3501 Οὐκ
517 3429 689 3517 εἶπεν,
711 3439 791 3498 δτι
820 3438 1313 3517 Παρεμυθήθημεν,
1339 3436 1496 3510 ἀλλὰ,
1525 3462 1546 3486 αι
1573 3436 1786 3511 Ζῶμεν·
1822 3461 1847 3488 υ
1868 3437 1971 3497 δει-

372 3529 493 3599 κνὺς
523 3529 604 3590 ὅτι
647 3529 707 3589 τὸ
735 3527 950 3587 ἐκείνων
1003 3527 1298 3585 σκάνδαλον
1343 3525 1568 3583 θάνατον
1599 3524 1829 3604 ἥγηται,
1878 3525 1971 3585 καὶ

373 3619 509 3692 ζωὴν
542 3619 637 3694 τὴν
709 3618 922 3677 ἐκείνων
955 3615 1266 3698 προκοπὴν,
1307 3615 1400 3674 καὶ
1449 3614 1825 3696 κατάστασιν,
1880 3615 1972 3676 καὶ

376 3710 664 3792 βεϐαίωσιν
689 3711 741 3768 ἐν
775 3710 1014 3788 Χριστῷ.

453 3828 477 3856 ιι
509 3799 651 3861 Τίνα
681 3797 784 3877 γὰρ
825 3796 1171 3877 εὐχαριστίαν
1193 3795 1242 3830 ²⁴
1284 3793 1552 3872 δυνάμεθα
1583 3798 1659 3874 τῷ
1694 3797 1820 3877 Θεῷ
1854 3797 1973 3854 ἀντ-

375 3891 667 3950 αποδοῦναι
695 3876 835 3968 περὶ
884 3876 1070 3964 ὑμῶν,
1115 3886 1203 3945 ἐπὶ
1252 3883 1404 3964 πάσῃ
1455 3889 1522 3965 τῇ
1571 3893 1720 3966 χαρᾷ
1850 3886 1972 3964 χαί-

379 4003 534 4062 ρομεν
573 3978 638 4038 δι’
687 3982 822 4056 ὑμᾶς
870 3977 1167 4056 ἔμπροσθεν
1217 3979 1310 4034 τοῦ
1359 3979 1503 4037 Θεοῦ
1539 3978 1730 4051 ἡμῶν;
1767 3999 1790 4026 ι
1836 3977 1975 4036 Τοσ-

379 4071 548 4142 αύτη,
581 4066 764 4151 φησὶν,
789 4072 823 4139 ἡ
851 4067 915 4125 δι’
957 4070 1097 4144 ὑμᾶς
1117 4065 1288 4146 χαρὰ,
1317 4064 1398 4123 ὅτι
1438 4063 1554 4124 οὐδὲ
1586 4065 1973 4143 εὐχαριστῆσαι

376 4164 454 4241 τῷ
485 4161 611 4239 Θεῷ
656 4160 773 4216 κατ’
806 4155 954 4226 ἀξίαν
1001 4155 1271 4230 δυνάμεθα
1328 4154 1460 4233 ὑπὲρ
1507 4156 1681 4230 ὑμῶν.
1757 4153 1839 4214 Τὸ
1867 4155 1972 4234 γὰρ

377 4253 528 4328 ὑμῶν
557 4247 882 4328 κατόρθωμα
912 4247 1078 4326 δῶρον
1109 4245 1388 4325 ἡγούμεθα
1415 4248 1508 4304 τοῦ
1543 4245 1711 4304 Θεοῦ.
1763 4247 1846 4304 Οὐ
1871 4243 1972 4324 γὰρ

379 4337 709 4420 ἀνθρωπίνης
741 4337 972 4408 σπουδῆς
1006 4333 1041 4407 ἢ
1077 4337 1252 4415 ψυχῆς
1281 4340 1530 4394 τοσοῦτον
1557 4332 1829 4415 φρόνημα.
1881 4335 1976 4396 Διὸ

379 4429 470 4490 καὶ
519 4429 665 4508 αὐτῷ
719 4426 1016 4507 ὀφείλοντες
1079 4425 1447 4504 εὐχαριστεῖν,
1507 4427 1612 4504 οὐχ
1661 4423 1974 4504 εὑρίσκομεν

378 4517 474 4591 τὴν
507 4517 656 4587 ἀξίαν
688 4515 1049 4596 εὐχαριστίαν.

2071 2004 2244 2060 sciant
2273 2004 2506 2059 Paulum
2547 2004 2767 2060 novisse
2795 2021 2854 2060 se
2895 2004 2963 2060 ab
2997 2005 3129 2077 ipsis
3155 2005 3304 2078 diligi
3341 2026 3352 2061 :
3394 2008 3666 2080 majorem

2071 2093 2218 2151 enim
2250 2095 2309 2149 in
2353 2095 2434 2150 eis
2463 2109 2714 2150 amorem
2755 2094 3015 2150 accendit.

2144 2187 2316 2240 Vens.
2345 2189 2400 2240 7.
2443 2185 2567 2240 Ideo
2609 2186 3018 2240 consolationem
3061 2188 3361 2258 accepimus
3393 2188 3458 2241 in
3491 2188 3662 2251 vobis,

2070 2274 2298 2342 fratres,
2328 2276 2387 2329 in
2410 2277 2560 2330 omni
2593 2276 2891 2344 afﬂictione
2930 2280 2982 2330 et
3015 2277 3330 2331 necessitate
3364 2281 3572 2332 nostra.
3618 2279 3668 2334 Ο

2072 2378 2191 2419 rem
2228 2363 2635 2420 admirandam!
2668 2365 2800 2436 Agit
2836 2364 2942 2420 illis
2969 2365 3192 2437 gratias,
3229 2365 3382 2438 quod
3411 2383 3525 2422 non
3554 2367 3670 2423 sint

2070 2454 2358 2510 commoti.
2386 2456 2509 2510 Non
2535 2454 2803 2510 sentimus
2823 2455 2995 2521 enim,
3025 2455 3228 2528 inquit,
3252 2456 3451 2523 tristia,
3475 2472 3666 2512 verum

2073 2543 2503 2599 consolationem
2551 2544 2886 2614 accepimus,
2938 2559 3052 2600 non
3123 2545 3181 2600 in
3242 2561 3354 2601 una
3409 2545 3667 2618 quapiam

2075 2631 2395 2701 afﬂictione,
2422 2632 2518 2689 sed
2559 2633 2615 2688 in
2645 2633 2818 2689 omni.
2857 2633 3071 2690 Laetitia
3102 2636 3272 2703 enim,
3303 2650 3474 2707 quam
3501 2637 3669 2694 vestri

2073 2737 2238 2779 causa
2285 2724 2628 2795 accepimus,
2675 2724 2940 2780 omnibus
2994 2725 3202 2781 nostris
3256 2725 3671 2782 necessitatibus

2073 2812 2411 2885 zequipollet,
2442 2828 2644 2884 easque
2680 2822 3023 2885 compensat.

2147 2905 2250 2958 Per
2275 2903 2434 2972 ﬁdem
2463 2909 2720 2958 vestram.
2742 2906 2856 2959 Vos
2887 2919 2977 2959 me
3004 2902 3290 2972 ﬁrmastis,
3321 2903 3519 2978 inquit.
3562 2907 3672 2960 At—

2075 2993 2171 3064 qui
2189 2991 2471 3049 diversum
2491 3001 2612 3048 erat
2635 3010 2648 3049 :
2673 2993 2790 3064 ipse
2810 3009 3054 3066 namque
3073 2993 3470 3050 tentationibus
3494 2993 3672 3051 baud-

2077 3097 2352 3154 quaquam
2389 3083 2608 3152 cedens,
2639 3080 2903 3139 fulciebat
2943 3099 3039 3140 eos
3085 3101 3098 3140 :
3143 3091 3385 3140 attamen
3427 3084 3484 3140 in
3529 3085 3674 3156 ipsos

2079 3173 2393 3230 encomium
2419 3172 2700 3229 transfert.
2736 3176 2844 3229 Vos
2881 3172 3052 3238 enim,
3086 3173 3287 3246 inquit,
3316 3189 3429 3230 non
3458 3174 3670 3246 permi-

2077 3263 2222 3318 sistis
2247 3278 2338 3319 me
2365 3263 2690 3320 tentationes
2712 3264 2936 3321 sentire.

2151 3354 2334 3408 Vens.
2375 3359 2431 3408 8.
2465 3355 2731 3421 Quoniam
2771 3369 2914 3409 nunc
2939 3356 3192 3418 vivimus,
3224 3356 3276 3408 si
3309 3369 3399 3410 vos
3425 3356 3587 3409 statis
3615 3357 3674 3409 in

2078 3445 2318 3498 Domino.
2355 3444 2485 3497 Non
2517 3441 2680 3505 dixit,
2719 3443 3167 3500 Consolationem
3197 3445 3530 3515 accepimus,
3557 3444 3673 3512 sed,

2086 3533 2355 3598 Vivimus,
2385 3531 2638 3588 indicans
2671 3532 2820 3604 quod
2851 3548 3047 3588 eorum
3091 3533 3413 3589 scandalum
3436 3542 3675 3590 mortem

2079 3621 2423 3688 existimarit,
2457 3636 2522 3676 ac
2550 3620 2873 3677 eorumdem
2910 3637 3291 3694 progressum,
3325 3631 3383 3678 et
3415 3631 3676 3680 constan-

2083 3712 2244 3779 tiam,
2276 3714 2331 3766 et
2369 3710 2856 3767 conﬁrmationem
2889 3711 2944 3766 in
2973 3711 3215 3780 Christo,
3249 3713 3436 3768 vitam.

2153 3803 2335 3857 Vnus.
2361 3806 2414 3856 9.
2448 3803 2621 3870 Quam
2640 3803 2781 3856 enim
2799 3804 3103 3870 gratiarum
3125 3803 3380 3857 actionem
3396 3817 3677 3872 possumus

2080 3894 2192 3946 Deo
2216 3891 2514 3947 retribuere
2537 3905 2636 3962 pro
2656 3891 2802 3945 vobis
2828 3906 2990 3962 super
3014 3893 3162 3947 omni
3183 3893 3386 3961 gaudio
3407 3909 3515 3962 quo
3539 3908 3676 3962 gau-

2081 3983 2266 4037 demus
2311 3985 2534 4052 propter
2583 3996 2675 4035 vos
2729 3984 2854 4035 ante
2892 3984 3059 4036 Deum
3101 3984 3394 4036 nostrum?
3435 3985 3677 4037 Tantum

2082 4071 2275 4142 inquit,
2307 4079 2389 4126 est
2411 4069 2674 4142 gaudium
2699 4080 2953 4126 nostrum
2982 4079 3208 4142 propter
3235 4086 3352 4137 vos,
3379 4079 3439 4126 ut
3469 4085 3678 4143 neque-

2083 4177 2240 4217 amus
2281 4175 2379 4233 pro
2421 4160 2681 4234 dignitate
2734 4163 2853 4216 Deo
2897 4161 3094 4233 gratias
3141 4175 3300 4233 agere
3349 4177 3448 4231 pro
3500 4160 3674 4216 vobis.

2083 4253 2335 4307 Vestram
2377 4251 2526 4306 enim
2573 4251 2838 4306 virtutem
2875 4250 3087 4306 donum
3131 4251 3231 4307 Dei
3281 4251 3616 4306 arbitramur
3661 4269 3675 4307 :

2085 4357 2197 4397 non
2225 4341 2374 4397 enim
2403 4349 2486 4396 est
2515 4340 2745 4396 humani
2765 4349 2998 4396 conatus
3023 4348 3120 4396 aut
3150 4340 3346 4397 anima:
3375 4348 3525 4396 tanta
3551 4356 3677 4412 pru-

2087 4430 2285 4488 dentia.
2323 4432 2506 4502 Quare
2533 4447 2662 4486 cum
2689 4431 2764 4486 illi
2795 4431 3000 4503 gratias
3027 4446 3193 4503 agere
3219 4429 3541 4498 debeamus,
3570 4447 3680 4486 non

2089 4522 2392 4578 invenimus
2411 4520 2638 4593 dignam
2670 4521 2967 4594 gratiarum
3000 4521 3288 4575 actionem.

466 4634 490 4660 η
557 4591 786 4674 Νυκτὸς*
820 4591 912 4664 καὶ
969 4602 1175 4684 ἡμέρας
1239 4605 1692 4684 ὑπερεκπερισσοῦ
1737 4602 1973 4679 δεόμενοι

2165 4613 2341 4668 Vnus.
2379 4617 2462 4668 ιο.
2488 4591 2693 4669 —Noctev
2715 4627 2784 4666 ac
2815 4612 2906 4665 die
2943 4610 3312 4665 abundantius
3345 4615 3586 4678 orantes,
3623 4616 3684 4666 ut

379 4701 452 4766 εἷς
489 4697 550 4758 τὸ
603 4697 731 4757 ἰδεῖν
762 4697 910 4772 ὑμῶν
951 4695 1012 4753 τὸ
1060 4693 1368 4774 πρόσωπον.
1421 4721 1441 4746 ο
1471 4691 1621 4773 Ὅρα
1672 4691 1766 4764 τὴν
1818 4697 1978 4774 ὑπερ-

379 4787 561 4860 ϐολήν
592 4789 1051 4865 ὑπερεκπερισσοῦ
1085 4785 1254 4842 ἐδεῖτο
1282 4782 1373 4843 ἵνα
1423 4781 1510 4863 ἴδῃ
1543 4783 1749 4850 αὐτούς·
1797 4782 1977 4866 ὥσπερ

376 4902 458 4946 τις
485 4877 714 4958 γεωργὸς
738 4875 943 4934 ἀκούων
969 4873 1050 4933 ὅτι
1080 4878 1114 4946 ἡ
1145 4877 1439 4946 πονηθεῖσα
1472 4876 1617 4955 αὐτῷ
1647 4874 1802 4956 χώρα
1845 4898 1976 4956 καρ-

381 4969 500 5036 ποῖς
531 4967 735 5048 βρίθει,
762 4969 916 5026 ποθεῖ
937 4963 1060 5024 κατ’
1100 4963 1219 5047 ὄψιν
1250 4964 1415 5035 αὐτὴν
1443 4964 1595 5026 ἰδεῖν.

475 5080 504 5115 (ι
557 5057 664 5118 Καὶ
719 5055 1040 5135 καταρτίσαι
1091 5054 1157 5113 τὰ
1214 5053 1563 5134 ὑστερήματα
1610 5057 1705 5125 τῆς
1753 5051 1981 5123 πίστεως

383 5151 552 5225 ὑμῶν.
589 5177 613 5200 ιο
659 5145 852 5207 Καίτοι
894 5144 1006 5204 ἄνω
1049 5144 1110 5204 τὸ
1145 5145 1364 5204 ἑστάναι
1395 5145 1572 5211 αὐτοῖς
1620 5143 1982 5225 ἐμαρτύρησε·

379 5229 495 5308 πῶς
523 5229 613 5298 οὐν
657 5237 819 5316 λέγει’
849 5264 874 5290 ι
908 5237 995 5297 Τὰ
1039 5235 1386 5316 ὑστερήματα
1425 5238 1518 5306 τ’ἤς
1553 5234 1816 5309 πίστεωςς
1845 5262 1867 5288 ι
1900 5240 1984 5297 Οὐ

381 5329 556 5402 πάσης
586 5328 895 5388 ἀπέλαυσαν
924 5331 1018 5398 τῆς
1083 5323 1445 5397 διδασκαλίας,
1477 5327 1594 5384 ἀλλ’
1629 5325 1788 5385 ἐνέδει
1812 5327 1988 5395 αὐτοῖς

389 5421 514 5488 ἴσως
544 5419 611 5481 τὰ
641 5418 763 5498 περὶ
795 5418 1174 5498 ἀναστάσεως,
1215 5413 1307 5475 καὶ
1340 5415 1478 5474 ἄλλα
1518 5421 1760 5477 τοιαῦτα.
1879 5420 1988 5478 Καὶ

391 5508 581 5570 πολλοὶ
608 5497 1082 5591 ψευδοδιδάσκαλοι
1132 5497 1298 5580 ἦσαν,
1355 5504 1450 5566 καὶ
1500 5503 1587 5566 διὰ
1638 5511 1794 5567 τοῦτο
1853 5498 1987 5567 εἷπε·

2085 4702 2381 4756 videamus
2391 4703 2588 4770 faciem
2611 4705 2864 4756 vestram.
2887 4698 3150 4771 Expende
3171 4713 3465 4756 excessum
3492 4718 3504 4754 :
3530 4699 3679 4772 plus-

2086 4807 2252 4864 quam
2277 4789 2496 4849 abunde
2537 4790 2883 4862 precabatur,
2913 4797 2976 4845 ut
3006 4789 3214 4845 videret
3249 4804 3344 4845 eos
3373 4809 3386 4844 :
3424 4789 3686 4862 quemad-

2089 4881 2315 4937 modum
2343 4881 2573 4937 colonus
2613 4880 2812 4952 aliquis
2841 4878 3071 4935 audiens
3099 4877 3248 4952 quod
3290 4879 3474 4935 cultus
3513 4879 3582 4934 ab
3621 4895 3685 4934 eo

2087 4988 2220 5045 ager
2261 4969 2529 5027 fructibus
2570 4970 2834 5036 abundat,
2879 4969 3034 5025 illum
3064 4969 3239 5025 oculis
3273 4969 3474 5024 intueri
3513 4970 3684 5040 cupit.

2163 5067 2235 5119 Et
2269 5063 2622 5133 compleamus
2650 5077 2712 5116 ea
2735 5076 2855 5131 qua:
2887 5060 3083 5114 desunt
3115 5059 3246 5130 ﬁdei
3271 5064 3485 5114 vestrae.
3520 5060 3687 5131 Atqui

2097 5153 2258 5226 paulo
2295 5161 2422 5208 ante
2452 5159 2683 5207 testatus
2723 5157 2809 5206 est
2845 5157 2994 5205 stare
3031 5165 3124 5205 eos
3167 5169 3180 5204 :
3235 5148 3324 5215 qui
3367 5164 3498 5220 ergo
3536 5164 3689 5204 nunc

2096 5243 2233 5299 dicit
2266 5261 2280 5299 :
2328 5245 2456 5310 Qum
2485 5243 2675 5298 desunt
2691 5241 2868 5313 ﬁdei?
2895 5241 3020 5296 Non
3061 5255 3289 5295 omnem
3331 5246 3688 5310 perceperant

2095 5333 2432 5399 doctrinam,
2471 5332 2567 5389 sed
2614 5331 2842 5388 deerant
2877 5327 3110 5386 fortasse
3152 5329 3285 5400 ipsis
3324 5328 3582 5400 quaedam
3625 5329 3694 5385 de

2097 5423 2532 5489 resurrectione,
2559 5420 2726 5493 idque
2750 5435 2920 5493 genus
2949 5419 3070 5475 alia.
3094 5423 3364 5476 Praaterea
3395 5434 3510 5474 non
3537 5417 3696 5489 pauci

2099 5522 2259 5571 erant
2293 5512 2549 5571 doctores
2594 5511 2763 5584 516
2806 5510 2950 5580 falsi,
2992 5518 3154 5582 atque
3188 5507 3331 5565 hanc
3357 5508 3428 5565 ob
3471 5519 3694 5565 causam

1789 5673 1978 5732 Variae
2019 5672 2318 5732 lectiones.

453 5769 499 5804 ιε
567 5770 830 5844 {ﬂaua
907 5768 951 5803 ³³
977 5767 1288 5842 ἀντιμισθίαν
1313 5783 1364 5825 ο.
