4104 6438
436 415 572 472 1303

1449 433 1964 494 THEOPHYLACTI
2005 441 2361 502 BULGARUE
2401 449 2714 508 ARCHIEP.

3595 464 3736 519 1304

437 539 574 597 dixit
605 563 617 600 :
651 544 890 613 defectus
909 550 1050 620 ﬁdei.
1079 551 1187 609 Ubi
1211 554 1395 629 itaque
1425 557 1554 616 ﬁdei
1583 577 1777 619 eorum
1807 571 2019 622 metue-

440 629 534 664 Ιμιιν
593 635 716 664 Πι.οιι’
769 635 943 664 hu...“
1000 642 1068 664 ...ι
1105 658 1191 664 μ--
1226 647 1258 664 Α
1297 647 1362 664 ιγν-
1448 649 1464 664 1
1579 652 1648 664 τ..

2142 599 2165 622 ει
2189 570 2276 631 Τὰ
2302 575 2666 654 ὑστερήματα.
2694 604 2715 629 υ
2736 577 2908 639 Ἔνθα
2942 577 3036 658 μὲν
3060 571 3148 640 οὖν
3173 584 3296 664 περὶ
3327 588 3489 659 αὐτῆς
3511 591 3606 660 τ’ἦς
3634 590 3734 647 πί-

438 629 552 699 bat,
584 635 733 698 Misi,
768 635 964 709 inquit,
992 642 1068 696 ad
1103 658 1192 698 vos
1221 647 1545 712 retinendos.
1579 652 1685 708 Hic
1716 668 1865 721 vero,
1897 671 2036 711 com-

441 718 707 790 pleamus,
751 726 847 795 ait,
889 729 1039 799 quod
1088 731 1444 793 institutionis
1491 739 1671 810 potius
1713 751 1815 813 est,
1854 718 2032 817 quam

441 810 898 872 conﬁrmationis.
945 819 1089 876 Illud
1129 824 1278 879 enim
1319 829 1584 900 compleri
1630 830 1897 903 dicimus,
1943 835 2033 891 cui

443 900 702 971 pusillum
729 905 860 976 quid
896 906 1104 964 deficit.

513 992 688 1049 Vnus.
731 1000 816 1052 11.
846 998 967 1067 Ipse
992 1003 1333 1059 autemDeus
1358 1009 1409 1060 et
1430 1009 1602 1063 Pater
1631 1014 1832 1078 noster,
1865 1017 1914 1068 et
1942 1017 2034 1069 Do-

439 1081 619 1137 minus
636 1089 814 1139 noster
831 1089 988 1143 Jesus
1009 1088 1278 1157 Christus,
1300 1094 1511 1164 dirigat
1530 1100 1676 1154 viam
1698 1107 1939 1158 nostram
1961 1105 2034 1159 ad

440 1185 555 1225 vos.
581 1172 834 1230 Ostendit
860 1177 1006 1248 quod
1035 1179 1206 1238 etiam
1233 1182 1381 1254 apud
1410 1186 1650 1257 seipsum
1680 1191 2030 1260 precabatur,

442 1267 504 1313 ut
539 1275 633 1316 eos
672 1261 901 1328 videret,
947 1267 1038 1338 qui
1086 1269 1309 1340 quidem
1356 1275 1728 1350 precatioan
1772 1281 2032 1352 Epistolaa

442 1347 608 1404 etiam
642 1349 952 1410 inseruerit.
994 1358 1062 1411 Et
1089 1373 1150 1413 se
1188 1375 1409 1433 quoque
1443 1347 1709 1435 defend-it,
1739 1347 1888 1440 quod
1918 1387 2032 1427 non

443 1450 506 1490 ex
535 1439 760 1509 segnitie
775 1442 1047 1531 relinquat
1061 1445 1213 1518 ipsos
1236 1467 1248 1503 :
1272 1450 1504 1521 perinde
1528 1457 1685 1525 quasi
1705 1439 1886 1514 dicat:
1913 1461 2032 1531 lpse

447 1525 589 1582 Deus
612 1529 893 1587 exscindat
911 1535 1239 1593 tentationes
1268 1540 1511 1612 undique
1535 1525 2033 1606 circumtrahentes

441 1628 564 1685 nos,
594 1625 656 1673 ut
681 1627 832 1677 recto
860 1621 1054 1681 itinere
1087 1624 1158 1683 ad
1188 1641 1282 1684 vos
1314 1630 1624 1690 veniamus.

509 1798 684 1854 Vens.
713 1804 796 1854 12.
837 1803 939 1857 Vos
956 1807 1139 1860 autem
1163 1810 1420 1866 Dominus
1444 1814 1768 1885 multiplicet
1791 1820 1844 1871 et
1867 1817 2037 1873 abun-

435 1885 566 1940 dare
596 1889 775 1954 faciat
808 1892 1135 1950 charitatem
1161 1902 1394 1954 vestram
1420 1903 1649 1958 invicem
1667 1909 1720 1960 et
1744 1906 1805 1960 in
1827 1921 2028 1962 omnes.

434 1972 628 2030 Viden’
645 1975 926 2036 charitatis
945 1981 1219 2041 insaniam
1237 2002 1362 2058 quae
1376 1988 1625 2046 cohiberi
1643 1995 1869 2065 nequit?
1885 1997 2026 2051 Nam
2056 1997 2102 2059 B

431 2070 488 2117 et
516 2065 778 2122 excellere
805 2076 861 2123 et
898 2069 1179 2129 abundare
1201 2091 1298 2132 eos
1337 2078 1393 2133 in
1420 2078 1714 2138 dilectione
1741 2093 2024 2154 precatur;

433 2159 489 2206 et
526 2168 639 2209 non
679 2156 861 2213 solum
899 2175 1040 2232 erga,
1072 2177 1132 2219 se
1171 2174 1402 2233 mutuo,
1447 2183 1634 2226 verum
1697 2172 1863 2229 etiam
1903 2190 2027 2248 erga

428 2257 642 2298 omnes.
671 2244 856 2302 Isthuc
883 2249 1030 2305 enim
1061 2259 1146 2307 est
1179 2253 1380 2312 divina:
1405 2256 1689 2317 charitatis
1715 2244 2024 2334 proprium,

429 2346 625 2388 omnes
661 2335 971 2407 complecti.
1015 2341 1159 2397 Nam
1189 2342 1236 2398 si
1266 2343 1412 2402 hunc
1439 2346 1658 2420 diligas,
1697 2350 1856 2409 illum
1897 2369 2024 2411 vero

430 2435 546 2476 non
582 2421 738 2490 item,
783 2423 1024 2484 humana
1060 2429 1164 2488 ista
1203 2434 1442 2492 amicitia
1488 2445 1594 2494 est.

499 2511 963 2579 Quemadmodum
979 2523 1030 2574 et
1043 2536 1138 2576 nos
1154 2537 1282 2593 erga
1295 2540 1403 2580 vos.
1441 2527 1588 2584 Nam
1606 2529 1757 2602 quod
1773 2540 2022 2590 nostrum

425 2609 526 2670 est,
558 2600 758 2674 inquit,
784 2620 1024 2676 praesens
1045 2617 1130 2666 est
1159 2630 1172 2667 :
1209 2613 1360 2685 quod
1383 2631 1508 2673 vero
1538 2600 1784 2676 ves—trum
1826 2627 1929 2690 est,
1964 2623 2022 2680 id

425 2688 484 2745 in
512 2699 792 2761 posterum
825 2693 943 2752 ﬁeri
973 2713 1234 2772 rogamus
1263 2721 1276 2757 :
1310 2702 1522 2764 habetis
1556 2708 1708 2766 enim
1737 2726 1843 2768 nos
1870 2728 2023 2768 men-

429 2794 615 2835 suram
638 2790 694 2837 et
729 2786 1044 2857 exemplum
1074 2787 1410 2852 dilectionis.

497 2871 678 2927 Vsus.
713 2877 800 2928 13.
824 2873 920 2930 Ad
941 2880 1306 2948 conﬁrmanda
1337 2886 1501 2940 corda
1533 2891 1715 2942 vestra
1744 2891 2024 2961 inculpata

425 2959 483 3012 in
518 2963 804 3017 sanctitate
839 2969 962 3019 ante
992 2971 1163 3023 Deum
1200 2975 1252 3026 et
1286 2975 1509 3030 Patrem
1549 2981 1810 3046 nostrum,
1841 2959 1907 3034 in
1927 2982 2023 3036 ad-

420 3053 582 3103 ventu
603 3051 822 3106 Domini
838 3057 1014 3111 nostri
1033 3059 1155 3114 Jesu
1181 3059 1388 3117 Christi
1407 3079 1527 3119 cum
1546 3067 1797 3122 omnibus
1819 3072 2020 3125 sanctis

419 3135 554 3204 ejus.
596 3137 936 3198 Charitatem
965 3143 1098 3215 ipsis
1129 3146 1345 3206 lucrum
1388 3149 1591 3209 afferre
1631 3156 1860 3224 asserit,
1907 3173 2019 3214 non

421 3225 638 3281 amatis.
689 3228 986 3285 Abundare
1043 3250 1272 3306 namque
1321 3254 1411 3293 vos
1460 3243 1745 3307 Dominus,
1807 3245 2016 3318 inquit,

421 3313 596 3380 faciat
631 3317 691 3368 in
730 3317 1024 3389 charitate,
1066 3323 1141 3379 ad
1179 3330 1553 3396 conﬁrmanda
1595 3332 1762 3387 corda
1811 3313 2012 3393 vestra.
2053 3345 2098 3408 ί]

425 3402 534 3458 Per
565 3405 872 3462 Dominum
911 3417 1099 3468 autem
1144 3414 1411 3487 Spiritum
1456 3419 1746 3494 intelliges,
1788 3425 2016 3496 perinde

421 3506 485 3545 ac
529 3507 762 3566 magnus
816 3498 1046 3558 Basilius
1097 3504 1488 3578 interpretatus
1531 3519 1634 3566 est.
1681 3513 1819 3584 Quis
1867 3517 2013 3574 enim

419 3580 556 3638 alius
579 3584 925 3643 confirmabit
941 3589 1464 3666 irreprehensibiles,
1491 3615 1678 3656 coram
1704 3580 1826 3658 beo
1853 3607 2014 3662 Patre

419 3668 472 3758 in
521 3671 756 3730 adventu
803 3675 1038 3748 Christi,
1087 3697 1259 3754 quam
1296 3686 1533 3758 Spiritus
1575 3692 1845 3749 omnino?
1887 3696 2010 3750 Non

417 3757 550 3815 dixit
576 3773 764 3820 autem
808 3782 822 3821 :
855 3768 936 3823 Ut
959 3785 1054 3825 vos
1078 3757 1394 3846 conﬁrmet,
1414 3777 1531 3848 sed,
1562 3780 1756 3836 Corda.
1779 3783 1824 3837 E
1848 3783 2012 3840 corde

417 3849 563 3904 enim
600 3853 955 3923 egrediuntur
981 3861 1342 3931 cogitationes
1379 3882 1563 3938 pravae
1591 3871 1634 3923 ι’.
1666 3869 1805 3926 Fieri
1839 3872 2010 3928 etiam

416 3946 618 4009 potest,
649 3949 710 3997 ut
738 3943 938 4016 aliquis
965 3947 1101 4004 nihil
1136 3953 1266 4008 mali
1302 3969 1634 4028 persequens
1663 3974 1828 4031 opere
1867 3961 2008 4033 ipso,

416 4041 610 4096 pravus
630 4035 815 4088 tamen
849 4035 923 4091 sit
949 4079 964 4105 ,
989 4053 1186 4110 nempe
1208 4041 1448 4111 invidus,
1470 4045 1762 4118 impostor,
1788 4049 2010 4122 injuria-

412 4130 537 4172 rum
553 4133 789 4189 memor,
813 4139 1063 4193 perversa
1084 4127 1346 4202 dogmata
1365 4130 1592 4190 habens.
1615 4138 2009 4198 Immaculatus

411 4219 540 4276 ergo
565 4214 690 4263 tum
720 4225 845 4265 vere
876 4222 958 4270 est
985 4214 1176 4284 homo,
1204 4220 1428 4291 quando
1450 4237 1548 4279 cor
1566 4240 1733 4284 suum
1761 4239 1959 4301 purgat
1989 4251 2003 4287 :

412 4303 534 4348 tum
573 4304 629 4350 et
656 4299 1006 4358 sanctitatem
1051 4303 1240 4363 habet.
1284 4310 1556 4370 Sanctitas
1597 4315 1742 4372 enim
1764 4299 2006 4390 proprie

407 4381 611 4438 dicitur
656 4387 1024 4460 continentia,
1067 4397 1545 4465 quemadmodum
1595 4410 1653 4460 et
1689 4381 2002 4478 impuritas,

406 4469 693 4532 fornicatio
720 4485 775 4532 et
799 4477 1146 4540 adulterium.
1173 4487 1235 4542 In
1261 4488 1579 4548 universum
1603 4502 1809 4566 autem,
1835 4511 2004 4555 omne

2139 685 2302 730 στεως
2325 665 2608 743 ἐδεδοίκει,
2633 695 2658 720 ι
2681 665 2948 752 Ἔπεμψα
2964 716 2981 748 ,
3003 697 3029 724 υ
3057 672 3215 752 φησὶν
3248 699 3273 729 ι
3305 676 3376 743 εἷς
3403 676 3462 734 τὸ
3487 677 3735 756 στηρίξαι

2139 754 2291 825 ὑμᾶς·
2319 780 2342 806 υ
2373 756 2593 815 ἐνταῦθα
2619 754 2673 815 δὲ
2691 802 2707 830 ,
2742 786 2764 812 «ι
2796 760 3152 838 Κοιταρτίσαι⁹
3178 788 3199 815 ι
3224 766 3405 843 φησίν·
3435 765 3463 823 δ
3485 768 3740 825 διδασκα-

2138 840 2254 907 λίας
2307 845 2510 914 μᾶλλόν
2568 847 2836 936 ἐστιν,ηῆ
2888 840 3248 928 βεϐαιώσεωςξ
3311 857 3736 936 Καταρτίζεσοαι

2139 929 2240 1010 γὰρ
2266 933 2433 993 ἐκεῖνο
2457 935 2678 1013 λέγομεν
2695 981 2710 1009 ,
2741 927 2785 1018 ᾧ
2817 927 2996 1017 ὀλίγον
3019 964 3071 999 τι
3095 941 3286 1003 λείπει.

2221 1049 2242 1072 α
2281 1023 2452 1092 Αὖτὸς
2482 1024 2536 1083 δὲ
2585 1029 2613 1084 6
2642 1027 2778 1094 Θεὸς
2825 1029 2913 1088 καὶ
2954 1028 3146 1110 Πατὴρ
3175 1035 3367 1110 ἡμῶν,
3413 1033 3504 1092 καὶ
3546 1039 3574 1094 6
3624 1037 3739 1097 Κύ-

2143 1133 2244 1186 ριος
2293 1116 2448 1189 ἡμῶν
2520 1113 2724 1185 Ἰησοῦς
2791 1119 3021 1197 Χριστὸς
3089 1121 3404 1182 κατευθύναι
3464 1123 3562 1196 τὴν
3616 1126 3735 1185 ὁδὸν

2141 1203 2293 1276 ἡμῶν
2323 1201 2446 1280 πρὸς
2479 1205 2637 1280 ὑμᾶς.
2666 1233 2690 1258 ν
2725 1204 2997 1266 Δείκνυσιν
3020 1253 3035 1281 ,
3055 1209 3134 1268 ὅτι
3159 1209 3251 1269 καὶ
3277 1215 3395 1270 καθ’
3424 1213 3606 1272 ἑαυτὸν
3634 1214 3746 1285 ηὔ-

2141 1313 2267 1368 χετο
2299 1293 2425 1350 ἰδεῖν
2456 1292 2673 1367 αὐτοὺς,
2700 1293 2753 1363 ὅς
2781 1319 2841 1373 γε
2867 1296 2959 1354 καὶ
2990 1299 3043 1356 ἐν
3066 1302 3132 1374 τῇ
3170 1299 3466 1382 Ἐπιστολῇ
3502 1305 3598 1374 τὴν
3640 1306 3733 1364 εὖ·

2139 1378 2241 1458 χὴν
2274 1380 2552 1448 ἐντίθησιν·
2598 1383 2713 1458 ἅμα
2743 1383 2797 1444 δὲ
2827 1386 2916 1443 καὶ
2962 1389 3308 1465 ἀπολογεῖται
3329 1437 3346 1466 ,
3379 1378 3462 1450 ὅτι
3504 1395 3564 1452 οὐ
3594 1393 3734 1453 κατὰ

2141 1469 2401 1549 ῥᾳθυμίαν
2435 1473 2782 1533 ἀπολείπεται
2815 1477 3024 1549 αὐτῶν,
3058 1480 3126 1544 ὡς
3173 1478 3235 1537 ἂν
3268 1483 3312 1540 εἶ
3363 1481 3561 1562 ἔλεγεν·
3614 1487 3728 1544 Αὖ-

2140 1559 2225 1626 τὸς
2254 1559 2308 1618 δὲ
2339 1564 2366 1619 6
2396 1561 2530 1628 Θεὸς
2574 1562 2796 1645 ἕκκόψαι
2842 1563 2961 1632 τοὺς
2991 1567 3319 1646 πειρασμοὺς
3358 1559 3476 1637 τοὺς
3520 1595 3737 1631 παντα-

2141 1653 2238 1726 χοῦ
2296 1649 2669 1742 περιέλκοντας
2719 1657 2900 1732 ἡμᾶς,
2951 1651 3038 1714 ἵνα
3086 1657 3243 1736 ὀρθὴν
3288 1656 3385 1731 τὴν
3437 1660 3553 1724 ὁδὸν
3607 1661 3740 1742 πρὸς

2140 1741 2278 1816 ὑμᾶς
2307 1738 2568 1816 ἔλθωμεν.

2221 1855 2244 1879 ι
2278 1827 2455 1904 Ὑμᾶς
2507 1830 2563 1890 δὲ
2610 1835 2638 1890 6
2673 1830 2866 1912 Κύριος
2911 1834 3204 1894 πλεονάσαι
3236 1836 3326 1895 καὶ
3381 1839 3734 1918 περισσεύσαι

2139 1921 2203 1996 τῇ
2236 1918 2419 1999 ἀγάπῃ
2453 1921 2524 1987 εἷς
2556 1921 2815 1990 ἀλλήλους
2846 1923 2900 1961 ²⁵
2930 1924 3021 1984 καὶ
3051 1926 3124 1992 εἷς
3165 1925 3390 1996 πάντας.
3436 1955 3461 1982 n
3562 1927 3734 2011 Ὁρᾷς

2137 2006 2330 2084 μανίαν
2383 2008 2593 2086 ἀγάπης
2648 2011 2976 2087 ἀκάθεκτον,
3036 2014 3117 2072 ὅτι
3163 2014 3255 2074 καὶ
3306 2017 3597 2078 πλεονάσαι
3640 2020 3736 2078 καὶ

2139 2103 2482 2178 περισσεῦσαι
2530 2098 2717 2167 αὐτοὺς
2750 2103 2804 2160 ἐν
2963 2103 3149 2184 ἀγάπῃ
3198 2103 3450 2186 εὔχεται;
3497 2109 3590 2166 καὶ
3635 2111 3732 2169 οὐκ

2138 2188 2210 2254 εἷς
2234 2188 2494 2276 ἀλλήλους
2515 2189 2672 2265 μόνον
2695 2235 2710 2262 ,
2747 2189 2864 2248 ἀλλ’
2893 2192 2965 2258 εἷς
2995 2191 3222 2263 πάντας.
3307 2199 3484 2256 Τοῦτο
3514 2196 3617 2276 γὰρ
3636 2203 3733 2270 τῆς

2137 2275 2274 2334 κατὰ
2318 2275 2457 2337 Θεὸν
2501 2277 2713 2355 ἀγάπης
2742 2277 2912 2354 ἴδιον,
2943 2279 3004 2339 τὸ
3053 2283 3256 2349 πάντας
3298 2275 3733 2366 περιπλέκεσθαι·

2138 2366 2229 2426 ἐὰν
2263 2363 2319 2425 δὲ
2350 2365 2437 2425 τὸν
2475 2368 2618 2427 δεῖνα
2650 2367 2749 2446 μὲν
2771 2413 2788 2448 ,
2820 2368 2908 2429 τὸν
2941 2371 3086 2430 δεῖνα
3119 2373 3165 2432 δ’
3199 2371 3258 2432 οδ
3277 2418 3294 2448 ,
3315 2363 3438 2434 κατ’
3459 2374 3737 2457 ἄνθρωπον

2135 2459 2168 2527 ἡ
2197 2456 2366 2538 φιλία.

2216 2573 2242 2599 ι
2280 2545 2538 2626 Καθάπερ
2561 2546 2653 2605 καὶ
2671 2552 2826 2624 ἡμεῖς
2850 2551 2922 2616 εἷς
2945 2553 3104 2626 ὖμᾶς.
3131 2579 3155 2604 ιο
3186 2551 3264 2613 Τὸ
3304 2551 3398 2629 μὲν
3430 2553 3690 2636 ἡμέτερον
3711 2604 3729 2630 ,

2134 2634 2324 2717 φησὶν,
2376 2635 2480 2723 ἤδη
2534 2635 2663 2696 ἔστί·
2713 2639 2774 2698 τὸ
2826 2637 2878 2697 δὲ
2939 2641 3190 2723 ὑμέτερον
3248 2643 3433 2703 λοιπὸν
3483 2634 3731 2722 ἀξιοῦμεν

2132 2725 2395 2803 γενέσθαι.
2451 2719 2649 2806 Ἔχετε
2699 2727 2802 2808 γὰρ
2856 2726 3046 2811 μέτρον
3105 2719 3196 2790 καὶ
3239 2731 3584 2813 παράδειγμα
3631 2719 3730 2808 τῆς

2133 2814 2346 2891 ἀγάπης
2373 2821 2539 2892 ἡμᾶςο

2213 2931 2238 2957 α
2293 2905 2385 2972 Εἷς
2433 2903 2492 2962 τὸ
2523 2903 2766 2984 στηρίξαι
2809 2908 2958 2984 ὑμῶν
2991 2907 3085 2976 τὰς
3141 2909 3360 2989 καρδίας
3409 2913 3731 2988 ἀμέμπτους

2131 2996 2184 3053 ἐν
2259 2991 2528 3071 ἁγιωσύνῃ
2603 2992 2903 3074 ἔμπροσθεν
2978 3003 3070 3056 τοῦ
3127 3003 3270 3060 Θεοῦ
3343 3000 3434 3059 καὶ
3510 3004 3727 3082 Πατρὸς

2133 3084 2316 3158 ἡμῶν,
2377 3085 2428 3141 ἐν
2483 3086 2548 3161 τῇ
2611 3085 2874 3166 παρουσία
2936 3093 3028 3145 τοῦ
3089 3088 3287 3169 Κυρίου
3343 3093 3494 3167 ἡμῶν
3540 3089 3725 3161 Ἰησοῦ

2129 3173 2362 3249 Χριστοῦ
2409 3172 2545 3247 μετὰ
2595 3171 2805 3231 πάντων
2834 3177 2940 3233 τῶν
2983 3176 3147 3254 ἁγίων
3181 3177 3366 3240 αὐτοῦ.
3406 3205 3433 3232 ι
3469 3181 3724 3240 Δείκνυσι

2126 3258 2222 3332 τὴν
2255 3259 2469 3334 ἀγάπην
2503 3261 2680 3328 αὐτοῖς
2713 3261 2889 3343 κέρδος
2927 3265 3219 3345 φέρουσαν,
3247 3269 3305 3327 οὗ
3333 3271 3438 3336 τοῖς
3462 3270 3722 3351 φιλουμέ-

2124 3372 2247 3417 νοις.
2283 3377 2307 3404 ιι
2340 3349 2702 3429 Περισσεύσαι
2732 3378 2755 3403 ι
2783 3351 2918 3434 γὰρ,
2944 3356 3131 3436 φησὶν,
3162 3384 3185 3408 ιι
3215 3359 3354 3434 ὓμᾶς
3383 3361 3410 3417 6
3441 3349 3632 3439 Κύριος
3664 3361 3720 3417 ἐν

2121 3443 2188 3518 τῇ
2246 3439 2461 3520 ἀγάπῃ,
2515 3443 2587 3507 εἷς
2642 3439 2701 3500 τὸ
2757 3443 2998 3521 στηρίξαι
3055 3445 3150 3513 τὰς
3200 3447 3420 3526 καρδίας
3482 3452 3647 3526 ὕμῶν.
3683 3472 3713 3509 »

2123 3527 2322 3610 Κύριον
2353 3529 2405 3590 δὲ
2459 3528 2516 3588 τὸ
2571 3533 2799 3608 Πνεῦμα
2841 3532 3076 3607 νοήσεις,
3116 3539 3188 3603 ὡς
3223 3537 3312 3594 καὶ
3345 3541 3373 3596 6
3402 3538 3568 3617 μέγας
3602 3541 3723 3598 Βα-

2121 3618 2312 3685 σίλειος
2341 3618 2603 3693 ἐπέστησε
2631 3619 2704 3682 ³⁵.
2743 3621 2842 3690 Τίς
2871 3621 2973 3703 γὰρ
3004 3624 3160 3693 ἄλλος
3184 3625 3414 3706 στηρίξει
3458 3627 3723 3706 ἀμώμους

2121 3705 2418 3789 ἔμπροσθεν
2450 3713 2538 3769 τοῦ
2566 3711 2708 3769 Θεοῦ
2741 3710 2832 3769 καὶ
2878 3712 3094 3793 Πατρὸς
3125 3716 3178 3772 ἐν
3293 3705 3583 3797 γ-παρουσία
3624 3724 3721 3777 τοῦ

2121 3795 2386 3876 Χριστοῦ,
2432 3796 2467 3867 ἢ
2497 3797 2558 3856 τὸ
2592 3801 2816 3876 Πνεῦμα
2846 3801 3093 3876 πάντως;
3125 3795 3258 3864 Οὐκ
3279 3795 3408 3863 εἷπε.
3429 3806 3508 3879 δὲ,
3538 3805 3718 3882 ⁸)’μᾶς

2120 3885 2384 3976 στηρίξαι,
2418 3887 2575 3959 ἀλλὰ,
2610 3915 2635 3940 α
2658 3888 2772 3956 Τὰς
2793 3890 3032 3970 καρδίας.
3060 3918 3084 3945 ι
3110 3891 3212 3954 Ἐκ
3239 3893 3345 3973 γὰρ
3372 3899 3466 3967 τῆς
3494 3897 3720 3976 καρδίας

2121 3974 2420 4056 ἐξέρχονται
2463 3977 2799 4056 διαλογισμοὶ
2845 3981 3087 4060 πονηροί.
3178 3983 3287 4043 Καὶ
3334 3981 3504 4044 ἔνεστι
3549 3974 3718 4062 μηδὲν

2206 4043 2274 4056 ur.
2627 4043 2638 4055 I
2709 4043 2719 4056 I
2971 4043 3000 4060 ἰ
3430 4043 3439 4044 7
3549 4043 3560 4062 δ
3614 4043 3708 4058 ⁵“-’

2117 4065 2347 4143 πονηρὸν
2389 4064 2723 4145 πράττοντα,
2766 4068 2910 4145 ὅμως
2961 4071 3189 4148 πονηρὸν
3235 4063 3401 4147 εἶναι,
3439 4064 3584 4148 οἷον,
3621 4080 3717 4156 βα-

2117 4154 2440 4231 σκαίνοντα,
2495 4155 2898 4234 δολιευόμενον,
2952 4167 3416 4244 μνησικακοῦντα,
3469 4164 3716 4244 δόγματα

2115 4242 2309 4322 ἔχοντα
2341 4245 2761 4325 διεστραμμένα.
2814 4243 3068 4324 Ἄμωμος
3095 4240 3185 4308 οὖν
3217 4251 3338 4311 τότε
3379 4240 3551 4319 ὄντως*
3573 4254 3714 4313 ἐστὶν

2113 4334 2141 4390 6
2200 4331 2508 4412 ἄνθρωπος,
2561 4334 2648 4394 ὅτε
2699 4333 2796 4407 τὴν
2828 4336 3050 4417 καρδίαν
3102 4341 3403 4420 καθαρεύει-
3447 4340 3567 4401 τότε
3619 4344 3716 4402 καὶ

2112 4421 2410 4500 ἁγιωσύνην
2457 4422 2592 4504 ἔχει.
2651 4426 2858 4505 κυρίως
2909 4424 3005 4504 μὲν
3034 4430 3136 4508 γὰρ
3167 4430 3387 4509 λέγεται
3421 4430 3692 4510 ἁγιωσύνη

2113 4511 2524 4594 ἡσωφροσύνη,
2575 4511 2754 4593 ὥσπερ
2801 4515 2893 4575 καὶ
2925 4518 3227 4595 ἀκαθαρσία
3277 4524 3311 4590 ἡ
3362 4521 3585 4600 πορνεία
3616 4522 3711 4580 καὶ

403 4571 688 4632 peccatum
713 4575 796 4622 est
823 4567 1133 4643 impuritas,
1175 4583 1234 4631 et
1272 4579 1458 4635 omnis
1488 4581 1663 4638 virtus
1692 4593 1774 4641 est
1797 4587 1998 4643 sancti-

403 4656 484 4688 Ina
537 4655 923 4688 lmmnnnlnfnn
956 4670 1136 4688 -..ηιμ
1174 4665 1288 4688 -..-ι..
1322 4681 1430 4688 -_--
1474 4685 1637 4688 ,_,,,,,,
1674 4676 1717 4688 ,ι
1819 4679 1857 4688 ..ι
1897 4683 1907 4688 -

2124 4567 2144 4669 ίί
2913 4567 3064 4666 ¹πᾶσα
3096 4567 3335 4686 ἁμαρτία
3373 4567 3710 4688 ἀκιὰθαρσία,

401 4656 503 4706 tas.
535 4655 924 4715 lmmaculatos
952 4670 1138 4720 autem
1174 4665 1289 4720 vult
1317 4681 1434 4724 esse
1463 4685 1648 4727 coram
1672 4676 1792 4731 Deo
1816 4679 1996 4747 Patre,

397 4739 560 4795 etiam
587 4758 734 4801 nunc
767 4747 986 4818 quidem
1017 4769 1031 4807 :
1073 4767 1134 4808 ea
1164 4769 1404 4828 namque
1433 4767 1532 4815 est
1555 4761 1765 4820 sincera
1804 4764 1994 4836 virtus,

396 4843 519 4898 qua:
552 4845 740 4889 coram
787 4838 906 4893 Deo
939 4847 1042 4907 est,
1075 4857 1185 4898 non
1215 4860 1342 4918 quae
1377 4862 1570 4906 coram
1613 4848 1934 4910 hominibus
1976 4873 1991 4911 :

391 4918 838 5012 quandoquidem
887 4924 1048 4984 fallax
1097 4931 1169 4987 sit
1215 4935 1527 4994 humanum
1571 4938 1871 5012 judicium.
1929 4947 1993 5000 in

390 5005 630 5101 adventu
656 5027 785 5068 vero
811 5014 1037 5085 Christi;
1069 5035 1199 5077 nam
1236 5021 1402 5094 517
1429 5027 1498 5082 ab
1531 5005 1647 5100 ipso
1675 5029 1990 5101 judicamur

393 5092 447 5149 in
478 5109 779 5170 conspectu
820 5106 1014 5162 Patris.
1057 5111 1135 5166 Ut
1173 5092 1603 5188 igitur,_inqui-t,
1648 5092 1766 5177 sitis
1809 5121 1984 5178 incul-

391 5183 520 5255 pati,
560 5190 1032 5259 quemadmodum
1060 5213 1258 5257 omnes
1285 5205 1480 5260 sancti.

449 5471 473 5504 δ
509 5472 704 5530 Matth.
736 5493 842 5548 xv,
887 5486 974 5537 l9.

2107 4689 2200 4747 καὶ
2233 4699 2382 4749 πᾶσα
2414 4691 2576 4771 ἀρετὴ
2629 4692 2923 4770 ἁγιωσύνῃ.
2972 4694 3306 4771 Ἇμέμπτους
3353 4695 3407 4756 δὲ
3459 4698 3709 4776 βούλεται

2103 4767 2238 4837 εἶναι
2280 4767 2578 4859 ἔμπροσθεν
2632 4788 2722 4840 τοῦ
2768 4785 2910 4843 Θεοῦ
2953 4783 3047 4843 καὶ
3082 4786 3323 4867 Πατρὸς,
3357 4787 3448 4845 καὶ
3485 4793 3574 4846 νῦν
3605 4787 3707 4864 μὲν

2101 4865 2269 4943 (αὕτη
2319 4869 2421 4948 γὰρ
2471 4871 2756 4950 εἰλικρινής
2807 4875 2949 4932 ἐστιν
3006 4865 3220 4952 ἀρετὴ,
3251 4879 3286 4946 ἡ
3337 4875 3561 4935 ἐνώπιον
3611 4881 3705 4934 τοῦ

2101 4959 2276 5034 Θεοῦ,
2313 4959 2408 5017 οὐκ
2442 4957 2666 5018 ἐνώπιον
2707 4963 2812 5020 τῶν
2869 4961 3159 5042 ἀνθρώπων
3184 5007 3200 5036 ,
3241 4964 3355 5025 ἐπεὶ
3387 4963 3628 5046 σφαλερὰ
3665 4970 3701 5038 ἡ

2099 5045 2402 5126 ἀνθρωπίνη
2439 5047 2677 5128 κρίσις),
2717 5049 2809 5108 καὶ
2855 5053 2909 5110 ἐν
2943 5056 3008 5130 τῇ
3039 5052 3306 5133 παρουσία
3337 5053 3394 5112 δὲ
3436 5045 3529 5114 τοῦ
3561 5045 3703 5135 Χρι-

2095 5140 2224 5193 στοῦ
2277 5135 2347 5173 ²⁷”
2399 5138 2492 5196 καὶ
2529 5138 2634 5219 γὰρ
2690 5142 2780 5224 ὑπ’
2838 5143 2998 5201 αὐτοῦ
3053 5141 3361 5224 κρινόμεθαί
3399 5144 3700 5224 ἔμπροσθεν

2091 5228 2183 5281 τοῦ
2221 5225 2458 5305 Πατρός.
2543 5224 2667 5287 Ἵνα
2696 5219 2786 5288 οὖν
2807 5273 2824 5308 ,
2853 5229 3042 5312 φησὶν,
3079 5229 3298 5310 ἄμωμοι
3343 5223 3438 5306 ἦτε
3458 5278 3474 5307 ,
3503 5230 3695 5313 ὥσπερ

2092 5311 2184 5371 καὶ
2213 5311 2409 5382 πάντες
2437 5319 2486 5374 οἱ
2519 5315 2681 5396 ἅγιοι.

1777 5566 1967 5628 Varia:
2013 5571 2322 5641 lectiones.

446 5728 484 5760 ’⁵
520 5728 715 5792 ξαυτοὶις
755 5752 803 5793 ο,
883 5739 927 5773 ³⁸
956 5739 1156 5811 ᾐνίξατο
1181 5761 1260 5799 ιιι.
1344 5748 1388 5783 ³⁷
1415 5749 1600 5821 Κυρίου
1632 5769 1687 5809 οδ
