4104 6440
391 461 530 517 1305

1033 587 1319 648 ΚΕΦΛΛ.
1374 586 1458 647 Δ’.

470 721 496 744 ιι
527 694 609 753 Τὸ
634 689 851 766 λοιπὸν,
885 690 1132 774 ἀδελφοὶ,
1163 693 1444 772 ἐρωτῶμεν
1485 692 1626 768 ὑμᾶς
1669 688 1763 749 καὶ
1792 711 1982 768 παρα-

390 784 658 862 καλοῦμεν
734 784 788 841 έν
875 781 1057 862 Κυρίῳ
1114 780 1331 855 Ἰησοῦ,
1399 778 1574 849 καθὼς
1650 775 1984 859 παρελάϐετε

393 870 521 952 παρ’
575 877 763 947 ἡμῶν,
843 875 957 940 πῶς
1009 874 1087 932 δεῖ
1143 874 1282 950 ὑμᾶς
1333 872 1646 951 περιπατεῖν
1714 868 1806 928 καὶ
1865 867 1987 947 ἀρέυ

404 984 550 1022 σκειν
592 965 669 1044 τῷ
703 964 831 1041 Θεῷ
851 1008 868 1036 ,
903 960 991 1022 ἵνα
1021 961 1370 1043 περισσεύητε
1401 961 1627 1037 μᾶλλον.
1662 981 1692 1016 n
1733 956 1983 1033 Ἐπειδὴ,

391 1050 557 1131 φησὶ,
590 1051 715 1133 περὶ
766 1055 871 1111 τῶν
918 1051 1257 1125 καθηκόντων
1310 1049 1584 1131 διελέχθην
1635 1050 1793 1125 ὖμῖν,
1825 1047 1986 1108 ἀκού·

392 1163 521 1201 σατε
569 1143 661 1203 καὶ
717 1141 841 1222 περὶ
885 1144 991 1202 τῶν
1044 1138 1347 1219 ἀναγκαίων
1389 1140 1472 1199 ἀεὶ
1513 1137 1820 1199 ἀκούεσθαι.
1906 1136 1986 1197 Τὸ

389 1229 522 1311 γὰρ,
543 1257 569 1283 α
592 1230 815 1305 Λοιπὸν,
841 1260 864 1285 ι
888 1236 1046 1292 τοῦτο
1070 1232 1239 1304 δηλοῖ,
1263 1229 1531 1291 τουτέστιν
1548 1276 1564 1304 ,
1595 1228 1679 1289 ἀεὶ
1708 1227 1799 1288 καὶ
1828 1231 1899 1295 εἰς
1926 1226 1987 1286 rb

393 1320 646 1392 διηνεκές.
724 1319 873 1403 Ὅρα
906 1321 961 1382 δὲ
995 1318 1510 1403 ταπεινοφροσύνην,
1541 1320 1685 1389 ὅπως
1711 1318 1829 1379 οὐδὲ
1859 1317 1988 1396 πρὸς

396 1409 459 1470 τὸ
500 1401 832 1493 παρακαλεῖν
880 1410 1183 1481 ἀξιόπιστον
1215 1401 1402 1470 ἑαυτὸν
1446 1401 1580 1470 εἷναί
1617 1433 1807 1491 φησιν,
1850 1406 1987 1465 ἀλλὰ

394 1498 483 1558 τὸν
538 1501 772 1581 Χριστὸν
818 1500 1267 1584 παραλαμϐάνει,
1311 1508 1468 1561 τοῦτο
1516 1499 1684 1578 λέγων
1712 1548 1727 1569 ,
1786 1496 1867 1561 ὅτι
1916 1497 1988 1557 ’0

392 1590 621 1669 Χριστὸς
649 1596 786 1670 ὑμᾶς
810 1592 1118 1674 παρακαλεῖ
1141 1592 1211 1651 δι’
1243 1592 1375 1668 ἐμοῦ
1399 1589 1470 1650 ³⁸.
1553 1592 1635 1650 Τὸ
1660 1587 1738 1668 δὲ,
1772 1614 1798 1648 α
1833 1594 1987 1673 Παρ-

395 1679 644 1754 ελάϐετε,
675 1709 698 1735 ι
730 1686 789 1744 οὗ
823 1682 1075 1763 ῥημάτιον
1125 1680 1238 1740 ἐστὶ
1276 1678 1433 1758 μόνον
1453 1727 1472 1760 ,
1510 1678 1651 1738 ἀλλὰ
1689 1680 1779 1740 καὶ
1808 1704 1988 1761 πραγ-

394 1768 600 1847 μάτωνο
650 1772 743 1831 καὶ
794 1774 862 1832 δι’
914 1773 1083 1854 ἔργων
1124 1770 1227 1851 γὰρ
1276 1770 1541 1831 ἐδίδασκε.
1623 1770 1696 1831 Τί
1725 1769 1777 1832 δὲ
1809 1795 1985 1852 παρα-

391 1861 687 1939 καλοῦμεν;
731 1889 755 1916 οι
787 1861 907 1925 Ἵνα
947 1860 1302 1940 περισσεύητε
1336 1863 1558 1939 μᾶλλονο
1599 1884 1630 1917 ι
1680 1860 1980 1939 τουτέστιν,

387 1947 510 2011 Ἵνα
556 1953 717 2015 πλέον
759 1977 813 2014 τι
850 1957 944 2027 τῆς
990 1954 1204 2025 ἐντολῆς
1246 1953 1595 2034 φιλοτιμῆσθε
1650 1960 1851 2026 ποιεῖν,
1893 1953 1984 2013 καὶ

389 2041 743 2122 ὓπερϐαίνητε
767 2044 835 2105 τὰ
865 2043 1227 2122 έπιτάγματα.
1337 2036 1564 2123 ’Ὠσπερ
1606 2040 1711 2121 γὰρ
1755 2045 1789 2114 ἡ
1821 2048 1892 2120 γῆ
1924 2046 1981 2104 οὗ

390 2130 456 2188 τὰ
499 2133 904 2208 καταϐληθέντα
937 2133 1096 2211 μόνον
1122 2132 1175 2170 ³9
1219 2131 1399 2215 φέρει,
1441 2131 1579 2191 οὕτω
1611 2131 1703 2191 καὶ
1752 2136 1785 2204 ἡ
1831 2134 1978 2216 ψυχὴ

387 2221 483 2279 οὐκ
531 2222 732 2305 ὀφείλει
758 2221 1014 2285 ἵστασθαι
1056 2221 1217 2305 μέχρι
1263 2226 1367 2283 τῶν
1410 2220 1827 2300 ἐπιταγμάτων,
1862 2224 1982 2284 ἀλλ’

390 2311 748 2393 ὑπερϐαίνειν.

473 2423 503 2460 α
539 2402 743 2464 Οἴδατε
791 2401 895 2483 γὰρ
940 2401 1087 2470 τίνας
1135 2401 1501 2483 παραγγελίας
1542 2399 1816 2480 ἐδώκαμεν
1856 2404 1979 2478 ὑμῖν

389 2491 476 2552 διὰ
503 2497 596 2552 τοῦ
629 2492 828 2570 Κυρίου
868 2496 1020 2571 ἡμῶν
1056 2496 1233 2567 Ἰησοῦ
1262 2495 1518 2574 Χριστοῦ.
1546 2519 1570 2544 ιο
1656 2492 1977 2571 Παραγγέλ-

387 2582 496 2640 λειν
523 2581 576 2619 ³⁰
623 2582 766 2643 ἐστὶν
812 2582 900 2643 ἐπὶ
930 2586 1035 2642 τῶν
1080 2582 1376 2664 φευκτέων,
1420 2581 1454 2641 ἃ
1488 2582 1831 2661 πραττόμενα
1882 2580 1980 2659 μὲν

387 2673 608 2731 κόλασιν
632 2670 799 2753 φέρει·
843 2671 919 2749 μὴ
964 2671 1309 2753 πραττόμενα
1363 2671 1456 2751 δὲ,
1486 2671 1635 2730 οὖδὲν
1686 2670 1974 2750 ἐγκώμιον.

392 2761 513 2824 Εἰσὶ
543 2762 722 2839 μέντοι
762 2762 916 2841 τινὰ,
950 2762 985 2821 ἃ
1015 2764 1074 2822 οὗ
1119 2763 1196 2821 δεῖ
1229 2760 1650 2843 παραγγέλλειν,
1699 2760 1975 2839 τουτέστι,

386 2849 464 2927 μὴ
487 2855 622 2931 μετὰ
654 2854 875 2926 ἀπειλῆς
912 2852 1254 2913 ἀναστέλλειν
1276 2899 1291 2929 ,
1325 2853 1445 2911 ἀλλ’
1476 2854 1529 2911 ἐν
1656 2850 1846 2933 γνώμῃ
1871 2855 1976 2912 τῶν

382 2940 681 3002 ἀκουόντων
715 2945 827 3025 έᾷν·
865 2946 935 3010 ὥς
977 2942 1037 3001 τὸ
1081 2944 1310 3002 κενῶσαι
1346 2940 1631 3024 χρήματα,
1674 2940 1734 3001 rb
1776 2947 1980 3024 παρθε-

386 3029 576 3092 νεύειν.
604 3029 709 3113 ςιὋ
730 3032 1014 3110 δυνάμενος
1030 3061 1050 3083 -
1066 3032 1189 3112 γὰρ,
1203 3031 1358 3112 φησὶ,
1382 3059 1406 3084 α
1424 3038 1643 3113 χωρεῖν,
1667 3031 1930 3113 χωρείτω.
1955 3060 1979 3085 ι

388 3119 551 3189 Εἰκὸς
570 3112 660 3180 οῦν
676 3120 832 3203 [φησὶ
846 3124 888 3202 ],
905 3121 992 3182 τὸν
1016 3124 1230 3183 Παῦλον
1262 3112 1625 3204 παραγγεῖλαι
1652 3124 1826 3189 αὐτοῖς
1846 3121 1982 3200 μετὰ

384 3212 583 3270 πολλοῦ
630 3211 795 3292 φόϐου
831 3213 955 3293 περί
983 3235 1158 3272 τινων.
1201 3211 1299 3272 Διὸ
1326 3213 1386 3272 οὗ
1415 3212 1620 3283 τίθησιν
1649 3211 1815 3287 αὐτὰ,
1859 3212 1984 3272 ἀλλ’

1244 455 1598 515 EXPOSI'I‘IO
1636 457 1703 514 IN
1740 455 1953 513 EPIST.
1995 456 2013 509 l
2055 455 2145 519 AD
2182 456 2416 514 THESS.
2458 490 2528 502 -—
2566 460 2718 518 CAP.
2765 464 2850 519 IV.

2014 587 2069 647 A

3560 473 3579 525 l
3594 471 3697 526 306

2723 588 2942 645 CAPUT
2983 592 3069 647 IV.

2165 695 2385 754 Vansd
2424 697 2581 767 Quod
2619 699 2887 769 reliquum
2915 702 3011 764 est,
3043 700 3270 771 fratres,
3306 717 3573 773 rogamus
3605 718 3696 761 vos

2093 790 2145 842 et
2172 788 2505 845 obsecramus
2538 791 2596 845 in
2624 791 2850 845 Domino
2869 791 3020 859 Jesu,
3060 792 3515 862 quemadmodum
3552 809 3696 850 acce«

2087 879 2252 948 pistis
2297 894 2333 934 a
2382 879 2531 935 nobis
2576 878 2836 950 quomodo
2883 883 3130 951 oporteat
3175 898 3272 937 vos
3303 882 3581 940 ambulare
3621 899 3689 940 ac

2088 966 2302 1037 placere
2346 970 2484 1039 Deo,
2540 973 2601 1023 ut
2648 968 2935 1025 abundetis
2967 972 3160 1041 magis.
3204 969 3693 1044 Quandoquidem,

2094 1054 2288 1130 inquit,
2336 1055 2408 1113 de
2450 1057 2518 1113 iis
2558 1072 2682 1130 qua:
2723 1056 2919 1114 decent
2950 1057 3097 1132 apud
3140 1075 3238 1116 vos
3282 1061 3499 1119 locutus
3539 1077 3691 1133 sum,

2094 1145 2280 1202 audite
2320 1161 2486 1219 porro
2515 1145 2583 1204 de
2625 1147 2692 1204 iis
2721 1162 2844 1219 quas
2874 1162 3091 1221 semper
3113 1150 3303 1206 auditu
3330 1159 3462 1207 sunt
3497 1167 3691 1209 neces-

2096 1234 2256 1293 saria.
2300 1238 2446 1293 Nam
2478 1235 2646 1307 istud,
2680 1237 2836 1306 Quod
2884 1239 3153 1309 reliquum
3181 1246 3283 1308 est,
3331 1238 3439 1297 hoc
3489 1241 3696 1314 signiﬁ-

2095 1334 2204 1395 cat,
2249 1324 2357 1382 hoc
2400 1334 2483 1382 est
2510 1341 2735 1399 semper
2778 1334 2833 1384 et
2869 1335 3152 1400 perpetuo.
3190 1327 3333 1385 Vide
3367 1338 3550 1386 autem
3580 1332 3695 1404 ejus

2096 1414 2488 1481 humilitatem,
2546 1415 3018 1489 quemadmodum
3059 1434 3126 1474 ne
3174 1417 3245 1475 ad
3290 1417 3691 1477 obsecrandum

2095 1503 2319 1576 quidem
2375 1504 2476 1561 sibi
2534 1506 2673 1563 satis
2731 1521 2854 1563 esse
2912 1506 3252 1565 auctoritatis
3309 1509 3532 1582 putarit,
3598 1510 3694 1568 sed

2097 1592 2373 1652 Christum
2412 1603 2678 1664 assumat,
2719 1594 2976 1669 inquiens
3014 1617 3026 1653 :
3058 1594 3310 1654 Christus
3347 1613 3443 1655 vos
3474 1614 3571 1670 per
3600 1613 3693 1655 me

2096 1683 2366 1741 obsecrat.
2411 1685 2710 1757 Accepistis
2742 1694 2947 1756 autem,
2990 1701 3106 1742 non
3138 1693 3221 1743 est
3246 1686 3542 1744 verborum
3575 1696 3695 1745 tan-

2098 1780 2239 1841 tum,
2271 1788 2461 1830 verum
2492 1774 2657 1831 etiam
2689 1789 2918 1848 operum
2946 1792 2960 1830 :
2992 1790 3125 1831 nam
3154 1792 3252 1848 per
3278 1792 3446 1851 opera
3470 1793 3694 1851 quoque

2096 1862 2348 1920 docebat.
2405 1862 2552 1935 Quid
2617 1879 2748 1920 vero
2805 1864 3200 1922 obsecramus?
3272 1867 3343 1921 Ut
3402 1867 3694 1923 abundetis

2095 1956 2270 2025 magis
2297 1974 2314 2007 :
2348 1953 2457 2011 hoc
2480 1962 2584 2022 est,
2626 1962 2691 2011 ut
2722 1952 2931 2026 aliquid
2954 1970 3123 2028 supra
3156 1953 3483 2012 mandatum
3510 1955 3693 2013 facere

2094 2042 2859 2117 nitamini,,atque:imperata
2891 2045 3178 2117 superetis.
3209 2044 3690 2115 Quemadmodum

2090 2129 2236 2189 eniin
2273 2141 2418 2189 terra
2451 2149 2563 2190 non
2599 2148 2662 2189 ea
2702 2133 2884 2190 solum
2921 2148 3044 2207 quas
3083 2133 3137 2190 in
3167 2133 3347 2208 ipsam
3382 2134 3535 2208 jacta
3575 2134 3694 2191 fue-

2091 2221 2222 2291 rint,
2279 2221 2489 2295 profert
2549 2241 2564 2279 :
2625 2223 2703 2280 sic
2750 2223 2965 2279 animus
3015 2238 3130 2280 non
3180 2221 3348 2280 debet
3389 2223 3690 2281 consistere

2089 2312 2232 2369 intra
2276 2320 2570 2385 praecepta,
2610 2311 2707 2369 sed
2746 2328 2808 2369 ea
2848 2312 3015 2369 etiam
3056 2329 3337 2386 superare.

2161 2405 2340 2459 Vnus.
2394 2408 2446 2457 2.
2496 2404 2659 2460 Scitis
2706 2405 2849 2459 enim
2898 2419 3021 2474 qua:
3057 2408 3329 2475 prmeepta
3378 2403 3688 2459 dederimus

2088 2491 2236 2549 vobis
2275 2507 2386 2566 per
2422 2494 2709 2548 Dominum
2741 2498 2984 2549 nostrum
3014 2495 3193 2549 Iesum
3219 2493 3509 2551 Christum.
3546 2495 3692 2549 Prae-

2089 2589 2311 2654 ceptum
2340 2588 2425 2638 est
2453 2580 2521 2638 de
2563 2581 2626 2638 iis
2651 2597 2775 2654 quae
2805 2580 3057 2655 fugienda
3087 2589 3221 2638 sunt
3254 2600 3267 2637 :
3304 2596 3429 2655 quae
3457 2582 3501 2638 si
3530 2581 3686 2653 ﬁant,

2090 2685 2310 2744 pmnam
2341 2669 2519 2727 lerunt
2564 2689 2580 2726 :
2618 2685 2749 2727 non
2776 2679 2991 2743 peracta
3030 2686 3181 2739 vero,
3218 2670 3356 2727 nihil
3402 2679 3695 2728 merentur

2089 2759 2367 2833 praeconii.
2400 2762 2542 2817 Sunt
2564 2767 2749 2816 autem
2789 2758 3063 2834 quaedam,
3094 2774 3219 2832 qua:
3247 2776 3363 2816 non
3390 2767 3522 2817 sunt
3549 2775 3692 2832 prae-

2088 2849 2359 2923 cipienda,
2395 2848 2503 2905 hoc
2531 2859 2634 2918 est,
2678 2864 2793 2905 non
2822 2848 2991 2905 minis
3022 2848 3330 2906 cohibenda
3351 2890 3366 2919 ,
3402 2849 3499 2906 sed
3539 2849 3684 2905 arbi-

2086 2938 2192 2995 trio
2219 2939 2532 2996 auditorum
2564 2937 2947 3011 relinquenda,
2986 2946 3049 2994 ut
3077 2936 3359 2995 facultates
3384 2936 3689 3007 effundere,

2093 3027 2414 3103 virginitatis
2441 3036 2652 3085 statum
2682 3043 2915 3084 servare.
2951 3029 3095 3085 Nam
3127 3031 3230 3100 qui
3256 3033 3434 3099 potest
3477 3044 3687 3098 capere,

2091 3120 2295 3191 capiat,
2334 3118 2513 3191 inquit
2542 3118 2821 3175 Dominus
2846 3129 2882 3173 °.
2912 3117 3223 3174 Verisimile
3253 3126 3337 3173 est
3364 3117 3528 3190 igitur
3556 3120 3689 3173 Pauo

2091 3208 2207 3264 lum
2243 3206 2495 3281 quaedam
2524 3206 2630 3265 illis
2658 3222 2860 3280 magno
2899 3221 3030 3263 cum
3065 3214 3281 3263 terrore
3310 3205 3689 3263 demandasse.

390 3283 784 3379 ἀναμιμνήσκει
823 3283 1039 3369 αὐτούς.
1096 3303 1275 3362 Πάλιν
1306 3300 1361 3361 δὲ
1409 3302 1499 3361 τὸν
1540 3301 1773 3381 Χριστὸν
1799 3283 1894 3369 ἐἷς
1921 3303 1981 3363 τὸ

2092 3297 2465 3368 Quamobrem
2509 3312 2573 3354 ea
2606 3296 2788 3354 verbis
2826 3311 2937 3353 non
2975 3296 3257 3368 exprimit,
3301 3295 3399 3353 sed
3442 3296 3576 3367 ipsis
3620 3293 3692 3351 ad

385 3388 549 3467 μέσον
584 3389 811 3462 τίθησιν.
843 3390 965 3451 Οὔκ
999 3389 1106 3470 ἐμὰ
1138 3388 1265 3472 γὰρ,
1308 3391 1504 3472 φησὶν,
1550 3390 1584 3449 ἃ
1612 3389 1976 3472 παρήγγειλα,

386 3478 504 3540 ἀλλ’
533 3479 732 3541 ἐκείνου
767 3485 959 3541 ταῦτα*
1006 3479 1144 3541 ὥστε
1188 3484 1385 3549 ἐκεῖνος
1419 3478 1454 3553 ἢ
1498 3479 1897 3558 εἰσακούσεται,
1945 3479 1981 3554 ἢ

385 3571 672 3634 ἄθετεῖται.

464 3756 487 3782 α
522 3731 692 3791 Τοῦτο
714 3728 817 3811 γάρ
838 3731 951 3789 ἔστι
980 3724 1190 3807 θέλημα
1223 3733 1391 3801 Θεοῦ,
1422 3733 1451 3789 ὃ
1475 3728 1739 3808 ἁγιασμὸς
1762 3729 1932 3807 ὑμῶν.
1956 3755 1983 3781 τι

384 3818 677 3881 Τουτέστιν
710 3823 744 3891 ἡ
780 3818 1122 3899 σωφροσύνη.
1211 3821 1506 3898 Πανταχοῦ
1538 3817 1594 3878 δὲ
1621 3816 1746 3898 περὶ
1785 3817 1985 3893 ταύτης

384 3910 787 3990 παραγγέλλει,
815 3910 910 3969 καὶ
940 3908 1194 3990 Τιμοθέῳ
1231 3908 1449 3991 γράφων
1471 3954 1487 3982 ,
1522 3908 1616 3968 καὶ
1648 3907 1977 3988 Κορινθίοις,

389 3997 485 4058 καὶ
530 3997 826 4081 Ἑϐραίοις.
934 3999 1046 4061 Καὶ
1075 3998 1180 4080 γὰρ
1208 3998 1518 4082 τυραννικὸν
1549 3997 1612 4058 rb
1646 3998 1849 4071 πάθος,
1890 3998 1982 4059 καὶ

385 4092 466 4148 δεῖ
492 4091 705 4149 πολλῶν
735 4091 842 4148 τῶν
869 4090 1169 4171 φαρμάκων
1197 4088 1290 4149 καὶ
1319 4091 1579 4171 συνεχῶν.

460 4205 485 4231 α
518 4177 841 4259 Ἀπέχεσθαι
883 4178 992 4238 ἀπὸ
1020 4178 1200 4251 πάσης
1224 4178 1489 4258 πορνείας.
1517 4205 1542 4231 ι
1574 4176 1760 4238 Πολλὰ
1783 4176 1887 4259 γὰρ
1914 4176 1982 4238 τὰ

383 4268 499 4341 εἴδη
533 4267 734 4340 ταύτης
762 4268 856 4328 καὶ
879 4268 1227 4349 πολύπλοκα,
1265 4268 1300 4328 ἃ
1341 4269 1458 4332 οὐδὲ
1489 4270 1656 4329 εἰπεῖν
1680 4268 1940 4349 ἠνέσχετο
1958 4311 1976 4343 ,

381 4357 498 4419 ἀλλ’
526 4358 743 4434 ἁπλῶς,
769 4386 793 4412 ι
820 4357 1014 4434 Πάσης
1031 4402 1048 4433 ,
1082 4384 1109 4411 ι
1144 4347 1315 4419 εἶπεν.

2092 3388 2419 3443 memoriam
2472 3394 2693 3443 tantum
2748 3394 2987 3443 revocat.
3039 3386 3261 3443 Rursus
3309 3393 3495 3442 autem
3541 3383 3693 3442 Chri-

2089 3483 2237 3532 stum
2284 3475 2342 3531 in
2370 3475 2619 3531 medium
2665 3474 2901 3548 profert.
2948 3476 3071 3531 Non
3111 3490 3232 3531 mea
3280 3474 3451 3543 enim,
3484 3475 3687 3548 inquit,

2091 3564 2343 3638 praecepi,
2373 3563 2471 3620 sed
2500 3564 2644 3620 illius
2684 3570 2815 3620 sunt
2851 3564 2969 3620 haec
3008 3580 3021 3618 :
3059 3562 3248 3638 itaque
3278 3563 3371 3620 ille
3413 3563 3492 3620 vel
3534 3579 3692 3620 exau-

2089 3652 2272 3711 dietur
2296 3652 2377 3709 vel
2405 3650 2806 3726 reprobabitur.

2160 3745 2340 3800 Vens.
2396 3747 2445 3799 3.
2493 3745 2616 3800 Haec
2643 3747 2720 3797 est
2750 3744 2895 3798 enim
2940 3743 3191 3798 voluntas
3228 3743 3345 3806 Dei,
3380 3744 3687 3814 sanctiﬁca-

2092 3834 2164 3887 tio
2194 3836 2394 3889 vestra.
2441 3833 2500 3889 ld
2532 3840 2635 3900 est,
2664 3830 3062 3903 temperantia.
3121 3831 3347 3904 Ubique
3390 3840 3576 3888 autem
3620 3832 3690 3889 de

2092 3921 2195 3978 hac
2226 3921 2503 3995 praecipit;
2533 3919 2833 3978 Timotheo
2861 3920 3126 3977 nimirum
3157 3920 3447 3991 seribensd,
3486 3921 3683 3979 Corin-

2091 4010 2218 4068 thiis
2240 4023 2281 4080 °,
2316 4018 2371 4067 et
2403 4010 2655 4069 Hebraeis
2676 4011 2716 4068 ί.
2759 4010 3134 4084 Tyrannicum
3164 4010 3315 4069 enim
3347 4010 3558 4067 malum
3600 4019 3686 4068 est

2090 4100 2380 4173 impuritas
2397 4143 2413 4169 ,
2448 4108 2503 4158 et
2525 4100 2716 4157 multis
2741 4107 2796 4157 et
2819 4099 3094 4157 continuis
3118 4097 3433 4172 pharmacis
3460 4099 3683 4173 indiget.

2167 4194 2237 4248 Ut
2283 4192 2604 4247 abstineatis
2647 4190 2717 4246 ab
2768 4192 2917 4246 omni
2964 4192 3348 4260 fornicatione.
3405 4189 3684 4263 Siquidem

2090 4280 2279 4337 multae
2306 4288 2361 4337 et
2390 4281 2556 4337 varia:
2594 4278 2761 4354 hujus
2801 4279 2934 4336 mali
2976 4279 3193 4354 species
3239 4286 3390 4347 sunt,
3437 4294 3573 4351 quas
3614 4294 3687 4337 ne

2086 4368 2270 4426 dicere
2298 4368 2523 4443 quidem
2561 4369 2843 4440 sustinuit,
2879 4368 2977 4426 sed
3010 4368 3353 4444 simpliciter,
3392 4369 3477 4426 Ab
3513 4370 3684 4433 omni,

2085 4457 2241 4515 dixit.

458 4566 482 4591 ιι
528 4538 745 4600 Εἰδέναι
791 4538 1017 4601 ἕκαστον
1066 4542 1217 4617 ὑμῶν
1270 4538 1332 4598 rb
1382 4543 1573 4600 ἑαυτοῦ
1632 4548 1818 4609 σκεῦος
1845 4549 1974 4600 κτα·

2154 4550 2332 4606 Vnns.
2370 4552 2425 4604 4.
2478 4551 2547 4606 Ut
2604 4549 2742 4604 sciat
2785 4551 3160 4620 unusquisque
3204 4553 3462 4611 vestrum,
3526 4563 3686 4603 suum

376 4633 500 4688 σθαι
531 4632 585 4689 ἐν
616 4629 870 4712 ἂγιαωσμῶ
900 4629 992 4689 καὶ
1022 4633 1178 4709 τιμῇ.
1202 4654 1225 4682 ι
1274 4630 1474 4712 Σκεῦος
1499 4629 1562 4690 rb
1600 4632 1762 4709 σῶμά
1789 4653 1968 4712 φησιν.

375 4717 549 4778 Ὅταν
571 4718 668 4798 μὲν
699 4707 792 4777 οὖν
815 4707 1197 4801 σωφρονῶμεν,
1222 4718 1313 4778 καὶ
1415 4722 1648 4803 καθαρὸν
1677 4707 1772 4801 [ἐν
1802 4707 1971 4798 ἅγια-

376 4811 497 4889 σμῷ
514 4813 559 4887 ],
605 4811 763 4884 ἡμεῖς
794 4808 921 4868 αὐτὸ
949 4807 1226 4884 κτώμεθαο
1273 4810 1400 4869 ὅταν
1424 4809 1479 4870 δὲ
1511 4811 1814 4891 ἇκάθαρτον
1849 4802 1906 4890 ᾖ,
1933 4815 1969 4883 ἡ

375 4896 614 4979 ἁμαρτία
643 4896 774 4957 αὗτδ
801 4906 1015 4967 κτᾶται,
1068 4896 1132 4958 Ἃ
1163 4897 1267 4978 γὰρ
1306 4898 1480 4973 ἐκείνη
1512 4900 1804 4975 ἕπιτάττει,
1831 4909 1973 4960 ποιεῖ

375 4987 501 5048 αὐτὸ
518 4990 589 5056 ὣς
604 4988 808 5047 δοῦλον.
837 4986 1001 5049 Ἀλλὰ
1022 4988 1076 5048 δὲ
1100 4989 1124 5069 [
1216 4987 1317 5070 δὴ]
1335 4990 1427 5049 καὶ
1441 4990 1559 5050 τότε
1575 4990 1716 5051 ἔστὶν
1738 4992 1794 5050 ἐν
1808 4995 1968 5072 τιμῇ,

373 5078 458 5137 ὅτε
487 5087 772 5158 σωφρονεῖ.
808 5074 988 5139 Ὥστε
1016 5082 1052 5151 ἡ
1084 5078 1350 5159 ἁμαρτία,
1379 5079 1593 5157 ἀτιμία.
1650 5080 1971 5157 Σημείωσαι

375 5168 429 5227 δὲ
459 5166 551 5242 rb,
581 5166 858 5229 «Εἰδέναιυ
879 5195 906 5221 ιο
935 5167 1167 5228 δείκνυσι
1188 5166 1293 5249 γὰρ
1324 5168 1407 5228 ὅτι
1434 5168 1711 5242 ἀσκήσεως
1739 5170 1830 5230 καὶ
1864 5195 1971 5249 μα-

374 5256 574 5330 θήσεώς
616 5259 731 5317 ἐστι
780 5257 842 5317 rb
882 5257 1194 5338 σωφρονεῖν.
1257 5256 1368 5319 Καὶ
1419 5262 1521 5318 ποῦ
1551 5260 1600 5319 οί
1650 5257 1745 5327 τὰς
1786 5259 1966 5342 φύσεις

374 5347 675 5429 εἰσάγοντες
701 5348 1002 5430 Μανιχαῖοι
1025 5347 1118 5407 καὶ
1147 5348 1554 5429 Μαρκιωνισταί
1567 5374 1584 5424 ;

447 5624 469 5651 ⁸
494 5611 693 5672 Matth.
724 5627 856 5671 xu.
887 5619 973 5670 12.
1046 5613 1074 5651 ⁸
1104 5617 1126 5671 ι
1158 5612 1310 5672 Tim.
1341 5629 1400 5685 v,
1442 5618 1533 5673 22.
1609 5616 1675 5672 Ἰ
1703 5618 1825 5676 Cor.
1856 5629 2018 5692 v1,6.

2085 4639 2261 4709 ipsius
2307 4653 2403 4693 vas
2450 4638 2728 4709 possidere
2778 4639 2840 4693 in
2892 4639 3312 4708 sanctiﬁcatione
3352 4640 3424 4692 'et
3461 4637 3681 4692 honore.

2080 4730 2189 4783 Vas
2237 4742 2437 4797 corpus
2484 4727 2670 4800 ipsum
2700 4727 2961 4799 appellat.
3003 4724 3240 4796 Quando
3296 4725 3450 4782 enim
3504 4725 3682 4782 conti-

2082 4824 2278 4872 nentes
2319 4831 2533 4884 sumus,
2592 4831 2900 4889 corpusque
2957 4814 3127 4887 518
3172 4828 3372 4887 purum
3421 4822 3525 4884 est,
3581 4829 3686 4871 nos

2081 4905 2267 4979 ipsum
2314 4905 2679 4978 possidemus.
2718 4903 2954 4975 Quando
3004 4919 3134 4961 vero
3163 4904 3452 4976 impurum
3491 4902 3677 4975 fuerit,

2080 5001 2366 5066 peceatum
2392 4995 2572 5067 ipsum
2601 4992 2849 5067 possidet
2878 5013 2890 5050 :
2918 5007 3043 5065 qua!
3066 4992 3220 5050 enim
3240 4991 3387 5049 istud
3422 4991 3684 5066 imperat,

2080 5084 2224 5141 istuc
2254 5082 2381 5140 facit
2410 5084 2551 5140 sicut
2589 5099 2802 5141 servus.
2842 5084 3053 5141 Verum
3086 5089 3205 5140 tum
3235 5089 3320 5139 est
3356 5081 3413 5138 in
3451 5081 3684 5151 honore,

2078 5174 2301 5248 quando
2347 5172 2599 5231 sobrium
2640 5180 2723 5230 est
2759 5180 2813 5230 et
2854 5171 3134 5247 pudicum.
3178 5175 3470 5229 Peccatum
3514 5171 3682 5245 igitur

2078 5267 2162 5321 est
2199 5262 2522 5337 ignominia.
2552 5262 2801 5321 Observa
2842 5269 3029 5320 autem
3069 5259 3217 5334 quod
3263 5261 3363 5327 ait,
3416 5263 3484 5317 Ut
3523 5263 3683 5318 sciat.

2080 5352 2296 5411 [ndicat
2337 5353 2488 5411 enim
2532 5353 2843 5411 castitatem
2877 5360 2933 5410 et
2969 5351 3375 5409 continentiam
3424 5366 3562 5424 opus
3581 5349 3680 5407 ha-

2078 5442 2210 5500 bere
2230 5442 2491 5500 exercitio
2515 5450 2575 5500 et
2595 5441 2901 5516 disciplina.
2923 5442 3108 5515 Atque
3128 5441 3224 5497 ubi
3240 5448 3371 5498 sunt
3389 5439 3682 5498 Manichaai

2076 5540 2132 5592 et
2154 5532 2532 5592 Mareionistm
2550 5533 2646 5607 qui
2672 5540 2902 5591 naturas
2921 5532 3190 5591 inducunt
3207 5535 3233 5588 Ρ

2097 5622 2117 5659 ί
2143 5622 2307 5681 Hebr.
2328 5638 2451 5695 xu,
2486 5628 2574 5680 14.

1765 5701 1962 5765 Varia
2007 5705 2308 5767 lectiones.

442 5774 493 5814 ss
520 5773 662 5848 ἡμῶν
682 5790 739 5833 ο,
813 5773 860 5810 ²⁹
885 5777 1016 5847 μόνα
1045 5789 1099 5832 ο.
1175 5774 1222 5811 ⁸⁸
1241 5775 1555 5848 παραγγελία
1585 5790 1641 5836 o.
1721 5775 1761 5812 ⁸⁸
1792 5780 1843 5836 ἂν
1873 5801 1927 5843 οι
