4104 6444
398 438 536 493 i307
1427 435 1942 493 THEOPHYLACTI
1979 436 2338 496 BULGARM‘]
2374 441 2688 499 ABCHIEP.

3564 451 3706 504 i308

468 564 653 620 Vnus.
683 567 734 619 5.
768 565 885 621 Non
908 565 966 618 in
995 564 1244 635 passione
1271 563 1552 618 desiderii.
1591 565 1712 619 Hoc
1736 570 1840 628 est,
1870 577 1983 618 non

2177 591 2201 619 α
2224 565 2318 640 Μὴ
2350 569 2403 628 ἐν
2429 568 2586 628 πάθει
2611 569 2910 648 ἐπιθυμίας,
2940 597 2964 622 ι»
2989 571 3249 632 Τουτίστι
3277 620 3292 650 ,
3327 571 3402 651 μὴ
3435 575 3488 632 ἐν
3520 576 3700 634 ἐπιθυ-

395 651 448 706 in
490 651 768 710 desiderio
812 653 1115 724 passionem
1163 652 1403 708 habente
1452 673 1464 708 :
1510 668 1638 708 nam
1691 660 1778 708 est
1824 651 1996 708 etiam

2110 655 2205 736 μία
2239 658 2404 725 πάθος
2433 659 2650 738 ἐχούσῃο
2703 662 2816 719 ἔστι
2857 659 2960 740 γὰρ
3007 663 3096 720 καὶ
3153 661 3408 735 ἐπιθυμία
3453 663 3700 736 ἀπαθὴς,

389 740 718 798 desiderium
759 743 964 814 absque
1001 743 1274 814 passione,
1335 740 1484 814 quod
1516 751 1600 797 est
1638 757 1822 797 rerum
1852 740 1993 796 divi-

390 846 602 888 uarum.
635 833 729 889 Vel
765 833 912 905 quod
941 832 1121 888 omnia
1160 831 1661 902 concupiscentiam
1692 829 1992 887 accenden-

393 920 466 975 tia
526 921 788 978 desiderii
850 922 1130 994 passiones
1194 919 1464 988 nominet,
1535 920 1695 977 veluti
1760 919 1992 986 deliciae,

388 1025 550 1081 opes,
578 1012 779 1081 otium,
816 1011 1092 1080 socordia,
1122 1009 1405 1083 quodlibet
1446 1010 1646 1066 horum
1678 1009 1785 1065 dici
1817 1008 1992 1082 possit

391 1115 569 1170 passm
600 1100 879 1158 desiderii.
914 1103 1027 1158 Nos
1055 1101 1260 1174 itaque,
1293 1098 1336 1155 si
1367 1099 1597 1156 velimus
1621 1115 1742 1156 esse
1773 1107 1984 1171 tempe-

392 1198 594 1260 rantes,
627 1191 830 1247 nullam
859 1189 1209 1248 affectionem
1240 1205 1363 1262 quas
1390 1188 1750 1262 cupiditatem
1779 1203 1978 1244 accen-

392 1279 506 1346 dat,
533 1279 822 1338 admittere
851 1289 1092 1354 oportet.

465 1372 624 1428 Sicut
680 1377 730 1427 et
777 1376 959 1441 gentes
1007 1387 1126 1442 quo:
1173 1374 1424 1440 ignorant
1472 1374 1657 1426 Deum.
1706 1371 1849 1425 Nam
1896 1367 1992 1440 qui

394 1461 572 1516 Deum
627 1477 738 1516 non
805 1470 1095 1529 noverunt,
1164 1476 1346 1534 neque
1401 1458 1782 1516 retributionis
1837 1473 1989 1530 spem

397 1547 600 1605 habent
627 1570 638 1606 :
669 1549 894 1622 proinde
929 1551 1111 1606 omnia
1143 1549 1410 1622 voluptati
1454 1547 1723 1604 tribuunt.

465 1640 647 1696 Vnus.
689 1645 742 1696 6.
773 1643 840 1696 Ut
863 1656 967 1695 non
993 1641 1454 1708 transgrediatur,
1485 1655 1659 1709 neque
1690 1641 1988 1692 circumve-

397 1732 515 1784 niat
559 1733 616 1784 in
653 1733 860 1798 negotio
897 1733 1130 1798 fratrem
1160 1746 1336 1784 suum.
1379 1731 1555 1801 Supra
1594 1726 1824 1800 quidem
1853 1725 1992 1782 dixit

397 1818 464 1874 de
505 1819 697 1892 quavis
728 1819 834 1876 alia
872 1818 1265 1887 fornicatione,
1305 1835 1453 1874 nunc
1494 1833 1634 1874 vero
1665 1816 1733 1873 de
1775 1815 1988 1873 adulte-

400 1907 484 1965 rio
531 1909 792 1982 loquitur;
837 1909 989 1982 quod
1028 1919 1084 1966 et
1132 1909 1661 1965 circumventionem
1708 1915 1765 1963 et
1802 1915 1985 1962 trans-

402 1998 742 2069 gressionem
777 1999 980 2056 merito
1022 1999 1287 2055 nominat.
1319 2001 1459 2054 Nam
1504 2000 1651 2054 Deus
1688 1996 1988 2068 unicuique

398 2103 623 2144 uxorem
642 2086 814 2156 dedit,
830 2104 894 2144 ac
919 2088 1188 2144 terminos
1207 2095 1420 2143 natura:
1451 2087 1654 2159 posuit,
1677 2085 1997 2140 mistionem

396 2177 645 2234 videlicet
673 2193 795 2250 qua:
830 2186 912 2235 est
935 2194 1064 2234 cum
1092 2193 1205 2232 una
1234 2177 1327 2232 illa
1358 2192 1549 2232 uxore.
1584 2174 1998 2231 Circumventio

397 2266 582 2338 itaque
626 2275 708 2324 est
734 2267 788 2322 in
831 2267 1078 2340 negotio,
1112 2266 1217 2322 hoc
1255 2275 1360 2335 est,
1389 2266 1448 2321 in
1481 2280 1807 2338 congressu,
1854 2279 1995 2337 prae-

394 2357 590 2412 sertim
632 2373 760 2413 cum
799 2357 898 2413 ﬁat
925 2357 1188 2412 adversus
1215 2355 1462 2412 fratrem.

469 2451 544 2504 Eo
593 2449 738 2518 quod
791 2449 1000 2502 vindee
1052 2453 1127 2502 est
1178 2450 1437 2503 Dominus
1494 2447 1560 2500 de
1607 2446 1852 2501 omnibus
1892 2445 1998 2508 his,

395 2540 534 2593 sicut
560 2539 928 2608 praediximus
958 2537 1102 2592 vobis
1139 2541 1188 2591 et
1232 2538 1509 2607 testiﬁcati
1535 2551 1744 2591 sumus.
1777 2536 1859 2590 Ne
1887 2533 2003 2589 exi-

393 2627 608 2697 stimes,
630 2626 830 2699 inquit,
847 2625 1013 2698 ,quod
1034 2624 1104 2682 de
1122 2625 1383 2682 fratribus
1405 2633 1627 2682 tantum
1651 2625 1771 2682 hinc
1793 2623 1999 2692 dicam,

396 2715 508 2772 imo
578 2731 756 2788 neque
821 2716 1061 2772 aliorum
1128 2731 1362 2784 uxores,
1433 2731 1618 2788 neque
1681 2711 2002 2786 simpliciter

397 2805 610 2862 maritis
675 2815 946 2874 carentes,
1016 2821 1196 2878 neque
1265 2805 1483 2878 publica
1553 2814 1741 2862 scorta
1801 2800 2003 2860 habere

395 2895 543 2951 licet.
595 2897 739 2952 Nam
781 2895 901 2952 haec
946 2896 1136 2951 omnia
1185 2893 1464 2951 ulciscitur
1514 2893 1785 2950 Dominus
1841 2911 1855 2950 :
1901 2908 2003 2949 nec

397 2983 623 3056 impune
680 2987 786 3041 ista
849 2983 1188 3057 perficimus,
1256 2982 1353 3040 sed
1413 2984 1738 3040 innumeras
1811 2996 2002 3054 poenas

397 3075 734 3130 sustinemus
778 3090 876 3147 pro
923 3074 1176 3146 praesenti
1211 3073 1266 3128 in
1317 3072 1399 3128 his
1445 3073 1745 3144 voluptate.
1799 3071 1996 3128 Consi-

2105 751 2138 817 ἡ
2169 749 2272 806 τῶν
2306 747 2457 806 θείων
2483 749 2841 827 πραγμάτων.
2948 748 3024 811 Ἣ
3062 751 3151 810 καὶ
3180 750 3262 810 ὅτι
3293 753 3470 812 πάντα
3505 753 3574 812 τὰ
3605 757 3705 814 ἐκ·-

2104 835 2324 919 καίοντα
2383 837 2478 910 τὴν
2548 839 2830 915 ἐπιθυμίαν
2889 839 3034 914 πάθη
3089 841 3373 917 ἐπιθυμίας
3430 843 3701 919 ὀνομάζω

2103 915 2209 984 οἷον
2239 927 2446 1008 τρυφὴ,
2495 930 2754 1005 πλοῦτος,
2792 928 2986 1008 ἀργία,
3023 915 3294 1012 ῥᾳθυμία,
3325 915 3532 990 τούτων-
3557 933 3690 993 ἔκα-

2103 1036 2227 1074 στον
2254 1015 2417 1084 πάθος
2448 1018 2732 1095 ἐπιθυμίας
2770 1019 3009 1099 λεχθείη.
3041 1025 3136 1081 Δεῖ
3175 1011 3264 1080 οὖν
3297 1024 3472 1098 ἡμᾶς,
3501 1025 3546 1081 εἰ
3571 1023 3703 1098 μέλι

2100 1105 2284 1184 λοιμεν
2333 1116 2651 1189 σωφρονεῖν,
2703 1105 2870 1188 μηδὲν
2927 1109 3094 1179 πάθος
3149 1110 3434 1190 ἐπιθυμίαν
3483 1113 3703 1172 ἐκκαῖον

2100 1195 2520 1277 παραδέχεσθαι.

2189 1401 2214 1428 ει
2255 1374 2515 1456 Καθάπερ
2543 1375 2725 1436 καὶτὰ
2763 1376 2885 1452 ἔθνη
2916 1378 2983 1440 τὰ
3013 1378 3089 1456 μὴ
3123 1378 3300 1439 εἰδότα
3333 1379 3421 1438 τὸν
3468 1379 3627 1441 Θεόν.
3675 1407 3700 1432 ι.

2102 1463 2197 1534 Μὴ
2251 1464 2442 1533 εἰδότες
2494 1464 2596 1545 γὰρ
2641 1465 2732 1526 τὸν
2772 1467 2946 1540 Θεὸν,
3002 1467 3122 1529 οὔτε
3163 1469 3477 1538 ἀντιδόσεως
3507 1468 3703 1530 ἐλπίδα

2102 1554 2334 1635 ἔχουσιν.
2360 1557 2569 1616 Οὐκοῦν
2601 1556 2780 1617 πάντα
2905 1560 3068 1638 ἡδονῇ
3094 1559 3427 1640 χαρίζονται.

2181 1671 2205 1696 α
2235 1644 2314 1704 Τὸ
2359 1645 2434 1722 μὴ
2479 1645 2811 1726 ὑπερϐαίνειν
2845 1647 2936 1706 καὶ
2983 1652 3317 1708 πλεονεκτεῖν
3353 1651 3405 1706 ἐν
3450 1653 3525 1731 τῷ
3559 1649 3704 1729 πρά-

2099 1757 2265 1813 γματι
2319 1733 2407 1793 τὸν
2457 1734 2679 1816 ἀδελφὸν
2736 1741 2917 1799 αὑτοῦ.
2955 1760 2987 1796 ι)
3047 1736 3186 1798 Ἅνω
3240 1738 3337 1815 μὲν
3367 1739 3487 1818 περὶ
3518 1739 3699 1813 πάσης

2099 1829 2194 1896 τῆς
2241 1822 2405 1896 ἄλλης
2437 1825 2682 1904 πορνείας
2713 1816 2863 1898 εἷπε,
2915 1832 3008 1886 νῦν
3056 1825 3110 1886 δὲ
3159 1826 3283 1906 περὶ
3329 1816 3572 1908 μοιχείας
3602 1830 3708 1888 λέ-

2103 1935 2200 1992 γει·
2230 1913 2297 1986 ἣν
2340 1913 2431 1973 καὶ
2471 1915 2776 1984 πλεονεξίαν
2809 1915 2898 1974 καὶ
2948 1916 3265 1997 παράϐασιν
3315 1919 3565 1995 ὀνομάζει
3625 1922 3708 1978 εῖ-

2104 2001 2290 2070 κότως.
2383 2003 2488 2064 Καὶ
2517 2003 2620 2087 γὰρ
2653 2005 2863 2086 ἑκάστῳ
2911 2009 2940 2064 6
2971 2007 3111 2074 Θεὸς
3152 2009 3382 2087 γυναῖκα
3415 2007 3669 2085 ἀπένειμε
3690 2056 3707 2087 ,

2105 2093 2198 2152 καὶ
2235 2092 2385 2173 ὅρους
2429 2092 2628 2154 τέθεικε
2661 2100 2728 2176 τῇ
2777 2097 2930 2177 φύσει
2957 2094 3042 2170 ³³,
3096 2095 3193 2168 τὴν
3227 2095 3367 2172 μίξιν
3416 2097 3552 2178 φημὶ
3604 2097 3705 2170 τὴν

2104 2181 2234 2262 πρὸς
2285 2181 2382 2256 τὴν
2431 2183 2557 2262 μίαν
2608 2193 2834 2264 γυναῖκα
2866 2185 3098 2260 ἐκείνην.
3211 2183 3392 2246 Ὥστε
3423 2187 3705 2257 πλεονεξία

2106 2271 2246 2332 ἐστὶν
2283 2274 2337 2331 ἐν
2366 2276 2443 2354 τῷ
2472 2273 2792 2354 πράγματι,
2821 2274 3061 2336 τουτέστι
3090 2279 3157 2358 τῇ
3202 2275 3380 2354 μίξει,
3410 2277 3501 2337 καὶ
3528 2283 3705 2338 ταῦτα

2108 2361 2248 2422 κατὰ
2281 2363 2508 2444 ἀδελφοῦ
2533 2366 2811 2446 γινομένῃ.

2190 2480 2214 2506 α
2269 2452 2418 2514 Διότι
2471 2453 2672 2522 ἔκδικος
2715 2458 2741 2514 6
2790 2454 2983 2535 Κύριος
3039 2454 3160 2535 περὶ
3213 2455 3428 2517 πάντων
3477 2457 3715 2533 τούτων,

2110 2541 2286 2611 καθὼς
2331 2541 2422 2601 καὶ
2471 2545 2793 2624 προείπομεν
2845 2548 2969 2620 ὑμῖν
3021 2545 3114 2604 καὶ
3164 2547 3652 2626 διεμαρτυράμεθα.
3686 2578 3711 2600 ι·

2112 2628 2206 2704 Μὴ
2239 2631 2488 2712 νομίσῃς,
2522 2631 2714 2714 φησὶν,
2744 2633 2828 2695 ὅτι
2857 2634 2946 2694 ἐπὶ
2974 2639 3076 2694 τῶν
3111 2636 3349 2717 ἀδελφῶν
3379 2636 3552 2716 μόνων
3583 2643 3712 2696 ταῦ-

2110 2721 2179 2781 τά
2211 2745 2381 2803 φημι,
2411 2722 2530 2781 ἀλλ’
2577 2723 2695 2783 οὐδὲ
2743 2722 2839 2791 τὰς
2874 2723 3068 2803 ἑτέρων
3123 2729 3418 2803 γυναῖκας,
3469 2725 3586 2786 οὐδὲ
3617 2727 3716 2795 τὰς

2111 2811 2293 2878 ἁπλῶς
2341 2813 2656 2893 ἀνάνδρους,
2707 2812 2799 2872 καὶ
2830 2811 3014 2880 κοινὰς
3059 2813 3200 2895 ἔχειν
3231 2813 3364 2897 χρή.
3456 2817 3565 2877 Καὶ
3609 2817 3716 2900 γὰρ

2112 2909 2280 2962 ταῦτα
2327 2901 2505 2961 πάντα
2551 2903 2750 2964 ἐκδικεῖ
2796 2908 2824 2964 6
2859 2901 3074 2984 Κύριος·
3123 2904 3215 2963 καὶ
3273 2907 3369 2964 οὐκ
3412 2907 3718 2988 ἀτιμωρητὶ

2112 2995 2280 3051 ταῦτα
2325 2990 2629 3072 πράττομεν
2655 3039 2670 3063 ,
2719 2993 2858 3052 ἀλλὰ
2890 2992 3290 3073 μυριοπλασίως
3337 2994 3488 3066 δίκην
3519 2997 3716 3076 ὑπέχο-

2115 3104 2209 3157 μεν
2238 3083 2333 3152 τῆς
2379 3082 2468 3142 ἐπὶ
2517 3081 2720 3150 τούτοις
2766 3087 2856 3141 νῦν
2916 3083 3256 3163 ἐγγινομένης
3310 3088 3438 3160 ἡμῖν
3497 3088 3712 3158 ἡδονῆς.

397 3162 526 3219 dera
571 3171 786 3227 autem,
820 3162 1059 3234 primum
1094 3162 1430 3229 obsecravit,
1461 3159 1665 3218 deinde
1696 3157 1998 3233 pudefecit,

2112 3169 2261 3250 ³⁷Ορα
2314 3169 2402 3243 δὲ,
2453 3173 2662 3252 πρῶτον
2710 3157 3108 3256 παρεκάλεσεν,
3142 3163 3256 3232 εἶτα
3315 3157 3586 3256 ἐνέτρεψεν
3637 3178 3716 3235 εἶ-

403 3252 860 3323 quemad-modum
901 3256 1102 3320 gentes,
1150 3250 1403 3323 inquiens
1439 3268 1454 3305 :
1498 3254 1682 3322 postea
1725 3267 1754 3305 a
1787 3249 2003 3305 ratione

396 3339 795 3397 absurditatem
825 3339 1304 3406 commonstravit,
1328 3355 1442 3395 rem
1470 3338 2002 3395 circumventionem

396 3429 583 3486 dicens
621 3451 634 3487 :
667 3429 927 3501 deinceps
972 3429 1137 3486 etiam
1175 3437 1362 3485 terret.
1406 3432 1652 3486 Revocat
1695 3437 1883 3485 autem
1922 3428 2002 3486 eis

397 3519 465 3576 ad
494 3519 823 3577 memoriam
845 3559 863 3592 ,
887 3518 1036 3592 quod
1065 3535 1211 3592 saepe
1241 3521 1359 3576 haec
1394 3519 1462 3575 ab
1502 3519 1624 3592 ipso
1666 3519 1998 3575 audiverint.

475 3612 652 3667 Vens.
702 3616 754 3666 7.
805 3615 858 3667 8.
910 3613 1029 3667 Non
1063 3612 1204 3664 enim
1249 3612 1456 3665 vocavit
1488 3625 1583 3664 nos
1623 3613 1765 3666 Deus
1797 3611 1855 3664 in
1895 3611 2001 3664 im-

401 3701 756 3763 munditiam,
819 3701 915 3755 sed
969 3703 1027 3754 in
1076 3702 1570 3771 sanctiﬁcationem.
1645 3702 1834 3769 Itaque
1906 3701 2006 3770 qui

395 3793 621 3860 spernit,
650 3807 758 3845 non
791 3791 1057 3845 hominem
1095 3792 1320 3860 spernit,
1363 3791 1458 3844 sed
1496 3794 1664 3844 Deum
1707 3791 1808 3860 qui
1845 3789 2000 3844 dedit

395 3881 662 3950 Spiritum
702 3895 862 3934 suum
890 3885 1138 3934 sanctum
1174 3882 1230 3934 in
1265 3896 1373 3934 nos.
1417 3879 1554 3950 Quia
1595 3877 1810 3935 dixerat
1852 3877 2002 3949 quod

403 3969 649 4024 Fratrem
680 3967 876 4040 injuria
905 3969 1111 4036 officis,
1150 3977 1316 4040 atque
1356 3967 1618 4024 intulerat
1659 3966 1810 4040 quod
1848 3970 2002 4024 Deus

403 4059 506 4113 hoc
552 4057 869 4125 ulciscatur,
917 4056 1112 4113 dilatat
1153 4057 1260 4113 hoc
1299 4072 1474 4124 nunc,
1523 4057 1819 4114 ostendens
1855 4057 2002 4130 quod

401 4147 614 4203 etiamsi
653 4146 890 4204 inﬁdelis
931 4146 1036 4202 hoc
1079 4147 1336 4216 patiatur,
1370 4146 1721 4216 supplicium,
1763 4147 1860 4220 qui
1898 4147 2002 4202 hoc

399 4235 551 4303 fecit,
584 4234 757 4291 dabit.
797 4236 920 4290 Non
959 4234 1113 4291 enim
1143 4235 1296 4292 illum
1342 4234 1628 4292 ulciscitur
1660 4237 1831 4304 Deus,
1871 4251 2000 4292 cum

401 4334 457 4381 te
485 4323 663 4396 punit,
695 4322 791 4380 sed
833 4323 1098 4395 seipsnm.
1146 4326 1269 4396 Ipse
1308 4339 1544 4395 namque
1584 4323 1752 4397 519
1791 4325 2004 4381 vocavit

399 4422 455 4469 te
495 4412 566 4469 ad
599 4412 921 4484 puritatem,
959 4412 1142 4482 ipsum
1175 4412 1356 4486 itaque
1386 4413 1586 4484 injuria
1629 4413 2000 4486 aﬁecistilper

2113 3258 2249 3320 πώνο
2285 3286 2310 3313 α
2345 3260 2604 3341 Καθάπερ
2642 3263 2710 3321 τὰ
2757 3263 2958 3336 tow»
3004 3253 3119 3322 εἶτα
3173 3263 3282 3323 ἀπὸ
3332 3253 3601 3344 λογισμῶν
3655 3267 3717 3326 τὸ

2114 3349 2312 3410 ἄτοπον
2347 3349 2542 3428 ἔδειξε,
2590 3350 2899 3422 πλεονεξίαν
2951 3353 3114 3414 εἰπὼν
3144 3352 3206 3413 τὸ
3251 3364 3498 3434 πρᾶγμα·
3526 3355 3716 3416 λοιπὸν

2114 3439 2206 3500 καὶ
2238 3441 2410 3523 φοϐεῖ.
2527 3441 2956 3520 Ἀναμιμνήσκει
2986 3441 3040 3502 δὲ
3072 3441 3286 3519 αὐτοὺς,
3330 3444 3412 3505 ὅτι
3457 3445 3719 3514 πολλάκις

2115 3537 2281 3590 ταῦτα
2311 3531 2550 3604 ἤκουσαν
2592 3531 2724 3613 παρ’
2756 3535 2944 3594 αὐτοῦ.

2195 3647 2218 3672 ε
2247 3622 2329 3681 Οὖ
2359 3621 2464 3696 γὰρ
2498 3619 2749 3682 ἐκάλεσεν
2781 3626 2927 3698 ἡμᾶς
2956 3625 2984 3681 6
3017 3621 3158 3691 Θεὸς
3189 3624 3243 3683 ἐν
3284 3623 3336 3662 ³³
3367 3623 3668 3706 ἀκαθαρσίᾳ
3692 3671 3709 3704 ,

2113 3711 2231 3768 ἀλλ’
2287 3711 2340 3770 ἐν
2401 3710 2675 3792 ἁγιασμῷ.
2764 3714 3062 3792 Τοιγαροῦν
3121 3716 3149 3772 6
3205 3714 3408 3773 ἀθετῶν
3463 3719 3557 3775 οὐκ
3617 3714 3717 3774 ἄν·

2111 3804 2318 3878 θρωπον
2379 3801 2583 3872 ἀθετεῖ,
2659 3799 2798 3860 ἀλλὰ
2877 3800 2966 3861 τὸν
3025 3801 3195 3877 Θεὸν,
3257 3803 3346 3863 τὸν
3429 3804 3584 3864 δόντα
3654 3804 3718 3864 τὸ

2113 3892 2336 3966 Πνεῦμα
2365 3894 2526 3950 αὑτοῦ
2557 3889 2617 3950 τὸ
2646 3888 2798 3967 ἅγιον
2829 3892 2902 3960 εἰς
2931 3895 3095 3968 ἡμᾶς.
3141 3919 3165 3946 υ

2109 3977 2188 4038 ὅτι
2225 3979 2331 4040 Τὸν
2378 3979 2603 4061 ἀδελφὸν
2642 3981 2867 4054 ἀδικεῖς,
2916 3981 3008 4040 καὶ
3047 3981 3352 4064 ἐπήγαγεν,
3385 3982 3467 4043 ὅτι
3510 3987 3538 4042 6
3567 3983 3716 4053 Θεὸς

2109 4069 2342 4141 ἐκδικεῖ,
2391 4068 2646 4128 πλατύνει
2690 4075 2844 4131 τοῦτο
2893 4076 3015 4145 νῦν,
3066 4073 3267 4139 δεικνὺς
3294 4073 3375 4133 ὅτι
3425 4071 3525 4133 κᾶν
3575 4073 3709 4132 ἄπι-

2114 4182 2236 4226 στος
2266 4159 2408 4239 πάθῃ
2441 4164 2596 4219 τοῦτο
2615 4203 2631 4232 ,
2664 4159 2922 4237 τιμωρίαν
2953 4165 2981 4219 6
3001 4161 3328 4239 ,πεποιηκὼς
3355 4164 3534 4224 δώσει.
3585 4165 3707 4223 Οὐκ

2116 4251 2311 4309 ἐκεῖνον
2361 4247 2466 4328 γὰρ
2496 4251 2751 4324 ἐκδικῶν,
2792 4251 3012 4310 κολάσει
3055 4274 3113 4310 σε
3147 4255 3174 4311 6
3207 4251 3372 4326 Θεὸς,
3423 4253 3543 4312 ἀλλ’
3588 4255 3716 4312 ἑαυ·

2115 4338 2224 4400 τόν.
2313 4340 2482 4406 Αὐτὸς
2513 4338 2617 4419 γάρ
2663 4361 2721 4398 σε
2772 4341 3024 4400 ἐκάλεσεν
3077 4345 3150 4411 εἷς
3201 4341 3572 4422 καθαρότητα,
3623 4343 3719 4403 καὶ

2119 4428 2276 4488 αὐτὸν
2307 4427 2528 4509 ὕϐρισας
2555 4429 2639 4487 διὰ
2661 4435 2756 4500 τῆς
2791 4429 3152 4504 ἀκαθαρσίας,
3185 4432 3276 4491 τὸν
3309 4432 3468 4491 δόντα
3518 4457 3601 4493 σοι
3647 4433 3716 4494 τὸ

402 4501 802 4574 impnritatem,
839 4502 932 4575 qui
966 4501 1228 4574 Spiritum
1258 4510 1510 4558 sanctum
1540 4503 1637 4558 tibi
1666 4503 1835 4561 dedit.
1888 4506 1998 4558 Ita-

2121 4521 2348 4597 Πνεῦμα
2369 4501 2430 4578 τὸ
2458 4517 2625 4596 ἅγιον.
2708 4517 2879 4580 Ὥστε
2906 4501 3003 4579 κᾶν
3031 4501 3144 4592 τὴν
3163 4519 3429 4601 ὖπανδρον
3461 4521 3676 4582 δουλίδα
3699 4571 3718 4602 ,

398 4607 504 4664 que
529 4590 643 4648 sive
673 4589 942 4648 famulam
971 4599 1124 4646 tuam
1153 4592 1352 4647 marito
1377 4591 1631 4663 junctam
1674 4592 2004 4666 corrumpis,

401 4681 516 4738 sive
555 4680 831 4752 reginam,
873 4681 1086 4754 aequale
1127 4689 1412 4753 peccatum
1445 4691 1528 4739 est
1574 4701 1586 4738 :
1621 4683 1826 4740 ctenim
1860 4699 2008 4739 unus

401 4778 484 4826 est
524 4778 579 4825 et
619 4769 765 4826 idem
807 4771 900 4844 qui
945 4769 1148 4840 injuria
1189 4769 1422 4826 affectus
1461 4781 1573 4839 est,
1635 4775 1800 4828 Deus.
1846 4775 1918 4830 Et
1961 4772 2004 4830 si

405 4859 707 4929 forniceris,
747 4859 861 4932 ipse
905 4859 1208 4928 ulciscitur,
1253 4861 1413 4934 cujus
1447 4861 1714 4935 Spiritum
1745 4861 2002 4936 polluisti.

401 4949 545 5023 Quin
578 4957 633 5004 et
655 4949 816 5005 aliter
850 4969 861 5006 :
900 4951 1053 5004 Deus
1081 4949 1270 5007 videns
1305 4950 1454 5022 quod
1489 4950 1670 5023 ipsum
1701 4951 1758 5008 in
1802 4951 2008 5009 talibus

402 5038 577 5112 magis
607 5045 1050 5106 contemnamus,
1080 5055 1248 5112 quam
1275 5039 1552 5107 homines,
1581 5041 1664 5097 sui
1689 5040 1858 5114 ipsius
1885 5041 2004 5097 vin-

405 5127 509 5184 dex
564 5135 663 5184 est.
718 5129 1026 5185 Hominum
1066 5129 1218 5186 enim
1267 5131 1477 5198 oculos,
1522 5145 1590 5186 ne
1628 5131 1695 5188 ab
1743 5132 1823 5188 eis
1865 5147 2004 5188 con-

402 5217 718 5288 spiciamur,
744 5215 931 5291 fugere
952 5218 1236 5276 studemus
1263 5239 1275 5276 :
1299 5220 1479 5292 ipsum
1505 5231 1690 5278 autem
1710 5220 2006 5294 respicien-

406 5315 522 5363 tem
559 5308 994 5364 contemnimus.

474 5399 655 5453 Vnus.
681 5403 736 5452 9.
774 5401 850 5454 De
877 5401 1129 5468 fraterna
1148 5405 1330 5456 autem
1362 5401 1626 5457 charitate
1664 5418 1770 5458 non
1797 5418 2002 5458 necesse

407 5485 664 5541 habemus
700 5488 933 5543 scribere
965 5488 1131 5546 vobis.
1161 5490 1287 5546 Non
1319 5489 1449 5547 dicit
1479 5490 1596 5564 jam
1635 5489 1705 5549 de
1737 5490 2003 5549 charitate

2125 4607 2224 4692 κδιν
2268 4607 2364 4680 τὴν
2412 4609 2664 4688 βασιλίδα
2710 4609 2760 4648 ³⁴
2812 4609 3054 4692 φθείρῃς,
3100 4608 3280 4688 ὅμοιον
3330 4611 3390 4670 τὸ
3444 4611 3713 4691 ἐγκλημα-

2121 4689 2194 4766 εἶς
2223 4698 2325 4778 γὰρ
2356 4697 2689 4781 δᾼύϐρισθεὶς
2724 4689 2878 4765 Θεός.
2937 4689 3086 4761 νΚᾶν
3121 4699 3446 4781 πορνεύσῃς,
3479 4689 3632 4768 αὐτὸς
3663 4702 3719 4739 ³⁵

2116 4789 2344 4864 ἐκδικεῖ,
2373 4779 2432 4848 οῦ
2460 4787 2520 4848 τὸ
2554 4791 2778 4866 Πνεῦμα
2815 4789 3094 4867 ἐμόλυνας.
3184 4779 3295 4851 Καὶ
3338 4779 3514 4857 άλλως
3541 4792 3614 4850 δέ·
3645 4795 3719 4853 ⁸0

2118 4879 2256 4946 Θεὸς
2297 4881 2432 4958 δρῶν
2459 4881 2602 4956 ἡμᾶς
2633 4883 2793 4940 αὑτοῦ
2827 4885 3289 4960 καταφρονοῦντας
3327 4883 3381 4940 ἐν
3406 4889 3514 4949 τοῖς
3542 4879 3725 4942 τοιού-

2117 4991 2225 5036 τοις
2257 4967 2526 5046 μᾶλλονῆ
2566 4973 2671 5030 τῶν
2703 4967 3014 5048 ἀνθρώπων,
3055 4969 3243 5030 ἑαυτὸν
3293 4971 3520 5033 ἐκδικεῖ.
3609 4969 3724 5030 Ἇνο

2116 5057 2338 5139 θρώπων
2398 5057 2494 5136 μὲν
2540 5057 2642 5137 γὰρ
2691 5059 2983 5140 ὀφθαλμοῖς
3036 5059 3112 5138 μὴ
3155 5064 3384 5140 δρᾶσθαι
3419 5061 3720 5130 σπουδάζο-

2116 5169 2230 5228 μεν’
2257 5150 2416 5209 αὐτοῦ
2440 5147 2495 5208 δὲ
2525 5151 2785 5230 δρῶντος,
2815 5155 3284 5232 καταφρονοῦμεν.

2195 5421 2218 5448 α
2251 5395 2385 5474 Περὶ
2418 5395 2473 5455 δὲ
2503 5398 2598 5467 τῆς
2641 5395 3000 5478 φιλαδελφίας
3029 5399 3095 5457 οὖ
3122 5396 3310 5477 χρείαν
3362 5395 3554 5478 ἔχομεν
3589 5397 3726 5477 γρά-

2112 5507 2226 5566 φειν
2255 5489 2404 5564 ὑμῖν.
2431 5512 2457 5541 ι
2507 5487 2590 5547 Οὖ
2620 5485 2764 5566 λέγει
2795 5486 2927 5556 τέως
2969 5486 3092 5568 περὶ
3122 5491 3216 5561 τῆς
3257 5489 3328 5557 εἷς
3355 5487 3558 5556 πάντας
3589 5487 3728 5566 ἀγά-

1802 5644 1992 5704 Variae
2034 5645 2331 5710 lectiones.

484 5754 529 5789 ³³
555 5757 640 5821 τῆς
665 5755 852 5825 φύσεως
873 5771 926 5812 0.
1005 5755 1050 5790 ³⁸
1078 5755 1156 5812 ἐπὶ
1181 5772 1234 5812 0.

1329 5756 1372 5792 ³⁸
1399 5757 1670 5832 ἀλλοτρίαν
1696 5777 1751 5819 ο.
1829 5761 1873 5796 ⁸³
1903 5761 1932 5815 ὁ
1957 5760 2079 5826 Θεὸς
2106 5778 2160 5820 ο.

3277 3897 3292 3922 ’
3305 3894 3506 3967 Επειδὴ
3547 3884 3719 3973 εἶπεν,
3819 3880 3824 3884 “
