  <div class='ocr_page' id='page_1' title='image "/cluster/home/n/w/nwhite01/storage/ocr_20150623/124:no.2/coo.31924054870294/662.png"; bbox 0 0 4104 6440; ppageno 0'>
   <div class='ocr_carea' id='block_1_1' title="bbox 347 457 482 514">
    <p class='ocr_par' dir='ltr' id='par_1_1' title="bbox 347 457 482 514">
     <span class='ocr_line' id='line_1_1' title="bbox 347 457 482 514; baseline -0.022 -1"><span class='ocrx_word' id='word_1_1' title='bbox 347 457 482 514; x_wconf 81' lang='grc'><strong>1309</strong></span> 
     </span>
    </p>
   </div>
   <div class='ocr_carea' id='block_1_2' title="bbox 1203 435 2790 504">
    <p class='ocr_par' dir='ltr' id='par_1_2' title="bbox 1203 435 2790 504">
     <span class='ocr_line' id='line_1_2' title="bbox 1203 435 2790 504; baseline -0.009 0"><span class='ocrx_word' id='word_1_2' title='bbox 1203 443 1559 504; x_wconf 83' lang='lat' dir='ltr'><strong>EXPOSITIO</strong></span> <span class='ocrx_word' id='word_1_3' title='bbox 1600 444 1666 500; x_wconf 82' lang='lat' dir='ltr'><strong>IN</strong></span> <span class='ocrx_word' id='word_1_4' title='bbox 1707 441 1912 498; x_wconf 81' lang='lat' dir='ltr'><strong>EPIST.</strong></span> <span class='ocrx_word' id='word_1_5' title='bbox 1953 440 1970 494; x_wconf 94' lang='grc'><strong>1</strong></span> <span class='ocrx_word' id='word_1_6' title='bbox 2013 438 2104 495; x_wconf 82' lang='lat' dir='ltr'><strong>AD</strong></span> <span class='ocrx_word' id='word_1_7' title='bbox 2140 436 2370 493; x_wconf 84' lang='lat' dir='ltr'><strong>THESS.</strong></span> <span class='ocrx_word' id='word_1_8' title='bbox 2413 466 2482 476; x_wconf 94' lang='lat'><strong><em>—</em></strong></span> <span class='ocrx_word' id='word_1_9' title='bbox 2510 435 2661 491; x_wconf 82' lang='lat' dir='ltr'><strong>CAP.</strong></span> <span class='ocrx_word' id='word_1_10' title='bbox 2701 435 2790 491; x_wconf 84' lang='lat' dir='ltr'><strong>IV.</strong></span> 
     </span>
    </p>
   </div>
   <div class='ocr_carea' id='block_1_3' title="bbox 3510 443 3648 496">
    <p class='ocr_par' dir='ltr' id='par_1_3' title="bbox 3510 443 3648 496">
     <span class='ocr_line' id='line_1_3' title="bbox 3510 443 3648 496; baseline 0 0"><span class='ocrx_word' id='word_1_11' title='bbox 3510 443 3648 496; x_wconf 69' lang='lat' dir='ltr'><strong>i310</strong></span> 
     </span>
    </p>
   </div>
   <div class='ocr_carea' id='block_1_4' title="bbox 347 559 1947 656">
    <p class='ocr_par' dir='ltr' id='par_1_4' title="bbox 347 568 1937 656">
     <span class='ocr_line' id='line_1_4' title="bbox 347 568 1937 656; baseline -0.011 -15"><span class='ocrx_word' id='word_1_12' title='bbox 347 605 484 656; x_wconf 81' lang='grc' dir='ltr'>πης,</span> <span class='ocrx_word' id='word_1_13' title='bbox 521 579 661 640; x_wconf 80' lang='grc' dir='ltr'>ἀλλὰ</span> <span class='ocrx_word' id='word_1_14' title='bbox 690 582 785 652; x_wconf 72' lang='grc' dir='ltr'><strong>τῆς</strong></span> <span class='ocrx_word' id='word_1_15' title='bbox 831 580 904 646; x_wconf 79' lang='grc' dir='ltr'><strong>εἰς</strong></span> <span class='ocrx_word' id='word_1_16' title='bbox 943 578 1062 644; x_wconf 78' lang='grc' dir='ltr'>τοὺς</span> <span class='ocrx_word' id='word_1_17' title='bbox 1107 572 1381 656; x_wconf 77' lang='grc' dir='ltr'>ἀδελφούς.</span> <span class='ocrx_word' id='word_1_18' title='bbox 1417 570 1575 633; x_wconf 81' lang='grc' dir='ltr'>Κατὰ</span> <span class='ocrx_word' id='word_1_19' title='bbox 1614 568 1937 649; x_wconf 75' lang='grc' dir='ltr'><strong>παράλειψιν</strong></span> 
     </span>
    </p>
   </div>
   <div class='ocr_carea' id='block_1_5' title="bbox 2036 559 3648 656">
    <p class='ocr_par' dir='ltr' id='par_1_5' title="bbox 2049 559 3648 637">
     <span class='ocr_line' id='line_1_5' title="bbox 2049 559 3648 637; baseline 0.001 -18"><span class='ocrx_word' id='word_1_20' title='bbox 2049 578 2178 637; x_wconf 86' lang='lat' dir='ltr'><strong>erga</strong></span> <span class='ocrx_word' id='word_1_21' title='bbox 2203 577 2420 631; x_wconf 82' lang='lat' dir='ltr'><strong>omnes,</strong></span> <span class='ocrx_word' id='word_1_22' title='bbox 2474 577 2670 618; x_wconf 86' lang='lat' dir='ltr'><strong>verum</strong></span> <span class='ocrx_word' id='word_1_23' title='bbox 2697 559 2769 616; x_wconf 91' lang='lat' dir='ltr'><strong>de</strong></span> <span class='ocrx_word' id='word_1_24' title='bbox 2799 575 2862 626; x_wconf 90' lang='lat' dir='ltr'><strong>ea</strong></span> <span class='ocrx_word' id='word_1_25' title='bbox 2893 576 3017 633; x_wconf 67' lang='lat' dir='ltr'><strong>quae</strong></span> <span class='ocrx_word' id='word_1_26' title='bbox 3039 569 3123 618; x_wconf 86' lang='lat' dir='ltr'><strong>est</strong></span> <span class='ocrx_word' id='word_1_27' title='bbox 3149 577 3277 635; x_wconf 86' lang='lat' dir='ltr'><strong>erga</strong></span> <span class='ocrx_word' id='word_1_28' title='bbox 3299 562 3512 620; x_wconf 82' lang='lat' dir='ltr'><strong>fratres.</strong></span> <span class='ocrx_word' id='word_1_29' title='bbox 3545 568 3648 621; x_wconf 84' lang='lat' dir='ltr'><strong>Per</strong></span> 
     </span>
    </p>
   </div>
   <div class='ocr_carea' id='block_1_6' title="bbox 337 657 1928 750">
    <p class='ocr_par' dir='ltr' id='par_1_6' title="bbox 337 657 1928 750">
     <span class='ocr_line' id='line_1_6' title="bbox 337 657 1928 750; baseline -0.01 -20"><span class='ocrx_word' id='word_1_30' title='bbox 337 671 394 730; x_wconf 83' lang='grc' dir='ltr'>δὲ</span> <span class='ocrx_word' id='word_1_31' title='bbox 419 672 515 743; x_wconf 72' lang='grc' dir='ltr'><strong>τὴν</strong></span> <span class='ocrx_word' id='word_1_32' title='bbox 545 669 857 750; x_wconf 86' lang='grc' dir='ltr'>παραίνεσιν</span> <span class='ocrx_word' id='word_1_33' title='bbox 899 667 1074 742; x_wconf 85' lang='grc' dir='ltr'>τίθησι</span> <span class='ocrx_word' id='word_1_34' title='bbox 1094 710 1111 738; x_wconf 93' lang='grc'><strong>,</strong></span> <span class='ocrx_word' id='word_1_35' title='bbox 1157 664 1249 725; x_wconf 86' lang='grc' dir='ltr'><strong>δύο</strong></span> <span class='ocrx_word' id='word_1_36' title='bbox 1275 667 1444 722; x_wconf 91' lang='grc' dir='ltr'>ταῦτα</span> <span class='ocrx_word' id='word_1_37' title='bbox 1481 657 1895 728; x_wconf 78' lang='grc' dir='ltr'><strong>κατασκευάζων</strong></span> <span class='ocrx_word' id='word_1_38' title='bbox 1915 681 1928 694; x_wconf 80' lang='lat'><strong>-</strong></span> 
     </span>
    </p>
   </div>
   <div class='ocr_carea' id='block_1_7' title="bbox 335 747 1930 838">
    <p class='ocr_par' dir='ltr' id='par_1_7' title="bbox 335 747 1930 838">
     <span class='ocr_line' id='line_1_7' title="bbox 335 747 1930 838; baseline -0.009 -18"><span class='ocrx_word' id='word_1_39' title='bbox 335 759 390 820; x_wconf 80' lang='grc' dir='ltr'>ἓν</span> <span class='ocrx_word' id='word_1_40' title='bbox 425 760 550 838; x_wconf 84' lang='grc' dir='ltr'>μὲν,</span> <span class='ocrx_word' id='word_1_41' title='bbox 596 747 678 820; x_wconf 78' lang='grc' dir='ltr'><strong>ὅτι</strong></span> <span class='ocrx_word' id='word_1_42' title='bbox 729 758 894 826; x_wconf 78' lang='grc' dir='ltr'>οὕτως</span> <span class='ocrx_word' id='word_1_43' title='bbox 942 756 1230 834; x_wconf 76' lang='grc' dir='ltr'>ἀναγκαῖον</span> <span class='ocrx_word' id='word_1_44' title='bbox 1271 753 1334 813; x_wconf 79' lang='grc' dir='ltr'><strong>τὸ</strong></span> <span class='ocrx_word' id='word_1_45' title='bbox 1379 762 1635 834; x_wconf 79' lang='grc' dir='ltr'>πρᾶγμα,</span> <span class='ocrx_word' id='word_1_46' title='bbox 1683 752 1755 817; x_wconf 79' lang='grc' dir='ltr'>ὥς</span> <span class='ocrx_word' id='word_1_47' title='bbox 1795 747 1930 838; x_wconf 83' lang='grc' dir='ltr'>μηδὲ</span> 
     </span>
    </p>
   </div>
   <div class='ocr_carea' id='block_1_8' title="bbox 337 837 1930 926">
    <p class='ocr_par' dir='ltr' id='par_1_8' title="bbox 337 837 1930 926">
     <span class='ocr_line' id='line_1_8' title="bbox 337 837 1930 926; baseline -0.01 -15"><span class='ocrx_word' id='word_1_48' title='bbox 337 850 662 910; x_wconf 79' lang='grc' dir='ltr'><strong>διδασκάλου</strong></span> <span class='ocrx_word' id='word_1_49' title='bbox 708 849 938 909; x_wconf 86' lang='grc' dir='ltr'>δεῖσθαι·</span> <span class='ocrx_word' id='word_1_50' title='bbox 992 847 1059 906; x_wconf 76' lang='grc' dir='ltr'><strong>τὰ</strong></span> <span class='ocrx_word' id='word_1_51' title='bbox 1102 846 1204 925; x_wconf 78' lang='grc' dir='ltr'><strong>γὰρ</strong></span> <span class='ocrx_word' id='word_1_52' title='bbox 1253 843 1456 926; x_wconf 75' lang='grc' dir='ltr'>σφόδρα</span> <span class='ocrx_word' id='word_1_53' title='bbox 1507 840 1718 919; x_wconf 87' lang='grc' dir='ltr'>μεγάλα</span> <span class='ocrx_word' id='word_1_54' title='bbox 1767 837 1930 897; x_wconf 82' lang='grc' dir='ltr'>πᾶσίν</span> 
     </span>
    </p>
   </div>
   <div class='ocr_carea' id='block_1_9' title="bbox 334 927 1930 1018">
    <p class='ocr_par' dir='ltr' id='par_1_9' title="bbox 334 927 1930 1018">
     <span class='ocr_line' id='line_1_9' title="bbox 334 927 1930 1018; baseline -0.009 -18"><span class='ocrx_word' id='word_1_55' title='bbox 334 943 448 1000; x_wconf 78' lang='grc' dir='ltr'>ἐστι</span> <span class='ocrx_word' id='word_1_56' title='bbox 496 941 650 1012; x_wconf 82' lang='grc' dir='ltr'>δῆλα.</span> <span class='ocrx_word' id='word_1_57' title='bbox 699 937 926 1018; x_wconf 80' lang='grc' dir='ltr'><strong>Ἕτερον</strong></span> <span class='ocrx_word' id='word_1_58' title='bbox 976 938 1028 976; x_wconf 75' lang='grc'><strong>³⁸</strong></span> <span class='ocrx_word' id='word_1_59' title='bbox 1073 936 1128 996; x_wconf 83' lang='grc' dir='ltr'>δὲ</span> <span class='ocrx_word' id='word_1_60' title='bbox 1177 936 1379 1012; x_wconf 82' lang='grc' dir='ltr'>μᾶλλον</span> <span class='ocrx_word' id='word_1_61' title='bbox 1421 930 1610 996; x_wconf 81' lang='grc' dir='ltr'>αὐτοὺς</span> <span class='ocrx_word' id='word_1_62' title='bbox 1662 927 1930 1008; x_wconf 77' lang='grc' dir='ltr'><strong>ἐντρέπει,</strong></span> 
     </span>
    </p>
   </div>
   <div class='ocr_carea' id='block_1_10' title="bbox 338 1019 1932 1112">
    <p class='ocr_par' dir='ltr' id='par_1_10' title="bbox 338 1019 1932 1112">
     <span class='ocr_line' id='line_1_10' title="bbox 338 1019 1932 1112; baseline -0.009 -24"><span class='ocrx_word' id='word_1_63' title='bbox 338 1029 606 1112; x_wconf 80' lang='grc' dir='ltr'>διεγείρων</span> <span class='ocrx_word' id='word_1_64' title='bbox 661 1027 750 1088; x_wconf 80' lang='grc' dir='ltr'><strong>ἵνα</strong></span> <span class='ocrx_word' id='word_1_65' title='bbox 807 1027 884 1104; x_wconf 85' lang='grc' dir='ltr'><strong>μὴ</strong></span> <span class='ocrx_word' id='word_1_66' title='bbox 934 1025 1162 1105; x_wconf 77' lang='grc' dir='ltr'>δεύτεροι</span> <span class='ocrx_word' id='word_1_67' title='bbox 1217 1024 1413 1112; x_wconf 73' lang='grc' dir='ltr'>ἔλθωσι</span> <span class='ocrx_word' id='word_1_68' title='bbox 1461 1023 1556 1112; x_wconf 73' lang='grc' dir='ltr'><strong>τῆς</strong></span> <span class='ocrx_word' id='word_1_69' title='bbox 1616 1019 1932 1112; x_wconf 76' lang='grc' dir='ltr'>ὑπολήψεως</span> 
     </span>
    </p>
   </div>
   <div class='ocr_carea' id='block_1_11' title="bbox 348 1109 1930 1200">
    <p class='ocr_par' dir='ltr' id='par_1_11' title="bbox 348 1109 1930 1200">
     <span class='ocr_line' id='line_1_11' title="bbox 348 1109 1930 1200; baseline -0.009 -21"><span class='ocrx_word' id='word_1_70' title='bbox 348 1119 414 1192; x_wconf 81' lang='grc' dir='ltr'>ἢν</span> <span class='ocrx_word' id='word_1_71' title='bbox 445 1109 558 1200; x_wconf 78' lang='grc' dir='ltr'>ἔχει</span> <span class='ocrx_word' id='word_1_72' title='bbox 589 1117 713 1200; x_wconf 76' lang='grc' dir='ltr'>περὶ</span> <span class='ocrx_word' id='word_1_73' title='bbox 744 1118 952 1190; x_wconf 76' lang='grc' dir='ltr'>αὐτῶν,</span> <span class='ocrx_word' id='word_1_74' title='bbox 1007 1113 1234 1194; x_wconf 81' lang='grc' dir='ltr'>νομίζων</span> <span class='ocrx_word' id='word_1_75' title='bbox 1273 1109 1461 1179; x_wconf 76' lang='grc' dir='ltr'>αὖτοὺς</span> <span class='ocrx_word' id='word_1_76' title='bbox 1493 1110 1596 1184; x_wconf 84' lang='grc' dir='ltr'><strong>ἤδη</strong></span> <span class='ocrx_word' id='word_1_77' title='bbox 1639 1111 1930 1188; x_wconf 83' lang='grc' dir='ltr'>κατωρθω-</span> 
     </span>
    </p>
   </div>
   <div class='ocr_carea' id='block_1_12' title="bbox 337 1209 508 1270">
    <p class='ocr_par' dir='ltr' id='par_1_12' title="bbox 337 1209 508 1270">
     <span class='ocr_line' id='line_1_12' title="bbox 337 1209 508 1270; baseline 0 -2"><span class='ocrx_word' id='word_1_78' title='bbox 337 1209 508 1270; x_wconf 79' lang='grc' dir='ltr'>κέναι.</span> 
     </span>
    </p>
   </div>
   <div class='ocr_carea' id='block_1_13' title="bbox 421 1355 1932 1448">
    <p class='ocr_par' dir='ltr' id='par_1_13' title="bbox 421 1355 1932 1448">
     <span class='ocr_line' id='line_1_13' title="bbox 421 1355 1932 1448; baseline -0.008 -22"><span class='ocrx_word' id='word_1_79' title='bbox 421 1389 452 1426; x_wconf 79' lang='grc' dir='ltr'>ι(</span> <span class='ocrx_word' id='word_1_80' title='bbox 481 1366 642 1429; x_wconf 79' lang='grc' dir='ltr'>Αὐτοὶ</span> <span class='ocrx_word' id='word_1_81' title='bbox 669 1366 786 1448; x_wconf 70' lang='grc' dir='ltr'>Ϊγὸιρ</span> <span class='ocrx_word' id='word_1_82' title='bbox 821 1369 973 1444; x_wconf 79' lang='grc' dir='ltr'>ὑμεῖς</span> <span class='ocrx_word' id='word_1_83' title='bbox 1012 1359 1338 1424; x_wconf 79' lang='grc' dir='ltr'>θεοδίδακτοί</span> <span class='ocrx_word' id='word_1_84' title='bbox 1388 1362 1538 1448; x_wconf 81' lang='grc' dir='ltr'>ἐστε,</span> <span class='ocrx_word' id='word_1_85' title='bbox 1585 1359 1657 1424; x_wconf 77' lang='grc' dir='ltr'><strong>εἰς</strong></span> <span class='ocrx_word' id='word_1_86' title='bbox 1700 1355 1762 1417; x_wconf 79' lang='grc' dir='ltr'><strong>τὸ</strong></span> <span class='ocrx_word' id='word_1_87' title='bbox 1791 1357 1932 1435; x_wconf 77' lang='grc' dir='ltr'>ἀγα-</span> 
     </span>
    </p>
   </div>
   <div class='ocr_carea' id='block_1_14' title="bbox 333 1446 1929 1538">
    <p class='ocr_par' dir='ltr' id='par_1_14' title="bbox 333 1446 1929 1538">
     <span class='ocr_line' id='line_1_14' title="bbox 333 1446 1929 1538; baseline -0.008 -22"><span class='ocrx_word' id='word_1_88' title='bbox 333 1467 444 1538; x_wconf 75' lang='grc' dir='ltr'><strong>πᾷν</strong></span> <span class='ocrx_word' id='word_1_89' title='bbox 487 1446 769 1530; x_wconf 59' lang='grc' dir='ltr'>ἀλλήλουςξ</span> <span class='ocrx_word' id='word_1_90' title='bbox 810 1480 841 1513; x_wconf 72' lang='grc' dir='ltr'><strong>ιι</strong></span> <span class='ocrx_word' id='word_1_91' title='bbox 875 1453 1024 1534; x_wconf 72' lang='grc' dir='ltr'>’Ὅρα</span> <span class='ocrx_word' id='word_1_92' title='bbox 1056 1457 1172 1530; x_wconf 86' lang='grc' dir='ltr'>μεθ’</span> <span class='ocrx_word' id='word_1_93' title='bbox 1201 1451 1328 1510; x_wconf 73' lang='grc' dir='ltr'>ὅσον</span> <span class='ocrx_word' id='word_1_94' title='bbox 1354 1446 1525 1510; x_wconf 88' lang='grc' dir='ltr'>ταῦτά</span> <span class='ocrx_word' id='word_1_95' title='bbox 1565 1470 1725 1538; x_wconf 82' lang='grc' dir='ltr'>φησιν</span> <span class='ocrx_word' id='word_1_96' title='bbox 1754 1449 1929 1525; x_wconf 82' lang='grc' dir='ltr'>ἐγκω-</span> 
     </span>
    </p>
   </div>
   <div class='ocr_carea' id='block_1_15' title="bbox 337 1536 1934 1626">
    <p class='ocr_par' dir='ltr' id='par_1_15' title="bbox 337 1536 1934 1626">
     <span class='ocr_line' id='line_1_15' title="bbox 337 1536 1934 1626; baseline -0.008 -19"><span class='ocrx_word' id='word_1_97' title='bbox 337 1536 484 1625; x_wconf 37' lang='grc' dir='ltr'>μί-ου.</span> <span class='ocrx_word' id='word_1_98' title='bbox 519 1546 626 1607; x_wconf 84' lang='grc' dir='ltr'><strong>Τὸν</strong></span> <span class='ocrx_word' id='word_1_99' title='bbox 660 1545 763 1626; x_wconf 74' lang='grc' dir='ltr'><strong>γὰρ</strong></span> <span class='ocrx_word' id='word_1_100' title='bbox 793 1545 933 1606; x_wconf 82' lang='grc' dir='ltr'>Θεὸν</span> <span class='ocrx_word' id='word_1_101' title='bbox 971 1547 1148 1610; x_wconf 85' lang='grc' dir='ltr'>αὐτοῖς</span> <span class='ocrx_word' id='word_1_102' title='bbox 1197 1540 1517 1626; x_wconf 59' lang='grc' dir='ltr'>διδάσκαλον</span> <span class='ocrx_word' id='word_1_103' title='bbox 1549 1536 1812 1626; x_wconf 77' lang='grc' dir='ltr'>ἐπέστησε</span> <span class='ocrx_word' id='word_1_104' title='bbox 1841 1541 1934 1609; x_wconf 77' lang='grc' dir='ltr'><strong>τῆς</strong></span> 
     </span>
    </p>
   </div>
   <div class='ocr_carea' id='block_1_16' title="bbox 337 1619 1931 1716">
    <p class='ocr_par' dir='ltr' id='par_1_16' title="bbox 337 1619 1931 1716">
     <span class='ocr_line' id='line_1_16' title="bbox 337 1619 1931 1716; baseline -0.006 -22"><span class='ocrx_word' id='word_1_105' title='bbox 337 1619 528 1716; x_wconf 64' lang='grc' dir='ltr'>άρετῆς</span> <span class='ocrx_word' id='word_1_106' title='bbox 554 1619 771 1708; x_wconf 78' lang='grc' dir='ltr'>ταύτης.</span> <span class='ocrx_word' id='word_1_107' title='bbox 797 1637 970 1696; x_wconf 87' lang='grc' dir='ltr'>Τοῦτο</span> <span class='ocrx_word' id='word_1_108' title='bbox 989 1632 1082 1692; x_wconf 80' lang='grc' dir='ltr'><strong>καὶ</strong></span> <span class='ocrx_word' id='word_1_109' title='bbox 1111 1637 1139 1692; x_wconf 82' lang='grc' dir='ltr'><strong>ὁ</strong></span> <span class='ocrx_word' id='word_1_110' title='bbox 1164 1629 1435 1713; x_wconf 66' lang='grc' dir='ltr'>προφήτης</span> <span class='ocrx_word' id='word_1_111' title='bbox 1464 1619 1635 1687; x_wconf 69' lang='grc' dir='ltr'>εἶπεν·</span> <span class='ocrx_word' id='word_1_112' title='bbox 1673 1649 1702 1682; x_wconf 86' lang='grc' dir='ltr'><strong>α</strong></span> <span class='ocrx_word' id='word_1_113' title='bbox 1733 1624 1931 1687; x_wconf 85' lang='grc' dir='ltr'>Ἔσον-</span> 
     </span>
    </p>
   </div>
   <div class='ocr_carea' id='block_1_17' title="bbox 337 1724 1169 1803">
    <p class='ocr_par' dir='ltr' id='par_1_17' title="bbox 337 1724 1169 1803">
     <span class='ocr_line' id='line_1_17' title="bbox 337 1724 1169 1803; baseline -0.008 -18"><span class='ocrx_word' id='word_1_114' title='bbox 337 1749 426 1785; x_wconf 87' lang='grc' dir='ltr'><strong>ται</strong></span> <span class='ocrx_word' id='word_1_115' title='bbox 453 1725 646 1803; x_wconf 71' lang='grc' dir='ltr'><strong>⁸ει-άντες</strong></span> <span class='ocrx_word' id='word_1_116' title='bbox 679 1724 912 1784; x_wconf 71' lang='grc' dir='ltr'>διδακτοὶ</span> <span class='ocrx_word' id='word_1_117' title='bbox 942 1727 1103 1786; x_wconf 82' lang='grc' dir='ltr'>Θεοῦ.</span> <span class='ocrx_word' id='word_1_118' title='bbox 1137 1747 1169 1778; x_wconf 67' lang='grc' dir='ltr'><strong>ν</strong></span> 
     </span>
    </p>
   </div>
   <div class='ocr_carea' id='block_1_18' title="bbox 423 1806 1935 1895">
    <p class='ocr_par' dir='ltr' id='par_1_18' title="bbox 423 1806 1935 1895">
     <span class='ocr_line' id='line_1_18' title="bbox 423 1806 1935 1895; baseline -0.005 -23"><span class='ocrx_word' id='word_1_119' title='bbox 423 1839 454 1872; x_wconf 81' lang='grc' dir='ltr'><strong>α</strong></span> <span class='ocrx_word' id='word_1_120' title='bbox 517 1815 626 1876; x_wconf 78' lang='grc' dir='ltr'><strong>Καὶ</strong></span> <span class='ocrx_word' id='word_1_121' title='bbox 675 1815 778 1895; x_wconf 78' lang='grc' dir='ltr'><strong>γὰρ</strong></span> <span class='ocrx_word' id='word_1_122' title='bbox 833 1817 1029 1874; x_wconf 84' lang='grc' dir='ltr'>ποιεῖτε</span> <span class='ocrx_word' id='word_1_123' title='bbox 1086 1811 1214 1872; x_wconf 78' lang='grc' dir='ltr'>αὐτὸ</span> <span class='ocrx_word' id='word_1_124' title='bbox 1263 1813 1335 1878; x_wconf 74' lang='grc' dir='ltr'>εἰς</span> <span class='ocrx_word' id='word_1_125' title='bbox 1365 1808 1569 1876; x_wconf 78' lang='grc' dir='ltr'>πάντας</span> <span class='ocrx_word' id='word_1_126' title='bbox 1610 1806 1732 1875; x_wconf 79' lang='grc' dir='ltr'>τοὺς</span> <span class='ocrx_word' id='word_1_127' title='bbox 1775 1807 1935 1865; x_wconf 77' lang='grc' dir='ltr'>ἀδελ-</span> 
     </span>
    </p>
   </div>
   <div class='ocr_carea' id='block_1_19' title="bbox 2042 650 3648 726">
    <p class='ocr_par' dir='ltr' id='par_1_19' title="bbox 2042 650 3648 726">
     <span class='ocr_line' id='line_1_19' title="bbox 2042 650 3648 726; baseline 0.002 -17"><span class='ocrx_word' id='word_1_128' title='bbox 2042 651 2477 726; x_wconf 67' lang='grc' dir='ltr'>ρτωιθτίῐίοηθω</span> <span class='ocrx_word' id='word_1_129' title='bbox 2506 659 2700 708; x_wconf 89' lang='lat' dir='ltr'><strong>autem</strong></span> <span class='ocrx_word' id='word_1_130' title='bbox 2723 650 3172 708; x_wconf 69' lang='lat' dir='ltr'><strong>adhortationem</strong></span> <span class='ocrx_word' id='word_1_131' title='bbox 3208 652 3359 722; x_wconf 83' lang='lat' dir='ltr'><strong>facit,</strong></span> <span class='ocrx_word' id='word_1_132' title='bbox 3388 653 3500 710; x_wconf 93' lang='lat' dir='ltr'><strong>duo</strong></span> <span class='ocrx_word' id='word_1_133' title='bbox 3528 654 3648 712; x_wconf 72' lang='lat' dir='ltr'><strong>haec</strong></span> 
     </span>
    </p>
   </div>
   <div class='ocr_carea' id='block_1_20' title="bbox 2039 740 3644 814">
    <p class='ocr_par' dir='ltr' id='par_1_20' title="bbox 2039 740 3644 814">
     <span class='ocr_line' id='line_1_20' title="bbox 2039 740 3644 814; baseline 0.001 -14"><span class='ocrx_word' id='word_1_134' title='bbox 2039 742 2336 800; x_wconf 81' lang='lat' dir='ltr'><strong>conﬁciens</strong></span> <span class='ocrx_word' id='word_1_135' title='bbox 2361 758 2377 797; x_wconf 89' lang='lat'><strong>:</strong></span> <span class='ocrx_word' id='word_1_136' title='bbox 2406 742 2654 814; x_wconf 90' lang='lat' dir='ltr'><strong>primum</strong></span> <span class='ocrx_word' id='word_1_137' title='bbox 2691 740 2940 813; x_wconf 84' lang='lat' dir='ltr'><strong>quidem,</strong></span> <span class='ocrx_word' id='word_1_138' title='bbox 2964 742 3111 814; x_wconf 91' lang='lat' dir='ltr'><strong>quod</strong></span> <span class='ocrx_word' id='word_1_139' title='bbox 3137 758 3227 798; x_wconf 89' lang='lat' dir='ltr'><strong>res</strong></span> <span class='ocrx_word' id='word_1_140' title='bbox 3267 744 3336 798; x_wconf 90' lang='lat' dir='ltr'><strong>sit</strong></span> <span class='ocrx_word' id='word_1_141' title='bbox 3365 743 3502 800; x_wconf 88' lang='lat' dir='ltr'><strong>adeo</strong></span> <span class='ocrx_word' id='word_1_142' title='bbox 3544 761 3644 801; x_wconf 85' lang='lat' dir='ltr'><strong>ne-</strong></span> 
     </span>
    </p>
   </div>
   <div class='ocr_carea' id='block_1_21' title="bbox 2039 829 3644 906">
    <p class='ocr_par' dir='ltr' id='par_1_21' title="bbox 2039 829 3644 906">
     <span class='ocr_line' id='line_1_21' title="bbox 2039 829 3644 906; baseline 0.002 -17"><span class='ocrx_word' id='word_1_143' title='bbox 2039 831 2299 899; x_wconf 88' lang='lat' dir='ltr'><strong>cessaria,</strong></span> <span class='ocrx_word' id='word_1_144' title='bbox 2347 839 2410 888; x_wconf 89' lang='lat' dir='ltr'><strong>ut</strong></span> <span class='ocrx_word' id='word_1_145' title='bbox 2463 831 2690 888; x_wconf 89' lang='lat' dir='ltr'><strong>doctore</strong></span> <span class='ocrx_word' id='word_1_146' title='bbox 2735 829 2966 902; x_wconf 88' lang='lat' dir='ltr'><strong>quidem</strong></span> <span class='ocrx_word' id='word_1_147' title='bbox 3021 847 3130 888; x_wconf 91' lang='lat' dir='ltr'><strong>non</strong></span> <span class='ocrx_word' id='word_1_148' title='bbox 3187 832 3450 905; x_wconf 83' lang='lat' dir='ltr'><strong>indigeat.</strong></span> <span class='ocrx_word' id='word_1_149' title='bbox 3504 836 3644 906; x_wconf 61' lang='lat' dir='ltr'><strong>Qua</strong></span> 
     </span>
    </p>
   </div>
   <div class='ocr_carea' id='block_1_22' title="bbox 2041 919 3647 992">
    <p class='ocr_par' dir='ltr' id='par_1_22' title="bbox 2041 919 3647 992">
     <span class='ocr_line' id='line_1_22' title="bbox 2041 919 3647 992; baseline 0.001 -14"><span class='ocrx_word' id='word_1_150' title='bbox 2041 921 2193 978; x_wconf 88' lang='lat' dir='ltr'><strong>enim</strong></span> <span class='ocrx_word' id='word_1_151' title='bbox 2209 921 2362 978; x_wconf 85' lang='lat' dir='ltr'><strong>valde</strong></span> <span class='ocrx_word' id='word_1_152' title='bbox 2386 936 2585 992; x_wconf 85' lang='lat' dir='ltr'><strong>magna</strong></span> <span class='ocrx_word' id='word_1_153' title='bbox 2612 925 2762 988; x_wconf 78' lang='lat' dir='ltr'><strong>sunt,</strong></span> <span class='ocrx_word' id='word_1_154' title='bbox 2786 919 3040 976; x_wconf 85' lang='lat' dir='ltr'><strong>omnibus</strong></span> <span class='ocrx_word' id='word_1_155' title='bbox 3063 929 3192 976; x_wconf 82' lang='lat' dir='ltr'><strong>sunt</strong></span> <span class='ocrx_word' id='word_1_156' title='bbox 3213 921 3526 979; x_wconf 80' lang='lat' dir='ltr'><strong>manifesta.</strong></span> <span class='ocrx_word' id='word_1_157' title='bbox 3557 924 3647 980; x_wconf 77' lang='lat' dir='ltr'><strong>Al-</strong></span> 
     </span>
    </p>
   </div>
   <div class='ocr_carea' id='block_1_23' title="bbox 2036 1008 3640 1083">
    <p class='ocr_par' dir='ltr' id='par_1_23' title="bbox 2036 1008 3640 1083">
     <span class='ocr_line' id='line_1_23' title="bbox 2036 1008 3640 1083; baseline 0.002 -17"><span class='ocrx_word' id='word_1_158' title='bbox 2036 1019 2220 1067; x_wconf 83' lang='lat' dir='ltr'><strong>terum</strong></span> <span class='ocrx_word' id='word_1_159' title='bbox 2239 1019 2430 1067; x_wconf 89' lang='lat' dir='ltr'><strong>autem</strong></span> <span class='ocrx_word' id='word_1_160' title='bbox 2475 1009 2648 1083; x_wconf 87' lang='lat' dir='ltr'><strong>magis</strong></span> <span class='ocrx_word' id='word_1_161' title='bbox 2678 1024 2772 1066; x_wconf 92' lang='lat' dir='ltr'><strong>eos</strong></span> <span class='ocrx_word' id='word_1_162' title='bbox 2800 1008 3099 1082; x_wconf 85' lang='lat' dir='ltr'><strong>pudefacit,</strong></span> <span class='ocrx_word' id='word_1_163' title='bbox 3127 1012 3383 1068; x_wconf 81' lang='lat' dir='ltr'><strong>excitans</strong></span> <span class='ocrx_word' id='word_1_164' title='bbox 3419 1028 3535 1081; x_wconf 90' lang='lat' dir='ltr'><strong>eos,</strong></span> <span class='ocrx_word' id='word_1_165' title='bbox 3567 1030 3640 1069; x_wconf 87' lang='lat' dir='ltr'><strong>ne</strong></span> 
     </span>
    </p>
   </div>
   <div class='ocr_carea' id='block_1_24' title="bbox 2038 1099 3641 1174">
    <p class='ocr_par' dir='ltr' id='par_1_24' title="bbox 2038 1099 3641 1174">
     <span class='ocr_line' id='line_1_24' title="bbox 2038 1099 3641 1174; baseline 0.001 -17"><span class='ocrx_word' id='word_1_166' title='bbox 2038 1100 2322 1158; x_wconf 82' lang='lat' dir='ltr'><strong>inferiores</strong></span> <span class='ocrx_word' id='word_1_167' title='bbox 2370 1100 2715 1156; x_wconf 85' lang='lat' dir='ltr'><strong>inveniantur</strong></span> <span class='ocrx_word' id='word_1_168' title='bbox 2742 1099 2999 1172; x_wconf 85' lang='lat' dir='ltr'><strong>opinione</strong></span> <span class='ocrx_word' id='word_1_169' title='bbox 3034 1115 3202 1171; x_wconf 89' lang='lat' dir='ltr'><strong>quam</strong></span> <span class='ocrx_word' id='word_1_170' title='bbox 3232 1101 3305 1158; x_wconf 88' lang='lat' dir='ltr'><strong>de</strong></span> <span class='ocrx_word' id='word_1_171' title='bbox 3345 1101 3478 1174; x_wconf 86' lang='lat' dir='ltr'><strong>ipsis</strong></span> <span class='ocrx_word' id='word_1_172' title='bbox 3505 1119 3641 1159; x_wconf 89' lang='lat' dir='ltr'><strong>con-</strong></span> 
     </span>
    </p>
   </div>
   <div class='ocr_carea' id='block_1_25' title="bbox 2037 1189 3636 1264">
    <p class='ocr_par' dir='ltr' id='par_1_25' title="bbox 2037 1189 3636 1264">
     <span class='ocr_line' id='line_1_25' title="bbox 2037 1189 3636 1264; baseline 0 -16"><span class='ocrx_word' id='word_1_173' title='bbox 2037 1191 2202 1263; x_wconf 85' lang='lat' dir='ltr'><strong>cepit,</strong></span> <span class='ocrx_word' id='word_1_174' title='bbox 2237 1189 2556 1248; x_wconf 84' lang='lat' dir='ltr'><strong>existimans</strong></span> <span class='ocrx_word' id='word_1_175' title='bbox 2595 1205 2691 1248; x_wconf 90' lang='lat' dir='ltr'><strong>eos</strong></span> <span class='ocrx_word' id='word_1_176' title='bbox 2714 1190 2835 1264; x_wconf 89' lang='lat' dir='ltr'><strong>jam</strong></span> <span class='ocrx_word' id='word_1_177' title='bbox 2864 1189 3155 1263; x_wconf 79' lang='lat' dir='ltr'><strong>perfecisse</strong></span> <span class='ocrx_word' id='word_1_178' title='bbox 3182 1205 3306 1264; x_wconf 78' lang='lat' dir='ltr'><strong>quae</strong></span> <span class='ocrx_word' id='word_1_179' title='bbox 3351 1192 3636 1249; x_wconf 86' lang='lat' dir='ltr'><strong>charitatis</strong></span> 
     </span>
    </p>
   </div>
   <div class='ocr_carea' id='block_1_26' title="bbox 2041 1288 2186 1338">
    <p class='ocr_par' dir='ltr' id='par_1_26' title="bbox 2041 1288 2186 1338">
     <span class='ocr_line' id='line_1_26' title="bbox 2041 1288 2186 1338; baseline -0.028 1"><span class='ocrx_word' id='word_1_180' title='bbox 2041 1288 2186 1338; x_wconf 87' lang='lat' dir='ltr'><strong>sunt.</strong></span> 
     </span>
    </p>
   </div>
   <div class='ocr_carea' id='block_1_27' title="bbox 2115 1371 3618 1442">
    <p class='ocr_par' dir='ltr' id='par_1_27' title="bbox 2115 1371 3618 1442">
     <span class='ocr_line' id='line_1_27' title="bbox 2115 1371 3618 1442; baseline 0.001 -16"><span class='ocrx_word' id='word_1_181' title='bbox 2115 1373 2235 1442; x_wconf 85' lang='lat' dir='ltr'><strong>Ipsi</strong></span> <span class='ocrx_word' id='word_1_182' title='bbox 2255 1373 2396 1426; x_wconf 87' lang='lat' dir='ltr'><strong>enim</strong></span> <span class='ocrx_word' id='word_1_183' title='bbox 2419 1386 2512 1425; x_wconf 86' lang='lat' dir='ltr'><strong>vos</strong></span> <span class='ocrx_word' id='word_1_184' title='bbox 2537 1387 2572 1426; x_wconf 93' lang='lat' dir='ltr'><strong>a</strong></span> <span class='ocrx_word' id='word_1_185' title='bbox 2597 1373 2706 1426; x_wconf 89' lang='lat' dir='ltr'><strong>Deo</strong></span> <span class='ocrx_word' id='word_1_186' title='bbox 2731 1371 3022 1434; x_wconf 77' lang='lat' dir='ltr'><strong>didicistis,</strong></span> <span class='ocrx_word' id='word_1_187' title='bbox 3052 1375 3116 1426; x_wconf 90' lang='lat' dir='ltr'><strong>ut</strong></span> <span class='ocrx_word' id='word_1_188' title='bbox 3134 1371 3376 1440; x_wconf 75' lang='lat' dir='ltr'><strong>diligatis</strong></span> <span class='ocrx_word' id='word_1_189' title='bbox 3397 1374 3618 1428; x_wconf 80' lang='lat' dir='ltr'><strong>invicem</strong></span> 
     </span>
    </p>
   </div>
   <div class='ocr_carea' id='block_1_28' title="bbox 2040 1458 3639 1532">
    <p class='ocr_par' dir='ltr' id='par_1_28' title="bbox 2040 1458 3639 1532">
     <span class='ocr_line' id='line_1_28' title="bbox 2040 1458 3639 1532; baseline 0 -14"><span class='ocrx_word' id='word_1_190' title='bbox 2040 1460 2284 1518; x_wconf 80' lang='lat' dir='ltr'><strong>Observa</strong></span> <span class='ocrx_word' id='word_1_191' title='bbox 2337 1468 2547 1532; x_wconf 87' lang='lat' dir='ltr'><strong>quanto</strong></span> <span class='ocrx_word' id='word_1_192' title='bbox 2596 1475 2728 1515; x_wconf 92' lang='lat' dir='ltr'><strong>cum</strong></span> <span class='ocrx_word' id='word_1_193' title='bbox 2778 1459 3032 1516; x_wconf 89' lang='lat' dir='ltr'><strong>encomio</strong></span> <span class='ocrx_word' id='word_1_194' title='bbox 3064 1458 3184 1518; x_wconf 58' lang='lat' dir='ltr'><strong>haec</strong></span> <span class='ocrx_word' id='word_1_195' title='bbox 3238 1459 3383 1517; x_wconf 85' lang='lat' dir='ltr'><strong>dicat</strong></span> <span class='ocrx_word' id='word_1_196' title='bbox 3417 1465 3639 1518; x_wconf 90' lang='lat' dir='ltr'><strong>:Deum</strong></span> 
     </span>
    </p>
   </div>
   <div class='ocr_carea' id='block_1_29' title="bbox 2041 1547 3646 1622">
    <p class='ocr_par' dir='ltr' id='par_1_29' title="bbox 2041 1547 3646 1622">
     <span class='ocr_line' id='line_1_29' title="bbox 2041 1547 3646 1622; baseline -0.001 -14"><span class='ocrx_word' id='word_1_197' title='bbox 2041 1550 2194 1608; x_wconf 85' lang='lat' dir='ltr'><strong>enim</strong></span> <span class='ocrx_word' id='word_1_198' title='bbox 2234 1548 2364 1622; x_wconf 88' lang='lat' dir='ltr'><strong>ipsis</strong></span> <span class='ocrx_word' id='word_1_199' title='bbox 2404 1549 2626 1606; x_wconf 88' lang='lat' dir='ltr'><strong>virtutis</strong></span> <span class='ocrx_word' id='word_1_200' title='bbox 2650 1548 2813 1621; x_wconf 85' lang='lat' dir='ltr'><strong>hujus</strong></span> <span class='ocrx_word' id='word_1_201' title='bbox 2857 1547 3149 1606; x_wconf 88' lang='lat' dir='ltr'><strong>doctorem</strong></span> <span class='ocrx_word' id='word_1_202' title='bbox 3193 1549 3327 1606; x_wconf 82' lang='lat' dir='ltr'><strong>facit</strong></span> <span class='ocrx_word' id='word_1_203' title='bbox 3371 1550 3562 1622; x_wconf 89' lang='lat' dir='ltr'><strong>:quod</strong></span> <span class='ocrx_word' id='word_1_204' title='bbox 3591 1560 3646 1607; x_wconf 92' lang='lat' dir='ltr'><strong>et</strong></span> 
     </span>
    </p>
   </div>
   <div class='ocr_carea' id='block_1_30' title="bbox 2044 1637 3394 1712">
    <p class='ocr_par' dir='ltr' id='par_1_30' title="bbox 2044 1637 3394 1712">
     <span class='ocr_line' id='line_1_30' title="bbox 2044 1637 3394 1712; baseline 0 -18"><span class='ocrx_word' id='word_1_205' title='bbox 2044 1638 2312 1712; x_wconf 86' lang='lat' dir='ltr'><strong>propheta</strong></span> <span class='ocrx_word' id='word_1_206' title='bbox 2343 1637 2522 1695; x_wconf 85' lang='lat' dir='ltr'><strong>dixit:</strong></span> <span class='ocrx_word' id='word_1_207' title='bbox 2553 1642 2734 1695; x_wconf 84' lang='lat' dir='ltr'><strong>Erunt</strong></span> <span class='ocrx_word' id='word_1_208' title='bbox 2758 1654 2943 1694; x_wconf 86' lang='lat' dir='ltr'><strong>onmes</strong></span> <span class='ocrx_word' id='word_1_209' title='bbox 2986 1656 3020 1693; x_wconf 91' lang='lat' dir='ltr'><strong>a</strong></span> <span class='ocrx_word' id='word_1_210' title='bbox 3046 1643 3152 1695; x_wconf 82' lang='lat' dir='ltr'><strong>Deo</strong></span> <span class='ocrx_word' id='word_1_211' title='bbox 3196 1640 3342 1695; x_wconf 87' lang='lat' dir='ltr'><strong>docti</strong></span> <span class='ocrx_word' id='word_1_212' title='bbox 3351 1639 3394 1694; x_wconf 81' lang='grc'><strong>⁸.</strong></span> 
     </span>
    </p>
   </div>
   <div class='ocr_carea' id='block_1_31' title="bbox 2117 1817 3644 1888">
    <p class='ocr_par' dir='ltr' id='par_1_31' title="bbox 2117 1817 3644 1888">
     <span class='ocr_line' id='line_1_31' title="bbox 2117 1817 3644 1888; baseline -0.001 -11"><span class='ocrx_word' id='word_1_213' title='bbox 2117 1823 2296 1877; x_wconf 73' lang='lat' dir='ltr'><strong>Vnus.</strong></span> <span class='ocrx_word' id='word_1_214' title='bbox 2351 1825 2432 1876; x_wconf 89' lang='grc'><strong>10.</strong></span> <span class='ocrx_word' id='word_1_215' title='bbox 2482 1820 2697 1876; x_wconf 87' lang='lat' dir='ltr'><strong>Etenim</strong></span> <span class='ocrx_word' id='word_1_216' title='bbox 2731 1817 2878 1874; x_wconf 84' lang='lat' dir='ltr'><strong>illud</strong></span> <span class='ocrx_word' id='word_1_217' title='bbox 2905 1820 3090 1888; x_wconf 83' lang='lat' dir='ltr'><strong>facitis</strong></span> <span class='ocrx_word' id='word_1_218' title='bbox 3124 1821 3180 1873; x_wconf 85' lang='lat' dir='ltr'><strong>in</strong></span> <span class='ocrx_word' id='word_1_219' title='bbox 3231 1835 3411 1874; x_wconf 85' lang='lat' dir='ltr'><strong>omnes</strong></span> <span class='ocrx_word' id='word_1_220' title='bbox 3438 1825 3644 1888; x_wconf 77' lang='lat' dir='ltr'><strong>fratres</strong></span> 
     </span>
    </p>
   </div>
   <div class='ocr_carea' id='block_1_32' title="bbox 337 1897 1947 1992">
    <p class='ocr_par' dir='ltr' id='par_1_32' title="bbox 337 1897 1928 1992">
     <span class='ocr_line' id='line_1_32' title="bbox 337 1897 1928 1992; baseline -0.007 -28"><span class='ocrx_word' id='word_1_221' title='bbox 337 1904 464 1987; x_wconf 75' lang='grc' dir='ltr'>φοὺς</span> <span class='ocrx_word' id='word_1_222' title='bbox 515 1902 633 1973; x_wconf 77' lang='grc' dir='ltr'>τοὺς</span> <span class='ocrx_word' id='word_1_223' title='bbox 683 1907 736 1963; x_wconf 84' lang='grc' dir='ltr'><strong>ἐν</strong></span> <span class='ocrx_word' id='word_1_224' title='bbox 765 1904 864 1985; x_wconf 75' lang='grc' dir='ltr'>ὅλῃ</span> <span class='ocrx_word' id='word_1_225' title='bbox 909 1908 977 1985; x_wconf 79' lang='grc' dir='ltr'><strong>τῇ</strong></span> <span class='ocrx_word' id='word_1_226' title='bbox 1019 1899 1349 1982; x_wconf 76' lang='grc' dir='ltr'>Μακεδονίᾳ.</span> <span class='ocrx_word' id='word_1_227' title='bbox 1382 1924 1423 1992; x_wconf 59' lang='lat'><em>3</em></span> <span class='ocrx_word' id='word_1_228' title='bbox 1459 1899 1583 1992; x_wconf 70' lang='grc' dir='ltr'><strong>Οὐχ</strong></span> <span class='ocrx_word' id='word_1_229' title='bbox 1625 1897 1808 1992; x_wconf 57' lang='grc' dir='ltr'>ἅπλῶς</span> <span class='ocrx_word' id='word_1_230' title='bbox 1839 1897 1928 1955; x_wconf 85' lang='grc' dir='ltr'><strong>λέ-</strong></span> 
     </span>
    </p>
   </div>
   <div class='ocr_carea' id='block_1_33' title="bbox 2036 1897 3643 1992">
    <p class='ocr_par' dir='ltr' id='par_1_33' title="bbox 2042 1907 3643 1980">
     <span class='ocr_line' id='line_1_33' title="bbox 2042 1907 3643 1980; baseline 0.001 -17"><span class='ocrx_word' id='word_1_231' title='bbox 2042 1913 2142 1980; x_wconf 82' lang='lat' dir='ltr'><strong>qui</strong></span> <span class='ocrx_word' id='word_1_232' title='bbox 2158 1914 2286 1964; x_wconf 88' lang='lat' dir='ltr'><strong>sunt</strong></span> <span class='ocrx_word' id='word_1_233' title='bbox 2296 1911 2354 1964; x_wconf 87' lang='lat' dir='ltr'><strong>in</strong></span> <span class='ocrx_word' id='word_1_234' title='bbox 2369 1911 2623 1964; x_wconf 81' lang='lat' dir='ltr'><strong>universa</strong></span> <span class='ocrx_word' id='word_1_235' title='bbox 2640 1909 2972 1965; x_wconf 83' lang='lat' dir='ltr'><strong>Macedo-nia.</strong></span> <span class='ocrx_word' id='word_1_236' title='bbox 2997 1910 3125 1963; x_wconf 90' lang='lat' dir='ltr'><strong>Non</strong></span> <span class='ocrx_word' id='word_1_237' title='bbox 3149 1907 3468 1978; x_wconf 87' lang='lat' dir='ltr'><strong>simpliciter</strong></span> <span class='ocrx_word' id='word_1_238' title='bbox 3488 1908 3643 1977; x_wconf 89' lang='lat' dir='ltr'><strong>dicit,</strong></span> 
     </span>
    </p>
   </div>
   <div class='ocr_carea' id='block_1_34' title="bbox 339 1977 1930 2072">
    <p class='ocr_par' dir='ltr' id='par_1_34' title="bbox 339 1977 1930 2072">
     <span class='ocr_line' id='line_1_34' title="bbox 339 1977 1930 2072; baseline -0.005 -18"><span class='ocrx_word' id='word_1_239' title='bbox 339 1977 422 2072; x_wconf 76' lang='grc' dir='ltr'><strong>γει</strong></span> <span class='ocrx_word' id='word_1_240' title='bbox 441 2039 457 2068; x_wconf 93' lang='grc'><strong>,</strong></span> <span class='ocrx_word' id='word_1_241' title='bbox 485 1997 567 2054; x_wconf 79' lang='grc' dir='ltr'><strong>ὅτι</strong></span> <span class='ocrx_word' id='word_1_242' title='bbox 597 1977 962 2055; x_wconf 70' lang='grc' dir='ltr'>Θεοδίδακτοί</span> <span class='ocrx_word' id='word_1_243' title='bbox 979 1995 1134 2065; x_wconf 78' lang='grc' dir='ltr'>ἔστε,</span> <span class='ocrx_word' id='word_1_244' title='bbox 1165 1977 1318 2064; x_wconf 63' lang='grc' dir='ltr'>ἀλλ’,</span> <span class='ocrx_word' id='word_1_245' title='bbox 1339 1979 1480 2051; x_wconf 76' lang='grc' dir='ltr'>Οἶδα</span> <span class='ocrx_word' id='word_1_246' title='bbox 1510 1977 1680 2069; x_wconf 15' lang='grc' dir='ltr'><strong>³⁷ίάφ’</strong></span> <span class='ocrx_word' id='word_1_247' title='bbox 1705 1977 1779 2045; x_wconf 67' lang='grc' dir='ltr'>ὧν</span> <span class='ocrx_word' id='word_1_248' title='bbox 1805 2009 1930 2046; x_wconf 90' lang='grc' dir='ltr'>ποι-</span> 
     </span>
    </p>
   </div>
   <div class='ocr_carea' id='block_1_35' title="bbox 336 2075 1934 2162">
    <p class='ocr_par' dir='ltr' id='par_1_35' title="bbox 336 2075 1934 2162">
     <span class='ocr_line' id='line_1_35' title="bbox 336 2075 1934 2162; baseline -0.006 -18"><span class='ocrx_word' id='word_1_249' title='bbox 336 2084 464 2146; x_wconf 85' lang='grc' dir='ltr'>εῖτε.</span> <span class='ocrx_word' id='word_1_250' title='bbox 521 2083 855 2151; x_wconf 83' lang='grc' dir='ltr'>Μακεδονίας</span> <span class='ocrx_word' id='word_1_251' title='bbox 918 2081 974 2142; x_wconf 81' lang='grc' dir='ltr'>δὲ</span> <span class='ocrx_word' id='word_1_252' title='bbox 1028 2080 1297 2162; x_wconf 81' lang='grc' dir='ltr'><strong>ἐμνήσθη,</strong></span> <span class='ocrx_word' id='word_1_253' title='bbox 1354 2076 1536 2151; x_wconf 82' lang='grc' dir='ltr'>ἐπειδὴ</span> <span class='ocrx_word' id='word_1_254' title='bbox 1606 2075 1934 2157; x_wconf 88' lang='grc' dir='ltr'>μητρόπολις</span> 
     </span>
    </p>
   </div>
   <div class='ocr_carea' id='block_1_36' title="bbox 337 2173 1163 2247">
    <p class='ocr_par' dir='ltr' id='par_1_36' title="bbox 337 2173 1163 2247">
     <span class='ocr_line' id='line_1_36' title="bbox 337 2173 1163 2247; baseline -0.006 -11"><span class='ocrx_word' id='word_1_255' title='bbox 337 2173 678 2242; x_wconf 82' lang='grc' dir='ltr'>Μακεδονίας</span> <span class='ocrx_word' id='word_1_256' title='bbox 707 2178 740 2247; x_wconf 83' lang='grc' dir='ltr'>ἡ</span> <span class='ocrx_word' id='word_1_257' title='bbox 771 2173 1163 2245; x_wconf 85' lang='grc' dir='ltr'>Θεσσαλονίκη.</span> 
     </span>
    </p>
   </div>
   <div class='ocr_carea' id='block_1_37' title="bbox 422 2256 1932 2344">
    <p class='ocr_par' dir='ltr' id='par_1_37' title="bbox 422 2256 1932 2344">
     <span class='ocr_line' id='line_1_37' title="bbox 422 2256 1932 2344; baseline -0.003 -23"><span class='ocrx_word' id='word_1_258' title='bbox 422 2287 451 2321; x_wconf 77' lang='grc' dir='ltr'><strong>ε</strong></span> <span class='ocrx_word' id='word_1_259' title='bbox 499 2265 936 2344; x_wconf 86' lang='grc' dir='ltr'>Παρακαλοῦμεν</span> <span class='ocrx_word' id='word_1_260' title='bbox 969 2261 1024 2322; x_wconf 83' lang='grc' dir='ltr'>δὲ</span> <span class='ocrx_word' id='word_1_261' title='bbox 1076 2265 1246 2340; x_wconf 77' lang='grc' dir='ltr'>ὖμᾶς,</span> <span class='ocrx_word' id='word_1_262' title='bbox 1294 2257 1543 2342; x_wconf 79' lang='grc' dir='ltr'>ἀδελφοὶ,</span> <span class='ocrx_word' id='word_1_263' title='bbox 1599 2256 1932 2339; x_wconf 82' lang='grc' dir='ltr'>περισσεύειν</span> 
     </span>
    </p>
   </div>
   <div class='ocr_carea' id='block_1_38' title="bbox 335 2347 1932 2434">
    <p class='ocr_par' dir='ltr' id='par_1_38' title="bbox 335 2347 1932 2434">
     <span class='ocr_line' id='line_1_38' title="bbox 335 2347 1932 2434; baseline -0.005 -20"><span class='ocrx_word' id='word_1_264' title='bbox 335 2355 574 2433; x_wconf 70' lang='grc' dir='ltr'>μᾶλλον,</span> <span class='ocrx_word' id='word_1_265' title='bbox 649 2353 741 2413; x_wconf 79' lang='grc' dir='ltr'><strong>καὶ</strong></span> <span class='ocrx_word' id='word_1_266' title='bbox 795 2355 1187 2434; x_wconf 82' lang='grc' dir='ltr'>φιλοτιμεῖσθαι</span> <span class='ocrx_word' id='word_1_267' title='bbox 1236 2349 1562 2430; x_wconf 80' lang='grc' dir='ltr'>ἡσυχάζειν,</span> <span class='ocrx_word' id='word_1_268' title='bbox 1624 2348 1716 2408; x_wconf 85' lang='grc' dir='ltr'>καὶ</span> <span class='ocrx_word' id='word_1_269' title='bbox 1760 2347 1932 2428; x_wconf 76' lang='grc' dir='ltr'>πράσι-</span> 
     </span>
    </p>
   </div>
   <div class='ocr_carea' id='block_1_39' title="bbox 335 2437 1928 2523">
    <p class='ocr_par' dir='ltr' id='par_1_39' title="bbox 335 2437 1928 2523">
     <span class='ocr_line' id='line_1_39' title="bbox 335 2437 1928 2523; baseline -0.004 -20"><span class='ocrx_word' id='word_1_270' title='bbox 335 2466 446 2503; x_wconf 89' lang='grc' dir='ltr'>σειν</span> <span class='ocrx_word' id='word_1_271' title='bbox 496 2442 564 2504; x_wconf 73' lang='grc' dir='ltr'><strong>τὰ</strong></span> <span class='ocrx_word' id='word_1_272' title='bbox 617 2441 763 2518; x_wconf 72' lang='grc' dir='ltr'>ἴδια,</span> <span class='ocrx_word' id='word_1_273' title='bbox 826 2441 920 2503; x_wconf 76' lang='grc' dir='ltr'>καὶ</span> <span class='ocrx_word' id='word_1_274' title='bbox 969 2442 1282 2523; x_wconf 77' lang='grc' dir='ltr'>ἐργάζεσθαι</span> <span class='ocrx_word' id='word_1_275' title='bbox 1334 2441 1451 2506; x_wconf 86' lang='grc' dir='ltr'>ταῖς</span> <span class='ocrx_word' id='word_1_276' title='bbox 1507 2437 1690 2519; x_wconf 77' lang='grc' dir='ltr'>χερσὶν</span> <span class='ocrx_word' id='word_1_277' title='bbox 1743 2440 1928 2514; x_wconf 74' lang='grc' dir='ltr'>ὑμῶν,</span> 
     </span>
    </p>
   </div>
   <div class='ocr_carea' id='block_1_40' title="bbox 332 2526 1930 2613">
    <p class='ocr_par' dir='ltr' id='par_1_40' title="bbox 332 2526 1930 2613">
     <span class='ocr_line' id='line_1_40' title="bbox 332 2526 1930 2613; baseline -0.004 -21"><span class='ocrx_word' id='word_1_278' title='bbox 332 2533 509 2602; x_wconf 82' lang='grc' dir='ltr'>καθὼς</span> <span class='ocrx_word' id='word_1_279' title='bbox 537 2533 876 2613; x_wconf 83' lang='grc' dir='ltr'>παρήγγειλα</span> <span class='ocrx_word' id='word_1_280' title='bbox 908 2537 1056 2610; x_wconf 55' lang='lat' dir='ltr'><strong>built.</strong></span> <span class='ocrx_word' id='word_1_281' title='bbox 1106 2554 1133 2590; x_wconf 83' lang='grc'><strong>›)</strong></span> <span class='ocrx_word' id='word_1_282' title='bbox 1163 2527 1297 2592; x_wconf 82' lang='grc' dir='ltr'>Ὅτι</span> <span class='ocrx_word' id='word_1_283' title='bbox 1321 2529 1417 2609; x_wconf 73' lang='grc' dir='ltr'>μὲν</span> <span class='ocrx_word' id='word_1_284' title='bbox 1446 2526 1759 2611; x_wconf 71' lang='grc' dir='ltr'>φιλάδελφοί</span> <span class='ocrx_word' id='word_1_285' title='bbox 1782 2529 1930 2603; x_wconf 84' lang='grc' dir='ltr'>ἐστε,</span> 
     </span>
    </p>
   </div>
   <div class='ocr_carea' id='block_1_41' title="bbox 331 2614 1930 2702">
    <p class='ocr_par' dir='ltr' id='par_1_41' title="bbox 331 2614 1930 2702">
     <span class='ocr_line' id='line_1_41' title="bbox 331 2614 1930 2702; baseline -0.004 -20"><span class='ocrx_word' id='word_1_286' title='bbox 331 2614 480 2682; x_wconf 75' lang='grc' dir='ltr'>οἷδαο</span> <span class='ocrx_word' id='word_1_287' title='bbox 531 2631 688 2684; x_wconf 82' lang='grc' dir='ltr'>τοῦτο</span> <span class='ocrx_word' id='word_1_288' title='bbox 734 2623 790 2684; x_wconf 78' lang='grc' dir='ltr'>δὲ</span> <span class='ocrx_word' id='word_1_289' title='bbox 855 2624 1306 2702; x_wconf 74' lang='grc' dir='ltr'>παρακαλοῦμεν,</span> <span class='ocrx_word' id='word_1_290' title='bbox 1369 2618 1703 2700; x_wconf 82' lang='grc' dir='ltr'>περισσεύειν</span> <span class='ocrx_word' id='word_1_291' title='bbox 1765 2619 1930 2695; x_wconf 76' lang='grc' dir='ltr'>ὑμᾶς,</span> 
     </span>
    </p>
   </div>
   <div class='ocr_carea' id='block_1_42' title="bbox 330 2707 1932 2794">
    <p class='ocr_par' dir='ltr' id='par_1_42' title="bbox 330 2707 1932 2794">
     <span class='ocr_line' id='line_1_42' title="bbox 330 2707 1932 2794; baseline -0.004 -21"><span class='ocrx_word' id='word_1_292' title='bbox 330 2713 571 2774; x_wconf 82' lang='grc' dir='ltr'>τουτέστι</span> <span class='ocrx_word' id='word_1_293' title='bbox 619 2713 924 2783; x_wconf 81' lang='grc' dir='ltr'>πλεονάζειν</span> <span class='ocrx_word' id='word_1_294' title='bbox 973 2715 1026 2772; x_wconf 80' lang='grc' dir='ltr'><strong>ἐν</strong></span> <span class='ocrx_word' id='word_1_295' title='bbox 1191 2708 1540 2794; x_wconf 79' lang='grc' dir='ltr'>φιλαδελφίᾳ,</span> <span class='ocrx_word' id='word_1_296' title='bbox 1585 2707 1676 2768; x_wconf 81' lang='grc' dir='ltr'><strong>καὶ</strong></span> <span class='ocrx_word' id='word_1_297' title='bbox 1697 2711 1932 2794; x_wconf 35' lang='grc' dir='ltr'>-.φιλοτι-</span> 
     </span>
    </p>
   </div>
   <div class='ocr_carea' id='block_1_43' title="bbox 331 2787 1926 2885">
    <p class='ocr_par' dir='ltr' id='par_1_43' title="bbox 331 2787 1926 2885">
     <span class='ocr_line' id='line_1_43' title="bbox 331 2787 1926 2885; baseline -0.003 -23"><span class='ocrx_word' id='word_1_298' title='bbox 331 2804 599 2885; x_wconf 76' lang='grc' dir='ltr'>μωτέρους</span> <span class='ocrx_word' id='word_1_299' title='bbox 650 2795 809 2865; x_wconf 63' lang='grc' dir='ltr'>εἶναι.</span> <span class='ocrx_word' id='word_1_300' title='bbox 858 2801 934 2860; x_wconf 90' lang='grc' dir='ltr'><em>Ἢ</em></span> <span class='ocrx_word' id='word_1_301' title='bbox 963 2787 1136 2862; x_wconf 76' lang='grc' dir='ltr'>τοίνυν</span> <span class='ocrx_word' id='word_1_302' title='bbox 1165 2787 1390 2860; x_wconf 80' lang='grc' dir='ltr'>ἐνταῦθα</span> <span class='ocrx_word' id='word_1_303' title='bbox 1427 2787 1644 2871; x_wconf 39' lang='grc' dir='ltr'>’στίξον,</span> <span class='ocrx_word' id='word_1_304' title='bbox 1678 2787 1793 2857; x_wconf 73' lang='grc' dir='ltr'>εἶτα</span> <span class='ocrx_word' id='word_1_305' title='bbox 1833 2800 1926 2858; x_wconf 77' lang='grc' dir='ltr'>ἀπ’</span> 
     </span>
    </p>
   </div>
   <div class='ocr_carea' id='block_1_44' title="bbox 334 2887 1929 2975">
    <p class='ocr_par' dir='ltr' id='par_1_44' title="bbox 334 2887 1929 2975">
     <span class='ocr_line' id='line_1_44' title="bbox 334 2887 1929 2975; baseline -0.004 -23"><span class='ocrx_word' id='word_1_306' title='bbox 334 2892 501 2965; x_wconf 77' lang='grc' dir='ltr'>ἄλλης</span> <span class='ocrx_word' id='word_1_307' title='bbox 535 2894 706 2975; x_wconf 77' lang='grc' dir='ltr'>ἀρχῆς</span> <span class='ocrx_word' id='word_1_308' title='bbox 749 2892 1042 2971; x_wconf 81' lang='grc' dir='ltr'>ἀνάγνωθι,</span> <span class='ocrx_word' id='word_1_309' title='bbox 1095 2913 1124 2949; x_wconf 73' lang='grc' dir='ltr'><strong>ε</strong></span> <span class='ocrx_word' id='word_1_310' title='bbox 1169 2890 1496 2972; x_wconf 83' lang='grc' dir='ltr'>Ἦσυχάζειν</span> <span class='ocrx_word' id='word_1_311' title='bbox 1541 2887 1634 2947; x_wconf 77' lang='grc' dir='ltr'><strong>καὶ</strong></span> <span class='ocrx_word' id='word_1_312' title='bbox 1676 2887 1929 2968; x_wconf 89' lang='grc' dir='ltr'>πράττειν</span> 
     </span>
    </p>
   </div>
   <div class='ocr_carea' id='block_1_45' title="bbox 328 2977 1937 3059">
    <p class='ocr_par' dir='ltr' id='par_1_45' title="bbox 328 2977 1937 3059">
     <span class='ocr_line' id='line_1_45' title="bbox 328 2977 1937 3059; baseline -0.003 -18"><span class='ocrx_word' id='word_1_313' title='bbox 328 2980 401 3041; x_wconf 77' lang='grc' dir='ltr'><strong>τὰ</strong></span> <span class='ocrx_word' id='word_1_314' title='bbox 440 2981 629 3042; x_wconf 78' lang='grc' dir='ltr'>ἴδιαοι)</span> <span class='ocrx_word' id='word_1_315' title='bbox 695 2981 760 3056; x_wconf 78' lang='grc' dir='ltr'>ἢ,</span> <span class='ocrx_word' id='word_1_316' title='bbox 807 3003 836 3039; x_wconf 79' lang='grc' dir='ltr'>(ι</span> <span class='ocrx_word' id='word_1_317' title='bbox 875 2984 1291 3058; x_wconf 83' lang='grc' dir='ltr'>Φιλοτιμεῖσθαι</span> <span class='ocrx_word' id='word_1_318' title='bbox 1319 2979 1603 3059; x_wconf 84' lang='grc' dir='ltr'>ἡσυχάζειν</span> <span class='ocrx_word' id='word_1_319' title='bbox 1629 2977 1720 3036; x_wconf 79' lang='grc' dir='ltr'><strong>καὶ</strong></span> <span class='ocrx_word' id='word_1_320' title='bbox 1766 2978 1937 3058; x_wconf 86' lang='grc' dir='ltr'>πράτ-</span> 
     </span>
    </p>
   </div>
   <div class='ocr_carea' id='block_1_46' title="bbox 331 3067 1935 3146">
    <p class='ocr_par' dir='ltr' id='par_1_46' title="bbox 331 3067 1935 3146">
     <span class='ocr_line' id='line_1_46' title="bbox 331 3067 1935 3146; baseline -0.002 -16"><span class='ocrx_word' id='word_1_321' title='bbox 331 3093 444 3130; x_wconf 85' lang='grc' dir='ltr'>τειν</span> <span class='ocrx_word' id='word_1_322' title='bbox 472 3069 540 3132; x_wconf 73' lang='grc' dir='ltr'><strong>τὰ</strong></span> <span class='ocrx_word' id='word_1_323' title='bbox 571 3070 704 3134; x_wconf 80' lang='grc' dir='ltr'>ἴδια.</span> <span class='ocrx_word' id='word_1_324' title='bbox 738 3093 766 3130; x_wconf 65' lang='grc' dir='ltr'>ιι</span> <span class='ocrx_word' id='word_1_325' title='bbox 799 3070 904 3132; x_wconf 86' lang='grc' dir='ltr'>Ἐκ</span> <span class='ocrx_word' id='word_1_326' title='bbox 941 3071 1128 3131; x_wconf 88' lang='grc' dir='ltr'>τούτου</span> <span class='ocrx_word' id='word_1_327' title='bbox 1158 3069 1214 3129; x_wconf 87' lang='grc' dir='ltr'>δὲ</span> <span class='ocrx_word' id='word_1_328' title='bbox 1247 3068 1537 3141; x_wconf 86' lang='grc' dir='ltr'>δείκνυσιν,</span> <span class='ocrx_word' id='word_1_329' title='bbox 1560 3067 1640 3127; x_wconf 76' lang='grc' dir='ltr'>ὅτι</span> <span class='ocrx_word' id='word_1_330' title='bbox 1675 3071 1724 3127; x_wconf 79' lang='grc' dir='ltr'>οἱ</span> <span class='ocrx_word' id='word_1_331' title='bbox 1754 3067 1935 3146; x_wconf 78' lang='grc' dir='ltr'>ἀργοὶ,</span> 
     </span>
    </p>
   </div>
   <div class='ocr_carea' id='block_1_47' title="bbox 2042 1996 3643 2070">
    <p class='ocr_par' dir='ltr' id='par_1_47' title="bbox 2042 1996 3643 2070">
     <span class='ocr_line' id='line_1_47' title="bbox 2042 1996 3643 2070; baseline 0 -15"><span class='ocrx_word' id='word_1_332' title='bbox 2042 2003 2092 2055; x_wconf 86' lang='grc' dir='ltr'><strong>Α</strong></span> <span class='ocrx_word' id='word_1_333' title='bbox 2127 2003 2247 2056; x_wconf 93' lang='lat' dir='ltr'><strong>Deo</strong></span> <span class='ocrx_word' id='word_1_334' title='bbox 2275 1997 2424 2055; x_wconf 88' lang='lat' dir='ltr'><strong>docti</strong></span> <span class='ocrx_word' id='word_1_335' title='bbox 2451 1997 2597 2067; x_wconf 89' lang='lat' dir='ltr'><strong>estis,</strong></span> <span class='ocrx_word' id='word_1_336' title='bbox 2628 1997 2748 2065; x_wconf 89' lang='lat' dir='ltr'><strong>sed,</strong></span> <span class='ocrx_word' id='word_1_337' title='bbox 2778 1997 2902 2054; x_wconf 90' lang='lat' dir='ltr'><strong>Scio</strong></span> <span class='ocrx_word' id='word_1_338' title='bbox 2931 2013 3000 2054; x_wconf 86' lang='lat' dir='ltr'><strong>ex</strong></span> <span class='ocrx_word' id='word_1_339' title='bbox 3029 1997 3096 2052; x_wconf 92' lang='lat' dir='ltr'><strong>iis</strong></span> <span class='ocrx_word' id='word_1_340' title='bbox 3123 2013 3250 2070; x_wconf 77' lang='lat' dir='ltr'><strong>quae</strong></span> <span class='ocrx_word' id='word_1_341' title='bbox 3283 1996 3484 2055; x_wconf 85' lang='lat' dir='ltr'><strong>facitis.</strong></span> <span class='ocrx_word' id='word_1_342' title='bbox 3519 2000 3643 2055; x_wconf 88' lang='lat' dir='ltr'><strong>Ma-</strong></span> 
     </span>
    </p>
   </div>
   <div class='ocr_carea' id='block_1_48' title="bbox 2039 2085 3643 2160">
    <p class='ocr_par' dir='ltr' id='par_1_48' title="bbox 2039 2085 3643 2160">
     <span class='ocr_line' id='line_1_48' title="bbox 2039 2085 3643 2160; baseline 0.001 -16"><span class='ocrx_word' id='word_1_343' title='bbox 2039 2088 2289 2146; x_wconf 62' lang='lat' dir='ltr'><strong>cedonia</strong></span> <span class='ocrx_word' id='word_1_344' title='bbox 2315 2095 2502 2146; x_wconf 89' lang='lat' dir='ltr'><strong>autem</strong></span> <span class='ocrx_word' id='word_1_345' title='bbox 2527 2086 2803 2158; x_wconf 89' lang='lat' dir='ltr'><strong>meminit,</strong></span> <span class='ocrx_word' id='word_1_346' title='bbox 2827 2085 3273 2160; x_wconf 87' lang='lat' dir='ltr'><strong>quandoquidem</strong></span> <span class='ocrx_word' id='word_1_347' title='bbox 3301 2086 3643 2146; x_wconf 71' lang='lat' dir='ltr'><strong>Macedoniae</strong></span> 
     </span>
    </p>
   </div>
   <div class='ocr_carea' id='block_1_49' title="bbox 2041 2176 3027 2251">
    <p class='ocr_par' dir='ltr' id='par_1_49' title="bbox 2041 2176 3027 2251">
     <span class='ocr_line' id='line_1_49' title="bbox 2041 2176 3027 2251; baseline -0.002 -16"><span class='ocrx_word' id='word_1_348' title='bbox 2041 2178 2362 2251; x_wconf 84' lang='lat' dir='ltr'><strong>metropolis</strong></span> <span class='ocrx_word' id='word_1_349' title='bbox 2391 2179 2466 2235; x_wconf 88' lang='lat' dir='ltr'><strong>sit</strong></span> <span class='ocrx_word' id='word_1_350' title='bbox 2492 2177 2606 2251; x_wconf 88' lang='lat' dir='ltr'><strong>ipsa</strong></span> <span class='ocrx_word' id='word_1_351' title='bbox 2624 2176 3027 2235; x_wconf 86' lang='lat' dir='ltr'><strong>Thessalonica.</strong></span> 
     </span>
    </p>
   </div>
   <div class='ocr_carea' id='block_1_50' title="bbox 2113 2270 3642 2337">
    <p class='ocr_par' dir='ltr' id='par_1_50' title="bbox 2113 2270 3642 2337">
     <span class='ocr_line' id='line_1_50' title="bbox 2113 2270 3642 2337; baseline 0.001 -13"><span class='ocrx_word' id='word_1_352' title='bbox 2113 2271 2300 2325; x_wconf 72' lang='lat' dir='ltr'><strong>Vnus.</strong></span> <span class='ocrx_word' id='word_1_353' title='bbox 2335 2273 2423 2324; x_wconf 81' lang='lat' dir='ltr'><strong>lt.</strong></span> <span class='ocrx_word' id='word_1_354' title='bbox 2460 2271 2732 2337; x_wconf 84' lang='lat' dir='ltr'><strong>Rogamus</strong></span> <span class='ocrx_word' id='word_1_355' title='bbox 2761 2270 2942 2323; x_wconf 87' lang='lat' dir='ltr'><strong>autem</strong></span> <span class='ocrx_word' id='word_1_356' title='bbox 2965 2282 3078 2331; x_wconf 77' lang='lat' dir='ltr'><strong>vos,</strong></span> <span class='ocrx_word' id='word_1_357' title='bbox 3105 2270 3332 2336; x_wconf 80' lang='lat' dir='ltr'><strong>fratres,</strong></span> <span class='ocrx_word' id='word_1_358' title='bbox 3363 2272 3426 2325; x_wconf 88' lang='lat' dir='ltr'><strong>ut</strong></span> <span class='ocrx_word' id='word_1_359' title='bbox 3461 2270 3642 2325; x_wconf 87' lang='lat' dir='ltr'><strong>abun-</strong></span> 
     </span>
    </p>
   </div>
   <div class='ocr_carea' id='block_1_51' title="bbox 2041 2357 3643 2428">
    <p class='ocr_par' dir='ltr' id='par_1_51' title="bbox 2041 2357 3643 2428">
     <span class='ocr_line' id='line_1_51' title="bbox 2041 2357 3643 2428; baseline 0 -15"><span class='ocrx_word' id='word_1_360' title='bbox 2041 2358 2182 2414; x_wconf 85' lang='lat' dir='ltr'><strong>detis</strong></span> <span class='ocrx_word' id='word_1_361' title='bbox 2224 2360 2421 2426; x_wconf 84' lang='lat' dir='ltr'><strong>magis,</strong></span> <span class='ocrx_word' id='word_1_362' title='bbox 2453 2361 2506 2413; x_wconf 89' lang='lat' dir='ltr'><strong>et</strong></span> <span class='ocrx_word' id='word_1_363' title='bbox 2536 2373 2757 2428; x_wconf 82' lang='lat' dir='ltr'><strong>operam</strong></span> <span class='ocrx_word' id='word_1_364' title='bbox 2803 2357 2941 2413; x_wconf 86' lang='lat' dir='ltr'><strong>detis</strong></span> <span class='ocrx_word' id='word_1_365' title='bbox 2974 2361 3037 2412; x_wconf 92' lang='lat' dir='ltr'><strong>ut</strong></span> <span class='ocrx_word' id='word_1_366' title='bbox 3065 2359 3240 2428; x_wconf 80' lang='lat' dir='ltr'><strong>quieti</strong></span> <span class='ocrx_word' id='word_1_367' title='bbox 3279 2359 3423 2421; x_wconf 85' lang='lat' dir='ltr'><strong>sitis,</strong></span> <span class='ocrx_word' id='word_1_368' title='bbox 3477 2364 3527 2413; x_wconf 89' lang='lat' dir='ltr'><strong>et</strong></span> <span class='ocrx_word' id='word_1_369' title='bbox 3557 2375 3643 2413; x_wconf 82' lang='lat' dir='ltr'><strong>ve-</strong></span> 
     </span>
    </p>
   </div>
   <div class='ocr_carea' id='block_1_52' title="bbox 2039 2448 3639 2518">
    <p class='ocr_par' dir='ltr' id='par_1_52' title="bbox 2039 2448 3639 2518">
     <span class='ocr_line' id='line_1_52' title="bbox 2039 2448 3639 2518; baseline -0.001 -14"><span class='ocrx_word' id='word_1_370' title='bbox 2039 2453 2216 2504; x_wconf 86' lang='lat' dir='ltr'><strong>strum</strong></span> <span class='ocrx_word' id='word_1_371' title='bbox 2240 2449 2514 2516; x_wconf 79' lang='lat' dir='ltr'><strong>negotium</strong></span> <span class='ocrx_word' id='word_1_372' title='bbox 2539 2449 2738 2515; x_wconf 86' lang='lat' dir='ltr'><strong>agatis,</strong></span> <span class='ocrx_word' id='word_1_373' title='bbox 2771 2451 2824 2502; x_wconf 89' lang='lat' dir='ltr'><strong>et</strong></span> <span class='ocrx_word' id='word_1_374' title='bbox 2843 2449 3137 2518; x_wconf 73' lang='lat' dir='ltr'><strong>operamini</strong></span> <span class='ocrx_word' id='word_1_375' title='bbox 3153 2448 3405 2503; x_wconf 86' lang='lat' dir='ltr'><strong>manibus</strong></span> <span class='ocrx_word' id='word_1_376' title='bbox 3424 2450 3639 2511; x_wconf 81' lang='lat' dir='ltr'><strong>vestris,</strong></span> 
     </span>
    </p>
   </div>
   <div class='ocr_carea' id='block_1_53' title="bbox 2039 2535 3640 2609">
    <p class='ocr_par' dir='ltr' id='par_1_53' title="bbox 2039 2535 3640 2609">
     <span class='ocr_line' id='line_1_53' title="bbox 2039 2535 3640 2609; baseline 0.001 -16"><span class='ocrx_word' id='word_1_377' title='bbox 2039 2541 2179 2594; x_wconf 84' lang='lat' dir='ltr'><strong>sicut</strong></span> <span class='ocrx_word' id='word_1_378' title='bbox 2215 2540 2449 2609; x_wconf 59' lang='grc' dir='ltr'>μνωοῳί</span> <span class='ocrx_word' id='word_1_379' title='bbox 2528 2538 2696 2593; x_wconf 77' lang='lat' dir='ltr'><strong>vobis.</strong></span> <span class='ocrx_word' id='word_1_380' title='bbox 2724 2537 2885 2607; x_wconf 89' lang='lat' dir='ltr'><strong>Quod</strong></span> <span class='ocrx_word' id='word_1_381' title='bbox 2933 2536 3051 2593; x_wconf 90' lang='lat' dir='ltr'><strong>sitis</strong></span> <span class='ocrx_word' id='word_1_382' title='bbox 3095 2545 3344 2594; x_wconf 86' lang='lat' dir='ltr'><strong>amantes</strong></span> <span class='ocrx_word' id='word_1_383' title='bbox 3385 2535 3640 2603; x_wconf 84' lang='lat' dir='ltr'><strong>fratrum,</strong></span> 
     </span>
    </p>
   </div>
   <div class='ocr_carea' id='block_1_54' title="bbox 2039 2625 3643 2699">
    <p class='ocr_par' dir='ltr' id='par_1_54' title="bbox 2039 2625 3643 2699">
     <span class='ocr_line' id='line_1_54' title="bbox 2039 2625 3643 2699; baseline 0 -15"><span class='ocrx_word' id='word_1_384' title='bbox 2039 2626 2294 2699; x_wconf 85' lang='lat' dir='ltr'><strong>equidem</strong></span> <span class='ocrx_word' id='word_1_385' title='bbox 2323 2627 2454 2683; x_wconf 88' lang='lat' dir='ltr'><strong>novi</strong></span> <span class='ocrx_word' id='word_1_386' title='bbox 2507 2645 2524 2684; x_wconf 88' lang='lat'><strong>:</strong></span> <span class='ocrx_word' id='word_1_387' title='bbox 2566 2625 2672 2683; x_wconf 91' lang='lat' dir='ltr'><strong>hoc</strong></span> <span class='ocrx_word' id='word_1_388' title='bbox 2702 2634 2891 2683; x_wconf 89' lang='lat' dir='ltr'><strong>autem</strong></span> <span class='ocrx_word' id='word_1_389' title='bbox 2942 2626 3317 2696; x_wconf 84' lang='lat' dir='ltr'><strong>obsecramus,</strong></span> <span class='ocrx_word' id='word_1_390' title='bbox 3356 2625 3643 2684; x_wconf 80' lang='lat' dir='ltr'><strong>abundare</strong></span> 
     </span>
    </p>
   </div>
   <div class='ocr_carea' id='block_1_55' title="bbox 2038 2713 3642 2788">
    <p class='ocr_par' dir='ltr' id='par_1_55' title="bbox 2038 2713 3642 2788">
     <span class='ocr_line' id='line_1_55' title="bbox 2038 2713 3642 2788; baseline 0 -16"><span class='ocrx_word' id='word_1_391' title='bbox 2038 2732 2158 2788; x_wconf 86' lang='lat' dir='ltr'><strong>vos,</strong></span> <span class='ocrx_word' id='word_1_392' title='bbox 2178 2716 2281 2773; x_wconf 91' lang='lat' dir='ltr'><strong>hoc</strong></span> <span class='ocrx_word' id='word_1_393' title='bbox 2292 2724 2376 2773; x_wconf 89' lang='lat' dir='ltr'><strong>est</strong></span> <span class='ocrx_word' id='word_1_394' title='bbox 2392 2714 2693 2773; x_wconf 80' lang='lat' dir='ltr'><strong>exuberare</strong></span> <span class='ocrx_word' id='word_1_395' title='bbox 2709 2713 2948 2772; x_wconf 84' lang='lat' dir='ltr'><strong>fraterna</strong></span> <span class='ocrx_word' id='word_1_396' title='bbox 2959 2714 3230 2772; x_wconf 87' lang='lat' dir='ltr'><strong>charitate</strong></span> <span class='ocrx_word' id='word_1_397' title='bbox 3243 2755 3260 2782; x_wconf 93' lang='lat'><strong>,</strong></span> <span class='ocrx_word' id='word_1_398' title='bbox 3273 2724 3330 2772; x_wconf 87' lang='lat' dir='ltr'><strong>et</strong></span> <span class='ocrx_word' id='word_1_399' title='bbox 3343 2715 3642 2772; x_wconf 83' lang='lat' dir='ltr'><strong>muniﬁcos</strong></span> 
     </span>
    </p>
   </div>
   <div class='ocr_carea' id='block_1_56' title="bbox 2037 2803 3640 2878">
    <p class='ocr_par' dir='ltr' id='par_1_56' title="bbox 2037 2803 3640 2878">
     <span class='ocr_line' id='line_1_56' title="bbox 2037 2803 3640 2878; baseline -0.001 -16"><span class='ocrx_word' id='word_1_400' title='bbox 2037 2821 2177 2862; x_wconf 87' lang='lat' dir='ltr'><strong>esse.</strong></span> <span class='ocrx_word' id='word_1_401' title='bbox 2209 2805 2309 2862; x_wconf 87' lang='lat' dir='ltr'><strong>Vel</strong></span> <span class='ocrx_word' id='word_1_402' title='bbox 2341 2804 2432 2861; x_wconf 87' lang='lat' dir='ltr'><strong>hic</strong></span> <span class='ocrx_word' id='word_1_403' title='bbox 2473 2805 2640 2878; x_wconf 80' lang='lat' dir='ltr'><strong>igitur</strong></span> <span class='ocrx_word' id='word_1_404' title='bbox 2685 2803 3100 2861; x_wconf 86' lang='lat' dir='ltr'><strong>distinctionem</strong></span> <span class='ocrx_word' id='word_1_405' title='bbox 3153 2803 3338 2873; x_wconf 74' lang='lat' dir='ltr'><strong>facito,</strong></span> <span class='ocrx_word' id='word_1_406' title='bbox 3370 2803 3568 2862; x_wconf 89' lang='lat' dir='ltr'><strong>deinde</strong></span> <span class='ocrx_word' id='word_1_407' title='bbox 3609 2823 3640 2861; x_wconf 89' lang='lat' dir='ltr'><strong>a</strong></span> 
     </span>
    </p>
   </div>
   <div class='ocr_carea' id='block_1_57' title="bbox 2038 2894 3641 2968">
    <p class='ocr_par' dir='ltr' id='par_1_57' title="bbox 2038 2894 3641 2968">
     <span class='ocr_line' id='line_1_57' title="bbox 2038 2894 3641 2968; baseline -0.001 -17"><span class='ocrx_word' id='word_1_408' title='bbox 2038 2911 2182 2952; x_wconf 87' lang='lat' dir='ltr'><strong>novo</strong></span> <span class='ocrx_word' id='word_1_409' title='bbox 2214 2894 2480 2968; x_wconf 91' lang='lat' dir='ltr'><strong>principio</strong></span> <span class='ocrx_word' id='word_1_410' title='bbox 2520 2895 2657 2968; x_wconf 84' lang='lat' dir='ltr'><strong>lege,</strong></span> <span class='ocrx_word' id='word_1_411' title='bbox 2688 2897 2757 2950; x_wconf 89' lang='lat' dir='ltr'><strong>Ut</strong></span> <span class='ocrx_word' id='word_1_412' title='bbox 2783 2896 2957 2965; x_wconf 86' lang='lat' dir='ltr'><strong>quieti</strong></span> <span class='ocrx_word' id='word_1_413' title='bbox 2993 2896 3138 2963; x_wconf 88' lang='lat' dir='ltr'><strong>sitis,</strong></span> <span class='ocrx_word' id='word_1_414' title='bbox 3186 2900 3354 2965; x_wconf 86' lang='lat' dir='ltr'><strong>atque</strong></span> <span class='ocrx_word' id='word_1_415' title='bbox 3390 2911 3477 2950; x_wconf 86' lang='lat' dir='ltr'><strong>res</strong></span> <span class='ocrx_word' id='word_1_416' title='bbox 3510 2912 3641 2965; x_wconf 85' lang='lat' dir='ltr'><strong>pro-</strong></span> 
     </span>
    </p>
   </div>
   <div class='ocr_carea' id='block_1_58' title="bbox 2037 2984 3640 3056">
    <p class='ocr_par' dir='ltr' id='par_1_58' title="bbox 2037 2984 3640 3056">
     <span class='ocr_line' id='line_1_58' title="bbox 2037 2984 3640 3056; baseline -0.001 -16"><span class='ocrx_word' id='word_1_417' title='bbox 2037 2988 2201 3056; x_wconf 85' lang='lat' dir='ltr'><strong>prias</strong></span> <span class='ocrx_word' id='word_1_418' title='bbox 2226 2986 2426 3054; x_wconf 89' lang='lat' dir='ltr'><strong>agatis.</strong></span> <span class='ocrx_word' id='word_1_419' title='bbox 2449 2984 2572 3052; x_wconf 86' lang='lat' dir='ltr'><strong>Vel,</strong></span> <span class='ocrx_word' id='word_1_420' title='bbox 2595 2985 2826 3055; x_wconf 83' lang='lat' dir='ltr'><strong>Operam</strong></span> <span class='ocrx_word' id='word_1_421' title='bbox 2856 2985 2995 3038; x_wconf 84' lang='lat' dir='ltr'><strong>detis</strong></span> <span class='ocrx_word' id='word_1_422' title='bbox 3026 2988 3088 3040; x_wconf 89' lang='lat' dir='ltr'><strong>ut</strong></span> <span class='ocrx_word' id='word_1_423' title='bbox 3112 2985 3286 3054; x_wconf 83' lang='lat' dir='ltr'><strong>quieti</strong></span> <span class='ocrx_word' id='word_1_424' title='bbox 3308 2986 3451 3052; x_wconf 86' lang='lat' dir='ltr'><strong>sitis,</strong></span> <span class='ocrx_word' id='word_1_425' title='bbox 3481 2989 3533 3039; x_wconf 87' lang='lat' dir='ltr'><strong>et</strong></span> <span class='ocrx_word' id='word_1_426' title='bbox 3556 3001 3640 3041; x_wconf 83' lang='lat' dir='ltr'><strong>res</strong></span> 
     </span>
    </p>
   </div>
   <div class='ocr_carea' id='block_1_59' title="bbox 2037 3072 3638 3146">
    <p class='ocr_par' dir='ltr' id='par_1_59' title="bbox 2037 3072 3638 3146">
     <span class='ocr_line' id='line_1_59' title="bbox 2037 3072 3638 3146; baseline -0.001 -16"><span class='ocrx_word' id='word_1_427' title='bbox 2037 3077 2296 3146; x_wconf 84' lang='lat' dir='ltr'><strong>proprias</strong></span> <span class='ocrx_word' id='word_1_428' title='bbox 2318 3076 2518 3144; x_wconf 85' lang='lat' dir='ltr'><strong>agatis.</strong></span> <span class='ocrx_word' id='word_1_429' title='bbox 2543 3076 2626 3130; x_wconf 88' lang='lat' dir='ltr'><strong>Ex</strong></span> <span class='ocrx_word' id='word_1_430' title='bbox 2649 3073 2755 3130; x_wconf 92' lang='lat' dir='ltr'><strong>hoc</strong></span> <span class='ocrx_word' id='word_1_431' title='bbox 2773 3081 2958 3129; x_wconf 88' lang='lat' dir='ltr'><strong>autem</strong></span> <span class='ocrx_word' id='word_1_432' title='bbox 2985 3072 3244 3142; x_wconf 84' lang='lat' dir='ltr'><strong>ostendit,</strong></span> <span class='ocrx_word' id='word_1_433' title='bbox 3267 3073 3421 3146; x_wconf 91' lang='lat' dir='ltr'><strong>quod</strong></span> <span class='ocrx_word' id='word_1_434' title='bbox 3445 3074 3638 3142; x_wconf 91' lang='lat' dir='ltr'><strong>otiosi,</strong></span> 
     </span>
    </p>
   </div>
   <div class='ocr_carea' id='block_1_60' title="bbox 328 3155 1947 3258">
    <p class='ocr_par' dir='ltr' id='par_1_60' title="bbox 328 3155 1932 3258">
     <span class='ocr_line' id='line_1_60' title="bbox 328 3155 1932 3258; baseline -0.002 -39"><span class='ocrx_word' id='word_1_435' title='bbox 328 3159 423 3220; x_wconf 82' lang='grc' dir='ltr'>καὶ</span> <span class='ocrx_word' id='word_1_436' title='bbox 443 3161 890 3258; x_wconf 38' lang='grc' dir='ltr'>πολυπράγμονες.</span> <span class='ocrx_word' id='word_1_437' title='bbox 903 3161 996 3220; x_wconf 82' lang='grc' dir='ltr'><strong>καὶ</strong></span> <span class='ocrx_word' id='word_1_438' title='bbox 1021 3159 1373 3258; x_wconf 63' lang='grc' dir='ltr'><strong>ταραχώδειςἶ</strong></span> <span class='ocrx_word' id='word_1_439' title='bbox 1406 3155 1593 3258; x_wconf 60' lang='grc' dir='ltr'>Εἶπων</span> <span class='ocrx_word' id='word_1_440' title='bbox 1625 3156 1703 3258; x_wconf 52' lang='grc' dir='ltr'>δξ,</span> <span class='ocrx_word' id='word_1_441' title='bbox 1740 3178 1770 3216; x_wconf 78' lang='grc' dir='ltr'><strong>α</strong></span> <span class='ocrx_word' id='word_1_442' title='bbox 1795 3160 1932 3224; x_wconf 85' lang='grc' dir='ltr'>Ταῖς</span> 
     </span>
    </p>
   </div>
   <div class='ocr_carea' id='block_1_61' title="bbox 2036 3155 3638 3258">
    <p class='ocr_par' dir='ltr' id='par_1_61' title="bbox 2042 3162 3638 3237">
     <span class='ocr_line' id='line_1_61' title="bbox 2042 3162 3638 3237; baseline -0.003 -16"><span class='ocrx_word' id='word_1_443' title='bbox 2042 3164 2248 3222; x_wconf 91' lang='lat' dir='ltr'><strong>curiosi</strong></span> <span class='ocrx_word' id='word_1_444' title='bbox 2297 3163 2709 3237; x_wconf 88' lang='lat' dir='ltr'><strong>turbulentique</strong></span> <span class='ocrx_word' id='word_1_445' title='bbox 2737 3163 2872 3220; x_wconf 88' lang='lat' dir='ltr'><strong>sint.</strong></span> <span class='ocrx_word' id='word_1_446' title='bbox 2915 3163 3060 3221; x_wconf 90' lang='lat' dir='ltr'><strong>Cum</strong></span> <span class='ocrx_word' id='word_1_447' title='bbox 3110 3171 3299 3219; x_wconf 89' lang='lat' dir='ltr'><strong>autem</strong></span> <span class='ocrx_word' id='word_1_448' title='bbox 3327 3162 3484 3232; x_wconf 89' lang='lat' dir='ltr'><strong>dicit,</strong></span> <span class='ocrx_word' id='word_1_449' title='bbox 3519 3165 3638 3219; x_wconf 86' lang='lat' dir='ltr'><strong>Ma-</strong></span> 
     </span>
    </p>
   </div>
   <div class='ocr_carea' id='block_1_62' title="bbox 325 3244 1930 3331">
    <p class='ocr_par' dir='ltr' id='par_1_62' title="bbox 325 3244 1930 3331">
     <span class='ocr_line' id='line_1_62' title="bbox 325 3244 1930 3331; baseline -0.002 -23"><span class='ocrx_word' id='word_1_450' title='bbox 325 3249 513 3331; x_wconf 75' lang='grc' dir='ltr'>χερσὶν</span> <span class='ocrx_word' id='word_1_451' title='bbox 565 3255 714 3328; x_wconf 78' lang='grc' dir='ltr'>ὑμῶν</span> <span class='ocrx_word' id='word_1_452' title='bbox 762 3251 1104 3331; x_wconf 71' lang='grc' dir='ltr'>ἐργάζεσθαι,</span> <span class='ocrx_word' id='word_1_453' title='bbox 1141 3274 1172 3307; x_wconf 67' lang='grc' dir='ltr'><strong>ν</strong></span> <span class='ocrx_word' id='word_1_454' title='bbox 1220 3247 1460 3329; x_wconf 77' lang='grc' dir='ltr'>ἐντρέπει</span> <span class='ocrx_word' id='word_1_455' title='bbox 1489 3244 1610 3314; x_wconf 79' lang='grc' dir='ltr'>τοὺς</span> <span class='ocrx_word' id='word_1_456' title='bbox 1633 3245 1700 3306; x_wconf 77' lang='grc' dir='ltr'><strong>τὰ</strong></span> <span class='ocrx_word' id='word_1_457' title='bbox 1745 3269 1930 3326; x_wconf 74' lang='grc' dir='ltr'>σωμαο</span> 
     </span>
    </p>
   </div>
   <div class='ocr_carea' id='block_1_63' title="bbox 327 3336 1929 3421">
    <p class='ocr_par' dir='ltr' id='par_1_63' title="bbox 327 3336 1929 3421">
     <span class='ocr_line' id='line_1_63' title="bbox 327 3336 1929 3421; baseline -0.003 -21"><span class='ocrx_word' id='word_1_458' title='bbox 327 3337 456 3400; x_wconf 79' lang='grc' dir='ltr'>τικὰ</span> <span class='ocrx_word' id='word_1_459' title='bbox 484 3339 614 3420; x_wconf 82' lang='grc' dir='ltr'>ἔργα</span> <span class='ocrx_word' id='word_1_460' title='bbox 653 3340 706 3380; x_wconf 80' lang='grc'><strong>³⁸</strong></span> <span class='ocrx_word' id='word_1_461' title='bbox 752 3342 1129 3421; x_wconf 77' lang='grc' dir='ltr'>ἀναιροῦντας,</span> <span class='ocrx_word' id='word_1_462' title='bbox 1160 3338 1250 3400; x_wconf 81' lang='grc' dir='ltr'>καὶ</span> <span class='ocrx_word' id='word_1_463' title='bbox 1285 3337 1444 3421; x_wconf 73' lang='grc' dir='ltr'>μόνον</span> <span class='ocrx_word' id='word_1_464' title='bbox 1482 3336 1544 3395; x_wconf 83' lang='grc' dir='ltr'>τὸ</span> <span class='ocrx_word' id='word_1_465' title='bbox 1571 3337 1929 3412; x_wconf 86' lang='grc' dir='ltr'>πνευματικὸν</span> 
     </span>
    </p>
   </div>
   <div class='ocr_carea' id='block_1_64' title="bbox 329 3417 1924 3509">
    <p class='ocr_par' dir='ltr' id='par_1_64' title="bbox 329 3417 1924 3509">
     <span class='ocr_line' id='line_1_64' title="bbox 329 3417 1924 3509; baseline -0.001 -23"><span class='ocrx_word' id='word_1_466' title='bbox 329 3417 634 3502; x_wconf 73' lang='grc' dir='ltr'>ζητοῦντας.</span> <span class='ocrx_word' id='word_1_467' title='bbox 683 3417 891 3490; x_wconf 78' lang='grc' dir='ltr'>Εἴπατε</span> <span class='ocrx_word' id='word_1_468' title='bbox 923 3428 1027 3509; x_wconf 75' lang='grc' dir='ltr'><strong>γὰρ</strong></span> <span class='ocrx_word' id='word_1_469' title='bbox 1048 3473 1065 3502; x_wconf 88' lang='grc'><strong>,</strong></span> <span class='ocrx_word' id='word_1_470' title='bbox 1113 3427 1330 3500; x_wconf 81' lang='grc' dir='ltr'>ἀνόητοι</span> <span class='ocrx_word' id='word_1_471' title='bbox 1351 3470 1368 3499; x_wconf 90' lang='grc'><strong>,</strong></span> <span class='ocrx_word' id='word_1_472' title='bbox 1404 3417 1508 3505; x_wconf 69' lang='grc' dir='ltr'><strong>ἆρα</strong></span> <span class='ocrx_word' id='word_1_473' title='bbox 1559 3425 1808 3498; x_wconf 85' lang='grc' dir='ltr'>νηστείαν</span> <span class='ocrx_word' id='word_1_474' title='bbox 1842 3427 1924 3505; x_wconf 79' lang='grc' dir='ltr'><strong>ἐρ-</strong></span> 
     </span>
    </p>
   </div>
   <div class='ocr_carea' id='block_1_65' title="bbox 327 3510 1925 3600">
    <p class='ocr_par' dir='ltr' id='par_1_65' title="bbox 327 3510 1925 3600">
     <span class='ocr_line' id='line_1_65' title="bbox 327 3510 1925 3600; baseline -0.004 -22"><span class='ocrx_word' id='word_1_475' title='bbox 327 3517 551 3597; x_wconf 87' lang='grc' dir='ltr'>γάζεταί</span> <span class='ocrx_word' id='word_1_476' title='bbox 577 3542 656 3587; x_wconf 92' lang='grc' dir='ltr'><strong>τις</strong></span> <span class='ocrx_word' id='word_1_477' title='bbox 682 3522 800 3588; x_wconf 87' lang='grc' dir='ltr'>ταῖς</span> <span class='ocrx_word' id='word_1_478' title='bbox 829 3519 1013 3600; x_wconf 89' lang='grc' dir='ltr'>χερσίν</span> <span class='ocrx_word' id='word_1_479' title='bbox 1027 3541 1046 3596; x_wconf 83' lang='lat'><strong>;</strong></span> <span class='ocrx_word' id='word_1_480' title='bbox 1093 3510 1198 3598; x_wconf 68' lang='grc' dir='ltr'><strong>ἆρα</strong></span> <span class='ocrx_word' id='word_1_481' title='bbox 1238 3514 1567 3596; x_wconf 86' lang='grc' dir='ltr'>χαμευνίαν;</span> <span class='ocrx_word' id='word_1_482' title='bbox 1605 3516 1724 3575; x_wconf 80' lang='grc' dir='ltr'><strong>Οὔκ</strong></span> <span class='ocrx_word' id='word_1_483' title='bbox 1749 3513 1892 3575; x_wconf 86' lang='grc' dir='ltr'>ἔστιν</span> <span class='ocrx_word' id='word_1_484' title='bbox 1911 3538 1925 3552; x_wconf 88' lang='grc'><strong>·</strong></span> 
     </span>
    </p>
   </div>
   <div class='ocr_carea' id='block_1_66' title="bbox 330 3602 1927 3690">
    <p class='ocr_par' dir='ltr' id='par_1_66' title="bbox 330 3602 1927 3690">
     <span class='ocr_line' id='line_1_66' title="bbox 330 3602 1927 3690; baseline -0.003 -24"><span class='ocrx_word' id='word_1_485' title='bbox 330 3607 470 3668; x_wconf 71' lang='grc' dir='ltr'>ἀλλὰ</span> <span class='ocrx_word' id='word_1_486' title='bbox 504 3608 631 3690; x_wconf 73' lang='grc' dir='ltr'>περὶ</span> <span class='ocrx_word' id='word_1_487' title='bbox 661 3608 816 3690; x_wconf 80' lang='grc' dir='ltr'>ἔργου</span> <span class='ocrx_word' id='word_1_488' title='bbox 845 3608 990 3687; x_wconf 74' lang='grc' dir='ltr'>λέγει</span> <span class='ocrx_word' id='word_1_489' title='bbox 1023 3609 1370 3686; x_wconf 84' lang='grc' dir='ltr'>σωματικοῦ,</span> <span class='ocrx_word' id='word_1_490' title='bbox 1399 3603 1429 3665; x_wconf 85' lang='grc' dir='ltr'><strong>δ</strong></span> <span class='ocrx_word' id='word_1_491' title='bbox 1457 3603 1550 3664; x_wconf 79' lang='grc' dir='ltr'>καὶ</span> <span class='ocrx_word' id='word_1_492' title='bbox 1585 3602 1788 3681; x_wconf 78' lang='grc' dir='ltr'>μᾶλλόν</span> <span class='ocrx_word' id='word_1_493' title='bbox 1815 3605 1927 3663; x_wconf 73' lang='grc' dir='ltr'>ἐστι</span> 
     </span>
    </p>
   </div>
   <div class='ocr_carea' id='block_1_67' title="bbox 326 3692 1924 3779">
    <p class='ocr_par' dir='ltr' id='par_1_67' title="bbox 326 3692 1924 3779">
     <span class='ocr_line' id='line_1_67' title="bbox 326 3692 1924 3779; baseline -0.003 -23"><span class='ocrx_word' id='word_1_494' title='bbox 326 3697 682 3775; x_wconf 76' lang='grc' dir='ltr'>πνευματικὸν</span> <span class='ocrx_word' id='word_1_495' title='bbox 699 3745 714 3774; x_wconf 91' lang='grc'><strong>,</strong></span> <span class='ocrx_word' id='word_1_496' title='bbox 734 3697 794 3758; x_wconf 80' lang='grc' dir='ltr'><strong>τὸ</strong></span> <span class='ocrx_word' id='word_1_497' title='bbox 827 3697 1002 3779; x_wconf 84' lang='grc' dir='ltr'>[γὰρ]</span> <span class='ocrx_word' id='word_1_498' title='bbox 1038 3695 1387 3778; x_wconf 72' lang='grc' dir='ltr'>ἐργαζόμενον</span> <span class='ocrx_word' id='word_1_499' title='bbox 1408 3692 1893 3779; x_wconf 31' lang='grc' dir='ltr'>ἑτέροις-παρέχειν</span> <span class='ocrx_word' id='word_1_500' title='bbox 1911 3740 1924 3766; x_wconf 91' lang='grc'><strong>,</strong></span> 
     </span>
    </p>
   </div>
   <div class='ocr_carea' id='block_1_68' title="bbox 325 3776 1924 3862">
    <p class='ocr_par' dir='ltr' id='par_1_68' title="bbox 325 3776 1924 3862">
     <span class='ocr_line' id='line_1_68' title="bbox 325 3776 1924 3862; baseline -0.002 -16"><span class='ocrx_word' id='word_1_501' title='bbox 325 3787 497 3847; x_wconf 83' lang='grc' dir='ltr'>εἴτουν</span> <span class='ocrx_word' id='word_1_502' title='bbox 551 3791 661 3856; x_wconf 86' lang='grc' dir='ltr'>τοῖς</span> <span class='ocrx_word' id='word_1_503' title='bbox 708 3776 952 3862; x_wconf 48' lang='grc' dir='ltr'>πένησιν,</span> <span class='ocrx_word' id='word_1_504' title='bbox 983 3776 1168 3849; x_wconf 19' lang='grc' dir='ltr'>ῨἚπεὶ</span> <span class='ocrx_word' id='word_1_505' title='bbox 1219 3785 1276 3846; x_wconf 74' lang='grc' dir='ltr'>δὲ</span> <span class='ocrx_word' id='word_1_506' title='bbox 1324 3783 1545 3856; x_wconf 74' lang='grc' dir='ltr'>πένητες</span> <span class='ocrx_word' id='word_1_507' title='bbox 1606 3776 1745 3857; x_wconf 75' lang='grc' dir='ltr'>ἦσαν</span> <span class='ocrx_word' id='word_1_508' title='bbox 1763 3828 1780 3858; x_wconf 93' lang='grc'><strong>,</strong></span> <span class='ocrx_word' id='word_1_509' title='bbox 1831 3783 1924 3843; x_wconf 79' lang='grc' dir='ltr'><strong>ἅτε</strong></span> 
     </span>
    </p>
   </div>
   <div class='ocr_carea' id='block_1_69' title="bbox 331 3872 1927 3958">
    <p class='ocr_par' dir='ltr' id='par_1_69' title="bbox 331 3872 1927 3958">
     <span class='ocr_line' id='line_1_69' title="bbox 331 3872 1927 3958; baseline -0.002 -23"><span class='ocrx_word' id='word_1_510' title='bbox 331 3877 716 3957; x_wconf 83' lang='grc' dir='ltr'>διαρπαγέντες</span> <span class='ocrx_word' id='word_1_511' title='bbox 761 3876 830 3937; x_wconf 75' lang='grc' dir='ltr'><strong>τὰ</strong></span> <span class='ocrx_word' id='word_1_512' title='bbox 873 3877 1220 3958; x_wconf 78' lang='grc' dir='ltr'>ὑπάρχοντα,</span> <span class='ocrx_word' id='word_1_513' title='bbox 1268 3874 1581 3956; x_wconf 84' lang='grc' dir='ltr'>ἐργάζεσθαι</span> <span class='ocrx_word' id='word_1_514' title='bbox 1630 3872 1816 3940; x_wconf 75' lang='grc' dir='ltr'>αὐτοὺς</span> <span class='ocrx_word' id='word_1_515' title='bbox 1848 3875 1927 3932; x_wconf 88' lang='grc' dir='ltr'>δι-</span> 
     </span>
    </p>
   </div>
   <div class='ocr_carea' id='block_1_70' title="bbox 325 3963 1924 4043">
    <p class='ocr_par' dir='ltr' id='par_1_70' title="bbox 325 3963 1924 4043">
     <span class='ocr_line' id='line_1_70' title="bbox 325 3963 1924 4043; baseline -0.003 -18"><span class='ocrx_word' id='word_1_516' title='bbox 325 3966 543 4042; x_wconf 87' lang='grc' dir='ltr'>δάσκει’,</span> <span class='ocrx_word' id='word_1_517' title='bbox 578 3965 667 4028; x_wconf 79' lang='grc' dir='ltr'><strong>ἵνα</strong></span> <span class='ocrx_word' id='word_1_518' title='bbox 719 3969 962 4029; x_wconf 80' lang='grc' dir='ltr'>ἔλεῶσιν.</span> <span class='ocrx_word' id='word_1_519' title='bbox 999 3969 1065 4027; x_wconf 79' lang='grc' dir='ltr'>Εἰ</span> <span class='ocrx_word' id='word_1_520' title='bbox 1099 3966 1154 4026; x_wconf 73' lang='grc' dir='ltr'>δὲ</span> <span class='ocrx_word' id='word_1_521' title='bbox 1183 3965 1401 4034; x_wconf 85' lang='grc' dir='ltr'>τούτους</span> <span class='ocrx_word' id='word_1_522' title='bbox 1451 3963 1655 4024; x_wconf 85' lang='grc' dir='ltr'>κελεύει</span> <span class='ocrx_word' id='word_1_523' title='bbox 1703 3963 1924 4043; x_wconf 74' lang='grc' dir='ltr'>ἐργάζε-</span> 
     </span>
    </p>
   </div>
   <div class='ocr_carea' id='block_1_71' title="bbox 326 4054 1922 4139">
    <p class='ocr_par' dir='ltr' id='par_1_71' title="bbox 326 4054 1922 4139">
     <span class='ocr_line' id='line_1_71' title="bbox 326 4054 1922 4139; baseline -0.002 -25"><span class='ocrx_word' id='word_1_524' title='bbox 326 4059 476 4132; x_wconf 86' lang='grc' dir='ltr'>σθαι,</span> <span class='ocrx_word' id='word_1_525' title='bbox 511 4054 630 4124; x_wconf 78' lang='grc' dir='ltr'>τοὺς</span> <span class='ocrx_word' id='word_1_526' title='bbox 669 4056 756 4116; x_wconf 78' lang='grc' dir='ltr'><strong>διὰ</strong></span> <span class='ocrx_word' id='word_1_527' title='bbox 793 4057 1027 4138; x_wconf 83' lang='grc' dir='ltr'>Χριστὸν</span> <span class='ocrx_word' id='word_1_528' title='bbox 1068 4054 1440 4139; x_wconf 76' lang='grc' dir='ltr'>ἁρπαγέντας,</span> <span class='ocrx_word' id='word_1_529' title='bbox 1481 4055 1670 4135; x_wconf 82' lang='grc' dir='ltr'>πολλῷ</span> <span class='ocrx_word' id='word_1_530' title='bbox 1715 4055 1922 4130; x_wconf 78' lang='grc' dir='ltr'>μᾶλλον</span> 
     </span>
    </p>
   </div>
   <div class='ocr_carea' id='block_1_72' title="bbox 324 4143 686 4214">
    <p class='ocr_par' dir='ltr' id='par_1_72' title="bbox 324 4143 686 4214">
     <span class='ocr_line' id='line_1_72' title="bbox 324 4143 686 4214; baseline 0.014 -11"><span class='ocrx_word' id='word_1_531' title='bbox 324 4143 444 4212; x_wconf 78' lang='grc' dir='ltr'>τοὺς</span> <span class='ocrx_word' id='word_1_532' title='bbox 477 4144 686 4214; x_wconf 77' lang='grc' dir='ltr'>ἄλλους.</span> 
     </span>
    </p>
   </div>
   <div class='ocr_carea' id='block_1_73' title="bbox 413 4226 1924 4318">
    <p class='ocr_par' dir='ltr' id='par_1_73' title="bbox 413 4226 1924 4318">
     <span class='ocr_line' id='line_1_73' title="bbox 413 4226 1924 4318; baseline -0.001 -26"><span class='ocrx_word' id='word_1_533' title='bbox 413 4257 441 4292; x_wconf 74' lang='grc' dir='ltr'><strong>α</strong></span> <span class='ocrx_word' id='word_1_534' title='bbox 493 4233 612 4297; x_wconf 82' lang='grc' dir='ltr'>Ἵνα</span> <span class='ocrx_word' id='word_1_535' title='bbox 661 4239 996 4318; x_wconf 73' lang='grc' dir='ltr'>περιπατῆτε</span> <span class='ocrx_word' id='word_1_536' title='bbox 1042 4226 1387 4316; x_wconf 73' lang='grc' dir='ltr'>εὐσχημόνως</span> <span class='ocrx_word' id='word_1_537' title='bbox 1448 4232 1578 4313; x_wconf 77' lang='grc' dir='ltr'>πρὸς</span> <span class='ocrx_word' id='word_1_538' title='bbox 1627 4231 1746 4300; x_wconf 77' lang='grc' dir='ltr'>τοὺς</span> <span class='ocrx_word' id='word_1_539' title='bbox 1796 4231 1924 4312; x_wconf 78' lang='grc' dir='ltr'>ἔξω,</span> 
     </span>
    </p>
   </div>
   <div class='ocr_carea' id='block_1_74' title="bbox 325 4321 1924 4406">
    <p class='ocr_par' dir='ltr' id='par_1_74' title="bbox 325 4321 1924 4406">
     <span class='ocr_line' id='line_1_74' title="bbox 325 4321 1924 4406; baseline -0.001 -22"><span class='ocrx_word' id='word_1_540' title='bbox 325 4324 421 4384; x_wconf 75' lang='grc' dir='ltr'><strong>καὶ</strong></span> <span class='ocrx_word' id='word_1_541' title='bbox 476 4325 701 4403; x_wconf 83' lang='grc' dir='ltr'>μηδενὸς</span> <span class='ocrx_word' id='word_1_542' title='bbox 749 4323 936 4406; x_wconf 85' lang='grc' dir='ltr'>χρείαν</span> <span class='ocrx_word' id='word_1_543' title='bbox 983 4324 1164 4405; x_wconf 84' lang='grc' dir='ltr'>ἔχητε.</span> <span class='ocrx_word' id='word_1_544' title='bbox 1223 4346 1253 4381; x_wconf 65' lang='grc' dir='ltr'><strong>ε</strong></span> <span class='ocrx_word' id='word_1_545' title='bbox 1301 4322 1630 4396; x_wconf 82' lang='grc' dir='ltr'>Τουτέστιν,</span> <span class='ocrx_word' id='word_1_546' title='bbox 1686 4321 1806 4384; x_wconf 87' lang='grc' dir='ltr'><strong>Ἵνα</strong></span> <span class='ocrx_word' id='word_1_547' title='bbox 1849 4322 1924 4401; x_wconf 80' lang='grc' dir='ltr'><strong>μὴ</strong></span> 
     </span>
    </p>
   </div>
   <div class='ocr_carea' id='block_1_75' title="bbox 327 4411 1920 4497">
    <p class='ocr_par' dir='ltr' id='par_1_75' title="bbox 327 4411 1920 4497">
     <span class='ocr_line' id='line_1_75' title="bbox 327 4411 1920 4497; baseline 0.001 -24"><span class='ocrx_word' id='word_1_548' title='bbox 327 4416 674 4496; x_wconf 74' lang='grc' dir='ltr'>ἀσχημονῆτε</span> <span class='ocrx_word' id='word_1_549' title='bbox 687 4413 868 4497; x_wconf 46' lang='grc' dir='ltr'>³παρὰ</span> <span class='ocrx_word' id='word_1_550' title='bbox 897 4425 1005 4481; x_wconf 86' lang='grc' dir='ltr'>τοῖς</span> <span class='ocrx_word' id='word_1_551' title='bbox 1033 4414 1145 4483; x_wconf 69' lang='grc' dir='ltr'><strong>ἔξω</strong></span> <span class='ocrx_word' id='word_1_552' title='bbox 1171 4417 1267 4486; x_wconf 82' lang='grc' dir='ltr'><strong>τῆς</strong></span> <span class='ocrx_word' id='word_1_553' title='bbox 1292 4411 1518 4479; x_wconf 87' lang='grc' dir='ltr'>πίστεως</span> <span class='ocrx_word' id='word_1_554' title='bbox 1564 4416 1920 4482; x_wconf 79' lang='grc' dir='ltr'>ἐπαιτοῦντες.</span> 
     </span>
    </p>
   </div>
   <div class='ocr_carea' id='block_1_76' title="bbox 2039 3251 3638 3326">
    <p class='ocr_par' dir='ltr' id='par_1_76' title="bbox 2039 3251 3638 3326">
     <span class='ocr_line' id='line_1_76' title="bbox 2039 3251 3638 3326; baseline -0.001 -16"><span class='ocrx_word' id='word_1_555' title='bbox 2039 3257 2199 3312; x_wconf 84' lang='lat' dir='ltr'><strong>nibus</strong></span> <span class='ocrx_word' id='word_1_556' title='bbox 2225 3257 2418 3312; x_wconf 78' lang='lat' dir='ltr'><strong>vestris</strong></span> <span class='ocrx_word' id='word_1_557' title='bbox 2449 3255 2765 3326; x_wconf 85' lang='lat' dir='ltr'><strong>operemini,</strong></span> <span class='ocrx_word' id='word_1_558' title='bbox 2799 3251 3080 3326; x_wconf 87' lang='lat' dir='ltr'><strong>pudefacit</strong></span> <span class='ocrx_word' id='word_1_559' title='bbox 3107 3267 3204 3310; x_wconf 88' lang='lat' dir='ltr'><strong>eos</strong></span> <span class='ocrx_word' id='word_1_560' title='bbox 3231 3252 3322 3326; x_wconf 91' lang='lat' dir='ltr'><strong>qui</strong></span> <span class='ocrx_word' id='word_1_561' title='bbox 3347 3253 3638 3326; x_wconf 86' lang='lat' dir='ltr'><strong>corporale</strong></span> 
     </span>
    </p>
   </div>
   <div class='ocr_carea' id='block_1_77' title="bbox 2039 3343 3642 3417">
    <p class='ocr_par' dir='ltr' id='par_1_77' title="bbox 2039 3343 3642 3417">
     <span class='ocr_line' id='line_1_77' title="bbox 2039 3343 3642 3417; baseline -0.002 -15"><span class='ocrx_word' id='word_1_562' title='bbox 2039 3361 2178 3417; x_wconf 88' lang='lat' dir='ltr'><strong>opus</strong></span> <span class='ocrx_word' id='word_1_563' title='bbox 2216 3344 2442 3412; x_wconf 88' lang='lat' dir='ltr'><strong>tollunt,</strong></span> <span class='ocrx_word' id='word_1_564' title='bbox 2493 3344 2680 3402; x_wconf 88' lang='lat' dir='ltr'><strong>solum</strong></span> <span class='ocrx_word' id='word_1_565' title='bbox 2730 3343 3013 3416; x_wconf 87' lang='lat' dir='ltr'><strong>spirituale</strong></span> <span class='ocrx_word' id='word_1_566' title='bbox 3073 3351 3403 3415; x_wconf 63' lang='lat' dir='ltr'><strong>quarentes.</strong></span> <span class='ocrx_word' id='word_1_567' title='bbox 3463 3343 3642 3400; x_wconf 89' lang='lat' dir='ltr'><strong>Dicite</strong></span> 
     </span>
    </p>
   </div>
   <div class='ocr_carea' id='block_1_78' title="bbox 2037 3433 3638 3506">
    <p class='ocr_par' dir='ltr' id='par_1_78' title="bbox 2037 3433 3638 3506">
     <span class='ocr_line' id='line_1_78' title="bbox 2037 3433 3638 3506; baseline -0.001 -16"><span class='ocrx_word' id='word_1_568' title='bbox 2037 3435 2211 3502; x_wconf 87' lang='lat' dir='ltr'><strong>enim,</strong></span> <span class='ocrx_word' id='word_1_569' title='bbox 2251 3449 2351 3491; x_wconf 80' lang='lat' dir='ltr'><strong>vos</strong></span> <span class='ocrx_word' id='word_1_570' title='bbox 2392 3433 2599 3500; x_wconf 89' lang='lat' dir='ltr'><strong>stolidi,</strong></span> <span class='ocrx_word' id='word_1_571' title='bbox 2631 3449 2770 3490; x_wconf 90' lang='lat' dir='ltr'><strong>num</strong></span> <span class='ocrx_word' id='word_1_572' title='bbox 2802 3433 3078 3506; x_wconf 86' lang='lat' dir='ltr'><strong>jejunium</strong></span> <span class='ocrx_word' id='word_1_573' title='bbox 3121 3433 3321 3505; x_wconf 85' lang='lat' dir='ltr'><strong>aliquis</strong></span> <span class='ocrx_word' id='word_1_574' title='bbox 3373 3441 3638 3506; x_wconf 85' lang='lat' dir='ltr'><strong>operatur</strong></span> 
     </span>
    </p>
   </div>
   <div class='ocr_carea' id='block_1_79' title="bbox 2038 3521 3636 3580">
    <p class='ocr_par' dir='ltr' id='par_1_79' title="bbox 2038 3521 3636 3580">
     <span class='ocr_line' id='line_1_79' title="bbox 2038 3521 3636 3580; baseline -0.001 0"><span class='ocrx_word' id='word_1_575' title='bbox 2038 3523 2324 3580; x_wconf 84' lang='lat' dir='ltr'><strong>manibus?</strong></span> <span class='ocrx_word' id='word_1_576' title='bbox 2339 3539 2479 3579; x_wconf 88' lang='lat' dir='ltr'><strong>num</strong></span> <span class='ocrx_word' id='word_1_577' title='bbox 2499 3521 2658 3579; x_wconf 88' lang='lat' dir='ltr'><strong>humi</strong></span> <span class='ocrx_word' id='word_1_578' title='bbox 2677 3521 3037 3579; x_wconf 89' lang='lat' dir='ltr'><strong>cubationem</strong></span> <span class='ocrx_word' id='word_1_579' title='bbox 3056 3523 3332 3579; x_wconf 78' lang='lat' dir='ltr'><strong>PMinime</strong></span> <span class='ocrx_word' id='word_1_580' title='bbox 3346 3538 3480 3579; x_wconf 87' lang='lat' dir='ltr'><strong>sane</strong></span> <span class='ocrx_word' id='word_1_581' title='bbox 3500 3541 3514 3579; x_wconf 91' lang='lat'><strong>:</strong></span> <span class='ocrx_word' id='word_1_582' title='bbox 3545 3539 3636 3578; x_wconf 87' lang='lat' dir='ltr'><strong>ve-</strong></span> 
     </span>
    </p>
   </div>
   <div class='ocr_carea' id='block_1_80' title="bbox 2035 3610 3640 3684">
    <p class='ocr_par' dir='ltr' id='par_1_80' title="bbox 2035 3610 3640 3684">
     <span class='ocr_line' id='line_1_80' title="bbox 2035 3610 3640 3684; baseline -0.001 -16"><span class='ocrx_word' id='word_1_583' title='bbox 2035 3629 2161 3668; x_wconf 90' lang='lat' dir='ltr'><strong>rum</strong></span> <span class='ocrx_word' id='word_1_584' title='bbox 2205 3611 2274 3668; x_wconf 91' lang='lat' dir='ltr'><strong>de</strong></span> <span class='ocrx_word' id='word_1_585' title='bbox 2316 3627 2484 3684; x_wconf 87' lang='lat' dir='ltr'><strong>opere</strong></span> <span class='ocrx_word' id='word_1_586' title='bbox 2527 3610 2800 3683; x_wconf 91' lang='lat' dir='ltr'><strong>corporali</strong></span> <span class='ocrx_word' id='word_1_587' title='bbox 2846 3611 3110 3684; x_wconf 86' lang='lat' dir='ltr'><strong>loquitur,</strong></span> <span class='ocrx_word' id='word_1_588' title='bbox 3156 3610 3305 3683; x_wconf 90' lang='lat' dir='ltr'><strong>quod</strong></span> <span class='ocrx_word' id='word_1_589' title='bbox 3354 3619 3412 3667; x_wconf 88' lang='lat' dir='ltr'><strong>et</strong></span> <span class='ocrx_word' id='word_1_590' title='bbox 3465 3612 3640 3683; x_wconf 86' lang='lat' dir='ltr'><strong>magis</strong></span> 
     </span>
    </p>
   </div>
   <div class='ocr_carea' id='block_1_81' title="bbox 2033 3700 3637 3775">
    <p class='ocr_par' dir='ltr' id='par_1_81' title="bbox 2033 3700 3637 3775">
     <span class='ocr_line' id='line_1_81' title="bbox 2033 3700 3637 3775; baseline -0.002 -15"><span class='ocrx_word' id='word_1_591' title='bbox 2033 3701 2317 3775; x_wconf 74' lang='lat' dir='ltr'><strong>Spirituale</strong></span> <span class='ocrx_word' id='word_1_592' title='bbox 2339 3710 2441 3770; x_wconf 88' lang='lat' dir='ltr'><strong>est,</strong></span> <span class='ocrx_word' id='word_1_593' title='bbox 2496 3701 2783 3768; x_wconf 89' lang='lat' dir='ltr'><strong>nimirum,</strong></span> <span class='ocrx_word' id='word_1_594' title='bbox 2808 3709 2872 3757; x_wconf 88' lang='lat' dir='ltr'><strong>ut</strong></span> <span class='ocrx_word' id='word_1_595' title='bbox 2900 3717 2967 3758; x_wconf 86' lang='lat' dir='ltr'><strong>ex</strong></span> <span class='ocrx_word' id='word_1_596' title='bbox 3014 3700 3200 3757; x_wconf 90' lang='lat' dir='ltr'><strong>labore</strong></span> <span class='ocrx_word' id='word_1_597' title='bbox 3253 3708 3352 3757; x_wconf 91' lang='lat' dir='ltr'><strong>tuo</strong></span> <span class='ocrx_word' id='word_1_598' title='bbox 3380 3700 3504 3757; x_wconf 88' lang='lat' dir='ltr'><strong>aliis</strong></span> <span class='ocrx_word' id='word_1_599' title='bbox 3527 3700 3637 3756; x_wconf 92' lang='lat' dir='ltr'><strong>im-</strong></span> 
     </span>
    </p>
   </div>
   <div class='ocr_carea' id='block_1_82' title="bbox 2033 3790 3639 3865">
    <p class='ocr_par' dir='ltr' id='par_1_82' title="bbox 2033 3790 3639 3865">
     <span class='ocr_line' id='line_1_82' title="bbox 2033 3790 3639 3865; baseline -0.001 -17"><span class='ocrx_word' id='word_1_600' title='bbox 2033 3793 2256 3865; x_wconf 87' lang='lat' dir='ltr'><strong>pertias,</strong></span> <span class='ocrx_word' id='word_1_601' title='bbox 2319 3791 2650 3865; x_wconf 86' lang='lat' dir='ltr'><strong>pauperibus</strong></span> <span class='ocrx_word' id='word_1_602' title='bbox 2700 3790 2931 3848; x_wconf 88' lang='lat' dir='ltr'><strong>scilicet.</strong></span> <span class='ocrx_word' id='word_1_603' title='bbox 2992 3790 3137 3861; x_wconf 85' lang='lat' dir='ltr'><strong>Quia</strong></span> <span class='ocrx_word' id='word_1_604' title='bbox 3185 3805 3342 3846; x_wconf 87' lang='lat' dir='ltr'><strong>vero.</strong></span> <span class='ocrx_word' id='word_1_605' title='bbox 3370 3805 3639 3862; x_wconf 88' lang='lat' dir='ltr'><strong>pauperes</strong></span> 
     </span>
    </p>
   </div>
   <div class='ocr_carea' id='block_1_83' title="bbox 2033 3878 3635 3956">
    <p class='ocr_par' dir='ltr' id='par_1_83' title="bbox 2033 3878 3635 3956">
     <span class='ocr_line' id='line_1_83' title="bbox 2033 3878 3635 3956; baseline -0.002 -17"><span class='ocrx_word' id='word_1_606' title='bbox 2033 3881 2275 3952; x_wconf 88' lang='lat' dir='ltr'><strong>fuerunt,</strong></span> <span class='ocrx_word' id='word_1_607' title='bbox 2325 3883 2529 3956; x_wconf 89' lang='lat' dir='ltr'><strong>quippe</strong></span> <span class='ocrx_word' id='word_1_608' title='bbox 2575 3881 2672 3955; x_wconf 89' lang='lat' dir='ltr'><strong>qui</strong></span> <span class='ocrx_word' id='word_1_609' title='bbox 2717 3879 2877 3938; x_wconf 89' lang='lat' dir='ltr'><strong>bonis</strong></span> <span class='ocrx_word' id='word_1_610' title='bbox 2917 3880 3033 3937; x_wconf 88' lang='lat' dir='ltr'><strong>suis</strong></span> <span class='ocrx_word' id='word_1_611' title='bbox 3051 3879 3270 3951; x_wconf 86' lang='lat' dir='ltr'><strong>spoliati</strong></span> <span class='ocrx_word' id='word_1_612' title='bbox 3319 3887 3526 3946; x_wconf 84' lang='lat' dir='ltr'><strong>essent,</strong></span> <span class='ocrx_word' id='word_1_613' title='bbox 3558 3878 3635 3936; x_wconf 85' lang='lat' dir='ltr'><strong>la-</strong></span> 
     </span>
    </p>
   </div>
   <div class='ocr_carea' id='block_1_84' title="bbox 2027 3969 3629 4044">
    <p class='ocr_par' dir='ltr' id='par_1_84' title="bbox 2027 3969 3629 4044">
     <span class='ocr_line' id='line_1_84' title="bbox 2027 3969 3629 4044; baseline -0.003 -15"><span class='ocrx_word' id='word_1_614' title='bbox 2027 3972 2224 4030; x_wconf 89' lang='lat' dir='ltr'><strong>borare</strong></span> <span class='ocrx_word' id='word_1_615' title='bbox 2251 3987 2350 4029; x_wconf 90' lang='lat' dir='ltr'><strong>eos</strong></span> <span class='ocrx_word' id='word_1_616' title='bbox 2377 3970 2563 4040; x_wconf 87' lang='lat' dir='ltr'><strong>docet,</strong></span> <span class='ocrx_word' id='word_1_617' title='bbox 2601 3979 2666 4027; x_wconf 89' lang='lat' dir='ltr'><strong>ut</strong></span> <span class='ocrx_word' id='word_1_618' title='bbox 2684 3969 3064 4044; x_wconf 81' lang='lat' dir='ltr'><strong>indigentibus</strong></span> <span class='ocrx_word' id='word_1_619' title='bbox 3093 3969 3362 4041; x_wconf 89' lang='lat' dir='ltr'><strong>impertiri</strong></span> <span class='ocrx_word' id='word_1_620' title='bbox 3383 3969 3629 4025; x_wconf 89' lang='lat' dir='ltr'><strong>eleemo-</strong></span> 
     </span>
    </p>
   </div>
   <div class='ocr_carea' id='block_1_85' title="bbox 2031 4058 3635 4136">
    <p class='ocr_par' dir='ltr' id='par_1_85' title="bbox 2031 4058 3635 4136">
     <span class='ocr_line' id='line_1_85' title="bbox 2031 4058 3635 4136; baseline -0.004 -17"><span class='ocrx_word' id='word_1_621' title='bbox 2031 4077 2228 4136; x_wconf 88' lang='lat' dir='ltr'><strong>synam</strong></span> <span class='ocrx_word' id='word_1_622' title='bbox 2257 4062 2492 4136; x_wconf 88' lang='lat' dir='ltr'><strong>possint.</strong></span> <span class='ocrx_word' id='word_1_623' title='bbox 2517 4061 2686 4133; x_wconf 73' lang='lat'><strong>520</strong></span> <span class='ocrx_word' id='word_1_624' title='bbox 2713 4059 2878 4134; x_wconf 90' lang='lat' dir='ltr'><strong>Quod</strong></span> <span class='ocrx_word' id='word_1_625' title='bbox 2905 4060 2955 4116; x_wconf 88' lang='lat' dir='ltr'><strong>si</strong></span> <span class='ocrx_word' id='word_1_626' title='bbox 2981 4059 3083 4116; x_wconf 88' lang='lat' dir='ltr'><strong>bos</strong></span> <span class='ocrx_word' id='word_1_627' title='bbox 3097 4058 3317 4131; x_wconf 88' lang='lat' dir='ltr'><strong>operari</strong></span> <span class='ocrx_word' id='word_1_628' title='bbox 3330 4058 3508 4130; x_wconf 84' lang='lat' dir='ltr'><strong>jubet.</strong></span> <span class='ocrx_word' id='word_1_629' title='bbox 3537 4059 3635 4131; x_wconf 91' lang='lat' dir='ltr'><strong>qui</strong></span> 
     </span>
    </p>
   </div>
   <div class='ocr_carea' id='block_1_86' title="bbox 2036 4147 3633 4225">
    <p class='ocr_par' dir='ltr' id='par_1_86' title="bbox 2036 4147 3633 4225">
     <span class='ocr_line' id='line_1_86' title="bbox 2036 4147 3633 4225; baseline -0.004 -17"><span class='ocrx_word' id='word_1_630' title='bbox 2036 4159 2261 4225; x_wconf 88' lang='lat' dir='ltr'><strong>propter</strong></span> <span class='ocrx_word' id='word_1_631' title='bbox 2291 4151 2578 4208; x_wconf 90' lang='lat' dir='ltr'><strong>Christum</strong></span> <span class='ocrx_word' id='word_1_632' title='bbox 2620 4149 2840 4223; x_wconf 89' lang='lat' dir='ltr'><strong>spoliati</strong></span> <span class='ocrx_word' id='word_1_633' title='bbox 2861 4157 3042 4216; x_wconf 87' lang='lat' dir='ltr'><strong>erant,</strong></span> <span class='ocrx_word' id='word_1_634' title='bbox 3064 4147 3245 4205; x_wconf 90' lang='lat' dir='ltr'><strong>multo</strong></span> <span class='ocrx_word' id='word_1_635' title='bbox 3275 4147 3450 4221; x_wconf 85' lang='lat' dir='ltr'><strong>magis</strong></span> <span class='ocrx_word' id='word_1_636' title='bbox 3477 4147 3633 4204; x_wconf 90' lang='lat' dir='ltr'><strong>alios.</strong></span> 
     </span>
    </p>
   </div>
   <div class='ocr_carea' id='block_1_87' title="bbox 2111 4239 3633 4310">
    <p class='ocr_par' dir='ltr' id='par_1_87' title="bbox 2111 4239 3633 4310">
     <span class='ocr_line' id='line_1_87' title="bbox 2111 4239 3633 4310; baseline -0.004 -12"><span class='ocrx_word' id='word_1_637' title='bbox 2111 4245 2275 4298; x_wconf 71' lang='lat' dir='ltr'><strong>Vsus.</strong></span> <span class='ocrx_word' id='word_1_638' title='bbox 2305 4247 2389 4299; x_wconf 81' lang='lat' dir='ltr'><strong>l2.</strong></span> <span class='ocrx_word' id='word_1_639' title='bbox 2421 4245 2490 4299; x_wconf 93' lang='lat' dir='ltr'><strong>Ut</strong></span> <span class='ocrx_word' id='word_1_640' title='bbox 2502 4241 2790 4297; x_wconf 83' lang='lat' dir='ltr'><strong>ambuletis</strong></span> <span class='ocrx_word' id='word_1_641' title='bbox 2814 4239 2996 4296; x_wconf 82' lang='lat' dir='ltr'><strong>decore</strong></span> <span class='ocrx_word' id='word_1_642' title='bbox 3010 4239 3084 4295; x_wconf 89' lang='lat' dir='ltr'><strong>ad</strong></span> <span class='ocrx_word' id='word_1_643' title='bbox 3100 4254 3185 4294; x_wconf 86' lang='lat' dir='ltr'><strong>eos</strong></span> <span class='ocrx_word' id='word_1_644' title='bbox 3211 4240 3309 4310; x_wconf 87' lang='lat' dir='ltr'><strong>qui</strong></span> <span class='ocrx_word' id='word_1_645' title='bbox 3331 4240 3467 4307; x_wconf 79' lang='lat' dir='ltr'><strong>foris</strong></span> <span class='ocrx_word' id='word_1_646' title='bbox 3487 4243 3633 4300; x_wconf 87' lang='lat' dir='ltr'><strong>sunt,</strong></span> 
     </span>
    </p>
   </div>
   <div class='ocr_carea' id='block_1_88' title="bbox 2037 4326 3638 4398">
    <p class='ocr_par' dir='ltr' id='par_1_88' title="bbox 2037 4326 3638 4398">
     <span class='ocr_line' id='line_1_88' title="bbox 2037 4326 3638 4398; baseline -0.002 -11"><span class='ocrx_word' id='word_1_647' title='bbox 2037 4335 2087 4387; x_wconf 89' lang='lat' dir='ltr'><strong>et</strong></span> <span class='ocrx_word' id='word_1_648' title='bbox 2104 4332 2261 4386; x_wconf 87' lang='lat' dir='ltr'><strong>nulla</strong></span> <span class='ocrx_word' id='word_1_649' title='bbox 2287 4347 2345 4386; x_wconf 89' lang='lat' dir='ltr'><strong>re</strong></span> <span class='ocrx_word' id='word_1_650' title='bbox 2370 4331 2687 4398; x_wconf 76' lang='lat' dir='ltr'><strong>indigentis.</strong></span> <span class='ocrx_word' id='word_1_651' title='bbox 2737 4330 2862 4385; x_wconf 86' lang='lat' dir='ltr'><strong>Hoc</strong></span> <span class='ocrx_word' id='word_1_652' title='bbox 2906 4337 3012 4397; x_wconf 88' lang='lat' dir='ltr'><strong>est,</strong></span> <span class='ocrx_word' id='word_1_653' title='bbox 3042 4337 3103 4386; x_wconf 91' lang='lat' dir='ltr'><strong>ut</strong></span> <span class='ocrx_word' id='word_1_654' title='bbox 3120 4343 3239 4385; x_wconf 86' lang='lat' dir='ltr'><strong>non</strong></span> <span class='ocrx_word' id='word_1_655' title='bbox 3266 4327 3388 4384; x_wconf 88' lang='lat' dir='ltr'><strong>sitis</strong></span> <span class='ocrx_word' id='word_1_656' title='bbox 3420 4326 3638 4385; x_wconf 86' lang='lat' dir='ltr'><strong>indeco-</strong></span> 
     </span>
    </p>
   </div>
   <div class='ocr_carea' id='block_1_89' title="bbox 2034 4417 3637 4491">
    <p class='ocr_par' dir='ltr' id='par_1_89' title="bbox 2034 4417 3637 4491">
     <span class='ocr_line' id='line_1_89' title="bbox 2034 4417 3637 4491; baseline -0.002 -14"><span class='ocrx_word' id='word_1_657' title='bbox 2034 4437 2144 4489; x_wconf 88' lang='lat' dir='ltr'><strong>res,</strong></span> <span class='ocrx_word' id='word_1_658' title='bbox 2183 4420 2230 4476; x_wconf 91' lang='lat' dir='ltr'><strong>si</strong></span> <span class='ocrx_word' id='word_1_659' title='bbox 2259 4419 2407 4491; x_wconf 91' lang='lat' dir='ltr'><strong>apud</strong></span> <span class='ocrx_word' id='word_1_660' title='bbox 2435 4419 2683 4476; x_wconf 77' lang='lat' dir='ltr'><strong>inﬁdeles</strong></span> <span class='ocrx_word' id='word_1_661' title='bbox 2709 4417 3052 4476; x_wconf 85' lang='lat' dir='ltr'><strong>mendicetis.</strong></span> <span class='ocrx_word' id='word_1_662' title='bbox 3098 4417 3334 4475; x_wconf 89' lang='lat' dir='ltr'><strong>Pulchre</strong></span> <span class='ocrx_word' id='word_1_663' title='bbox 3366 4425 3554 4474; x_wconf 89' lang='lat' dir='ltr'><strong>autem</strong></span> <span class='ocrx_word' id='word_1_664' title='bbox 3580 4426 3637 4474; x_wconf 89' lang='lat' dir='ltr'><strong>et</strong></span> 
     </span>
    </p>
   </div>
   <div class='ocr_carea' id='block_1_90' title="bbox 325 4501 1947 4587">
    <p class='ocr_par' dir='ltr' id='par_1_90' title="bbox 325 4501 1916 4587">
     <span class='ocr_line' id='line_1_90' title="bbox 325 4501 1916 4587; baseline -0.001 -22"><span class='ocrx_word' id='word_1_665' title='bbox 325 4504 597 4587; x_wconf 79' lang='grc' dir='ltr'>Εὗφήμως</span> <span class='ocrx_word' id='word_1_666' title='bbox 645 4503 700 4563; x_wconf 79' lang='grc' dir='ltr'>δὲ</span> <span class='ocrx_word' id='word_1_667' title='bbox 731 4509 886 4564; x_wconf 88' lang='grc' dir='ltr'>τοῦτο</span> <span class='ocrx_word' id='word_1_668' title='bbox 927 4503 1190 4576; x_wconf 78' lang='grc' dir='ltr'>τέθεικεν,</span> <span class='ocrx_word' id='word_1_669' title='bbox 1241 4501 1328 4562; x_wconf 76' lang='grc' dir='ltr'><strong>ἵνα</strong></span> <span class='ocrx_word' id='word_1_670' title='bbox 1375 4501 1450 4580; x_wconf 81' lang='grc' dir='ltr'><strong>μὴ</strong></span> <span class='ocrx_word' id='word_1_671' title='bbox 1481 4501 1660 4581; x_wconf 79' lang='grc' dir='ltr'>πλήξῃ</span> <span class='ocrx_word' id='word_1_672' title='bbox 1705 4502 1916 4570; x_wconf 81' lang='grc' dir='ltr'>αὐτούς.</span> 
     </span>
    </p>
   </div>
   <div class='ocr_carea' id='block_1_91' title="bbox 2036 4501 3636 4587">
    <p class='ocr_par' dir='ltr' id='par_1_91' title="bbox 2036 4506 3636 4584">
     <span class='ocr_line' id='line_1_91' title="bbox 2036 4506 3636 4584; baseline -0.004 -16"><span class='ocrx_word' id='word_1_673' title='bbox 2036 4511 2312 4584; x_wconf 78' lang='lat' dir='ltr'><strong>eleganter</strong></span> <span class='ocrx_word' id='word_1_674' title='bbox 2351 4509 2456 4566; x_wconf 90' lang='lat' dir='ltr'><strong>hoc</strong></span> <span class='ocrx_word' id='word_1_675' title='bbox 2494 4509 2695 4582; x_wconf 90' lang='lat' dir='ltr'><strong>posuit,</strong></span> <span class='ocrx_word' id='word_1_676' title='bbox 2720 4524 2793 4565; x_wconf 90' lang='lat' dir='ltr'><strong>ne</strong></span> <span class='ocrx_word' id='word_1_677' title='bbox 2821 4523 2915 4565; x_wconf 88' lang='lat' dir='ltr'><strong>eos</strong></span> <span class='ocrx_word' id='word_1_678' title='bbox 2939 4507 3206 4581; x_wconf 88' lang='lat' dir='ltr'><strong>objurget.</strong></span> <span class='ocrx_word' id='word_1_679' title='bbox 3238 4507 3292 4563; x_wconf 92' lang='lat' dir='ltr'><strong>Si</strong></span> <span class='ocrx_word' id='word_1_680' title='bbox 3321 4506 3470 4562; x_wconf 90' lang='lat' dir='ltr'><strong>enim</strong></span> <span class='ocrx_word' id='word_1_681' title='bbox 3499 4506 3636 4563; x_wconf 82' lang='lat' dir='ltr'><strong>tide-</strong></span> 
     </span>
    </p>
   </div>
   <div class='ocr_carea' id='block_1_92' title="bbox 324 4589 1920 4676">
    <p class='ocr_par' dir='ltr' id='par_1_92' title="bbox 324 4589 1920 4676">
     <span class='ocr_line' id='line_1_92' title="bbox 324 4589 1920 4676; baseline -0.001 -22"><span class='ocrx_word' id='word_1_682' title='bbox 324 4595 392 4654; x_wconf 79' lang='grc' dir='ltr'><strong>Εἷ</strong></span> <span class='ocrx_word' id='word_1_683' title='bbox 421 4594 526 4674; x_wconf 82' lang='grc' dir='ltr'><strong>γὰρ</strong></span> <span class='ocrx_word' id='word_1_684' title='bbox 570 4596 617 4654; x_wconf 77' lang='grc' dir='ltr'>οἱ</span> <span class='ocrx_word' id='word_1_685' title='bbox 651 4593 870 4673; x_wconf 73' lang='grc' dir='ltr'>πιστοὶ,</span> <span class='ocrx_word' id='word_1_686' title='bbox 917 4593 1069 4676; x_wconf 76' lang='grc' dir='ltr'>φησὶ,</span> <span class='ocrx_word' id='word_1_687' title='bbox 1121 4591 1589 4666; x_wconf 87' lang='grc' dir='ltr'>σκανδαλίζονται,</span> <span class='ocrx_word' id='word_1_688' title='bbox 1629 4589 1756 4651; x_wconf 75' lang='grc' dir='ltr'>ὅταν</span> <span class='ocrx_word' id='word_1_689' title='bbox 1792 4591 1920 4652; x_wconf 83' lang='grc' dir='ltr'>ἴδω-</span> 
     </span>
    </p>
   </div>
   <div class='ocr_carea' id='block_1_93' title="bbox 323 4680 1922 4765">
    <p class='ocr_par' dir='ltr' id='par_1_93' title="bbox 323 4680 1922 4765">
     <span class='ocr_line' id='line_1_93' title="bbox 323 4680 1922 4765; baseline -0.001 -22"><span class='ocrx_word' id='word_1_690' title='bbox 323 4707 407 4743; x_wconf 89' lang='grc' dir='ltr'><strong>σιν</strong></span> <span class='ocrx_word' id='word_1_691' title='bbox 440 4683 713 4765; x_wconf 82' lang='grc' dir='ltr'>ἄνθρωπον</span> <span class='ocrx_word' id='word_1_692' title='bbox 743 4686 865 4763; x_wconf 78' lang='grc' dir='ltr'>ὑγιῆ</span> <span class='ocrx_word' id='word_1_693' title='bbox 914 4686 1234 4744; x_wconf 85' lang='grc' dir='ltr'>ἐπαιτοῦντα</span> <span class='ocrx_word' id='word_1_694' title='bbox 1267 4680 1382 4762; x_wconf 81' lang='grc' dir='ltr'>(διὸ</span> <span class='ocrx_word' id='word_1_695' title='bbox 1430 4681 1522 4740; x_wconf 88' lang='grc' dir='ltr'>καὶ</span> <span class='ocrx_word' id='word_1_696' title='bbox 1569 4681 1922 4762; x_wconf 75' lang='grc' dir='ltr'>Χριστεμπόο</span> 
     </span>
    </p>
   </div>
   <div class='ocr_carea' id='block_1_94' title="bbox 323 4770 1906 4854">
    <p class='ocr_par' dir='ltr' id='par_1_94' title="bbox 323 4770 1906 4854">
     <span class='ocr_line' id='line_1_94' title="bbox 323 4770 1906 4854; baseline -0.001 -22"><span class='ocrx_word' id='word_1_697' title='bbox 323 4771 586 4854; x_wconf 82' lang='grc' dir='ltr'>ρους’τοὺς</span> <span class='ocrx_word' id='word_1_698' title='bbox 613 4771 876 4840; x_wconf 87' lang='grc' dir='ltr'>τοιούτους</span> <span class='ocrx_word' id='word_1_699' title='bbox 903 4773 1189 4853; x_wconf 81' lang='grc' dir='ltr'>καλοῦσι),</span> <span class='ocrx_word' id='word_1_700' title='bbox 1220 4773 1404 4852; x_wconf 78' lang='grc' dir='ltr'>πολλῷ</span> <span class='ocrx_word' id='word_1_701' title='bbox 1445 4772 1649 4850; x_wconf 77' lang='grc' dir='ltr'>μᾶλλον</span> <span class='ocrx_word' id='word_1_702' title='bbox 1689 4773 1737 4830; x_wconf 79' lang='grc' dir='ltr'>οἱ</span> <span class='ocrx_word' id='word_1_703' title='bbox 1781 4770 1906 4831; x_wconf 82' lang='grc' dir='ltr'>ἄπι-</span> 
     </span>
    </p>
   </div>
   <div class='ocr_carea' id='block_1_95' title="bbox 322 4885 458 4926">
    <p class='ocr_par' dir='ltr' id='par_1_95' title="bbox 322 4885 458 4926">
     <span class='ocr_line' id='line_1_95' title="bbox 322 4885 458 4926; baseline -0.007 0"><span class='ocrx_word' id='word_1_704' title='bbox 322 4885 458 4926; x_wconf 85' lang='grc' dir='ltr'>στοι.</span> 
     </span>
    </p>
   </div>
   <div class='ocr_carea' id='block_1_96' title="bbox 411 4950 1915 5032">
    <p class='ocr_par' dir='ltr' id='par_1_96' title="bbox 411 4950 1915 5032">
     <span class='ocr_line' id='line_1_96' title="bbox 411 4950 1915 5032; baseline -0.001 -20"><span class='ocrx_word' id='word_1_705' title='bbox 411 4975 443 5012; x_wconf 84' lang='grc' dir='ltr'><strong>α</strong></span> <span class='ocrx_word' id='word_1_706' title='bbox 471 4954 552 5014; x_wconf 78' lang='grc' dir='ltr'><strong>Οὔ</strong></span> <span class='ocrx_word' id='word_1_707' title='bbox 576 4953 799 5031; x_wconf 78' lang='grc' dir='ltr'>θέλομεν</span> <span class='ocrx_word' id='word_1_708' title='bbox 833 4951 888 5012; x_wconf 84' lang='grc' dir='ltr'>δὲ</span> <span class='ocrx_word' id='word_1_709' title='bbox 911 4957 1078 5030; x_wconf 76' lang='grc' dir='ltr'>ὑμᾶς,</span> <span class='ocrx_word' id='word_1_710' title='bbox 1127 4950 1371 5032; x_wconf 72' lang='grc' dir='ltr'>ἀδελφοὶ,</span> <span class='ocrx_word' id='word_1_711' title='bbox 1402 4952 1606 5030; x_wconf 79' lang='grc' dir='ltr'>ἀγνοεῖν</span> <span class='ocrx_word' id='word_1_712' title='bbox 1635 4950 1761 5032; x_wconf 84' lang='grc' dir='ltr'>περὶ</span> <span class='ocrx_word' id='word_1_713' title='bbox 1809 4953 1915 5012; x_wconf 80' lang='grc' dir='ltr'><strong>τῶν</strong></span> 
     </span>
    </p>
   </div>
   <div class='ocr_carea' id='block_1_97' title="bbox 319 5039 1916 5121">
    <p class='ocr_par' dir='ltr' id='par_1_97' title="bbox 319 5039 1916 5121">
     <span class='ocr_line' id='line_1_97' title="bbox 319 5039 1916 5121; baseline -0.001 -19"><span class='ocrx_word' id='word_1_714' title='bbox 319 5042 746 5121; x_wconf 75' lang='grc' dir='ltr'>κεκοιμημένων.</span> <span class='ocrx_word' id='word_1_715' title='bbox 792 5065 821 5100; x_wconf 79' lang='grc'>»</span> <span class='ocrx_word' id='word_1_716' title='bbox 857 5041 1130 5102; x_wconf 82' lang='grc' dir='ltr'>Ἐνταῦθα</span> <span class='ocrx_word' id='word_1_717' title='bbox 1159 5041 1250 5102; x_wconf 78' lang='grc' dir='ltr'><strong>τὸν</strong></span> <span class='ocrx_word' id='word_1_718' title='bbox 1281 5039 1404 5121; x_wconf 84' lang='grc' dir='ltr'>περὶ</span> <span class='ocrx_word' id='word_1_719' title='bbox 1441 5040 1786 5110; x_wconf 79' lang='grc' dir='ltr'>ἀναστάσεως</span> <span class='ocrx_word' id='word_1_720' title='bbox 1814 5041 1916 5100; x_wconf 85' lang='grc' dir='ltr'>λό-</span> 
     </span>
    </p>
   </div>
   <div class='ocr_carea' id='block_1_98' title="bbox 317 5122 1924 5214">
    <p class='ocr_par' dir='ltr' id='par_1_98' title="bbox 317 5122 1924 5214">
     <span class='ocr_line' id='line_1_98' title="bbox 317 5122 1924 5214; baseline -0.002 -20"><span class='ocrx_word' id='word_1_721' title='bbox 317 5156 412 5214; x_wconf 86' lang='grc' dir='ltr'><strong>γον</strong></span> <span class='ocrx_word' id='word_1_722' title='bbox 458 5140 615 5195; x_wconf 85' lang='grc' dir='ltr'>κινεῖ.</span> <span class='ocrx_word' id='word_1_723' title='bbox 647 5134 716 5193; x_wconf 77' lang='grc' dir='ltr'><strong>Εἰ</strong></span> <span class='ocrx_word' id='word_1_724' title='bbox 743 5130 846 5213; x_wconf 71' lang='grc' dir='ltr'><strong>γὰρ</strong></span> <span class='ocrx_word' id='word_1_725' title='bbox 894 5131 987 5190; x_wconf 71' lang='grc' dir='ltr'>καὶ</span> <span class='ocrx_word' id='word_1_726' title='bbox 1035 5122 1102 5204; x_wconf 75' lang='grc' dir='ltr'>ἧν</span> <span class='ocrx_word' id='word_1_727' title='bbox 1131 5131 1304 5198; x_wconf 78' lang='grc' dir='ltr'>αὖτοῖς</span> <span class='ocrx_word' id='word_1_728' title='bbox 1345 5129 1472 5211; x_wconf 72' lang='grc' dir='ltr'>περὶ</span> <span class='ocrx_word' id='word_1_729' title='bbox 1509 5129 1691 5191; x_wconf 86' lang='grc' dir='ltr'>τούτου</span> <span class='ocrx_word' id='word_1_730' title='bbox 1737 5130 1924 5190; x_wconf 86' lang='grc' dir='ltr'>διαλε-</span> 
     </span>
    </p>
   </div>
   <div class='ocr_carea' id='block_1_99' title="bbox 315 5217 1922 5304">
    <p class='ocr_par' dir='ltr' id='par_1_99' title="bbox 315 5217 1922 5304">
     <span class='ocr_line' id='line_1_99' title="bbox 315 5217 1922 5304; baseline -0.001 -22"><span class='ocrx_word' id='word_1_731' title='bbox 315 5221 494 5304; x_wconf 69' lang='grc' dir='ltr'>χθεὶς,</span> <span class='ocrx_word' id='word_1_732' title='bbox 523 5223 669 5301; x_wconf 74' lang='grc' dir='ltr'>ὅμως</span> <span class='ocrx_word' id='word_1_733' title='bbox 696 5227 786 5281; x_wconf 90' lang='grc' dir='ltr'><strong>νῦν</strong></span> <span class='ocrx_word' id='word_1_734' title='bbox 820 5220 1111 5301; x_wconf 82' lang='grc' dir='ltr'>μυστήριόν</span> <span class='ocrx_word' id='word_1_735' title='bbox 1146 5244 1198 5281; x_wconf 90' lang='grc' dir='ltr'><strong>τι</strong></span> <span class='ocrx_word' id='word_1_736' title='bbox 1223 5219 1408 5298; x_wconf 85' lang='grc' dir='ltr'>μέλλει</span> <span class='ocrx_word' id='word_1_737' title='bbox 1440 5220 1810 5302; x_wconf 82' lang='grc' dir='ltr'>ἀνακαλύψαι.</span> <span class='ocrx_word' id='word_1_738' title='bbox 1841 5217 1922 5281; x_wconf 85' lang='grc' dir='ltr'>Ἢ</span> 
     </span>
    </p>
   </div>
   <div class='ocr_carea' id='block_1_100' title="bbox 316 5308 1924 5391">
    <p class='ocr_par' dir='ltr' id='par_1_100' title="bbox 316 5308 1924 5391">
     <span class='ocr_line' id='line_1_100' title="bbox 316 5308 1924 5391; baseline -0.002 -19"><span class='ocrx_word' id='word_1_739' title='bbox 316 5313 411 5372; x_wconf 82' lang='grc' dir='ltr'><strong>καὶ</strong></span> <span class='ocrx_word' id='word_1_740' title='bbox 451 5311 630 5372; x_wconf 88' lang='grc' dir='ltr'>πάντα</span> <span class='ocrx_word' id='word_1_741' title='bbox 663 5311 760 5389; x_wconf 79' lang='grc' dir='ltr'>μὲν</span> <span class='ocrx_word' id='word_1_742' title='bbox 789 5309 858 5369; x_wconf 76' lang='grc' dir='ltr'><strong>τὰ</strong></span> <span class='ocrx_word' id='word_1_743' title='bbox 887 5315 985 5384; x_wconf 73' lang='grc' dir='ltr'><strong>τῆς</strong></span> <span class='ocrx_word' id='word_1_744' title='bbox 1015 5310 1360 5377; x_wconf 77' lang='grc' dir='ltr'>ἀναστάσεως</span> <span class='ocrx_word' id='word_1_745' title='bbox 1402 5308 1632 5387; x_wconf 84' lang='grc' dir='ltr'>ᾔδεσαν,</span> <span class='ocrx_word' id='word_1_746' title='bbox 1673 5308 1924 5391; x_wconf 79' lang='grc' dir='ltr'>ἐθρήνουν</span> 
     </span>
    </p>
   </div>
   <div class='ocr_carea' id='block_1_101' title="bbox 322 5399 1919 5484">
    <p class='ocr_par' dir='ltr' id='par_1_101' title="bbox 322 5399 1919 5484">
     <span class='ocr_line' id='line_1_101' title="bbox 322 5399 1919 5484; baseline -0.002 -22"><span class='ocrx_word' id='word_1_747' title='bbox 322 5400 413 5462; x_wconf 80' lang='grc' dir='ltr'><strong>δέ·</strong></span> <span class='ocrx_word' id='word_1_748' title='bbox 455 5401 484 5461; x_wconf 85' lang='grc' dir='ltr'><strong>δ</strong></span> <span class='ocrx_word' id='word_1_749' title='bbox 517 5406 610 5462; x_wconf 88' lang='grc' dir='ltr'><strong>νῦν</strong></span> <span class='ocrx_word' id='word_1_750' title='bbox 655 5399 952 5484; x_wconf 87' lang='grc' dir='ltr'>θεραπεύει.</span> <span class='ocrx_word' id='word_1_751' title='bbox 1008 5399 1234 5474; x_wconf 84' lang='grc' dir='ltr'>Ἐπειδὴ</span> <span class='ocrx_word' id='word_1_752' title='bbox 1281 5399 1338 5460; x_wconf 75' lang='grc' dir='ltr'>δὲ</span> <span class='ocrx_word' id='word_1_753' title='bbox 1369 5399 1546 5462; x_wconf 81' lang='grc' dir='ltr'>πολλὰ</span> <span class='ocrx_word' id='word_1_754' title='bbox 1585 5402 1690 5460; x_wconf 81' lang='grc' dir='ltr'><strong>τῶν</strong></span> <span class='ocrx_word' id='word_1_755' title='bbox 1738 5423 1919 5482; x_wconf 84' lang='grc' dir='ltr'>πραγ-</span> 
     </span>
    </p>
   </div>
   <div class='ocr_carea' id='block_1_102' title="bbox 395 5554 1412 5623">
    <p class='ocr_par' dir='ltr' id='par_1_102' title="bbox 395 5554 1412 5623">
     <span class='ocr_line' id='line_1_102' title="bbox 395 5554 1412 5623; baseline -0.002 -12"><span class='ocrx_word' id='word_1_756' title='bbox 395 5563 422 5599; x_wconf 76' lang='lat'><strong>8</strong></span> <span class='ocrx_word' id='word_1_757' title='bbox 450 5557 556 5611; x_wconf 83' lang='lat' dir='ltr'><strong>Isa.</strong></span> <span class='ocrx_word' id='word_1_758' title='bbox 592 5569 738 5623; x_wconf 67' lang='lat' dir='ltr'><strong>xcv,</strong></span> <span class='ocrx_word' id='word_1_759' title='bbox 765 5559 828 5623; x_wconf 85' lang='lat'><strong>3;</strong></span> <span class='ocrx_word' id='word_1_760' title='bbox 858 5554 1071 5610; x_wconf 83' lang='lat' dir='ltr'><strong>Jerem.</strong></span> <span class='ocrx_word' id='word_1_761' title='bbox 1111 5568 1295 5622; x_wconf 68' lang='grc' dir='ltr'><strong>χχχι,</strong></span> <span class='ocrx_word' id='word_1_762' title='bbox 1325 5557 1412 5609; x_wconf 83' lang='lat'><strong>34.</strong></span> 
     </span>
    </p>
   </div>
   <div class='ocr_carea' id='block_1_103' title="bbox 2033 4595 3634 4668">
    <p class='ocr_par' dir='ltr' id='par_1_103' title="bbox 2033 4595 3634 4668">
     <span class='ocr_line' id='line_1_103' title="bbox 2033 4595 3634 4668; baseline -0.004 -12"><span class='ocrx_word' id='word_1_763' title='bbox 2033 4601 2113 4656; x_wconf 91' lang='lat' dir='ltr'><strong>les</strong></span> <span class='ocrx_word' id='word_1_764' title='bbox 2153 4597 2540 4668; x_wconf 78' lang='lat' dir='ltr'><strong>offenduntur,</strong></span> <span class='ocrx_word' id='word_1_765' title='bbox 2583 4599 2633 4655; x_wconf 90' lang='lat' dir='ltr'><strong>si</strong></span> <span class='ocrx_word' id='word_1_766' title='bbox 2688 4597 3069 4668; x_wconf 74' lang='lat' dir='ltr'><strong>conspexerint</strong></span> <span class='ocrx_word' id='word_1_767' title='bbox 3115 4595 3396 4652; x_wconf 85' lang='lat' dir='ltr'><strong>hominem</strong></span> <span class='ocrx_word' id='word_1_768' title='bbox 3436 4610 3634 4651; x_wconf 86' lang='lat' dir='ltr'><strong>sanum</strong></span> 
     </span>
    </p>
   </div>
   <div class='ocr_carea' id='block_1_104' title="bbox 2031 4685 3633 4762">
    <p class='ocr_par' dir='ltr' id='par_1_104' title="bbox 2031 4685 3633 4762">
     <span class='ocr_line' id='line_1_104' title="bbox 2031 4685 3633 4762; baseline -0.004 -16"><span class='ocrx_word' id='word_1_769' title='bbox 2031 4689 2445 4747; x_wconf 87' lang='lat' dir='ltr'><strong>mendicantem</strong></span> <span class='ocrx_word' id='word_1_770' title='bbox 2481 4687 2648 4762; x_wconf 91' lang='lat' dir='ltr'><strong>(unde</strong></span> <span class='ocrx_word' id='word_1_771' title='bbox 2685 4695 2742 4745; x_wconf 92' lang='lat' dir='ltr'><strong>et</strong></span> <span class='ocrx_word' id='word_1_772' title='bbox 2791 4685 3112 4758; x_wconf 88' lang='lat' dir='ltr'><strong>hujusmodi</strong></span> <span class='ocrx_word' id='word_1_773' title='bbox 3161 4685 3633 4757; x_wconf 87' lang='lat' dir='ltr'><strong>Cbristemporos,</strong></span> 
     </span>
    </p>
   </div>
   <div class='ocr_carea' id='block_1_105' title="bbox 2031 4775 3634 4850">
    <p class='ocr_par' dir='ltr' id='par_1_105' title="bbox 2031 4775 3634 4850">
     <span class='ocr_line' id='line_1_105' title="bbox 2031 4775 3634 4850; baseline -0.004 -14"><span class='ocrx_word' id='word_1_774' title='bbox 2031 4779 2138 4836; x_wconf 92' lang='lat' dir='ltr'><strong>hoc</strong></span> <span class='ocrx_word' id='word_1_775' title='bbox 2175 4788 2278 4849; x_wconf 89' lang='lat' dir='ltr'><strong>est,</strong></span> <span class='ocrx_word' id='word_1_776' title='bbox 2306 4779 2597 4835; x_wconf 83' lang='lat' dir='ltr'><strong>Christum</strong></span> <span class='ocrx_word' id='word_1_777' title='bbox 2641 4785 3024 4850; x_wconf 89' lang='lat' dir='ltr'><strong>cauponantes</strong></span> <span class='ocrx_word' id='word_1_778' title='bbox 3072 4775 3412 4848; x_wconf 86' lang='lat' dir='ltr'><strong>appellant),</strong></span> <span class='ocrx_word' id='word_1_779' title='bbox 3454 4775 3634 4830; x_wconf 87' lang='lat' dir='ltr'><strong>multo</strong></span> 
     </span>
    </p>
   </div>
   <div class='ocr_carea' id='block_1_106' title="bbox 2033 4867 2505 4943">
    <p class='ocr_par' dir='ltr' id='par_1_106' title="bbox 2033 4867 2505 4943">
     <span class='ocr_line' id='line_1_106' title="bbox 2033 4867 2505 4943; baseline -0.004 -17"><span class='ocrx_word' id='word_1_780' title='bbox 2033 4869 2215 4943; x_wconf 88' lang='lat' dir='ltr'><strong>magis</strong></span> <span class='ocrx_word' id='word_1_781' title='bbox 2235 4867 2505 4925; x_wconf 79' lang='lat' dir='ltr'><strong>inﬁdeles.</strong></span> 
     </span>
    </p>
   </div>
   <div class='ocr_carea' id='block_1_107' title="bbox 2105 4957 3633 5025">
    <p class='ocr_par' dir='ltr' id='par_1_107' title="bbox 2105 4957 3633 5025">
     <span class='ocr_line' id='line_1_107' title="bbox 2105 4957 3633 5025; baseline -0.005 -9"><span class='ocrx_word' id='word_1_782' title='bbox 2105 4961 2284 5016; x_wconf 73' lang='lat' dir='ltr'><strong>Vnus.</strong></span> <span class='ocrx_word' id='word_1_783' title='bbox 2322 4964 2409 5015; x_wconf 83' lang='lat'><strong>13.</strong></span> <span class='ocrx_word' id='word_1_784' title='bbox 2440 4959 2701 5016; x_wconf 85' lang='lat' dir='ltr'><strong>Nolumus</strong></span> <span class='ocrx_word' id='word_1_785' title='bbox 2747 4961 2926 5013; x_wconf 90' lang='lat' dir='ltr'><strong>autem</strong></span> <span class='ocrx_word' id='word_1_786' title='bbox 2981 4971 3071 5012; x_wconf 80' lang='lat' dir='ltr'><strong>vos</strong></span> <span class='ocrx_word' id='word_1_787' title='bbox 3101 4957 3378 5025; x_wconf 84' lang='lat' dir='ltr'><strong>ignorare,</strong></span> <span class='ocrx_word' id='word_1_788' title='bbox 3410 4957 3633 5024; x_wconf 82' lang='lat' dir='ltr'><strong>fratres,</strong></span> 
     </span>
    </p>
   </div>
   <div class='ocr_carea' id='block_1_108' title="bbox 2031 5043 3636 5106">
    <p class='ocr_par' dir='ltr' id='par_1_108' title="bbox 2031 5043 3636 5106">
     <span class='ocr_line' id='line_1_108' title="bbox 2031 5043 3636 5106; baseline -0.004 0"><span class='ocrx_word' id='word_1_789' title='bbox 2031 5049 2099 5106; x_wconf 88' lang='lat' dir='ltr'><strong>de</strong></span> <span class='ocrx_word' id='word_1_790' title='bbox 2154 5049 2562 5105; x_wconf 83' lang='lat' dir='ltr'><strong>dormientibus.</strong></span> <span class='ocrx_word' id='word_1_791' title='bbox 2610 5048 2716 5104; x_wconf 85' lang='lat' dir='ltr'><strong>Hic</strong></span> <span class='ocrx_word' id='word_1_792' title='bbox 2759 5061 3077 5104; x_wconf 85' lang='lat' dir='ltr'><strong>sermonem</strong></span> <span class='ocrx_word' id='word_1_793' title='bbox 3121 5045 3188 5102; x_wconf 91' lang='lat' dir='ltr'><strong>de</strong></span> <span class='ocrx_word' id='word_1_794' title='bbox 3233 5043 3636 5101; x_wconf 87' lang='lat' dir='ltr'><strong>resurrectione</strong></span> 
     </span>
    </p>
   </div>
   <div class='ocr_carea' id='block_1_109' title="bbox 2031 5133 3634 5210">
    <p class='ocr_par' dir='ltr' id='par_1_109' title="bbox 2031 5133 3634 5210">
     <span class='ocr_line' id='line_1_109' title="bbox 2031 5133 3634 5210; baseline -0.004 -14"><span class='ocrx_word' id='word_1_795' title='bbox 2031 5147 2236 5196; x_wconf 84' lang='lat' dir='ltr'><strong>movet.</strong></span> <span class='ocrx_word' id='word_1_796' title='bbox 2270 5137 2534 5210; x_wconf 87' lang='lat' dir='ltr'><strong>Quamvis</strong></span> <span class='ocrx_word' id='word_1_797' title='bbox 2585 5137 2736 5193; x_wconf 88' lang='lat' dir='ltr'><strong>enim</strong></span> <span class='ocrx_word' id='word_1_798' title='bbox 2763 5135 2831 5194; x_wconf 90' lang='lat' dir='ltr'><strong>de</strong></span> <span class='ocrx_word' id='word_1_799' title='bbox 2859 5135 2963 5192; x_wconf 87' lang='lat' dir='ltr'><strong>hac</strong></span> <span class='ocrx_word' id='word_1_800' title='bbox 2970 5135 3092 5209; x_wconf 87' lang='lat' dir='ltr'><strong>jam</strong></span> <span class='ocrx_word' id='word_1_801' title='bbox 3119 5143 3280 5192; x_wconf 87' lang='lat' dir='ltr'><strong>antea</strong></span> <span class='ocrx_word' id='word_1_802' title='bbox 3304 5134 3392 5190; x_wconf 91' lang='lat' dir='ltr'><strong>his</strong></span> <span class='ocrx_word' id='word_1_803' title='bbox 3414 5133 3634 5190; x_wconf 90' lang='lat' dir='ltr'><strong>locutus</strong></span> 
     </span>
    </p>
   </div>
   <div class='ocr_carea' id='block_1_110' title="bbox 2032 5223 3628 5301">
    <p class='ocr_par' dir='ltr' id='par_1_110' title="bbox 2032 5223 3628 5301">
     <span class='ocr_line' id='line_1_110' title="bbox 2032 5223 3628 5301; baseline -0.005 -16"><span class='ocrx_word' id='word_1_804' title='bbox 2032 5227 2230 5296; x_wconf 82' lang='lat' dir='ltr'><strong>fuerat,</strong></span> <span class='ocrx_word' id='word_1_805' title='bbox 2256 5227 2374 5301; x_wconf 92' lang='lat' dir='ltr'><strong>jam</strong></span> <span class='ocrx_word' id='word_1_806' title='bbox 2403 5243 2553 5284; x_wconf 87' lang='lat' dir='ltr'><strong>nunc</strong></span> <span class='ocrx_word' id='word_1_807' title='bbox 2577 5235 2770 5283; x_wconf 89' lang='lat' dir='ltr'><strong>tamen</strong></span> <span class='ocrx_word' id='word_1_808' title='bbox 2799 5225 3124 5299; x_wconf 88' lang='lat' dir='ltr'><strong>mysterium</strong></span> <span class='ocrx_word' id='word_1_809' title='bbox 3153 5223 3438 5297; x_wconf 89' lang='lat' dir='ltr'><strong>quoddam</strong></span> <span class='ocrx_word' id='word_1_810' title='bbox 3471 5237 3628 5280; x_wconf 81' lang='lat' dir='ltr'><strong>reve-</strong></span> 
     </span>
    </p>
   </div>
   <div class='ocr_carea' id='block_1_111' title="bbox 2030 5313 3638 5387">
    <p class='ocr_par' dir='ltr' id='par_1_111' title="bbox 2030 5313 3638 5387">
     <span class='ocr_line' id='line_1_111' title="bbox 2030 5313 3638 5387; baseline -0.004 -13"><span class='ocrx_word' id='word_1_811' title='bbox 2030 5318 2243 5376; x_wconf 86' lang='lat' dir='ltr'><strong>laturus</strong></span> <span class='ocrx_word' id='word_1_812' title='bbox 2262 5325 2362 5375; x_wconf 86' lang='lat' dir='ltr'><strong>est.</strong></span> <span class='ocrx_word' id='word_1_813' title='bbox 2401 5317 2502 5376; x_wconf 88' lang='lat' dir='ltr'><strong>Vel</strong></span> <span class='ocrx_word' id='word_1_814' title='bbox 2532 5317 2721 5374; x_wconf 82' lang='lat' dir='ltr'><strong>omnia</strong></span> <span class='ocrx_word' id='word_1_815' title='bbox 2749 5315 2819 5373; x_wconf 93' lang='lat' dir='ltr'><strong>de</strong></span> <span class='ocrx_word' id='word_1_816' title='bbox 2841 5314 3248 5372; x_wconf 87' lang='lat' dir='ltr'><strong>resurrectione</strong></span> <span class='ocrx_word' id='word_1_817' title='bbox 3275 5313 3445 5387; x_wconf 89' lang='lat' dir='ltr'><strong>probe</strong></span> <span class='ocrx_word' id='word_1_818' title='bbox 3475 5321 3638 5369; x_wconf 88' lang='lat' dir='ltr'><strong>tene-</strong></span> 
     </span>
    </p>
   </div>
   <div class='ocr_carea' id='block_1_112' title="bbox 2031 5403 3635 5482">
    <p class='ocr_par' dir='ltr' id='par_1_112' title="bbox 2031 5403 3635 5482">
     <span class='ocr_line' id='line_1_112' title="bbox 2031 5403 3635 5482; baseline -0.005 -16"><span class='ocrx_word' id='word_1_819' title='bbox 2031 5409 2190 5479; x_wconf 88' lang='lat' dir='ltr'><strong>bant,</strong></span> <span class='ocrx_word' id='word_1_820' title='bbox 2237 5407 2501 5482; x_wconf 80' lang='lat' dir='ltr'><strong>lugebant</strong></span> <span class='ocrx_word' id='word_1_821' title='bbox 2535 5415 2723 5465; x_wconf 88' lang='lat' dir='ltr'><strong>autem</strong></span> <span class='ocrx_word' id='word_1_822' title='bbox 2765 5403 3052 5464; x_wconf 82' lang='lat' dir='ltr'><strong>defunctos</strong></span> <span class='ocrx_word' id='word_1_823' title='bbox 3103 5424 3116 5460; x_wconf 89' lang='lat'><strong>:</strong></span> <span class='ocrx_word' id='word_1_824' title='bbox 3155 5405 3246 5462; x_wconf 89' lang='lat' dir='ltr'><strong>cui</strong></span> <span class='ocrx_word' id='word_1_825' title='bbox 3292 5403 3438 5461; x_wconf 87' lang='lat' dir='ltr'><strong>malo</strong></span> <span class='ocrx_word' id='word_1_826' title='bbox 3490 5418 3635 5460; x_wconf 88' lang='lat' dir='ltr'><strong>nunc</strong></span> 
     </span>
    </p>
   </div>
   <div class='ocr_carea' id='block_1_113' title="bbox 1716 5625 2268 5685">
    <p class='ocr_par' dir='ltr' id='par_1_113' title="bbox 1716 5625 2268 5685">
     <span class='ocr_line' id='line_1_113' title="bbox 1716 5625 2268 5685; baseline -0.004 0"><span class='ocrx_word' id='word_1_827' title='bbox 1716 5627 1918 5685; x_wconf 81' lang='lat' dir='ltr'><strong>Variae</strong></span> <span class='ocrx_word' id='word_1_828' title='bbox 1959 5625 2268 5684; x_wconf 87' lang='lat' dir='ltr'><strong>lectiones.</strong></span> 
     </span>
    </p>
   </div>
   <div class='ocr_carea' id='block_1_114' title="bbox 397 5765 2499 5842">
    <p class='ocr_par' dir='ltr' id='par_1_114' title="bbox 397 5765 2499 5842">
     <span class='ocr_line' id='line_1_114' title="bbox 397 5765 2499 5842; baseline 0.001 -21"><span class='ocrx_word' id='word_1_829' title='bbox 397 5767 443 5803; x_wconf 81' lang='grc'><strong>⁸⁸</strong></span> <span class='ocrx_word' id='word_1_830' title='bbox 472 5768 702 5840; x_wconf 80' lang='grc' dir='ltr'>δεύτερον</span> <span class='ocrx_word' id='word_1_831' title='bbox 727 5783 782 5825; x_wconf 92' lang='lat'><strong>0.</strong></span> <span class='ocrx_word' id='word_1_832' title='bbox 858 5767 902 5803; x_wconf 82' lang='grc'>⁸⁷</span> <span class='ocrx_word' id='word_1_833' title='bbox 931 5769 1007 5822; x_wconf 79' lang='grc' dir='ltr'>ὅτι</span> <span class='ocrx_word' id='word_1_834' title='bbox 1031 5767 1340 5822; x_wconf 80' lang='grc' dir='ltr'>θεοδίδακτοί</span> <span class='ocrx_word' id='word_1_835' title='bbox 1366 5765 1474 5822; x_wconf 77' lang='grc' dir='ltr'>ἐστε</span> <span class='ocrx_word' id='word_1_836' title='bbox 1502 5765 1620 5821; x_wconf 82' lang='grc' dir='ltr'>οἶδα</span> <span class='ocrx_word' id='word_1_837' title='bbox 1653 5784 1709 5824; x_wconf 93' lang='lat' dir='ltr'><strong>o.</strong></span> <span class='ocrx_word' id='word_1_838' title='bbox 1786 5767 1830 5802; x_wconf 78' lang='grc'><strong>³⁸</strong></span> <span class='ocrx_word' id='word_1_839' title='bbox 1855 5767 1915 5822; x_wconf 69' lang='grc' dir='ltr'>τὸ</span> <span class='ocrx_word' id='word_1_840' title='bbox 1944 5769 2236 5842; x_wconf 75' lang='grc' dir='ltr'>σωματικὸν</span> <span class='ocrx_word' id='word_1_841' title='bbox 2268 5767 2417 5842; x_wconf 83' lang='grc' dir='ltr'>ἔργον</span> <span class='ocrx_word' id='word_1_842' title='bbox 2442 5785 2499 5825; x_wconf 89' lang='lat'><strong>0.</strong></span> 
     </span>
    </p>
   </div>
  </div>
