4104 6446
472 449 602 502 1311

1490 428 2005 491 THEOPHYLACTI
2043 426 2402 484 BULGABIAE
2439 426 2755 483 ARCHIEP.

3632 431 3774 484 ltili).

465 571 741 628 medetur.
775 570 914 640 Quia
944 584 1072 626 vero
1104 568 1362 641 pleraque
1385 562 1663 636 incognita
1687 574 1790 614 nos
1818 555 2056 640 turbant,

2181 551 2366 629 μάτων
2417 551 2745 632 ἀγνοούμενα
2790 549 2896 641 ,μὲν
2933 552 3090 612 λυπεῖ
3133 556 3300 629 ἡμᾶς,
3351 553 3553 632 γνωσθέ
3598 577 3664 612 τα
3714 553 3772 612 δὲ

464 663 685 735 cognita
713 668 900 716 autem
933 657 1214 715 tristitiam
1259 655 1480 723 tollunt,
1533 659 1818 725 propterea
1861 645 2062 735 inquit,

472 734 605 810 Nolo
644 768 734 806 vos
786 754 1056 820 ignorare.
1100 751 1224 804 Non
1271 745 1412 802 dixit
1462 751 1672 809 autem,
1705 739 1772 795 de
1810 734 2062 804 mortuis,

469 841 587 908 sed,
622 845 696 896 De
735 841 1122 895 dormientibus
1149 857 1166 908 ς
1194 853 1258 893 ex
1282 836 1400 908 ipso
1430 833 1594 891 etiam
1620 828 1884 886 vocabulo
1925 824 2068 882 futu-

469 946 593 986 ram
623 929 1083 986 resurrectionem
1105 925 1424 984 ostendens.

546 1024 612 1076 Ut
631 1036 737 1075 non
764 1020 1170 1081 contristemini,
1210 1020 1351 1072 sicut
1377 1020 1426 1071 et
1449 1014 1625 1069 caeteri
1650 1012 1747 1082 qui
1770 1022 1918 1078 spem
1953 1019 2064 1060 non

471 1111 545 1165 ha
557 1111 695 1166 bent.
723 1109 894 1182 Cujus
921 1108 996 1164 rei
1046 1103 1724 1181 spem?Resurrectionis.
1763 1099 1868 1170 Qui
1915 1093 2064 1151 enim

465 1215 579 1255 non
609 1199 814 1256 habent
853 1213 1010 1269 spem
1059 1194 1502 1262 resurrectionis,
1531 1193 1588 1249 hi
1615 1193 1797 1265 lugere
1829 1193 2055 1249 debent.

462 1289 833 1346 Attendamus
857 1288 1042 1360 igitur,
1070 1295 1124 1342 et
1154 1285 1496 1342 horreamus.
1523 1283 1664 1353 Quid
1693 1283 1900 1355 igitur?
1926 1298 2052 1356 pro-

468 1378 706 1451 pterhoc
729 1393 839 1434 non
869 1377 951 1432 vis
977 1377 1249 1449 ignorare,
1267 1382 1326 1430 ut
1357 1389 1469 1430 non
1490 1372 1927 1430 contristentur?
1953 1374 2058 1428 Ec-

466 1469 561 1540 qui
600 1482 712 1524 non
754 1467 906 1535 dicis,
949 1469 1032 1523 Ut
1071 1481 1185 1521 non
1215 1464 1536 1537 puniantur,
1583 1478 1798 1530 verum,
1843 1471 1907 1518 ut
1949 1478 2063 1518 non

463 1557 893 1613 contristentur?
912 1559 1026 1623 Nm,
1053 1554 1231 1627 inquit
1264 1574 1276 1609 :
1299 1569 1432 1611 nam
1459 1551 1687 1609 tristitia
1708 1553 1813 1608 ista
1840 1567 2063 1624 poenam

471 1645 720 1701 attrahit.

537 1729 707 1782 Vsus.
748 1731 831 1781 l4.
871 1728 932 1782 Si
956 1727 1095 1781 enim
1141 1725 1408 1781 credimus
1449 1725 1591 1795 quod
1636 1727 1788 1780 Iesus
1819 1729 2062 1778 mortuus

2173 641 2287 702 λύει
2326 641 2423 714 τὴν
2474 642 2678 724 λύπην,
2729 639 2816 702 διὰ
2854 641 3008 702 τοῦτό
3039 665 3227 724 φησιν·
3267 665 3294 699 α
3331 644 3412 704 Οὐ
3446 643 3582 702 θέλω
3630 645 3774 721 ὑμᾶς

2175 735 2401 812 ἀγνοεῖν.
2441 757 2467 791 ι
2495 734 2614 795 Οὔκ
2635 723 2748 791 εἶπε
2773 730 2847 806 δὲ,
2873 723 3290 807 Ἀποθανόντων,
3318 733 3481 806 ἀλλὰ,
3521 755 3547 788 α
3582 736 3775 794 Κεκοι-

2176 822 2456 899 μημένων,
2490 847 2519 878 ι
2561 821 2762 890 δεικνὺς
2803 821 2895 882 καὶ
2944 821 2996 890 ἐξ
3027 823 3185 882 αὐτοῦ
3215 827 3307 882 τοῦ
3359 823 3639 902 ὀνόματος,
3689 823 3773 882 ὅτι

2172 911 2314 972 ἔστιν
2345 915 2546 994 ἕγερσις
2575 912 2646 971 ³9.

2259 1024 2291 1058 α
2329 1001 2448 1064 Ἵνα
2497 1000 2572 1079 μὴ
2605 1003 2873 1080 λυπῆσθε,
2921 1000 3095 1070 καθὼς
3140 1000 3232 1061 καὶ
3261 1002 3308 1060 οἱ
3355 1001 3562 1074 λοιποὶ,
3614 1005 3662 1063 οἱ
3690 1003 3769 1079 μὴ

2172 1090 2380 1170 ἔχοντες
2431 1090 2640 1151 ἐλπίδα.
2680 1114 2708 1148 ιι
2761 1092 2918 1160 Τίνος
2963 1090 3192 1161 ἐλπίδας
3249 1089 3637 1158 Ἀναστάσεως.
3695 1095 3768 1152 Οἱ

2171 1178 2274 1258 γὰρ
2304 1181 2378 1258 μὴ
2415 1179 2620 1260 ἔχοντες
2671 1179 2858 1240 ἐλπίδα
2890 1179 3261 1254 ἀναστάσεως,
3313 1170 3454 1240 οὗτοι
3501 1181 3772 1263 ὀφείλουσι

2171 1271 2398 1332 πενθεῖν.
2461 1267 2795 1344 ’Λκούσωμεν
2871 1269 3090 1349 λοιπὸν,
3154 1269 3245 1328 καὶ
3320 1269 3608 1351 φρίξωμεν.
3695 1272 3770 1333 Τί

2173 1351 2294 1434 οὖνς
2327 1359 2413 1418 διὰ
2449 1364 2602 1418 τοῦτο
2649 1361 2708 1419 οὗ
2759 1358 2924 1427 θέλεις
2981 1362 3223 1438 ἀγνοεῖν,
3279 1358 3367 1418 ἵνα
3422 1358 3498 1436 μὴ
3548 1364 3767 1420 λυπῶν-

2173 1470 2296 1524 ταις
2330 1452 2412 1510 Οὐ
2451 1450 2622 1526 λέγεις
2641 1495 2657 1523 ,
2686 1447 2809 1508 Ἵνα
2841 1447 2918 1526 μὴ
2948 1450 3278 1509 κολασθῶσιν
3301 1495 3319 1526 ,
3345 1449 3495 1522 ἀλλ’,
3541 1449 3657 1512 Ἵνα
3690 1453 3770 1530 μὴ

2172 1541 2479 1614 λυπῶνται;
2509 1536 2647 1614 Ναὶ,
2679 1538 2836 1619 φησὶν
2858 1583 2874 1615 ,
2906 1537 2988 1598 ὅτι
3013 1541 3048 1611 ἡ
3073 1537 3217 1612 λύπη
3249 1537 3386 1613 αὕτη
3417 1539 3516 1612 τὴν
3548 1541 3768 1600 κόλασιν

2173 1628 2428 1708 προξενεῖ.

2257 1743 2288 1774 α
2345 1721 2412 1780 Εἰ
2466 1717 2569 1799 γὰρ
2627 1715 2945 1797 πιστεύομεν
2999 1719 3081 1779 ὅτι
3133 1719 3342 1793 Ἰησοῦς
3398 1719 3624 1781 ἀπέθανε
3676 1722 3773 1782 καὶ

463 1823 542 1873 est
565 1821 614 1871 et
638 1819 960 1879 resurrexit,
1015 1818 1090 1871 sic
1123 1821 1171 1870 et
1193 1820 1334 1872 Deus
1379 1831 1463 1871 eos
1492 1817 1591 1884 qui
1616 1815 1954 1870 dormierunt
1961 1827 2056 1884 per

2173 1809 2370 1881 ἀνέστη
2397 1854 2415 1886 ,
2465 1807 2604 1868 οὕτω
2661 1807 2752 1867 καὶ
2813 1812 2842 1867 ὃ
2894 1808 3033 1876 Θεὸς
3086 1807 3207 1876 τοὺς
3261 1807 3619 1886 κοιμηθέντας
3680 1811 3774 1870 διὰ

469 1911 652 1962 Jesum
673 1907 903 1962 adducet
925 1921 1044 1962 cum
1068 1921 1145 1961 eo.
1168 1904 1681 1979 Quemadmodum,
1713 1905 1915 1977 inquit,
1947 1907 2060 1960 Do-

461 1997 680 2052 minum
712 1998 908 2051 Jesum
941 1995 1225 2059 excitavit,
1273 1994 1366 2066 qui
1395 1993 1756 2066 corporaliter
1781 2001 1838 2050 et
1868 2007 2062 2065 passus

457 2094 596 2154 erat,
639 2093 702 2141 et
738 2093 979 2142 mortem
1010 2085 1258 2141 obierat:
1299 2083 1377 2140 sic
1411 2091 1467 2140 et
1494 2099 1598 2140 nos
1635 2082 1916 2141 excitabit.
1943 2081 2060 2139 Ob-

461 2192 614 2232 serva
660 2182 850 2231 autcm
889 2173 1169 2245 quomodo
1199 2173 1265 2229 de
1289 2173 1556 2242 Domino,
1594 2181 1883 2245 propterea
1911 2173 2060 2245 quod

461 2265 794 2320 resurrectio
845 2263 962 2336 ejus
983 2263 1100 2335 jam
1137 2262 1281 2319 facta
1325 2262 1417 2328 sit,
1473 2261 1814 2319 conﬁdenter
1842 2261 2062 2330 dixerit,

470 2358 718 2409 Mortuus
767 2358 842 2408 est
873 2370 893 2408 .·
916 2351 984 2409 de
1029 2352 1194 2408 nobis
1245 2368 1398 2420 vero,
1458 2352 1587 2424 quia
1638 2357 1828 2409 nostra
1881 2351 2062 2409 adhuc

461 2443 646 2499 futura
669 2459 748 2498 es.
779 2443 1136 2510 resurrectio,
1162 2445 1267 2498 Eos
1307 2445 1404 2513 qui
1432 2444 1794 2510 dormierunt,
1824 2443 2006 2514 inquit
2042 2463 2056 2498 :

460 2533 712 2589 indicans
741 2548 862 2590 esse
889 2532 1307 2588 excitationem.
1336 2531 1618 2604 Numquid
1640 2532 1794 2588 enim
1821 2532 1916 2604 qui
1933 2531 2060 2588 dor-

459 2623 585 2692 mit,
616 2622 816 2694 inquit,
842 2637 957 2678 non
981 2621 1201 2695 adjiciet
1230 2630 1290 2678 ut
1324 2623 1609 2694 resurgat?
1649 2621 1802 2678 Istud
1842 2629 2060 2690 autem;

456 2716 560 2769 Eos
589 2715 686 2784 qui
709 2713 1046 2769 dormierunt
1066 2727 1168 2783 per
1191 2717 1390 2776 Jesum,
1413 2713 1662 2775 adducet,
1685 2711 1937 2768 bifariam
1983 2712 2063 2768 in-

458 2803 664 2875 telliges
717 2821 729 2858 :
785 2803 888 2870 vel,
933 2802 1172 2859 adducet
1215 2818 1314 2874 per
1357 2803 1572 2870 Jesum,
1613 2802 1718 2857 hoc
1754 2809 1860 2874 est,
1900 2802 2063 2859 Filius

459 2891 565 2948 erit
618 2892 722 2948 illis
751 2891 1176 2948 resurrectionis
1223 2891 1516 2959 mediator,
1567 2891 1796 2963 illosque
1843 2892 1900 2948 in
1928 2908 2064 2949 con-

455 2989 642 3053 spectu
670 2983 848 3037 Patris
894 2983 1195 3038 constituet
1224 3001 1236 3035 :
1263 2981 1366 3047 vel,
1420 2981 1514 3054 qui
1562 2980 1916 3038 dormierunt
1964 2998 2064 3054 per

456 3073 672 3138 Jesum,
697 3070 804 3127 hoc
844 3079 928 3128 est
955 3070 1163 3127 ﬁdeles.
1197 3070 1478 3127 Christum
1510 3069 1666 3126 enim
1691 3070 1957 3128 habentes
2003 3073 2055 3128 in

2168 1903 2258 1956 τοῦ
2313 1901 2496 1972 Ἰησοῦ
2547 1897 2660 1968 ἄξει
2719 1897 2810 1957 σὺν
2859 1899 3023 1979 αὐτῷ.
3075 1923 3105 1956 κ
3164 1893 3418 1978 Ὥσπερ,
3480 1898 3634 1980 φησὶ,
3679 1901 3774 1962 τὸν

2173 1987 2371 2067 Κύριον
2443 1987 2621 2067 ἤγειρε
2679 1991 2998 2065 σωματικῶς
3055 1987 3294 2047 παθόντα
3350 1988 3443 2048 καὶ
3502 1989 3768 2068 θανόντα,

2169 2075 2307 2135 οὕτω
2351 2077 2444 2136 καὶ
2480 2082 2621 2155 ἡμᾶς
2672 2080 2861 2158 ἐγερεῖ.
2910 2075 3060 2155 ⁶Ορα
3111 2075 3196 2151 δὲ,
3242 2079 3355 2144 πῶς
3386 2077 3476 2137 ἐπὶ
3525 2079 3621 2157 μὲν
3672 2087 3769 2141 τοῦ

2174 2167 2392 2245 Κυρίου,
2441 2167 2527 2226 διὰ
2576 2167 2635 2227 τὸ
2681 2167 2773 2226 καὶ
2823 2166 2919 2239 τὴν
2965 2166 3260 2226 ἀνάστασιν
3304 2167 3407 2240 ἤδη
3461 2168 3769 2246 γεγονέναι,

2171 2256 2499 2338 θαῤῥούντως
2529 2257 2660 2338 φησὶ
2688 2258 2770 2332 τὸ,
2801 2282 2831 2313 α
2866 2255 3149 2317 Ἀπέθανεν
3169 2280 3182 2294 ·
3216 2277 3246 2315 ιο
3281 2256 3369 2315 ἐπὶ
3397 2257 3452 2316 δὲ
3473 2261 3647 2334 ἡμῶν,
3683 2258 3772 2318 διὰ

2169 2346 2229 2404 τὸ
2262 2346 2472 2424 μέλλειν
2522 2347 2599 2405 ἔτι
2640 2345 2692 2380 ⁴⁰
2733 2345 2830 2420 τὴν
2861 2347 3152 2407 ἀνάστασιν
3177 2393 3190 2416 ,
3227 2365 3256 2403 ((
3305 2345 3446 2415 Τοὺς
3486 2346 3773 2425 κοιμηθέν-

2169 2459 2301 2510 τας,
2333 2461 2363 2491 n
2412 2435 2575 2518 φησί·
2611 2433 2812 2505 δεικνὺς
2843 2427 3006 2495 οὖσαν
3049 2436 3141 2495 καὶ
3175 2435 3401 2516 ἔγερσιν.
3451 2435 3546 2508 Μὴ
3577 2440 3606 2495 ὃ
3647 2439 3770 2498 κόι-

2173 2524 2414 2602 μώμενος
2456 2525 2586 2604 γὰρ,
2618 2525 2810 2607 φησὶν,
2845 2525 2965 2604 οὐχὶ
2995 2525 3287 2604 προσθήσει
3333 2525 3390 2585 τὸ
3433 2528 3768 2602 ἀναστῆνιιις

2169 2615 2250 2676 Τὸ
2278 2615 2370 2689 δὲ,
2410 2637 2439 2672 α
2495 2614 2864 2693 Κοιμηθέντας
2908 2616 2997 2676 διὰ
3033 2621 3126 2674 τοῦ
3156 2614 3334 2688 Ἰησοῦ
3360 2615 3494 2688 ἄξει,
3528 2640 3557 2674 ι
3593 2619 3762 2696 διχῶς

2171 2708 2402 2775 νοήσεις·
2433 2704 2468 2776 ἢ
2491 2751 2505 2772 ,
2535 2702 2676 2775 Ἅξει
2720 2704 2808 2764 διὰ
2837 2709 2930 2765 τοῦ
2973 2703 3183 2779 Ἰησοῦ,
3237 2704 3507 2766 τουτέστιν
3532 2750 3548 2779 ,
3577 2709 3607 2764 ὁ
3638 2707 3769 2774 Υἱὸς

2171 2796 2346 2862 αὐτοῖς
2377 2793 2596 2870 μεσίτης
2627 2794 2777 2855 ἔσται
2816 2798 2914 2864 τῆς
2945 2795 3321 2867 ἀναστάσεως,
3352 2793 3445 2853 καὶ
3477 2796 3765 2877 παραστή-

2169 2906 2251 2941 σει
2295 2886 2370 2964 τῷ
2413 2883 2688 2965 προσώπῳ
2716 2887 2806 2942 τοῦ
2841 2882 3081 2963 Πατρός·
3113 2883 3186 2956 ἢ,
3236 2882 3371 2950 Τοὺς
3409 2884 3766 2960 κοιμηθέντας

2169 2973 2256 3030 διὰ
2296 2977 2388 3032 τοῦ
2427 2975 2644 3046 Ἰησοῦ,
2709 2971 2990 3048 τουτέστι,
3049 2971 3166 3040 τοὺς
3211 2971 3454 3041 πιστούς.
3502 2973 3612 3034 Τὸν
3662 2977 3771 3057 γὰρ

2169 3061 2398 3140 Χριστὸν
2431 3061 2642 3143 ἔχοντες
2691 3065 2744 3121 ἐν
2779 3066 2984 3130 ἑαυτοῖς
3007 3110 3024 3136 ,
3071 3065 3365 3139 κοιμῶνται
3397 3063 3484 3122 διὰ
3510 3067 3602 3121 τοῦ
3650 3066 3768 3137 Ἰη-

2826 3143 2859 3178 τ

459 3159 670 3232 seipsis,
699 3159 991 3217 dormiunt
1023 3175 1120 3232 per
1167 3160 1375 3215 Jesum.
1407 3161 1491 3215 De
1537 3159 1848 3232 particulari
1892 3159 2056 3231 igitur

2173 3157 2290 3212 σοῦ.
2344 3152 2481 3232 Περὶ
2530 3155 2752 3232 μερικῆς
2799 3151 2890 3211 οὖν
2945 3151 3285 3219 ἀναστάσεως
3335 3152 3637 3233 διαλέγεται
3683 3155 3768 3213 ἐν·

456 3250 858 3305 resurrectione
896 3249 984 3304 hic
1013 3248 1274 3320 loquitur,
1306 3247 1412 3304 hoc
1437 3255 1518 3304 est
1544 3249 1766 3318 celebri,
1810 3265 1937 3322 quae
1975 3260 2060 3307 est

457 3338 730 3405 ﬁdelium,
758 3354 884 3410 qua:
921 3353 1048 3394 cum
1076 3338 1321 3394 Domino
1350 3346 1435 3394 est
1461 3355 1475 3394 :
1504 3354 1660 3408 nam,
1681 3340 1915 3395 adducet
1941 3357 2060 3397 cum

456 3431 592 3498 ipso,
616 3427 722 3484 hoc
743 3436 844 3497 est,
877 3443 1004 3485 cum
1028 3427 1272 3484 Domino
1311 3427 1367 3483 in
1392 3426 1632 3484 nubibus
1675 3429 1851 3501 rapiet
1901 3431 2058 3488 undi-

453 3533 580 3589 que.
609 3517 753 3572 Nam
777 3516 845 3574 de
865 3516 1163 3573 universali
1182 3517 1588 3573 resurrectione
1607 3516 2060 3575 Thessalonicen-

453 3621 541 3663 ses
577 3615 794 3663 norant.
821 3608 1030 3663 Verum
1057 3606 1163 3662 hoc
1183 3605 1302 3678 jam
1334 3606 1472 3674 vult,
1525 3608 1808 3664 consolari
1838 3624 1934 3665 eos
1959 3625 2058 3682 per

458 3697 571 3754 hoc
586 3697 733 3769 quod
759 3695 1010 3753 ostendat
1043 3696 1318 3753 celebrem
1356 3704 1413 3752 et
1439 3696 1738 3768 gloriosam
1772 3697 1936 3769 521
1971 3713 2054 3754 re-

457 3787 858 3842 surrectionem
903 3784 1172 3850 ﬁdelium,
1199 3793 1259 3841 ut
1278 3801 1394 3842 non
1415 3787 1823 3843 contristentur.
1844 3789 2058 3844 Omnes

455 3875 604 3931 enim
643 3883 949 3948 resurgent,
995 3874 1093 3931 sed
1139 3890 1257 3931 non
1286 3890 1479 3932 omnes
1524 3876 1578 3931 in
1621 3876 1818 3948 gloria,
1859 3892 2054 3934 verum

452 3963 640 4020 ﬁdeles
674 3973 914 4034 tantum,
945 3963 1050 4020 hoc
1082 3970 1188 4036 est,
1233 3964 1324 4035 qui
1371 3980 1536 4036 opera
1583 3963 1851 4022 doctrinm
1884 3967 2052 4024 simul

449 4053 710 4127 adjuncta
756 4053 983 4111 habent.
1017 4052 1280 4126 Expende
1319 4061 1508 4110 autem
1557 4068 1682 4128 quae
1733 4064 2051 4128 sequuntur

452 4144 662 4200 omnia.

531 4233 709 4290 Vnus.
749 4239 833 4289 l5.
861 4237 970 4290 Hoc
1001 4236 1143 4290 enim
1187 4233 1332 4288 vobis
1378 4233 1608 4289 dicimus
1643 4237 1701 4289 in
1747 4237 1907 4291 verbo
1947 4239 2050 4292 Do-

454 4324 611 4377 mini.
659 4324 876 4378 Novum
927 4321 1131 4394 aliquid
1177 4322 1428 4379 dicturus
1477 4329 1581 4390 est,
1637 4339 1761 4380 eam
1783 4325 1855 4381 ob
1929 4341 2050 4382 rem

452 4410 734 4482 ipsiﬁdem
744 4411 1000 4468 conciliat
1023 4427 1052 4466 a
1080 4411 1248 4467 verbo
1265 4412 1386 4467 Dei.
1407 4415 1532 4468 Non
1547 4429 1579 4469 a
1624 4429 1715 4471 me
1734 4416 1856 4487 ipso
1878 4415 2051 4485 enim,

2170 3246 2367 3315 ταῦθα,
2401 3243 2644 3301 τουτέστι
2690 3245 2785 3313 τ’ἧς
2823 3240 3064 3314 ἐνδόξου,
3119 3245 3214 3312 τῆς
3244 3245 3350 3300 τῶν
3392 3245 3626 3316 πιστῶν,
3671 3248 3770 3317 τῆς

2171 3329 2262 3389 σὺν
2292 3335 2368 3412 τῷ
2399 3331 2601 3414 Κυρίῳ.
2641 3353 2670 3389 α
2689 3328 2828 3399 Ἄξει
2856 3331 2960 3411 γὰρ
2991 3331 3084 3389 σὺν
3117 3331 3282 3411 αὐτῷ,
3305 3358 3328 3384 ιι
3363 3333 3631 3406 τουτέστι,
3660 3333 3759 3393 σὺν

2167 3424 2244 3502 τῷ
2296 3421 2484 3503 Κυρίῳ
2533 3424 2586 3479 ἐν
2648 3420 2891 3503 νεφέλα-ις
2939 3421 3169 3500 ἁρπάσει
3230 3420 3597 3501 πανταχόθεν·
3645 3424 3766 3482 ἐπεὶ

2165 3512 2288 3591 περί
2317 3535 2378 3590 γε
2408 3516 2504 3584 τῆς
2530 3513 2815 3583 καθολικῆς
2841 3510 3035 3590 ᾔδεσαν
3054 3512 3102 3570 οἱ
3132 3512 3562 3579 Θεσσαλονικιῖς.
3597 3510 3765 3572 Ἀλλὰ

2164 3609 2316 3661 τοῦτο
2350 3601 2598 3681 βούλεται
2628 3605 2742 3675 νῦν,
2776 3600 3272 3678 παραμυθήσασθαι
3315 3599 3500 3668 αὐτοὺς
3547 3600 3634 3660 διὰ
3670 3607 3768 3660 τοῦ

2167 3689 2328 3760 δεῖξαι
2381 3689 2592 3766 ἔντιμον
2643 3689 2737 3749 καὶ
2783 3687 2988 3758 ἔνδοξον
3031 3689 3129 3762 τὴν
3182 3688 3478 3749 ἀνάστασιν
3525 3693 3629 3750 τῶν
3678 3716 3770 3752 πι-

2165 3783 2336 3854 στῶν,
2385 3782 2454 3847 ὣς
2483 3779 2548 3839 ἂν
2581 3778 2658 3858 μὴ
2689 3781 2982 3840 λυπῶνται.
3021 3778 3227 3846 Πάντες
3257 3779 3354 3856 μὲν
3385 3778 3491 3861 γὰρ
3521 3781 3760 3853 ἀναστή-

2165 3892 2345 3929 σονται
2365 3915 2382 3943 ,
2423 3871 2482 3928 οὖ
2517 3869 2712 3936 πάντες
2744 3867 2800 3927 δὲ
2832 3870 2886 3926 ἐν
2915 3867 3036 3948 δόξῃ
3062 3915 3079 3943 ,
3121 3870 3241 3927 ἀλλ’
3271 3871 3318 3928 οἱ
3358 3869 3573 3948 πιστοὶ,
3604 3893 3766 3930 τουτ-

2163 3959 2304 4018 έστιν
2335 3961 2382 4017 οἱ
2430 3959 2559 4039 ἔργα
2606 3957 2742 4035 μετὰ
2793 3963 2889 4018 τοῦ
2941 3957 3204 4037 δόγματος
3248 3956 3456 4039 ἔχοντες
3506 3958 3578 4022 “.
3613 3957 3764 4040 Ὅρα

2164 4047 2219 4108 δὲ
2249 4047 2338 4108 καὶ
2373 4047 2440 4107 τὰ
2469 4045 2652 4129 ἐφεξῆς
2679 4047 2873 4108 πάντα.

2253 4251 2282 4286 (ι
2300 4230 2475 4289 Τοῦτο
2503 4227 2605 4308 γὰρ
2624 4229 2747 4304 ὑμῖν
2777 4225 3000 4306 λέγομεν
3025 4228 3077 4286 ἐν
3108 4229 3250 4309 λόγῳ
3285 4225 3504 4307 Κυρίου.
3532 4251 3563 4284 in
3593 4228 3761 4287 Ξένον

2161 4343 2212 4378 τι
2257 4317 2476 4394 ἔμελλεν
2506 4319 2642 4400 ἐρεῖν
2687 4316 2771 4391 ⁴²,
2813 4317 2892 4376 διὸ
2933 4316 3021 4376 καὶ
3076 4315 3382 4386 ἀξιόπιστον
3437 4317 3568 4377 αὐτὸ
3617 4327 3759 4378 ποιεῖ

2163 4408 2250 4467 διὰ
2279 4409 2332 4447 ⁴³
2363 4413 2454 4467 τοῦ
2501 4407 2660 4486 λόγου
2707 4412 2797 4466 τοῦ
2829 4410 3000 4469 Θεοῦ.
3055 4408 3175 4466 Οὐκ
3226 4405 3318 4466 ἀπ’
3365 4409 3600 4485 ἐμαυτοῦ
3629 4407 3758 4488 γὰρ,

451 4516 644 4558 verum
667 4501 816 4574 quod
855 4517 886 4557 a
929 4500 1150 4558 Christo
1197 4499 1384 4571 didici,
1432 4503 1648 4575 loquor.
1694 4504 1915 4560 Etenim
1945 4503 2050 4562 hoc

2167 4498 2302 4559 ἀλλὰ
2331 4496 2480 4576 παρὰ
2508 4502 2599 4556 τοῦ
2633 4499 2866 4602 Χριστοῦ
2901 4496 3086 4574 μαθὼν
3119 4496 3294 4602 Ιλέγω.
3313 4495 3445 4602 ’,Καὶ
3476 4495 3585 4578 γὰρ
3607 4501 3764 4556 τοῦτο

449 4591 654 4648 diserte
715 4590 924 4648 audivit
970 4607 1002 4646 a
1052 4599 1414 4663 praeceptore,
1463 4593 1686 4663 perinde
1735 4609 1803 4649 ac
1845 4593 1978 4651 illud
2030 4613 2045 4652 :

452 4684 674 4738 Beatius
723 4687 804 4737 est
831 4682 966 4736 dare
1006 4697 1172 4752 quam
1208 4683 1445 4752 accipere
1477 4675 1526 4738 h.
1569 4683 1780 4739 Caetera
1819 4698 1948 4740 vero
1991 4700 2055 4741 ex

449 4769 658 4842 Spiritu
686 4769 920 4827 dicebat.
1532 4797 1536 4801 ⁴

525 4859 675 4927 Quod
695 4876 790 4915 nos
813 4863 908 4930 qui
929 4863 1180 4924 vivimus,
1204 4863 1302 4930 qui
1316 4861 1524 4916 residui
1552 4879 1738 4917 sumus
1763 4865 1823 4918 in
1852 4864 2049 4919 adven-

454 4954 568 5003 tum
615 4951 847 5013 Domini,
892 4966 1000 5004 uon
1036 4952 1424 5019 praeveniamus
1450 4967 1533 5006 eos
1574 4954 1672 5023 qui
1698 4953 2045 5008 dormierunt.

450 5035 608 5106 Quod
634 5037 690 5092 iu
718 5037 962 5109 Epistola
989 5038 1060 5095 ad
1087 5038 1402 5095 Corinthios
1435 5039 1532 5108 ait,
1563 5043 1629 5094 In
1666 5046 1949 5105 momento,
1989 5045 2050 5097 in

456 5131 562 5182 ictu
607 5128 746 5182 oculi
770 5137 810 5194 ³,
835 5127 983 5184 idem
1021 5136 1076 5184 et
1122 5144 1267 5184 nunc
1313 5129 1404 5184 ait.
1455 5129 1594 5199 Quia
1640 5131 1787 5188 enim
1825 5129 2050 5188 difﬁcile

450 5215 753 5282 videbatur,
805 5225 866 5272 ut
911 5218 947 5272 ii
1019 5218 1111 5290 qui
1155 5226 1612 5292 computruerant
1670 5230 2044 5293 resurgerem,

457 5305 653 5378 inquit,
710 5303 874 5376 Quod
927 5305 1174 5364 viventes
1231 5307 1656 5381 haudquaquam
1705 5317 2049 5368 antevertent

455 5395 610 5461 illos;
658 5393 759 5451 sed
808 5395 1280 5469 quemadmodum
1328 5396 1485 5455 facile
1529 5406 1614 5456 est
1639 5401 1757 5457 Deo
1803 5401 2048 5475 integros

523 5493 550 5532 ¹¹
580 5504 706 5557 Act.
737 5517 845 5572 xx,
881 5508 968 5558 35.
1046 5503 1060 5540 ί
1089 5505 1111 5559 Ι
1140 5505 1267 5561 Cor.
1300 5520 1405 5575 xv,
1435 5510 1524 5562 53.

2166 4590 2332 4670 ῥητῶς
2361 4587 2555 4660 ἤκουσε
2587 4585 2737 4667 παρὰ
2768 4591 2860 4646 τοῦ
2887 4585 3231 4647 Διδασκάλου
3249 4632 3267 4664 ,
3302 4584 3487 4666 ὥσπερ
3511 4588 3730 4645 κάκεῖνο
3751 4609 3765 4623 ·

2177 4699 2206 4735 (ι
2237 4675 2520 4757 Μακάριόν
2553 4679 2664 4736 ἐστι
2711 4675 2911 4736 διδόναι
2943 4676 3147 4754 μᾶλλον
3177 4674 3214 4748 ἢ
3246 4673 3562 4754 λαμϐάνειν.
3599 4699 3625 4732 n
3671 4675 3761 4737 Τὰ

2165 4767 2268 4849 γὰρ
2295 4767 2432 4826 ἄλλα
2465 4766 2740 4843 Πνεύματι
2766 4767 3062 4846 ἐφθέγγετο.

2243 4879 2271 4913 α
2301 4855 2433 4917 Ὅτι
2479 4857 2635 4933 ἡμεῖς
2684 4857 2732 4915 οἱ
2767 4859 2975 4934 ζῶντες,
3008 4857 3054 4915 οἱ
3089 4853 3520 4934 περιλειπόμενοι
3549 4856 3621 4922 εἷς
3663 4854 3760 4926 τὴν

2158 4945 2454 5027 παρουσίαν
2521 4952 2614 5006 τοῦ
2695 4945 2892 5025 Κυρίου
2920 4992 2937 5023 ,
3002 4947 3060 5005 οὖ
3128 4943 3205 5022 μὴ
3276 4943 3561 5024 φθάσωμεν
3639 4943 3760 5010 τοὺς

2160 5035 2530 5112 κοιμηθέντας.
2563 5057 2591 5094 »
2642 5032 2824 5114 Ὅπερ
2857 5036 2909 5093 ἕν
2940 5039 3005 5114 τῇ
3030 5033 3161 5114 πρὸς
3195 5032 3530 5114 Κορινθίους,
3567 5032 3757 5114 φησὶν,

2165 5149 2193 5184 σ
2227 5125 2322 5186 Ἐν
2354 5123 2560 5204 ἀτόμῳ,
2595 5125 2647 5184 ἐν
2848 5124 3148 5205 ὀφθαλμοῦ,
3178 5127 3402 5205 »ωτοῦτο
3431 5124 3526 5183 καὶ
3549 5127 3638 5181 νῦν
3661 5122 3752 5181 λέ-

2158 5239 2258 5295 γει.
2291 5203 2517 5286 Ἐπειδὴ
2559 5214 2662 5294 γὰρ
2690 5203 2863 5273 ἐδόκει
2894 5203 3162 5274 δύσκολον
3193 5203 3329 5273 εἶναι
3356 5211 3474 5280 τοὺς
3502 5235 3750 5272 κατασαο

2153 5305 2347 5372 πέντας
2375 5303 2592 5371 τσύτους
2625 5305 2937 5377 ἀναστῆναι,
2970 5301 3153 5384 φησὶν,
3183 5301 3264 5361 ὅτι
3293 5304 3343 5361 οἳ
3375 5305 3563 5371 ζῶντες
3586 5303 3645 5360 οὗ
3671 5303 3750 5378 μὴ

2154 5395 2495 5476 προλάϐωσιν
2547 5392 2799 5462 ἐκείνους·
2850 5393 2968 5454 ἀλλ’
3015 5390 3197 5474 ὥσπερ
3247 5391 3459 5452 εὔκολον
3511 5395 3586 5473 τῷ
3619 5395 3753 5473 Θεῷ

1834 5588 2022 5648 Variae
2065 5591 2370 5653 lectiones.

524 5712 573 5747 ³³
599 5712 860 5776 ἀνάστασις
883 5732 937 5773 0.
1015 5717 1059 5751 ⁶⁰
1079 5719 1171 5784 ἤδη
1202 5734 1255 5775 0.
1333 5719 1372 5753 ⁴¹
1396 5721 1443 5772 oi
1473 5719 1592 5793 ἔργα
1619 5724 1846 5790 σώματος
1873 5725 1958 5778 σὶιν
1990 5731 2060 5797 τῷ
2079 5726 2298 5797 δόγματι
2332 5723 2413 5796 ἔκ.
2445 5740 2494 5780 ο.
2569 5723 2613 5757 δ’
2638 5722 2794 5776 εἰπεῖν
2823 5738 2876 5780 ο.
2956 5721 3000 5756 ⁴³
3032 5721 3133 5776 ἀπὸ
3164 5737 3212 5779 ο.
