4104 6432
324 404 462 458 1313

1187 406 1538 466 EXPOSITIO
1579 411 1644 465 IN
1686 411 1892 468 EPIST.
1936 409 1952 465 Ι
1991 411 2081 466 ΑΙ)
2119 408 2352 466 THESS.
2384 438 2451 448 —
2492 406 2642 464 CAP.
2687 407 2748 462 V.

3493 408 3627 463 1314

317 524 434 591 τοὺς
453 526 774 607 ὁλοκλήρους
803 531 1045 606 ἀγαγεῖν,
1067 529 1206 590 οὕτω
1231 532 1525 602 κάκείνους.
1569 559 1598 591 ιι
1637 535 1832 612 Ἡμεῖς
1857 535 1913 595 δὲ

2028 534 2302 592 adducere
2350 532 2421 589 ad
2483 531 2795 600 Christum,
2851 532 2931 588 sic
2988 538 3041 588 et
3093 531 3241 600 illos,
3309 539 3620 603 corruptos.

318 618 365 707 oi
405 619 594 685 ζῶντες
613 661 629 688 ,
670 641 696 674 ε
743 618 946 697 λέγων,
981 621 1040 679 οὗ
1066 621 1189 701 περὶ
1215 625 1404 682 ἑαυτοῦ
1434 647 1593 705 φησιν
1627 625 1777 705 (οὐδὲ
1807 625 1911 707 γὰρ

319 705 446 785 ἄχρι
487 710 582 777 τῆς
633 708 974 776 ἀναστάσεως
1023 708 1214 786 ἔμελλε
1258 713 1429 792 ζῇν),
1480 713 1620 774 ἀλλὰ
1657 714 1776 783 τοὺς
1820 705 1914 775 vrt-

319 793 474 883 στοὺς
501 795 675 874 λέγει·
718 795 766 855 ιὸ
792 798 1151 878 προσέθηκενο
1196 822 1226 857 α
1264 803 1336 861 Οἱ
1377 802 1802 883 περιλειπόμενοι
1843 809 1914 874 εἷς

316 881 413 954 τὴν
466 884 762 975 παρουσίαν
824 892 918 946 τοῦ
975 889 1172 969 νυρίου.
1221 913 1246 946 ι
1299 889 1390 950 Ἐν
1451 881 1554 972 γὰρ
1601 897 1677 975 τῷ
1725 897 1912 956 ἑαυτοῦ

315 972 588 1054 προσώπῳ
637 975 843 1044 πάντας
892 976 1012 1045 τοὺς
1052 978 1170 1038 τότε
1224 972 1667 1059 εὓρεθησομένους
1715 987 1912 1054 ζῶντας

315 1064 488 1154 δηλοῖ.
551 1065 808 1132 Μεθόδιος
860 1066 914 1124 δὲ
969 1071 997 1126 ὁ
1040 1068 1297 1150 μακάριος
1349 1071 1547 1138 ζῶντας
1581 1070 1690 1144 ¹τὰς
1739 1073 1914 1154 ψυχὰς

313 1153 489 1242 λέγει’
530 1159 694 1242 ,τοῦτο
729 1154 992 1214 διδάσκων
1015 1201 1033 1231 ,
1081 1158 1162 1216 ὅτι
1210 1161 1263 1216 αἱ
1294 1159 1463 1239 ψυχαὶ
1503 1160 1563 1218 οὗ
1613 1159 1688 1236 μὴ
1720 1153 1917 1242 προλά·

314 1241 452 1302 ϐωσι
488 1241 556 1302 τὰ
587 1243 820 1321 σώματα
839 1267 854 1283 ο
893 1247 1103 1326 πρῶτον
1137 1245 1242 1327 γὰρ
1267 1248 1529 1327 ἐγείρεται
1550 1249 1618 1309 τὰ
1649 1241 1875 1326 σώματα
1894 1298 1910 1326 ,

310 1329 400 1390 ἵνα
432 1332 566 1392 αὐτὰ
598 1333 975 1394 ἀπολαύσωσιν
1025 1337 1080 1394 αἱ
1111 1336 1316 1420 ψυχαὶ,
1360 1337 1419 1406 ἃς
1455 1337 1549 1398 καὶ
1602 1341 1910 1420 περιλείπε-

312 1426 438 1481 σθαι
465 1420 564 1502 ἔφη
581 1466 596 1495 ,
629 1422 715 1481 διὰ
745 1422 807 1482 τὸ
836 1423 1128 1492 ἀθανάτους
1157 1420 1312 1484 εἶναι.

401 1538 426 1563 α
463 1509 590 1602 "Gri
637 1511 875 1602 abrbqib
927 1511 1119 1595 Κύριος
1163 1517 1216 1574 ἐν
1263 1516 1617 1596 κελεύσματι,
1667 1522 1721 1580 ἐν
1764 1525 1911 1602 φωνῇ

311 1600 679 1681 ἀρχαγγέλου,
742 1601 836 1662 καὶ
899 1603 952 1660 ἐν
1016 1589 1278 1685 σάλπιγγι
1338 1589 1480 1666 Θεοῦ
1546 1589 1913 1682 καταϐήσεται

310 1693 405 1778 ἀπ’
445 1691 690 1771 οὐρανοῦ.
727 1713 756 1749 ι)
795 1690 892 1763 Μὴ
924 1693 1262 1774 ἀπιστήσῃς,
1299 1695 1479 1776 φησὶν,
1520 1688 1595 1763 οἷς
1626 1698 1797 1778 λέγωο
1821 1702 1910 1760 καὶ

309 1777 415 1859 γὰρ
453 1778 605 1868 αὐτὸς
626 1785 654 1840 ὁ
685 1780 879 1860 Κύριος
903 1781 1142 1842 κελεύσει
1175 1788 1351 1844 τοῦτο.
1373 1787 1499 1852 Πῶς
1524 1786 1579 1846 δὲ
1603 1787 1657 1848 δὲ
1795 1789 1909 1863 xui]

309 1866 550 1929 κελεύσει
585 1871 844 1962 [retire];
881 1895 911 1926 ιι
944 1870 1040 1932 Ἐν
1070 1877 1222 1953 φωνῇ
1249 1875 1606 1953 ἀρχαγγέλου,
1636 1900 1665 1934 ν
1692 1866 1793 1938 τοῦ
1821 1883 1909 1962 ἐφ-

308 1965 536 2029 εστῶτος
565 1969 674 2030 τοῖς
714 1961 910 2042 ἑτέροις
955 1964 1232 2041 ἀγγέλοις,
1279 1966 1370 2023 καὶ
1417 1969 1670 2045 βοῶντοςο
1729 1961 1904 2030 Ἑτοίο

308 2073 444 2127 μους
485 2059 683 2110 ποιεῖτε
713 2051 944 2120 πιιίντας⁹
983 2049 1206 2132 πάρεστι
1233 2053 1336 2135 γὰρ
1385 2058 1414 2113 ὁ
1442 2057 1644 2136 κριτής.
1701 2060 1907 2120 Πολλαὶ

309 2143 368 2200 δὲ
399 2140 610 2201 ἔσονται
634 2141 955 2220 σάλπιγγες,
982 2142 1122 2202 ἀλλὰ
1159 2143 1288 2223 πρὸς
1315 2149 1381 2226 τῇ
1414 2147 1617 2227 ἐσχάτῃ
1662 2149 1905 2222 καταϐή-

308 2253 463 2288 σεται
497 2233 525 2289 ὁ
564 2231 772 2312 κριτής.
817 2229 1040 2318 Ὥσπερ
1067 2230 1168 2312 γὰρ
1212 2237 1241 2292 ὃ
1289 2234 1482 2315 Πατὴρ
1513 2238 1566 2295 ἐν
1596 2239 1673 2318 τῷ
1704 2240 1906 2318 Σιναίῳ

303 2318 418 2400 ὄρει
449 2319 542 2380 καὶ
581 2301 883 2400 σάλπιγγας
925 2301 1038 2400 εἶχε
1069 2301 1162 2380 καὶ
1190 2301 1464 2401 ἀγγέλους¹
1487 2301 1904 2406 ὑπηρετοῦντας·

307 2409 456 2470 οὕτω
485 2411 577 2470 καὶ
621 2415 650 2470 ὁ
693 2411 850 2485 Υἱὸς,
891 2413 961 2477 ὡς
1004 2410 1266 2490 βασιλεύς.
1309 2409 1386 2474 Ἢ
1419 2413 1607 2491 τὸμὲν
1637 2417 1902 2496 κέλευσμα

305 2506 401 2559 τοῦ
449 2502 592 2562 Θεοῦ
633 2500 844 2572 ποιήσει
875 2500 972 2573 τὴν
1005 2504 1104 2580 γῆν
1137 2503 1422 2563 ἀναδοῦναι
1451 2505 1521 2565 τὰ
1559 2505 1786 2583 σώματα
1832 2512 1905 2578 εἰς

305 2589 607 2678 ἀςρθαρσίαν
643 2590 1098 2666 μεταποιηθέντασ
1140 2590 1202 2650 τὸ
1242 2590 1298 2650 δὲ
1343 2596 1417 2663 εἰς
1466 2593 1522 2652 ἓν
1573 2602 1902 2678 συναχθῆναι

299 2676 426 2768 τοὺς
472 2687 750 2760 πανταχοῦ
802 2679 1221 2760 διεσπαρμένους
1267 2687 1302 2754 ἡ
1356 2683 1502 2764 φωνὴ
1553 2692 1644 2744 τοῦ
1693 2676 1898 2768 ἀρχαγ.

299 2767 461 2845 γέλου
491 2770 793 2848 ἐνεργήσει,
826 2769 1067 2849 ἀγγέλων
1103 2771 1532 2850 ὑπηρετούντων.

393 2882 439 2948 ιι,
475 2857 587 2920 Καὶ
629 2863 678 2919 οἱ
723 2858 899 2938 νεκροὶ
931 2861 985 2918 ἐν
1035 2858 1257 2940 Χριστῷ
1307 2863 1702 2935 ἀναστήσονται
1752 2870 1902 2948 πρῶ·-

299 2969 396 3006 τον
425 2947 497 3010 “.
541 2971 572 3004 κ
607 2951 678 3008 Οἱ
707 2948 881 3028 νεκροὶ
929 2949 984 3006 ἐν
1032 2952 1284 3031 Χριστῷ,
1316 2951 1588 3014 τουτέστιν
1621 2958 1670 3014 οἱ
1698 2947 1896 3020 πιστοί.

296 3031 429 3098 Ἀτε
471 3035 576 3119 γὰρ
620 3038 898 3116 μέλλοντες
940 3037 1184 3118 αἴρεσθαι
1223 3043 1278 3098 ἐν
1316 3041 1596 3124 νεφέλαις,
1631 3045 1723 3104 καὶ
1753 3051 1900 3127 πρῶ-

302 3149 386 3185 τοι
435 3128 854 3200 ἀναστήσονται·
905 3131 952 3186 οἱ
995 3129 1051 3188 δὲ
1101 3130 1304 3204 λοιποὶ,
1347 3131 1596 3213 ἔσχατοι,
1647 3139 1718 3204 ὡς
1764 3137 1901 3216 μήτε

292 3215 651 3296 ἁρπάζεσθαι,
679 3217 814 3296 μήτε
831 3221 1086 3300 ξάπαντᾷν
1114 3219 1420 3298 μέλλοντες.

390 3327 421 3364 α
471 3304 704 3368 Ἔπειτα
749 3313 904 3385 ἡμεῖς
945 3311 993 3366 οἱ
1041 3311 1267 3383 ζῶντες,
1313 3313 1362 3370 οἱ
1423 3315 1888 3395 περιλειπόμενοι,

291 3395 418 3472 ἅμα
491 3395 585 3456 σὺν
647 3399 824 3464 αὐτοῖς
902 3397 1336 3477 ἁρπαγησόμεθα
1406 3403 1458 3460 ἐν
1521 3404 1762 3484 νεφέλαις
1825 3410 1896 3477 εἰς

292 3486 600 3559 ἀπάντησιν
643 3493 732 3548 τοῦ
775 3486 975 3568 Κυρίου
1029 3489 1100 3555 εἰς
1138 3489 1296 3570 ἀέρα,
1347 3491 1440 3550 καὶ
1481 3492 1620 3552 οὕτω
1665 3495 1893 3556 πάντοτε

288 3573 394 3635 σὺν
437 3578 622 3658 Κυρίῳ
649 3577 897 3655 ἐσόμεθα.
937 3601 968 3634 ι
1006 3579 1075 3638 Εἰ
1105 3577 1198 3638 καὶ
1239 3583 1288 3638 οἱ
1317 3581 1490 3661 νεκροὶ
1520 3587 1720 3663 πρῶτοι
1749 3587 1894 3665 ἐγεί-

290 3688 511 3746 ρονται,
574 3669 698 3726 ἀλλ’
722 3666 866 3744 ὅμως
921 3667 1014 3726 καὶ
1059 3671 1214 3744 ἡμεῖς
1257 3673 1305 3729 οἱ
1353 3673 1542 3741 ζῶντες
1594 3675 1787 3750 ὁμοίως
1839 3678 1892 3715 οιδ

290 3755 676 3835 ἇρπαζόμεθα,
711 3759 760 3815 οἱ
790 3757 923 3826 ἄξιοι
951 3757 1186 3832 δηλαδὴ,
1217 3760 1270 3817 ἐν
1296 3760 1560 3840 νεφέλαις,
1592 3761 1775 3844 ὥσπερ
1803 3767 1892 3825 καὶ

290 3845 387 3904 τὸν
420 3845 612 3926 Κύριον
641 3846 832 3928 νεφέλη
861 3846 1111 3907 ὑπέλαϐε.
1137 3847 1295 3916 Τίνος
1324 3851 1379 3909 δὲ
1407 3850 1582 3910 ἕνεκεν
1603 3897 1620 3932 ,
1650 3857 1694 3912 εἰ
1724 3877 1891 3914 κατα·

295 3933 500 3995 ϐαίνειν
531 3936 584 3974 ⁴⁶
614 3937 830 4015 μέλλει,
858 3937 1083 4016 ἁρπάζει
1121 3937 1240 4006 τοὺς
1277 3939 1522 4014 πιστούς;
1556 3945 1731 4022 Τιμῆς
1773 3945 1890 4005 ἕνε-

294 4021 663 4113 κεν.ν”Ωσπερ
693 4023 828 4106 γὰρ,
877 4026 1140 4107 βασιλέως
1185 4029 1258 4096 εἰς
1285 4029 1442 4089 πόλιν
1482 4032 1888 4113 εἰσερχομένου,

291 4115 345 4172 οἱ
383 4112 480 4188 μὲν
515 4115 718 4193 ἔντιμοι
759 4119 1088 4190 ὑπαντῶσιν,
1136 4119 1184 4176 οἱ
1231 4117 1287 4177 δὲ
1317 4112 1604 4180 κατάδικοι
1629 4112 1745 4182 ἔσω
1784 4126 1888 4203 μέ-

291 4226 444 4296 νουσι
468 4203 558 4296 τὸν
587 4205 800 4286 κριτήν·
837 4205 974 4266 οὕτω
1013 4206 1106 4266 καὶ
1132 4205 1276 4267 τότε·
1316 4213 1364 4268 οἱ
1393 4210 1488 4296 μὲν
1533 4201 1684 4292 [οὖν]
1719 4201 1891 4296 ἆμαρ-

286 4292 455 4354 τωλοὶ
489 4294 705 4372 μένουσι
733 4296 909 4371 κάτω,
935 4296 1036 4354 κᾶν
1069 4299 1380 4376 Χριστιανοὶ
1423 4289 1554 4361 ὦσιν
1574 4326 1587 4339 ’
1635 4289 1683 4362 οἷ
1721 4289 1776 4364 δὲ
1807 4289 1890 4365 δί-

288 4405 436 4444 καιοι
482 4384 844 4464 ἆρπάζονται,
887 4388 979 4446 καὶ
1022 4385 1160 4444 οὕτω
1185 4387 1246 4447 τὸ
1284 4389 1572 4470 κεφάλαιον
1601 4395 1706 4452 τῶν
1753 4397 1887 4474 ἀγα-

2022 629 2194 682 Porro
2260 639 2392 680 cum
2437 621 2541 693 ait,
2590 625 2694 680 Nos
2733 625 2829 693 qui
2866 624 3136 686 vivimus,
3177 637 3292 677 non
3329 621 3395 677 de
3440 621 3621 694 seipso

2017 714 2150 771 dicit
2177 717 2378 785 (neque
2401 712 2551 770 enim
2579 711 2652 769 ad
2677 712 3138 769 resurrectionem
3174 727 3347 784 usque
3381 712 3621 767 victurus

2018 807 2173 871 erat),
2240 802 2336 858 sed
2382 800 2567 858 ﬁdeles
2622 800 2875 873 intelligit
2923 818 2934 854 :
2989 808 3270 873 propterea
3338 798 3539 872 adjecit
3607 819 3618 850 :

2021 895 2125 961 Qui
2152 893 2512 963 relinquimur
2558 893 2616 945 in
2639 891 2927 946 adventum
2955 893 3194 946 Domini.
3247 893 3313 946 In
3344 905 3440 946 sua
3472 889 3621 946 enim

2019 997 2252 1054 persona
2297 996 2493 1037 omnes
2535 980 2630 1052 qui
2679 989 2794 1036 tum
2842 979 3186 1037 invenientur
3233 981 3476 1035 viventes
3527 979 3617 1034 in—

2020 1070 2194 1128 dicat.
2225 1073 2424 1127 Beatus
2442 1077 2626 1126 autem
2647 1067 2982 1138 Methodius,
3007 1086 3101 1140 per
3127 1070 3387 1138 viventes,
3411 1068 3620 1124 animas

2019 1159 2302 1233 intelligit,
2345 1159 2453 1216 hoc
2480 1158 2682 1215 docens
2709 1159 2858 1231 quod
2897 1159 3102 1216 anima:
3141 1175 3250 1215 non
3278 1166 3617 1214 antevertent

2016 1265 2266 1320 corpora.
2344 1248 2598 1305 Primum
2664 1248 2816 1305 enim
2871 1248 3179 1304 excitantur
3234 1264 3485 1320 corpora,
3557 1255 3622 1304 ut

2017 1338 2219 1396 animm
2281 1338 2542 1396 fruantur
2611 1337 2743 1405 illis,
2814 1352 2950 1410 quas
3020 1345 3076 1394 et
3146 1337 3380 1411 relinqui
3457 1337 3615 1405 dicit,

2016 1427 2468 1501 quandoquidem
2496 1427 2838 1484 immortales
2863 1428 2991 1483 sint.

2093 1518 2276 1575 Vens.
2314 1523 2400 1574 16.
2451 1518 2714 1586 Quoniam
2755 1519 2869 1587 ipse
2922 1518 3182 1572 Dominus
3229 1519 3286 1572 in
3322 1515 3511 1585 jussu,
3564 1518 3622 1571 in

2015 1623 2137 1662 voce
2185 1608 2515 1677 archangeli,
2552 1613 2603 1661 et
2647 1610 2700 1662 in
2727 1607 2858 1662 tuba
2901 1609 3002 1663 Dei
3047 1607 3328 1662 descendet
3357 1607 3424 1661 de
3471 1607 3616 1662 ccclo.

2020 1698 2102 1752 Ne
2145 1695 2364 1754 haesites
2406 1697 2462 1752 in
2512 1696 2598 1764 iis,
2651 1695 2847 1768 inquit,
2895 1711 3019 1767 qua:
3075 1695 3198 1752 dico
3255 1714 3266 1749 :
3322 1711 3456 1751 nam
3503 1696 3619 1766 ipse

2021 1787 2295 1844 Dominus
2341 1785 2554 1858 iubebit
2601 1784 2728 1841 hoc.
2778 1785 3071 1855 Quomodo
3119 1793 3307 1841 autem
3354 1783 3616 1856 jubebit?

2021 1879 2084 1932 In
2128 1891 2250 1932 voce
2301 1877 2633 1944 archangeli,
2678 1874 2768 1948 qui
2816 1873 2936 1930 aliis
2981 1873 3184 1946 angelis
3243 1873 3499 1946 prmsidet
3565 1881 3620 1930 et

2015 1964 2218 2021 clamat
2252 1984 2266 2020 :
2299 1970 2577 2038 Apparate
2624 1980 2720 2022 vos
2747 1979 2941 2020 omnes
2981 1981 2996 2018 :
3032 1963 3201 2038 judcx
3232 1963 3382 2019 enim
3412 1971 3617 2035 praesto

2014 2059 2114 2109 est.
2159 2054 2348 2111 Multa:
2411 2061 2598 2111 autem
2641 2063 2802 2110 erunt
2847 2053 3016 2122 tubae,
3058 2053 3154 2110 sed
3198 2052 3269 2108 ad
3310 2060 3612 2109 extremam

2012 2141 2312 2200 descendet
2349 2143 2540 2216 judex.
2573 2143 2723 2201 Sicut
2767 2144 2918 2200 enim
2962 2146 3123 2199 Pater
3153 2143 3208 2200 in
3253 2151 3442 2199 monte
3486 2143 3615 2199 Sina

2013 2232 2173 2289 tubas
2220 2233 2458 2290 habebat
2502 2242 2559 2291 et
2597 2233 2822 2307 angelos
2865 2233 3284 2303 ministrantes;
3323 2232 3400 2289 sic
3442 2233 3608 2288 etiam

2011 2322 2202 2390 Filius,
2251 2323 2417 2380 veluti
2460 2339 2556 2380 rex
2582 2331 2678 2380 aut
2715 2321 3036 2395 imperator,
3080 2322 3273 2380 eadem
3321 2322 3614 2380 habiturus

2011 2419 2115 2468 est.
2150 2413 2268 2479 Vel,
2290 2411 2472 2484 jussio
2516 2413 2619 2469 Dei
2662 2411 2826 2469 faciet
2870 2421 3073 2469 terram
3116 2411 3342 2469 reddere
3380 2429 3606 2486 corpora

2010 2499 2082 2557 ad
2112 2501 2687 2573 incorruptibilitatem
2714 2501 3120 2558 transformata.
3147 2504 3228 2558 Ut
3255 2517 3380 2558 vero
3411 2517 3607 2558 omnes

2008 2588 2070 2645 in
2095 2606 2272 2647 unum
2302 2591 2628 2664 colligantur
2669 2607 2763 2664 per
2791 2591 3005 2648 diversa
3045 2591 3168 2647 loca
3209 2590 3460 2664 dispersi,
3508 2607 3611 2648 vox

2009 2679 2320 2754 archangeli
2349 2680 2574 2753 efﬁciet,
2600 2681 2808 2755 angelis
2837 2681 3366 2738 administrantibus.

2082 2863 2153 2917 Et
2175 2863 2376 2917 mortui
2421 2863 2479 2916 in
2508 2860 2718 2917 Christo
2742 2865 3019 2931 resurgant
3055 2864 3246 2934 primi.
3295 2864 3360 2918 ln
3389 2863 3605 2920 Christo

2011 2951 2244 3019 mortui,
2281 2950 2336 3008 id
2373 2959 2458 3008 est
2499 2951 2707 3008 ﬁdeles.
2759 2953 2902 3008 Nam
2946 2953 3212 3025 quoniam
3264 2952 3324 3008 in
3370 2953 3610 3010 nubibus

2009 3039 2336 3096 sublevandi
2388 3049 2539 3110 sunt,
2605 3040 2766 3114 primi
2817 3050 3102 3115 resurgent
3150 3060 3163 3097 :
3209 3043 3389 3099 caeteri
3458 3060 3608 3113 vero,

2009 3129 2308 3201 postremi;
2350 3131 2548 3204 quippe
2593 3131 2685 3204 qui
2730 3147 2908 3205 neque
2952 3131 3195 3205 rapiendi
3240 3141 3388 3202 sunt,
3433 3149 3612 3206 neque

1935 3236 1980 3302 ρ
2009 3219 2308 3276 occursuri.

2077 3312 2250 3366 Vens.
2287 3315 2373 3367 17.
2407 3312 2618 3368 Deinde
2661 3316 2712 3369 et
2739 3328 2832 3368 nos
2866 3315 2963 3384 qui
3001 3314 3253 3378 vivimus,
3298 3316 3396 3385 qui
3438 3317 3604 3372 relin-

2003 3401 2244 3467 quimur,
2272 3401 2442 3457 simul
2460 3418 2579 3456 cum
2598 3403 2729 3472 ipsis
2754 3405 3038 3472 rapiemur
3067 3405 3123 3458 in
3143 3405 3373 3459 nubibus
3395 3406 3606 3462 obviam

2002 3489 2226 3542 Domino
2256 3490 2312 3543 in
2335 3505 2486 3553 acra,
2521 3495 2571 3545 et
2618 3493 2694 3544 sic
2724 3507 2930 3561 semper
2958 3508 3078 3546 cum
3122 3495 3348 3548 Domino
3378 3497 3597 3553 erimus.

2003 3575 2115 3632 Etsi
2146 3577 2349 3634 mortui
2377 3577 2544 3649 522
2577 3578 2737 3651 primi
2766 3579 3096 3648 excitentur,
3139 3589 3380 3638 attamen
3419 3593 3473 3639 ct
3502 3602 3606 3642 nos

2001 3665 2242 3722 viventes
2305 3666 2561 3724 similiter
2627 3669 2924 3741 rapiemur,
2999 3655 3152 3742 digni
3212 3670 3480 3741 videlicet,
3543 3673 3600 3731 in

2000 3754 2261 3822 nubibus,
2311 3755 2532 3828 perinde
2577 3773 2641 3814 ac
2669 3757 2974 3815 Dominum
2996 3774 3215 3832 quoque
3261 3761 3436 3818 nubes
3483 3779 3603 3818 sus-

1998 3845 2162 3918 cepit.
2208 3845 2379 3918 Cujus
2428 3853 2616 3902 autem
2650 3847 2729 3904 rei
2770 3863 2954 3917 causa,
3002 3847 3047 3904 si
3091 3847 3461 3907 descensurus
3490 3861 3599 3922 est,

1997 3934 2138 4007 rapit
2165 3934 2392 3993 ﬁdeles?
2423 3935 2664 3993 Honoris
2692 3953 2873 3995 causa.
2903 3939 2981 3996 Ut
3009 3939 3158 3996 enim
3189 3941 3303 4013 regi
3328 3940 3383 3996 in
3409 3941 3602 3998 urbem

1999 4024 2325 4097 ingredienti
2400 4026 2785 4085 honoratiores
2854 4037 3176 4098 occurrunt,
3245 4029 3602 4088 condemnati

1997 4123 2183 4172 autem
2210 4116 2359 4173 intus
2387 4125 2703 4189 exspectant
2738 4115 2983 4192 judicem
3039 4138 3052 4176 :
3116 4118 3197 4175 sic
3225 4127 3281 4176 et
3307 4127 3429 4176 tum
3461 4137 3594 4177 con-

1997 4203 2195 4277 tinget;
2228 4215 2541 4278 peccatores
2582 4206 2806 4282 quidem
2846 4207 3146 4266 manebunt
3187 4207 3350 4278 infra,
3382 4211 3597 4267 etiamsi

1995 4293 2298 4351 Christiani
2347 4295 2556 4353 fuerint
2605 4316 2619 4354 :
2661 4299 2794 4370 justi
2843 4314 2971 4355 vero
3025 4298 3326 4372 rapiuntur,
3382 4299 3597 4374 hocque

1995 4396 2153 4459 pacto
2195 4405 2473 4447 summam
2534 4391 2814 4449 bonorum
2875 4392 3138 4462 referent,
3199 4394 3469 4453 nimirum
3535 4406 3596 4453 ut

287 4476 398 4532 θῶν
452 4480 811 4555 καρποῦνται,
859 4475 920 4535 τὸ
960 4477 1185 4536 πάντοτε
1234 4489 1464 4540 συνεῖναι
1516 4485 1750 4564 Χριστοῦ

2007 4491 2221 4551 semper
2244 4495 2371 4536 cum
2399 4480 2616 4538 Christo
2644 4481 2775 4538 sint.

286 4565 569 4624 Χοιστῶῖ.

386 4585 514 4622 ιστω
560 4614 569 4623 .

351 4585 410 4709 Pa
461 4566 638 4714 ε’ἐστε
693 4657 1054 4745 παρακαλεῖτε
1124 4658 1389 4732 ἀλλήλους
1450 4663 1503 4720 ἐν
1551 4667 1659 4732 τοῖς
1709 4664 1886 4745 λόγοις

283 4743 513 4811 τούτοις.
548 4765 579 4801 ι)
635 4744 776 4827 Πρὸς
816 4746 878 4806 τὸ
907 4745 982 4824 μὴ
1011 4747 1296 4809 λυπεῖσθαι
1321 4754 1390 4818 ὡς
1417 4752 1508 4810 καὶ
1540 4755 1590 4812 οἱ
1628 4743 1806 4815 λοιποῖ
1837 4759 1885 4816 οἱ

284 4829 367 4910 μὴ
401 4833 694 4902 ἐλπίζοντες
723 4835 771 4869 ⁴⁷
803 4834 1118 4896 ἀνάστασιν.

850 4949 1136 5009 ΚΕΦΑΛ.
1192 4949 1281 5014 Ε’.

374 5081 403 5112 α
438 5056 574 5141 Περὶ
603 5059 657 5153 ἀὲ
699 5061 804 5118 τῶν
848 5060 1052 5153 χρόνων
1092 5064 1184 5123 καὶ
1214 5067 1316 5123 τῶν
1346 5069 1574 5148 καιρῶν,
1618 5069 1835 5153 ἀδελφοὶ
1858 5117 1874 5144 ,

277 5149 560 5242 οὖχρείαν
599 5147 748 5231 ἔχετε
775 5151 1069 5242 γράφεσθαι
1091 5156 1234 5231 ὑμῖν.
1265 5177 1294 5213 ››
1338 5157 1599 5238 Περιττὸν
1626 5160 1732 5242 γάρ
1759 5147 1876 5221 ἔστι

275 5235 375 5296 καὶ
433 5237 740 5320 ἀσύμφορον
788 5241 847 5300 τὸ
892 5239 1013 5312 τοὺς
1055 5242 1268 5324 καιροὺς
1333 5235 1435 5304 καί
1483 5247 1602 5316 τοὺς
1639 5235 1877 5330 *χρόνους

275 5333 380 5416 τῆς
409 5329 706 5398 συντελείας
737 5329 953 5392 εἰδέναι.
992 5333 1100 5392 Καὶ
1142 5332 1242 5416 γὰρ
1267 5333 1384 5396 οὐδὲ
1415 5345 1524 5406 τοῖς
1558 5329 1874 5410 ἀποστόλοις

273 5415 570 5500 ἕξεκάλυψε
611 5425 766 5480 τοῦτο
809 5423 837 5480 ὃ
887 5419 1113 5505 Κύριος,
1161 5415 1249 5484 ὅτε
1296 5426 1599 5507 προσιόντες
1649 5431 1874 5512 ἠρώτων

355 5518 380 5557 ¹¹
411 5529 538 5583 Act.
571 5542 618 5596 ι,
650 5535 698 5584 7.

2066 4658 2246 4715 Vnus.
2289 4663 2374 4715 18.
2424 4663 2618 4730 Itaque
2653 4659 3000 4716 consolumini
3045 4661 3270 4716 invicem
3320 4663 3376 4718 in
3412 4665 3587 4721 verbis

1995 4747 2136 4802 istis.
2168 4749 2250 4804 Ut
2274 4763 2389 4805 non
2424 4747 2856 4818 conturbemini,
2895 4757 3225 4808 caeterorum
3269 4751 3460 4824 instar,
3490 4754 3585 4828 qui

1989 4837 2451 4895 resurrectionem
2478 4854 2591 4896 non
2619 4847 2864 4912 sperant.

2634 4969 2875 5026 CAPUT
2895 4972 2954 5024 V.

2058 5087 2242 5144 Vens.
2282 5092 2328 5142 l.
2358 5092 2432 5144 De
2473 5091 2798 5160 temporibus
2830 5096 3011 5147 autem
3041 5097 3091 5148 et
3132 5096 3429 5157 momentis,
3462 5098 3586 5164 fra-

1989 5181 2120 5240 tres,
2161 5193 2268 5232 non
2296 5179 2550 5247 indigetis
2581 5185 2648 5235 ut
2688 5181 2983 5237 scribamus
3029 5183 3199 5239 vobis.
3249 5185 3586 5256 Supervaca-

1986 5281 2154 5324 neum
2179 5266 2331 5324 enim
2355 5276 2438 5325 est
2466 5277 2521 5325 et
2546 5268 2766 5337 inutile,
2795 5278 3040 5344 tempora
3068 5282 3123 5330 et
3150 5283 3432 5331 momenta
3460 5291 3590 5331 con-

1983 5356 2374 5414 summationis
2409 5357 2662 5415 novisset
2728 5361 2869 5416 Nam
2919 5377 3094 5434 neque
3161 5364 3422 5436 apostolis
3479 5363 3584 5422 hoc

1981 5445 2242 5502 revelavit
2278 5446 2571 5518 Dominus,
2617 5449 2839 5522 quando
2888 5451 3208 5511 accedentes
3251 5453 3434 5527 ipsum
3487 5469 3580 5511 ro-

1668 5621 1853 5684 Variae
1895 5625 2202 5693 lectiones.

355 5703 396 5740 “
431 5714 614 5781 πρῶτοι
647 5727 700 5768 ο.
779 5709 820 5746 ⁸⁵
845 5711 973 5786 ὁμοῦ
1000 5730 1060 5772 ο.
1142 5715 1186 5750 ’⁸⁸
1215 5717 1491 5786 καταϐῆναι
1519 5736 1574 5778 o.
1607 5719 1652 5756 ⁸⁷
1685 5720 1889 5794 ἔχοντες
1917 5740 1972 5782 ο.
