  <div class='ocr_page' id='page_1' title='image "/cluster/home/n/w/nwhite01/storage/ocr_20150623/124:no.2/coo.31924054870294/665.png"; bbox 0 0 4104 6450; ppageno 0'>
   <div class='ocr_carea' id='block_1_1' title="bbox 562 427 697 481">
    <p class='ocr_par' dir='ltr' id='par_1_1' title="bbox 562 427 697 481">
     <span class='ocr_line' id='line_1_1' title="bbox 562 427 697 481; baseline -0.007 0"><span class='ocrx_word' id='word_1_1' title='bbox 562 427 697 481; x_wconf 75' lang='grc'><strong>1315</strong></span> 
     </span>
    </p>
   </div>
   <div class='ocr_carea' id='block_1_2' title="bbox 1573 412 2843 471">
    <p class='ocr_par' dir='ltr' id='par_1_2' title="bbox 1573 412 2843 471">
     <span class='ocr_line' id='line_1_2' title="bbox 1573 412 2843 471; baseline 0 -1"><span class='ocrx_word' id='word_1_2' title='bbox 1573 417 1614 470; x_wconf 91' lang='grc' dir='ltr'>Τ</span> <span class='ocrx_word' id='word_1_3' title='bbox 1618 414 2088 471; x_wconf 78' lang='lat' dir='ltr'><strong>HEOPHYLACTI</strong></span> <span class='ocrx_word' id='word_1_4' title='bbox 2129 412 2488 470; x_wconf 70' lang='lat' dir='ltr'><strong>BULGABIE</strong></span> <span class='ocrx_word' id='word_1_5' title='bbox 2524 413 2843 470; x_wconf 81' lang='lat' dir='ltr'><strong>ARCHIEP.</strong></span> 
     </span>
    </p>
   </div>
   <div class='ocr_carea' id='block_1_3' title="bbox 3725 427 3848 481">
    <p class='ocr_par' dir='ltr' id='par_1_3' title="bbox 3725 427 3848 481">
     <span class='ocr_line' id='line_1_3' title="bbox 3725 427 3848 481; baseline 0 -1"><span class='ocrx_word' id='word_1_6' title='bbox 3725 427 3848 481; x_wconf 80' lang='grc'><strong>1316</strong></span> 
     </span>
    </p>
   </div>
   <div class='ocr_carea' id='block_1_4' title="bbox 554 538 2137 626">
    <p class='ocr_par' dir='ltr' id='par_1_4' title="bbox 554 538 2137 623">
     <span class='ocr_line' id='line_1_4' title="bbox 554 538 2137 623; baseline -0.007 -18"><span class='ocrx_word' id='word_1_7' title='bbox 554 556 765 623; x_wconf 85' lang='lat' dir='ltr'><strong>garent.</strong></span> <span class='ocrx_word' id='word_1_8' title='bbox 832 545 1035 602; x_wconf 84' lang='lat' dir='ltr'><strong>Paulus</strong></span> <span class='ocrx_word' id='word_1_9' title='bbox 1101 551 1290 600; x_wconf 88' lang='lat' dir='ltr'><strong>autem</strong></span> <span class='ocrx_word' id='word_1_10' title='bbox 1336 542 1569 598; x_wconf 83' lang='lat' dir='ltr'><strong>fortasse</strong></span> <span class='ocrx_word' id='word_1_11' title='bbox 1608 555 1670 596; x_wconf 87' lang='lat' dir='ltr'><strong>ex</strong></span> <span class='ocrx_word' id='word_1_12' title='bbox 1714 539 1928 596; x_wconf 88' lang='lat' dir='ltr'><strong>arcanis</strong></span> <span class='ocrx_word' id='word_1_13' title='bbox 1976 538 2137 594; x_wconf 66' lang='lat' dir='ltr'><strong>verbis</strong></span> 
     </span>
    </p>
   </div>
   <div class='ocr_carea' id='block_1_5' title="bbox 2247 538 3848 626">
    <p class='ocr_par' dir='ltr' id='par_1_5' title="bbox 2258 538 3848 626">
     <span class='ocr_line' id='line_1_5' title="bbox 2258 538 3848 626; baseline 0.006 -30"><span class='ocrx_word' id='word_1_14' title='bbox 2258 538 2439 599; x_wconf 83' lang='grc' dir='ltr'>αὐτόν.</span> <span class='ocrx_word' id='word_1_15' title='bbox 2496 543 2708 608; x_wconf 98' lang='grc' dir='ltr'>Παῦλος</span> <span class='ocrx_word' id='word_1_16' title='bbox 2739 539 2795 599; x_wconf 81' lang='grc' dir='ltr'>δὲ</span> <span class='ocrx_word' id='word_1_17' title='bbox 2826 542 2885 599; x_wconf 75' lang='grc' dir='ltr'>ἐκ</span> <span class='ocrx_word' id='word_1_18' title='bbox 2915 543 3018 600; x_wconf 88' lang='grc' dir='ltr'><strong>τῶν</strong></span> <span class='ocrx_word' id='word_1_19' title='bbox 3067 540 3319 624; x_wconf 79' lang='grc' dir='ltr'>ἀῤῥήτων</span> <span class='ocrx_word' id='word_1_20' title='bbox 3363 545 3620 626; x_wconf 82' lang='grc' dir='ltr'>ῥημάτων</span> <span class='ocrx_word' id='word_1_21' title='bbox 3667 546 3848 626; x_wconf 83' lang='grc' dir='ltr'>ἔμαθεν</span> 
     </span>
    </p>
   </div>
   <div class='ocr_carea' id='block_1_6' title="bbox 557 637 906 696">
    <p class='ocr_par' dir='ltr' id='par_1_6' title="bbox 557 637 906 696">
     <span class='ocr_line' id='line_1_6' title="bbox 557 637 906 696; baseline -0.009 -2"><span class='ocrx_word' id='word_1_22' title='bbox 557 639 662 696; x_wconf 90' lang='lat' dir='ltr'><strong>hoc</strong></span> <span class='ocrx_word' id='word_1_23' title='bbox 682 637 906 696; x_wconf 71' lang='lat' dir='ltr'><strong>didicit&quot;.</strong></span> 
     </span>
    </p>
   </div>
   <div class='ocr_carea' id='block_1_7' title="bbox 625 721 2157 796">
    <p class='ocr_par' dir='ltr' id='par_1_7' title="bbox 625 721 2157 796">
     <span class='ocr_line' id='line_1_7' title="bbox 625 721 2157 796; baseline -0.005 -12"><span class='ocrx_word' id='word_1_24' title='bbox 625 731 805 785; x_wconf 77' lang='lat' dir='ltr'><strong>Vens.</strong></span> <span class='ocrx_word' id='word_1_25' title='bbox 846 732 898 781; x_wconf 81' lang='grc'><strong>2.</strong></span> <span class='ocrx_word' id='word_1_26' title='bbox 939 728 1050 796; x_wconf 82' lang='lat' dir='ltr'><strong>Ipsi</strong></span> <span class='ocrx_word' id='word_1_27' title='bbox 1077 727 1220 779; x_wconf 86' lang='lat' dir='ltr'><strong>enim</strong></span> <span class='ocrx_word' id='word_1_28' title='bbox 1257 727 1440 778; x_wconf 70' lang='lat' dir='ltr'><strong>emacte</strong></span> <span class='ocrx_word' id='word_1_29' title='bbox 1488 724 1677 784; x_wconf 80' lang='lat' dir='ltr'><strong>nostis,</strong></span> <span class='ocrx_word' id='word_1_30' title='bbox 1706 721 1850 791; x_wconf 82' lang='lat' dir='ltr'><strong>quod</strong></span> <span class='ocrx_word' id='word_1_31' title='bbox 1892 722 2007 776; x_wconf 81' lang='lat' dir='ltr'><strong>dies</strong></span> <span class='ocrx_word' id='word_1_32' title='bbox 2051 723 2157 776; x_wconf 89' lang='lat' dir='ltr'><strong>Do-</strong></span> 
     </span>
    </p>
   </div>
   <div class='ocr_carea' id='block_1_8' title="bbox 556 810 2156 886">
    <p class='ocr_par' dir='ltr' id='par_1_8' title="bbox 556 810 2156 886">
     <span class='ocr_line' id='line_1_8' title="bbox 556 810 2156 886; baseline -0.006 -11"><span class='ocrx_word' id='word_1_33' title='bbox 556 822 711 883; x_wconf 89' lang='lat' dir='ltr'><strong>mini,</strong></span> <span class='ocrx_word' id='word_1_34' title='bbox 734 821 872 873; x_wconf 85' lang='lat' dir='ltr'><strong>sicut</strong></span> <span class='ocrx_word' id='word_1_35' title='bbox 890 821 988 886; x_wconf 80' lang='lat' dir='ltr'><strong>fur</strong></span> <span class='ocrx_word' id='word_1_36' title='bbox 1005 818 1065 870; x_wconf 89' lang='lat' dir='ltr'><strong>in</strong></span> <span class='ocrx_word' id='word_1_37' title='bbox 1091 820 1260 877; x_wconf 87' lang='lat' dir='ltr'><strong>nocte,</strong></span> <span class='ocrx_word' id='word_1_38' title='bbox 1284 817 1363 868; x_wconf 77' lang='lat' dir='ltr'><strong>ita.</strong></span> <span class='ocrx_word' id='word_1_39' title='bbox 1385 814 1582 868; x_wconf 84' lang='lat' dir='ltr'><strong>veniet.</strong></span> <span class='ocrx_word' id='word_1_40' title='bbox 1611 813 1714 867; x_wconf 89' lang='lat' dir='ltr'><strong>Per</strong></span> <span class='ocrx_word' id='word_1_41' title='bbox 1739 811 1888 868; x_wconf 88' lang='lat' dir='ltr'><strong>diem</strong></span> <span class='ocrx_word' id='word_1_42' title='bbox 1911 810 2156 878; x_wconf 86' lang='lat' dir='ltr'><strong>Domini,</strong></span> 
     </span>
    </p>
   </div>
   <div class='ocr_carea' id='block_1_9' title="bbox 555 900 2155 974">
    <p class='ocr_par' dir='ltr' id='par_1_9' title="bbox 555 900 2155 974">
     <span class='ocr_line' id='line_1_9' title="bbox 555 900 2155 974; baseline -0.007 -8"><span class='ocrx_word' id='word_1_43' title='bbox 555 919 608 967; x_wconf 88' lang='lat' dir='ltr'><strong>et</strong></span> <span class='ocrx_word' id='word_1_44' title='bbox 652 921 1008 964; x_wconf 86' lang='lat' dir='ltr'><strong>communem</strong></span> <span class='ocrx_word' id='word_1_45' title='bbox 1057 903 1329 968; x_wconf 90' lang='lat' dir='ltr'><strong>omnium,</strong></span> <span class='ocrx_word' id='word_1_46' title='bbox 1375 910 1428 958; x_wconf 88' lang='lat' dir='ltr'><strong>et</strong></span> <span class='ocrx_word' id='word_1_47' title='bbox 1457 900 1848 974; x_wconf 87' lang='lat' dir='ltr'><strong>particularem</strong></span> <span class='ocrx_word' id='word_1_48' title='bbox 1892 901 2155 956; x_wconf 88' lang='lat' dir='ltr'><strong>uniuscu-</strong></span> 
     </span>
    </p>
   </div>
   <div class='ocr_carea' id='block_1_10' title="bbox 543 991 2155 1070">
    <p class='ocr_par' dir='ltr' id='par_1_10' title="bbox 543 991 2155 1070">
     <span class='ocr_line' id='line_1_10' title="bbox 543 991 2155 1070; baseline -0.006 -14"><span class='ocrx_word' id='word_1_49' title='bbox 543 999 750 1070; x_wconf 86' lang='lat' dir='ltr'><strong>jusque</strong></span> <span class='ocrx_word' id='word_1_50' title='bbox 774 997 941 1052; x_wconf 83' lang='lat' dir='ltr'><strong>ﬁnem</strong></span> <span class='ocrx_word' id='word_1_51' title='bbox 972 995 1253 1066; x_wconf 92' lang='lat' dir='ltr'><strong>intelliges.</strong></span> <span class='ocrx_word' id='word_1_52' title='bbox 1282 996 1421 1049; x_wconf 85' lang='lat' dir='ltr'><strong>Nam</strong></span> <span class='ocrx_word' id='word_1_53' title='bbox 1449 1001 1505 1048; x_wconf 91' lang='lat' dir='ltr'><strong>et</strong></span> <span class='ocrx_word' id='word_1_54' title='bbox 1530 993 1632 1046; x_wconf 91' lang='lat' dir='ltr'><strong>iste</strong></span> <span class='ocrx_word' id='word_1_55' title='bbox 1667 991 1872 1046; x_wconf 87' lang='lat' dir='ltr'><strong>incerto</strong></span> <span class='ocrx_word' id='word_1_56' title='bbox 1900 997 2155 1062; x_wconf 92' lang='lat' dir='ltr'><strong>tempore</strong></span> 
     </span>
    </p>
   </div>
   <div class='ocr_carea' id='block_1_11' title="bbox 551 1079 2153 1161">
    <p class='ocr_par' dir='ltr' id='par_1_11' title="bbox 551 1079 2153 1161">
     <span class='ocr_line' id='line_1_11' title="bbox 551 1079 2153 1161; baseline -0.007 -17"><span class='ocrx_word' id='word_1_57' title='bbox 551 1087 781 1161; x_wconf 82' lang='lat' dir='ltr'><strong>singulis</strong></span> <span class='ocrx_word' id='word_1_58' title='bbox 838 1086 1115 1142; x_wconf 86' lang='lat' dir='ltr'><strong>imminet.</strong></span> <span class='ocrx_word' id='word_1_59' title='bbox 1183 1085 1305 1138; x_wconf 86' lang='lat' dir='ltr'><strong>Hoc</strong></span> <span class='ocrx_word' id='word_1_60' title='bbox 1363 1080 1515 1137; x_wconf 90' lang='lat' dir='ltr'><strong>enim</strong></span> <span class='ocrx_word' id='word_1_61' title='bbox 1577 1080 1740 1137; x_wconf 92' lang='lat' dir='ltr'><strong>nobis</strong></span> <span class='ocrx_word' id='word_1_62' title='bbox 1790 1079 2153 1136; x_wconf 79' lang='lat' dir='ltr'><strong>multifariam</strong></span> 
     </span>
    </p>
   </div>
   <div class='ocr_carea' id='block_1_12' title="bbox 553 1169 2152 1249">
    <p class='ocr_par' dir='ltr' id='par_1_12' title="bbox 553 1169 2152 1249">
     <span class='ocr_line' id='line_1_12' title="bbox 553 1169 2152 1249; baseline -0.006 -15"><span class='ocrx_word' id='word_1_63' title='bbox 553 1177 791 1249; x_wconf 85' lang='lat' dir='ltr'><strong>prodest.</strong></span> <span class='ocrx_word' id='word_1_64' title='bbox 838 1174 1086 1232; x_wconf 89' lang='lat' dir='ltr'><strong>Primum</strong></span> <span class='ocrx_word' id='word_1_65' title='bbox 1117 1171 1362 1245; x_wconf 86' lang='lat' dir='ltr'><strong>quidem,</strong></span> <span class='ocrx_word' id='word_1_66' title='bbox 1393 1171 1516 1244; x_wconf 87' lang='lat' dir='ltr'><strong>quia</strong></span> <span class='ocrx_word' id='word_1_67' title='bbox 1548 1171 1590 1227; x_wconf 91' lang='lat' dir='ltr'><strong>si</strong></span> <span class='ocrx_word' id='word_1_68' title='bbox 1631 1169 1868 1226; x_wconf 86' lang='lat' dir='ltr'><strong>novisset</strong></span> <span class='ocrx_word' id='word_1_69' title='bbox 1896 1169 2152 1225; x_wconf 84' lang='lat' dir='ltr'><strong>ultimum</strong></span> 
     </span>
    </p>
   </div>
   <div class='ocr_carea' id='block_1_13' title="bbox 547 1261 2155 1332">
    <p class='ocr_par' dir='ltr' id='par_1_13' title="bbox 547 1261 2155 1332">
     <span class='ocr_line' id='line_1_13' title="bbox 547 1261 2155 1332; baseline -0.006 -9"><span class='ocrx_word' id='word_1_70' title='bbox 547 1283 707 1323; x_wconf 91' lang='lat' dir='ltr'><strong>suum</strong></span> <span class='ocrx_word' id='word_1_71' title='bbox 753 1265 897 1322; x_wconf 90' lang='lat' dir='ltr'><strong>diem</strong></span> <span class='ocrx_word' id='word_1_72' title='bbox 943 1264 1132 1332; x_wconf 91' lang='lat' dir='ltr'><strong>homo,</strong></span> <span class='ocrx_word' id='word_1_73' title='bbox 1189 1262 1328 1318; x_wconf 88' lang='lat' dir='ltr'><strong>nihil</strong></span> <span class='ocrx_word' id='word_1_74' title='bbox 1383 1277 1498 1316; x_wconf 90' lang='lat' dir='ltr'><strong>non</strong></span> <span class='ocrx_word' id='word_1_75' title='bbox 1553 1261 1820 1316; x_wconf 89' lang='lat' dir='ltr'><strong>scelerum</strong></span> <span class='ocrx_word' id='word_1_76' title='bbox 1863 1268 2155 1316; x_wconf 81' lang='lat' dir='ltr'><strong>conaretur</strong></span> 
     </span>
    </p>
   </div>
   <div class='ocr_carea' id='block_1_14' title="bbox 557 1348 2151 1428">
    <p class='ocr_par' dir='ltr' id='par_1_14' title="bbox 557 1348 2151 1428">
     <span class='ocr_line' id='line_1_14' title="bbox 557 1348 2151 1428; baseline -0.006 -15"><span class='ocrx_word' id='word_1_77' title='bbox 557 1365 778 1428; x_wconf 89' lang='lat' dir='ltr'><strong>patrare</strong></span> <span class='ocrx_word' id='word_1_78' title='bbox 841 1355 956 1410; x_wconf 90' lang='lat' dir='ltr'><strong>aliis</strong></span> <span class='ocrx_word' id='word_1_79' title='bbox 994 1352 1207 1419; x_wconf 89' lang='lat' dir='ltr'><strong>diebus,</strong></span> <span class='ocrx_word' id='word_1_80' title='bbox 1275 1350 1471 1407; x_wconf 92' lang='lat' dir='ltr'><strong>deinde</strong></span> <span class='ocrx_word' id='word_1_81' title='bbox 1519 1349 1626 1406; x_wconf 80' lang='lat' dir='ltr'><strong>ﬁne</strong></span> <span class='ocrx_word' id='word_1_82' title='bbox 1692 1349 1816 1406; x_wconf 78' lang='lat' dir='ltr'><strong>vitae</strong></span> <span class='ocrx_word' id='word_1_83' title='bbox 1855 1348 2151 1421; x_wconf 90' lang='lat' dir='ltr'><strong>appropin-</strong></span> 
     </span>
    </p>
   </div>
   <div class='ocr_carea' id='block_1_15' title="bbox 559 1438 2152 1518">
    <p class='ocr_par' dir='ltr' id='par_1_15' title="bbox 559 1438 2152 1518">
     <span class='ocr_line' id='line_1_15' title="bbox 559 1438 2152 1518; baseline -0.004 -16"><span class='ocrx_word' id='word_1_84' title='bbox 559 1455 764 1518; x_wconf 89' lang='lat' dir='ltr'><strong>quante</strong></span> <span class='ocrx_word' id='word_1_85' title='bbox 803 1443 1187 1514; x_wconf 78' lang='lat' dir='ltr'><strong>baptizaretur.</strong></span> <span class='ocrx_word' id='word_1_86' title='bbox 1236 1440 1473 1511; x_wconf 87' lang='lat' dir='ltr'><strong>Deinde,</strong></span> <span class='ocrx_word' id='word_1_87' title='bbox 1505 1440 1771 1511; x_wconf 89' lang='lat' dir='ltr'><strong>plerique,</strong></span> <span class='ocrx_word' id='word_1_88' title='bbox 1799 1438 1843 1494; x_wconf 91' lang='lat' dir='ltr'><strong>si</strong></span> <span class='ocrx_word' id='word_1_89' title='bbox 1873 1439 2152 1496; x_wconf 87' lang='lat' dir='ltr'><strong>novissent</strong></span> 
     </span>
    </p>
   </div>
   <div class='ocr_carea' id='block_1_16' title="bbox 551 1528 2152 1597">
    <p class='ocr_par' dir='ltr' id='par_1_16' title="bbox 551 1528 2152 1597">
     <span class='ocr_line' id='line_1_16' title="bbox 551 1528 2152 1597; baseline -0.003 -8"><span class='ocrx_word' id='word_1_90' title='bbox 551 1535 607 1590; x_wconf 91' lang='lat' dir='ltr'><strong>in</strong></span> <span class='ocrx_word' id='word_1_91' title='bbox 675 1532 977 1589; x_wconf 91' lang='lat' dir='ltr'><strong>crastinum</strong></span> <span class='ocrx_word' id='word_1_92' title='bbox 1047 1547 1165 1587; x_wconf 88' lang='lat' dir='ltr'><strong>sese</strong></span> <span class='ocrx_word' id='word_1_93' title='bbox 1229 1529 1368 1586; x_wconf 83' lang='lat' dir='ltr'><strong>forte</strong></span> <span class='ocrx_word' id='word_1_94' title='bbox 1445 1528 1768 1597; x_wconf 90' lang='lat' dir='ltr'><strong>morituros,</strong></span> <span class='ocrx_word' id='word_1_95' title='bbox 1851 1528 2152 1584; x_wconf 89' lang='lat' dir='ltr'><strong>innumeris</strong></span> 
     </span>
    </p>
   </div>
   <div class='ocr_carea' id='block_1_17' title="bbox 547 1617 2150 1693">
    <p class='ocr_par' dir='ltr' id='par_1_17' title="bbox 547 1617 2150 1693">
     <span class='ocr_line' id='line_1_17' title="bbox 547 1617 2150 1693; baseline -0.004 -13"><span class='ocrx_word' id='word_1_96' title='bbox 547 1623 713 1680; x_wconf 89' lang='lat' dir='ltr'><strong>malis</strong></span> <span class='ocrx_word' id='word_1_97' title='bbox 751 1623 934 1678; x_wconf 86' lang='lat' dir='ltr'><strong>hostes</strong></span> <span class='ocrx_word' id='word_1_98' title='bbox 980 1620 1309 1693; x_wconf 77' lang='lat' dir='ltr'><strong>aﬂligerent,</strong></span> <span class='ocrx_word' id='word_1_99' title='bbox 1357 1627 1630 1690; x_wconf 84' lang='lat' dir='ltr'><strong>tanquam</strong></span> <span class='ocrx_word' id='word_1_100' title='bbox 1680 1618 1796 1691; x_wconf 91' lang='lat' dir='ltr'><strong>jam</strong></span> <span class='ocrx_word' id='word_1_101' title='bbox 1841 1617 1908 1674; x_wconf 94' lang='lat' dir='ltr'><strong>de</strong></span> <span class='ocrx_word' id='word_1_102' title='bbox 1954 1617 2150 1690; x_wconf 84' lang='lat' dir='ltr'><strong>seipsis</strong></span> 
     </span>
    </p>
   </div>
   <div class='ocr_carea' id='block_1_18' title="bbox 545 1707 2149 1784">
    <p class='ocr_par' dir='ltr' id='par_1_18' title="bbox 545 1707 2149 1784">
     <span class='ocr_line' id='line_1_18' title="bbox 545 1707 2149 1784; baseline -0.003 -16"><span class='ocrx_word' id='word_1_103' title='bbox 545 1711 913 1784; x_wconf 87' lang='lat' dir='ltr'><strong>desperantes,</strong></span> <span class='ocrx_word' id='word_1_104' title='bbox 959 1709 1314 1782; x_wconf 88' lang='lat' dir='ltr'><strong>hostiumque</strong></span> <span class='ocrx_word' id='word_1_105' title='bbox 1359 1708 1625 1781; x_wconf 81' lang='lat' dir='ltr'><strong>sanguine</strong></span> <span class='ocrx_word' id='word_1_106' title='bbox 1682 1724 1741 1764; x_wconf 91' lang='lat' dir='ltr'><strong>se</strong></span> <span class='ocrx_word' id='word_1_107' title='bbox 1771 1707 1987 1780; x_wconf 83' lang='lat' dir='ltr'><strong>explere</strong></span> <span class='ocrx_word' id='word_1_108' title='bbox 2047 1724 2149 1763; x_wconf 93' lang='lat' dir='ltr'><strong>cu-</strong></span> 
     </span>
    </p>
   </div>
   <div class='ocr_carea' id='block_1_19' title="bbox 546 1797 2145 1874">
    <p class='ocr_par' dir='ltr' id='par_1_19' title="bbox 546 1797 2145 1874">
     <span class='ocr_line' id='line_1_19' title="bbox 546 1797 2145 1874; baseline -0.002 -17"><span class='ocrx_word' id='word_1_109' title='bbox 546 1801 754 1874; x_wconf 85' lang='lat' dir='ltr'><strong>pientes</strong></span> <span class='ocrx_word' id='word_1_110' title='bbox 800 1819 814 1856; x_wconf 91' lang='lat'><strong>:</strong></span> <span class='ocrx_word' id='word_1_111' title='bbox 856 1799 1004 1874; x_wconf 90' lang='lat' dir='ltr'><strong>quod</strong></span> <span class='ocrx_word' id='word_1_112' title='bbox 1049 1816 1193 1856; x_wconf 90' lang='lat' dir='ltr'><strong>nunc</strong></span> <span class='ocrx_word' id='word_1_113' title='bbox 1248 1815 1359 1856; x_wconf 89' lang='lat' dir='ltr'><strong>non</strong></span> <span class='ocrx_word' id='word_1_114' title='bbox 1411 1799 1496 1865; x_wconf 84' lang='lat' dir='ltr'><strong>ﬁt,</strong></span> <span class='ocrx_word' id='word_1_115' title='bbox 1544 1797 1744 1854; x_wconf 90' lang='lat' dir='ltr'><strong>mortis</strong></span> <span class='ocrx_word' id='word_1_116' title='bbox 1787 1806 2000 1854; x_wconf 88' lang='lat' dir='ltr'><strong>terrore</strong></span> <span class='ocrx_word' id='word_1_117' title='bbox 2048 1813 2145 1854; x_wconf 91' lang='lat' dir='ltr'><strong>eos</strong></span> 
     </span>
    </p>
   </div>
   <div class='ocr_carea' id='block_1_20' title="bbox 2269 626 2821 697">
    <p class='ocr_par' dir='ltr' id='par_1_20' title="bbox 2269 626 2821 697">
     <span class='ocr_line' id='line_1_20' title="bbox 2269 626 2821 697; baseline 0.004 -11"><span class='ocrx_word' id='word_1_118' title='bbox 2269 626 2334 687; x_wconf 77' lang='grc' dir='ltr'><strong>ἂν</strong></span> <span class='ocrx_word' id='word_1_119' title='bbox 2363 628 2492 697; x_wconf 85' lang='grc' dir='ltr'><strong>ἴσως</strong></span> <span class='ocrx_word' id='word_1_120' title='bbox 2523 629 2614 687; x_wconf 81' lang='grc' dir='ltr'>καὶ</span> <span class='ocrx_word' id='word_1_121' title='bbox 2645 634 2821 689; x_wconf 88' lang='grc' dir='ltr'>τοῦτο.</span> 
     </span>
    </p>
   </div>
   <div class='ocr_carea' id='block_1_21' title="bbox 2351 718 3845 806">
    <p class='ocr_par' dir='ltr' id='par_1_21' title="bbox 2351 718 3845 806">
     <span class='ocr_line' id='line_1_21' title="bbox 2351 718 3845 806; baseline 0.008 -32"><span class='ocrx_word' id='word_1_122' title='bbox 2351 742 2381 774; x_wconf 78' lang='grc' dir='ltr'><strong>α</strong></span> <span class='ocrx_word' id='word_1_123' title='bbox 2416 720 2578 779; x_wconf 80' lang='grc' dir='ltr'><strong>Αὐτοὶ</strong></span> <span class='ocrx_word' id='word_1_124' title='bbox 2611 718 2715 800; x_wconf 81' lang='grc' dir='ltr'>γὰρ</span> <span class='ocrx_word' id='word_1_125' title='bbox 2743 718 2976 800; x_wconf 81' lang='grc' dir='ltr'>ἀκριϐῶς</span> <span class='ocrx_word' id='word_1_126' title='bbox 3017 719 3192 781; x_wconf 80' lang='grc' dir='ltr'><strong>οἴδατε</strong></span> <span class='ocrx_word' id='word_1_127' title='bbox 3210 764 3228 794; x_wconf 86' lang='grc'><strong>,</strong></span> <span class='ocrx_word' id='word_1_128' title='bbox 3258 720 3338 782; x_wconf 75' lang='grc' dir='ltr'>ὅτι</span> <span class='ocrx_word' id='word_1_129' title='bbox 3367 727 3401 796; x_wconf 82' lang='grc' dir='ltr'>ἡ</span> <span class='ocrx_word' id='word_1_130' title='bbox 3432 725 3608 806; x_wconf 76' lang='grc' dir='ltr'>ἡμέρα</span> <span class='ocrx_word' id='word_1_131' title='bbox 3634 727 3845 806; x_wconf 83' lang='grc' dir='ltr'><strong>Κυρίου,</strong></span> 
     </span>
    </p>
   </div>
   <div class='ocr_carea' id='block_1_22' title="bbox 2265 808 3845 895">
    <p class='ocr_par' dir='ltr' id='par_1_22' title="bbox 2265 808 3845 895">
     <span class='ocr_line' id='line_1_22' title="bbox 2265 808 3845 895; baseline 0.008 -31"><span class='ocrx_word' id='word_1_132' title='bbox 2265 809 2334 874; x_wconf 79' lang='grc' dir='ltr'>ὥς</span> <span class='ocrx_word' id='word_1_133' title='bbox 2387 808 2622 878; x_wconf 85' lang='grc' dir='ltr'>κλέπτης</span> <span class='ocrx_word' id='word_1_134' title='bbox 2691 813 2743 869; x_wconf 82' lang='grc' dir='ltr'>ἐν</span> <span class='ocrx_word' id='word_1_135' title='bbox 2817 811 3006 884; x_wconf 75' lang='grc' dir='ltr'>νυκτὶ,</span> <span class='ocrx_word' id='word_1_136' title='bbox 3066 810 3232 878; x_wconf 78' lang='grc' dir='ltr'>οὕτως</span> <span class='ocrx_word' id='word_1_137' title='bbox 3283 812 3525 895; x_wconf 75' lang='grc' dir='ltr'>ἔρχεται.</span> <span class='ocrx_word' id='word_1_138' title='bbox 3587 839 3617 872; x_wconf 69' lang='grc' dir='ltr'><strong>ν</strong></span> <span class='ocrx_word' id='word_1_139' title='bbox 3678 815 3845 891; x_wconf 86' lang='grc' dir='ltr'><strong>Ἦμέ-</strong></span> 
     </span>
    </p>
   </div>
   <div class='ocr_carea' id='block_1_23' title="bbox 2267 897 3848 978">
    <p class='ocr_par' dir='ltr' id='par_1_23' title="bbox 2267 897 3848 978">
     <span class='ocr_line' id='line_1_23' title="bbox 2267 897 3848 978; baseline 0.006 -23"><span class='ocrx_word' id='word_1_140' title='bbox 2267 920 2361 976; x_wconf 91' lang='grc' dir='ltr'><strong>ραν</strong></span> <span class='ocrx_word' id='word_1_141' title='bbox 2445 897 2643 978; x_wconf 79' lang='grc' dir='ltr'><strong>Κυρίου</strong></span> <span class='ocrx_word' id='word_1_142' title='bbox 2713 898 2806 957; x_wconf 76' lang='grc' dir='ltr'><strong>καὶ</strong></span> <span class='ocrx_word' id='word_1_143' title='bbox 2878 898 2975 972; x_wconf 82' lang='grc' dir='ltr'><strong>τὴν</strong></span> <span class='ocrx_word' id='word_1_144' title='bbox 3071 899 3254 975; x_wconf 81' lang='grc' dir='ltr'>κοινὴν</span> <span class='ocrx_word' id='word_1_145' title='bbox 3332 902 3670 977; x_wconf 73' lang='grc' dir='ltr'>συντέλειαν,</span> <span class='ocrx_word' id='word_1_146' title='bbox 3767 908 3848 964; x_wconf 86' lang='grc' dir='ltr'><strong>καὶ</strong></span> 
     </span>
    </p>
   </div>
   <div class='ocr_carea' id='block_1_24' title="bbox 2261 984 3844 1071">
    <p class='ocr_par' dir='ltr' id='par_1_24' title="bbox 2261 984 3844 1071">
     <span class='ocr_line' id='line_1_24' title="bbox 2261 984 3844 1071; baseline 0.004 -26"><span class='ocrx_word' id='word_1_147' title='bbox 2261 984 2361 1057; x_wconf 82' lang='grc' dir='ltr'><strong>τὴν</strong></span> <span class='ocrx_word' id='word_1_148' title='bbox 2420 987 2557 1046; x_wconf 80' lang='grc' dir='ltr'>ἰδίαν</span> <span class='ocrx_word' id='word_1_149' title='bbox 2621 987 2846 1048; x_wconf 79' lang='grc' dir='ltr'><strong>ἑκάστου</strong></span> <span class='ocrx_word' id='word_1_150' title='bbox 2917 988 3160 1061; x_wconf 76' lang='grc' dir='ltr'>νοήσεις’</span> <span class='ocrx_word' id='word_1_151' title='bbox 3241 991 3334 1052; x_wconf 81' lang='grc' dir='ltr'><strong>καὶ</strong></span> <span class='ocrx_word' id='word_1_152' title='bbox 3383 993 3488 1071; x_wconf 71' lang='grc' dir='ltr'>γὰρ</span> <span class='ocrx_word' id='word_1_153' title='bbox 3557 993 3647 1052; x_wconf 78' lang='grc' dir='ltr'><strong>καὶ</strong></span> <span class='ocrx_word' id='word_1_154' title='bbox 3723 995 3844 1067; x_wconf 69' lang='grc' dir='ltr'>αὕτη</span> 
     </span>
    </p>
   </div>
   <div class='ocr_carea' id='block_1_25' title="bbox 2264 1075 3846 1164">
    <p class='ocr_par' dir='ltr' id='par_1_25' title="bbox 2264 1075 3846 1164">
     <span class='ocr_line' id='line_1_25' title="bbox 2264 1075 3846 1164; baseline 0.006 -31"><span class='ocrx_word' id='word_1_155' title='bbox 2264 1075 2472 1148; x_wconf 79' lang='grc' dir='ltr'>ἀδήλως</span> <span class='ocrx_word' id='word_1_156' title='bbox 2515 1077 2731 1160; x_wconf 78' lang='grc' dir='ltr'>ἑκάστῳ</span> <span class='ocrx_word' id='word_1_157' title='bbox 2778 1077 2972 1140; x_wconf 86' lang='grc' dir='ltr'>ἔπεισι.</span> <span class='ocrx_word' id='word_1_158' title='bbox 3025 1082 3200 1140; x_wconf 88' lang='grc' dir='ltr'>Τοῦτο</span> <span class='ocrx_word' id='word_1_159' title='bbox 3253 1081 3358 1162; x_wconf 71' lang='grc' dir='ltr'><strong>γὰρ</strong></span> <span class='ocrx_word' id='word_1_160' title='bbox 3425 1082 3679 1164; x_wconf 81' lang='grc' dir='ltr'>συμφέρει</span> <span class='ocrx_word' id='word_1_161' title='bbox 3730 1086 3846 1158; x_wconf 77' lang='grc' dir='ltr'>ἡμῖν</span> 
     </span>
    </p>
   </div>
   <div class='ocr_carea' id='block_1_26' title="bbox 2261 1164 3844 1253">
    <p class='ocr_par' dir='ltr' id='par_1_26' title="bbox 2261 1164 3844 1253">
     <span class='ocr_line' id='line_1_26' title="bbox 2261 1164 3844 1253; baseline 0.006 -30"><span class='ocrx_word' id='word_1_162' title='bbox 2261 1164 2399 1224; x_wconf 82' lang='grc' dir='ltr'>κατὰ</span> <span class='ocrx_word' id='word_1_163' title='bbox 2450 1165 2678 1234; x_wconf 80' lang='grc' dir='ltr'>πολλοὺς</span> <span class='ocrx_word' id='word_1_164' title='bbox 2731 1167 2989 1248; x_wconf 80' lang='grc' dir='ltr'>τρόπους’</span> <span class='ocrx_word' id='word_1_165' title='bbox 3037 1173 3248 1248; x_wconf 86' lang='grc' dir='ltr'>πρῶτον</span> <span class='ocrx_word' id='word_1_166' title='bbox 3305 1171 3436 1248; x_wconf 80' lang='grc' dir='ltr'>μὲν,</span> <span class='ocrx_word' id='word_1_167' title='bbox 3498 1170 3580 1230; x_wconf 79' lang='grc' dir='ltr'>ὅτι</span> <span class='ocrx_word' id='word_1_168' title='bbox 3647 1173 3691 1230; x_wconf 83' lang='grc' dir='ltr'><strong>εἰ</strong></span> <span class='ocrx_word' id='word_1_169' title='bbox 3736 1173 3844 1253; x_wconf 79' lang='grc' dir='ltr'>ᾔδει</span> 
     </span>
    </p>
   </div>
   <div class='ocr_carea' id='block_1_27' title="bbox 2259 1254 3844 1339">
    <p class='ocr_par' dir='ltr' id='par_1_27' title="bbox 2259 1254 3844 1339">
     <span class='ocr_line' id='line_1_27' title="bbox 2259 1254 3844 1339; baseline 0.006 -28"><span class='ocrx_word' id='word_1_170' title='bbox 2259 1254 2355 1325; x_wconf 84' lang='grc' dir='ltr'><strong>τὴν</strong></span> <span class='ocrx_word' id='word_1_171' title='bbox 2405 1255 2638 1335; x_wconf 78' lang='grc' dir='ltr'>ἐσχάτην</span> <span class='ocrx_word' id='word_1_172' title='bbox 2691 1257 2898 1338; x_wconf 76' lang='grc' dir='ltr'>ἡμέραν</span> <span class='ocrx_word' id='word_1_173' title='bbox 2945 1259 3106 1317; x_wconf 76' lang='grc' dir='ltr'>αὐτοῦ</span> <span class='ocrx_word' id='word_1_174' title='bbox 3151 1262 3180 1318; x_wconf 99' lang='lat'><strong>6</strong></span> <span class='ocrx_word' id='word_1_175' title='bbox 3222 1260 3527 1339; x_wconf 80' lang='grc' dir='ltr'>ἄνθρωπος,</span> <span class='ocrx_word' id='word_1_176' title='bbox 3577 1269 3754 1323; x_wconf 70' lang='grc' dir='ltr'>πᾶσαν</span> <span class='ocrx_word' id='word_1_177' title='bbox 3787 1263 3844 1322; x_wconf 83' lang='grc' dir='ltr'><strong>ἂν</strong></span> 
     </span>
    </p>
   </div>
   <div class='ocr_carea' id='block_1_28' title="bbox 2260 1343 3841 1432">
    <p class='ocr_par' dir='ltr' id='par_1_28' title="bbox 2260 1343 3841 1432">
     <span class='ocr_line' id='line_1_28' title="bbox 2260 1343 3841 1432; baseline 0.007 -30"><span class='ocrx_word' id='word_1_178' title='bbox 2260 1344 2528 1424; x_wconf 80' lang='grc' dir='ltr'>ἁμαρτίαν</span> <span class='ocrx_word' id='word_1_179' title='bbox 2558 1347 2854 1408; x_wconf 77' lang='grc' dir='ltr'>ἐσπούδασε</span> <span class='ocrx_word' id='word_1_180' title='bbox 2885 1347 3100 1407; x_wconf 76' lang='grc' dir='ltr'>τελέσαι</span> <span class='ocrx_word' id='word_1_181' title='bbox 3138 1349 3235 1417; x_wconf 81' lang='grc' dir='ltr'><strong>τὰς</strong></span> <span class='ocrx_word' id='word_1_182' title='bbox 3262 1348 3432 1418; x_wconf 73' lang='grc' dir='ltr'>ἄλλας</span> <span class='ocrx_word' id='word_1_183' title='bbox 3466 1349 3670 1432; x_wconf 75' lang='grc' dir='ltr'>ἡμέρας</span> <span class='ocrx_word' id='word_1_184' title='bbox 3692 1395 3711 1428; x_wconf 90' lang='grc'><strong>,</strong></span> <span class='ocrx_word' id='word_1_185' title='bbox 3735 1343 3841 1412; x_wconf 78' lang='grc' dir='ltr'>εἶτα</span> 
     </span>
    </p>
   </div>
   <div class='ocr_carea' id='block_1_29' title="bbox 2258 1433 3841 1519">
    <p class='ocr_par' dir='ltr' id='par_1_29' title="bbox 2258 1433 3841 1519">
     <span class='ocr_line' id='line_1_29' title="bbox 2258 1433 3841 1519; baseline 0.006 -28"><span class='ocrx_word' id='word_1_186' title='bbox 2258 1433 2386 1513; x_wconf 82' lang='grc' dir='ltr'>πρὸς</span> <span class='ocrx_word' id='word_1_187' title='bbox 2413 1437 2488 1515; x_wconf 82' lang='grc' dir='ltr'><strong>τῷ</strong></span> <span class='ocrx_word' id='word_1_188' title='bbox 2533 1433 2674 1493; x_wconf 80' lang='grc' dir='ltr'>τέλει</span> <span class='ocrx_word' id='word_1_189' title='bbox 2722 1435 3072 1506; x_wconf 75' lang='grc' dir='ltr'>ἐϐαπτίζετοο</span> <span class='ocrx_word' id='word_1_190' title='bbox 3122 1437 3391 1519; x_wconf 86' lang='grc' dir='ltr'>δεύτερον,</span> <span class='ocrx_word' id='word_1_191' title='bbox 3431 1437 3513 1498; x_wconf 76' lang='grc' dir='ltr'><strong>ὅτι</strong></span> <span class='ocrx_word' id='word_1_192' title='bbox 3560 1442 3775 1514; x_wconf 83' lang='grc' dir='ltr'>πολλοὶ,</span> <span class='ocrx_word' id='word_1_193' title='bbox 3803 1444 3841 1501; x_wconf 80' lang='grc' dir='ltr'>εἶ</span> 
     </span>
    </p>
   </div>
   <div class='ocr_carea' id='block_1_30' title="bbox 2257 1523 3840 1611">
    <p class='ocr_par' dir='ltr' id='par_1_30' title="bbox 2257 1523 3840 1611">
     <span class='ocr_line' id='line_1_30' title="bbox 2257 1523 3840 1611; baseline 0.003 -29"><span class='ocrx_word' id='word_1_194' title='bbox 2257 1523 2454 1603; x_wconf 82' lang='grc' dir='ltr'>ᾔδεσαν</span> <span class='ocrx_word' id='word_1_195' title='bbox 2503 1523 2581 1584; x_wconf 80' lang='grc' dir='ltr'><strong>ὅτι</strong></span> <span class='ocrx_word' id='word_1_196' title='bbox 2617 1524 2796 1608; x_wconf 81' lang='grc' dir='ltr'>αὔριον</span> <span class='ocrx_word' id='word_1_197' title='bbox 2845 1527 3003 1607; x_wconf 80' lang='grc' dir='ltr'>τυχὸν</span> <span class='ocrx_word' id='word_1_198' title='bbox 3058 1527 3110 1566; x_wconf 78' lang='grc'>⁴⁸</span> <span class='ocrx_word' id='word_1_199' title='bbox 3161 1528 3533 1603; x_wconf 76' lang='grc' dir='ltr'>τεθνήξονται,</span> <span class='ocrx_word' id='word_1_200' title='bbox 3582 1530 3746 1611; x_wconf 86' lang='grc' dir='ltr'>μυρία</span> <span class='ocrx_word' id='word_1_201' title='bbox 3784 1529 3840 1590; x_wconf 77' lang='grc' dir='ltr'><strong>ἂν</strong></span> 
     </span>
    </p>
   </div>
   <div class='ocr_carea' id='block_1_31' title="bbox 2255 1613 3838 1700">
    <p class='ocr_par' dir='ltr' id='par_1_31' title="bbox 2255 1613 3838 1700">
     <span class='ocr_line' id='line_1_31' title="bbox 2255 1613 3838 1700; baseline 0.006 -28"><span class='ocrx_word' id='word_1_202' title='bbox 2255 1613 2395 1672; x_wconf 78' lang='grc' dir='ltr'>κακὰ</span> <span class='ocrx_word' id='word_1_203' title='bbox 2426 1615 2651 1675; x_wconf 83' lang='grc' dir='ltr'>διέθεντο</span> <span class='ocrx_word' id='word_1_204' title='bbox 2697 1615 2748 1654; x_wconf 76' lang='grc'><strong>-⁸⁹</strong></span> <span class='ocrx_word' id='word_1_205' title='bbox 2780 1615 2898 1684; x_wconf 80' lang='grc' dir='ltr'>τοὺς</span> <span class='ocrx_word' id='word_1_206' title='bbox 2947 1619 3122 1678; x_wconf 78' lang='grc' dir='ltr'>αὑτῶν</span> <span class='ocrx_word' id='word_1_207' title='bbox 3177 1616 3422 1700; x_wconf 74' lang='grc' dir='ltr'>ἐχθροὺς,</span> <span class='ocrx_word' id='word_1_208' title='bbox 3471 1620 3564 1679; x_wconf 75' lang='grc' dir='ltr'><strong>ἅτε</strong></span> <span class='ocrx_word' id='word_1_209' title='bbox 3610 1622 3838 1698; x_wconf 83' lang='grc' dir='ltr'>ἀπεγνω-</span> 
     </span>
    </p>
   </div>
   <div class='ocr_carea' id='block_1_32' title="bbox 2256 1703 3840 1789">
    <p class='ocr_par' dir='ltr' id='par_1_32' title="bbox 2256 1703 3840 1789">
     <span class='ocr_line' id='line_1_32' title="bbox 2256 1703 3840 1789; baseline 0.004 -27"><span class='ocrx_word' id='word_1_210' title='bbox 2256 1703 2406 1771; x_wconf 86' lang='grc' dir='ltr'>κότες</span> <span class='ocrx_word' id='word_1_211' title='bbox 2435 1707 2635 1763; x_wconf 77' lang='grc' dir='ltr'>ἑαυτῶν</span> <span class='ocrx_word' id='word_1_212' title='bbox 2653 1752 2668 1778; x_wconf 91' lang='grc'><strong>,</strong></span> <span class='ocrx_word' id='word_1_213' title='bbox 2717 1705 2808 1764; x_wconf 77' lang='grc' dir='ltr'>καὶ</span> <span class='ocrx_word' id='word_1_214' title='bbox 2837 1703 3072 1774; x_wconf 82' lang='grc' dir='ltr'>θέλοντες</span> <span class='ocrx_word' id='word_1_215' title='bbox 3108 1715 3218 1776; x_wconf 83' lang='grc' dir='ltr'>τοῖς</span> <span class='ocrx_word' id='word_1_216' title='bbox 3246 1712 3352 1768; x_wconf 88' lang='grc' dir='ltr'><strong>τῶν</strong></span> <span class='ocrx_word' id='word_1_217' title='bbox 3384 1711 3587 1789; x_wconf 82' lang='grc' dir='ltr'>ἐχθρῶν</span> <span class='ocrx_word' id='word_1_218' title='bbox 3633 1709 3840 1785; x_wconf 85' lang='grc' dir='ltr'>α’ίμασιν</span> 
     </span>
    </p>
   </div>
   <div class='ocr_carea' id='block_1_33' title="bbox 2259 1793 3836 1879">
    <p class='ocr_par' dir='ltr' id='par_1_33' title="bbox 2259 1793 3836 1879">
     <span class='ocr_line' id='line_1_33' title="bbox 2259 1793 3836 1879; baseline 0.007 -29"><span class='ocrx_word' id='word_1_219' title='bbox 2259 1793 2616 1874; x_wconf 77' lang='grc' dir='ltr'>εὐωχηθῆναι·</span> <span class='ocrx_word' id='word_1_220' title='bbox 2669 1794 2698 1854; x_wconf 86' lang='grc' dir='ltr'><strong>ὃ</strong></span> <span class='ocrx_word' id='word_1_221' title='bbox 2743 1801 2838 1854; x_wconf 82' lang='grc' dir='ltr'><strong>νῦν</strong></span> <span class='ocrx_word' id='word_1_222' title='bbox 2895 1797 2954 1855; x_wconf 82' lang='grc' dir='ltr'>οὔ</span> <span class='ocrx_word' id='word_1_223' title='bbox 3009 1797 3238 1875; x_wconf 87' lang='grc' dir='ltr'>γίνεται,</span> <span class='ocrx_word' id='word_1_224' title='bbox 3289 1799 3605 1879; x_wconf 82' lang='grc' dir='ltr'>κατέχοντος</span> <span class='ocrx_word' id='word_1_225' title='bbox 3663 1801 3836 1869; x_wconf 78' lang='grc' dir='ltr'>αὐτοὺς</span> 
     </span>
    </p>
   </div>
   <div class='ocr_carea' id='block_1_34' title="bbox 542 1864 2137 1969">
    <p class='ocr_par' dir='ltr' id='par_1_34' title="bbox 542 1864 2137 1964">
     <span class='ocr_line' id='line_1_34' title="bbox 542 1864 2137 1964; baseline -0.002 -17"><span class='ocrx_word' id='word_1_226' title='bbox 542 1864 892 1959; x_wconf 55' lang='lat' dir='ltr'><strong>remorante;</strong></span> <span class='ocrx_word' id='word_1_227' title='bbox 918 1891 1152 1964; x_wconf 61' lang='lat' dir='ltr'><strong>vitaeque</strong></span> <span class='ocrx_word' id='word_1_228' title='bbox 1180 1889 1497 1963; x_wconf 86' lang='lat' dir='ltr'><strong>cupiditate.</strong></span> <span class='ocrx_word' id='word_1_229' title='bbox 1539 1891 1834 1955; x_wconf 79' lang='lat' dir='ltr'><strong>Praeterea,</strong></span> <span class='ocrx_word' id='word_1_230' title='bbox 1866 1887 1994 1945; x_wconf 79' lang='lat' dir='ltr'><strong>vitae</strong></span> <span class='ocrx_word' id='word_1_231' title='bbox 2029 1902 2137 1944; x_wconf 80' lang='lat' dir='ltr'><strong>suae</strong></span> 
     </span>
    </p>
   </div>
   <div class='ocr_carea' id='block_1_35' title="bbox 2247 1864 3837 1969">
    <p class='ocr_par' dir='ltr' id='par_1_35' title="bbox 2258 1864 3837 1969">
     <span class='ocr_line' id='line_1_35' title="bbox 2258 1864 3837 1969; baseline 0.007 -29"><span class='ocrx_word' id='word_1_232' title='bbox 2258 1864 2562 1963; x_wconf 54' lang='lat' dir='ltr'><strong>toﬁnqn$60u</strong></span> <span class='ocrx_word' id='word_1_233' title='bbox 2589 1889 2682 1943; x_wconf 80' lang='grc' dir='ltr'><strong>τοῦ</strong></span> <span class='ocrx_word' id='word_1_234' title='bbox 2719 1884 2976 1959; x_wconf 89' lang='grc' dir='ltr'>θανάτου,</span> <span class='ocrx_word' id='word_1_235' title='bbox 3020 1864 3124 1946; x_wconf 56' lang='grc' dir='ltr'>’καὶ</span> <span class='ocrx_word' id='word_1_236' title='bbox 3162 1864 3256 1947; x_wconf 85' lang='grc' dir='ltr'><strong>τοῦ</strong></span> <span class='ocrx_word' id='word_1_237' title='bbox 3307 1864 3501 1969; x_wconf 57' lang='lat' dir='ltr'><strong>ipes-:6;</strong></span> <span class='ocrx_word' id='word_1_238' title='bbox 3552 1892 3650 1960; x_wconf 82' lang='grc' dir='ltr'><strong>τῆς</strong></span> <span class='ocrx_word' id='word_1_239' title='bbox 3689 1892 3837 1962; x_wconf 78' lang='grc' dir='ltr'>ζωῆς.</span> 
     </span>
    </p>
   </div>
   <div class='ocr_carea' id='block_1_36' title="bbox 542 1977 2142 2053">
    <p class='ocr_par' dir='ltr' id='par_1_36' title="bbox 542 1977 2142 2053">
     <span class='ocr_line' id='line_1_36' title="bbox 542 1977 2142 2053; baseline -0.001 -17"><span class='ocrx_word' id='word_1_240' title='bbox 542 1981 876 2036; x_wconf 88' lang='lat' dir='ltr'><strong>amantiores</strong></span> <span class='ocrx_word' id='word_1_241' title='bbox 923 1996 1035 2053; x_wconf 66' lang='lat' dir='ltr'><strong>pra;</strong></span> <span class='ocrx_word' id='word_1_242' title='bbox 1074 1979 1246 2035; x_wconf 88' lang='lat' dir='ltr'><strong>nimia</strong></span> <span class='ocrx_word' id='word_1_243' title='bbox 1292 1977 1509 2034; x_wconf 87' lang='lat' dir='ltr'><strong>tristitia</strong></span> <span class='ocrx_word' id='word_1_244' title='bbox 1559 1978 1814 2050; x_wconf 86' lang='lat' dir='ltr'><strong>perirent,</strong></span> <span class='ocrx_word' id='word_1_245' title='bbox 1867 1977 1914 2032; x_wconf 88' lang='lat' dir='ltr'><strong>si</strong></span> <span class='ocrx_word' id='word_1_246' title='bbox 1948 1977 2142 2034; x_wconf 87' lang='lat' dir='ltr'><strong>mortis</strong></span> 
     </span>
    </p>
   </div>
   <div class='ocr_carea' id='block_1_37' title="bbox 541 2066 2140 2143">
    <p class='ocr_par' dir='ltr' id='par_1_37' title="bbox 541 2066 2140 2143">
     <span class='ocr_line' id='line_1_37' title="bbox 541 2066 2140 2143; baseline -0.003 -17"><span class='ocrx_word' id='word_1_247' title='bbox 541 2087 655 2127; x_wconf 67' lang='lat' dir='ltr'><strong>suae</strong></span> <span class='ocrx_word' id='word_1_248' title='bbox 683 2079 904 2143; x_wconf 87' lang='lat' dir='ltr'><strong>tempus</strong></span> <span class='ocrx_word' id='word_1_249' title='bbox 931 2077 1275 2142; x_wconf 90' lang='lat' dir='ltr'><strong>compertum</strong></span> <span class='ocrx_word' id='word_1_250' title='bbox 1301 2068 1585 2125; x_wconf 84' lang='lat' dir='ltr'><strong>haberent.</strong></span> <span class='ocrx_word' id='word_1_251' title='bbox 1620 2067 1708 2124; x_wconf 79' lang='lat' dir='ltr'><strong>Ad</strong></span> <span class='ocrx_word' id='word_1_252' title='bbox 1737 2067 1856 2124; x_wconf 76' lang='lat' dir='ltr'><strong>haec</strong></span> <span class='ocrx_word' id='word_1_253' title='bbox 1870 2066 2006 2140; x_wconf 89' lang='lat' dir='ltr'><strong>justi</strong></span> <span class='ocrx_word' id='word_1_254' title='bbox 2027 2081 2140 2124; x_wconf 92' lang='lat' dir='ltr'><strong>non</strong></span> 
     </span>
    </p>
   </div>
   <div class='ocr_carea' id='block_1_38' title="bbox 539 2156 2141 2230">
    <p class='ocr_par' dir='ltr' id='par_1_38' title="bbox 539 2156 2141 2230">
     <span class='ocr_line' id='line_1_38' title="bbox 539 2156 2141 2230; baseline -0.002 -14"><span class='ocrx_word' id='word_1_255' title='bbox 539 2169 755 2218; x_wconf 89' lang='lat' dir='ltr'><strong>tantum</strong></span> <span class='ocrx_word' id='word_1_256' title='bbox 793 2158 1062 2218; x_wconf 89' lang='lat' dir='ltr'><strong>mercedis</strong></span> <span class='ocrx_word' id='word_1_257' title='bbox 1100 2159 1368 2215; x_wconf 87' lang='lat' dir='ltr'><strong>haberent</strong></span> <span class='ocrx_word' id='word_1_258' title='bbox 1403 2157 1659 2230; x_wconf 87' lang='lat' dir='ltr'><strong>periculis</strong></span> <span class='ocrx_word' id='word_1_259' title='bbox 1687 2156 1909 2229; x_wconf 90' lang='lat' dir='ltr'><strong>objecti.</strong></span> <span class='ocrx_word' id='word_1_260' title='bbox 1954 2156 2141 2214; x_wconf 84' lang='lat' dir='ltr'><strong>Videri</strong></span> 
     </span>
    </p>
   </div>
   <div class='ocr_carea' id='block_1_39' title="bbox 538 2245 2141 2323">
    <p class='ocr_par' dir='ltr' id='par_1_39' title="bbox 538 2245 2141 2323">
     <span class='ocr_line' id='line_1_39' title="bbox 538 2245 2141 2323; baseline -0.003 -15"><span class='ocrx_word' id='word_1_261' title='bbox 538 2251 687 2308; x_wconf 89' lang='lat' dir='ltr'><strong>enim</strong></span> <span class='ocrx_word' id='word_1_262' title='bbox 714 2251 1036 2323; x_wconf 88' lang='lat' dir='ltr'><strong>potuissent,</strong></span> <span class='ocrx_word' id='word_1_263' title='bbox 1064 2249 1192 2322; x_wconf 88' lang='lat' dir='ltr'><strong>quia</strong></span> <span class='ocrx_word' id='word_1_264' title='bbox 1223 2255 1566 2320; x_wconf 84' lang='lat' dir='ltr'><strong>compertum</strong></span> <span class='ocrx_word' id='word_1_265' title='bbox 1608 2245 1879 2303; x_wconf 87' lang='lat' dir='ltr'><strong>haberent</strong></span> <span class='ocrx_word' id='word_1_266' title='bbox 1904 2262 1962 2304; x_wconf 87' lang='lat' dir='ltr'><strong>se</strong></span> <span class='ocrx_word' id='word_1_267' title='bbox 1990 2262 2141 2303; x_wconf 91' lang='lat' dir='ltr'><strong>nunc</strong></span> 
     </span>
    </p>
   </div>
   <div class='ocr_carea' id='block_1_40' title="bbox 541 2335 2135 2410">
    <p class='ocr_par' dir='ltr' id='par_1_40' title="bbox 541 2335 2135 2410">
     <span class='ocr_line' id='line_1_40' title="bbox 541 2335 2135 2410; baseline -0.001 -16"><span class='ocrx_word' id='word_1_268' title='bbox 541 2339 686 2397; x_wconf 87' lang='lat' dir='ltr'><strong>haud</strong></span> <span class='ocrx_word' id='word_1_269' title='bbox 749 2339 1072 2407; x_wconf 89' lang='lat' dir='ltr'><strong>morituros,</strong></span> <span class='ocrx_word' id='word_1_270' title='bbox 1138 2339 1236 2395; x_wconf 91' lang='lat' dir='ltr'><strong>sed</strong></span> <span class='ocrx_word' id='word_1_271' title='bbox 1305 2345 1429 2410; x_wconf 89' lang='lat' dir='ltr'><strong>post</strong></span> <span class='ocrx_word' id='word_1_272' title='bbox 1484 2345 1568 2393; x_wconf 89' lang='lat' dir='ltr'><strong>tot</strong></span> <span class='ocrx_word' id='word_1_273' title='bbox 1635 2335 1885 2394; x_wconf 80' lang='lat' dir='ltr'><strong>fortassis</strong></span> <span class='ocrx_word' id='word_1_274' title='bbox 1940 2352 2135 2406; x_wconf 88' lang='lat' dir='ltr'><strong>annos,</strong></span> 
     </span>
    </p>
   </div>
   <div class='ocr_carea' id='block_1_41' title="bbox 539 2425 2136 2503">
    <p class='ocr_par' dir='ltr' id='par_1_41' title="bbox 539 2425 2136 2503">
     <span class='ocr_line' id='line_1_41' title="bbox 539 2425 2136 2503; baseline -0.001 -19"><span class='ocrx_word' id='word_1_275' title='bbox 539 2438 829 2503; x_wconf 88' lang='lat' dir='ltr'><strong>propterea</strong></span> <span class='ocrx_word' id='word_1_276' title='bbox 875 2429 977 2486; x_wconf 81' lang='lat' dir='ltr'><strong>sibi</strong></span> <span class='ocrx_word' id='word_1_277' title='bbox 1023 2445 1137 2485; x_wconf 92' lang='lat' dir='ltr'><strong>non</strong></span> <span class='ocrx_word' id='word_1_278' title='bbox 1199 2441 1446 2500; x_wconf 73' lang='lat' dir='ltr'><strong>parcere;</strong></span> <span class='ocrx_word' id='word_1_279' title='bbox 1502 2429 1663 2483; x_wconf 81' lang='lat' dir='ltr'><strong>Nunc</strong></span> <span class='ocrx_word' id='word_1_280' title='bbox 1719 2443 1848 2483; x_wconf 90' lang='lat' dir='ltr'><strong>vero</strong></span> <span class='ocrx_word' id='word_1_281' title='bbox 1885 2441 2016 2483; x_wconf 91' lang='lat' dir='ltr'><strong>cum</strong></span> <span class='ocrx_word' id='word_1_282' title='bbox 2057 2425 2136 2482; x_wconf 90' lang='lat' dir='ltr'><strong>in-</strong></span> 
     </span>
    </p>
   </div>
   <div class='ocr_carea' id='block_1_42' title="bbox 535 2515 2136 2590">
    <p class='ocr_par' dir='ltr' id='par_1_42' title="bbox 535 2515 2136 2590">
     <span class='ocr_line' id='line_1_42' title="bbox 535 2515 2136 2590; baseline -0.001 -16"><span class='ocrx_word' id='word_1_283' title='bbox 535 2527 746 2576; x_wconf 89' lang='lat' dir='ltr'><strong>certum</strong></span> <span class='ocrx_word' id='word_1_284' title='bbox 776 2519 871 2590; x_wconf 90' lang='lat' dir='ltr'><strong>sit,</strong></span> <span class='ocrx_word' id='word_1_285' title='bbox 915 2518 1215 2576; x_wconf 89' lang='lat' dir='ltr'><strong>evadentne</strong></span> <span class='ocrx_word' id='word_1_286' title='bbox 1245 2518 1501 2590; x_wconf 86' lang='lat' dir='ltr'><strong>pericula,</strong></span> <span class='ocrx_word' id='word_1_287' title='bbox 1533 2515 1772 2589; x_wconf 89' lang='lat' dir='ltr'><strong>sibiipsis</strong></span> <span class='ocrx_word' id='word_1_288' title='bbox 1810 2525 2000 2572; x_wconf 89' lang='lat' dir='ltr'><strong>autem</strong></span> <span class='ocrx_word' id='word_1_289' title='bbox 2025 2531 2136 2572; x_wconf 93' lang='lat' dir='ltr'><strong>non</strong></span> 
     </span>
    </p>
   </div>
   <div class='ocr_carea' id='block_1_43' title="bbox 539 2605 2133 2682">
    <p class='ocr_par' dir='ltr' id='par_1_43' title="bbox 539 2605 2133 2682">
     <span class='ocr_line' id='line_1_43' title="bbox 539 2605 2133 2682; baseline -0.003 -16"><span class='ocrx_word' id='word_1_290' title='bbox 539 2617 791 2680; x_wconf 89' lang='lat' dir='ltr'><strong>parcunt,</strong></span> <span class='ocrx_word' id='word_1_291' title='bbox 819 2609 1102 2682; x_wconf 81' lang='lat' dir='ltr'><strong>perspicua</strong></span> <span class='ocrx_word' id='word_1_292' title='bbox 1143 2624 1339 2664; x_wconf 91' lang='lat' dir='ltr'><strong>eorum</strong></span> <span class='ocrx_word' id='word_1_293' title='bbox 1379 2607 1551 2664; x_wconf 90' lang='lat' dir='ltr'><strong>virtus</strong></span> <span class='ocrx_word' id='word_1_294' title='bbox 1595 2615 1699 2662; x_wconf 90' lang='lat' dir='ltr'><strong>est.</strong></span> <span class='ocrx_word' id='word_1_295' title='bbox 1751 2605 2133 2675; x_wconf 84' lang='lat' dir='ltr'><strong>Quemadmo-</strong></span> 
     </span>
    </p>
   </div>
   <div class='ocr_carea' id='block_1_44' title="bbox 535 2696 2133 2771">
    <p class='ocr_par' dir='ltr' id='par_1_44' title="bbox 535 2696 2133 2771">
     <span class='ocr_line' id='line_1_44' title="bbox 535 2696 2133 2771; baseline -0.002 -17"><span class='ocrx_word' id='word_1_296' title='bbox 535 2698 671 2755; x_wconf 89' lang='lat' dir='ltr'><strong>dum</strong></span> <span class='ocrx_word' id='word_1_297' title='bbox 704 2708 816 2756; x_wconf 89' lang='lat' dir='ltr'><strong>tres</strong></span> <span class='ocrx_word' id='word_1_298' title='bbox 844 2698 996 2771; x_wconf 90' lang='lat' dir='ltr'><strong>pueri</strong></span> <span class='ocrx_word' id='word_1_299' title='bbox 1030 2715 1092 2756; x_wconf 88' lang='lat' dir='ltr'><strong>ea</strong></span> <span class='ocrx_word' id='word_1_300' title='bbox 1123 2698 1192 2755; x_wconf 91' lang='lat' dir='ltr'><strong>de</strong></span> <span class='ocrx_word' id='word_1_301' title='bbox 1215 2713 1377 2754; x_wconf 89' lang='lat' dir='ltr'><strong>causa</strong></span> <span class='ocrx_word' id='word_1_302' title='bbox 1403 2696 1671 2770; x_wconf 87' lang='lat' dir='ltr'><strong>majorem</strong></span> <span class='ocrx_word' id='word_1_303' title='bbox 1701 2696 2133 2752; x_wconf 89' lang='lat' dir='ltr'><strong>admirationem</strong></span> 
     </span>
    </p>
   </div>
   <div class='ocr_carea' id='block_1_45' title="bbox 533 2784 2134 2862">
    <p class='ocr_par' dir='ltr' id='par_1_45' title="bbox 533 2784 2134 2862">
     <span class='ocr_line' id='line_1_45' title="bbox 533 2784 2134 2862; baseline -0.002 -18"><span class='ocrx_word' id='word_1_304' title='bbox 533 2797 834 2858; x_wconf 89' lang='lat' dir='ltr'><strong>merentur,</strong></span> <span class='ocrx_word' id='word_1_305' title='bbox 859 2787 1008 2862; x_wconf 89' lang='lat' dir='ltr'><strong>quod</strong></span> <span class='ocrx_word' id='word_1_306' title='bbox 1031 2803 1159 2846; x_wconf 90' lang='lat' dir='ltr'><strong>cum</strong></span> <span class='ocrx_word' id='word_1_307' title='bbox 1187 2803 1301 2845; x_wconf 90' lang='lat' dir='ltr'><strong>non</strong></span> <span class='ocrx_word' id='word_1_308' title='bbox 1342 2787 1478 2843; x_wconf 89' lang='lat' dir='ltr'><strong>atis</strong></span> <span class='ocrx_word' id='word_1_309' title='bbox 1499 2786 1780 2843; x_wconf 88' lang='lat' dir='ltr'><strong>novissent</strong></span> <span class='ocrx_word' id='word_1_310' title='bbox 1818 2801 1888 2842; x_wconf 92' lang='lat' dir='ltr'><strong>an</strong></span> <span class='ocrx_word' id='word_1_311' title='bbox 1916 2801 1982 2842; x_wconf 79' lang='lat' dir='ltr'><strong>ex</strong></span> <span class='ocrx_word' id='word_1_312' title='bbox 2023 2784 2134 2857; x_wconf 87' lang='lat' dir='ltr'><strong>igni</strong></span> 
     </span>
    </p>
   </div>
   <div class='ocr_carea' id='block_1_46' title="bbox 536 2874 2136 2948">
    <p class='ocr_par' dir='ltr' id='par_1_46' title="bbox 536 2874 2136 2948">
     <span class='ocr_line' id='line_1_46' title="bbox 536 2874 2136 2948; baseline -0.003 -13"><span class='ocrx_word' id='word_1_313' title='bbox 536 2887 720 2935; x_wconf 86' lang='lat' dir='ltr'><strong>essent</strong></span> <span class='ocrx_word' id='word_1_314' title='bbox 769 2877 988 2936; x_wconf 87' lang='lat' dir='ltr'><strong>evasuri</strong></span> <span class='ocrx_word' id='word_1_315' title='bbox 1058 2893 1257 2948; x_wconf 89' lang='lat' dir='ltr'><strong>necne,</strong></span> <span class='ocrx_word' id='word_1_316' title='bbox 1305 2877 1665 2933; x_wconf 87' lang='lat' dir='ltr'><strong>nihilominus</strong></span> <span class='ocrx_word' id='word_1_317' title='bbox 1722 2892 1836 2932; x_wconf 91' lang='lat' dir='ltr'><strong>non</strong></span> <span class='ocrx_word' id='word_1_318' title='bbox 1873 2874 2136 2932; x_wconf 88' lang='lat' dir='ltr'><strong>adorave-</strong></span> 
     </span>
    </p>
   </div>
   <div class='ocr_carea' id='block_1_47' title="bbox 534 2964 2135 3042">
    <p class='ocr_par' dir='ltr' id='par_1_47' title="bbox 534 2964 2135 3042">
     <span class='ocr_line' id='line_1_47' title="bbox 534 2964 2135 3042; baseline -0.002 -18"><span class='ocrx_word' id='word_1_319' title='bbox 534 2970 724 3026; x_wconf 78' lang='lat' dir='ltr'><strong>runt‘.</strong></span> <span class='ocrx_word' id='word_1_320' title='bbox 770 2971 1070 3042; x_wconf 86' lang='lat' dir='ltr'><strong>Propterea</strong></span> <span class='ocrx_word' id='word_1_321' title='bbox 1130 2969 1312 3024; x_wconf 90' lang='lat' dir='ltr'><strong>obitus</strong></span> <span class='ocrx_word' id='word_1_322' title='bbox 1375 2975 1565 3023; x_wconf 89' lang='lat' dir='ltr'><strong>noster</strong></span> <span class='ocrx_word' id='word_1_323' title='bbox 1607 2975 1872 3039; x_wconf 90' lang='lat' dir='ltr'><strong>tanquam</strong></span> <span class='ocrx_word' id='word_1_324' title='bbox 1932 2964 2020 3020; x_wconf 81' lang='lat' dir='ltr'><strong>fur</strong></span> <span class='ocrx_word' id='word_1_325' title='bbox 2078 2965 2135 3021; x_wconf 90' lang='lat' dir='ltr'><strong>in</strong></span> 
     </span>
    </p>
   </div>
   <div class='ocr_carea' id='block_1_48' title="bbox 529 3054 2134 3130">
    <p class='ocr_par' dir='ltr' id='par_1_48' title="bbox 529 3054 2134 3130">
     <span class='ocr_line' id='line_1_48' title="bbox 529 3054 2134 3130; baseline -0.001 -16"><span class='ocrx_word' id='word_1_326' title='bbox 529 3067 710 3116; x_wconf 89' lang='lat' dir='ltr'><strong>nocte.</strong></span> <span class='ocrx_word' id='word_1_327' title='bbox 759 3059 995 3116; x_wconf 86' lang='lat' dir='ltr'><strong>Novistis</strong></span> <span class='ocrx_word' id='word_1_328' title='bbox 1039 3057 1206 3130; x_wconf 84' lang='lat' dir='ltr'><strong>igitur</strong></span> <span class='ocrx_word' id='word_1_329' title='bbox 1253 3057 1379 3125; x_wconf 90' lang='lat' dir='ltr'><strong>hoc,</strong></span> <span class='ocrx_word' id='word_1_330' title='bbox 1423 3073 1457 3112; x_wconf 94' lang='grc' dir='ltr'><strong>ο</strong></span> <span class='ocrx_word' id='word_1_331' title='bbox 1501 3054 2031 3124; x_wconf 82' lang='lat' dir='ltr'><strong>Thessalonicenses,</strong></span> <span class='ocrx_word' id='word_1_332' title='bbox 2069 3071 2134 3112; x_wconf 76' lang='lat' dir='ltr'><strong>ex</strong></span> 
     </span>
    </p>
   </div>
   <div class='ocr_carea' id='block_1_49' title="bbox 528 3145 2132 3220">
    <p class='ocr_par' dir='ltr' id='par_1_49' title="bbox 528 3145 2132 3220">
     <span class='ocr_line' id='line_1_49' title="bbox 528 3145 2132 3220; baseline -0.002 -17"><span class='ocrx_word' id='word_1_333' title='bbox 528 3147 600 3204; x_wconf 86' lang='lat' dir='ltr'><strong>iis</strong></span> <span class='ocrx_word' id='word_1_334' title='bbox 638 3163 764 3220; x_wconf 79' lang='lat' dir='ltr'><strong>quae</strong></span> <span class='ocrx_word' id='word_1_335' title='bbox 809 3149 1085 3204; x_wconf 89' lang='lat' dir='ltr'><strong>Dominus</strong></span> <span class='ocrx_word' id='word_1_336' title='bbox 1131 3147 1327 3213; x_wconf 59' lang='lat' dir='ltr'><strong>dixit“,</strong></span> <span class='ocrx_word' id='word_1_337' title='bbox 1374 3147 1601 3204; x_wconf 77' lang='lat' dir='ltr'><strong>Nescitis</strong></span> <span class='ocrx_word' id='word_1_338' title='bbox 1659 3161 1766 3216; x_wconf 84' lang='lat' dir='ltr'><strong>qua</strong></span> <span class='ocrx_word' id='word_1_339' title='bbox 1835 3145 1969 3199; x_wconf 71' lang='lat' dir='ltr'><strong>hora</strong></span> <span class='ocrx_word' id='word_1_340' title='bbox 2031 3149 2132 3214; x_wconf 73' lang='lat' dir='ltr'><strong>ﬁu-</strong></span> 
     </span>
    </p>
   </div>
   <div class='ocr_carea' id='block_1_50' title="bbox 525 3240 908 3293">
    <p class='ocr_par' dir='ltr' id='par_1_50' title="bbox 525 3240 908 3293">
     <span class='ocr_line' id='line_1_50' title="bbox 525 3240 908 3293; baseline 0.005 -2"><span class='ocrx_word' id='word_1_341' title='bbox 525 3242 785 3293; x_wconf 72' lang='lat' dir='ltr'><strong>venturus</strong></span> <span class='ocrx_word' id='word_1_342' title='bbox 815 3240 908 3293; x_wconf 89' lang='lat' dir='ltr'><strong>sit.</strong></span> 
     </span>
    </p>
   </div>
   <div class='ocr_carea' id='block_1_51' title="bbox 602 3325 2140 3399">
    <p class='ocr_par' dir='ltr' id='par_1_51' title="bbox 602 3325 2140 3399">
     <span class='ocr_line' id='line_1_51' title="bbox 602 3325 2140 3399; baseline -0.005 -12"><span class='ocrx_word' id='word_1_343' title='bbox 602 3326 768 3399; x_wconf 79' lang='lat'><strong>523</strong></span> <span class='ocrx_word' id='word_1_344' title='bbox 798 3329 978 3383; x_wconf 71' lang='lat' dir='ltr'><strong>Vens.</strong></span> <span class='ocrx_word' id='word_1_345' title='bbox 1021 3332 1072 3382; x_wconf 81' lang='lat'><strong>8.</strong></span> <span class='ocrx_word' id='word_1_346' title='bbox 1107 3327 1238 3384; x_wconf 84' lang='lat' dir='ltr'><strong>Cum</strong></span> <span class='ocrx_word' id='word_1_347' title='bbox 1263 3327 1405 3382; x_wconf 86' lang='lat' dir='ltr'><strong>enim</strong></span> <span class='ocrx_word' id='word_1_348' title='bbox 1434 3325 1684 3381; x_wconf 67' lang='lat' dir='ltr'><strong>dixerint</strong></span> <span class='ocrx_word' id='word_1_349' title='bbox 1717 3343 1734 3379; x_wconf 89' lang='lat'><strong><em>:</em></strong></span> <span class='ocrx_word' id='word_1_350' title='bbox 1763 3327 1884 3382; x_wconf 70' lang='lat' dir='ltr'><strong>Pas:</strong></span> <span class='ocrx_word' id='word_1_351' title='bbox 1915 3329 1965 3380; x_wconf 86' lang='lat' dir='ltr'><strong>et</strong></span> <span class='ocrx_word' id='word_1_352' title='bbox 1989 3341 2140 3381; x_wconf 84' lang='lat' dir='ltr'><strong>secu-</strong></span> 
     </span>
    </p>
   </div>
   <div class='ocr_carea' id='block_1_52' title="bbox 530 3417 2131 3488">
    <p class='ocr_par' dir='ltr' id='par_1_52' title="bbox 530 3417 2131 3488">
     <span class='ocr_line' id='line_1_52' title="bbox 530 3417 2131 3488; baseline 0 -18"><span class='ocrx_word' id='word_1_353' title='bbox 530 3418 688 3480; x_wconf 77' lang='lat' dir='ltr'><strong>ritas,</strong></span> <span class='ocrx_word' id='word_1_354' title='bbox 719 3422 832 3472; x_wconf 85' lang='lat' dir='ltr'><strong>tum</strong></span> <span class='ocrx_word' id='word_1_355' title='bbox 864 3418 1178 3488; x_wconf 72' lang='lat' dir='ltr'><strong>repentinus</strong></span> <span class='ocrx_word' id='word_1_356' title='bbox 1208 3418 1282 3470; x_wconf 81' lang='lat' dir='ltr'><strong>eis</strong></span> <span class='ocrx_word' id='word_1_357' title='bbox 1310 3418 1479 3471; x_wconf 82' lang='lat' dir='ltr'><strong>instat</strong></span> <span class='ocrx_word' id='word_1_358' title='bbox 1507 3417 1781 3478; x_wconf 79' lang='lat' dir='ltr'><strong>interitus,</strong></span> <span class='ocrx_word' id='word_1_359' title='bbox 1809 3417 1948 3470; x_wconf 84' lang='lat' dir='ltr'><strong>sicut</strong></span> <span class='ocrx_word' id='word_1_360' title='bbox 1979 3417 2131 3471; x_wconf 80' lang='lat' dir='ltr'><strong>dolor</strong></span> 
     </span>
    </p>
   </div>
   <div class='ocr_carea' id='block_1_53' title="bbox 518 3505 2130 3578">
    <p class='ocr_par' dir='ltr' id='par_1_53' title="bbox 518 3505 2130 3578">
     <span class='ocr_line' id='line_1_53' title="bbox 518 3505 2130 3578; baseline 0.001 -18"><span class='ocrx_word' id='word_1_361' title='bbox 518 3511 716 3576; x_wconf 76' lang='lat' dir='ltr'><strong>partus</strong></span> <span class='ocrx_word' id='word_1_362' title='bbox 736 3508 958 3562; x_wconf 78' lang='lat' dir='ltr'><strong>mulieri</strong></span> <span class='ocrx_word' id='word_1_363' title='bbox 968 3508 1287 3578; x_wconf 65' lang='lat' dir='ltr'><strong>praegnanti</strong></span> <span class='ocrx_word' id='word_1_364' title='bbox 1303 3524 1320 3558; x_wconf 89' lang='lat'><em>:</em></span> <span class='ocrx_word' id='word_1_365' title='bbox 1343 3510 1392 3561; x_wconf 84' lang='lat' dir='ltr'><strong>et</strong></span> <span class='ocrx_word' id='word_1_366' title='bbox 1413 3522 1520 3561; x_wconf 83' lang='lat' dir='ltr'><strong>non</strong></span> <span class='ocrx_word' id='word_1_367' title='bbox 1540 3508 1826 3575; x_wconf 59' lang='lat' dir='ltr'><strong>efﬁegient.</strong></span> <span class='ocrx_word' id='word_1_368' title='bbox 1851 3505 2130 3576; x_wconf 85' lang='lat' dir='ltr'><strong>Quoniam</strong></span> 
     </span>
    </p>
   </div>
   <div class='ocr_carea' id='block_1_54' title="bbox 527 3594 2128 3668">
    <p class='ocr_par' dir='ltr' id='par_1_54' title="bbox 527 3594 2128 3668">
     <span class='ocr_line' id='line_1_54' title="bbox 527 3594 2128 3668; baseline 0.001 -18"><span class='ocrx_word' id='word_1_369' title='bbox 527 3595 596 3651; x_wconf 92' lang='lat' dir='ltr'><strong>illi</strong></span> <span class='ocrx_word' id='word_1_370' title='bbox 640 3596 730 3668; x_wconf 90' lang='lat' dir='ltr'><strong>qui</strong></span> <span class='ocrx_word' id='word_1_371' title='bbox 779 3595 881 3653; x_wconf 91' lang='lat' dir='ltr'><strong>hos</strong></span> <span class='ocrx_word' id='word_1_372' title='bbox 907 3595 1256 3664; x_wconf 86' lang='lat' dir='ltr'><strong>divexabant,</strong></span> <span class='ocrx_word' id='word_1_373' title='bbox 1297 3594 1559 3652; x_wconf 84' lang='lat' dir='ltr'><strong>fortunati</strong></span> <span class='ocrx_word' id='word_1_374' title='bbox 1590 3603 1767 3660; x_wconf 88' lang='lat' dir='ltr'><strong>erant,</strong></span> <span class='ocrx_word' id='word_1_375' title='bbox 1801 3595 1987 3651; x_wconf 83' lang='lat' dir='ltr'><strong>fideles</strong></span> <span class='ocrx_word' id='word_1_376' title='bbox 2009 3595 2128 3668; x_wconf 92' lang='lat' dir='ltr'><strong>jam</strong></span> 
     </span>
    </p>
   </div>
   <div class='ocr_carea' id='block_1_55' title="bbox 524 3685 2131 3759">
    <p class='ocr_par' dir='ltr' id='par_1_55' title="bbox 524 3685 2131 3759">
     <span class='ocr_line' id='line_1_55' title="bbox 524 3685 2131 3759; baseline 0.001 -18"><span class='ocrx_word' id='word_1_377' title='bbox 524 3687 860 3755; x_wconf 87' lang='lat' dir='ltr'><strong>consolatur,</strong></span> <span class='ocrx_word' id='word_1_378' title='bbox 911 3686 1160 3759; x_wconf 90' lang='lat' dir='ltr'><strong>inquiens</strong></span> <span class='ocrx_word' id='word_1_379' title='bbox 1193 3708 1205 3744; x_wconf 91' lang='lat'>:</span> <span class='ocrx_word' id='word_1_380' title='bbox 1250 3688 1333 3742; x_wconf 84' lang='lat' dir='ltr'><strong>Ne</strong></span> <span class='ocrx_word' id='word_1_381' title='bbox 1369 3685 1692 3742; x_wconf 86' lang='lat' dir='ltr'><strong>existimetis</strong></span> <span class='ocrx_word' id='word_1_382' title='bbox 1733 3701 1829 3742; x_wconf 87' lang='lat' dir='ltr'><strong>eos</strong></span> <span class='ocrx_word' id='word_1_383' title='bbox 1873 3701 2131 3742; x_wconf 83' lang='lat' dir='ltr'><strong>evasuros</strong></span> 
     </span>
    </p>
   </div>
   <div class='ocr_carea' id='block_1_56' title="bbox 525 3775 2127 3849">
    <p class='ocr_par' dir='ltr' id='par_1_56' title="bbox 525 3775 2127 3849">
     <span class='ocr_line' id='line_1_56' title="bbox 525 3775 2127 3849; baseline 0 -17"><span class='ocrx_word' id='word_1_384' title='bbox 525 3791 789 3848; x_wconf 86' lang='lat' dir='ltr'><strong>poenam;</strong></span> <span class='ocrx_word' id='word_1_385' title='bbox 824 3776 1000 3832; x_wconf 88' lang='lat' dir='ltr'><strong>veniet</strong></span> <span class='ocrx_word' id='word_1_386' title='bbox 1041 3777 1184 3832; x_wconf 90' lang='lat' dir='ltr'><strong>enim</strong></span> <span class='ocrx_word' id='word_1_387' title='bbox 1229 3776 1312 3833; x_wconf 89' lang='lat' dir='ltr'><strong>eis</strong></span> <span class='ocrx_word' id='word_1_388' title='bbox 1343 3775 1628 3849; x_wconf 89' lang='lat' dir='ltr'><strong>pernicies,</strong></span> <span class='ocrx_word' id='word_1_389' title='bbox 1674 3784 1731 3832; x_wconf 92' lang='lat' dir='ltr'><strong>et</strong></span> <span class='ocrx_word' id='word_1_390' title='bbox 1759 3775 2127 3848; x_wconf 86' lang='lat' dir='ltr'><strong>inexspectata</strong></span> 
     </span>
    </p>
   </div>
   <div class='ocr_carea' id='block_1_57' title="bbox 523 3865 2132 3939">
    <p class='ocr_par' dir='ltr' id='par_1_57' title="bbox 523 3865 2132 3939">
     <span class='ocr_line' id='line_1_57' title="bbox 523 3865 2132 3939; baseline 0.001 -19"><span class='ocrx_word' id='word_1_391' title='bbox 523 3873 578 3921; x_wconf 88' lang='lat' dir='ltr'><strong>et</strong></span> <span class='ocrx_word' id='word_1_392' title='bbox 614 3881 924 3925; x_wconf 61' lang='lat' dir='ltr'><strong>aerumnosa</strong></span> <span class='ocrx_word' id='word_1_393' title='bbox 954 3865 1220 3939; x_wconf 84' lang='lat' dir='ltr'><strong>profecto,</strong></span> <span class='ocrx_word' id='word_1_394' title='bbox 1249 3874 1303 3922; x_wconf 89' lang='lat' dir='ltr'><strong>et</strong></span> <span class='ocrx_word' id='word_1_395' title='bbox 1349 3882 1472 3938; x_wconf 64' lang='lat' dir='ltr'><strong>quae</strong></span> <span class='ocrx_word' id='word_1_396' title='bbox 1500 3867 1702 3923; x_wconf 87' lang='lat' dir='ltr'><strong>multas</strong></span> <span class='ocrx_word' id='word_1_397' title='bbox 1731 3865 2132 3922; x_wconf 87' lang='lat' dir='ltr'><strong>amaritudines</strong></span> 
     </span>
    </p>
   </div>
   <div class='ocr_carea' id='block_1_58' title="bbox 521 3953 2127 4028">
    <p class='ocr_par' dir='ltr' id='par_1_58' title="bbox 521 3953 2127 4028">
     <span class='ocr_line' id='line_1_58' title="bbox 521 3953 2127 4028; baseline 0.001 -17"><span class='ocrx_word' id='word_1_398' title='bbox 521 3953 738 4025; x_wconf 89' lang='lat' dir='ltr'><strong>afferat,</strong></span> <span class='ocrx_word' id='word_1_399' title='bbox 770 3973 884 4012; x_wconf 91' lang='lat' dir='ltr'><strong>non</strong></span> <span class='ocrx_word' id='word_1_400' title='bbox 912 3971 1070 4014; x_wconf 89' lang='lat' dir='ltr'><strong>secus</strong></span> <span class='ocrx_word' id='word_1_401' title='bbox 1099 3965 1265 4028; x_wconf 90' lang='lat' dir='ltr'><strong>atque</strong></span> <span class='ocrx_word' id='word_1_402' title='bbox 1306 3955 1466 4012; x_wconf 92' lang='lat' dir='ltr'><strong>dolor</strong></span> <span class='ocrx_word' id='word_1_403' title='bbox 1511 3964 1695 4027; x_wconf 86' lang='lat' dir='ltr'><strong>partus</strong></span> <span class='ocrx_word' id='word_1_404' title='bbox 1733 3954 1944 4012; x_wconf 88' lang='lat' dir='ltr'><strong>mulieri</strong></span> <span class='ocrx_word' id='word_1_405' title='bbox 1983 3971 2127 4028; x_wconf 65' lang='lat' dir='ltr'><strong>pra-</strong></span> 
     </span>
    </p>
   </div>
   <div class='ocr_carea' id='block_1_59' title="bbox 519 4044 2127 4118">
    <p class='ocr_par' dir='ltr' id='par_1_59' title="bbox 519 4044 2127 4118">
     <span class='ocr_line' id='line_1_59' title="bbox 519 4044 2127 4118; baseline 0.001 -18"><span class='ocrx_word' id='word_1_406' title='bbox 519 4046 734 4115; x_wconf 80' lang='lat' dir='ltr'><strong>gnanti.</strong></span> <span class='ocrx_word' id='word_1_407' title='bbox 767 4047 1062 4118; x_wconf 88' lang='lat' dir='ltr'><strong>Quomodo</strong></span> <span class='ocrx_word' id='word_1_408' title='bbox 1100 4055 1309 4112; x_wconf 92' lang='lat' dir='ltr'><strong>autem,</strong></span> <span class='ocrx_word' id='word_1_409' title='bbox 1339 4045 1383 4100; x_wconf 88' lang='lat' dir='ltr'><strong>si</strong></span> <span class='ocrx_word' id='word_1_410' title='bbox 1425 4044 1572 4101; x_wconf 89' lang='lat' dir='ltr'><strong>Elias</strong></span> <span class='ocrx_word' id='word_1_411' title='bbox 1605 4053 1869 4102; x_wconf 88' lang='lat' dir='ltr'><strong>venturus</strong></span> <span class='ocrx_word' id='word_1_412' title='bbox 1909 4053 2014 4115; x_wconf 89' lang='lat' dir='ltr'><strong>est,</strong></span> <span class='ocrx_word' id='word_1_413' title='bbox 2065 4056 2127 4102; x_wconf 90' lang='lat' dir='ltr'><strong>et</strong></span> 
     </span>
    </p>
   </div>
   <div class='ocr_carea' id='block_1_60' title="bbox 518 4134 2128 4206">
    <p class='ocr_par' dir='ltr' id='par_1_60' title="bbox 518 4134 2128 4206">
     <span class='ocr_line' id='line_1_60' title="bbox 518 4134 2128 4206; baseline 0.001 -14"><span class='ocrx_word' id='word_1_414' title='bbox 518 4136 902 4204; x_wconf 74' lang='lat' dir='ltr'><strong>antichristus,</strong></span> <span class='ocrx_word' id='word_1_415' title='bbox 947 4136 1170 4205; x_wconf 90' lang='lat' dir='ltr'><strong>Paulus,</strong></span> <span class='ocrx_word' id='word_1_416' title='bbox 1235 4151 1384 4191; x_wconf 91' lang='lat' dir='ltr'><strong>nunc</strong></span> <span class='ocrx_word' id='word_1_417' title='bbox 1439 4134 1574 4191; x_wconf 89' lang='lat' dir='ltr'><strong>dicit</strong></span> <span class='ocrx_word' id='word_1_418' title='bbox 1627 4136 1976 4206; x_wconf 89' lang='lat' dir='ltr'><strong>repentinum</strong></span> <span class='ocrx_word' id='word_1_419' title='bbox 2047 4136 2128 4193; x_wconf 89' lang='lat' dir='ltr'><strong>eis</strong></span> 
     </span>
    </p>
   </div>
   <div class='ocr_carea' id='block_1_61' title="bbox 521 4223 2121 4298">
    <p class='ocr_par' dir='ltr' id='par_1_61' title="bbox 521 4223 2121 4298">
     <span class='ocr_line' id='line_1_61' title="bbox 521 4223 2121 4298; baseline 0 -17"><span class='ocrx_word' id='word_1_420' title='bbox 521 4225 724 4282; x_wconf 88' lang='lat' dir='ltr'><strong>instare</strong></span> <span class='ocrx_word' id='word_1_421' title='bbox 740 4226 1064 4282; x_wconf 84' lang='lat' dir='ltr'><strong>interitum?</strong></span> <span class='ocrx_word' id='word_1_422' title='bbox 1081 4225 1353 4296; x_wconf 88' lang='lat' dir='ltr'><strong>Quoniam</strong></span> <span class='ocrx_word' id='word_1_423' title='bbox 1363 4224 1861 4280; x_wconf 87' lang='lat' dir='ltr'><strong>consummationis</strong></span> <span class='ocrx_word' id='word_1_424' title='bbox 1879 4223 2121 4298; x_wconf 90' lang='lat' dir='ltr'><strong>quidem.</strong></span> 
     </span>
    </p>
   </div>
   <div class='ocr_carea' id='block_1_62' title="bbox 2253 1970 3843 2060">
    <p class='ocr_par' dir='ltr' id='par_1_62' title="bbox 2253 1970 3843 2060">
     <span class='ocr_line' id='line_1_62' title="bbox 2253 1970 3843 2060; baseline 0.003 -28"><span class='ocrx_word' id='word_1_425' title='bbox 2253 1970 2416 2032; x_wconf 75' lang='grc' dir='ltr'>Ἇλλὰ</span> <span class='ocrx_word' id='word_1_426' title='bbox 2445 1973 2536 2032; x_wconf 73' lang='grc' dir='ltr'><strong>καὶ</strong></span> <span class='ocrx_word' id='word_1_427' title='bbox 2581 1976 2628 2032; x_wconf 79' lang='grc' dir='ltr'>οἱ</span> <span class='ocrx_word' id='word_1_428' title='bbox 2671 1975 2917 2054; x_wconf 84' lang='grc' dir='ltr'>φιλόζωοι</span> <span class='ocrx_word' id='word_1_429' title='bbox 2969 1977 3072 2037; x_wconf 74' lang='grc' dir='ltr'><strong>ὑπὸ</strong></span> <span class='ocrx_word' id='word_1_430' title='bbox 3112 1981 3206 2049; x_wconf 76' lang='grc' dir='ltr'><strong>τῆς</strong></span> <span class='ocrx_word' id='word_1_431' title='bbox 3249 1977 3481 2054; x_wconf 79' lang='grc' dir='ltr'>ἀθυμίας</span> <span class='ocrx_word' id='word_1_432' title='bbox 3527 1977 3592 2037; x_wconf 80' lang='grc' dir='ltr'><strong>ἂν</strong></span> <span class='ocrx_word' id='word_1_433' title='bbox 3645 1979 3843 2060; x_wconf 85' lang='grc' dir='ltr'>διεφθά-</span> 
     </span>
    </p>
   </div>
   <div class='ocr_carea' id='block_1_63' title="bbox 2253 2063 3842 2144">
    <p class='ocr_par' dir='ltr' id='par_1_63' title="bbox 2253 2063 3842 2144">
     <span class='ocr_line' id='line_1_63' title="bbox 2253 2063 3842 2144; baseline 0.004 -25"><span class='ocrx_word' id='word_1_434' title='bbox 2253 2084 2450 2141; x_wconf 87' lang='grc' dir='ltr'>ρησαν,</span> <span class='ocrx_word' id='word_1_435' title='bbox 2494 2066 2540 2122; x_wconf 85' lang='grc' dir='ltr'><strong>εἰ</strong></span> <span class='ocrx_word' id='word_1_436' title='bbox 2573 2063 2771 2143; x_wconf 85' lang='grc' dir='ltr'>ᾔδεσαν</span> <span class='ocrx_word' id='word_1_437' title='bbox 2799 2065 2888 2124; x_wconf 84' lang='grc' dir='ltr'><strong>τὸν</strong></span> <span class='ocrx_word' id='word_1_438' title='bbox 2916 2066 3102 2144; x_wconf 86' lang='grc' dir='ltr'>καιρὸν</span> <span class='ocrx_word' id='word_1_439' title='bbox 3135 2075 3228 2127; x_wconf 84' lang='grc' dir='ltr'><strong>τοῦ</strong></span> <span class='ocrx_word' id='word_1_440' title='bbox 3260 2068 3510 2128; x_wconf 88' lang='grc' dir='ltr'>θανάτου.</span> <span class='ocrx_word' id='word_1_441' title='bbox 3553 2067 3661 2127; x_wconf 78' lang='grc' dir='ltr'>Καὶ</span> <span class='ocrx_word' id='word_1_442' title='bbox 3693 2072 3738 2127; x_wconf 80' lang='grc' dir='ltr'>οἱ</span> <span class='ocrx_word' id='word_1_443' title='bbox 3773 2067 3842 2126; x_wconf 87' lang='grc' dir='ltr'>δί-</span> 
     </span>
    </p>
   </div>
   <div class='ocr_carea' id='block_1_64' title="bbox 2251 2151 3842 2237">
    <p class='ocr_par' dir='ltr' id='par_1_64' title="bbox 2251 2151 3842 2237">
     <span class='ocr_line' id='line_1_64' title="bbox 2251 2151 3842 2237; baseline 0.004 -27"><span class='ocrx_word' id='word_1_444' title='bbox 2251 2175 2394 2212; x_wconf 87' lang='grc' dir='ltr'>καιοι</span> <span class='ocrx_word' id='word_1_445' title='bbox 2440 2151 2495 2211; x_wconf 78' lang='grc' dir='ltr'>δὲ</span> <span class='ocrx_word' id='word_1_446' title='bbox 2528 2156 2586 2214; x_wconf 87' lang='grc' dir='ltr'>οὗ</span> <span class='ocrx_word' id='word_1_447' title='bbox 2640 2159 2888 2214; x_wconf 88' lang='grc' dir='ltr'>τοσοῦτον</span> <span class='ocrx_word' id='word_1_448' title='bbox 2940 2155 3126 2231; x_wconf 85' lang='grc' dir='ltr'>μισθὸν</span> <span class='ocrx_word' id='word_1_449' title='bbox 3175 2155 3240 2216; x_wconf 79' lang='grc' dir='ltr'><strong>ἂν</strong></span> <span class='ocrx_word' id='word_1_450' title='bbox 3291 2157 3448 2237; x_wconf 85' lang='grc' dir='ltr'>ἔσχον</span> <span class='ocrx_word' id='word_1_451' title='bbox 3498 2157 3842 2237; x_wconf 79' lang='grc' dir='ltr'>παραϐαλλό-</span> 
     </span>
    </p>
   </div>
   <div class='ocr_carea' id='block_1_65' title="bbox 2251 2243 3841 2327">
    <p class='ocr_par' dir='ltr' id='par_1_65' title="bbox 2251 2243 3841 2327">
     <span class='ocr_line' id='line_1_65' title="bbox 2251 2243 3841 2327; baseline 0.004 -27"><span class='ocrx_word' id='word_1_452' title='bbox 2251 2264 2401 2319; x_wconf 89' lang='grc' dir='ltr'>μενοι</span> <span class='ocrx_word' id='word_1_453' title='bbox 2448 2245 2552 2310; x_wconf 90' lang='grc' dir='ltr'>τοῖς</span> <span class='ocrx_word' id='word_1_454' title='bbox 2596 2243 2882 2312; x_wconf 82' lang='grc' dir='ltr'>κινδύνοις·</span> <span class='ocrx_word' id='word_1_455' title='bbox 2926 2243 3107 2315; x_wconf 80' lang='grc' dir='ltr'>ἔδοξαν</span> <span class='ocrx_word' id='word_1_456' title='bbox 3137 2245 3242 2327; x_wconf 77' lang='grc' dir='ltr'>γὰρ</span> <span class='ocrx_word' id='word_1_457' title='bbox 3273 2245 3335 2305; x_wconf 82' lang='grc' dir='ltr'><strong>ἂν</strong></span> <span class='ocrx_word' id='word_1_458' title='bbox 3367 2246 3451 2305; x_wconf 75' lang='grc' dir='ltr'><strong>ὅτι</strong></span> <span class='ocrx_word' id='word_1_459' title='bbox 3491 2245 3678 2320; x_wconf 81' lang='grc' dir='ltr'>ἐπειδὴ</span> <span class='ocrx_word' id='word_1_460' title='bbox 3709 2247 3841 2307; x_wconf 71' lang='grc' dir='ltr'>οἴδα-</span> 
     </span>
    </p>
   </div>
   <div class='ocr_carea' id='block_1_66' title="bbox 2249 2330 3841 2413">
    <p class='ocr_par' dir='ltr' id='par_1_66' title="bbox 2249 2330 3841 2413">
     <span class='ocr_line' id='line_1_66' title="bbox 2249 2330 3841 2413; baseline 0.004 -24"><span class='ocrx_word' id='word_1_461' title='bbox 2249 2353 2331 2389; x_wconf 91' lang='grc' dir='ltr'><strong>σιν</strong></span> <span class='ocrx_word' id='word_1_462' title='bbox 2349 2375 2365 2404; x_wconf 90' lang='grc'><strong>,</strong></span> <span class='ocrx_word' id='word_1_463' title='bbox 2386 2330 2468 2391; x_wconf 77' lang='grc' dir='ltr'><strong>δτι</strong></span> <span class='ocrx_word' id='word_1_464' title='bbox 2503 2333 2562 2391; x_wconf 83' lang='grc' dir='ltr'>οὗ</span> <span class='ocrx_word' id='word_1_465' title='bbox 2591 2338 2683 2391; x_wconf 94' lang='grc' dir='ltr'><strong>νῦν</strong></span> <span class='ocrx_word' id='word_1_466' title='bbox 2713 2332 3048 2405; x_wconf 79' lang='grc' dir='ltr'>τεθνήξονται</span> <span class='ocrx_word' id='word_1_467' title='bbox 3070 2381 3087 2409; x_wconf 94' lang='grc'><strong>,</strong></span> <span class='ocrx_word' id='word_1_468' title='bbox 3133 2337 3276 2394; x_wconf 83' lang='grc' dir='ltr'>ἀλλὰ</span> <span class='ocrx_word' id='word_1_469' title='bbox 3305 2336 3444 2413; x_wconf 74' lang='grc' dir='ltr'>μετὰ</span> <span class='ocrx_word' id='word_1_470' title='bbox 3488 2340 3721 2397; x_wconf 88' lang='grc' dir='ltr'>τοσαῦτα</span> <span class='ocrx_word' id='word_1_471' title='bbox 3765 2361 3841 2396; x_wconf 87' lang='grc' dir='ltr'>τυ-</span> 
     </span>
    </p>
   </div>
   <div class='ocr_carea' id='block_1_67' title="bbox 2246 2419 3838 2504">
    <p class='ocr_par' dir='ltr' id='par_1_67' title="bbox 2246 2419 3838 2504">
     <span class='ocr_line' id='line_1_67' title="bbox 2246 2419 3838 2504; baseline 0.004 -24"><span class='ocrx_word' id='word_1_472' title='bbox 2246 2419 2343 2501; x_wconf 78' lang='grc' dir='ltr'>χὸν</span> <span class='ocrx_word' id='word_1_473' title='bbox 2374 2419 2497 2494; x_wconf 82' lang='grc' dir='ltr'>ἔτη,</span> <span class='ocrx_word' id='word_1_474' title='bbox 2539 2421 2626 2481; x_wconf 78' lang='grc' dir='ltr'><strong>διὰ</strong></span> <span class='ocrx_word' id='word_1_475' title='bbox 2667 2428 2826 2482; x_wconf 85' lang='grc' dir='ltr'>τοῦτο</span> <span class='ocrx_word' id='word_1_476' title='bbox 2879 2425 3184 2504; x_wconf 74' lang='grc' dir='ltr'>ἀφειδοῦσιν</span> <span class='ocrx_word' id='word_1_477' title='bbox 3237 2428 3468 2485; x_wconf 86' lang='grc' dir='ltr'>ἑαυτῶν.</span> <span class='ocrx_word' id='word_1_478' title='bbox 3504 2427 3619 2486; x_wconf 89' lang='grc' dir='ltr'>Νῦν</span> <span class='ocrx_word' id='word_1_479' title='bbox 3669 2425 3838 2499; x_wconf 81' lang='grc' dir='ltr'>ἐπειδὴ</span> 
     </span>
    </p>
   </div>
   <div class='ocr_carea' id='block_1_68' title="bbox 2247 2508 3838 2594">
    <p class='ocr_par' dir='ltr' id='par_1_68' title="bbox 2247 2508 3838 2594">
     <span class='ocr_line' id='line_1_68' title="bbox 2247 2508 3838 2594; baseline 0.005 -27"><span class='ocrx_word' id='word_1_480' title='bbox 2247 2508 2440 2581; x_wconf 83' lang='grc' dir='ltr'>ἄδηλον</span> <span class='ocrx_word' id='word_1_481' title='bbox 2469 2509 2568 2586; x_wconf 84' lang='grc' dir='ltr'>μέν</span> <span class='ocrx_word' id='word_1_482' title='bbox 2613 2513 2755 2572; x_wconf 76' lang='grc' dir='ltr'>ἐστιν</span> <span class='ocrx_word' id='word_1_483' title='bbox 2785 2516 2831 2572; x_wconf 78' lang='grc' dir='ltr'>εἰ</span> <span class='ocrx_word' id='word_1_484' title='bbox 2877 2512 3218 2594; x_wconf 82' lang='grc' dir='ltr'>περιίσονται</span> <span class='ocrx_word' id='word_1_485' title='bbox 3255 2517 3270 2594; x_wconf 94' lang='grc'><strong>[</strong></span> <span class='ocrx_word' id='word_1_486' title='bbox 3294 2516 3390 2592; x_wconf 76' lang='grc' dir='ltr'><strong>ἐκ]</strong></span> <span class='ocrx_word' id='word_1_487' title='bbox 3418 2519 3524 2574; x_wconf 75' lang='grc' dir='ltr'><strong>τῶν</strong></span> <span class='ocrx_word' id='word_1_488' title='bbox 3554 2515 3805 2576; x_wconf 82' lang='grc' dir='ltr'>κινδύνων</span> <span class='ocrx_word' id='word_1_489' title='bbox 3823 2560 3838 2590; x_wconf 90' lang='grc'><strong>,</strong></span> 
     </span>
    </p>
   </div>
   <div class='ocr_carea' id='block_1_69' title="bbox 2247 2600 3839 2685">
    <p class='ocr_par' dir='ltr' id='par_1_69' title="bbox 2247 2600 3839 2685">
     <span class='ocr_line' id='line_1_69' title="bbox 2247 2600 3839 2685; baseline 0.004 -28"><span class='ocrx_word' id='word_1_490' title='bbox 2247 2601 2520 2680; x_wconf 78' lang='grc' dir='ltr'>ἀφειδοῦσι</span> <span class='ocrx_word' id='word_1_491' title='bbox 2549 2600 2603 2661; x_wconf 84' lang='grc' dir='ltr'>δὲ</span> <span class='ocrx_word' id='word_1_492' title='bbox 2646 2603 2872 2676; x_wconf 78' lang='grc' dir='ltr'>ἑαυτῶν,</span> <span class='ocrx_word' id='word_1_493' title='bbox 2909 2604 3175 2683; x_wconf 86' lang='grc' dir='ltr'>πρόδηλος</span> <span class='ocrx_word' id='word_1_494' title='bbox 3203 2611 3239 2677; x_wconf 84' lang='grc' dir='ltr'><strong>ἡ</strong></span> <span class='ocrx_word' id='word_1_495' title='bbox 3275 2608 3447 2665; x_wconf 80' lang='grc' dir='ltr'>αὐτῶν</span> <span class='ocrx_word' id='word_1_496' title='bbox 3473 2605 3664 2685; x_wconf 76' lang='grc' dir='ltr'>ἀρετή.</span> <span class='ocrx_word' id='word_1_497' title='bbox 3696 2604 3839 2666; x_wconf 80' lang='grc' dir='ltr'><strong>Ὥσ-</strong></span> 
     </span>
    </p>
   </div>
   <div class='ocr_carea' id='block_1_70' title="bbox 2245 2689 3839 2774">
    <p class='ocr_par' dir='ltr' id='par_1_70' title="bbox 2245 2689 3839 2774">
     <span class='ocr_line' id='line_1_70' title="bbox 2245 2689 3839 2774; baseline 0.004 -27"><span class='ocrx_word' id='word_1_498' title='bbox 2245 2712 2344 2769; x_wconf 88' lang='grc' dir='ltr'><strong>περ</strong></span> <span class='ocrx_word' id='word_1_499' title='bbox 2383 2689 2472 2749; x_wconf 80' lang='grc' dir='ltr'>καὶ</span> <span class='ocrx_word' id='word_1_500' title='bbox 2506 2694 2554 2750; x_wconf 80' lang='grc' dir='ltr'>οἱ</span> <span class='ocrx_word' id='word_1_501' title='bbox 2583 2699 2724 2770; x_wconf 88' lang='grc' dir='ltr'>τρεῖς</span> <span class='ocrx_word' id='word_1_502' title='bbox 2751 2693 2938 2761; x_wconf 84' lang='grc' dir='ltr'>παῖδες</span> <span class='ocrx_word' id='word_1_503' title='bbox 2969 2693 3056 2752; x_wconf 75' lang='grc' dir='ltr'><strong>διὰ</strong></span> <span class='ocrx_word' id='word_1_504' title='bbox 3083 2699 3240 2754; x_wconf 87' lang='grc' dir='ltr'>τοῦτο</span> <span class='ocrx_word' id='word_1_505' title='bbox 3274 2697 3482 2770; x_wconf 80' lang='grc' dir='ltr'>μᾶλλον</span> <span class='ocrx_word' id='word_1_506' title='bbox 3509 2697 3839 2774; x_wconf 81' lang='grc' dir='ltr'>θαυμαστοὶ,</span> 
     </span>
    </p>
   </div>
   <div class='ocr_carea' id='block_1_71' title="bbox 2244 2779 3839 2868">
    <p class='ocr_par' dir='ltr' id='par_1_71' title="bbox 2244 2779 3839 2868">
     <span class='ocr_line' id='line_1_71' title="bbox 2244 2779 3839 2868; baseline 0.006 -31"><span class='ocrx_word' id='word_1_507' title='bbox 2244 2779 2324 2838; x_wconf 74' lang='grc' dir='ltr'>ὅτι</span> <span class='ocrx_word' id='word_1_508' title='bbox 2366 2780 2443 2858; x_wconf 77' lang='grc' dir='ltr'><strong>μὴ</strong></span> <span class='ocrx_word' id='word_1_509' title='bbox 2475 2781 2666 2848; x_wconf 83' lang='grc' dir='ltr'>εἰδότες</span> <span class='ocrx_word' id='word_1_510' title='bbox 2699 2782 2932 2863; x_wconf 80' lang='grc' dir='ltr'>ἀκριϐῶς</span> <span class='ocrx_word' id='word_1_511' title='bbox 2977 2782 3058 2842; x_wconf 74' lang='grc' dir='ltr'>ὅτι</span> <span class='ocrx_word' id='word_1_512' title='bbox 3103 2786 3437 2865; x_wconf 86' lang='grc' dir='ltr'>περιέσονται</span> <span class='ocrx_word' id='word_1_513' title='bbox 3487 2789 3583 2844; x_wconf 88' lang='grc' dir='ltr'><strong>τοῦ</strong></span> <span class='ocrx_word' id='word_1_514' title='bbox 3655 2786 3839 2868; x_wconf 83' lang='grc' dir='ltr'>πυρὸς,</span> 
     </span>
    </p>
   </div>
   <div class='ocr_carea' id='block_1_72' title="bbox 2243 2870 3836 2952">
    <p class='ocr_par' dir='ltr' id='par_1_72' title="bbox 2243 2870 3836 2952">
     <span class='ocr_line' id='line_1_72' title="bbox 2243 2870 3836 2952; baseline 0.003 -23"><span class='ocrx_word' id='word_1_515' title='bbox 2243 2871 2389 2947; x_wconf 78' lang='grc' dir='ltr'>ὅμως</span> <span class='ocrx_word' id='word_1_516' title='bbox 2417 2871 2477 2928; x_wconf 80' lang='grc' dir='ltr'>οὗ</span> <span class='ocrx_word' id='word_1_517' title='bbox 2506 2870 2934 2951; x_wconf 87' lang='grc' dir='ltr'>προσεκύνησαν.</span> <span class='ocrx_word' id='word_1_518' title='bbox 2972 2873 3076 2933; x_wconf 78' lang='grc' dir='ltr'>Διὰ</span> <span class='ocrx_word' id='word_1_519' title='bbox 3106 2879 3282 2935; x_wconf 89' lang='grc' dir='ltr'>ταῦτα</span> <span class='ocrx_word' id='word_1_520' title='bbox 3314 2879 3350 2946; x_wconf 86' lang='grc' dir='ltr'><strong>ἡ</strong></span> <span class='ocrx_word' id='word_1_521' title='bbox 3397 2874 3624 2949; x_wconf 84' lang='grc' dir='ltr'>τελευτὴ</span> <span class='ocrx_word' id='word_1_522' title='bbox 3657 2879 3836 2952; x_wconf 83' lang='grc' dir='ltr'>ἡμῶν,</span> 
     </span>
    </p>
   </div>
   <div class='ocr_carea' id='block_1_73' title="bbox 2243 2953 3839 3039">
    <p class='ocr_par' dir='ltr' id='par_1_73' title="bbox 2243 2953 3839 3039">
     <span class='ocr_line' id='line_1_73' title="bbox 2243 2953 3839 3039; baseline 0.006 -23"><span class='ocrx_word' id='word_1_523' title='bbox 2243 2961 2315 3026; x_wconf 78' lang='grc' dir='ltr'>ὡς</span> <span class='ocrx_word' id='word_1_524' title='bbox 2340 2958 2576 3032; x_wconf 83' lang='grc' dir='ltr'>κλέπτης</span> <span class='ocrx_word' id='word_1_525' title='bbox 2607 2963 2660 3020; x_wconf 72' lang='grc' dir='ltr'>ἐν</span> <span class='ocrx_word' id='word_1_526' title='bbox 2687 2963 2859 3024; x_wconf 87' lang='grc' dir='ltr'>νυκτί.</span> <span class='ocrx_word' id='word_1_527' title='bbox 2907 2961 3110 3023; x_wconf 75' lang='grc' dir='ltr'>Οἴδατε</span> <span class='ocrx_word' id='word_1_528' title='bbox 3141 2954 3231 3022; x_wconf 70' lang='grc' dir='ltr'><strong>οῦν</strong></span> <span class='ocrx_word' id='word_1_529' title='bbox 3257 2971 3442 3039; x_wconf 89' lang='grc' dir='ltr'>τοῦτο,</span> <span class='ocrx_word' id='word_1_530' title='bbox 3484 2953 3530 3024; x_wconf 71' lang='grc' dir='ltr'>ὦ</span> <span class='ocrx_word' id='word_1_531' title='bbox 3559 2968 3839 3027; x_wconf 85' lang='grc' dir='ltr'>Θεσσαλο-</span> 
     </span>
    </p>
   </div>
   <div class='ocr_carea' id='block_1_74' title="bbox 2244 3040 3838 3136">
    <p class='ocr_par' dir='ltr' id='par_1_74' title="bbox 2244 3040 3838 3136">
     <span class='ocr_line' id='line_1_74' title="bbox 2244 3040 3838 3136; baseline 0.004 -30"><span class='ocrx_word' id='word_1_532' title='bbox 2244 3056 2432 3136; x_wconf 84' lang='grc' dir='ltr'>νικείς,</span> <span class='ocrx_word' id='word_1_533' title='bbox 2476 3049 2526 3117; x_wconf 76' lang='grc' dir='ltr'><strong>ἐξ</strong></span> <span class='ocrx_word' id='word_1_534' title='bbox 2556 3040 2631 3109; x_wconf 72' lang='grc' dir='ltr'><strong>ὧν</strong></span> <span class='ocrx_word' id='word_1_535' title='bbox 2679 3054 2708 3110; x_wconf 93' lang='lat'><strong>6</strong></span> <span class='ocrx_word' id='word_1_536' title='bbox 2759 3051 2958 3132; x_wconf 87' lang='grc' dir='ltr'>Κύριος</span> <span class='ocrx_word' id='word_1_537' title='bbox 3003 3043 3177 3112; x_wconf 72' lang='grc' dir='ltr'>εἶπεν·</span> <span class='ocrx_word' id='word_1_538' title='bbox 3234 3077 3263 3113; x_wconf 75' lang='grc' dir='ltr'><strong>ε</strong></span> <span class='ocrx_word' id='word_1_539' title='bbox 3295 3055 3416 3116; x_wconf 79' lang='grc' dir='ltr'>Οὐκ</span> <span class='ocrx_word' id='word_1_540' title='bbox 3457 3055 3670 3130; x_wconf 84' lang='grc' dir='ltr'>οἴδατε,</span> <span class='ocrx_word' id='word_1_541' title='bbox 3719 3055 3838 3136; x_wconf 72' lang='grc' dir='ltr'>ποίᾳ</span> 
     </span>
    </p>
   </div>
   <div class='ocr_carea' id='block_1_75' title="bbox 2245 3135 3028 3224">
    <p class='ocr_par' dir='ltr' id='par_1_75' title="bbox 2245 3135 3028 3224">
     <span class='ocr_line' id='line_1_75' title="bbox 2245 3135 3028 3224; baseline 0.006 -29"><span class='ocrx_word' id='word_1_542' title='bbox 2245 3135 2358 3219; x_wconf 71' lang='grc' dir='ltr'><strong>ὥρα</strong></span> <span class='ocrx_word' id='word_1_543' title='bbox 2392 3141 2420 3196; x_wconf 95' lang='lat'><strong>6</strong></span> <span class='ocrx_word' id='word_1_544' title='bbox 2447 3139 2680 3213; x_wconf 78' lang='grc' dir='ltr'>κλέπτης</span> <span class='ocrx_word' id='word_1_545' title='bbox 2713 3140 2947 3224; x_wconf 78' lang='grc' dir='ltr'>ἔρχεται.</span> <span class='ocrx_word' id='word_1_546' title='bbox 2997 3167 3028 3200; x_wconf 75' lang='grc' dir='ltr'>ιο</span> 
     </span>
    </p>
   </div>
   <div class='ocr_carea' id='block_1_76' title="bbox 2332 3317 3834 3409">
    <p class='ocr_par' dir='ltr' id='par_1_76' title="bbox 2332 3317 3834 3409">
     <span class='ocr_line' id='line_1_76' title="bbox 2332 3317 3834 3409; baseline 0.001 -25"><span class='ocrx_word' id='word_1_547' title='bbox 2332 3343 2365 3376; x_wconf 71' lang='grc' dir='ltr'>ι</span> <span class='ocrx_word' id='word_1_548' title='bbox 2415 3317 2594 3384; x_wconf 86' lang='grc' dir='ltr'>Ὅταν</span> <span class='ocrx_word' id='word_1_549' title='bbox 2645 3321 2750 3405; x_wconf 79' lang='grc' dir='ltr'>γὰρ</span> <span class='ocrx_word' id='word_1_550' title='bbox 2807 3323 3063 3405; x_wconf 78' lang='grc' dir='ltr'>λέγωσινο</span> <span class='ocrx_word' id='word_1_551' title='bbox 3121 3325 3330 3408; x_wconf 82' lang='grc' dir='ltr'>Εἰρήνη</span> <span class='ocrx_word' id='word_1_552' title='bbox 3396 3326 3487 3385; x_wconf 73' lang='grc' dir='ltr'><strong>καὶ</strong></span> <span class='ocrx_word' id='word_1_553' title='bbox 3541 3327 3834 3409; x_wconf 83' lang='grc' dir='ltr'>ἀσφάλεια·</span> 
     </span>
    </p>
   </div>
   <div class='ocr_carea' id='block_1_77' title="bbox 2243 3407 3837 3498">
    <p class='ocr_par' dir='ltr' id='par_1_77' title="bbox 2243 3407 3837 3498">
     <span class='ocr_line' id='line_1_77' title="bbox 2243 3407 3837 3498; baseline 0.006 -31"><span class='ocrx_word' id='word_1_554' title='bbox 2243 3407 2358 3469; x_wconf 81' lang='grc' dir='ltr'>τότε</span> <span class='ocrx_word' id='word_1_555' title='bbox 2431 3411 2684 3494; x_wconf 70' lang='grc' dir='ltr'>αἰφνίδιος</span> <span class='ocrx_word' id='word_1_556' title='bbox 2744 3416 2921 3483; x_wconf 77' lang='grc' dir='ltr'>αὐτοῖς</span> <span class='ocrx_word' id='word_1_557' title='bbox 2983 3407 3263 3497; x_wconf 83' lang='grc' dir='ltr'>ἐφίσταται</span> <span class='ocrx_word' id='word_1_558' title='bbox 3334 3418 3575 3498; x_wconf 83' lang='grc' dir='ltr'>ὄλεθρος,</span> <span class='ocrx_word' id='word_1_559' title='bbox 3628 3407 3837 3498; x_wconf 37' lang='grc' dir='ltr'>-ὥσπερ</span> 
     </span>
    </p>
   </div>
   <div class='ocr_carea' id='block_1_78' title="bbox 2241 3501 3838 3588">
    <p class='ocr_par' dir='ltr' id='par_1_78' title="bbox 2241 3501 3838 3588">
     <span class='ocr_line' id='line_1_78' title="bbox 2241 3501 3838 3588; baseline 0.004 -29"><span class='ocrx_word' id='word_1_560' title='bbox 2241 3504 2276 3572; x_wconf 91' lang='grc' dir='ltr'>ἡ</span> <span class='ocrx_word' id='word_1_561' title='bbox 2329 3501 2455 3560; x_wconf 80' lang='grc' dir='ltr'>ὠδὶν</span> <span class='ocrx_word' id='word_1_562' title='bbox 2507 3507 2575 3584; x_wconf 80' lang='grc' dir='ltr'><strong>τῇ</strong></span> <span class='ocrx_word' id='word_1_563' title='bbox 2635 3505 2690 3561; x_wconf 80' lang='grc' dir='ltr'>ἐν</span> <span class='ocrx_word' id='word_1_564' title='bbox 2735 3506 2927 3585; x_wconf 85' lang='grc' dir='ltr'>γαστρὶ</span> <span class='ocrx_word' id='word_1_565' title='bbox 2985 3505 3181 3587; x_wconf 81' lang='grc' dir='ltr'>ἐχούσῃ</span> <span class='ocrx_word' id='word_1_566' title='bbox 3205 3530 3218 3544; x_wconf 76' lang='grc' dir='ltr'><strong>ο</strong></span> <span class='ocrx_word' id='word_1_567' title='bbox 3279 3505 3368 3566; x_wconf 78' lang='grc' dir='ltr'><strong>καὶ</strong></span> <span class='ocrx_word' id='word_1_568' title='bbox 3423 3509 3482 3566; x_wconf 82' lang='grc' dir='ltr'>οὗ</span> <span class='ocrx_word' id='word_1_569' title='bbox 3541 3505 3620 3585; x_wconf 81' lang='grc' dir='ltr'><strong>μὴ</strong></span> <span class='ocrx_word' id='word_1_570' title='bbox 3683 3507 3838 3588; x_wconf 83' lang='grc' dir='ltr'>ἐκφύ-</span> 
     </span>
    </p>
   </div>
   <div class='ocr_carea' id='block_1_79' title="bbox 2243 3592 3837 3676">
    <p class='ocr_par' dir='ltr' id='par_1_79' title="bbox 2243 3592 3837 3676">
     <span class='ocr_line' id='line_1_79' title="bbox 2243 3592 3837 3676; baseline 0.005 -28"><span class='ocrx_word' id='word_1_571' title='bbox 2243 3611 2494 3676; x_wconf 26' lang='grc' dir='ltr'>γωσιν.-.»</span> <span class='ocrx_word' id='word_1_572' title='bbox 2543 3592 2765 3666; x_wconf 83' lang='grc' dir='ltr'>Ἐπειδὴ</span> <span class='ocrx_word' id='word_1_573' title='bbox 2815 3595 2864 3654; x_wconf 82' lang='grc' dir='ltr'>οἱ</span> <span class='ocrx_word' id='word_1_574' title='bbox 2895 3597 3274 3676; x_wconf 76' lang='grc' dir='ltr'>ἐπηρεάζοντες</span> <span class='ocrx_word' id='word_1_575' title='bbox 3305 3596 3519 3664; x_wconf 82' lang='grc' dir='ltr'>τούτους</span> <span class='ocrx_word' id='word_1_576' title='bbox 3572 3599 3628 3655; x_wconf 82' lang='grc' dir='ltr'>ἐν</span> <span class='ocrx_word' id='word_1_577' title='bbox 3670 3600 3837 3656; x_wconf 86' lang='grc' dir='ltr'>εὐπα-</span> 
     </span>
    </p>
   </div>
   <div class='ocr_carea' id='block_1_80' title="bbox 2239 3673 3834 3766">
    <p class='ocr_par' dir='ltr' id='par_1_80' title="bbox 2239 3673 3834 3766">
     <span class='ocr_line' id='line_1_80' title="bbox 2239 3673 3834 3766; baseline 0.006 -29"><span class='ocrx_word' id='word_1_578' title='bbox 2239 3679 2400 3748; x_wconf 89' lang='grc' dir='ltr'>θείαις</span> <span class='ocrx_word' id='word_1_579' title='bbox 2428 3673 2596 3754; x_wconf 65' lang='grc' dir='ltr'>ἧσαν,</span> <span class='ocrx_word' id='word_1_580' title='bbox 2638 3689 3034 3764; x_wconf 86' lang='grc' dir='ltr'>παραμυθεῖται</span> <span class='ocrx_word' id='word_1_581' title='bbox 3062 3691 3153 3745; x_wconf 93' lang='grc' dir='ltr'><strong>νῦν</strong></span> <span class='ocrx_word' id='word_1_582' title='bbox 3190 3684 3309 3752; x_wconf 81' lang='grc' dir='ltr'>τοὺς</span> <span class='ocrx_word' id='word_1_583' title='bbox 3337 3683 3554 3753; x_wconf 78' lang='grc' dir='ltr'>πιστοὺς</span> <span class='ocrx_word' id='word_1_584' title='bbox 3574 3729 3592 3755; x_wconf 88' lang='grc'><strong>,</strong></span> <span class='ocrx_word' id='word_1_585' title='bbox 3631 3690 3800 3766; x_wconf 85' lang='grc' dir='ltr'>λέγων</span> <span class='ocrx_word' id='word_1_586' title='bbox 3821 3711 3834 3725; x_wconf 75' lang='grc' dir='ltr'><strong>ο</strong></span> 
     </span>
    </p>
   </div>
   <div class='ocr_carea' id='block_1_81' title="bbox 2242 3767 3836 3858">
    <p class='ocr_par' dir='ltr' id='par_1_81' title="bbox 2242 3767 3836 3858">
     <span class='ocr_line' id='line_1_81' title="bbox 2242 3767 3836 3858; baseline 0.004 -28"><span class='ocrx_word' id='word_1_587' title='bbox 2242 3767 2336 3842; x_wconf 83' lang='grc' dir='ltr'><strong>Μὴ</strong></span> <span class='ocrx_word' id='word_1_588' title='bbox 2395 3771 2649 3849; x_wconf 83' lang='grc' dir='ltr'>νομίσητε</span> <span class='ocrx_word' id='word_1_589' title='bbox 2699 3773 2887 3842; x_wconf 79' lang='grc' dir='ltr'>αὐτοὺς</span> <span class='ocrx_word' id='word_1_590' title='bbox 2940 3777 3205 3856; x_wconf 76' lang='grc' dir='ltr'>ἐκφυγεῖν.</span> <span class='ocrx_word' id='word_1_591' title='bbox 3242 3772 3402 3844; x_wconf 65' lang='grc' dir='ltr'>Ἵὶξει</span> <span class='ocrx_word' id='word_1_592' title='bbox 3446 3777 3550 3858; x_wconf 77' lang='grc' dir='ltr'>γὰρ</span> <span class='ocrx_word' id='word_1_593' title='bbox 3598 3778 3836 3842; x_wconf 80' lang='grc' dir='ltr'><strong>αὖτοῖςὸ</strong></span> 
     </span>
    </p>
   </div>
   <div class='ocr_carea' id='block_1_82' title="bbox 2238 3860 3838 3945">
    <p class='ocr_par' dir='ltr' id='par_1_82' title="bbox 2238 3860 3838 3945">
     <span class='ocr_line' id='line_1_82' title="bbox 2238 3860 3838 3945; baseline 0.004 -26"><span class='ocrx_word' id='word_1_594' title='bbox 2238 3860 2450 3941; x_wconf 82' lang='grc' dir='ltr'>ὄλεθρος</span> <span class='ocrx_word' id='word_1_595' title='bbox 2499 3861 2593 3920; x_wconf 81' lang='grc' dir='ltr'>καὶ</span> <span class='ocrx_word' id='word_1_596' title='bbox 2641 3863 2836 3935; x_wconf 82' lang='grc' dir='ltr'>ἄδηλος</span> <span class='ocrx_word' id='word_1_597' title='bbox 2867 3865 2958 3924; x_wconf 83' lang='grc' dir='ltr'>καὶ</span> <span class='ocrx_word' id='word_1_598' title='bbox 3007 3864 3270 3937; x_wconf 80' lang='grc' dir='ltr'>ἐπίπονος,</span> <span class='ocrx_word' id='word_1_599' title='bbox 3317 3865 3410 3924; x_wconf 81' lang='grc' dir='ltr'><strong>καὶ</strong></span> <span class='ocrx_word' id='word_1_600' title='bbox 3451 3865 3666 3945; x_wconf 84' lang='grc' dir='ltr'>πικρίας</span> <span class='ocrx_word' id='word_1_601' title='bbox 3713 3868 3838 3926; x_wconf 91' lang='grc' dir='ltr'>πολ-</span> 
     </span>
    </p>
   </div>
   <div class='ocr_carea' id='block_1_83' title="bbox 2238 3949 3834 4035">
    <p class='ocr_par' dir='ltr' id='par_1_83' title="bbox 2238 3949 3834 4035">
     <span class='ocr_line' id='line_1_83' title="bbox 2238 3949 3834 4035; baseline 0.004 -26"><span class='ocrx_word' id='word_1_602' title='bbox 2238 3949 2333 4017; x_wconf 77' lang='grc' dir='ltr'><strong>λὰς</strong></span> <span class='ocrx_word' id='word_1_603' title='bbox 2381 3951 2629 4031; x_wconf 84' lang='grc' dir='ltr'>ἐπάγων,</span> <span class='ocrx_word' id='word_1_604' title='bbox 2682 3951 2862 4034; x_wconf 79' lang='grc' dir='ltr'>ὥσπερ</span> <span class='ocrx_word' id='word_1_605' title='bbox 2915 3955 3005 4013; x_wconf 77' lang='grc' dir='ltr'>καὶ</span> <span class='ocrx_word' id='word_1_606' title='bbox 3055 3959 3090 4026; x_wconf 82' lang='grc' dir='ltr'>ἡ</span> <span class='ocrx_word' id='word_1_607' title='bbox 3131 3955 3260 4014; x_wconf 77' lang='grc' dir='ltr'>ὠδὶν</span> <span class='ocrx_word' id='word_1_608' title='bbox 3428 3957 3652 4035; x_wconf 87' lang='grc' dir='ltr'>κυούσῃ.</span> <span class='ocrx_word' id='word_1_609' title='bbox 3712 3959 3834 4024; x_wconf 88' lang='grc' dir='ltr'><strong>Πῶς</strong></span> 
     </span>
    </p>
   </div>
   <div class='ocr_carea' id='block_1_84' title="bbox 2238 4039 3837 4126">
    <p class='ocr_par' dir='ltr' id='par_1_84' title="bbox 2238 4039 3837 4126">
     <span class='ocr_line' id='line_1_84' title="bbox 2238 4039 3837 4126; baseline 0.004 -28"><span class='ocrx_word' id='word_1_610' title='bbox 2238 4039 2332 4115; x_wconf 78' lang='grc' dir='ltr'>δὲ,</span> <span class='ocrx_word' id='word_1_611' title='bbox 2413 4043 2460 4099; x_wconf 80' lang='grc' dir='ltr'><strong>εἰ</strong></span> <span class='ocrx_word' id='word_1_612' title='bbox 2519 4044 2547 4100; x_wconf 91' lang='lat'><strong>6</strong></span> <span class='ocrx_word' id='word_1_613' title='bbox 2607 4043 2799 4111; x_wconf 90' lang='grc' dir='ltr'>Ἠλίας</span> <span class='ocrx_word' id='word_1_614' title='bbox 2873 4044 3118 4126; x_wconf 80' lang='grc' dir='ltr'>ἔρχεται,</span> <span class='ocrx_word' id='word_1_615' title='bbox 3185 4044 3278 4103; x_wconf 76' lang='grc' dir='ltr'><strong>καὶ</strong></span> <span class='ocrx_word' id='word_1_616' title='bbox 3348 4047 3376 4102; x_wconf 92' lang='lat'><strong>6</strong></span> <span class='ocrx_word' id='word_1_617' title='bbox 3449 4043 3837 4125; x_wconf 82' lang='grc' dir='ltr'>Ἀντίχριστος,</span> 
     </span>
    </p>
   </div>
   <div class='ocr_carea' id='block_1_85' title="bbox 2236 4127 3831 4216">
    <p class='ocr_par' dir='ltr' id='par_1_85' title="bbox 2236 4127 3831 4216">
     <span class='ocr_line' id='line_1_85' title="bbox 2236 4127 3831 4216; baseline 0.006 -29"><span class='ocrx_word' id='word_1_618' title='bbox 2236 4127 2380 4209; x_wconf 68' lang='grc' dir='ltr'>λέγει</span> <span class='ocrx_word' id='word_1_619' title='bbox 2449 4136 2540 4189; x_wconf 89' lang='grc' dir='ltr'><strong>νῦν</strong></span> <span class='ocrx_word' id='word_1_620' title='bbox 2617 4136 2646 4192; x_wconf 93' lang='lat'><strong>6</strong></span> <span class='ocrx_word' id='word_1_621' title='bbox 2719 4134 2930 4200; x_wconf 86' lang='grc' dir='ltr'>Παῦλος</span> <span class='ocrx_word' id='word_1_622' title='bbox 3003 4133 3259 4216; x_wconf 82' lang='grc' dir='ltr'>αἰφνίδιον</span> <span class='ocrx_word' id='word_1_623' title='bbox 3334 4133 3536 4202; x_wconf 82' lang='grc' dir='ltr'>τούτοις</span> <span class='ocrx_word' id='word_1_624' title='bbox 3605 4137 3831 4204; x_wconf 74' lang='grc' dir='ltr'>ἐπιστῆ-</span> 
     </span>
    </p>
   </div>
   <div class='ocr_carea' id='block_1_86' title="bbox 2234 4219 3835 4302">
    <p class='ocr_par' dir='ltr' id='par_1_86' title="bbox 2234 4219 3835 4302">
     <span class='ocr_line' id='line_1_86' title="bbox 2234 4219 3835 4302; baseline 0.004 -26"><span class='ocrx_word' id='word_1_625' title='bbox 2234 4240 2321 4277; x_wconf 90' lang='grc' dir='ltr'><strong>ναι</strong></span> <span class='ocrx_word' id='word_1_626' title='bbox 2392 4219 2482 4279; x_wconf 80' lang='grc' dir='ltr'><strong>τὸν</strong></span> <span class='ocrx_word' id='word_1_627' title='bbox 2565 4219 2820 4302; x_wconf 82' lang='grc' dir='ltr'>ὄλεθρον;</span> <span class='ocrx_word' id='word_1_628' title='bbox 2888 4221 3022 4282; x_wconf 76' lang='grc' dir='ltr'><strong>Ὀτι</strong></span> <span class='ocrx_word' id='word_1_629' title='bbox 3081 4227 3176 4292; x_wconf 75' lang='grc' dir='ltr'><strong>τῆς</strong></span> <span class='ocrx_word' id='word_1_630' title='bbox 3243 4223 3340 4301; x_wconf 82' lang='grc' dir='ltr'>μὲν</span> <span class='ocrx_word' id='word_1_631' title='bbox 3419 4226 3726 4293; x_wconf 88' lang='grc' dir='ltr'>συντελείας</span> <span class='ocrx_word' id='word_1_632' title='bbox 3786 4225 3835 4261; x_wconf 68' lang='grc' dir='ltr'>δθ</span> 
     </span>
    </p>
   </div>
   <div class='ocr_carea' id='block_1_87' title="bbox 518 4309 2137 4395">
    <p class='ocr_par' dir='ltr' id='par_1_87' title="bbox 518 4313 2122 4386">
     <span class='ocr_line' id='line_1_87' title="bbox 518 4313 2122 4386; baseline 0.001 -17"><span class='ocrx_word' id='word_1_633' title='bbox 518 4315 736 4386; x_wconf 84' lang='lat' dir='ltr'><strong>signum</strong></span> <span class='ocrx_word' id='word_1_634' title='bbox 783 4323 865 4370; x_wconf 86' lang='lat' dir='ltr'><strong>est</strong></span> <span class='ocrx_word' id='word_1_635' title='bbox 909 4313 1281 4371; x_wconf 75' lang='lat' dir='ltr'><strong>Antichristus</strong></span> <span class='ocrx_word' id='word_1_636' title='bbox 1335 4322 1392 4369; x_wconf 87' lang='lat' dir='ltr'><strong>et</strong></span> <span class='ocrx_word' id='word_1_637' title='bbox 1434 4313 1597 4384; x_wconf 85' lang='lat' dir='ltr'><strong>Elias,</strong></span> <span class='ocrx_word' id='word_1_638' title='bbox 1670 4314 1867 4371; x_wconf 89' lang='lat' dir='ltr'><strong>Christi</strong></span> <span class='ocrx_word' id='word_1_639' title='bbox 1931 4322 2122 4371; x_wconf 88' lang='lat' dir='ltr'><strong>autem</strong></span> 
     </span>
    </p>
   </div>
   <div class='ocr_carea' id='block_1_88' title="bbox 2247 4309 3833 4395">
    <p class='ocr_par' dir='ltr' id='par_1_88' title="bbox 2247 4309 3833 4395">
     <span class='ocr_line' id='line_1_88' title="bbox 2247 4309 3833 4395; baseline 0.003 -28"><span class='ocrx_word' id='word_1_640' title='bbox 2247 4310 2451 4386; x_wconf 79' lang='grc' dir='ltr'>ιἠμεῖον</span> <span class='ocrx_word' id='word_1_641' title='bbox 2479 4311 2508 4367; x_wconf 93' lang='lat'><strong>6</strong></span> <span class='ocrx_word' id='word_1_642' title='bbox 2557 4309 2913 4392; x_wconf 83' lang='grc' dir='ltr'>Ἀντίχριστος</span> <span class='ocrx_word' id='word_1_643' title='bbox 2949 4311 3039 4371; x_wconf 80' lang='grc' dir='ltr'>καὶ</span> <span class='ocrx_word' id='word_1_644' title='bbox 3071 4311 3258 4379; x_wconf 89' lang='grc' dir='ltr'>Ἠλίας</span> <span class='ocrx_word' id='word_1_645' title='bbox 3282 4337 3294 4351; x_wconf 92' lang='grc'><strong>·</strong></span> <span class='ocrx_word' id='word_1_646' title='bbox 3348 4317 3446 4385; x_wconf 79' lang='grc' dir='ltr'><strong>τῆς</strong></span> <span class='ocrx_word' id='word_1_647' title='bbox 3473 4314 3528 4373; x_wconf 77' lang='grc' dir='ltr'>δὲ</span> <span class='ocrx_word' id='word_1_648' title='bbox 3560 4319 3656 4372; x_wconf 88' lang='grc' dir='ltr'><strong>τοῦ</strong></span> <span class='ocrx_word' id='word_1_649' title='bbox 3699 4317 3833 4395; x_wconf 85' lang='grc' dir='ltr'>Χρι-</span> 
     </span>
    </p>
   </div>
   <div class='ocr_carea' id='block_1_89' title="bbox 517 4398 2137 4484">
    <p class='ocr_par' dir='ltr' id='par_1_89' title="bbox 517 4403 2124 4478">
     <span class='ocr_line' id='line_1_89' title="bbox 517 4403 2124 4478; baseline 0 -18"><span class='ocrx_word' id='word_1_650' title='bbox 517 4403 787 4460; x_wconf 80' lang='lat' dir='ltr'><strong>adventus</strong></span> <span class='ocrx_word' id='word_1_651' title='bbox 837 4420 948 4461; x_wconf 91' lang='lat' dir='ltr'><strong>non</strong></span> <span class='ocrx_word' id='word_1_652' title='bbox 997 4405 1150 4460; x_wconf 89' lang='lat' dir='ltr'><strong>item.</strong></span> <span class='ocrx_word' id='word_1_653' title='bbox 1199 4403 1526 4461; x_wconf 87' lang='lat' dir='ltr'><strong>Subitaneus</strong></span> <span class='ocrx_word' id='word_1_654' title='bbox 1586 4403 1734 4460; x_wconf 92' lang='lat' dir='ltr'><strong>enim</strong></span> <span class='ocrx_word' id='word_1_655' title='bbox 1773 4411 1830 4478; x_wconf 84' lang='lat' dir='ltr'><strong>et</strong></span> <span class='ocrx_word' id='word_1_656' title='bbox 1880 4404 2124 4461; x_wconf 89' lang='lat' dir='ltr'><strong>incertus</strong></span> 
     </span>
    </p>
   </div>
   <div class='ocr_carea' id='block_1_90' title="bbox 2247 4398 3834 4484">
    <p class='ocr_par' dir='ltr' id='par_1_90' title="bbox 2247 4398 3834 4484">
     <span class='ocr_line' id='line_1_90' title="bbox 2247 4398 3834 4484; baseline 0.003 -28"><span class='ocrx_word' id='word_1_657' title='bbox 2247 4405 2358 4458; x_wconf 74' lang='grc' dir='ltr'>ττοῦ</span> <span class='ocrx_word' id='word_1_658' title='bbox 2405 4398 2737 4477; x_wconf 82' lang='grc' dir='ltr'>παρουσίας,</span> <span class='ocrx_word' id='word_1_659' title='bbox 2789 4404 2883 4461; x_wconf 78' lang='grc' dir='ltr'><strong>οὐκ</strong></span> <span class='ocrx_word' id='word_1_660' title='bbox 2942 4401 3050 4461; x_wconf 82' lang='grc' dir='ltr'>ἔτι·</span> <span class='ocrx_word' id='word_1_661' title='bbox 3101 4403 3338 4484; x_wconf 77' lang='grc' dir='ltr'>αἰφνιδία</span> <span class='ocrx_word' id='word_1_662' title='bbox 3386 4405 3491 4483; x_wconf 82' lang='grc' dir='ltr'>γὰρ</span> <span class='ocrx_word' id='word_1_663' title='bbox 3541 4403 3698 4463; x_wconf 87' lang='grc' dir='ltr'>ἔσται</span> <span class='ocrx_word' id='word_1_664' title='bbox 3743 4402 3834 4462; x_wconf 76' lang='grc' dir='ltr'><strong>καὶ</strong></span> 
     </span>
    </p>
   </div>
   <div class='ocr_carea' id='block_1_91' title="bbox 515 4488 2137 4584">
    <p class='ocr_par' dir='ltr' id='par_1_91' title="bbox 515 4493 2114 4565">
     <span class='ocr_line' id='line_1_91' title="bbox 515 4493 2114 4565; baseline -0.001 -15"><span class='ocrx_word' id='word_1_665' title='bbox 515 4494 634 4550; x_wconf 89' lang='lat' dir='ltr'><strong>erit.</strong></span> <span class='ocrx_word' id='word_1_666' title='bbox 671 4494 912 4552; x_wconf 85' lang='lat' dir='ltr'><strong>Observa</strong></span> <span class='ocrx_word' id='word_1_667' title='bbox 941 4503 1126 4551; x_wconf 89' lang='lat' dir='ltr'><strong>autem</strong></span> <span class='ocrx_word' id='word_1_668' title='bbox 1176 4493 1268 4550; x_wconf 91' lang='lat' dir='ltr'><strong>hic</strong></span> <span class='ocrx_word' id='word_1_669' title='bbox 1305 4493 1622 4565; x_wconf 83' lang='lat' dir='ltr'><strong>exemplum</strong></span> <span class='ocrx_word' id='word_1_670' title='bbox 1662 4493 1871 4550; x_wconf 87' lang='lat' dir='ltr'><strong>doloris</strong></span> <span class='ocrx_word' id='word_1_671' title='bbox 1914 4504 2114 4565; x_wconf 89' lang='lat' dir='ltr'><strong>partus.</strong></span> 
     </span>
    </p>
   </div>
   <div class='ocr_carea' id='block_1_92' title="bbox 2247 4488 3832 4584">
    <p class='ocr_par' dir='ltr' id='par_1_92' title="bbox 2247 4488 3832 4584">
     <span class='ocr_line' id='line_1_92' title="bbox 2247 4488 3832 4584; baseline 0.003 -38"><span class='ocrx_word' id='word_1_672' title='bbox 2247 4488 2448 4584; x_wconf 71' lang='grc' dir='ltr'>ἰίδηλος.</span> <span class='ocrx_word' id='word_1_673' title='bbox 2493 4488 2638 4570; x_wconf 86' lang='grc' dir='ltr'>Ὅρα</span> <span class='ocrx_word' id='word_1_674' title='bbox 2767 4491 2860 4584; x_wconf 50' lang='grc' dir='ltr'><strong>καί</strong></span> <span class='ocrx_word' id='word_1_675' title='bbox 2889 4490 2950 4550; x_wconf 72' lang='grc' dir='ltr'>τὸ</span> <span class='ocrx_word' id='word_1_676' title='bbox 2996 4490 3293 4584; x_wconf 56' lang='grc' dir='ltr'>ὑπόδειγμα</span> <span class='ocrx_word' id='word_1_677' title='bbox 3324 4496 3416 4584; x_wconf 67' lang='grc' dir='ltr'><strong>τῇς</strong></span> <span class='ocrx_word' id='word_1_678' title='bbox 3459 4495 3666 4584; x_wconf 83' lang='grc' dir='ltr'>ὠδῖνος.</span> <span class='ocrx_word' id='word_1_679' title='bbox 3721 4493 3832 4584; x_wconf 71' lang='grc' dir='ltr'><strong>καὶ</strong></span> 
     </span>
    </p>
   </div>
   <div class='ocr_carea' id='block_1_93' title="bbox 515 4570 2137 4659">
    <p class='ocr_par' dir='ltr' id='par_1_93' title="bbox 515 4583 2116 4657">
     <span class='ocr_line' id='line_1_93' title="bbox 515 4583 2116 4657; baseline 0 -17"><span class='ocrx_word' id='word_1_680' title='bbox 515 4583 735 4641; x_wconf 87' lang='lat' dir='ltr'><strong>Etenim</strong></span> <span class='ocrx_word' id='word_1_681' title='bbox 759 4585 911 4641; x_wconf 90' lang='lat' dir='ltr'><strong>novit</strong></span> <span class='ocrx_word' id='word_1_682' title='bbox 929 4584 1132 4642; x_wconf 90' lang='lat' dir='ltr'><strong>mulier</strong></span> <span class='ocrx_word' id='word_1_683' title='bbox 1160 4583 1309 4657; x_wconf 90' lang='lat' dir='ltr'><strong>quod</strong></span> <span class='ocrx_word' id='word_1_684' title='bbox 1339 4583 1510 4657; x_wconf 86' lang='lat' dir='ltr'><strong>pariet</strong></span> <span class='ocrx_word' id='word_1_685' title='bbox 1537 4604 1549 4640; x_wconf 92' lang='lat'>:</span> <span class='ocrx_word' id='word_1_686' title='bbox 1573 4583 1798 4657; x_wconf 90' lang='lat' dir='ltr'><strong>quando</strong></span> <span class='ocrx_word' id='word_1_687' title='bbox 1825 4599 1976 4652; x_wconf 89' lang='lat' dir='ltr'><strong>vero,</strong></span> <span class='ocrx_word' id='word_1_688' title='bbox 2002 4600 2116 4640; x_wconf 90' lang='lat' dir='ltr'><strong>non</strong></span> 
     </span>
    </p>
   </div>
   <div class='ocr_carea' id='block_1_94' title="bbox 2247 4570 3827 4659">
    <p class='ocr_par' dir='ltr' id='par_1_94' title="bbox 2247 4570 3827 4659">
     <span class='ocr_line' id='line_1_94' title="bbox 2247 4570 3827 4659; baseline 0.005 -24"><span class='ocrx_word' id='word_1_689' title='bbox 2247 4575 2334 4656; x_wconf 58' lang='grc' dir='ltr'>γὰρ</span> <span class='ocrx_word' id='word_1_690' title='bbox 2384 4579 2610 4659; x_wconf 83' lang='grc' dir='ltr'>ἐνταῦθα</span> <span class='ocrx_word' id='word_1_691' title='bbox 2653 4570 2761 4640; x_wconf 72' lang='grc' dir='ltr'>οἶδε</span> <span class='ocrx_word' id='word_1_692' title='bbox 2795 4581 2892 4659; x_wconf 84' lang='grc' dir='ltr'>μὲν</span> <span class='ocrx_word' id='word_1_693' title='bbox 2923 4585 2956 4652; x_wconf 84' lang='grc' dir='ltr'><strong>ἡ</strong></span> <span class='ocrx_word' id='word_1_694' title='bbox 2988 4581 3118 4656; x_wconf 81' lang='grc' dir='ltr'>γυνὴ</span> <span class='ocrx_word' id='word_1_695' title='bbox 3165 4580 3246 4640; x_wconf 76' lang='grc' dir='ltr'><strong>ὅτι</strong></span> <span class='ocrx_word' id='word_1_696' title='bbox 3287 4581 3522 4650; x_wconf 72' lang='grc' dir='ltr'>τέξεται·</span> <span class='ocrx_word' id='word_1_697' title='bbox 3572 4583 3706 4643; x_wconf 84' lang='grc' dir='ltr'>πότε</span> <span class='ocrx_word' id='word_1_698' title='bbox 3736 4582 3827 4656; x_wconf 86' lang='grc' dir='ltr'>δὲ,</span> 
     </span>
    </p>
   </div>
   <div class='ocr_carea' id='block_1_95' title="bbox 512 4658 2137 4750">
    <p class='ocr_par' dir='ltr' id='par_1_95' title="bbox 512 4674 2112 4748">
     <span class='ocr_line' id='line_1_95' title="bbox 512 4674 2112 4748; baseline 0 -18"><span class='ocrx_word' id='word_1_699' title='bbox 512 4674 683 4730; x_wconf 84' lang='lat' dir='ltr'><strong>novit.</strong></span> <span class='ocrx_word' id='word_1_700' title='bbox 752 4677 895 4731; x_wconf 89' lang='lat' dir='ltr'><strong>Nam</strong></span> <span class='ocrx_word' id='word_1_701' title='bbox 938 4691 1052 4731; x_wconf 90' lang='lat' dir='ltr'><strong>non</strong></span> <span class='ocrx_word' id='word_1_702' title='bbox 1095 4689 1282 4748; x_wconf 64' lang='lat' dir='ltr'><strong>paucas</strong></span> <span class='ocrx_word' id='word_1_703' title='bbox 1352 4682 1477 4747; x_wconf 89' lang='lat' dir='ltr'><strong>post</strong></span> <span class='ocrx_word' id='word_1_704' title='bbox 1523 4675 1820 4746; x_wconf 89' lang='lat' dir='ltr'><strong>septimum</strong></span> <span class='ocrx_word' id='word_1_705' title='bbox 1863 4689 2112 4730; x_wconf 85' lang='lat' dir='ltr'><strong>mensem</strong></span> 
     </span>
    </p>
   </div>
   <div class='ocr_carea' id='block_1_96' title="bbox 2247 4658 3810 4750">
    <p class='ocr_par' dir='ltr' id='par_1_96' title="bbox 2247 4658 3810 4750">
     <span class='ocr_line' id='line_1_96' title="bbox 2247 4658 3810 4750; baseline 0.003 -25"><span class='ocrx_word' id='word_1_706' title='bbox 2247 4669 2318 4726; x_wconf 63' lang='grc' dir='ltr'>νῦκ</span> <span class='ocrx_word' id='word_1_707' title='bbox 2349 4667 2427 4726; x_wconf 81' lang='grc' dir='ltr'>ἔτι</span> <span class='ocrx_word' id='word_1_708' title='bbox 2456 4658 2584 4728; x_wconf 71' lang='grc' dir='ltr'>οἶδε.</span> <span class='ocrx_word' id='word_1_709' title='bbox 2643 4658 2851 4731; x_wconf 63' lang='lat' dir='ltr'><strong>nonat</strong></span> <span class='ocrx_word' id='word_1_710' title='bbox 2899 4675 3022 4750; x_wconf 90' lang='grc' dir='ltr'>γοῦν</span> <span class='ocrx_word' id='word_1_711' title='bbox 3050 4669 3140 4730; x_wconf 78' lang='grc' dir='ltr'>καὶ</span> <span class='ocrx_word' id='word_1_712' title='bbox 3180 4671 3467 4747; x_wconf 75' lang='grc' dir='ltr'>ἑπτάμηνα</span> <span class='ocrx_word' id='word_1_713' title='bbox 3499 4672 3543 4710; x_wconf 73' lang='grc'><strong>⁵⁸</strong></span> <span class='ocrx_word' id='word_1_714' title='bbox 3600 4673 3810 4750; x_wconf 85' lang='grc' dir='ltr'>ἔτεκον,</span> 
     </span>
    </p>
   </div>
   <div class='ocr_carea' id='block_1_97' title="bbox 513 4756 2137 4841">
    <p class='ocr_par' dir='ltr' id='par_1_97' title="bbox 513 4762 2114 4838">
     <span class='ocr_line' id='line_1_97' title="bbox 513 4762 2114 4838; baseline -0.001 -18"><span class='ocrx_word' id='word_1_715' title='bbox 513 4773 857 4838; x_wconf 83' lang='lat' dir='ltr'><strong>pepererunt,</strong></span> <span class='ocrx_word' id='word_1_716' title='bbox 904 4774 1069 4838; x_wconf 89' lang='lat' dir='ltr'><strong>atque</strong></span> <span class='ocrx_word' id='word_1_717' title='bbox 1099 4763 1153 4820; x_wconf 90' lang='lat' dir='ltr'><strong>in</strong></span> <span class='ocrx_word' id='word_1_718' title='bbox 1193 4763 1409 4832; x_wconf 87' lang='lat' dir='ltr'><strong>itinere,</strong></span> <span class='ocrx_word' id='word_1_719' title='bbox 1459 4763 1592 4820; x_wconf 89' lang='lat' dir='ltr'><strong>nihil</strong></span> <span class='ocrx_word' id='word_1_720' title='bbox 1640 4762 2003 4835; x_wconf 70' lang='lat' dir='ltr'><strong>praescientes.</strong></span> <span class='ocrx_word' id='word_1_721' title='bbox 2043 4765 2114 4819; x_wconf 89' lang='lat' dir='ltr'><strong>Et</strong></span> 
     </span>
    </p>
   </div>
   <div class='ocr_carea' id='block_1_98' title="bbox 2247 4756 3816 4841">
    <p class='ocr_par' dir='ltr' id='par_1_98' title="bbox 2247 4756 3816 4841">
     <span class='ocr_line' id='line_1_98' title="bbox 2247 4756 3816 4841; baseline 0.004 -26"><span class='ocrx_word' id='word_1_722' title='bbox 2247 4756 2312 4816; x_wconf 73' lang='grc' dir='ltr'>εαὶ</span> <span class='ocrx_word' id='word_1_723' title='bbox 2344 4758 2398 4816; x_wconf 73' lang='grc' dir='ltr'>ἐν</span> <span class='ocrx_word' id='word_1_724' title='bbox 2427 4759 2562 4826; x_wconf 82' lang='grc' dir='ltr'>ὁδοῖς</span> <span class='ocrx_word' id='word_1_725' title='bbox 2587 4803 2603 4836; x_wconf 88' lang='grc'><strong>,</strong></span> <span class='ocrx_word' id='word_1_726' title='bbox 2655 4759 2821 4836; x_wconf 84' lang='grc' dir='ltr'>μηδὲν</span> <span class='ocrx_word' id='word_1_727' title='bbox 2851 4760 3168 4840; x_wconf 84' lang='grc' dir='ltr'>προειδυῖαι.</span> <span class='ocrx_word' id='word_1_728' title='bbox 3216 4760 3330 4822; x_wconf 83' lang='grc' dir='ltr'><strong>Καὶ</strong></span> <span class='ocrx_word' id='word_1_729' title='bbox 3377 4758 3561 4841; x_wconf 82' lang='grc' dir='ltr'>ὥσπερ</span> <span class='ocrx_word' id='word_1_730' title='bbox 3613 4764 3816 4821; x_wconf 77' lang='grc' dir='ltr'>ἐκεῖναι</span> 
     </span>
    </p>
   </div>
   <div class='ocr_carea' id='block_1_99' title="bbox 510 4846 2137 4932">
    <p class='ocr_par' dir='ltr' id='par_1_99' title="bbox 510 4852 2109 4927">
     <span class='ocr_line' id='line_1_99' title="bbox 510 4852 2109 4927; baseline 0 -17"><span class='ocrx_word' id='word_1_731' title='bbox 510 4854 652 4911; x_wconf 86' lang='lat' dir='ltr'><strong>sicut</strong></span> <span class='ocrx_word' id='word_1_732' title='bbox 676 4853 787 4911; x_wconf 71' lang='lat' dir='ltr'><strong>illa:</strong></span> <span class='ocrx_word' id='word_1_733' title='bbox 804 4854 1057 4927; x_wconf 90' lang='lat' dir='ltr'><strong>jocantes</strong></span> <span class='ocrx_word' id='word_1_734' title='bbox 1083 4871 1147 4912; x_wconf 89' lang='lat' dir='ltr'><strong>ac</strong></span> <span class='ocrx_word' id='word_1_735' title='bbox 1174 4853 1417 4911; x_wconf 87' lang='lat' dir='ltr'><strong>ridentes</strong></span> <span class='ocrx_word' id='word_1_736' title='bbox 1457 4853 1823 4911; x_wconf 83' lang='lat' dir='ltr'><strong>ineifabilibus</strong></span> <span class='ocrx_word' id='word_1_737' title='bbox 1855 4852 2109 4910; x_wconf 84' lang='lat' dir='ltr'><strong>cruciati-</strong></span> 
     </span>
    </p>
   </div>
   <div class='ocr_carea' id='block_1_100' title="bbox 2247 4846 3820 4932">
    <p class='ocr_par' dir='ltr' id='par_1_100' title="bbox 2247 4846 3820 4932">
     <span class='ocr_line' id='line_1_100' title="bbox 2247 4846 3820 4932; baseline 0.004 -29"><span class='ocrx_word' id='word_1_738' title='bbox 2247 4846 2506 4915; x_wconf 68' lang='grc' dir='ltr'>παίζουσαι</span> <span class='ocrx_word' id='word_1_739' title='bbox 2555 4848 2646 4908; x_wconf 80' lang='grc' dir='ltr'><strong>καὶ</strong></span> <span class='ocrx_word' id='word_1_740' title='bbox 2689 4852 2946 4928; x_wconf 84' lang='grc' dir='ltr'>γελῶσαι,</span> <span class='ocrx_word' id='word_1_741' title='bbox 2991 4850 3180 4929; x_wconf 84' lang='grc' dir='ltr'>ἀθρόον</span> <span class='ocrx_word' id='word_1_742' title='bbox 3226 4850 3478 4932; x_wconf 83' lang='grc' dir='ltr'>ἀῤῥήτοις</span> <span class='ocrx_word' id='word_1_743' title='bbox 3531 4851 3686 4910; x_wconf 82' lang='grc' dir='ltr'>ὠδῖσι</span> <span class='ocrx_word' id='word_1_744' title='bbox 3726 4851 3820 4909; x_wconf 79' lang='grc' dir='ltr'>κό-</span> 
     </span>
    </p>
   </div>
   <div class='ocr_carea' id='block_1_101' title="bbox 509 4936 2137 5023">
    <p class='ocr_par' dir='ltr' id='par_1_101' title="bbox 509 4942 2113 5017">
     <span class='ocr_line' id='line_1_101' title="bbox 509 4942 2113 5017; baseline 0 -17"><span class='ocrx_word' id='word_1_745' title='bbox 509 4943 615 5000; x_wconf 90' lang='lat' dir='ltr'><strong>bus</strong></span> <span class='ocrx_word' id='word_1_746' title='bbox 641 4953 868 5017; x_wconf 89' lang='lat' dir='ltr'><strong>repente</strong></span> <span class='ocrx_word' id='word_1_747' title='bbox 894 4944 1222 5014; x_wconf 90' lang='lat' dir='ltr'><strong>tunduntur,</strong></span> <span class='ocrx_word' id='word_1_748' title='bbox 1251 4945 1324 5001; x_wconf 92' lang='lat' dir='ltr'><strong>ita</strong></span> <span class='ocrx_word' id='word_1_749' title='bbox 1345 4943 1567 5001; x_wconf 86' lang='lat' dir='ltr'><strong>illorum</strong></span> <span class='ocrx_word' id='word_1_750' title='bbox 1599 4942 1806 5001; x_wconf 67' lang='lat' dir='ltr'><strong>animae</strong></span> <span class='ocrx_word' id='word_1_751' title='bbox 1824 4943 1916 5016; x_wconf 90' lang='lat' dir='ltr'><strong>qui</strong></span> <span class='ocrx_word' id='word_1_752' title='bbox 1947 4942 2113 5000; x_wconf 89' lang='lat' dir='ltr'><strong>hodie</strong></span> 
     </span>
    </p>
   </div>
   <div class='ocr_carea' id='block_1_102' title="bbox 2247 4936 3820 5023">
    <p class='ocr_par' dir='ltr' id='par_1_102' title="bbox 2247 4936 3820 5023">
     <span class='ocr_line' id='line_1_102' title="bbox 2247 4936 3820 5023; baseline 0.003 -29"><span class='ocrx_word' id='word_1_753' title='bbox 2247 4959 2474 4995; x_wconf 75' lang='grc' dir='ltr'>ττονται·</span> <span class='ocrx_word' id='word_1_754' title='bbox 2526 4936 2663 4997; x_wconf 78' lang='grc' dir='ltr'>οὕτω</span> <span class='ocrx_word' id='word_1_755' title='bbox 2707 4937 2798 4999; x_wconf 81' lang='grc' dir='ltr'>καὶ</span> <span class='ocrx_word' id='word_1_756' title='bbox 2843 4943 2947 4998; x_wconf 87' lang='grc' dir='ltr'><strong>τῶν</strong></span> <span class='ocrx_word' id='word_1_757' title='bbox 2993 4943 3084 4999; x_wconf 89' lang='grc' dir='ltr'><strong>νῦν</strong></span> <span class='ocrx_word' id='word_1_758' title='bbox 3135 4943 3456 5023; x_wconf 77' lang='grc' dir='ltr'>τρυφώντων</span> <span class='ocrx_word' id='word_1_759' title='bbox 3503 4944 3560 5000; x_wconf 75' lang='grc' dir='ltr'>αἱ</span> <span class='ocrx_word' id='word_1_760' title='bbox 3607 4939 3820 5020; x_wconf 75' lang='grc' dir='ltr'>ψυχαὶ,</span> 
     </span>
    </p>
   </div>
   <div class='ocr_carea' id='block_1_103' title="bbox 507 5026 2137 5111">
    <p class='ocr_par' dir='ltr' id='par_1_103' title="bbox 507 5032 2109 5107">
     <span class='ocr_line' id='line_1_103' title="bbox 507 5032 2109 5107; baseline 0 -17"><span class='ocrx_word' id='word_1_761' title='bbox 507 5033 718 5091; x_wconf 89' lang='lat' dir='ltr'><strong>deliciis</strong></span> <span class='ocrx_word' id='word_1_762' title='bbox 734 5032 992 5104; x_wconf 80' lang='lat' dir='ltr'><strong>afﬂuunt,</strong></span> <span class='ocrx_word' id='word_1_763' title='bbox 1023 5033 1115 5092; x_wconf 91' lang='lat' dir='ltr'><strong>die</strong></span> <span class='ocrx_word' id='word_1_764' title='bbox 1148 5033 1240 5091; x_wconf 91' lang='lat' dir='ltr'><strong>illa</strong></span> <span class='ocrx_word' id='word_1_765' title='bbox 1285 5033 1632 5104; x_wconf 83' lang='lat' dir='ltr'><strong>adveniente,</strong></span> <span class='ocrx_word' id='word_1_766' title='bbox 1679 5032 2109 5107; x_wconf 87' lang='lat' dir='ltr'><strong>haudquaquam</strong></span> 
     </span>
    </p>
   </div>
   <div class='ocr_carea' id='block_1_104' title="bbox 2247 5026 3683 5111">
    <p class='ocr_par' dir='ltr' id='par_1_104' title="bbox 2247 5026 3683 5111">
     <span class='ocr_line' id='line_1_104' title="bbox 2247 5026 3683 5111; baseline 0.002 -26"><span class='ocrx_word' id='word_1_767' title='bbox 2247 5028 2313 5097; x_wconf 78' lang='grc' dir='ltr'><strong>ἧς</strong></span> <span class='ocrx_word' id='word_1_768' title='bbox 2336 5026 2536 5107; x_wconf 80' lang='grc' dir='ltr'>ἡμέρας</span> <span class='ocrx_word' id='word_1_769' title='bbox 2564 5027 2766 5101; x_wconf 81' lang='grc' dir='ltr'>ἐκείνης</span> <span class='ocrx_word' id='word_1_770' title='bbox 2797 5027 3138 5104; x_wconf 83' lang='grc' dir='ltr'>ἐπελθούσης,</span> <span class='ocrx_word' id='word_1_771' title='bbox 3166 5032 3224 5089; x_wconf 85' lang='grc' dir='ltr'>οὖ</span> <span class='ocrx_word' id='word_1_772' title='bbox 3257 5029 3333 5109; x_wconf 78' lang='grc' dir='ltr'><strong>μὴ</strong></span> <span class='ocrx_word' id='word_1_773' title='bbox 3361 5027 3683 5111; x_wconf 76' lang='grc' dir='ltr'>ἐκφύγωσιν.</span> 
     </span>
    </p>
   </div>
   <div class='ocr_carea' id='block_1_105' title="bbox 507 5122 793 5197">
    <p class='ocr_par' dir='ltr' id='par_1_105' title="bbox 507 5122 793 5197">
     <span class='ocr_line' id='line_1_105' title="bbox 507 5122 793 5197; baseline -0.003 -16"><span class='ocrx_word' id='word_1_774' title='bbox 507 5122 793 5197; x_wconf 82' lang='lat' dir='ltr'><strong>effugient.</strong></span> 
     </span>
    </p>
   </div>
   <div class='ocr_carea' id='block_1_106' title="bbox 579 5214 2106 5285">
    <p class='ocr_par' dir='ltr' id='par_1_106' title="bbox 579 5214 2106 5285">
     <span class='ocr_line' id='line_1_106' title="bbox 579 5214 2106 5285; baseline -0.001 -15"><span class='ocrx_word' id='word_1_775' title='bbox 579 5215 752 5272; x_wconf 67' lang='lat' dir='ltr'><strong>Vens.</strong></span> <span class='ocrx_word' id='word_1_776' title='bbox 777 5219 833 5272; x_wconf 85' lang='lat'><strong>4.</strong></span> <span class='ocrx_word' id='word_1_777' title='bbox 863 5217 969 5272; x_wconf 91' lang='lat' dir='ltr'><strong>Vos</strong></span> <span class='ocrx_word' id='word_1_778' title='bbox 997 5220 1196 5281; x_wconf 85' lang='lat' dir='ltr'><strong>autem,</strong></span> <span class='ocrx_word' id='word_1_779' title='bbox 1222 5218 1448 5285; x_wconf 82' lang='lat' dir='ltr'><strong>fratres,</strong></span> <span class='ocrx_word' id='word_1_780' title='bbox 1479 5231 1589 5270; x_wconf 86' lang='lat' dir='ltr'><strong>non</strong></span> <span class='ocrx_word' id='word_1_781' title='bbox 1610 5216 1736 5270; x_wconf 87' lang='lat' dir='ltr'><strong>estis</strong></span> <span class='ocrx_word' id='word_1_782' title='bbox 1763 5216 1820 5270; x_wconf 90' lang='lat' dir='ltr'><strong>in</strong></span> <span class='ocrx_word' id='word_1_783' title='bbox 1853 5214 2106 5277; x_wconf 85' lang='lat' dir='ltr'><strong>tenebris,</strong></span> 
     </span>
    </p>
   </div>
   <div class='ocr_carea' id='block_1_107' title="bbox 507 5305 2107 5377">
    <p class='ocr_par' dir='ltr' id='par_1_107' title="bbox 507 5305 2107 5377">
     <span class='ocr_line' id='line_1_107' title="bbox 507 5305 2107 5377; baseline -0.001 -17"><span class='ocrx_word' id='word_1_784' title='bbox 507 5311 567 5361; x_wconf 86' lang='lat' dir='ltr'><strong>ut</strong></span> <span class='ocrx_word' id='word_1_785' title='bbox 588 5306 701 5362; x_wconf 88' lang='lat' dir='ltr'><strong>dies</strong></span> <span class='ocrx_word' id='word_1_786' title='bbox 723 5305 822 5360; x_wconf 84' lang='lat' dir='ltr'><strong>illa</strong></span> <span class='ocrx_word' id='word_1_787' title='bbox 851 5321 940 5361; x_wconf 85' lang='lat' dir='ltr'><strong>vos</strong></span> <span class='ocrx_word' id='word_1_788' title='bbox 970 5310 1232 5377; x_wconf 81' lang='lat' dir='ltr'><strong>tanquam</strong></span> <span class='ocrx_word' id='word_1_789' title='bbox 1259 5309 1358 5374; x_wconf 84' lang='lat' dir='ltr'><strong>fur</strong></span> <span class='ocrx_word' id='word_1_790' title='bbox 1383 5305 1820 5377; x_wconf 70' lang='lat' dir='ltr'><strong>comprehendat.</strong></span> <span class='ocrx_word' id='word_1_791' title='bbox 1854 5306 1977 5359; x_wconf 84' lang='lat' dir='ltr'><strong>Hoc</strong></span> <span class='ocrx_word' id='word_1_792' title='bbox 2005 5312 2107 5368; x_wconf 90' lang='lat' dir='ltr'><strong>est,</strong></span> 
     </span>
    </p>
   </div>
   <div class='ocr_carea' id='block_1_108' title="bbox 505 5393 2102 5469">
    <p class='ocr_par' dir='ltr' id='par_1_108' title="bbox 505 5393 2102 5469">
     <span class='ocr_line' id='line_1_108' title="bbox 505 5393 2102 5469; baseline -0.001 -18"><span class='ocrx_word' id='word_1_793' title='bbox 505 5409 620 5453; x_wconf 91' lang='lat' dir='ltr'><strong>non</strong></span> <span class='ocrx_word' id='word_1_794' title='bbox 659 5393 1066 5453; x_wconf 89' lang='lat' dir='ltr'><strong>tenebricosam</strong></span> <span class='ocrx_word' id='word_1_795' title='bbox 1105 5410 1284 5469; x_wconf 90' lang='lat' dir='ltr'><strong>neque</strong></span> <span class='ocrx_word' id='word_1_796' title='bbox 1331 5395 1610 5469; x_wconf 84' lang='lat' dir='ltr'><strong>impuram</strong></span> <span class='ocrx_word' id='word_1_797' title='bbox 1650 5394 1821 5451; x_wconf 84' lang='lat' dir='ltr'><strong>vitam</strong></span> <span class='ocrx_word' id='word_1_798' title='bbox 1867 5393 2102 5450; x_wconf 89' lang='lat' dir='ltr'><strong>habetis.</strong></span> 
     </span>
    </p>
   </div>
   <div class='ocr_carea' id='block_1_109' title="bbox 578 5514 2120 5592">
    <p class='ocr_par' dir='ltr' id='par_1_109' title="bbox 578 5514 2120 5592">
     <span class='ocr_line' id='line_1_109' title="bbox 578 5514 2120 5592; baseline 0 -16"><span class='ocrx_word' id='word_1_799' title='bbox 578 5521 682 5577; x_wconf 69' lang='lat' dir='ltr'><strong>1Kll</strong></span> <span class='ocrx_word' id='word_1_800' title='bbox 720 5523 848 5580; x_wconf 91' lang='lat' dir='ltr'><strong>Cor.</strong></span> <span class='ocrx_word' id='word_1_801' title='bbox 879 5537 996 5591; x_wconf 80' lang='lat' dir='ltr'><strong>xu,</strong></span> <span class='ocrx_word' id='word_1_802' title='bbox 1027 5527 1082 5578; x_wconf 83' lang='grc'><strong>4.</strong></span> <span class='ocrx_word' id='word_1_803' title='bbox 1160 5514 1336 5579; x_wconf 90' lang='lat' dir='ltr'><strong>lDan.</strong></span> <span class='ocrx_word' id='word_1_804' title='bbox 1365 5536 1463 5592; x_wconf 79' lang='lat' dir='ltr'><strong>nr,</strong></span> <span class='ocrx_word' id='word_1_805' title='bbox 1490 5527 1579 5578; x_wconf 83' lang='lat'><strong>24.</strong></span> <span class='ocrx_word' id='word_1_806' title='bbox 1655 5524 1698 5554; x_wconf 72' lang='grc'><strong>⁸³³</strong></span> <span class='ocrx_word' id='word_1_807' title='bbox 1721 5523 1859 5579; x_wconf 92' lang='lat' dir='ltr'><strong>Luc.</strong></span> <span class='ocrx_word' id='word_1_808' title='bbox 1887 5534 2001 5590; x_wconf 81' lang='lat' dir='ltr'><strong>xu,</strong></span> <span class='ocrx_word' id='word_1_809' title='bbox 2029 5524 2120 5578; x_wconf 82' lang='lat'><strong>39.</strong></span> 
     </span>
    </p>
   </div>
   <div class='ocr_carea' id='block_1_110' title="bbox 1889 5620 2428 5683">
    <p class='ocr_par' dir='ltr' id='par_1_110' title="bbox 1889 5620 2428 5683">
     <span class='ocr_line' id='line_1_110' title="bbox 1889 5620 2428 5683; baseline -0.002 -1"><span class='ocrx_word' id='word_1_810' title='bbox 1889 5620 2076 5682; x_wconf 77' lang='lat' dir='ltr'><strong>Variae</strong></span> <span class='ocrx_word' id='word_1_811' title='bbox 2119 5620 2428 5683; x_wconf 84' lang='lat' dir='ltr'><strong>lectiones.</strong></span> 
     </span>
    </p>
   </div>
   <div class='ocr_carea' id='block_1_111' title="bbox 573 5716 2684 5794">
    <p class='ocr_par' dir='ltr' id='par_1_111' title="bbox 573 5716 2684 5794">
     <span class='ocr_line' id='line_1_111' title="bbox 573 5716 2684 5794; baseline 0.001 -23"><span class='ocrx_word' id='word_1_812' title='bbox 573 5716 622 5758; x_wconf 76' lang='grc'><strong>⁸⁸</strong></span> <span class='ocrx_word' id='word_1_813' title='bbox 644 5718 820 5773; x_wconf 70' lang='grc' dir='ltr'>λοιπὸν</span> <span class='ocrx_word' id='word_1_814' title='bbox 847 5735 902 5777; x_wconf 90' lang='lat'><strong>0.</strong></span> <span class='ocrx_word' id='word_1_815' title='bbox 978 5719 1022 5755; x_wconf 71' lang='lat'>&quot;</span> <span class='ocrx_word' id='word_1_816' title='bbox 1051 5718 1376 5774; x_wconf 73' lang='grc' dir='ltr'>ἐκακοποίουν</span> <span class='ocrx_word' id='word_1_817' title='bbox 1402 5736 1480 5777; x_wconf 90' lang='lat' dir='ltr'><strong>m.</strong></span> <span class='ocrx_word' id='word_1_818' title='bbox 1556 5719 1601 5755; x_wconf 73' lang='grc' dir='ltr'><strong>⁵ο</strong></span> <span class='ocrx_word' id='word_1_819' title='bbox 1625 5723 1711 5788; x_wconf 82' lang='grc' dir='ltr'><strong>τῆς</strong></span> <span class='ocrx_word' id='word_1_820' title='bbox 1739 5719 1828 5792; x_wconf 85' lang='grc' dir='ltr'>μὲν</span> <span class='ocrx_word' id='word_1_821' title='bbox 1853 5719 1949 5793; x_wconf 81' lang='grc' dir='ltr'>γὰρ</span> <span class='ocrx_word' id='word_1_822' title='bbox 1979 5738 2090 5778; x_wconf 88' lang='grc' dir='ltr'>συν,</span> <span class='ocrx_word' id='word_1_823' title='bbox 2121 5737 2178 5780; x_wconf 90' lang='lat' dir='ltr'><strong>o.</strong></span> <span class='ocrx_word' id='word_1_824' title='bbox 2253 5719 2294 5755; x_wconf 70' lang='grc'>⁸⁸</span> <span class='ocrx_word' id='word_1_825' title='bbox 2320 5719 2591 5794; x_wconf 83' lang='grc' dir='ltr'>ὀκτώμηνα</span> <span class='ocrx_word' id='word_1_826' title='bbox 2628 5736 2684 5778; x_wconf 91' lang='lat' dir='ltr'><strong>o.</strong></span> 
     </span>
    </p>
   </div>
   <div class='ocr_carea' id='block_1_112' title="bbox 2303 5204 3820 5292">
    <p class='ocr_par' dir='ltr' id='par_1_112' title="bbox 2303 5204 3820 5292">
     <span class='ocr_line' id='line_1_112' title="bbox 2303 5204 3820 5292; baseline 0.005 -31"><span class='ocrx_word' id='word_1_827' title='bbox 2303 5228 2333 5261; x_wconf 86' lang='grc' dir='ltr'><strong>α</strong></span> <span class='ocrx_word' id='word_1_828' title='bbox 2365 5204 2554 5284; x_wconf 86' lang='grc' dir='ltr'>Ὑμεῖς</span> <span class='ocrx_word' id='word_1_829' title='bbox 2588 5207 2642 5266; x_wconf 86' lang='grc' dir='ltr'>δὲ</span> <span class='ocrx_word' id='word_1_830' title='bbox 2669 5253 2684 5281; x_wconf 88' lang='grc'><strong>,</strong></span> <span class='ocrx_word' id='word_1_831' title='bbox 2734 5207 2988 5292; x_wconf 76' lang='grc' dir='ltr'>ἀδελφοὶ,</span> <span class='ocrx_word' id='word_1_832' title='bbox 3033 5214 3128 5271; x_wconf 82' lang='grc' dir='ltr'>οὐκ</span> <span class='ocrx_word' id='word_1_833' title='bbox 3171 5209 3289 5270; x_wconf 80' lang='grc' dir='ltr'>ἐστὲ</span> <span class='ocrx_word' id='word_1_834' title='bbox 3321 5209 3374 5268; x_wconf 75' lang='grc' dir='ltr'>ἐν</span> <span class='ocrx_word' id='word_1_835' title='bbox 3425 5208 3637 5286; x_wconf 79' lang='grc' dir='ltr'>σκότει,</span> <span class='ocrx_word' id='word_1_836' title='bbox 3669 5208 3757 5269; x_wconf 80' lang='grc' dir='ltr'><strong>ἵνα</strong></span> <span class='ocrx_word' id='word_1_837' title='bbox 3788 5212 3820 5282; x_wconf 80' lang='grc' dir='ltr'><strong>ἡ</strong></span> 
     </span>
    </p>
   </div>
   <div class='ocr_carea' id='block_1_113' title="bbox 2217 5293 3821 5380">
    <p class='ocr_par' dir='ltr' id='par_1_113' title="bbox 2217 5293 3821 5380">
     <span class='ocr_line' id='line_1_113' title="bbox 2217 5293 3821 5380; baseline 0.003 -27"><span class='ocrx_word' id='word_1_838' title='bbox 2217 5293 2392 5374; x_wconf 84' lang='grc' dir='ltr'>ἡμέρα</span> <span class='ocrx_word' id='word_1_839' title='bbox 2422 5299 2560 5374; x_wconf 80' lang='grc' dir='ltr'>ὖμᾶς</span> <span class='ocrx_word' id='word_1_840' title='bbox 2589 5299 2872 5380; x_wconf 84' lang='grc' dir='ltr'>καταλάϐῃ</span> <span class='ocrx_word' id='word_1_841' title='bbox 2905 5302 2976 5366; x_wconf 83' lang='grc' dir='ltr'>ὥς</span> <span class='ocrx_word' id='word_1_842' title='bbox 3016 5299 3271 5374; x_wconf 77' lang='grc' dir='ltr'>κλέπτης.</span> <span class='ocrx_word' id='word_1_843' title='bbox 3305 5321 3334 5359; x_wconf 69' lang='grc' dir='ltr'>ι)</span> <span class='ocrx_word' id='word_1_844' title='bbox 3370 5301 3685 5380; x_wconf 82' lang='grc' dir='ltr'>Τουτέστιν,</span> <span class='ocrx_word' id='word_1_845' title='bbox 3738 5302 3821 5360; x_wconf 83' lang='grc' dir='ltr'><strong>Οὖ</strong></span> 
     </span>
    </p>
   </div>
   <div class='ocr_carea' id='block_1_114' title="bbox 2218 5379 3820 5471">
    <p class='ocr_par' dir='ltr' id='par_1_114' title="bbox 2218 5379 3820 5471">
     <span class='ocr_line' id='line_1_114' title="bbox 2218 5379 3820 5471; baseline 0.004 -28"><span class='ocrx_word' id='word_1_846' title='bbox 2218 5385 2492 5446; x_wconf 81' lang='grc' dir='ltr'>σκοτεινὸν</span> <span class='ocrx_word' id='word_1_847' title='bbox 2539 5387 2630 5446; x_wconf 74' lang='grc' dir='ltr'>καὶ</span> <span class='ocrx_word' id='word_1_848' title='bbox 2684 5379 2985 5471; x_wconf 80' lang='grc' dir='ltr'>ἀκάθαρτον</span> <span class='ocrx_word' id='word_1_849' title='bbox 3028 5390 3181 5471; x_wconf 82' lang='grc' dir='ltr'>ἔχετε</span> <span class='ocrx_word' id='word_1_850' title='bbox 3239 5389 3375 5470; x_wconf 89' lang='grc' dir='ltr'>βίον.</span> <span class='ocrx_word' id='word_1_851' title='bbox 3424 5389 3496 5452; x_wconf 91' lang='grc' dir='ltr'>Τί</span> <span class='ocrx_word' id='word_1_852' title='bbox 3539 5379 3658 5460; x_wconf 59' lang='lat' dir='ltr'><strong>03v;</strong></span> <span class='ocrx_word' id='word_1_853' title='bbox 3724 5392 3820 5449; x_wconf 84' lang='grc' dir='ltr'>οὐκ</span> 
     </span>
    </p>
   </div>
  </div>
