4104 6462
362 418 493 471 1317
1211 416 1560 473 EXPOSITIO
1600 417 1665 471 IN
1704 415 1917 472 EPIST.
1959 415 1976 470 l
2015 416 2108 472 AD
2147 415 2378 472 THESS.
2422 448 2490 456 —
2529 417 2680 472 CAP.
2724 418 2786 471 V.
3524 420 3662 475 1318

356 547 547 623 ἔμελλε
575 545 667 604 καὶ
694 546 870 627 αὐτοῖς
908 545 1118 617 ἀδήλως
1149 546 1461 627 ἐφίστασθαι
1499 552 1533 619 ἡ
1578 546 1823 623 τελευτὴ,
1849 546 1947 607 κᾶν

2087 544 2209 616 Quid
2255 546 2425 617 inde?
2467 562 2653 603 nonne
2701 554 2757 603 et
2813 546 2920 602 illis
2966 562 3115 603 mors
3161 546 3369 603 incerto
3415 554 3664 620 tempore

358 634 434 712 μὴ
473 635 761 715 ἀκάθαρτοι
802 626 977 707 ﬁdem;
1009 626 1238 707 Ἀδήλως
1284 636 1379 715 μὲν
1424 637 1808 711 ἐπιστήσεται,
1834 638 1954 696 ἀλλ’

2087 636 2363 692 ιὺνθηιυτθ
2397 645 2535 703 erat,
2577 636 2797 693 etiamsi
2838 636 3035 707 impuri
3066 652 3179 693 non
3217 642 3402 693 erant?
3437 639 3654 693 Incerto

355 725 524 785 οὐδενὶ
552 722 739 792 αὐτοὺς
767 722 1320 807 περιϐαλεῖᾼλυπηρῷ.
1367 726 1475 788 Καὶ
1511 727 1615 807 γὰρ
1644 732 1752 795 τοῖς
1784 730 1950 806 ἐγρη-

2087 725 2285 796 luidem
2316 733 2564 798 tempore
2592 725 2846 793 instabit,
2880 725 2976 781 sed
3006 735 3193 782 tamen
3230 727 3287 782 in
3316 726 3522 782 nullam
3566 742 3660 783 eos

354 814 571 895 γορόσι,
612 814 703 871 καὶ
751 816 803 872 ἐν
836 803 972 896 φωτὶ
1018 803 1171 888 οὖσι,
1360 803 1599 893 γένηταί*
1623 841 1702 884 τις
1756 803 1956 883 εἴσοδος

2091 814 2338 871 ristitiam
2375 815 2644 886 conjiciet.
2688 818 2830 871 Nam
2877 816 3135 871 excubias
3174 817 3459 887 agentibus
3499 832 3657 873 com-

355 906 586 984 λῃστοῦ,
641 903 787 962 οὐδὲν
839 904 1175 979 λυμήνασθαι
1232 904 1546 984 δυνήσεται,
1597 906 1715 974 τοὺς
1765 906 1819 964 δὲ
1887 908 1940 964 ἐν

2087 906 2518 979 norantibusque
2594 906 2648 960 in
2708 907 2846 970 luce,
2917 905 3140 961 etiamsi
3209 905 3397 977 praedo
3465 905 3661 978 aliquis

359 993 539 1053 σκότει
566 992 659 1054 καὶ
689 991 1037 1062 καθεύδοντας
1072 993 1357 1073 γυμνώσας
1379 997 1409 1054 ὁ
1439 995 1641 1075 λῃστὴς
1671 996 1873 1055 ἄπεισι.

2088 1010 2345 1068 ngressus
2384 993 2583 1063 fuerit,
2630 995 2758 1051 nihil
2799 994 3043 1063 nocebit,
3083 1011 3260 1068 neque
3294 1004 3517 1052 vastare
3561 1012 3657 1050 eos

2070 1085 2285 1155 poterit.
2317 1088 2427 1142 Eos
2464 1101 2593 1141 vero
2647 1084 2740 1157 qui
2788 1093 2916 1140 sunt
2950 1086 3007 1141 in
3048 1084 3287 1141 tenebris
3327 1094 3491 1158 atque
3533 1085 3662 1141 dor-

2069 1176 2272 1243 miunt,
2300 1174 2541 1248 spolians
2570 1183 2735 1247 atque
2769 1175 2981 1230 nudans
3011 1175 3140 1230 abit.

453 1285 483 1321 ιι
544 1262 751 1329 Πάντες
790 1261 891 1339 γὰρ
936 1265 1087 1339 ὑμεῖς
1137 1261 1240 1322 υἱοὶ
1294 1262 1464 1345 φωτός
1510 1265 1669 1342 ἐστε,
1729 1262 1821 1323 καὶ
1860 1263 1961 1324 υἱοὶ

2146 1266 2323 1321 Vens.
2366 1270 2419 1320 5.
2462 1266 2654 1321 Omnes
2684 1266 2825 1319 enim
2856 1279 2945 1319 vos
2979 1266 3082 1333 ﬁlii
3118 1266 3251 1320 lueis
3284 1267 3433 1328 estis,
3475 1270 3525 1320 et
3562 1266 3669 1336 ﬁlii

360 1354 588 1433 ἡμέρας.
620 1375 651 1410 ι)
672 1348 890 1431 Ὥσπερ
913 1353 1015 1412 υἱοὶ
1044 1352 1273 1429 γεέννης,
1297 1356 1346 1412 οἱ
1367 1354 1486 1423 ἄξια
1511 1354 1721 1432 γεέννης
1756 1358 1964 1413 ποιοῦν-

2087 1356 2202 1411 iiei.
2243 1354 2473 1410 Perinde
2512 1370 2576 1410 ac
2618 1353 2711 1408 ﬁlii
2758 1361 2888 1409 sunt
2934 1353 3223 1426 gehennae,
3266 1354 3359 1425 qui
3411 1353 3661 1426 gehenna

364 1467 486 1520 τες,
530 1441 623 1501 καὶ
670 1443 773 1501 υἱοὶ
803 1442 1095 1517 ἀπειθείας,
1126 1444 1174 1502 οἱ
1208 1446 1459 1512 ἀπειθεῖς·
1512 1445 1651 1504 οὕτω
1699 1442 1800 1504 υἱοὶ
1847 1467 1963 1525 φω-

2087 1444 2238 1517 ligna
2268 1451 2554 1517 peragunt,
2590 1459 2656 1499 ac
2688 1442 2784 1498 ﬁlii
2822 1442 3225 1511 inobedientiaa,
3246 1442 3664 1500 inobedientes:

367 1532 454 1600 τὸς
487 1531 577 1591 καὶ
599 1531 837 1612 ἡμέρας,
869 1533 919 1590 οἱ
950 1530 1017 1591 τὰ
1039 1537 1135 1591 τοῦ
1166 1532 1335 1615 φωτὸς
1372 1533 1719 1614 πράττοντες.

2087 1533 2222 1590 haud
2251 1549 2411 1590 secus
2446 1532 2543 1589 ﬁlii
2580 1539 2714 1589 sunt
2740 1532 2970 1588 luminis
3000 1548 3066 1587 ac
3096 1531 3225 1600 diei,
3262 1532 3355 1604 qui
3385 1547 3508 1604 quae
3537 1532 3670 1589 lucis

2074 1633 2207 1681 sunt
2238 1622 2473 1679 iaciunt.

464 1736 494 1771 ιι
523 1712 643 1772 Οὐκ
690 1710 852 1789 ἐσμὲν
887 1711 1104 1790 νυκτὸς,
1153 1710 1271 1773 οὐδὲ
1321 1712 1623 1782 σκότους.»
1675 1711 1965 1775 Ἰόυτίστιν

2144 1716 2264 1774 Non
2309 1727 2497 1770 sumus
2524 1714 2712 1777 noctis,
2760 1728 2933 1783 neque
2993 1712 3359 1767 tenebrarum.
3420 1714 3541 1769 Hoc
3590 1719 3674 1769 est

374 1802 660 1882 ἁμαρτίας.

2078 1805 2282 1861 Ὧϐοδῑί
2293 1844 2306 1859 .

464 1880 651 1972 ι‹-Ἀρα
696 1880 787 1951 οὖν
820 1888 897 1967 μὴ
929 1890 1300 1969 καθεύδωμεν,
1343 1895 1415 1961 ὡς
1464 1892 1556 1953 καὶ
1599 1896 1646 1954 οἱ
1690 1893 1962 1966 λοιποι⁵²,

2155 1897 2329 1951 Vsus.
2360 1899 2410 1949 6.
2460 1895 2575 1951 Non
2620 1894 2804 1961 igitur
2841 1892 3193 1957 dormiamus,
3240 1897 3305 1949 ut
3332 1894 3531 1955 caeteri,
3577 1892 3672 1948 sed

373 1980 513 2042 ἀλλὰ
537 1983 924 2062 γρηγορῶμεν,
970 1982 1064 2040 καὶ
1110 1980 1382 2063 νήφωμεν.
1410 2005 1440 2040 n
1535 1982 1830 2057 Τουτέστι,
1872 1980 1968 2054 Μὴ

375 2072 658 2147 ἀμελῶμεν
692 2073 796 2129 τῶν
841 2073 1019 2130 καλῶν
1075 2069 1262 2151 ἔργων.
1315 2071 1595 2141 Ἐπίτασις
1626 2072 1678 2131 δὲ
1711 2072 1969 2153 ἐγρηγόρ-

370 2182 504 2228 σεως
535 2159 595 2218 τὸ
639 2159 842 2241 νήφειν.
889 2159 1058 2220 Ἐστι
1093 2160 1196 2239 γὰρ
1228 2162 1577 2242 ἐγρηγορέναι
1613 2162 1743 2240 μὲν,
1769 2159 1843 2238 μὴ
1873 2161 1972 2233 νή-

372 2272 484 2327 φειν
521 2248 593 2307 δέ’
621 2252 690 2315 ὡς
738 2249 801 2309 ἂν
845 2250 891 2307 εί
942 2248 1105 2328 ἔλεγε“
1156 2250 1444 2331 Νηφόντως
1495 2249 1561 2311 τὰ
1592 2250 1766 2331 ἀγαθὰ
1792 2250 1971 2331 πράτ-

373 2362 549 2415 τωμεν
592 2338 685 2397 καὶ
715 2341 1101 2418 προσεκτικῶς.

463 2450 494 2487 α
524 2429 594 2490 Οἱ
625 2426 728 2508 γὰρ
771 2426 1112 2496 καθεύδοντες
1134 2473 1149 2503 ,
1200 2429 1383 2497 νυκτὸς
1416 2428 1752 2489 καθεύδουσι·
1801 2428 1892 2488 καὶ
1922 2429 1971 2488 οῖ

376 2517 793 2595 μεθυσκόμενοι,
846 2518 1031 2587 νυκτὸς
1082 2518 1378 2595 μεθύουσιν.
1474 2518 1665 2597 Ἡμεῖς
1722 2519 1776 2578 δὲ
1828 2517 1970 2594 ἠμέ-

375 2631 471 2687 ρας
515 2606 687 2681 ὄντες,
729 2606 1008 2689 νήφωμεν.
1066 2634 1091 2659 ιο
1125 2608 1490 2677 Καθεύδοντας
1538 2608 1658 2676 τοὺς
1700 2611 1752 2668 ἰν
1805 2608 1971 2688 κακία

376 2696 557 2778 φησὶν,
587 2699 658 2765 ὡς
697 2698 1074 2777 ἀνενεργήτους
1100 2697 1231 2777 πρὸς
1267 2696 1365 2769 τὴν
1398 2698 1622 2780 ἀρετὴν,
1660 2698 1751 2757 καὶ
1794 2696 1971 2757 πάντα

375 2786 872 2865 φαντασιουμίνους.
981 2789 1223 2846 Τοιαῦτα
1284 2787 1387 2867 γὰρ
1448 2788 1517 2848 τὰ
1576 2794 1668 2848 τοῦ
1717 2784 1973 2866 παρόντος

379 2875 529 2952 βίου,
574 2875 857 2955 ὀνειράτων
889 2875 1035 2935 οὐδὲν
1068 2875 1406 2956 διαφέροντα.
1495 2875 1660 2936 Ἀλλὰ
1688 2874 1780 2935 καὶ
1810 2876 1973 2952 μέθην

376 2964 555 3043 λέγει,
587 2966 647 3025 οὔ
671 2964 766 3036 τὴν
796 2964 850 3033 ἐξ
880 2963 1021 3024 οἴνου
1053 2963 1210 3041 μόνον
1229 3012 1245 3039 ,
1276 2965 1419 3026 ἀλλὰ
1460 2967 1551 3025 καὶ
1576 2966 1671 3038 τήν
1700 2964 1808 3024 ἀπὸ
1841 2966 1976 3025 πάν-

2088 1986 2384 2053 u'gilemus,
2418 1988 2470 2039 et
2495 1984 2664 2039 sobrii
2682 1986 2870 2039 simus.
2898 1985 3020 2039 Hoc
3052 1990 3155 2045 est,
3193 1999 3307 2039 non
3328 1981 3675 2055 negligamus

2083 2075 2224 2131 bona
2259 2089 2443 2146 opera.
2476 2073 2787 2145 Vigilantiae
2814 2080 3002 2129 autem
3030 2073 3271 2129 intensio
3316 2080 3401 2128 est
3427 2069 3672 2128 sobrium

2081 2180 2199 2221 esse
2231 2182 2242 2218 :
2286 2163 2407 2219 ﬁeri
2447 2162 2595 2219 enim
2630 2170 2830 2234 potest,
2866 2171 2926 2218 ut
2962 2162 3085 2235 quis
3114 2162 3319 2234 vigilet,
3351 2177 3457 2219 nec
3484 2169 3671 2217 tamen

2079 2254 2149 2309 sit
2197 2253 2417 2309 sobrius
2464 2270 2477 2308 :
2524 2251 2749 2324 perinde
2800 2252 2953 2324 quasi
2999 2252 3167 2321 dicat,
3212 2251 3406 2308 Sobrie
3448 2266 3673 2324 agamus

2080 2359 2203 2416 quae
2232 2342 2375 2400 bona
2405 2350 2556 2409 sunt,
2588 2350 2641 2399 et
2670 2349 2903 2399 attente.

2152 2436 2330 2491 Vsus.
2376 2439 2429 2489 7.
2465 2434 2571 2500 Qui
2592 2435 2735 2487 enim
2773 2433 3049 2488 dormiunt
3076 2436 3223 2489 nocte
3254 2432 3532 2487 dormiunt
3563 2448 3581 2483 .·
3615 2435 3666 2485 et

2081 2526 2177 2594 qui
2210 2524 2352 2578 ebrii
2393 2527 2518 2578 sunt
2550 2526 2698 2577 nocte
2728 2522 2867 2576 ebrii
2891 2526 3059 2591 sunt;
3092 2538 3186 2578 nos
3223 2532 3403 2577 autem
3427 2522 3527 2591 qui
3556 2519 3670 2574 diei

2079 2630 2281 2677 sumus,
2321 2612 2498 2669 sobrii
2521 2613 2708 2668 simus.
2757 2611 3114 2667 Dormientes
3158 2619 3315 2667 vocat
3353 2626 3451 2667 eos
3476 2608 3569 2683 qui
3614 2610 3669 2665 in

2084 2703 2292 2759 malitia
2339 2701 2660 2770 dormiunt,
2705 2716 2807 2758 ceu
2849 2700 2918 2759 ad
2958 2702 3213 2757 virtutem
3254 2700 3417 2757 nullis
3461 2698 3676 2773 prtediti

2082 2791 2314 2860 viribus,
2354 2800 2521 2863 atque
2559 2791 2748 2847 omnia
2791 2791 2964 2847 veluti
3006 2806 3103 2863 per
3157 2788 3442 2846 somnium
3470 2788 3665 2861 imagi-

2084 2890 2293 2939 nantes.
2326 2880 2659 2953 Huiusmodi
2688 2882 2839 2937 enim
2875 2889 3005 2937 sunt
3040 2896 3129 2937 res
3159 2879 3442 2953 praesentis
3472 2879 3615 2946 vitae,
3645 2894 3675 2933 a

2082 2971 2310 3029 somniis
2364 2971 2503 3026 nihil
2546 2968 2885 3027 differentes.
2926 2969 3264 3026 Ebrietatem
3310 2984 3473 3040 porro
3519 2967 3677 3035 dicit,

377 3078 481 3112 των
510 3057 615 3113 τῶν
644 3057 829 3115 παθῶν
850 3099 866 3128 ,
900 3057 970 3121 ὡς
1021 3052 1306 3122 ἐξιστῶσαν
1349 3060 1441 3115 τοῦ
1487 3054 1628 3115 κατὰ
1658 3053 1840 3137 φύσιν,
1884 3054 1977 3114 καὶ

2087 3077 2198 3118 non
2226 3076 2347 3117 eam
2377 3075 2502 3133 quae
2529 3074 2595 3116 ex
2626 3059 2756 3115 vino
2781 3067 2997 3115 tantum
3023 3067 3125 3129 est,
3157 3074 3347 3115 verum
3372 3058 3537 3114 etiam
3558 3071 3678 3112 eam

377 3142 720 3225 σκοτίζουσαν
750 3143 811 3202 τὸ
853 3142 1192 3223 ἡγεμονικόν.
1230 3144 1314 3205 Οὖ
1348 3143 1523 3204 τοίνυν
1552 3148 1709 3221 ὑμεῖς
1739 3143 1976 3225 ὀφείλετε

2087 3167 2214 3224 quae
2246 3166 2310 3207 ex
2341 3148 2597 3207 omnibus
2634 3148 2927 3207 affectibus
2954 3148 3236 3221 animique
3268 3145 3437 3219 524
3466 3154 3681 3218 pertur-

373 3238 601 3292 τοιοῦτοι
648 3222 799 3292 εἶναι.
851 3222 934 3294 Οὖ
963 3232 1066 3314 γάρ
1092 3236 1214 3294 ἕστε
1255 3235 1442 3302 νυκτὸς
1470 3234 1562 3294 καὶ
1587 3222 1806 3301 σκότους
1834 3233 1938 3293 υἱοὶ
1957 3278 1974 3310 ,

2087 3222 2392 3299 bationibus
2430 3240 2676 3309 exsistit,
2728 3248 2790 3297 ut
2834 3254 2960 3313 quae
3000 3254 3031 3295 a
3069 3247 3269 3295 natura
3306 3236 3544 3305 deﬁciat,
3582 3251 3685 3292 nec

377 3321 495 3381 ἀλλ’
521 3320 758 3401 ἡμέρας,
788 3320 875 3382 διὰ
921 3327 1016 3382 τοῦ⁹
1049 3322 1422 3402 βαπτίσματος
1470 3323 1563 3384 καὶ
1605 3327 1700 3397 τῆς
1741 3326 1847 3384 τῶν
1887 3326 1977 3384 ἐν·

376 3413 543 3472 τολῶν
572 3417 667 3472 τοῦ
698 3415 842 3474 Θεοῦ
876 3413 1215 3494 παραδοχῆς.

470 3704 500 3740 ι(
526 3678 909 3759 Ἐνδυσοίμενοι
960 3678 1177 3760 θώρακα
1240 3701 1469 3747 πιστεως
1521 3678 1613 3738 καὶ
1666 3678 1899 3757 ἀγάπης.
1938 3702 1966 3738 ι)

381 3774 499 3832 Οὐκ
552 3772 702 3851 ἀρκεῖ
743 3771 803 3830 τὸ
834 3769 1180 3851 ἐγρηγορέναι
1208 3769 1298 3829 καὶ
1342 3768 1732 3851 νήφεινπάλλὰ
1777 3768 1977 3829 δεῖκαὶ

381 3860 773 3920 καθωπλίσθαι.
861 3850 955 3919 Ἂν
997 3860 1103 3940 γάρ
1132 3883 1207 3926 τις
1240 3860 1538 3939 ἐγρηγορὼς
1642 3858 1733 3918 καὶ
1762 3859 1940 3941 νήφων
1961 3903 1979 3933 ,

384 3948 460 4026 μὴ
489 3948 592 4030 ἔχῃ
644 3948 699 4008 δὲ
732 3947 874 4008 ὅπλα
894 3993 910 4022 ,
960 3947 1166 4029 ταχέως
1207 3950 1363 4008 αὐτὸν
1405 3951 1455 4008 οἱ
1488 3948 1683 4028 λῃσταὶ
1717 3949 1980 4028 κατεργά-

382 4042 580 4108 ζονται.
625 4062 655 4098 ιι
677 4037 919 4117 Θώρακα
947 4037 1003 4097 δὲ
1032 4037 1262 4105 πίστεως
1289 4037 1380 4097 καὶ
1412 4038 1625 4117 ἀγάπης
1648 4085 1666 4115 ,
1708 4060 1736 4095 ιι
1777 4037 1941 4098 εἰπὼν
1960 4087 1978 4114 ,

384 4127 627 4208 δόγματα
652 4127 745 4187 καὶ
772 4127 885 4208 βίον
926 4128 1123 4207 ἀγαθὸν
1153 4127 1387 4206 ᾐνίξατο·
1436 4127 1593 4188 τοῦτό
1630 4131 1743 4188 ἐστι
1775 4128 1838 4188 τὸ
1886 4130 1980 4189 ὅν-

382 4242 485 4285 τως
515 4216 717 4300 νήφειν.
804 4219 929 4299 Οὗχ
951 4219 1133 4285 ἁπλῶς
1154 4218 1209 4278 δὲ
1243 4218 1322 4277 δεῖ
1356 4225 1524 4279 ταῦτα
1554 4218 1693 4299 ἔχειν
1715 4263 1734 4296 ,
1764 4220 1882 4278 ἀλλ’
1912 4222 1983 4286 ὡς

384 4308 623 4389 θώρακα.
674 4309 876 4368 Τοῦτον
924 4308 1026 4386 γὰρ
1068 4306 1217 4366 οὐδὲν
1262 4308 1457 4389 ῥαδίως
1506 4307 1814 4386 διατέμνει,
1862 4310 1981 4368 ἀλλ’

384 4386 492 4456 οἶόν
520 4420 570 4456 τι
598 4396 794 4477 τειχίον
844 4395 957 4454 ἐστὶ
988 4399 1064 4476 τῷ
1109 4386 1331 4473 στήθει,
1375 4397 1468 4456 καὶ
1497 4395 1647 4457 οὐδὲν
1676 4401 1782 4458 τῶν
1816 4420 1982 4457 πεπυ-

386 4484 637 4568 ρωμένων
670 4491 762 4546 τοῦ
791 4484 1038 4547 διαϐόλου
1072 4487 1243 4565 βελῶν
1270 4485 1466 4568 ἅψεται
1498 4489 1675 4563 ἡμῶν.

476 4685 505 4723 α
533 4662 643 4725 Καὶ
663 4663 1080 4746 περικεφαλαίαν
1107 4661 1297 4724 ἐλπίδα
1324 4660 1588 4742 σωτηρίας
1604 4664 1680 4723 ⁵³.
1708 4686 1736 4721 ι)
1770 4661 1986 4744 ⁰Ωσπερ

388 4757 424 4825 ἡ
472 4754 864 4835 περικεφαλαία
909 4753 971 4813 τὸ
1017 4751 1341 4834 κυριώτατον
1372 4755 1426 4812 ἐν
1452 4756 1582 4830 ἡμῖν
1624 4751 1720 4825 τὴν
1746 4755 1985 4836 κεφαλὴν

389 4841 544 4913 σώζει
606 4843 698 4903 καὶ
751 4844 993 4925 διατηρεῖ
1049 4843 1346 4903 σκέπουσα·
1403 4841 1541 4902 οὕτω
1595 4842 1688 4902 καὶ
1742 4848 1777 4917 ἡ
1837 4845 1986 4912 ἐλπὶς

388 4932 648 5015 φυλάττει
682 4932 770 4992 τὸν
800 4941 917 4994 νοῦν
936 4977 953 5011 ,
987 4931 1079 4992 καὶ
1122 4932 1383 5013 σωτήριον
1434 4934 1579 5013 αὖτῷ
1610 4931 1877 4993 δείκνυται
1909 4934 1984 5015 ⁵),

388 5013 535 5083 οὐδὲν
567 5025 672 5083 τῶν
718 5022 1010 5104 ἔξωθενίείς
1041 5023 1195 5083 αὐτὸν
1240 5032 1421 5083 πεσεῖν
1467 5024 1633 5084 ἐῶσα.
1719 5020 1867 5104 Ὅρα
1896 5013 1984 5084 οὖν

387 5112 417 5172 ὃ
464 5111 555 5173 καὶ
587 5114 831 5193 ἀλλαχοῦ
883 5102 1018 5173 εἷπε·
1058 5112 1251 5173 Πίστιν
1273 5155 1291 5186 ,
1337 5110 1565 5187 ἐλπίδα,
1615 5102 1871 5193 ἀγάπην,
1918 5114 1986 5174 τὰ

386 5202 511 5283 τρία
537 5207 741 5275 ταῦτα,
781 5200 874 5263 καὶ
904 5206 995 5263 ν’ὗν
1022 5207 1251 5261 κτᾶσθαι
1274 5200 1503 5264 κελεύει.

470 5314 499 5351 ε
529 5287 664 5353 Ὀτι
700 5293 796 5353 οὐκ
823 5290 970 5352 ἔθετο
993 5295 1137 5369 ἡμᾶς
1181 5295 1209 5350 ὃ
1242 5291 1379 5359 Θεὸς
1422 5292 1497 5359 εἰς
1533 5290 1717 5374 ὀργὴν,
1761 5293 1880 5352 ἀλλ’
1912 5296 1985 5362 εἰς

388 5380 729 5464 περιποίησιν
792 5381 1084 5464 σωτηρίας,
1134 5381 1222 5441 διὰ
1270 5386 1363 5441 τοῦ
1413 5381 1613 5464 Κυρίου
1665 5387 1819 5461 ἡμῶν
1873 5382 1985 5458 Ἰη-

463 5559 492 5590 ⁸
518 5554 541 5608 ι
571 5552 701 5611 Cor.
732 5567 875 5619 xm,
910 5557 999 5610 15.

2012 4464 2063 4529 D

2084 3348 2199 3388 non
2237 3329 2493 3388 obscuret
2533 3330 2924 3388 dominantem
2971 3329 3204 3386 rationis
3250 3336 3473 3401 partem.
3518 3324 3684 3382 Haud

2084 3421 2256 3494 igitur
2298 3435 2396 3477 vos
2422 3419 2637 3477 debetis
2666 3420 2804 3476 tales
2841 3434 2960 3476 esse
2991 3438 3003 3474 :
3036 3434 3151 3475 non
3175 3419 3325 3475 enim
3351 3416 3482 3474 estis
3506 3415 3688 3472 noctis

2081 3526 2143 3566 ac
2172 3510 2525 3566 tenebrarum
2566 3508 2682 3575 ﬁlii,
2720 3508 2817 3565 sed
2847 3508 2977 3577 diei,
3014 3524 3110 3579 per
3140 3507 3417 3579 baptisma
3446 3505 3680 3561 manda-

2085 3610 2378 3672 torumque
2403 3599 2507 3655 Dei
2541 3597 2999 3669 assumptionem.

2155 3690 2326 3746 Vsus.
2348 3694 2401 3744 8.
2420 3688 2613 3744 Induti
2633 3689 2848 3742 loricam
2864 3688 2994 3758 ﬁdei
3011 3691 3061 3742 et
3076 3687 3383 3741 chariiatis.
3410 3686 3536 3740 Non
3552 3683 3686 3740 satis

2083 3787 2168 3836 est
2212 3778 2433 3851 vigilare
2473 3793 2536 3834 ac
2576 3776 2826 3834 sobrium
2856 3792 2998 3842 esse,
3032 3791 3225 3832 verum
3268 3774 3440 3831 etiam
3484 3772 3685 3829 armari

2088 3876 2322 3942 oportet.
2365 3870 2507 3925 Nam
2556 3867 2682 3923 licet
2701 3866 2898 3939 aliquis
2949 3865 3177 3937 vigilans
3221 3864 3295 3922 sit
3342 3871 3398 3920 et
3446 3862 3687 3927 sobrius,

2090 3974 2198 4015 non
2223 3957 2422 4015 habeat
2449 3964 2641 4013 autem
2687 3971 2863 4025 arma,
2902 3954 3057 4011 facile
3085 3970 3216 4011 eum
3246 3954 3483 4010 latrones
3522 3951 3693 4008 couﬁ-
3744 3990 3747 3993 ν

2089 4048 2261 4105 ciunt.
2296 4049 2535 4105 Loricam
2563 4054 2751 4103 autem
2778 4046 2912 4117 fidei
2938 4050 2988 4101 et
3010 4046 3294 4101 charitatis
3335 4042 3543 4110 dicens,
3586 4042 3689 4098 do-

2089 4146 2279 4211 gmata
2309 4146 2364 4194 et
2399 4137 2603 4194 bonam
2632 4137 2808 4193 vitam
2836 4134 3194 4192 adumbravit
3226 4150 3238 4185 :
3280 4133 3385 4190 hoc
3415 4132 3563 4188 enim
3606 4139 3689 4187 est

2090 4243 2214 4284 vere
2238 4227 2485 4285 sobrium
2519 4241 2657 4283 esse.
2686 4228 2815 4282 Non
2848 4224 3177 4298 simpliciter
3203 4230 3390 4280 autem
3420 4221 3537 4279 haec
3561 4228 3693 4278 sunt

2092 4315 2367 4384 habenda,
2407 4323 2671 4373 caeterum
2714 4313 2877 4370 veluti
2933 4314 3118 4370 lorica.
3165 4311 3329 4369 Hanc
3374 4310 3519 4368 enim
3562 4309 3692 4365 nihil

2090 4405 2246 4463 facile
2290 4404 2550 4473 dissecat,
2594 4403 2693 4461 sed
2734 4403 2903 4461 veluti
2940 4404 3359 4460 munimentum
3406 4398 3691 4472 quoddam

2095 4504 2178 4553 est
2217 4495 2444 4569 pectori,
2486 4510 2551 4551 ac
2588 4493 2804 4551 nullum
2846 4493 3151 4567 ignitorum
3196 4494 3414 4549 Satanae
3456 4489 3693 4546 telorum

2096 4603 2198 4643 nos
2228 4593 2440 4659 tanget.

2166 4678 2239 4731 Et
2280 4674 2493 4743 galeam
2528 4689 2676 4745 spem
2731 4672 2949 4728 salutis.
3008 4667 3495 4744 Quemadmodum
3540 4667 3694 4739 galea

2096 4765 2437 4838 praecipuum
2487 4763 2807 4820 membrum
2859 4770 3139 4829 nostrum,
3184 4768 3350 4832 caput
3402 4758 3694 4825 nimirum,

2095 4853 2334 4927 tegendo
2367 4853 2579 4911 salvum
2602 4860 2829 4925 praestat
2852 4867 2915 4908 ac
2942 4857 3233 4908 conservat
3263 4868 3276 4904 :
3310 4849 3456 4904 hunc
3477 4846 3547 4904 ad
3571 4862 3694 4902 mo-

2094 4942 2232 5001 dum
2255 4959 2381 5016 spes
2400 4950 2691 5000 conservat
2714 4950 2982 5010 mentem,
3003 4948 3059 4997 et
3081 4938 3340 4996 salutaris
3360 4937 3408 4994 ei
3440 4937 3524 5005 ﬁt,
3561 4935 3693 4991 nihil

2098 5048 2295 5091 eorum
2322 5048 2449 5107 qua:
2473 5034 2543 5089 ab
2570 5041 2724 5089 extra
2751 5039 2881 5089 sunt
2908 5030 3153 5087 incidere
3184 5028 3372 5085 sinens
3402 5028 3456 5083 in
3493 5026 3695 5099 ipsam.

2096 5121 2493 5180 Animadverte
2511 5122 2679 5196 igitur
2698 5120 2850 5195 quod
2868 5120 2997 5177 alibi
3015 5132 3043 5156 ιι
3060 5118 3279 5186 dixerit,
3302 5116 3514 5185 Fidem,
3536 5130 3695 5187 spem

2098 5212 2456 5281 charitatem,
2496 5213 2602 5269 tria
2630 5211 2751 5268 haec
2812 5228 2826 5265 :
2874 5225 3022 5267 nunc
3048 5223 3113 5266 ea
3152 5221 3477 5281 comparare
3517 5203 3694 5278 jubet.

2168 5306 2346 5361 Vens.
2370 5309 2425 5371 9,
2448 5306 2537 5358 to.
2558 5303 2822 5371 Quoniam
2842 5301 3143 5371 nonposuit
3162 5313 3256 5354 nos
3278 5300 3421 5353 Deus
3438 5297 3504 5351 in
3531 5297 3695 5357 iram,

2098 5392 2194 5448 sed
2234 5395 2292 5449 in
2330 5394 2749 5464 acquisitionem
2782 5391 2978 5446 salutis
3003 5405 3107 5461 per
3133 5388 3420 5445 Dominum
3454 5389 3698 5442 nostrum

1776 5633 1962 5694 Variae
2006 5635 2304 5696 lectiones.

464 5750 510 5786 ⁸³
537 5748 722 5806 πολλοὶ
738 5764 791 5809 o.
857 5748 903 5787 ⁵³
932 5747 1126 5813 ἐλπίδος
1146 5748 1390 5821 σωτηρίου
1406 5749 1485 5823 ζο,
1518 5750 1563 5787 ⁵⁸
1591 5751 1782 5823 γίνεται
1806 5766 1870 5811 ο.
