4104 6450
399 410 537 467 1319

1361 399 1879 462 THEOPHYLACTI
1917 370 2276 455 summa:
2310 399 2625 458 ARCHIEP.

3572 390 3592 444 Ι
3605 387 3711 444 320

389 536 571 591 Jesum
596 533 889 590 Christum.
926 532 1037 600 Qui
1066 534 1310 587 mortuus
1344 535 1420 587 est
1444 545 1548 602 pro
1579 529 1751 593 nobis,
1788 531 1852 583 ut
1893 527 2000 581 sive

2118 530 2212 584 σοῦ
2252 527 2516 604 Χριστοῦ,
2557 530 2650 586 τοῦ
2687 522 3042 591 ἀποθανόντος
3079 521 3215 604 ὑπὲρ
3252 520 3431 598 ἡμῶν,
3470 513 3561 574 ἵνα
3601 511 3711 604 εἴτε

389 623 674 691 vigilemus
710 623 821 677 sive
849 622 1205 685 dormiamus,
1231 621 1398 677 simul
1429 636 1551 676 cum
1581 621 1702 690 ipso
1730 618 2002 674 vivamus.

390 712 550 767 Hane
577 710 649 768 ob
678 725 800 767 rem
819 750 836 778 ,
868 708 1076 783 inquit,
1103 709 1224 767 haec
1254 724 1411 767 arma
1441 708 1604 767 nobis
1626 704 2004 780 comparanda

390 808 544 868 sunt,
583 815 650 857 eo
694 798 849 872 quod
891 815 997 855 non
1043 802 1249 871 posuit,
1298 798 1403 857 hoc
1437 807 1525 856 est
1561 814 1673 856 non
1700 794 2006 871 segregavit

395 905 498 946 nos
532 891 702 960 Deus,
729 897 790 946 ut
816 890 936 963 ejus
959 889 1103 946 iram
1134 888 1508 962 experiamur,
1535 887 1634 945 sed
1671 895 1736 944 ut
1763 886 2009 959 acquirat

398 994 501 1036 nos
537 978 641 1036 sibi
682 979 811 1051 ipsi,
858 987 1025 1052 atque
1065 986 1263 1049 servet,
1310 978 1448 1036 dans
1476 994 1577 1051 pro
1602 977 1765 1035 nobis
1794 976 1996 1035 Filium

395 1083 562 1126 suum
590 1069 654 1125 in
682 1076 945 1126 mortem.
985 1068 1268 1126 Debemus
1295 1067 1463 1141 igitur
1490 1068 1548 1124 in
1574 1066 1831 1139 periculis
1854 1065 2001 1123 bona

393 1167 449 1214 et
489 1173 685 1232 magna
729 1174 966 1231 sperare.
1016 1159 1072 1215 Si
1112 1159 1264 1215 enim
1290 1156 1626 1215 credidimus
1675 1155 1826 1229 quod
1866 1156 2005 1212 Filio

396 1262 497 1305 suo
548 1247 726 1305 nostri
774 1248 952 1321 gratia
1013 1263 1128 1305 non
1187 1247 1452 1320 pepercit,
1506 1262 1800 1319 speremus
1847 1245 1997 1319 quod

394 1337 571 1395 multo
612 1337 792 1411 magis
821 1353 887 1394 ex
932 1336 1189 1410 periculis
1222 1336 1371 1395 hisce
1418 1352 1526 1394 nos
1574 1344 1731 1393 emet
1774 1353 1788 1391 :
1834 1342 2001 1408 atque

394 1426 716 1498 exemplum
761 1426 1100 1495 intueamur,
1147 1442 1213 1483 ac
1262 1424 1555 1500 diligamus
1601 1441 1732 1482 cum
1783 1424 1997 1497 ipsum,

394 1524 519 1573 tum
541 1523 822 1589 cognatos.
853 1516 1175 1589 Propterea,
1206 1515 1402 1588 inquit,
1436 1523 1695 1572 mortuus
1721 1523 1805 1572 est
1836 1514 2003 1571 Chri-

396 1612 536 1673 stus,
565 1613 625 1661 ut
652 1607 764 1660 sive
789 1607 1091 1674 vigilemus,
1134 1605 1241 1661 hoc
1265 1613 1368 1674 est,
1398 1605 1647 1662 vivamus
1677 1624 1691 1661 :
1727 1606 1839 1660 sive
1878 1604 1998 1659 dor»

396 1696 631 1750 miamus
680 1693 785 1751 hoc
841 1702 945 1764 est,
995 1694 1325 1763 moriamur,
1360 1711 1482 1750 cum
1530 1696 1649 1766 ipso
1689 1696 1937 1750 vivamus
1979 1711 2000 1748 .·

2114 602 2472 696 γρηγοροῢμεν
2521 613 2626 675 εἴτε
2694 613 3015 691 καθεύδομεν
3035 656 3052 686 ,
3105 602 3222 690 ἅμα
3275 609 3369 671 σὺν
3424 606 3569 686 αύτῷ
3612 602 3710 674 ζή-

2115 727 2320 783 σωμεν.
2347 724 2377 762 ι)
2410 703 2514 765 Διὰ
2532 709 2706 779 τοῦτο,
2723 704 2877 782 φησὶ,
2893 708 3064 762 ταῦτα
3090 700 3160 761 τὰ
3179 697 3320 760 ὅπλα
3336 698 3420 759 δεὶ⁹
3443 696 3672 783 κτᾶσθαι
3692 732 3711 760 ν

2115 780 2248 852 διότι
2271 796 2368 855 οὐκ
2387 793 2553 867 ἔθετο,
2581 780 2889 870 τουτέστιν,
2915 794 3013 852 οὐκ
3032 790 3295 872 ἀφώρισεν
3322 793 3465 866 ἡμᾶς
3488 787 3517 843 ὁ
3542 780 3709 872 Θεὸς,

2112 880 2201 943 ἵνα
2224 887 2317 956 τῆς
2339 884 2499 964 ὀργῆς
2528 884 2689 944 αὐτοῦ
2716 868 3139 960 ἀπολαύσωμεν,
3156 868 3290 938 'm'
3311 876 3402 937 ἵνα
3426 868 3714 964 περιποξῆ-

2116 996 2183 1049 σῃ
2207 977 2350 1050 ἡμᾶς
2374 959 2585 1053 αυτῷ,
2616 972 2710 1033 καὶ
2745 971 2895 1052 σώσῃ
2917 1017 2934 1048 ,
2974 970 3092 1038 δοὺς
3115 970 3248 1053 ὑπὲρ
3275 970 3429 1046 ἡμῶν
3458 965 3548 1024 τὸν
3580 959 3713 1023 risv

2115 1049 2277 1124 αὐτοῦ
2306 1065 2378 1131 εἰς
2407 1049 2656 1125 θάνατον.
2744 1049 3091 1143 ιὈοείλομεν
3121 1049 3229 1120 οὖν
3248 1058 3480 1126 ἐλπίζειν
3508 1055 3562 1112 ἐν
3594 1073 3712 1111 κινο

2114 1152 2283 1220 δύνοις
2330 1152 2548 1233 χρηστὰ
2598 1152 2689 1213 καὶ
2739 1152 2969 1231 μεγάλα.
3064 1151 3130 1210 Εἰ
3176 1148 3280 1229 γὰρ
3317 1143 3710 1219 ἐπιστεύσαμεν

2112 1243 2194 1303 δτι
2246 1248 2340 1303 τοῦ
2373 1244 2504 1305 Υἱοῧ
2560 1244 2655 1301 οὐκ
2692 1242 2939 1323 ἐφείσατο
2990 1238 3126 1322 ὑπὲρ
3177 1242 3368 1317 ἡμῶν,
3402 1235 3705 1310 ἕλπίζωμεν

2112 1332 2194 1393 ὅτι
2215 1333 2306 1393 καὶ
2336 1336 2521 1414 πολλῷ
2545 1334 2752 1409 μᾶλλον
2781 1336 2886 1392 τῶν
2918 1329 3172 1392 κινδύνων
3194 1328 3394 1389 τούτων
3423 1325 3699 1414 ἐξελείται·

2113 1423 2206 1482 καὶ
2255 1422 2450 1501 ἴδωμεν
2493 1412 2562 1481 *τὸ
2590 1422 2920 1502 ὑπόδειγμα,
2946 1420 3039 1482 καὶ
3083 1418 3453 1499 ἀγαπήσωμεν
3480 1412 3574 1475 καὶ
3606 1412 3708 1473 αὖ·

2116 1512 2209 1573 τὸν
2236 1511 2331 1572 καὶ
2359 1510 2478 1579 τοὺς
2500 1513 2790 1592 ὁμογενεῖς.
2822 1510 2926 1571 Διὰ
2951 1514 3132 1584 τοῦτο,
3171 1509 3356 1589 φησὶν,
3393 1504 3652 1592 ἀπέθανεν
3680 1503 3710 1559 ὁ

2116 1602 2374 1681 Χριστὸς,
2406 1600 2525 1676 ἵνα,
2559 1624 2588 1660 (ι
2619 1591 2734 1661 εἴτε
2774 1608 3134 1681 γρηγοροῦμεν
3164 1620 3195 1657 ο
3230 1604 3423 1677 ἡμεῖς,
3460 1591 3709 1655 τουτέστι

2113 1695 2287 1770 ζῶμεν
2311 1737 2329 1767 ,
2375 1713 2403 1749 tt
2432 1691 2536 1751 εἴτε
2584 1690 2939 1769 καθεύδομεν,
2994 1688 3266 1749 τουτέστιν
3321 1684 3670 1762 ἀποθάνωμεν
3690 1725 3708 1755 ,

396 1782 541 1840 aliud
569 1784 717 1840 enim
750 1799 915 1856 supra
943 1782 1082 1841 dixit
1108 1799 1395 1856 soporem,
1442 1792 1499 1840 et
1523 1783 1670 1840 aliud
1700 1784 1803 1840 hic.
1832 1782 1993 1854 Quod

2121 1805 2149 1840 ι(
2177 1782 2295 1859 μετ’
2318 1782 2479 1842 αὐτοῦ
2505 1779 2810 1855 ζησώμεθα.
2838 1801 2867 1840 ι)
2894 1778 3124 1860 Ἕτερον
3146 1777 3250 1883 γὲρ
3280 1776 3392 1836 ἄνω
3408 1775 3499 1835 τὸν
3520 1774 3709 1883 ὕπνογ,

398 1872 569 1945 igitur
597 1873 694 1943 ait,
735 1883 819 1930 est
854 1872 1176 1947 hujttsmodi
1213 1893 1226 1930 :
1274 1877 1354 1932 Ne
1398 1874 1659 1931 metuatis
1685 1872 1987 1946 corporalia

2110 1871 2201 1931 καὶ
2227 1871 2403 1953 ἕτερον
2434 1871 2661 1932 ἐνταῦθά
2696 1892 2880 1951 φησιν.
2938 1859 3121 1947 Ὅπερ
3151 1859 3239 1928 οὖν
3271 1866 3438 1946 λέγει,
3470 1861 3711 1953 τοιοῦτόν

394 1961 636 2035 pericula
669 1970 725 2019 et
762 1972 970 2020 mortes
1000 1981 1015 2018 :
1049 1963 1266 2020 etiamsi
1293 1964 1445 2021 enim
1490 1963 1817 2035 moriamur,
1850 1962 1995 2019 vive-

389 2066 512 2108 mus
546 2059 754 2109 tamen.
785 2054 1014 2110 Etenim
1052 2054 1100 2109 is
1140 2053 1235 2125 qui
1266 2054 1344 2111 sic
1382 2053 1572 2110 dilexit
1611 2070 1736 2122 nos,
1786 2061 1851 2109 ut
1892 2068 1994 2125 pro

390 2140 550 2200 nobis
582 2150 918 2212 moreretur,
953 2142 1100 2200 vivit.

464 2324 641 2379 Vsus.
669 2327 752 2378 ll.
778 2324 1067 2394 Propterea
1092 2322 1451 2379 consolamini
1478 2324 1726 2387 invicem,
1752 2328 1803 2379 et
1821 2324 1993 2394 adiﬁ-

394 2415 511 2467 cate
536 2413 678 2468 alter
706 2412 956 2477 alterum,
982 2414 1121 2468 sicut
1145 2414 1350 2481 facitis.
1391 2411 1617 2469 Viden’?
1640 2412 1787 2486 Quid
1821 2412 1986 2486 igitur

392 2499 647 2572 deinceps
682 2501 958 2574 praetexis,
986 2503 1112 2559 Non
1139 2516 1264 2558 sum
1293 2501 1533 2559 doctor?
1566 2503 1869 2573 Ediﬁcate,
1907 2502 1998 2558 in-

391 2590 530 2662 quit,
575 2591 716 2646 alter
755 2592 1010 2655 alterum,
1065 2591 1329 2664 quoniam
1377 2590 1635 2649 doctores
1679 2608 1790 2651 non
1836 2590 1997 2649 sufli-

394 2679 539 2736 ciant
574 2679 645 2736 ad
682 2680 933 2737 omnium
975 2681 1419 2738 instructionem.

464 2772 638 2828 Vens.
673 2775 759 2827 12.
779 2774 1050 2840 Rogamus
1075 2776 1261 2828 autem
1282 2788 1373 2828 vos
1396 2775 1628 2842 fratres,
1654 2777 1715 2830 ut
1738 2775 1996 2830 noveritis

395 2876 479 2915 eos
505 2862 600 2931 qui
632 2860 883 2917 laborant
909 2863 1053 2916 inter
1078 2878 1192 2918 vos.
1223 2862 1369 2932 Quia
1406 2860 1574 2934 525
1601 2862 1764 2933 dixit,
1802 2864 1997 2934 ﬁliiﬁ-

393 2954 509 3005 cate
545 2951 692 3007 alter
734 2951 988 3015 alterum,
1034 2967 1107 3007 ne
1133 2949 1448 3008 existiment
1469 2951 1620 3023 quod
1644 2967 1739 3009 eos
1763 2951 1833 3010 ad
1856 2951 1992 3009 doc-

2107 1963 2235 2022 ἰστι·
2290 1952 2386 2033 Μὴ
2416 1959 2688 2021 δεδοίκατε
2734 1958 2857 2027 τοὺς
2905 1957 3248 2037 σωματικοὺς
3299 1955 3570 2023 κινδύνους
3614 1952 3710 2013 καὶ

2108 2051 2363 2120 θανάτους
2412 2049 2515 2111 κᾶν
2570 2049 2922 2127 ἀποθάνωμεν
2941 2094 2958 2126 ,
3001 2048 3297 2125 ζησόμεθα·
3348 2046 3439 2106 καὶ
3480 2042 3584 2125 γὰρ
3615 2043 3710 2102 καὶ

2105 2145 2134 2200 ὅ
2187 2139 2352 2210 οὕτως
2402 2139 2689 2222 ἀγαπήσας
2758 2143 2933 2216 ἡμᾶς,
2987 2137 3126 2198 ὥστε
3188 2137 3323 2217 ὓπὶρ
3385 2138 3543 2211 ἡμῶν
3602 2137 3712 2191 θα-

2108 2238 2212 2291 νεῖν
2246 2231 2297 2269 ⁵³
2317 2276 2332 2302 ,
2367 2233 2456 2302 ζῆ.

2199 2258 2228 2379 ί(
2260 2276 2356 2381 Δίὸ
2367 2254 2745 2402 ςτῖάρακαλεῑτε
2788 2317 3078 2392 ἀλλήλους,
3128 2316 3221 2377 καὶ
3262 2316 3589 2393 οἰκοδομεῖτε
3620 2301 3696 2380 εἷς

2107 2409 2197 2470 τὸν
2224 2410 2317 2470 ἕνα
2334 2457 2352 2489 ,
2394 2409 2569 2478 καθὼς
2596 2408 2688 2468 καὶ
2717 2417 2936 2471 ποιεῖτε.
2960 2435 2984 2461 ι
3013 2406 3215 2488 Ὁρᾷς
3256 2409 3307 2467 Τ
3310 2405 3328 2465 ί
3353 2403 3538 2466 λοιπὸν
3571 2424 3707 2482 προ-

2106 2501 2303 2583 φασίζῃ
2330 2499 2511 2583 ⁵⁶,-δτι
2545 2502 2666 2561 Οὐκ
2694 2498 2809 2578 εἰμὶ
2844 2496 3193 2569 διδάσκαλοςς
3210 2517 3240 2554 ο
3270 2497 3643 2572 Οἰκοδομεῖτε,
3664 2514 3695 2551 n

2105 2581 2289 2672 φησὶν,
2329 2613 2362 2650 ιι
2399 2581 2471 2657 εἶς
2492 2588 2580 2649 τὸν
2607 2588 2733 2662 ἕνα,
2760 2616 2784 2642 ο
2809 2586 2993 2658 ἐπειδὴ
3025 2590 3075 2646 οἱ
3105 2585 3418 2645 διδάσκαλοι
3444 2583 3545 2663 οὐχ
3584 2584 3710 2641 ἱκα-

2110 2681 2188 2741 νοὶ
2218 2679 2348 2760 πρὸς
2372 2677 2469 2750 τὴν
2501 2682 2607 2738 τῶν
2638 2678 2855 2739 πάντων
2886 2676 3188 2737 νουθεσίαν.

2196 2792 2227 2829 (ι
2256 2769 2578 2851 Ἐρωτῶμεν
2608 2768 2663 2828 δὲ
2706 2769 2876 2844 ὑμᾶς,
2934 2763 3183 2851 ἆᾷλφοὶ,
3233 2761 3429 2824 εἰδέναι
3456 2760 3577 2831 τοὺς
3603 2786 3706 2851 κτι-

2108 2841 2345 2927 πιῶντας
2369 2861 2423 2919 ἐν
2452 2841 2599 2937 ξιμῖν.
2624 2879 2652 2915 n
2708 2841 2934 2929 Ἐπειδὴ
2965 2841 3114 2914 εἶπεν
3130 2900 3151 2931 ,
3191 2875 3222 2913 α
3247 2853 3597 2930 Οἶκοδομεῖτε
3627 2841 3707 2919 εἷς

2100 2949 2189 3009 τὸν
2220 2949 2337 3024 ἕνα,
2371 2975 2396 3001 ι
2441 2946 2532 3007 ἴνκ
2577 2955 2653 3024 μή
2699 2946 2988 3024 νομίσωσιν
3008 2989 3025 3017 ,
3059 2946 3143 3004 ὅτι
3173 2945 3245 3013 εἷς
3295 2942 3357 3002 τὸ
3383 2941 3707 3002 διδασκάλω

394 3038 532 3095 toris
595 3038 918 3113 dignitatem
979 3041 1309 3113 provexerit,
1376 3048 1544 3113 atque
1594 3043 1671 3099 ita
1731 3042 2000 3098 tollantur

2110 3037 2320 3117 ἀξίωμα
2351 3035 2543 3105 αὐτοὺς
2584 3035 2820 3116 ἀνήγαγε
2840 3081 2857 3114 ,
2889 3036 2982 3125 καὶ
3014 3035 3429 3125 κατεπαρθῶσιν,
3450 3031 3665 3125 ἐκείνοιν
3691 3077 3707 3106 ,

395 3127 689 3186 adversum
738 3129 885 3197 illos,
926 3129 1003 3185 ait
1052 3148 1066 3184 :
1114 3131 1238 3186 Etsi
1291 3129 1445 3189 vobis
1496 3129 1751 3203 permisi,
1800 3138 1863 3187 ut
1904 3146 2000 3189 vos

397 3226 594 3275 mutuo
637 3217 943 3286 aediﬁcetis,
1006 3227 1397 3276 verumtamen
1450 3218 1718 3277 adhortor
1759 3235 1880 3289 vos,
1938 3229 2000 3277 ut

392 3306 515 3363 illos
538 3305 747 3363 honore
775 3305 1030 3364 efﬁciatis
1060 3327 1078 3364 :
1116 3308 1292 3364 multa
1326 3307 1481 3365 enim
1510 3308 1768 3366 doctores
1794 3309 1995 3368 difﬁci-

398 3395 470 3452 lia
513 3394 655 3452 ierre
693 3404 986 3469 coguntur,
1030 3412 1156 3470 quae
1193 3396 1375 3455 honor
1415 3398 1552 3471 ipsis
1588 3398 1773 3472 aliqua
1804 3399 2000 3457 saltem

398 3501 465 3541 ex
501 3494 657 3559 parte
686 3486 885 3542 leviora
910 3484 1124 3544 reddet.

465 3579 537 3633 Et
575 3581 822 3647 praesunt
870 3577 1018 3633 vobis
1070 3579 1130 3633 in
1169 3580 1415 3644 Domino,
1458 3583 1515 3635 et
1562 3584 1779 3636 monent
1804 3596 1913 3636 vos.
1946 3580 2003 3638 Si

396 3664 549 3723 enim
589 3665 856 3739 praesides
900 3674 1028 3723 tuos
1072 3667 1132 3723 in
1189 3667 1444 3726 humanis
1494 3667 1660 3726 rebus
1697 3669 1758 3725 in
1823 3669 1995 3742 pretio

393 3754 581 3825 habes,
623 3765 828 3827 quanto
862 3755 1049 3828 potius
1092 3756 1177 3827 iis,
1229 3759 1333 3830 qui
1373 3758 1433 3814 in
1473 3757 1672 3815 divinis
1711 3759 1873 3817 rebus
1900 3758 1999 3815 tibi

394 3853 655 3917 praesunt,
702 3853 757 3902 et
796 3845 1026 3919 gratiam
1068 3855 1126 3903 et
1162 3846 1435 3905 honorem
1482 3856 1536 3905 te
1583 3847 1788 3906 debere
1834 3847 1998 3905 fateri

406 3933 611 3992 debes?
635 3936 800 4006 Nam,
829 3939 893 3992 In
921 3938 1166 4001 Domino,
1193 3936 1299 3993 hoc
1334 3946 1437 4007 est,
1469 3952 1581 3993 non
1604 3937 1663 3993 in
1698 3937 1998 3996 mundanis

400 4024 563 4082 rebus
605 4024 705 4082 tibi
731 4024 1014 4097 praesidet,
1043 4025 1143 4083 sed
1180 4026 1237 4082 in
1292 4026 1358 4083 iis
1405 4041 1531 4099 quae
1574 4025 1647 4083 ad
1688 4027 1995 4087 Dominum

402 4113 678 4186 pertinent
708 4132 722 4171 :
755 4121 878 4171 orat
905 4130 1004 4187 pro
1034 4123 1110 4181 te,
1129 4116 1480 4189 regeneravit
1503 4124 1558 4172 te
1584 4131 1681 4189 per
1704 4116 1995 4189 baptisma,

397 4202 542 4271 visit,
578 4202 863 4269 admonet,
906 4200 1157 4260 medicus
1190 4202 1297 4259 tibi
1328 4213 1435 4274 est,
1479 4203 1678 4263 mediis
1714 4205 1995 4276 noctibus,

397 4291 445 4350 si
499 4292 765 4361 accersis,
825 4293 998 4349 venit.
1056 4291 1458 4351 Animadvertis
1496 4294 1553 4350 in
1596 4311 1835 4367 quonam
1899 4297 1997 4354 tibi

399 4379 616 4452 praesit?

472 4471 652 4565 Villis.
698 4475 786 4527 13.
841 4474 915 4528 Et
963 4475 1025 4526 ut
1070 4471 1316 4565 habeatis
1364 4475 1486 4530 illos
1520 4475 1890 4565 abundantius
1939 4479 1996 4532 in
2027 4498 2078 4565 Ι)

2109 3128 2295 3209 φησὶν,
2324 3127 2405 3188 ὅτι
2438 3128 2502 3187 Εἰ
2530 3125 2623 3185 καὶ
2669 3128 2795 3203 ὓμίν
2840 3124 3108 3206 ἐπέτρεψα
3137 3122 3233 3195 τὴν
3276 3121 3525 3194 ἀλλήλων
3558 3122 3712 3180 οἰκο-

2112 3218 2321 3295 δομὴν,
2380 3216 2523 3291 πλὴν
2571 3217 2901 3297 παρακαλῶ,
2968 3213 3059 3275 ἵνα
3117 3213 3346 3280 ἐκείνους
3404 3211 3492 3271 διὰ
3547 3214 3712 3287 τιμῆς

2108 3307 2287 3387 ἔχητε.
2348 3307 2536 3368 Πολλὰ
2566 3306 2672 3387 γὰρ
2696 3306 2750 3365 οἱ
2791 3306 3102 3367 διδάσκαλοι
3147 3304 3431 3381 ὑπομένειν
3459 3299 3709 3379 ἀναγκά-

2107 3400 2284 3467 ζονται
2336 3398 2567 3478 δυσχερῆ
2587 3440 2604 3471 ,
2656 3393 2691 3453 ἃ
2723 3399 2755 3469 ἡ
2785 3396 2915 3474 τιμὴ
2945 3396 3121 3463 αὐτοῖς
3164 3390 3392 3474 μετρίως
3431 3395 3557 3472 γῶν
3585 3392 3711 3450 ἄπι-

2107 3491 2315 3547 κουοιεῖ
2341 3488 2414 3543 ⁵⁷.

2195 3513 2202 3543 ι
2247 3511 2311 3546 ιει
2342 3511 2414 3543 υ·.

2195 3511 2240 3636 (ῗ
2260 3575 2370 3639 Καὶ
2424 3573 2851 3655 προϊσταμένους
2902 3576 3049 3649 ὑμῶν
3104 3575 3158 3634 ἐν
3195 3571 3410 3653 Κυρίῳ,
3452 3569 3543 3630 καὶ
3587 3593 3710 3631 νου-

2108 3670 2388 3734 θετοῢντας
2417 3667 2576 3743 ὑμᾶς.
2610 3685 2642 3723 p
2704 3664 2773 3725 Ei
2805 3662 2907 3743 γὰρ
2934 3661 3055 3731 τοὺς
3099 3662 3230 3743 πρὸς
3275 3661 3551 3741 ἄνθρωπον
3580 3680 3711 3741 προ-

2106 3754 2424 3835 ϊσταμένους
2456 3777 2551 3814 σου
2578 3762 2774 3835 τιμᾷς,
2805 3751 2959 3834 πόσῳ
3002 3754 3210 3831 μᾶλλον
3243 3758 3351 3818 τοῖς
3394 3750 3525 3829 πρὸς
3564 3749 3709 3809 Θεὸν

2108 3845 2513 3926 προϊσταμένοις
2560 3844 2786 3922 ὀφείλεις
2849 3843 3008 3924 χάριν
3076 3843 3387 3922 ὁμολογεῖν;
3441 3838 3524 3900 Τὸ
3566 3838 3672 3919 γὰρ
3692 3885 3710 3914 ,
3808 3848 3813 3851 ’

2115 3937 2254 3996 «Ἐν
2289 3935 2491 4017 Κυρίῳ,
2512 3962 2539 3987 ιι
2569 3933 2728 3994 τοῦτό
2759 3936 2926 4005 ἔστιν,
2959 3931 3078 3992 ἀντὶ
3108 3936 3224 4006 τοῦ,
3256 3931 3380 3992 Οὐκ
3402 3931 3455 3989 ἐν
3477 3936 3584 3995 τοῖς
3612 3952 3709 3989 κο-

2108 4029 2317 4103 σμικοῖς
2345 4021 2667 4104 προΐσταταί
2717 4045 2847 4095 σου,
2897 4024 3017 4081 ἀλλ’
3053 4024 3109 4083 ἐν
3158 4029 3265 4089 τοῖς
3304 4020 3444 4079 κατὰ
3488 4018 3707 4098 Κύριον

2108 4113 2320 4195 εὔχεται
2348 4113 2480 4195 ύπὲρ
2507 4118 2605 4175 σοῦ
2628 4157 2645 4188 ,
2688 4112 3002 4193 ἀνεγέννησε
3032 4112 3120 4172 διὰ
3168 4118 3261 4172 τοῦ
3292 4106 3668 4191 βαπτίσματος
3688 4154 3707 4186 ,

2107 4205 2524 4278 ἐπισκέπτεται,
2570 4204 2839 4280 νουθετεῖ,
2872 4200 3048 4282 ἰατρός
3089 4202 3177 4261 σοί
3210 4203 3352 4274 ἐστι,
3386 4197 3575 4277 μέσαις
3608 4220 3709 4257 νυ-

2108 4294 2185 4363 ξὶν
2207 4339 2225 4370 ,
2252 4293 2316 4354 ἂν
2347 4294 2611 4375 καλέσῃς,
2643 4292 2783 4365 ἥκει.
2814 4291 2984 4374 Ὁρᾷς
3008 4289 3338 4374 προστασίαν
3378 4289 3462 4366 ⁸⁸ς

2195 4502 2218 4528 «ι
2266 4473 2372 4536 Καὶ
2406 4477 2647 4552 ἡγεῖσθαι
2675 4470 2866 4541 αὐτοὺς
2907 4474 3362 4554 ὑπερεκπερισσοῦ
3394 4471 3448 4528 ἓν
3478 4466 3676 4548 ἀγάπῃ
3695 4511 3713 4542 ,

397 4561 661 4616 charitate
687 4565 909 4633 propter
936 4576 1071 4632 opus
1106 4564 1370 4633 ipsorum.
1399 4566 1525 4621 Non
1551 4564 1873 4638 simpliciter
1899 4582 1998 4624 eos

2110 4563 2196 4625 att
2225 4564 2285 4623 τὸ
2313 4561 2464 4644 ἔργον
2489 4563 2683 4624 αὐτῶν.
2721 4586 2749 4624 ι)
2801 4562 2897 4635 Μὴ
2928 4561 3114 4629 ἁπλῶς
3137 4606 3154 4634 ,
3185 4559 3347 4641 φησὶν
3379 4607 3393 4631 ,
3423 4558 3710 4638 ἀγαπᾶτε,

391 4648 628 4725 diligite,
676 4651 875 4724 inquit,
906 4649 1029 4718 sed,
1081 4652 1479 4719 abundantius,
1536 4652 1767 4727 perinde
1796 4670 1859 4712 ac
1906 4655 2000 4713 filii

393 4747 642 4811 parentes
663 4756 812 4796 suos.
859 4740 968 4814 Qui
992 4741 1149 4797 enim
1172 4741 1457 4800 Christum
1483 4743 1682 4818 diligit,
1709 4744 1921 4803 amabit
1945 4753 2002 4802 et

397 4828 568 4902 ipsius
594 4829 933 4895 ministrum,
974 4831 1370 4906 qualiscunque
1410 4829 1609 4903 fuerit,
1634 4834 1763 4908 quia
1793 4850 1888 4908 per
1916 4836 1996 4909 ip-

396 4933 525 4975 sum
558 4919 848 4976 tremenda
877 4919 1138 4994 mysteria
1180 4930 1265 4977 est
1312 4930 1615 4980 assecutus.
1652 4924 1709 4980 Si
1763 4940 1998 4982 uxorem

398 5006 690 5065 honestam
730 5010 1026 5082 acceperis,
1064 5025 1252 5068 nonne
1285 5026 1416 5069 eum
1460 5010 1647 5085 diligis
1683 5020 1741 5070 et
1762 5012 2002 5072 honoras

401 5098 494 5170 qui
514 5096 652 5155 hanc
665 5097 759 5155 tibi
780 5099 1124 5156 conciliavit?
1142 5103 1402 5173 Regnum
1423 5101 1693 5159 caelorum
1713 5104 2000 5177 accepisti,

402 5202 469 5244 ac
505 5188 815 5245 contemnis
855 5204 987 5246 eum
1014 5188 1110 5262 qui
1151 5189 1253 5246 tibi
1293 5190 1429 5249 illud
1455 5192 1811 5249 conciliavit?
1853 5193 2002 5251 Audi

403 5292 638 5351 namque
682 5276 917 5336 Paulum
965 5296 980 5334 :
1022 5282 1253 5351 Propter
1300 5297 1436 5352 opus
1488 5283 1749 5352 ipsorum,
1798 5283 2004 5357 inquit,

405 5366 661 5424 honorate
702 5369 862 5439 ipsos.

477 5461 667 5515 Pacem
703 5459 891 5515 habete
936 5460 995 5514 in
1027 5460 1177 5515 vobis
1218 5461 1374 5533 ipsis.
1411 5459 1682 5519 Scribitur
1707 5462 1904 5535 etiam,
1941 5466 2007 5521 In

2109 4652 2230 4715 ἀλλ’
2274 4675 2305 4713 σ
2323 4653 2816 4734 Ὑπερεκπερισσοῦ
2837 4698 2854 4731 ,
2875 4674 2905 4710 »
2940 4654 3011 4719 ὣς
3040 4649 3106 4710 ἂν
3135 4653 3181 4710 εἶ
3220 4651 3409 4717 παῖδες
3438 4645 3700 4727 πατέρας.

2108 4742 2179 4805 Ὁ
2203 4743 2308 4825 γὰρ
2334 4743 2426 4804 τὸν
2456 4742 2691 4825 Χριστδν
2739 4744 2963 4825 ἀγαπῶν
2983 4786 3001 4819 ,
3044 4738 3314 4820 ἀγαπήσει
3349 4737 3440 4798 καὶ
3486 4736 3575 4796 τὸν
3609 4738 3711 4795 αὖ-

2109 4838 2200 4893 τοῦ
2218 4821 2560 4914 λειτουργὸν,
2590 4821 2694 4898 οἶος
2723 4830 2787 4891 ἂν
2817 4823 2871 4911 ᾗ,
2906 4830 2988 4891 ὅτι
3031 4830 3097 4889 δι’
3130 4832 3294 4889 αὐτοῦ
3326 4831 3432 4887 τῶν
3467 4830 3706 4909 φρικτῶν

2113 4922 2419 5003 μυστηρίων
2473 4920 2726 5002 ἐπέτυχε.
2814 4924 2884 4983 Εἰ
2930 4928 3158 5000 γυναῖκα
3186 4918 3357 4999 λάϐῃς
3388 4915 3663 4996 ἀξιόλογον
3687 4966 3707 4992 ,

2109 5012 2228 5092 οὐχὶ
2256 5012 2345 5071 τὸν
2374 5010 2772 5092 προξενήσαντα
2804 5012 3023 5094 ἀγαπᾷς
3046 5009 3139 5070 καὶ
3169 5010 3333 5091 τιμᾷς
3357 5024 3375 5086 ;
3412 5003 3708 5094 Βασιλείαν

2111 5101 2299 5170 ἔλαϐες
2350 5104 2619 5182 οὐρανῶν,
2672 5101 2766 5161 καὶ
2813 5093 3086 5169 διαπτύεις
3132 5098 3221 5159 τὸν
3267 5093 3717 5180 προξενήσαντα;

2110 5191 2298 5253 Ἄκουε
2312 5191 2415 5272 γὰρ
2431 5189 2669 5251 Παύλουι
2698 5191 2846 5253 «Διὰ
2860 5191 2920 5251 τὸ
2936 5191 3089 5273 ἔργον
3110 5191 3305 5266 αὐτῶν,
3325 5191 3358 5248 ri
3388 5184 3543 5270 φησὶ,
3584 5205 3615 5244 ιι
3630 5208 3718 5245 τι-

2115 5291 2191 5363 μᾶ
2199 5305 2251 5342 τε
2283 5281 2443 5343 αὐτού
2451 5306 2496 5349 ς.
2537 5308 2563 5335 ι

2207 5476 2237 5515 α
2254 5452 2574 5537 Εἶρηνεύετε
2599 5455 2651 5513 ἐν
2678 5455 2959 5523 ἑαυτοῖς.»
2990 5452 3263 5536 Γράφεται
3287 5450 3411 5528 καὶ,
3445 5474 3476 5513 α
3495 5448 3591 5513 Ἐν
3615 5450 3713 5512 αὖ·

1788 5588 1978 5655 Varim
2019 5590 2327 5652 lectiones.

475 5696 519 5734 ⁸⁸
548 5698 817 5756 ἀποθανεῖν
844 5717 899 5760 ο.
975 5701 1021 5739 ⁵⁸
1044 5704 1446 5778 προφασιζόμεθα
1476 5720 1531 5764 o.
1598 5703 1644 5742 ⁸⁷
1671 5707 1968 5780 ἐπικουφίζει
1994 5724 2072 5767 m.
2148 5707 2197 5747 τε
2235 5708 2576 5795 προϊστάμνον
2605 5706 2656 5763 ἐν
2685 5707 2847 5780 Κυρίῳ
2870 5723 2946 5765 m.
