4104 6440
346 449 470 501 1321

1209 447 1557 505 EXPOSITIO
1599 448 1662 503 IN
1700 447 1910 503 EPlST.
1954 448 1973 502 Ι
2012 447 2104 504 AD
2142 447 2373 505 THESS.
2424 478 2493 489 —
2575 450 2684 505 ΑΡ.
2726 451 2790 504 γ.

3512 458 3648 511 1322

339 578 475 643 τοῖς,
507 591 539 628 ι)
578 569 820 631 τουτέστι
841 615 860 649 ,
886 579 993 639 τοῖς
1023 572 1378 654 διδασκάλοις.
1430 564 1559 633 Οῖδε
1606 573 1707 654 γὰρ
1737 574 1926 653 ἔχθρας

2038 575 2195 644 ipsis,
2238 572 2344 629 hoc
2384 581 2488 642 est,
2534 573 2875 631 doctoribus.
2920 575 3086 631 Novit
3131 576 3282 633 enim
3323 577 3649 635 inimicitias

337 659 469 740 πρὸς
513 660 729 727 τούτους
774 660 1111 735 τικτομένας·
1164 662 1216 730 ἐξ
1263 653 1335 721 ὧν
1382 663 1485 742 γὰρ
1531 653 1810 740 ἐλέγχουσι
1860 668 1931 741 ⁵ο,

336 749 562 809 καὶτῶν
606 755 787 809 κακῶν
835 750 1178 830 ἀπείργουσι,
1211 760 1511 827 μισοῦνται.
1547 757 1641 812 Δεῖ
1666 743 1753 811 οὖν
1791 758 1933 837 εἰρη-

337 840 506 900 νεύειν
533 840 648 917 μετ⁹
682 842 891 914 αὐτῶν,
938 840 1029 899 καὶ
1061 845 1119 901 οὐ
1149 845 1224 921 τῷ
1265 840 1362 909 ἔξω
1407 841 1689 921 σχήματι,
1720 845 1839 903 ἀλλ’
1879 850 1932 905 ἐν

338 932 567 996 ἑαυτοῖς.

430 1041 459 1077 (ι
515 1021 942 1098 Παρακαλοῦμεν
994 1020 1048 1078 δὲ
1103 1022 1274 1097 ὑμᾶς,
1331 1020 1579 1100 ἀδελφοὶ,
1644 1026 1931 1084 νουθετεῖτε

338 1108 460 1175 τοὺς
495 1107 777 1176 ἀτάκτους.
811 1131 840 1166 ι)
936 1108 1198 1167 Ἐνταῦθα
1251 1110 1383 1189 πρὸς
1438 1107 1555 1177 τοὺς
1586 1111 1931 1181 διδασκάλους

337 1201 691 1257 ἀποτεινεται.
746 1198 838 1270 Μὴ
887 1198 981 1256 ἀπ’
1032 1198 1293 1273 ἐξουσίας,
1322 1198 1591 1280 φησὶν,ἢ
1648 1203 1932 1271 αὐθαδείας

335 1286 687 1357 ἐπιπλήττετε
707 1334 722 1359 ,
762 1286 900 1346 ἀλλὰ
931 1290 1116 1367 πράως
1147 1293 1459 1349 νουθετεῖτε.
1490 1288 1560 1350 ⁸0
1600 1289 1703 1370 γὰρ
1733 1293 1926 1351 ἀπονε-

335 1375 619 1455 νοημένος,
670 1376 987 1456 θρασύτερος
1031 1377 1260 1453 γίνεται,
1323 1377 1449 1437 ὅταν
1515 1379 1925 1449 ἐπιπλήσσεται.

335 1466 586 1527 Ἀτακτοι
636 1465 694 1524 δέ
724 1469 824 1525 εἰσι
873 1468 1065 1531 πάντες
1102 1469 1148 1525 οἱ
1191 1467 1338 1543 παρὰ
1369 1468 1434 1526 τὰ
1466 1471 1541 1547 τῷ
1572 1470 1699 1547 Θεῷ
1753 1472 1932 1549 διωρι-

335 1556 503 1631 σμένα
534 1555 869 1636 πράττοντες.
972 1556 1136 1625 Τάξιν
1163 1556 1266 1635 γὰρ
1295 1556 1487 1637 ὥρισεν
1523 1559 1768 1638 ἑκάστῳ,
1802 1560 1866 1632 ἣν
1904 1566 1931 1619 ὁ

336 1645 720 1726 παραϐαίνων,
770 1646 1016 1713 ἄτακτος.
1121 1644 1191 1706 εΟ
1238 1646 1477 1722 μεθύων,
1528 1650 1556 1705 ὁ
1602 1648 1868 1727 λοίδορος,
1903 1655 1930 1709 ὁ

334 1735 686 1807 πλεονέκτης,
743 1736 834 1795 xui
880 1736 1075 1803 πάντες
1128 1739 1176 1795 οἱ
1220 1735 1650 1816 ἁμαρτάνοντες,
1688 1736 1788 1806 ἔξω
1837 1745 1929 1811 τῆς

333 1825 529 1893 τάξεως
564 1825 824 1905 βαίνουσι.

2041 661 2307 719 adversus
2338 662 2438 719 hos
2466 662 2621 719 oriri.
2654 663 2791 733 Quia
2838 665 2987 721 enim
3027 665 3461 738 reprehendunt,
3509 678 3566 724 et
3616 685 3647 724 a

2042 752 2206 807 malis
2234 761 2442 820 arcent,
2474 752 2602 809 odio
2640 752 2930 810 habentur.
2985 758 3219 826 Oportet
3247 756 3411 829 igitur
3450 774 3643 829 pacem

2040 856 2137 896 vos
2183 841 2383 897 habere
2421 858 2545 899 cum
2597 842 2752 915 ipsis,
2782 844 2948 916 idque
3000 860 3117 901 non
3161 854 3386 902 externa
3433 847 3632 917 specie,

2039 930 2137 987 sed
2163 930 2217 987 in
2245 932 2401 988 vobis
2430 933 2577 1005 ipsis.

2107 1022 2284 1077 Vens.
2319 1026 2403 1077 14.
2436 1026 2708 1092 Rogamus
2745 1029 2923 1080 autem
2949 1042 3059 1089 vos,
3092 1028 3318 1095 fratres,
3362 1027 3646 1083 admonete

2035 1111 2397 1167 inordinatos.
2447 1113 2551 1167 Hic
2593 1112 2662 1168 ad
2708 1113 2962 1169 doctores
3008 1117 3284 1171 convertit
3332 1131 3478 1172 sese.
3536 1119 3642 1183 Ne,

2035 1198 2230 1272 inquit,
2262 1216 2360 1271 per
2390 1201 2667 1257 licentiam
2698 1204 2783 1258 vel
2804 1204 3183 1276 arrogantiam
3205 1220 3299 1261 eos
3328 1205 3641 1279 objurgate,

2038 1289 2132 1344 sed
2178 1299 2468 1347 mansuete
2518 1291 2830 1349 admonete.
2890 1293 2999 1362 Qui
3034 1294 3183 1350 enim
3228 1310 3418 1350 vecors
3446 1302 3547 1363 est,
3584 1295 3646 1349 ﬁt

2035 1378 2309 1449 asperior,
2371 1380 2417 1435 si
2485 1380 2821 1453 objurgetur.
2890 1383 3199 1438 Inordinati
3269 1392 3457 1439 autem
3513 1393 3643 1439 sunt

2037 1483 2231 1523 omnes
2256 1469 2355 1541 qui
2385 1470 2544 1525 aliter
2569 1480 2742 1543 agunt
2763 1487 2933 1543 quam
2966 1488 2996 1527 a
3033 1476 3148 1528 Deo
3178 1473 3250 1527 sit
3282 1473 3599 1529 ordinatum
3626 1492 3641 1527 :

2037 1558 2287 1613 ordinem
2335 1558 2483 1614 enim
2522 1560 2817 1632 unicuique
2872 1562 3087 1625 statuit,
3119 1578 3287 1634 quem
3334 1562 3429 1634 qui
3458 1571 3642 1617 trans-

2033 1646 2278 1718 greditur
2305 1648 2649 1705 inordinatus
2695 1658 2793 1705 est.
2840 1652 3224 1717 Temulentus,
3270 1652 3643 1719 conviciator,

2035 1752 2253 1804 avarus,
2281 1736 2529 1809 adeoque
2565 1754 2760 1795 omnes
2788 1747 3011 1811 peccata
3040 1741 3454 1797 committentes
3482 1740 3643 1797 ordi-

2038 1841 2167 1881 nem
2197 1827 2698 1899 transgrediuntur.

423 1938 451 1973 «
482 1916 894 1993 Παραμυθεῖσθε
934 1915 1053 1983 τοὺς
1100 1916 1527 1999 ὀλιγοψύχους.»
1568 1915 1930 1999 Ὀλιγόψυχός

2114 1916 2474 1972 Consolamim’
2518 1918 2919 1988 pusillanimes.
2966 1916 3333 1974 Pusillanimis
3380 1927 3486 1987 est,
3547 1919 3640 1991 qui

331 2007 475 2063 ἔστιν
504 2008 533 2063 ὁ
558 2005 632 2081 μή
670 2004 843 2085 φέρων
888 2006 1212 2085 πειρασμόν.
1258 1998 1430 2071 Οὗτός
1460 2008 1598 2065 ἐστιν
1631 1998 1793 2065 bini
1835 2014 1929 2080 τῆς

330 2093 529 2174 πέτρας
575 2093 815 2174 σπαρείς.
876 2100 1059 2156 Δεῖται
1110 2085 1199 2153 οῦν
1244 2096 1336 2153 καὶ
1382 2086 1529 2162 οὗτος
1567 2095 1931 2168 ἀναϐαστάζε-

332 2190 476 2245 σθαι.

422 2296 451 2331 ιι
479 2273 785 2355 Ἀντίχεσθε
827 2278 931 2334 τῶν
964 2277 1215 2336 ἀσθενῶν.
1304 2274 1625 2347 Τουτέστιν,
1661 2274 1929 2351 Ὑποστη-

330 2363 497 2441 ρίζετε
525 2363 645 2431 τοὺς
682 2366 1027 2430 ἀσθενοῦντας
1058 2364 1180 2445 περὶ
1212 2362 1310 2436 τὴν
1352 2365 1556 2439 πίστιν,
1586 2368 1658 2433 ὡς
1701 2366 1792 2426 καὶ
1825 2369 1923 2425 ἀλ-

326 2456 537 2533 λαχοῦ,
580 2476 610 2512 ιι
644 2452 754 2514 Τὸν
816 2456 1136 2514 ἀσθενοῦντα
1189 2459 1254 2535 τῇ
1286 2453 1462 2515 πίστει
1508 2455 1924 2535 προσλαμϐάνε-

329 2548 421 2602 σθε
437 2587 455 2616 ,
477 2563 505 2599 n
539 2543 693 2624 φησί.

417 2654 447 2691 ιι
467 2633 876 2713 Μακροθυμεῖτε
908 2632 1287 2712 πρὸς’πάντας.
1305 2656 1333 2692 ι)
1366 2632 1478 2694 Kui
1502 2633 1631 2713 πρὸς
1661 2635 1781 2703 τοὺς
1804 2636 1929 2695 ἀτά-

334 2745 514 2795 κτους,
569 2722 659 2782 καὶ
706 2722 836 2802 πρὸς
881 2722 1002 2791 τοὺς
1053 2723 1438 2804 ὀλιγοψύχους,
1488 2723 1578 2782 καὶ
1630 2724 1759 2805 πρὸς
1808 2726 1928 2795 τοὺς

328 2814 582 2879 ἀσθενεῖς.
628 2814 801 2873 Τοῦτο
842 2812 945 2892 γὰρ
976 2814 1285 2893 διδασκάλῳ
1316 2812 1753 2891 ἁρμοδιώτατον,
1784 2816 1924 2875 πάν-

328 2926 419 2969 τας
450 2902 696 2984 ἐντρέψαι
726 2901 910 2983 ἰσχύον
929 2948 945 2977 ,
983 2902 1074 2961 xui
1103 2907 1224 2971 τοὺς
1257 2902 1638 2983 ἀγριωτάτους.

414 3103 446 3141 α
474 3080 675 3163 Ὁρᾶτε
723 3081 800 3159 μή
828 3105 907 3151 τις
955 3081 1119 3140 κακὸν
1152 3085 1268 3142 ἀντὶ
1315 3088 1482 3143 κακοῦ
1515 3107 1621 3142 τινι
1651 3085 1854 3165 ἀποδῷ.
1889 3106 1921 3145 υ

2040 2020 2151 2060 non
2181 2006 2419 2061 sustinet
2442 2006 2820 2063 tentationem.
2856 2006 2957 2063 Hic
2983 2015 3067 2062 est
3108 2008 3205 2079 qui
3236 2024 3397 2079 super
3426 2016 3640 2080 petram

2038 2094 2344 2150 seminatus
2370 2103 2454 2151 est
2494 2105 2538 2151 °.
2581 2099 2689 2152 Iste
2728 2097 2910 2168 itaque
2948 2098 3368 2169 supportatione
3410 2097 3641 2169 indiget.

2108 2276 2378 2331 Sustinete
2402 2279 2659 2346 inﬁrmos.
2707 2278 2829 2333 Hoc
2856 2284 2963 2345 est,
3009 2276 3220 2333 Fulcite
3248 2276 3502 2333 inﬁrmos
3530 2278 3639 2334 cir-

2033 2379 2097 2419 ca
2126 2363 2315 2432 ﬁdem,
2357 2364 2581 2435 perinde
2609 2380 2673 2422 ac
2699 2367 2809 2422 alio
2849 2366 2907 2422 in
2936 2366 3079 2435 loco,
3111 2368 3397 2439 Inﬁrmum
3436 2369 3495 2421 in
3532 2369 3641 2438 ﬁde

2037 2457 2297 2525 suscipite
2326 2464 2372 2523 ι’,
2404 2455 2604 2528 inquit.

2109 2637 2376 2690 Patientes
2414 2640 2576 2691 estote
2603 2651 2731 2705 erga
2757 2651 2952 2691 omnes.
2986 2638 3056 2691 Et
3098 2651 3226 2708 erga
3272 2636 3640 2707 inordinatos,

2034 2733 2088 2780 et
2116 2740 2245 2797 erga
2276 2724 2673 2796 pusillanimes,
2724 2734 2780 2782 et
2810 2724 2981 2797 526
3010 2742 3142 2797 erga
3188 2726 3437 2782 inﬁrmos
3485 2744 3498 2783 :
3533 2726 3640 2783 hoc

2036 2814 2184 2869 enim
2229 2814 2443 2871 doctori
2507 2822 2595 2870 est
2656 2816 3266 2879 convenientissimum,
3321 2832 3519 2872 omnes
3567 2816 3640 2873 ad

2036 2906 2303 2975 pudorem
2366 2912 2690 2961 convertere
2743 2905 2963 2976 valens,
3020 2905 3189 2961 etiam
3244 2905 3327 2962 vel
3399 2906 3641 2963 maxime

2036 3002 2298 3066 agrestes.

2107 3085 2277 3140 Vsus.
2310 3090 2395 3140 15.
2436 3086 2628 3142 Videte
2664 3102 2731 3141 ne
2759 3087 2884 3158 quis
2912 3083 3115 3140 malum
3147 3101 3249 3156 pro
3285 3086 3427 3139 malo
3461 3086 3638 3141 alicui

326 3172 393 3230 Ei
427 3171 589 3231 κακὸν
621 3171 739 3230 ἀντὶ
768 3176 934 3231 κακοῦ
980 3174 1076 3231 οὐκ
1121 3173 1407 3233 ἀποδοτέον
1428 3217 1445 3247 ,
1495 3175 1688 3253 πολλῷ
1718 3177 1922 3248 μᾶλλον

2034 3174 2247 3229 reddat.
2281 3174 2338 3230 Si
2375 3174 2587 3231 malum
2638 3190 2736 3246 pro
2788 3174 2938 3230 malo
2984 3190 3095 3230 non
3130 3183 3214 3232 est
3262 3172 3631 3241 reddendum,

323 3260 488 3320 κακὸν
519 3259 637 3320 ἀντὶ
679 3262 918 3338 ἀγαθοῦ,
963 3260 998 3333 ἢ
1048 3259 1201 3341 ἄρξαι
1235 3267 1441 3335 κακοῦ,
1488 3263 1580 3321 καὶ
1629 3264 1717 3321 τὸν
1753 3265 1923 3341 μηδὲν

322 3352 611 3432 βλάψαντα
641 3354 1022 3422 κακοποιῆσαι.

413 3554 443 3591 ιι
476 3531 635 3593 Ἀλλὰ
679 3532 908 3593 πάντοτε
954 3532 1014 3591 τὸ
1062 3530 1260 3607 ἀγαθὸν
1293 3529 1510 3591 διώκετε
1532 3576 1548 3608 ,
1599 3531 1691 3592 xui
1721 3534 1792 3600 εἷς
1824 3536 1921 3593 ἀλ-

317 3621 535 3696 λήλους,
566 3621 658 3682 καὶ
686 3625 759 3690 εἷς
787 3621 1017 3690 πάντας.
1067 3622 1186 3683 Οὔκ
1215 3621 1369 3702 ἀρκεῖ
1397 3620 1459 3680 τὸ
1503 3620 1581 3698 μὴ
1632 3623 1923 3682 ἀποδοῦναι

319 3711 465 3772 κακὰ
510 3712 628 3771 ἀντὶ
673 3714 889 3787 κακῶν,
944 3710 1081 3771 ἀλλὰ
1127 3710 1270 3791 χρὴ,
1322 3709 1490 3792 φησὶ,
1549 3710 1641 3770 xui
1702 3713 1922 3791 ἀγαθοῖς

321 3800 641 3881 ἀμείϐεσθαι
678 3802 769 3861 τὸν
802 3800 1265 3873 κακοποιήσαντα.
1304 3802 1480 3861 Τοῦτο
1510 3800 1613 3880 γὰρ
1646 3802 1800 3874 δηλοῖ
1835 3802 1922 3861 διὰ

313 3895 407 3951 τοῦ
437 3894 625 3964 εἰπεῖν,
666 3912 695 3949 ιι
720 3890 953 3952 Διώκετε
979 3891 1041 3950 τὸ
1066 3890 1280 3969 ἀγαθόν·
1308 3918 1333 3941 ι»
1373 3889 1667 3964 τουτέστιν,
1701 3890 1921 3952 Ἐπιτε-

320 3981 566 4058 ταμένως
617 3982 939 4050 σπουδάζετε
971 3983 1342 4059 ἀγαθοποιεῖν,
1377 3980 1469 4039 καὶ
1501 3982 1573 4047 εἰς
1621 3982 1916 4057 ἀλλήλους,

314 4070 587 4131 τουτέστιν
609 4116 626 4143 ,
660 4072 732 4138 εἷς
760 4067 881 4137 τοὺς
912 4068 1128 4137 πιστοὺς
1147 4114 1163 4143 ,
1198 4069 1289 4129 xui
1315 4071 1387 4137 εἰς
1410 4068 1636 4144 πάντας,
1666 4070 1924 4146 τουτέστι,

318 4158 415 4220 καὶ
448 4162 519 4228 εἷς
547 4161 821 4226 ἀπίστους.

407 4272 437 4309 ιι
458 4249 697 4311 Πάντοτε
728 4249 965 4330 χαίρετε.
989 4270 1019 4307 ι)
1059 4250 1177 4309 Κᾶν
1213 4256 1527 4330 πειρασμοῖς
1552 4249 1877 4329 περιπέσητε
1902 4294 1918 4312 .

314 4338 465 4421 ¹⁷Ορα
496 4339 551 4399 δὲ
573 4385 588 4413 ,
616 4339 695 4399 ὅτι
735 4338 871 4417 μετὰ
907 4339 967 4398 τὸ
1014 4340 1179 4398 εἰπεῖν
1200 4384 1217 4412 ,
1259 4338 1341 4397 ὅτι
1388 4341 1445 4398 οὖ
1480 4342 1557 4398 δεῖ
1593 4339 1759 4399 κακὸν
1802 4340 1919 4399 ἀντὶ

318 4435 487 4491 κακοῦ
537 4430 827 4488 ἀποδοῦναι
868 4428 943 4501 θθ,
972 4428 1091 4488 τότε
1144 4429 1354 4509 χαίρειν
1406 4428 1748 4510 προσέταξεν.

312 4519 422 4601 γὰρ
451 4519 789 4585 παιδευσθεὶς
821 4518 1024 4596 μηδένα
1058 4519 1380 4595 ἀμύνεσθαι,
1412 4518 1552 4577 ἀλλὰ
1584 4520 1790 4594 μᾶλλον
1819 4520 1911 4578 xui

317 4609 605 4689 εὐεργετεῖν
650 4608 740 4667 τὸν
788 4607 1103 4680 λυπήσαντα
1124 4651 1143 4686 ,
1173 4608 1331 4667 πόθεν
1367 4606 1426 4666 τὸ
1456 4611 1550 4679 τῆς
1600 4608 1768 4680 λύπης
1799 4608 1911 4667 κένε

312 4721 439 4780 τρον
471 4696 757 4767 εἷσδίξεται
777 4718 793 4773 ;

407 4899 435 4935 ιι
488 4874 869 4945 Ἀδιαλείπτως
920 4875 1303 4957 προσεύχεσθε·
1358 4877 1409 4934 ἐν
1473 4874 1633 4934 παντὶ
1694 4878 1914 4957 εὐχαρι-

316 4967 513 5029 στεῖτε.
551 4995 575 5019 ιι
606 4968 720 5037 Τὴν
754 4967 871 5025 ὁδὸν
915 4965 1073 5035 ἔδειξε
1107 4971 1198 5024 τοῦ
1229 4966 1311 5024 ἀεὶ
1338 4964 1545 5047 χαίρειν
1565 5011 1580 5037 ,
1624 4965 1723 5039 τὴν
1755 4966 1915 5024 ἀδιά-

314 5058 528 5116 λειπτον
574 5054 879 5136 προσευχὴν
923 5054 1017 5114 καὶ
1061 5054 1435 5135 εὐχαριστίαν.
1539 5054 1611 5116 (Ο
1664 5055 1764 5134 γὰρ
1814 5056 1913 5115 ἔθι-

313 5145 453 5213 σθεὶς
496 5147 700 5223 ὁμιλεῖν
756 5148 833 5226 τῷ
882 5147 1046 5225 Θεῷ,
1098 5143 1190 5203 xui
1246 5145 1579 5225 εὐχαριστεῖν
1644 5147 1789 5224 αὐτῷ
1828 5143 1916 5202 ἐπὶ

309 5244 512 5308 πᾶσιν,
555 5239 626 5303 ὡς
655 5233 1032 5316 συμφερόντως
1083 5233 1472 5314 συμϐαίνουσι,
1524 5232 1794 5315 πρόδηλον
1835 5236 1915 5292 ὅτι

314 5325 495 5406 χαρὰν
527 5322 628 5394 ἔξει
661 5326 899 5395 διηνεκῆ.

389 5572 412 5596 τ’
444 5555 644 5616 Matth.
668 5574 802 5628 xm,
833 5562 887 5615 5.
975 5560 1188 5615 PRom.
1219 5573 1353 5627 xxv,
1387 5563 1435 5615 ι.

2030 3262 2211 3318 multo
2234 3262 2416 3335 magis
2446 3280 2545 3335 pro
2576 3264 2722 3320 bono
2752 3263 2983 3319 reddere
3011 3264 3243 3331 malum,
3293 3270 3389 3319 aut
3420 3263 3633 3319 malum

2028 3351 2311 3420 inchoare,
2344 3360 2403 3408 et
2426 3368 2578 3423 eum,
2604 3353 2699 3424 qui
2725 3368 2839 3408 non
2868 3351 3031 3422 laesit,
3064 3352 3268 3425 injuria
3290 3351 3513 3409 afﬁcere
3528 3367 3641 3407 non

2029 3448 2267 3512 oportet.

2099 3530 2213 3585 Sed
2236 3546 2442 3600 semper
2475 3531 2624 3601 quod
2649 3532 2843 3586 bonum
2872 3536 2953 3586 est
2988 3532 3272 3585 sectamini
3299 3533 3357 3585 in
3390 3532 3636 3599 invicem,

2031 3623 2080 3673 et
2106 3620 2159 3674 in
2185 3634 2383 3675 omnes.
2418 3621 2544 3675 Non
2573 3620 2707 3676 satis
2738 3628 2843 3687 est,
2876 3620 3023 3675 mala
3054 3635 3154 3691 pro
3184 3618 3349 3675 malis
3376 3635 3490 3675 non
3518 3618 3638 3674 red-

2028 3706 2181 3777 dere,
2211 3706 2307 3764 sed
2333 3716 2575 3780 oportet,
2604 3708 2800 3781 inquit,
2829 3707 2997 3764 etiam
3020 3708 3179 3765 bonis
3207 3707 3627 3765 malefactorem

2029 3813 2404 3869 compensare.
2447 3800 2569 3855 Hoc
2607 3797 2755 3853 enim
2794 3797 3004 3854 indicat
3031 3813 3160 3853 cum
3210 3797 3304 3863 ait,
3349 3799 3638 3854 Sectamini

2030 3887 2175 3957 quod
2202 3888 2398 3942 bonum
2427 3893 2525 3951 est,
2577 3886 2683 3943 hoc
2723 3894 2827 3955 est,
2860 3889 3110 3957 Impense
3156 3884 3371 3942 studete
3409 3884 3632 3941 benefa-

2029 3992 2173 4046 cere,
2221 3984 2277 4033 et
2317 3977 2379 4032 in
2419 3976 2679 4043 invicem,
2723 3975 2830 4032 hoc
2857 3983 2962 4043 est,
3013 3990 3144 4047 erga
3193 3974 3407 4043 ﬁdeles,
3458 3982 3515 4032 et
3568 3974 3626 4031 in

2032 4082 2248 4136 omnes,
2277 4066 2334 4123 id
2362 4075 2465 4135 est,
2495 4083 2624 4140 erga
2646 4066 2818 4124 etiam
2847 4064 3113 4123 inﬁdeles.

2103 4254 2283 4313 Vens.
2321 4260 2409 4312 16.
2435 4256 2656 4327 Semper
2698 4254 2941 4326 gaudete.
2966 4252 3195 4311 Etiamsi
3221 4252 3276 4309 in
3304 4251 3634 4309 tentatioues

2028 4344 2353 4402 incideritis.
2396 4346 2639 4402 Observa
2670 4355 2858 4402 autem
2889 4343 3038 4417 quod
3067 4352 3425 4415 posteaquam
3454 4340 3633 4398 dixis-

1838 4429 1905 4491 Ὁ
1947 4434 1993 4497 D
2024 4444 2108 4492 set
2135 4450 2250 4492 non
2285 4450 2403 4492 esse
2428 4435 2639 4492 malum
2678 4437 2827 4492 malo
2867 4434 3233 4507 pensandum,
3264 4442 3397 4490 tunc
3423 4447 3629 4505 pmce‘

2023 4525 2158 4598 perit
2196 4524 2497 4582 lmtandum
2545 4540 2684 4582 esse.
2718 4529 2860 4582 Nam
2885 4525 2978 4597 qui
3023 4524 3309 4579 institutus
3337 4531 3423 4577 est
3465 4529 3529 4577 ut
3563 4521 3631 4577 de

2022 4614 2245 4671 nemine
2290 4630 2349 4671 se
2390 4613 2705 4683 ulciscatur,
2742 4613 2841 4670 sed
2885 4611 3165 4669 beneﬁciis
3212 4611 3398 4681 potius
3435 4625 3627 4681 prose-

2023 4713 2226 4776 quatur
2242 4719 2373 4762 eum
2402 4705 2498 4776 qui
2524 4702 2931 4761 contristaverit
2954 4717 3035 4770 se,
3064 4698 3347 4757 undenam
3371 4701 3632 4757 maeroris

2024 4794 2316 4851 stimulum
2350 4794 2627 4866 accipiet?

2095 4885 2280 4941 Vens.
2317 4890 2400 4940 17.
2450 4885 2577 4940 Sine
2615 4883 3009 4940 intermissione
3036 4885 3182 4939 orate
3222 4896 3241 4933 :
3290 4882 3350 4937 in
3381 4881 3629 4936 omnibus

2021 4977 2237 5047 gratias
2273 4976 2431 5044 agite.
2481 4974 2641 5030 Viam
2688 4980 2965 5029 monstrat
3004 4988 3113 5046 qua
3157 4971 3254 5027 ﬁat
3302 4978 3365 5027 ut
3411 4985 3631 5042 semper

2021 5062 2385 5135 gaudeamus,
2414 5062 2722 5119 orationem
2770 5061 3035 5117 nimirum
3063 5060 3185 5116 sine
3215 5058 3627 5115 intermissione

2023 5160 2186 5225 atque
2213 5152 2520 5224 gratiarum
2556 5151 2855 5209 actionem.
2905 5150 3009 5220 Qui
3034 5150 3182 5205 enim
3231 5147 3474 5205 assuevit
3499 5162 3626 5203 cum

2022 5244 2145 5297 Deo
2176 5242 2400 5309 versari,
2425 5241 2584 5314 eique
2613 5241 2819 5314 gratias
2848 5254 3009 5311 agere
3037 5238 3095 5294 in
3141 5236 3402 5294 omnibus
3439 5236 3626 5305 rebus,

2023 5338 2291 5402 tanquam
2336 5330 2544 5387 utiliter
2571 5327 3042 5401 contingentibus,
3072 5326 3299 5399 planum
3347 5332 3433 5381 est
3478 5324 3629 5397 quod

2025 5427 2358 5493 perpetuum
2388 5420 2649 5495 gaudium
2680 5418 2970 5476 habiturus
2998 5425 3100 5474 est.

1602 5646 1637 5669 *κ’
1700 5637 1907 5719 Variae
1936 5638 2241 5698 lectiones.

387 5747 432 5782 "
461 5747 762 5822 ἐλέγχονται
787 5764 842 5805 ο.
918 5748 963 5782 ⁸ο
983 5747 1274 5801 ἀποδιδόναι
1294 5764 1350 5805 ο,

598 5840 842 5897 Pauor"
888 5840 993 5896 Gn.
1033 5838 1253 5895 CXXIV.

3344 5831 3413 5886 42
