4104 6448
323 502 455 554 1323

1186 501 1537 558 EXPOSITIO
1575 501 1641 557 IN
1680 500 1886 556 EPIST.
1931 500 1949 555 Ι
1988 501 2079 554 AD
2117 500 2349 555 THESS.
2391 528 2459 539 —
2506 501 2654 555 CAP.
2700 502 2762 553 V.

3494 505 3628 559 1326

401 651 423 673 α
456 624 655 693 Πιστὸς
683 629 712 686 ὁ
750 627 930 686 καλῶν
972 630 1146 703 ἡμᾶς,
1189 628 1243 695 ὃς
1288 628 1378 687 καὶ
1420 625 1648 699 ποιήσει.
1689 648 1718 685 ι)
1753 623 1901 709 ΩὈροι
1933 680 1941 695 ι

2086 627 2267 682 Vens.
2325 630 2414 681 24.
2457 626 2661 681 Fidelis
2689 627 2790 697 qui
2825 627 3035 682 vocavit
3060 641 3175 697 vos,
3213 629 3311 697 qui
3357 633 3409 683 et
3436 631 3623 697 faciet.

316 713 821 796 ταπεινοφροσύνην.
858 715 1085 789 Ἐπειδὴ
1137 719 1314 784 αὐτοῖς
1367 715 1649 792 ἐπηύξατο,
1686 719 1784 791 Μὴ
1830 744 1910 780 νο-

317 802 542 879 μίσητε,
575 805 758 885 φησὶν,
807 805 888 866 ὅτι
932 808 990 865 ἐκ
1030 810 1134 864 τῶν
1184 808 1324 879 ἐμῶν
1357 809 1531 887 εὐχῶν
1582 806 1907 883 σωθήσεσθε,

316 891 435 952 ἀλλ’
461 896 521 954 ἐκ
562 898 654 965 τῆς
687 899 778 953 τοῦ
825 894 1148 963 καλέσαντος
1181 900 1317 973 ὖμᾶς
1349 896 1698 977 ἀγαθωσύνης
1719 901 1906 975 ⁸Θεοῦ.

320 984 385 1045 Εἰ
416 981 523 1063 γὰρ
552 986 623 1051 εἰς
652 985 921 1065 σωτηρίαν
970 985 1209 1060 ἐκάλεσε,
1252 986 1438 1054 πιστὸς
1484 987 1542 1049 δέ
1590 990 1722 1062 ἔστι,
1754 1012 1911 1048 τουτ-

315 1070 460 1131 έστιν
492 1071 715 1153 ἀληθὴς,
763 1073 972 1143 πάντως
1018 1075 1231 1149 ποιήσει
1277 1077 1418 1137 κατὰ
1449 1075 1512 1135 τὸ
1557 1075 1764 1157 θέλημα
1815 1081 1909 1138 αὖ·

311 1166 431 1241 τοῦ,
463 1164 553 1221 καὶ
583 1162 767 1225 σώσει.

402 1301 427 1327 κ
460 1272 724 1355 Ἀδελφοὶ,
779 1275 1109 1360 πρσεύχεσθε
1147 1277 1267 1357 περὶ
1318 1280 1494 1354 ἡμῶν.
1553 1301 1582 1337 »
1624 1277 1772 1361 ⁰¹Ορα
1821 1304 1908 1357 με·

314 1363 694 1445 τριοφροσύνην
744 1364 813 1403 ⁶⁴⁶
864 1369 893 1425 ὁ
947 1366 1000 1409 ⁵⁵
1047 1369 1263 1438 Παῦλος
1318 1368 1486 1428 ἐδεῖτο
1552 1374 1647 1443 τῆς
1706 1367 1908 1430 τούτων

312 1454 497 1533 εὐχῆς.

404 1584 433 1621 ιι
486 1564 825 1628 Ἀσπάσασθε
895 1566 1014 1636 τοὺς
1068 1568 1325 1651 ἀδελφοὺς
1379 1570 1583 1639 πάντας
1658 1573 1712 1629 iv
1773 1572 1908 1651 ἁγίῳ

313 1653 597 1733 φιλήματι.
632 1678 662 1714 υ
693 1656 921 1730 Ἐπειδὴ
942 1662 1045 1736 γὰρ
1069 1658 1219 1719 ἀπὼν
1253 1659 1409 1727 αὐτὸς
1436 1662 1532 1721 οὐκ
1562 1660 1794 1733 ἠδύνατο
1820 1665 1908 1722 διὰ

312 1747 406 1801 τοῦ
437 1744 630 1804 οἰκείου
677 1745 941 1823 στόματος
982 1748 1315 1818 ἀσπάζεσθαι
1351 1750 1566 1824 αὐτοὺς,
1598 1752 1666 1810 δι’
1712 1754 1907 1835 ἑτέρων

314 1832 647 1903 ἀσπάζεσθαι
678 1835 944 1915 βούλεται·
969 1839 1039 1906 ὡς
1073 1838 1316 1916 λέγομεν
1364 1841 1611 1913 Φίλησον
1641 1840 1731 1900 τὸν
1763 1832 1909 1904 δεῖνα

2020 714 2156 771 Vide
2202 714 2570 771 humilitatem
2621 713 2758 786 ejus.
2792 714 3066 785 Quoniam
3116 732 3215 789 pro
3242 716 3318 774 eis
3374 727 3626 790 precatus

2021 812 2160 873 erat,
2191 806 2274 861 Ne
2311 803 2657 874 existimetis,
2688 804 2886 878 inquit,
2926 805 3074 877 quod
3112 822 3177 863 ex
3221 822 3342 863 mea
3372 809 3624 865 oratione

2018 893 2396 961 servabimini,
2439 910 2634 950 verum
2674 911 2738 950 ex
2770 893 3014 951 bonitate
3048 896 3166 969 ejus
3196 896 3291 970 qui
3334 913 3432 954 vos
3459 914 3624 955 voca-

2021 983 2097 1038 vit
2128 983 2246 1040 Dei.
2279 983 2333 1040 Si
2359 984 2506 1040 enim
2548 983 2617 1041 ad
2658 984 2895 1041 salutem
2927 987 3159 1055 vocavit,
3191 991 3248 1043 et
3296 986 3466 1044 ﬁdelis
3516 996 3621 1056 est,

2019 1070 2075 1126 id
2113 1081 2197 1129 est
2240 1088 2421 1142 verus,
2467 1073 2692 1129 omnino
2722 1071 2887 1130 faciet
2938 1075 3239 1131 secundum
3281 1077 3619 1133 voluntatem

2017 1177 2198 1231 suam,
2231 1171 2286 1219 et
2318 1163 2559 1220 servabit
2583 1179 2699 1220 vos.

2090 1253 2270 1309 Vens.
2320 1258 2410 1308 25.
2442 1256 2683 1323 Fratres,
2721 1259 2877 1310 orate
2909 1271 3015 1326 pro
3056 1257 3231 1312 nobis.
3285 1255 3422 1312 Vide
3448 1257 3623 1313 animi

2018 1340 2345 1399 modestiam
2388 1361 2401 1397 :
2434 1341 2643 1399 Paulus
2667 1343 2899 1401 istorum
2928 1344 3177 1401 oratione
3214 1345 3509 1420 indigebat.

2086 1567 2265 1623 Vens.
2292 1569 2382 1623 26.
2412 1568 2658 1625 Salutate
2680 1569 2890 1637 fratres
2924 1585 3102 1628 omnes
3128 1572 3188 1627 in
3213 1573 3388 1629 osculo
3414 1578 3617 1631 sancto.

2018 1654 2159 1725 Quia
2203 1656 2351 1711 enim
2381 1655 2470 1712 ille
2515 1656 2715 1714 absens
2756 1673 2868 1714 non
2893 1659 3077 1731 potuit
3106 1661 3328 1733 proprio
3360 1678 3457 1719 ore
3486 1664 3621 1720 salu-

2018 1753 2136 1801 tare
2183 1745 2353 1817 ipsos,
2396 1762 2492 1819 per
2533 1746 2674 1803 alios
2729 1747 2966 1805 salutare
3010 1750 3166 1821 cupit
3212 1768 3225 1805 :
3280 1752 3507 1823 perinde
3556 1770 3621 1810 ac

2016 1834 2271 1903 dicimus,
2300 1836 2485 1892 Saluta
2523 1836 2680 1893 illum
2702 1852 2829 1894 meo
2858 1839 3103 1896 nomine.
3131 1840 3407 1909 Quoniam
3430 1851 3617 1899 autem

314 1921 424 2014 ἄντ’
469 1926 624 2014 ἐμοῦ,
652 1923 875 1998 Ἐπειδὴ
926 1924 979 1985 δὲ
1031 1926 1147 1987 ἔστι
1195 1928 1284 1989 καὶ
1320 1930 1529 2010 δολερὸν
1562 1929 1796 2014 φίλημα,
1843 1937 1913 2004 ὡς

2018 1932 2075 1981 et
2099 1923 2356 1981 dolosum
2384 1934 2469 1982 est
2491 1925 2763 1995 osculum,
2796 1928 2957 2000 quale
2982 1928 3085 1985 fuit
3110 1928 3294 1999 Iudae,
3324 1934 3390 1986 In
3413 1936 3612 2000 sancto,

311 2011 371 2071 τὸ
398 2017 489 2071 τοῦ
521 2012 717 2089 Ἰούδα,
745 2042 771 2067 ιι
802 2014 898 2077 Ἐν
934 2017 1088 2097 ἁγίῳ,
1129 2042 1155 2070 ι
1185 2018 1367 2099 φησίν.

398 2148 424 2180 α
465 2123 699 2204 Ὁρκίζω
752 2128 889 2205 ὑμᾶς
936 2127 1023 2188 τὸν
1076 2129 1294 2210 Κύριον,
1347 2134 1755 2212 ἀναγνωσθῆναι
1813 2136 1908 2210 τὴν

312 2211 641 2287 Ἐπιστολὴν
672 2224 805 2275 πᾶσι
840 2224 947 2285 τοῖς
1000 2217 1190 2296 ἁγίοις.
1246 2248 1273 2274 ιι
1328 2224 1412 2282 Οὐ
1460 2211 1707 2287 τοσοῦτον
1756 2228 1904 2287 διδα-

309 2303 535 2394 σκαλίας
568 2303 750 2385 χάριν,
786 2307 907 2364 ἀλλ’
954 2304 1041 2366 ἵνα
1078 2310 1339 2380 κάκείνοις
1368 2301 1413 2370 ὦ
1448 2315 1908 2394 προσδιαλεγόμε-

307 2416 392 2459 νος
441 2393 527 2452 διὰ
575 2396 667 2465 τῆς
718 2394 1063 2468 Ἐπιστολῆς·
1114 2398 1142 2456 ὃ
1171 2400 1362 2478 δεῖγμα
1415 2401 1578 2462 πόθου
1629 2393 1901 2473 διακαοῦς.

309 2481 551 2575 Ὠρκίζει
595 2480 678 2575 δᾷ,
715 2482 802 2543 ἵνα
833 2484 932 2575 κᾶν
965 2488 1127 2548 αὐτοῦ
1158 2490 1627 2570 καταφρονήσωσι,
1663 2493 1748 2553 διὰ
1778 2501 1906 2575 γοῦν

305 2572 396 2664 τὸν
425 2571 681 2652 ὁρκισμὸν
728 2573 970 2656 πράξωσι
1019 2577 1080 2637 τὸ
1109 2579 1417 2664 ἐπιῖαχθέν.
1461 2581 1623 2643 Οὕτω
1665 2584 1766 2664 γὰρ
1791 2571 1905 2652 *τοῖς

307 2663 555 2753 παλαιοῖς
585 2664 927 2743 Χριστιανοῖς
958 2666 1163 2749 φρικτοὶ
1211 2660 1350 2742 ἦσαν
1380 2672 1429 2730 οἱ
1475 2660 1749 2753 ὁρκισμοίο⁷
1783 2675 1904 2734 ἀλλ’

308 2752 367 2809 οὗ
404 2759 509 2819 τοῖς
538 2756 654 2829 νῦν,
686 2754 776 2813 καὶ
808 2761 938 2835 φεῦέ
974 2761 1125 2834 ἡμῖν.

394 2956 422 3025 ε
477 2933 549 2994 Ἦ
604 2936 758 3016 χάρις
810 2944 901 2998 τοῦ
971 2938 1168 3019 Κυρίου
1220 2944 1372 3020 ἡμῶν
1440 2946 1598 3018 Ιησοῧ
1661 2948 1898 3025 Χριστοῦ

306 3023 421 3114 μεθ’
458 3026 628 3100 ὑμῶν.
666 3026 850 3103 Ἀμήν.
903 3053 933 3085 ι
973 3030 1188 3103 Πάντα,
1220 3032 1374 3111 φησι,
1400 3032 1467 3091 τὰ
1501 3033 1675 3114 ἀγαθὰ
1710 3023 1902 3105 ἐκεῖνος

303 3113 443 3207 ἡμῖν.
463 3115 770 3207 ἐχαρίσατο.
811 3118 1151 3189 Σπουδάζετε
1195 3114 1307 3195 οὖν,
1342 3119 1430 3181 ἵνα
1463 3113 1631 3184 πλείω
1673 3125 1768 3200 τὴν
1800 3127 1901 3207 χοίο

307 3224 386 3281 ριν
422 3204 810 3282 ἕπισποίσησθε,
846 3208 931 3268 διὰ
963 3216 1056 3269 τοῦ
1089 3219 1401 3292 περιπατεῖν
1450 3212 1609 3283 ἀξίως
1655 3220 1758 3274 τῶν
1799 3204 1897 3296 χα-

303 3292 582 3372 ρισθέντων
615 3297 766 3373 ύμῖν.
824 3294 967 3356 ⁶Υπὸ
1014 3303 1108 3371 τῆς
1139 3302 1302 3372 αὐτῆς
1335 3302 1553 3384 χάριτος
1607 3305 1698 3366 καὶ
1749 3292 1900 3383 ἡμεῖς

301 3382 656 3475 φρουροίρῗεθα
707 3383 816 3445 ἀπὸ
847 3386 1025 3459 πάσης
1055 3390 1176 3449 ὁδοῦ
1211 3382 1467 3472 πονηρᾶς,
1510 3393 1599 3453 ἵνα
1646 3394 1737 3455 καὶ
1770 3382 1897 3475 πρὸς

301 3469 454 3540 δόξαν
491 3473 737 3552 ζήσωμεν
788 3480 886 3558 τοᾷ
936 3477 1171 3558 Πατρὸς,
1225 3469 1440 3541 καὶτοῦ
1476 3484 1630 3557 Υἶοῦ,
1680 3469 1896 3546 καὶτοῦ

298 3558 453 3639 ἁγίου
486 3562 817 3643 Πνεύματος·
848 3556 892 3648 ᾧ
936 3556 1125 3648 πρέπει
1158 3576 1310 3628 πᾶσα
1345 3569 1467 3642 δόξα
1499 3574 1569 3641 εἰς
1614 3556 1734 3642 τοὺς
1762 3558 1897 3636 ἀιδ-

296 3673 414 3719 νας.
454 3650 618 3731 Ἀμήν
633 3701 647 3716 .

2017 2013 2223 2087 adjicit.

2089 2126 2266 2183 Van.
2300 2132 2390 2183 27.
2438 2127 2654 2198 Adjuro
2700 2144 2790 2184 vos
2824 2145 2923 2200 per
2950 2131 3261 2199 Dominum,
3303 2136 3363 2186 ut
3404 2132 3618 2202 legatur

2016 2216 2269 2287 Epistola
2287 2215 2400 2273 haec
2415 2218 2658 2273 omnibus
2683 2222 2905 2274 sanctis.
2930 2218 3100 2291 528
3126 2222 3250 2277 Non
3272 2230 3386 2277 tam
3412 2222 3618 2279 institu-

2016 2304 2184 2362 tionis
2210 2306 2402 2379 gratia,
2430 2323 2595 2379 quam
2624 2316 2685 2363 ut
2710 2308 2816 2363 illis
2845 2309 3006 2364 etiam
3033 2326 3130 2381 per
3153 2310 3455 2383 Epistolam
3478 2311 3617 2369 hanc

2014 2394 2213 2467 loquar
2261 2414 2275 2450 :
2317 2396 2465 2468 quod
2501 2405 2585 2452 est
2626 2407 3017 2470 argumentum
3064 2398 3306 2456 ardentis
3335 2398 3614 2458 desiderii.

2014 2482 2249 2555 Adjurat
2283 2494 2491 2553 autem,
2521 2492 2584 2540 ut
2609 2486 2855 2559 quamvis
2892 2487 3078 2559 ipsum
3107 2489 3466 2562 negligerent,
3494 2508 3617 2563 pro-

2016 2580 2138 2645 pter
2165 2572 2575 2646 adjurationem
2604 2583 2792 2633 tamen
2834 2576 2985 2648 quod
3018 2577 3330 2651 injunctum
3376 2587 3460 2635 est
3488 2596 3617 2652 per-

2013 2671 2331 2735 sequantur.
2392 2663 2546 2720 Adeo
2595 2665 2869 2722 veteribus
2938 2665 3263 2724 Christianis
3326 2668 3617 2727 horrenda:

2009 2750 2231 2808 fuerunt
2265 2751 2639 2824 adjurationes
2684 2772 2697 2809 :
2748 2763 2806 2811 at
2841 2754 3009 2813 hodie
3059 2755 3181 2829 (vae
3222 2757 3421 2815 nobis!
3454 2759 3472 2833 )
3502 2774 3613 2816 non

2013 2839 2167 2897 item.

2082 2972 2261 3026 Vens.
2295 2977 2383 3027 28.
2415 2973 2610 3031 Gratia
2630 2976 2851 3029 Domini
2883 2977 3056 3030 nostri
3081 2978 3203 3032 Jesu
3224 2977 3427 3033 Christi
3447 2978 3616 3035 vobis-

2010 3076 2149 3115 cum.
2180 3062 2375 3118 Amen.
2409 3062 2636 3132 Omnia,
2664 3062 2860 3135 inquit,
2886 3064 3031 3120 bona
3066 3064 3156 3121 ille
3183 3065 3340 3121 nobis
3371 3065 3610 3123 donavit.

2011 3152 2251 3221 Operam
2276 3150 2455 3222 itaque
2484 3158 2701 3220 navate,
2733 3161 2796 3208 ut
2827 3153 3142 3210 uberiorem
3187 3155 3426 3227 gratiam
3456 3164 3617 3213 attra-

2008 3237 2169 3307 hatis,
2208 3238 2440 3296 vivendo
2482 3256 2580 3312 pro
2626 3241 2893 3315 dignitate
2938 3242 3129 3316 gratia:
3174 3243 3329 3301 vobis
3372 3245 3611 3303 donata.

2007 3329 2111 3383 Per
2136 3328 2386 3384 eamdem
2415 3330 2653 3401 gratiam
2696 3339 2751 3387 et
2778 3348 2881 3389 nos
2930 3333 3309 3391 custodiamur
3358 3335 3427 3391 ab
3457 3335 3612 3392 omni

2005 3416 2089 3472 via
2130 3432 2316 3487 prava,
2342 3425 2405 3472 ut
2438 3417 2511 3474 ad
2538 3419 2773 3491 gloriam
2805 3420 3053 3479 vivamus
3083 3424 3254 3481 Patris
3288 3432 3344 3481 et
3389 3424 3511 3481 Filii
3559 3433 3616 3482 et

2004 3504 2242 3576 Spiritus
2267 3506 2446 3562 sancti
2478 3525 2490 3562 :
2532 3523 2699 3580 quem
2728 3508 2884 3567 decet
2909 3511 3093 3568 omnis
3114 3512 3290 3584 gloria
3312 3512 3367 3569 in
3393 3514 3611 3571 sacula.

2012 3597 2208 3650 Amen.

1704 3832 1896 3895 Variae
1941 3837 2244 3901 lectiones.

370 4008 415 4047 ”'
446 4015 897 4088 ταπεινοφροσύνην
921 4034 975 4075 0.
1063 4018 1105 4053 ⁵⁸
1132 4039 1155 4073 ε
1201 4037 1253 4078 ο.
