4104 6428
481 474 614 527 1327

1517 464 2036 523 THEOPHYLACTI
2075 463 2436 521 BULGARI/E
2475 461 2794 519 ARCHIEP.

3649 464 3792 518 1328

1341 755 2626 915 ΘΕΟΦΥΛΑΚΤ
2628 750 2918 909 ΟΥ

1193 1009 2230 1094 ΑΡΧΙΕΠΙΣΚΟΠΟΥ
2306 1007 3074 1090 ΒΟΥΛΓΑΡΙΑΣ

2077 1177 2205 1226 ΤΗΣ

1279 1324 1606 1451 ΤΟΥ
1701 1317 2204 1448 ΑΓΙΟΥ
2297 1315 2984 1444 ΠΑΥΛοΥ

838 1545 1130 1624 ΠΡΟΣ
1195 1543 2095 1626 ΘΕΣΣΑΛΟΝΙΚΕΙΣ
2152 1538 2716 1622 ΔΕΥΤΕΡΑΣ
2787 1536 3426 1616 ΕΠΙΣΤΟΛΗΣ

1689 1723 2593 1862 ΕΞΗΓΗΣΙΣ.

1367 1978 2454 2264 THEOPIriYL
2476 2098 2903 2258 ACTI

1640 2347 2040 2405 BULGAPJ/E
2075 2344 2624 2407 ARCHIEPISCOPI

665 2492 1290 2588 EPISTOLfE
1373 2493 1460 2584 ll
1535 2493 1654 2582 D.
1736 2490 2089 2583 PAULI
2153 2489 2312 2578 ‘AD
2388 2479 3600 2577 THESSALONICENSES

1765 2668 2505 2777 EXPOSITIO.

549 3016 720 3090 529
766 3017 1295 3076 ARGUMENTUM
1329 3015 1677 3072 SECUNDE
1724 3013 2116 3077 EPISTOLE,

2193 3011 2588 3071 ΥΙΙΟΘΕΣΙΣ
2641 3009 2801 3068 ΤΗΣ
2857 3004 3267 3068 ΔΕΥΤΙΞΡΑΣ
3336 3003 3544 3062 ΠΡΟΣ
3597 3001 3794 3063 ΘΕΣ-

841 3108 942 3162 AD
984 3104 1706 3162 THESSALONICENSES.

549 3230 851 3286 Secundam
897 3230 972 3286 ad
1019 3228 1506 3285 Thessalonicenses
1569 3227 1864 3298 Epistolam
1921 3226 2078 3280 divus

477 3318 677 3374 Paulus
723 3319 860 3374 hanc
883 3319 945 3373 ob
974 3333 1194 3374 causam
1223 3317 1456 3374 scribit:
1503 3318 1569 3372 In
1606 3318 1794 3387 priore
1831 3315 2080 3387 Epistola

476 3409 769 3479 scripserat
797 3410 890 3472 eis,
913 3408 1070 3463 valde
1092 3423 1147 3464 se
1175 3407 1447 3463 laborasse
1463 3413 1524 3462 ut
1547 3422 1632 3462 eos
1657 3406 1868 3462 videret
1897 3423 1916 3458 :
1943 3406 2080 3476 quia

477 3511 598 3553 vero
624 3512 728 3552 non
759 3500 833 3552 sit
861 3501 1132 3554 assecutus
1162 3499 1307 3569 quod
1336 3497 1692 3569 empetiverat,
1723 3495 1930 3552 diutius
1971 3510 2080 3550 non

457 3585 673 3654 ferens,
745 3588 1074 3643 Timotheum
1131 3589 1304 3643 misit.
1354 3589 1536 3658 Atque
1592 3602 1693 3658 per
1743 3587 1854 3641 haec
1899 3586 2079 3640 omnia

475 3676 708 3732 ostendit
747 3683 1076 3748 quantopere
1121 3679 1266 3749 ipsos
1315 3678 1473 3732 adire
1521 3677 1882 3732 desiderabat.
1941 3675 2082 3742 Quia

476 3781 595 3822 vero
629 3780 737 3821 non
763 3768 994 3839 contigit
1017 3783 1137 3822 eum
1166 3767 1438 3838 proﬁcisci
1461 3766 1535 3822 ad
1561 3768 1726 3838 ipsos,
1759 3771 1928 3836 atque
1946 3781 2079 3836 per-

477 3857 632 3923 ﬁcere
660 3870 781 3925 qua:
807 3857 870 3911 in
895 3856 1001 3925 fide
1019 3857 1133 3912 illis
1162 3855 1419 3923 deessent,
1447 3855 1607 3926 hujus
1635 3856 1719 3910 rei
1742 3857 1928 3925 gratia
1951 3855 2077 3910 alte-

479 3959 603 3999 ram
611 3945 903 4015 Epistolam
912 3947 1161 4016 apponit,
1174 3945 1444 4013 defectum
1449 3947 1754 4016 praesentiae
1757 3960 1860 4015 per
1870 3945 1912 3999 li
1917 3947 2084 4000 tteras

481 4033 803 4104 adimplens.
839 4035 992 4102 Quod
1032 4036 1173 4091 enim
1203 4035 1279 4090 ad
1301 4050 1385 4091 eos
1411 4050 1516 4090 non
1540 4033 1757 4102 abierit,
1797 4033 1925 4089 inde
1951 4050 2083 4104 per-

481 4125 722 4193 spicuum
759 4127 856 4179 est.
884 4125 1028 4180 Nam
1055 4126 1115 4179 in
1136 4126 1326 4195 priori
1349 4123 1618 4194 Epistola.
1644 4123 1710 4179 de
1753 4138 1830 4187 eo,
1867 4123 2085 4194 quando

480 4214 552 4267 sit
595 4213 821 4279 futurus
863 4213 1127 4269 adventus
1155 4214 1393 4277 Domini,
1441 4214 1796 4283 praetermisit
1834 4214 2082 4278 scribere,

2497 3099 2836 3158 ΣΑΛΟΝΙΚ
2853 3098 2979 3157 ΕΙΣ
3012 3093 3483 3155 ΕΠΙΣΤΟΛΗΣ.

2355 3223 2621 3305 Δευτέραν
2686 3223 2816 3304 πρὸς
2893 3222 3311 3285 Θεσσαλονικεῖς
3384 3221 3617 3278 ποιεῖται
3691 3213 3792 3288 τὴν

2191 3312 2515 3386 Ἐπιστολὴν
2585 3317 2613 3373 6
2692 3312 2955 3394 μακάριος
3009 3313 3226 3377 Παῦλος
3283 3305 3368 3368 διὰ
3438 3306 3640 3380 ταύτην
3694 3305 3792 3376 τὴν

2190 3405 2383 3464 αἰτίαν·
2434 3402 2784 3485 Προέγραψεν
2823 3402 2925 3483 γὰρ
2966 3401 3145 3469 αὐτοῖς
3192 3401 3245 3459 ἐν
3275 3404 3340 3480 τῇ
3373 3397 3603 3480 προτέρα
3634 3396 3795 3485 Ἐπι-

2191 3496 2384 3572 στολῇ,
2433 3493 2514 3552 ὅτι
2585 3484 2908 3563 ἐσπούδαζεν
2977 3489 3168 3558 αὐτοὺς
3231 3490 3382 3562 ἰδεῖν,
3450 3485 3542 3546 καὶ
3606 3484 3794 3558 ἐπειδὴ

2189 3585 2286 3644 οὐκ
2355 3583 2513 3664 ἔτυχε
2571 3590 2664 3643 τοῦ
2736 3583 2946 3663 ἐφετοῦ,
3027 3579 3222 3658 μηκέτι
3293 3578 3528 3659 στέγων,
3587 3575 3794 3654 ἔπεμψε

2191 3672 2483 3750 Τιμόθεον,
2553 3671 2646 3732 καὶ
2714 3672 2802 3731 διὰ
2871 3670 3076 3731 τούτων
3160 3673 3375 3730 πάντων
3454 3666 3542 3726 τὸν
3630 3665 3794 3725 πόθον

2192 3763 2496 3854 ἐδήλῳσεν,
2581 3759 2638 3854 ὃν
2697 3751 2872 3854 εἶξεν,
2955 3758 3097 3854 ὥστε
3179 3757 3603 3854 παραγενέσθαιμ
3663 3756 3796 3854 πρὸς

2194 3851 2404 3920 αὐτούς.
2479 3850 2634 3910 Ἐπεὶ
2724 3845 2814 3909 οὖν
2878 3851 2976 3910 οὐκ.
3059 3848 3286 3930 ἔφθασεν
3382 3847 3631 3907 ἀπελθεῖν
3701 3845 3797 3905 καὶ

2194 3941 2517 4024 καταρτίσαι
2575 3939 2643 3999 τὰ
2721 3939 3073 4020 ὑστερήματα
3136 3941 3311 3999 αὐτῶν
3368 3943 3464 4010 τῆς
3533 3935 3796 4010 πίστεως,

2192 4031 2379 4091 τούτου
2466 4029 2625 4112 χάριν
2705 4028 2800 4100 τὴν
2874 4029 3126 4111 δευτέραν
3204 4027 3552 4111 προστίθησιν
3627 4025 3796 4088 Ἐπι-

2195 4119 2409 4194 στολὴν,
2481 4119 2544 4180 τὸ
2631 4117 2898 4197 ἔλλειμμα
2977 4125 3072 4192 τῆς
3149 4117 3441 4200 παρουσίας
3524 4115 3610 4176 διὰ
3681 4119 3791 4176 τῶν

2195 4208 2534 4291 γραμμάτων
2620 4209 2965 4287 ἀναπληρῶν.
3039 4206 3172 4270 "On
3229 4209 3334 4291 γὰρ
3415 4209 3512 4269 οὐκ
3583 4208 3792 4278 ἀπῆλθε

483 4316 578 4355 ceu
624 4317 738 4356 rem
759 4303 872 4357 illis
895 4318 1003 4357 non
1025 4303 1322 4359 admodum
1359 4304 1715 4359 necessariam
1745 4319 1759 4357 :
1790 4319 1932 4358 nunc
1957 4319 2081 4358 vero
2109 4321 2116 4384 1

2195 4299 2326 4380 πρὸς
2383 4296 2588 4370 αὐτοὺς,
2649 4297 2808 4370 δῆλον
2885 4299 3141 4358 ἐντεῦθενο
3193 4299 3292 4361 Ἐν
3345 4296 3444 4376 μὲν
3637 4296 3793 4375 πρώ-

484 4389 587 4444 hac
610 4389 676 4445 de
698 4406 756 4446 re
776 4391 979 4447 scribit.
1024 4391 1193 4464 53o
1229 4393 1408 4463 Atqui
1437 4393 1490 4449 si
1509 4394 1624 4463 ipse
1644 4408 1728 4448 eos
1757 4394 2076 4456 accessisset,

484 4479 636 4534 haud
671 4481 972 4551 scripsisset
1003 4481 1131 4552 jam
1169 4483 1235 4538 de
1280 4482 1374 4537 hoc
1426 4483 1542 4553 ipso
1597 4485 1826 4552 negotio.
1883 4482 2082 4539 Scribit

482 4572 660 4624 autem
693 4571 790 4625 hac
831 4571 900 4626 de
937 4573 1228 4642 quaestione
1268 4573 1587 4627 necessario.
1638 4572 1898 4628 Nonnulli
1941 4573 2084 4628 enim

478 4658 778 4727 perditores
824 4660 1073 4717 dicebant
1109 4660 1231 4731 jam
1275 4661 1466 4717 adesse
1505 4662 1723 4718 Domini
1769 4661 2082 4730 adventum,

483 4751 558 4814 et,
590 4749 733 4818 quod
748 4750 1111 4820 periculosius
1134 4767 1196 4806 ac
1221 4753 1451 4824 gravius
1473 4754 1612 4820 erat,
1654 4750 1812 4806 verba
1833 4751 2086 4822 quadam

480 4838 753 4906 ﬁngebant
787 4843 1052 4913 tanquam
1081 4857 1115 4895 a
1143 4841 1311 4896 Paulo
1328 4841 1506 4910 dicta,
1540 4845 1592 4897 et
1627 4842 1930 4912 Epistolas,
1959 4846 2089 4896 tan—

483 4941 649 4995 quam
667 4927 736 4982 ab
760 4928 854 4984 illo
873 4932 1122 5001 scriptas.
1149 4931 1331 5002 Atque
1349 4931 1460 4986 haec
1486 4932 1887 5001 excogitaverat
1906 4931 2092 4986 diabo-

484 5015 590 5084 lus,
620 5033 725 5087 quo
763 5018 1117 5085 labefactaret
1144 5021 1434 5077 credentes.
1473 5022 1604 5079 Cum
1643 5023 1789 5076 enim
1822 5021 2090 5077 credentes

477 5119 584 5174 pro
604 5122 800 5176 magna
819 5111 1182 5165 consolatione
1205 5113 1618 5167 resurrectionis
1640 5125 1786 5182 spem
1809 5111 2086 5175 haberent,

481 5196 680 5266 quippe
725 5199 829 5267 qui
868 5204 1236 5270 ewspectarent
1274 5215 1386 5257 sese
1445 5203 1750 5271 recepturos
1796 5200 2088 5256 mercedem

479 5285 725 5354 virtutis,
751 5289 1066 5359 visurosque
1081 5304 1137 5345 se
1156 5305 1492 5362 oppressores
1519 5305 1640 5347 suos
1667 5289 1838 5360 digna
1857 5291 2090 5346 cruciari

475 5386 662 5443 paena,
706 5374 1031 5433 subornavit
1063 5381 1345 5436 ministros
1390 5395 1534 5444 suos,
1588 5382 1689 5450 qui
1723 5380 1995 5450 judicium
2039 5383 2090 5436 et

483 5463 688 5519 Christi
712 5466 1007 5522 adventum
1021 5467 1142 5538 jam
1161 5470 1370 5525 instare
1395 5470 1664 5532 docerent,
1690 5473 1753 5524 ut
1778 5470 2088 5525 indicarent

482 5564 586 5606 non
620 5559 928 5612 secuturam
969 5559 1031 5614 in
1061 5563 1337 5629 posterum
1373 5561 1868 5631 compensationem,
1919 5576 2090 5630 neque

2187 4411 2254 4468 τῃ
2311 4387 2609 4467 Ἐπιστολῇ
2676 4387 2800 4466 περὶ
2870 4393 2988 4460 τοῦ,
3043 4386 3176 4448 πότε
3242 4387 3400 4448 ἔσται
3439 4391 3472 4459 ἡ
3537 4391 3631 4445 τοῦ
3683 4389 3795 4448 Κυο

2191 4477 2304 4558 ρίου
2350 4477 2640 4558 παρουσία,
2703 4474 2986 4557 ὑπερέθετο
3036 4475 3269 4556 γράψαι,
3338 4479 3409 4546 ὣς
3465 4477 3524 4536 οὔ
3593 4480 3792 4557 χρειῶ-

2191 4569 2275 4635 δες
2341 4565 2398 4626 ὂν
2458 4568 2634 4634 αὖτοῖς
2699 4572 2870 4625 τοῦτο·
2920 4564 3037 4625 νυνὶ
3103 4563 3158 4625 δὲ
3228 4562 3352 4644 περὶ
3417 4561 3604 4622 τούτου
3663 4560 3797 4641 γρά-

2193 4679 2298 4738 φει.
2352 4657 2472 4717 Οὔκ
2533 4654 2598 4714 ἂν
2650 4653 2707 4714 δὲ
2761 4661 2850 4715 νῦν
2904 4653 3156 4735 ἔγραψεν,
3217 4651 3267 4712 εἴ
3313 4676 3374 4731 γε
3434 4649 3590 4718 αὐτὸς
3644 4673 3792 4731 παρ-

2195 4745 2420 4826 εγένετο.
2489 4743 2691 4824 Γράφει
2765 4743 2820 4803 δὲ
2894 4743 3018 4824 περὶ
3079 4741 3264 4802 τούτου
3339 4745 3430 4800 τοῦ
3490 4739 3799 4818 ζητήματος

2197 4833 2516 4916 ἀναγκαίως.
2574 4836 2728 4902 Τινὲς
2769 4832 2873 4914 γὰρ
2930 4835 3198 4911 λυμεῶνες
3242 4830 3348 4904 ἤδη
3402 4829 3582 4909 ἔλεγον
3643 4852 3790 4911 παρ-

2196 4927 2334 4985 εῖναι
2389 4923 2488 4996 τὴν
2545 4929 2640 4984 τοῦ
2678 4922 2877 5004 Κυρίου
2934 4921 3262 5000 παρουσίαν,
3321 4921 3438 4994 καὶ,
3497 4919 3558 4979 τὸ
3619 4920 3790 5000 χαλε-

2195 5013 2466 5094 πώτερον,
2533 5013 2856 5074 ἐπλάττοντο
2927 5011 3020 5071 καὶ
3081 5011 3296 5093 ῥήματά
3358 5035 3500 5089 τινα,
3555 5013 3625 5077 ὣς
3686 5009 3796 5068 ἀπὸ

2195 5110 2288 5164 τοῦ
2357 5103 2574 5164 Παύλου
2633 5101 2910 5184 λεχθέντα,
2968 5102 3058 5162 καὶ
3119 5101 3472 5180 Ἐπιστολὰς,
3527 5103 3596 5168 ὡς
3662 5103 3793 5180 παρ’

2199 5192 2398 5254 ἐκείνου
2450 5192 2766 5274 γραφείσας.
2816 5194 3004 5253 Ταῦτα
3059 5189 3114 5251 δὲ
3171 5191 3499 5263 ἕπενοήσατο
3567 5193 3595 5249 ὁ
3665 5191 3788 5249 διά-

2198 5282 2372 5361 ϐολος,
2449 5281 2534 5342 ίνα
2620 5282 2816 5364 ἐκλύσῃ
2897 5277 3017 5349 τοὺς
3119 5281 3489 5364 πιστεύοντας.
3566 5280 3792 5353 Ἐπειδὴ

2193 5372 2297 5453 γὰρ
2355 5360 2410 5432 οἱ
2483 5360 2856 5451 πιστεύοντες,
2923 5373 2998 5440 εἰς
3068 5371 3309 5451 μεγάλην
3383 5360 3525 5451 εἶχον
3604 5369 3789 5450 παρά-

2193 5465 2384 5536 κλησιν
2452 5462 2550 5534 τὴν
2613 5466 2707 5534 τῆς
2765 5460 3106 5529 ἀναστάσεως
3161 5462 3380 5538 ἐλπίδα,
3450 5462 3542 5520 ἅτε
3618 5483 3796 5541 προσ-

2196 5553 2446 5620 δοκῶντες
2507 5550 2598 5611 καὶ
2671 5551 2820 5612 αὐτοὶ
2899 5551 2950 5591 ⁶⁶
3019 5552 3136 5618 τοὺς
3203 5551 3420 5629 μισθοὺς
3494 5548 3794 5609 ἀπολαϐεῖν

1878 5684 2071 5745 Variae
2115 5687 2419 5750 lectiones.

553 5753 596 5789 ⁸⁸
626 5753 798 5822 αὖτοὺς
827 5777 878 5818 ο.
