4104 6472
383 439 519 493 i329
1263 439 1619 498 EXPOSITIO
1657 441 1724 497 IN
1761 442 1966 499 EPIST.
2008 443 2051 500 ΙΙ
2089 444 2180 500 AD
2218 445 2448 502 THESS.
2487 477 2559 488 —
2588 447 2743 503 CAP.
2787 449 2825 504 1.
3551 456 3688 510 1330

378 567 473 634 τῆς
555 563 778 644 ἀρετῆς,
852 565 944 624 καὶ
1023 563 1144 633 τοὺς
1213 564 1488 632 θλίϐοντας
1572 567 1761 635 αὖτοὺς
1846 569 2016 637 ἶδεῐνλ

2084 571 2349 641 judicium
2375 577 2472 629 aut
2484 589 2730 647 plenam,
2755 579 2917 646 atque
2938 577 3059 632 hinc
3079 590 3202 648 spes
3237 583 3544 634 sanctorum
3572 594 3690 634 con-

379 653 747 721 ἀπολαύοντας
841 653 989 724 ἀξίας
1090 654 1364 724 κολάσεως
1384 701 1400 728 ,
1525 655 1760 717 ὑπέϐαλε
1861 657 1982 727 τοὺς

2088 663 2394 732 fringerent
2416 667 2468 718 et
2496 666 2930 732 comminuerent,
2961 670 3012 720 et
3033 666 3206 722 hostes
3231 668 3384 722 verbi
3417 669 3686 740 conﬁden-

377 742 669 824 ὕπουργοὺς
755 745 919 804 αὐτοῦ
1018 745 1320 818 διδάσκειν,
1407 745 1486 807 ὅτι
1584 747 1865 822 ἐνέστηκεν
1945 752 1979 821 ἡ

2090 754 2254 807 tiores
2278 752 2582 817 redderent,
2605 755 2712 810 imo
2735 759 2792 810 et
2807 755 2992 825 ipsum
3012 755 3286 812 Christum
3311 757 3581 813 mendacii
3597 773 3691 812 ar-

377 832 548 913 κρίσις
598 832 691 894 καὶ
762 838 798 906 ἡ
853 835 1122 914 παρουσία
1180 839 1273 896 τοῦ
1320 837 1592 916 Χριστοῦ,
1643 834 1730 894 ἵνα
1801 836 1981 906 δείξω-

2087 846 2332 912 guerent,
2359 845 2459 913 qui
2483 843 2644 913 signa
2665 846 2915 915 quoidam
2933 846 3196 903 adventus
3215 850 3306 903 sui
3325 849 3519 916 futura
3540 864 3687 918 prm-

379 945 462 981 σιν
533 922 582 958 ⁸⁷
643 922 723 984 ὅτι
777 924 874 982 οὗκ
935 921 1087 983 ἔσται
1153 923 1338 985 λοιπὸν
1391 923 1680 999 ἀντίδοσις,
1735 925 1855 986 οὐδὲ
1897 928 1977 986 δι-

2085 932 2341 996 ἁίωεναις
2379 949 2502 1004 quae
2529 948 2650 989 cum
2675 949 2781 990 non
2817 937 2968 1003 facta
3003 941 3196 1001 essent,
3239 952 3466 1008 cumque
3500 953 3688 994 resur-

377 1011 662 1090 καστήριον
731 1012 783 1051 ⁰⁸
856 1013 948 1072 καὶ
1025 1013 1274 1086 κόλασις,
1349 1016 1630 1075 κάντεῦθεν
1701 1019 1807 1075 τῶν
1879 1015 1974 1092 μὲν

2084 1024 2267 1090 rectio,
2315 1029 2379 1079 ut
2426 1024 2536 1093 ipsi
2578 1025 3000 1089 mentiebantur,
3065 1027 3365 1090 accidisset,
3429 1031 3687 1084 Dominus

377 1100 543 1182 ἆγίων
593 1101 643 1138 ⁶⁹
690 1100 787 1168 τὰς
838 1103 1056 1171 ἐλπίδας
1108 1103 1419 1184 θραύσωσι,
1472 1103 1593 1172 τοὺς
1655 1103 1711 1164 δὲ
1756 1103 1975 1187 ἐχθροὺς

2084 1118 2265 1182 aperte
2286 1113 2478 1182 palam
2519 1113 2756 1168 mendae:
2783 1114 3278 1172 demonstrabatur.
3322 1119 3547 1188 Propter
3572 1119 3682 1173 hac

377 1195 467 1250 τοῦ
545 1189 888 1271 κηρύγματος
957 1193 1305 1274 θρασυτέρους
1398 1194 1761 1276 ἐργάσωνται,
1829 1194 1971 1256 ἀλλὰ

2084 1202 2282 1258 Paulus
2309 1203 2616 1272 Epistolam
2639 1203 2844 1272 scribit,
2868 1204 2934 1259 de
2948 1204 3183 1261 adventu
3209 1208 3428 1262 Domini
3450 1207 3683 1270 locutus,

375 1281 467 1340 καὶ
523 1281 611 1340 τὸν
670 1281 905 1363 Χριστὸν
959 1283 1130 1364 ψευδῆ
1201 1281 1481 1362 ἐλέγξωσιν
1504 1330 1522 1364 ,
1581 1284 1799 1344 εἰπόντα
1868 1308 1966 1357 σηο

2084 1291 2257 1362 ipsum
2271 1307 2403 1347 sane
2424 1296 2634 1363 tempus
2650 1308 2758 1348 non
2777 1293 3054 1363 revelans;
3075 1297 3293 1365 signum
3309 1300 3489 1352 autem
3506 1299 3684 1368 ipsius

377 1371 504 1449 μεῖά
586 1395 708 1454 τινα
787 1376 882 1445 τῆς
970 1376 1132 1433 αὑτοῦ
1199 1373 1497 1454 παρουσίας
1567 1373 1783 1452 μέλλειν
1862 1374 1971 1434 ἔσε-

2084 1383 2346 1450 indicans,
2395 1383 2576 1452 ipsum
2604 1382 2852 1438 videlicet
2901 1385 3320 1440 Antichristum.
3358 1385 3681 1441 Consolatur

375 1465 530 1521 σθαιο
575 1452 650 1520 ὧν
717 1461 794 1541 μὴ
861 1461 1258 1543 προγινομένων
1441 1464 1712 1546 προγεν.],
1775 1468 1869 1537 τῆς
1920 1463 1974 1525 δὲ

2084 1476 2262 1528 autem
2307 1486 2390 1528 eos
2431 1488 2467 1526 a
2493 1473 2999 1543 perturbationibus
3038 1474 3199 1529 valde
3225 1480 3534 1531 maceratos.
3582 1479 3686 1530 De~

375 1551 735 1628 ἆναστάσεως,
794 1556 867 1620 ὥς
927 1553 1075 1613 αὐτοὶ
1159 1555 1426 1627 ἐπλάνων,
1510 1554 1769 1629 ἐκϐάσηςο
1839 1579 1976 1636 προ-

2085 1563 2248 1632 nique
2299 1561 2398 1617 dat
2445 1563 2521 1616 eis
2572 1564 2725 1616 notas
2796 1562 2994 1632 quibus
3051 1567 3362 1633 cognoscant
3405 1579 3688 1632 germanas

377 1641 552 1714 δήλως
613 1645 642 1700 ὁ
725 1641 919 1722 Κύριος
990 1640 1186 1723 ψευδὴς
1254 1642 1542 1705 ἐδείκνυτο.
1622 1644 1728 1706 Διὰ
1807 1650 1976 1705 ταῦτα

2085 1653 2259 1722 ipsius
2293 1651 2584 1721 Epistolas.

381 1733 596 1800 Παῦλος
660 1731 758 1805 τὴν
811 1730 1137 1804 Ἐπιστολὴν
1205 1733 1417 1815 γράφει,
1477 1734 1568 1793 καὶ
1632 1733 1778 1814 λέγει
1853 1733 1976 1814 περὶ
2033 1734 2130 1802 τῆς
2179 1730 2474 1812 παρουσίας
2543 1736 2637 1791 τοῦ
2711 1731 2946 1813 Κυρίου,
3012 1731 3102 1791 τὸν
3175 1733 3273 1810 μὲν
3347 1733 3532 1814 καιρὸν
3591 1735 3690 1792 αὖ·

376 1820 466 1880 τὸν
524 1825 620 1882 οὐκ
681 1822 1116 1895 ἀποκαλύπτων,
1175 1822 1236 1880 τὸ
1302 1823 1358 1882 δὲ
1412 1831 1635 1900 σημεῖον
1713 1824 1881 1897 αὐτῆς
1949 1822 2001 1858 ⁷⁰
2075 1823 2284 1899 δηλῶν,
2348 1819 2439 1880 τὸν
2514 1819 2896 1902 Ἀντίχριστον.
2971 1824 3299 1901 Παρακαλεῖ
3375 1822 3429 1881 δὲ
3503 1822 3690 1890 αὐτοὺς

379 1909 581 1992 σφόδρα
646 1912 1125 1992 τεταριχουμένους
1200 1910 1246 1950 ⁷⁵
1322 1912 1425 1972 ὑπὸ
1493 1916 1598 1973 τῶν
1669 1915 1858 1975 παθῶν
1921 1911 1996 1973 ⁷³.
2057 1911 2168 1974 Καὶ
2236 1910 2417 1990 τέλος,
2483 1911 2692 1973 δίδωσιν
2745 1911 2922 1980 αὐτοῖς
2971 1919 3169 1990 σημεῖα
3218 1911 3286 1971 δι’
3331 1903 3404 1971 ὧν
3463 1913 3691 1990 ἐπιγνώ-

378 2022 558 2060 σονται
607 2003 700 2069 τὰς
740 2000 960 2082 γνησίας
997 2005 1158 2062 αὐτοῦ
1187 2000 1534 2071 Ἐπιστολάς.

891 2332 1992 2451 THEOPHYLACTI
2080 2331 3178 2447 COMMENTARIUS

1203 2554 1280 2616 IN
1325 2553 1768 2616 EPISTOLAM
1810 2555 1863 2615 ll
1908 2553 2017 2616 AD
2060 2551 2858 2614 THESSALONICENSES.

746 2897 1211 2958 ΚΕΦΑᾹΑΙΟΝ
1249 2897 1592 2957 ΠΡΩΤΟΝ.

471 3041 499 3076 (ι
547 3023 762 3088 Παῦλος
805 3020 896 3080 καὶ
947 3019 1236 3088 Σιλουανὸς
1275 3021 1369 3080 καὶ
1421 3020 1680 3099 Τιμόθεος
1725 3023 1791 3101 τῇ
1845 3019 1978 3080 Ἐκ-

377 3109 589 3192 κλησίᾳῗ
634 3110 1074 3170 Θεσσαλονικέων
1128 3113 1184 3170 ἐν
1406 3110 1584 3192 Πατρὶ
1627 3113 1813 3188 ἡμῶν,
1885 3109 1980 3170 καὶ

381 3198 560 3280 Κυρίῳ
587 3198 764 3272 Ἰησοῦ
796 3201 1108 3282 Χριστῷ..-»
1143 3201 1248 3260 Καὶ
1289 3201 1342 3259 ἐν
1371 3205 1440 3280 τῇ
1462 3200 1650 3280 πρώτῃ
1681 3201 1978 3278 Ἐπιστολῇ

377 3277 543 3356 οὕτως
568 3287 787 3368 ἤρξατο.
823 3277 1096 3349 Ὅσα-οὗν
1123 3291 1234 3348 ἐκεῖ
1273 3277 1480 3371 εἴρηται
1509 3277 1661 3366 ἦμῖν,
1693 3277 1978 3369 παράλαϐε

377 3378 468 3436 καὶ
499 3380 745 3441 ἐνταῦθα.

465 3492 496 3523 α
535 3467 702 3548 Χάρις
749 3470 870 3545 ὑμῖν
905 3467 998 3526 καὶ
1051 3465 1236 3548 εἰρήνη
1269 3466 1376 3526 ἀπὸ
1405 3467 1548 3526 Θεοῦ
1592 3466 1838 3548 Πατρὸς,
1885 3467 1977 3526 καὶ

381 3557 582 3637 Κυρίου
611 3556 792 3629 Ἰησοῦ
830 3557 1090 3633 Χριστοῦ.
1133 3580 1163 3612 ν
1189 3555 1442 3615 Ἐπειδὰν
1474 3560 1502 3614 ὃ
1531 3555 1669 3622 Θεὸς
1697 3555 1976 3635 χαριτώσῃ

377 3645 494 3705 τινὰ
515 3691 533 3721 ,
580 3647 728 3706 οὖδὲν
768 3647 912 3726 αὐτῷ
945 3644 1094 3704 ἔσται
1142 3643 1354 3726 ἀναιρὸν
1383 3643 1463 3725 [
1505 3644 1792 3725 ἄνιαρὸν],
1823 3643 1977 3726 ξᾶλλ-ἆι

377 3737 554 3794 πάντα
587 3735 777 3817 ῥᾳδίως
824 3724 1130 3808 λυθήσεται.
1177 3724 1352 3801 Εἰδὼς
1389 3724 1484 3794 οὖν
1517 3738 1544 3794 δ
1585 3724 1847 3812 μακάριος
1890 3724 1976 3792 οὗ·

377 3849 488 3902 τος,
519 3825 618 3898 ὅση
662 3832 754 3884 τοῦ
789 3829 931 3887 Θεοῦ
973 3829 1009 3898 ἡ
1040 3823 1225 3906 χάρις,
1259 3822 1348 3882 διὰ
1377 3829 1533 3884 τοῦτο
1567 3821 1768 3896 ταύτην
1801 3824 1978 3890 αὐτοῖς

375 3916 683 3995 ἐπεύχεται.
718 3915 855 3976 Ἐὰν
887 3913 991 3996 γὰρ
1021 3913 1157 3987 αὕτη
1189 3915 1366 3980 αὐτοῖς
1415 3917 1595 3994 παρῇ,
1638 3913 1846 3981 οὐδενὸς
1873 3916 1979 3972 τῶν

377 4008 690 4086 πειρασμῶν
733 4001 977 4078 αἴσθησιν
1021 4002 1315 4086 ληψονται,
1353 4003 1490 4063 ἀλλὰ
1542 4001 1634 4061 καὶ
1685 4005 1779 4073 τῆς
1822 4001 1980 4082 εἰρή-

379 4118 471 4168 νης
515 4099 606 4155 τοῦ
643 4095 788 4154 Θεοῦ
837 4093 1325 4166 συναπολαύοντες,
1367 4092 1653 4152 ἀσάλευτοι
1693 4092 1980 4172 καὶ¹εἶρηι

380 4183 515 4244 νικοὶ
573 4185 933 4262 διαμενοῦσιν.
980 4178 1129 4260 Ἅμα
1184 4182 1241 4242 δὲ
1289 4181 1382 4243 καὶ
1431 4180 1828 4259 ἀναμιμνήσκει
1877 4183 1978 4239 αὖ-

2484 2893 2648 2967 531
2689 2894 2932 2950 CAPUT
2970 2895 3290 2952 PRIMUM.

2158 3024 2337 3078 Vsus.
2374 3027 2422 3077 ι.
2471 3021 2673 3077 Paulus
2697 3025 2747 3076 et
2780 3022 3031 3077 Silvanus
3075 3025 3126 3076 et
3157 3022 3464 3077 Timotheus
3499 3023 3676 3077 Eccle-

2082 3114 2178 3167 sia:
2216 3111 2767 3167 Thessalonicensium
2803 3113 2862 3165 in
2900 3115 3003 3166 Deo
3041 3113 3205 3166 Patre
3233 3115 3432 3179 nostro,
3476 3126 3539 3164 ac
3581 3113 3684 3166 Do-

2084 3203 2227 3256 mino
2263 3203 2386 3256 Jesu
2413 3200 2643 3257 Christo.
2676 3201 2740 3257 In
2763 3199 2944 3272 priore
2962 3199 3206 3272 Epistola
3237 3199 3585 3256 consimilem
3612 3199 3682 3254 ad

2085 3289 2317 3348 modum
2363 3305 2523 3347 orsus
2569 3297 2672 3347 est.
2746 3291 3101 3362 Quaecunque
3160 3290 3343 3363 itaque
3386 3286 3462 3344 ibi
3525 3287 3676 3345 dicta

2083 3387 2214 3435 sunt
2238 3395 2268 3434 a
2300 3378 2481 3448 nobis,
2514 3380 2602 3437 hic
2639 3395 2859 3453 quoque
2893 3380 3186 3436 assumito.

2152 3471 2327 3524 Vnus.
2355 3473 2408 3524 2.
2451 3469 2644 3526 Gratia
2669 3470 2813 3525 vobis
2854 3474 2906 3524 et
2935 3485 3057 3540 pax
3087 3486 3122 3524 a
3148 3472 3255 3524 Deo
3282 3471 3468 3539 Patro,
3502 3472 3553 3523 et
3591 3471 3687 3523 Do-

2082 3560 2227 3612 mino
2254 3561 2376 3614 Jesu
2404 3558 2634 3615 Christo.
2659 3559 2959 3630 Postquam
2983 3561 3136 3614 Deus
3160 3558 3336 3629 gratia
3361 3572 3459 3613 sua
3489 3571 3688 3630 quem-

2083 3646 2235 3718 piam
2264 3646 2502 3716 donarit,
2543 3645 2680 3702 nihil
2728 3647 2803 3702 illi
2844 3646 3141 3702 molestum
3189 3646 3316 3715 erit,
3361 3645 3460 3702 sed
3503 3646 3686 3702 omnia

2083 3734 2244 3792 facile
2271 3735 2659 3793 dissolventur.
2685 3735 2874 3793 Sciens
2902 3735 3071 3810 igitur
3095 3728 3288 3792 beatus
3326 3734 3450 3804 iste,
3480 3743 3686 3807 quanta

2085 3837 2170 3880 res
2214 3824 2288 3880 sit
2328 3825 2433 3881 Dei
2474 3824 2669 3898 gratia,
2710 3831 2998 3898 propterea
3035 3823 3178 3880 hanc
3207 3824 3335 3896 ipsis
3362 3838 3682 3896 compreca-

2083 3920 2194 3969 tur.
2227 3912 2282 3970 Si
2309 3914 2461 3970 enim
2493 3912 2610 3970 haec
2637 3912 2768 3985 ipsis
2797 3911 3041 3981 affuerit,
3071 3912 3282 3969 nullam
3319 3911 3685 3969 tentationem

2082 4004 2341 4073 sentient,
2371 4002 2472 4061 sed
2502 4019 2634 4077 pace
2664 4003 2762 4060 Dei
2793 4002 3063 4073 fruentes,
3109 4002 3417 4060 inconcussi
3447 4012 3502 4059 et
3538 4005 3688 4075 paci-

2085 4093 2170 4150 ﬁci
2206 4094 2628 4166 permanebimt.
2681 4093 2859 4150 Simul
2889 4102 3077 4150 autem
3123 4093 3202 4151 eis
3241 4091 3310 4150 ad
3351 4093 3685 4150 memoriam

2085 4191 2302 4240 revocat
2328 4182 2572 4240 divinam
2605 4181 2858 4255 gratiam,
2903 4189 2967 4239 ut
2997 4181 3206 4238 etiamsi
3234 4195 3329 4238 eos
3347 4178 3569 4237 afﬂictio
3597 4181 3680 4238 in-

379 4271 498 4341 τοὺς
528 4277 620 4346 τῆς
647 4272 866 4352 χάριτος
906 4277 1000 4332 τοῦ
1030 4274 1173 4332 Θεοῦ
1198 4319 1214 4346 ,
1247 4274 1318 4339 ὥς
1345 4275 1391 4332 εἰ
1419 4271 1472 4310 ⁷³
1514 4270 1606 4330 καὶ
1647 4270 1845 4353 θλίψεις
1874 4271 1974 4328 αὖ·
2007 4265 2016 4326 ]

2084 4273 2309 4344 vaserit,
2361 4287 2640 4330 memores
2696 4272 2886 4346 gratiae
2930 4287 3032 4345 per
3077 4287 3246 4347 quam
3293 4271 3406 4328 sint
3453 4271 3678 4340 servati,

378 4364 484 4431 τοῖς
511 4364 822 4438 είσέλθοιεν,
855 4361 1385 4441 ἀναμιμνησκόμενοι
1414 4365 1508 4433 τῆς
1551 4361 1802 4442 χάριτος,
1842 4357 1893 4428 ἐξ
1925 4360 1975 4398 ⁷⁸

379 4445 442 4525 ἧς
489 4452 800 4530 ἐσώθησαν,
852 4455 1316 4532 παρακαλῶνται,
1366 4451 1460 4510 καὶ
1518 4453 1577 4510 ἐκ
1623 4453 1729 4510 τῶν
1783 4473 1978 4530 προγε-

380 4542 606 4622 γονότων
643 4541 736 4601 καὶ
770 4541 1024 4620 μειζόνων
1055 4539 1579 4623 πληροφορούμενοι,
1601 4542 1654 4600 ἐν
1685 4540 1795 4608 τοῖς
1820 4538 1978 4600 ἐλάτ-

379 4655 495 4692 τοσι
521 4631 598 4711 μὴ
623 4630 1093 4712 ἄπογινώσκωσιν.

471 4742 501 4779 ιι
553 4722 914 4802 Εὔχαριστεῖν
946 4719 1222 4802 ὀφείλομεν
1277 4719 1504 4779 πάντοτε
1563 4721 1641 4800 τῷ
1681 4719 1809 4800 Θεῷ
1858 4717 1979 4798 περὶ

384 4813 568 4888 ὑμῶν,
623 4810 874 4891 ἀδελφοὶ,
926 4808 1102 4876 καθὼς
1149 4807 1292 4891 ἄξιόν
1341 4810 1476 4872 ἐστι.
1526 4829 1555 4866 ν
1600 4807 1746 4889 Τρία
1805 4812 1979 4866 ταῦτα

381 4899 647 4960 διδάσκει·
703 4890 776 4959 ἓν
811 4898 908 4977 μὲν
969 4899 1054 4959 ὅτι
1099 4900 1179 4980 ἐφ’
1240 4890 1316 4967 οἶς
1356 4896 1826 4978 κατωρθώσαμεν,
1881 4899 1981 4978 οὐχ

381 4993 511 5063 ξμῖν
539 4989 717 5056 αὐτοῖς
742 4989 823 5047 δεῖ
848 4989 1005 5070 χάριν
1035 4987 1180 5070 ἔχειν
1201 5033 1218 5063 ,
1264 4987 1402 5048 ἀλλὰ
1431 4990 1510 5068 τῷ
1552 4989 1710 5069 Θεῷ,
1734 4985 1979 5068 ξκάκείνῳ

379 5082 440 5139 τὸ
479 5087 588 5137 πᾶν
632 5077 1004 5157 λογιζομένους
1053 5076 1130 5156 μὴ
1178 5076 1612 5148 ἀλαζονεύεσθαι·
1670 5075 1846 5158 ἕτερον
1893 5077 1978 5152 δὲ,

380 5166 461 5227 ὅτι
491 5169 552 5227 οὗ
601 5166 844 5246 δακρύων
888 5167 1044 5240 ἄξια,
1091 5166 1209 5227 οὐδὲ
1257 5167 1490 5247 θρήνων,
1546 5165 1582 5226 ἃ
1628 5165 1932 5247 πάσχουσιν
1957 5212 1974 5239 ,

381 5256 504 5316 ἀλλ’
561 5257 904 5336 εὐχαριστίας
962 5261 1056 5329 τῆς
1106 5259 1178 5326 εἰς
1237 5256 1404 5318 Θεόν·
1457 5255 1596 5316 ὥστε
1646 5254 1737 5316 καὶ
1789 5254 1978 5324 αὐτοὺς

381 5347 459 5405 δεῖ
490 5345 730 5426 χαίρειν,
761 5347 901 5407 ἀλλὰ
943 5345 1020 5425 μὴ
1068 5346 1456 5406 καταπίπτεινο
1508 5346 1602 5407 καὶ
1643 5344 1818 5423 τρίτον
1842 5390 1858 5418 ,
1897 5343 1978 5404 ὅτι

379 5437 437 5495 οὐ
469 5435 547 5496 δεῖ
584 5438 790 5516 φθονεῖν
841 5445 950 5506 τοῖς
991 5441 1371 5518 κατορθοῦσιν,
1419 5434 1559 5496 ἀλλὰ
1605 5436 1813 5517 χαίρειν
1835 5481 1853 5515 ,
1885 5433 1978 5494 καὶ

2085 4361 2520 4420 consolationem
2564 4362 2855 4435 accipiant,
2883 4369 3049 4435 atque
3088 4377 3118 4418 a
3147 4360 3436 4435 praeteritis
3472 4369 3528 4417 et
3565 4377 3682 4419 ma-

2077 4453 2296 4527 joribus
2322 4451 2656 4524 conﬁrmati,
2687 4453 2744 4510 in
2777 4451 3088 4510 minoribus
3123 4467 3239 4510 non
3265 4449 3574 4525 desperent.

2156 4726 2328 4782 Vsus.
2365 4729 2417 4780 3.
2450 4724 2674 4782 Gratias
2708 4737 2873 4795 agere
2899 4721 3145 4778 debemus
3164 4725 3268 4778 Deo
3291 4736 3496 4793 semper
3523 4725 3694 4778 vestri

2086 4829 2265 4882 causa,
2296 4815 2519 4882 fratres,
2545 4815 2628 4869 ita
2666 4817 2730 4869 ut
2774 4813 3002 4883 dignum
3041 4815 3136 4868 est.
3172 4811 3301 4868 Tria
3326 4810 3447 4868 haec
3479 4810 3642 4869 docet
3674 4832 3686 4868 :

2086 4904 2352 4977 primum,
2382 4901 2530 4975 quod
2559 4909 2776 4960 nostras
2819 4901 2889 4958 ob
2936 4900 3168 4958 virtutes
3209 4916 3322 4957 non
3356 4909 3489 4957 sunt
3527 4901 3691 4958 nobis

2087 4993 2276 5067 gratiae
2317 4991 2610 5062 habendae,
2647 4989 2746 5048 sed
2776 4993 2919 5059 Deo,
2959 4998 3123 5063 atque
3157 4989 3231 5046 illi
3282 4997 3461 5048 totum
3508 4989 3688 5064 impu-

2085 5091 2265 5140 tantes
2282 5097 2398 5139 non
2425 5088 2745 5154 arrogantes
2772 5095 2893 5138 esse
2921 5099 2936 5138 :
2967 5080 3224 5150 alterum,
3257 5079 3410 5154 quod
3443 5095 3553 5136 non
3584 5080 3692 5137 sint

2087 5171 2341 5246 lacrymis
2379 5186 2558 5244 neque
2587 5170 2841 5228 lamentis
2877 5168 3043 5244 digna
3085 5169 3174 5226 illa
3227 5185 3351 5244 quae
3387 5169 3690 5244 patiuntur,

2084 5263 2183 5321 sed
2207 5261 2498 5336 ejusmodi,
2524 5277 2623 5335 pro
2651 5261 2854 5334 quibus
2882 5263 3000 5318 Deo
3023 5261 3231 5334 gratias
3256 5276 3419 5335 agere
3447 5259 3645 5318 deceat
3671 5279 3688 5330 ;

2084 5353 2270 5426 itaque
2295 5351 2472 5410 laetari
2503 5367 2597 5409 eos
2626 5359 2864 5424 oportet,
2903 5358 2961 5408 et
3013 5351 3265 5408 animum
3302 5366 3415 5407 non
3449 5351 3693 5424 despon-

2084 5442 2216 5502 dere
2249 5459 2265 5498 :
2317 5443 2568 5512 tertium,
2615 5439 2767 5516 quod
2819 5456 2935 5498 non
2975 5447 3226 5514 oporteat
3272 5439 3514 5499 invidere
3559 5439 3696 5498 bene

1767 5570 1962 5630 Varias
2008 5570 2316 5632 lectiones.

453 5702 499 5737 ⁸⁷
526 5703 660 5778 δείξῃ
701 5719 752 5762 0.
825 5703 870 5738 ⁸³
905 5703 1240 5778 κολαστήριον
1286 5720 1339 5762 0.
1417 5705 1463 5740 ⁸⁹
1510 5705 1710 5777 ἀγαθῶν
1759 5719 1837 5763 m.
1915 5703 1960 5738 7°
1991 5703 2158 5766 αὖτοῖς
2198 5720 2250 5761 0.
2349 5703 2388 5738 ⁷³
2441 5704 2885 5776 τεταριχευμένους
2935 5718 3016 5760 m.
3111 5701 3156 5736 ⁷⁸
3204 5707 3369 5756 κακῶν
3418 5716 3471 5759 0.
3551 5699 3596 5735 ⁷³
3628 5700 3702 5764 ὡς

384 5785 443 5836 ἂν
473 5782 518 5836 εί
541 5799 596 5842 0.
671 5783 716 5820 ’⁷⁸
748 5783 827 5854 ὑφ’
859 5800 912 5841 0.
