4104 6470
443 429 569 483 1331

1403 421 1915 478 THEOPHYLACTI
1954 420 2314 476 BULGARUE
2350 419 2668 476 ARCHIEP.

3607 417 3628 470 1
3642 415 3751 470 3-32

438 549 818 624 operantibus,
849 549 946 606 sed
975 548 1214 622 gaudere
1241 555 1297 605 et
1331 547 1535 620 gratias
1577 563 1740 620 agere
1781 550 1899 602 Deo
1942 563 2038 618 pro

2151 546 2480 627 εὐχαριστεῖν
2527 549 2603 626 τῷ
2638 546 2768 624 Θεῷ
2811 542 2946 625 ὑπὲρ
2989 546 3092 602 τῶν
3153 543 3416 624 ἀδελφῶν.
3460 539 3638 600 Ὥστε
3694 543 3747 598 οἱ

436 641 717 698 fratribus.
763 639 1033 713 Quocirca
1062 639 1160 712 qui
1189 645 1538 694 macerantur
1564 637 1636 694 ob
1678 651 1742 694 ea
1777 651 1906 710 qua;
1950 635 2040 692 alii

439 731 578 788 bene
638 738 832 803 agunt,
880 733 1002 787 Deo
1060 727 1416 785 maledicunt.
1471 728 1626 785 Sicut
1673 727 1903 797 dignum
1938 731 2037 790 est,

439 820 597 888 dixit,
633 837 704 878 ne
745 821 816 878 ob
846 819 1024 893 ipsam
1046 819 1349 892 gratiarum
1403 817 1677 874 actionem
1717 815 2038 884 efferamur,

439 925 541 967 ceu
568 925 780 967 novum
820 907 1084 982 quiddam
1131 905 1519 964 adduxerimus
1568 922 1584 961 :
1616 904 1848 962 facims
1890 904 2040 961 enim

441 997 590 1071 quod
613 997 844 1072 dignum
871 1005 958 1054 est
992 996 1131 1054 ﬁeri.
1163 999 1456 1068 Propterea
1485 1003 1542 1050 et
1564 1010 1684 1050 rem
1720 995 1898 1066 ipsam
1941 991 2038 1050 de-

443 1089 624 1146 bitum
654 1087 986 1146 nominavit.
1018 1086 1115 1144 Vel
1145 1085 1272 1160 quia
1302 1091 1358 1142 et
1395 1085 1450 1140 in
1475 1083 1655 1142 verbis
1682 1092 1740 1140 et
1774 1083 1828 1140 in
1859 1083 2035 1156 operi-

441 1178 545 1235 bus
569 1178 762 1251 gratias
787 1186 918 1235 sunt
941 1175 1173 1250 agendae
1212 1193 1227 1232 :
1257 1174 1377 1232 huic
1398 1173 1549 1232 enim
1589 1182 1673 1232 est
1711 1172 1872 1247 digna
1914 1189 2038 1248 gra-

441 1267 645 1326 tiarum
666 1269 832 1325 actio.

514 1359 780 1427 Quoniam
804 1372 967 1428 super
987 1358 1172 1412 crescit
1205 1356 1338 1426 ﬁdes
1365 1359 1565 1411 vestra.
1599 1351 1834 1426 Quando
1859 1352 1928 1410 ob
1970 1353 2032 1410 ii-

438 1446 567 1504 dem
615 1447 988 1504 tentationum
1031 1444 1314 1502 inundatio
1364 1445 1578 1502 irruens
1635 1459 1744 1500 non
1785 1443 2036 1500 submer-

438 1535 574 1593 serit
613 1551 733 1605 vos,
785 1534 989 1592 nullius
1039 1533 1261 1592 alterius
1314 1535 1391 1590 rei
1455 1534 1561 1591 hoc
1607 1533 1877 1591 indicium
1932 1541 2036 1602 est,

440 1641 604 1698 quam
628 1623 775 1698 quod
812 1633 968 1681 aucta
996 1624 1090 1694 sit,
1120 1640 1336 1681 necnon
1360 1622 1520 1681 altior
1552 1623 1697 1680 facta
1726 1622 1884 1691 ﬁdes,
1911 1639 2033 1694 per-

441 1713 566 1771 inde
619 1730 683 1771 ac
730 1715 787 1770 in
838 1713 1013 1787 prisco
1072 1713 1166 1770 illo
1212 1713 1418 1770 diluvio
1457 1711 1718 1770 altissima
1761 1711 2036 1769 montium

436 1819 549 1859 non
580 1803 737 1860 facile
763 1802 1050 1860 submersa
1079 1802 1246 1875 532
1275 1810 1425 1860 sunt.
1461 1804 1624 1874 Hinc,
1651 1804 2034 1874 Supercrescit,

437 1892 591 1963 dixit,
618 1902 682 1950 ut
710 1891 1014 1950 altitudinis
1037 1908 1324 1950 excessum
1351 1892 1574 1950 indicet.

510 2077 580 2130 Et
611 2074 857 2129 abundat
880 2075 1120 2131 charitas
1149 2075 1572 2145 uniuscujusque
1603 2079 1839 2130 vestrum
1865 2075 1924 2129 in
1948 2077 2034 2128 in-

435 2164 614 2219 vicem.
658 2162 897 2219 Observa
936 2179 1132 2220 eorum
1157 2163 1533 2220 dilectionem.
1585 2166 1712 2220 Non
1742 2162 1888 2220 hunc
1917 2163 2036 2236 qui-

436 2251 567 2308 dem
594 2251 908 2325 diligebant,
939 2253 1096 2310 illum
1130 2268 1258 2309 vero
1291 2269 1400 2309 non
1427 2253 1583 2322 item,
1611 2268 1804 2309 verum
1842 2268 2035 2326 atqua-

438 2341 505 2397 lis
551 2349 669 2396 erat
705 2343 956 2398 omnium
995 2358 1122 2415 erga
1166 2357 1358 2399 omnes
1393 2343 1631 2399 dilectio.
1683 2343 1841 2414 Quod
1884 2343 2035 2398 enim

437 2431 535 2496 ait,
582 2432 1027 2502 Uniusmjusque,
1066 2441 1122 2488 et
1174 2435 1240 2488 In
1284 2435 1525 2497 invicem,
1567 2433 1676 2490 hoc
1720 2432 2027 2506 significat.

438 2521 580 2576 Nam
611 2520 656 2576 si
702 2520 1110 2593 particulariter
1152 2521 1466 2595 diligamus,
1497 2521 1600 2579 hoc
1638 2539 1750 2580 non
1780 2531 1864 2580 est
1902 2522 2032 2580 cha-

438 2609 593 2680 ritas,
639 2608 737 2666 sed
764 2609 1037 2667 dissensio
1085 2611 1283 2682 potius.
1314 2612 1370 2669 Si
1397 2612 1543 2667 enim
1576 2611 1675 2668 Dei
1705 2627 1869 2668 causa
1912 2611 2036 2667 dili-

439 2699 544 2771 gis,
596 2714 789 2755 omnes
826 2698 1040 2773 dilige:
1085 2701 1170 2758 sin
1217 2701 1612 2774 particulariter
1673 2701 1880 2774 diligis,
1939 2701 2038 2757 hu-

439 2803 602 2844 mana
630 2789 734 2844 ista
761 2797 844 2846 est
867 2790 1129 2847 amicitia.
1159 2790 1459 2848 Considera
1481 2799 1667 2848 autem
1701 2790 1852 2864 quod
1880 2808 2033 2848 com-

441 2877 638 2933 muniri
677 2886 733 2935 et
775 2895 877 2937 nos
905 2888 1103 2938 mutuo
1146 2880 1429 2954 amplecti,
1469 2890 1660 2938 contra
1706 2880 2039 2939 afﬂictiones

438 2966 738 3038 plurimum
777 2968 1014 3027 confert.

510 3059 684 3114 Vnus.
736 3063 788 3114 4.
838 3062 906 3116 Ut
931 3076 1026 3116 nos
1071 3062 1183 3130 ipsi
1218 3062 1279 3116 in
1305 3061 1451 3116 vobis
1493 3063 1788 3130 gloriemur
1828 3063 1887 3116 in
1942 3065 2040 3119 Ec-

436 3145 609 3203 clesiis
650 3151 766 3205 Dei.
816 3150 883 3204 In
926 3149 1094 3222 priori
1136 3149 1374 3221 Epistola
1419 3148 1581 3220 dixit,
1633 3150 1725 3206 Sic
1768 3159 2040 3207 noverunt

2146 626 2430 714 τηκόμενοι
2485 635 2567 716 ἔφ⁹
2609 626 2686 705 οἷς
2727 635 3044 713 κατορθοῦσί
3092 656 3227 701 τινες
3244 677 3258 703 ,
3313 631 3401 691 τὸν
3433 629 3573 716 Θεὸν
3625 633 3752 690 δυσ-

2147 710 2406 807 φημοῦσι.
2441 710 2646 800 Tit-8%,
2683 749 2711 784 ι
2748 710 2934 791 metu
2977 723 3120 793 ἄξιόν
3147 725 3312 800 ἐστιν,
3354 743 3385 780 ε
3438 710 3613 793 εἶπεν,
3655 717 3745 778 ἵνα

2147 814 2282 889 μηδὲ
2327 815 2416 876 ἐπὶ
2590 813 2906 895 εὐχαριστίᾳ
2959 815 3093 892 αὐτῇ
3141 812 3192 849 ⁷⁵
3254 809 3624 889 ἐπαιρώμεθα,
3678 813 3751 876 ὡς

2147 903 2286 973 ξένον
2343 929 2394 964 τι
2451 902 2956 984 συνεισαγαγόντες⁹
3014 902 3074 962 τὸ
3145 902 3248 983 γὰρ
3305 901 3447 970 ἀξιον
3507 898 3748 979 γίνεσθαι

2144 1000 2426 1072 ποιοῦμεν*
2459 995 2540 1055 διὸ
2566 996 2658 1055 καὶ
2699 992 2916 1072 ὀφειλὴν
2961 992 3020 1052 τὲ
3063 1000 3292 1072 πρᾶγμα
3322 990 3620 1067 ὠνόμασεν.
3666 985 3746 1049 Ἢ

2144 1084 2226 1146 ὅτι
2261 1084 2352 1144 καὶ
2383 1084 2469 1145 διὰ
2517 1085 2686 1165 λόγων
2728 1083 2821 1143 καὶ
2865 1084 2934 1142 δι’
2975 1081 3171 1164 ἔργων·
3213 1079 3351 1153 αὕτη
3397 1078 3499 1160 γὰρ
3543 1083 3578 1151 ἡ
3622 1076 3744 1148 ἀξία

2147 1174 2479 1256 εὐχαριστία.

2230 1377 2262 1409 α
2291 1351 2424 1414 Ὀτι
2454 1351 2801 1434 ὑπεραυξάνει
2824 1357 2860 1426 ἡ
2884 1358 3065 1418 πίστις
3093 1352 3266 1428 ὑμῶν.
3303 1372 3333 1408 ι
3373 1348 3549 1410 Ὅταν
3580 1350 3608 1407 ὁ
3639 1351 3745 1406 τῶν

2146 1441 2251 1502 ὑπὸ
2295 1445 2388 1515 τῆς
2426 1443 2658 1510 πίστεως
2699 1444 3013 1523 πειρασμῶν
3067 1437 3448 1514 κατακλυσμὸς
3507 1435 3746 1496 ἐπελθὼν

2146 1531 2221 1610 μὴ
2255 1531 2520 1612 ἱπικλύσῃ
2564 1535 2734 1609 ὑμᾶς,
2778 1529 2985 1598 οὐδενὸς
3024 1533 3203 1611 ἐτέρου
3252 1533 3408 1587 τοῦτο
3458 1526 3746 1604 τεκμήριόν

2144 1624 2326 1694 ἔστιν,
2373 1621 2408 1695 ἢ
2462 1627 2558 1682 τοῦ
2615 1620 2907 1694 αὐξηθῆναι
2956 1619 3050 1680 καὶ
3107 1616 3441 1700 ὑψηλοτέραν
3500 1616 3744 1695 γενέσθαι

2144 1712 2239 1786 τὴν
2269 1712 2476 1772 πίστινο
2508 1711 2750 1791 καθάπερ
2798 1711 2890 1771 καὶ
2939 1708 3026 1769 ἐπὶ
3062 1713 3152 1768 τοῦ
3197 1709 3430 1766 παλαιοῦ
3468 1707 3740 1765 κατακλυ-

2146 1807 2284 1879 σμοῦ
2309 1800 2374 1860 τὰ
2397 1800 2579 1882 ὑψηλὰ
2593 1803 2652 1860 οὐ
2675 1799 2866 1882 ῥᾳδίως
2883 1799 3245 1868 κατεκλύσθη.
3269 1796 3390 1873 Διὸ,
3421 1820 3452 1852 α
3471 1794 3746 1874 Ὑπεραυ-

2073 1899 2120 1962 Β
2148 1890 2320 1965 ξάνει,
2373 1913 2402 1950 ι
2448 1881 2621 1964 εἶπεν,
2669 1881 2758 1950 ἵνα
2801 1887 2896 1961 τὴν
2941 1886 3247 1970 ὑπερϐολὴν
3302 1891 3394 1946 τοῦ
3435 1884 3596 1966 ὕψους
3639 1885 3741 1954 δη-

2143 1979 2294 2060 λώσῃ
2305 2028 2316 2040 .

2230 2092 2259 2127 α
2298 2069 2406 2130 Καὶ
2454 2069 2733 2140 πλεονάζει
2782 2073 2816 2140 ἡ
2859 2067 3044 2149 ἀγάπη
3094 2066 3204 2134 ἑνὸς
3253 2065 3478 2126 ἑκάστου
3530 2063 3746 2124 πάντων

2144 2160 2290 2237 ὑμῶν
2321 2160 2390 2226 εἷς
2421 2159 2753 2232 ἀλλήλους.»
2787 2156 2934 2237 Ὅρα
2969 2157 3201 2236 ἀγάπην.
3237 2156 3318 2216 Οὐ
3349 2153 3436 2214 τὸν
3470 2157 3564 2233 μὲν
3596 2151 3743 2230 ἠγά-

2143 2273 2284 2323 πων,
2315 2249 2402 2308 τὸν
2432 2248 2489 2308 δὲ
2535 2247 2593 2309 οὐ
2615 2272 2628 2286 '
2655 2248 2776 2309 ἀλλ’
2803 2246 2894 2320 ἴση
2926 2238 2990 2319 ἧν
3022 2245 3144 2326 περὶ
3170 2245 3381 2305 πάντων
3404 2251 3438 2316 ἡ
3476 2245 3527 2282 7°
3558 2242 3744 2322 ἀγάπη

2142 2340 2272 2417 πρὸς
2291 2340 2516 2406 πάντας.
2538 2342 2589 2400 Τ
2591 2339 2619 2399 ὸ
2639 2337 2765 2419 γὰρ,
2795 2359 2826 2392 α
2848 2335 3004 2404 Ἒνὸς
3034 2335 3282 2409 ἑκάστου,
3317 2359 3345 2391 n
3372 2333 3462 2394 καὶ
3492 2331 3569 2406 τὸ,
3598 2356 3624 2388 ε
3653 2333 3746 2398 Εἷς

2144 2430 2439 2506 ἀλλήλους,
2511 2452 2540 2486 ι
2597 2434 2751 2487 τοῦτο
2801 2428 2981 2499 δηλοῖ’
3037 2427 3152 2486 ἐπεί
3203 2450 3262 2504 γε
3325 2422 3450 2484 ὅταν
3509 2426 3746 2502 μερικῶς

2145 2519 2474 2599 ἀγαπῶμεν,
2529 2519 2623 2577 οὐκ
2667 2517 2855 2595 ἀγάπη
2904 2522 3094 2588 τοῦτο,
3142 2514 3284 2574 ἀλλὰ
3328 2513 3627 2580 διάστασις.
3675 2514 3746 2572 Εἰ

2144 2607 2248 2688 γὰρ
2280 2609 2367 2666 διὰ
2410 2607 2498 2667 τὸν
2529 2607 2669 2668 Θεὸν
2715 2609 2958 2688 ἀγαπᾷς,
2987 2606 3190 2673 πάντας
3227 2603 3440 2684 ἀγάπα*
3490 2607 3534 2663 εἰ
3565 2603 3620 2662 δὲ
3651 2625 3750 2679 με-

2149 2701 2303 2779 ρικῶς
2346 2701 2588 2778 ἀγαπᾷς,
2634 2696 2936 2778 ἀνθρωπίνη
2987 2700 3145 2756 τοῦτο
3188 2694 3362 2773 φιλία.
3409 2693 3612 2754 Σκόπει
3655 2691 3744 2765 δὲ,

2144 2787 2224 2847 ὅτι
2245 2787 2300 2847 δὲ
2323 2787 2407 2869 [f.
2433 2789 2561 2867 καὶ]
2589 2786 2650 2846 τὸ
2676 2786 3110 2867 συμπεφράχθαι,
3128 2783 3222 2845 καὶ
3240 2783 3483 2855 ἀλλήλων
3505 2783 3746 2864 ἔχεσθαι,

2147 2879 2392 2957 μεγάλως
2426 2877 2556 2958 πρὸς
2584 2876 2675 2945 τὰς
2702 2876 2901 2958 θλίψεις
2931 2875 3324 2956 συμϐάλλεται.

2232 3078 2260 3112 α
2292 3053 2464 3115 ⁶¹Ωστε
2515 3060 2653 3132 ἡμᾶς
2700 3053 2888 3125 αὐτοὺς
2932 3056 2984 3112 ἐν
3037 3058 3163 3132 ὑμῖν
3195 3057 3500 3136 καυχᾶσθαι
3538 3056 3592 3113 ἐν
3633 3052 3750 3136 ταῖς

2149 3146 2446 3216 Ἐκκλησία
2457 3171 2498 3212 ις
2527 3131 2616 3204 τοῦ
2645 3147 2807 3205 Θεοῦ.
2850 3165 2882 3203 ι)
2922 3143 3014 3206 Ἐν
3139 3131 3339 3225 πρώτη
3351 3142 3644 3224 Ἐπιστολῇ
3676 3131 3749 3201 εἶ-

439 3251 636 3292 omnes
661 3251 749 3293 res
776 3245 1004 3304 vestras,
1036 3245 1100 3294 ut
1121 3253 1234 3294 non
1263 3246 1406 3294 esset
1445 3253 1586 3311 opus
1612 3253 1715 3294 nos
1735 3237 2038 3312 quidquam

2150 3259 2273 3308 πεν,
2302 3213 2382 3293 ὅτι
2408 3233 2597 3302 Οὕτως
2617 3233 2765 3294 ἴσασι
2786 3236 2980 3302 πάντες
3009 3213 3228 3294 τὰᾟωὼ
3251 3213 3385 3312 ὑμᾶς
3402 3279 3418 3308 ,
3441 3233 3579 3294 ὥστε
3605 3213 3751 3312 ’ἡμᾶς

442 3323 590 3395 loqui
620 3323 688 3380 de
726 3325 884 3380 vobis
929 3344 944 3382 :
989 3325 1272 3400 quomodo
1315 3327 1479 3400 igitur
1515 3342 1664 3384 nunc
1719 3327 1852 3384 dicit
1897 3345 1955 3385 se
1987 3329 2040 3386 in

442 3412 702 3470 Ecclesiis
739 3413 960 3486 gloriari
1012 3414 1081 3472 de
1138 3415 1308 3490 ipsis?
1351 3419 1428 3473 Ex
1489 3418 1603 3490 ipsa
1645 3417 1888 3475 dictione
1934 3419 2042 3476 hoc

440 3501 665 3574 planum
696 3511 780 3559 est
810 3523 822 3558 :
853 3519 968 3560 non
999 3504 1146 3561 enim
1181 3505 1276 3573 ait,
1306 3509 1587 3564 Docemus
1608 3521 1704 3563 eos
1730 3507 1799 3564 de
1838 3509 1996 3565 vobis
2025 3527 2037 3567 :

441 3588 558 3660 sed,
598 3591 937 3663 Gloriamur,
980 3602 1038 3650 et
1067 3595 1371 3653 venerandi
1411 3611 1605 3653 sumus
1642 3605 1864 3671 propter
1919 3615 2038 3655 vos.

439 3680 496 3737 Si
539 3680 705 3754 igitur
742 3698 845 3739 nos
883 3683 1086 3757 gratias
1126 3685 1344 3758 agimus
1384 3690 1504 3743 Deo
1555 3694 1780 3760 propter
1825 3703 1940 3756 vos,
1989 3697 2045 3745 et

440 3770 744 3843 gloriamur
769 3772 913 3846 apud
938 3772 1212 3844 homines,
1237 3777 1413 3834 multo
1435 3777 1608 3850 magis
1631 3776 1740 3834 hoc
1758 3793 1855 3834 vos
1881 3794 2041 3851 opor-

440 3867 521 3916 tet
551 3858 725 3918 facere
753 3860 808 3918 in
837 3862 907 3918 iis
944 3880 1068 3936 qua;
1098 3865 1256 3923 vobis
1302 3867 1655 3940 contingunt,
1693 3875 1750 3924 et
1787 3883 1898 3924 non
1942 3867 2042 3924 de-

438 3949 710 4022 spondere
737 3953 1009 4022 animum,
1044 3970 1224 4030 neque
1272 3955 1564 4031 desperare
1599 3956 1662 4013 in
1717 3959 2042 4015 tentationi-

439 4037 565 4096 bus.

510 4130 612 4185 Pro
643 4133 913 4202 patientia
939 4139 1117 4191 uestra
1146 4139 1197 4191 et
1230 4135 1336 4205 ﬁde
1361 4137 1420 4190 in
1446 4137 1689 4193 omnibus
1711 4141 2042 4209 persecutio-

437 4220 597 4275 nibus
620 4223 814 4276 vestris
835 4227 885 4277 et
909 4223 1350 4280 tribulationibus
1366 4240 1501 4296 quas
1519 4229 1816 4283 sustinetis.
1834 4229 2043 4285 Osten-

438 4306 524 4363 dit
569 4323 664 4365 eos
708 4309 802 4366 diu
842 4317 1083 4368 tentatos
1126 4311 1312 4369 fuisse.
1346 4314 1609 4372 Patientia
1651 4316 1798 4372 enim
1829 4334 1941 4374 non
1985 4318 2042 4374 in

439 4396 658 4483 duobus
693 4406 789 4454 aut
835 4399 1011 4455 tribus
1051 4400 1244 4483 diebus
1299 4411 1544 4476 apparet.
1597 4407 1773 4463 Porro
1819 4405 2041 4480 quidem

439 4485 704 4556 patientia
733 4493 836 4556 est,
867 4486 1144 4544 honorum
1175 4491 1600 4562 promissorum,
1636 4510 1762 4566 quae
1789 4494 2041 4551 nondum

2149 3325 2226 3402 μὴ
2269 3324 2454 3404 χρείαν
2505 3324 2647 3405 ἔχειν
2678 3327 2859 3384 λαλεῖν
2888 3324 3012 3405 περὶ
3044 3327 3218 3403 ὑμῶν·
3261 3328 3372 3391 πῶς
3401 3313 3490 3383 οὐν
3520 3329 3607 3382 νῦν
3638 3347 3748 3406 φη-

2148 3439 2266 3488 σιν,
2329 3417 2382 3474 ἐν
2430 3423 2548 3482 ταῖς
2604 3413 2955 3487 Ἐκκλησίαις
3003 3419 3310 3495 καυχᾶσθαι
3357 3413 3480 3495 περὶ
3537 3416 3716 3473 αὐτῶν
3732 3439 3749 3490 ;

2149 3503 2265 3565 Ἀπ’
2301 3509 2459 3576 αὐτῆς
2488 3508 2584 3578 τῆς
2623 3503 2815 3574 λέξεως
2862 3506 3021 3578 δῆλον
3068 3509 3244 3566 τοῦτο.
3302 3507 3383 3565 Οὐ
3413 3505 3515 3584 γὰρ
3559 3495 3747 3576 εἶπεν,

2148 3593 2228 3654 ὅτι
2284 3595 2619 3674 Διδάσκομεν
2669 3593 2857 3664 αὐτοὺς
2900 3595 3020 3675 περὶ
3055 3597 3238 3672 ὑμῶν,
3291 3594 3409 3654 ἀλλ’
3455 3596 3537 3656 ὅτι
3587 3597 3748 3655 Καυ-

2147 3683 2369 3765 χώμεθα
2418 3683 2508 3745 καὶ
2554 3685 2917 3764 σεμνυνόμεθα
2960 3685 3042 3766 ἐφ’
3087 3686 3231 3762 ὑμῖν.
3267 3686 3333 3745 Εἴ
3378 3683 3546 3744 τοίνυν
3591 3689 3751 3761 ἡμεῖς

2147 3773 2239 3833 καὶ
2267 3776 2686 3855 εὐχαριστοῦμεν
2723 3779 2801 3854 τῷ
2831 3777 2960 3858 Θεῷ
2991 3775 3062 3835 δι’
3093 3777 3258 3853 ὑμᾶς,
3293 3774 3388 3836 καὶ
3421 3776 3749 3857 καυχώμεθα

2147 3863 2296 3944 παρὰ
2343 3863 2666 3946 ἀνθρώποις·
2729 3866 2913 3946 πολλῷ
2966 3866 3170 3943 μᾶλλον
3222 3869 3363 3941 ὑμᾶς
3429 3868 3585 3924 τοῦτο
3637 3865 3748 3944 χρὴ

2146 3961 2314 4014 ποιεῖν
2377 3953 2465 4015 ἐπὶ
2500 3962 2606 4021 τοῖς
2656 3953 3040 4032 συμϐαίνουσιν
3073 3958 3234 4033 ὑμῖν,
3290 3952 3428 4014 ἀλλὰ
3483 3953 3559 4033 μὴ
3614 3957 3748 4014 ἀθυ-

2149 4051 2265 4122 μεῖν
2297 4042 2390 4102 καὶ
2419 4042 2804 4117 καταπίπτειν,
2841 4047 2913 4112 ὥς
2941 4044 3029 4105 ἐπὶ
3059 4047 3377 4126 πειρασμοῖς
3406 4045 3478 4104 ⁷⁷.

2235 4155 2263 4191 ε
2304 4131 2479 4214 Ὑπὲρ
2509 4137 2604 4206 τῆς
2653 4138 2921 4211 ὑπομονῆς
2959 4137 3110 4212 ὑμῶν
3156 4135 3248 4194 καὶ
3287 4139 3382 4207 τῆς
3433 4133 3662 4201 πίστεως
3691 4136 3747 4193 ἐν

2147 4231 2282 4281 πᾶσι
2321 4231 2432 4290 τοῖς
2461 4225 2714 4300 διωγμοῖς
2742 4227 2922 4301 ὑμῶν,
2961 4227 3053 4284 καὶ
3095 4227 3212 4292 ταῖς
3249 4225 3486 4304 θλίψεσιν
3515 4215 3595 4291 αἶς
3620 4223 3747 4284 ἀνέ-

2147 4317 2330 4392 χεσθε.
2387 4334 2416 4371 )
2469 4312 2768 4387 Δείκνυσιν,
2818 4313 2899 4373 ὅτι
2948 4311 3116 4374 πολὺν
3146 4315 3483 4397 ἐπειράζοντο
3528 4311 3748 4394 χρόνον·

2152 4402 2316 4482 ἡγὰρ
2361 4401 2605 4479 ὑπομονὴ
2654 4403 2749 4462 οὐκ
2791 4405 2845 4463 ἐν
2880 4402 3028 4464 δυσὶν
3070 4402 3106 4474 ἢ
3152 4402 3324 4484 τρισὶν
3372 4402 3596 4484 ἡμέραις
3625 4401 3751 4484 φαί-

2147 4515 2318 4554 νεται.
2349 4489 2516 4553 Ἔστι
2555 4489 2650 4570 μὲν
2682 4484 2768 4553 οὐν
2819 4493 3062 4570 ὑπομονὴ
3111 4493 3204 4554 καὶ
3235 4493 3297 4554 τὸ
3344 4496 3446 4552 τῶν
3477 4495 3748 4572 ἐπηγγελ-

438 4575 672 4630 assecuti
703 4591 920 4645 sumus,
946 4575 1265 4635 dilationem
1289 4595 1451 4654 equo
1481 4581 1668 4639 animo
1699 4582 1860 4641 ferre.
1890 4587 2038 4642 Nunc

2153 4581 2326 4659 μένων
2377 4584 2590 4661 ἀγαθῶν
2636 4584 2802 4660 μήπω
2863 4583 3232 4652 ἀπολαύοντας
3287 4582 3485 4664 φέρειν.
3541 4586 3651 4644 Νῦν
3693 4583 3749 4642 δὲ

439 4678 571 4718 vero
597 4664 866 4737 majorem
903 4665 1054 4735 dicit,
1080 4684 1280 4742 nempe
1326 4685 1449 4743 quae
1484 4681 1568 4727 est
1604 4671 1662 4728 in
1701 4674 2042 4746 persecutio-

438 4750 604 4807 nibus
631 4763 685 4808 et
717 4753 1108 4814 afﬂictionibus
1149 4777 1162 4814 :
1201 4774 1329 4815 cum
1364 4758 1613 4818 hostibus
1661 4762 1813 4819 enim
1845 4763 2038 4838 impla-

435 4840 704 4901 cabilibus
751 4841 1246 4916 conversabantur,
1275 4849 1558 4922 solidaque
1596 4851 1852 4924 patientia
1901 4869 2041 4926 opus

437 4930 731 5002 habebant,
766 4933 928 5007 idque
951 4935 1005 4992 in
1025 4938 1299 5012 principio
1327 4940 1477 4997 verbi
1503 4949 1558 4997 et
1578 4942 1884 5016 Evangelii,
1909 4960 2039 5002 cum

440 5037 710 5094 pauperes
754 5024 916 5081 etiam
947 5025 1197 5085 homines
1239 5037 1439 5086 essent.
1476 5031 1684 5088 Pudeat
1727 5032 1908 5107 itaque
1946 5049 2040 5092 eos

435 5120 707 5184 quotquot
755 5123 980 5187 propter
1014 5115 1396 5190 praefecturam
1444 5119 1735 5180 hominum
1774 5123 1846 5182 ad
1875 5140 2039 5196 prava

435 5198 691 5273 dogmata
723 5203 1145 5264 transferuntur.

505 5293 682 5349 Vitas.
713 5299 766 5350 5.
798 5295 865 5350 In
889 5299 1190 5368 exemplum
1223 5298 1374 5370 justi
1401 5301 1611 5372 judicii
1633 5305 1751 5373 Dei,
1781 5308 1844 5360 ut
1884 5304 2046 5375 digni

434 5379 748 5438 habeamini
789 5399 950 5454 regno
1000 5389 1114 5443 Dei.
1162 5390 1268 5446 Per
1313 5405 1376 5446 ea
1441 5390 1665 5465 quidem
1723 5407 1850 5465 quae
1891 5393 2039 5451 dicta

435 5477 582 5539 sunt,
611 5473 924 5532 consolatus
953 5485 1036 5533 est
1078 5486 1197 5547 eos,
1241 5471 1374 5535 tum
1403 5489 1500 5553 per
1543 5480 1652 5538 hoc
1691 5481 1840 5554 quod
1879 5473 2038 5554 dicit,

2150 4671 2242 4731 καὶ
2286 4671 2501 4749 μείζονα
2559 4672 2738 4751 λέγει,
2784 4672 2880 4746 τὴν
2933 4675 2985 4732 ἐν
3031 4682 3139 4740 τοῖς
3187 4673 3438 4753 διωγμοῖς
3495 4671 3587 4733 καὶ
3634 4681 3750 4740 ταῖς

2151 4761 2413 4843 θλίψεσιν.
2449 4761 2698 4844 Ἐχθροῐς
2737 4762 2843 4843 γὰρ
2875 4764 3102 4833 συνέζων
3126 4763 3442 4837 ἀσπόνδοις,
3476 4763 3568 4824 καὶ
3597 4765 3749 4845 στερο

2150 4854 2245 4932 pag
2292 4850 2496 4912 ἐδέοντο
2527 4856 2620 4924 τῆς
2656 4856 2958 4929 ὑπομονῆς,
3011 4855 3104 4913 καὶ
3156 4859 3325 4913 ταῦτα
3369 4856 3422 4913 ἐν
3466 4854 3610 4933 ἀρχῇ
3658 4857 3749 4912 τοῦ

2148 4941 2490 5021 κηρύγματος
2534 4944 2626 5001 καὶ
2679 4942 2903 5015 πένητες
2957 4943 3249 5023 ἄνθρωποι.
3302 4943 3750 5023 Αἷσχυνέσθωσαν

2147 5029 2263 5090 ὅσοι
2299 5032 2386 5090 διὰ
2419 5031 2750 5113 προστασίαν
2799 5032 3091 5115 ἀνθρώπων
3127 5037 3201 5102 εἷς
3244 5031 3485 5113 δόγματα
3516 5031 3751 5114 στρεϐλὰ

2149 5121 2541 5199 μετατίθενται.

2233 5323 2261 5358 ε
2320 5301 2418 5365 Εἰς
2455 5301 2704 5380 ἔνδειγμα
2754 5306 2850 5376 τῆς
2904 5303 3112 5370 δικαίας
3154 5301 3376 5384 κρίσεως
3427 5306 3518 5362 τοῦ
3565 5306 3739 5373 Θεοῦ,

2148 5391 2222 5456 εἰς
2297 5389 2359 5448 τὸ
2423 5388 2819 5463 καταξιωθῆναι
2903 5395 3042 5472 ὑμᾶς
3117 5395 3211 5464 τῆς
3300 5390 3578 5472 βασιλείας
3653 5396 3751 5451 τοῦ

2147 5480 2313 5538 Θεοῦ.
2365 5501 2394 5538 ι
2444 5477 2554 5540 Καὶ
2599 5479 2685 5539 διὰ
2732 5484 2839 5539 τῶν
2873 5482 3164 5559 εἰρημένων
3206 5480 3302 5558 μὲν
3332 5480 3752 5560 παρεμυθήσατο

1835 5599 2024 5660 Variae
2063 5603 2362 5664 lectiones.

518 5709 560 5744 ⁷⁵
584 5709 726 5767 αὖτοὶ
752 5729 807 5771 o.
881 5714 926 5750 ⁷⁸
950 5717 981 5785 ἡ
1011 5719 1140 5791 παρὰ
1169 5722 1365 5775 πάντων
1393 5739 1446 5779 o.
1522 5723 1564 5757 ⁷⁷
1589 5730 1871 5799 πειρασμῶν
1900 5742 1953 5783 ο.
