4104 6458
350 463 371 514 1
384 460 485 514 333

1228 459 1583 518 mosmo
1618 462 1687 520 1N
1724 463 1933 520 EPIST.
1976 466 2019 520 ιι
2058 464 2150 520 AD
2193 460 2423 519 reuss.
2462 492 2535 505 -
2572 435 2726 519 οΑρζ
2765 464 2806 520 ι.

3517 468 3652 522 1334

347 583 564 656 αὐτοὺς,
615 585 703 643 διά
740 607 798 644 τε
843 588 933 644 τοῦ
976 586 1171 656 εἰπεῖν,
1230 587 1312 645 ὅτι
1352 588 1820 668 Εὐχαριστοῦμεν,
1851 590 1940 648 καὶ

2057 589 2276 648 Gratias
2299 588 2539 661 agimus,
2580 589 2847 662 itemque,
2881 589 3221 647 Gloriamur.
3254 590 3494 647 Maxime
3524 606 3651 648 vero

347 679 475 751 τοῦ,
507 674 589 734 ὅτι
633 675 1016 756 Καυχώμεθα’
1048 675 1282 752 μάλιστα
1324 677 1379 737 δὲ
1408 683 1498 736 νῦν
1532 678 1737 751 τίθησιν
1782 679 1811 740 ὃ
1838 690 1941 747 πᾶς

345 767 374 822 ὁ
401 763 726 841 ὀδυνώμενος
780 768 961 838 ζητεῖ,
997 763 1094 837 τὴν
1137 766 1458 847 ἀπαλλαγήν
1505 791 1645 849 φημι
1691 773 1797 827 τῶν
1827 773 1941 829 θλι-

348 851 549 930 ϐερῶν,
609 852 701 912 καὶ
745 852 840 924 τὴν
873 854 1096 914 κόλασιν
1126 858 1232 915 τῶν
1288 855 1576 917 θλιϐόντων
1622 859 1937 936 ἀνθρώπων.

344 942 422 1004 ⁸0
449 943 625 1003 τοίνυν
654 941 830 1022 λέγει,
856 943 1010 1004 τοῦτό
1064 946 1203 1004 ἰστιν
1221 991 1236 1016 ,
1266 944 1348 1005 ὅτι
1378 946 1652 1026 Ἀνέχεσθε
1705 951 1807 1007 τῶν
1841 948 1947 1007 θλί-

348 1035 489 1112 ψεων
520 1033 590 1098 εἰς
620 1031 681 1092 τὸ
706 1034 980 1113 δειχθῆναι
1025 1031 1120 1106 τὴν
1163 1035 1375 1094 δικαίαν
1406 1036 1585 1117 κρίσιν
1624 1043 1715 1097 τοῦ
1765 1040 1906 1098 Θεοῦ
1925 1084 1941 1114 ,

348 1120 480 1203 ὅπερ
519 1121 633 1182 ἐστὶ
660 1122 1061 1197 καταξιωθῆναι
1112 1126 1251 1202 ὑμᾶς
1286 1128 1381 1197 τῆς
1414 1125 1710 1206 βασιλείας.
1764 1124 1944 1190 ’Ὅταν

349 1209 447 1289 μὲν
478 1209 585 1291 γὰρ
632 1214 773 1289 ὑμᾶς
823 1210 920 1288 μὲν
966 1212 1085 1281 τοὺς
1114 1211 1456 1291 θλιϐομένους
1492 1224 1776 1298 στεφανοῖ,
1810 1217 1944 1278 ἐκεί-

345 1324 467 1369 νους
516 1298 572 1362 δδ
635 1301 834 1382 κολάζῃ
885 1301 1004 1368 τοὺς
1057 1301 1362 1375 θλίϐοντας,
1417 1303 1478 1362 τὸ
1529 1307 1732 1366 δίκαιον
1786 1309 1945 1367 αὐτοῦ

347 1390 617 1472 φαίνεται.
657 1392 927 1471 Μεγάλως
970 1390 1025 1452 δὲ
1066 1396 1461 1473 παραμυθεῖται
1491 1393 1713 1471 αὐτοὺς,
1748 1395 1948 1463 δεικνὺς

345 1480 429 1543 ὅτι
458 1482 519 1540 οὔ
560 1479 748 1563 χάριτι
805 1487 1218 1563 στεφανοῦνται,
1278 1484 1417 1544 ἀλλὰ
1464 1485 1709 1559 δικαίως,
1739 1486 1831 1545 καὶ
1878 1490 1948 1554 ὡς

350 1571 690 1648 ἀντιμισθίαν
753 1570 1121 1651 λαμϐάνοντες
1170 1577 1276 1632 τῶν
1346 1574 1554 1634 οἰκείων
1608 1575 1786 1634 πόνων
1854 1577 1946 1636 καὶ

349 1659 589 1743 ἱδρώτων
626 1660 722 1743 τὴν
756 1661 1057 1741 βασιλείαν.

435 1772 466 1810 α
494 1748 664 1830 Ὑπὲρ
687 1742 752 1824 ἧς
773 1750 864 1812 καὶ
896 1750 1158 1834 πάσχετε.
1185 1775 1215 1812 ε
1250 1747 1501 1815 Ὥστελοῦ
1531 1753 1664 1815 διότι
1706 1755 1946 1816 δυνατώ-

348 1838 491 1918 τεροί
520 1843 652 1899 εἰσιν
684 1843 733 1900 οἱ
787 1839 1091 1914 θλίϐοντες,
1123 1841 1211 1900 διὰ
1251 1847 1409 1902 τοῦτο
1449 1848 1736 1923 κρατοῦσιν
1767 1849 1947 1921 ὑμῶν,

2053 696 2198 736 nunc
2229 679 2402 751 ponit,
2443 680 2593 752 quod
2622 679 2800 755 quivis
2826 679 2886 736 in
2913 679 3104 736 dolore
3142 680 3478 737 constitutus
3507 696 3653 753 quae-

2048 769 2140 839 rit,
2183 768 2558 825 liberationem
2584 767 2836 825 videlicet
2877 770 2947 826 ab
2987 768 3401 840 afﬂictionibus,
3444 779 3501 826 et
3528 787 3654 843 pae-

2051 875 2185 916 nam
2218 858 2588 929 afﬂigentium
2623 858 2937 915 hominum.
2978 859 3138 930 Quod
3177 860 3347 931 igitur
3374 860 3533 929 dicit,
3566 870 3653 917 est

2054 947 2380 1022 hujusmodi
2413 966 2427 1005 :
2460 948 2750 1005 Sustinetis
2773 948 3117 1018 afﬂictiones,
3147 958 3212 1007 ut
3240 948 3651 1007 demonstretur

2045 1038 2261 1111 justum
2286 1038 2563 1112 judicium
2604 1040 2721 1108 Dei,
2756 1039 2903 1110 quod
2945 1048 3048 1108 est,
3088 1047 3148 1096 ut
3177 1055 3274 1097 vos
3302 1056 3471 1112 regno
3503 1040 3653 1114 digni

2046 1127 2396 1201 judicemini.
2437 1126 2668 1198 Quando
2710 1129 2859 1185 enim
2896 1144 2994 1186 vos
3018 1128 3245 1203 quidem
3291 1129 3528 1187 afﬂictos
3559 1147 3653 1187 co-

2054 1226 2235 1287 ronat,
2263 1218 2386 1275 illos
2426 1227 2615 1275 autem
2658 1219 2813 1290 punit
2839 1218 2935 1290 qui
2973 1217 3246 1293 afﬂigunt,
3285 1220 3502 1293 justitia
3536 1220 3654 1292 ejus

2054 1317 2297 1381 apparet.
2352 1306 2526 1365 Valde
2584 1316 2773 1365 autem
2827 1310 3143 1365 consolatur
3193 1325 3312 1378 eos,
3357 1310 3656 1367 ostendens

2055 1398 2202 1470 quod
2238 1414 2354 1454 non
2383 1398 2559 1471 gratia
2586 1406 2945 1466 coronantur,
2976 1399 3071 1454 sed
3107 1399 3280 1472 juste,
3311 1414 3377 1455 ac
3419 1415 3654 1472 regnum

2054 1488 2224 1545 veluti
2263 1488 2687 1545 retributionem
2740 1489 3092 1561 propriorum
3162 1488 3412 1547 laborum
3461 1498 3515 1547 et
3556 1505 3652 1546 su-

2054 1578 2256 1637 dorum
2280 1578 2633 1651 accipientes.

2129 1757 2296 1829 533
2343 1760 2449 1814 Pro
2475 1772 2577 1829 quo
2604 1761 2667 1813 et.
2688 1758 2961 1827 patimini.
3008 1760 3197 1830 Itaque
3241 1773 3360 1814 non
3399 1759 3530 1831 quia
3560 1776 3658 1833 po-

2055 1847 2325 1904 tentiores
2364 1855 2496 1909 sunt
2523 1846 2561 1902 ii
2607 1847 2702 1919 qui
2731 1862 2829 1903 vos
2871 1845 3149 1917 afﬂigunt,
3177 1856 3468 1920 propterea
3499 1850 3658 1907 vobis

350 1930 487 1989 ἀλλὰ
518 1928 652 1990 διότι
701 1929 806 1990 ἀπὸ
853 1937 948 1991 τοῦ
979 1930 1212 2010 πάσχειν
1254 1933 1668 2013 προσπορίζεται
1697 1941 1731 2009 ἡ
1777 1938 1941 2015 βασις

2057 1935 2344 2009 imperant,
2399 1951 2593 1993 verum
2631 1938 2759 2009 quia
2811 1952 2877 1994 ex
2915 1936 3314 1994 afﬂictionibus
3353 1939 3659 2010 acquiritur

349 2018 464 2080 λεία
497 2023 598 2079 τῶν
625 2023 882 2101 οὐρανῶν.
940 2022 1047 2085 Καὶ
1074 2022 1283 2100 ἀνάγκη
1316 2024 1376 2081 τὸ
1406 2023 1763 2104 συνάλλαγμα
1791 2032 1947 2086 τοῦτο

347 2107 485 2173 οὕτω
513 2108 779 2185 γίνεσθαι,
809 2110 900 2169 καὶ
928 2113 1023 2168 οὐκ
1053 2112 1279 2179 ἀπόνως.
1315 2111 1421 2173 Διὰ
1464 2113 1673 2173 πολλῶν
1711 2113 1814 2195 γὰρ
1834 2114 1946 2177 θλί-

346 2201 489 2281 ψεων
518 2199 596 2260 δεῖ
628 2203 772 2280 ἡμᾶς
837 2201 1086 2260 εἰσελθεῖν
1134 2197 1221 2272 εἷς’
1236 2201 1335 2273 τὴν
1382 2202 1685 2282 βασιλείαν,
1735 2205 1948 2286 φησὶνὸ

352 2288 568 2369 Κύριος.

438 2400 468 2438 ιι
500 2380 668 2457 Εἴπερ
722 2377 928 2439 δίκαιόν
972 2380 1172 2460 [ἐστι]
1225 2381 1372 2462 παρὰ
1403 2384 1531 2458 Θεῷ
1563 2386 1947 2446 ἀνταποδοῦναι

346 2477 453 2535 τοῖς
510 2467 782 2530 θλίϐουσιν
861 2473 1003 2549 ὑμᾶς
1050 2472 1226 2553 θλῖψιν
1253 2496 1266 2509 ο
1321 2472 1415 2533 καὶ
1472 2476 1596 2548 ὑμῖν
1662 2482 1771 2541 τοῖς
1833 2476 1946 2533 θλι-

350 2557 606 2636 ϐομένοις,
627 2558 829 2622 ἄνεσιν.
857 2580 888 2617 n
906 2560 1010 2631 Τὸ,
1046 2562 1283 2642 «Εἴπερ,
1316 2583 1344 2619 ι
1371 2564 1466 2619 οὐκ
1489 2561 1600 2621 ἔστι
1617 2564 1944 2640 δισταγμοῦ,

349 2648 489 2708 ἀλλὰ
510 2650 715 2727 μᾶλλον
745 2648 1114 2727 βεϐαιώσεως,
1144 2650 1263 2709 ἀντὶ
1293 2656 1415 2724 τοῦ,
1442 2673 1471 2708 α
1493 2651 1719 2723 Ἐπειδὴ
1744 2652 1946 2713 δίκαιον

348 2736 497 2818 παρὰ
525 2741 676 2817 Θεῷ.
702 2759 733 2796 ))
766 2741 835 2799 Ei
865 2737 967 2818 γὰρ
1021 2736 1170 2820 παρὰ
1196 2739 1519 2820 ἀνθρώποις,
1562 2743 1744 2821 πολλῷ
1803 2744 1947 2818 μᾶλ-

345 2827 437 2887 λον
467 2827 618 2908 παρὰ
663 2830 815 2908 Θεῷ.
873 2826 1157 2905 Εἷώθαμεν
1189 2829 1243 2888 δὲ
1284 2829 1457 2909 λέγειν
1500 2830 1592 2890 καὶ
1635 2833 1690 2890 ἐν
1720 2836 1786 2911 τῇ
1818 2856 1946 2890 συν-

344 2916 462 2988 ήθει
490 2916 705 2999 ὁμιλίαι
768 2920 836 2979 Εἰ
871 2926 1017 2995 μισεῖ
1058 2921 1086 2977 ὸ
1128 2918 1269 2986 Θεὸς
1297 2918 1416 2986 τοὺς
1467 2919 1758 3002 πονηροὺς,
1819 2921 1942 2997 καὶ,

348 3008 415 3067 Ei
433 3008 696 3088 φροντίζει
726 3013 755 3069 ὁ
789 3009 926 3076 Θεὸς
957 3014 1067 3069 τῶν
1096 3009 1462 3091 πραγμάτων,
1510 3010 1664 3071 ἔσται
1704 3010 1824 3072 τόδε
1859 3035 1909 3070 τι
1932 3035 1946 3049 ο

343 3099 415 3166 ὣς
442 3102 549 3157 τῶν
599 3099 897 3181 ἀκουόντων
943 3098 1245 3177 ἀναγκαίως
1295 3099 1553 3181 ἕρούντων
1575 3123 1589 3138 ·
1645 3100 1809 3160 Ἀλλὰ
1840 3098 1947 3177 μὴν

347 3191 514 3266 μισεῖ.
574 3186 765 3256 Οὕτως
797 3178 888 3247 οὖν
946 3186 1039 3247 καὶ
1088 3178 1340 3249 ἰνταῦθαλ
1398 3192 1460 3250 Ei
1518 3189 1720 3250 δίκαιόν
1770 3193 1911 3250 ἐστιν
1934 3215 1949 3229 υ

350 3277 633 3338 ἀκόλουθον
692 3277 796 3359 γὰρ
848 3279 1140 3357 ἐπαγαγεῖν
1164 3302 1180 3317 °
1210 3279 1374 3340 Ἀλλὰ
1423 3282 1530 3357 μὴν
1565 3280 1791 3342 δίκαιον.
1827 3283 1949 3362 Οὐχ

347 3364 529 3446 ὥσπερ
559 3366 615 3426 δὲ
669 3369 723 3426 αἱ
781 3367 1112 3446 ἐπαγόμεναι
1162 3368 1289 3444 ὑμῖν
1341 3369 1541 3448 θλίψεις
1588 3370 1941 3449 πρόσκαιροί,

345 3453 484 3516 οὕτω
513 3456 599 3515 καὶ
628 3462 685 3516 αἱ
712 3456 764 3496 ⁷⁸
814 3463 923 3523 τοῖς
953 3455 1222 3516 θλίϐουσιν
1253 3460 1391 3535 ὑμᾶς
1410 3458 1944 3538 ἀντεπαχθησόμεναι

347 3546 497 3626 παρὰ
524 3547 706 3620 Θεοῦ,
758 3544 1079 3626 πρόσκαιροι
1109 3544 1354 3621 ἔσονται,
1414 3548 1532 3606 ἀλλ’
1567 3546 1909 3620 ἀτελεύτητοι
1932 3571 1944 3585 ·

346 3636 440 3697 καὶ
474 3639 530 3696 αἱ
560 3634 767 3707 ἀνέσεις
797 3637 921 3714 ὑμῖν
950 3640 1217 3696 τοιαῦται.

441 3837 471 3876 α
504 3818 639 3878 Μεθ’
672 3819 823 3895 ἡμῶν
845 3860 864 3889 ,
915 3818 969 3875 ἐν
998 3840 1066 3897 τῃ
1097 3815 1434 3898 ἀποκαλύψει
1465 3824 1555 3876 τοῦ
1604 3814 1803 3897 Κυρίου
1831 3816 1946 3890 Ἰη-

349 3912 442 3968 σοῦ
477 3908 572 3966 ἀπ’
619 3906 879 3988 οὐρανοῦ,
913 3905 1030 3985 μετ’
1074 3906 1316 3987 ἀγγέλων
1369 3905 1640 3984 δυνάμεως
1689 3910 1873 3969 αὐτοῦ.
1911 3933 1942 3965 ››

353 3996 488 4059 Ἰδοὺ
535 3999 629 4056 καὶ
661 3997 816 4078 ἑτέρα
853 3996 1226 4078 παράκλησις,
1255 3995 1391 4076 εἴγε
1435 3999 1488 4056 ἐν
1516 4005 1626 4065 τοῖς
1671 3998 1949 4077 στεφάνοις

361 4088 585 4165 ἔμελλον
660 4076 902 4147 κοινωνοὶ
962 4076 1097 4146 εἶναι
1154 4089 1231 4166 τῷ
1286 4094 1518 4147 τοσαῦτα
1571 4076 1947 4166 κατωρθίωκότι

358 4176 587 4260 Παύλῳ.
632 4174 993 4258 Ἀποκάλυψιν
1051 4178 1106 4238 δὲ
1135 4183 1227 4236 τοῦ
1278 4175 1479 4256 Κυρίου
1511 4173 1605 4247 τὴν
1651 4176 1947 4255 παρουσίαν

358 4269 520 4326 αὐτοῦ
568 4288 719 4344 φησι,
768 4267 1250 4347 παραμυθούμενος
1285 4265 1378 4327 καὶ
1428 4269 1482 4324 ἐν
1536 4265 1707 4347 τούτῳ
1735 4267 1942 4334 αὐτούς.

354 4360 465 4419 Νῦν
494 4357 633 4437 γὰρ,
678 4355 833 4438 φησὶ,
884 4355 1217 4436 κρύπτεται,
1247 4354 1384 4414 ἀλλὰ
1429 4353 1505 4433 μὴ
1558 4355 1744 4415 ἀλύετε
1773 4379 1787 4393 ’
1823 4361 1952 4415 ἀπο-

352 4444 755 4529 καλυφθήσεται
782 4444 887 4524 γὰρ
904 4489 921 4516 ,
949 4444 1044 4504 καὶ
1071 4448 1142 4512 ὡς
1167 4444 1304 4511 Θεὸς
1325 4445 1417 4505 καὶ
1443 4444 1742 4517 Δεσπότης.
1778 4468 1807 4503 ε
1832 4445 1949 4506 Ἀπ’

2057 2042 2294 2095 regnum
2343 2027 2634 2084 caelorum.
2686 2030 2920 2084 Necesse
2965 2035 3051 2083 est
3108 2035 3293 2083 autem
3335 2027 3655 2100 hujusmodi

2058 2117 2517 2189 permutationem
2560 2117 2640 2173 sic
2686 2115 2803 2172 ﬁeri
2828 2157 2844 2185 ,
2885 2124 2940 2172 et
2988 2132 3099 2173 non
3137 2117 3257 2173 sine
3300 2117 3505 2185 labore.
3555 2121 3659 2175 Per

2056 2207 2258 2267 multas
2281 2207 2433 2265 enim
2452 2206 2778 2265 afﬂictiones
2810 2214 3031 2278 oportet
3074 2222 3177 2264 nos
3220 2207 3435 2279 ingredi
3480 2208 3656 2264 casio-

2058 2312 2184 2357 rum
2213 2313 2467 2369 regnum,
2495 2296 2633 2354 dicit
2662 2296 2958 2354 Dominus.

2130 2389 2305 2444 Vens.
2356 2393 2414 2456 ‘6,
2464 2394 2519 2443 7.
2566 2388 2849 2457 Siquidem
2892 2387 3111 2457 justum
3150 2392 3230 2443 est
3283 2388 3436 2460 apud
3491 2393 3658 2445 Deum

2056 2478 2356 2534 retribuere
2397 2478 2804 2533 tribulationem
2848 2479 2920 2532 iis
2971 2481 3071 2548 qui
3091 2492 3182 2532 vos
3241 2478 3543 2545 tribulant;
3586 2483 3658 2536 Et

2054 2569 2204 2622 vobis
2246 2570 2345 2637 qui
2383 2568 2744 2631 tribulamim',
2787 2569 3046 2637 requiem.
3074 2568 3378 2637 Siquidem,
3408 2583 3523 2623 non
3572 2576 3659 2624 est

2058 2655 2441 2726 dubitationis,
2472 2656 2568 2713 sed
2598 2654 2782 2729 petius
2824 2656 3293 2727 conﬁrmationis,
3322 2673 3441 2728 pro,
3473 2660 3657 2726 Quan-

2057 2747 2346 2817 doquidem
2366 2746 2583 2816 justum
2606 2750 2682 2802 est
2712 2746 2865 2817 apud
2883 2751 3073 2804 Deum.
3111 2747 3167 2802 Si
3197 2746 3345 2802 enim
3374 2746 3520 2818 apud
3555 2746 3654 2803 ho-

2058 2836 2258 2902 mines,
2290 2836 2470 2893 multo
2510 2836 2683 2908 magis
2712 2834 2859 2908 apud
2885 2839 3092 2892 Deum.
3124 2835 3380 2893 Solemus
3402 2837 3554 2893 enim
3582 2836 3661 2893 di-

2058 2942 2182 2983 cere
2211 2926 2267 2982 in
2297 2924 2553 2982 familiari
2576 2925 2882 2998 colloquio,
2911 2925 2969 2981 Si
2994 2923 3117 2981 odit
3140 2928 3291 2981 Deus
3318 2925 3654 3006 sceleratos;

2058 3025 2134 3086 et,
2159 3017 2214 3073 Si
2254 3032 2447 3072 curam
2474 3016 2617 3088 gerit
2654 3016 2798 3071 Deus
2845 3030 3055 3082 rerum,
3084 3014 3192 3071 tale
3228 3014 3494 3087 quiddam
3543 3015 3657 3084 ﬁet,

2060 3106 2199 3163 adeo
2245 3114 2310 3162 ut
2357 3105 2640 3163 auditores
2696 3104 3005 3161 necessario
3050 3103 3441 3176 respondeant,
3490 3107 3658 3178 Atqui

2060 3195 2197 3253 odit.
2224 3196 2389 3253 Hunc
2411 3196 2480 3253 ad
2504 3195 2737 3252 modum
2766 3194 2872 3250 hoc
2902 3194 2961 3251 in
2989 3194 3112 3251 loco
3156 3212 3170 3251 :
3202 3194 3261 3251 Si
3282 3194 3496 3266 justum
3528 3203 3615 3252 est
3642 3217 3654 3252 :

2058 3293 2490 3344 consentaneum
2524 3285 2669 3342 enim
2697 3283 2923 3352 inferre,
2960 3284 3124 3356 Atqui
3157 3282 3375 3355 justum
3403 3292 3502 3342 est.
3533 3287 3659 3342 Non

2056 3383 2243 3432 autem
2289 3375 2767 3448 quemadmodum
2810 3374 3140 3432 afﬂictiones
3167 3390 3293 3447 quae
3330 3375 3490 3431 vobis
3516 3374 3656 3431 infe-

2055 3472 2272 3535 runtur,
2303 3465 2655 3535 temporaria;
2679 3472 2832 3533 sunt,
2865 3465 2939 3520 ita
2968 3480 3186 3536 quoque
3230 3480 3409 3537 paenae
3432 3481 3658 3536 oppres-

2056 3554 2272 3611 soribus
2309 3553 2506 3610 vestris
2534 3569 2564 3608 a
2611 3556 2730 3609 Deo
2764 3551 3069 3609 inferendae
3096 3553 3445 3625 temporariae
3472 3562 3657 3622 erunt,

2057 3643 2153 3701 sed
2185 3643 2403 3700 nullum
2425 3650 2554 3699 sunt
2579 3641 2857 3699 habiturae
2886 3641 3057 3698 finem
3089 3663 3103 3698 :
3140 3650 3196 3698 et
3224 3643 3441 3715 requies
3484 3651 3659 3699 vestra

2056 3735 2182 3791 talis
2208 3733 2330 3789 erit.

2128 3824 2435 3886 Nobiscum,
2487 3826 2546 3877 in
2602 3822 2925 3878 reuelatione
2966 3823 3185 3877 Domini
3242 3824 3370 3877 Iesu
3413 3822 3480 3877 de
3531 3823 3656 3878 calo

2057 3931 2179 3971 eum
2205 3914 2413 3983 angelis
2451 3914 2668 3968 virtutis
2715 3912 2852 3982 ejus.
2885 3914 2971 3968 En
2997 3911 3164 3967 aliam
3190 3911 3656 3980 consolationem,

2056 4004 2333 4077 siquidem
2372 4004 2427 4059 in
2480 4001 2699 4058 coronis
2761 4001 2935 4059 futuri
2982 4010 3143 4057 erant
3203 4010 3490 4058 consortes
3550 4002 3655 4074 ipsi

2056 4095 2229 4153 Paulo
2283 4093 2377 4165 qui
2423 4100 2510 4150 tot
2555 4100 2821 4164 tantaque
2882 4097 3187 4164 peregerat.
3240 4091 3657 4148 Revelationem

2058 4194 2244 4242 autem
2267 4182 2493 4238 Domini
2539 4180 2841 4238 adventum
2889 4182 3006 4254 ejus
3045 4180 3199 4249 dicit,
3232 4180 3285 4236 in
3335 4180 3443 4236 hoc
3489 4181 3656 4237 etiam

2055 4290 2153 4331 eos
2193 4273 2507 4330 consolans.
2554 4274 2717 4328 Nunc
2744 4270 2915 4338 enim,
2963 4271 3164 4344 inquit,
3195 4270 3505 4327 occultatur
3532 4270 3657 4344 qui-

2059 4364 2205 4434 dem,
2261 4362 2360 4420 sed
2409 4363 2597 4419 animo
2627 4378 2697 4418 ne
2740 4360 3084 4429 concidatis;
3112 4361 3445 4418 revelabitur
3488 4361 3659 4431 enim,

2060 4454 2227 4527 idque
2272 4461 2541 4524 tanquam
2588 4454 2738 4508 Deus
2786 4460 2843 4507 et
2896 4451 3188 4508 Dominus.
3236 4452 3288 4507 A
3327 4453 3454 4507 cwlo
3488 4452 3660 4521 enim,

352 4540 572 4616 οὐρανοῦ
601 4562 631 4593 ιι
665 4535 795 4616 γὰρ,
829 4533 883 4602 ὃς
906 4536 1019 4595 ἐστι
1061 4534 1238 4617 θρόνος
1263 4536 1428 4597 Θεοῦ.
1457 4533 1585 4609 Καὶ,
1625 4557 1654 4594 α
1683 4535 1818 4596 Μετ’
1850 4540 1950 4614 ἆγ-

2065 4543 2211 4617 quod
2239 4552 2320 4600 est
2362 4542 2597 4598 thronus
2624 4541 2750 4598 Dei.
2782 4544 2874 4607 Et,
2908 4541 3042 4597 Cum
3067 4542 3274 4609 angelis
3297 4542 3658 4609 terribilibus;

355 4628 523 4707 γέλων
579 4625 853 4707 φοϐερῶν·
881 4648 909 4685 ι)
946 4623 1219 4702 δυνάμεως
1259 4625 1365 4705 γὰρ
1412 4623 1659 4703 ἄγγελοι,
1708 4625 1949 4686 τουτέστι

356 4716 568 4778 δυνατοί
592 4716 665 4779 ⁷9.
696 4713 876 4778 "acre
918 4713 969 4775 τί
997 4714 1391 4789 καταπίπτετε,
1446 4713 1578 4774 ὅπου
1625 4738 1682 4791 γε
1712 4722 1946 4776 τοιοῦτον

354 4806 549 4886 ἔχομεν
580 4805 859 4877 Δεσπότην
878 4851 893 4879 ,
931 4794 993 4864 οὗ
1023 4829 1082 4883 γε
1131 4808 1179 4864 οἱ
1218 4804 1483 4885 ὑπηρέται
1513 4804 1787 4880 δυνάμεως
1817 4808 1949 4866 εἰσιν

352 4896 596 4975 ἅγγελοι;
623 4895 899 4958 Δώσουσιν
946 4886 1037 4956 οὖν
1087 4894 1238 4969 δίκην
1269 4895 1317 4954 οἱ
1346 4899 1436 4954 νῦν
1480 4896 1620 4973 ὑμᾶς
1649 4894 1917 4963 θλίϐοντες
1937 4943 1955 4968 ,

356 4986 449 5047 καὶ
478 4990 572 5047 οὐκ
601 4985 961 5068 ἐκφεύξονται.

445 5098 476 5138 α
502 5076 595 5137 Ἐν
665 5075 795 5159 πυρὶ
845 5074 1033 5159 φλογὸς
1088 5074 1318 5143 διδόντος
1374 5074 1645 5147 ἐκδίκησιν
1731 5083 1839 5141 τοῖς
1872 5075 1951 5153 μὴ

357 5166 521 5229 εἰδόσι
573 5166 748 5241 Θεὸν,
808 5167 900 5228 καὶ
964 5172 1074 5232 τοῖς
1131 5165 1209 5243 μὴ
1258 5164 1583 5226 ὑπακούουσι
1646 5169 1725 5246 τῷ
1780 5167 1955 5244 Εὐαγ-

354 5256 517 5338 γελίῳ
570 5262 662 5318 τοῦ
722 5256 921 5336 Κυρίου
948 5256 1204 5329 Ἰησοῦ.»
1237 5252 1378 5315 Ἄνω
1407 5254 1505 5333 μὲν
1573 5245 1725 5315 εἶπεν·
1756 5279 1783 5313 α
1831 5256 1959 5323 Τοῖς

361 5347 633 5408 θλίϐουσιν
677 5349 853 5425 69.34;-
881 5369 912 5408 α
934 5351 1025 5407 νῦν
1050 5345 1106 5406 δὲ
1152 5348 1369 5415 κοινῶς⁸
1408 5369 1439 5405 α
1470 5347 1598 5413 Τοῖς
1650 5345 1727 5420 μὴ
1794 5344 1959 5405 εἰδόσι

359 5437 448 5498 τὸν
517 5437 687 5499 Θεόνο
722 5459 753 5497 α
783 5442 942 5497 τοῦτο
994 5437 1301 5519 σοφώτατον
1357 5438 1773 5506 κατασκευάζων
1795 5481 1814 5507 ,
1879 5435 1962 5497 ὅτι

361 5527 573 5598 πάντως
631 5526 900 5601 ἐκδίκησις
951 5526 1120 5590 ἔσται.
1179 5529 1246 5588 Εἰ
1297 5527 1401 5608 γὰρ
1445 5527 1537 5587 καὶ
1568 5525 1645 5605 μὴ
1675 5529 1741 5586 δι’
1786 5531 1958 5603 ὑμᾶς,

2060 4634 2318 4708 potentiae
2351 4647 2597 4704 namque
2637 4630 2813 4702 angeli
2867 4638 3017 4697 sunt,
3077 4628 3183 4685 hoc
3239 4637 3323 4685 est
3380 4638 3657 4701 potentes.

2060 4730 2245 4798 Quare
2272 4726 2454 4795 itaque
2504 4720 2761 4777 animum
2794 4716 3167 4791 despondetis,
3207 4719 3658 4791 quandoquidem

2061 4811 2333 4887 ejusmodi
2379 4810 2643 4868 habemus
2686 4810 3021 4878 Dominum,
3072 4808 3231 4879 cujus
3275 4808 3514 4865 ministri
3553 4809 3662 4865 sint

2062 4903 2243 4975 angeli
2270 4901 2568 4975 potentin
2597 4898 2821 4956 Dabunt
2843 4899 3013 4972 igitur
3041 4912 3238 4970 poenas
3267 4899 3363 4971 qui
3391 4913 3540 4954 nunc
3562 4913 3660 4953 vos

2063 4992 2342 5065 afﬂigunt,
2372 5006 2551 5064 neque
2589 4990 2874 5063 effugient.

2136 5086 2317 5140 Vens.
2348 5088 2401 5138 8.
2439 5084 2506 5138 In
2533 5083 2655 5151 igni
2689 5082 2917 5150 ﬂamma
2943 5079 3127 5135 dantis
3156 5077 3418 5133 ultionem
3460 5080 3530 5132 iis
3568 5081 3670 5148 qui

2067 5190 2175 5230 non
2204 5176 2471 5229 noverunt
2506 5176 2699 5235 Deum,
2744 5176 2795 5226 et
2822 5172 2922 5242 qui
2945 5185 3054 5225 non
3082 5169 3341 5224 obediunt
3369 5169 3664 5237 Evangelia

2067 5265 2288 5320 Domini
2313 5265 2462 5319 Iesu.
2490 5264 2558 5318 In
2580 5260 2956 5333 superioribus
2984 5259 3146 5323 dixit,
3182 5261 3252 5315 Iis
3279 5260 3377 5329 qui
3394 5273 3485 5312 vos
3509 5260 3666 5327 affli-

2065 5359 2203 5423 gunt
2234 5373 2253 5407 :
2278 5369 2426 5409 nunc
2466 5360 2649 5410 autem
2676 5351 2985 5424 generatim
3010 5348 3184 5416 addit,
3215 5352 3287 5405 Iis
3323 5351 3423 5419 qui
3438 5364 3547 5403 non
3568 5364 3668 5403 no-

2066 5448 2263 5500 uerunt
2300 5447 2470 5501 Deum
2499 5462 2517 5496 :
2549 5440 2655 5498 hoc
2694 5440 3096 5513 sapientissime
3128 5438 3489 5506 conﬁrmans,
3519 5436 3668 5510 quod

2070 5532 2298 5591 omnino
2322 5533 2399 5591 sit
2438 5532 2574 5590 ultio
2611 5528 2821 5590 futura.
2854 5531 2916 5586 Si
2944 5528 3097 5587 enim
3143 5545 3257 5586 non
3289 5536 3516 5601 propter
3545 5543 3661 5599 vos,

1752 5678 1943 5740 Variae
1981 5678 2278 5759 lectiones.

423 5787 469 5825 ⁷⁸
499 5786 549 5845 ἐν
578 5804 631 5847 o.
700 5787 747 5823 ’⁷³
770 5787 1048 5861 ωόεροίο.
