4104 6454
445 465 581 520 1335

1464 453 1980 511 THEOPHYLACTI
2017 453 2376 510 BULGARLE
2416 451 2734 507 ARCHIEP.

3607 450 3746 504 1336

439 598 663 662 propter
684 603 742 644 se
766 594 958 642 tamen
990 586 1172 659 ipsum
1201 584 1387 641 hostes
1419 599 1547 640 suos
1578 582 1886 639 ulciscetur.
1917 583 2036 636 Hoc

2155 581 2294 641 ἀλλά
2342 603 2402 658 γε
2461 580 2528 638 δι’
2557 577 2740 662 ἑαυτὸν
2797 576 2918 644 τοὺς
2980 575 3196 658 ἐχθροὺς
3245 577 3402 634 αὐτοῦ
3436 577 3737 652 ἀμυνεῖται.

438 679 604 752 igitur
640 677 854 734 dictum
896 684 1002 744 est,
1046 684 1109 732 ut
1155 684 1307 732 certo
1363 673 1560 741 sciant,
1603 671 1752 745 quod
1811 671 2043 728 omnino

439 769 734 842 punientur
762 785 775 821 :
810 765 943 823 illud
974 781 1128 836 vero,
1153 774 1216 822 ut
1239 765 1518 831 laetentur,
1547 778 1648 819 ceu
1678 765 1798 819 Deo
1819 761 2041 818 illorum

439 859 616 930 gratia
645 873 762 924 eos,
805 873 837 912 a
868 854 1068 928 quibus
1096 853 1510 926 afﬂigebantur,
1561 852 1844 924 puniente.
1878 850 2042 924 Quod

439 949 484 1004 si
537 946 829 1018 Evangelio
875 962 988 1002 non
1035 943 1354 1001 obedientes
1383 943 1598 1016 puniat,
1643 941 1822 999 multo
1863 941 2042 1014 magis

439 1052 537 1094 eos
577 1037 672 1110 qui
725 1035 866 1092 alios
913 1034 1136 1091 obedire
1177 1033 1492 1107 prohibent,
1549 1032 1734 1104 quales
1779 1038 1910 1087 sunt
1948 1030 2042 1102 qui

437 1125 607 1181 hodie
631 1139 728 1180 vos
757 1133 984 1197 angunt.
1014 1122 1168 1180 lstud
1195 1130 1405 1190 autem,
1437 1125 1504 1177 1η
1533 1124 1654 1190 igni
1674 1123 1920 1190 ﬂamma,
1956 1118 2040 1174 vel

438 1213 877 1271 construendum
897 1221 981 1270 est
1002 1229 1154 1281 cum,
1175 1211 1702 1282 Dantis;ultionem,
1728 1209 1953 1281 perinde
1977 1224 2041 1264 ac

435 1304 485 1359 si
548 1303 772 1373 diceret,
827 1307 895 1359 In
962 1303 1210 1375 gehenna
1252 1301 1530 1372 punientis
1583 1299 1966 1356 inobedientes
2019 1316 2034 1353 :

439 1391 610 1465 535.
657 1392 740 1449 vel
783 1392 881 1460 sic,
926 1394 993 1447 In
1027 1390 1360 1447 revelatione
1401 1389 1624 1457 Christi,
1661 1403 1786 1461 quae
1833 1388 1890 1444 in
1928 1388 2040 1460 igni

438 1483 681 1539 ﬂammae
713 1479 894 1536 futura
933 1489 1038 1550 est,
1080 1480 1221 1536 sicut
1261 1487 1316 1535 et
1354 1479 1532 1536 David
1579 1479 1679 1548 ait,
1730 1480 1879 1547 Ignis
1915 1483 2041 1532 ante

439 1576 622 1643 ipsum
643 1573 933 1643 praecedet,
966 1577 1015 1627 et
1044 1571 1405 1641 inﬂammabit
1445 1570 1504 1624 in
1538 1571 1769 1624 circuitu
1793 1569 2041 1623 inimicos

440 1663 610 1733 ejusQ.
656 1662 754 1719 Cui
812 1661 1008 1717 Daniel
1059 1661 1404 1732 astipulatur,
1451 1659 1707 1732 inquiens
1757 1676 1770 1713 :
1819 1659 2040 1715 Flavius

439 1754 588 1820 ignis
619 1751 983 1808 trahebatur".
1026 1751 1273 1807 Observa
1302 1759 1488 1806 autem
1519 1747 1671 1822 quod
1705 1747 1799 1812 ait,
1827 1751 1894 1804 1n
1923 1749 2045 1816 igni

437 1843 683 1910 ﬂammae,
732 1857 854 1911 pro,
894 1840 949 1896 in
978 1840 1090 1913 igni
1147 1839 1373 1897 ardente
1417 1847 1664 1906 tantum,
1706 1853 1820 1894 non
1868 1838 2038 1894 etiam

2150 671 2327 730 T0310
2357 657 2362 658 ν
2394 667 2490 747 μὲν
2541 657 2630 729 οὖν
2693 666 2933 748 εἴρηται,
2991 657 3089 725 ἵνα
3130 668 3606 747 πληροφορηθῶσιν
3663 665 3747 724 ὅτι

2149 759 2361 825 πάντως
2411 756 2832 830 κολασθήσονται
2851 780 2864 794 ο
2914 759 3082 817 ἐκεῖνο
3113 755 3202 831 δὲ,
3233 755 3320 816 ἵνα
3351 758 3583 828 ἡσθῶσιν
3600 802 3620 832 ,
3677 759 3750 823 ὥς

2150 851 2222 914 εἷς
2259 847 2420 928 τιμὴν
2453 849 2625 907 αὐτῶν
2649 846 2958 918 κολάζοντος
2989 851 3082 906 τοῦ
3123 848 3266 907 Θεοῦ
3309 845 3430 913 τοὺς
3469 845 3750 914 θλίϐοντας

2151 938 2358 1007 αὐτούς.
2414 939 2481 999 Εἰ
2523 939 2578 998 δὲ
2621 935 2742 1004 τοὺς
2775 937 2852 1011 μὴ
2903 937 3268 1004 ὕπακούοντας
3316 941 3394 1018 τῷ
3437 935 3747 1018 Εὐαγγελίῳ

2150 1029 2396 1102 κολάζει,
2429 1030 2610 1106 πολλῷ
2663 1029 2868 1104 μᾶλλον
2914 1025 3034 1095 τοὺς
3081 1025 3383 1093 κωλύοντας
3411 1023 3502 1083 καὶ
3551 1026 3746 1092 ἄλλους

2149 1121 2484 1190 ὑπακοῦσαι,
2529 1108 2629 1177 οἶοί
2671 1122 2802 1176 εἰσιν
2831 1120 2878 1178 οἱ
2907 1122 2999 1174 νῦν
3045 1119 3184 1188 ὓμᾶς
3225 1115 3512 1181 θλίϐοντες.
3545 1116 3626 1176 Τὸ
3649 1116 3703 1173 δὲ
3728 1161 3746 1191 ,

2159 1230 2187 1265 (ι
2214 1207 2310 1266 Ἰἰν
2340 1206 2468 1288 πυρὶ
2491 1206 2680 1288 φλογὸς
2699 1206 2751 1241 ⁸⁰
2773 1227 2832 1277 ι),
2859 1207 2894 1278 ἢ
2921 1210 2996 1286 τῷ
3024 1205 3219 1264 διδόντι
3245 1205 3516 1277 ἐκδίκησιν
3545 1227 3748 1263 συντα-

2149 1296 2333 1370 κτέον,
2363 1301 2431 1363 ὡς
2463 1296 2526 1354 ἂν
2553 1299 2600 1355 εἰ
2643 1295 2820 1375 ἔλεγεν
2839 1319 2853 1333 ο
2888 1295 2984 1356 Ἐν
3135 1294 3322 1374 γεέννῃ
3347 1293 3394 1332 ⁸⁸
3435 1295 3748 1363 κολάζοντος

2149 1384 2268 1454 τοὺς
2327 1390 2598 1454 ἀπειθεῖς·
2647 1385 2684 1458 ἢ
2734 1385 2910 1446 οὕτω·
2938 1389 3026 1466 Τῇ
3079 1386 3426 1464 ἀποκαλύψει
3461 1390 3555 1445 τοῦ
3605 1387 3746 1464 Χρι-

2149 1483 2277 1537 στοῦ
2469 1479 2523 1537 ἐν
2589 1476 2718 1556 πυρὶ
2771 1476 2963 1558 φλογὸς
2994 1475 3047 1511 ⁸³
3105 1475 3434 1554 γενησομένη
3477 1499 3491 1513 ο
3523 1478 3595 1541 ὥς
3648 1474 3742 1534 καὶ

2147 1569 2316 1627 Δαυῒδ
2347 1567 2492 1646 λέγει
2515 1591 2528 1604 ·
2579 1595 2602 1620 ι
2636 1569 2760 1647 Πῦρ
2814 1567 3036 1626 ἐνώπιον
3071 1566 3229 1626 αὐτοῦ
3283 1565 3744 1647 προπορεύσεται,

2146 1656 2239 1716 καὶ
2317 1659 2522 1738 φλογιεῖ
2589 1657 2770 1739 κύκλῳ
2798 1655 2850 1695 ⁸³
2906 1655 3024 1724 τοὺς
3074 1656 3294 1736 ἐχθροὺς
3344 1658 3501 1715 αὐτοῦ
3525 1678 3539 1693 ο
3567 1677 3594 1712 ι
3652 1656 3747 1714 καὶ

2148 1749 2177 1804 ὃ
2198 1745 2424 1820 Δανιὴλ,
2453 1769 2483 1806 α
2502 1747 2753 1825 Ποταμὸς
2784 1745 2947 1827 πυρὸς
2972 1744 3199 1807 εἵλκετο.
3233 1773 3258 1797 ιι
3287 1743 3437 1826 "Ope:
3472 1743 3636 1804 δὲκαὶ
3659 1743 3744 1816 τὸ,

2148 1861 2173 1889 ι
2203 1835 2298 1896 Ἐν
2329 1837 2459 1916 πυρὶ
2498 1835 2687 1918 φλογὸς
2711 1862 2755 1910 ιο,
2787 1834 2904 1894 ἀντὶ
2951 1840 3076 1907 τοῦ,
3115 1837 3169 1894 ἐν
3200 1834 3328 1914 πυρὶ
3362 1834 3605 1916 φλέγοντι
3641 1833 3747 1912 μό-

439 1933 671 1988 lucente.
704 1932 1094 1988 Peccatoribus
1127 1931 1274 1986 enim
1313 1929 1450 2002 ignis
1493 1927 1851 1985 solummodo
1877 1927 2036 1984 arde-

2148 1949 2282 1998 νως,
2328 1929 2386 1986 06
2414 1915 2735 2007 qpoi1iC0v1t.
2789 1929 2918 1993 Τοῖς
2971 1926 3074 2004 γὰρ
3123 1915 3496 2005 ἁμαρτωλοῖς,
3553 1923 3746 2007 φλέγον

439 2021 540 2088 bit,
569 2037 686 2076 non
724 2020 928 2077 lucebit
958 2038 973 2076 :
1006 2021 1172 2094 justis
1209 2028 1396 2076 autem
1425 2017 1634 2076 lucebit
1656 2027 1895 2087 tantum,
1927 2033 2039 2073 non

440 2109 676 2167 ardebit.

512 2200 698 2257 Vnus.
746 2204 798 2255 9.
829 2201 938 2268 Qui
956 2216 1179 2271 poenam
1228 2201 1379 2254 luent
1429 2199 1711 2254 interitum
1753 2203 2033 2252 internum.

435 2289 546 2345 Ubi
578 2288 748 2362 igitur
774 2297 908 2345 sunt
949 2289 1292 2362 Origenistae,
1325 2289 1421 2361 qui
1471 2302 1651 2360 prensa
1693 2286 1860 2344 ﬁnem
1912 2301 1942 2342 e
1979 2301 2039 2343 se

437 2377 685 2435 fabulose
744 2381 995 2450 ponunt?
1059 2381 1337 2435 Eternam
1394 2377 1538 2434 hanc
1575 2377 1782 2435 Paulus
1825 2377 2036 2434 asserit.

436 2468 605 2541 Ecqui
633 2483 766 2542 ergo
795 2467 941 2542 apud
972 2484 1070 2526 vos
1098 2468 1353 2525 interitus
1397 2475 1641 2525 aeternus
1680 2466 1784 2524 erit
1815 2473 2040 2540 tempo-

435 2557 616 2615 rarius
635 2563 660 2616 Ρ

506 2650 559 2707 Α
599 2651 738 2717 facie
769 2650 1005 2714 Domini,
1055 2653 1107 2703 et
1133 2649 1310 2717 gloria
1346 2652 1570 2704 virtutis
1609 2648 1746 2718 ejus.
1787 2647 2040 2704 Facilita-

436 2744 550 2794 tem
581 2737 670 2793 hic
696 2736 958 2794 declarat.
984 2737 1147 2794 Nulla
1169 2739 1342 2806 enim,
1370 2738 1566 2811 inquit,
1593 2737 1893 2794 difﬁcultas
1909 2737 2038 2806 erit,

436 2842 626 2883 verum
658 2827 788 2884 satis
817 2835 900 2883 est
925 2827 1316 2885 tantummodo
1360 2829 1542 2884 visum
1586 2843 1706 2884 esse
1741 2829 1942 2895 Deum,
1983 2837 2040 2882 et

435 2931 631 2973 omnes
677 2917 1048 2974 iuobedientes
1094 2918 1151 2973 in
1191 2933 1352 2990 poena
1395 2926 1577 2974 erunt.
1625 2916 2039 2974 Tantummodo

435 3007 584 3062 enim
613 3007 798 3064 vultus
825 3016 881 3064 et
917 3007 1204 3079 praesentia
1233 3008 1352 3079 ejus
1386 3007 1494 3063 illis
1541 3006 1763 3080 quidem
1793 3007 1884 3062 lux
1913 3007 2038 3073 erit,

434 3094 555 3152 istis
584 3105 770 3152 autem
813 3097 1162 3169 supplicium.
1209 3099 1336 3152 Non
1369 3095 1520 3151 enim
1547 3095 1888 3166 simpliciter,
1917 3096 2035 3164 sed,

435 3200 565 3241 cum
606 3185 777 3258 gloria
824 3185 1044 3241 virtutis
1095 3185 1272 3241 aderit
1303 3203 1317 3241 :
1359 3200 1538 3256 neque
1585 3185 1756 3256 gloria
1797 3183 1916 3257 ejus
1949 3200 2040 3240 ro-

2151 2016 2302 2075 ἔσται
2334 2015 2396 2076 τὸ
2438 2021 2547 2095 πῦρ
2589 2015 2763 2094 μόνως
2783 2059 2800 2088 ,
2833 2015 2894 2074 οὗ
2935 2013 3158 2096 φωτίζον
3182 2037 3195 2051 ·
3219 2021 3328 2082 τοῖς
3379 2013 3436 2073 δὲ
3483 2013 3706 2079 δικαίοις
3726 2059 3742 2086 ,

2149 2105 2374 2187 φωτίζον
2406 2105 2579 2182 μόνως
2600 2153 2615 2178 ,
2648 2107 2707 2164 06
2741 2105 2955 2187 φλέγον.

2233 2218 2264 2250 α
2297 2194 2509 2262 Οἴτινες
2555 2194 2709 2267 δίκην
2757 2193 2993 2255 τίσουσιν
3029 2192 3243 2274 ὄλεθρον
3295 2191 3525 2253 αἰώνιον.
3559 2214 3588 2249 ι)
3626 2194 3744 2253 Ποῦ

2147 2284 2318 2343 τοίνυν
2359 2284 2411 2322 ⁸⁴
2444 2287 2492 2346 οἱ
2548 2283 2948 2363 Ὧριγενιασταὶ
2971 2329 2988 2356 ,
3036 2285 3085 2343 οῖ
3131 2283 3280 2350 τέλος
3335 2287 3427 2355 τῆς
3476 2282 3747 2349 κολάσεως

2149 2375 2539 2452 μυθευόμενοι;
2575 2375 2796 2436 Αἷώνιον
2845 2373 3046 2446 ταύτην
3089 2376 3118 2432 ὁ
3167 2373 3380 2441 Παῦλος
3429 2372 3593 2452 λέγει.
3636 2374 3744 2434 Καὶ

2147 2467 2262 2533 πῶς
2293 2467 2424 2544 παρ’
2449 2468 2573 2543 ὑμῖν
2605 2467 2637 2536 ἡ
2665 2461 2872 2530 αἰώνιος
2901 2462 3258 2544 πρόσκαιροςς

2236 2665 2264 2699 α
2295 2641 2422 2702 Ἀπὸ
2467 2641 2758 2723 προσώπου
2824 2641 3060 2723 Κυρίου,
3122 2641 3215 2700 καὶ
3276 2639 3384 2700 ἀπὸ
3441 2645 3535 2713 τῆς
3595 2639 3750 2712 δόξης

2147 2735 2241 2803 τῆς
2294 2730 2477 2812 ἰσχύος
2528 2734 2709 2792 αὐτοῦ.
2760 2731 2838 2792 Τὸ
2889 2729 3106 2790 εὔκολον
3163 2733 3390 2790 ἐνταῦθα
3448 2731 3618 2804 δηλοῖ.
3661 2734 3745 2793 O6

2147 2821 2253 2903 γὰρ
2305 2822 2588 2902 δυσχέρειά
2619 2846 2698 2889 τις
2751 2821 2938 2896 ἔσται,
2995 2821 3183 2902 φησὶν,
3233 2823 3354 2879 ἀλλ’
3388 2824 3542 2900 ἀρκεῖ
3589 2822 3745 2898 μόνον

2148 2913 2377 2992 ὀφθῆναι
2409 2913 2501 2972 τὸν
2537 2914 2715 2990 Θεὸν,
2761 2911 2852 2972 καὶ
2885 2911 3081 2978 πάντες
3125 2913 3172 2971 οἱ
3221 2912 3454 2978 ἀπειθεῖς
3501 2914 3555 2971 ἐν
3587 2912 3751 2970 κολά-

2151 3021 2232 3060 σει
2277 3001 2508 3063 ἔσονται.
2567 3002 2744 3063 Μόνον
2791 3002 2896 3083 γὰρ
2947 3002 3008 3061 τὸ
3036 3001 3322 3082 πρόσωπον
3376 3004 3538 3060 αὐτοῦ
3591 2999 3682 3059 καὶ
3712 3006 3745 3072 ἡ

2151 3091 2421 3172 παρουσία
2461 3096 2567 3158 τοῖς
2613 3091 2709 3169 μὲν
2746 3094 2854 3172 φῶς
2905 3091 3086 3163 ἔσται,
3120 3099 3227 3158 τοῖς
3256 3092 3312 3149 δὲ
3359 3089 3612 3170 τιμωρία.
3662 3093 3746 3150 Οὐ

2146 3179 2249 3261 γὰρ
2279 3181 2492 3252 ἁπλῶς,
2539 3181 2676 3241 ἀλλὰ
2714 3181 2852 3258 μετὰ
2887 3181 3037 3252 δόξης
3089 3180 3274 3259 ἰσχύος
3319 3179 3584 3259 πάρεστι·
3625 3179 3746 3239 οὔτε

434 3274 567 3330 bore
597 3273 823 3342 carebit,
866 3288 1045 3345 neque
1068 3274 1241 3329 robur
1269 3273 1375 3330 erit
1395 3273 1695 3346 inglorium
1738 3289 1751 3326 :
1801 3271 1908 3330 hoc
1932 3282 2036 3340 est,

2149 3273 2182 3340 ἡ
2215 3268 2338 3339 δόξα
2383 3273 2545 3330 αὐτοῦ
2586 3271 2870 3351 ἀνίσχυρος
2891 3321 2904 3343 ,
2937 3268 3056 3330 οὔτε
3088 3274 3122 3341 ἡ
3154 3267 3306 3349 ἰσχὺς
3335 3267 3537 3337 ἄδοξος.
3571 3271 3746 3330 Τουτ-

437 3371 708 3435 tanquam
720 3379 814 3419 rex
834 3371 1030 3435 potens
1047 3363 1429 3434 conspicietur.

510 3455 684 3509 Vsus.
723 3460 808 3509 to.
853 3453 986 3510 Cum
1012 3455 1220 3509 venerit
1266 3454 1570 3525 gloriﬁcari
1593 3457 1654 3508 in
1678 3455 1883 3510 sanctis
1903 3457 2037 3510 suis.

440 3541 677 3614 Quando
706 3542 858 3598 enim
887 3542 982 3610 illi,
1005 3542 1098 3615 qui
1123 3559 1272 3599 nunc
1297 3551 1430 3598 sunt
1460 3543 1836 3600 inobedientes
1859 3553 1914 3602 et
1938 3561 2034 3600 su-

435 3632 611 3704 perbi,
660 3632 1052 3704 conspexerint
1115 3633 1272 3698 istos,
1318 3648 1459 3704 quos
1499 3632 1600 3705 ipsi
1667 3633 2036 3707 ﬂagellabant,

433 3721 662 3777 inﬁnitae
705 3721 894 3794 gloriae
926 3722 1217 3794 participes
1255 3720 1453 3790 factos,
1496 3723 1556 3778 in
1581 3723 1813 3795 gloriam
1847 3723 1950 3779 Dei
1976 3739 2037 3779 ea

434 3827 522 3868 res
549 3810 692 3867 cedit
735 3829 750 3867 :
781 3811 1000 3868 illorum
1033 3827 1273 3884 namque
1297 3812 1469 3884 gloria
1507 3813 1682 3884 ipsius
1724 3814 1892 3868 etiam
1931 3822 2034 3869 est.

435 3902 626 3972 Itaque
657 3901 714 3956 in
751 3917 860 3974 quo
905 3909 1125 3958 sanctos
1172 3901 1466 3974 gloriﬁcat,
1510 3903 1564 3957 in
1605 3918 1672 3958 eo
1719 3901 1834 3974 ipse
1863 3903 2034 3959 etiam

433 3989 794 4063 gloriﬁcatur.
843 3991 926 4046 Ut
965 3992 1117 4048 enim
1167 3990 1372 4048 divitias
1409 3992 1531 4063 ejus
1560 4001 1712 4060 sunt,
1753 4008 1871 4049 esse
1900 3992 2034 4048 ﬁde-

433 4080 513 4136 les
543 4099 556 4133 :
591 4081 672 4136 sic
700 4089 757 4136 et
789 4080 964 4152 gloria
991 4081 1110 4154 ejus
1137 4089 1242 4150 est,
1283 4096 1402 4137 esse
1438 4081 1534 4152 qui
1576 4081 1831 4138 fruantur
1875 4082 2038 4138 bonis

431 4170 623 4241 ipsius.

506 4263 579 4315 Et
600 4259 952 4314 admirabilis
989 4262 1111 4329 ﬁeri
1153 4263 1211 4314 in
1254 4261 1502 4314 omnibus
1533 4263 1632 4330 qui
1653 4262 2029 4319 crediderunt.

429 4348 489 4404 Id
516 4355 620 4413 est,
647 4363 744 4418 per
762 4347 1062 4404 credentes.
1097 4351 1235 4405 Ecce
1254 4349 1427 4416 enim,
1447 4352 1532 4413 In,
1563 4359 1647 4406 est
1673 4367 1772 4423 pro
1802 4373 1827 4400 α
1857 4368 1955 4424 per
1981 4378 2030 4408 ι.

435 4436 674 4509 Quando
698 4437 849 4493 enim
890 4437 1139 4507 miseros,
1183 4439 1250 4493 ab
1281 4438 1544 4495 omnibus
1575 4441 1823 4513 repulsos
1851 4458 1916 4498 ac
1952 4458 2039 4498 re-

2149 3358 2294 3417 ἐστιν
2313 3405 2330 3436 ,
2372 3364 2444 3425 ὣς
2472 3360 2720 3440 βασιλεὺς
2750 3360 2968 3426 δυνατὸς
2996 3359 3306 3441 ὀφθήσεται.

2239 3472 2269 3507 α
2298 3447 2475 3510 Ὅταν
2506 3450 2633 3530 ἔλθῃ
2657 3449 3030 3522 ἐνδοξασθῆναι
3066 3451 3116 3508 ἐν
3148 3455 3257 3515 τοῖς
3290 3447 3454 3525 ἁγίοις
3490 3451 3650 3509 αὑτοῦ
3691 3474 3745 3506 ι.

2145 3535 2322 3601 Ὅταν
2353 3539 2457 3618 γὰρ
2477 3539 2660 3599 ἴδωσιν
2679 3586 2694 3614 ,
2725 3543 2771 3600 οἱ
2801 3544 2894 3598 νῦν
2929 3541 3160 3606 ἀπειθεῖς
3184 3538 3276 3598 καὶ
3308 3539 3704 3617 τραχηλιῶντες
3723 3583 3740 3614 ,

2147 3627 2266 3696 τοὺς
2328 3629 2746 3706 μαστιζομένους
2831 3627 2919 3687 ὑπ’
2968 3630 3180 3700 αὐτῶν,
3259 3626 3475 3695 τούτους
3525 3627 3746 3706 ἀπείρου

2150 3717 2302 3789 δόξης
2335 3720 2737 3799 μετασχόντας,
2791 3717 2916 3787 δόξα
2959 3723 3050 3777 τοῦ
3096 3719 3238 3778 Θεοῦ
3281 3720 3484 3794 γίνεται
3515 3718 3576 3777 τὸ
3609 3727 3744 3795 πρᾶ-

2145 3831 2282 3886 γμα.
2367 3805 2438 3867 Ἠ
2473 3812 2576 3888 γὰρ
2611 3812 2785 3867 αὐτῶν
2821 3805 2943 3874 δόξα
2967 3855 2981 3879 ,
3013 3809 3174 3866 αὐτοῦ
3223 3809 3389 3866 ἐστιν.
3414 3802 3588 3866 εὭστε
3621 3810 3673 3864 ἐν

2145 3895 2265 3962 τοὺς
2313 3896 2490 3976 ἁγίους
2545 3897 2777 3970 δοξάζει,
2823 3899 2978 3978 αύτὸς
3033 3895 3326 3965 δοξάζεται.
3380 3891 3602 3975 Ὥσπερ
3643 3896 3747 3978 γὰρ

2143 3987 2367 4053 πλοῦτος
2399 3989 2563 4045 αὐτοῦ
2594 3991 2708 4046 ἐστι
2749 3988 2811 4046 τὸ
2853 3975 2986 4046 εἶναι
3017 3985 3266 4054 πιστούς·
3316 3984 3456 4044 οὕτω
3497 3986 3588 4044 καὶ
3622 3987 3744 4054 δόξα

2145 4077 2326 4148 αὐτοῦ,
2350 4075 2410 4134 τὸ
2457 4066 2594 4135 εἶναι
2637 4076 2758 4143 τοὺς
2799 4076 3088 4154 μέλλοντας
3143 4075 3433 4134 ἀπολαύειν
3465 4078 3571 4134 τῶν
3612 4077 3744 4154 ἀγα-

2147 4168 2250 4222 θῶν
2278 4167 2461 4224 αὐτοῦ.

2230 4278 2260 4310 α
2300 4255 2405 4314 Καὶ
2445 4259 2818 4332 θαυμασθῆναι
2877 4258 2930 4315 ἐν
2975 4263 3111 4315 πᾶσι
3160 4262 3268 4323 τοῖς
3317 4252 3656 4314 πιστεύσασι.
3707 4279 3732 4314 .›

2143 4344 2429 4418 Τουτέστι,
2449 4344 2536 4404 διὰ
2559 4349 2664 4403 τῶν
2684 4345 3110 4407 πιστευσάντων.
3132 4343 3271 4406 Ἰδοὺ
3293 4344 3397 4424 γὰρ
3418 4345 3504 4420 τὸ,
3527 4372 3552 4400 ι
3577 4344 3697 4422 Ἐν,
3721 4374 3744 4400 υ

2150 4434 2266 4492 ἀντὶ
2304 4438 2421 4508 τῆς,
2455 4433 2560 4508 διὰ,
2593 4434 2756 4496 ἔστιν.
2787 4432 2966 4496 Ὅταν
3014 4434 3121 4516 γὰρ
3163 4431 3284 4501 τοὺς
3331 4432 3597 4514 οἰκτροὺς,
3627 4434 3744 4502 τοὺς

423 4527 628 4600 jectos,
655 4535 806 4583 tanto
833 4526 1124 4599 splendore
1164 4529 1422 4601 dignatus
1472 4527 1652 4600 fuerit,
1683 4540 1802 4587 tum
1832 4530 2035 4587 indica-

2146 4523 2288 4602 παρὰ
2331 4524 2545 4583 πάντων
2595 4523 3006 4604 ἐλαυνομένους,
3053 4523 3316 4595 τοσαύτης
3363 4524 3742 4603 λαμπρότητος

431 4625 524 4672 tur
577 4617 744 4688 ipsius
788 4617 977 4674 robur.
1039 4619 1338 4687 Praeterea,
1403 4619 1622 4691 quando
1677 4621 1734 4676 in
1790 4621 2037 4679 medium

436 4706 684 4778 producti
730 4705 953 4778 fuerint,
997 4708 1089 4780 qui
1124 4707 1427 4764 innumeris
1457 4708 1662 4766 fuerint
1700 4709 1902 4783 objecti
1943 4727 2034 4768 ca-

436 4795 777 4852 lamitatibus
810 4803 873 4853 ut
907 4812 938 4852 a
965 4795 1071 4853 ﬁde
1101 4796 1416 4868 deﬁcerent,
1457 4806 1638 4872 neque
1665 4808 1854 4856 tamen
1878 4801 2037 4858 defe-

326 4892 330 4895 '
433 4893 649 4952 cerunt,
679 4893 802 4941 tum
821 4885 1132 4942 ostenditur
1156 4886 1326 4959 gloria
1357 4887 1457 4943 Dei
1484 4897 1539 4944 et
1566 4889 1832 4961 ipsorum.

508 4976 681 5043 (Quia
740 4975 1007 5029 creditum
1042 4980 1119 5031 est
1170 4979 1530 5032 testimonium
1582 4984 1827 5034 nostrum
1868 4995 2032 5050 super

432 5063 550 5135 vos)
592 5066 652 5118 in
680 5065 770 5120 die
805 5065 919 5120 illo.
971 5063 1337 5122 Admirationi
1380 5067 1488 5122 erit
1515 5071 1666 5124 Deus
1705 5067 1758 5124 in
1788 5068 1876 5125 die
1914 5069 2026 5136 illo,

430 5151 580 5224 quod
637 5153 956 5225 pradicatio
995 5162 1184 5211 nostra
1222 5163 1279 5212 et
1320 5157 1552 5214 verbum
1591 5158 1800 5215 credita
1828 5167 1957 5215 sunt
1995 5175 2026 5215 a

430 5241 604 5311 vobis,
638 5242 744 5299 hoc
771 5252 876 5312 est,
924 5259 991 5300 eo
1028 5245 1174 5317 quod
1204 5261 1302 5302 vos
1330 5246 1432 5317 ipsi
1481 5247 1808 5316 credidistis,
1842 5264 1907 5305 ac
1946 5249 2030 5306 di-

428 5346 566 5403 gnos
604 5345 704 5387 vos
741 5330 952 5388 fecistis
977 5332 1138 5389 bonis
1168 5333 1282 5390 illis
1320 5349 1446 5407 qum
1474 5343 1596 5391 tum
1640 5335 1893 5392 ﬁdelibus
1925 5337 2028 5394 da-

428 5421 650 5476 buntur.
681 5419 915 5478 Pulchre
945 5430 1138 5479 autem
1167 5423 1329 5493 dixit,
1356 5427 1414 5480 In
1447 5426 1534 5480 die
1561 5427 1657 5481 illo
1688 5445 1706 5478 :
1735 5433 1856 5482 tum
1879 5427 2028 5484 enim

503 5554 528 5587 '1
552 5540 893 5613 Psal.xcv1,
925 5548 978 5600 3.
1055 5550 1078 5578 τ
1105 5547 1246 5603 Dan.
1275 5559 1389 5616 vn,
1429 5554 1514 5604 ιο.

2147 4612 2347 4695 ἀξιώσῃ
2370 4659 2386 4687 ,
2425 4614 2689 4674 δείκνυται
2733 4618 2894 4676 αὐτοῦ
2924 4619 2957 4687 ἡ
3003 4614 3152 4695 ἰσχὺς
3196 4616 3340 4674 τότε.
3391 4613 3500 4674 Καὶ
3527 4614 3738 4691 ἄλλως,

2144 4705 2270 4762 ὅταν
2299 4706 2370 4772 εἷς
2395 4705 2555 4781 μέσον
2595 4705 2940 4781 παράγωνται
2988 4707 3037 4764 οἱ
3069 4703 3232 4784 μυρία
3265 4702 3522 4769 παθόντες
3555 4705 3735 4777 δεινὰ,

2143 4789 2282 4852 ὥστε
2319 4797 2571 4865 ἐκστῆναι
2617 4799 2710 4867 τῆς
2740 4795 2997 4866 πίστεως,
3029 4796 3119 4853 καὶ
3150 4793 3225 4869 μὴ
3245 4791 3529 4860 ἐκστάντες
3554 4838 3571 4871 ,
3617 4793 3737 4852 τότε

2145 4881 2408 4941 δείκνυται
2427 4887 2461 4954 ἡ
2483 4882 2610 4949 δόξα
2635 4888 2726 4942 τοῦ
2759 4885 2902 4944 Θεοῦ
2931 4883 3022 4943 καὶ
3055 4885 3249 4942 αὐτῶν.

2214 4995 2244 5026 α
2278 4972 2430 5052 (⁸οτι
2477 4974 2761 5047 ἐπιστεύθη
2810 4974 2870 5032 τὸ
2911 4973 3198 5055 μαρτύριον
3242 4973 3396 5050 ἡμῖὖν
3446 4971 3526 5053 ἐφ’
3556 4974 3736 5052 ὑμᾶς)

2137 5063 2192 5120 ἐν
2364 5063 2538 5143 ἡμέρᾳ
2591 5062 2790 5143 ἐκείνῃ.
2828 5087 2857 5118 ιι
2897 5061 3395 5140 Θαυμασθήσεται,
3454 5060 3655 5141 φησὶν,
3711 5069 3738 5121 ὁ

2136 5149 2275 5219 Θεὸς
2305 5153 2359 5209 ἐν
2409 5155 2474 5231 τῇ
2504 5151 2683 5232 ἡμέρᾳ
2723 5153 2899 5233 ἐκείνῃ
2923 5198 2939 5226 ,
2977 5153 3116 5212 διότι
3161 5153 3224 5211 τὸ
3272 5151 3525 5230 κήρυγμα
3581 5154 3739 5230 ἡμῶν

2137 5241 2228 5299 καὶ
2276 5245 2304 5300 ὁ
2347 5239 2501 5321 λόγος
2535 5241 2818 5314 ἐπιστεύθη
2869 5241 2996 5320 παρ’
3047 5243 3227 5319 ὑμῶν’
3270 5242 3553 5313 τουτέστι,
3590 5241 3742 5301 Διότι

2137 5333 2287 5406 ὑμεῖς
2326 5329 2673 5390 ἐπιστεύσατε
2700 5379 2716 5406 ,
2750 5331 2842 5390 καὶ
2897 5331 3068 5398 ἀξίους
3119 5330 3338 5400 ἑαυτοὺς
3383 5333 3488 5389 τῶν
3521 5334 3740 5409 ἀγαθῶν

2137 5420 2349 5479 ἐκείνων
2387 5421 2701 5494 ἐποιήσατε,
2741 5424 2845 5480 τῶν
2871 5421 2988 5481 τότε
3020 5420 3309 5499 διδομένων
3345 5428 3455 5490 τοῖς
3503 5427 3734 5486 πιστοῖς.

1818 5629 2005 5691 Variae
2049 5633 2360 5694 lectiones.

497 5728 542 5762 ⁸ο
567 5727 718 5799 φλογὶ
738 5729 886 5798 τυρὸς
911 5747 963 5788 0.
1045 5733 1087 5769 ⁸¹
1118 5733 1272 5805 φλογὶ
1299 5750 1351 5791 0.
1428 5735 1473 5770 ⁸³
1496 5737 1650 5810 φλογὶ
1675 5739 1820 5810 πυρὸς
1850 5755 1903 5798 o.
1983 5738 2027 5775 ⁸³
2052 5742 2235 5803 πάντας
2263 5756 2315 5798 0.
2397 5740 2442 5776 ⁸⁸
2474 5744 2558 5794 νῦν
2585 5757 2640 5798 0.
