4104 6458
405 454 539 509 1337

1225 449 1580 506 EXPOSITIO
1617 450 1683 505 IN
1722 447 1933 505 EPIST.
1979 451 2020 506 ll
2057 451 2151 507 AD
2187 449 2418 506 THESS.
2463 478 2525 490 -—
2567 448 2718 504 CAP.
2761 449 2826 504 ll.

3561 451 3700 505 i338

406 579 598 644 Καλῶς
629 575 683 635 δὲ
711 566 889 644 εἶπεν,
943 603 967 628 σι
998 574 1094 636 Ἐν
1223 575 1402 656 ἡμέρᾳ
1452 574 1659 655 ἐκείνῃο
1695 603 1719 628 υ
1743 575 1865 634 τότε
1889 574 1992 655 γὰρ

2109 590 2295 632 revera
2341 575 2793 632 demonstrantur
2830 574 2921 647 qui
2971 590 3096 630 vero
3138 581 3265 630 sunt
3295 573 3527 631 ﬁdeles:
3561 591 3708 632 nunc

400 668 799 746 δείκνυνταιτῷ
843 665 955 724 ὄντι
996 668 1043 723 οἱ
1091 666 1299 738 ἀληθῶς
1342 670 1546 727 πιστοί’
1599 671 1688 724 νῦν
1748 664 1852 747 γὰρ
1907 667 1996 725 καὶ

400 756 772 836 ὓποκρίνονται
811 755 990 814 πίστιν
1028 753 1238 815 πολλοί.
1273 755 1370 814 Διὸ
1405 753 1496 814 καὶ
1526 759 1555 813 ὃ
1587 754 1797 838 Σοφὸς,
1845 783 1870 810 α
1904 754 1997 829 Μὴ

402 845 706 926 μακαρίσῃς
737 844 1011 926 ἄνθρωπον
1032 843 1136 923 πρὸ
1165 845 1431 918 τελευτῆς,
1463 866 1490 900 ι
1530 845 1714 926 φησίν.

495 957 525 994 (ε
556 935 646 1001 Εἰς
675 933 705 993 δ
748 934 840 994 καὶ
889 933 1322 1014 προσευχόμεθαι
1379 933 1604 994 πάντοτε
1655 934 1778 1015 περὶ
1812 938 1995 1012 ὑμῶν,

398 1022 488 1083 ἵνα
532 1028 672 1102 ὑμᾶς
701 1023 902 1103 ἀξιώσῃ
950 1027 1042 1096 τῆς
1071 1022 1311 1095 κλήσεως
1340 1026 1370 1082 ὁ
1412 1023 1550 1090 Θεὸς
1606 1027 1788 1100 ἡμῶν.
1835 1047 1866 1080 ι)
1927 1026 2000 1086 Τί

399 1113 535 1196 γάρ;
573 1116 670 1174 οὐκ
695 1105 833 1185 ἦσαν
864 1111 1216 1189 κεκλημένου
1254 1111 1366 1173 Ναί
1387 1135 1400 1148 °
1445 1111 1580 1172 ἀλλὰ
1609 1115 1666 1172 οὗ
1704 1114 1825 1194 περὶ
1862 1115 1997 1174 ἐκεί-

400 1226 494 1275 νης
535 1207 628 1275 τῆς
676 1201 916 1274 κλήσεώς
963 1225 1152 1284 φησιν,
1204 1201 1320 1261 ἐπεὶ
1369 1200 1511 1262 κατὰ
1562 1201 1761 1276 ταύτην
1811 1205 2000 1264 πολλοὶ

401 1291 622 1365 κλητοί·
660 1293 752 1352 καὶ
783 1296 812 1351 ὁ
831 1315 898 1351 τα
927 1291 1140 1374 ῥυπαρὰ
1167 1291 1359 1368 ἱμάτια
1390 1290 1725 1367 ἐνδεδυμένος
1768 1293 1997 1371 ἐκλήθη,

400 1381 493 1462 καὶ
539 1383 593 1439 αἱ
651 1381 809 1441 πέντε
857 1380 1140 1462 παρθένοι,
1175 1380 1293 1440 ἀλλ’
1339 1383 1435 1440 οὐκ
1493 1383 1756 1451 εἰσῆλθον.
1793 1385 1997 1455 κλῆσιν

399 1459 490 1530 οὖν
538 1471 766 1529 ἐνταῦθα
807 1459 988 1550 λέγεί,
1045 1474 1140 1540 τήν
1173 1469 1260 1529 διὰ
1312 1472 1418 1529 τῶν
1469 1468 1712 1550 πράξεων
1746 1471 1999 1551 βεϐαιου-

404 1559 597 1636 μένην,
649 1557 768 1632 ἥτις
819 1558 912 1619 καὶ
967 1561 1160 1641 κυρίως
1211 1559 1397 1632 κλῆσίς
1451 1561 1620 1619 ἐστιν·
1673 1559 1856 1642 ὥσπερ
1907 1563 2000 1624 καὶ

403 1648 581 1718 πίστις
617 1648 847 1730 κυρίως,
880 1652 915 1720 ἡ
949 1649 1267 1730 ἐμπρακτος.
1361 1648 1637 1732 Ἐπιφέρει
1665 1641 1778 1710 οὖν’

493 1760 523 1796 ει
582 1738 692 1800 Καὶ
755 1736 1018 1820 πληρώσῃ
1052 1748 1232 1798 πᾶσαν
1283 1738 1521 1798 εὐδοκίαν
1570 1738 1935 1818 ἀγαθωσύνης.
1973 1763 1996 1790 ιι

401 1827 618 1902 Ταύτη,
667 1826 834 1910 φησὶ,
870 1827 971 1901 τὴν
1007 1830 1196 1901 κλῆσιν
1240 1828 1416 1906 λέγω,
1467 1827 1555 1886 ἵνα
1607 1837 1757 1890 πᾶσα
1787 1827 1996 1887 εὐδοκία

2108 666 2264 722 enim
2295 665 2535 738 plerique
2580 664 2746 721 ﬁdem
2791 665 3080 721 simulant.
3107 664 3375 734 Quocirca
3403 672 3455 720 et
3476 666 3710 738 Sapiens

2107 754 2195 810 ille
2237 753 2396 823 dixit,
2443 757 2524 814 Ne
2565 755 2781 810 beatum
2830 756 3214 826 pradicaoeris
3271 756 3536 811 hominem
3581 761 3707 812 ante

2109 846 2332 900 obitum.

2181 936 2361 992 Vsns.
2400 939 2485 990 11.
2517 935 2609 990 Ad
2633 936 2777 1005 quod
2806 937 2972 990 etiam
2998 950 3217 991 oramus
3251 951 3460 1005 semper
3491 952 3591 1005 pro
3618 951 3708 990 υο-

2110 1026 2210 1088 bis,
2241 1030 2302 1080 ut
2327 1024 2582 1093 dignetur
2599 1040 2691 1078 vos
2714 1027 2985 1080 vocatione
3003 1039 3106 1079 sua
3134 1027 3275 1080 Deus
3303 1023 3470 1097 535
3499 1031 3705 1081 noster.

2110 1112 2293 1184 Quid?
2320 1129 2511 1170 nonne
2554 1113 2731 1169 vocati
2756 1117 2954 1170 erant?
3001 1117 3119 1170 imo
3144 1131 3158 1168 :
3191 1115 3287 1170 sed
3313 1113 3384 1170 de
3409 1114 3704 1171 vocatione

2108 1204 2195 1260 illa
2237 1218 2387 1260 nunc
2422 1219 2538 1260 non
2583 1202 2846 1276 loquitur,
2898 1203 3355 1276 quandoquidem
3396 1203 3703 1261 secundum

2109 1293 2276 1349 istam
2296 1309 2407 1348 non
2435 1291 2595 1364 pauci
2615 1299 2750 1349 sunt
2775 1293 2951 1348 vocati
2981 1313 2993 1350 :
3026 1293 3196 1349 etiam
3227 1293 3315 1350 ille
3352 1293 3590 1350 sordidis
3618 1308 3706 1349 ve-

2106 1383 2281 1439 stibus
2319 1382 2588 1438 amictusI
2618 1389 2844 1438 vocatus
2872 1390 3013 1450 erat,
3060 1390 3117 1438 et
3154 1384 3398 1454 quinque
3441 1383 3705 1455 virgines,

2109 1472 2204 1529 sed
2246 1487 2360 1528 non
2388 1481 2516 1528 sunt
2543 1473 2843 1544 ingressam.
2882 1471 3240 1528 Vocationem
3269 1472 3431 1543 igitur
3456 1472 3546 1528 hic
3581 1471 3709 1528 dicit

2110 1577 2229 1619 eam
2258 1577 2383 1633 qua:
2409 1577 2505 1634 per
2525 1576 2691 1633 opera
2719 1561 3045 1618 conﬁrmata
3073 1571 3177 1627 est,
3211 1577 3334 1634 quae
3367 1561 3582 1634 proprie
3604 1577 3707 1617 vo-

2109 1651 2255 1708 catio
2297 1660 2426 1708 est:
2467 1650 2943 1723 quemadmodum
2985 1660 3041 1707 et
3079 1651 3210 1708 ﬁdes
3244 1651 3463 1724 proprie
3483 1651 3576 1706 illa
3603 1658 3706 1718 est,

2109 1757 2233 1814 quae
2272 1742 2327 1798 in
2354 1757 2522 1814 opere
2555 1749 2826 1798 versatur.
2860 1739 3031 1797 Infert
3060 1741 3224 1813 igitur
3257 1761 3270 1797 :

2177 1836 2250 1888 Et
2289 1833 2513 1903 impleat
2562 1848 2771 1887 omnem
2815 1832 3146 1887 voluntatem
3195 1831 3477 1885 bonitatis.
3525 1831 3706 1898 Hanc,

401 1921 494 1976 τοῦ
542 1920 717 1989 Θεοῦ,
776 1916 1020 1978 τουτέστι
1074 1927 1225 1977 πᾶσα
1293 1916 1570 1997 ἀρέσκεια,
1629 1921 1886 1998 πληρωθῇ
1940 1918 1994 1976 ἐν

2109 1922 2305 1995 inquit,
2336 1921 2678 1978 vocationem
2715 1921 2863 1990 dico,
2909 1929 2972 1977 ut
3002 1920 3184 1977 omnis
3209 1921 3465 1976 voluntas
3495 1919 3619 1987 Dei,
3651 1920 3708 1976 id

402 2011 526 2084 ὑμῖν
546 2051 564 2079 ,
613 2007 705 2066 καὶ
739 2015 848 2065 πᾶν
898 2007 1096 2087 ἀγαθὸν
1128 2008 1526 2087 διαπράττησθε
1545 2053 1561 2082 ,
1593 2008 1684 2067 καὶ
1713 2007 1878 2076 οὕτως
1908 1998 2003 2079 ἦτε

401 2098 472 2162 ὡς
505 2095 756 2177 βούλεται
782 2100 810 2155 ὁ
840 2098 1006 2171 Θεὸς,
1038 2096 1262 2175 μηδενὸς
1283 2100 1409 2174 ὑμῖν
1436 2097 1707 2165 λείποντος
1724 2097 1799 2158 ³⁵.
1873 2096 2002 2157 Ἐν-

399 2190 573 2246 ταῦθα
623 2185 678 2245 δὲ
721 2186 813 2246 καὶ
862 2189 1214 2247 καταστέλλει
1260 2185 1322 2246 τὸ
1351 2186 1599 2266 φρόνημα
1659 2189 1870 2260 αὐτῶν,
1914 2186 2002 2245 ἵνα

401 2273 479 2351 μὴ
522 2277 795 2356 ἐπαρθῶσι
839 2279 948 2344 τοῖς
977 2277 1193 2344 πολλοῖς
1244 2275 1562 2356 ἐγκωμίοις·
1609 2275 1845 2337 δείκνυσι
1898 2276 2002 2358 γὰρ

403 2361 485 2423 ὅτι
513 2363 666 2424 οὔπω
690 2364 1080 2428 τετελείωνται.

485 2569 508 2597 α
542 2543 656 2604 Καὶ
680 2541 830 2624 ἔργον
873 2543 1104 2610 πίστεως
1138 2545 1191 2603 ἐν
1237 2544 1475 2622 δυνάμει.
1513 2573 1538 2597 ι
1585 2543 1704 2616 Τὴν
1732 2543 2002 2622 ὖπομονὴν

401 2635 504 2691 τῶν
545 2634 833 2711 διωγμῶν,
885 2633 1050 2715 φησὶ,
1093 2632 1299 2694 τελείαν
1330 2637 1385 2694 ἐν
1431 2639 1553 2713 ὑμῖν
1585 2633 1818 2706 ποιήσει.
1849 2636 2001 2708 Πῶς

401 2749 424 2773 ι
449 2721 545 2782 Ἐν
564 2722 788 2800 δυνάμει
813 2745 828 2760 ·
848 2745 877 2780 ι
905 2721 1169 2796 τουτέστι,
1187 2723 1520 2802 Δυναμώσας
1537 2722 1777 2802 ῢμᾶςκαὶ
1797 2724 2002 2804 ἐνισχύ-

403 2834 526 2878 σας·
551 2815 587 2883 ἡ
617 2811 718 2893 γὰρ
754 2811 996 2891 ὑπομονὴ
1038 2813 1178 2873 ἔστιν
1208 2815 1358 2892 ἔργον
1383 2814 1632 2883 πίστεως.
1665 2810 1840 2874 Ὥστε
1869 2818 1897 2873 δ
1923 2815 1998 2891 μὴ

401 2899 542 2981 ἔχων
579 2901 880 2980 ὑπομονὴν,
913 2901 1032 2962 οὐδὲ
1063 2900 1216 2982 ἔργον
1241 2902 1467 2970 πίστεως
1491 2903 1774 2963 δείκνυσιν.

484 3017 508 3044 ι
537 2988 731 3057 αΟπωις
792 2991 1078 3072 ἐνδοξασθῇ
1126 2992 1187 3051 τὸ
1247 2992 1415 3070 ὄνομα
1461 3001 1552 3054 τοῦ
1606 2993 1804 3073 Κυρίου
1846 2997 2001 3070 ἡμῶν

402 3079 581 3154 Ἰησοῦ
609 3079 846 3160 Χριστοῦ
878 3083 932 3141 ἐν
969 3084 1123 3159 ὑμῖν,
1153 3081 1247 3142 καὶ
1298 3085 1448 3160 ὓμεῖς
1482 3085 1536 3141 ἐν
1589 3085 1758 3162 αὐτῷ.
1804 3110 1828 3134 ιο
1858 3080 1994 3143 ’an

401 3175 576 3228 ταῦτα
623 3169 693 3229 τὰ
726 3173 1090 3254 προειρημένα
1119 3171 1340 3249 γένηται
1394 3176 1554 3251 ὑμῖν,
1587 3172 1746 3254 φησὶν
1772 3215 1790 3244 ,
1853 3173 2000 3231 ἐνδο-

403 3257 854 3331 ξασθήσεταικαὶ
885 3263 938 3320 ἐν
968 3263 1046 3342 τῷ
1095 3261 1194 3340 βίῳ
1223 3262 1394 3344 τούτῳ
1436 3261 1498 3322 τὸ
1537 3261 1708 3340 ὄνομα
1754 3269 1846 3322 τοῦ
1887 3263 2002 3323 Κυ-

401 3348 514 3429 ρίου
557 3350 610 3406 ἐν
656 3351 799 3425 ὖμῐν.
828 3344 1007 3408 1⁵Ὀτιίιν
1035 3349 1138 3428 γὰρ
1170 3350 1352 3408 ἴδωσιν
1391 3354 1529 3429 ὑμᾶς
1558 3351 1918 3428 ὑπομένοντας
1951 3351 2002 3387 ⁸³

398 3437 574 3497 πάντα
617 3437 914 3517 πειρασμὸν
933 3439 1064 3517 ὑπὲρ
1089 3443 1181 3510 τῆς
1211 3441 1285 3506 εἰς
1309 3439 1398 3497 τὸν
1445 3439 1722 3512 Δεσπότην
1755 3440 1999 3517 ἀγάπης,

400 3531 516 3594 πῶς
563 3529 660 3586 οὐκ
699 3526 850 3586 ἔσται
877 3531 1030 3586 τοῦτο
1081 3527 1203 3596 δόξα
1250 3529 1430 3608 αὐτῷ,
1485 3526 1564 3587 ὅτι
1596 3527 1761 3595 οὕτως
1809 3531 2003 3606 ἀγαθός

397 3619 564 3694 ἐστιν,
595 3615 737 3676 ὥστε
780 3613 916 3695 ὑπὲρ
965 3618 1126 3676 αὐτοῦ
1191 3619 1542 3690 ἀποθνήσκειν
1589 3617 1708 3685 τοὺς
1754 3619 1990 3692 δούλους,

398 3707 491 3766 καὶ
545 3705 626 3765 ὅτι
677 3704 818 3766 οὕτω
875 3707 1123 3779 δυνατὸς,
1181 3705 1320 3767 ὥστε
1370 3709 1506 3784 tua;
1553 3711 1813 3786 νευρῶσαι
1868 3707 2001 3787 πρὸς

397 3797 495 3868 τὴν
523 3796 832 3872 {impar/iv;
865 3795 1023 3855 Ἀλλὰ
1081 3795 1170 3854 καὶ
1231 3799 1380 3874 ὑμεῖς
1426 3800 1480 3854 ἐν
1525 3798 1702 3879 αὐτῷ,
1757 3797 1838 3856 ὅτι
1861 3795 2001 3858 οὕτω

397 3885 580 3945 πιστοὶ
609 3886 853 3966 εὖρέθητε
883 3889 954 3953 ὡς
991 3886 1167 3946 πάντα
1196 3887 1445 3964 πάσχειν.
1472 3885 1610 3955 Δόξα
1631 3887 1735 3967 γὰρ
1779 3886 1997 3960 δούλου,

395 3975 457 4034 τὸ
502 3979 678 4036 πιστοὶ
716 3977 990 4056 εὑρεθῆναι
1026 3980 1101 4057 τῷ
1153 3976 1402 4055 δεσπότῃ.
1462 3976 1568 4036 Καὶ
1599 3977 1773 4044 ἄλλως
1830 3975 1918 4050 δὲ,
1968 3981 2001 4050 ἡ

400 4064 484 4123 διὰ
545 4063 780 4144 Χριστὸν
842 4065 1048 4144 θλῖψις,
1119 4064 1274 4134 δόξα·
1335 4067 1418 4124 ὅτι
1478 4065 1755 4146 λαμπροὺς
1793 4068 1996 4143 μᾶλλον

399 4157 576 4226 ποιεῖ,
613 4156 696 4212 ἀεὶ
731 4153 826 4232 μὲν
847 4157 919 4222 εἰς
950 4154 1172 4214 θάνατον
1207 4155 1698 4236 παραδιδομένους,
1727 4155 2001 4237 κρείττους

401 4242 456 4302 δὲ
478 4243 707 4304 θανάτου
733 4243 1123 4322 δεικνυμένους.

483 4453 506 4477 α
543 4425 699 4486 Κατὰ
751 4425 850 4498 τὴν
907 4427 1066 4507 χάριν
1117 4431 1212 4485 τοῦ
1262 4430 1404 4488 Θεοῦ
1451 4431 1605 4506 ἡμῶν
1654 4427 1748 4487 καὶ
1797 4427 1996 4506 Κυρίου

2113 2021 2216 2080 est,
2241 2011 2509 2085 quidquid
2547 2012 2594 2068 ei
2627 2012 2762 2068 bene
2789 2011 3078 2084 placuerit,
3120 2010 3412 2081 impleatur
3441 2010 3501 2065 in
3532 2009 3708 2078 vobis,

2114 2109 2170 2158 et
2207 2118 2372 2158 omne
2412 2102 2625 2159 bonum
2664 2100 2982 2174 transigatis
3031 2118 3045 2156 :
3091 2099 3303 2173 hacque
3333 2099 3546 2155 ratione
3587 2099 3709 2155 sitis

2113 2192 2277 2263 tales,
2317 2192 2508 2265 quales
2533 2208 2632 2248 vos
2673 2194 2819 2248 Deus
2858 2206 2978 2248 esse
3024 2191 3214 2263 exigit,
3259 2189 3504 2262 nihilque
3550 2189 3712 2244 vobis

2111 2281 2268 2339 desit.
2309 2283 2417 2339 Hic
2444 2291 2637 2340 autem
2675 2282 2922 2340 demittit
2954 2296 3150 2338 eorum
3176 2281 3398 2349 cristas,
3425 2294 3495 2336 ne
3520 2278 3710 2336 multis

2113 2371 2384 2428 encomiis
2421 2370 2728 2429 efferantur
2778 2391 2791 2428 :
2834 2370 3074 2428 ostendit
3108 2369 3256 2427 enim
3279 2367 3430 2442 quod
3457 2366 3707 2425 nondum

2111 2462 2226 2518 sint
2247 2461 2645 2518 consummati.

2183 2555 2256 2608 Et
2298 2565 2431 2622 opus
2473 2551 2603 2622 ﬁdei
2646 2551 2708 2605 in
2753 2552 2978 2606 virtute.
3023 2549 3374 2617 Patientiam,
3425 2547 3622 2620 inquit,
3651 2547 3707 2603 in

2113 2640 2583 2714 persecutionibus
2602 2639 2905 2712 perfectam
2922 2641 2985 2696 in
2999 2640 3156 2697 vobis
3171 2638 3353 2696 faciet.
3378 2637 3712 2709 Quomodo?

2111 2733 2173 2788 lu
2205 2731 2402 2787 virtute
2438 2739 2496 2787 et
2534 2731 2756 2799 robore,
2798 2730 2905 2788 hoc
2929 2739 3034 2800 est,
3064 2730 3334 2786 roborans
3366 2743 3464 2785 vos
3491 2735 3549 2784 et
3570 2742 3710 2784 con-

2113 2820 2324 2878 fortans
2359 2841 2373 2878 :
2412 2835 2542 2876 nam
2584 2820 2845 2892 patientia
2889 2828 2976 2876 est
2999 2835 3141 2892 opus
3169 2818 3320 2876 ﬁdei.
3348 2816 3586 2875 Proinde
3611 2817 3706 2889 qui

2111 2926 2221 2968 non
2250 2910 2418 2968 habet
2447 2909 2796 2982 patientiam,
2825 2925 3006 2983 neque
3026 2925 3164 2982 opus
3185 2908 3313 2966 ﬁdei
3340 2907 3562 2966 indicat.

2182 3003 2363 3058 Vens.
2415 3007 2504 3057 12.
2547 3005 2616 3057 Ut
2664 3003 3010 3070 gloriﬁeetur
3048 3015 3237 3055 nomen
3282 3000 3498 3054 Domini
3533 3000 3716 3052 nostri

2107 3095 2232 3148 Iesu
2279 3091 2483 3147 Christi
2526 3094 2586 3147 in
2627 3093 2793 3155 vobis,
2837 3095 2887 3145 et
2919 3105 3011 3146 vos
3055 3093 3116 3145 in
3152 3092 3287 3160 ipso.
3341 3090 3399 3144 Si
3433 3087 3554 3145 haec
3584 3102 3710 3160 qua:

2111 3181 2368 3254 praedicta
2405 3190 2541 3238 sunt
2563 3181 2720 3238 vobis
2747 3183 3092 3253 contingant,
3134 3178 3333 3251 inquit,
3377 3177 3710 3251 gloriﬁcabi-

2111 3280 2204 3328 tur
2251 3273 2422 3328 etiam
2470 3271 2572 3328 hac
2618 3271 2676 3327 in
2714 3271 2828 3328 vita
2885 3285 3091 3326 nomen
3135 3268 3363 3325 Domini
3427 3269 3489 3324 in
3530 3267 3708 3324 vobis.

2110 3361 2341 3431 Quando
2386 3361 2533 3418 enim
2565 3360 2788 3418 videant
2815 3375 2932 3430 vos,
2970 3376 3034 3416 ex
3065 3359 3352 3416 dilectione
3389 3373 3554 3430 quam
3583 3373 3710 3430 erga

2110 3450 2421 3506 Dominum
2439 3450 2646 3522 geritis,
2673 3465 2898 3506 omnem
2923 3449 3284 3506 tentationem
3309 3449 3568 3515 tolerare,
3593 3448 3711 3520 qui,

2109 3554 2317 3611 quaeso,
2349 3539 2492 3594 istuc
2514 3555 2628 3594 non
2652 3547 2738 3594 est
2759 3539 2935 3610 gloria
2964 3537 3101 3609 ejus,
3134 3536 3400 3609 quoniam
3423 3536 3562 3594 adeo
3609 3535 3708 3590 bo-

2109 3644 2216 3684 nus
2243 3636 2346 3697 est,
2375 3636 2438 3684 ut
2463 3643 2561 3700 pro
2589 3627 2710 3699 ipso
2737 3627 2904 3683 etiam
2935 3628 3246 3682 moriantur
3272 3625 3460 3683 servi?
3494 3633 3550 3682 et
3579 3626 3708 3698 quia

2109 3717 2246 3774 adeo
2287 3726 2505 3790 potens,
2559 3725 2619 3773 ut
2665 3732 2762 3772 vos
2802 3716 2872 3772 ad
2920 3716 3238 3788 patientiam
3287 3714 3712 3772 corroboraret?

2111 3807 2434 3879 Quinetiam
2471 3815 2528 3863 et
2553 3821 2648 3862 vos
2695 3806 2752 3862 in
2784 3807 2927 3877 ipso,
2959 3805 3088 3877 quia
3126 3821 3307 3878 usque
3342 3804 3481 3861 adeo
3523 3803 3714 3860 ﬁdeles

2109 3897 2311 3953 inventi
2334 3897 2488 3964 estis,
2515 3903 2576 3950 ut
2609 3895 2792 3950 omnia
2821 3894 3122 3967 patiamini.
3177 3894 3367 3951 Gloria
3395 3893 3543 3950 enim
3566 3894 3708 3950 servi

2111 3994 2218 4054 est,
2280 3985 2428 4058 quod
2487 3985 2718 4042 domino
2781 3983 2960 4040 ﬁdelis
3022 3983 3351 4040 inveniatur.
3414 3986 3711 4051 Praeterea,

2108 4075 2332 4133 afﬂictio
2364 4083 2584 4148 propter
2613 4074 2899 4131 Christum
2950 4073 3121 4148 gloria
3152 4081 3260 4142 est,
3299 4073 3430 4146 quia
3471 4072 3713 4145 splendi-

2110 4167 2290 4223 diores
2333 4165 2534 4228 reddit,
2566 4173 2756 4238 utpote
2798 4179 3086 4237 nunquam
3121 4179 3234 4219 non
3275 4163 3442 4219 morti
3482 4162 3706 4236 quidem

2109 4257 2358 4324 traditos,
2385 4256 2631 4328 potiores
2656 4261 2844 4313 tamen
2863 4271 2928 4313 ac
2947 4255 3259 4326 superiores
3278 4261 3459 4310 morte
3479 4252 3710 4310 demon-

2107 4355 2332 4403 stratos.

2178 4437 2483 4493 Secundum
2531 4438 2786 4505 gratiam
2836 4439 2940 4490 Dei
2982 4439 3158 4491 nostri
3227 4441 3279 4490 et
3329 4437 3544 4492 Domini
3586 4437 3709 4490 Jesu

400 4518 575 4588 Ἰησοῦ
626 4518 885 4596 Χριστοῦ.
922 4541 951 4573 ιο
987 4515 1093 4576 Καὶ
1126 4515 1254 4576 αὐτὸ
1294 4522 1480 4590 τοῦτο,
1515 4517 1674 4599 φησὶ,
1718 4522 1809 4577 τοῦ
1856 4522 1998 4580 Θεοῦ

2109 4527 2331 4582 Christi.
2370 4530 2492 4584 Hoc
2536 4526 2745 4598 ipsum,
2772 4526 2972 4598 inquit,
3018 4526 3113 4581 Dei
3142 4533 3251 4594 est,
3277 4539 3390 4580 non
3432 4533 3708 4588 nostrum,

403 4607 547 4678 ἐστι,
581 4605 673 4664 καὶ
697 4609 798 4685 οὐχ
841 4604 1099 4685 ἡμέτερον
1123 4650 1141 4681 ,
1172 4605 1311 4665 ἀλλὰ
1341 4607 1497 4686 χάρις
1527 4611 1708 4678 αὐτοῦ,
1751 4606 1811 4666 τὸ
1835 4606 1993 4676 δοξά-

402 4699 618 4771 ζεσθαι,
652 4696 826 4776 φημὶ,
886 4695 978 4755 καὶ
1033 4694 1190 4754 αὐτὸν
1228 4697 1281 4754 ἐν
1313 4702 1480 4772 ἡμῖν,
1529 4695 1611 4755 ὅτι
1661 4698 1807 4757 οὐδὲν
1835 4698 1996 4757 αὐτοῦ

399 4789 773 4863 προτιμῶμεν,
824 4789 894 4852 ὡς
943 4785 1265 4865 γλυκυτέρου
1311 4785 1553 4844 πάντων·
1602 4787 1695 4846 καὶ
1749 4793 1893 4863 ἡμᾶς
1945 4790 1998 4846 ἐν

400 4875 578 4954 αὗτῷ,
609 4874 692 4935 ὅτι
721 4872 944 4952 δύναμιν
975 4874 1106 4954 παρ’
1138 4877 1300 4935 αὐτοῦ
1327 4873 1677 4956 λαμϐάνομεν
1712 4875 1996 4952 ὑπομένειν

400 4963 602 5032 πάντας
629 4963 749 5031 τοὺς
777 4966 1130 5045 πειρασμούς.

983 5099 1273 5159 ΚΕΦΑΛ.
1333 5097 1414 5160 B'.

1668 5233 1717 5268 81
1743 5237 1810 5268 -2

487 5255 518 5292 (ι
547 5231 873 5314 Ἐρωτῶμεν
904 5231 959 5291 δὲ
991 5235 1161 5310 ὑμᾶς,
1207 5232 1463 5312 ἀδελφοὶ,
1503 5230 1636 5314 ὑπὲρ
1668 5233 1717 5268 ⁸⁷
1743 5237 1839 5306 τῆς
1859 5260 1999 5318 παρ-

398 5322 581 5390 ουσίας
662 5327 754 5382 τοῦ
843 5321 1041 5403 Κυρίου
1126 5324 1278 5399 ἡμῶν
1341 5321 1522 5395 Ἰησοῦ
1603 5325 1836 5404 Χριστοῦ
1906 5326 2000 5384 καὶ

397 5415 549 5488 ἡμῶν
605 5413 1007 5490 ἐπισυναγωγῆς
1037 5409 1120 5470 ἐπ’
1163 5411 1358 5484 αὐτὸν,
1411 5415 1484 5479 εἷς
1539 5412 1600 5472 1‘0
1655 5413 1728 5490 μὴ
1789 5414 1998 5495 ταχέως

399 5502 720 5574 σαλευθῆναι
771 5503 912 5578 ὑμᾶς
955 5500 1059 5560 ἀπὸ
1107 5506 1199 5560 τοῦ
1250 5499 1381 5569 νοός.
1408 5523 1439 5560 ι)
1484 5503 1630 5562 Πότε
1660 5501 1756 5581 μὲν
1788 5503 1996 5578 ἔσταιὴ

470 5618 490 5644 ⁸
515 5608 713 5665 Matth.
747 5623 914 5679 xm,
939 5612 1032 5664 25.
1110 5611 1127 5644 ⁸
1185 5606 1388 5665 Matth.
1417 5625 1578 5681 xxv,
1613 5615 1697 5667 12.

2106 4617 2203 4674 sed
2246 4617 2424 4690 gratia
2465 4617 2634 4689 ipsius
2673 4625 2779 4685 est,
2821 4625 2876 4672 et
2922 4615 3076 4688 quod
3120 4614 3456 4688 gloriﬁcatur
3499 4614 3618 4686 ipse
3655 4615 3712 4669 in

2104 4705 2286 4774 nobis,
2311 4715 2368 4763 et
2395 4706 2543 4778 quod
2570 4705 2709 4762 nihil
2732 4705 2836 4778 ipsi
2879 4703 3244 4777 praeferimus,
3274 4711 3337 4759 ut
3363 4704 3454 4776 qui
3491 4702 3561 4760 sit
3589 4718 3711 4759 om-

2105 4796 2263 4853 nium
2307 4796 2658 4853 dulcissimus
2689 4813 2704 4851 :
2755 4805 2812 4851 et
2852 4803 2913 4850 ut
2943 4810 3044 4851 nos
3082 4795 3139 4851 in
3175 4794 3296 4866 ipso
3344 4793 3711 4860 celebremur,

2106 4886 2371 4959 quoniam
2402 4887 2713 4958 potentiam
2740 4884 2811 4942 ab
2834 4901 2900 4942 eo
2930 4885 3260 4957 suscipimus
3285 4893 3347 4941 ut
3369 4881 3709 4941 sufferamus

2105 4976 2187 5032 vel
2217 4976 2438 5048 quasvis
2457 4976 2808 5033 tentationes.

2730 5106 2975 5164 CAPUT
3014 5107 3086 5161 Il.

2177 5246 2359 5300 Vens.
2396 5249 2448 5300 1.
2480 5230 2744 5311 Rogamus
2770 5245 2952 5296 autem
2985 5256 3097 5304 vos,
3119 5243 3344 5309 fratres,
3384 5255 3485 5310 per
3513 5240 3715 5294 adven-

2108 5339 2221 5390 tum
2250 5336 2468 5389 Domini
2501 5334 2678 5388 nostri
2711 5334 2836 5388 Jesu
2859 5330 3080 5394 Christi,
3107 5335 3159 5385 et
3187 5335 3385 5386 nostrae
3415 5345 3713 5397 congrega-

2107 5427 2268 5480 tionis
2303 5425 2365 5479 in
2402 5426 2602 5494 ipsum,
2645 5425 2710 5477 ut
2748 5437 2855 5476 non
2908 5424 3010 5476 cito
3062 5421 3387 5476 moveamini
3432 5435 3469 5473 α
3526 5434 3708 5474 sensu.

2106 5513 2343 5586 Quando
2370 5514 2444 5571 sit
2467 5511 2656 5572 futura
2694 5511 3042 5580 resurrectio,
3069 5525 3180 5568 non
3209 5509 3378 5569 dicit:
3411 5506 3564 5582 quod
3581 5523 3714 5566 vero

1784 5683 1977 5744 Variae
2023 5687 2334 5747 lectiones.

471 5781 514 5818 ⁸⁸
538 5783 621 5838 καὶ
647 5782 798 5856 μηδὲν
824 5783 944 5854 ὓμῖν
970 5783 1116 5855 λείπῃ
1142 5798 1196 5840 0.
1279 5783 1326 5823 ³⁸
1361 5783 1698 5857 ἀνεχομένους
1722 5802 1800 5843 m.
1876 5786 1921 5822 ⁸⁷
1949 5788 2060 5859 περῖ
2085 5805 2137 5847 ο.
