4104 6446
397 427 535 481 i339
1428 422 1945 480 THEOPHYLACTI
1982 421 1990 476 1

2099 420 2339 476 ,ϐΑῆιῶ
2375 419 2691 475 ARCHIEP.
3567 416 3706 471 1340

392 566 542 606 nunc
559 565 677 606 non
700 551 890 616 instet,
911 549 1020 607 hoc
1038 549 1216 607 docet.
1242 549 1413 623 536
1433 551 1679 606 Fuerunt
1696 550 1841 605 enim
1861 565 1990 604 non-

2107 545 2434 622 ἀνάστασις,
2493 547 2552 604 οὗ
2592 543 2769 624 λέγει.
2812 543 2894 603 ὅτι
2935 541 3027 603 καὶ
3182 541 3260 621 δὲ]
3292 545 3380 599 νῦν
3416 543 3510 601 οὒκ
3549 540 3700 611 ἔστι,

394 640 525 696 nulli
551 639 900 711 impostores,
931 641 1022 713 qui
1053 649 1365 696 assererent
1384 640 1500 712 jam
1547 639 1750 696 instare
1779 647 1990 710 tempus

2106 642 2260 696 τοῦτο
2311 637 2566 697 διδάσκει.
2604 623 2788 695 1'Hoav
2830 631 2934 715 γάρ
2983 623 3118 700 τινες
3163 635 3504 704 ἀπατεῶνες,
3537 633 3586 690 οἱ
3615 630 3705 690 λέ-

393 730 884 786 consummationis
920 730 1295 802 adventusque
1341 729 1586 786 Domini.
1636 731 1757 786 Non
1798 743 1990 801 parum

2100 750 2278 804 γοντες
2323 730 2569 798 ἐνστῆναι
2618 724 2724 797 ἤδη
2769 723 2855 783 τὸν
2887 725 3072 803 καιρὸν
3119 727 3214 794 τῆς
3254 722 3554 787 συντελείας
3607 719 3702 780 καὶ

392 827 577 875 autem
624 817 694 875 ad
731 819 1166 876 consolationem
1212 818 1363 886 facit,
1423 818 1571 890 quod
1614 819 1684 874 ait
1713 817 1782 874 ad
1810 818 1990 890 ipsum

394 907 581 965 fideles
608 907 1041 982 congregandos,
1085 917 1149 965 ut
1170 925 1302 966 cum
1333 925 1399 966 eo
1431 909 1637 980 pariter
1665 908 1796 976 sint,
1843 917 1906 964 ut
1933 908 1990 964 in

394 998 563 1070 priori
591 997 734 1055 dixit
771 1019 783 1055 :
812 1000 1004 1056 statim
1035 1000 1184 1056 enim
1219 1015 1250 1055 a
1276 998 1674 1056 resurrectione
1699 999 1767 1055 ad
1795 999 1990 1054 Domi-

393 1103 527 1144 num
574 1089 896 1146 attollentur
941 1088 1114 1160 digni.
1162 1088 1311 1160 Quid
1339 1087 1504 1162 igitur
1536 1096 1638 1155 est,
1677 1092 1991 1158 Rogamus?

393 1179 514 1234 Hoc
550 1186 652 1248 est,
692 1181 1067 1237 Obsecremus
1097 1195 1215 1248 vos,
1256 1187 1318 1236 ut
1359 1195 1472 1236 non
1512 1179 1904 1236 concutiamini
1935 1189 1992 1236 et

389 1267 708 1324 avertamini
729 1285 760 1324 a
783 1270 1060 1326 sententia
1091 1285 1260 1343 quam
1301 1269 1568 1326 hactenus
1603 1276 1752 1326 recte
1780 1270 1988 1326 consti-

390 1365 572 1415 tutam
600 1357 889 1416 habuistis.

462 1541 647 1595 Vnns.
680 1545 735 1596 2.
769 1541 954 1610 Neque
997 1542 1332 1603 terreamini,
1359 1556 1532 1610 neque
1562 1556 1665 1611 per
1708 1543 1982 1612 spiritum.

395 1630 513 1684 Hoc
554 1637 660 1696 est,
714 1645 816 1702 per
858 1629 1226 1702 prophetiam.
1281 1629 1520 1700 Quidam
1565 1631 1711 1686 enim
1753 1630 1988 1704 prophe-

389 1717 521 1774 tiam
549 1719 894 1788 simulantes,
927 1719 1286 1793 imponebant
1325 1720 1548 1792 pepulo,
1581 1736 1680 1777 ceu
1697 1720 1818 1793 jam
1849 1737 1988 1794 pras-

389 1824 513 1864 sens
542 1817 685 1864 esset
715 1810 1015 1866 Dominus.

2100 820 2191 888 τῆς
2237 815 2532 896 παρουσίας
2571 818 2662 874 τοῦ
2713 813 2937 894 Κυρίου.
2988 817 3072 873 υῦ
3105 811 3296 892 μικρὸν
3345 809 3401 870 δὲ
3436 810 3564 890 πρὸς
3598 835 3704 871 πα·

2102 906 2360 986 ραμυθίαν
2391 905 2483 964 καὶ
2522 904 2582 963 τὸ
2607 907 2810 977 εἰπεῖν,
2847 901 2929 963 ὅτι
2960 904 3046 962 ἐπ’
3082 901 3241 962 αὐτὸν
3275 900 3703 980 συναχθήσονται

2097 997 2144 1054 οἱ
2169 996 2386 1068 πιστοὶ,
2419 1001 2550 1068 ὁμοῦ
2583 997 2727 1072 αὐτῷ
2760 992 3001 1069 ἐσόμενοι
3019 1039 3037 1070 ,
3071 996 3144 1059 ὡς
3171 991 3262 1050 καὶ
3304 994 3357 1050 ἐν
3473 992 3704 1072 προτέρᾳ

2098 1085 2199 1166 ἔφη
2219 1109 2232 1124 ·
2265 1086 2378 1161 ἅμα
2400 1085 2504 1165 γὰρ
2554 1086 2631 1163 τῷ
2672 1085 2974 1166 ἀναστῆναι
3000 1128 3019 1158 ,
3050 1082 3141 1142 ἐπὶ
3177 1082 3268 1141 τὸν
3321 1079 3516 1159 Κύριον
3539 1082 3705 1159 ἀρθή-

2099 1164 2280 1236 σονται
2308 1177 2356 1234 οἱ
2373 1164 2530 1243 ἀξιοι.
2557 1173 2627 1236 Τί
2640 1164 2755 1250 οὖν,
2775 1199 2799 1227 ι
2822 1171 3144 1251 Ἐρωτῶμεν
3164 1191 3180 1246 ;
3203 1200 3224 1222 ι
3249 1173 3413 1232 Τοῦτ’
3433 1169 3565 1243 ἔστι,
3580 1173 3701 1231 Πα-

2101 1269 2438 1346 ρακαλοῦμεν
2489 1267 2668 1339 ὑμᾶς,
2723 1260 2864 1322 ὥστε
2899 1261 2974 1338 μὴ
3017 1264 3336 1334 σαλευθῆναι
3385 1264 3552 1338 ὑμᾶς,
3601 1261 3695 1320 καὶ

2097 1359 2518 1436 παρατραπῆναι
2540 1353 2645 1414 ἀπὸ
2673 1360 2767 1414 τοῦ
2807 1352 2921 1419 νοὸς
2939 1399 2956 1426 ,
3005 1353 3061 1412 ὅν
3088 1354 3250 1433 μέχρι
3293 1357 3386 1411 τοῦ
3411 1356 3502 1410 νῦν
3529 1349 3704 1432 εἴχετε

2097 1448 2262 1527 ὀρθῶς
2303 1445 2612 1522 ἱστάμενον.

2188 1559 2215 1592 (ι
2247 1535 2402 1608 Μήτε
2429 1535 2694 1615 θροεῖσθε,
2727 1531 2864 1611 μήτε
2889 1532 2976 1592 διὰ
3002 1532 3343 1608 Πνεύματος.
3363 1553 3394 1590 ο
3422 1529 3704 1604 Taurica,

2099 1625 2186 1685 διὰ
2236 1624 2581 1708 προφητείας.
2631 1623 2788 1690 Τινὲς
2831 1622 2936 1704 γὰρ
2980 1626 3310 1704 προφητείαν
3341 1623 3697 1698 ὑποκρινόμε-

2097 1740 2176 1779 νοι
2195 1762 2213 1796 ,
2245 1715 2489 1777 ἐπλάνων
2520 1715 2609 1775 τὸν
2651 1714 2808 1788 λαὸν,
2837 1718 2906 1782 ὡς
2935 1713 3041 1787 ἤδη
3069 1714 3330 1794 παρόντος
3353 1717 3444 1771 τοῦ
3471 1711 3700 1793 Κυρίου.

461 1900 642 1969 Neque
679 1914 781 1970 per
842 1915 1157 1956 sermonem.
1209 1902 1330 1957 Hoc
1372 1908 1476 1969 est,
1518 1899 1830 1958 doctrinam
1867 1901 1982 1957 viva

2170 1925 2194 1954 α
2227 1895 2382 1969 Μήτε
2418 1897 2505 1956 διὰ
2545 1895 2723 1976 λόγου.
2766 1918 2798 1954 n
2839 1895 3140 1969 Τουτίστι,
3175 1890 3524 1959 διδασκαλίας
3555 1894 3700 1971 ζώσῃ

392 2003 519 2043 voce
545 1987 769 2044 factam.

457 2079 641 2150 Neque
681 2095 784 2149 per
813 2081 1098 2149 epistolam
1145 2084 1412 2151 tanquam
1456 2097 1559 2151 per
1602 2095 1721 2136 nos.
1774 2081 1992 2137 Etenim

384 2167 640 2239 epistolas
665 2167 956 2238 ﬁngentes,
991 2177 1255 2242 tanquam
1289 2185 1324 2226 a
1353 2171 1522 2226 Paulo
1554 2169 1773 2239 missas,
1797 2179 1994 2228 aucto-

387 2256 609 2313 ritatem
637 2259 1007 2318 conciliabant
1045 2259 1212 2315 dictis
1245 2261 1379 2316 suis.

463 2351 744 2418 Tanquam
784 2352 946 2404 instet
996 2351 1110 2404 dies
1140 2353 1373 2406 Domini.
1416 2353 1499 2406 Ne
1545 2350 1870 2423 turbemini,
1911 2352 1994 2409 in-

389 2437 527 2508 quit,
585 2437 736 2511 quod
790 2439 956 2496 instet
1003 2439 1118 2496 dies
1184 2441 1430 2509 Domini,
1488 2439 1544 2497 id
1593 2451 1680 2498 est
1719 2440 1993 2498 adventus

387 2527 618 2583 Christi.

460 2620 636 2674 Vsus.
691 2625 743 2675 3.
795 2621 874 2676 Ne
917 2622 1042 2689 quis
1079 2635 1170 2674 vos
1215 2620 1442 2676 seducat
1466 2622 1577 2676 ullo
1605 2622 1780 2676 modo.
1810 2623 1994 2693 Neque

385 2714 650 2779 tanquam
700 2707 986 2779 prOpheta,
1035 2724 1212 2782 neque
1258 2718 1526 2783 tanquam
1568 2709 1784 2780 doctor,
1816 2725 1995 2784 neque

394 2797 541 2852 velut
565 2811 657 2852 me
684 2796 955 2854 scribente
982 2799 1132 2854 talia.

459 2889 724 2955 Quoniam
759 2890 870 2942 nisi
912 2891 1118 2944 venerit
1139 2891 1394 2946 discessio
1417 2893 1681 2961 primum,
1715 2897 1767 2947 et
1790 2893 1994 2947 revela-

385 2981 475 3031 tus
496 2979 668 3046 fuerit
696 2979 849 3034 homo
860 2982 1091 3050 peccati,
1118 2981 1266 3050 ﬁlius
1286 2981 1633 3050 perditionis.
1664 2983 1792 3038 Non
1815 2981 1996 3038 aderit

381 3064 646 3123 adventus
675 3069 924 3136 Domini,
953 3069 1052 3125 nisi
1094 3071 1306 3126 venerit
1331 3069 1596 3138 defectio,
1629 3069 1688 3128 id
1714 3079 1799 3127 est
1828 3072 1992 3128 Anti-

382 3154 623 3212 christus
673 3173 688 3211 :
731 3156 1094 3214 defectionem
1149 3159 1296 3215 enim
1344 3158 1528 3230 ipsum
1580 3161 1814 3228 vocavit,
1863 3176 1991 3218 cum

2100 1993 2249 2072 φωνῆ
2279 1987 2578 2065 γινομένης.

2181 2105 2206 2131 α
2245 2077 2398 2150 Μήτε
2427 2077 2493 2136 δι’
2519 2077 2803 2149 ἐπιστολῆς
2833 2078 2904 2142 ὡς
2932 2076 2998 2134 δι’
3048 2077 3227 2151 ἡμῶν.
3263 2101 3286 2125 ιι
3322 2073 3429 2133 Καὶ
3458 2069 3561 2152 γὰρ
3611 2071 3704 2130 καὶ

2102 2167 2386 2234 ἐπιστολὰς
2415 2167 2759 2241 πλάττοντες,
2787 2169 2858 2236 ὥς
2889 2164 3037 2245 παρὰ
3070 2165 3284 2225 ΙΙαύλου
3309 2162 3360 2199 ⁸⁸
3391 2163 3704 2238 σταλείσας,

2101 2257 2316 2339 ἐκύρουν
2347 2257 2382 2316 ἃ
2415 2255 2618 2334 ἔλεγον.

2182 2376 2206 2402 α
2233 2347 2330 2417 Ὧς
2350 2348 2432 2409 ὅτι
2453 2346 2732 2420 ἐνέστηκεν
2756 2350 2790 2418 ἡ
2813 2346 2990 2425 ἡμέρα
3024 2345 3242 2426 Κυρίου.
3267 2366 3298 2402 n
3326 2343 3422 2416 Μὴ
3447 2348 3701 2425 θροεῖσθε,

2101 2438 2260 2520 φησὶν
2284 2483 2302 2516 ,
2352 2438 2437 2498 ὅτι
2469 2436 2750 2508 ἐνέστηκεν
2791 2441 2824 2508 ἡ
2861 2436 3042 2515 ἡμέρα
3087 2435 3320 2515 Κυρίου,
3365 2434 3636 2494 τουτέστιν
3664 2440 3700 2509 ἡ

2100 2527 2369 2608 παρουσία
2404 2533 2497 2587 τοῦ
2526 2528 2795 2606 Χριστοῦ.

2187 2644 2212 2669 α
2251 2616 2431 2688 Μήτις
2463 2619 2600 2692 ὑμᾶς
2653 2612 2966 2694 ἐξαπατήσῃ
2997 2613 3136 2672 κατὰ
3180 2613 3384 2687 μηδένα
3414 2611 3630 2694 τρόπον.
3662 2635 3692 2669 ››

2104 2706 2257 2778 Μήτι
2321 2711 2392 2772 ὡς
2440 2704 2743 2784 προφήτης,
2778 2704 2915 2782 μήτε
2968 2705 3039 2771 ὡς
3077 2703 3425 2781 διδάσκαλος,
3463 2701 3599 2781 μήτε
3628 2707 3703 2772 ὥς

2103 2801 2230 2873 ἐμοῦ
2259 2795 2551 2877 γράφοντος
2589 2801 2835 2855 τοιαῦτα.

2182 2914 2206 2940 ι
2233 2883 2366 2947 Ὅτι
2415 2884 2506 2946 ἰὰν
2540 2883 2616 2962 μὴ
2674 2884 2800 2965 ἔλθῃ
2852 2889 2886 2957 ἡ
2939 2881 3243 2945 ἀποστασία
3307 2886 3552 2964 πρῶτον,
3611 2882 3706 2942 καὶ

2103 2977 2459 3055 ἀποκαλυφθῇ
2521 2978 2548 3033 ὁ
2621 2973 2896 3052 ἄνθρωπος
2967 2976 3060 3044 τῆς
3131 2971 3435 3054 ἁμαρτίας,
3487 2975 3516 3032 ὁ
3596 2975 3706 3040 υίὸς

2101 3071 2194 3135 τῆς
2220 3064 2512 3131 ἀπωλείας.
2565 3093 2588 3117 ι
2628 3065 2711 3125 Οὖ
2757 3063 3068 3143 γενήσεται,
3119 3062 3316 3144 φησὶν,
3367 3069 3401 3136 ἡ
3435 3062 3702 3144 παρουσία

2103 3161 2193 3214 τοῦ
2225 3153 2454 3235 Κυρίου,
2487 3153 2580 3212 ἐὰν
2611 3152 2688 3230 μὴ
2737 3151 2863 3234 ἔλθῃ
2893 3157 2925 3225 ἡ
2960 3153 3264 3212 ἀποστασία
3284 3199 3300 3228 ,
3354 3154 3622 3214 τουτέστιν
3674 3159 3704 3214 ὁ

383 3258 571 3301 revera
619 3247 718 3301 ista
743 3247 833 3311 sit,
860 3247 1060 3318 quippe
1111 3249 1208 3319 qui
1260 3247 1467 3304 multos
1518 3247 1685 3304 faciet
1730 3247 1987 3319 deﬁcere,

2103 3233 2477 3325 Ἀντίχριστος.
2543 3233 2901 3304 Ἀποστασίαν
2956 3244 3058 3322 γὰρ
3089 3242 3247 3304 αὐτὸν
3292 3245 3580 3316 ἐκάλεσεν,
3609 3248 3706 3303 αὗ-

385 3333 554 3390 etiam
582 3335 809 3403 electos,
832 3336 882 3391 si
904 3335 1023 3392 ﬁeri
1047 3337 1239 3409 possit.
1261 3338 1560 3394 Hominem
1584 3347 1770 3395 autem
1789 3341 1992 3411 peccati

383 3421 538 3478 illum
576 3424 758 3495 ipsum
789 3435 970 3493 vocat,
1001 3434 1062 3481 ut
1091 3427 1182 3499 qui
1213 3442 1381 3483 omne
1423 3436 1779 3500 peccatorum
1821 3444 1993 3502 genus

385 3518 703 3583 peracturus
731 3514 824 3580 sit,
864 3522 923 3570 et
949 3515 1086 3571 alios
1113 3517 1182 3572 ad
1209 3525 1493 3588 peccatum
1523 3520 1990 3590 supplantaturus.

385 3601 587 3658 Filium
616 3603 783 3660 etiam
826 3604 1172 3677 perditionis,
1210 3605 1666 3680 quandoquidem
1695 3617 1751 3664 et
1779 3609 1892 3680 ipse
1919 3609 1993 3666 sit

387 3692 649 3762 perditus.
719 3694 855 3764 Quis
917 3703 1103 3752 autem
1169 3696 1260 3752 ille
1307 3699 1430 3754 est?
1494 3704 1656 3754 Anne
1719 3701 1992 3756 Satanas?

385 3783 843 3856 Haudquaquam,
883 3785 982 3841 sed
1029 3785 1199 3842 homo
1239 3786 1472 3858 quidam
1503 3803 1730 3844 omnem
1774 3791 1990 3846 Satanae

387 3873 769 3944 Operationem
797 3874 1038 3932 indutus.

464 4055 639 4109 Vnus.
673 4061 725 4110 4.
772 4056 878 4122 Qui
906 4056 1233 4112 adversatur
1255 4062 1305 4112 et
1331 4058 1612 4112 emtollitur
1640 4074 1810 4129 supra
1838 4075 1990 4114 omne

389 4143 536 4212 quod
564 4144 769 4199 dicitur
789 4149 953 4210 Deus,
975 4152 1029 4201 et
1045 4148 1192 4217 quod
1208 4148 1427 4202 colitur.
1454 4148 1579 4204 Non
1595 4149 1742 4204 enim
1778 4149 1866 4205 ille
1892 4147 1990 4205 ho-

389 4232 564 4287 mines
591 4233 662 4289 ad
699 4233 1070 4290 idololatriam
1099 4237 1383 4308 perducet,
1413 4251 1606 4292 verum
1636 4251 1828 4294 omnes
1857 4238 1992 4296 deos

381 4319 734 4390 demolietur,
751 4331 807 4378 et
829 4323 1012 4380 cultus
1031 4341 1247 4393 eorum,
1277 4326 1393 4382 sive
1414 4325 1581 4396 idola,
1608 4341 1774 4400 seque
1798 4327 1982 4401 ipsum

386 4409 566 4466 solum
593 4412 910 4484 praedicabit
938 4417 1138 4471 Deum.

457 4504 545 4558 Ita
572 4508 636 4558 ut
671 4505 734 4558 in
760 4505 958 4575 templo
1004 4508 1108 4560 Dei
1153 4507 1341 4562 sedeat
1367 4511 1632 4578 tanquam
1657 4513 1824 4566 Deus.
1858 4511 1984 4565 Non

2101 3334 2350 3416 τόχρημα
2379 3339 2535 3394 τοῦτο
2561 3335 2720 3407 ὄντα,
2767 3337 2839 3401 ὡς
2867 3332 3099 3400 πολλοὺς
3136 3333 3397 3411 μέλλοντα
3433 3339 3660 3415 ἀφιστᾷν
3681 3381 3700 3410 ,

2101 3424 2342 3493 καὶτοὺς
2389 3423 2696 3498 ἐκλεκτοὺς,
2758 3427 2806 3483 εἰ
2858 3424 3101 3484 δυνατόν.
3175 3423 3285 3484 Καὶ
3337 3425 3613 3504 ἄνθρωπον
3645 3424 3704 3483 δὲ

2104 3514 2375 3596 ἁμαρτίας
2427 3514 2516 3575 τὸν
2567 3514 2725 3574 αὐτὸν
2778 3519 2992 3590 τοῦτον,
3053 3516 3123 3582 ὣς
3169 3513 3261 3573 καὶ
3313 3513 3468 3574 αὐτὸν
3521 3523 3702 3574 πᾶσαν

2102 3605 2369 3684 ἁμαρτίαν
2400 3605 2683 3664 τελίσοντα
2709 3649 2726 3676 ,
2771 3605 2860 3664 καὶ
2912 3605 3102 3670 ἀλλους
3125 3603 3256 3683 πρὸς
3284 3628 3344 3662 το
3375 3605 3704 3684 ἁμαρτάνειν

2100 3695 2542 3756 ὖποσκελίσοντα.
2596 3695 2704 3755 Καὶ
2738 3693 2850 3753 υἱὸν
2891 3693 2944 3752 δὲ
2971 3693 3269 3766 ἀπωλείας,
3317 3698 3384 3762 ὡς
3425 3696 3516 3754 καὶ
3541 3695 3701 3754 αὐτὸν

2098 3785 2484 3862 ἀπολούμενον.
2537 3787 2588 3845 Τ
2593 3782 2637 3852 ίς
2675 3783 2731 3843 δὲ
2782 3775 2928 3851 οὗτός
2961 3786 3147 3861 ictui;
3179 3773 3284 3863 ἀρα
3342 3788 3370 3842 ὁ
3418 3787 3700 3864 Σατανᾶςς

2095 3876 2398 3951 Οὖδαώς,
2439 3875 2560 3933 ἀλλ’
2595 3873 2866 3952 ἄνθρωπός
2894 3898 3004 3946 τις,
3028 3883 3210 3933 πᾶσαν
3255 3876 3417 3934 αὐτοῦ
3451 3878 3703 3956 ἀμπεχό-

2100 3987 2254 4042 μενος
2269 3963 2320 3999 ⁸⁰
2355 3963 2453 4037 τήν
2483 3963 2776 4045 ἐνέργειαν.

2179 4053 2249 4115 Ὁ
2317 4053 2672 4132 ἀντικείμενος
2743 4053 2835 4112 καὶ
2888 4053 3304 4134 ὑπεραιρόμενος
3368 4054 3456 4114 ἐπὶ
3520 4055 3701 4115 πάντα

2093 4144 2376 4223 λεγόμενον
2401 4143 2540 4206 Θεὸν
2589 4143 2625 4217 ἢ
2668 4142 2943 4219 σέϐασμα.
2978 4171 3002 4196 υ
3040 4145 3121 4204 Οὗ
3157 4144 3264 4225 γὰρ
3296 4147 3369 4210 εἷς
3418 4146 3700 4206 εἰδωλολαο

2099 4234 2278 4314 τρείαν
2315 4232 2430 4302 ἄξει
2478 4233 2597 4300 τοὺς
2653 4231 2959 4314 ἀνθρώπους
3032 4237 3252 4309 ἐκεῖνος,
3320 4233 3458 4294 ἀλλὰ
3501 4237 3705 4306 πάντας

2097 4323 2389 4384 καταλύσει
2419 4321 2540 4392 τοὺς
2562 4321 2729 4395 θεοὺς,
2775 4323 2868 4383 καὶ
2909 4323 2977 4384 τὰ
3011 4324 3332 4402 σεϐάσματα
3359 4326 3554 4399 αὐτῶν,
3582 4325 3703 4400 ἤτοι

2097 4415 2164 4473 τὰ
2196 4413 2392 4473 εἴδωλα
2410 4463 2424 4490 ,
2455 4413 2547 4472 καὶ
2573 4413 2756 4472 ἑαυτὸν
2786 4413 2946 4489 μόνον
2971 4413 3288 4495 ἀνακηρύξει
3312 4414 3476 4479 Θεόν,

2175 4532 2202 4558 α
2229 4501 2411 4565 Ὥστε
2447 4503 2606 4563 αὐτὸν
2641 4507 2713 4573 εἰς
2745 4504 2834 4564 τὸν
2864 4504 2988 4563 ναὸν
3019 4510 3110 4565 τοῦ
3159 4509 3301 4567 Θεοῦ
3333 4506 3536 4584 [μόνον]
3571 4510 3701 4566 καθ-

382 4591 693 4662 pecialiter
734 4593 790 4650 in
829 4596 1036 4668 templo
1059 4597 1210 4669 quod
1239 4605 1324 4652 est
1353 4577 1769 4672 Hierosolymis,
1799 4600 1894 4658 sed
1924 4599 1983 4655 in

2099 4592 2210 4653 ίσαι
2266 4597 2335 4661 ὣς
2390 4593 2552 4655 Θεόν.
2595 4618 2622 4650 »
2656 4593 2799 4674 Οὐχὶ
2843 4598 2888 4652 εἰ
2917 4594 3002 4652 τὸν
3053 4595 3106 4652 ἐν
3137 4577 3535 4674 Ἱεροσολύμοις.
3575 4595 3703 4654 ναὸν

384 4681 642 4740 Ecclesiis
682 4683 1028 4757 simpliciter,
1060 4693 1116 4742 et
1139 4687 1291 4742 omni
1321 4686 1508 4744 divino
1539 4689 1765 4762 templo.

458 4864 754 4919 Ostendens
774 4867 1011 4935 seipsum
1029 4866 1178 4936 quod
1194 4869 1268 4922 sit
1285 4869 1450 4923 Deus.
1475 4869 1602 4924 Non
1628 4868 1728 4937 ait,
1763 4869 1984 4939 Dicens,

385 4951 504 5019 sed,
557 4954 776 5010 Conans
815 4953 1218 5012 demonstrare.
1260 4960 1404 5014 Nam
1441 4973 1608 5030 opera
1637 4958 1906 5032 praeclara
1929 4968 1986 5016 et

385 5043 545 5116 signa
583 5044 730 5113 edet,
766 5059 877 5117 quo
903 5046 1160 5103 omnibus
1182 5046 1454 5119 imponat.

456 5225 574 5281 Non
615 5223 937 5278 meministis
965 5225 1113 5294 quod
1140 5241 1261 5281 cum
1289 5227 1470 5282 adhuc
1515 5244 1681 5284 essem
1721 5231 1873 5301 apud
1898 5247 1990 5287 vos

391 5312 504 5368 haec
549 5312 792 5369 dicebam
829 5313 1018 5368 vobis?
1063 5313 1229 5386 537
1279 5315 1378 5372 Vel
1427 5315 1556 5372 hinc
1607 5317 1795 5390 liquet,
1842 5319 1991 5391 quod

390 5415 597 5473 magna
626 5402 891 5476 mysteria
941 5404 1250 5474 tradiderit,
1294 5421 1419 5478 quae
1449 5406 1647 5464 litteris
1686 5424 1799 5464 non
1836 5419 1995 5466 erant

391 5490 675 5550 mandata.
707 5491 1008 5550 Considera
1033 5501 1246 5565 autem,
1273 5510 1500 5554 necesse
1519 5511 1638 5555 esse
1661 5497 1855 5556 eadem
1885 5514 1989 5556 saa-

2099 4683 2262 4751 ἷδίως.
2321 4684 2460 4743 ἀλλὰ
2501 4686 2571 4752 εἰς
2603 4684 2699 4752 τὰς
2738 4683 3070 4755 Ἐκκλησίας
3105 4685 3322 4764 ἁπλῶς,
3369 4685 3462 4746 καὶ
3521 4684 3700 4744 πάντα

2098 4773 2220 4833 ναὸν
2245 4778 2400 4833 θεῖον.

2177 4892 2202 4916 ι
2235 4863 2642 4924 Ἀποδεικνύντα
2667 4861 2852 4923 ἑαυτὸν
2874 4911 2888 4939 ,
2921 4865 3002 4922 ὅτι
3023 4863 3136 4923 ἔστι
3163 4867 3319 4932 Θεός.
3354 4893 3375 4917 ιο
3409 4867 3527 4926 Οὔκ
3551 4856 3695 4927 εἷπε.

2099 4953 2341 5034 Λέγοντα
2361 5000 2377 5027 ,
2415 4953 2555 5014 ἀλλὰ
2578 4999 2594 5028 ,
2643 4953 2985 5036 Πειρώμενον
3038 4955 3431 5017 ἀποδεικνύναι.
3464 4957 3570 5017 Καὶ
3596 4957 3700 5038 γὰρ

2095 5045 2227 5124 ἔργα
2287 5047 2498 5124 μεγάλα
2548 5044 2640 5104 καὶ
2702 5052 2902 5123 σημεῖα
2951 5044 3269 5114 ἐπιδείξεται
3315 5046 3444 5127 πρὸς
3489 5048 3699 5118 πλάνην

2097 5133 2305 5193 πάντων
2313 5183 2326 5197 ,

2183 5252 2204 5276 ι
2235 5225 2317 5284 Οὔ
2373 5224 2732 5304 μνημονεύετε
2783 5225 2865 5284 ὅτι
2905 5223 2986 5284 ἔτι
3028 5223 3101 5283 ὢν
3136 5225 3266 5306 πρὸς
3313 5230 3486 5303 ὑμᾶς,
3528 5231 3700 5285 ταῦτα

2099 5313 2280 5394 ἔλεγον
2312 5317 2464 5392 ὓμῐν;
2496 5342 2520 5367 ι
2559 5317 2860 5375 Κάντεῦθεν
2882 5316 3042 5386 δῆλον
3063 5360 3080 5390 ,
3113 5315 3193 5376 ὅτι
3237 5317 3444 5393 μεγάλα
3493 5315 3698 5392 μυστή-

2105 5429 2190 5484 ρια
2241 5404 2333 5464 καὶ
2383 5404 2636 5486 ἀγράφως
2687 5406 2988 5486 παρεδίδου.
3027 5404 3174 5487 ⁶Ὄρα
3206 5405 3262 5464 δὲ
3297 5406 3379 5465 ὅτι
3410 5408 3700 5486 ἀναγκαῖον

2101 5497 2334 5575 συνεχῶς
2390 5493 2560 5556 ταυτὰ
2637 5494 2840 5576 λέγειν,
2901 5495 2992 5556 καὶ
3045 5496 3326 5556 ἕπαντλεῖν
3368 5503 3476 5564 τοῖς
3523 5499 3701 5566 αὐτοῖς

1774 5652 1966 5712 Variae
2009 5655 2318 5716 lectiones.

454 5738 497 5772 ³⁸
529 5738 677 5792 αὐτοῦ
714 5757 766 5795 0.
845 5741 888 5776 ⁸⁸
916 5744 1186 5814 δεχόμενος
1213 5762 1289 5803 m.
