4104 6438
384 414 508 469 1341

1248 408 1596 465 EXPOSITIO
1636 409 1701 465 IN
1743 406 1955 465 EPIST.
1996 408 2041 464 ΙΙ
2081 410 2171 465 AD
2208 408 2440 465 THESS.
2483 438 2553 450 —
2591 408 2743 465 CAP.
2786 409 2847 465 il.

3545 411 3683 466 1342

378 539 604 619 ῥήμασι.
640 534 779 598 Ἰδοὺ
824 534 929 617 γὰρ
960 536 1053 596 καὶ
1082 535 1341 615 παρόντος
1388 535 1621 609 ἤκουσαν
1677 540 1771 596 τοῦ
1801 541 1965 596 Ἀπο-

2077 534 2197 607 pius
2238 534 2442 599 dicere,
2489 544 2547 592 et
2585 535 2803 592 abunde
2844 536 3013 592 verba
3059 533 3308 593 fundere.
3357 537 3499 594 Ecce
3526 539 3678 593 enim

378 630 565 689 στόλου
610 634 779 688 ταῦτα
824 626 1093 701 εἰπόντος,
1135 627 1227 686 καὶ
1275 626 1418 705 ὅμως
1459 625 1621 686 πάλιν
1670 626 1965 699 ἐδεήθησαν

376 724 693 801 στηριγμοῦ.
728 715 900 779 Οὐδὲν
925 761 942 789 ,
975 718 1134 799 φησὶ,
1179 716 1319 785 ξένον
1350 715 1524 795 λέγω,
1559 717 1680 775 ἀλλ’
1707 717 1842 795 ἅπερ
1876 714 1967 776 καὶ

376 809 461 870 ἀεὶ
491 808 694 886 ἔλεγον.
741 806 1261 888 Ἐντρεπτικώτερον
1315 807 1369 866 δὲ
1417 815 1648 867 ποιεῖται
1676 806 1763 866 τὸν
1811 805 1967 880 λόγον

374 900 540 979 λέγων
559 922 573 937 ο
597 922 627 954 α
642 900 723 959 Οὖ
743 896 1100 977 μνημονεύετε
1118 921 1133 971 ;
1155 921 1184 954 ι
1210 896 1376 957 Οὕτω
1389 895 1595 978 ταχέως
1612 896 1929 956 ἐπελάθεσθε
1947 915 1963 971 ;

456 1102 487 1141 ε
550 1076 656 1139 Καὶ
706 1081 798 1136 νῦν
854 1076 915 1136 τὸ
965 1074 1194 1156 κατέχον
1256 1075 1463 1153 οἴδατε,
1521 1077 1595 1143 εἷς
1645 1074 1705 1134 τὸ
1757 1076 1967 1135 ἀποκα-

369 1170 630 1250 λυφθῆναι
679 1166 837 1226 αὐτὸν
883 1167 937 1225 ἐν
988 1168 1066 1247 τῷ
1132 1168 1324 1226 ἑαυτοῦ
1378 1167 1566 1247 καιρῷ.
1628 1188 1656 1222 r
1722 1164 1969 1246 Κατέχον

371 1260 484 1320 ἐστὶ
531 1258 591 1318 τὸ
628 1255 831 1319 κωλύον
855 1302 872 1332 ,
905 1255 966 1315 τὸ
993 1254 1297 1331 ἐμποδίζον.
1328 1255 1396 1317 Τί
1428 1255 1484 1315 δέ
1511 1258 1626 1315 ἐστι
1657 1260 1812 1314 τοῦτο
1829 1278 1846 1322 ;
1899 1257 1969 1313 Οἱ

371 1351 467 1428 μὲν
496 1346 591 1420 τὴν
622 1346 780 1429 χάριν
811 1351 903 1429 τοῦ
944 1343 1257 1423 Πνεύματός
1286 1369 1473 1426 φασιν·
1508 1347 1556 1404 οἱ
1588 1344 1642 1404 δὲ
1691 1344 1786 1416 τὴν
1817 1342 1967 1405 εΡω-

372 1425 568 1518 μαῖκὴν
598 1425 798 1518 ἀρχῆνι
829 1425 904 1502 οἶς
945 1436 1037 1495 καὶ
1067 1440 1097 1495 6
1130 1425 1395 1515 μακάριος
1432 1434 1690 1507 Ἰωάννης
1733 1436 1967 1496 συντίθε-

370 1553 477 1590 ται.
501 1530 572 1590 Εἰ
597 1529 673 1606 μὴ
704 1526 808 1607 γὰρ
834 1524 970 1599 αὕτη
997 1526 1295 1604 καταλυθῇ,
1327 1527 1423 1585 οὐκ
1456 1524 1522 1584 ἂν
1548 1525 1705 1605 σχοίη
1735 1523 1967 1603 πάροδον

373 1623 401 1679 6
450 1617 805 1698 Ἀντίχριστος
842 1621 1067 1698 ποιῆσαι
1114 1614 1150 1674 ἃ
1198 1615 1469 1693 βούλεται.
1522 1616 1628 1676 Διὰ
1676 1621 1829 1674 τοῦτο
1874 1614 1967 1675 καὶ

374 1694 830 1783 συνεσκιασμένως
884 1694 1028 1764 εἶπεν
1074 1707 1103 1763 6
1133 1706 1345 1772 Παῦλος
1365 1728 1377 1742 ·
1428 1704 1545 1764 οὐδὲ
1576 1705 1680 1785 γὰρ
1708 1702 1971 1776 ἠϐούλετο

2074 625 2430 696 Apostolum,
2459 624 2593 682 dum
2623 641 2862 697 praesens
2890 635 3027 695 erat,
3058 627 3161 683 ista
3181 626 3458 683 dicentem
3489 628 3676 684 audie-

2073 722 2226 783 runt,
2256 730 2318 771 ac
2349 714 2714 773 nihilominus
2757 732 2981 774 rursum
3016 732 3158 789 opus
3200 717 3518 773 habuerunt
3543 733 3675 774 con-

2074 803 2415 860 ﬁrmatione.
2438 804 2607 873 Nihil,
2632 805 2831 879 inquit,
2861 806 2989 862 novi
3020 806 3217 875 affero,
3252 807 3347 863 sed
3377 823 3501 879 quae
3530 822 3685 864 sem-

2074 908 2171 964 per
2198 893 2324 950 dixi.
2359 893 2624 950 Nonnihil
2664 903 2849 952 autem
2877 895 3104 968 pudoris
3127 895 3403 952 suffundit
3426 897 3524 965 eis,
3554 912 3683 954 cum

2074 982 2188 1048 ait,
2221 985 2339 1041 Non
2357 986 2676 1039 meministis
2696 988 2724 1040 ?
2747 992 2863 1041 tam
2882 986 2994 1040 cito
3015 986 3176 1041 obliti
3202 986 3339 1041 estis
3357 988 3381 1041 Ρ

2146 1074 2324 1129 Vens.
2346 1079 2399 1130 6.
2425 1075 2495 1128 Et
2512 1089 2655 1129 nunc
2683 1076 2816 1144 quid
2840 1075 3099 1139 detineat,
3128 1078 3299 1139 scitis,
3332 1081 3395 1131 ut
3420 1077 3685 1132 reveletur

2074 1163 2191 1232 ipse
2218 1178 2315 1217 suo
2359 1167 2612 1233 tempore.
2646 1151 2809 1233 Quod
2836 1164 3064 1231 detinet,
3096 1174 3182 1221 est
3209 1164 3359 1237 quod
3399 1166 3679 1237 prohibet,

2074 1251 2224 1323 quod
2250 1251 2501 1324 impedit.
2538 1253 2686 1323 Quid
2714 1268 2842 1310 vero
2862 1252 2968 1309 hoc
3008 1257 3121 1309 est?
3148 1255 3413 1310 Nonnulli
3448 1256 3685 1328 Spiritus

2074 1341 2311 1412 gratiam
2354 1340 2579 1412 dicunt;
2636 1343 2729 1399 alii
2776 1346 3100 1398 Romanum
3144 1343 3445 1415 imperium
3494 1345 3685 1401 intelli-

2074 1439 2231 1504 gunt,
2274 1430 2476 1504 quibus
2517 1438 2573 1488 et
2600 1431 2756 1489 divus
2783 1435 3029 1489 Joannes
3065 1432 3496 1506 Chrysostomus
3545 1449 3687 1490 con-

2071 1521 2264 1576 sentit.
2304 1520 2423 1577 Nisi
2451 1521 2602 1578 enim
2641 1521 2783 1578 istuc
2822 1521 3156 1579 dissolutum
3188 1521 3372 1586 fuerit,
3401 1523 3684 1579 Antichri-

2074 1618 2194 1665 stus
2233 1610 2418 1667 locum
2460 1610 2730 1684 quidquid
2778 1611 2915 1667 libet
2954 1609 3185 1668 faciendi
3233 1612 3433 1669 habere
3474 1614 3683 1684 nequit.

2077 1700 2375 1771 Propterea
2423 1709 2568 1757 recte
2614 1701 2752 1758 dixit
2793 1700 2992 1757 Paulus
3039 1720 3053 1758 :
3104 1717 3283 1773 neque
3324 1702 3474 1758 enim
3521 1717 3690 1759 vanas

373 1800 605 1879 ματαίας
630 1796 682 1834 9°
711 1795 903 1897 ἔχθραις
935 1795 1326 1874 ἀναδέχεσθαι,
1359 1792 1452 1853 καὶ
1498 1793 1749 1865 ἀνοήτους
1795 1794 1970 1852 κινδύ-

2078 1788 2393 1846 inimicitias
2423 1791 2698 1863 stultaque
2727 1791 2967 1863 pericula
3004 1791 3191 1847 subire
3231 1791 3419 1847 voluit.
3457 1792 3511 1847 Si
3538 1794 3687 1848 enim

371 1876 510 1957 νους.
564 1889 634 1949 Εἰ
684 1884 787 1968 γὰρ
835 1876 1012 1959 εἶπεν,
1042 1882 1125 1943 ὅτι
1170 1884 1358 1964 μικρὸν
1412 1884 1627 1965 ὕστερον
1665 1883 1971 1955 καταλυθή-

2080 1878 2328 1947 dixisset,
2362 1881 2523 1952 paulo
2552 1890 2676 1954 post
2709 1883 3029 1937 Romanum
3058 1881 3355 1952 imperium
3381 1881 3685 1938 dissolven-

373 2004 524 2042 σεται
557 1985 593 2051 ἡ
623 1975 909 2055 Ῥωμαίων
947 1974 1125 2054 ἀρχὴ,
1157 1973 1342 2041 εὐθέως
1372 1972 1437 2032 ἂν
1469 1973 1626 2034 αὐτὸν
1657 1972 1968 2054 κατώρυξαν

373 2076 443 2139 ὡς
471 2070 723 2141 λυμεῶνα
744 2113 761 2141 ,
791 2065 885 2126 καὶ
911 2063 1031 2127 τοὺς
1066 2064 1258 2132 ἄλλους
1302 2063 1516 2133 πιστοὺς
1546 2062 1640 2124 σὺν
1682 2065 1855 2145 αὐτῷ,
1898 2067 1970 2132 ὡς

373 2166 444 2242 τῇ
498 2156 792 2220 καταλύσει
842 2161 939 2227 τῆς
990 2153 1317 2227 τηλικαύτης
1348 2157 1519 2235 ἀρχῆς
1568 2153 1965 2235 ἐπιχαίροντας.

371 2248 503 2313 Ὅτι
546 2248 602 2309 δὲ
655 2249 713 2306 οὗ
743 2245 865 2325 περὶ
912 2249 1007 2318 τῆς
1051 2249 1142 2304 τοῦ
1186 2243 1338 2323 ἆγίου
1389 2244 1707 2325 Πνεύματος
1752 2244 1970 2323 χάριτος

371 2342 549 2421 λέγει,
577 2340 759 2411 δῆλον,
790 2323 1017 2413 Πρῶτον
1045 2333 1141 2409 μὲν
1172 2333 1274 2414 γὰρ
1303 2334 1399 2393 οὔκ
1432 2332 1496 2392 ἂν
1531 2323 1676 2393 εἶπεν
1709 2335 1926 2413 ἀσαφῶς
1950 2378 1965 2406 ,

375 2428 515 2491 ἀλλὰ
535 2431 798 2512 φανερῶς,
830 2423 912 2483 ὅτι
936 2425 1026 2484 καὶ
1059 2429 1149 2482 νῦν
1179 2423 1339 2483 αὐτὸν
1368 2424 1586 2503 κατέχει
1617 2428 1650 2494 ἡ
1678 2429 1769 2484 105
1797 2424 1964 2483 Πνεύ-

375 2509 767 2601 ματος-χάρις,
810 2512 1051 2575 τουτέστι
1103 2514 1171 2574 τὰ
1217 2514 1555 2593 χαρίσματα.
1608 2509 1874 2591 Ἔπειτα,
1921 2514 1970 2571 εἴ

370 2636 432 2691 γε
500 2613 606 2670 τῶν
676 2604 1034 2688 χαρισμάτων
1089 2602 1419 2663 ἐκλιπόντων
1476 2603 1667 2680 ἔμελλε
1726 2626 1965 2683 παραγε-

371 2701 589 2777 νέσθαι,
639 2697 743 2757 ἔδει
784 2694 940 2756 αὐτὸν
986 2694 1087 2766 ἤδη
1141 2699 1399 2777 φανῆναι·
1431 2693 1604 2753 πάλαι
1642 2692 1746 2774 γὰρ
1796 2699 1963 2753 ταῦτα

372 2774 669 2852 ἐκλέλοιπε.
702 2785 853 2866 Ὅρα
884 2784 940 2845 δὲ
960 2831 976 2858 ,
1016 2783 1098 2843 ὅτι
1126 2774 1220 2844 οὒκ
1248 2774 1396 2844 εἶπεν
1427 2782 1509 2843 ὅτι
1537 2783 1747 2863 ταχέως
1778 2782 1929 2843 ἔσται
1944 2830 1963 2859 ,

371 2881 509 2952 ἀλλ’,
541 2901 574 2935 α
602 2879 693 2945 Εἷς
721 2875 781 2936 τὸ
802 2877 1265 2957 ἀποκαλυφθῆναι,
1289 2895 1320 2931 n
1347 2873 1531 2955 φησὶν,
1568 2894 1594 2928 (ι
1626 2872 1786 2932 αὐτὸν
1807 2875 1862 2931 ἐν
1891 2876 1968 2954 τῷ

373 2973 536 3029 αὓτοῦ
576 2969 768 3049 καιρῷ.
818 2986 848 3025 n
893 2966 1002 3026 Καὶ
1049 2964 1214 3025 πάλιν
1260 2964 1362 3045 γὰρ
1390 2963 1481 3023 τὸν
1532 2962 1719 3044 καιρὸν
1771 2963 1966 3036 ἄδηλον

374 3060 541 3120 εἴασε.

2078 1966 2240 2038 dum,
2269 1970 2462 2026 statim
2492 1986 2621 2026 eum
2647 1969 2983 2028 defodissent
3004 1976 3268 2043 tanquam
3292 1970 3682 2042 impostorem,

2081 2057 2330 2131 aliosque
2356 2059 2541 2116 ﬁdeles
2584 2076 2715 2116 cum
2756 2060 2905 2131 ipso,
2946 2067 3213 2133 tanquam
3242 2059 3333 2132 qui
3352 2075 3520 2131 super
3547 2061 3685 2117 tanti

2078 2148 2301 2220 imperii
2352 2147 2711 2205 demolitione
2775 2150 3117 2207 laetarentur.
3166 2152 3362 2219 Porro,
3419 2150 3568 2222 quod
3617 2150 3686 2206 de

2076 2242 2255 2297 sancti
2283 2241 2518 2314 Spiritus
2544 2243 2719 2315 gratia
2755 2242 2847 2299 hic
2879 2259 2992 2299 non
3017 2244 3291 2315 loquatur,
3323 2247 3548 2316 planum
3577 2251 3681 2299 est.

2076 2331 2264 2387 Primo
2308 2333 2456 2388 enim
2498 2349 2613 2389 non
2668 2332 2896 2389 dixisset
2932 2333 3183 2403 obscure,
3228 2332 3322 2389 sed
3371 2332 3681 2401 manifeste,

2074 2420 2343 2478 nimirum
2371 2422 2518 2494 quod
2554 2438 2703 2479 nunc
2751 2424 2933 2495 ipsum
2976 2421 3190 2479 detinet
3225 2423 3456 2495 Spiritus
3486 2422 3682 2495 gratia,

2077 2509 2185 2567 hoc
2226 2519 2314 2567 est
2344 2513 2535 2584 gratiae
2571 2512 2739 2569 dona.
2770 2512 3006 2581 Deinde,
3051 2513 3096 2568 si
3127 2512 3287 2569 donis
3309 2512 3688 2568 deﬁcientibus

2073 2601 2319 2672 oportuit
2362 2602 2543 2674 ipsum
2590 2602 3039 2671 venire,‘debuit
3084 2603 3199 2674 ipse
3238 2601 3354 2674 jam
3399 2616 3682 2674 apparere.

2074 2692 2214 2746 Nam
2252 2691 2363 2748 ista
2385 2691 2717 2763 jamdudum
2743 2692 3049 2748 desierunt.
3081 2691 3468 2748 Animadverte
3496 2700 3682 2748 autem

2075 2780 2223 2852 quod
2251 2797 2362 2837 non
2391 2781 2591 2838 dixerit
2609 2782 2860 2838 celeriter
2887 2797 3017 2838 cum
3046 2781 3259 2850 adfore,
3285 2781 3404 2848 sed,
3442 2784 3510 2837 Ut
3532 2796 3683 2836 reve-

2077 2868 2238 2935 letur,
2270 2872 2469 2943 inquit,
2494 2875 2610 2943 ipse
2660 2888 2757 2927 suo
2786 2878 3037 2942 tempore.
3066 2876 3281 2930 Rursus
3307 2880 3496 2929 autem
3538 2880 3679 2928 tem-

2078 2976 2181 3033 pus
2214 2960 2485 3018 incertum
2522 2962 2763 3034 reliquit.

457 3173 487 3205 α
517 3148 599 3210 Τὸ
621 3146 725 3228 γὰρ
757 3143 1049 3226 μυστήριον
1075 3144 1178 3218 ἤδη
1210 3145 1500 3224 ἐνεργεῖται
1530 3147 1624 3216 τῆς
1650 3142 1897 3221 ἀνομίας.
1931 3164 1958 3199 n

2150 3161 2328 3216 Vens.
2357 3164 2410 3214 7.
2438 3162 2578 3218 Nam
2593 3161 2909 3229 mysterium
2921 3161 3043 3229 jam
3060 3164 3315 3229 operatur
3342 3160 3676 3228 iniquitatis.

371 3240 478 3302 Τὸν
536 3237 762 3318 Νέρωνα
815 3235 958 3315 λέγει
1009 3234 1171 3307 οὕτω,
1232 3233 1397 3318 τύπον
1453 3234 1581 3294 ὄντα
1646 3238 1739 3294 τοῦ
1793 3234 1967 3293 Ἀντι-

370 3314 754 3411 χρίστουίΚαὶ
779 3314 895 3403 γὰρ
934 3322 1230 3411 ἀκάθαρτός
1261 3348 1317 3382 τε
1349 3314 1416 3395 ἦν
1439 3371 1451 3392 ,
1489 3323 1580 3382 καὶ
1628 3322 1767 3389 Θεὸς
1798 3322 1969 3395 ἐζήτει

370 3419 635 3498 λέγεσθαι.
671 3417 864 3479 Καλῶς
895 3410 954 3471 δέ
982 3436 1139 3493 φησι·
1175 3435 1205 3467 α
1235 3412 1315 3472 Τὸ
1348 3410 1658 3490 μυστήριον.
1691 3436 1722 3468 ι
1754 3415 1836 3471 Οὐ
1863 3411 1968 3493 γὰρ

371 3511 608 3591 φανερῶς
636 3509 666 3565 6
708 3503 895 3585 Νέρων
942 3503 1083 3561 κατὰ
1111 3500 1308 3567 παντὸς
1338 3502 1505 3576 Θεοῦ,
1555 3500 1689 3591 ιρησὶ
1716 3545 1734 3591 ,
1764 3508 1961 3591 χωρεῖ,

369 3588 442 3667 ὥς
492 3588 728 3667 ἐκεῖνος,
781 3591 897 3654 οὐδὲ
952 3591 1487 3671 ἀπηρυθριασμένως.
1545 3588 1624 3649 ⁸0
1680 3589 1735 3649 δὲ
1778 3590 1964 3670 λέγει,

372 3687 602 3747 τοιοῦτόν
632 3685 678 3721 ⁰¹
732 3685 845 3743 ἐστι
871 3705 885 3720 ·
923 3680 1043 3761 Πρὸ
1087 3685 1180 3739 τοῦ
1221 3682 1469 3752 ἐνστῆναι
1520 3677 1608 3739 τὸν
1643 3679 1826 3760 καιρὸν
1873 3686 1965 3739 τοῦ

374 3777 784 3858 Ἀντιχρίστου,Δ
819 3771 1004 3852 εὑρέθη
1055 3771 1212 3838 ἄλλος
1260 3771 1318 3829 οὗ
1357 3768 1492 3830 πολὺ
1533 3769 1732 3829 ἐκείνου
1782 3770 1967 3829 λειπό-

375 3853 568 3943 μενος.-
596 3864 667 3925 Τί
724 3853 814 3922 οῦν
867 3859 1209 3937 θαυμαστὸν,
1262 3861 1307 3943 si
1371 3859 1476 3931 ἤδη
1527 3862 1554 3917 ὁ
1612 3858 1969 3939 Ἇντίχριστός

374 3940 548 4031 iam;
607 3951 1085 4029 Συνεσκιασμένως
1132 3949 1188 4009 δὲ
1243 3940 1362 4010 εἶπε
1402 3952 1525 4032 περὶ
1565 3954 1656 4008 τοῦ
1697 3950 1968 4029 Νέρωνος,

372 4048 431 4105 οὗ
457 4046 544 4106 διὰ
578 4042 818 4105 δουλείαν
838 4087 854 4117 ,
884 4040 1022 4102 ἀλλὰ
1054 4039 1321 4099 παιδεύων
1349 4040 1440 4099 καὶ
1469 4044 1610 4117 ἡμᾶς
1630 4084 1647 4116 ,
1682 4036 1758 4114 μὴ
1786 4063 1969 4119 περιτ-

371 4134 463 4203 τὰς
497 4134 684 4216 ἔχθρας
724 4131 1102 4211 ἀναδέχεσθαι,
1131 4128 1256 4189 ὅταν
1289 4119 1509 4209 μηδὲνῇ
1538 4128 1598 4188 τὸ
1631 4129 1965 4208 κατεπεῖγον.

463 4248 494 4285 α
542 4224 720 4286 Μόνον
751 4226 780 4281 6
803 4219 1048 4300 κατέχων
1080 4219 1234 4299 ἄρτι,
1283 4218 1380 4286 ἕως
1422 4221 1482 4278 ἐκ
1518 4218 1684 4295 μέσου
1719 4217 1970 4295 γένηται,

384 4315 477 4375 καὶ
516 4313 638 4374 τότε
679 4311 1187 4388 ἀποκαλυφθήσεται
1239 4315 1268 4370 6
1308 4310 1526 4388 ἄνομος.
1580 4331 1609 4367 ι
1645 4308 1969 4386 Τουτέστιν,

370 4409 405 4477 ἡ
435 4405 577 4485 ἀρχὴ
601 4408 634 4475 ἡ
668 4401 950 4475 Ῥωμαῖκὴ
977 4396 1101 4457 ὅταν
1128 4401 1263 4479 ἀρθῇ
1301 4402 1359 4458 ἐκ
1400 4399 1563 4477 μέσου
1584 4443 1600 4471 ,
1628 4398 1748 4459 τότε
1776 4400 1970 4485 ἐκεῖνος

2076 3250 2355 3305 Neronem
2407 3248 2487 3305 ita
2516 3248 2774 3322 appellat,
2812 3248 2907 3321 qui
2949 3257 3067 3305 erat
3111 3249 3285 3321 ﬁgura
3332 3247 3680 3304 Antichristi.

2078 3338 2293 3394 Etenim
2315 3338 2641 3395 immundus
2660 3347 2800 3404 erat,
2818 3354 2881 3394 ac
2907 3342 3056 3395 Deus
3076 3338 3359 3410 quaerebat
3384 3338 3680 3408 nominari,

2078 3427 2313 3483 Pulchre
2340 3437 2550 3496 autem,
2588 3430 2930 3497 Mysterium,
2963 3428 3095 3484 dicit
3124 3446 3138 3484 :
3165 3444 3282 3484 non
3310 3428 3459 3495 enim
3498 3428 3683 3500 palam

2074 3519 2219 3572 Nero
2260 3515 2526 3572 adversus
2554 3532 2782 3573 omnem
2808 3520 2990 3572 Deum
3016 3516 3238 3583 incedit,
3265 3525 3328 3571 ut
3357 3518 3467 3584 ille,
3506 3532 3684 3589 neque

2078 3604 2443 3676 impudenter.
2500 3605 2665 3677 Quod
2710 3614 2896 3661 autem
2943 3605 3100 3672 dicit,
3154 3613 3239 3662 est
3294 3605 3613 3678 hujusmodi
3662 3625 3676 3663 :

2076 3694 2405 3767 Priusquam
2425 3694 2658 3750 instaret
2685 3701 2905 3766 tempus
2930 3694 3280 3761 Antichristi,
3312 3696 3568 3750 inventus
3600 3702 3682 3750 est

2078 3784 2221 3841 alius
2244 3785 2337 3840 illo
2369 3799 2482 3840 non
2507 3784 2686 3840 multo
2715 3783 2959 3840 inferior.
3002 3783 3145 3853 Quid
3169 3784 3335 3857 igitur
3370 3784 3602 3849 mirum,
3632 3786 3679 3842 si

2069 3874 2188 3948 jam
2205 3872 2581 3930 Antichristus
2609 3881 2692 3929 est
2710 3876 2735 3929 ?
2754 3872 3004 3930 Obscure
3031 3880 3218 3929 autem
3238 3872 3345 3928 hoc
3370 3874 3438 3930 de
3456 3876 3678 3930 Nerone

2077 3963 2233 4032 dixit,
2259 3979 2376 4019 non
2402 3970 2585 4020 metus
2615 3978 2747 4020 sane
2773 3977 2961 4030 causa,
3005 3978 3195 4019 verum
3228 3971 3291 4018 ut
3314 3962 3532 4020 erudiat
3553 3978 3676 4031 nos,

2082 4069 2153 4111 ne
2194 4068 2628 4126 supervacaneas
2673 4052 2993 4110 inimicitias
3028 4053 3420 4126 suscipiamus,
3466 4053 3514 4108 si
3542 4052 3682 4109 nihil

2080 4152 2287 4217 urgeat.

2157 4237 2392 4289 Tantum
2414 4240 2477 4290 ut
2499 4237 2597 4307 qui
2621 4238 2763 4289 tenet
2787 4250 2952 4295 nunc,
2988 4238 3185 4297 teneat,
3214 4234 3381 4288 donec
3406 4235 3472 4288 de
3504 4235 3682 4289 medio

2078 4328 2194 4395 ﬁat,
2218 4329 2268 4380 et
2297 4330 2423 4379 tunc
2440 4324 2770 4379 revelabitur
2803 4324 2895 4378 ille
2924 4326 3169 4393 iniquus.
3200 4324 3322 4378 Hoc
3351 4332 3455 4388 est,
3478 4326 3683 4379 Roma-

2077 4429 2213 4469 num
2236 4414 2529 4485 imperium
2541 4413 2763 4486 quando
2793 4413 3071 4470 sublatum
3098 4412 3308 4470 fuerite
3330 4412 3534 4481 medio,
3562 4422 3683 4469 tum

370 4481 684 4567 ἥξείξθεως
732 4489 825 4567 μὲν
866 4489 969 4569 γὰρ
994 4487 1058 4546 ἂν
1088 4490 1116 4546 6
1145 4486 1343 4559 ταύτης
1386 4491 1481 4559 τῆς
1507 4491 1679 4569 ἀρχῆς
1705 4488 1865 4571 φόϐος
1900 4481 1970 4569 ᾗ,

2083 4504 2168 4560 ille
2191 4481 2386 4560 veniet.
2420 4481 2680 4574 Quandiu
2696 4504 2849 4559 enim
2877 4503 3041 4576 hujus
3059 4503 3277 4573 imperii
3299 4503 3469 4559 timor
3492 4502 3681 4571 fuerit,

371 4586 538 4651 οὐδεὶς
580 4581 789 4663 ταχέως
837 4577 1257 4658 ὑποταγήσεται.
1304 4577 1482 4637 ⁰Οταν
1530 4579 1585 4637 δὲ
1617 4577 1752 4650 αὕτη
1800 4603 1968 4638 κατα-

370 4675 540 4755 λυθῇ,
593 4670 909 4743 ἐπιθήσεται
950 4673 1015 4748 τῇ
1047 4667 1308 4748 ἀναρχία,
1351 4668 1443 4727 καὶ
1495 4666 1592 4739 τὴν
1632 4671 1737 4728 τῶν
1769 4670 1969 4751 ἀνθρώ-

371 4788 485 4823 πων
507 4811 523 4839 ,
552 4765 642 4823 καὶ
670 4761 766 4833 τὴν
799 4765 892 4820 τοῦ
925 4763 1066 4822 Θεοῦ
1099 4757 1426 4838 ἐπιχειρήσει
1466 4758 1720 4837 ἁρπάζειν
1767 4759 1963 4840 ἀρχήν.

370 4853 586 4929 Ὥσπερ
634 4850 737 4930 γὰρ
768 4852 823 4909 αἱ
870 4849 973 4930 πρὸ
1021 4847 1217 4918 ταύτης
1253 4846 1620 4920 κατελύθησαν
1665 4851 1965 4928 βασιλεῖαι,

371 4935 477 5004 οἷον
505 4949 541 5016 ἡ
573 4942 781 5013 Μήδων
811 4938 914 4999 ὑπὸ
958 4942 1062 4997 τῶν
1107 4937 1461 4998 Βαϐυλωνίων
1482 4985 1500 5015 ,
1530 4942 1565 5010 ἡ
1612 4937 1967 4998 Βαϐυλωνίων

370 5033 474 5092 ὑπὸ
505 5036 609 5091 τῶν
643 5033 891 5110 Περσῶν,
937 5035 966 5103 ἡ
1002 5031 1225 5107 Περσῶν
1251 5028 1353 5087 ὕπὸ
1379 5027 1745 5100 Μακεδόνων,
1780 5035 1812 5103 ἡ
1842 5033 1968 5090 Μα-

371 5121 597 5183 κεδόνων
643 5120 747 5181 ὑπὸ
811 5118 1127 5196 Ῥωμαίων
1180 5115 1320 5179 οὕτω
1377 5117 1469 5177 καὶ
1529 5118 1666 5191 αὕτη
1719 5119 1822 5179 ὑπὸ
1876 5126 1968 5180 τοῦ

370 5211 753 5292 Ἀντιχρίστου.
798 5208 910 5270 Καὶ
946 5213 1118 5268 ταῦτα
1149 5206 1287 5286 μετὰ
1311 5208 1513 5280 πολλῆς
1543 5212 1637 5281 τῆς
1680 5208 1969 5290 σαφηνείας

374 5307 501 5378 ἡμῖν
531 5306 561 5361 6
584 5299 790 5372 Δανιὴλ
813 5298 1180 5379 παρατίθεται.
1214 5296 1367 5365 Τινὲς
1387 5298 1440 5357 δὲ
1464 5296 1544 5369 τὸ,
1574 5320 1605 5356 α
1636 5301 1912 5381 Κατέχων,
1930 5324 1957 5360 »

372 5393 470 5466 τήν
524 5388 963 5470 εἰδωλολατρείαν
1008 5389 1256 5461 ἐνόησαν.
1294 5382 1473 5448 Ὅταν
1513 5387 1641 5471 γὰρ,
1692 5389 1888 5471 φασὶν,
1933 5396 1967 5465 ἡ

443 5564 471 5589 ιι
499 5556 644 5621 Dan,
674 5567 745 5618 Π,
778 5556 845 5607 37
875 5566 990 5623 sqq.

2076 4610 2189 4650 non
2218 4593 2374 4650 facile
2410 4594 2697 4667 quisquam
2726 4592 3061 4665 subjicietur.
3107 4594 3190 4647 E0
3220 4608 3350 4648 vero
3393 4592 3681 4662 dissoluto,

2075 4699 2246 4740 vacuo
2276 4682 2620 4740 insidiabitur
2664 4682 2917 4755 imperio,
2965 4683 3123 4754 eique
3168 4681 3410 4746 instabit,
3462 4681 3684 4739 conabi-

2073 4781 2271 4846 turque
2294 4789 2420 4830 cum
2466 4773 2780 4839 hominum,
2813 4779 2934 4828 tum
2982 4771 3086 4827 Dei
3117 4770 3419 4844 imperium
3470 4787 3681 4844 rapere.

2074 4865 2218 4920 Nam
2247 4861 2470 4935 perinde
2495 4862 2665 4934 538
2693 4877 2757 4918 ac
2782 4862 2887 4916 alia
2906 4869 3039 4917 ante
3067 4859 3217 4917 istud
3243 4861 3472 4933 imperia
3500 4860 3678 4918 disso-

2076 4952 2188 5009 luta
2243 4961 2394 5020 sunt,
2440 4952 2613 5008 veluti
2652 4949 2945 5007 Medorum
2983 4968 3013 5006 a
3056 4949 3392 5022 Babyloniis,
3446 4949 3683 5024 Babylo-

2076 5041 2297 5098 niorum
2340 5056 2472 5099 vero
2520 5057 2552 5097 a
2608 5041 2807 5109 Persis,
2854 5043 3151 5097 Persarum
3181 5056 3211 5095 a
3263 5038 3684 5110 Macedonibus,

2076 5131 2448 5187 Macedonum
2468 5146 2499 5187 a
2522 5129 2794 5186 Romanis
2822 5148 2837 5186 :
2866 5129 3014 5186 hunc
3034 5129 3104 5186 ad
3128 5128 3362 5185 modum
3382 5130 3684 5186 Romanun

2076 5220 2146 5277 ab
2174 5220 2543 5277 Antichristo.
2574 5222 2758 5292 Atque
2785 5219 2904 5276 haec
2942 5219 3117 5275 multa
3143 5233 3270 5275 cum
3297 5218 3683 5291 perspicuitate

2076 5308 2270 5365 Daniel
2297 5309 2463 5366 nobis
2490 5309 2752 5383 proponit
2777 5319 2822 5366 ιι.
2865 5308 3109 5379 Quidam
3136 5324 3286 5376 vero,
3326 5309 3389 5365 1d
3411 5309 3554 5379 quod
3590 5308 3682 5363 dc-

2078 5402 2239 5470 tinet,
2285 5398 2653 5456 idololatriam
2700 5399 3103 5456 intellexerunt.
3159 5399 3298 5456 Cum
3362 5397 3541 5467 enim,
3594 5396 3680 5453 in-

1774 5624 1962 5685 Variae
2005 5626 2310 5684 lectiones.

444 5740 489 5773 9°
518 5743 677 5813 μάτην
704 5756 759 5797 0.
829 5739 873 5774 ⁸⁸
900 5740 1048 5794 τοῦτό
1081 5755 1133 5796 0.
