4104 6450
393 416 525 473 1343

1407 413 1925 471 THEOPHYLACTI
1962 413 2322 470 BULGARl/E
2359 412 2670 469 ARCHIEP.

3565 408 3705 464 1344

388 540 606 611 quiunt,
659 553 813 596 error
880 538 972 611 qui
1019 537 1249 608 detinet,
1296 538 1541 608 desierit,
1595 539 2015 613 idolorumque,

2122 541 2396 620 κατέχουσα
2445 540 2623 612 πλάνη
2675 536 2972 609 παύσεται,
3027 537 3120 596 xui
3185 541 3219 608 ἡ
3284 533 3699 615 είδωλολατρεία

386 630 564 686 cultus
591 629 754 685 fuerit
781 629 1102 697 exstinctus,
1131 637 1254 686 tum
1305 631 1685 687 Antichristus
1721 629 1993 696 adveniet,

384 717 860 793 quemadmodum
910 728 965 776 et
1009 720 1285 776 Dominus
1336 719 1474 777 dixit
1523 740 1541 776 :
1595 721 1996 776 Prcedicabitur

390 811 746 878 Evangelium
773 810 868 864 hoc
917 812 976 864 in
1007 812 1369 865 testimonium
1410 812 1509 880 eis,
1543 815 1759 880 tumque
1800 811 1996 874 aderit,

390 901 520 970 ﬁnis
544 910 590 954 ν.
623 899 732 954 Alii
773 907 962 954 autem
1001 898 1055 955 id
1099 897 1250 972 quod
1292 899 1523 968 detinet,
1558 899 1655 955 Dei
1695 900 1998 955 terminum

390 989 767 1044 nominarunt.
825 987 1060 1059 Quando
1131 989 1303 1054 enim,
1361 989 1637 1062 inquiunt,
1691 989 2000 1060 completus

391 1077 561 1134 fuerit
614 1077 882 1133 terminus
922 1078 1045 1147 Dei,
1089 1079 1181 1150 qui
1225 1094 1377 1134 nunc
1419 1078 1633 1134 detinet
1673 1077 1997 1134 Antichristi

394 1166 719 1236 adventum,
748 1175 1078 1239 tempusque
1110 1167 1188 1224 illi
1217 1167 1545 1241 prmﬁnitum
1575 1168 1853 1235 institerit,
1877 1175 1998 1223 tum

393 1255 738 1313 revelabitur.
788 1257 1019 1314 Dictum
1054 1265 1141 1314 est
1164 1265 1376 1324 autem,
1403 1257 1695 1313 nonnullos
1730 1271 1995 1323 asserere,

393 1346 658 1418 Spiritum
697 1356 955 1402 sanctum
981 1361 1104 1402 esse
1138 1361 1437 1402 remoram.
1471 1346 1704 1416 Quando
1734 1347 1884 1402 enim
1913 1346 2000 1402 ille

396 1443 619 1508 propter
637 1435 843 1492 scelera
879 1436 1197 1492 mortalium
1219 1452 1249 1492 e
1269 1435 1453 1492 medio
1487 1437 1736 1492 sublatus
1750 1433 1915 1492 fuerit
1937 1451 2002 1491 ac

395 1523 670 1592 defecerit,
705 1524 858 1580 locus
887 1532 1008 1580 tum
1067 1524 1410 1597 relinquetur
1460 1525 1666 1596 iniquo,
1712 1532 1774 1580 ut
1801 1525 2004 1580 revele-

396 1621 508 1670 tur.
543 1618 623 1669 Ae
651 1613 1005 1686 principium,
1045 1613 1238 1686 inquit,
1266 1614 1499 1686 sumpsit
1541 1615 1864 1688 mysterium
1893 1614 2002 1670 ini-

399 1702 643 1776 quitatis.
703 1703 915 1758 Etenim
969 1703 1164 1759 Simon
1211 1712 1266 1759 et
1316 1704 1576 1761 Nicolaus
1623 1703 2003 1760 haeresiarchas

399 1807 523 1864 quae
567 1791 883 1850 Antichristi
931 1801 1087 1848 erant
1133 1794 1522 1865 operabantur,
1555 1793 1854 1866 exterique
1902 1793 2006 1848 bos

2107 629 2335 710 σϐεσθῇ,
2367 628 2487 688 τότε
2522 634 2551 688 6
2583 627 2941 708 Ἀντίχριστος
2983 625 3369 698 ἐπιστήσεται,
3411 623 3480 690 ὥς
3513 646 3618 680 που
3649 621 3703 658 ⁰²

2105 719 2198 778 xui
2228 708 2497 798 61";le
2526 708 2672 778 εἶπεο
2725 741 2754 775 ιι
2797 714 3220 798 Κηρυχθήσεται
3265 713 3328 774 τὸ
3375 711 3704 791 Εὖαγγέλιον

2107 811 2178 875 εἷς
2227 807 2515 889 μαρτύριον
2569 811 2774 880 αὖτοῖς,
2835 806 2927 866 xui
2982 805 3102 864 τότε
3162 804 3276 877 ἥξει
3340 804 3402 862 τὸ
3454 802 3618 869 τέλος.
3667 825 3698 859 n

2105 895 2285 958 Ἄλλοι
2303 900 2382 970 δὲ,
2421 921 2450 956 u
2478 896 2760 979 Κατέχων,
2781 919 2811 955 n
2844 897 3134 974 ὠνόμασαν
3155 895 3244 954 τὸν
3269 899 3363 954 τοῦ
3393 893 3537 953 Θεοῦ
3567 891 3704 974 ερον.

2104 984 2283 1049 ⁶⁷Οταν
2314 987 2449 1068 γὰρ,
2486 988 2616 1067 φασὶ
2644 1035 2658 1060 ,
2689 990 2949 1066 πληρωθῇ
3003 988 3031 1044 6
3062 991 3152 1045 τοῦ
3184 988 3326 1047 Θεοῦ
3367 982 3518 1065 ὅρος,
3549 985 3578 1040 6
3615 986 3704 1039 νῦν

2109 1078 2352 1156 κατέχων
2380 1078 2478 1150 τὴν
2508 1084 2598 1137 τοῦ
2640 1077 3000 1156 Ἀντιχρίστου
3024 1074 3356 1156 παρουσίαν,
3384 1073 3475 1132 καὶ
3515 1073 3705 1150 ἐπιστῇ

2108 1171 2136 1225 6
2159 1168 2448 1246 ὡρισμένος
2511 1169 2652 1248 αὐτῷ
2703 1166 2882 1248 καιρὸς
2905 1215 2917 1239 ,
2989 1166 3110 1226 τότε
3177 1161 3704 1248 ἀποκαλυφθήσεται.

2111 1244 2341 1336 Εἴρηται
2373 1257 2426 1316 δὲ
2454 1259 2536 1316 δτι
2567 1244 2659 1316 xui
2683 1244 2910 1334 Πνεῧμα
2946 1255 3008 1315 τὸ
3040 1253 3190 1330 ἅγιον
3223 1245 3370 1314 εἶπόν
3398 1275 3536 1319 τινες
3574 1244 3709 1309 εἶναι

2109 1346 2169 1404 τὸ
2207 1347 2454 1428 κατέχον.
2496 1345 2673 1408 Ὅταν
2702 1347 2805 1426 γὰρ
2839 1353 2992 1406 τοῦτο
3023 1347 3110 1404 διὰ
3143 1343 3238 1416 τὴν
3283 1349 3387 1403 τῶν
3420 1340 3710 1421 ἀνθρώπων

2110 1436 2304 1495 κακίαν
2363 1440 2424 1496 ἐκ
2471 1437 2638 1513 μέσου
2686 1437 2905 1516 γένηται
2964 1435 3057 1495 xui
3119 1439 3358 1514 ἀποστῇ,
3415 1435 3708 1504 τηνικαῦτα

2109 1525 2292 1606 χώραν
2321 1525 2424 1596 ἕξει
2454 1531 2483 1584 6
2521 1527 2714 1604 ἄνομος
2743 1528 3207 1607 ἀποκαλυφθῆναι.
3259 1523 3370 1584 Καὶ
3410 1521 3579 1602 ἀρχὴν
3625 1520 3711 1593 δὲ,

2111 1616 2305 1695 φησὶν,
2350 1616 2534 1698 εἴληφε
2590 1617 2650 1676 τὸ
2697 1618 2988 1693 μυστήριον
3038 1619 3133 1686 τῆς
3177 1613 3416 1691 ἀνομίας.
3455 1611 3566 1674 Καὶ
3606 1608 3710 1688 γὰρ

2113 1704 2298 1766 Σίιιων
2343 1709 2435 1766 καὶ
2476 1705 2743 1774 Νικόλαος
2790 1709 2839 1766 οἱ
2895 1707 2949 1764 αἱ
3088 1704 3103 1727 ¹
3343 1701 3356 1724 ⁸
3467 1705 3502 1721 ⁴”⁹
3545 1699 3709 1760 Ἀντι-

2184 1765 2194 1782 ,
2955 1727 3258 1785 ρεσιαρχαι,
3301 1727 3370 1762 τα
3409 1725 3502 1761 του

2112 1795 2334 1874 χρίστου
2385 1795 2673 1875 ἐνήργουν,
2723 1795 2814 1855 καὶ
2847 1799 2896 1855 οἱ
2947 1795 3082 1873 μετὰ
3117 1792 3328 1860 τούτους
3375 1791 3429 1851 δὲ
3474 1790 3710 1866 πάντες,

399 1882 571 1938 secuti
597 1897 807 1949 omnes,
842 1883 1106 1952 Marcion,
1150 1887 1465 1951 Montanus,
1494 1884 1588 1955 qui
1614 1883 1856 1956 seipsum
1904 1886 2000 1939 Pa-

2122 1884 2378 1965 Μαρκίων
2407 1887 2498 1945 καὶ
2547 1885 2856 1958 Μοντανὸς,
2903 1884 2959 1952 ὃς
2989 1884 3082 1944 καὶ
3133 1884 3496 1964 Παράκλητον
3526 1877 3712 1939 ἑαυτὸν

397 1971 662 2028 raeletum
706 1971 1041 2040 nominavit,
1085 1980 1142 2028 et
1169 1975 1360 2029 Manes
1403 1981 1570 2046 atque
1597 1972 1704 2028 alii.
1739 1975 1826 2030 Tu
1877 1986 2006 2028 vero

399 2059 506 2117 divi
535 2060 762 2117 Joannis
807 2062 1189 2135 Cbrysostomi
1213 2063 1641 2130 enarrationem,
1668 2077 1767 2119 ceu
1792 2061 2007 2120 veritati

402 2152 580 2225 magis
600 2168 930 2222 consonam,
953 2153 1188 2225 suscipe.

473 2244 650 2298 Vens.
704 2248 760 2298 8.
797 2245 962 2310 Quem
991 2246 1255 2299 Dominus
1302 2246 1456 2299 Iesus
1498 2245 1779 2314 interﬁciet
1811 2246 2012 2313 spiritu

403 2333 515 2387 oris
583 2333 691 2396 sui,
749 2337 798 2388 et
855 2333 1098 2389 destruet
1153 2335 1521 2389 illustrations
1578 2334 1848 2388 adventus
1901 2334 2010 2389 sui.

402 2421 663 2477 Proxima
689 2429 774 2478 est
795 2422 1097 2479 consolatio
1127 2442 1140 2478 :
1181 2432 1472 2480 consumet
1494 2423 1642 2478 enim
1687 2423 1874 2495 ipsum
1901 2426 2014 2480 Do-

404 2510 609 2568 minus.
635 2509 864 2568 Perinde
895 2510 1042 2568 enim
1072 2521 1133 2569 ut
1175 2512 1316 2585 ignis
1344 2513 1512 2569 etiam
1552 2520 1683 2568 ante
1710 2512 2013 2569 adventum

403 2615 590 2668 uum,
612 2616 744 2657 cum
769 2600 952 2658 adhuc
979 2603 1169 2674 procul
1191 2601 1374 2671 fuerit,
1405 2602 1660 2659 bestiolas
1681 2609 1873 2658 tamen
1895 2609 2014 2658 tor-

407 2710 535 2766 pere
559 2694 688 2752 i'aeit
727 2695 1080 2768 absumitque
1128 2715 1141 2753 :
1175 2695 1321 2753 hunc
1355 2696 1426 2754 ad
1477 2694 1716 2753 modum
1757 2695 2017 2753 Christus

404 2783 488 2840 vel
521 2786 641 2842 solo
672 2785 930 2858 imperio,
966 2785 1080 2843 sive
1110 2785 1306 2842 afﬂatu
1336 2787 1570 2860 Spiritus
1617 2787 1794 2844 sancti
1825 2786 2014 2858 pleno,

405 2873 608 2930 delebit
644 2874 850 2946 ipsum,
896 2874 1124 2946 soloque
1151 2874 1391 2932 adventu
1443 2875 1710 2944 abolebit,
1759 2877 1866 2932 hoc
1909 2884 2019 2942 est,

409 2963 640 3020 omnino
665 2963 1004 3022 inefﬁcacem
1035 2963 1246 3022 reddet.
1279 2965 1392 3022 Ubi
1431 2965 1583 3022 enim
1611 2965 1764 3022 visus
1803 2973 2020 3021 tantum

411 3053 600 3124 fuerit,
629 3055 787 3111 sistet
814 3054 1220 3128 deceptionem.

484 3235 670 3290 Vens.
703 3239 756 3288 9.
803 3236 963 3305 Cujus
997 3235 1266 3290 adventus
1304 3238 1381 3289 est
1427 3235 1718 3290 secundum
1756 3237 2019 3305 operatio-
2049 3203 2095 3267 C

412 3340 534 3380 nem
560 3326 799 3379 Satanw.
843 3324 1111 3392 Quisnam
1155 3323 1242 3379 ille
1270 3323 1361 3390 sit,
1401 3339 1505 3379 nos
1536 3321 1723 3391 docet,
1752 3324 2018 3381 nimirum

415 3413 585 3469 homo
615 3412 707 3484 qui
726 3414 984 3469 Satanam
1002 3413 1056 3468 in
1077 3429 1136 3469 se
1159 3413 1328 3469 habet
1351 3422 1671 3485 operantem
1695 3430 1790 3486 per
1819 3414 2017 3486 ipsum.

487 3505 554 3557 In
584 3504 732 3556 omni
757 3504 977 3566 virtute,
1001 3508 1049 3557 et
1070 3505 1265 3571 signis,
1289 3509 1338 3558 et
1348 3504 1623 3573 prodigiis
1643 3505 2017 3561 mendacibus.

415 3597 538 3650 Hoc
563 3601 666 3660 est,
697 3609 922 3650 omnem
974 3594 1274 3667 potentiam
1307 3610 1420 3667 prae
1449 3611 1508 3652 se
1555 3595 1712 3660 feret,
1744 3595 1841 3653 sed
1882 3596 2021 3653 nihil

417 3681 524 3737 veri
546 3680 783 3746 habebit,
815 3683 999 3738 omnia
1041 3698 1169 3740 vero
1204 3691 1432 3756 propter
1460 3683 1849 3758 imposturam.
1877 3691 2022 3742 Pro-

417 3770 583 3838 digiis
623 3771 771 3826 enim
815 3772 1181 3835 mendacibus,
1224 3771 1329 3828 hoc
1367 3780 1451 3828 est
1505 3774 1768 3840 mentitis,
1818 3774 1901 3830 vel
1953 3775 2024 3832 ad

418 3859 764 3916 mendacium
795 3859 1119 3918 ducentibus
1159 3876 1256 3917 eos
1297 3862 1394 3934 qui
1436 3863 1694 3920 animum
1718 3863 1797 3920 eis
1825 3863 2020 3920 adver-

419 3957 560 4005 tunt.
600 3951 737 4006 Hinc
763 3957 951 4006 autem
976 3950 1224 4022 pmdicit
1260 3951 1482 4021 Paulus,
1509 3967 1580 4008 ne
1622 3952 1956 4010 seducantur
1983 3954 2024 4009 ii

420 4039 515 4111 qui
549 4047 669 4096 tum
698 4040 890 4096 victuri
921 4049 1071 4097 sunt.

494 4131 669 4186 Vnus.
699 4136 780 4184 10.
815 4133 884 4186 Et
903 4133 961 4184 in
983 4133 1133 4186 omni
1156 4131 1467 4186 seductione
1495 4133 1812 4201 iniquitatis
1838 4135 1908 4188 iis
1931 4136 2027 4203 qui

413 4224 666 4287 pereunt.
708 4219 1001 4274 Horribilis
1043 4219 1146 4274 erit
1186 4217 1433 4291 undique
1465 4235 1577 4291 prae
1625 4227 1915 4293 potestate,
1962 4239 2024 4278 ex

421 4306 739 4362 crudelitate
756 4309 947 4362 omnia
981 4307 1209 4375 faciens,
1232 4315 1294 4364 ut
1325 4307 1573 4380 imponat
1591 4318 1752 4382 atque
1773 4310 2028 4382 iniuriam

2114 1974 2390 2050 ὠνόμασε,
2422 1974 2515 2033 xui
2557 1976 2782 2051 Μάνης,
2809 1976 2899 2034 xui
2929 1979 2976 2033 οἱ
3007 1974 3180 2034 ἄλλοι.
3213 1971 3376 2033 Ἀλλὰ
3405 1967 3470 2029 σὺ
3497 1967 3594 2041 τὴν
3620 1971 3713 2028 τοῦ

2117 2065 2170 2122 ἕν
2209 2063 2376 2143 ἁγίοις
2407 2063 2660 2126 Ἰωάννου
2695 2063 2855 2146 δέχου
2905 2061 3151 2142 ἐξήγησιν
3171 2110 3188 2142 ,
3220 2063 3292 2130 ὣς
3332 2059 3711 2140 ἀληθεστέραν.

2205 2266 2231 2299 α
2278 2242 2385 2304 εῸν
2433 2247 2462 2304 6
2520 2242 2710 2325 Κύριος
2755 2243 2966 2316 Ἰησοῦς
2999 2239 3266 2300 ἀναλώσει
3307 2243 3388 2323 τῷ
3431 2237 3717 2316 Πνεύματι

2119 2338 2211 2391 τοῦ
2264 2332 2528 2411 στόματος
2599 2336 2802 2410 αὑτοῦ,
2867 2334 2960 2392 xui
3015 2329 3346 2410 καταργήσει
3531 2331 3719 2408 ἐπιφαο

2121 2422 2233 2501 νείᾳ
2297 2426 2392 2495 τῆς
2439 2423 2732 2503 παρουσίας
2792 2424 2968 2483 αὑτοῦ.
3025 2443 3054 2479 ν
3116 2419 3313 2499 Ἐγγὺς
3360 2423 3395 2490 ἡ
3456 2441 3715 2498 παραμυ-

2121 2510 2207 2570 θία
2228 2536 2240 2548 ο
2267 2511 2534 2571 ἀναλώσει
2567 2512 2672 2593 γὰρ
2697 2511 2855 2572 αὐτὸν
2895 2515 2924 2570 6
2951 2510 3168 2590 Κύριος.
3201 2509 3459 2588 Καθάπερ
3515 2507 3620 2588 γὰρ
3658 2505 3723 2566 τὸ

2121 2607 2228 2682 πῦρ
2277 2601 2369 2661 xui
2417 2601 2522 2681 πρὸ
2549 2605 2645 2671 τῆς
2691 2601 2990 2683 παρουσίας
3034 2603 3196 2660 αὐτοῦ
3237 2597 3546 2680 πόῤῥωθεν,
3577 2597 3723 2674 ὅμως

2123 2691 2191 2749 τὰ
2221 2690 2384 2770 μικρᾶ
2436 2690 2642 2772 ζωΰφια
2690 2699 2891 2773 ναρκᾷν
2922 2697 3065 2751 ποιεῖ
3109 2689 3202 2749 xui
3235 2686 3535 2748 ἀναλίσκει·
3582 2684 3722 2745 οὕτω

2125 2780 2216 2838 xui
2243 2783 2272 2838 6
2321 2781 2550 2861 Χριστὸς
2581 2784 2656 2862 τῷ
2700 2779 3024 2858 ἐπιτάγματι
3069 2780 3247 2861 μόνῳ,
3284 2777 3404 2852 ἤτοι
3437 2779 3516 2857 τῷ
3552 2777 3724 2855 ἐμφυ-

2127 2868 2361 2946 σήματι,
2434 2875 2514 2951 τῷ
2563 2869 2884 2947 Πνεύματος
2958 2870 3110 2948 ἆγίου
3166 2874 3418 2949 γέμοντι,
3475 2865 3724 2945 ἀφανίσει

2129 2958 2314 3032 αὐτὸν,
2357 2960 2448 3018 xui
2574 2960 2839 3042 παρουσία
2879 2958 3014 3038 μόνῃ
3045 2957 3406 3038 καταργήσει,
3442 2956 3684 3015 τουτέστι
3707 3001 3723 3031 ,

2130 3051 2399 3117 παντελῶς
2456 3051 2620 3128 ἀργὸν
2677 3049 2913 3124 ποιήσει.
2977 3049 3087 3110 Καὶ
3141 3047 3317 3130 φανεὶς
3374 3045 3476 3128 γὰρ
3533 3045 3726 3124 μόνον,

2125 3137 2309 3208 στήσει
2335 3137 2434 3211 τὴν
2466 3140 2701 3211 ἀπάτην.

2212 3249 2242 3285 α
2277 3221 2360 3288 Οἷ
2412 3231 2555 3288 ἐστιν
2598 3233 2632 3301 ἡ
2670 3229 2940 3309 παρουσία
2995 3227 3135 3287 κατὰ
3189 3225 3286 3299 τὴν
3334 3225 3597 3305 ἐνέργειαν
3637 3230 3731 3284 τοῦ

2129 3319 2371 3380 Σατανᾶ.
2403 3339 2434 3376 ›)
2468 3317 2566 3386 Τίς
2595 3321 2736 3379 ἐστιν
2757 3309 2934 3394 οὗτος,
2964 3317 3200 3377 διδάσκει
3227 3320 3393 3392 ἡμᾶς,
3421 3313 3500 3374 ὅτι
3531 3314 3732 3397 ἄνθρω-

2127 3431 2223 3475 πος
2243 3406 2379 3488 ἔχων
2399 3409 2488 3467 τὸν
2510 3411 2756 3468 Σατανᾶν
2779 3411 2832 3467 ἐν
2846 3411 3046 3488 ἐαυτῷ,
3065 3408 3133 3465 δι’
3148 3407 3310 3465 αὐτοῦ
3327 3406 3637 3486 ἐνεργοῦντα
3655 3403 3727 3462 ⁰³.

2214 3522 2245 3553 α
2299 3497 2394 3557 Ἐν
2444 3499 2594 3577 πάσῃ
2635 3498 2884 3573 δυνάμει,
2936 3496 3028 3555 xui
3077 3495 3346 3572 σημείοις,
3402 3493 3494 3553 xui
3542 3492 3731 3571 τέρασι

2129 3586 2369 3668 ψεύδους.
2434 3608 2464 3644 ι)
2536 3585 2828 3660 Τουτέστι,
2885 3594 3065 3646 πᾶσαν
3114 3583 3429 3652 ἐπιδείξεται
3477 3582 3730 3657 δύναμιν,

2133 3678 2251 3735 ἀλλ’
2275 3677 2423 3736 οὐδὲν
2449 3676 2656 3749 ἀληθὲς,
2686 3676 2825 3735 ἀλλὰ
2848 3675 3026 3734 πάντα
3046 3673 3177 3754 πρὸς
3199 3673 3433 3744 ἀπάτην.
3480 3696 3508 3729 ιι
3526 3671 3733 3750 Τέρασι

2133 3765 2234 3844 γὰρ
2264 3764 2506 3846 ψεύδους,
2549 3787 2579 3824 ››
2623 3765 2867 3826 τουτέστι
2910 3773 3016 3831 τοῖς
3045 3765 3456 3846 διεψευσμένοις,
3503 3761 3620 3834 ἤτοι
3661 3763 3733 3826 εἷς

2131 3857 2320 3936 ψεῦδος
2363 3855 2552 3934 ἄγουσι
2602 3853 2726 3922 τοὺς
2777 3855 2954 3922 αὐτοῖς
3008 3853 3384 3935 προσέχοντας.
3434 3854 3624 3911 Ταῦτα
3675 3851 3730 3909 δὲ

2131 3945 2381 4025 προλέγει
2415 3946 2627 4013 Παῦλος
2647 3991 2664 4020 ,
2695 3942 2783 4003 ἵνα
2817 3943 2893 4021 μὴ
2924 3945 3270 4014 ἀπατηθῶσιν
3297 3945 3344 4003 oi
3374 3941 3513 4001 τότε.

2223 4055 2253 4090 (ι
2289 4034 2397 4094 Καὶ
2436 4037 2488 4092 ἐν
2533 4032 2683 4111 πάσῃ
2714 4034 2900 4114 ἀπάτῃ
2930 4038 3026 4105 τῆς
3059 4031 3268 4100 ἀδικίας
3318 4033 3372 4089 ἐν
3403 4037 3510 4097 τοῖς
3555 4031 3730 4088 ἀπολ-

2132 4125 2398 4200 λυμένοις.
2453 4147 2484 4179 κ
2527 4122 2770 4201 Φοϐερὸς
2817 4122 2920 4204 γὰρ
2971 4121 3120 4182 ἔσται
3182 4121 3438 4181 πάντοθεν
3493 4119 3598 4179 ἀπὸ
3639 4123 3736 4190 τῆς

2135 4212 2392 4285 ἐξουσίας,
2427 4213 2534 4272 ἀπὸ
2565 4217 2658 4284 τῆς
2686 4212 2966 4289 ὠμότητος
2994 4212 3171 4270 πάντα
3218 4212 3422 4290 ποιῶν,
3463 4207 3550 4267 ἵνα
3594 4213 3737 4266 ἀπα·

2136 4305 2278 4382 τήσῃ
2339 4303 2431 4362 xui
2479 4301 2708 4382 ἀδικήσῃ
2776 4301 2896 4369 τοὺς
2953 4301 3288 4382 ἀνθρώπους,
3347 4296 3732 4377 λυμαινόμενος

425 4395 739 4451 hominibus
756 4394 976 4463 inferat,
1000 4397 1236 4452 salutem
1265 4396 1511 4469 ipsorum
1531 4407 1766 4456 vastans.
1794 4403 1876 4457 Ne
1900 4416 2015 4457 vert

2139 4393 2234 4464 τὴν
2266 4392 2536 4472 σωτηρίαν
2569 4395 2764 4451 αὐτῶν.
2797 4390 2917 4453 Ἵνα
2951 4390 3008 4450 δὲ
3040 4391 3116 4466 μή
3146 4415 3226 4457 τις
3261 4388 3510 4471 ἀπορήσῃ
3533 4387 3734 4466 λέγων·

424 4484 548 4556 quis
583 4484 828 4557 ambigat
865 4484 1052 4542 dicens
1093 4504 1108 4542 :
1147 4488 1260 4542 Cur
1302 4501 1404 4558 ego
1449 4488 1696 4559 permisit
1723 4505 1851 4546 eum
1881 4493 2015 4546 Deus

2139 4481 2210 4543 Τί
2263 4472 2352 4542 οὖν
2410 4480 2776 4561 συνεχώρησεν
2843 4480 2998 4540 αὐτὸν
3041 4483 3070 4537 6
3121 4480 3257 4546 Θεὸς
3301 4477 3731 4558 παραγενέσθαι,

428 4573 634 4644 venire,
662 4574 831 4646 539
859 4591 990 4632 cum
1022 4584 1108 4632 tot
1136 4575 1510 4634 incommodis
1538 4577 1792 4634 homines
1815 4578 1927 4636 sint
1943 4579 2027 4637 af-

427 4663 675 4720 ﬁciendi?
720 4663 929 4730 subdit,
970 4667 1048 4720 Ne
1086 4672 1303 4721 metuas
1336 4683 1348 4720 :
1378 4665 1434 4722 in
1487 4667 1842 4740 pereuntibus
1882 4669 2026 4726 enim

426 4752 586 4809 fortis
613 4762 716 4823 est,
747 4755 861 4827 qui,
893 4756 1110 4812 etiamsi
1140 4755 1233 4811 ille
1256 4771 1369 4812 non
1400 4755 1731 4828 advenisset,
1767 4757 2026 4818 increduli

427 4849 610 4898 tamen
642 4843 988 4914 permansuri
1031 4851 1207 4901 erant.

497 5025 577 5079 Eo
609 5025 752 5092 quod
795 5025 1110 5080 alacritatem
1157 5027 1401 5080 veritatis
1441 5042 1549 5080 non
1589 5034 1922 5098 receperunt,
1969 5035 2032 5085 ut

428 5114 539 5182 ipsi
596 5113 736 5166 salvi
789 5117 995 5184 fierent.
1065 5113 1403 5170 Charitatem
1455 5114 1697 5173 veritatis
1749 5116 2030 5175 Christum

424 5201 656 5273 appellat
689 5221 702 5256 :
726 5210 1023 5275 utrumque
1046 5203 1196 5258 enim
1234 5212 1370 5271 erat,
1401 5212 1456 5260 et
1485 5213 1708 5278 propter
1736 5213 2032 5281 utrumque

427 5289 665 5359 advenit,
718 5299 839 5348 tum
880 5292 1004 5364 quia
1031 5291 1287 5365 diligeret
1329 5292 1605 5363 homines,
1636 5303 1756 5352 tum
1785 5305 1847 5351 ut
1888 5299 2030 5354 veri-

429 5386 598 5435 tatem
624 5379 1084 5439 submonstraret.
1113 5382 1305 5438 Innuit
1321 5391 1528 5454 autem,
1554 5385 1702 5458 quod
1731 5385 2034 5458 plurimum

502 5524 528 5550 ν
557 5515 744 5571 Matth.
781 5531 946 5584 xxxv,
979 5522 1063 5572 14.

2138 4571 2320 4644 ἐπειδὴ
2375 4573 2630 4648 μῦκλουσι
2684 4577 2920 4630 τοσαῦτα
2981 4568 3250 4649 βλαϐῆναι
3303 4571 3351 4628 οἱ
3429 4570 3728 4647 ἄνθρωπος

2139 4660 2336 4742 φησὶν,
2380 4660 2462 4719 ὅτι
2494 4661 2586 4732 Μὴ
2635 4659 2902 4741 φοϐηθῇςο
2954 4661 3007 4719 ἐν
3045 4659 3150 4724 τοῖς
3206 4656 3589 4734 ἀπολλυμένοις
3629 4655 3737 4735 γὰρ

2139 4750 2343 4830 ἰσχύει,
2397 4748 2473 4823 οἳ,
2504 4753 2550 4809 εἰ
2593 4750 2685 4809 xui
2738 4748 2814 4826 μὴ
2869 4753 3063 4816 ἐκεῖνος
3109 4745 3455 4828 παρεγένετο,
3507 4744 3734 4824 ἔμελλον

2137 4840 2370 4908 ἀπειθεῖς
2396 4843 2689 4914 διαμεῖναι.

2223 5041 2255 5078 α
2299 5022 2434 5080 Ἀνθ’
2477 5011 2551 5078 ὧν
2605 5018 2703 5092 τὴν
2754 5018 2972 5098 ἀγάπην
3027 5020 3121 5089 τῆς
3178 5014 3426 5088 ἀληθείας
3470 5015 3565 5074 οὖκ
3617 5013 3742 5073 ἐδέ-

2140 5110 2294 5181 ξαντο
2341 5111 2413 5178 εἰς
2459 5109 2520 5168 τὸ
2554 5114 2790 5182 σωθῆναι
2841 5106 3054 5176 αὐτούς.
3108 5128 3139 5164 ι)
3197 5104 3436 5186 ’ᾼγάπην
3487 5103 3741 5176 ἀληθείας

2140 5202 2229 5260 τὸν
2259 5198 2491 5278 Χριστὸν
2523 5202 2706 5258 καλεῖ·
2741 5197 3017 5279 ἀμφότερα
3049 5194 3156 5276 γὰρ
3207 5185 3300 5268 ἦν,
3335 5195 3426 5254 xui
3466 5194 3533 5251 δι’
3565 5194 3742 5273 ἀμφό-

2142 5313 2266 5371 τερα
2299 5291 2644 5370 παρεγένετο,
2689 5289 2780 5348 xui
2825 5289 3050 5364 ἀγαπῶν
3107 5284 3226 5350 τοὺς
3258 5283 3592 5363 ἀνθρώπους,
3638 5282 3734 5340 καὶ

2140 5369 2231 5439 ἵνα
2285 5378 2381 5451 τὴν
2428 5378 2679 5452 ἀλήθειαν
2729 5375 3002 5458 ὑποδείξῃ.
3059 5373 3368 5436 Αίνίττεται
3415 5371 3470 5432 δὲ
3503 5371 3584 5432 ὅτι
3625 5369 3744 5449 μά-

1817 5621 2010 5681 Variae
2052 5623 2353 5684 lectiones.

510 5726 554 5761 ⁸³
578 5730 742 5798 ὥσπερ
769 5746 821 5787 ο.
897 5731 942 5765 ⁹³
967 5731 1076 5784 καθ’
1111 5732 1170 5782 ὃν
1197 5732 1281 5784 xui
1307 5731 1502 5804 ἐνεργεῖ
1519 5751 1596 5790 m.
