4104 6440
377 469 513 524 1345

1232 470 1580 527 EXPOSITIO
1619 471 1684 527 IN
1724 471 1929 527 EPIST.
1971 471 2014 528 ll
2053 473 2144 528 AD
2181 473 2419 530 THESS.
2460 505 2532 516 —
2568 474 2721 530 CAP.
2763 474 2827 529 ll.

3547 473 3682 529 1346

371 595 530 652 λιστα
561 591 689 672 πρὸς
713 592 762 629 9“
804 591 1084 659 Ἰουδαίοις
1115 591 1325 674 ἰσχύσει
1362 599 1390 654 6
1433 595 1658 664 πλάνος·
1699 587 1844 656 οὗτοι
1873 595 2009 677 γὰρ,

2104 597 2158 654 sit
2182 599 2400 656 roboris
2427 599 2719 656 habiturus
2757 597 3032 670 impostor
3073 596 3165 652 ille
3202 595 3350 669 apud
3403 596 3630 654 Iudaeos
3663 616 3679 654 :

374 683 468 740 οὐκ
508 681 748 752 ἐδέξαντο
793 681 882 741 τὸν
932 683 1192 761 Χριστὸν,
1252 683 1372 745 οὔτε
1426 685 1748 746 ἐπίστευσαν
1798 689 1965 766 αὐτῷ.

373 773 548 832 Τοῦτο
578 769 680 852 γὰρ
711 769 802 831 καὶ
831 775 858 830 6
888 773 1121 853 Χριστὸς
1153 775 1330 842 αὐτοῖς
1360 774 1532 852 λέγει·
1573 796 1602 832 (ι
1629 774 1779 853 Ἐγὼ
1811 767 1971 849 ἦλθον

375 864 428 921 ἐν
478 863 555 941 τῷ
624 861 846 936 ὀνόματι
923 867 1016 922 τοῦ
1076 863 1292 942 Πατρός
1348 887 1448 940 μου
1472 909 1488 941 ,
1563 863 1654 923 καὶ
1711 866 1809 924 οὐκ
1855 865 1970 925 ἐδέ-

376 949 532 1018 ξασθέ
562 973 657 1024 με·
689 947 780 1009 ἐὰν
811 949 971 1020 ἄλλος
1009 950 1136 1029 ἔλθῃ
1169 954 1222 1011 ἕν
1251 955 1327 1033 τῷ
1372 951 1490 1035 ἰδίῳ
1517 953 1776 1031 ὀνόματι,
1828 956 1975 1014 ἐκεῖ-

374 1061 458 1098 νον
490 1039 742 1119 λήψεσθε.
777 1062 806 1097 ι

466 1151 497 1187 α
544 1129 650 1189 Καὶ
683 1128 770 1188 διὰ
800 1133 952 1190 τοῦτο
984 1128 1188 1212 πέμψει
1227 1132 1404 1200 αὐτοῖς
1446 1135 1476 1193 6
1525 1132 1664 1201 Θεὸς
1711 1132 1976 1214 ἐνέργειαν

377 1216 609 1290 πλάνης,
673 1219 744 1286 εἰς
797 1218 858 1278 τὸ
924 1223 1205 1281 πιστεῦσαι
1255 1219 1442 1290 αὐτοὺς
1514 1225 1590 1302 τῷ
1657 1220 1858 1304 ψεύδει.
1935 1245 1965 1281 ι)

383 1306 624 1389 Πέμψει,
654 1307 770 1366 ἀντὶ
799 1313 930 1382 τοῦ,
968 1308 1359 1390 παραχωρήσει
1405 1309 1563 1371 αὐτὸν
1599 1313 1789 1374 ἐλθεῖν.
1823 1311 1973 1394 Ὅρα

380 1395 465 1469 δὲ,
495 1397 577 1455 ὅτι
607 1399 815 1476 πρῶτον
845 1398 1036 1457 ἐκεῖνοι
1080 1399 1368 1460 ἀπώσαντο
1414 1401 1513 1470 τὴν
1547 1400 1796 1473 ἀλήθειαν
1819 1447 1836 1476 ,
1883 1401 1974 1460 καὶ

385 1485 504 1546 τότε
534 1486 878 1564 ἐγκατέλιπεν
918 1487 1106 1556 αὐτοὺς
1131 1491 1160 1547 6
1205 1489 1375 1562 Θεὸς,
1417 1493 1509 1549 καὶ
1547 1491 1844 1570 ἐκράτησεν
1875 1493 1975 1550 αὐ-

383 1578 486 1634 τῶν
535 1575 595 1635 τὸ
625 1578 832 1658 ψεῦδος.
872 1600 900 1635 ε
933 1576 1240 1658 Ἐνέργειαν
1287 1579 1342 1637 δὲ
1385 1579 1618 1654 πλάνης,
1645 1603 1674 1638 »
1732 1584 1798 1640 τὰ
1845 1580 1974 1661 ἔργα

384 1665 542 1747 φησὶν
585 1665 977 1748 Ἀντιχρίστου,
1024 1667 1058 1726 ἃ
1091 1669 1233 1728 ποιεῖ
1264 1669 1334 1736 εἷς
1374 1667 1437 1728 τὸ
1468 1673 1765 1743 πλανῆσαι·
1808 1669 1842 1743 ἢ
1884 1671 1978 1730 καὶ

385 1755 543 1815 αὐτὸν
593 1762 777 1817 τοῦτον
823 1756 874 1792 ³⁵
912 1756 1075 1826 οὕτως
1121 1757 1420 1835 ὠνόμασεν,
1471 1760 1839 1840 ἐνεργούμενον
1876 1760 1979 1820 ὐπὸ

385 1849 474 1904 τοῦ
509 1846 752 1924 Σατανᾶ,
783 1844 871 1905 διὰ
894 1845 956 1906 τὸ
978 1849 1250 1918 πλανῆσαι
1278 1847 1528 1916 πολλούς.

473 1958 501 1993 ε
555 1933 676 1997 Ἵνα
723 1938 946 2013 κριθῶσι
998 1935 1194 2004 πάντες
1252 1939 1299 1997 οἱ
1355 1935 1431 2016 μὴ
1486 1936 1866 2008 πιστεύσαντες

388 2024 644 2109 ἀληθείᾳ,
698 2023 816 2084 ἀλλ’
865 2025 1244 2099 εὐδοκήσαντες
1295 2028 1349 2085 ἕν
1396 2032 1462 2107 τῇ
1514 2027 1717 2109 ἀδικίᾳ.
1772 2051 1803 2087 n
1861 2033 1981 2091 Οὐκ

387 2104 564 2187 εἶπεν,
590 2104 716 2174 Ἵνα
750 2116 1050 2175 κολασθῶσι
1084 2114 1209 2196 (καὶ
1241 2114 1343 2198 γὰρ
1371 2104 1461 2176 καῖ
1488 2123 1581 2177 τοῦ
1621 2104 1985 2199 Ἀντιχρίστου

389 2202 463 2280 μὴ
516 2204 776 2282 ἐλθόντος,
837 2203 1062 2283 ἔμελλον
1116 2203 1168 2241 ⁹⁶
1226 2207 1553 2279 κολασθῆναι
1592 2209 1640 2267 οἳ
1676 2210 1984 2287 ἀπειθεῖς),

391 2295 549 2368 ἀλλ’,
600 2290 753 2368 Ἵνα,
795 2295 952 2376 φησὶ,
991 2298 1408 2374 κατακριθῶσιν,
1437 2295 1575 2356 ὥστε
1620 2287 1754 2356 εἶναι
1798 2297 1987 2367 αὐτοὺς

390 2383 840 2460 ἀναπολογήτους.
879 2386 953 2444 Τί
999 2385 1101 2464 γὰρ
1163 2385 1226 2442 ἂν
1275 2388 1496 2461 εἴποιεν,
1541 2386 1623 2446 ὅτι
1672 2387 1776 2448 Διὰ
1834 2393 1990 2448 τοῦτο

390 2474 486 2532 οὐκ
529 2471 917 2551 ἐπιστεύσαμεν
960 2477 1036 2552 τῷ
1068 2476 1326 2555 Χριστῷ,
1381 2475 1512 2536 διότι
1560 2475 1699 2536 Θεὸν
1730 2476 1887 2536 αὐτὸν
1939 2481 1986 2538 οἱ

391 2563 628 2638 μαθηταὶ
691 2561 980 2643 ἐκήρυξαν,
1046 2567 1201 2639 ἡμεῖς
1253 2564 1308 2624 δὲ
1377 2564 1718 2643 ἠκούσαμεν,
1781 2565 1864 2625 ὅτι
1915 2558 1989 2634 εἷς

391 2652 561 2726 Θεὸς,
605 2651 660 2721 ἐξ
701 2642 760 2711 οὐ
804 2653 872 2714 τὰ
924 2652 1136 2729 πάντας
1184 2656 1310 2722 Πῶς
1358 2645 1448 2714 οὐν
1501 2642 1856 2717 ἐπιστεύσατε
1911 2660 1988 2734 τῷ

392 2738 735 2822 Ἀντιχρίστῳ
809 2741 950 2803 Θεὸν
1014 2742 1201 2802 ἑαυτὸν
1269 2749 1506 2804 ποιοῦντι
1520 2769 1562 2828 ,Α
1605 2744 1676 2807 ⁸0
1741 2743 1838 2823 μὲν
1887 2745 1991 2828 γὰρ

392 2831 619 2912 Χριστὸς
657 2837 734 2913 τῷ
766 2832 941 2913 Πατρὶ
984 2833 1160 2894 πάντα
1203 2833 1463 2907 ἀνετίθει,
1505 2825 1652 2903 οὗτος
1677 2835 1733 2895 δὲ
1777 2825 1994 2895 τούνανέ

392 2920 526 2982 τίον.
591 2919 753 2982 Ἀλλὰ
801 2921 1089 3002 φήσουσιν,
1147 2919 1229 2982 ὅτι
1280 2926 1495 3002 Σημεῖα
1547 2925 1776 3002 εἴδομεν.
1831 2925 1993 2986 Ἀλλὰ

394 3010 486 3069 καὶ
519 3009 606 3070 ἐπὶ
635 3017 726 3070 τοῦ
761 3013 997 3092 Χριστοῦ
1037 3012 1222 3090 γέγονε
1252 3013 1426 3073 πολλὰ
1456 3013 1547 3073 καὶ
1579 3014 1813 3096 μεγάλα.
1849 3015 1994 3077 Καί-

394 3123 472 3161 τοι
531 3103 560 3158 6
618 3099 713 3178 μὲν
761 3101 990 3185 Χριστὸς
1049 3100 1243 3183 Σωτὴρ
1313 3102 1633 3184 ὶκηρύττετο
1683 3104 1833 3185 παρὰ
1889 3109 1993 3164 τῶν

389 3193 710 3271 προφητῶν·
765 3183 912 3261 οὗτος
981 3191 1070 3263 δὲ,
1121 3192 1227 3261 υἱὸς
1280 3183 1504 3271 ἀνομίας
1559 3195 1651 3254 καὶ
1708 3183 1995 3263 ἀπωλείας.

2007 1995 2057 2059 Β

2079 687 2156 744 illi
2197 689 2347 746 enim
2394 704 2511 746 non
2574 695 2898 760 receperunt
2932 685 3241 754 Christum,
3285 701 3462 759 neque
3488 686 3677 744 credi-

2079 776 2284 834 derunt
2323 778 2396 846 ei,
2435 777 2489 833 id
2529 777 2680 851 quod
2728 776 2980 835 Christus
3015 775 3095 832 eis
3129 775 3301 832 dicit:
3331 779 3446 847 Ego
3472 779 3596 832 ueni
3622 779 3683 832 in

2080 869 2296 922 nomine
2341 869 2523 923 Patris
2565 869 2688 930 mei,
2720 872 2769 921 et
2796 882 2904 921 non
2942 867 3249 935 suscepistis
3305 881 3408 922 me.
3442 867 3505 922 Si
3535 867 3680 921 alius

2078 959 2282 1013 venerit
2307 958 2366 1012 in
2392 958 2607 1012 nomine
2630 971 2746 1020 suo,
2774 957 2938 1011 istum
2955 957 3222 1026 recipietis
3246 964 3292 1011 ³.

2151 1136 2331 1193 Vens.
2369 1140 2456 1192 ιι.
2509 1137 2577 1191 Et
2609 1136 2728 1190 ideo
2776 1136 2948 1190 mittet
2991 1136 3098 1190 illis
3149 1138 3292 1190 Deus
3332 1137 3692 1206 Operationem

2081 1228 2298 1290 erroris,
2329 1231 2388 1281 ut
2412 1227 2525 1296 ipsi
2549 1225 2774 1281 credant
2811 1225 3114 1280 mendacio.
3158 1223 3363 1292 Mittet,
3393 1241 3515 1296 pro,
3543 1225 3694 1282 sinet

2080 1314 2262 1387 ipsum
2285 1314 2493 1372 venire.
2518 1312 2921 1370 Animadverte
2951 1320 3158 1380 autem,
3198 1312 3346 1384 quod
3367 1313 3471 1384 ipsi
3504 1314 3690 1386 primo

2083 1404 2384 1476 repulerint
2429 1403 2753 1471 veritatem,
2807 1411 2865 1459 et
2919 1411 3041 1458 tum
3089 1410 3278 1474 postea
3326 1403 3549 1475 reliquit
3599 1419 3697 1460 eos

2080 1496 2249 1563 Deus,
2277 1510 2341 1550 ac
2374 1493 2721 1550 dominatum
2748 1501 2831 1549 est
2860 1492 2918 1548 in
2947 1507 3044 1548 eos
3082 1491 3455 1548 mendacium.
3489 1494 3698 1563 Opera-

2084 1586 2280 1640 tionem
2320 1592 2506 1640 autem
2536 1585 2734 1640 erroris
2778 1598 2947 1654 opera
2997 1581 3326 1638 Antichristi
3355 1590 3534 1651 vocat,
3565 1597 3690 1654 quin

2086 1672 2218 1730 facit
2264 1682 2325 1730 ut
2364 1672 2602 1745 decipiat
2651 1691 2666 1728 :
2705 1673 2788 1729 vel
2829 1672 2986 1728 illum
3026 1671 3210 1744 ipsum
3256 1671 3336 1728 sic
3384 1671 3700 1728 nominavit

2086 1772 2304 1820 motum
2325 1771 2380 1820 et
2402 1765 2670 1836 agitatum
2693 1778 2726 1821 a
2747 1764 2968 1831 Satana,
2993 1768 3056 1818 ut
3085 1760 3294 1817 multos
3322 1761 3571 1818 seducet.

2159 1945 2340 2000 Vsus.
2384 1949 2468 2000 l2.
2519 1946 2586 2000 Ut
2604 1943 2924 2013 judicentur
2978 1956 3156 1997 omnes
3184 1943 3280 2011 qui
3323 1956 3431 1996 non
3463 1942 3704 1998 credide-

2090 2039 2219 2088 runt
2245 2034 2481 2096 veritati,
2508 2033 2602 2089 sed
2627 2036 3006 2088 consenserunt
3035 2033 3338 2101 iniquitati.
3383 2033 3510 2087 Non
3538 2030 3698 2101 dixit,

2095 2125 2178 2180 Ut
2228 2123 2524 2195 puniantur
2559 2121 2717 2192 (nam
2767 2121 2982 2177 etiamsi
3030 2119 3404 2177 Antichristus
3447 2136 3565 2176 non
3609 2136 3699 2177 ve-

2093 2213 2290 2280 nisset,
2344 2210 2614 2269 increduli
2661 2209 2923 2283 puniendi
2954 2215 3174 2278 erant),
3206 2225 3403 2266 verum
3439 2212 3522 2268 Ut
3563 2225 3700 2266 con-

2093 2300 2448 2372 demnentur,
2477 2299 2676 2372 inquit,
2717 2308 2778 2356 ut
2813 2299 2928 2356 sint
2955 2299 3062 2372 ipsi
3085 2298 3503 2355 inexcusabiles.
3557 2299 3703 2369 Quid

2096 2389 2243 2446 enim
2281 2389 2548 2458 dicerent,
2594 2391 2888 2461 Propterea
2939 2404 3054 2444 non
3083 2386 3417 2444 credidimus
3457 2387 3702 2455 Christo,

2097 2479 2245 2551 quod
2262 2479 2517 2551 discipuli
2533 2494 2663 2535 eum
2693 2481 2874 2536 Deum
2896 2477 3266 2550 prmdicarint,
3289 2492 3392 2534 nos
3408 2486 3592 2534 autem
3612 2493 3709 2533 au-

2095 2569 2340 2626 divimus
2363 2585 2539 2626 unum
2559 2583 2678 2625 esse
2703 2571 2906 2636 Deum,
2924 2584 2990 2625 ex
3021 2583 3131 2640 quo
3153 2567 3384 2624 omnia?
3404 2567 3702 2640 Quomodo

2098 2659 2266 2732 igitur
2314 2657 2621 2716 credidistis
2673 2657 3042 2726 Antichristo,
3097 2659 3196 2731 qui
3239 2657 3480 2730 seipsum
3521 2661 3706 2715 Deum

2097 2747 2275 2805 facit?
2296 2747 2545 2805 Christus
2570 2747 2721 2804 enim
2747 2746 2900 2804 Patri
2929 2747 3122 2804 omnia
3149 2743 3424 2804 referebat
3447 2755 3708 2819 accepta:

2100 2837 2192 2894 hic
2238 2853 2366 2894 vero
2427 2854 2457 2894 e
2501 2837 2739 2894 diverso.
2790 2835 2895 2894 Sed
2947 2836 3163 2906 dicent,
3211 2837 3377 2910 Signa
3425 2837 3545 2909 ejus
3586 2854 3711 2910 per-

2100 2928 2404 3002 speximus.
2422 2927 2591 3001 Atqui
2612 2943 2707 3000 per
2730 2926 3014 2984 Christum
3039 2925 3180 2983 facta
3207 2935 3336 2983 sunt
3349 2926 3518 2983 etiam
3541 2927 3712 2984 multa

2102 3026 2158 3074 et
2203 3033 2423 3091 magna.
2465 3016 2634 3090 Atqui
2681 3016 2934 3074 Christus
2968 3014 3196 3089 quidem
3234 3017 3492 3072 Servator
3519 3032 3551 3073 a
3579 3032 3708 3089 pro-

2105 3105 2283 3179 phetis
2326 3105 2734 3180 praedicabatur
2789 3127 2800 3162 :
2852 3105 2956 3162 iste
3013 3121 3167 3173 vero,
3222 3104 3369 3161 ﬁlius
3414 3105 3712 3178 iniquitatis

2107 3204 2160 3254 et
2211 3195 2484 3253 interitus.
2553 3197 2713 3252 Hanc
2764 3195 2837 3253 ob
2887 3211 3112 3252 causam
3169 3193 3711 3264 condemnabuntur,

395 3251 704 3340 Altam
747 3251 1262 3360 κατακριθήσονταί,
1293 3251 1390 3342 ὅτι.
1547 3287 1798 3355 ἀλήθειαν
1831 3251 1992 3366 ἀφέντ-

2109 3287 2381 3360 quoniam
2423 3287 2709 3343 veritatem
2747 3285 3117 3355 dimittentes,
3155 3293 3579 3354 consenserunt,
3609 3283 3716 3342 hoc

396 3393 511 3444 τες,
557 3370 876 3445 εὐδόκησαν,
924 3370 1225 3447 τουτέστιν,
1278 3369 1583 3452 ἠρέσθησαν
1616 3374 1708 3432 καὶ
1735 3374 1992 3452 προσετέ-

398 3463 562 3531 θησαν
596 3459 843 3535 ἀσμένως
871 3463 938 3540 τῇ
969 3457 1170 3539 ἀδικία,
1197 3460 1479 3531 τουτέστι,
1512 3465 1588 3542 τῷ
1620 3465 1875 3537 λυμεῶνι,
1919 3465 1996 3542 τῷ

399 3558 576 3607 πᾶσαν
619 3547 829 3608 ἀδικίαν
877 3547 1017 3608 κατὰ
1047 3551 1150 3606 τῶν
1183 3547 1525 3626 ἀνθρωπίνων
1555 3553 1742 3630 ψυχῶν
1782 3552 1997 3610 ἐπισυν-

400 3637 656 3716 αγαγόντι
675 3683 694 3716 ,
726 3640 803 3719 τῷ
831 3637 1152 3718 αὐτόχρημα
1184 3637 1364 3696 ἀδικία
1395 3635 1522 3698 ὄντι.

490 3750 520 3786 ιι
550 3727 740 3806 Ἡμεῖς
779 3727 833 3784 δὲ
885 3728 1162 3808 ὀφείλομεν
1209 3728 1541 3807 εὐχαριστεῖν
1578 3730 1656 3810 τῷ
1697 3730 1824 3810 Θεῷ
1865 3728 1999 3788 πάν-

402 3840 518 3876 τοτε
558 3817 682 3898 περὶ
716 3819 863 3893 ὑμῶν
888 3861 904 3890 ,
941 3817 1156 3898 ἀδελφοὶ
1180 3817 1516 3894 ἠγαπημένοι
1557 3818 1660 3877 ὑπὸ
1695 3819 1916 3898 Κυρίου.
1963 3841 1994 3876 υ

403 3906 628 3978 Ἐπειδὴ
659 3903 863 3987 φοϐερά
912 3931 1032 3966 τινα
1063 3903 1180 3966 εἷπε
1219 3906 1310 3966 καὶ
1361 3905 1629 3984 δυνάμενα
1683 3916 2000 3968 κατασεῖσαι

403 3995 636 4056 διάνοιαν
673 3998 916 4076 ἀκρατῆ,
967 4001 1056 4055 νῦν
1095 3995 1292 4055 λεαίνει
1324 3994 1418 4062 τὰς
1459 3996 1702 4077 καρδίας,
1736 3998 1998 4058 διδάσκων

401 4085 484 4146 ὅτι
516 4088 569 4146 Τ
572 4090 708 4145 αῧτα
741 4083 838 4165 μὲν
868 4084 1046 4152 ἀλλοις
1080 4084 1321 4146 ἔστωσαν
1348 4084 1570 4165 φοϐερὰ,
1604 4095 1713 4154 τοῖς
1759 4089 1999 4146 ἀπολλυ-

408 4173 607 4252 μένοις,
653 4178 770 4232 καθ’
817 4164 890 4232 ὧν
937 4175 1028 4234 καὶ
1076 4177 1378 4256 ἰσχύουσιν·
1433 4164 1588 4252 ἡμεῖς
1621 4176 1676 4234 δὲ
1715 4175 2000 4258 ὀφείλομεν

407 4265 738 4346 εὐχαριστεῖν
765 4268 840 4343 τῷ
872 4266 1001 4344 Θεῷ
1048 4265 1170 4345 περὶ
1200 4269 1382 4342 ὐμῶν,
1432 4263 1514 4324 ὅτι
1561 4265 1871 4344 ἐξελέγητε,
1919 4266 2002 4326 ὅτι

405 4353 722 4431 ἠγαπήθητε
754 4355 855 4412 ὑπὸ
883 4355 1048 4414 Θεοῦ.
1103 4355 1170 4414 Εἰ
1201 4357 1256 4414 δὲ
1299 4357 1452 4431 ἡμεῖς
1482 4352 1616 4435 ὑπὲρ
1643 4357 1791 4429 ὐμῶν
1840 4357 1998 4436 εὐχα·

408 4449 704 4522 ριστοῦμεν,
734 4445 919 4525 πολλῷ
964 4444 1166 4522 μᾶλλον
1198 4445 1346 4521 ὑμεῖς
1375 4449 1530 4504 τοῦτο
1560 4445 1798 4525 ὀφείλετε
1829 4453 2000 4504 ποιεῖν

410 4532 490 4614 ἐφ’
520 4537 646 4611 ὑμῖν
678 4535 874 4601 αὐτοῖς.

497 4645 528 4681 ιι
553 4619 685 4684 Ὅτι
735 4620 906 4682 εἵλετο
934 4625 1072 4700 ὑμᾶς
1123 4626 1152 4683 6
1183 4621 1321 4690 Θεὸς
1351 4621 1448 4684 ἀπ’
1501 4625 1672 4702 ἀρχῆς
1715 4625 1788 4690 εἷς
1833 4646 2008 4696 σωτη-

411 4711 527 4795 ρίαν
556 4715 608 4771 ἐν
639 4713 890 4794 ἁγιασμῷ
933 4715 1249 4792 Πνεύματος
1270 4755 1286 4785 ,
1333 4713 1424 4772 καὶ
1452 4713 1630 4772 πίστει
1663 4712 1932 4785 ἀληθείας.
1968 4735 1998 4771 n

411 4802 514 4861 Διὰ
542 4806 696 4861 τοῦτο
725 4803 1164 4882 εὐχαριστοῦμεν,
1196 4802 1278 4864 ὅτι
1314 4800 1585 4872 ἐξελέξατο
1621 4805 1762 4876 ὑμᾶς
1791 4804 1820 4860 6
1842 4802 2003 4876 Θεὸς,

411 4891 503 4950 καὶ
553 4890 848 4971 προώρισεν
887 4894 960 4958 εἷς
1001 4891 1305 4971 σωτηρίαν,
1362 4889 1535 4960 ἀξίους
1562 4937 1578 4964 ,
1628 4889 1833 4964 δηλαδῆ
1871 4915 2006 4972 προ-

409 4979 582 5058 γνούς.
616 4982 775 5056 Πῶς;
813 5004 842 5039 ιι
871 4981 969 5042 Ἐν
999 4981 1252 5062 ἁγιασμῷ
1284 4977 1621 5057 Πνεύματος·
1643 5002 1674 5038 »
1710 4979 2007 5062 τουτέστιν,

411 5066 657 5131 Ἔσωσεν
687 5073 845 5148 ὑμᾶς,
877 5068 1099 5150 ἁγιάσας
1128 5060 1334 5130 διὸττοῦ
1366 5070 1696 5149 Πνεύματος.
1735 5060 1892 5142 Εἶτα,
1921 5070 2010 5130 ἵνα

414 5159 571 5238 μήτις
600 5160 724 5240 εἴπῃ
745 5184 758 5197 ·
789 5160 862 5222 Τί
891 5151 979 5220 οὐν
1005 5180 1023 5240 ;
1053 5159 1207 5236 ἡμεῖς
1237 5157 1387 5220 οὐδὲν
1433 5159 1840 5238 εἶσηνέγκαμεν;
1874 5159 2010 5220 ἐπά-

414 5273 495 5329 γει
517 5273 529 5287 ·
565 5273 597 5306 α
630 5250 742 5310 Καὶ
769 5249 948 5310 πίστει
995 5248 1245 5324 ἀληθείας
1272 5271 1286 5286 ·
1335 5271 1364 5307 ι
1404 5248 1706 5324 τουτέστιν,
1756 5247 2010 5327 Ἦγίασεν

414 5345 556 5417 ἡμᾶς
603 5339 1098 5422 προεισενεγκόντας
1166 5337 1344 5399 πίστιν
1402 5337 1680 5412 ἀληθείας,
1740 5339 2010 5399 τουτέστιν

416 5431 681 5503 ἀληθινῶν
714 5431 1070 5510 πραγμάτων.
1103 5431 1186 5490 Οὐ
1215 5428 1319 5510 γὰρ
1348 5427 1565 5511 ψεύδεσί
1602 5452 1741 5490 τισιν
1771 5429 2014 5489 ἐπιστεύ-

417 5541 618 5600 σαμεν,
665 5520 802 5579 ἀλλὰ
835 5523 901 5600 τῇ
932 5517 1155 5600 ἀληθείᾳ
1203 5521 1362 5600 αὐτῇ.
1418 5518 1529 5580 Καὶ
1566 5517 1739 5587 ἄλλως
1772 5518 1864 5593 δὲ,
1898 5520 2011 5578 δευ-

505 5628 704 5684 xJoan.
738 5644 798 5697 ν,
829 5633 919 5685 43.

2102 3385 2206 3443 est,
2246 3376 2452 3447 placuit
2479 3375 2580 3443 eis,
2612 3391 2677 3432 ac
2719 3375 2974 3435 lubenter
3000 3375 3203 3432 addicti
3247 3383 3378 3432 sunt
3405 3375 3713 3447 injustititc,

2105 3463 2213 3520 hoc
2274 3473 2359 3520 est
2407 3464 2695 3533 vastatori,
2776 3479 3001 3520 omnem
3059 3464 3384 3536 injustitiam
3453 3463 3717 3521 adversus

2106 3553 2428 3610 mortalium
2481 3553 2705 3609 animos
2756 3551 3071 3622 adducenti,
3126 3552 3221 3625 qui
3270 3553 3453 3624 reipsa
3503 3561 3588 3610 est
3638 3553 3718 3609 in-

2097 3643 2332 3716 justitia.

2105 3736 2354 3802 Vnus.
2401 3737 2489 3791 13.
2520 3735 2628 3791 Nos
2669 3737 2852 3788 autem
2880 3732 3133 3788 debemus
3165 3734 3377 3802 gratias
3415 3749 3571 3802 agere
3604 3738 3718 3790 Deo

2107 3839 2315 3896 semper
2346 3839 2448 3894 pro
2485 3823 2656 3886 vobis,
2675 3825 2884 3890 fratres
2905 3823 3090 3878 dilecti
3114 3839 3149 3877 a
3170 3825 3408 3878 Domino.
3439 3822 3577 3894 Quia
3608 3821 3720 3879 for-

2110 3913 2384 3970 midabilis
2407 3911 2669 3986 quadam
2687 3911 2926 3980 dixerat,
2955 3920 3012 3968 et
3041 3927 3164 3985 quae
3189 3921 3416 3984 possent
3437 3911 3718 3970 inﬁrmum

2107 4003 2360 4060 animum
2397 4011 2718 4071 concutere,
2749 4017 2899 4058 nunc
2928 4001 3148 4074 mitigat
3183 4002 3353 4059 corda
3377 4017 3597 4070 eorum,
3623 4001 3720 4059 do-

2109 4108 2240 4149 cens
2287 4091 2441 4166 quod
2498 4092 2610 4150 licit
2654 4091 2773 4150 haec
2826 4091 2953 4148 aliis
3001 4090 3226 4164 quidem
3275 4091 3538 4148 terribilia
3584 4091 3718 4157 sint,

2110 4197 2313 4253 nempe
2341 4181 2406 4237 iis
2453 4182 2549 4254 qui
2590 4189 2846 4254 pereunt,
2891 4180 3185 4237 adversum
3221 4196 3362 4254 quos
3388 4181 3557 4237 etiam
3600 4181 3719 4253 plu-

2111 4271 2315 4328 rimam
2347 4271 2547 4342 valent,
2576 4287 2679 4329 nos
2717 4287 2847 4329 vero
2869 4269 3137 4328 debemus
3172 4270 3373 4344 gratias
3399 4286 3561 4344 agere
3601 4273 3721 4328 Deo

2109 4377 2210 4435 pro
2239 4360 2420 4429 vobis,
2448 4359 2600 4433 quod
2629 4362 2784 4418 electi
2807 4360 2944 4430 sitis,
2975 4360 3126 4434 quod
3145 4359 3335 4418 dilecti
3369 4359 3489 4417 sitis
3515 4377 3548 4418 a
3569 4363 3712 4418 Deo.

2117 4450 2172 4508 Si
2201 4459 2389 4508 autem
2417 4466 2520 4508 nos
2543 4467 2644 4523 pro
2669 4451 2822 4509 vobis
2850 4451 3054 4524 gratias
3081 4451 3322 4523 agimus,
3349 4449 3518 4522 540
3548 4450 3724 4506 multo

2036 4524 2086 4586 Ι)
2119 4540 2294 4613 magis
2317 4556 2413 4597 vos
2443 4539 2583 4597 istuc
2605 4541 2786 4598 facere
2808 4539 2971 4598 decet
2995 4555 3096 4612 pro
3115 4539 3270 4596 vobis
3297 4539 3462 4612 ipsis.

2191 4633 2458 4699 Quoniam
2498 4631 2652 4699 elegit
2694 4645 2784 4686 uos
2831 4632 2973 4685 Deus
3008 4645 3050 4686 α
3081 4628 3354 4700 principio
3390 4629 3466 4684 ad
3494 4630 3724 4686 salutem

2118 4722 2177 4774 in
2205 4721 2624 4790 sanctiﬁcatione
2660 4720 2918 4790 Spiritus,
2963 4722 3013 4774 et
3035 4719 3140 4789 ﬁde
3166 4720 3428 4774 veritatis.
3459 4720 3620 4774 Hanc
3653 4718 3725 4775 ob

2117 4825 2236 4866 rem
2266 4809 2467 4882 gratias
2494 4807 2731 4881 agimus,
2773 4807 2898 4880 quia
2950 4807 3114 4880 elegit
3140 4823 3239 4864 vos
3280 4810 3453 4878 Deus,
3498 4814 3554 4862 et
3581 4823 3726 4880 pra-

2117 4898 2406 4955 destinavit
2445 4897 2514 4954 ad
2559 4897 2817 4965 salutem,
2863 4912 2990 4953 cum
3047 4896 3246 4969 dignos
3295 4896 3546 4954 videlicet
3581 4913 3727 4968 pra:-

2118 4989 2334 5045 scisset.
2371 4988 2668 5059 Quomodo
2690 4991 2715 5042 P
2743 4989 2810 5042 In
2857 4989 3278 5058 sanctiﬁcatione
3303 4988 3545 5058 Spiritus
3577 5006 3593 5041 :
3625 4986 3730 5044 hoc

2121 5087 2224 5148 est,
2253 5077 2490 5134 servavit
2527 5092 2642 5145 vos,
2669 5075 3021 5132 sanctiﬁcans
3049 5091 3145 5148 per
3172 5075 3463 5148 Spiritum.
3496 5074 3728 5144 Deinde,

2120 5185 2191 5224 ne
2231 5168 2356 5241 quis
2401 5166 2569 5234 dicat,
2617 5164 2764 5238 Quid
2805 5163 2968 5222 inde?
3020 5164 3226 5221 nihilne
3267 5181 3371 5222 nos
3398 5165 3734 5222 attulimus?

2121 5257 2324 5326 subdit,
2372 5261 2441 5314 Et
2487 5257 2592 5328 ﬁde
2643 5258 2909 5320 ueritatis,
2955 5254 3012 5312 id
3069 5263 3173 5320 est,
3223 5254 3592 5312 Sanctiﬁcavit
3628 5270 3733 5312 nos

2123 5346 2216 5422 qui
2270 5347 2556 5404 attulimus
2613 5345 2786 5403 ﬁdem
2857 5344 3126 5413 veritatis,
3175 5343 3282 5402 hoc
3342 5353 3428 5402 est
3474 5360 3730 5401 verarum

2123 5454 2333 5495 rerum.
2354 5438 2476 5493 Non
2500 5437 2648 5493 enim
2678 5434 2974 5492 mendaciis
2997 5433 3338 5507 quibusdam
3379 5433 3547 5492 ﬁdem
3571 5433 3732 5491 adhi-

2123 5527 2364 5598 buimus,
2415 5528 2509 5585 sed
2543 5525 2752 5584 veritati
2802 5525 2922 5600 ipsi.
2965 5526 3258 5593 Praeterea,
3304 5524 3562 5582 secunda:
3608 5523 3735 5581 ﬁdei

1809 5698 1996 5759 Varia:
2043 5699 2353 5762 lectiones.

489 5795 531 5832 οι
561 5797 674 5870 παρ’
699 5813 759 5856 ο,
841 5796 885 5832 ⁸⁸
910 5795 1103 5851 ἐκεῖνον
1136 5813 1190 5854 ο.
1267 5793 1313 5831 ⁸⁸
1331 5795 1551 5850 ὤφειλον
1579 5811 1636 5852 ο.
