4104 6452
386 471 522 526 1347

1400 471 1907 528 THEOPHYLACTI
1949 471 2306 528 BULGARIzE
2344 472 2658 528 ARCHIEP.

3555 477 3696 533 1348

380 594 656 660 meminit,
712 594 1159 669 quandoquidem
1216 603 1273 652 et
1320 605 1444 669 post
1485 598 1964 656 sanctiﬁcationelr

2090 597 2245 677 τέρας
2295 598 2531 676 ἐμνήσθη
2590 601 2684 670 τῆς
2735 597 2998 671 πίστεως,
3053 599 3236 672 ἐπειδὴ
3285 600 3379 658 καὶ
3433 599 3568 677 μετᾶ
3603 601 3692 658 τὸν

380 685 538 757 copia
565 683 684 758 ejus
700 684 1064 760 indigeamus,
1097 703 1164 745 ne
1183 691 1591 750 concutiamur.

451 873 632 928 Vnus.
672 877 760 937 14.
803 873 898 930 Ad
939 875 1083 944 quod
1126 879 1330 933 vocavit
1356 894 1448 934 vos
1486 894 1591 949 per
1623 879 1981 948 Evangelium

380 967 642 1029 nostrum,
675 965 733 1018 in
755 966 1166 1033 acquisitionem
1189 968 1374 1036 gloria:
1407 971 1626 1024 Domini
1649 971 1828 1025 nostri
1851 971 1980 1024 Iesu

382 1051 600 1107 Christi.
631 1053 710 1106 Ne
741 1051 1027 1110 audientes
1057 1055 1246 1124 ﬁdem,
1287 1057 1619 1114 extollantur
1647 1058 1790 1130 apud
1836 1073 1974 1125 sese,

376 1140 530 1212 quasi
557 1140 658 1212 ipsi
685 1140 836 1197 illam
878 1143 1217 1214 attulissent;
1258 1163 1374 1202 non
1417 1147 1738 1220 simpliciter
1764 1147 1870 1204 hoc
1897 1147 1978 1204 di-

375 1229 771 1300 mittit,verum
793 1231 898 1288 hoc
913 1234 1318 1307 etiam,inquit,
1340 1238 1443 1293 Dei
1459 1247 1562 1294 est.
1586 1237 1672 1295 Ad
1684 1237 1788 1294 hoc
1802 1238 1973 1304 enim,

375 1319 574 1391 inquit,
627 1321 839 1377 vocavit
879 1337 993 1379 vos.
1027 1323 1114 1380 Ad
1167 1323 1310 1382 hoc?
1337 1327 1534 1398 quale?
1563 1330 1640 1386 Ut
1679 1327 1972 1384 servemini

376 1425 473 1480 per
520 1410 1016 1468 sanctiﬁcationem
1062 1421 1118 1469 et
1155 1413 1339 1471 ﬁdem.
1378 1415 1616 1473 Proinde
1656 1417 1756 1473 etsi
1797 1417 1971 1474 credi-

375 1498 552 1566 distis,
579 1500 750 1572 gratia
778 1500 833 1557 id
862 1503 1108 1559 vocantis
1153 1513 1253 1560 est.
1289 1506 1405 1561 Nisi
1437 1509 1585 1562 enim
1622 1523 1716 1578 per
1745 1508 1970 1564 verbum

375 1589 523 1660 quod
573 1589 984 1661 prmdieavimus
1013 1592 1189 1657 vobis,
1227 1603 1476 1652 vocasset
1507 1611 1626 1666 vos,
1667 1597 1975 1670 quomodo,

375 1693 586 1750 quaeso,
631 1678 1006 1737 audivissetis?
1047 1685 1158 1738 Nec
1197 1683 1453 1756 exiguam
1483 1685 1581 1741 sibi
1618 1685 1852 1759 gloriam
1883 1703 1974 1743 sa-

373 1767 545 1823 lutem
569 1775 806 1824 vestram
833 1769 1082 1827 Christus
1097 1771 1414 1829 arbitratur.
1443 1775 1633 1832 Gloria
1665 1776 1814 1832 enim
1842 1777 1970 1834 boni

373 1865 476 1924 est,
523 1857 723 1914 multos
775 1874 894 1916 esse
946 1859 1038 1933 qui
1092 1871 1399 1920 servantur.
1453 1865 1592 1936 Quis
1641 1865 1805 1938 igitur
1859 1883 1968 1923 non

371 1945 559 2019 diliget
584 1947 749 2003 talem
800 1948 1144 2006 Dominum?
1186 1952 1309 2023 quis
1355 1969 1466 2010 non
1496 1954 1625 2010 velit
1653 1954 1818 2028 hujus
1846 1956 1970 2029 glo-

371 2035 530 2102 riam,
560 2036 674 2092 sive
703 2053 858 2093 suam
885 2038 1055 2110 ipsius
1080 2041 1348 2099 salutem?

439 2127 624 2183 Vens.
675 2134 758 2183 15.
799 2131 1009 2200 Itaque,
1056 2133 1284 2198 fratres,
1315 2137 1470 2203 state,
1502 2150 1566 2189 ac
1598 2139 1770 2191 tenete
1795 2137 1971 2192 tradi-

372 2218 557 2285 tiones,
595 2233 732 2287 quas
761 2219 935 2273 edocti
955 2221 1092 2276 estis
1115 2222 1226 2276 sive
1245 2238 1346 2292 per
1389 2238 1706 2294 sermonem,
1736 2229 1849 2282 sive
1874 2243 1972 2298 per

368 2307 668 2376 Epistolam
694 2313 957 2364 nostram.
991 2309 1089 2365 Vel
1122 2309 1252 2366 hinc
1290 2313 1645 2385 perspicuum
1693 2322 1777 2371 est
1823 2315 1970 2387 quod

367 2396 623 2467 pleraque
651 2399 815 2454 etiam
857 2397 972 2454 sine
1016 2400 1236 2472 scriptis
1267 2417 1362 2472 per
1397 2418 1742 2471 sermonem,
1776 2405 1832 2462 id
1887 2415 1969 2463 est

366 2485 484 2541 viva
510 2502 662 2554 voce,
691 2486 1037 2557 tradiderint,
1086 2498 1144 2546 et
1171 2506 1284 2547 non
1311 2492 1495 2549 solum
1543 2510 1638 2566 per
1681 2495 1958 2568 epistolas.

366 2575 631 2633 Similiter
657 2586 838 2634 autem
863 2587 918 2635 et
940 2578 1058 2636 haec
1090 2589 1149 2636 et
1168 2579 1256 2637 illa
1281 2581 1388 2638 ﬁde
1411 2583 1574 2656 digna
1600 2593 1750 2642 sunt.
1778 2587 1970 2659 Itaque

365 2674 422 2721 et
447 2665 704 2723 Ecclesiae
739 2666 1097 2725 traditionem
1139 2668 1245 2726 ﬁde
1289 2670 1515 2744 dignam
1553 2673 1959 2732 existimemus.

361 2756 610 2813 Traditio
646 2765 731 2812 est
772 2775 786 2811 :
819 2757 957 2813 nihil
999 2759 1236 2830 amplius
1263 2775 1496 2832 quaeras.
1547 2761 1757 2820 Iudicat
1783 2774 1966 2821 autem

363 2847 452 2902 hic
477 2848 685 2904 multos
708 2862 826 2904 esse
846 2857 1176 2905 commotos.

435 2939 617 2993 Vens.
662 2941 747 3004 16,
801 2943 888 2992 17.
919 2941 1042 3008 Ipse
1066 2944 1246 2994 autem
1294 2941 1556 2996 Dominus
1597 2948 1778 2999 noster
1813 2948 1966 3001 Jesus

365 3028 632 3090 Christus,
659 3031 710 3081 et
738 3029 879 3082 Deus
923 3032 974 3082 et
1014 3030 1178 3083 Pater
1221 3035 1422 3097 noster,
1466 3033 1568 3101 qui
1612 3032 1813 3089 dilexit
1844 3051 1958 3098 nos,

364 3121 414 3171 et
441 3117 591 3172 dedit
618 3118 1032 3185 consolationem
1084 3123 1341 3173 aeternam
1382 3123 1431 3173 et
1477 3136 1627 3190 spem
1669 3123 1862 3178 bonam
1905 3127 1962 3179 in

2091 687 2359 767 ἁγιασμὸν
2414 690 2615 761 πολλῆς
2667 691 2826 760 αὐτῆς
2881 689 3103 767 δεόμεθα
3154 687 3241 747 ἵνα
3291 688 3367 768 μὴ
3427 713 3682 770 παρασα-

2088 778 2356 854 λευθῶμεν
2367 825 2382 840 .

2175 891 2206 922 ι
2270 869 2360 934 Εἷς
2429 865 2458 925 6
2514 868 2764 927 ἐκάλεσεν
2837 869 2976 946 ὑμᾶς
3038 868 3126 928 διὰ
3183 872 3279 928 τοῦ
3351 869 3688 947 Εὖαγγελίου

2087 958 2271 1032 ἡμῶν,
2327 957 2401 1025 εἷς
2472 957 2811 1038 περιποίησιν
2881 957 3034 1030 δόξης
3105 963 3199 1017 τοῦ
3263 959 3462 1038 Κυρίου
3527 961 3688 1035 ἡμῶν

2087 1043 2268 1117 Ἰησοῦ
2307 1045 2568 1126 Χριστοῦ.
2601 1068 2632 1104 ι
2665 1043 2785 1109 Ἵνα
2831 1045 2905 1124 μὴ
2939 1046 3258 1115 ἀκούσαντες
3285 1047 3488 1120 πίστιν,
3523 1049 3691 1128 ἐπαρ-

2087 1138 2245 1193 θῶσιν
2314 1141 2384 1202 ὼς
2440 1135 2532 1194 καὶ
2589 1136 2738 1196 αὖτοὶ
2798 1138 3304 1215 συνεισαγαγόντες,
3366 1135 3482 1196 οὐδὲ
3537 1144 3692 1196 τοῦτο

2089 1223 2306 1304 ἀφίησιν
2355 1224 2563 1298 ἁπλῶς,
2615 1226 2756 1285 ἀλλὰ
2793 1225 2884 1285 καὶ
2916 1232 3111 1300 τοῦτο,
3163 1226 3325 1309 φησὶ,
3375 1231 3468 1286 τοῦ
3517 1227 3683 1288 Θεοῦ.

2089 1316 2182 1380 Εἰς
2226 1319 2380 1374 τοῦτο
2425 1315 2530 1396 γὰρ
2578 1317 2827 1376 ἐκάλεσεν
2879 1319 3050 1392 ὑμᾶς,
3111 1317 3295 1399 φησίν.
3359 1318 3455 1384 Εἷς
3499 1321 3685 1390 τοῦτο,

2085 1411 2265 1479 ποῖον;
2324 1407 2419 1472 Εἷς
2465 1405 2525 1464 τὸ
2576 1410 2809 1478 σωθῆναι
2862 1404 2948 1465 διὰ
2999 1410 3092 1465 τοῦ
3141 1405 3412 1485 ἇγιασμοῦ
3448 1405 3538 1465 καὶ
3591 1409 3687 1476 τῆς

2087 1493 2336 1562 πίστεως,
2366 1493 2544 1554 ⁶Ωστε
2570 1497 2666 1554 κᾶν
2693 1494 3066 1568 ἐπιστεύσατε,
3091 1501 3123 1568 ἡ
3146 1497 3301 1577 χάρις
3317 1502 3407 1555 τοῦ
3428 1493 3688 1555 καλέσαν-

2085 1607 2190 1649 τος.
2233 1586 2297 1644 ΙΞῖ
2327 1583 2401 1660 μὴ
2433 1584 2538 1665 γὰρ
2565 1583 2653 1644 διὰ
2683 1589 2772 1645 τοῦ
2803 1586 2960 1664 λόγου
2997 1585 3082 1622 ⁸⁸*
3112 1588 3263 1663 ἡμῶν
3286 1587 3506 1644 ἐκάλεσε
3527 1630 3542 1659 ,
3569 1589 3689 1652 πῶς

2086 1670 2150 1730 ἂν
2181 1671 2485 1753 ἠκούσατες
2518 1677 2602 1736 Οὐ
2643 1674 2831 1756 μικρὸν
2865 1675 2920 1734 δὲ
2952 1679 3106 1735 τοῦτο
3137 1676 3209 1743 εἷς
3241 1674 3394 1744 δόξαν
3434 1679 3682 1755 ἡγεῖται,

2083 1760 2180 1833 τὴν
2229 1765 2489 1844 ὑμετέραν
2541 1766 2834 1846 σωτηρίαν,
2889 1767 2918 1823 6
2967 1764 3220 1846 Χριστός.
3266 1763 3406 1833 Δόξα
3436 1765 3540 1844 γὰρ
3586 1770 3683 1846 rei}

2084 1853 2314 1927 ἀγαθοῦ,
2361 1843 2421 1913 τὸ
2451 1843 2861 1922 πολλοὺςνεῖναι
2910 1843 3038 1922 τοὺς.
3061 1854 3410 1933 σωζομένους.
3443 1843 3544 1922 Τίς
3592 1843 3686 1914 οὖν

2079 1942 2172 1999 οὐκ
2214 1943 2481 2021 ἀγαπήσει
2524 1949 2758 2004 τοιοῦτον
2801 1943 3109 2018 Δεσπότην,
3140 1945 3217 2011 τίς
3251 1945 3311 2003 οὐ
3342 1942 3555 2016 θελήσει
3585 1942 3685 2015 τὴν

2078 2029 2233 2099 δόξαν
2263 2034 2451 2093 τούτου
2473 2082 2485 2104 ,
2522 2033 2642 2106 ἤτοι
2670 2033 2766 2107 τὴν
2801 2037 2990 2094 ἑαυτοῦ
3021 2033 3328 2115 σωτηρίανς

2163 2144 2190 2177 α
2238 2119 2370 2201 ¹¹Αρα
2413 2116 2535 2196 οὖν,
2585 2123 2836 2204 ἀδελφοὶ,
2883 2124 3107 2197 στήκετε
3153 2123 3244 2184 καὶ
3275 2123 3519 2204 κρατεῖτε
3586 2121 3683 2190 τὰς

2077 2212 2432 2290 παραδόσεις,
2489 2213 2549 2281 ἃς
2609 2213 2957 2295 ἐδιδάχθητε,
3027 2212 3133 2273 εἴτε
3192 2213 3278 2272 διὰ
3333 2213 3517 2290 λόγου,
3575 2211 3681 2271 εἴτε

2077 2299 2142 2357 δι’
2173 2302 2497 2374 Ἐπιστολῆς
2531 2305 2703 2380 ἡμῶν.
2753 2326 2782 2360 ι)
2833 2306 2878 2364 Κ
2889 2304 3136 2362 ἀντεῦθεν
3166 2306 3323 2374 δῆλον
3345 2349 3361 2378 ,
3395 2302 3474 2362 ὅτι
3503 2301 3680 2362 πολλὰ

2077 2388 2168 2448 καὶ
2217 2392 2470 2472 ἀγράφως
2500 2392 2586 2451 διὰ
2617 2393 2774 2471 λόγου
2800 2437 2816 2466 ,
2870 2392 3112 2452 τουτέστι
3141 2391 3285 2471 ζώσῃ
3313 2396 3488 2472 φωνῇ,
3537 2415 3678 2470 παρ-

2081 2479 2358 2554 εδίδοσαν,
2402 2485 2461 2541 οὐ
2515 2483 2673 2560 μόνον
2723 2481 2790 2541 δι’
2831 2484 3148 2542 ἐπιστολῶν.
3207 2480 3439 2558 Ὁμοίως
3489 2480 3546 2540 δὲ
3587 2480 3683 2540 καὶ

2077 2575 2246 2628 ταῦτα
2295 2573 2516 2632 κάκεῖνα
2550 2571 2856 2642 ἀξιόπιστα.
2905 2569 3081 2632 Ὥστε
3111 2572 3202 2632 καὶ
3249 2573 3347 2644 τὴν
3378 2570 3678 2651 παράδοσιν

2075 2664 2169 2732 τῆς
2243 2663 2578 2736 Ἐκκλησίας
2649 2661 2956 2731 ἀξιόπιστον
3013 2660 3305 2741 ἡγούμεθα.
3377 2659 3684 2742 Παράδοσίς

2077 2750 2220 2808 ἐστι·
2254 2752 2420 2827 μηδὲν
2471 2752 2634 2812 πλέον
2683 2753 2848 2824 ζήτει.
2880 2751 3130 2812 Δείκνυσι
3162 2751 3217 2812 δὲ
3263 2755 3494 2812 ἐνταῦθα
3543 2753 3684 2810 πολ-

2073 2839 2196 2908 λοὺς
2223 2839 2381 2909 ὄντας
2408 2840 2531 2908 τοὺς
2558 2841 3124 2923 παρασαλευομένους.

2161 2952 2190 2987 α
2221 2931 2384 3000 Αὐτὸς
2425 2931 2479 2991 δὲ
2525 2935 2552 2991 6
2603 2932 2803 3013 Κύριος
2847 2935 2997 3009 ἡμῶν
3037 2936 3245 3003 Ἰησοῦς
3283 2929 3552 3012 Χριστὸς,
3581 2928 3678 2990 καὶ

2075 3023 2102 3079 6
2145 3019 2282 3087 Θεὸς
2332 3022 2423 3081 καὶ
2482 3021 2674 3104 Πατὴρ
2719 3025 2909 3100 ἡμῶν,
2964 3025 2991 3080 6
3037 3021 3322 3100 ἀγαπήσας
3351 3026 3532 3096 ἡμᾶς,
3585 3018 3677 3080 καὶ

2072 3108 2188 3176 δοὺς
2255 3111 2596 3191 παράκλησιν
2655 3112 2873 3172 αἰωνίαν
2934 3111 3024 3171 καὶ
3101 3112 3290 3171 ἐλπίδα
3347 3110 3550 3189 ἀγαθὴν
3620 3113 3677 3169 ἐν

361 3208 562 3273 gratia,
603 3207 900 3261 consoletur
931 3207 1095 3260 corda
1122 3211 1323 3271 vestra,
1371 3213 1419 3262 et
1468 3213 1744 3278 conﬁrmet
1770 3229 1860 3267 vos
1905 3215 1960 3268 in

2076 3198 2293 3278 χᾶριτι,
2337 3202 2713 3280 παρακαλέσαι
2764 3205 2914 3280 ὑμῶν
2957 3201 3053 3269 τὰς
3091 3201 3346 3280 καρδίας,
3399 3201 3490 3258 καὶ
3543 3223 3675 3292 στηξ

359 3296 508 3350 omni
535 3311 690 3365 opere
730 3300 779 3350 et
809 3310 1050 3350 ser-mone
1095 3297 1242 3350 bono.
1290 3295 1758 3355 Adhortationem
1788 3301 1963 3358 oratio

360 3383 573 3455 excipit.
621 3387 744 3440 Hoc
779 3383 926 3440 enim
950 3399 1076 3440 vere
1114 3393 1195 3440 est
1222 3400 1542 3444 succurrere
1577 3405 1591 3443 :
1643 3390 1867 3461 perinde
1899 3409 1965 3448 ac

358 3472 404 3529 si
445 3472 615 3541 dicat,
652 3476 767 3546 Ego
791 3472 1012 3545 quidem
1055 3473 1186 3542 dixi,
1216 3483 1274 3530 at
1303 3483 1487 3532 totum
1533 3479 1651 3535 Deo
1675 3490 1962 3552 acceptum

356 3561 708 3620 referendum
732 3571 833 3618 est.
861 3563 974 3620 Ubi
995 3571 1125 3620 sunt
1138 3572 1320 3620 autem
1333 3565 1429 3638 qui
1459 3566 1652 3624 Filium
1673 3579 1960 3642 propterea

358 3653 714 3721 imminuunt,
741 3652 891 3726 quod
915 3652 972 3708 in
1000 3652 1332 3726 baptismate
1371 3663 1495 3727 post
1520 3659 1740 3714 Patrem
1772 3661 1954 3716 nomi-

357 3745 558 3799 netur?
601 3745 744 3799 Ecce
791 3743 941 3800 enim
989 3742 1080 3798 hic
1125 3743 1410 3801 diversum
1453 3745 1687 3804 habetur
1745 3770 1758 3806 :
1812 3751 1962 3822 prius

356 3832 504 3888 enim
539 3832 844 3888 nominavit
870 3831 1094 3889 Filium.
1125 3835 1230 3902 Qui
1261 3834 1432 3898 dedit,
1464 3835 1666 3908 inquit,
1711 3841 1963 3895 consola-

358 3923 555 3978 tionem
577 3927 852 3978 wternam.
885 3922 1118 3992 Qualem
1147 3923 1325 3979 hanc?
1365 3926 1552 3997 Spem,
1587 3926 1786 3998 inquit,
1823 3927 1966 3986 futu-

353 4027 566 4068 rerum.
615 4016 750 4070 Hinc
790 4012 938 4070 enim
984 4021 1068 4069 est
1119 4011 1283 4085 541
1344 4028 1470 4085 quae
1519 4016 1755 4073 sustinet
1797 4019 1962 4076 corda

353 4109 540 4158 nostra
566 4102 623 4158 in
649 4101 1042 4159 tentationibus
1070 4101 1405 4171 decidentis,
1438 4101 1754 4162 futurorum
1797 4105 1966 4166 bono-

349 4207 478 4249 rum
526 4207 670 4264 spes.
712 4191 884 4249 Dedit
925 4199 1112 4248 autem
1143 4190 1287 4247 hanc
1311 4191 1472 4248 nobis
1505 4195 1667 4264 Deus,
1717 4211 1830 4252 non
1860 4214 1962 4270 pro

352 4280 630 4338 laboribus
655 4280 880 4348 nostris,
909 4295 1102 4338 verum
1127 4295 1198 4336 ex
1224 4280 1420 4353 gratia.
1452 4283 1574 4339 Hoc
1598 4293 1788 4342 autem
1809 4286 1959 4358 dixit,

353 4378 416 4426 ut
436 4370 660 4426 illorum
685 4370 898 4426 animos
920 4369 1204 4441 reprimat.
1248 4371 1496 4428 Observa
1537 4380 1721 4430 autem
1756 4391 1949 4448 quem-

352 4457 660 4516 admodum
708 4458 812 4516 sub
860 4457 1034 4515 l'orma
1072 4459 1406 4531 precationis
1451 4469 1695 4519 mentem
1737 4464 1959 4523 illorum

2077 3287 2214 3369 ρίξαι
2246 3293 2385 3366 ὑμᾶς
2416 3293 2470 3348 ἐν
2502 3291 2662 3352 παντὶ
2709 3291 2850 3373 ἔργῳ
2897 3292 2988 3350 καὶ
3035 3290 3176 3372 λόγῳ
3201 3294 3408 3371 ἀγαθῷ.
3443 3316 3472 3346 n
3518 3289 3676 3350 Μετὰ

2073 3376 2171 3450 τήν
2202 3381 2538 3459 παραίνεσιν,
2581 3381 2734 3462 εὐχή.
2785 3385 2961 3443 Τοῦτο
3013 3379 3117 3461 γάρ
3153 3383 3296 3439 ἐστιν
3322 3379 3510 3462 ’ὄντως
3550 3385 3677 3458 βοη-

2078 3469 2213 3528 θεῖν·
2240 3474 2310 3539 ὡς
2341 3470 2403 3530 ἂν
2447 3473 2493 3530 εἰ
2522 3460 2676 3533 τοῦτο
2718 3472 2898 3551 ἔλεγεν
2918 3496 2932 3509 ο
2969 3460 3116 3550 Ἐγῶ
3150 3470 3261 3547 -μὲν
3301 3460 3473 3542 εἶπον,
3525 3468 3587 3528 τὸ
3617 3468 3676 3528 δὲ

2072 3568 2180 3618 πᾶν
2208 3559 2302 3619 τοῦ
2329 3562 2472 3621 Θεοῦ
2511 3563 2643 3622 ἐστι.
2681 3565 2795 3622 Ποῦ
2834 3560 2892 3620 δέ
2940 3563 3073 3620 εἰσιν
3103 3563 3151 3620 οἳ
3193 3560 3283 3620 τὸν
3332 3558 3460 3620 Υἳὸν
3509 3561 3673 3618 ἐλατ-

2071 3656 2296 3722 τοῦντες,
2329 3650 2512 3722 ἐπειδὴ
2554 3654 2608 3710 ἐν
2655 3654 2732 3733 τῷ
2778 3649 3118 3730 βαπτίσματι
3153 3650 3288 3728 μετὰ
3317 3648 3405 3708 τὸν
3451 3649 3674 3729 Πατέρα

2070 3739 2422 3817 ὀνομάζεται,
2482 3739 2620 3800 Ἰδοὺ
2687 3741 2790 3822 γὰρ
2839 3743 3063 3800 ἐνταῦθα
3135 3739 3444 3800 τούναντίον
3511 3738 3666 3798 ἐστί·

2072 3829 2322 3909 πρότερον
2357 3829 2459 3910 γὰρ
2495 3831 2744 3909 ὠνόμασε
2788 3831 2878 3889 τὸν
2925 3830 3072 3891 Υἱόν.
3106 3853 3133 3888 α
3161 3831 3326 3902 Δοὺς,
3361 3829 3518 3909 φησὶ,
3565 3852 3674 3888 πα-

2074 3918 2331 3998 ράκλησιν
2373 3919 2614 3982 αἰωνίαν.
2650 3942 2680 3979 n
2728 3919 2896 3980 Ποίαν
2927 3920 2984 3980 δὲ
3015 3920 3215 3992 ταύτην
3241 3938 3258 3994 ;
3292 3917 3410 3990 Τὴν
3437 3917 3630 3976 ἐλπίδα
3653 3964 3668 3992 ,

2071 4010 2226 4091 φησὶ,
2272 4013 2376 4068 τῶν
2421 4010 2746 4088 μελλόντων.
2799 4011 2950 4082 Αὕτη
2991 4010 3094 4092 γάρ
3127 4011 3273 4070 ἐστιν
3320 4011 3354 4079 ἡ
3403 4007 3670 4087 ἀνέχουσα

2070 4099 2166 4166 τὰς
2190 4099 2420 4179 καρδίαςῖ
2443 4103 2600 4177 ἡμῶν
2629 4098 3077 4168 καταπιπτούσας
3097 4101 3153 4158 ἐν
3179 4108 3290 4164 τοῖς
3317 4105 3670 4175 πειρασμοῖς,

2069 4193 2103 4260 ἡ
2146 4190 2252 4247 τῶν
2283 4189 2585 4264 μελλόντων
2619 4193 2830 4268 ἀγαθῶν
2880 4187 3049 4256 ἐλπίς.
3107 4187 3320 4250 Δέδωκε
3374 4185 3429 4245 δὲ
3463 4186 3668 4259 ταύτην

2070 4285 2200 4356 ἡμῖν
2231 4283 2259 4338 6
2288 4279 2425 4346 Θεὸς
2444 4323 2462 4353 ,
2508 4281 2568 4338 οὗ
2599 4279 2945 4354 κοπιάσασιν,
2981 4279 3122 4338 ἀλλὰ
3163 4276 3371 4358 χάριτι.
3405 4277 3582 4337 Τοῦτο
3613 4275 3671 4336 δὲ

2070 4359 2206 4441 εἶπε,
2235 4368 2613 4428 καταστέλλων
2645 4371 2818 4428 αὐτῶν
2847 4369 2906 4427 τὸ
2938 4367 3208 4448 φρόνημα.
3240 4364 3390 4445 αΟρα
3419 4365 3476 4425 δὲ
3495 4410 3512 4440 ,
3554 4367 3670 4434 πῶς

2072 4461 2126 4519 ἐν
2153 4456 2297 4526 τάξει
2341 4459 2504 4539 εὐχῆς
2552 4459 2884 4532 διανίστησιν
2927 4459 3103 4517 αὐτῶν
3151 4455 3248 4528 τὴν
3289 4456 3551 4533 διάνοιαν,
3601 4454 3669 4514 τὰ

351 4549 575 4619 excitet,
604 4564 752 4607 curm
800 4548 1047 4622 adeoque
1102 4547 1462 4620 providentia:
1489 4551 1591 4607 Dei
1643 4554 1872 4626 pignora
1899 4565 1953 4612 et

2076 4552 2156 4622 τῆς
2202 4547 2520 4626 κηδεμονίας
2557 4552 2649 4609 τοῦ
2679 4549 2822 4609 Θεοῦ
2873 4547 3098 4628 ἐνέχυρα
3129 4545 3222 4606 καὶ
3268 4543 3536 4624 τεκμήρια
3577 4567 3666 4604 τι-

351 4639 502 4712 signa
539 4654 770 4712 ponens.
814 4640 958 4696 Nam
1011 4638 1060 4695 si
1095 4637 1228 4694 nihil
1277 4637 1654 4698 laborantibus
1699 4645 1957 4703 consola-

2076 4637 2188 4704 θείς.
2242 4638 2304 4696 Εἰ
2347 4636 2452 4719 γὰρ
2513 4635 2678 4717 μηδὲν
2731 4637 3001 4744 κάμνουσι
3042 4633 3399 4744 ’παράκλησιν
3454 4631 3664 4744 ἔδωκε,

349 4729 561 4785 tionem
589 4728 881 4801 impertiit,
914 4730 1092 4786 multo
1122 4727 1302 4802 magis
1344 4727 1566 4793 afflictis
1593 4747 1656 4788 ac
1703 4732 1954 4792 laboran-

349 4818 498 4876 tibus
535 4833 635 4892 pro
675 4818 784 4875 ﬁde
813 4818 981 4875 dabit.
1023 4817 1295 4890 Quocirca
1338 4817 1542 4878 bonam
1585 4837 1745 4894 spem
1773 4827 1950 4882 conci-

349 4908 479 4981 pite.
520 4910 716 4977 Porro,
741 4909 1069 4978 Consoletur,
1094 4908 1292 4980 inquit,
1324 4910 1492 4965 corda
1526 4917 1708 4968 vestra
1729 4919 1781 4970 et
1823 4930 1951 4971 con-

2063 4728 2247 4807 πολλῷ
2281 4729 2484 4804 μᾶλλον
2533 4735 2642 4796 τοῖς
2686 4726 2819 4808 ὑπὲρ
2867 4730 2964 4800 τῆς
2992 4725 3222 4792 πίστεως
3266 4724 3528 4802 κάμνουσι
3565 4724 3668 4783 δώ-

2063 4840 2166 4881 σει.
2197 4815 2367 4877 Ὥστε
2391 4817 2662 4886 εὐέλπιδες
2689 4817 2895 4898 γίνεσθε
2920 4817 2997 4877 9⁷.
3034 4839 3066 4872 α
3095 4813 3495 4896 Παρακαλέσαι
3520 4833 3553 4872 ι
3589 4812 3668 4888 δὲ,

2062 4906 2246 4988 φησὶν,
2285 4931 2314 4963 ιι
2348 4910 2497 4983 ὑμῶν
2545 4907 2639 4975 τὰς
2668 4907 2918 4988 καρδίας,
2971 4905 3062 4965 καὶ
3113 4901 3353 4984 στηρίξαι
3400 4906 3455 4962 εν
3503 4903 3666 4962 παντὶ

347 5002 527 5070 ﬁrmet
553 5000 612 5053 in
637 5000 784 5054 omni
825 5014 980 5069 opere
1026 5003 1077 5054 et
1105 5013 1345 5054 sermone
1380 5000 1531 5065 bono,
1579 5000 1684 5058 hoc
1719 5011 1822 5074 est,
1851 5020 1952 5077 per

2076 4997 2199 5080 ἔργῳ
2223 4996 2313 5056 καὶ
2339 4996 2481 5078 λόγῳ
2513 4998 2733 5078 ἀγαθῷ,
2773 5019 2801 5054 ι
2832 4994 3078 5056 τουτέστι
3099 5041 3114 5068 ,
3160 4993 3248 5053 διὰ
3279 4993 3479 5061 παντὸς
3505 4991 3664 5074 ἔργου

347 5103 516 5145 omne
536 5103 674 5160 opus
693 5095 750 5144 et
770 5101 1082 5145 sermonem
1113 5087 1339 5145 bonum.
1372 5089 1510 5146 Haec
1537 5090 1692 5147 enim
1719 5100 1804 5149 est
1822 5109 1951 5150 con-

2076 5087 2150 5146 ιαὶ
2177 5087 2336 5165 λόγου
2372 5090 2589 5166 ἀγαθοῦ.
2641 5088 2815 5147 Τοῦτο
2856 5084 2960 5165 γὰρ
3006 5082 3347 5164 παράκλησις
3393 5083 3664 5162 Χριστια-

347 5177 544 5234 solatio
583 5176 896 5246 Christiani,
936 5176 1112 5234 facere
1154 5175 1360 5250 aliquid
1406 5177 1536 5234 boni
1566 5187 1621 5236 et
1647 5181 1798 5252 quod
1827 5184 1948 5240 Deo

2076 5181 2172 5254 νοῦ,
2199 5176 2263 5236 τὸ
2288 5175 2512 5250 ποιῆσαί
2539 5199 2592 5235 τι
2621 5174 2858 5258 χρηστὸν
2890 5174 2982 5234 καὶ
3019 5173 3146 5252 Θεῷ
3189 5173 3398 5233 δοκοῦν.
3441 5169 3547 5247 Ἣ,
3581 5170 3664 5230 ὅτι

347 5268 578 5339 placeat.
620 5266 720 5323 Vel
746 5265 1044 5323 conﬁrmet
1102 5282 1200 5323 vos
1227 5267 1287 5324 in
1325 5266 1575 5325 doctrina
1629 5278 1773 5327 recta
1817 5287 1948 5345 Ope-

2058 5265 2317 5346 Στηρίξαι
2361 5269 2500 5344 ὑμᾶς
2533 5265 2590 5324 ἔν
2635 5289 2695 5324 τε
2739 5265 3003 5345 δόγμασιν
3043 5262 3214 5343 ὀρθοῖς
3261 5265 3356 5321 καὶ
3404 5259 3662 5342 πράξεσιν

345 5355 609 5430 ribusque
646 5355 830 5426 bonis,
878 5355 1018 5413 adeo
1056 5363 1120 5412 ut
1162 5370 1279 5413 non
1316 5355 1714 5431 depravemini,
1761 5376 1944 5433 neque

2076 5358 2306 5436 ἱγαθαῖς,
2337 5353 2473 5415 ὥστε
2527 5355 2604 5431 μὴ
2632 5353 3074 5437 παραφέρεσθαι,
3126 5349 3264 5430 μηδὲ
3297 5349 3660 5411 καταπίπτειν

344 5445 418 5502 ob
442 5461 506 5502 ea
529 5461 657 5518 quae
674 5445 1022 5519 contingunt,
1052 5445 1308 5503 animum
1332 5445 1744 5518 despondeatis.
1759 5454 1944 5523 Atque

2076 5445 2142 5505 ῗπὶ
2191 5453 2300 5512 τοῖς
2344 5443 2720 5523 συμϐαίνουσι.
2774 5441 2948 5504 Τοῦτό
3005 5442 3119 5500 ἔστι
3170 5439 3539 5520 παράκλησις.
3588 5437 3660 5501 Ὃ

342 5534 446 5592 ista
497 5543 584 5592 est
625 5535 948 5593 consolatio.
991 5535 1097 5606 Qui
1149 5536 1297 5593 enim
1341 5534 1595 5595 ﬁrmatus
1634 5547 1738 5611 est,
1795 5555 1942 5612 quae-

2076 5532 2156 5616 νὰρ
2187 5533 2563 5616 ἔστηριγμένος
2583 5579 2602 5612 ,
2648 5532 2849 5614 ὅσαπερ
2881 5531 2946 5591 ἂν
2988 5530 3160 5610 πάθῃ,
3193 5531 3341 5612 φέρει
3368 5527 3655 5610 γενναίως,

1747 5657 1938 5718 Varia:
1982 5660 2296 5724 lectiones.

413 5764 459 5801 ’°
483 5769 730 5846 ἇγιασμοῦ
753 5774 838 5829 καὶ
862 5776 948 5841 τῆς
975 5773 1180 5838 πίστεως
1201 5775 1284 5828 καὶ
1313 5781 1400 5830 τοῦ
1425 5776 1488 5832 λό
1534 5794 1589 5837 0.
1665 5777 1707 5814 ’7
1732 5781 1915 5847 δώσει,
1943 5783 2076 5836 ὥστε
2100 5781 2360 5846 εὐέλπιδας
2382 5781 2612 5856 γενέσθαι
2641 5796 2698 5839 0.
