4104 6438
402 449 535 504 1349
1234 438 1584 497 EXPOSITIO
1627 437 1694 494 IN
1735 437 1947 493 EPIST.
1987 436 2030 491 ll
2070 434 2160 492 AD
2197 434 2428 491 THESS.
2470 465 2538 474 —
2577 434 2728 490 CAP.
2770 433 2856 490 lll.
3553 440 3688 494 l350

393 573 485 632 καὶ
523 573 582 630 οὖ
622 567 1022 650 παρατρέπεται
1047 590 1060 604 ο
1107 564 1194 625 διὰ
1227 564 1323 643 μὲν
1355 570 1446 625 τοῦ
1481 563 1542 626 τὸ
1593 563 1766 643 δόγμα
1812 571 1988 642 τηρεῖν

2063 574 2312 634 λευιιᾳιιε
2358 559 2587 632 patitur,
2637 557 2741 614 fert
2785 567 3030 628 strenue,
3073 568 3131 617 et
3168 575 3279 617 non
3324 561 3684 632 subvertitur,

391 660 542 742 ὀρθὸν
591 645 940 734 πεπεισμένος
997 655 1114 737 περὶ
1181 659 1286 716 τῶν
1339 655 1642 733 μελλόντων
1711 651 1942 733 βεϐαίως
1971 675 1986 690 ·

2098 656 2387 721 propterea
2415 647 2637 720 quidem
2684 645 2835 721 quod
2877 647 3082 720 dogma
3122 658 3338 707 rectum
3389 659 3588 716 servat.
3626 652 3695 710 de

396 737 482 810 διὰ
523 749 579 810 δὲ
608 755 699 808 τοῦ
729 747 925 828 ἀγαθὸν
974 749 1087 827 βίον
1115 745 1256 826 ἔχειν
1275 791 1289 819 ,
1323 744 1525 826 χαίρων
1562 743 1646 804 ὅτι
1668 745 1772 825 οὐχ
1797 745 1865 809 ὡς
1893 765 1992 801 κα-

2097 737 2304 795 futnris
2327 737 2560 794 ﬁrmiter
2586 752 2880 810 persuasus
2908 755 2922 792 :
2950 738 3100 811 quod
3132 755 3261 796 vero
3297 739 3501 797 bonam
3529 742 3695 800 vitam

391 840 608 922 κουργὸς
624 886 640 912 ,
669 826 790 898 ἀλλ⁴
817 841 888 906 ὣς
916 826 1057 900 Θεοῦ
1082 837 1380 916 λειτουργὸς
1399 837 1621 915 πάσχει.

2095 826 2272 896 ducit,
2300 826 2518 900 gavisus
2554 826 2681 900 quia
2720 843 2833 884 non
2864 827 3031 884 veluti
3077 827 3385 899 maleﬁcus,
3414 829 3510 887 sed
3547 830 3693 888 velut

2097 920 2205 976 Dei
2227 920 2484 974 minister
2502 920 2760 989 patiatur.

979 1039 1265 1100 κιεψΑΑ.
1296 1036 1396 1128 νιν.

2712 1052 2952 1109 CAPUT
2990 1053 3081 1108 Ill.

480 1189 510 1226 (ι
537 1167 615 1229 Τὸ
660 1165 874 1243 λοιπὸν,
904 1166 1296 1246 προσεύχεσθε,
1342 1160 1596 1259 άδελροὶ,
1639 1158 1946 1259 περ-ὶῇμῶν
1968 1203 1983 1231 ,

2171 1186 2323 1254 Quod
2361 1186 2632 1256 reliquum
2679 1190 2774 1253 est,
2816 1190 2980 1248 orate,
3019 1190 3244 1254 fratres,
3281 1204 3382 1259 pro
3418 1190 3592 1253 nobis,
3633 1197 3695 1246 ut

388 1256 478 1318 ἵνα
532 1262 560 1318 ὁ
630 1257 782 1336 λόγος
843 1261 937 1315 τοῦ
1008 1255 1206 1335 Κυρίου
1261 1252 1427 1334 τρέχῃ
1503 1252 1616 1350 καὶ
1670 1251 1987 1350 δοξάζηται,

2094 1251 2320 1331 uerbum
2347 1251 2568 1332 Dom-int
2609 1251 2798 1330 currat
2829 1280 2878 1330 et
2919 1251 3434 1346 clari/iectur,-sicut
3460 1283 3511 1334 et
3541 1251 3694 1350 apud

388 1346 561 1417 καθὼς
589 1345 836 1428 καὶπρὸς
876 1347 1038 1423 ὖμᾶς.
1080 1371 1106 1397 ι
1147 1344 1324 1410 Αὐτὸς
1383 1342 1478 1420 μὲν
1518 1341 1718 1413 ηὔξατο
1773 1337 1897 1449 περὶ
1927 1336 1986 1449 33

2093 1381 2204 1421 vos.
2249 1367 2376 1436 Ipse
2419 1363 2649 1437 quidem
2705 1365 2880 1420 oravit
2936 1336 3064 1435 pro.
3087 1365 3185 1430 eis,
3242 1336 3305 1422 ut
3350 1336 3640 1425 ﬁrmentur
3679 1388 3691 1424 :

388 1440 592 1512 αὐτῶν,
637 1434 726 1495 ἵνα
759 1427 1142 1516 στηριχθῶσιν
1162 1458 1176 1472 ·
1206 1433 1339 1502 ἀξιοῖ
1367 1433 1422 1492 δὲ
1465 1432 1646 1492 λοιπὸν
1678 1427 1865 1496 αὐτοὺς
1896 1427 1988 1486 εύ-

2095 1427 2356 1526 deinceps
2392 1427 2527 1526 petit
2554 1453 2624 1510 ab
2657 1453 2758 1520 eis,
2797 1462 2859 1510 ut
2889 1427 2990 1527 pro
3014 1455 3136 1526 ipso
3163 1427 3340 1522 orent,
3373 1471 3485 1512 non
3515 1466 3578 1514 ut
3605 1474 3697 1530 pe-

388 1532 576 1608 χεσθαι
611 1525 747 1607 ὑπὲρ
775 1528 970 1602 αὐτοῦ,
1016 1527 1118 1616 οὑξ
1144 1521 1233 1580 ἵνα
1279 1522 1354 1600 μὴ
1383 1521 1661 1616 κινδυνεύῃ
1713 1522 1803 1616 (είς
1835 1522 1990 1616 τοῦτο

2094 1521 2436 1600 ﬁculis-non
2473 1543 2765 1614 objiciatur
2793 1521 3219 1610 (in-hoc-enim
3271 1521 3487 1616 positus
3534 1521 3694 1616 erat),

392 1603 515 1708 {es
546 1603 776 1695 ἔκειτο),
826 1616 977 1708 άλλ’,
1023 1611 1212 1708 (ιΪἾνα
1261 1613 1321 1708 τὸ
1376 1610 1627 1708 κήρυγμα
1677 1611 1843 1708 τρέχῃ
1895 1603 1989 1708 καὶ

2094 1633 2212 1701 sed,
2255 1637 2322 1691 Ut
2355 1603 2577 1689 verbum
2607 1603 2812 1688 currat.
2833 1638 2882 1688 et
2916 1603 3494 1708 clariﬁceturfNeque
3536 1603 3697 1694 laude

393 1694 695 1778 δοξάζηται.
730 1694 758 1764 ί»
797 1703 905 1798 Kal
934 1705 1051 1798 μετ’
1075 1702 1342 1782 ἐγκωμίου
1373 1706 1404 1774 ἡ
1435 1702 1685 1798 almam;
1710 1700 1840 1780 φησὶ
1858 1694 1990 1798 γὰρ,

2098 1694 2248 1780 caret
2279 1723 2400 1781 hac
2428 1722 2616 1794 petitio
2648 1742 2662 1778 :
2704 1723 2784 1777 ait
2827 1724 2994 1792 enim,
3040 1694 3504 1792 Quemadmodum
3551 1728 3701 1798 apud

399 1817 431 1855 α
461 1794 652 1862 Καθὼς
686 1793 857 1870 θθίκαὶ
879 1793 1010 1873 πρὸς
1047 1795 1184 1869 ὑμᾶς
1207 1815 1221 1829 ’
1252 1815 1278 1849 »
1307 1789 1606 1866 τουτέστιν,
1633 1785 1754 1850 Ἵνα
1796 1786 1990 1850 πάντες

2098 1828 2190 1868 vos
2221 1832 2239 1865 :
2268 1811 2374 1869 hoc
2401 1785 2503 1880 est,
2534 1813 2615 1869 Ut
2655 1826 2851 1868 omnes
2894 1785 2992 1868 sic.
3013 1785 3294 1882 obedient,
3329 1785 3700 1886 quemadmo-

391 1885 555 1954 οὕτως
583 1867 1004 1957 ὓπακόύωσινἿ,
1037 1867 1220 1961 ὥσπερ
1253 1880 1342 1940 καὶ
1394 1881 1564 1960 ὑμεῖς.
1612 1875 1798 1946 Οὕτως
1838 1874 1984 1936 οὐδὲν

2097 1867 2233 1958 dum
2270 1867 2329 1959 et
2356 1867 2666 1959 'Adeo
2693 1867 2830 1957 nihil
2872 1867 3067 1972 privati
3095 1867 3695 1973 οῇιέδὲιῖέᾶἷῦὧῖε

393 1973 525 2034 ἴδιον
555 1973 776 2054 ηὔχετο,
807 1971 948 2032 ἀλλὰ
978 1972 1156 2032 πάντα
1192 1979 1282 2032 τοῦ
1311 1972 1474 2031 Θεοῦ.
2095 1990 2221 2048 Dei.

479 2088 508 2123 α
543 2067 654 2124 Καὶ
677 2062 763 2121 ἵνα
815 2065 1092 2145 ῥυσθῶμεν
1124 2062 1232 2120 ἀπὸ
1278 2065 1383 2119 τῶν
1417 2059 1632 2120 ἀτόπων
1679 2056 1770 2119 καὶ
1822 2079 1988 2130 πονη-

2167 2083 2350 2138 Vnns.
2379 2085 2435 2137 2.
2465 2083 2536 2138 Et
2576 2085 2638 2136 ut
2679 2081 2968 2136 liberemur
2996 2080 3065 2136 ab
3093 2082 3416 2152 importunis
3447 2087 3496 2138 et
3533 2084 3695 2138 malis

393 2157 494 2232 ρῶν
541 2153 835 2232 ἀνθρώπων
863 2177 876 2190 ο
927 2154 986 2212 οὗ
1030 2152 1133 2232 γὰρ
1170 2151 1394 2244 ⁸πάντων
1445 2155 1482 2222 ἡ
1527 2149 1727 2244 πίστις.
1763 2171 1790 2205 n
1850 2145 1988 2227 Περὶ

2096 2170 2399 2226 hominibus
2431 2188 2449 2220 :
2488 2185 2597 2225 non
2639 2171 2782 2225 enim
2815 2171 3054 2225 omnium
3100 2173 3177 2224 est
3220 2171 3370 2239 ﬁdes.
3421 2171 3698 2244 Loquitur

388 2247 493 2302 τῶν
524 2243 901 2322 ἀντιλεγόντων
944 2246 1017 2322 τῷ
1046 2237 1356 2334 κηρύγμαατι
1385 2240 1551 2319 λέγει,
1580 2238 1702 2319 περὶ
1730 2241 1834 2296 τῶν
1877 2258 1985 2313 μα·-

2095 2260 2163 2316 de
2191 2259 2258 2316 iis
2295 2258 2391 2332 qui
2433 2258 2581 2315 verbi
2630 2259 3010 2330 praedicationi
3054 2237 3462 2330 contradicunt,
3507 2237 3564 2316 et
3601 2262 3697 2333 qui

387 2333 628 2414 χομένων
676 2341 783 2401 τοῖς
816 2321 1078 2409 δόγμασι,
1130 2321 1233 2397 οἷος
1284 2321 1347 2402 ἦν
1382 2329 1719 2419 Ἀλέξανδρος
1766 2328 1983 2419 δΧαλ-

2095 2321 2361 2405 doctrinae
2409 2321 2802 2418 adversantur;
2842 2346 3019 2419 qualis
3047 2356 3165 2405 erat
3194 2321 3504 2406 Alexander
3541 2321 3695 2406 Era-

387 2423 506 2490 κεύς
527 2445 540 2460 ο
570 2428 724 2483 τοῦτο
771 2422 876 2500 γὰρ
897 2420 1114 2501 ᾐνίξατο
1142 2420 1306 2478 εἰπών
1331 2443 1345 2456 σ
1380 2441 1407 2475 ιι
1434 2421 1526 2509 Οὐ,
1549 2417 1652 2499 γὰρ
1699 2417 1914 2509 πάντων

2093 2435 2229 2493 rius.
2264 2439 2389 2492 Hoc
2415 2435 2567 2492 enim
2595 2435 2780 2492 innuit
2807 2417 3064 2509 inquiens
3091 2455 3104 2492 :
3135 2439 3255 2495 Non
3289 2440 3429 2493 enim
3457 2441 3696 2494 omnium

387 2511 599 2582 πίστις’
630 2511 938 2583 τουτέστιν,
989 2511 1048 2570 οὐ
1105 2511 1297 2602 πάντες
1343 2508 1713 2582 πιστεύουσιν,
1770 2505 1888 2564 ἀλλ’
1938 2507 1986 2565 οἱ

2094 2531 2173 2582 est
2196 2526 2348 2597 ﬁdes,
2373 2525 2479 2582 hoc
2506 2533 2612 2594 est,
2645 2529 2770 2582 Non
2802 2505 2995 2583 omnes
3014 2525 3270 2593 credunt,
3300 2527 3396 2584 sed
3425 2527 3518 2600 qui
3548 2527 3698 2602 digni

387 2601 521 2672 ἄξιοι
541 2627 573 2658 n
600 2625 615 2640 ο
644 2601 828 2681 ὥσπερ
867 2600 932 2660 ἂν
961 2598 1012 2658 εἴ
1030 2623 1108 2667 τις
1122 2588 1297 2674 εἶπεν,
1325 2598 1407 2658 ὅτι
1427 2601 1509 2660 Οὐ
1535 2598 1751 2657 πάντων
1784 2595 1898 2657 ἐστὶ
1920 2594 1980 2654 τὸ

2094 2588 2224 2672 sunt
2264 2633 2279 2671 :
2313 2588 2536 2686 perinde
2565 2588 2630 2672 ac
2668 2617 2718 2671 si
2745 2615 2869 2688 quis
2895 2615 3052 2672 dicat
3085 2634 3100 2672 :
3143 2588 3271 2673 Non
3318 2588 3568 2674 omnium
3607 2588 3701 2674 est

388 2693 768 2771 στρατεύεσθαι
824 2693 876 2751 ἐν
928 2697 1036 2757 τοῖς
1075 2689 1392 2768 βασιλείοις,
1440 2688 1578 2778 ἀλλὰ
1626 2690 1730 2778 τῷν
1793 2687 1984 2778 ἐπιτη-

2093 2705 2197 2762 snb
2234 2705 2433 2762 vexillo
2461 2704 2612 2778 regio
2639 2687 2905 2772 militare,
2936 2713 3202 2763 caeterum
3229 2722 3422 2763 eorum
3458 2715 3697 2777 tantum,

388 2781 538 2840 δείων
567 2780 697 2863 πρὸς
721 2785 898 2840 τοῦτο.
936 2779 1253 2850 Διανίστησι
1285 2778 1339 2836 δὲ
1372 2775 1588 2849 αὐτοὺς,
1622 2776 1671 2835 εἴ
1698 2799 1759 2856 γε
1788 2771 1983 2834 τοσαύ-

2093 2793 2186 2866 qui
2233 2792 2305 2850 ad
2350 2793 2456 2850 hoc
2487 2771 2619 2850 sunt
2661 2793 2868 2851 idonei.
2896 2771 3101 2851 'Simul
3157 2803 3347 2853 autem
3399 2797 3603 2854 excitat
3643 2771 3697 2853 et

385 2894 481 2943 την
534 2870 716 2950 ἔχουσι
777 2871 1117 2952 παῤῥησίαν,
1169 2865 1307 2926 ὥστε
1356 2867 1448 2925 καὶ
1498 2869 1573 2946 τῷ
1626 2863 1933 2944 διδασκάλῳ
1959 2863 1984 2899 ²

2095 2863 2452 2940 commendat
2478 2899 2591 2951 eos,
2621 2883 2899 2955 siquidem
2927 2892 3140 2940 tantam
3173 2883 3379 2941 habent
3411 2885 3694 2955 ﬁduciam,

383 2959 738 3041 ἐξευμαρίζειν
790 2958 850 3018 τὸ
904 2956 1156 3038 κήρυγμα
1233 2956 1549 3046 Λεληθότως
1599 2956 1656 3014 δὲ
1688 2957 1980 3046 αἰνίττεται

2092 2983 2156 3030 ut
2195 2973 2522 3045 praeceptori
2549 2988 2650 3030 suo
2690 2973 3139 3046 praedicationem
3178 2972 3400 3030 facilem
3439 2975 3693 3032 reddant.

384 3048 476 3108 καὶ
514 3050 779 3118 κινδύνους
825 3051 967 3127 αὐτῷ
1007 3047 1223 3116 πάντως
1276 3045 1636 3126 ἐπαγομένους
1681 3043 1832 3126 παρὰ
1875 3047 1979 3102 τῶν

2091 3043 2288 3130 Porro,
2323 3043 2466 3119 clam
2514 3043 2708 3118 innuit
2727 3061 2968 3135 pericula
2995 3062 3100 3120 sibi
3129 3062 3358 3119 omnino
3387 3064 3458 3120 ab
3489 3063 3556 3120 iis
3599 3064 3694 3136 qui

385 3140 780 3215 ἀνθισταμένων
827 3141 902 3219 τῷ
937 3137 1100 3218 λόγῳ.
1143 3135 1252 3197 Καὶ
1299 3141 1454 3197 τοῦτο
1494 3134 1549 3195 δὲ
1581 3134 1761 3194 ἱκανὸν
1809 3133 1982 3198 αὐτοῖς

2095 3151 2260 3209 verbo
2306 3151 2655 3221 resistebant,
2706 3133 2953 3208 inducta.
3010 3155 3195 3224 Atque
3239 3151 3344 3208 hoc
3365 3174 3372 3179 ·
3393 3153 3527 3209 satis
3576 3133 3695 3210 erat

396 3197 399 3198 ν
462 3197 468 3198 κ
661 3197 665 3198 ν
873 3197 885 3219 ,
1014 3197 1064 3218 ,,
1972 3197 1977 3198 ,

384 3230 455 3296 εἰς
484 3227 855 3306 παράκλησιν,
903 3230 974 3294 ὡς
1021 3227 1112 3286 καὶ
1152 3232 1244 3286 τοῦ
1292 3223 1604 3299 τηλικούτου
1643 3223 1865 3287 Παύλου
1903 3221 1982 3281 ἔτι

2104 3197 2258 3209 .-.ην
2307 3197 2655 3221 .--.υ.ν.......,
2707 3197 2953 3208 ..η-..-ω
3010 3197 3195 3224 --.νυ
3241 3197 3343 3208 ..-ν
3393 3197 3527 3209 --.ω
3577 3197 3696 3210 νη..

2094 3239 2173 3296 eis
2203 3238 2274 3296 ad
2311 3239 2773 3306 consolationem,
2804 3237 2956 3312 quod
3003 3238 3122 3294 talis
3148 3247 3450 3313 tantusque
3493 3241 3699 3298 Paulus

384 3320 438 3377 ἐν
465 3317 720 3384 κινδύνοις
749 3316 1086 3382 παλαίοντος.

2090 3328 2349 3399 existens,
2385 3327 2570 3385 adhuc
2602 3345 2732 3385 cum
2765 3328 3020 3400 periculis
3057 3328 3376 3386 luctaretur.

468 3430 499 3467 α
530 3408 729 3473 Πιστὸς
780 3407 838 3466 δέ
895 3407 1036 3464 ἐστιν
1089 3409 1117 3464 ὁ
1151 3403 1478 3492 Κύριος,“ὃς
1535 3402 1765 3484 στηρίξει
1814 3405 1980 3492 ὓμᾶς,

2159 3420 2340 3474 Vnns.
2379 3423 2434 3473 3.
2479 3419 2681 3474 Fidelis
2709 3422 2889 3473 autem
2927 3423 3005 3475 est
3033 3421 3316 3489 Dominus,
3367 3422 3468 3492 qui
3502 3424 3696 3492 conﬁr-

381 3497 468 3557 καὶ
488 3496 704 3577 φυλάξει
729 3497 834 3555 άπὸ
867 3500 956 3553 τοῦ
984 3483 1288 3572 πονηροῦξα
1336 3483 1501 3553 Εἶπεν
1523 3483 1673 3570 ἄνων,
1700 3493 1781 3550 ὅτι
1815 3519 1840 3544 ι»
1871 3489 1976 3551 Εἵ-

2087 3507 2256 3560 mabit
2287 3504 2453 3577 542
2483 3522 2595 3570 vos,
2633 3511 2685 3560 et
2707 3507 2969 3562 custodiet
2992 3524 3027 3562 a
3050 3509 3211 3563 malo.
3238 3483 3697 3580 [nisu-perioribus

379 3591 500 3648 λετο
523 3590 661 3666 ὑμᾶς
685 3593 714 3646 ὁ
739 3586 874 3672 Θεὸς
922 3587 992 3652 εἰς
1044 3582 1314 3663 σωτηρίαν
1335 3629 1350 3656 ,
1378 3609 1404 3635 ι
1438 3582 1558 3641 ἀντὶ
1613 3581 1744 3658 τοῦξ,
1795 3580 1975 3672 ἐξελέ-

2086 3595 2249 3663 dixit,
2285 3597 2461 3665 Elegit
2500 3611 2590 3650 vos
2623 3600 2764 3652 Deus
2809 3595 2883 3650 ad
2918 3597 3169 3662 salutem,
3201 3595 3307 3653 hoc
3345 3605 3448 3666 est,
3504 3597 3697 3672 selegit

385 3677 528 3747 ξατο.
567 3679 762 3746 Πιστὸς
804 3667 894 3736 οῦν
935 3678 1082 3748 ἐστι,
1126 3673 1394 3734 τουτέστιν
1436 3673 1670 3747 ἀληθὴς,
1713 3672 1802 3732 καὶ
1832 3671 1973 3729 πάν-

2088 3700 2118 3740 ε
2141 3683 2350 3741 multis.
2393 3683 2594 3741 Fidelis
2624 3684 2916 3756 igiturest,
2955 3684 3014 3741 id
3042 3694 3123 3742 est
3149 3702 3337 3755 verax,
3371 3695 3428 3743 et
3456 3667 3691 3744 omnino

382 3791 485 3836 τως
535 3765 752 3839 ποιήσει
805 3765 834 3824 8
888 3764 1177 3845 ἐνήρξατο·
1233 3764 1324 3822 καὶ
1375 3760 1608 3842 στηρίξει
1668 3759 1763 3840 μὲν
1809 3765 1975 3838 ὑμᾶς,

2088 3773 2337 3848 perﬁciet
2409 3773 2558 3845 quod
2631 3789 2791 3831 orsus
2877 3782 2987 3844 est;
3047 3783 3104 3832 et
3157 3775 3512 3832 conﬁrmabit
3590 3793 3689 3834 vos

381 3856 621 3937 καθάπερ
667 3854 759 3914 καὶ
816 3853 1121 3930 ηὐξάμεθα,
1170 3851 1309 3912 ὥστε
1355 3850 1552 3929 μηκέτι
1605 3853 1978 3924 σαλευθῆναι·

2087 3862 2331 3937 quidem,
2363 3863 2504 3921 sicut
2529 3864 2811 3921 oravimus
2841 3872 2908 3920 ut
2932 3879 3050 3921 non
3077 3880 3245 3938 porro
3272 3866 3687 3924 concutiamini.

382 3945 599 4027 φυλάξει
625 3944 712 4018 δὲ,
742 3944 882 4005 ὥστε
911 3942 988 4022 μὴ
1016 3945 1238 4024 ἰσχῦσαι
1271 3943 1388 4002 καθ’
1412 3945 1558 4022 ὑμῶν
1579 3942 1669 4000 τὸν
1700 3943 1974 4003 Σατανᾶν.

2086 3953 2376 4011 Custodiet
2400 3962 2611 4024 autem,
2643 3961 2704 4010 ut
2738 3969 2857 4010 non
2900 3954 3193 4028 praevaleat
3237 3963 3431 4014 contra
3457 3971 3555 4013 vos
3588 3957 3690 4014 Sa-

2088 4051 2272 4102 tanas.

464 4147 496 4185 (
531 4124 870 4203 Πεποίθαμεν
908 4124 962 4186 δὲ
992 4126 1045 4182 ἐν
1079 4123 1262 4205 Κυρίῳ
1287 4124 1368 4204 ἐφ’
1391 4125 1556 4200 ὖμᾶς,
1587 4120 1668 4180 ὅτι
1711 4120 1746 4180 ἃ
1766 4144 1978 4202 παραγ-

2160 4137 2340 4192 Vnus.
2379 4139 2434 4191 4.
2464 4134 2794 4206 Conﬁdimus
2832 4138 3016 4192 autem
3058 4137 3120 4191 in
3146 4137 3369 4192 Domino
3407 4136 3475 4193 de
3520 4138 3688 4205 vobis,

382 4216 642 4296 γέλλομεν
673 4219 826 4293 ὓμῖν,
871 4215 960 4274 καὶ
989 4223 1188 4298 ποιεῖτε
1227 4212 1319 4273 καὶ
1366 4211 1642 4284 ποιήσετε.
1672 4236 1703 4269 ι)
1740 4211 1967 4284 Ἐπειδὴ

2085 4225 2232 4297 quod
2243 4241 2366 4297 qua:
2373 4227 2722 4298 praecipimus
2745 4225 2913 4290 vobis,
2930 4229 2982 4281 et
3005 4228 3192 4295 facitis
3219 4231 3270 4282 et
3280 4229 3520 4294 facietis.
3535 4228 3689 4284 Post-

381 4294 644 4380 ἐπηύξατο
677 4307 850 4373 αὐτοῖς
872 4351 889 4378 ,
932 4303 1023 4363 καὶ
1055 4294 1200 4364 εἶπεν
1217 4349 1234 4377 ,
1279 4303 1361 4362 ὅτι
1389 4303 1575 4370 πιστός
1604 4303 1747 4362 ἐστιν
1768 4304 1796 4360 ὁ
1822 4302 1978 4376 Θεὸς,

2086 4294 2582 4388 quam—oraesetpro
2602 4314 2684 4370 eis
2702 4331 2764 4370 ac
2797 4294 3031 4386 dixerat,
3067 4315 3366 4374 Fidelisest
3379 4321 3528 4374 Deus
3557 4321 3686 4390 quia

379 4396 461 4454 ὅτι
489 4395 787 4479 ποιήσειῌᾶ
836 4392 1091 4474 ἐνήρξατο
1112 4417 1126 4430 ·
1167 4391 1254 4450 ἵνα
1310 4391 1386 4470 μὴ
1433 4392 1746 4470 νομίσαντες
1777 4390 1840 4450 τὸ
1872 4400 1976 4449 πᾶν

2086 4403 2254 4462 faciet
2291 4421 2415 4479 quae
2458 4421 2616 4462 orsus
2656 4413 2770 4477 est;
2818 4421 2891 4462 ne
2929 4406 3050 4477 jam
3084 4406 3466 4465 existimantes
3510 4415 3689 4464 totum

377 4489 469 4545 τοῦ
497 4489 640 4548 Θεοῦ
684 4475 853 4558 εἶναι,
907 4481 1058 4544 αὐτοὶ
1105 4479 1631 4564 ἀποῤῥαθυμήσωσιν
1651 4527 1670 4556 ,
1723 4479 1835 4541 ἰδοὺ
1883 4486 1970 4540 νῦν

2084 4511 2203 4553 esse
2229 4475 2351 4564 Dei,
2381 4495 2488 4569 ipsi
2513 4510 2708 4568 segnes
2744 4475 3002 4565 evadant,
3032 4511 3162 4553 ecce
3181 4497 3306 4568 jam
3353 4513 3498 4554 nunc
3536 4497 3687 4570 ipso-

379 4574 468 4634 καὶ
509 4576 608 4647 τὴν
647 4577 776 4656 παρ’
826 4575 1000 4634 αὐτῶν
1041 4572 1345 4651 συνέργειαν
1396 4574 1646 4646 ἀπαιτεῖ,
1702 4574 1773 4638 ὡς
1805 4570 1868 4630 ἂν
1927 4573 1972 4630 εἰ

2086 4601 2216 4642 rum
2244 4585 2693 4658 cooperationem
2720 4584 2990 4658 postulat;
3013 4586 3237 4658 perinde
3264 4601 3329 4642 ac
3355 4586 3401 4643 si
3425 4585 3633 4643 diceret
3670 4604 3684 4642 :

377 4668 600 4725 τοιαῦτα
629 4665 796 4743 λέγων
828 4665 872 4703 ³ο
911 4661 980 4724 Ὁ
1007 4660 1103 4740 μὲν
1141 4662 1277 4728 Θεὸς
1314 4661 1499 4728 πιστός
1531 4662 1677 4732 ἐστι,
1710 4661 1801 4720 καὶ
1833 4660 1973 4721 πάν-

2083 4677 2237 4732 Deus
2259 4673 2482 4748 quidem
2512 4673 2690 4732 ﬁdelis
2724 4682 2829 4743 est,
2860 4681 2916 4731 et
2959 4674 3194 4731 omnino
3228 4673 3392 4731 faciet
3419 4690 3544 4748 quae
3582 4691 3680 4732 sua

377 4777 480 4822 τως
524 4752 739 4826 ποιήσει
768 4751 837 4811 τὰ
880 4755 1075 4811 αὑτοῦο
1123 4750 1243 4838 ἀλλ’
1265 4749 1356 4810 ἐὰν
1409 4749 1503 4810 καὶ
1560 4753 1714 4828 ὑμεῖς
1744 4749 1971 4829 ἐργάζη·

2081 4772 2232 4836 sunt,
2269 4764 2368 4822 sed
2395 4763 2442 4821 si
2487 4779 2585 4820 vos
2611 4764 2782 4821 etiam
2812 4763 3142 4838 operemini.
3188 4763 3452 4837 Expende
3497 4773 3690 4822 autem

378 4849 488 4905 σθε.
507 4839 658 4922 Ὅρα
679 4842 733 4902 δὲ
753 4844 942 4926 σοφίαν
964 4865 979 4880 ·
1009 4843 1130 4902 Οὐκ
1159 4831 1303 4901 εἶπεν
1331 4840 1513 4908 ἅπλῶς
1531 4885 1548 4915 ,
1579 4844 1661 4900 ὅτι
1694 4839 1970 4901 Πεποίθα-

2152 4831 2582 4926 ιεέερὶεηῑὶειω.
2629 4856 2758 4910 Non
2792 4831 2930 4911 diiit
2965 4831 3313 4927 simpliciter,
3351 4854 3698 4912 Conﬁdimus
3771 4893 3773 4896 ‹

379 4956 476 5010 μεν
497 4931 576 5014 ἐφ’
601 4939 736 5010 ὑμᾶς
754 4977 770 5006 ,
803 4931 946 5009 ἀλλ’,
979 4959 1006 4985 ιι
1030 4930 1126 4991 Ἐν
1158 4930 1342 5014 Κυρίῳ
1365 4954 1379 4968 ·
1401 4959 1426 4984 ιο
1454 4931 1718 5006 τουτέστι,
1739 4933 1826 5010 Τ
1858 4932 1974 5012 φιλ-

2080 4943 2152 5000 de
2175 4943 2353 5015 vobis,
2395 4942 2514 5012 sed,
2543 4946 2606 5000 1n
2630 4945 2857 5000 Domino
2897 4963 2914 4998 :
2945 4942 3054 5001 hoc
3081 4953 3187 5012 est,
3218 4944 3544 5002 Clementiae
3567 4944 3690 5017 ejus

379 5021 653 5104 ανθρωπίᾳ
715 5025 874 5082 αὐτοῦ
941 5019 1291 5098 πιστεύομεν,
1354 5017 1435 5080 ὅτι
1496 5019 1632 5092 αὐτὴ
1689 5021 1972 5102 ἐπιῤῥώσει

2082 5030 2384 5100 credimus,
2417 5033 2568 5106 quod
2595 5048 2662 5089 ea
2701 5033 2778 5089 sit
2813 5030 3188 5090 confortatura
3232 5049 3352 5103 vos,
3380 5041 3443 5089 ut
3479 5031 3693 5092 indicet

374 5114 548 5188 ὖμᾶς·
599 5110 693 5172 ἵνα
717 5111 859 5193 δείξῃ
911 5113 1087 5195 αὐτοῖς
1134 5111 1214 5171 ὅτι
1255 5111 1317 5171 τὸ
1356 5119 1465 5169 πᾶν
1511 5110 1832 5191 ἀναρτητέον
1879 5115 1972 5170 τοῦ

2075 5120 2215 5194 ipsis
2241 5128 2427 5178 totum
2471 5137 2540 5178 ex
2567 5124 2693 5179 Deo
2735 5120 2974 5195 pendere
3013 5121 3234 5179 debere.
3281 5124 3525 5192 Rursus,
3573 5138 3690 5180 non

374 5203 536 5263 Θεοῦ.
560 5202 760 5274 Πάλιν,
779 5189 874 5260 ούκ
897 5189 1042 5260 εἶπεν
1061 5199 1264 5275 ἁπλῶς,
1287 5189 1631 5276 Πεποίθαμεν
1653 5203 1731 5280 τῷ
1753 5197 1968 5282 Κυρίῳ,

2081 5189 2220 5267 dixit
2268 5209 2621 5284 simpliciter,
2677 5189 3027 5269 Cenﬁdimus
3090 5211 3334 5269 Domino
3393 5232 3407 5268 :
3464 5189 3691 5281 verum,

372 5291 489 5350 ἀλλ’
505 5335 524 5365 ,
550 5314 578 5349 ε
600 5290 724 5373 Ἐφ’
743 5294 883 5370 ὑμᾶς
899 5336 916 5364 ,
948 5314 979 5346 α
1003 5290 1095 5350 καὶ
1116 5290 1198 5350 ὅτι
1225 5313 1254 5350 ››
1293 5291 1508 5354 Ποιεῖτε
1524 5292 1617 5350 καὶ
1644 5289 1920 5362 ποιήσετε,
1945 5317 1968 5343 υ

2081 5305 2158 5357 De
2195 5301 2366 5366 vobis,
2399 5308 2478 5370 et,
2519 5301 2672 5370 Quod
2711 5303 2899 5370 facitis
2941 5307 2993 5358 et
3028 5303 3269 5370 facietis,
3304 5317 3376 5358 ne
3413 5309 3594 5358 totum
3637 5302 3692 5357 in

373 5377 460 5439 ἵνα
493 5380 569 5458 μὴ
620 5381 680 5442 τὸ
707 5390 815 5440 πᾶν
858 5379 1254 5460 άναρτήσαντες
1300 5385 1395 5440 τοῦ
1453 5382 1638 5453 Θεοῦ,
1694 5378 1970 5461 ἀργότεροι

2082 5391 2266 5446 Deum
2331 5388 2746 5458 transferentes,
2821 5390 2929 5464 ipsi
3002 5391 3298 5448 otiosiores
3369 5389 3692 5448 reddantur.

375 5469 524 5530 αὐτοὶ
551 5469 829 5550 γένωνται.
879 5475 974 5530 Δεῖ
1007 5468 1103 5544 μὲν
1136 5470 1241 5551 γὰρ
1285 5472 1346 5530 τὸ
1399 5479 1509 5528 πᾶν
1565 5469 1653 5528 ἐπὶ
1697 5468 1785 5528 τὸν
1832 5469 1972 5529 Θεὸν

2086 5482 2293 5537 Totum
2331 5479 2482 5536 enim
2532 5480 2588 5536 in
2623 5481 2812 5537 Deum
2840 5479 3206 5554 rejiciendum
3239 5487 3346 5549 est,
3384 5479 3483 5536 sed
3522 5480 3599 5536 ita
3630 5489 3694 5536 ut

376 5559 616 5640 ῥίπτειν,
650 5561 772 5622 ἀλλ’
820 5560 1162 5642 ἐνεργοῦντας
1193 5558 1288 5620 καὶ
1330 5558 1539 5628 αὐτούς.
1571 5560 1688 5621 Οὐκ
1737 5556 1974 5640 ἠρκέσθη

2087 5584 2190 5626 nos
2231 5569 2404 5628 etiam
2453 5585 2770 5644 operemur.
2823 5573 2941 5628 Nec
2991 5568 3098 5628 fuit
3150 5577 3442 5628 contentus
3477 5568 3662 5627 dicere
3677 5608 3693 5640 ,

1771 5659 1962 5719 Varia:
2007 5659 2318 5724 lectiones.

448 5755 493 5792 ³⁸
515 5756 632 5830 ὗπὶρ
663 5775 716 5817 ο,
795 5769 848 5811 99
867 5759 1085 5830 καθάπερ
1125 5774 1181 5816 ο.
1258 5759 1271 5792 ³
1304 5756 1592 5830 ὑπάρχωσιν
1635 5773 1712 5814 m.
1789 5757 1831 5814 ³.
1864 5763 1962 5812 τῶν
1987 5759 2304 5814 διδασκάλων
2333 5777 2388 5818 0.
2465 5759 2572 5823 θὼς
2603 5757 2744 5823 εἰδὼς
2775 5763 2930 5814 ταῦτα
2955 5759 3194 5832 λίγειαι.
