4104 6370
436 396 566 450 1351

432 521 670 588 Facitis;
721 516 816 574 sed
870 516 1089 590 adjecit,
1141 518 1374 574 Facietis
1424 535 1442 568 :

429 609 499 665 ad
529 617 838 665 extremum
868 623 1041 680 usque
1091 606 1351 680 spiritum
1393 605 1652 663 virtutem
1695 605 1885 662 adesse
1929 603 2031 661 de-

428 701 580 759 bere.

502 795 684 848 Vnus.
731 798 784 847 5.
814 791 1072 846 Dominus
1104 793 1285 844 autem
1315 789 1517 858 dirigat
1559 786 1726 843 corda
1747 790 1928 842 vestra
1962 786 2037 840 ad

435 883 773 938 dilectionem
827 882 944 948 Dei,
985 884 1037 934 et
1081 879 1154 934 ad
1179 881 1508 950 patientiam
1549 878 1774 934 Christi.
1825 878 2033 931 Iterum

431 987 532 1043 pro
569 971 648 1028 eis
693 969 1010 1037 intercedit,
1059 977 1265 1042 quanta
1312 968 1535 1024 illorum
1577 981 1705 1022 cura
1749 972 2033 1037 tangatur,

431 1061 694 1118 indicans.
725 1059 864 1132 Quia
893 1059 1041 1116 enim
1077 1058 1383 1115 nonnullos
1407 1073 1600 1113 eorum
1643 1054 2034 1126 objurgaturus

429 1159 534 1220 est,
566 1150 733 1207 corda
799 1150 1050 1221 ipsorum
1105 1147 1463 1220 prtemitigat,
1526 1154 1587 1202 ut
1655 1145 1904 1201 videatur
1967 1159 2032 1199 ex

430 1241 605 1296 multa
653 1239 926 1296 charitate
981 1237 1297 1310 objurgare.
1366 1237 1462 1292 Ait
1531 1235 1716 1307 igitur,
1769 1235 2032 1291 Dominus

429 1331 637 1399 dirigat
674 1329 838 1384 corda
863 1332 1044 1384 vestra
1075 1344 1088 1382 :
1137 1326 1242 1383 hoc
1277 1333 1382 1395 est,
1413 1327 1586 1381 Recta
1633 1323 1821 1380 venire
1869 1321 2033 1379 faciat

431 1427 486 1475 et
528 1434 638 1474 non
694 1418 967 1474 aberrare.
1012 1416 1186 1472 Multa
1232 1415 1380 1471 enim
1434 1422 1562 1471 sunt
1611 1428 1735 1487 quae
1800 1428 1830 1468 a
1879 1419 2030 1468 recto

429 1507 710 1564 charitatis
727 1507 860 1564 calle
884 1506 1184 1574 abducunt,
1206 1513 1267 1560 ut
1288 1505 1532 1577 pecunia,
1559 1502 1870 1570 facultates,
1892 1516 2028 1557 vana

431 1598 630 1671 gloria,
696 1596 942 1664 afﬂictio,
1011 1595 1357 1652 tentationes.
1416 1596 1549 1650 Hac
1613 1593 1764 1650 enim
1817 1593 2030 1666 aliaque

429 1689 603 1744 multa
633 1702 744 1743 non
770 1685 958 1742 sinunt
984 1700 1086 1742 nos
1115 1684 1185 1741 ad
1213 1683 1570 1741 dilectionem
1623 1684 1728 1740 Dei
1761 1690 1908 1739 recta
1937 1699 2020 1739 ac-

429 1776 645 1845 cedere,
675 1775 1009 1848 diligereque
1048 1774 1228 1846 ipsum
1267 1773 1494 1846 perinde
1544 1789 1610 1830 ac
1656 1772 2024 1829 necessarium

1417 388 1930 447 THEOPHYLACTI
1970 388 2330 446 BULGARLE
2367 391 2684 448 ARCHIEP.

1486 514 1806 583 ostendens,
1866 514 2021 572 nobis

2141 516 2192 574 δὲ
2215 515 2378 576 εἰπὼν
2402 517 2464 577 τὸ
2486 561 2502 589 ,
2528 520 2744 579 Ποιεῖτε
2766 563 2782 590 ,
2802 516 2942 578 ἀλλὰ
2962 517 3259 598 προσέθηκε
3277 517 3371 579 καὶ
3393 519 3454 579 τὸ
3471 564 3485 592 ,
3524 542 3552 579 (ι
3573 523 3743 595 Ποιή-

3606 401 3742 454 i352

2145 629 2302 665 σετε·
2355 606 2556 674 δεικνὺς
2607 605 2689 665 ὅτι
2741 609 2821 666 δεῖ
2875 611 3004 684 ἡμῖν
3063 608 3192 690 ἄχρι
3245 608 3335 668 καὶ
3366 613 3460 682 τῆς
3509 611 3742 690 ἐσχάτης

2146 698 2411 768 ἀναπνοῆς
2441 697 2691 775 παρεῖναι
2720 696 2818 768 τὴν
2858 696 3075 778 ἀρετήν.

2231 812 2254 839 ι
2291 784 2361 846 Ὀ
2420 787 2471 845 δὲ
2527 785 2728 866 Κύριος
2797 787 3112 847 κατευθύναι
3167 790 3316 865 ὑμῶν
3367 787 3462 855 τὰς
3523 789 3743 868 καρδίας

2146 877 2215 942 εἰς
2267 873 2364 946 τὴν
2410 874 2627 956 ἀγάπην
2682 880 2774 934 τοῦ
2826 877 2998 950 Θεοῦ,
3054 875 3145 936 καὶ
3204 878 3275 945 εἷς
3331 876 3426 948 τὴν
3472 879 3742 954 ὑπομονὴν

2143 968 2234 1022 τοῦ
2281 967 2537 1043 Χριστοῦ.
2581 991 2606 1017 ιο
2646 964 2818 1026 Πάλιν
2851 964 3142 1046 ἐπεύχεται
3165 967 3371 1039 αὐτοῖς,
3419 966 3619 1034 δεικνὺς
3647 967 3740 1040 τὴν

2144 1056 2305 1112 αὐτοῦ
2353 1053 2694 1131 κηδεμονίαν.
2749 1053 2972 1128 Ἐπειδὴ
3003 1055 3105 1134 γὰρ
3142 1053 3325 1132 μέλλει
3373 1055 3509 1114 τισὶν
3559 1059 3732 1118 αὐτῶν

2143 1144 2420 1224 ἐπιτιμᾷν,
2451 1143 2751 1224 προλεαίνει
2796 1142 2890 1211 τὰς
2935 1145 3156 1224 καρδίας
3199 1149 3373 1204 αὐτῶν
3395 1144 3526 1220 ,ἵνα
3562 1145 3684 1228 δόξῃ
3714 1148 3736 1182 ⁴

2141 1231 2220 1290 ὅτι
2253 1234 2360 1292 ἀπὸ
2391 1233 2604 1313 ἀγάπης
2626 1235 2826 1304 πολλῆς
2861 1235 3103 1314 ἐπιτιμᾷο
3139 1235 3323 1307 ’Φησὶν
3354 1225 3474 1314 οὐν,
3509 1233 3588 1294 ὅτι
3626 1225 3740 1297 «⁷⁸0

2146 1323 2341 1402 Κύριος
2389 1323 2703 1383 κατευθύναι
2733 1321 2829 1387 τὰς
2863 1323 3085 1402 καρδίας
3116 1327 3300 1402 ὑμῶν,
3340 1345 3371 1383 n
3428 1324 3696 1384 τουτέστιν
3717 1373 3734 1406 ,

2140 1412 2225 1469 ἐπ’
2273 1413 2475 1480 εὐθείας
2517 1413 2684 1474 ἐλθεῖν
2715 1412 2954 1482 ποιήσειε
2981 1413 3024 1488 ⁵,
3059 1415 3150 1472 καὶ
3183 1414 3258 1489 μὴ
3301 1419 3738 1494 παρατραπῆναι.

2142 1502 2329 1562 Πολλὰ
2381 1502 2482 1582 γάρ
2526 1505 2628 1562 εἰσι
2676 1507 2770 1573 τῆς
2807 1504 2936 1583 πρὸς
2984 1501 3080 1574 τὴν
3131 1504 3348 1582 ἀγάπην
3408 1505 3565 1584 ὀρθῆς
3615 1505 3738 1562 ὀδοῦ

2141 1592 2498 1671 ἐκτρέποντα,
2553 1592 2645 1651 καὶ
2697 1593 2986 1672 χρήματα,
3017 1592 3109 1652 καὶ
3155 1591 3459 1661 κενοδοξία,
3491 1593 3582 1651 καὶ
3621 1593 3737 1652 θλί-

2137 1682 2268 1760 ψεις,
2312 1683 2405 1741 καὶ
2435 1682 2750 1760 πειρασμοί.
2800 1684 2988 1741 Ταῦτα
3016 1682 3118 1760 γὰρ
3151 1683 3243 1740 καὶ
3275 1682 3412 1740 ἄλλα
3440 1681 3609 1742 πλείω
3639 1687 3736 1742 οὐκ

2136 1772 2291 1830 ἐῶσιν
2324 1775 2468 1847 ἡμᾶς
2510 1773 2580 1838 είς
2631 1771 2848 1850 ἀγάπην
2895 1776 2985 1830 τοῦ
3037 1773 3180 1831 Θεοῦ
3211 1774 3601 1850 εὐθυπορῆσαι,
3647 1773 3744 1830 καὶ

427 1875 531 1923 est.
577 1836 722 1922 Illud
763 1836 934 1934 vero;
963 1867 1054 1922 Ad
1069 1836 1400 1936 Ipatientiam
1443 1864 1667 1927 Christi,
1708 1861 1791 1918 vel
1819 1862 1897 1918 sic
1948 1863 2021 1918 in-

2138 1836 2419 1938 ἀγαπῆσαι
2469 1836 2628 1920 αὐτύν
2671 1836 2742 1927 die;
2780 1836 2875 1919 δεῖ.
2924 1861 3004 1920 Τὸ
3025 1859 3110 1933 δὲ,
3153 1889 3176 1914 ι
3223 1863 3319 1927 Εἷς
3349 1836 3446 1932 τῆν
3463 1836 3739 1940 ὐπομονὴν

429 1955 639 2030 telliges
667 1963 732 2012 ut
766 1955 1133 2012 sustineamus
1163 1963 1218 2010 et
1264 1969 1388 2023 nos,
1421 1950 1897 2026 quemadmodum
1932 1953 2024 2008 ille

424 2045 687 2104 sustinuit
731 2064 744 2101 :
775 2047 854 2102 vel
888 2053 952 2101 ut
986 2061 1114 2101 cum
1149 2044 1410 2116 patientia
1459 2051 1840 2115 exspectemus
1869 2041 2025 2099 Chri-

424 2143 574 2190 stum
603 2143 657 2192 et
698 2151 813 2190 non
860 2133 1238 2208 desperemus,
1283 2133 1380 2190 sed
1435 2133 1668 2188 ﬁrmiter
1705 2130 2022 2200 credamus,

425 2224 574 2296 quod
619 2239 743 2297 qua:
781 2223 1117 2298 promiserit,
1155 2223 1534 2295 completurus
1585 2222 1676 2278 sit.
1726 2225 2020 2290 Praeterea,

425 2314 706 2388 patientia;
759 2315 1102 2371 mentionem
1145 2312 1372 2382 faciens,
1422 2312 1750 2371 afﬂictiones
1819 2311 2019 2368 innuit.

423 2404 688 2462 Charitati
738 2413 928 2462 autem
1000 2403 1098 2460 Dei
1147 2402 1394 2477 adjunxit
1455 2403 1776 2476 patientiam
1844 2424 1858 2460 :
1916 2403 2022 2459 hoc

423 2494 567 2550 enim
615 2501 698 2550 est
745 2493 972 2566 diligere
1024 2497 1229 2560 Deum,
1288 2501 1515 2566 propter
1569 2494 1753 2565 ipsum
1802 2491 2021 2565 patienti

422 2583 608 2640 animo
651 2599 794 2651 esse,
845 2591 901 2640 et
966 2599 1081 2640 non
1148 2582 1480 2639 contristari.
1561 2585 1662 2639 Per
1731 2584 2022 2639 Dominum

422 2681 610 2729 autem
649 2671 738 2731 hic
779 2672 1041 2746 Spiritum
1082 2672 1349 2746 intellige,
1400 2671 1626 2745 perinde
1668 2688 1733 2729 ac
1788 2688 2023 2746 magnus

422 2763 708 2820 annotavit
734 2763 989 2820 Basilius.

494 2855 662 2910 Vens.
709 2860 764 2910 6.
813 2855 1165 2924 Prcecipimus
1220 2859 1404 2910 autem
1457 2854 1630 2924 vobis,
1677 2854 1906 2924 fratres,
1961 2855 2020 2908 in

425 2945 635 2998 nomine
692 2946 910 2999 Domini
971 2946 1144 3001 nostri
1221 2948 1344 3001 Iesu
1401 2944 1622 3001 Christi.
1674 2946 1799 2999 Non
1848 2942 2021 3000 semel

423 3031 791 3090 indicavimus
839 3034 1070 3090 Paulum
1099 3033 1428 3090 severiorem
1476 3031 1884 3089 institutionem
1930 3048 2022 3104 ap-

423 3121 626 3193 pellare
669 3132 1028 3196 praeceptum.
1083 3123 1248 3196 543
1307 3125 1469 3178 Nunc
1519 3122 1702 3194 itaque
1760 3119 2024 3178 formida-

459 3212 674 3268 iliorem
689 3212 1133 3270 adhortationem
1143 3211 1372 3277 faciens,
1391 3213 1512 3267 Non
1528 3227 1631 3267 nos
1650 3211 2020 3283 precipimus,

418 3300 621 3373 inquit,
663 3300 758 3358 sed
815 3301 1086 3357 Christus.
1142 3303 1282 3373 Quae
1355 3300 1504 3357 enim
1575 3315 1680 3371 ego
1726 3299 1876 3368 dico,
1929 3299 2020 3358 ille

423 3387 672 3460 profecto
710 3389 864 3446 dicit.
916 3392 1060 3446 Nam
1111 3399 1174 3447 ut
1210 3389 1372 3447 otiosi
1423 3405 1691 3459 essemus,
1742 3405 2017 3464 nusquam

419 3478 509 3534 ille
535 3479 816 3553 praecepit.

498 3572 564 3624 Ut
621 3570 957 3625 subtrahatis
1013 3587 1100 3627 vos
1153 3572 1222 3626 ab
1287 3573 1432 3626 omni
1487 3573 1664 3640 fratre
1710 3571 2019 3627 inordinate

417 3659 748 3715 ambulante.
780 3661 901 3716 Hoc
927 3667 1033 3731 est,
1063 3667 1125 3716 ut
1146 3659 1473 3733 separemini
1515 3677 1545 3716 a
1573 3660 1773 3733 quovis
1805 3660 2017 3717 inordi-

417 3755 562 3818 nate,
621 3747 727 3804 hoc
788 3757 874 3806 est
935 3749 1133 3813 otiose,
1190 3749 1429 3822 vivente,
1478 3749 1591 3806 sive
1657 3749 1831 3819 dives,
1905 3749 2020 3807 sive

418 3852 643 3910 pauper,
676 3839 790 3895 sive
825 3847 1053 3896 sanctus
1099 3838 1286 3895 fuerit.
1319 3841 1428 3913 Qui
1475 3839 1620 3896 enim
1664 3839 1734 3895 ab
1787 3839 2020 3897 utilibus

417 3926 672 3998 operibus
721 3927 1021 3995 abstinent,
1062 3929 1121 3985 in
1179 3928 1528 3986 dicacitatem
1593 3929 1915 4002 plerumque
1961 3939 2019 3986 et

414 4017 804 4074 scurrilitatem
847 4019 1151 4091 praecipites
1179 4029 1435 4093 aguntur.
1482 4020 1618 4075 Haec
1649 4027 1832 4076 autem
1873 4019 2020 4077 inor-

414 4105 602 4163 dinata
639 4116 790 4164 sunt.
843 4107 1172 4180 Quomodo?
1199 4111 1429 4181 Propter
1463 4107 1567 4164 hoc
1617 4107 1819 4181 ipsum,
1866 4108 2016 4182 quod

415 4193 552 4250 nihil
592 4205 737 4269 agat,
768 4205 823 4254 et
858 4198 987 4270 quia
1017 4197 1271 4256 ordinem
1322 4214 1354 4254 a
1391 4206 1730 4271 praeceptore
1769 4198 2012 4271 positum

415 4282 665 4341 excedat.
693 4283 866 4341 Infert
894 4286 1058 4359 igitur
1090 4305 1103 4342 :

484 4376 554 4430 Et
594 4389 699 4430 non
725 4376 1014 4431 secundum
1055 4377 1402 4433 traditionem
1432 4393 1597 4448 quam
1629 4383 1950 4449 acceperunt
1977 4395 2014 4434 a

411 4464 583 4519 nobis.
632 4465 816 4534 Quam
886 4481 983 4539 per
1038 4481 1203 4540 opera
1249 4466 1404 4524 vobis
1460 4466 1683 4536 tradidi,
1738 4467 2016 4541 exemplar

2135 1957 2227 2010 τοῦ
2254 1953 2492 2030 Χριστοῦ
2511 1973 2560 2023 ,›)
2601 1949 2798 2022 ἢοῦτω
2828 1949 3064 2024 νοήσεις,
3095 1949 3215 2010 Ἵνα
3250 1949 3599 2027 ὑπομένωμεν
3620 1997 3636 2025 ,
3671 1956 3740 2019 ὥς

2135 2040 2328 2108 ἐκεῖνος
2370 2040 2647 2116 ὑπέμεινεν
2678 2063 2690 2076 ·
2739 2037 2798 2116 ἢ,
2824 2038 2948 2100 Ἵνα
2982 2038 3095 2118 μεθ’
3150 2043 3424 2116 ὑπομονῆς
3456 2040 3738 2118 ἀναμένω-

2136 2151 2233 2205 μεν
2282 2129 2370 2188 τὸν
2412 2129 2677 2206 Χριστὸν,
2727 2129 2820 2188 καὶ
2866 2128 2941 2206 μὴ
2999 2129 3412 2205 ἀπελπίζωμεν,
3461 2129 3601 2188 ἀλλὰ
3645 2153 3741 2188 πι-

2141 2218 2414 2296 στεύωμεν
2486 2218 2743 2299 βεϐαίως,
2801 2217 2882 2276 ὅτι
2937 2218 2968 2276 ἃ
3023 2217 3378 2297 ἐπηγγείλατο
3435 2219 3736 2297 πληρώσει.

2143 2307 2326 2368 Εἰπὼν
2350 2309 2404 2367 δὲ
2427 2309 2724 2384 ὑπομονὴν,
2749 2307 2947 2389 θλίψεις
2975 2307 3211 2388 ᾐνίξατο.
3247 2311 3330 2384 Τῇ
3349 2311 3532 2388 ἀγάπῃ
3556 2307 3610 2366 δὲ
3640 2315 3730 2368 τοῦ

2132 2399 2272 2459 Θεοῦ
2325 2398 2595 2468 συνέζευξα
2640 2398 2737 2464 τὴν
2792 2396 3067 2475 ὑπομονήν
3113 2419 3130 2435 ι
3159 2403 3315 2456 τοῦτο
3361 2396 3465 2476 γάρ
3525 2398 3732 2459 ἔστιτὸ

2133 2489 2349 2570 ἀγαπᾷν
2375 2487 2462 2546 τὸν
2487 2486 2658 2562 Θεὸν,
2691 2486 2750 2546 τὸ
2793 2487 3076 2564 ὑπομένειν
3103 2489 3172 2546 δι’
3199 2487 3378 2564 αὐτὸν,
3408 2486 3502 2546 καὶ
3537 2485 3612 2563 μὴ
3643 2492 3735 2547 θο-

2135 2577 2425 2658 ρυϐεῖσθαι.
2457 2577 2691 2654 «Κύριον
2714 2598 2742 2635 ι)
2778 2577 2852 2650 δὲ,
2873 2575 2933 2634 τὸ
2964 2579 3186 2654 Πνεῦμα
3216 2575 3324 2636 νόει
3348 2578 3594 2651 ἐνταῦθα,
3615 2578 3688 2644 ὣς
3709 2580 3738 2635 δ

2132 2665 2296 2744 μέγας
2321 2667 2745 2748 παρεσημήνατο
2781 2667 3082 2733 Βασίλειος.

2215 2869 2246 2905 α
2283 2845 2737 2928 Παραγγέλλομεν
2789 2844 2844 2906 δὲ
2895 2848 3054 2924 ὗμῖν,
3108 2845 3357 2927 ἀδελφοὶ,
3413 2847 3466 2905 ἐν
3511 2844 3735 2922 ὀνόματι

2130 2940 2224 2996 τοῦ
2273 2937 2477 3019 Κυρίου
2523 2941 2679 3014 ἡμῶν
2710 2937 2888 3009 Ἰησοῦ
2940 2939 3198 3019 Χριστοῦ.
3225 2959 3252 2995 ι)
3296 2934 3564 3003 Πολλάκις
3591 2934 3740 2996 είπο·

2135 3048 2265 3102 μεν,
2297 3025 2380 3086 ὅτι
2417 3025 2786 3108 παραγγελίαν
2840 3030 2868 3086 ὁ
2900 3029 3114 3092 Παῦλος
3142 3025 3286 3104 λέγει
3321 3025 3416 3096 τὴν
3465 3027 3730 3104 αὐστηρο-

2134 3114 2292 3197 τέραν
2342 3117 2711 3176 διδασκαλίαν.
2769 3116 2882 3177 Καὶ
2910 3121 3001 3174 νῦν
3057 3109 3148 3173 οὐν
3208 3112 3574 3196 φοϐερωτέραν
3632 3113 3733 3186 τὴν

2139 3206 2505 3285 παραγγελίαν
2562 3209 2727 3266 ποιῶν
2748 3252 2763 3280 ,
2827 3206 2987 3288 φησὶν
3009 3251 3026 3282 ,
3056 3203 3138 3264 ὅτι
3169 3208 3293 3284 Οὐχ
3322 3209 3475 3282 ἡμεῖς
3521 3227 3734 3284 παραγ-

2131 3293 2390 3371 γέλλομεν
2408 3342 2423 3370 ,
2453 3295 2570 3355 ἀλλ’
2605 3299 2633 3354 ὁ
2663 3297 2915 3376 Χριστός.
2955 3293 3031 3356 Ἀ
3065 3294 3170 3374 γὰρ
3197 3292 3302 3373 ἐγὼ
3329 3293 3493 3371 λέγω,
3524 3295 3728 3361 ἐκεῖνος

2126 3383 2288 3464 λέγει.
2319 3385 2576 3463 Οὐδαμοῦ
2601 3385 2702 3466 γὰρ
2732 3382 3052 3466 προσέταξεν
3080 3386 3276 3451 ἐκεῖνος
3303 3385 3505 3464 ἀργεῖν.

2217 3586 2248 3623 (ι
2274 3563 2600 3625 Στέλλεσθαι
2641 3567 2779 3642 ὑμᾶς
2813 3563 2920 3622 ἀπὸ
2965 3563 3160 3630 παντὸς
3212 3563 3442 3643 ἀδελφοῦ
3491 3559 3734 3630 ἀτάκτως

2127 3659 2565 3734 περιπατοῦντος.
2605 3679 2634 3710 ιι
2668 3653 2951 3725 Τουτέστι,
2983 3651 3300 3734 χωρίζεσθαι
3331 3651 3437 3710 ἀπὸ
3467 3655 3558 3710 τοῦ
3591 3650 3730 3710 ἀτά-

2128 3767 2299 3820 κτως,
2374 3742 2646 3824 τουτέστιν
2679 3745 2703 3781 5
2769 3746 2975 3824 ἀργῶς,
3029 3746 3268 3823 βιοῦντος
3339 3740 3572 3817 παντὸς,
3630 3739 3733 3799 κᾶν

2126 3833 2377 3902 πλούσιος
2419 3823 2488 3912 ᾖ,
2525 3833 2627 3891 κᾶν
2657 3823 2856 3910 πένης,
2889 3831 2988 3892 κᾶν
3027 3832 3178 3910 ἅγιος
3206 3833 3254 3892 ⁷.
3286 3832 3358 3892 Οἱ
3395 3828 3501 3910 γὰρ
3525 3830 3732 3910 ἀπεχόο

2129 3945 2278 3999 μενοι
2307 3927 2410 3981 τῶν
2445 3922 2753 4002 εὐχρήστων
2796 3920 2964 4003 ἔργων
2984 3965 3001 3995 ,
3041 3924 3112 3989 ὥς
3150 3920 3346 3982 ἐπίπαν
3377 3921 3447 3986 εἰς
3471 3920 3734 4001 εὐτραπε-

2125 4013 2245 4079 λίας
2273 4010 2366 4070 καὶ
2417 4011 2726 4092 ἀδιαφορίας
2757 4010 3254 4092 ἐκτραχηλίζονται.
3281 4011 3471 4070 Ταῦτα
3500 4006 3556 4066 δὲ
3589 4010 3725 4067 ἀτα-

2126 4100 2234 4170 ξίας
2283 4102 2403 4160 εἰσί.
2455 4103 2584 4168 Πῶς
2598 4124 2615 4174 ;
2659 4100 2742 4163 Δι’
2781 4100 2911 4160 αὐτὸ
2947 4105 3102 4161 τοῦτο
3131 4099 3192 4160 τὸ
3233 4102 3440 4180 ἀργεῖν,
3471 4094 3564 4157 καὶ
3593 4098 3727 4157 καθὸ

2126 4189 2364 4249 ἐκϐαίνει
2418 4188 2516 4262 τὴν
2561 4191 2715 4270 παρὰ
2774 4195 2864 4249 τοῦ
2917 4189 3241 4250 διδασκάλου
3281 4187 3520 4248 τεθεῖσαν
3581 4188 3730 4269 αὐτῷ

2129 4279 2298 4350 τάξιν.
2336 4278 2618 4361 Ἐπιφέρει
2648 4272 2736 4338 οὐν
2765 4303 2778 4318 ο

2213 4393 2242 4428 α
2273 4371 2379 4430 Καὶ
2444 4370 2520 4443 μὴ
2570 4369 2711 4430 κατὰ
2778 4369 2875 4442 τὴν
2947 4367 3243 4448 παράδοσιν
3295 4367 3359 4441 ἣν
3424 4366 3728 4448 παρέλαϐον

2122 4463 2248 4540 παρ’
2299 4463 2472 4536 ἡμῶν.
2513 4481 2544 4518 ι)
2575 4458 2685 4521 Ἢν
2737 4458 2825 4519 διὰ
2882 4463 2988 4518 τῶν
3008 4459 3176 4539 ἔργων
3230 4462 3356 4537 ὐμῖν
3403 4458 3730 4539 παρέδωκα,

413 4551 566 4609 vobis
595 4551 774 4612 factus
801 4572 815 4611 :
848 4555 1066 4628 proprie
1094 4557 1245 4613 enim
1290 4556 1514 4614 traditio
1555 4565 1640 4614 est
1673 4557 2007 4629 hujusmodi.

2132 4548 2283 4619 τύπος
2331 4548 2616 4630 γενόμενος
2654 4553 2804 4628 ὕμῖν.
2838 4549 3045 4630 Κυρίως
3075 4549 3178 4629 γὰρ
3221 4551 3257 4621 ἡ
3299 4545 3516 4620 τοιαύτη
3547 4548 3726 4627 παράο

480 4735 660 4790 Vnus.
693 4739 744 4790 7.
779 4737 894 4806 Ipsi
919 4739 1059 4792 enim
1101 4738 1250 4792 scitis
1293 4738 1748 4808 quemadmodum
1771 4741 2013 4809 oporteat

411 4823 623 4877 imitari
667 4840 784 4888 nos,
825 4829 1084 4896 quoniam
1120 4843 1237 4881 non
1273 4827 1583 4883 inordinate
1609 4844 1706 4883 nos
1746 4830 2009 4897 gessimus

407 4913 557 4982 apud
596 4928 705 4978 vos,
761 4931 930 4985 neque
981 4918 1155 4985 gratis
1206 4932 1407 4987 panem
1446 4918 1890 4973 manducavimus
1940 4919 2008 4973 ab

408 5002 613 5072 aliquo.
673 5004 793 5058 Non
875 5004 1192 5062 inordinate
1245 5021 1347 5062 nos
1412 5007 1700 5079 gessimus,
1781 5007 1836 5064 id
1901 5015 2004 5074 est,

411 5105 525 5146 non
576 5089 784 5147 fuimus
845 5093 1027 5150 otiosi.
1091 5094 1566 5152 lnordinationem
1621 5096 1769 5152 enim
1830 5097 2034 5154 otium‘

404 5179 676 5249 nominat,
708 5191 768 5238 ut
800 5197 964 5255 supra
1010 5191 1219 5257 :atque
1267 5186 1342 5242 ita
1370 5201 1501 5242 sane
1551 5201 1610 5242 se
1651 5201 1737 5242 res
1791 5185 1953 5243 habet
1994 5205 2008 5240 :

408 5285 541 5326 nam
569 5273 718 5327 Deus
743 5273 920 5344 posuit
945 5272 1229 5332 hominem
1261 5274 1331 5332 ad
1353 5276 1624 5343 laborem,
1651 5284 1910 5349 artusque
1940 5275 2010 5333 ad

405 5357 512 5416 hoc
539 5359 758 5418 eiﬂnxit
804 5380 819 5419 :
867 5364 1123 5436 quocirca
1166 5363 1259 5437 qui
1304 5365 1516 5424 otiosus
1545 5373 1648 5434 est,
1693 5365 1762 5421 ab
1810 5366 2009 5424 ordine

2122 4642 2276 4708 δοσις.

2211 4753 2241 4790 α
2272 4730 2437 4791 Αὐτοὶ
2467 4729 2573 4812 γὰρ
2624 4730 2801 4790 οἴδατε
2849 4731 2962 4796 πῶς
2996 4730 3074 4788 δει
3106 4732 3386 4808 μιμεισθαι
3419 4730 3600 4803 ἡμᾶς,
3633 4722 3719 4783 ὅτι

2118 4823 2217 4880 οὐκ
2292 4821 2676 4897 ἠτακτήσαμεν
2743 4823 2797 4879 ἐν
2850 4823 3017 4898 ὑμῖν,
3096 4819 3214 4877 οὐδὲ
3285 4817 3489 4898 δωρεὰν
3564 4812 3725 4894 ἄρτον

2120 4909 2386 4991 ἐφάγομεν
2416 4909 2567 4990 παρά
2595 4933 2757 4976 τινος.
2782 4929 2812 4966 n
2845 4909 2966 4971 Οὐκ
2993 4905 3406 4982 ἠτακτήσαμεν,
3429 4902 3727 4977 τουτέστιν,

2117 5001 2212 5059 οὐκ
2241 4999 2578 5081 ἠργήσαμεν.
2631 4997 2875 5068 ’Ᾱταξίαν
2907 4999 3011 5079 γὰρ
3054 4999 3150 5069 τὴν
3185 4995 3375 5076 ἀργίαν
3430 4992 3720 5081 ὀνομάζει,

2118 5093 2188 5158 ὣς
2217 5080 2309 5149 καὶ
2340 5089 2594 5170 ἀνωτέρω
2615 5113 2628 5126 ·
2662 5087 2755 5147 καὶ
2791 5088 2957 5156 οὕτως
2987 5087 3126 5169 ἔχει.
3155 5085 3225 5147 (Ο
3254 5085 3357 5165 γὰρ
3389 5085 3527 5150 Θεὸς
3564 5080 3719 5150 ἔταξε

2120 5179 2209 5238 τὸν
2242 5181 2518 5260 ἄνθρωπον
2570 5179 2913 5258 ἐργάζεσθαι,
2957 5178 3050 5237 καὶ
3093 5175 3162 5235 τὰ
3213 5176 3352 5253 μέλη
3393 5172 3524 5254 πρὸς
3565 5175 3723 5230 τοῦτο

2120 5270 2404 5328 διέπλασεν
2430 5269 2476 5328 ⁸.
2528 5264 2708 5327 Ὥστε
2763 5271 2791 5326 ὁ
2840 5270 3018 5348 ἀργῶν
3071 5267 3349 5326 ἐκλέλοιπε
3397 5263 3496 5335 τὴν
3540 5260 3717 5330 τάξιν.

2118 5359 2264 5439 ⁰Ορα
2319 5357 2406 5432 δὲ,
2457 5362 2570 5426 πῶς
2601 5357 2802 5438 δωρεὰν
2865 5363 3054 5437 φαγεῖν
3099 5355 3322 5414 ἐκάλεσε
3364 5353 3425 5412 τὸ
3467 5353 3595 5431 παρ’
3621 5350 3725 5408 αὐ-

1801 5489 1994 5549 Varim
2037 5491 2340 5550 lectiones.

475 5614 646 5692 δ’ὀεὲξῃ
699 5635 752 5676 0.
829 5621 849 5655 ⁵
898 5621 1125 5694 τηρήσειε
1174 5637 1228 5678 0.

1326 5621 1346 5655 ⁸
1393 5623 1475 5676 καὶ
1517 5640 1567 5681 ο,
1647 5623 1668 5657 ⁷
1707 5624 1796 5676 κᾶν
1842 5625 1980 5696 ἅγιος
2037 5624 2268 5688 "Arato;
2317 5625 2412 5695 γάρ
2466 5627 2566 5677 ἐστι
2615 5625 2706 5686 πᾶς
2767 5622 2880 5676 κατ’
2928 5619 3050 5676 αὐτὸ
3105 5625 3253 5675 τοῦτο
3305 5619 3364 5673 τὸ
3411 5617 3583 5689 ἀργεῖν
3634 5630 3717 5672 m.

402 5699 742 5758 Inordinatus
771 5705 912 5758 cnim
936 5708 1014 5760 est
1040 5706 1165 5774 quis
1193 5704 1276 5762 vel
1288 5720 1390 5775 per
1411 5706 1507 5762 hoc
1529 5706 1710 5778 ipsum
1738 5707 1884 5778 quod
1906 5709 2021 5762 otio:

2136 5710 2210 5763 sit
2284 5708 2305 5740 ⁸
2337 5707 2625 5761 διεπέτανεν
2651 5721 2706 5762 ο.
