4104 6482
372 404 508 458 1353

1212 404 1567 462 EXPOSITIO
1607 405 1674 461 IN
1710 404 1919 462 EPIST.
1961 394 2138 461 II'AD
2175 405 2405 463 THESS.
2451 438 2515 447 —
2555 408 2707 464 CAP.
2750 408 2838 464 Ill.

3538 412 3680 468 1354

368 531 476 615 τῶν
498 531 791 611 τραφῆναι.
827 527 1022 591 Καίτοι
1050 532 1144 591 οὖκ
1175 523 1240 605 ἦν
1270 530 1501 612 δωρεὰν,
1559 530 1815 615 ἐκήρυττε
1846 530 1964 611 γάρ·

2076 546 2178 588 suo
2208 531 2426 590 defecit.
2454 532 2698 591 Observa
2739 541 2947 600 autem,
2977 533 3258 607 quomodo
3288 534 3461 607 gratis
3511 535 3676 592 edere

368 614 538 687 Ἄξιος
557 663 574 693 ,
606 617 661 678 δὲ
691 621 719 678 δ
748 620 974 701 ἐργάτης
997 624 1094 695 τῆς
1115 624 1310 704 τροφῆς
1336 624 1519 685 αὐτοῦ.

463 910 491 948 (ι
521 888 665 950 Ἀλλ’
712 893 766 952 ἐν
818 891 970 975 κόπῳ
1012 892 1106 953 καὶ
1165 893 1353 975 μόχθῳ
1403 893 1568 953 νύκτα
1614 891 1708 953 καὶ
1758 893 1966 976 ἡμέραν

370 978 732 1057 ἐργαζόμενοι.
785 1002 817 1041 ι)
853 978 1002 1064 Ὅρα
1027 980 1121 1051 τὰς
1149 982 1441 1052 ἐπιτάσεις.
1494 981 1688 1061 ⁶Ημεῖς
1717 981 1773 1042 δὲ
1808 985 1853 1043 εἷ
1887 982 1963 1061 μὴ

370 1073 463 1127 τοῦ
506 1073 650 1133 Θεοῦ
698 1070 1085 1153 προτιμώμεθα
1128 1074 1275 1155 παρᾶ
1316 1077 1420 1134 τῶν
1473 1073 1828 1154 διδαχθέντων
1858 1072 1882 1109 ⁹
1912 1098 1965 1134 τι

369 1161 457 1240 ὑφ’
485 1163 677 1238 ἡμῶν,
725 1162 1174 1244 δυσχεραίνομεν,
1238 1167 1307 1233 ὣς
1357 1163 1425 1224 τὰ
1475 1163 1704 1244 μέγιστα
1752 1163 1963 1223 ἀδικού-

371 1271 538 1325 μενοι.

457 1361 488 1398 α
517 1340 662 1423 Πρὸς
686 1340 745 1401 τὸ
764 1341 841 1421 μὴ
869 1341 1200 1424 ἐπιϐαρῆσαί
1225 1369 1345 1405 τινα
1365 1347 1537 1424 ὖμιῦν.
1568 1368 1595 1403 »
1633 1344 1844 1424 Κυρίως
1868 1345 1963 1424 μὲν

371 1428 530 1511 βάρος
559 1432 674 1492 ἐστὶ
721 1432 781 1492 τὸ
827 1433 959 1515 παρ’
990 1435 1223 1515 ἀκόντων
1270 1434 1476 1498 λαϐεῖν.
1510 1434 1648 1497 Νυνὶ
1699 1434 1755 1495 δὲ
1810 1441 1965 1497 τοῦτο

366 1518 545 1597 λέγει,
576 1519 710 1581 διότι
738 1514 962 1596 πένητες
990 1514 1152 1596 ἦσαν.

462 1631 492 1668 (ι
519 1612 644 1692 Οὐχ
696 1611 776 1671 ὅτι
831 1614 927 1673 οὐκ
980 1613 1173 1695 ἔχομεν
1215 1614 1486 1689 ἐξουσίαν,
1544 1615 1663 1675 ἀλλ’
1704 1614 1793 1674 ἵνα
1837 1618 1960 1675 ἑαυ-

365 1696 489 1783 rei“;
535 1699 697 1763 τύπον
745 1704 918 1779 δῶμεν
977 1707 1099 1778 ὑμῖν
1168 1707 1240 1774 εἷς
1294 1704 1356 1764 τὸ
1412 1712 1691 1783 μιμεῖσθαι
1730 1708 1893 1782 ἡμᾶς.
1923 1730 1951 1766 ι)

369 1777 508 1899 Εἶχε
535 1789 657 1898 γὰρ
672 1777 906 1900 ἐξουσίαν
948 1796 1161 1900 ἀργεῖν,
1194 1777 1516 1900 ἅτειμείζονι
1551 1795 1691 1900 ἔργω
1722 1777 1962 1900 ἠσχολη-
1992 1836 2041 1900 Β

366 1881 550 1956 μένος,
582 1883 662 1962 τῷ
691 1881 1022 1964 κηρύγματι,
1075 1884 1168 1945 καὶ
1215 1883 1501 1967 τρέφεσθαι
1543 1885 1690 1964 παρὰ
1720 1888 1826 1946 τῶν
1859 1909 1964 1964 μαο

363 1969 773 2049 θητευομένωνο
822 1971 966 2053 ὅμως
1022 1976 1082 2034 ἐκ
1137 1974 1446 2057 φιλοτιμίας
1502 1975 1814 2058 εἰργάσατο,
1871 1974 1964 2036 καὶ

363 2059 556 2119 ἑαυτὸν
587 2061 680 2121 καὶ
707 2061 828 2131 τοὺς
858 2063 951 2123 σὺν
981 2066 1128 2145 αὐτῷ
1160 2064 1427 2149 διέτρεφεν
1452 2113 1464 2137 ,
1501 2068 1573 2133 ὥς
1627 2063 1690 2125 ἂν
1721 2064 1814 2125 καὶ
1846 2064 1966 2133 τοὺς

362 2148 617 2226 μαθητὰς
642 2156 797 2212 τοῦτο
824 2151 1113 2236 παιδεύσῃ.

456 2351 488 2389 (ι
518 2330 625 2391 Καὶ
654 2311 863 2413 γὰρ’ὅτε
893 2324 1029 2413 ἦμεν
1068 2333 1199 2417 πρὸς
1229 2337 1400 2414 ὑμᾶς,
1454 2336 1626 2418 τοῦτο]
1656 2336 1964 2417 παρηγγέλ-

2077 624 2184 679 hoc
2206 622 2386 695 ipsum
2414 623 2643 694 vocavit,
2670 623 2739 680 ab
2763 623 2872 681 illis
2900 623 3218 681 alimoniam
3239 639 3479 682 sumere.
3507 624 3674 698 Atqui

2074 729 2188 771 non
2239 713 2411 787 gratis
2454 713 2928 787 suppeditabatur,
2982 714 3316 788 praedicabat
3361 715 3531 772 enim.
3574 718 3677 771 Est

2074 812 2261 861 autem
2288 803 2486 877 dignus
2512 803 2792 877 operarius
2821 806 3088 863 alimento
3116 821 3239 863 suo.

2144 896 2322 952 Vnus.
2355 900 2411 951 8.
2449 897 2650 953 Verum
2686 897 2747 951 in
2776 896 2954 951 labore
3000 900 3051 952 et
3078 898 3403 967 fatigatione
3440 900 3591 953 nocte
3620 900 3673 953 et

2073 984 2163 1041 die
2200 988 2500 1056 operantes.
2549 983 2683 1041 Vide
2724 986 3194 1059 exaggerationes.
3240 988 3357 1042 Nos
3386 1002 3516 1043 vero
3559 986 3670 1043 nisi

2074 1075 2158 1131 vel
2198 1075 2303 1148 ipsi
2329 1078 2450 1132 Deo
2477 1073 2836 1148 praeferamur
2863 1076 2934 1133 ab
2973 1074 3039 1133 iis
3067 1076 3162 1149 qui
3191 1075 3406 1148 aliquid
3436 1092 3466 1132 a
3511 1075 3673 1133 nobis

2069 1163 2330 1235 didicere,
2362 1180 2511 1239 aegro
2539 1164 2732 1222 animo
2760 1163 3005 1236 ferimus,
3055 1181 3156 1223 ceu
3199 1165 3440 1223 maxima
3471 1165 3670 1239 injuria

2070 1253 2273 1312 affecti.

2142 1347 2220 1405 Ne
2242 1361 2401 1418 quem
2433 1351 2676 1401 vestrum
2701 1360 3069 1416 gravaremus.
3098 1347 3411 1403 Gravamen
3448 1345 3668 1418 proprie

2070 1443 2175 1503 est,
2205 1435 2273 1493 ab
2294 1435 2484 1493 invitis
2512 1437 2960 1508 accipere.ch
2989 1442 3175 1492 autem
3201 1434 3308 1493 hoc
3332 1435 3490 1504 dicit,
3519 1434 3671 1508 quod

2071 1541 2339 1599 pauperes
2367 1525 2572 1583 fuerint
2594 1525 3128 1583 Thessalonicenses.

2141 1618 2322 1674 Vnus.
2353 1621 2406 1673 9.
2439 1619 2556 1676 Non
2580 1616 2724 1687 quod
2766 1632 2871 1674 non
2915 1616 3172 1672 habemus
3193 1619 3533 1687 potestatem,
3577 1616 3672 1671 sed

2071 1711 2133 1762 ut
2169 1722 2266 1764 nos
2302 1710 2448 1778 ipsos
2480 1710 2719 1777 formam
2754 1707 3010 1763 daremus
3038 1706 3186 1762 vobis
3220 1707 3297 1762 ad
3345 1707 3672 1763 imitandum

2070 1813 2187 1854 nos.
2248 1801 2379 1854 Erat
2425 1797 2572 1855 enim
2616 1797 2667 1854 ei
2720 1796 2949 1854 facultas
2996 1796 3225 1861 otiandi,
3279 1797 3405 1869 quia
3468 1795 3672 1869 majori

2070 1903 2235 1961 opere
2286 1896 2588 1962 occupatus
2639 1895 2803 1957 esset,
2863 1887 3267 1959 praedicationis
3315 1901 3515 1959 nempe
3560 1886 3674 1942 mi-

2070 1980 2319 2048 nisterio,
2350 1987 2518 2052 atque
2568 1986 2633 2036 ut
2677 1979 2916 2036 aleretur
2965 1994 2998 2034 a
3047 1976 3382 2049 discipulis:
3426 1984 3675 2034 attamen

2073 2085 2185 2143 prae
2218 2070 2543 2127 liberalitate
2590 2067 2829 2142 quadam
2868 2067 3219 2141 operabatur,
3267 2082 3437 2141 seque
3484 2066 3671 2139 ipsum

2071 2169 2127 2219 et
2153 2176 2250 2219 eos
2277 2161 2371 2234 qui
2409 2176 2602 2218 secum
2632 2167 2815 2228 erant,
2846 2157 3175 2228 enutriebat,
3213 2165 3278 2213 ut
3305 2156 3443 2214 illud
3487 2156 3671 2230 ipsum

2070 2251 2372 2324 discipulos
2399 2251 2571 2308 etiam
2601 2249 2845 2307 doceret.
3461 2313 3463 2316 ἡ

2144 2345 2322 2401 Vnus.
2358 2347 2445 2399 ιο.
2471 2344 2609 2401 Nam
2637 2357 2760 2397 cum
2789 2354 3022 2395 essemus
3046 2339 3200 2410 apud
3225 2354 3335 2409 vos,
3360 2339 3456 2394 hoc
3467 2340 3673 2410 praeci-

362 2421 533 2497 λομεν
582 2422 738 2500 ὓμῖν,
775 2422 857 2483 8τὶ
920 2424 969 2484 εἴ
1012 2449 1093 2493 τις
1140 2427 1200 2485 οὗ
1250 2425 1390 2485 θέλει
1434 2426 1780 2507 ἐργάζεσθαι,
1831 2426 1965 2504 μηδὲ

2070 2435 2351 2505 piebamus
2374 2433 2524 2488 vobis
2545 2449 2558 2486 :
2582 2431 2729 2503 quod
2757 2432 2810 2486 si
2827 2432 2952 2503 quis
2973 2445 3081 2485 non
3104 2429 3224 2484 vult
3240 2431 3475 2500 operari,
3500 2444 3673 2499 neque

362 2510 601 2571 ἐσθιέτω.
631 2544 714 2558 —
748 2513 1093 2595 Upbciuyb‘iq',
1118 2536 1149 2573 ›)
1183 2516 1301 2575 ἀντὶ
1331 2521 1454 2590 τοῦ,
1491 2516 1634 2593 Παρ’
1657 2521 1811 2594 ὑμῖν,
1847 2515 1969 2594 μεθ’

361 2601 541 2677 ὑμῶν.
596 2601 693 2664 Ἐν
726 2594 822 2681 μὲν
871 2594 961 2664 οῦν
1106 2605 1340 2688 προτέρᾳ
1385 2605 1683 2688 Ἐπιστολῇ
1709 2605 1965 2687 προσηνέ-

361 2712 551 2772 στερον
599 2691 724 2773 περὶ
769 2692 969 2754 τούτων
1000 2695 1246 2776 διελέχθη
1269 2739 1286 2769 ,
1319 2698 1544 2756 ἐνταῦθα
1577 2694 1634 2755 δὲ
1687 2696 1959 2776 αὐστηρό-

358 2802 542 2860 τερον.
590 2784 658 2843 Ei
689 2781 793 2864 γὰρ
837 2785 993 2853 αὐτὸς
1046 2784 1138 2844 καὶ
1179 2785 1347 2846 νύκτα
1396 2785 1489 2846 καὶ
1535 2785 1739 2866 ἡμέραν
1788 2784 1965 2868 εἰργά-

356 2872 513 2948 ζετο,
540 2873 718 2933 καίτοι
752 2873 1021 2952 μηδεμίαν
1054 2876 1191 2957 ἔχων
1237 2875 1474 2956 ἀνάγκην
1493 2922 1511 2955 ,
1543 2877 1729 2957 πολλῷ
1759 2877 1962 2954 μᾶλλον

356 2959 484 3027 τοὺς
513 2961 706 3033 ἄλλους
734 2965 897 3045 ἐχρῆν
925 2969 1088 3025 τοῦτο
1117 2969 1309 3027 ποιεῖν.

456 3071 795 3155 «Ἀκούομεν
857 3077 961 3158 γάρ
1019 3101 1166 3147 τινας
1236 3082 1672 3159 περιπατοῦντας
1726 3079 1781 3137 ἐν
1839 3080 1965 3157 ὖμῖν

2070 2524 2377 2580 manducet.
2426 2521 2557 2592 Πρὸς
2587 2520 2733 2594 ὑμᾶς,
2765 2520 2823 2576 id
2855 2527 2959 2591 est,
2989 2517 3151 2591 Apud
3188 2533 3305 2590 vos,
3352 2519 3434 2575 vel
3484 2517 3671 2575 vobis-

2072 2629 2222 2671 cum.
2272 2616 2338 2669 In
2379 2610 2550 2685 priori
2577 2626 2708 2668 sane
2754 2609 2991 2682 Epistola
3043 2608 3371 2666 clementius
3426 2616 3483 2664 et
3507 2623 3674 2664 man-

2072 2701 2279 2760 suetius
2305 2701 2374 2760 de
2409 2700 2495 2756 his
2540 2699 2819 2769 disseruit,
2850 2698 2959 2757 hoc
2984 2713 3115 2756 vero
3145 2697 3416 2756 austerius
3457 2697 3586 2770 agit.
3619 2697 3675 2755 Si

2072 2794 2221 2852 enim
2253 2792 2369 2866 ipse
2411 2797 2574 2847 nocte
2632 2805 2697 2847 ac
2723 2788 2816 2846 die
2856 2787 3207 2862 operabatur,
3236 2787 3386 2845 nulla
3427 2787 3555 2844 licet
3594 2787 3675 2843 illi

2071 2883 2370 2942 necessitas
2401 2879 2767 2949 incumberet,
2801 2879 2983 2937 multo
3010 2879 3187 2953 magis
3213 2878 3351 2936 alios
3387 2877 3677 2951 oportebat

2072 2973 2180 3032 hoc
2200 2972 2403 3031 facere.

2145 3084 2315 3160 544
2332 3086 2510 3142 Vens.
2537 3088 2621 3139 11.
2658 3081 2938 3140 Audimus
2968 3082 3110 3137 enim
3133 3082 3277 3137 inter
3295 3097 3386 3137 vos
3411 3082 3675 3153 quosdam

358 3160 666 3256 ἀτάκτως,
719 3166 885 3245 μηδὲν
942 3168 1357 3249 ἐργαζομένους,
1417 3167 1556 3228 ἀλλὰ
1612 3171 1960 3249 περιεργαζο-

2070 3178 2473 3235 obambulantes
2505 3173 2835 3235 inordinate,
2872 3171 3014 3226 nihil
3032 3176 3337 3242 operantes,
3362 3172 3455 3228 sed
3471 3173 3677 3227 curiose

355 3252 573 3331 μένους.
592 3276 622 3313 ›)
655 3254 882 3331 Ἐπειδὴ
908 3256 1013 3339 γὰρ
1042 3262 1070 3317 δ
1100 3263 1216 3326 νοῦς
1247 3261 1396 3337 ἡμῶν
1429 3257 1728 3331 ἀεικίνητός
1779 3263 1920 3318 ἐστιν
1945 3309 1957 3331 ,

357 3341 612 3422 ἀνάγκη,
650 3342 778 3405 ὅταν
805 3345 1099 3429 εὔχρηστον
1126 3350 1275 3430 ἔργον
1308 3347 1384 3426 μὴ
1420 3348 1859 3431 μεταχειρίζηται
1888 3342 1957 3423 '0;

356 3433 428 3492 τὰ
461 3434 711 3515 ἄχρηστα
744 3438 1011 3513 μετιέναι,
1041 3442 1111 3506 ὡς
1160 3438 1253 3497 καὶ
1296 3437 1542 3519 ἀνωτέρω
1593 3437 1837 3518 εἴρηται,
1871 3440 1963 3498 καὶ

358 3524 802 3605 περιεργάζεσθαι
868 3526 990 3597 τοὺς
1055 3528 1248 3609 ἑτέρων
1319 3528 1494 3609 βίουςξ,
1555 3530 1835 3587 κάντεῦθεν
1892 3530 1965 3597 εἷς

355 3614 723 3688 καταλαλιὰς,
776 3617 1122 3699 ἀργολογίας,
1178 3618 1531 3697 εὐτραπελίας
1581 3618 1962 3698 ἐκτραχηλίζε-

357 3711 509 3766 σθαι.
567 3703 918 3787 Ἐργάζεσθαι
961 3699 1051 3767 οὖν
1082 3709 1160 3768 δεῖ
1201 3706 1270 3767 τὰ
1299 3708 1389 3768 διὰ
1435 3711 1540 3767 τῶν
1568 3711 1763 3790 χειρῶν
1805 3708 1959 3787 ἔργα.

357 3796 438 3854 Οὔ
466 3793 512 3831 ⁴¹
546 3793 651 3875 γὰρ
682 3798 938 3857 ἐλεεῖσθαι
964 3801 1046 3858 δεῖ
1085 3799 1175 3858 τὸν
1207 3800 1502 3878 δυνάμενον
1542 3798 1634 3859 καὶ
1676 3800 1961 3878 ἀργοῦντα.

355 3883 506 3944 Ἀλλ’
544 3885 801 3967 εὔχομαι,
853 3888 1017 3969 φησὶ,
1055 3890 1146 3948 καὶ
1193 3888 1455 3964 νηστεύω.
1481 3888 1642 3949 Ἀλλὰ
1690 3888 1782 3947 καὶ
1812 3893 1965 3948 τοῦτο

354 3975 457 4033 οὐκ
480 3973 624 4034 ἔστιν
654 3976 805 4059 ἔργον
833 3981 1027 4059 χειρῶν
1057 4003 1071 4017 ο
1104 3979 1279 4047 ἄλλως
1325 4002 1382 4039 τε
1438 3979 1664 4039 δύνασαι
1702 3977 1840 4059 μετὰ
1870 3983 1962 4039 τοῦ

356 4072 530 4125 ταῦτα
578 4074 746 4126 ποιεῖν
798 4058 877 4127 ἔτι
913 4058 1014 4128 καὶ
1078 4070 1414 4151 ἐργάζεσθαι.
1467 4068 1629 4131 Ἐπεὶ
1684 4058 1777 4127 οῦν
1807 4073 1964 4129 τοῦτο

356 4152 659 4233 διαπτύεις,
686 4158 757 4226 ὥς
802 4158 964 4239 ἀργὸς
1006 4159 1333 4242 κατακρίνῃ.
1369 4160 1478 4221 Καὶ
1526 4163 1665 4233 πῶς,
1712 4158 1907 4238 φασὶν,
1933 4163 1962 4218 ὁ

356 4243 632 4305 διδάσκων
661 4249 758 4308 οὐκ
798 4250 1155 4329 ἀναγκάζεται
1185 4252 1496 4331 ἐργάζεσθαι
1514 4270 1531 4326 ;
1572 4246 1705 4310 "Ott
1731 4272 1810 4309 τοι
1844 4248 1959 4327 μεί-

356 4337 485 4404 ζονα
536 4337 790 4418 ἐργασίαν
858 4340 953 4398 καὶ
1013 4339 1439 4424 δυσχερεστέραν
1487 4340 1952 4421 μεταχειρίζεται,

353 4425 477 4497 ἥτις
510 4426 601 4486 καὶ
627 4426 900 4506 ἐμποδίζει
929 4431 1074 4509 αὐτῷ
1116 4432 1247 4511 πρὸς
1290 4429 1386 4503 τὴν
1427 4433 1532 4490 τῶν
1564 4433 1760 4511 χειρῶν
1798 4431 1960 4511 ἐργα-

2071 3272 2305 3340 agentes.
2336 3268 2478 3324 Cum
2499 3263 2649 3320 enim
2672 3277 2837 3318 mens
2865 3270 3053 3318 nostra
3083 3276 3306 3333 semper
3329 3261 3560 3318 mobilis
3581 3261 3674 3330 sit,

2072 3372 2299 3416 necesse
2336 3364 2441 3425 est,
2469 3362 2536 3410 ut
2562 3369 2692 3411 cum
2722 3352 2879 3410 utilia
2908 3367 3020 3408 non
3048 3350 3422 3425 aggrediatur,
3462 3348 3675 3407 inutilia
3794 3427 3800 3433 ο

2071 3455 2341 3520 capessat,
2372 3454 2436 3503 ut
2482 3459 2647 3517 supra
2673 3442 2887 3500 dictum
2914 3450 3017 3511 est,
3048 3440 3296 3513 adeoque
3325 3440 3396 3497 de
3433 3441 3673 3498 aliorum

2070 3538 2193 3594 vitis
2223 3535 2436 3593 curiose
2477 3533 2776 3606 inquirere,
2827 3539 2885 3588 et
2928 3530 3058 3587 hinc
3101 3530 3170 3586 ad
3222 3530 3673 3600 obtrectationes,

2070 3629 2277 3685 otiosos
2306 3640 2593 3683 sermones
2638 3631 2803 3697 atque
2845 3619 3238 3679 scurrilitatem
3267 3617 3488 3677 deferri.
3522 3622 3674 3692 Ope-

2070 3717 2180 3773 rari
2222 3716 2390 3789 igitur
2444 3719 2665 3785 oportet
2710 3727 2873 3784 opera
2917 3707 3178 3767 manibus
3231 3725 3246 3763 :
3294 3722 3474 3780 neque
3521 3709 3674 3764 enim

2068 3808 2418 3880 eleemosyna
2445 3811 2530 3862 est
2564 3799 2930 3876 impartienda
2959 3800 3100 3859 bene
3126 3799 3355 3870 valenti,
3400 3798 3497 3871 qui
3525 3798 3676 3856 labo-

2069 3913 2192 3955 rare
2220 3903 2423 3970 potest,
2453 3902 2617 3966 atque
2646 3892 2873 3949 otiatur.
2903 3893 2977 3947 At
3006 3905 3129 3960 oro,
3154 3888 3350 3961 inquit,
3379 3896 3436 3944 et
3457 3888 3670 3961 jejuno.

2071 3986 2240 4061 Atqui
2263 3984 2414 4043 istud
2441 3999 2556 4040 non
2579 3990 2663 4040 est
2697 3996 2839 4055 opus
2868 3995 3158 4048 manuum,
3194 3977 3505 4052 praesertim
3542 3993 3671 4035 cum

2071 4086 2127 4135 et
2151 4077 2271 4134 haec
2302 4083 2564 4149 praestare
2587 4072 2785 4145 possis,
2812 4078 2977 4145 atque
3006 4068 3231 4127 interim
3260 4068 3498 4142 operari.
3534 4068 3672 4137 Quia

2069 4168 2251 4240 itaque
2278 4163 2428 4223 istud
2455 4162 2788 4237 aspernaris,
2815 4168 3081 4234 tanquam
3100 4159 3311 4216 otiosus
3337 4157 3672 4215 condemna-

2068 4259 2161 4316 ris.
2212 4261 2304 4327 At,
2328 4270 2527 4329 quare,
2571 4251 2854 4327 inquiunt,
2886 4250 2935 4308 is
2976 4250 3075 4324 qui
3106 4249 3289 4319 docet,
3315 4264 3434 4306 non
3461 4248 3673 4321 cogitur

2070 4346 2318 4422 operari?
2347 4344 2487 4417 Quia
2522 4340 2804 4401 difﬁcilius
2842 4356 2986 4413 opus
3013 4339 3350 4414 aggreditur,
3383 4337 3533 4413 quod
3564 4338 3671 4394 im-

2071 4437 2222 4513 pedit
2271 4437 2457 4509 ipsum
2498 4449 2530 4491 a
2574 4447 2845 4489 manuum
2900 4431 3247 4503 operatione.
3310 4429 3435 4487 Tibi
3480 4437 3671 4486 autem

353 4514 502 4575 σίαν.
534 4518 630 4578 Σοὶ
657 4498 718 4577 ’δὲ
740 4520 815 4599 τῷ
844 4498 1057 4599 ἰδιαστυῖί
1097 4498 1246 4580 οῦδὲν
1278 4498 1532 4583 τοιοῦτον.
1564 4498 1742 4580 ἱὭστε
1781 4498 1957 4601 ἆμαρ·

2072 4498 2327 4603 privatim
2380 4525 2552 4581 vitam
2597 4522 2796 4597 agenti,
2828 4498 2961 4577 nihil
3009 4518 3331 4593 hujusmodi
3378 4518 3668 4575 incumbit.

354 4604 533 4675 τάνεις
559 4612 651 4668 τοῦ
680 4606 836 4690 ἔργου
866 4609 1104 4689 ἀμελῶν.

449 4744 481 4780 (ι
514 4723 639 4790 Τοῖς
689 4722 743 4780 δὲ
775 4721 1024 4793 τοιούτοις
1066 4725 1509 4806 παραγγέλλομεν
1555 4724 1648 4785 καὶ
1701 4748 1956 4806 παρακα-

356 4809 557 4889 λοῦμεν
630 4811 717 4873 διὰ
792 4818 884 4873 τοῦ
943 4814 1145 4895 Κυρίου
1182 4817 1339 4894 ἡμῶν
1387 4815 1566 4889 Ἰησοῦ
1622 4817 1875 4897 Χριστοῦ.
1917 4837 1947 4873 ι)

358 4898 591 4975 Ἐπειδή
613 4902 912 4985 καθήψατε,
937 4903 1124 4986 εἰπὼν,
1148 4932 1172 4959 ιι
1205 4905 1662 4987 Παραγγέλλομεν
1678 4950 1694 4981 ,
1721 4932 1747 4958 ιι
1779 4928 1956 4987 προσ-

354 4990 642 5073 ηνέστερον
672 4992 834 5054 πάλιν
866 4994 1007 5054 ποιεῖ
1031 4995 1120 5055 τὸν
1164 4994 1355 5078 λόγον,
1393 4994 1485 5055 καί
1519 5019 1652 5078 φησι
1672 5019 1686 5034 ο
1724 5017 1755 5055 (ι
1774 4998 1961 5076 Παρα-

2068 4623 2268 4677 Peccas
2300 4616 2509 4689 itaque,
2545 4614 2595 4671 si
2619 4612 2867 4670 laborem
2902 4610 3166 4684 negligas.

2137 4736 2319 4791 Vnus.
2346 4734 2432 4785 12.
2452 4730 2526 4785 Iis
2549 4730 2731 4784 autem
2744 4728 2844 4797 qui
2867 4723 3136 4796 ejusmodi
3151 4725 3279 4780 sunt
3298 4722 3671 4797 prwcipimus,

2068 4828 2118 4879 et
2144 4823 2476 4880 obtestamur
2519 4833 2621 4891 per
2650 4817 2942 4873 Dominum
2979 4819 3224 4870 nostrum
3260 4815 3442 4869 Iesum
3483 4812 3673 4868 Chris-

2068 4919 2202 4971 tum.
2241 4911 2382 4982 Quia
2423 4907 2667 4966 severius
2707 4922 2805 4964 eos
2866 4906 3167 4973 invaserat,
3224 4900 3441 4971 dicens,
3470 4904 3669 4959 Praci-

2064 5007 2245 5076 pimus
2280 5001 2462 5067 vobis;
2502 5013 2694 5056 rursus
2741 4995 3083 5053 blandiorem
3143 4992 3279 5051 facit
3326 5008 3668 5061 sermonem,

357 5082 646 5160 καλοῦμεν.
679 5103 709 5141 ι)
744 5083 1109 5167 Φοϐερωτέρα
1131 5074 1223 5147 οῦν
1241 5074 1286 5159 ἡ
1307 5074 1666 5169 παράκλησις,
1697 5084 1792 5145 καὶ
1823 5074 1961 5156 ἀξιο-

2070 5074 2445 5155 bbsecramus,
2477 5088 2749 5162 inquiens.
2788 5089 2971 5158 Atque
3000 5083 3107 5142 hoc
3144 5091 3304 5155 pacto
3347 5079 3672 5139 formidabi—

355 5170 581 5232 πιστοτέ
583 5196 666 5255 ρα.

456 5307 486 5345 ιι
515 5283 638 5347 Ἵνα
692 5287 831 5365 μετὰ
884 5288 1114 5371 ἡσυχίας
1169 5289 1546 5372 ἐργαζόμενοι,
1608 5288 1698 5348 τὸν
1754 5290 1958 5349 ἑαυτῶν

362 5372 524 5454 ἄρτον
568 5377 833 5439 ἐσθίωσινο
867 5405 893 5433 υ
928 5378 1228 5462 Ἀμφότερα
1264 5383 1511 5460 ἀπαιτεῖ,
1568 5383 1639 5447 ὡς
1688 5376 1785 5458 μὲν
1819 5382 1957 5439 ἀτα-

357 5470 644 5545 κτοῦντας,
698 5468 758 5529 τὸ
799 5471 1122 5551 ἡσυχάζειν·
1178 5474 1249 5539 ὥς
1293 5468 1347 5530 δὲ
1398 5469 1627 5553 ἀργοὺς,
1655 5469 1716 5529 τὸ
1745 5470 1956 5552 ἐργάζε-

2067 5183 2307 5253 liorest,
2331 5188 2388 5239 et
2413 5180 2539 5253 plus
2570 5176 2825 5251 ponderis
2851 5175 3017 5233 habet
3042 5173 3163 5247 ejus
3190 5171 3527 5230 exhortatio.

2145 5299 2215 5353 Ut
2255 5310 2376 5351 cum
2421 5294 2600 5365 quiete
2645 5294 2949 5364 operantes,
2990 5303 3151 5344 suum
3195 5288 3435 5359 ipsorum
3471 5299 3673 5356 panem

2067 5386 2415 5444 manducent.
2463 5384 2783 5456 Utrumque
2824 5380 3011 5454 exigit,
3058 5386 3202 5449 tum,
3253 5385 3314 5433 ut
3360 5375 3673 5433 inordinate

2066 5493 2126 5536 se
2153 5484 2408 5552 gerentes
2433 5474 2543 5533 sint
2565 5473 2759 5548 quieti,
2790 5480 2911 5529 tum
2952 5478 3014 5528 ut
3053 5467 3216 5528 otiosi
3256 5467 3528 5536 laborent,
3561 5480 3673 5538 quo

1750 5614 1939 5674 Varia
1981 5614 2285 5675 lectiones.

433 5757 459 5798 9
491 5747 614 5819 μηδὲ
637 5747 810 5820 διδαχ.
841 5749 961 5805 ποτέ
989 5769 1036 5803 τι
1065 5749 1113 5806 ὓ.
1143 5747 1176 5818 ἡ
1205 5766 1257 5807 0.
1333 5749 1378 5785 ¹⁰
1405 5750 1686 5823 ..ριζόμεθα
1712 5765 1768 5807 0.
1846 5749 1887 5784 ¹¹
1913 5747 2026 5803 οὐδὲ
2053 5764 2106 5805 0.

624 5839 886 5897 Punon.
933 5839 1002 5897 ϐ.
1046 5840 1302 5899 CXXIV.

3314 5831 3383 5885 43
