4104 6368
432 342 568 396 1355

427 463 562 520 dant
620 477 815 535 panem
861 476 1025 518 suum
1078 461 1346 533 ipsorum,
1400 474 1511 515 non
1559 459 1803 516 alienum
1851 480 1862 513 :

427 553 575 609 enim
604 551 678 609 ad
701 553 904 609 alienas
933 565 1129 607 manus
1158 549 1425 621 respicere
1453 556 1693 622 oportet.

496 735 675 790 Vens.
708 739 792 789 13.
834 736 938 789 Vos
963 738 1165 795 autem,
1204 733 1432 799 fratres,
1473 731 1635 785 mlite
1686 731 1908 799 deﬁcere
1945 731 2034 783 be-

424 826 776 892 nefacientes.
850 821 1248 878 Animadverte
1321 835 1490 891 quam
1553 818 1738 875 subito
1808 826 2032 889 paterna

425 914 635 970 viscera
666 913 778 968 sint
808 911 1119 978 confracta;
1151 911 1339 967 statim
1380 924 1573 965 eorum
1621 909 1882 965 misertus
1927 915 2027 964 est.

426 1002 799 1075 Segregemini
851 999 920 1057 ab
972 1001 1121 1073 ipsis,
1169 998 1369 1071 inquit,
1427 1006 1590 1071 atque
1636 996 1964 1071 separemini
2014 1016 2029 1051 :

425 1100 803 1149 verumtamen
833 1106 906 1147 ne
953 1089 1098 1146 fame
1124 1105 1220 1145 eos
1243 1088 1468 1145 interire
1510 1089 1723 1145 sinatis.
1774 1090 1852 1144 At
1877 1086 2031 1160 quid,

425 1182 468 1237 si
520 1181 613 1237 ille
658 1179 963 1247 conﬁdens,
1001 1178 1151 1251 quod
1196 1194 1298 1251 ego
1346 1178 1488 1234 alam
1529 1177 1732 1249 ipsum,
1792 1176 1850 1232 iu
1914 1176 2031 1232 otio

425 1270 720 1344 perduret?
786 1270 933 1327 Satis
981 1277 1065 1324 est
1110 1267 1214 1324 tibi
1267 1266 1336 1324 ab
1398 1283 1463 1324 eo
1509 1266 1712 1336 divelli,
1773 1274 1829 1323 et
1897 1265 2029 1322 nihil

424 1360 639 1418 ﬁduciae
694 1358 964 1431 impertiri
1003 1359 1072 1427 ei,
1124 1357 1427 1414 ostendens
1471 1364 1524 1413 te
1570 1356 1619 1412 ei
1650 1356 1827 1413 irasci.
1860 1360 1937 1413 At
1986 1356 2031 1412 si

424 1465 608 1522 neque
635 1448 739 1504 hac
769 1448 982 1504 ratione
1030 1448 1361 1520 corrigatur,
1393 1455 1450 1503 tu
1495 1455 1685 1503 tamen
1728 1445 1932 1502 interea
1961 1461 2031 1502 ne.

427 1554 607 1596 cesses
634 1538 708 1594 illi
737 1536 1078 1594 benefacere.

496 1632 680 1686 Vens.
718 1635 803 1683 14.
839 1629 1055 1695 Quodsi
1081 1629 1204 1698 quis
1246 1644 1353 1683 non
1393 1628 1572 1683 obedit
1621 1628 1779 1683 verbo
1821 1632 2025 1690 nostro,

416 1736 517 1790 per
570 1718 873 1790 Epistolam
919 1718 1066 1773 hunc
1132 1721 1324 1774 notate.
1385 1716 1627 1787 Quidam
1698 1716 1841 1789 λόγῳ
1883 1715 2026 1788 ἡμῶν

1442 333 1961 390 THEOPHYLACTI
2005 318 2364 387 BULGARl/E
2400 332 2712 387 ARCHIEP.

1919 474 2033 515 non
2058 463 2115 522 A
2144 462 2295 532 σθαι,
2346 454 2434 516 ἵνα
2480 455 2694 517 ἐσθίωσι
2722 455 2811 515 τὸν
2842 458 3044 514 ἑαυτῶν
3083 456 3274 533 ἄρτον,
3317 453 3393 531 μὴ
3440 455 3528 514 τὸν
3581 455 3737 514 ἀλλό-

3599 332 3738 386 1356

2140 571 2304 626 τριον.
2365 547 2448 606 Οὐ
2497 544 2601 626 γὰρ
2652 546 2731 604 δεῖ
2801 544 2991 611 αὐτοὺς
3053 543 3376 603 ἀποϐλέπειν
3429 547 3500 611 εἷς
3560 546 3758 605 ἄλλων·

2140 637 2347 716 χεῖρας.

2235 747 2261 782 (t
2303 725 2495 803 Ὑμεῖς
2553 722 2646 798 δὲ,
2686 725 2941 804 ἀδελφοὶ,
3012 722 3089 800 μὴ
3164 723 3502 796 ἐκκακήσητε
3585 727 3738 785 καλο-

2139 820 2429 885 ποιοῦντες.
2463 838 2493 873 ))
2522 810 2672 892 ⁸Ορα
2694 862 2711 893 ,
2745 818 2858 881 πῶς
2890 812 3074 881 εὐθέως
3129 813 3471 885 κατεκλάσθη
3515 814 3582 874 τὰ
3631 839 3738 872 πα-

2139 907 2295 984 τρικὰ
2350 906 2671 985 σπλάγχνα,
2725 905 2912 972 εὐθέως
2949 905 3139 970 αὐτοὺς
3183 902 3390 975 ἐλέησε.
3445 905 3738 965 Στέλλεοθε

2143 995 2270 1071 μὲν,
2324 994 2516 1075 φησὶν,
2572 992 2665 1051 ἀπ’
2695 996 2870 1053 αὐτῶν
2931 994 3021 1051 καὶ
3063 993 3378 1073 χωρίζεσθε’
3438 993 3513 1071 μὴ
3560 994 3737 1071 μέντοι

2140 1109 2198 1164 γε
2250 1074 2441 1158 ἐάσητε
2490 1086 2634 1163 λιμῷ
2700 1085 3076 1164 διαφθαρῆναι.
3132 1083 3202 1144 Τί
3248 1074 3373 1157 οὖν,
3420 1083 3480 1141 ἂν
3526 1087 3737 1166 θαῤῥῶν

2140 1175 2368 1250 ἐκεῖνος,
2397 1170 2475 1233 ὅτι
2518 1171 2622 1250 ἐγὼ
2662 1172 2835 1252 τρέφω
2880 1172 3067 1246 αὐτὸν,
3122 1172 3345 1252 ἐπιμένῃ
3382 1174 3588 1251 ἀργῶν;
3627 1173 3739 1252 Ἀρ-

2139 1269 2225 1323 κεῖ
2251 1288 2334 1324 σοι
2365 1264 2425 1324 τὸ
2476 1263 2789 1324 στέλλεσθαι
2838 1262 2930 1322 ἀπ’
2961 1264 3151 1337 αὐτοῦ,
3196 1262 3288 1321 καὶ
3338 1262 3414 1339 μὴ
3460 1263 3736 1340 μεταδιδό-

2138 1377 2224 1412 ναι
2273 1358 2418 1433 αὖτῷ
2450 1352 2757 1434 παρρησίαν
2780 1399 2797 1431 ,
2830 1351 3137 1412 ἐνδεικνύων
3169 1352 3249 1411 ὅτι
3281 1352 3488 1431 ὀργίζῃ.
3514 1351 3648 1416 Ἐὰν
3680 1352 3735 1413 δὲ

2139 1443 2274 1523 μηδὲ
2306 1442 2443 1503 οὕτω
2471 1445 2775 1523 διορθῶται,
2818 1441 2958 1502 ἀλλὰ
2990 1441 3054 1501 σὺ
3087 1441 3162 1521 μὴ
3193 1441 3497 1522 ἐκκακήσῃς
3524 1486 3539 1515 ,
3568 1441 3737 1523 φησὶ,

2138 1537 2439 1594 καλοποιῶν
2471 1532 2648 1594 αὐτόν.

2229 1646 2258 1683 (ι
2294 1626 2363 1684 Εἰ
2405 1622 2461 1683 δέ
2489 1647 2566 1692 τις
2595 1624 2696 1703 οὐχ
2730 1620 2987 1682 ὑπακούει
3032 1623 3108 1702 τῷ
3139 1622 3279 1701 λόγῳ
3313 1623 3493 1699 ὑμῶν,
3521 1619 3606 1680 διά
3636 1626 3732 1693 τῆς

2138 1711 2463 1785 Ἐπιστολῆς
2515 1719 2698 1773 τοῦτον
2747 1716 3145 1787 σημειοῦσθε.»
3202 1709 3357 1779 Τινὲς
3408 1710 3538 1787 μὲν,
3576 1733 3605 1769 (ι

427 1824 524 1880 per
568 1829 597 1875 η
639 1809 910 1879 legerunt,
938 1806 1088 1863 unde
1130 1815 1186 1864 et
1225 1807 1304 1862 sic
1333 1806 1722 1864 intellexerunt
1770 1826 1783 1860 :
1823 1806 2014 1879 Siqui:

2136 1804 2277 1884 λόγῳ
2332 1806 2484 1881 ἡμῶν
2515 1825 2578 1877 υ,
2629 1803 2964 1879 ἀνέγνωσαν,
2998 1799 3085 1861 διὰ
3115 1806 3206 1859 τοῦ
3216 1804 3308 1874 ξη.
3345 1799 3508 1861 Ὅθεν
3539 1802 3630 1859 καὶ
3650 1801 3738 1860 οὔ·

419 1907 607 1955 autem
664 1897 775 1953 mei
825 1897 980 1955 Pauli
1032 1897 1199 1953 verbo
1257 1913 1372 1953 non
1433 1896 1671 1963 obediat,
1722 1912 1819 1969 per
1874 1895 2020 1952 hanc

418 1987 721 2060 Epistolam
790 1987 954 2044 veluti
1035 1987 1301 2061 loquenti,
1359 1986 1506 2044 hunc
1576 1995 1783 2055 notate,
1854 1995 2020 2058 atque

418 2078 612 2134 habete
661 2077 823 2133 veluti
896 2084 1263 2150 segregatum.
1320 2076 1497 2133 Divus
1539 2085 1725 2133 autem
1778 2080 2022 2133 Joannes

418 2167 848 2240 Chrysostomus
896 2166 1050 2239 legit,
1104 2166 1270 2239 ὑμῶν,
1323 2182 1423 2239 ρει·
1468 2187 1496 2217 υ
1566 2166 1751 2238 sicque
1826 2165 2022 2222 intelli-

414 2256 657 2329 gendum
684 2256 833 2313 hunc
874 2257 1059 2313 locum
1103 2256 1262 2313 nobis
1291 2254 1537 2313 ostendit
1588 2274 1602 2311 :
1638 2255 1694 2311 Si
1747 2254 1870 2328 quis
1906 2271 2019 2311 non

413 2363 630 2404 morem
682 2346 820 2419 gerit
863 2345 1041 2415 vobis,
1086 2344 1396 2403 dicentibus
1444 2344 1513 2402 ad
1541 2344 1721 2418 ipsum
1762 2359 1886 2418 qua:
1922 2361 2018 2417 per

414 2438 713 2510 Epistolam
741 2436 887 2493 hanc
910 2451 1098 2493 meam
1126 2435 1412 2493 didicistis.

483 2531 553 2584 Et
596 2544 663 2583 ne
707 2528 1156 2583 commisceamini
1209 2542 1330 2582 cum
1358 2527 1476 2591 illo,
1521 2531 1582 2582 ut
1626 2526 2013 2597 confundatur.

411 2617 603 2675 Viden’
656 2632 780 2690 quae
823 2618 899 2673 sit
943 2617 1149 2674 utilitas
1194 2632 1324 2673 eum
1389 2616 1668 2689 separari?
1712 2631 1908 2689 nempe
1955 2625 2019 2673 ut

413 2707 622 2781 pudore
649 2706 941 2764 afﬁciatur.
972 2706 1138 2780 545
1165 2706 1219 2765 Si
1247 2706 1397 2763 enim
1419 2706 1502 2762 vel
1532 2705 1859 2778 simpliciter
1877 2705 2013 2763 acci-

412 2813 560 2871 pere,
596 2796 805 2870 pudore
824 2796 1086 2869 dignum;
1110 2804 1319 2870 quanto
1348 2795 1552 2868 magis,
1581 2796 1629 2853 si
1671 2804 1794 2868 post
1832 2811 2017 2869 segre.

410 2888 688 2961 gationem
732 2885 1083 2943 exhiberem?
1121 2890 1320 2960 Magna
1353 2885 1499 2942 enim
1525 2884 1808 2958 quondam
1851 2901 2014 2958 poena

410 2976 699 3033 videbatur
724 2976 1053 3050 segregatio,
1092 2975 1187 3033 sed
1224 2975 1389 3033 hodie
1443 2975 1629 3032 minus
1671 2973 1843 3031 habet
1870 2990 2012 3048 pon-

407 3067 572 3124 deris.
602 3067 660 3124 Si
686 3067 834 3123 enim
867 3066 1191 3139 simpliciter
1235 3066 1305 3122 ab
1333 3065 1514 3123 otioso
1542 3064 1810 3138 segregari
1857 3080 2015 3137 opor-

410 3156 584 3225 tebat,
616 3164 824 3229 quanto
847 3156 1021 3229 magis
1049 3155 1117 3211 ab
1144 3155 1300 3211 aliis?

478 3249 660 3303 Vens.
704 3251 792 3301 15.
840 3248 909 3302 Et
957 3246 1120 3301 nolite
1156 3246 1320 3315 quasi
1351 3245 1633 3299 inimicum
1682 3245 2012 3313 existimare,

303 3343 309 3351 '
409 3336 504 3392 sed
545 3336 825 3391 admonete
860 3339 952 3393 ut.
968 3336 1219 3402 fratrem.
1261 3331 1491 3390 Perinde
1549 3349 1616 3389 ac
1671 3348 1799 3389 cum
1848 3349 2013 3406 supra

404 3424 653 3494 dixisset,
685 3424 792 3497 Qui
817 3440 928 3480 non
959 3432 1241 3495 operatur,
1262 3438 1438 3496 neque
1463 3422 1784 3494 manducet,
1815 3425 2014 3481 metuit

405 3531 473 3571 ne
510 3515 646 3571 tales
694 3511 844 3570 fame
892 3522 1139 3586 pereant,
1170 3512 1407 3585 ideoque
1448 3511 1651 3583 intulit,
1690 3515 1793 3570 Vos
1830 3518 2010 3570 autem

404 3606 572 3659 nolite
613 3603 836 3674 deﬁcere
896 3603 1307 3671 bene/'acientes.
1350 3604 1513 3659 Hunc
1562 3600 1634 3658 ad
1677 3602 1909 3660 modum
1958 3612 2011 3660 et

404 3709 551 3749 nunc
568 3692 773 3761 dicens,
790 3695 870 3751 Ne
890 3693 1363 3757 commisceamini,
1383 3692 1589 3749 metuit
1605 3707 1672 3748 ne
1698 3691 1805 3749 hoc
1828 3692 2007 3765 ipsum

404 3798 536 3838 eum
566 3781 795 3838 omnino
818 3781 1205 3854 desperantem
1226 3798 1254 3837 a
1271 3779 1616 3837 fraternitate
1644 3780 2008 3838 exscinderet.

404 3874 700 3945 Propterea
721 3870 959 3928 addidit:
981 3873 1162 3931 Nolite
1187 3874 1352 3943 quasi
1369 3874 1650 3928 inimicum
1671 3874 2006 3942 existimare,

407 3962 504 4019 sed
559 3961 854 4019 admonete
910 3970 973 4018 ut
1020 3959 1248 4018 fratrem
1330 3979 1344 4017 :
1411 3970 1464 4017 et
1512 3968 1804 4034 postquam
1864 3962 2000 4019 elee-

401 4067 696 4125 mosynam
713 4050 952 4119 dederis,
976 4051 1211 4125 injunxit
1223 4059 1284 4107 ut
1297 4051 1614 4119 admoneas,
1630 4067 1739 4109 non
1754 4060 2008 4126 utexpro-

402 4142 548 4210 bres,
577 4149 639 4197 ut
667 4150 723 4198 et
763 4140 950 4198 animo
993 4150 1048 4197 et
1094 4157 1323 4213 corpore
1370 4139 1696 4198 beneﬁcium
1746 4141 1803 4197 in
1852 4142 2005 4199 illum

401 4230 734 4288 conferatur.
775 4231 879 4302 Qui
914 4229 1145 4287 fratrem
1178 4229 1461 4297 admonet,
1492 4247 1607 4287 non
1638 4231 1855 4304 publice
1899 4241 2005 4289 tra-

400 4319 554 4377 ducit
578 4319 861 4391 injuriam,
910 4318 1008 4376 sed
1057 4319 1309 4393 privatim
1340 4318 1447 4375 hoc
1492 4318 1646 4389 facit,
1678 4320 1843 4395 idque
1880 4338 2007 4378 cum

2135 1918 2237 1961 τως
2268 1893 2488 1966 ἐνόησαν
2510 1918 2523 1932 ο
2558 1894 2622 1954 Εἰ
2659 1892 2714 1952 δέ
2746 1917 2823 1960 τις
2865 1893 2966 1971 οὐχ
3010 1889 3270 1951 ὑπακούει
3301 1895 3379 1970 τῷ
3429 1888 3573 1973 λόγῳ
3602 1893 3735 1966 ἐμοῦ

2129 1989 2219 2042 τοῦ
2274 1983 2525 2056 Παύλου,
2565 1985 2640 2063 τῷ
2691 1981 2777 2041 διὰ
2822 1984 2917 2053 τῆς
2951 1980 3277 2052 Ἐπιστολῆς
3332 1979 3529 2052 ταύτης
3575 1981 3731 2039 οἱονεὶ

2130 2075 2408 2146 λαλοῦντι,
2457 2077 2640 2132 τοῦτον
2685 2076 3038 2148 σημειοῦσθε,
3087 2069 3181 2129 καὶ
3240 2069 3390 2150 ἔχετε
3436 2073 3507 2139 ὣς
3533 2073 3734 2150 ἀφωρι-

2131 2162 2342 2238 σμένον.
2372 2162 2443 2223 '0
2469 2161 2522 2222 δὲ
2546 2162 2805 2241 μακάριος
2828 2159 3105 2234 Ἰωάννης,
3138 2187 3162 2215 α
3190 2159 3376 2237 εΥμιῖιῖἱν
3395 2205 3411 2232 ,
3446 2185 3470 2212 ι
3493 2160 3691 2238 ἀνέγνω
3709 2206 3725 2232 ,

2131 2253 2215 2312 διὰ
2244 2257 2335 2313 τοῦ
2374 2278 2423 2326 υ,
2450 2252 2541 2311 καὶ
2581 2251 2776 2311 ἔδωκεν
2805 2251 2936 2328 ἡμῖν
2981 2250 3114 2311 νοεῖν
3132 2295 3148 2323 ,
3188 2249 3269 2310 ὅτι
3304 2246 3373 2309 Εἴ
3393 2272 3471 2317 τις
3502 2248 3553 2285 ¹²
3576 2251 3729 2308 ἀπει-

2129 2349 2205 2403 θεῖ
2239 2346 2361 2420 ὑμῖν
2382 2388 2398 2416 ,
2433 2340 2647 2421 λέγουσι
2678 2340 2808 2421 πρὸς
2860 2339 3018 2399 αὐτὸν
3063 2339 3099 2400 ἃ
3144 2338 3229 2398 διὰ
3254 2344 3365 2413 ’τῆς
3396 2342 3530 2416 ἐμῆς
3560 2338 3729 2400 Ἐπιη

2131 2434 2323 2504 στολῆς
2352 2430 2549 2505 ταύτης
2591 2430 2838 2508 ἐμάθετε.

2242 2545 2272 2580 ‹‹
2306 2523 2414 2584 Καὶ
2441 2521 2518 2598 μὴ
2548 2519 3005 2600 συναναμίγνυσθε
3058 2521 3234 2600 αὐτῷ,
3277 2516 3365 2578 ἵνα
3396 2520 3652 2600 ἐντραπῇ.
3693 2540 3724 2577 ›)

2129 2610 2297 2693 Ὁρᾷς
2317 2655 2333 2685 ,
2384 2610 2462 2679 τίς
2491 2615 2524 2683 ἡ
2556 2611 2785 2693 ὠφέλεια
2815 2599 2909 2670 τοῦ
2960 2599 3096 2669 εἶναι
3129 2599 3287 2669 αὖτὸν
3333 2599 3731 2690 ἀφωρισμένον’;

2127 2703 2208 2762 Τὸ
2239 2705 2589 2781 ἐντραπῆναι.
2631 2702 2697 2763 Εἰ
2748 2699 2851 2782 γὰρ
2905 2699 2997 2759 καὶ
3045 2698 3106 2759 τὸ
3152 2699 3340 2768 ἁπλῶς
3402 2698 3728 2777 λαμϐάνειν,

2129 2790 2385 2871 αἰσχύνης
2442 2790 2616 2861 ἄξιον·
2660 2790 2812 2871 πόσῳ
2844 2791 3082 2869 μᾶλλον,
3138 2788 3266 2849 ὅταν
3320 2788 3414 2847 καὶ
3452 2788 3588 2865 μετὰ
3636 2794 3729 2849 τοῦ

2128 2880 2442 2940 στέλλεσθαι
2497 2881 2859 2960 παρέσχοιεν;
2895 2878 3126 2958 Μεγάλη
3156 2877 3258 2958 γὰρ
3289 2878 3506 2947 κόλασις
3534 2881 3561 2937 ὁ
3592 2882 3728 2957 ἀφο-

2130 2970 2314 3050 ρισμὸς
2345 2969 2516 3030 ἐδόκει
2538 2971 2725 3030 πάλαι·
2758 2972 2877 3030 ἀλλ’
2900 2969 3020 3050 οὐχὶ
3045 2973 3159 3031 νῦν.
3195 2970 3262 3029 Εἰ
3291 2967 3393 3049 γὰρ
3417 2973 3510 3027 τοῦ
3544 2967 3730 3036 ἅπλῶς

2128 3061 2409 3141 ἀργοῦντος
2430 3059 2751 3142 χωρίζεσθαι
2780 3060 2915 3136 ἔδει,
2953 3060 3105 3141 πόσῳ
3139 3060 3341 3137 μᾶλλον
3375 3061 3479 3116 τῶν
3513 3056 3728 3133 ἄλλων,

2153 3267 2162 3275 ·
2213 3261 2243 3299 (ι
2277 3238 2388 3300 Καὶ
2442 3240 2521 3318 μὴ
2576 3243 2648 3307 ὡς
2715 3239 2901 3321 ἐχθρὸν
2952 3239 3197 3318 ἡγεῖσθε,
3256 3237 3394 3298 ἀλλὰ
3443 3241 3728 3299 νουθετεῖτε

2122 3331 2194 3398 ὡς
2225 3329 2471 3411 ἀδελφόν.
2502 3352 2533 3389 ι)
2559 3329 2775 3411 Ἵὶσπερ
2808 3330 2919 3389 ἄνω
2950 3328 3147 3408 εἰπὼν,
3170 3329 3253 3388 ὅτι
3281 3327 3351 3390 Ὁ
3390 3326 3465 3404 μὴ
3497 3328 3722 3408 ἐργαζό-

2122 3443 2312 3496 μενος,
2348 3419 2481 3498 μηδὲ
2520 3421 2738 3479 ἐσθιέτω
2758 3462 2776 3494 ,
2822 3419 2986 3479 ἔδεισε
3018 3419 3209 3499 μήπως
3238 3420 3381 3500 λιμῷ
3413 3416 3727 3477 ἀπόλωνται

2121 3513 2169 3568 οἱ
2199 3513 2466 3583 τοιοῦτοι,
2518 3510 2608 3568 καὶ
2640 3509 2909 3588 ἐπήγαγεν
2930 3535 2943 3547 ·
2982 3531 3010 3568 ‹‹
3048 3508 3237 3587 Ὑμεῖς
3276 3508 3329 3568 δὲ
3379 3506 3454 3585 μὴ
3482 3508 3718 3582 ἐκκακή-

2122 3622 2251 3671 σητε
2301 3600 2732 3666 καλοποιοῦντες.
2774 3622 2801 3656 ι
2847 3598 3010 3661 Οὕτω
3039 3603 3129 3658 νῦν
3158 3597 3358 3670 εἰπὼν,
3400 3619 3431 3656 (ι
3467 3596 3561 3669 Μὴ
3603 3621 3724 3657 συν-

2121 3687 2480 3766 αναμίγνυσθε
2501 3711 2530 3747 n
2553 3736 2568 3765 ,
2605 3688 2842 3770 ἐφοϐήθη
2861 3735 2876 3763 ,
2900 3689 2976 3768 μὴ
3015 3695 3169 3750 τοῦτο
3192 3686 3316 3747 αὐτὸ
3339 3686 3536 3768 ἐκκόψῃ
3563 3688 3722 3748 αὐτὸν

2119 3780 2395 3846 παντελῶς
2439 3782 2533 3852 τῆς
2587 3770 2939 3862 ἀδελφότητος
2984 3777 3303 3858 ἀπογνόντα.
3356 3779 3451 3838 Διὸ
3501 3777 3592 3836 καὶ
3623 3779 3720 3835 ἐπ-

2114 3867 2283 3945 ήγαγε
2306 3892 2319 3905 -
2356 3889 2385 3927 (ι
2419 3869 2509 3942 Μὴ
2531 3870 2601 3937 ὣς
2624 3868 2810 3949 ἐχθρὸν
2836 3874 3047 3947 ἡγεῖσθε
3065 3889 3123 3943 υ,
3155 3868 3293 3928 ἀλλὰ
3320 3872 3617 3929 νουθετεῖτε
3648 3870 3723 3937 ὡς

2117 3957 2340 4038 ἀδελφόν
2365 3981 2377 3995 ο
2410 3957 2501 4017 καὶ
2553 3956 2689 4036 μετὰ
2732 3959 2792 4018 τὸ
2822 3960 3039 4034 δοῦναι,
3077 3961 3334 4020 νουθετεῖν
3369 3956 3721 4039 προσέταξεν,

2116 4049 2213 4108 οὐκ
2256 4047 2543 4122 ὀνειδίζειν,
2593 4052 2663 4116 ὡς
2720 4046 2782 4108 ἂν
2811 4047 2903 4107 καὶ
2933 4049 3195 4130 ψυχῇξκαὶ
3247 4048 3458 4127 σώματι
3498 4048 3718 4128 εὐεργε-

2114 4141 2295 4209 τῆται.
2365 4135 2436 4198 εΟ
2498 4138 2722 4220 ἀδελφὸν
2769 4142 3056 4214 νουθετῶν,
3100 4141 3196 4199 οὖκ
3245 4134 3569 4217 ἐκπομπεύει
3620 4137 3719 4212 τὴν

2115 4225 2297 4308 ὕϐριν,
2351 4229 2470 4286 ἀλλ’
2516 4228 2623 4309 ἰδίᾳ
2676 4234 2829 4288 τοῦτο
2874 4231 3017 4288 ποιεῖ
3065 4229 3159 4289 καὶ
3191 4228 3328 4308 μετὰ
3376 4225 3719 4310 προσηνείας.

2116 4316 2419 4395 Ἀλγῶμεν,
2466 4318 2622 4396 φησὶν
2649 4362 2663 4391 ,
2697 4319 2799 4399 οὐχ
2852 4317 2934 4377 ὅτι
2994 4318 3243 4399 διδόαμεν
3295 4320 3564 4399 ἀργοῦντι,
3599 4318 3719 4377 ἀλλ’

400 4408 845 4466 mansuetudine.
873 4409 1071 4466 Doleat
1102 4408 1280 4477 nobis,
1312 4407 1507 4481 inquit,
1535 4426 1648 4466 non
1677 4410 1799 4483 quia
1827 4412 2008 4469 otioso

2125 4405 2196 4466 ἔτι
2226 4406 2551 4487 παραϐαίνει
2597 4406 2685 4467 τὸν
2725 4409 2884 4485 νόμον
2930 4413 3022 4466 τοῦ
3057 4410 3235 4483 Θεοῦ,
3292 4408 3384 4467 καὶ
3416 4410 3486 4475 ὡς
3516 4407 3605 4466 ἐπὶ
3633 4430 3719 4468 νο-

399 4498 767 4569 impertimus,
803 4498 901 4555 sed
925 4498 1049 4571 quia
1102 4497 1506 4572 transgreditur
1558 4498 1733 4572 legem
1768 4501 1892 4570 Dei,
1942 4518 2007 4558 ac

399 4587 560 4643 veluti
587 4604 685 4660 pro
714 4598 924 4661 aegroto
951 4589 1253 4660 lugeamus.
1286 4587 1532 4645 Audiant
1546 4588 1729 4662 itaque
1760 4591 1857 4663 qui
1888 4607 2003 4648 non

396 4677 579 4734 solum
616 4693 726 4733 non
760 4678 1083 4751 impertiunt
1118 4676 1349 4750 aliquid,
1389 4694 1581 4741 verum
1603 4681 1770 4737 etiam
1801 4690 2005 4738 contu-

396 4767 560 4823 melia
602 4766 871 4836 afﬁciunt,
912 4775 1076 4841 atque
1105 4767 1378 4840 lapidibus
1431 4776 1649 4841 petunt.
1678 4772 1915 4842 Propter
1949 4779 2003 4829 te

398 4855 650 4927 pauperie
701 4854 988 4929 afﬂigitur,
1042 4865 1105 4912 ut
1165 4864 1225 4912 tu
1270 4873 1368 4930 per
1433 4857 1784 4916 clementiam
1824 4867 2002 4930 tuam,

394 4960 564 5016 quam
592 4943 670 4999 illi
718 4944 966 5013 exhibes,
1018 4945 1245 5003 vulnera
1296 4954 1391 5004 tua
1437 4962 1630 5004 curare
1680 4947 1894 5021 possis:
1938 4957 1999 5005 tu

395 5040 526 5091 sunt
555 5033 661 5091 ista
686 5034 1049 5106 stupiditatis!

464 5126 637 5181 Vsus.
688 5129 771 5180 16.
822 5127 946 5197 Ipse
973 5140 1098 5182 vero
1142 5131 1284 5183 Deus
1313 5130 1469 5199 pacis
1503 5126 1592 5183 det
1630 5130 1778 5185 vobis
1809 5145 2002 5201 pacem

392 5230 603 5286 semper
621 5216 959 5272 omnimodo.
983 5215 1203 5290 Ubique
1227 5226 1353 5290 post
1391 5216 1793 5277 exhortationes
1818 5234 2002 5292 preca-

390 5304 601 5361 tionem
630 5304 809 5377 ponit,
849 5305 1015 5363 veluti
1064 5306 1238 5379 sigilla
1274 5307 1532 5381 quaedam
1574 5316 1630 5366 et
1666 5309 1999 5383 obignatio-

388 5409 488 5450 nes
554 5395 921 5467 repositarum
984 5411 1175 5453 rerum
1233 5397 1508 5458 orationes
1559 5397 1841 5472 adjiciens.
1896 5399 2002 5457 Hic

2112 4500 2289 4555 σοῦντι
2318 4501 2617 4573 πενθῶμεν.
2673 4496 3034 4559 ’Λκουέτωσαν
3062 4499 3108 4557 οἳ
3157 4499 3215 4558 οὗ
3247 4496 3404 4577 μόνον
3458 4496 3717 4574 διδόντες,

2113 4583 2253 4644 ἀλλὰ
2283 4585 2373 4645 καὶ
2403 4585 2842 4667 προσυϐρίζοντες
2861 4633 2876 4661 ,
2920 4588 3012 4647 καὶ
3042 4588 3206 4657 λίθοις
3252 4587 3556 4668 βάλλοντες.
3613 4586 3717 4647 Διά

2113 4673 2170 4733 σὲ
2223 4673 2469 4750 πένεται,
2516 4674 2603 4735 ἵνα
2647 4675 2714 4735 σὺ
2761 4678 2885 4758 ἔχῃς
2939 4683 3266 4757 θεραπεῦσαι
3314 4677 3380 4735 τὰ
3432 4674 3717 4757 τραύματά

2112 4787 2205 4824 σου
2240 4764 2326 4823 διὰ
2359 4770 2453 4838 τῆς
2483 4767 2555 4833 εἷς
2585 4766 2744 4826 αὐτὸν
2785 4766 3186 4848 φιλανθρωπίας
3213 4813 3231 4845 ,
3268 4765 3357 4826 καὶ
3392 4765 3454 4827 σὺ
3486 4769 3590 4825 τῶν
3624 4765 3711 4823 διὰ

2111 4850 2169 4912 σὲ
2201 4853 2489 4933 πενόμενον
2524 4856 2867 4931 ἀπελαύνεις;
2904 4859 3087 4930 Πόσης
3117 4855 3465 4929 ἀναισθησίας
3511 4860 3713 4915 ταῦταέ

2111 4958 2238 5001 vero
2264 4959 2393 5002 eum
2425 4945 2520 5018 qui
2554 4945 2632 5002 tui
2674 4962 2837 5004 causa
2886 4947 3046 5019 inops
3092 4954 3198 5015 est,
3230 4945 3480 5019 repellis?
3526 4943 3717 5018 Qualis

2201 5144 2231 5183 α
2277 5122 2447 5192 Αὐτὸς
2478 5124 2531 5183 δὲ
2561 5129 2589 5184 ὁ
2635 5124 2773 5193 Θεὸς
2820 5128 2914 5197 τῆς
2946 5125 3153 5207 εἰρήνης
3196 5124 3306 5206 δῴη
3353 5126 3479 5205 ὑμῖν
3508 5124 3604 5198 τὴν
3637 5129 3714 5186 εἰ-

2111 5213 2272 5293 ρήνην
2310 5214 2596 5283 διαπαντὸς
2628 5216 2683 5274 ἐν
2737 5215 2896 5275 παντὶ
2929 5215 3131 5299 τρόπῳ.
3158 5238 3189 5275 ι)
3223 5218 3515 5297 Πανταχοῦ
3574 5216 3714 5296 μετὰ

2109 5302 2202 5371 τὰς
2262 5303 2601 5383 παρκινέσεις
2653 5305 2749 5373 τὰς
2811 5306 2972 5386 εὐχὰς
3025 5304 3268 5381 τίθησιν,
3328 5304 3513 5386 ὥσπερ
3563 5305 3713 5375 τινὰς

2111 5395 2402 5474 σφραγῖδας
2458 5394 2550 5453 καὶ
2602 5394 2887 5478 σήμαντρα
2939 5400 3046 5458 τῶν
3098 5396 3707 5477 ἀποτεθησαυρισμένων

1781 5526 1974 5585 Variae
2020 5527 2322 5588 lectiones.

462 5622 505 5656 1³
534 5624 576 5677 εἰ
605 5626 657 5679 δέ
680 5646 751 5689 τις
779 5642 836 5684 0.
