4104 6446
362 420 494 474 1357

1223 413 1572 469 EXPOSITIO
1614 414 1679 469 IN
1718 413 1929 468 EPIST.
1968 414 2013 468 ll
2051 414 2143 469 AD
2183 415 2414 471 THESS.
2456 445 2525 457 -—
2564 418 2715 474 CAP.
2758 420 2846 475 ΙΙΙ.

3536 425 3673 481 1358

356 542 604 609 ἐπιτιθεὶς
654 542 746 610 τὰς
799 541 981 622 εὐχάς.
1022 539 1126 599 Καὶ
1175 541 1397 598 ἐνταῦθα
1429 529 1542 611 οῦν,
1597 536 1779 611 ἐπειδὴ
1819 538 1954 605 εἰκὸς

2061 539 2246 611 igitur,
2274 541 2401 611 quia
2447 541 2737 601 verisimile
2765 554 2887 601 erat
2916 562 3133 619 pugnas
3179 548 3313 603 oriri
3367 547 3436 603 ab
3464 547 3661 620 hujus-

359 632 544 713 μάχας
593 630 830 711 γίνεσθαι
884 630 990 688 ἀπὸ
1048 634 1149 689 τῶν
1203 629 1452 687 τοιούτων
1503 630 1754 709 ἀφορμῶν
1778 671 1794 698 ,
1844 631 1948 685 τῶν

359 722 455 798 μὲν
508 720 903 803 ἀφοριζομένων
954 716 1295 800 τραχυτέρων
1354 717 1674 796 γινομένων,
1728 720 1839 774 τῶν
1896 715 1950 775 δὲ

361 811 588 891 ἐχόντων
619 812 794 870 οὐκέτι
836 818 945 876 τοῖς
995 810 1247 874 τοιούτοις
1285 809 1531 867 διδόντων
1590 806 1949 887 εὖπροθύμως

336 901 573 968 ἐἰκότως
604 900 816 981 εἰρήνην
842 902 1018 965 αὐτοῖς
1049 895 1358 977 ἐπεύχεται,
1391 898 1482 956 xui
1522 920 1552 955 ιι
1582 895 1886 963 διαπαντός.
1913 918 1943 953 ›)

361 993 533 1050 Τοῦτο
562 990 666 1071 γάρ
717 992 831 1048 ἐστι
867 989 929 1047 τὸ
976 987 1331 1065 ζητούμενον,
1365 986 1503 1045 ὥστε
1553 986 1634 1046 ἀεὶ
1668 986 1809 1066 ἔχειν
1859 986 1954 1042 αὖ·

361 1080 483 1150 τήν·
515 1079 654 1139 ἀλλὰ
683 1078 773 1137 καὶ
797 1100 826 1135 α
864 1079 915 1135 ἐν
947 1077 1108 1135 παντὶ
1139 1076 1317 1157 τρόπῳ
1353 1104 1378 1129 υ
1405 1123 1422 1154 ,
1454 1075 1592 1134 ὥστε
1646 1075 1951 1152 μηδαμόθεν

363 1169 501 1249 ἔχειν
549 1166 867 1248 φιλονεικίας
913 1166 1201 1247 πρόφασιν,
1253 1164 1389 1243 μήτε
1440 1165 1546 1223 ἀπὸ
1590 1164 1769 1242 λόγου,
1818 1163 1952 1239 μήτε

363 1257 468 1316 ἀπὸ
502 1257 678 1336 ἔργου.
715 1254 876 1317 Οὕτω
921 1256 1046 1336 γὰρ,
1082 1256 1264 1335 φησὶν,
1298 1258 1357 1314 οὗ
1405 1257 1656 1333 χαλεπῶς
1689 1254 1740 1293 ⁴³
1772 1251 1955 1313 κάκεί-

360 1371 477 1414 νους
510 1345 849 1427 βελτιώσετε.
889 1346 1061 1405 Οὐδὲν
1090 1345 1195 1425 γὰρ
1244 1344 1382 1404 οὕτω
1422 1344 1793 1421 συμϐάλλεται
1826 1341 1956 1424 πρὸς

360 1436 421 1497 τὸ
460 1443 744 1516 κατορθοῦν
778 1435 813 1494 ἃ
845 1434 1168 1511 ϐουλόμεθα,
1199 1437 1270 1501 ὡς
1314 1434 1372 1492 τὸ
1401 1438 1667 1514 εἰρηναῖον
1704 1432 1795 1491 καὶ
1826 1431 1957 1491 ἀτά-

363 1549 557 1606 ραχον,
592 1526 775 1584 καὶτὸ
815 1524 891 1602 μὴ
929 1524 1067 1603 μετὰ
1112 1523 1399 1605 ἀπεχθείας
1458 1525 1628 1583 δοκεῖν
1673 1525 1952 1603 ἐπιτιμᾷν.

448 1728 477 1763 ιι
505 1704 574 1767 Ὀ
603 1703 798 1786 Κύριος
820 1703 957 1781 μετᾶ
983 1704 1196 1764 πάντων
1220 1707 1392 1780 ὑμῶν.
1417 1726 1447 1761 ι)
1481 1707 1657 1765 Τοῦτο
1676 1702 1766 1762 xui
1790 1707 1818 1763 ὁ
1841 1700 1949 1763 K6-

358 1817 464 1875 ριος
517 1794 889 1873 ἐπηγγείλατο·
945 1816 976 1853 (ι
1004 1792 1146 1854 Ἰδοὺ
1182 1793 1285 1871 ἐγὼ
1342 1794 1455 1870 μεθ’
1487 1796 1638 1872 ὗμῶν
1684 1795 1793 1869 εἰμι
1847 1790 1953 1850 ποί-

2057 629 2209 685 modi
2238 632 2636 702 occasionibus,
2670 650 2800 692 cum
2828 635 2861 690 ii
2885 636 2976 708 qui
2999 645 3348 708 separantur,
3368 638 3672 710 asperiores

2058 718 2385 791 redduntur,
2411 723 2892 796 opulentioresque
2920 741 3031 781 non
3060 726 3320 782 alacriter
3347 726 3665 784 istiusmodi

2061 808 2189 865 viris
2212 810 2555 882 impertiunt,
2588 812 2735 869 haud
2772 814 3053 870 immerito
3090 831 3281 887 pacem
3319 816 3396 872 eis
3425 824 3668 887 exoptat,

2062 916 2286 970 eamque
2332 917 2557 971 semper.
2617 906 2737 958 Hoc
2783 904 2931 959 enim
2993 913 3078 960 est
3121 905 3274 977 quod
3330 906 3545 976 quaerit,
3612 916 3674 963 ut

2060 1004 2283 1060 semper
2310 991 2489 1062 ipsam
2522 991 2767 1048 habeant
2798 1013 2809 1048 :
2851 1002 3021 1066 atque
3049 995 3188 1050 adeo
3230 999 3381 1050 omni
3403 997 3581 1062 modo,
3613 1004 3676 1052 ut

2062 1079 2208 1134 nulla
2238 1095 2305 1134 ex
2357 1089 2513 1152 parte
2541 1082 2911 1138 contentionis
2939 1084 3018 1139 eis
3046 1085 3266 1140 occasio
3310 1085 3668 1157 relinquatur,

2062 1184 2240 1241 neque
2283 1185 2347 1225 ex
2398 1171 2588 1237 verbo,
2632 1180 2817 1244 neque
2854 1188 2920 1228 ex
2973 1189 3156 1245 opere.
3216 1174 3307 1230 Sic
3354 1175 3499 1229 enim
3547 1175 3663 1241 fiet,

2063 1257 2258 1330 inquit,
2288 1267 2351 1315 ut
2367 1258 2505 1315 citra
2524 1260 2904 1318 difﬁcultatem
2929 1263 3053 1318 illos
3074 1263 3144 1319 ad
3170 1264 3463 1320 rectiorem
3491 1264 3667 1320 vitam

2062 1349 2349 1404 revocetis.
2398 1349 2549 1405 Nihil
2586 1350 2736 1407 enim
2761 1360 2876 1406 tam
2907 1352 3042 1409 utile
3072 1352 3141 1408 ad
3176 1352 3570 1424 perﬁciendum
3601 1369 3662 1409 ea

2063 1453 2189 1510 quae
2221 1438 2504 1510 volumus,
2551 1455 2717 1511 quam
2763 1441 3052 1512 pacificum
3096 1457 3238 1510 esse,
3286 1458 3505 1499 necnon
3547 1450 3661 1498 tur-

2065 1528 2287 1584 batione
2328 1544 2542 1598 vacare,
2583 1545 2762 1602 neque
2821 1546 2887 1587 ex
2931 1532 3056 1587 odio
3118 1532 3286 1588 videri
3329 1548 3667 1605 quemquam

2064 1618 2374 1691 objurgare.

2137 1712 2395 1765 Dominus
2431 1726 2551 1765 cum
2591 1711 2837 1765 omnibus
2866 1712 3035 1766 vobis.
3060 1713 3185 1767 Hoc
3221 1711 3371 1767 enim
3403 1712 3673 1768 Dominus

2068 1798 2324 1871 promisit
2348 1819 2362 1854 :
2389 1803 2522 1856 Ecce
2542 1816 2642 1869 ego
2667 1800 2939 1855 vobiscum
2967 1816 3089 1855 sum
3112 1802 3360 1855 omnibus
3410 1802 3597 1857 diebus
3625 1813 3668 1856 1.

357 1909 453 1952 σας
482 1883 576 1951 τὰς
621 1885 846 1962 ἡμέρας.
891 1905 920 1942 ι)
967 1883 1097 1944 ’an
1128 1875 1277 1951 οὗτος
1308 1882 1411 1955 εἴη,
1456 1884 1619 1958 φησὶ,
1656 1882 1770 1960 μεθ’
1804 1884 1952 1958 ὑμῶν

2068 1889 2123 1945 Si
2182 1888 2302 1958 iste,
2333 1889 2536 1961 inquit,
2588 1905 2719 1945 cum
2776 1888 3034 1945 omnibus
3093 1888 3255 1950 vobis
3318 1888 3485 1946 fuerit
3551 1898 3666 1946 tam

357 1975 592 2047 πάντων,
643 1977 747 2032 τῶν
798 1998 854 2032 τε
911 1971 1214 2054 ἀργούντων
1281 1971 1508 2045 δηλαδὴ,
1559 1972 1650 2032 καὶ
1704 1976 1809 2030 τῶν
1876 1970 1951 2048 μὴ

360 2063 607 2123 τοιούτων
629 2109 644 2140 ,
680 2063 857 2123 πάντα
899 2063 968 2123 τὰ
1017 2064 1189 2141 ἀγαθὰ
1241 2063 1411 2124 ἔσται.
1448 2062 1588 2131 Τούς
1611 2086 1668 2121 τε
1712 2062 1815 2143 γὰρ
1846 2063 1955 2142 ἀρ-

359 2159 580 2233 γοῦντας
653 2153 862 2212 ἰάσεται
878 2198 895 2230 ,
954 2151 1045 2211 καὶ
1097 2156 1216 2220 τοὺς
1288 2151 1668 2233 ἐργαζομένους
1734 2154 1954 2225 ἐπιστη-

360 2245 511 2324 ρίξει.

440 2361 464 2386 α
492 2332 563 2393 Ὀ
597 2332 878 2409 ἀσπασμὸς
1004 2336 1106 2412 ἐμῇ
1136 2330 1277 2412 χειρὶ
1303 2330 1547 2392 Παύλου.
1584 2358 1609 2382 ν
1641 2329 1952 2408 Ἀσπασμὸν

357 2424 511 2482 καλεῖ
560 2421 657 2494 τὴν
709 2422 908 2501 εὐχὴν,
959 2420 1160 2488 δεικνὺς
1211 2421 1290 2480 ὅτι
1345 2418 1437 2480 xui
1485 2419 1575 2479 ὅτε
1625 2421 1957 2490 ἀσπάζεσθαι

357 2514 496 2587 ἔδει,
530 2513 667 2591 μετὰ
696 2511 913 2592 κέρδους
964 2515 1327 2588 πνευματικοῦ
1376 2510 1438 2570 τὸ
1483 2520 1708 2590 πρᾶγμα
1748 2502 1812 2583 ἦν
1862 2509 1954 2569 καὶ

356 2605 548 2684 εὐχῆς,
580 2601 698 2661 ἀλλ’
730 2605 831 2683 οὐχ
863 2603 1046 2669 ἁπλῶς
1076 2600 1254 2683 φιλίας
1284 2599 1571 2679 σύμϐολον.

448 2804 477 2841 (ι
520 2780 601 2843 "0
654 2784 765 2842 ἐστι
817 2789 1037 2859 σημεῖον
1095 2782 1149 2839 ἐν
1211 2780 1360 2860 πάσῃ
1419 2778 1752 2859 Ἐπιστολῇ·
1816 2779 1954 2839 οὕτω

352 2872 567 2954 γράφω.
616 2894 644 2930 ν
690 2872 832 2951 Πρὸς
866 2870 927 2930 τὸ
964 2870 1041 2948 μὴ
1088 2874 1504 2951 παραποιεῖσθαι
1546 2868 1640 2936 τὰς
1673 2870 1953 2936 ἐπιστολάς

348 2987 456 3040 μου
504 2960 655 3041 παρά
692 2984 850 3020 τινων
899 2958 1224 3019 ἀπατεώνων
1259 2962 1427 3033 (τοῦτο
1458 2957 1584 3038 γὰρ,
1635 2961 1706 3025 ὡς
1754 2957 1845 3016 καὶ
1893 2961 1944 3016 ἐν

348 3055 495 3133 ἀρχῇ
530 3050 779 3129 εἴπομεν,
827 3049 1034 3111 ἐποίουν
1084 3049 1324 3126 πολλοὶ),
1359 3049 1488 3126 ἐγὼ,
1521 3047 1710 3120 φησὶν,
1740 3050 1947 3119 ὑποση-

348 3139 532 3219 μαίνω
560 3144 626 3220 τῇ
651 3143 753 3220 ἐμῇ
774 3140 936 3220 χειρί.
978 3162 1008 3198 (ι
1037 3139 1133 3201 Ἐν
1163 3139 1312 3218 πάσῃ
1335 3160 1363 3196 ι)
1395 3140 1449 3198 δὲ
1478 3167 1503 3191 α
1536 3137 1857 3217 Ἐπιστολῇ,

347 3231 483 3298 ἴσως
525 3228 947 3309 πεμφθησομένῃ
982 3229 1113 3310 πρὸς
1157 3233 1295 3306 ὑμᾶς
1320 3229 1402 3302 ,ἣ
1454 3227 1549 3287 xui
1597 3227 1802 3298 ἁπλῶς,
1855 3226 1950 3288 Ἐν

342 3319 501 3399 πάσῃ
540 3324 607 3400 τῇ
632 3317 760 3396 πρὸς
791 3318 1035 3385 οὕστινας
1065 3318 1282 3389 δήποτε.

442 3407 570 3468 (ιἫ
625 3408 781 3487 χάρις
847 3413 939 3466 τοῦ
1004 3408 1202 3487 Κυρίου
1274 3410 1428 3481 ἡμῶν
1477 3404 1662 3474 Ἰησοῦ
1715 3408 1948 3484 Χριστοῦ

346 3499 490 3580 μετὰ
542 3497 755 3556 πάντων
803 3500 974 3575 ὑμῶν.
1016 3495 1266 3574 Ἀμήν.»
1319 3493 1429 3556 Καὶ
1456 3493 1650 3573 ἤρξατο
1697 3493 1803 3552 ἀπὸ
1852 3498 1947 3566 τῆς

346 3590 593 3672 χάριτος,
626 3585 715 3646 xui
745 3593 833 3647 νῦν
866 3585 1028 3646 πάλιν
1062 3588 1133 3653 εἷς
1168 3584 1265 3656 τὴν
1294 3584 1451 3665 χάριν
1484 3585 1815 3663 ἀποτελευτᾷ
1848 3583 1943 3656 τὴν

344 3676 715 3752 Ἐπιστολὴν,
783 3674 1107 3755 ἑκατέρωθεν
1162 3674 1341 3754 ὥσπερ
1416 3673 1666 3752 μεγάλοις
1731 3674 1945 3753 τειχίοις

347 3767 775 3850 ἀσφαλιζόμενος
823 3765 890 3825 τὰ
933 3766 1217 3843 λεγόμενα,
1261 3764 1352 3822 καὶ
1389 3762 1658 3839 θεμελίους
1692 3766 1946 3842 ἀσφαλεῖς

342 3858 534 3934 τιθεὶς,
567 3856 659 3917 xui
688 3856 835 3923 τέλος
883 3855 1096 3934 ἐπάγων
1136 3852 1392 3936 ἀσφαλές.
1429 3853 1559 3913 Ἰἰὰν
1590 3852 1692 3932 γὰρ
1723 3858 1757 3924 ἡ
1789 3853 1942 3932 χάρις

343 3943 382 4032 ᾖ
416 3947 532 4027 μεθ’
579 3950 724 4024 ὑμῶν
769 3949 803 4016 ἡ
850 3945 899 4015 ἐξ
947 3948 1118 4026 ἀρχῆς
1156 3943 1381 4005 σώσασα
1430 3948 1605 4020 ἡμᾶς,
1639 3943 1818 4010 πάσας
1854 3943 1946 4010 τὰς

344 4036 625 4103 ἀσθενείας
693 4038 842 4112 ὑμῶν
916 4036 1236 4116 παρόψεται.
1301 4036 1477 4093 Τοῦτο
1527 4032 1630 4112 γὰρ
1700 4032 1939 4112 χάριτος·

346 4128 510 4188 ἔσται
564 4124 640 4204 δὲ,
686 4124 775 4185 ἐὰν
808 4124 884 4201 μὴ
930 4126 1128 4196 ταύτην
1161 4122 1405 4195 διώξητε.
1438 4121 1509 4182 Ἦ
1550 4122 1706 4202 χάρις
1746 4121 1940 4200 εὐγνώ-

345 4239 481 4297 μοσι
539 4219 736 4295 ψυχαῖς
798 4216 1017 4286 ἐνοικεῖ,
1089 4212 1368 4286 ἁπλότητα
1430 4212 1520 4271 xui
1596 4211 1941 4293 φιλαδελφίαν

340 4304 617 4388 ἐχούσαις.
678 4303 893 4364 Γένοιτο
947 4303 1193 4369 τοιαύτας
1249 4302 1341 4362 καὶ
1413 4306 1562 4377 ἡμεῖς
1623 4299 1716 4369 τὰς
1769 4302 1943 4383 ψυχὰς

342 4399 589 4479 ἔχοντες,
638 4392 731 4452 καὶ
773 4392 1120 4475 φιλαδελφίαν
1177 4391 1628 4469 ἐπιδεικνύμενοι,
1682 4389 1772 4449 καὶ
1827 4392 1946 4460 τοὺς

339 4483 900 4565 παρασφαλλομένους
931 4481 1118 4563 τυχὸν,
1154 4484 1224 4549 ὡς
1276 4480 1532 4563 ἀδελφοὺς
1562 4484 1945 4556 νουθετοῦντες,

336 4577 438 4637 καὶ
491 4583 627 4633 πᾶσι
680 4573 891 4653 τρόποις
941 4573 1037 4646 τὴν
1093 4575 1262 4632 αὐτῶν
1326 4572 1601 4653 διόρθωσιν
1667 4570 1802 4649 μετὰ
1849 4577 1944 4645 τ’ἧς

335 4664 479 4747 πρὸς
525 4661 713 4731 αὐτοὺς
763 4662 974 4744 είρήνης
1011 4660 1489 4740 κατεργαζόμενοι,
1522 4659 1746 4732 ὑπὸτῆς
1787 4659 1941 4741 χάρι-

334 4780 429 4823 τος
462 4752 880 4835 φρουρηθείημεν
927 4756 1021 4810 τοῦ
1051 4750 1252 4830 Κυρίου
1283 4754 1437 4827 ἡμῶν
1482 4751 1666 4829 Ἰῃσοῦ
1698 4752 1930 4831 Χριστοῦ

335 4850 435 4905 τοῦ
512 4842 953 4925 προσλαϐομένου
1010 4845 1175 4921 ἡμᾶς,
1229 4841 1317 4925 καὶ
1372 4839 1801 4920 προσαγαγόντος
1859 4843 1936 4919 τῷ

338 4931 529 5012 Πατρὶ
560 4920 635 4992 ⁷ἐν
687 4931 825 5012 ἁγίῳ
894 4920 1200 5008 Πνεύματι·
1244 4920 1288 5011 ᾧ
1350 4931 1543 5009 πρέπει
1594 4938 1741 4988 πᾶσα
1792 4927 1939 4997 δόξα,

331 5021 501 5102 τιμὴ,
549 5021 638 5080 καὶ
691 5020 1075 5099 προσκύνησις,
1128 5026 1216 5079 νῦν
1278 5020 1368 5077 καὶ
1417 5019 1497 5077 ἀεὶ
1558 5017 1649 5077 καὶ
1703 5019 1773 5085 εἷς
1829 5017 1945 5084 τοὺς

331 5116 545 5178 αἰῶνας
575 5115 677 5169 τῶν
709 5108 934 5169 αἰώνων.
968 5109 1150 5187 Ἀμήν.

435 5314 465 5348 1
487 5301 689 5358 Matth.
727 5316 959 5369 xxvm,
987 5308 1076 5357 20.

2063 1978 2258 2035 otiosis
2286 1978 2514 2044 scilicet,
2545 1994 2713 2050 quam
2742 1995 2856 2035 non
2884 1978 3098 2045 otiosis,
3131 1979 3318 2035 omnia
3360 1979 3503 2035 bona
3535 1995 3664 2036 con-

2064 2068 2277 2140 tingent
2343 2087 2354 2124 :
2404 2068 2594 2125 otiosis
2640 2067 2789 2126 enim
2848 2067 3179 2139 medebitur,
3251 2077 3310 2125 et
3371 2077 3663 2143 operantes

2066 2157 2327 2216 ﬁrmabit.

2138 2369 2315 2424 Vens.
2360 2373 2445 2422 17.
2477 2368 2749 2424 Salutatio
2776 2382 2896 2421 mea
2945 2382 3115 2421 manu
3160 2368 3340 2422 Pauli.
3380 2368 3673 2423 Salutatioo

2064 2473 2194 2514 nem
2224 2457 2461 2529 appellat
2480 2456 2814 2523 orationem,
2845 2454 3091 2511 indicans
3109 2457 3258 2528 quod
3282 2472 3408 2511 cum
3431 2456 3670 2512 salutare

2062 2547 2447 2617 conveniebat,
2472 2562 2587 2602 non
2610 2545 2728 2622 sine
2761 2543 2931 2618 5&6
2972 2544 3124 2601 lucro
3165 2544 3427 2617 spirituali
3465 2555 3521 2603 et
3548 2562 3669 2602 ora-

2060 2637 2211 2693 tione
2237 2652 2299 2693 ea
2328 2652 2414 2693 res
2438 2644 2600 2705 esset,
2637 2644 2693 2691 et
2714 2650 2826 2691 non
2865 2635 3191 2708 simpliciter
3226 2635 3484 2693 amicitiae
3519 2651 3671 2710 sym-

2065 2727 2274 2783 bolum.

2137 2819 2289 2886 Ωιιοά
2313 2823 2393 2873 est
2426 2820 2644 2887 signum
2681 2821 2741 2873 in
2772 2820 2920 2874 omni
2951 2817 3218 2887 Epistola,
3249 2819 3332 2872 ita
3360 2816 3555 2871 scribo.
3589 2819 3670 2871 Ne

2064 2907 2433 2979 depraventur
2444 2907 2694 2979 epistola:
2717 2923 2857 2964 mea;
2875 2924 2905 2963 a
2921 2905 3251 2979 quibusdam
3273 2905 3668 2975 impostoribus

2069 2997 2193 3070 (hoc
2239 2997 2406 3064 enim,
2438 2997 2663 3068 perinde
2705 3014 2770 3053 ac
2797 2998 2852 3053 in
2893 2996 3167 3068 principio
3204 2994 3470 3062 diximus,
3508 2993 3668 3051 facie-

2064 3088 2199 3144 bant
2230 3088 2518 3160 plerique),
2547 3103 2669 3159 ego,
2702 3087 2898 3159 inquit,
2943 3085 3205 3159 subsigno
3230 3101 3353 3142 mea
3384 3101 3574 3141 manu.
3598 3089 3664 3143 In

2064 3182 2212 3233 omni
2233 3186 2419 3234 autem
2451 3180 2715 3249 Epistola,
2744 3194 2868 3251 quae
2914 3175 3144 3233 fortasse
3171 3174 3241 3232 ad
3268 3191 3367 3231 vos
3396 3175 3668 3232 mittenda

2065 3278 2187 3324 est:
2217 3269 2295 3323 vel
2324 3268 2665 3341 simpliciter,
2695 3270 2760 3323 In
2796 3267 2967 3335 omni,
2998 3265 3069 3323 ad
3114 3280 3472 3339 quoscunque
3505 3264 3667 3323 etiam

1990 3363 2035 3427 C
2067 3358 2237 3414 missa
2266 3357 2448 3413 fuerit.

2136 3449 2321 3502 Vnus.
2357 3454 2440 3503 18.
2476 3448 2671 3505 Gratia
2700 3449 2922 3503 Domini
2948 3448 3125 3501 nostri
3146 3448 3275 3500 Iesu
3320 3446 3527 3502 Christi
3549 3462 3671 3500 cum

2063 3537 2310 3591 omnibus
2337 3537 2505 3591 vobis.
2553 3538 2748 3592 Amen.
2778 3540 2850 3590 Et
2895 3550 2928 3590 a
2980 3537 3153 3606 gratia
3190 3549 3349 3589 orsus
3392 3540 3495 3599 est,
3526 3542 3581 3589 et
3608 3536 3665 3589 in

2060 3626 2295 3698 gratiam
2359 3641 2551 3681 rursus
2610 3624 2738 3680 ﬁnit
2801 3623 3118 3696 Epistolam,
3190 3622 3450 3695 utrinque
3498 3623 3664 3678 veluti

2064 3716 2280 3787 magnis
2323 3714 2687 3770 munimentis
2752 3714 2982 3769 ﬁrmans
3032 3728 3158 3785 quae
3203 3711 3483 3777 dicuntur,
3537 3727 3663 3768 cum

2063 3804 2421 3861 fundamenta
2433 3803 2595 3860 ﬁrma
2606 3812 2832 3875 tutaque
2851 3817 3085 3875 ponens,
3108 3811 3227 3858 tum
3248 3801 3414 3856 ﬁnem
3437 3801 3661 3857 ﬁrmum

2062 3893 2358 3951 adducens.
2376 3894 2431 3951 Si
2458 3894 2609 3949 enim
2632 3894 2810 3966 gratia
2824 3891 3107 3949 vobiscum
3125 3890 3310 3958 fuerit,
3328 3906 3452 3964 qua:
3470 3907 3499 3946 a
3522 3890 3670 3963 prin-

2061 3986 2201 4057 cipio
2226 3984 2461 4043 servavit
2482 3999 2607 4051 nos,
2629 3999 2826 4040 omnes
2848 3982 3195 4039 inﬁrmitates
3219 3990 3424 4038 vestras
3449 3988 3667 4055 praeter-

2066 4076 2291 4131 mittet:
2325 4074 2432 4130 hoc
2472 4075 2618 4129 enim
2667 4082 2752 4129 est
2784 4072 3000 4145 gratiae.
3048 4073 3166 4128 Erit
3217 4081 3425 4139 autem,
3472 4071 3515 4126 si
3546 4085 3668 4126 eam

2064 4182 2178 4221 non
2221 4164 2509 4237 expellitis.
2553 4164 2740 4221 Gratia
2787 4164 2902 4235 pias
2923 4171 3139 4218 mentes
3166 4160 3376 4227 incolit,
3407 4160 3663 4231 simplici-

2064 4264 2240 4312 tatem
2270 4263 2326 4311 et
2353 4255 2652 4311 fraternam
2676 4253 3030 4309 dilectionem
3059 4250 3351 4307 habentes.
3381 4250 3539 4306 Faxit
3564 4249 3671 4305 ita-

2066 4361 2173 4418 que
2219 4354 2281 4400 ut
2323 4361 2426 4401 nos
2462 4343 2730 4417 ejusmodi
2779 4340 3066 4398 mentibus
3106 4341 3332 4409 imbuti,
3372 4339 3673 4396 fraternam

2071 4435 2430 4492 dilectionem
2489 4434 2952 4493 demonstrantes.
3020 4439 3076 4486 et
3123 4438 3371 4487 errantes
3421 4428 3674 4495 fortasse,

1994 4507 2047 4569 D
2076 4510 2341 4597 tanquam
2393 4522 2590 4581 fratres
2661 4520 3242 4587 commonefacientes,
3310 4519 3677 4589 omnibusque

2066 4614 2247 4672 modis
2275 4615 2523 4687 ipsorum
2546 4613 2947 4669 correctionem
2977 4624 3102 4666 cum
3130 4624 3261 4681 pace
3289 4608 3609 4673 efﬁcientes,
3641 4624 3670 4687 a

2064 4705 2241 4779 gratia
2285 4682 2512 4760 homini
2542 4702 2717 4758 nostri
2745 4706 2775 4758 J
2782 4718 2875 4757 esu
2906 4699 3105 4756 Christi
3136 4698 3540 4760 custodiamur,
3584 4682 3677 4768 qui

2066 4794 2366 4867 assumpsit
2411 4808 2537 4861 nos,
2587 4791 2955 4863 perduxitque
2992 4789 3061 4845 ad
3118 4790 3340 4844 Patrem
3380 4787 3437 4842 in
3473 4787 3677 4857 Spiritu

2069 4893 2261 4941 sancto
2284 4903 2300 4940 :
2319 4899 2486 4956 quem
2515 4882 2672 4939 decet
2695 4880 2880 4938 omnis
2903 4879 3094 4953 gloria,
3123 4878 3301 4934 honor
3321 4886 3378 4933 et
3397 4875 3674 4944 adoratio,

2066 4991 2222 5030 nunc
2247 4982 2304 5030 et
2323 4988 2562 5046 semper,
2593 4979 2648 5029 et
2673 4971 2727 5027 in
2751 4969 2948 5028 saecula
2977 4967 3331 5025 saculorum.
3365 4972 3564 5023 Amen.

1739 5370 1930 5430 Variae
1975 5370 2281 5428 lectiones.

422 5493 471 5530 ³⁸
502 5491 598 5564 οὐχ
617 5492 788 5555 ἁπλῶς
816 5508 870 5549 0.
