4256 6446
256 408 324 473 13
926 404 1368 468 ENARRATIO
1397 407 1479 468 IN
1512 405 2006 466 EVANGELIUM
2029 403 2350 466 JOANNIS
2407 432 2466 441 -
2493 407 2651 470 CAP.
2689 411 2853 473 VIII.
3463 405 3524 473 ll

248 542 362 576 των
391 521 602 591 κριτὴς,
633 521 796 574 ἄκουε
825 520 918 573 τοῦ
960 520 1220 590 ἀψευδοῦς
1258 522 1545 591 στόματος,
1585 522 1668 574 ὃτι
1698 537 1715 570 t
1771 519 1831 574 ὐ
1860 526 1904 582 Α

1860 526 1904 582 Α
1938 527 2114 571 autem
2171 519 2284 587 ipse
2313 521 2383 574 sit
2417 522 2861 589 omniumjudcx,
2894 524 3016 578 audi
3046 539 3106 578 os
3131 529 3270 594 quod
3306 528 3523 581 mentiti

252 617 446 686 Πατὴρ
496 617 597 684 τὴν
649 614 830 685 κρίσιν
882 614 1065 666 πᾶσαν
1117 614 1318 667 δέδωκε
1368 615 1443 683 τῷ
1501 613 1635 682 rte.
1669 615 1833 665 Ὥστε

250 709 381 760 ὅταν
405 707 631 776 ἀκούῃ·,
663 707 745 758 ὅτι
795 725 812 757 ι
862 704 1005 774 Ἐγὼ
1042 705 1216 775 κρίνω
1263 704 1475 767 οὐδένα,
1515 723 1534 756 ι
1578 708 1650 774 μὴ
1711 706 1839 775 περὶ

252 801 354 867 τῆς
383 799 683 867 μελλούσης
728 797 1056 867 παρουσίας,
1089 797 1226 850 ἀλλὰ
1259 798 1355 866 τῆς
1391 798 1681 867 προτέρας,
1727 797 1836 848 νόει

253 887 511 955 λέγεσθαι
536 888 715 939 τοῦτο.
770 886 952 940 Εἰπὼν
1005 886 1082 949 δὲ,
1142 887 1224 939 ὅτι
1278 905 1296 937 ι
1352 887 1464 938 Οὐκ
1504 886 1621 954 εἰμὶ
1654 886 1832 956 μόνος,

253 980 510 1031 ἀλλὰκαὶ
539 980 568 1030 6
619 979 806 1047 Πατήρ
853 995 950 1048 μου
993 977 1114 1048 μετ’
1165 976 1300 1047 ἐμοῦ
1331 979 1506 1040 ἐστιν,
1548 995 1566 1028 ο
1615 977 1834 1040 ἔδειξεν,

256 1071 478 1122 ὅτιούκ
510 1070 620 1136 ἐγὼ
665 1071 822 1138 μόνος
869 1068 1218 1132 καταδικάζω
1281 1071 1444 1139 ὑμᾶς,
1479 1070 1614 1122 ἀλλά
1662 1069 1757 1122 καὶ
1808 1071 1836 1120 6

257 1161 466 1228 Πατήρ.
512 1161 584 1212 Οὐ
623 1160 729 1230 γὰρ
774 1159 947 1221 ἄλλως
991 1160 1087 1231 μὲν
1120 1161 1230 1227 ἐγὼ
1274 1160 1464 1231 κρίνω,
1498 1158 1669 1221 ἄλλως
1720 1159 1774 1211 δὲ
1808 1163 1835 1212 6

255 1253 445 1320 Πατήρ
477 1267 490 1280 ·
529 1251 642 1303 ἀλλ’
669 1252 858 1320 ὥσπερ
891 1253 954 1305 ἂν
986 1229 1119 1318 ὲὲὼ,
1142 1253 1285 1305 οὕτω
1319 1255 1569 1315 κάκεῖνος
1593 1268 1605 1281 ·
1634 1252 1726 1304 καὶ
1760 1252 1833 1314 ὡς

255 1345 482 1407 ἐκεῖνος,
511 1344 570 1395 οῦ
580 1361 653 1396 τω
689 1343 864 1412 κάγώ.

334 1455 351 1487 ι
386 1438 493 1489 Καὶ
515 1436 573 1487 ὲν
607 1435 685 1506 τῷ
711 1438 860 1507 νόμῳ
895 1436 946 1489 δὲ
973 1436 1050 1506 τῷ
1083 1438 1333 1506 ὑμετέρῳ
1362 1438 1695 1507 γέγραπται,
1750 1438 1831 1492 ὃτι

254 1529 347 1582 δύο
373 1528 676 1598 ἀνθρώπων
788 1529 1068 1599 μαρτυρία
1093 1529 1299 1599 ἀληθής
1333 1530 1501 1584 ἐστιν.
1543 1529 1684 1597 Ἐγώ
1719 1530 1832 1597 εἰμι

254 1626 282 1674 6
321 1621 619 1690 μαρτυρῶν
654 1622 783 1690 περὶ
813 1624 1074 1688 ἐμαυτοῦ,
1121 1625 1215 1674 καὶ
1246 1623 1513 1690 μαρτυρεῖ
1544 1622 1668 1689 περὶ
1699 1620 1830 1690 ἐμοῦ

255 1717 281 1765 6
315 1713 538 1783 πέμψας
574 1730 638 1781 με
660 1715 868 1783 Πατήρ.
900 1731 918 1763 ι
944 1713 1265 1766 Εἰπάτωσαν
1295 1714 1527 1766 ἐνταῦθα
1565 1714 1830 1784 Ἀρεια·.ὀί

255 1819 314 1853 τε
346 1804 441 1855 καὶ
473 1803 812 1870 Εὑνομιανοὶ,
837 1804 882 1854 οἱ
914 1801 1160 1868 λέγοντες
1182 1805 1254 1872 μὴ
1282 1802 1566 1870 δμοούσιον
1595 1802 1829 1872 εἶναιτῷ

1949 610 2144 675 nescit,
2185 628 2203 661 ι
2245 610 2407 666 Pater
2441 613 2604 682 617
2634 616 2893 682 judicium
2918 631 3076 672 omne
3098 618 3240 670 dedit
3269 617 3462 672 Filio’.
3499 639 3516 669 ι

1945 703 2120 768 Atque
2150 703 2220 756 ita
2248 706 2658 772 quandoaudis,
2684 708 2824 773 quod
2849 728 2864 756 ι
2890 707 3000 777 Ego
3033 709 3235 762 nullum
3262 709 3469 775 judico,
3499 732 3516 759 ι

1951 810 2055 847 non
2099 796 2162 848 de
2218 795 2401 850 futuro
2455 796 2713 861 adventu,
2762 801 2853 852 sed
2883 800 2946 854 de
3007 803 3253 867 prmseuti
3317 803 3519 856 dictum

1943 886 2204 956 intellige.
2235 887 2746 954 DiCendo'autem,t
2785 890 2898 944 Non
2933 908 3048 945 sum
3096 893 3260 956 solus,
3319 897 3411 947 se]
3465 904 3520 945 et

1940 976 2097 1031 Pater
2130 993 2278 1032 meus
2319 988 2528 1033 mecum
2551 989 2653 1040 est,
2695 1001 2712 1031 ι
2747 985 2983 1036 ostendit
3006 986 3146 1049 quod
3171 983 3284 1037 Non
3305 1000 3400 1052 ego
3432 1002 3519 1038 Su-

1938 1071 2017 1124 lus
2043 1072 2343 1125 condemno
2393 1087 2525 1137 vos;
2563 1074 2652 1126 sed
2688 1085 2740 1127 et
2778 1074 2956 1128 Pater.
2998 1076 3107 1128 Non
3162 1078 3302 1129 enim
3359 1077 3517 1130 aliter

1937 1162 2150 1228 quidem
2176 1176 2273 1233 ego
2297 1161 2499 1230 judico,
2536 1165 2690 1217 aillt'l‘
2718 1180 2841 1218 vero
2871 1166 3033 1221 Pater
3065 1185 3076 1231 ;
3107 1170 3198 1221 sed
3233 1171 3370 1221 sicut
3393 1183 3512 1239 ego,

1938 1253 2009 1307 ita
2039 1255 2196 1309 etillc
2226 1273 2240 1320 ;
2274 1269 2327 1310 et
2355 1256 2492 1310 sicut
2526 1257 2633 1319 ille,
2666 1269 2712 1311 et
2739 1274 2857 1326 ego.

2005 1433 2168 1490 Vens.
2197 1437 2394 1500 17,18.
2431 1458 2449 1487 ι
2493 1440 2632 1505 Quin
2665 1453 2716 1494 et
2754 1442 2804 1494 in
2852 1442 2966 1512 lege
3018 1456 3190 1497 vestra
3252 1448 3510 1514 suiptum

1934 1542 2036 1597 est,
2063 1533 2202 1600 quod
2261 1531 2495 1586 duorum
2551 1533 2828 1587 hominum
2906 1527 3271 1591 testimonium
3323 1554 3508 1592 verum

1934 1633 2035 1676 est.
2067 1621 2177 1689 Ego
2212 1636 2328 1675 sum
2355 1625 2470 1689 qui.
2497 1624 2864 1678 testimonium
2898 1626 3010 1680 fero
3071 1629 3136 1681 dc
3186 1628 3411 1696 meipso,
3459 1639 3514 1682 et

1934 1712 2297 1765 testimonium
2349 1711 2470 1798 fert.
2516 1715 2581 1767 de
2638 1729 2725 1769 me
2774 1717 2863 1783 qui
2922 1717 3066 1770 misit
3122 1733 3204 1771 me
3257 1719 3437 1772 Pater.
3477 1739 3494 1769 ι

1930 1803 2120 1858 Dicant
2152 1809 2250 1859 hoc
2279 1806 2395 1859 loco
2425 1805 2610 1859 Ariani
2649 1818 2700 1859 et
2740 1807 3080 1872 Eunomiani,
3123 1811 3365 1864 dicentes
3392 1827 3494 1864 non

257 1895 436 1961 Πατρὶ
458 1895 550 1945 τὸν
586 1893 734 1946 Υιόν·
769 1896 815 1945 εί
859 1895 936 1964 μὴ
974 1897 1254 1962 ἐμοούσιος
1289 1891 1378 1961 ἦν,
1440 1896 1554 1958 πῶς
1586 1896 1649 1948 ἂν
1680 1897 1825 1948 ὲτὸλ-
1862 1880 1905 1934 Β

1862 1880 1905 1934 Β
1938 1910 2059 1949 esse
2088 1896 2597 1950 consubstantialem
2628 1895 2768 1950 Patri
2819 1897 3012 1951 Filium
3048 1920 3058 1953 :
3086 1902 3127 1954 si
3155 1916 3262 1954 non
3316 1902 3511 1957 fuisset

260 2004 432 2055 μησεν
459 1988 652 2050 εἰπεῖν,
685 1987 766 2038 ὅτι
805 1987 914 2055 Ti};
959 1986 1127 2056 αὐτῆς
1154 1987 1438 2048 αὑθεντίας
1469 1989 1562 2041 καὶ
1620 1988 1832 2051 ἀξιοπι-

258 2081 412 2140 στίας
471 2079 586 2147 εἰμί⁵
623 2078 701 2148 τῷ
746 2079 948 2147 Πατρὶς
1004 2080 1213 2150 ’Ὠσπερ
1265 2081 1371 2146 γὰρ
1404 2079 1496 2131 δύο
1536 2079 1838 2147 ἀνθρώπων

255 2171 550 2238 περίτινπ
584 2172 1029 2240 μαρτυρούντων,
1088 2173 1180 2223 καὶ
1233 2170 1466 2239 ἀληθοῦς
1516 2170 1686 2240 οὔσης
1740 2173 1838 2238 τῆς

261 2263 568 2331 μαρτυρίας
603 2263 803 2325 αὐτῶν,
845 2263 1108 2331 πρόδηλον
1147 2263 1229 2314 ὅτι
1261 2263 1350 2313 καὶ
1390 2265 1421 2332 ἡ
1461 2262 1770 2325 ἀξιοπιστία
1804 2264 1835 2331 ὴ

258 2354 395 2421 αὐτή
418 2371 432 2384 ·
471 2354 614 2407 οῦτω
642 2353 941 2418 κάνταῦθα,
974 2354 1127 2406 οὐδὲν
1155 2353 1376 2406 ἔλαττον
1407 2355 1664 2423 ἐμφαίνει
1693 2354 1837 2422 ἔχειν

258 2447 352 2514 τὴν
372 2446 567 2499 ἑαυτοῦ
595 2445 732 2514 πρὸς
765 2447 866 2516 τὴν
890 2446 982 2498 τοῦ
1027 2446 1240 2514 Πατρδς
1274 2447 1600 2516 μαρτυρίαν.
1639 2448 1836 2500 Ἀκουε

259 2540 366 2606 γὰρ
393 2537 730 2598 αύθεντικῶς
773 2536 1066 2607 λεγόμενον
1117 2538 1177 2588 τὺ
1213 2538 1444 2605 ἐφεξῆς’
1480 2555 1498 2587 t
1547 2537 1690 2604 Ἐγὼ
1724 2540 1836 2605 εἰμι

259 2633 284 2681 6
323 2629 622 2699 μαρτυρῶν
660 2629 789 2698 περὶ
821 2628 1082 2698 ἐμαυτοῦ,
1117 2632 1209 2681 καὶ
1240 2632 1511 2700 μαρτυρεῖ
1535 2631 1662 2699 περὶ
1690 2629 1824 2700 ἐμοῦ

259 2725 354 2775 καὶ
380 2726 408 2774 6
441 2724 659 2792 Πατήρ.
693 2740 710 2772 ι
756 2722 919 2792 Ὀρᾷς
941 2723 1038 2791 τὴν
1071 2723 1194 2791 ῐσην
1219 2722 1528 2784 αύθεντίαν,
1561 2724 1654 2774 καὶ
1690 2723 1836 2784 ὅπως

259 2816 452 2867 ἑαυτὸν
476 2815 792 2878 ἀξιόπιστον
815 2817 1072 2877 ποιεῖται,
1125 2813 1315 2886 ὥσπερ
1345 2815 1438 2865 καὶ
1466 2813 1556 2865 τὸν
1588 2814 1832 2884 Πατέρα;

261 2909 441 2974 Ὀπερ
473 2907 574 2959 οὐκ
604 2905 668 2959 ἂν
699 2906 999 2976 ἐτόλμησεν
1039 2908 1232 2971 εἰπεῖν,
1275 2907 1328 2958 ετ
1352 2922 1413 2973 γε
1445 2906 1833 2974 ὑποδεέστερος

259 2994 324 3067 ἦν
356 2997 452 3050 τοῦ
480 2998 690 3067 Πατρὶς
733 2997 874 3050 κατὰ
900 2999 999 3065 τὴν
1030 2997 1208 3063 ἀξίαν,
1242 2997 1337 3051 καὶ
1376 2998 1475 3049 οὐκ
1511 2997 1623 3060 ἴσος
1687 2997 1837 3066 ἀύτῷ

265 3092 358 3142 καὶ
389 3090 696 3157 ὁμοούσιος,
742 3090 803 3141 Et
851 3089 960 3160 γὰρ
999 3089 1261 3156 ἠϐούλετο
1315 3089 1503 3158 ὕφεσιν
1563 3106 1684 3144 τινα
1743 3094 1836 3142 καὶ

261 3182 563 3234 uanum
593 3180 947 3244 ἐνδείξασθαι,
979 3183 1079 3232 οὐκ
1112 3180 1178 3233 ἂν
1221 3181 1412 3233 ἑαυτὸν
1458 3181 1829 3251 συνηρίθμησε
1859 3215 1901 3271 C

259 3276 336 3344 τῷ
358 3275 559 3344 Πατρἰ,
595 3273 686 3326 καὶ
701 3273 798 3342 τὴν
820 3271 1029 3326 οἰκείαν
1064 3271 1369 3342 μαρτυρίαν
1398 3274 1463 3343 τῇ
1498 3271 1591 3324 τοῦ
1621 3273 1830 3344 Πατρὸς

265 3370 672 3434 συγκατέταττε
698 3382 711 3395 ·
751 3364 886 3417 ἀλλὰ
920 3363 1102 3424 δοῦλος
1135 3363 1232 3426 ὦν,
1265 3363 1444 3426 καθὼς
1474 3366 1523 3416 οί
1570 3366 1839 3434 αἱρετικοὶ

265 3458 649 3525 δυσσεϐοῦσιν,
672 3462 752 3518 εἰς
802 3458 896 3509 ἕνα
930 3457 1036 3508 τῶν
1075 3455 1373 3508 συνδούλων
1407 3455 1716 3524 ἀπέϐλεψεν
1747 3457 1832 3521 ἂν,

261 3551 516 3601 κάκεῖνον
552 3548 918 3617 συμμάρτυρα
961 3547 1275 3616 ἐποιήσατο,
1306 3540 1417 3598 οἷον
1450 3549 1542 3600 τὸν
1582 3549 1832 3618 Ἰωάννην

259 3638 425 3704 λέγω,
467 3637 503 3708 ἦ
537 3639 660 3698 τοὺς
699 3639 981 3706 προφήτας
1005 3653 1018 3666 ·
1057 3637 1088 3706 ἢ
1126 3636 1335 3701 ἁπλῶς,
1365 3638 1418 3689 εί
1462 3655 1524 3705 γε
1583 3639 1834 3702 τοιαύτας

263 3729 424 3798 ᾗθελε
465 3730 791 3798 μαρτυρίας,
819 3731 1014 3797 μυρίας
1049 3728 1113 3780 ἂν
1147 3721 1292 3797 εὗρε.
1319 3728 1431 3780 Νῦν
1454 3729 1508 3781 δὲ
1533 3729 1628 3798 τὴν
1643 3733 1836 3799 ὁμοουη

263 3821 492 3889 σιοτητα
516 3818 685 3869 θέλων
708 3819 902 3882 δεῖξαι,
931 3819 996 3888 ἣν
1027 3819 1138 3887 ἔχει
1187 3820 1322 3888 πρὸς
1351 3820 1438 3870 τὸν
1483 3819 1722 3891 Πατέρα,
1758 3821 1836 3891 τῷ

263 3911 442 3978 Ila-rp).
478 3909 800 3978 συναριθμεί
831 3910 1041 3962 ἑαυτόν.
1076 3910 1166 3977 Μὴ
1197 3911 1482 3979 θαυμάσῃς
1510 3910 1587 3974 δὲ,
1629 3915 1675 3964 ει
1732 3912 1833 3965 ἀλο

264 3999 427 4067 λιχοῦ
452 3999 546 4051 καὶ
593 3999 864 4067 Ἰωάννην,
903 4004 997 4050 καὶ
1023 3999 1252 4067 Μωσῆν,
1282 4001 1377 4052 καὶ
1401 4002 1525 4064 τοὺς
1550 4003 1835 4072 προφήτας

263 4091 508 4160 παράγει
541 4090 666 4158 περὶ
712 4087 874 4141 αὐτοῦ
912 4091 1322 4160 μαρτυροῦντα,
1350 4091 1531 4162 ’Πρὸς
1570 4094 1676 4161 γὰρ
1737 4094 1833 4164 τὴν

263 4182 372 4232 τῶν
414 4180 701 4250 ἀκροατῶν
751 4181 1019 4249 ὑπόληψιν
1083 4181 1238 4233 τοῦτο
1282 4187 1456 4235 ποιεῖ’
1496 4184 1591 4237 καὶ
1632 4187 1832 4257 ¹ἐπειδὴ

263 4275 464 4324 ἐκεῖνοι
486 4273 578 4323 τὸν
618 4272 868 4338 Ἰωάννην
903 4275 994 4324 καὶ
1024 4273 1115 4325 τὸν
1168 4274 1371 4342 Μωσῆν
1403 4274 1569 4327 αὑτοῦ
1611 4268 1843 4346 προετίέ

263 4366 447 4426 (issam,
481 4364 671 4416 τούτου
701 4365 885 4417 ἕνεκεν
909 4367 1031 4426 τοὺς
1058 4366 1448 4434 νομιζομένους
1486 4368 1617 4436 παρ’
1644 4369 1829 4430 αὐτοῖς

264 4456 510 4519 svi-dion;
540 4458 632 4506 καὶ
659 4457 928 4524 μεγάλους
983 4459 1061 4518 εἰς
1107 4459 1412 4527 μαρτυρίαν
1445 4459 1612 4513 ἕλκει.
1667 4461 1828 4513 Ὥστε

1939 1985 2175 2052 ejusdem
2224 1988 2558 2062 substamiw,
2590 1991 2858 2055 qumnodo
2894 2004 3058 2043 ausus
3087 1990 3276 2044 fuisset
3306 1993 3510 2056 dicere,

1939 2076 2188 2142 Ejusdem
2237 2078 2574 2130 auctoritatis
2605 2094 2722 2130 sunt
2766 2095 2884 2131 cum
2919 2078 3099 2142 Patre,
3161 2091 3213 2136 et
3263 2083 3514 2139 similiter

1939 2171 2131 2238 dignus
2179 2170 2262 2222 cui
2327 2171 2457 2224 ﬁdes
2527 2170 3002 2224 halieatur?Nam
3061 2175 3509 2242 quemadmodum

1938 2277 2057 2314 eum
2090 2262 2196 2313 duo
2224 2262 2470 2318 homines
2496 2262 2562 2314 de
2594 2266 2784 2316 eadem
2824 2279 2878 2316 re
2917 2274 3200 2324 testantur.
3243 2280 3297 2321 et
3325 2284 3509 2322 verum

1938 2361 2022 2403 est
2099 2351 2311 2403 illorum
2367 2351 2752 2415 testimonium,
2825 2353 3167 2409 itmnifestum
3229 2368 3311 2410 est
3369 2359 3511 2427 quod

1941 2444 2224 2510 utriusque
2267 2446 2452 2498 eadem
2485 2456 2564 2496 est
2622 2446 2884 2499 idoneitas
2924 2449 2973 2500 in
3032 2451 3277 2505 testando
3315 2469 3327 2504 :
3360 2454 3514 2508 itaet

1943 2539 2043 2589 hoc
2081 2537 2196 2589 loco
2225 2536 2353 2588 nihil
2390 2537 2566 2590 minus
2594 2537 2792 2591 habere
2816 2540 3055 2594 declarat
3084 2558 3238 2595 suum
3273 2547 3509 2599 testimo-

1939 2628 2085 2679 nium
2115 2625 2293 2680 Patris
2326 2629 2654 2681 testimonio.
2684 2630 2818 2682 Audi
2843 2631 2983 2683 enim
3008 2636 3150 2701 quod
3172 2651 3508 2704 consequen-

1941 2728 2022 2772 ter
2064 2735 2251 2787 magna
2291 2721 2617 2772 auctoritate
2649 2721 2867 2782 dicitur,
2896 2741 2912 2772 ι
2951 2723 3060 2793 Ego
3090 2741 3207 2778 sum
3236 2729 3324 2795 qui
3362 2731 3510 2784 testi-

1941 2811 2176 2862 monittm
2210 2810 2323 2864 fero
2362 2811 2427 2864 de
2459 2810 2682 2878 meipso,
2719 2823 2774 2866 et
2803 2816 3165 2869 testimonium
3193 2818 3296 2872 fert
3320 2821 3386 2874 de
3427 2836 3512 2877 me

1938 2900 2116 2956 Pater.
2160 2922 2177 2954 ι
2203 2901 2363 2957 Vides
2392 2907 2766 2959 auctoritatem
2799 2907 2874 2976 (a)
2930 2923 3132 2976 parem,
3158 2921 3211 2964 et
3242 2916 3511 2980 quomodo

1938 3012 1993 3049 se
2007 3011 2158 3064 aeque
2182 2998 2246 3050 ad
2269 2998 2632 3051 testimonium
2659 2997 2787 3052 facit
2811 3001 3058 3054 idoneum
3082 3011 3240 3072 atque
3257 3004 3509 3061 Patrem?

1939 3084 1994 3138 ld
2027 3087 2168 3154 quod
2211 3102 2313 3138 non
2356 3103 2518 3140 ausus
2539 3087 2729 3143 fuisset
2761 3091 2957 3154 dicere,
3027 3096 3289 3162 siquidem
3329 3097 3508 3166 digni-

1942 3186 2051 3230 tate
2078 3176 2237 3231 Patre
2272 3176 2463 3232 fuisset
2511 3179 2752 3240 inferior.
2781 3191 2836 3233 et
2889 3198 2992 3236 non
3033 3187 3255 3255 aequalis
3323 3188 3394 3242 illi
3443 3207 3508 3246 ac

1939 3272 2428 3327 consubstantialis.
2469 3273 2605 3326 Nam
2655 3275 2699 3328 si
2738 3276 2991 3332 voluisset
3031 3281 3414 3350 subjectioucm
3451 3295 3508 3341 et

1937 3363 2364 3418 imminutionem
2395 3369 2680 3434 quamdam
2707 3371 3015 3431 ostendere,
3045 3387 3148 3426 non
3193 3390 3312 3427 sese
3358 3376 3502 3430 Patri

1936 3468 2394 3518 eounumerasset,
2438 3472 2533 3511 nec
2589 3476 2746 3513 suum
2805 3476 2924 3514 cum
2987 3461 3162 3519 Patris
3201 3468 3506 3523 testimonio

1936 3547 2188 3609 locassrrt,
2236 3552 2327 3601 sed
2386 3565 2573 3604 servus
2607 3567 2725 3604 cum
2769 3565 2911 3607 esset
2973 3559 3067 3621 (uti
3128 3559 3505 3626 hlasphemant

1938 3637 2195 3706 haeretici)
2229 3639 2279 3691 in
2330 3657 2496 3692 unum
2533 3657 2916 3696 conservorum
2953 3651 3300 3715 respexissel,
3354 3664 3405 3706 et
3440 3655 3505 3707 il-

1937 3725 2041 3778 lum
2080 3732 2376 3780 contestari
2419 3729 2653 3792 fel-isset,
2724 3742 2780 3785 ut
2809 3731 3068 3789 Joannem
3108 3723 3231 3791 dico
3263 3741 3341 3793 vel
3378 3759 3503 3808 pro-

1937 3817 2126 3885 phetas
2174 3836 2186 3871 :
2243 3831 2296 3872 et
2343 3821 2396 3874 in
2433 3838 2662 3887 summa,
2725 3825 2768 3878 si
2807 3827 3020 3892 quidem
3067 3829 3188 3882 talia
3251 3834 3504 3889 t'olttisset

1938 3911 2265 3975 testimonia,
2300 3912 2578 3967 innumera
2605 3916 2894 3970 invenisset
2920 3935 3095 3974 :nunc
3117 3933 3292 3976 autem
3311 3928 3499 3984 volens

1935 4014 1994 4054 se
2008 4001 2164 4078 Patri
2193 4003 2672 4058 consubtantialem
2701 4007 3006 4073 ostendere,
3039 4027 3094 4065 se
3123 4010 3266 4066 Patri
3290 4030 3498 4070 cunnu-

1919 4092 2132 4143 ‘merat.
2165 4088 2242 4143 Ne
2282 4090 2494 4145 mireris
2517 4103 2696 4148 autent
2731 4097 2772 4147 si
2809 4097 2912 4150 alio
2934 4098 3050 4153 loco
3082 4111 3135 4154 et
3155 4102 3416 4160 Joannem
3447 4121 3500 4162 et

1933 4179 2116 4234 Mosen
2145 4191 2196 4232 ct
2228 4181 2513 4248 prophetas
2547 4186 2763 4237 adducut
2787 4186 2854 4239 de
2895 4203 2953 4241 se
3005 4200 3265 4248 testantes
3292 4197 3334 4249 δ.
3391 4197 3501 4254 lloc

1935 4271 2076 4323 cnim
2115 4271 2238 4325 facit
2281 4273 2346 4324 ad
2387 4276 2688 4332 auditorum
2747 4282 3091 4336 sententiam.
3143 4284 3206 4337 Et
3242 4291 3494 4355 quoniam

1934 4361 2007 4415 illi
2059 4360 2319 4415 Joannem
2360 4374 2414 4416 et
2467 4365 2648 4418 Mosen
2701 4367 2915 4423 Christo
2949 4377 3346 4440 prarponebant.
3383 4382 3500 4450 ejus

1931 4452 2099 4520 gratia
2129 4466 2222 4505 eos
2256 4453 2344 4521 qui
2372 4455 2509 4521 apud
2541 4455 2662 4509 illos
2690 4461 2864 4532 magni
2897 4470 2950 4512 et
2988 4464 3193 4518 nobiles
3216 4469 3496 4526 existima-

265 4549 384 4599 ἐπεὶ
412 4549 500 4598 καὶ
537 4547 661 4616 περὶ
700 4548 792 4600 τοῦ
844 4547 979 4600 Θεοῦ
1037 4551 1130 4599 καὶ
1163 4548 1372 4615 Πατρὸς
1416 4549 1654 4616 μεγάλην
1695 4550 1828 4601 ὑπὸ-
1861 4544 1946 4608 [)I

1812 4580 1828 4593 .
1861 4551 1905 4608 ι)
1933 4544 2148 4606 bantur,
2185 4543 2235 4595 in
2273 4544 2639 4598 testimonium
2677 4548 2843 4600 trahit
2879 4565 2892 4600 :
2926 4562 2979 4604 et
3015 4553 3083 4603 ita
3118 4557 3240 4622 quia
3275 4561 3339 4612 de
3383 4559 3493 4617 Deo

263 4640 425 4708 λῃψιν
455 4634 598 4706 εἶχον
629 4639 752 4707 (καὶ
775 4640 826 4694 τί
856 4639 961 4710 γὰρ
990 4639 1136 4700 ἄλλο,
1175 4640 1207 4708 ἢ
1237 4640 1308 4699 ὡς
1338 4638 1477 4692 Θεὸν
1496 4641 1826 4710 ὲδόξαζον;),

266 4730 503 4799 παράγει
536 4727 628 4779 νῦν
661 4729 752 4779 καὶ
781 4728 941 4780 αὑτὸν
967 4729 1172 4780 ἐκεῖνον
1192 4727 1280 4780 τὸν
1311 4729 1402 4779 ἐπὶ
1432 4729 1646 4781 πάντων
1671 4730 1822 4792 Θεὸν,

267 4823 548 4889 μάρτυρα.
597 4819 749 4871 Ἐπεὶ
786 4819 842 4872 δὲ
889 4821 981 4871 καὶ
1012 4821 1197 4871 ἑαυτὸν
1228 4818 1303 4886 τῷ
1336 4819 1560 4890 τοιούτῳ
1590 4823 1824 4892 μάρτυρι

261 4915 336 4981 τῷ
365 4912 790 4982 ἀπαραγράπτῳ
814 4912 905 4963 καὶ
940 4911 1320 4980 ἀψευδεστάτῳ
1348 4914 1653 4976 συντάττει,
1688 4929 1822 4982 προ-

260 5006 552 5073 δηλότατον
583 5004 712 5071 ἄρα,
742 5003 822 5054 ὅτι
855 5003 952 5070 τῆς
1010 5001 1176 5068 αὐτῆς
1227 5001 1306 5069 τῲ
1338 5001 1510 5072 Πατρὶ
1538 5001 1822 5064 αύθεντίας

260 5099 353 5146 καὶ
416 5092 660 5156 ἐξουσίας
711 5091 845 5144 ἐστί.
903 5090 1010 5142 Καὶ
1063 5090 1502 5157 αἱσχυνέσθωσαν
1552 5093 1600 5142 oi
1634 5091 1817 5144 δοῦλον

262 5186 427 5238 αὐτον
466 5187 558 5238 καὶ
618 5183 822 5236 ἐλάττω
883 5183 1023 5236 κατὰ
1087 5184 1261 5235 πάντα
1316 5182 1410 5235 τοῦ
1469 5184 1675 5254 Πατρὸς
1735 5184 1822 5236 λέ-

262 5295 448 5343 γοντες
460 5319 470 5329 .

341 5387 359 5418 ι
413 5367 637 5434 Ἔλεγον
663 5361 756 5420 οὖν
808 5365 956 5434 αὑτῷ
992 5381 1004 5394 ·
1038 5364 1145 5418 Ποῦ
1187 5369 1330 5419 ἐστιν
1390 5368 1418 5417 6
1463 5368 1641 5436 πατήρ
1700 5384 1828 5433 σου;

278 5459 575 5528 ’Λπεκρίθη
635 5460 663 5511 6
709 5457 947 5527 Ἰησοῦς·
1001 5455 1137 5508 Οῦτε
1183 5457 1280 5526 ἐμὲ
1315 5457 1510 5521 οἴδατε,
1560 5457 1683 5510 οὕτε
1737 5459 1828 5510 τὸν

268 5551 486 5621 Πατέρα
521 5566 643 5618 μου.
698 5551 760 5604 Εἰ
814 5550 912 5619 ἐμὲ
945 5548 1141 5619 ᾔδειτε,
1177 5549 1270 5602 καὶ
1319 5549 1411 5602 τὸν
1460 5549 1677 5620 Πατέρα
1725 5567 1826 5620 μου

336 5714 361 5749 ⁸
398 5711 552 5767 Joan.
594 5729 643 5776 ν,
691 5711 781 5765 2‘2.
859 5708 1062 5764 ‘Joan.
1111 5726 1192 5777 Ill,
1253 5710 1335 5765 t4.

1932 4643 1985 4686 et
2007 4633 2165 4688 Patre
2199 4649 2447 4700 magnam
2483 4636 2748 4689 habebant
2776 4640 3083 4706 opinionem
3141 4647 3290 4716 (quid
3351 4653 3493 4708 enim

1931 4724 2074 4777 aliud
2100 4725 2470 4793 glorificabant
2501 4736 2557 4778 ut
2585 4725 2828 4796 Deum?),
2853 4732 3070 4786 adducit
3099 4753 3241 4791 nunc
3267 4753 3319 4793 et
3347 4742 3493 4798 illum

1933 4817 2103 4883 ipsmn
2134 4816 2221 4882 qui
2252 4830 2412 4884 super
2434 4833 2619 4870 omnes
2649 4829 2750 4882 est,
2812 4820 2976 4876 Deum
3010 4834 3221 4883 testem.
3257 4831 3322 4885 Et
3367 4837 3492 4901 quia

1930 4910 2162 4977 seipsum
2191 4912 2256 4963 ad
2291 4911 2450 4963 talem
2486 4923 2698 4976 testem,
2728 4916 2818 4981 qui
2860 4931 2958 4971 nec
2986 4917 3097 4972 falli
3131 4937 3230 4976 nec
3275 4929 3494 4984 mentiri

1930 5009 2122 5066 potest,
2157 5001 2455 5066 adordinat,
2484 5003 2979 5060 manilestissimum
3012 5012 3153 5077 quod
3206 5020 3501 5072 auctorita-

1933 5098 2037 5141 tem
2071 5099 2124 5142 ct
2149 5099 2465 5156 petestatem
2501 5094 2740 5146 eamdem
2771 5110 2890 5148 cum
2922 5096 3078 5154 Patre
3111 5103 3323 5160 habeat.
3355 5108 3494 5162 Con-

1927 5177 2223 5231 fundantur
2271 5181 2359 5247 qui
2383 5195 2596 5235 servum
2619 5183 2786 5249 illum,
2819 5196 2873 5238 et
2898 5202 2996 5254 per
3019 5194 3200 5248 omnia
3220 5197 3484 5253 minorem

1931 5269 2084 5323 Patre
2108 5272 2314 5324 dicunt.

2004 5361 2162 5415 Vens.
2195 5362 2280 5427 l9,
2306 5363 2394 5417 20.
2432 5383 2449 5415 ι
2481 5364 2739 5420 Dicebant
2789 5382 2916 5439 ergo
2940 5372 2986 5425 ei
3020 5390 3032 5426 :
3068 5371 3166 5429 Ubi
3199 5387 3279 5430 est
3335 5391 3494 5448 pater

1928 5457 2086 5509 tuus?
2118 5454 2410 5524 Respondit
2450 5456 2645 5514 Iesus:
2696 5459 2882 5531 Neque
2931 5481 3016 5520 me
3065 5474 3262 5535 nostis,
3319 5488 3494 5539 neque

1929 5547 2139 5603 Patrem
2180 5549 2347 5618 618
2380 5565 2575 5605 meum.
2619 5549 2674 5605 Si
2683 5561 2702 5623 λ
2733 5568 2821 5609 me
2855 5557 3159 5626 novissetis,
3193 5568 3244 5616 et
3275 5561 3488 5619 Patrem

339 5854 416 5925 (a)
462 5852 604 5906 Edit.
648 5852 790 5918 Lut.,
845 5853 1176 5906 antoritatcm
1228 5853 1454 5920 qualem.
1482 5851 1700 5916 Deinde,
1732 5852 1942 5908 Putrem
1972 5870 2065 5923 pro
2092 5869 2285 5917 parem.
