4256 6446
238 401 296 461 Π
885 405 1331 463 ΕΝΑΒΠᾹΊῚΟ
1374 406 1446 463 .lN
1492 401 1919 464 ΙΝΛΝΟΕῌΠ

1805 406 1986 464 LiUM
2025 407 2359 466 lil.\\'.\’l3.
2404 434 2464 440 —
2507 411 2861 471 (Alﬁ-Vili.
3421 413 3486 476 18

232 511 299 562 τά
335 527 497 574 φασιν
531 527 542 538 ·
575 511 606 577 ἦ
651 513 743 562 καὶ
772 512 844 572 ὡς
873 513 1122 574 εὐτελοῦς
1156 512 1304 573 ὄντος
1337 511 1427 564 τοῦ
1451 513 1806 579 νομιζομένου
1841 523 1882 574 Α
1912 541 1913 554 ι

1794 532 1806 564 i
1841 523 1882 574 Α
1912 522 1992 565 est
2022 513 2110 566 ille
2153 526 2305 580 pater
2335 516 2502 567 tuus?
2540 535 2556 565 ι
2592 519 2744 584 quasi
2773 519 3038 583 dicerent,
3073 519 3349 573 Obscurus
3400 535 3475 573 esi

233 605 449 670 πατρῦς
495 601 662 654 αὑτοῦ
693 601 784 654 τοῦ
853 604 1070 672 Ἰωσὴφ,
1126 604 1282 656 τοῦτο
1339 604 1594 670 λέγουσι·
1642 622 1659 652 ‹
1697 602 1802 654 Ιιοῦ

232 697 376 746 ἐστιν
410 697 437 746 ὁ
475 696 665 765 Πατήρ
716 713 843 761 σου;
909 715 926 748 ι
977 698 1176 750 ὡσανεὶ
1233 698 1517 766 λέγοντες·
1564 697 1801 764 ’Δφανής
1831 697 1946 748 ἐστι
1987 696 2082 748 καὶ
2133 697 2399 768 δυσγενὴς
2447 701 2474 750 ό
2503 701 2688 769 πατήρ
2727 717 2820 752 σου
2862 717 2875 730 ·

232 792 324 843 καὶ
349 794 500 843 κάτω
531 792 745 860 φέρειςς

309 900 326 932 ι
357 880 526 935 Εἶπεν
559 881 652 937 οὖν
679 886 838 940 πάλιν
865 888 1048 950 αὑτάς
1071 889 1099 941 ό
1133 887 1341 956 Ἰησοῦς
1363 905 1374 917 ·
1422 885 1563 956 Ἐγὼ
1588 886 1806 953 ὑπάγω,

230 975 327 1026 καὶ
357 976 622 1043 ζητήσετέ
657 994 722 1046 με
775 980 864 1031 καὶ
891 979 987 1048 οὐχ
1013 980 1295 1050 εὑρήσετε,
1328 980 1423 1033 καὶ
1450 983 1506 1033 ἐν
1539 982 1600 1047 τῇ
1630 980 1811 1047 ἀμαρ-

231 1066 321 1135 τία
359 1069 512 1137 ὑμῶν
559 1071 938 1126 ἀποθανεῖσθε.
971 1073 1144 1125 Ὅπου
1181 1073 1289 1139 ἐγὼ
1317 1073 1531 1141 ὑπάγω.
1562 1074 1719 1136 ὑμεῖς
1746 1072 1807 1125 ού

231 1161 465 1214 δύνασθε
494 1161 688 1216 ἐλθεῖν.
724 1163 946 1232 Ἔλεγον
977 1161 1070 1216 οῦν
1099 1168 1144 1218 oi
1188 1166 1427 1219 Ἰουδαῖοι
1450 1182 1463 1196 °
1498 1166 1644 1232 Μήτι
1673 1165 1810 1216 ἀπο-

234 1259 416 1306 κτενεῖ
438 1257 650 1319 ἑαυτὸν,
681 1258 762 1310 ὅτι
790 1257 956 1325 λέγει,
995 1258 1167 1312 Ὅπου
1191 1257 1301 1325 ιγὼ
1322 1259 1534 1324 ὑπάγω,
1562 1257 1718 1322 ὑμεῖς
1747 1255 1807 1308 οὑ

232 1347 461 1401 δύνασθε
515 1349 720 1416 ὲλθεῖν;
762 1352 868 1404 Καὶ
894 1349 1042 1406 εἶπεν
1102 1353 1322 1415 αὑτοῖς·
1371 1350 1560 1419 Ὑμεῖς
1610 1351 1673 1402 ἐκ
1700 1348 1811 1402 τῶν

235 1443 391 1493 κάτω
445 1443 590 1504 ἐστὶ,
648 1442 759 1512 ἐγὼ
818 1447 880 1497 ὲκ
913 1445 1021 1498 τῶν
1073 1445 1186 1499 ἀνω
1228 1445 1371 1514 εἰμί’
1412 1445 1568 1511 ὑμεῖς
1621 1444 1683 1494 ἐκ
1714 1441 1807 1495 τοῦ

235 1534 440 1600 κόσμου
475 1533 617 1597 ἐστὲ,
641 1533 752 1602 ἐγὼ
775 1536 837 1587 ἐκ
863 1535 956 1588 τοῦ
985 1536 1190 1603 κόσμου
1210 1538 1395 1588 τούτου
1430 1537 1527 1587 οὐκ
1558 1533 1689 1602 εἰμί.
1727 1527 1807 1584 Εἶ-

237 1643 335 1677 πον
382 1623 475 1680 οὖν
513 1629 659 1697 ύμῖν,
701 1631 781 1682 ὃτι
842 1632 1199 1683 ἀποθανεῖσθε
1254 1631 1312 1681 ἐν
1361 1635 1481 1691 ταῖς
1511 1628 1808 1698 ἁμαρτίαις

1911 613 1961 656 et
1987 602 2232 670 ignobilis
2263 616 2418 671 pater
2453 616 2596 665 tuus,
2623 609 2750 673 quid
2785 608 2933 662 illum
2977 612 3483 678 tantoperejartas‘?

2941 703 2989 753 τί
3023 703 3185 754 αὑτὸν
3209 706 3344 771 ἡμῖν
3367 706 3478 756 ἄξω

1983 881 2146 936 Vsus.
2182 879 2371 936 21-24.
2421 901 2438 934 ι
2473 883 2619 937 Dixit
2650 898 2779 952 ergo
2814 884 3006 938 iterum
3029 885 3106 938 eis
3128 884 3285 940 Jesus
3326 903 3338 938 :
3369 886 3479 955 Ego

1910 972 2141 1029 vado.ct
2163 972 2417 1041 quaeretis
2444 989 2525 1026 me
2543 983 2594 1027 et
2617 991 2717 1027 non
2752 975 3035 1029 invenietis
3056 975 3154 1045 (α),
3187 986 3238 1028 et
3272 979 3320 1028 in
3348 992 3474 1046 pec-

1911 1074 2032 1119 cato
2065 1074 2244 1118 vestro
2280 1065 2609 1119 moriemini.
2645 1066 2763 1130 Quo
2796 1080 2894 1136 ego
2927 1067 3085 1133 vado,
3121 1082 3214 1120 vos
3243 1083 3345 1122 non
3381 1086 3479 1138 po-

1911 1155 2061 1210 testis
2097 1157 2296 1211 venire.
2328 1156 2734 1224 Dicebantergo
2766 1157 2932 1213 Judaei
2964 1177 2975 1211 :
3016 1159 3151 1212 Nunt
3195 1161 3477 1213 interﬁcit-1

1912 1249 2277 1316 semetipsum,
2339 1251 2461 1315 quia
2501 1251 2669 1304 dicit:
2702 1250 2818 1314 Quo
2869 1267 2968 1318 ego
3021 1253 3176 1315 vado,
3233 1269 3324 1305 vos
3375 1269 3476 1305 non

1911 1343 2131 1410 potestis
2151 1342 2368 1395 venire?
2397 1341 2459 1395 Et
2485 1341 2699 1396 dicebat
2720 1344 2836 1397 eis:
2882 1342 2984 1397 Vos
3011 1348 3075 1397 ah
3107 1346 3293 1399 inferis
3322 1347 3475 1409 estis,

1910 1450 2009 1504 ego
2037 1434 2102 1487 de
2131 1436 2380 1502 supernis
2403 1449 2542 1488 sum.
2584 1435 2688 1489 Vos
2720 1436 2785 1490 de
2823 1444 3018 1489 mundo
3069 1437 3169 1488 hoe
3197 1439 3350 1496 estis.
3378 1455 3478 1507 ego

1911 1525 1977 1579 de
2019 1524 2216 1577 mundo
2266 1524 2364 1578 hoc
2422 1540 2525 1578 non
2566 1539 2706 1579 sum.
2757 1526 2874 1579 Dixi
2923 1541 3052 1596 ergo
3104 1527 3274 1590 vobis,
3336 1529 3478 1594 quod

1912 1617 2212 1670 moriemini
2250 1617 2300 1669 in
2325 1618 2559 1684 peccatis
2597 1620 2811 1672 vestris.
2847 1620 2900 1673 Si
2936 1621 3079 1672 enim
3107 1637 3210 1672 non
3233 1621 3477 1674 credule-

237 1717 412 1784 ὑμῶν.
458 1720 581 1771 Ἐὰν
617 1721 722 1791 γὰρ
756 1722 829 1790 μὴ
858 1721 1205 1789 πιστεύσητε,
1239 1723 1319 1775 ὅτι
1353 1723 1462 1789 ἐγώ
1506 1724 1645 1790 εἰμι,
1675 1723 1808 1774 ἀπο·
1842 1699 1882 1753 Β
1911 1726 1918 1762 ι

1790 1751 1808 1761 .
1842 1699 1882 1753 Β
1911 1711 2026 1763 ritis
2076 1711 2214 1778 quod
2247 1724 2346 1774 ego
2373 1726 2515 1772 sum,
2542 1712 2842 1765 moriemini
2873 1713 2924 1764 in
2950 1713 3184 1780 peccatis
3211 1714 3424 1767 vestris.
3456 1733 3471 1763 ι

236 1807 487 1861 θανεῖσθε
541 1810 598 1861 ὲν
627 1813 744 1873 ταῖς
789 1810 1085 1880 ἁμαρτίαις
1125 1811 1295 1880 ὑμῶν.
1340 1830 1357 1860 ι
1415 1811 1568 1873 Τίνος
1623 1811 1806 1862 ἕνεκεν

238 1901 498 1970 συχνάκις
525 1905 706 1966 αὐτοῖς
733 1905 878 1971 λέγει
905 1905 988 1966 τὸ,
1046 1924 1064 1956 ι
1105 1905 1246 1972 Ἐγὼ
1282 1907 1496 1971 ὑπάγω,
1529 1908 1617 1957 καί
1644 1905 1809 1972 ζητή-

237 1995 356 2045 σετέ
393 2012 504 2062 με;
547 2014 563 2046 ι
603 1997 765 2049 Ὥστε
804 2001 1120 2052 κατασεῖσαι
1151 1999 1329 2053 αὐτῶν
1367 2000 1458 2052 καὶ
1506 1998 1809 2065 ἐκφοϐῆσαι

235 2085 330 2146 τὰς
364 2085 564 2154 ψυχάς.
594 2087 734 2156 Ὅρα
766 2090 872 2158 γὰρ
903 2090 1017 2152 πῶς
1043 2092 1123 2150 εἰς
1157 2091 1410 2159 φροντίδα
1440 2091 1598 2151 εὐθὺς
1625 2089 1810 2142 ἐνέπε-

241 2192 350 2237 σον,
386 2177 435 2230 οἳ
463 2178 847 2250 διαποροῦντες
881 2182 1099 2250 ἔλεγον·
1141 2202 1159 2234 ι
1194 2184 1339 2252 Μήτι
1376 2184 1662 2235 ἀποκτενεῖ
1683 2183 1809 2235 ἑαυ-

238 2267 360 2328 τόν;
396 2287 414 2319 ι
450 2270 629 2323 καίτοι
653 2272 1041 2336 ἐπιθυμοῦντες
1084 2275 1464 2343 ἀπαλλαγῆναι
1501 2275 1687 2334 αὑτοῦ,
1716 2274 1808 2327 καὶ

238 2361 299 2411 ἐκ
325 2360 494 2426 μέσου
516 2363 676 2416 αὑτὸν
700 2364 950 2430 γενέσθαι
981 2366 1278 2436 εὐχόμενοι,
1315 2368 1405 2420 καί
1437 2385 1539 2420 που
1568 2368 1659 2420 καὶ
1687 2369 1809 2419 ἀνε-

238 2453 347 2504 λεῖν
375 2455 689 2524 βουλόμενοι
717 2472 728 2483 ·
784 2459 928 2524 ὅμως
955 2459 1095 2512 οὕτω
1123 2477 1172 2511 τι
1208 2460 1347 2529 μέγα
1379 2462 1507 2532 περὶ
1541 2461 1632 2513 τοῦ
1665 2462 1806 2531 πράο

238 2561 447 2612 γματος
492 2547 927 2615 ἑφαντάσθησαν,
961 2551 1098 2603 ὥστε
1129 2552 1405 2624 διαπορεῖν
1448 2557 1576 2622 περὶ
1620 2555 1803 2608 αὑτοῦ.

241 2637 390 2706 Ἀμα
421 2640 478 2692 δὲ
510 2643 767 2710 συχνέκις
818 2645 966 2712 λέγει
1001 2645 1061 2697 τὸ
1087 2664 1100 2678 ·
1136 2665 1154 2698 ι
1201 2648 1338 2713 Ἐγὼ
1370 2649 1581 2717 ὑπάγω,
1622 2669 1640 2700 ›
1697 2651 1806 2702 δει-

239 2732 365 2791 κνὺς
399 2731 484 2784 ὅτι
514 2734 878 2802 προγινώσκει
901 2737 988 2788 τὸν
1012 2739 1208 2789 οἰκεῖον
1236 2737 1483 2799 θάνατον,
1519 2740 1613 2792 καὶ
1646 2739 1718 2803 ὡς
1747 2742 1805 2794 οὑ

235 2823 332 2890 τῆς
357 2825 539 2875 αὐτῶν
567 2824 848 2894 δυνάμεως
881 2827 1043 2899 ἔργον
1069 2831 1096 2882 ό
1130 2833 1379 2899 σταυρῖς,
1413 2832 1547 2884 ἀλλά
1579 2833 1675 2902 τῆς
1710 2834 1807 2886 αὑ-

234 2913 328 2964 τοῦ
365 2913 696 2983 βουλήσεως.
743 2915 972 2982 Ὑπάγω
1001 2922 1128 2987 γὰρ,
1182 2922 1365 2988 φησὶν,
1398 2922 1493 2989 οὑχ
1541 2922 1698 2990 ὑμεῖς
1739 2940 1804 2990 με

237 3007 423 3069 ἄγετε,
457 3007 572 3058 ἀλλ’
611 3007 720 3075 ἐγὼ
746 3010 1028 3081 ἐθελοντὴς
1056 3013 1384 3082 πορεύομαι.
1425 3015 1510 3066 Ἑν
1540 3014 1595 3066 δὲ
1626 3014 1702 3085 τῷ
1727 3017 1804 3067 εἰ·
1834 3034 1878 3095 C

241 3098 383 3159 πεῖν,
467 3097 548 3149 ὅτι
586 3117 604 3148 ι
653 3097 839 3168 Ὑμεῖς
890 3101 951 3151 ού
998 3100 1225 3152 δύνασθε
1278 3102 1470 3162 ἐλθεῖν,
1525 3103 1659 3154 ὅπου
1699 3103 1808 3169 ἐγὼ

237 3185 458 3252 ὑπάγω,
493 3207 512 3238 ι
543 3188 832 3250 δείκνυσιν,
867 3190 940 3252 ὡς
973 3192 1079 3260 ἀρα
1132 3192 1492 3262 ἀναστήσεται
1523 3195 1619 3260 μὲν
1648 3195 1808 3256 αὐτὸς

238 3278 296 3328 ἐν
327 3278 476 3350 δόξῃ,
510 3283 602 3331 καὶ
642 3280 908 3334 καθιεῖται
931 3285 994 3335 ὲκ
1025 3284 1212 3349 δεξιῶν
1248 3283 1342 3336 τοῦ
1367 3284 1500 3335 Θεοῦ
1523 3325 1535 3348 ,
1572 3285 1722 3337 αὑτοὶ
1753 3286 1808 3337 δὲ

236 3369 287 3420 ἐν
343 3373 465 3433 ταῖς
522 3373 816 3442 ἁμαρτίαις
876 3376 1055 3427 αὐτῶν
1099 3376 1513 3429 ἀποθανοῦνται.
1585 3377 1808 3428 Ἐκεῖνοι

235 3462 419 3513 τοίνυν
453 3462 506 3515 τί
539 3465 675 3531 πρὸς
704 3465 876 3518 ταῦτά
910 3483 1040 3532 φασι
1067 3484 1081 3531 ;
1122 3487 1138 3518 ι
1170 3469 1259 3538 Μή
1291 3485 1343 3520 τι
1371 3469 1657 3520 ἀποκτενεῖ
1683 3469 1807 3520 ἑαυ-

237 3554 372 3618 τδνς
417 3573 436 3605 ι
505 3555 562 3607 Ὀ
617 3555 672 3608 δὲ
707 3556 906 3626 Κύριος
963 3559 1201 3627 ἀναιρῶν
1255 3559 1459 3627 ταύτην
1503 3559 1808 3626 αὑτῶνίτὴν

238 3647 520 3708 ὑπόνοιαν,
547 3650 638 3701 καὶ
674 3650 885 3712 δεικνὺς
931 3651 1009 3702 ὅτι
1059 3652 1157 3702 οὑκ
1190 3652 1333 3703 ἔστιν
1363 3653 1518 3715 ἐκτὸς
1548 3653 1809 3721 κατακρί-

241 3757 380 3801 σεως
409 3743 468 3793 τὸ
500 3742 884 3795 ἀποκτιννύναι
909 3743 1119 3806 ἑαυτὸν,
1154 3743 1347 3813 φησὶνο
1398 3744 1580 3813 Ὑμεῖς
1614 3746 1675 3796 ὲκ
1701 3744 1809 3796 τῶν

239 3834 392 3902 κάτῳ
427 3832 598 3896 ὄντες,
654 3834 748 3886 καὶ
796 3835 961 3904 μηδὲν
1013 3835 1154 3888 θεῖον
1206 3838 1456 3906 ὲννοῆσσι
1502 3839 1807 3907 δυνάμενοι,

240 3925 552 3988 ἀκολούθως
596 3926 816 3979 τοιαῦτα
857 3929 1024 3980 νοεῖτε
1071 3944 1082 3958 ·
1131 3927 1246 3994 ἐγὼ
1297 3927 1351 3980 δὲ
1388 3930 1459 3998 μὴ
1507 3929 1582 3980 ῶν
1614 3933 1676 3982 ὲκ
1713 3930 1809 3983 τοῦ

242 4017 446 4085 κόσμου
480 4018 687 4080 τοῦτου,
723 4021 988 4083 τουτέστι,
1040 4020 1206 4088 μηδὲν
1249 4022 1509 4088 κοσμικὸν
1538 4024 1628 4072 καὶ
1657 4022 1811 4089 περί-

238 4123 386 4174 γειον
435 4111 670 4176 φρονῶν,
731 4111 827 4162 οὐκ
867 4110 931 4162 ἄν
984 4127 1113 4165 ποτε
1176 4113 1255 4174 εἰς
1290 4111 1446 4164 τοῦτο
1502 4113 1694 4181 μανίας
1726 4113 1810 4163 ἒ).-

237 4199 412 4267 θοιμι,
460 4199 598 4251 ῶστε
655 4202 846 4254 ἑαυτὸν
876 4203 1230 4256 ἀποκτεῖναι·
1279 4203 1437 4255 τοῦτο
1486 4203 1592 4273 γὰρ
1621 4204 1810 4271 δαιμο-

241 4291 453 4356 νιῶδες,
512 4295 601 4344 καὶ
648 4293 708 4345 οὑ
744 4293 906 4365 θεῖον.
952 4295 1092 4347 Ἀλλ’
1142 4294 1374 4347 ἐνταῦθα
1436 4295 1810 4365 ’Δπολινάριος

1909 1801 2025 1866 Qua
2055 1803 2119 1855 de
2142 1816 2302 1856 causa
2330 1804 2522 1858 crebro
2551 1804 2654 1856 illis
2681 1804 2830 1865 dicit,
2869 1824 2886 1855 ι
2921 1805 3028 1872 ligo
3062 1806 3216 1860 vado.
3251 1816 3302 1856 et
3329 1821 3472 1870 qna:-

1913 1895 2039 1949 retis
2065 1896 2186 1950 me?
2217 1913 2234 1946 ι
2265 1895 2334 1949 Ut
2359 1897 2428 1949 ita
2454 1898 2722 1950 concutiat
2742 1905 2793 1949 et
2818 1905 3019 1949 terreat
3037 1895 3244 1948 animos
3266 1910 3473 1949 eorum.

1912 1987 1976 2050 Et
2003 1987 2121 2042 vide
2157 2001 2314 2055 quam
2347 1989 2528 2041 statim
2569 1987 2853 2041 inciderint
2885 1988 2935 2040 in
2969 2003 3128 2041 curas
3158 1997 3209 2041 et
3239 1987 3474 2054 perplexi

1911 2081 2088 2133 animo
2122 2081 2391 2142 dicebant,
2437 2098 2454 2130 ι
2499 2077 2750 2146 Nunquid
2798 2079 3088 2132 intet-liciet
3141 2077 3415 2145 seipsmn?
3453 2095 3470 2127 ι

1913 2170 2172 2236 Quamvis
2194 2172 2479 2238 cupiebant
2513 2171 2581 2224 ab
2607 2171 2696 2224 illo
2727 2170 2968 2234 liberari,
2993 2179 3046 2225 et
3073 2169 3218 2223 illum
3244 2184 3272 2222 e
3301 2168 3479 2222 medie

1912 2263 2020 2316 tolli
2051 2263 2334 2330 optabant,
2366 2274 2526 2330 atque
2574 2264 2735 2317 etiam
2783 2263 3032 2316 occidere
3077 2261 3431 2314 moliebantur
3462 2278 3473 2311 :

1909 2364 2142 2408 attamen
2177 2357 2246 2407 ita
2279 2371 2529 2424 maguum
2565 2356 2820 2423 quiddatn
2865 2355 2931 2408 de
2979 2354 3081 2409 hac
3114 2367 3170 2407 re
3216 2352 3474 2422 imagina-

1908 2444 2123 2509 bantur,
2151 2453 2206 2496 ut
2226 2444 2476 2512 perplexo
2502 2445 2848 2498 redderentur
2871 2444 3072 2497 animo.
3098 2442 3321 2510 Insuper
3339 2457 3477 2507 Stl‘pc

1910 2536 2143 2596 dicebat,
2177 2551 2195 2585 ι
2239 2534 2348 2603 Ego
2379 2535 2518 2588 vado
2554 2553 2567 2587 :
2630 2553 2647 2586 ι
2689 2543 2745 2587 ιιι
2774 2545 3030 2588 monstret
3058 2534 3198 2600 quod
3233 2534 3479 2602 praesciat

1908 2642 2060 2682 suam
2095 2638 2343 2691 mortem,
2382 2638 2435 2680 et
2465 2628 2608 2694 quod
2646 2643 2749 2680 non
2810 2626 3025 2680 illorum
3080 2627 3295 2680 virtutis
3343 2644 3477 2696 opus

1910 2734 2038 2772 crux
2090 2718 2181 2781 sit,
2239 2718 2333 2770 sed
2390 2716 2628 2784 ejusdem
2691 2719 2984 2770 voluntatis
3035 2734 3160 2772 sum.
3214 2738 3231 2769 ι
3270 2717 3416 2771 Vade
3452 2737 3470 2768 ι

1909 2812 2075 2873 enim,
2127 2809 2332 2877 inquit;
2365 2823 2469 2861 non
2517 2821 2613 2862 vos
2653 2823 2735 2861 me
2765 2808 2986 2870 ducitis,
3026 2811 3116 2862 sed
3138 2824 3237 2879 ego
3286 2823 3475 2879 sponte

1915 2901 2074 2956 vado.
2112 2901 2352 2955 Dicendo
2385 2910 2605 2954 autem:
2651 2919 2668 2950 ι
2717 2900 2820 2954 Vos
2854 2917 2959 2953 non
3016 2905 3239 2969 potestis
3288 2903 3475 2955 venire

1909 3008 2015 3061 quo
2059 3007 2158 3060 ego
2196 2993 2353 3054 vado,
2390 3011 2408 3044 ›
2469 2993 2696 3046 ostendi!
2751 2994 2894 3063 quod
2946 3002 3355 3048 resurrecturus
3409 2995 3478 3047 sit

1914 3087 2025 3155 ipse
2073 3086 2280 3154 quidem
2316 3086 2366 3138 in
2399 3085 2588 3155 gloria,
2638 3096 2687 3138 et
2716 3100 3070 3141 consessnrus
3099 3086 3164 3140 ad
3197 3089 3471 3140 dexteram

1912 3176 2090 3230 Patris
2125 3196 2137 3229 :
2170 3177 2270 3244 ipsi
2316 3186 2488 3231 autem
2524 3179 2574 3228 in
2625 3179 2736 3230 suis
2792 3180 3028 3245 peccatis
3071 3182 3317 3231 morituri
3345 3183 3473 3231 sint.

1911 3268 1988 3321 Illi
2029 3269 2189 3337 igitur
2217 3269 2344 3338 quid
2397 3271 2461 3322 ad
2517 3271 2627 3325 haec
2655 3270 2879 3323 dicunt?
2911 3291 2928 3321 ι
2969 3270 3215 3339 Nunquid
3270 3272 3478 3323 orcidrt

1913 3361 2183 3428 seipsum?
2221 3378 2239 3410 ι
2285 3361 2540 3414 Dominus
2589 3373 2770 3414 autem
2826 3362 3012 3414 tollens
3059 3363 3197 3416 hanc
3266 3362 3474 3415 ilormn

1912 3453 2295 3520 suspicionem,
2332 3453 2568 3507 ostendit
2619 3455 2757 3521 quod
2797 3470 2898 3508 non
2937 3466 3119 3507 careat
3150 3457 3478 3507 condi-mna-

1914 3545 2057 3598 tione
2085 3546 2332 3598 occidere
2361 3546 2631 3613 seipsum:
2679 3564 2696 3597 ι
2738 3547 2861 3611 Vos,
2899 3547 3093 3614 inquit,
3131 3547 3197 3600 ab
3251 3545 3480 3601 infernis

1913 3636 2065 3698 estis,
2100 3653 2119 3686 ι
2162 3636 2403 3704 nihilque
2427 3638 2663 3690 divinum
2702 3640 2942 3702 cogitare
2985 3640 3243 3700 volentes,
3277 3639 3346 3692 ita
3389 3653 3480 3692 co—

1911 3729 2114 3797 gitatis.
2137 3727 2249 3798 Ego
2282 3738 2455 3782 autem
2484 3743 2604 3784 cum
2641 3745 2742 3784 non
2789 3735 2886 3784 sim
2910 3747 2971 3784 ex
3009 3733 3107 3785 hoc
3136 3733 3353 3794 mundo,
3380 3731 3480 3784 hoc

1911 3833 2014 3886 cst,
2043 3822 2174 3876 nihil
2208 3824 2534 3876 mundanum
2564 3833 2618 3877 et
2647 3834 2922 3878 terrenum
2949 3827 3178 3895 sapiam,
3208 3841 3479 3894 nunquam

1920 3916 1972 3969 in
2014 3926 2214 3970 tantam
2267 3917 2576 3984 perveniam
2605 3918 2892 3981 insaniam,
2931 3930 2987 3972 ut
3019 3935 3104 3974 me
3128 3921 3296 3988 ipsum
3331 3920 3482 3974 occi-

1914 4012 2055 4088 dam.
2081 4006 2194 4061 iiec
2219 4009 2359 4062 enim
2393 4010 2712 4064 diabolicum
2748 4022 2829 4064 est
2853 4022 2906 4065 et
2936 4029 3037 4064 non
3070 4013 3330 4065 divinum.
3364 4015 3477 4066 lloc

1914 4098 2030 4154 loco
2063 4099 2425 4167 Apotlinarius
2458 4103 2744 4157 occasione
2774 4115 2985 4173 sunpta
3011 4104 3330 4160 Manichaaos
3361 4123 3474 4160 om~

1914 4193 2045 4247 nino
2089 4208 2324 4262 sequens
2387 4197 2564 4250 dicit:
2627 4196 2787 4251 Vides
2851 4200 2991 4265 quod
3059 4215 3161 4254 non
3222 4212 3338 4253 erat
3411 4217 3476 4253 ex

1913 4288 2112 4341 mundo
2143 4286 2244 4341 hoc
2297 4303 2491 4355 corpus
2536 4289 2768 4351 Domini,
2800 4292 2892 4343 sed
2946 4292 3010 4344 de
3045 4293 3296 4359 supernis
3323 4307 3384 4345 ac
3413 4295 3479 4346 de

240 4382 576 4452 δραξάμενος
611 4382 705 4435 τοῦ
735 4361 918 4453 ρᾗοὗ,
954 4384 1110 4453 φησὶ,
1153 4384 1264 4445 τοῖς
1293 4383 1618 4452 Μανιχαίοις
1673 4385 1809 4435 πάν-
1843 4369 1884 4424 D
1916 4397 1921 4424 ε

1796 4412 1809 4423 -
1843 4369 1884 4424 D
1916 4377 2052 4432 caelo
2083 4394 2096 4431 :
2130 4378 2268 4432 sicut
2295 4389 2349 4431 et
2379 4379 2534 4433 divus
2566 4379 2761 4434 Paulus
2805 4380 2937 4434 dicit
2970 4383 3113 4450 quod
3155 4401 3173 4433 ι
3200 4383 3477 4437 Secundus

241 4492 347 4536 τως
381 4475 668 4542 ἑπόμενος,
709 4475 788 4525 ὃτι
847 4475 1065 4544 ’ορᾷς,·
1102 4474 1202 4525 οὐκ
1232 4469 1298 4543 ἦν
1348 4476 1410 4525 ὲκ
1464 4473 1557 4525 τοῦ
1598 4474 1804 4540 κόσμου

239 4567 431 4618 τούτου
471 4567 531 4618 τὸ
564 4565 725 4631 σῶμα
772 4565 864 4617 τοῦ
901 4565 1125 4635 Κυρίου,
1166 4565 1280 4617 ἀλλ’
1316 4563 1518 4616 ἄνωθεν
1556 4562 1615 4626 ἐξ
1644 4565 1806 4632 ούραο

241 4659 354 4723 νοῦ,
380 4661 457 4720 ὡς
485 4660 578 4711 καὶ
609 4657 814 4719 Παῦλος
842 4657 1004 4724 λέγει,
1035 4658 1115 4709 ὅτι
1157 4676 1174 4708 ι
1216 4658 1272 4708 '0
1312 4657 1561 4726 δεύτερος
1597 4656 1808 4726 ἀνθρω-

242 4769 361 4813 πος,
399 4754 426 4804 ὁ
460 4751 660 4819 Κύριος
693 4750 750 4813 ἐξ
776 4748 1026 4816 ούρανοῦ.
1068 4769 1086 4800 ι
1125 4748 1188 4800 Τί
1216 4749 1393 4800 τοίνυν
1421 4749 1564 4800 ἔστιν
1600 4751 1802 4811 εἰπεῖνς

240 4840 310 4895 ἾΙ
351 4845 564 4903 παντως
610 4842 911 4909 ἐρωτητέον
938 4841 1119 4903 αὑτὸν,
1149 4840 1260 4899 1:17),
1289 4842 1399 4891 νοεῖ
1427 4840 1487 4890 τὸ
1521 4839 1653 4908 πρὸς
1683 4842 1807 4901 τοὺς

240 4938 568 4997 ἀποστόλους
600 4937 748 5004 παρά
783 4933 873 4986 τοῦ
896 4934 1099 5003 Κυρίου
1123 4933 1428 5002 λεγόμενον,
1460 4933 1539 4983 ὅτι
1575 4950 1592 4981 ι
1619 4931 1803 5000 Ὑμεῖς

238 5032 334 5083 οῦκ
388 5029 511 5081 ἐστὲ
551 5029 613 5080 ὲκ
676 5027 770 5079 τοῦ
800 5027 1041 5094 κόσμους
1076 5043 1093 5076 ι
1149 5021 1254 5094 ἆρα
1289 5026 1364 5087 ὡς
1415 5026 1508 5077 καὶ
1532 5025 1710 5077 αὐτῶν
1739 5027 1805 5077 τά

242 5120 468 5188 σώματα
495 5121 560 5170 ἐκ
583 5116 673 5171 τοῦ
709 5116 937 5185 οὐρανοῦ
966 5116 1218 5184 ἐχόντων,
1249 5117 1360 5168 ἀλλ’
1387 5117 1484 5169 οὑκ
1512 5118 1574 5168 ὲκ
1604 5115 1805 5186 ταύτης

238 5212 332 5277 τῆς
360 5209 614 5271 κτίσεως,
664 5210 696 5276 ἢ
742 5207 816 5270 ὼς
837 5206 916 5277 μὴ
963 5209 1031 5260 τὰ
1059 5206 1151 5260 τοῦ
1195 5209 1396 5275 κόσμου
1444 5207 1803 5275 φρονούντων,

240 5298 357 5352 εἷπε
393 5301 550 5350 τοῦτο
578 5299 606 5350 ὁ
637 5298 836 5364 Κύριος
862 5315 876 5360 ;
909 5298 1178 5368 Πρόδηλον
1205 5300 1440 5365 πάντως,
1470 5301 1691 5352 ὅτιλὲπεὶ
1733 5302 1806 5371 μὴ

239 5395 304 5442 τὰ
334 5390 461 5442 τοῦν
485 5390 691 5458 κόσμου
723 5389 1004 5461 ἐφρόνουν,
1045 5389 1236 5442 τούτου
1256 5391 1438 5442 ἕνεκεν
1470 5391 1626 5442 τοῦτο
1672 5394 1806 5458 πρῦς

240 5488 433 5547 αζτοῦς
465 5480 637 5536 εἶπεν.
679 5482 862 5543 Οῦτως
888 5481 978 5535 οῦν
1010 5484 1223 5550 νοητὲον
1256 5485 1348 5536 καὶ
1374 5468 1452 5549 τὸ,
1487 5502 1504 5534 ι
1543 5483 1681 5548 Ἐγὼ
1707 5486 1805 5536 οὐκ

241 5581 353 5644 εἰμὶ
386 5581 448 5631 ὲκ
492 5576 587 5629 τοῦ
635 5578 869 5646 κόσμου·
915 5593 933 5626 ι
977 5578 1273 5637 τουτέστιν,
1313 5578 1425 5629 ωύκ
1475 5580 1587 5646 εἰμὶ
1622 5578 1697 5637 ὡς
1725 5572 1804 5639 εἷς

317 5735 338 5765 ⁶
375 5734 540 5786 lCor.
569 5749 656 5796 xv,
694 5734 782 5788 47.
859 5735 878 5766 ⁷
919 5733 1075 5788 Joan.
1102 5750 1190 5797 xv,
1236 5734 1318 5787 lt).

1397 5733 1416 5765 ⁸
1452 5732 1608 5787 Βυιιτ.
1653 5750 1764 5794 vui,
1808 5733 1860 5785 9.

1913 4471 2072 4524 homo
2093 4469 2350 4524 Dominus
2374 4471 2436 4524 de
2458 4472 2649 4527 rtelo‘.
2675 4492 2692 4523 ι
2719 4473 2855 4538 Quid
2882 4475 3041 4543 igitur
3056 4485 3141 4528 est
3160 4477 3481 4529 dicendum?

1912 4559 2048 4613 Num
2086 4564 2417 4631 interrogare
2463 4572 2675 4633 Oportet
2720 4565 2867 4619 illum
2904 4567 3174 4635 quomodo
3214 4567 3475 4634 intelligat

1911 4655 2052 4722 quod
2086 4657 2150 4709 ad
2175 4656 2444 4721 apostolos
2474 4671 2500 4708 a
2532 4656 2756 4708 Domino
2780 4658 2997 4720 dicitur,
3029 4677 3045 4708 ι
3078 4659 3185 4712 υνυς
3217 4675 3319 4710 non
3351 4670 3431 4712 est
3454 4675 3479 4713 s

1910 4764 1972 4802 ex
2025 4750 2123 4803 hoc
2174 4751 2371 4801 mundo
2400 4749 2456 4800 7?
2500 4767 2518 4799 ι
2563 4766 2686 4802 num
2727 4761 2779 4802 ct
2814 4752 2883 4802 illi
2927 4766 3119 4817 (ποι-ρης
3179 4752 3479 4804 habuerunt

1913 4841 2148 4905 caeleste,
2188 4851 2238 4894 et
2274 4857 2378 4893 non
2405 4840 2565 4908 hujus
2612 4843 2941 4895 creationis?
2965 4844 3045 4896 vel
3083 4845 3222 4911 quod
3254 4860 3356 4896 non
3387 4858 3476 4896 εει·-

1911 4933 2185 5001 ρὶθιιιιιυω
2213 4933 2369 4997 hujus
2398 4931 2579 4985 mttndi
2598 4941 2738 4994 sunt,
2765 4933 2897 4985 dixit
2922 4934 3023 4985 hoc
3047 4931 3336 4986 Dominus?
3371 4931 3481 4985 Ma-

1911 5025 2158 5080 nifestum
2187 5026 2326 5094 quod
2361 5024 2502 5088 ideo,
2535 5025 2663 5094 quia
2690 5039 2797 5078 non
2827 5026 3111 5093 sapiehant
3142 5040 3261 5094 quae
3315 5025 3476 5093 hujus

1911 5118 2113 5171 mundi.
2157 5116 2234 5170 Ita
2267 5125 2322 5171 et
2367 5132 2506 5171 nunc
2539 5116 2965 5185 intelligendum,
3005 5133 3023 5165 ι
3063 5116 3173 5184 Ego
3205 5130 3310 5169 non
3356 5131 3474 5169 sum

1909 5207 1976 5262 de
2027 5209 2126 5263 hoc
2184 5211 2406 5276 mundo,
2445 5228 2462 5260 ι
2496 5208 2658 5278 620
2683 5208 2785 5261 hoc
2817 5217 2916 5271 est,
2951 5223 3058 5261 non
3089 5222 3203 5262 sum
3241 5222 3378 5261 unus
3409 5223 3475 5260 ex

1917 5301 2089 5365 vobis,
2147 5304 2238 5371 qui
2285 5304 2554 5356 mundana
2597 5303 2784 5370 sapitis
2842 5303 3031 5357 :sicut
3065 5308 3118 5355 ct
3171 5299 3364 5354 Paulus
3408 5303 3472 5352 ad

1912 5391 2172 5458 quosdam
2196 5391 2401 5453 dicens,
2428 5408 2446 5441 ι
2473 5389 2587 5444 Non
2621 5391 2751 5444 estis
2773 5391 2824 5443 in
2865 5405 3026 5444 carne
3047 5389 3089 5455 ⁸,
3125 5408 3143 5441 ι
3177 5405 3278 5442 non
3308 5390 3478 5443 incor-

1913 5497 2102 5548 pnreos
2124 5497 2214 5535 eos
2238 5498 2354 5536 esse
2377 5484 2523 5550 dicit,
2557 5484 2649 5538 sed
2679 5493 2904 5537 testatur
2927 5485 3193 5551 quomodo
3220 5482 3473 5535 \‘irltltum

1913 5576 2139 5628 studiosi
2180 5578 2304 5638 sint.
2353 5587 2404 5630 rt
2436 5593 2462 5630 τι
2537 5577 2844 5631 carnalibus
2885 5577 3258 5629 all'cctienit-us
3295 5574 3473 5626 lihezi.

315 5853 392 5910 (τε)
443 5855 638 5908 Binan
690 5853 977 5908 int-eniam.
1047 5852 1345 5907 Asiititium
1423 5872 1484 5909 ex
1542 5858 1713 5925 capite
1767 5869 1873 5917 ιιι,
1916 5869 1961 5909 v,
1997 5853 2080 5907 Si.
