4256 6446
229 403 289 469 Ωιι
863 405 1302 468 ENARRATIO
1343 402 1422 466 ΙΝ
1474 403 1964 465 EVANGELIUM
2006 405 2339 468 JOANNIS.
2371 433 2437 445 -
2474 408 2631 470 CAP.
2674 407 2832 472 VIII.
3398 405 3472 466 2’2

310 538 328 570 ε
365 514 532 572 εἶπεν
579 515 672 570 οὖν
699 517 876 580 αὐτοῖς
905 519 932 571 ὁ
973 517 1205 587 Ἰησοῦς·
1240 517 1408 568 Ὅταν
1435 515 1684 585 ὑψώσητε
1715 514 1803 567 τδν
1837 519 1873 573 Α
1977 515 1991 550 l

1792 531 1803 565 ν
1837 519 1873 573 Α
1977 515 2142 571 Vens.
2172 516 2261 582 28,
2295 517 2383 572 29.
2433 537 2452 569 ι
2488 517 2630 571 Dixit
2666 533 2796 587 ergo
2834 514 2990 572 Jesus
3039 535 3050 571 :
3102 514 3234 569 Cum
3269 516 3473 568 exalta-

234 613 359 664 Υίὸν
388 610 484 663 τοῦ
514 609 824 674 ἀνθρώπου,
879 610 998 661 τότε
1029 608 1327 676 γνώσεσθε,
1381 608 1463 665 ὅτι
1518 607 1628 674 ἐγώ
1666 608 1802 673 ειμι,

233 707 323 755 καὶ
349 702 443 754 ἀπ’
473 701 710 770 ἐμαυτοῦ
742 701 881 752 ποιῶ
926 702 1098 764 οὐδὲν,
1134 701 1268 752 ἀλλὰ
1294 698 1474 762 καθὼς
1493 697 1698 762 ὶδίδαξὲ
1728 713 1803 765 με

230 795 258 844 δ
289 793 479 860 Πατήρ
516 810 635 861 μου,
673 791 843 844 ταῦτα
872 791 1040 853 λαλῶ,
1087 792 1179 842 καὶ
1213 792 1241 843 ό
1287 790 1508 859 πεμψας
1538 806 1630 858 με,
1688 789 1805 857 μετ’

233 886 366 952 ἐμοῦ
401 887 566 937 ἐστιν.
597 885 708 936 Οὐκ
751 882 927 950 ἀφῆκε
965 899 1030 950 με
1063 883 1221 950 μόνον
1250 885 1278 935 ὀ
1329 883 1535 951 Πατὴρ,
1587 883 1666 933 ὃτι
1697 879 1808 946 ἐγὼ

232 979 300 1029 τὰ
350 979 556 1046 ἀρεστὰ
636 976 784 1045 αὑτῷ
826 975 962 1028 ποιῶ
1024 973 1276 1029 πάντοτε.
1309 993 1328 1025 ι
1388 972 1607 1042 Ἐπειδὴ
1637 972 1806 1025 πολλὰ

235 1071 436 1135 σημεῖα
467 1069 700 1136 ποιήσας
748 1069 848 1120 οὐκ
881 1067 1230 1120 ἐπεσπάσατο
1269 1063 1515 1127 τούτους,
1547 1065 1676 1133 περὶ
1710 1064 1805 1116 τοῦ

235 1159 472 1228 σταυροῦ
505 1162 689 1222 αὑτοίς
732 1159 1060 1226 διαλέγεται.
1125 1159 1317 1227 Ὑμεῖς
1353 1159 1452 1224 μὲν
1484 1157 1614 1225 γὰρ,
1648 1156 1803 1226 φησὶ,

235 1253 357 1304 τότε
389 1251 569 1314 δόξετε
615 1252 951 1305 ὲνπαντελεϊ
986 1251 1291 1320 ἁμεριμνίᾳ
1320 1246 1480 1314 εἶναι,
1507 1253 1600 1302 καὶ
1625 1251 1801 1302 ἀπαλ-

235 1344 469 1412 λαγῆναί
509 1362 629 1412 μου,
677 1345 764 1398 ὅτε
790 1345 988 1415 δηλαδή
1046 1362 1110 1414 με
1141 1345 1513 1413 σταυρώσετε.
1582 1343 1721 1410 Ἐγὼ
1751 1344 1808 1397 δὲ

241 1437 406 1500 λέγω,
436 1439 517 1488 ὅτι
553 1459 569 1486 ε
603 1436 898 1504 γνώσεσθε,
931 1439 1010 1491 ὃτι
1037 1438 1148 1504 ἐγὼ
1168 1438 1282 1506 ειμι
1311 1453 1326 1467 °
1359 1456 1377 1488 ι
1449 1437 1746 1497 τουτέστιν,
1783 1437 1810 1489 δ

238 1529 474 1596 Χριστὶς
524 1533 550 1581 6
603 1529 727 1588 Υἱὸς
782 1529 874 1582 τοῦ
933 1529 1090 1593 Θεοῦ,
1136 1532 1164 1582 ὁ
1196 1533 1262 1591 τὰ
1288 1529 1463 1586 πάντα
1491 1528 1672 1598 φέρων
1713 1529 1806 1581 καὶ

240 1624 408 1686 ἄγων,
447 1622 539 1673 καὶ
563 1622 642 1673 ὅτι
675 1624 773 1674 οὐκ
807 1622 1042 1684 ἐναντίος
1069 1622 1184 1686 εἰμὶ
1215 1621 1292 1690 τῷ
1324 1621 1517 1690 Πατρὶ,
1561 1621 1680 1673 οὐδὲ
1711 1620 1804 1673 ἀπ’

242 1713 477 1778 ἐμαυτοῦ
526 1713 664 1764 ποιῶ
688 1755 701 1776 ,
757 1715 787 1780 ἦ
821 1713 1002 1766 λαλῶ⁶
1053 1715 1112 1765 οὐ
1143 1714 1252 1782 γὰρ
1287 1713 1393 1781 ἔχω
1423 1713 1550 1766 [διον
1595 1713 1806 1780 θέλημα

243 1807 644 1872 κεγωρισμένον
674 1805 765 1857 τοῦ
801 1804 1092 1876 [ἰατρικοῦ.
1115 1806 1236 1868 Πῶς
1261 1804 1314 1858 δὲ
1345 1805 1564 1874 ἔμελλον
1597 1804 1798 1872 γνῶναι
1831 1829 1834 1831 λ

1912 609 2099 660 veritis
2127 607 2321 662 Filium
2359 610 2612 669 h0minis.
2644 621 2768 662 tunc
2821 608 3155 678 cognoscetis
3200 607 3342 675 quod
3372 621 3472 672 ego

1908 699 2030 761 sim,
2057 709 2108 751 et
2143 713 2170 751 a
2213 702 2415 768 meipso
2448 699 2638 753 faciam
2674 698 2828 761 nihil,
2866 700 2956 752 sed
2991 698 3063 751 ita
3089 708 3143 751 ut
3172 698 3351 752 docuit
3385 711 3471 748 me

1909 786 2086 849 Pater,
2125 790 2233 843 haec
2283 790 2494 860 loquor,
2546 801 2598 843 et
2655 791 2744 853 qui
2781 805 2861 843 me
2915 790 3081 852 misit,
3119 803 3325 841 mecum
3367 796 3466 841 est.

1907 878 2020 932 Non
2051 881 2264 946 reliquit
2295 896 2377 934 me
2407 882 2576 933 solum
2615 880 2792 944 Pater,
2825 881 2946 947 quia
2991 895 3090 945 ego
3123 895 3240 947 qua:
3275 879 3468 946 placita

1909 971 2126 1033 Sutttei,
2159 971 2296 1024 lacio
2341 985 2574 1038 semper.
2616 990 2632 1022 ι
2670 971 2959 1040 Postquam
2992 969 3155 1023 multa
3185 969 3334 1040 signa
3388 969 3470 1022 eis

1906 1059 2052 1123 fecit,
2085 1068 2260 1113 etnon
2300 1061 2520 1114 attraxit
2549 1061 2683 1123 illos,
2728 1075 2867 1113 nunc
2902 1060 2968 1113 de
3005 1073 3168 1113 cruce
3199 1073 3320 1112 cum
3379 1059 3459 1112 eis

1903 1152 2163 1218 loquitur.
2205 1151 2309 1205 Vos
2339 1151 2504 1213 enim,
2527 1151 2722 1220 inquit,
2763 1161 2888 1206 tunc
2920 1151 3176 1218 putabitis
3197 1164 3288 1201 vos
3319 1160 3468 1203 extra

1906 1256 2117 1296 omnem
2138 1241 2548 1295 sollicitudinem
2561 1249 2612 1294 et
2632 1251 2824 1293 metum
2845 1244 3034 1306 fore,et
3049 1256 3078 1294 a
3099 1256 3181 1295 me
3197 1241 3469 1304 liberatos,

1907 1348 2027 1389 eum
2052 1348 2136 1386 me
2167 1333 2544 1388 crucifixeritis
2575 1353 2587 1387 :
2621 1348 2720 1402 ego
2748 1343 2924 1387 autem
2953 1335 3070 1387 dicc
3106 1335 3246 1402 quod
3287 1351 3306 1383 ε
3342 1343 3472 1385 tunc

1907 1425 2085 1480 scietis
2110 1427 2248 1493 quod
2279 1441 2376 1496 ego
2406 1442 2554 1492 sum;
2584 1448 2599 1477 ν
2631 1429 2730 1481 hoc
2759 1441 2859 1490 est,
2901 1427 3148 1480 Chrisms
3177 1425 3339 1479 Filius
3357 1426 3468 1487 Dei,

1906 1517 1996 1585 qui
2039 1517 2219 1570 omnia
2275 1526 2428 1587 porto
2465 1530 2516 1572 et
2551 1521 2707 1581 duco,
2762 1529 2816 1573 et
2847 1534 2950 1572 non
3009 1533 3126 1572 sum
3165 1519 3470 1570 contrarius

1907 1609 2073 1672 Patri,
2118 1623 2287 1679 neque
2336 1627 2363 1665 a
2419 1613 2738 1679 memetipso
2791 1613 2926 1665 facio
2975 1610 3059 1664 vel
3100 1611 3324 1678 loquor:
3363 1624 3469 1662 non

1903 1706 2044 1754 enim
2082 1705 2252 1757 habeo
2304 1705 2630 1758 voluntatem
2667 1705 2935 1772 propriam
2962 1713 3264 1770 separatam
3308 1717 3336 1754 a
3373 1716 3470 1754 vo—

1907 1795 2106 1848 luntate
2124 1793 2320 1849 Patris.
2347 1795 2624 1860 Quomodo
2642 1805 2816 1848 autem
2846 1795 3112 1863 cognituri
3144 1803 3268 1848 sunt
3298 1797 3468 1862 ipsum

241 1897 403 1947 αὖτζν
449 1899 503 1946 ὲν
548 1897 626 1963 τῷ
657 1897 904 1966 σταυρῷς
953 1898 1085 1950 Ἀπὸ
1111 1898 1215 1950 τῶν
1251 1899 1490 1966 σημείων
1517 1897 1625 1949 τῶν
1649 1912 1798 1964 τηνι⁹
1827 1877 1873 1935 Β
1902 1885 1914 1936 ῖ

1786 1927 1798 1937 .
1827 1877 1873 1935 Β
1902 1885 1953 1939 in
1985 1887 2175 1940 cruce?
2194 1889 2235 1940 A
2268 1889 2434 1957 signis
2461 1903 2581 1957 qua:
2601 1897 2726 1942 tunc
2755 1890 2904 1951 (ient,
2927 1899 2976 1942 et
3001 1902 3030 1940 a
3055 1887 3467 1950 resurrectione,

241 1987 436 2050 καῦτα,
465 1988 570 2039 ἀπὸ
597 1988 695 2055 τῆς
719 1990 1062 2050 ἀναστάσεως
1093 1990 1297 2055 καὶτῆς
1331 1989 1602 2050 ἁλώσεως.
1627 1987 1808 2041 Ταῦτα

242 2081 350 2144 γὰρ
407 2080 584 2130 πάντα
637 2079 793 2131 [κανὰ
853 2075 918 2149 ἦν
978 2081 1214 2149 ἐμφῆναι
1267 2080 1365 2147 τὴν
1421 2081 1572 2149 ἰσχὺν
1620 2079 1808 2134 αὑτοῦ.

257 2169 560 2237 {tus/nepa
574 2173 748 2221 τοίνυν
774 2172 1066 2237 γνώσεσθε,
1091 2175 1182 2224 καὶ
1207 2173 1305 2239 τὴν
1347 2173 1497 2241 ἰσχὺν
1520 2175 1618 2241 τὴν
1651 2173 1806 2241 ἐμὴν,

244 2262 368 2312 ὅταν
407 2261 756 2330 σταυρὼσητέ
783 2281 871 2330 με,
915 2267 1004 2315 καὶ
1026 2265 1123 2334 τὴν
1152 2266 1402 2331 ὁμόνοιαν
1438 2265 1535 2326 τὴν
1557 2268 1689 2335 πρὸς
1717 2265 1808 2317 τὸν

248 2353 483 2422 Πατέρα.
541 2356 614 2407 Οὐ
639 2355 744 2423 γὰρ
775 2357 835 2407 ἂν
867 2358 893 2407 δ
921 2356 1104 2424 Πατὴρ
1201 2356 1473 2426 ἐξεδίκησὲ
1504 2375 1590 2422 με,
1626 2374 1808 2409 tae:-

246 2444 366 2504 δοὺς
427 2445 527 2514 τὴν
561 2445 709 2496 πόλιν
745 2446 897 2512 ὑμῶν
949 2449 1057 2508 τοῖς
1091 2447 1405 2514 Ῥωμαίοις,
1437 2447 1468 2515 ἢ
1507 2449 1705 2515 σημεῖα
1753 2449 1808 2498 ὲν

247 2536 320 2603 τῷ
361 2536 578 2604 σταυρῷ
617 2537 882 2599 ἐπετέλει,
919 2539 964 2587 εί
1005 2539 1078 2606 μὴ
1137 2538 1260 2598 Υἱὸς
1310 2540 1457 2606 ἤμην
1498 2537 1682 2599 αὐτοῦ,
1716 2538 1809 2590 καὶ

245 2626 604 2694 ὁμογνώμων,
646 2628 760 2679 ἀλλ’
813 2629 909 2680 οὐκ
954 2628 1213 2690 ἀντίθεος.
1263 2630 1394 2680 Τότε
1443 2625 1534 2680 οὖν
1578 2628 1809 2692 εἴσεσθε,

247 2719 324 2770 ὅτι
353 2721 453 2769 ὅσα
502 2719 734 2771 διδάσκω
779 2720 869 2770 καὶ
904 2720 1073 2788 λέγω,
1135 2720 1226 2771 ἀπ’
1265 2721 1472 2772 ἐκείνου
1533 2721 1661 2781 εἰσὶ,
1694 2720 1811 2772 θεῖα

247 2810 464 2872 πάντως
487 2813 581 2861 xii
613 2810 746 2863 Θεοῦ
779 2813 1017 2881 ῥήματα,
1068 2812 1163 2864 καὶ
1209 2812 1308 2864 οὐκ
1357 2813 1485 2881 ἐμὴ,
1531 2812 1665 2864 ἀλλὰ
1717 2810 1808 2864 τοῦ

247 2901 567 2968 πέμψαντός
611 2918 695 2969 με.
738 2900 867 2955 Εἶτα
892 2904 976 2955 ἴνα
1008 2903 1081 2972 μὴ
1124 2904 1436 2972 νομίσωσιν,
1468 2905 1548 2955 ὃτι
1581 2905 1640 2955 τὸ
1668 2921 1809 2969 ττεμ-

247 2989 447 3055 φθῆναι
505 2992 596 3042 καὶ
652 2992 1018 3060 ἀποσταλῆναι
1071 2992 1258 3060 ὕφεσιν
1293 2994 1458 3062 δηλοῖ,
1493 2995 1677 3062 φησιν,
1730 2995 1809 3046 ὅτι

255 3098 273 3130 ι
320 3081 378 3131 '0
417 3082 607 3150 Πατήρ
644 3101 744 3150 μου
804 3083 919 3150 μετ’
953 3083 1087 3152 ἐμοῦ
1120 3086 1285 3136 ἐστιν.
1313 3103 1331 3134 ι
1361 3085 1421 3137 El
1448 3087 1555 3151 γὰρ
1586 3087 1680 3138 καὶ
1706 3087 1810 3138 ἁπιι

1910 1990 1962 2032 et
1994 1979 2303 2046 captivitate
2335 1996 2348 2032 :
2385 1982 2562 2034 omnia
2595 1981 2737 2035 enim
2771 1981 2883 2035 lucc
2923 1990 3169 2050 poterant
3197 1979 3471 2033 declarare

1910 2071 2028 2139 ejus
2065 2071 2455 2126 fortitudinem.
2491 2073 2789 2141 Utrumque
2827 2075 2988 2142 igitur
3041 2074 3240 2136 scietis,
3281 2082 3335 2124 et
3363 2070 3465 2124 fore

1914 2165 2190 2216 titudinem
2237 2181 2408 2218 meam
2462 2168 2676 2234 quando
2707 2166 3080 2219 cruciﬁxeritis
3124 2179 3228 2225 me,
3261 2174 3312 2216 rt
3343 2179 3472 2216 cnn-

1910 2257 2146 2308 cordiam
2175 2271 2345 2309 meam
2384 2273 2504 2309 cum
2539 2256 2713 2311 Patre.
2748 2255 2928 2326 Neque
2958 2271 3098 2311 etum
3132 2254 3285 2308 Pater
3329 2255 3469 2310 ultus

1909 2355 2051 2397 esset
2083 2361 2164 2400 me
2213 2349 2332 2400 data
2367 2347 2584 2400 civitate
2643 2357 2819 2401 vestra
2875 2346 3149 2410 Romanis,
3187 2345 3265 2398 vel
3319 2345 3470 2412 signa

1912 2437 1963 2488 in
1998 2451 2157 2491 cruce
2188 2436 2425 2500 fecisset,
2456 2439 2552 2491 nisi
2584 2437 2749 2492 Filius
2778 2439 2893 2507 ejus
2923 2453 3118 2496 essem.
3151 2449 3200 2490 et
3230 2437 3468 2505 ejusdem

1913 2527 2209 2588 sententiae,
2247 2539 2299 2580 et
2347 2543 2450 2580 non
2498 2531 2820 2583 contrarius.
2867 2529 3020 2584 Tunc
3066 2529 3229 2598 igitur
3288 2528 3471 2581 scietis

1912 2620 2052 2689 quod
2077 2622 2376 2687 qua'dnceo
2399 2631 2452 2673 et
2476 2623 2615 2684 dico,
2647 2623 2712 2676 ab
2743 2622 2834 2674 illo
2865 2623 2991 2686 sint,
3025 2623 3200 2674 divina
3227 2622 3467 2683 omnino,

1912 2723 1961 2765 et
1992 2713 2150 2764 verba
2201 2710 2290 2765 Dei
2319 2730 2331 2765 :
2359 2729 2420 2765 ac
2462 2729 2563 2766 non
2601 2727 2739 2776 mea,
2796 2715 2890 2768 sed
2915 2714 3030 2783 cjus
3058 2713 3144 2780 qui
3185 2712 3324 2766 misit
3364 2727 3466 2764 me.

1915 2801 2112 2857 Deinde
2136 2815 2268 2857 utne
2289 2807 2649 2874 putentquod,
2680 2805 2896 2860 missum
2919 2818 3059 2868 esse,
3087 2804 3473 2872 subjectionem

1913 2901 2200 2971 significet,
2234 2901 2366 2955 dicit
2407 2922 2419 2955 :
2455 2919 2471 2952 ι
2513 2902 2667 2955 Pater
2695 2917 2844 2955 mens
2881 2916 3086 2954 mecum
3116 2910 3218 2954 est.
3256 2919 3274 2951 ι
3336 2898 3468 2953 Nam

1913 2991 2158 3060 quamvis
2204 2993 2411 3044 miserit
2458 3006 2541 3044 me
2584 3003 2638 3042 ttt
2663 2991 2951 3050 hominem,
2978 3003 3083 3043 non
3110 2999 3282 3042 tamen
3310 3003 3434 3058 sepa
3455 3018 3469 3028 -

1920 3092 2070 3136 ratus
2101 3097 2217 3135 sum
2268 3081 2334 3135 ab
2362 3095 2447 3143 eo.
2483 3082 2574 3136 sed
2609 3097 2816 3136 mecum
2849 3080 2937 3134 ille
2964 3091 3066 3144 est,
3099 3091 3154 3134 ul
3181 3081 3320 3135 Deus
3350 3098 3472 3136 cum

252 3172 457 3223 έστειλέ
493 3189 558 3239 με
605 3172 679 3231 ὡς
723 3174 1028 3242 ἄνθρωπον,
1086 3174 1199 3226 ἀλλ’
1240 3174 1332 3228 οὖν
1364 3177 1465 3228 οὐκ
1511 3176 1810 3247 ἑχωρίσθην
1839 3205 1882 3267 C
1919 3175 1933 3228 I

1787 3196 1810 3228 ν
1839 3205 1882 3267 C
1919 3175 2047 3229 Deo.
2077 3173 2140 3227 Et
2183 3175 2374 3227 iterum
2417 3174 2480 3227 ad
2511 3174 2793 3228 humiliora
2827 3188 3126 3227 sermonem
3179 3175 3468 3236 deducens,

251 3264 438 3325 αὑτοῦ,
485 3264 620 3316 ἀλλὰ
669 3266 783 3333 μετ’
828 3267 958 3334 ἐμοῦ
993 3269 1160 3329 ἐστιν,
1190 3268 1264 3328 ὡς
1293 3267 1422 3326 Θεὸς
1449 3266 1565 3337 Θεῷ
1623 3268 1814 3322 συνών.

264 3354 393 3406 Ἐπί
422 3359 483 3407 τὸ
533 3357 913 3423 ταπεινότερον
950 3359 1005 3410 δὲ
1037 3357 1195 3409 πάλιν
1233 3359 1324 3410 τὸν
1351 3358 1508 3421 λόγον
1541 3360 1813 3426 κατάγων,

253 3447 406 3514 φησι,
449 3465 468 3497 ι
505 3448 614 3498 Καὶ
645 3448 740 3498 οὐκ
772 3448 945 3515 ἀφῆκέ
983 3466 1046 3516 με
1071 3449 1248 3515 μόνον,
1280 3451 1359 3500 ὅτι
1389 3448 1499 3516 ἐγὼ
1524 3451 1589 3502 τὰ
1615 3453 1817 3520 ἀρεστὰ

255 3534 402 3600 αὑτῴ
433 3535 586 3586 ποιῶ.
605 3554 622 3584 ι
659 3536 755 3586 Διὰ
783 3539 906 3597 τοὺς
930 3537 1208 3598 Ἰουδαίους
1229 3538 1283 3589 δὲ
1305 3538 1472 3590 ταῦτα
1493 3539 1560 3591 τὰ
1592 3545 1817 3593 ταπεινὰ

256 3629 572 3694 φθέγγεται.
614 3631 763 3681 Ἐπεὶ
786 3630 890 3698 γὰρ
921 3631 1100 3694 ἔλεγον
1126 3633 1340 3689 ἐκεῖνοι,
1369 3633 1448 3685 ὅτι
1481 3650 1499 3683 r
1529 3634 1638 3687 Οὐκ
1673 3634 1817 3686 ἔστιν

255 3721 317 3770 ἐκ
348 3721 442 3772 τοῦ
494 3719 649 3780 Θεοῦ,
703 3722 783 3772 ὅτι
837 3721 894 3772 τὸ
927 3721 1200 3772 Σὰεὸατον
1233 3722 1292 3772 οὑ
1332 3726 1517 3792 τηρεῖ·
1556 3742 1574 3773 ν
1619 3725 1813 3792 φησίνο

256 3816 376 3866 Ὀτι
410 3815 477 3866 τὰ
508 3813 710 3882 ἀρεστὰ
742 3813 886 3879 αὖτῷ
910 3812 1065 3863 ποιῶ.
1091 3832 1106 3861 ο
1147 3813 1304 3864 Ὥστε
1336 3813 1437 3866 κᾶν
1463 3814 1522 3865 τὸ
1548 3815 1817 3868 Σάϐϐατον

258 3907 388 3967 λύω,
426 3906 653 3972 ἀρεστὸν
676 3904 822 3972 αὐτῷ
849 3904 1006 3955 τοῦτο
1065 3905 1155 3955 Ἐκ
1179 3905 1380 3956 τούτοιν
1413 3905 1467 3958 δὲ
1499 3906 1604 3958 τῶν
1632 3923 1819 3960 ταπει-

257 3997 363 4046 νῶν
400 3997 658 4063 ρτμὰτων
686 3997 845 4055 αὐτὸς
886 3997 983 4061 μὲν
1018 3995 1164 4046 οὐδὲν
1197 3996 1513 4060 ἐλυμαίνετο
1542 4000 1606 4066 τῇ
1638 3999 1813 4068 οἰκείᾳ

257 4084 406 4151 δόξῃ,
440 4086 552 4142 τοῖς
587 4083 639 4132 δὲ
666 4084 952 4135 ἁκούουσιν
982 4082 1246 4147 ὠψέλειαν
1274 4084 1467 4146 ἐποίει,
1525 4085 1720 4152 μᾶλλον
1763 4087 1818 4139 δὲ

260 4175 354 4225 καὶ
373 4175 470 4238 τὴν
491 4173 644 4234 δόξαν
666 4171 827 4224 αὑτοῦ
858 4174 1072 4224 συνίστα
1101 4173 1187 4224 διὰ
1215 4173 1423 4226 τούτου.
1446 4175 1508 4227 Ol
1524 4177 1630 4243 γὰρ
1654 4178 1819 4228 ἁκού-

257 4282 407 4323 οντες
430 4263 596 4314 αὑτοῦ
628 4267 800 4315 πάντα
821 4266 897 4322 είς
921 4267 1009 4314 τὸν
1030 4263 1244 4331 Πατέρα
1278 4265 1655 4332 ἀναφέροντος,
1692 4267 1818 4335 μᾶλο

261 4355 352 4404 λον
386 4353 535 4420 αὐτῷ
598 4351 992 4420 προσετίθεντο,
1042 4354 1136 4404 καὶ
1189 4352 1470 4404 ἐπίστευον
1518 4356 1596 4415 είς
1626 4357 1812 4408 αὐτόν·

259 4445 398 4498 ὥστε
433 4444 502 4496 τὰ
553 4443 780 4495 ταπεινᾶ
842 4443 1040 4510 μᾶλλον
1087 4443 1251 4510 ὕψουν
1293 4445 1473 4498 αὐτόν.
1549 4446 1711 4515 ὐρᾷς
1750 4445 1818 4499 τὰ

262 4533 664 4602 κατορθώματα
689 4533 785 4598 τῆς
816 4532 1089 4600 μακαρίας
1136 4535 1553 4597 ταττῖινώσεωςς
1597 4535 1715 4587 Ὀτι
1762 4536 1819 4590 δὲ
1852 4555 1895 4610 ο

260 4623 430 4675 ταῦτα
465 4622 631 4682 οὕτως
664 4622 795 4688 ἔχει,
823 4623 983 4674 ἄκουε
1017 4623 1123 4673 τῶν
1147 4623 1362 4691 ἑφεξῆς.

341 4735 357 4765 ε
394 4714 582 4767 Ταῦτα
607 4716 768 4765 αὐτοῦ
813 4714 1114 4776 λαλοῦντος,
1149 4716 1328 4767 πολλοὶ
1371 4716 1695 4770 ἐπίστευσαν
1740 4719 1816 4781 είς

265 4808 446 4859 αὐτόν.
481 4805 704 4871 Ἔλεγεν
734 4800 825 4856 οὖν
855 4807 882 4856 ὁ
916 4804 1114 4873 Ἰησοῦς
1150 4806 1280 4874 πρὸς
1309 4809 1434 4869 τοὺς
1468 4810 1821 4861 πεπιστευκόο

263 4913 356 4950 τας
386 4896 538 4963 αὑτῷ
563 4895 842 4956 Ἰουδαίους
861 4910 874 4924 ⁸
917 4893 1042 4947 Ἐὰν
1073 4896 1224 4962 ὑμεῖς
1265 4898 1481 4967 μείνητε
1505 4901 1560 4950 ἐν
1580 4900 1657 4967 τῷ
1681 4901 1822 4970 λόγῳ

263 4989 339 5055 τῷ
372 4987 512 5057 ἐμῷ,
549 4985 761 5053 ἀληθῶς
808 4985 1043 5055 μαθηται
1091 5003 1192 5054 μου
1240 4988 1382 5052 ἐστὲ,
1429 4992 1522 5042 καὶ
1549 4990 1820 5056 γνώσεσθε

262 5082 361 5148 τὴν
394 5077 673 5147 ἀλήθειαν,
718 5076 814 5129 καὶ
864 5078 896 5142 ἠ
930 5077 1154 5145 ἀλήθεια
1204 5078 1554 5146 ἐλευθερώσει
1604 5082 1766 5150 ὑμᾶς.
1795 5101 1817 5135 ο

266 5172 443 5239 Ὅπερ
501 5165 672 5230 εἷπον,
726 5169 807 5219 ὅτι
841 5167 928 5218 διὰ
977 5167 1086 5219 τῶν
1119 5150 1517 5238 ταπεινοτέρων
1565 5175 1821 5242 ῥημάτων

269 5263 468 5330 μᾶλλον
501 5261 772 5328 ὑπήγοντο
796 5259 844 5309 oi
870 5259 1154 5326 ἀκροαταὶ,
1179 5261 1335 5314 τοῦτο
1363 5264 1453 5314 καὶ
1481 5266 1508 5316 ὁ
1533 5265 1818 5332 εὐαγγελι-

267 5356 394 5421 στὴς
425 5351 864 5416 ἐπισημαίνεται.
900 5367 918 5400 ι
953 5349 1132 5401 Ταῦτα
1161 5352 1286 5419 γὰρ,
1323 5354 1506 5422 φησὶν,
1536 5355 1698 5408 αὑτοῦ
1731 5358 1822 5408 λα-

267 5443 502 5502 ὶοῦντος,
553 5439 735 5491 πολλοὶ
781 5440 1134 5491 ἐπίστευσαν⁸
1176 5460 1194 5492 ι
1257 5442 1425 5494 ταῦτα
1475 5445 1542 5495 τὰ
1594 5448 1821 5500 ταπεινὰ

270 5541 509 5607 ῥήματα,
559 5535 655 5587 καὶ
704 5535 896 5598 ἀνάξια
933 5532 1092 5602 δῆθεν
1137 5535 1232 5600 τῆς
1265 5532 1421 5600 δόξης
1449 5533 1633 5586 αὐτοῦ.
1660 5535 1818 5589 Ὠστε

265 5626 562 5693 πανταχοῦ,
595 5627 724 5677 ὅταν
761 5625 962 5692 ἀκούῃς
985 5622 1146 5674 αὐτοῦ
1172 5625 1340 5690 μικρά
1373 5639 1491 5675 τινα
1517 5624 1607 5675 καὶ
1634 5625 1818 5694 εὐτελῆ

265 5720 394 5785 περὶ
433 5715 628 5768 ἑαυτοῦ
678 5714 944 5780 λέγοντος,
995 5716 1066 5782 μὴ
1111 5714 1364 5782 θορυὸοὖ.
1410 5715 1505 5765 Διὰ
1557 5716 1659 5782 γὰρ
1699 5718 1821 5779 τοϋς

264 5811 540 5878 ἀκροατὰς
580 5806 748 5861 ταῦτα
785 5808 1100 5874 φθέγγεται,
1140 5808 1210 5875 μὴ
1244 5807 1574 5875 δυναμένους
1628 5808 1818 5876 ὑψηλή-

1922 3268 2123 3334 inquit:
2161 3286 2179 3318 ι
2222 3267 2284 3319 Et
2309 3281 2412 3319 non
2455 3267 2648 3319 dimisit
2684 3281 2766 3318 me
2785 3278 2977 3328 solum,
3009 3266 3132 3334 quia
3155 3280 3245 3335 egc
3277 3267 3469 3335 placita

1919 3359 1993 3413 illi
2026 3358 2182 3413 facio.
2249 3378 2266 3410 ι
2309 3358 2531 3422 Pi-Opter
2578 3357 2788 3411 Iudaeos
2839 3368 3014 3411 autem
3097 3367 3202 3410 tam
3252 3357 3470 3410 humilia

1920 3455 2080 3506 verba
2111 3452 2363 3520 loquitur.
2392 3449 2524 3515 Quia
2558 3451 2698 3504 enim
2729 3449 2802 3502 illi
2833 3449 3082 3502 dicebant
3107 3449 3245 3516 quod
3279 3462 3381 3500 non
3404 3449 3475 3499 sit

1919 3560 1984 3599 ex
2029 3545 2154 3601 Deo.
2192 3547 2315 3612 quia
2350 3543 2640 3595 Sabbatum
2674 3556 2776 3593 non
2806 3550 3023 3595 servat:
3075 3541 3225 3603 dicit,
3275 3559 3292 3590 ι
3336 3539 3470 3604 Quia

1918 3654 2035 3707 qua-
2073 3639 2401 3706 beneplacita
2449 3647 2569 3690 sunt
2621 3636 2713 3698 illi,
2747 3635 2914 3701 facio;
2951 3655 2968 3687 ι
3014 3647 3066 3689 et
3109 3637 3179 3689 ita
3226 3638 3478 3704 quamvis

1923 3731 2214 3783 Sabbatutu
2261 3729 2485 3792 solvam,
2544 3729 2794 3796 placitqu
2852 3729 2949 3780 hoc
2997 3727 3068 3780 illi
3128 3737 3228 3780 est.
3268 3727 3342 3780 Ex
3391 3727 3476 3780 Itis

1922 3834 2099 3875 autem
2132 3821 2419 3873 humilibus
2445 3821 2618 3872 verbis
2656 3821 2767 3887 ipse
2803 3821 3018 3886 quidem
3058 3819 3188 3872 nihil
3248 3820 3469 3871 nocebat

1923 3931 2031 3969 sua:
2051 3914 2254 3982 gloriae,
2292 3913 2624 3965 auditoribus
2656 3925 2830 3964 autem
2866 3912 3141 3963 utilitatem
3172 3910 3420 3963 aderebat
3454 3927 3468 3963 :

1913 4007 2028 4059 imo
2073 4016 2125 4058 et
2165 4004 2385 4073 gloriam
2422 4018 2572 4054 suam
2618 4017 2709 4068 per
2741 4003 2849 4054 hac
2900 4002 3275 4054 constituebat.
3337 4000 3469 4053 Nam

1922 4097 2196 4148 audientes
2227 4111 2345 4146 eum
2375 4095 2511 4160 quod
2536 4095 2714 4145 omnia
2759 4094 2806 4144 iu
2840 4093 3044 4144 l‘atrem
3098 4094 3342 4153 referret,
3382 4096 3472 4144 ad-

1915 4187 2240 4255 jiciebantur
2286 4195 2338 4237 et
2393 4186 2685 4238 credebant
2714 4187 2762 4236 in
2802 4184 2972 4236 illum.
3027 4185 3090 4237 Et
3119 4186 3186 4237 ita
3249 4185 3468 4236 humilia

1920 4277 2088 4344 magis
2164 4274 2467 4328 exaltabant
2552 4275 2717 4328 illum.
2817 4273 2978 4327 Vides
3059 4289 3217 4342 Opera
3300 4275 3468 4327 lleula‘

1921 4367 2321 4422 humiliatiouis.
2375 4366 2438 4420 Et
2469 4365 2611 4435 quod
2646 4366 2759 4420 haec
2796 4367 2874 4420 sic
2925 4381 2984 4420 se
3039 4367 3291 4431 habeant,
3347 4370 3468 4419 audi

1922 4459 2218 4528 sequentia.

1995 4719 2154 4772 Vens.
2182 4718 2366 4772 ’.ΞΟ-52.
2403 4737 2421 4769 ι
2459 4719 2578 4773 Ιΐςιεε
2610 4720 2700 4773 illo
2745 4720 3013 4786 loquente,
3049 4720 3198 4772 multi
3233 4722 3471 4777 credide-

1921 4822 2046 4865 runt
2075 4812 2126 4863 in
2148 4825 2290 4863 eum.
2319 4809 2536 4864 Dicebat
2563 4825 2686 4878 ergo
2713 4809 2868 4864 Jesus
2898 4811 2961 4863 ad
2991 4825 3082 4863 eos
3110 4811 3201 4878 qui
3232 4815 3470 4866 credide-

1922 4914 2039 4956 rant
2066 4901 2418 4969 ipsi_.luda-os.
2448 4901 2500 4955 Si
2532 4916 2624 4955 vos
2655 4904 2958 4956 utanseritis
2988 4903 3038 4955 in
3062 4918 3307 4957 sermone
3330 4919 3468 4967 meo,-

1920 5009 2047 5049 vere
2092 4994 2338 5062 discipuli
2386 4995 2490 5047 mei
2524 4994 2672 5058 estis,
2709 5003 2763 5046 et
2796 4997 3132 5059 cognoscetis
3168 4998 3469 5058 veritatem,

1921 5093 1974 5138 ct
2002 5085 2199 5138 veritas
2231 5083 2431 5139 liberos
2466 5087 2647 5139 reddet
2675 5099 2782 5138 vos.
2828 5104 2845 5135 ι
2885 5084 2950 5140 Ut
2976 5087 3212 5141 dicebam
3239 5105 3332 5157 per
3372 5091 3468 5143 hu—

1923 5176 2066 5229 milia
2100 5179 2258 5231 Verba
2294 5177 2454 5247 622
2481 5178 2660 5244 plures
2689 5177 2970 5233 advenisse
2992 5180 3305 5243 auditores,
3324 5183 3393 5235 ita
3420 5196 3471 5235 et

1921 5269 2242 5337 evangelista
2268 5267 2549 5336 sigmticat.
2588 5285 2605 5316 ι
2656 5267 2776 5323 Haec
2815 5273 2976 5333 enim,
3033 5272 3224 5339 inquit,
3262 5273 3350 5326 illo
3396 5275 3471 5326 lo-

1921 5369 2136 5426 quente,
2185 5358 2333 5412 multi
2383 5357 2741 5411 crediderunt.
2785 5375 2802 5408 ι
2842 5357 2961 5413 llzcc
3011 5361 3226 5415 humilia
3268 5362 3468 5416 scilicet

1923 5450 2103 5510 verba,
2129 5459 2180 5502 et
2209 5448 2418 5516 indigna
2445 5448 2625 5516 gloriae
2663 5463 2771 5501 sua:
2797 5468 2809 5501 :
2851 5458 2902 5502 et
2929 5451 2997 5503 ita
3022 5467 3228 5521 semper
3257 5456 3470 5522 quando

1921 5541 2075 5592 audis
2114 5554 2232 5590 eum
2266 5552 2484 5605 parvum
2521 5537 2771 5604 quiddam
2797 5548 2850 5590 et
2886 5538 3083 5593 humile
3107 5545 3170 5594 de
3214 5557 3272 5596 se
3304 5543 3468 5611 loqui,

1924 5647 1987 5682 ne
2023 5631 2269 5683 turbaris.
2305 5628 2529 5696 Propter
2571 5629 2843 5682 auditores
2873 5630 3012 5683 enim
3047 5631 3168 5684 talia
3215 5634 3465 5702 loquitur,

1924 5735 2025 5771 nou
2060 5720 2294 5771 valentes
2318 5717 2594 5770 sublimius
2621 5717 2871 5784 quiddam
2897 5732 3105 5786 sapere,
3142 5722 3234 5774 sed
3282 5727 3466 5778 statim

1925 5811 2256 5864 f--r0t"tetttt-s.
2292 5809 2425 5873 Quid
2450 5818 2624 5863 autem
2652 5823 2756 5863 non
2774 5810 3037 5865 evenisset
3063 5813 3124 5868 iis
3145 5813 3239 5882 qui
3262 5816 3324 5868 ad
3346 5830 3484 5884 pros
