4256 6446
251 375 324 436 21)
897 372 1338 431 ENARRATIO
1370 371 1443 429 ΙΝ
1490 369 1988 430 EVANGELIUM
2024 370 2365 430 JOANNIS.
2404 395 2467 403 —
2496 370 2654 432 CAP.
2699 371 2870 434 VllI.
3418 369 3488 431 30

315 507 333 539 ι
374 483 537 540 Εἶπεν
565 487 749 546 αὐτοῖς
786 489 812 538 ὁ
845 486 1054 553 Ἰησοῦς
1081 501 1094 516 ο
1130 487 1189 538 Εἰ
1221 488 1248 538 ὁ
1277 487 1407 546 Θεὸς
1443 488 1623 555 πατὴρ
1660 487 1811 555 ὑμῶν
1841 495 1890 548 Α

1857 495 1890 547 ll
1993 489 2153 544 Vens.
2212 489 2394 551 42,45.
2434 508 2452 539 ι
2509 489 2651 542 Dixit
2695 488 2775 542 eis
2822 485 2978 540 Jesns
3011 523 3026 547 ,
3070 484 3124 538 Si
3162 484 3303 538 Deus
3335 493 3489 551 pater

237 575 330 648 ἦν,
357 579 606 646 ὴχαττιίτε
640 577 703 629 ἂν
731 576 851 644 ἐμέ.
889 576 1028 644 Ἐγὼ
1059 577 1165 647 γὰρ
1194 579 1256 632 ἐκ
1283 577 1374 630 τοῦ
1405 577 1539 630 Θεοῦ
1572 577 1812 645 ἐξῆλθον,

239 674 334 722 καὶ
366 671 506 738 ἥκω.
543 669 676 721 Οὐδὲ
710 669 820 736 γὰρ
851 668 944 719 ἀπ’
969 668 1204 736 ἐμαυτοῦ
1241 669 1492 738 ἐλήλυθα,
1533 668 1646 720 ἀλλ’
1670 669 1815 719 ἐκεῖ·

239 763 328 823 νός
374 777 439 830 με
479 760 820 813 ἀπέστειλεν.
859 759 956 810 Διά
996 759 1047 810 τί
1085 760 1182 827 τὴν
1220 759 1407 811 λαλιὰν
1445 760 1542 828 τὴν
1581 759 1716 828 ἐμὴν
1753 758 1813 810 ού

239 855 569 921 γινώσκετε;
597 853 722 904 Ὅτι
764 852 823 904 ού
871 850 1098 903 δύνασθε
1146 851 1363 904 ἀκούειν
1403 851 1494 903 τὸν
1532 851 1687 918 λόγον
1725 851 1815 903 τὸν

241 947 392 1014 ἐμόν.
421 964 437 997 ι
460 944 675 1012 Ἐπειδὴ
699 943 950 1008 ἐξέϐαλεν
971 943 1165 1005 αὐτοὺς
1184 943 1281 1010 τῆς
1309 943 1442 1012 πρὸς
1461 943 1548 993 τὸν
1565 942 1816 1012 Ἀϐραὰμ

240 1041 570 1108 οἰκειύτητος
589 1079 602 1098 ,
630 1038 784 1090 αὐτοὶ
815 1036 910 1090 ἐπὶ
934 1037 994 1088 τὸ
1025 1037 1207 1106 μεῖζον
1239 1036 1504 1106 ἀνέϐησαν
1523 1079 1536 1100 ,
1563 1038 1654 1088 τὸν
1685 1036 1816 1089 Θεὸν

243 1132 560 1200 ποιούμενοι
602 1129 838 1197 πατέρα.
876 1129 963 1191 Ὠς
1015 1128 1122 1196 γὰρ
1163 1127 1440 1181 ὠνείδισεν
1487 1128 1687 1190 αὐτοῖς,
1735 1129 1815 1180 ὅτι

246 1221 520 1290 μιαιφονοι
566 1220 742 1271 εἰσίν·
787 1219 942 1272 αὐτοὶ
989 1220 1178 1289 ὥσπερ
1224 1218 1815 1288 ὑπεραπολογούμενοι,

241 1317 322 1367 ὃτι
365 1317 452 1366 τὸν
497 1313 630 1366 Θεὸν
674 1311 970 1373 ἐκδικοῦσι,
1015 1313 1109 1366 καὶ
1149 1311 1235 1364 διὰ
1275 1311 1432 1364 τοῦτο
1477 1311 1817 1380 βουλεύονται

245 1407 367 1456 κατ’
395 1403 554 1456 αὑτοῦ
581 1444 594 1467 ,
630 1403 852 1455 τοιαῦτα
886 1404 1126 1470 λέγουσι.
1161 1403 1251 1454 Διὸ
1286 1404 1378 1455 καὶ
1415 1405 1441 1455 ὁ
1476 1402 1677 1472 Κύριος
1707 1403 1816 1456 δει-

244 1494 452 1558 κνύων,
489 1497 561 1558 ὡς
597 1497 703 1563 ἄρα
739 1497 799 1548 ού
836 1497 924 1548 τὸν
959 1497 1090 1548 Θεὸν
1124 1495 1428 1548 ἐκδικοῦσιν
1452 1537 1465 1558 ,
1501 1496 1618 1549 ούδέ
1653 1497 1817 1548 τέκνα

244 1591 350 1640 εἰσὶ
381 1587 471 1640 τοῦ
504 1587 638 1639 Θεοῦ
662 1630 675 1650 ,
707 1588 774 1640 δι’
804 1588 934 1640 αὐτὸ
965 1587 1121 1640 τοῦτο
1151 1587 1210 1639 τὸ
1248 1588 1477 1657 μελετᾷν
1507 1587 1627 1640 κατ’
1653 1586 1819 1639 αὑτοῦ

246 1681 434 1747 φόνον,
473 1680 545 1740 ὠς
581 1681 775 1731 ἐκεῖνοι
811 1679 1012 1749 ᾧοντο,
1048 1679 1182 1732 ἀλλὰ
1220 1679 1420 1747 μᾶλλον
1453 1677 1819 1732 ἐναντιοῦνται

244 1774 320 1840 τῷ
349 1771 490 1842 Θεῷ,
519 1774 704 1840 φησιν,
730 1774 810 1824 ὅτι
842 1792 859 1823 ι
885 1773 942 1824 Εί
972 1774 999 1824 ὁ
1024 1772 1155 1834 Θεὸς
1193 1772 1366 1842 πατὴρ
1395 1771 1546 1840 ὑμῶν
1572 1767 1661 1842 ἦν,
1683 1773 1820 1840 ⁴ἢγα-

246 1867 384 1916 πίτε
418 1865 485 1917 ἀν
532 1865 650 1933 ἐμέ.
693 1864 832 1930 Ἐγὼ
862 1864 970 1934 γὰρ
1020 1866 1081 1916 ἐκ
1110 1863 1202 1916 τοῦ
1235 1863 1367 1916 Θεοῦ
1401 1863 1648 1932 ἐξῆλθον,
1690 1882 1708 1915 ι
1745 1865 1824 1927 εἰς

243 1959 336 2008 τὸν
369 1958 606 2026 κόσμον,
641 1957 883 2026 δηλονότι
917 1955 1055 2008 κατά
1085 1957 1182 2024 τὴν
1216 1957 1274 2007 ἐν
1307 1956 1470 2024 σαρκὶ
1501 1955 1821 2024 παρουσίαν.

246 2050 335 2117 Μὴ
387 2049 493 2117 γὰρ
543 2047 788 2110 ἀντίθεος
838 2049 952 2114 εἰμι
984 2063 1000 2079 ο
1050 2045 1142 2099 ἀπ’
1169 2046 1375 2098 ἐκείνου
1424 2041 1624 2116 ἦλθον·
1685 2045 1824 2099 ὥστε

245 2142 457 2194 ἐκείνου
492 2142 612 2193 ἐστέ
641 2140 855 2209 ἐχθροὶ,
888 2139 1011 2208 ἐμοὶ
1041 2139 1421 2209 πολεμοῦντες.
1460 2157 1478 2189 ι
1516 2139 1614 2190 Διά
1644 2139 1694 2191 τί
1727 2141 1825 2208 τὴν

245 2233 436 2285 λαλιὰν
474 2233 570 2301 τὴν
612 2232 750 2301 ἐμὴν
789 2232 849 2285 ού
893 2231 1210 2299 γινώσκετε,
1260 2251 1277 2282 ι
1316 2231 1435 2283 οὐδὲ
1482 2232 1689 2284 συνίετε
1732 2235 1825 2286 και¹

245 2330 416 2379 νοεῖτε
457 2325 491 2378 ἀ
532 2319 803 2392 λέγω;Ἶ⁴Ι
845 2325 1061 2386 πάντως
1100 2323 1343 2376 διὀύδέν
1382 2323 1529 2387 ἄλλο,
1577 2325 1607 2395 ἢ
1649 2325 1708 2377 τὸ
1750 2325 1823 2394 μὴ

244 2415 511 2468 δύνασθαι
540 2417 758 2467 ἀκούειν
784 2414 872 2466 τὸν
903 2413 1056 2480 λόγον
1090 2431 1212 2483 μου,
1243 2415 1513 2480 τουτέστι,
1546 2415 1606 2467 τὸ
1636 2417 1708 2484 μὴ
1743 2415 1826 2468 θέ-

247 2508 360 2560 λειν
391 2508 471 2575 (τὸ
497 2508 603 2576 γὰρ
632 2505 705 2576 μὴ
731 2506 1010 2568 δύνασθαι,
1040 2507 1160 2558 ἀντὶ
1181 2510 1275 2558 τοῦ
1305 2505 1378 2574 μὴ
1406 2505 1578 2558 θέλειν
1603 2506 1820 2575 κεῖται).

249 2599 394 2660 Ἕως
437 2598 544 2666 γὰρ
584 2598 774 2665 φθόνος
815 2599 871 2648 ἐν
906 2598 1032 2665 ύμῖν
1069 2596 1429 2661 πολιτεύεται,
1472 2598 1567 2650 καὶ
1609 2597 1826 2665 φονῶσα

246 2690 466 2758 γνώμη,
500 2689 614 2750 πῶς
645 2688 936 2756 δυνήσεσθε
968 2687 1185 2740 ἀκούειν
1211 2688 1247 2741 ἀ
1275 2688 1448 2756 λέγως

327 2799 345 2830 ι
389 2780 577 2848 Ὑμεῖς
608 2780 671 2830 ἐκ
701 2779 792 2831 τοῦ
820 2778 1025 2847 πατρὸς
1049 2778 1141 2830 105
1168 2779 1415 2832 διαϐόλου
1442 2779 1586 2842 ἐστὲ,
1615 2779 1704 2831 καὶ
1730 2781 1827 2843 τὰς

249 2872 549 2940 ἐπιθυμίας
587 2869 680 2922 τοῦ
731 2869 934 2941 πατρὸς
965 2870 1119 2939 ὑμῶν
1145 2871 1327 2923 θέλετε
1362 2875 1552 2924 ποιεῖν.
1590 2873 1827 2934 Ἐκεῖνος

249 2964 694 3032 ἀνθρωποκτόνος
725 2957 790 3031 ἦν
843 2961 937 3014 ἀπ’
961 2963 1155 3032 ἀρχῆς,
1185 2961 1276 3013 καὶ
1303 2963 1360 3013 ἐν
1383 2964 1447 3029 τῇ
1477 2961 1700 3031 ἀληθεία
1729 2962 1824 3030 ούχ

248 3053 498 3119 ἕστηκεν,
523 3051 603 3104 ὃτι
631 3051 876 3104 οὐκέστιν
903 3051 1128 3120 ἀλήθεια
1151 3051 1208 3103 ἐν
1231 3051 1398 3121 αύτῷ.
1420 3052 1586 3104 Ὀταν
1611 3052 1740 3118 λαλῇ
1767 3053 1826 3105 τὸ

249 3145 466 3212 ψεῦδος,
497 3146 558 3196 ἐκ
585 3144 692 3198 τῶν
723 3145 868 3196 ἰδίων
903 3144 1072 3206 λαλεῖ,
1112 3145 1192 3197 ὅτι
1236 3144 1473 3214 ψεύστης
1501 3146 1640 3206 ἐστὶ,
1666 3147 1756 3198 καὶ
1795 3146 1822 3198 ὀ
1851 3174 1892 3232 c

1857 3174 1892 3232 ε
1929 3154 2198 3222 loquitur,
2234 3151 2357 3219 quia
2422 3147 2653 3200 mendax
2717 3156 2821 3208 est,
2862 3156 2913 3196 et
2969 3157 3121 3217 pater
3180 3149 3292 3215 ejus

251 3237 437 3305 πατὴρ
475 3237 660 3290 αὑτοῦ.
707 3235 845 3303 Ἐγὼ
882 3237 936 3288 δέ
965 3237 1045 3289 ὅτι
1071 3237 1167 3306 τὴν
1186 3237 1441 3306 ἀλήθειαν
1489 3237 1715 3303 λέγω,ού
1735 3257 1824 3290 πι-

253 3332 477 3384 στεύετέ
511 3349 653 3400 μοι.»
691 3327 854 3384 Εἶπεν
873 3373 886 3394 ,
907 3331 986 3383 ὅτι
1013 3348 1030 3381 ι
1063 3332 1135 3382 Ού
1157 3330 1381 3382 δύνασθε
1404 3331 1620 3382 ἀκούειν
1637 3331 1724 3382 τὸν
1741 3331 1825 3382 λόο

252 3441 347 3489 γον
375 3439 476 3492 μου
495 3424 668 3485 ,ιάντὶ
693 3421 809 3484 105,
836 3423 907 3473 05
942 3421 1213 3490 βούλεσθε.
1247 3419 1378 3474 Εἶτα
1400 3423 1592 3487 ἐπάγει
1614 3423 1704 3474 καὶ
1730 3421 1827 3492 τὴν

252 3518 457 3578 αἰτίαν,
482 3515 622 3567 διατί
639 3515 736 3566 ούκ
755 3513 1059 3581 ἠϐούλοντο·
1078 3515 1222 3566 Διότι
1239 3516 1300 3565 ἐκ
1314 3514 1405 3565 τοῦ
1425 3515 1624 3582 πατρὸς
1643 3514 1733 3566 105
1752 3518 1828 3566 0!-

255 3610 406 3661 κείου
441 3609 568 3676 ὑμῖν
601 3610 721 3658 ἐστε
745 3624 758 3637 ·
795 3607 968 3668 ποίου,
1000 3608 1174 3674 λέγως
1209 3607 1300 3658 τοῦ
1331 3607 1600 3660 διαϐόλου.
1640 3609 1826 3676 ⁹Υμείς

259 3703 357 3768 μὲν
382 3702 489 3768 γαρ
513 3699 602 3750 τὸν
625 3698 755 3750 Θε’.ν
779 3699 989 3759 ἑαυτοῖς
1021 3698 1225 3768 πατέρα
1263 3701 1680 3768 ἀπονενοημένοι
1706 3702 1824 3751 ἐπι-

252 3792 562 3859 γραφεσοε·
589 3791 657 3842 τά
681 3791 734 3841 δὲ
765 3791 898 3859 ἔργα
926 3791 1100 3859 ὑμῶν’
1127 3792 1215 3843 τὸν
1238 3791 1480 3844 διάὁολον
1507 3794 1632 3860 ὑμῖν
1657 3809 1825 3862 προσο

259 3884 528 3952 μαρτυρεῖ
557 3884 765 3946 πατέρα
796 3882 1156 3952 γνησιώτερον
1183 3897 1195 3910 °
1233 3883 1418 3934 τούτου
1445 3885 1552 3952 γαρ
1577 3884 1673 3945 τὰς
1704 3886 1822 3935 ἐπι-

257 3975 460 4041 θυςαὲας
493 3972 673 4024 θέλετε
709 3974 901 4024 ποιεῖν’
939 3973 1043 4024 Καὶ
1075 3975 1174 4024 οὐκ
1206 3969 1347 4036 εἷπε,
1373 3974 1453 4025 Τὰ
1484 3975 1640 4045 ἔργα,
1666 3976 1819 4038 ἀλλὰ,

261 4084 278 4116 ι
321 4063 434 4124 Τάς
472 4063 800 4130 ἐπιθυμίας,
843 4081 860 4111 ι
903 4062 1109 4123 δεικνὺς
1145 4063 1225 4114 ὅτι
1262 4063 1465 4133 σφόδρα
1497 4065 1821 4134 ἐπιθυμητι-

254 4157 368 4217 κῶς
411 4155 672 4206 διέκειντο
715 4155 836 4220 περί
877 4170 935 4204 τε
981 4155 1039 4205 τὸ
1079 4153 1270 4221 ψεῦδος
1313 4157 1405 4207 καὶ
1442 4156 1531 4209 τὸν
1569 4158 1746 4224 φόνον,
1788 4158 1822 4210 ἀ

257 4249 522 4300 ἰδιαίτατα
556 4245 698 4297 κακά
729 4246 817 4295 τοῦ
849 4245 1113 4298 διαόὁλου.
1151 4265 1168 4296 ι
1212 4246 1443 4308 Ἐκεῖνος
1475 4251 1582 4316 γὰρ
1613 4250 1822 4318 ἀνθρωο

255 4338 516 4397 ποικτονος
543 4331 608 4404 ἦν
640 4335 734 4386 ἀπ’
756 4336 929 4402 ἀρχῆς
956 4349 968 4361 ⁸
1009 4354 1026 4384 ι
1065 4335 1202 4386 ὥστε
1235 4338 1324 4387 καὶ
1354 4337 1508 4404 ὑμεῖς
1540 4338 1820 4406 ζητοῦντές

257 4447 322 4497 με
367 4429 705 4488 ἀποκτεῖναι,
746 4427 935 4494 ἐκείνῳ
975 4426 1186 4477 ἐοίκατε
1219 4425 1296 4493 τῷ
1330 4427 1418 4478 τὸν
1446 4427 1614 4496 Ἀδὰμ
1656 4427 1819 4480 θανα-

253 4519 511 4571 τώσαντι.
536 4519 698 4571 Ἀλλά
727 4537 742 4568 ι
770 4519 862 4570 καὶ
894 4520 948 4569 ἐν
971 4521 1037 4586 τῇ
1067 4518 1292 4590 ἀληθείᾳ
1323 4519 1658 4588 ούχέστηκεν
1675 4523 1818 4572 ἐκεῖ·
1855 4508 1894 4562 θ

255 4628 364 4671 νος,
403 4629 422 4660 ι
448 4609 580 4661 ἀλλα
618 4609 708 4660 105
737 4609 963 4676 ψεύδους
995 4609 1109 4661 ἐστί
1143 4613 1356 4678 πατὴρ
1401 4613 1492 4662 καὶ
1533 4612 1687 4678 ὑμεῖς
1729 4607 1820 4661 ο-ἰν

255 4698 718 4766 καταψευδόμενοί
759 4716 890 4766 μου,
931 4700 1024 4749 καὶ
1058 4699 1332 4765 λέγοντες,
1367 4701 1446 4751 ὅτι
1481 4700 1579 4751 ούκ
1615 4701 1726 4766 εἰμὶ
1758 4702 1821 4751 ἐκ

251 4793 345 4843 105
375 4789 533 4852 Θεοῦ,
567 4790 657 4840 καί
691 4790 766 4857 μὴ
803 4791 1078 4857 ἱστάμενοι
1109 4792 1164 4840 ἐν
1191 4793 1254 4859 τῇ
1286 4790 1528 4860 ἀληθεία,
1561 4793 1693 4859 μηδὲ
1725 4793 1822 4860 εμ-

254 4883 508 4949 μένοντες
541 4879 616 4950 τῷ
650 4879 766 4948 ἐμῷ
803 4882 972 4948 λόγῳ,
1009 4882 1216 4933 ἐκείνου
1252 4882 1414 4932 τέκνα
1447 4883 1597 4944 ἐστὲ,
1637 4883 1726 4936 105
1761 4884 1821 4934 τὸ

249 4975 443 5044 ψεῦδος
467 4990 524 5024 τε
536 4975 735 5034 κοντος.
757 4973 990 5034 Ἐκεῖνος
1018 4975 1126 5043 γὰρ
1154 4976 1246 5026 καὶ
1270 4974 1360 5026 τὸν
1384 4974 1514 5026 Θεὸν
1541 4977 1675 5045 πρὸς
1699 4976 1820 5037 τοὺς

251 5066 573 5137 ἀνθρώπους
601 5065 809 5117 διέϐαλε
829 5105 841 5124 ,
872 5065 1003 5132 πρὸς
1027 5067 1122 5134 τὴν
1151 5065 1290 5117 Εὕαν
1315 5067 1481 5118 εἰπών
1499 5108 1510 5129 ,
1537 5067 1614 5118 ὅτι
1646 5085 1662 5116 ι
1694 5066 1824 5120 Φοα-

249 5160 354 5211 νῶν
390 5160 518 5228 ὑμῖν
553 5157 808 5227 ἀπεῖρξε-ι
843 5159 986 5224 ὑμᾶς
1019 5158 1111 5211 105
1147 5158 1305 5224 ξύλου
1328 5175 1340 5188 °
1383 5177 1400 5208 ι
1439 5161 1530 5211 καὶ
1565 5160 1697 5230 πρὸς
1732 5159 1822 5211 τὸν

248 5253 381 5303 Θεὸν
418 5251 577 5303 πάλιν
611 5253 735 5306 τούς
780 5248 1098 5317 ἀνθρώπους
1138 5250 1406 5310 διέϐαλεν,
1443 5251 1516 5312 ώς
1547 5251 1636 5302 τὸν
1661 5251 1782 5303 Ἰὼϐ
1805 5293 1816 5312 ,

249 5344 422 5410 λέγων
443 5360 456 5372 ⁸
494 5362 511 5393 ι
546 5343 635 5412 Μὴ
665 5343 872 5411 δωρεὰν
893 5344 1011 5394 ’1ὼὸ
1044 5343 1259 5396 σέϐεται
1286 5343 1375 5395 τὸν
1404 5343 1570 5407 Θεόν;
1611 5363 1626 5393 ι
1655 5345 1820 5398 Ὅταν

246 5438 338 5492 οὖν
373 5437 505 5506 λαλῇ
541 5439 599 5488 τὸ
631 5437 852 5503 ψεῦδος,
889 5440 951 5489 ἐκ
983 5437 1088 5488 τῶν
1125 5437 1265 5489 ἰδίων
1297 5437 1476 5491 λαλεῖ·
1509 5439 1814 5502 τουτέστιν,

246 5531 523 5600 ἄνθρωποι
575 5529 672 5599 μὲν
718 5529 793 5598 τῷ
840 5529 1024 5597 ψεύδει
1074 5531 1379 5598 χρώμενοι,
1429 5530 1503 5591 ώς
1549 5530 1811 5601 ἀλλοτρίῳ

247 5626 484 5692 χρῶνται
526 5623 696 5693 τούτῳ
719 5642 730 5650 ν
761 5621 1026 5683 ῶιαόολος
1079 5622 1135 5675 δὲ
1167 5622 1240 5684 ώς
1273 5621 1386 5692 ἰδίῳ
1415 5621 1577 5677 αὑτοῦ
1605 5622 1806 5693 κέχρης

321 5803 518 5856 "Geo.
559 5819 637 5867 ιιι,
666 5803 716 5855 5.
798 5802 838 5833 ⁸⁸
873 5799 974 5856 Job
1015 5817 1075 5866 ιι,
1110 5801 1160 5854 3.

1919 587 2106 633 vester
2146 591 2312 644 esset,
2365 579 2661 648 diligeretis
2717 579 2904 646 utique
2939 590 3040 628 me.
3094 576 3204 644 Ego
3235 574 3376 627 enim
3422 587 3484 623 ex

1920 669 2028 723 Deo
2056 673 2324 738 processi,
2356 680 2408 724 et
2436 671 2554 721 veni
2587 685 2598 719 :
2640 683 2810 736 neque
2857 668 3002 720 enim
3033 680 3061 717 a
3096 667 3297 732 meipso
3343 664 3487 724 veni,

1919 761 2009 815 sed
2048 763 2134 814 ille
2168 778 2252 815 me
2287 763 2449 814 misit.
2482 761 2660 825 Quare
2689 761 2951 826 loquelam
2981 773 3156 810 meam
3189 771 3290 808 non
3320 769 3483 823 agno-

1919 853 2092 908 scitis?
2124 853 2258 918 Quia
2287 868 2389 905 non
2416 855 2639 920 potestis
2677 851 2861 902 audire
2891 865 3194 902 sermonem
3227 862 3426 899 meum.
3466 863 3483 896 ι

1920 944 2206 1014 Postquam
2240 946 2394 1012 ejecit
2430 960 2520 997 eos
2550 961 2575 994 ιι
2613 942 2808 995 familia
2837 942 3089 1004 Ahralne,
3119 941 3216 1007 ipsi
3260 941 3308 992 in
3339 953 3492 991 arro-

1919 1037 2096 1108 gantia
2139 1036 2501 1102 proﬁcientes,
2563 1035 2767 1087 faciunt
2837 1033 3003 1085 Deum
3052 1042 3255 1099 patrem
3302 1044 3481 1081 suum.

1924 1131 2022 1185 Ubi
2054 1131 2194 1182 enim
2232 1130 2576 1196 approbravit
2640 1128 2716 1180 eis
2741 1129 2880 1194 quol
2943 1125 3224 1179 homicida:
3279 1132 3482 1184 essent,

1921 1222 2021 1292 ipsi
2054 1237 2149 1291 pro
2179 1223 2488 1276 defensione
2545 1221 2775 1273 aﬂerttnt
2812 1221 2948 1284 quod
2997 1218 3160 1271 Deunt
3198 1219 3487 1282 vindicent,

1919 1305 2268 1386 et'propterea
2300 1314 2601 1368 consultant
2631 1326 2813 1365 contra
2849 1328 2992 1372 eum,
3024 1323 3075 1364 et
3119 1311 3241 1363 talia
3276 1312 3490 1365 dicunt.

1921 1406 2045 1459 Ideo
2078 1415 2132 1458 et
2169 1405 2422 1457 Dominus
2460 1414 2764 1457 monstrans
2805 1404 2944 1470 quod
2976 1402 3127 1468 plane
3161 1416 3264 1454 non
3319 1399 3486 1453 Deum

1921 1498 2215 1558 vindicent,
2251 1511 2422 1564 neque
2469 1495 2560 1548 lilii
2621 1497 2726 1549 sint
2757 1495 2869 1557 Dei,
2918 1492 3237 1544 meditantes
3291 1493 3488 1544 eaedem

1922 1597 2103 1642 contra
2137 1603 2215 1650 se,
2244 1589 2382 1641 sicut
2418 1588 2488 1640 illi
2517 1588 2942 1646 arbitrabantur,
2977 1588 3068 1639 sed
3105 1586 3273 1653 magis
3297 1583 3491 1638 adver-

1922 1683 2022 1734 sati
2042 1690 2219 1736 essent
2249 1681 2528 1743 Deo,dicit
2559 1698 2572 1733 :
2605 1698 2622 1730 ι
2662 1678 2715 1731 Si
2748 1677 2885 1731 Dens
2930 1687 3081 1744 pater
3113 1687 3294 1729 vester
3325 1685 3491 1737 esset,

1927 1774 2217 1842 diligeretis
2266 1787 2370 1825 me.
2414 1772 2519 1841 Ego
2555 1772 2697 1824 enim
2727 1786 2788 1823 ex
2824 1770 2929 1822 Deo
2966 1768 3130 1830 exivi,
3165 1786 3181 1817 ›
3237 1768 3290 1820 in
3339 1783 3496 1818 mun-

1857 1842 1898 1898 Β
1929 1864 2052 1915 dum
2095 1862 2361 1924 videlicet,
2393 1861 2546 1928 juxta
2583 1863 2868 1915 adventum
2903 1861 2954 1912 in
2991 1875 3173 1912 carne.
3206 1858 3316 1910 Non
3345 1857 3488 1910 enim

1926 1968 2041 2006 sum
2069 1954 2413 2008 adversarius
2472 1954 2601 2015 Deo,
2636 1968 2662 2004 a
2697 1967 2802 2022 quo
2833 1953 2977 2012 veni,
3007 1959 3060 2004 et
3113 1951 3181 2002 ita
3218 1949 3359 2002 illius
3400 1963 3494 2000 vos

1927 2044 2057 2098 estis
2108 2045 2336 2108 inimici,
2365 2060 2450 2098 me
2501 2046 2894 2113 impngnantes.
2953 2043 3129 2105 Quare
3189 2052 3493 2094 sermonem

1928 2151 2102 2190 meum
2164 2151 2266 2189 non
2319 2137 2666 2203 cognoscitis.
2717 2149 2886 2204 neque
2949 2134 3264 2201 intelligitis.
3317 2148 3490 2200 neque

1926 2232 2175 2300 Cogitatis
2221 2247 2338 2300 qua!
2373 2231 2586 2285 dicam?
2614 2230 2846 2284 Omnino
2898 2229 3054 2297 plane
3103 2239 3319 2297 propter
3364 2226 3495 2279 nihil

1927 2324 2092 2389 aliud,
2129 2340 2288 2394 quam
2334 2326 2472 2394 quod
2525 2339 2628 2377 non
2673 2322 2900 2392 potestis
2958 2320 3146 2373 audire
3185 2334 3492 2372 sermonem

1925 2432 2126 2481 meum,
2179 2419 2277 2472 hoc
2311 2429 2413 2480 est,
2465 2434 2566 2469 non
2620 2417 2799 2468 vultis.
2838 2415 2950 2466 Non
2989 2427 3145 2482 posse
3198 2414 3360 2476 enim,
3398 2427 3496 2479 pro

1929 2525 2032 2561 non
2064 2509 2198 2562 Velle
2255 2511 2467 2578 ponitur
2505 2527 2516 2561 :
2556 2507 2803 2572 Qnatnliu
2839 2508 2978 2559 enim
3015 2505 3068 2557 in
3119 2504 3270 2557 vobis
3311 2504 3494 2556 odium

1932 2599 2110 2664 fuerit,
2145 2609 2198 2653 et
2264 2615 2412 2651 meos
2478 2600 2843 2668 sanguinaria,
2916 2598 3181 2663 quomodo
3242 2597 3490 2664 poteritis

1938 2693 2122 2745 audire
2149 2708 2269 2760 qnte
2293 2691 2448 2742 tiit‘ti?

1999 2787 2156 2838 Vens.
2190 2782 2377 2836 ιιι-ιδ.
2418 2800 2434 2831 ι
2478 2779 2580 2833 Vos
2613 2796 2676 2833 ex
2703 2789 2851 2845 patre
2881 2777 3095 2831 diabolo
3129 2779 3281 2839 estis,
3315 2787 3367 2830 et
3398 2778 3492 2831 de-

1927 2879 2122 2933 sideria
2166 2877 2330 2943 patris
2363 2876 2519 2925 vestri
2550 2873 2706 2923 vultis
2741 2870 2938 2924 facere.
2969 2871 3060 2922 Ille
3087 2869 3352 2922 homicida
3375 2877 3491 2922 erat

1929 2972 1994 3022 ab
2025 2968 2198 3027 initio,
2235 2977 2284 3017 et
2322 2966 2370 3016 in
2430 2963 2651 3015 veritate
2701 2976 2803 3012 non
2857 2960 3024 3016 stetit.
3061 2960 3184 3026 quia
3248 2973 3351 3011 non
3411 2968 3496 3012 est

1932 3067 2129 3119 veritas
2159 3063 2211 3114 in
2241 3077 2323 3114 eo.
2357 3059 2487 3113 Cum
2516 3057 2755 3126 loquitur
2780 3054 3142 3116 mendacium,
3168 3067 3233 3106 ex
3263 3053 3497 3126 propriis

3344 3167 3358 3200 :
3399 3163 3497 3218 ego

1930 3251 2128 3304 autem,
2159 3241 2281 3308 quia
2332 3239 2608 3290 veritatem
2659 3235 2800 3299 dico,
2841 3254 2946 3290 non
3002 3239 3225 3292 creditis
3279 3238 3428 3291 mihi.
3473 3258 3490 3289 ι

1932 3333 2167 3396 Dixerat,
2194 3331 2302 3383 Non
2339 3329 2559 3398 potestis
2591 3330 2780 3382 audire
2814 3345 3116 3382 sermonem
3158 3345 3356 3393 meum,
3391 3331 3493 3382 hoc

1927 3435 2030 3488 est,
2057 3439 2158 3478 non
2185 3423 2370 3494 \ultis,
2400 3421 2600 3476 Deinde
2617 3422 2798 3474 subdit
2828 3423 2985 3473 etiam
3009 3436 3248 3484 causam,
3271 3431 3496 3489 propter

1927 3533 2084 3586 quam
2124 3532 2228 3569 non
2258 3515 2526 3576 volebant,
2569 3515 2644 3566 lio
2681 3515 2841 3580 quod,
2887 3515 3082 3582 inquit,
3119 3529 3184 3567 ex
3214 3525 3362 3579 patre
3409 3515 3498 3567 illo

1927 3621 2104 3663 vestro
2167 3609 2318 3666 estis.
2371 3623 2478 3674 quo
2532 3609 2683 3659 diro?
2731 3609 2961 3658 diabo'o.
3024 3606 3154 3659 Nam
3190 3607 3353 3676 626
3400 3623 3496 3660 vos

1925 3703 2137 3770 quidem
2185 3701 2429 3755 asseritis
2457 3700 2607 3752 vobis
2642 3709 2847 3766 patrem
2879 3698 3054 3750 Deum
3094 3715 3187 3765 per
3237 3714 3495 3765 arrogan-

1930 3795 2155 3850 tiant.et
2191 3807 2350 3859 opera
2409 3802 2581 3842 vestra
2637 3800 2905 3842 testantur
2968 3791 3236 3841 diabolum
3290 3803 3493 3858 patrem

1926 3896 2158 3940 vestrum
2197 3885 2358 3953 magis
2390 3898 2724 3951 ειιιιιιηιιιιιιι.
2765 3883 2805 3933 Ν
2827 3902 2892 3931 :m
2924 3883 3038 3946 ejus
3065 3883 3327 3933 desideria
3391 3883 3498 3933 vnl-

1929 3980 1992 4032 tis
2025 3977 2220 4029 facere.
2250 3977 2309 4029 Et
2349 3993 2449 4026 non
2475 3975 2606 4026 tliin
2642 3976 2834 4039 Opera,
2867 3974 2956 4025 sed
2989 3972 3283 4035 Desideria,
3308 3986 3495 4026 ostt-n-

1924 4053 2055 4123 dens
2092 4069 2221 4120 lllit't‘.
2253 4068 2470 4119 allectos
2525 4065 2795 4118 homicidii
2831 4065 3204 4132 tnetzdaeiique
3254 4046 3494 4126 libidine,

1923 4178 2040 4228 qua:
2075 4162 2304 4212 maxime
2344 4160 2558 4227 propria
2592 4161 2727 4210 mala
2767 4169 2890 4208 sunt
2923 4159 3142 4208 diaboli.
3181 4177 3196 4206 ι
3230 4158 3319 4210 Ille
3351 4159 3493 4210 ettim

1926 4251 2195 4305 homicida
2239 4249 2334 4302 fuit
2392 4252 2458 4301 ab
2519 4249 2689 4311 initio,
2749 4268 2765 4298 ι
2797 4259 2956 4314 atque
3017 4248 3086 4299 ita
3135 4263 3228 4301 vos
3277 4263 3492 4317 quoque

1923 4352 2222 4413 qurerentes
2275 4355 2357 4392 me
2397 4340 2664 4399 occidere,
2700 4339 2901 4391 similes
2951 4339 3073 4389 tacti
3117 4341 3246 4391 estis
3277 4339 3368 4396 illi.
3404 4341 3491 4406 qni

1922 4437 2087 4488 Adam
2129 4433 2341 4487 occidit.
2404 4432 2542 4496 Quin
2588 4450 2604 4480 ι
2643 4444 2694 4484 et
2728 4431 2813 4482 ille
2868 4431 2917 4481 in
2948 4434 3170 4483 veritate
3202 4446 3305 4483 non
3326 4432 3493 4494 stetit,

1925 4529 2016 4582 sed
2055 4525 2316 4579 mendacii
2348 4535 2496 4591 pater
2519 4533 2636 4585 est;
2670 4542 2686 4572 ι
2733 4523 2896 4590 igitur
2929 4531 2980 4575 et
3035 4538 3128 4574 vos
3177 4523 3495 4576 mentientes

1923 4628 1977 4672 et
2026 4618 2288 4678 dicentes,
2327 4617 2469 4684 quod
2512 4631 2613 4666 non
2640 4616 2736 4664 sim
2771 4631 2833 4666 ex
2897 4612 3028 4673 Deo,
3063 4624 3117 4666 et
3154 4628 3256 4664 non
3290 4622 3497 4666 stantes

1927 4711 1978 4763 in
2017 4712 2263 4767 veritate.
2299 4724 2473 4773 neque
2508 4717 2787 4758 manentes
2823 4707 2870 4757 in
2900 4720 3016 4758 meo
3045 4720 3316 4765 sermone,
3354 4704 3495 4758 illius

1928 4804 2019 4856 [illi
2081 4803 2234 4865 estis,
2295 4801 2384 4868 qui
2447 4802 2787 4853 mendacium
2839 4799 3062 4866 pt-perit.
3116 4797 3245 4849 Nam
3296 4797 3380 4849 ille
3441 4805 3494 4848 et

1929 4895 2090 4948 Deum
2127 4894 2263 4961 apud
2328 4891 2576 4943 homines
2637 4889 2954 4940 criminatus
2995 4897 3096 4948 cst,
3143 4887 3262 4938 Eva:
3288 4888 3491 4948 dicens,

1928 5005 1945 5037 ι
1972 4985 2219 5038 lnvidcns
2247 4982 2416 5043 vobis,
2467 4981 2736 5047 prohibuit
2767 4995 2857 5032 vos
2896 4995 2923 5030 a
2957 4979 3100 5045 ligno
3126 4979 3166 5007 "
3191 5018 3203 5030 .
3232 4996 3249 5028 ι
3295 4976 3359 5029 Et
3392 4978 3492 5030 ite-

1923 5093 2041 5130 rnm
2081 5075 2220 5138 apud
2277 5073 2445 5126 Deum
2501 5073 2744 5124 homines
2792 5070 3065 5122 accusavit
3101 5068 3253 5130 falso,
3288 5078 3342 5119 ut
3371 5066 3490 5130 Job,

1921 5166 2104 5219 dicens
2124 5165 2164 5223 ³⁸
2190 5183 2200 5217 :
2229 5183 2244 5213 ι
2280 5163 2415 5215 Num
2453 5159 2735 5230 gratisJab
2760 5158 3106 5211 colitDeum?
3132 5178 3149 5210 ι
3177 5160 3305 5211 Cum
3333 5157 3495 5226 igitur

1927 5256 2162 5325 loquitur
2189 5256 2544 5314 mendacium,
2573 5267 2634 5305 ex
2671 5252 2897 5320 propriis
2920 5252 3153 5319 loquitur
3185 5269 3194 5302 :
3253 5252 3354 5302 hoc
3384 5260 3491 5310 est,

1931 5347 2174 5399 homines
2234 5346 2447 5412 quidem
2509 5343 2789 5395 mendacio
2851 5343 2954 5405 nsi,
3018 5342 3168 5410 quasi
3209 5356 3266 5392 re
3323 5340 3492 5392 aliena

1921 5447 2142 5492 utuntur
2172 5453 2271 5501 eo;
2308 5435 2560 5488 diabolus
2610 5443 2786 5486 autem
2826 5448 2945 5486 cmn
2994 5433 3271 5485 mendacio
3305 5433 3490 5490 utitur,

1915 5546 1973 5586 re
2019 5530 2231 5600 prOpria
2286 5529 2496 5580 utitur:
2536 5543 2660 5579 nam
2704 5526 2868 5593 ipsius
2901 5535 2980 5579 est
3017 5525 3213 5594 proles,
3265 5533 3318 5577 et
3376 5525 3491 5592 ipse

1907 5622 2127 5692 proprie
2150 5632 2228 5678 εει
2259 5619 2509 5686 mendax,
2533 5627 2586 5673 et
2612 5627 2763 5686 pater
2791 5617 2929 5687 ejus,
2959 5616 3057 5671 hoc
3087 5626 3189 5682 est,
3225 5612 3483 5668 mendacii
