  <div class='ocr_page' id='page_1' title='image "/cluster/home/n/w/nwhite01/storage/ocr_20150623/124/nnc1.0046979735/023.png"; bbox 0 0 4256 6446; ppageno 0'>
   <div class='ocr_carea' id='block_1_1' title="bbox 737 376 3991 453">
    <p class='ocr_par' dir='ltr' id='par_1_1' title="bbox 737 376 3991 453">
     <span class='ocr_line' id='line_1_1' title="bbox 737 376 3991 453; baseline -0.004 -1"><span class='ocrx_word' id='word_1_1' title='bbox 737 387 803 453; x_wconf 68' lang='lat'>3&#39;.</span> <span class='ocrx_word' id='word_1_2' title='bbox 1622 384 2201 450; x_wconf 79' lang='lat' dir='ltr'>THEOPHYLACTI</span> <span class='ocrx_word' id='word_1_3' title='bbox 2242 381 2658 444; x_wconf 73' lang='lat' dir='ltr'>BULGARI/E</span> <span class='ocrx_word' id='word_1_4' title='bbox 2701 382 3059 444; x_wconf 79' lang='lat' dir='ltr'>ARCHIEI’.</span> <span class='ocrx_word' id='word_1_5' title='bbox 3919 376 3991 439; x_wconf 70' lang='lat'>32</span> 
     </span>
    </p>
   </div>
   <div class='ocr_carea' id='block_1_2' title="bbox 2948 498 3163 517">
    <p class='ocr_par' dir='ltr' id='par_1_2' title="bbox 2948 498 3163 517">
     <span class='ocr_line' id='line_1_2' title="bbox 2948 498 3163 517; baseline -0.005 0"><span class='ocrx_word' id='word_1_6' title='bbox 2948 500 2961 517; x_wconf 73' lang='lat' dir='ltr'><strong>I</strong></span> <span class='ocrx_word' id='word_1_7' title='bbox 3016 498 3163 517; x_wconf 57' lang='lat'>,&quot;&#39;,,&#39;</span> 
     </span>
    </p>
   </div>
   <div class='ocr_carea' id='block_1_3' title="bbox 732 495 2413 571">
    <p class='ocr_par' dir='ltr' id='par_1_3' title="bbox 732 498 2413 571">
     <span class='ocr_line' id='line_1_3' title="bbox 732 498 2413 571; baseline -0.004 -14"><span class='ocrx_word' id='word_1_8' title='bbox 732 504 849 571; x_wconf 76' lang='lat' dir='ltr'><strong>ipsa</strong></span> <span class='ocrx_word' id='word_1_9' title='bbox 879 510 961 557; x_wconf 88' lang='lat' dir='ltr'><strong>est</strong></span> <span class='ocrx_word' id='word_1_10' title='bbox 995 511 1164 571; x_wconf 82' lang='lat' dir='ltr'><strong>pater.</strong></span> <span class='ocrx_word' id='word_1_11' title='bbox 1191 500 1333 555; x_wconf 74' lang='lat' dir='ltr'><strong>Dixit</strong></span> <span class='ocrx_word' id='word_1_12' title='bbox 1361 501 1505 555; x_wconf 82' lang='lat' dir='ltr'><strong>enim</strong></span> <span class='ocrx_word' id='word_1_13' title='bbox 1534 500 1600 554; x_wconf 82' lang='lat' dir='ltr'><strong>ad</strong></span> <span class='ocrx_word' id='word_1_14' title='bbox 1636 500 1800 555; x_wconf 85' lang='lat' dir='ltr'><strong>Evam</strong></span> <span class='ocrx_word' id='word_1_15' title='bbox 1821 503 1899 555; x_wconf 74' lang='lat'>&#39;9:</span> <span class='ocrx_word' id='word_1_16' title='bbox 1929 521 1947 552; x_wconf 76' lang='grc' dir='ltr'>ι</span> <span class='ocrx_word' id='word_1_17' title='bbox 1976 501 2306 567; x_wconf 80' lang='lat' dir='ltr'><strong>Quaennque</strong></span> <span class='ocrx_word' id='word_1_18' title='bbox 2333 498 2385 558; x_wconf 75' lang='grc' dir='ltr'>Α</span> <span class='ocrx_word' id='word_1_19' title='bbox 2411 519 2413 526; x_wconf 59' lang='grc' dir='ltr'>λ</span> 
     </span>
    </p>
   </div>
   <div class='ocr_carea' id='block_1_4' title="bbox 2309 495 3990 571">
    <p class='ocr_par' dir='ltr' id='par_1_4' title="bbox 2333 495 3990 569">
     <span class='ocr_line' id='line_1_4' title="bbox 2333 495 3990 569; baseline -0.002 -21"><span class='ocrx_word' id='word_1_20' title='bbox 2333 498 2385 558; x_wconf 74' lang='grc' dir='ltr'>Α</span> <span class='ocrx_word' id='word_1_21' title='bbox 2411 515 2498 551; x_wconf 90' lang='grc' dir='ltr'>ται</span> <span class='ocrx_word' id='word_1_22' title='bbox 2531 498 2608 566; x_wconf 86' lang='grc' dir='ltr'>τῷ</span> <span class='ocrx_word' id='word_1_23' title='bbox 2640 498 2823 567; x_wconf 75' lang='grc' dir='ltr'>ψεύδει</span> <span class='ocrx_word' id='word_1_24' title='bbox 2852 515 2867 530; x_wconf 79' lang='grc' dir='ltr'><strong>ο</strong></span> <span class='ocrx_word' id='word_1_25' title='bbox 2901 498 3066 552; x_wconf 81' lang='grc' dir='ltr'>αὐτοῦ</span> <span class='ocrx_word' id='word_1_26' title='bbox 3100 499 3209 569; x_wconf 75' lang='grc' dir='ltr'>γάρ</span> <span class='ocrx_word' id='word_1_27' title='bbox 3241 499 3358 552; x_wconf 81' lang='grc' dir='ltr'>ἐστι</span> <span class='ocrx_word' id='word_1_28' title='bbox 3392 498 3672 567; x_wconf 77' lang='grc' dir='ltr'>γέννημα,</span> <span class='ocrx_word' id='word_1_29' title='bbox 3704 496 3797 550; x_wconf 72' lang='grc' dir='ltr'>καὶ</span> <span class='ocrx_word' id='word_1_30' title='bbox 3829 495 3990 555; x_wconf 65' lang='grc' dir='ltr'>αὐτὸς</span> 
     </span>
    </p>
   </div>
   <div class='ocr_carea' id='block_1_5' title="bbox 733 593 2305 658">
    <p class='ocr_par' dir='ltr' id='par_1_5' title="bbox 733 593 2305 658">
     <span class='ocr_line' id='line_1_5' title="bbox 733 593 2305 658; baseline -0.003 -8"><span class='ocrx_word' id='word_1_31' title='bbox 733 596 820 650; x_wconf 80' lang='lat' dir='ltr'>die</span> <span class='ocrx_word' id='word_1_32' title='bbox 878 594 1246 658; x_wconf 87' lang='lat' dir='ltr'><strong>cotnederitis,</strong></span> <span class='ocrx_word' id='word_1_33' title='bbox 1290 594 1442 647; x_wconf 90' lang='lat' dir='ltr'><strong>eritis</strong></span> <span class='ocrx_word' id='word_1_34' title='bbox 1473 593 1615 647; x_wconf 92' lang='lat' dir='ltr'><strong>sicut</strong></span> <span class='ocrx_word' id='word_1_35' title='bbox 1667 595 1761 648; x_wconf 90' lang='lat' dir='ltr'><strong>dii.</strong></span> <span class='ocrx_word' id='word_1_36' title='bbox 1804 613 1821 645; x_wconf 73' lang='grc' dir='ltr'>ι</span> <span class='ocrx_word' id='word_1_37' title='bbox 1856 595 1922 647; x_wconf 80' lang='lat' dir='ltr'>At</span> <span class='ocrx_word' id='word_1_38' title='bbox 1972 594 2024 646; x_wconf 89' lang='lat' dir='ltr'><strong>hi</strong></span> <span class='ocrx_word' id='word_1_39' title='bbox 2080 602 2305 646; x_wconf 89' lang='lat' dir='ltr'><strong>mortem</strong></span> 
     </span>
    </p>
   </div>
   <div class='ocr_carea' id='block_1_6' title="bbox 733 686 2307 758">
    <p class='ocr_par' dir='ltr' id='par_1_6' title="bbox 733 686 2307 758">
     <span class='ocr_line' id='line_1_6' title="bbox 733 686 2307 758; baseline -0.004 -15"><span class='ocrx_word' id='word_1_40' title='bbox 733 689 907 758; x_wconf 76' lang='lat' dir='ltr'><strong>magis</strong></span> <span class='ocrx_word' id='word_1_41' title='bbox 970 687 1389 742; x_wconf 81' lang='lat' dir='ltr'><strong>vindemiarum.</strong></span> <span class='ocrx_word' id='word_1_42' title='bbox 1442 704 1461 739; x_wconf 79' lang='grc' dir='ltr'>ι</span> <span class='ocrx_word' id='word_1_43' title='bbox 1511 686 1622 756; x_wconf 87' lang='lat' dir='ltr'>Ego</span> <span class='ocrx_word' id='word_1_44' title='bbox 1672 695 1872 751; x_wconf 89' lang='lat' dir='ltr'><strong>autem,</strong></span> <span class='ocrx_word' id='word_1_45' title='bbox 1930 686 2123 755; x_wconf 89' lang='lat' dir='ltr'><strong>inquit,</strong></span> <span class='ocrx_word' id='word_1_46' title='bbox 2180 687 2307 753; x_wconf 86' lang='lat' dir='ltr'>quia</span> 
     </span>
    </p>
   </div>
   <div class='ocr_carea' id='block_1_7' title="bbox 731 776 2305 844">
    <p class='ocr_par' dir='ltr' id='par_1_7' title="bbox 731 776 2305 844">
     <span class='ocr_line' id='line_1_7' title="bbox 731 776 2305 844; baseline -0.001 -13"><span class='ocrx_word' id='word_1_47' title='bbox 731 780 1017 834; x_wconf 63' lang='lat' dir='ltr'><strong>writatem</strong></span> <span class='ocrx_word' id='word_1_48' title='bbox 1073 781 1213 844; x_wconf 82' lang='lat' dir='ltr'><strong>dico,</strong></span> <span class='ocrx_word' id='word_1_49' title='bbox 1266 794 1371 833; x_wconf 92' lang='lat' dir='ltr'>non</span> <span class='ocrx_word' id='word_1_50' title='bbox 1426 780 1645 834; x_wconf 85' lang='lat' dir='ltr'><strong>creditis</strong></span> <span class='ocrx_word' id='word_1_51' title='bbox 1701 778 1853 833; x_wconf 91' lang='lat' dir='ltr'><strong>mihi.</strong></span> <span class='ocrx_word' id='word_1_52' title='bbox 1890 797 1907 828; x_wconf 76' lang='grc' dir='ltr'>ι</span> <span class='ocrx_word' id='word_1_53' title='bbox 1956 776 2097 831; x_wconf 85' lang='lat' dir='ltr'><strong>Nihil</strong></span> <span class='ocrx_word' id='word_1_54' title='bbox 2160 782 2305 831; x_wconf 86' lang='lat' dir='ltr'><strong>enim</strong></span> 
     </span>
    </p>
   </div>
   <div class='ocr_carea' id='block_1_8' title="bbox 732 872 2303 944">
    <p class='ocr_par' dir='ltr' id='par_1_8' title="bbox 732 872 2303 944">
     <span class='ocr_line' id='line_1_8' title="bbox 732 872 2303 944; baseline 0 -18"><span class='ocrx_word' id='word_1_55' title='bbox 732 874 875 926; x_wconf 85' lang='lat' dir='ltr'><strong>aliud</strong></span> <span class='ocrx_word' id='word_1_56' title='bbox 900 874 1125 944; x_wconf 75' lang='lat' dir='ltr'>potestis</span> <span class='ocrx_word' id='word_1_57' title='bbox 1149 872 1201 927; x_wconf 89' lang='lat' dir='ltr'><strong>in</strong></span> <span class='ocrx_word' id='word_1_58' title='bbox 1230 888 1314 928; x_wconf 88' lang='lat' dir='ltr'>me</span> <span class='ocrx_word' id='word_1_59' title='bbox 1335 888 1583 943; x_wconf 78' lang='lat' dir='ltr'><strong>arguere,</strong></span> <span class='ocrx_word' id='word_1_60' title='bbox 1611 888 1769 942; x_wconf 88' lang='lat' dir='ltr'><strong>quam</strong></span> <span class='ocrx_word' id='word_1_61' title='bbox 1792 872 1959 927; x_wconf 89' lang='lat' dir='ltr'><strong>solam</strong></span> <span class='ocrx_word' id='word_1_62' title='bbox 1986 873 2265 926; x_wconf 93' lang='lat' dir='ltr'><strong>veritatcm</strong></span> <span class='ocrx_word' id='word_1_63' title='bbox 2293 891 2303 926; x_wconf 94' lang='lat'>:</span> 
     </span>
    </p>
   </div>
   <div class='ocr_carea' id='block_1_9' title="bbox 734 961 2307 1031">
    <p class='ocr_par' dir='ltr' id='par_1_9' title="bbox 734 961 2307 1031">
     <span class='ocr_line' id='line_1_9' title="bbox 734 961 2307 1031; baseline -0.001 -14"><span class='ocrx_word' id='word_1_64' title='bbox 734 976 782 1017; x_wconf 79' lang='grc' dir='ltr'>(ιι</span> <span class='ocrx_word' id='word_1_65' title='bbox 812 966 937 1018; x_wconf 78' lang='lat' dir='ltr'><strong>hinc</strong></span> <span class='ocrx_word' id='word_1_66' title='bbox 970 973 1051 1019; x_wconf 89' lang='lat' dir='ltr'>est</span> <span class='ocrx_word' id='word_1_67' title='bbox 1094 965 1180 1019; x_wconf 89' lang='lat' dir='ltr'><strong>illa</strong></span> <span class='ocrx_word' id='word_1_68' title='bbox 1223 975 1396 1019; x_wconf 84' lang='lat' dir='ltr'><strong>vestra</strong></span> <span class='ocrx_word' id='word_1_69' title='bbox 1444 976 1629 1018; x_wconf 82' lang='lat' dir='ltr'><strong>contra</strong></span> <span class='ocrx_word' id='word_1_70' title='bbox 1680 978 1764 1019; x_wconf 89' lang='lat' dir='ltr'>me</span> <span class='ocrx_word' id='word_1_71' title='bbox 1802 964 1994 1028; x_wconf 80' lang='lat' dir='ltr'>rabies,</span> <span class='ocrx_word' id='word_1_72' title='bbox 2044 962 2167 1031; x_wconf 85' lang='lat' dir='ltr'>quia</span> <span class='ocrx_word' id='word_1_73' title='bbox 2207 961 2307 1017; x_wconf 81' lang='lat' dir='ltr'><strong>l‘dii</strong></span> 
     </span>
    </p>
   </div>
   <div class='ocr_carea' id='block_1_10' title="bbox 734 1056 1383 1125">
    <p class='ocr_par' dir='ltr' id='par_1_10' title="bbox 734 1056 1383 1125">
     <span class='ocr_line' id='line_1_10' title="bbox 734 1056 1383 1125; baseline 0.005 -16"><span class='ocrx_word' id='word_1_74' title='bbox 734 1059 900 1125; x_wconf 72' lang='lat' dir='ltr'><strong>panis</strong></span> <span class='ocrx_word' id='word_1_75' title='bbox 930 1056 1192 1111; x_wconf 86' lang='lat' dir='ltr'><strong>mendacii</strong></span> <span class='ocrx_word' id='word_1_76' title='bbox 1234 1057 1383 1112; x_wconf 87' lang='lat' dir='ltr'>estis.</span> 
     </span>
    </p>
   </div>
   <div class='ocr_carea' id='block_1_11' title="bbox 810 1323 2309 1395">
    <p class='ocr_par' dir='ltr' id='par_1_11' title="bbox 810 1323 2309 1395">
     <span class='ocr_line' id='line_1_11' title="bbox 810 1323 2309 1395; baseline 0.001 -18"><span class='ocrx_word' id='word_1_77' title='bbox 810 1323 972 1378; x_wconf 55' lang='lat' dir='ltr'><strong>\‘ent.</strong></span> <span class='ocrx_word' id='word_1_78' title='bbox 1045 1324 1224 1379; x_wconf 67' lang='lat'>46-50.</span> <span class='ocrx_word' id='word_1_79' title='bbox 1283 1344 1302 1379; x_wconf 75' lang='grc' dir='ltr'>ι</span> <span class='ocrx_word' id='word_1_80' title='bbox 1350 1324 1482 1392; x_wconf 86' lang='lat' dir='ltr'><strong>Quis</strong></span> <span class='ocrx_word' id='word_1_81' title='bbox 1532 1340 1597 1379; x_wconf 78' lang='lat' dir='ltr'><strong>ex</strong></span> <span class='ocrx_word' id='word_1_82' title='bbox 1651 1325 1802 1380; x_wconf 89' lang='lat' dir='ltr'><strong>vobis</strong></span> <span class='ocrx_word' id='word_1_83' title='bbox 1852 1332 2041 1395; x_wconf 78' lang='lat' dir='ltr'>arguet</span> <span class='ocrx_word' id='word_1_84' title='bbox 2092 1339 2179 1378; x_wconf 87' lang='lat' dir='ltr'>me</span> <span class='ocrx_word' id='word_1_85' title='bbox 2240 1324 2309 1379; x_wconf 78' lang='lat' dir='ltr'>tle</span> 
     </span>
    </p>
   </div>
   <div class='ocr_carea' id='block_1_12' title="bbox 737 1414 2306 1485">
    <p class='ocr_par' dir='ltr' id='par_1_12' title="bbox 737 1414 2306 1485">
     <span class='ocr_line' id='line_1_12' title="bbox 737 1414 2306 1485; baseline -0.001 -16"><span class='ocrx_word' id='word_1_86' title='bbox 737 1414 1069 1485; x_wconf 58' lang='lat' dir='ltr'><strong>pv-eatu?Si</strong></span> <span class='ocrx_word' id='word_1_87' title='bbox 1118 1417 1402 1471; x_wconf 90' lang='lat' dir='ltr'><strong>veritatem</strong></span> <span class='ocrx_word' id='word_1_88' title='bbox 1447 1419 1564 1472; x_wconf 86' lang='lat' dir='ltr'><strong>dico</strong></span> <span class='ocrx_word' id='word_1_89' title='bbox 1609 1417 1782 1484; x_wconf 84' lang='lat' dir='ltr'><strong>vobis,</strong></span> <span class='ocrx_word' id='word_1_90' title='bbox 1841 1432 2007 1485; x_wconf 81' lang='lat' dir='ltr'><strong>quare</strong></span> <span class='ocrx_word' id='word_1_91' title='bbox 2052 1432 2148 1471; x_wconf 89' lang='lat' dir='ltr'>vos</span> <span class='ocrx_word' id='word_1_92' title='bbox 2202 1431 2306 1469; x_wconf 92' lang='lat' dir='ltr'>non</span> 
     </span>
    </p>
   </div>
   <div class='ocr_carea' id='block_1_13' title="bbox 736 1508 2305 1577">
    <p class='ocr_par' dir='ltr' id='par_1_13' title="bbox 736 1508 2305 1577">
     <span class='ocr_line' id='line_1_13' title="bbox 736 1508 2305 1577; baseline 0.002 -18"><span class='ocrx_word' id='word_1_93' title='bbox 736 1510 959 1565; x_wconf 68' lang='lat' dir='ltr'><strong>creditis</strong></span> <span class='ocrx_word' id='word_1_94' title='bbox 1005 1510 1176 1564; x_wconf 83' lang='lat' dir='ltr'><strong>mihi?</strong></span> <span class='ocrx_word' id='word_1_95' title='bbox 1207 1510 1307 1577; x_wconf 86' lang='lat' dir='ltr'><strong>Qui</strong></span> <span class='ocrx_word' id='word_1_96' title='bbox 1364 1526 1428 1565; x_wconf 83' lang='lat' dir='ltr'>ex</span> <span class='ocrx_word' id='word_1_97' title='bbox 1476 1509 1580 1565; x_wconf 90' lang='lat' dir='ltr'>Deo</span> <span class='ocrx_word' id='word_1_98' title='bbox 1640 1520 1741 1577; x_wconf 90' lang='lat' dir='ltr'><strong>est,</strong></span> <span class='ocrx_word' id='word_1_99' title='bbox 1777 1511 1937 1564; x_wconf 88' lang='lat' dir='ltr'><strong>verba</strong></span> <span class='ocrx_word' id='word_1_100' title='bbox 1980 1508 2075 1565; x_wconf 89' lang='lat' dir='ltr'>Dei</span> <span class='ocrx_word' id='word_1_101' title='bbox 2118 1508 2305 1564; x_wconf 83' lang='lat' dir='ltr'>audit:</span> 
     </span>
    </p>
   </div>
   <div class='ocr_carea' id='block_1_14' title="bbox 738 1602 2307 1673">
    <p class='ocr_par' dir='ltr' id='par_1_14' title="bbox 738 1602 2307 1673">
     <span class='ocr_line' id='line_1_14' title="bbox 738 1602 2307 1673; baseline 0.005 -24"><span class='ocrx_word' id='word_1_102' title='bbox 738 1612 1022 1669; x_wconf 71' lang='lat' dir='ltr'><strong>propterea</strong></span> <span class='ocrx_word' id='word_1_103' title='bbox 1056 1617 1151 1656; x_wconf 75' lang='lat' dir='ltr'>\OS</span> <span class='ocrx_word' id='word_1_104' title='bbox 1196 1617 1300 1656; x_wconf 93' lang='lat' dir='ltr'><strong>non</strong></span> <span class='ocrx_word' id='word_1_105' title='bbox 1353 1602 1572 1667; x_wconf 84' lang='lat' dir='ltr'><strong>auditis,</strong></span> <span class='ocrx_word' id='word_1_106' title='bbox 1606 1604 1730 1673; x_wconf 89' lang='lat' dir='ltr'><strong>quia</strong></span> <span class='ocrx_word' id='word_1_107' title='bbox 1766 1617 1829 1658; x_wconf 79' lang='lat' dir='ltr'><strong>ex</strong></span> <span class='ocrx_word' id='word_1_108' title='bbox 1864 1602 1976 1659; x_wconf 90' lang='lat' dir='ltr'>Deo</span> <span class='ocrx_word' id='word_1_109' title='bbox 2005 1618 2111 1658; x_wconf 90' lang='lat' dir='ltr'>non</span> <span class='ocrx_word' id='word_1_110' title='bbox 2154 1603 2307 1659; x_wconf 77' lang='lat' dir='ltr'><strong>estis.</strong></span> 
     </span>
    </p>
   </div>
   <div class='ocr_carea' id='block_1_15' title="bbox 739 1691 2313 1763">
    <p class='ocr_par' dir='ltr' id='par_1_15' title="bbox 739 1691 2313 1763">
     <span class='ocr_line' id='line_1_15' title="bbox 739 1691 2313 1763; baseline 0.004 -19"><span class='ocrx_word' id='word_1_111' title='bbox 739 1691 1152 1760; x_wconf 83' lang='lat' dir='ltr'><strong>ltesponderunt</strong></span> <span class='ocrx_word' id='word_1_112' title='bbox 1186 1694 1350 1763; x_wconf 84' lang='lat' dir='ltr'><strong>igitur</strong></span> <span class='ocrx_word' id='word_1_113' title='bbox 1384 1692 1574 1756; x_wconf 64' lang='lat' dir='ltr'><strong>Judazi,</strong></span> <span class='ocrx_word' id='word_1_114' title='bbox 1608 1704 1662 1750; x_wconf 93' lang='lat' dir='ltr'><strong>et</strong></span> <span class='ocrx_word' id='word_1_115' title='bbox 1705 1694 1957 1749; x_wconf 80' lang='lat' dir='ltr'><strong>dixerunt</strong></span> <span class='ocrx_word' id='word_1_116' title='bbox 1988 1698 2035 1749; x_wconf 91' lang='lat' dir='ltr'>ei</span> <span class='ocrx_word' id='word_1_117' title='bbox 2063 1712 2077 1748; x_wconf 73' lang='grc' dir='ltr'>ι</span> <span class='ocrx_word' id='word_1_118' title='bbox 2124 1693 2313 1751; x_wconf 81' lang='lat' dir='ltr'><strong>Nonne</strong></span> 
     </span>
    </p>
   </div>
   <div class='ocr_carea' id='block_1_16' title="bbox 740 1785 2313 1853">
    <p class='ocr_par' dir='ltr' id='par_1_16' title="bbox 740 1785 2313 1853">
     <span class='ocr_line' id='line_1_16' title="bbox 740 1785 2313 1853; baseline 0.003 -17"><span class='ocrx_word' id='word_1_119' title='bbox 740 1787 874 1838; x_wconf 88' lang='lat' dir='ltr'><strong>l.cne</strong></span> <span class='ocrx_word' id='word_1_120' title='bbox 933 1785 1164 1839; x_wconf 86' lang='lat' dir='ltr'><strong>dicimus</strong></span> <span class='ocrx_word' id='word_1_121' title='bbox 1219 1802 1318 1841; x_wconf 88' lang='lat' dir='ltr'>nos</span> <span class='ocrx_word' id='word_1_122' title='bbox 1387 1789 1528 1853; x_wconf 92' lang='lat' dir='ltr'><strong>quod</strong></span> <span class='ocrx_word' id='word_1_123' title='bbox 1588 1785 1961 1843; x_wconf 78' lang='lat' dir='ltr'><strong>Satratitanus</strong></span> <span class='ocrx_word' id='word_1_124' title='bbox 2013 1802 2073 1843; x_wconf 85' lang='lat' dir='ltr'><strong>es</strong></span> <span class='ocrx_word' id='word_1_125' title='bbox 2131 1798 2209 1852; x_wconf 89' lang='lat' dir='ltr'><strong>tu,</strong></span> <span class='ocrx_word' id='word_1_126' title='bbox 2258 1796 2313 1843; x_wconf 86' lang='lat' dir='ltr'>et</span> 
     </span>
    </p>
   </div>
   <div class='ocr_carea' id='block_1_17' title="bbox 2417 588 3992 661">
    <p class='ocr_par' dir='ltr' id='par_1_17' title="bbox 2417 588 3992 661">
     <span class='ocr_line' id='line_1_17' title="bbox 2417 588 3992 661; baseline -0.004 -19"><span class='ocrx_word' id='word_1_127' title='bbox 2417 591 2565 644; x_wconf 75' lang='grc' dir='ltr'>ἐστιν</span> <span class='ocrx_word' id='word_1_128' title='bbox 2590 592 2619 644; x_wconf 83' lang='grc' dir='ltr'>ὁ</span> <span class='ocrx_word' id='word_1_129' title='bbox 2661 592 2863 660; x_wconf 99' lang='grc' dir='ltr'>κυρίως</span> <span class='ocrx_word' id='word_1_130' title='bbox 2894 590 3134 659; x_wconf 72' lang='grc' dir='ltr'>ψεύστης</span> <span class='ocrx_word' id='word_1_131' title='bbox 3153 633 3167 655; x_wconf 93' lang='grc'>,</span> <span class='ocrx_word' id='word_1_132' title='bbox 3201 593 3297 646; x_wconf 71' lang='grc' dir='ltr'>καὶ</span> <span class='ocrx_word' id='word_1_133' title='bbox 3326 594 3352 646; x_wconf 90' lang='grc' dir='ltr'>ὀ</span> <span class='ocrx_word' id='word_1_134' title='bbox 3387 590 3568 661; x_wconf 82' lang='grc' dir='ltr'>πατὴρ</span> <span class='ocrx_word' id='word_1_135' title='bbox 3602 588 3769 642; x_wconf 74' lang='grc' dir='ltr'>αὐτοῦ</span> <span class='ocrx_word' id='word_1_136' title='bbox 3791 629 3804 651; x_wconf 94' lang='grc'><strong>,</strong></span> <span class='ocrx_word' id='word_1_137' title='bbox 3834 603 3992 639; x_wconf 82' lang='grc' dir='ltr'>τουτ-</span> 
     </span>
    </p>
   </div>
   <div class='ocr_carea' id='block_1_18' title="bbox 2415 676 3991 751">
    <p class='ocr_par' dir='ltr' id='par_1_18' title="bbox 2415 676 3991 751">
     <span class='ocr_line' id='line_1_18' title="bbox 2415 676 3991 751; baseline -0.006 -17"><span class='ocrx_word' id='word_1_138' title='bbox 2415 682 2562 743; x_wconf 81' lang='grc' dir='ltr'>έστι,</span> <span class='ocrx_word' id='word_1_139' title='bbox 2596 680 2690 734; x_wconf 84' lang='grc' dir='ltr'>τοῦ</span> <span class='ocrx_word' id='word_1_140' title='bbox 2725 682 2985 751; x_wconf 75' lang='grc' dir='ltr'>ψεύδους,</span> <span class='ocrx_word' id='word_1_141' title='bbox 3019 682 3180 745; x_wconf 84' lang='grc' dir='ltr'>αὑτός</span> <span class='ocrx_word' id='word_1_142' title='bbox 3215 686 3381 737; x_wconf 75' lang='grc' dir='ltr'>ἐστιν.</span> <span class='ocrx_word' id='word_1_143' title='bbox 3415 676 3549 733; x_wconf 83' lang='grc' dir='ltr'>Εἷπε</span> <span class='ocrx_word' id='word_1_144' title='bbox 3586 679 3693 747; x_wconf 72' lang='grc' dir='ltr'>γὰρ</span> <span class='ocrx_word' id='word_1_145' title='bbox 3728 677 3862 747; x_wconf 68' lang='grc' dir='ltr'>πρὸς</span> <span class='ocrx_word' id='word_1_146' title='bbox 3893 676 3991 745; x_wconf 73' lang='grc' dir='ltr'>τὴν</span> 
     </span>
    </p>
   </div>
   <div class='ocr_carea' id='block_1_19' title="bbox 2415 767 3987 845">
    <p class='ocr_par' dir='ltr' id='par_1_19' title="bbox 2415 767 3987 845">
     <span class='ocr_line' id='line_1_19' title="bbox 2415 767 3987 845; baseline -0.003 -19"><span class='ocrx_word' id='word_1_147' title='bbox 2415 772 2559 826; x_wconf 85' lang='grc' dir='ltr'>Εῦαν</span> <span class='ocrx_word' id='word_1_148' title='bbox 2580 814 2593 834; x_wconf 91' lang='grc'>,</span> <span class='ocrx_word' id='word_1_149' title='bbox 2621 774 2704 826; x_wconf 87' lang='grc' dir='ltr'>δτι</span> <span class='ocrx_word' id='word_1_150' title='bbox 2737 793 2754 824; x_wconf 87' lang='lat' dir='ltr'>t</span> <span class='ocrx_word' id='word_1_151' title='bbox 2781 767 2857 845; x_wconf 49' lang='lat' dir='ltr'>&#39;l‘l</span> <span class='ocrx_word' id='word_1_152' title='bbox 2889 776 2954 825; x_wconf 77' lang='grc' dir='ltr'>ἂν</span> <span class='ocrx_word' id='word_1_153' title='bbox 2978 775 3159 843; x_wconf 76' lang='grc' dir='ltr'>ήμέρα</span> <span class='ocrx_word' id='word_1_154' title='bbox 3188 773 3397 842; x_wconf 79' lang='grc' dir='ltr'>φάγητε</span> <span class='ocrx_word' id='word_1_155' title='bbox 3418 813 3433 836; x_wconf 98' lang='grc'>,</span> <span class='ocrx_word' id='word_1_156' title='bbox 3462 772 3649 825; x_wconf 74' lang='grc' dir='ltr'>ἔσεσθε</span> <span class='ocrx_word' id='word_1_157' title='bbox 3677 771 3753 831; x_wconf 83' lang='grc' dir='ltr'>ὡς</span> <span class='ocrx_word' id='word_1_158' title='bbox 3783 770 3917 824; x_wconf 78' lang='grc' dir='ltr'>ῠεοί.</span> <span class='ocrx_word' id='word_1_159' title='bbox 3970 790 3987 821; x_wconf 71' lang='grc' dir='ltr'>ι</span> 
     </span>
    </p>
   </div>
   <div class='ocr_carea' id='block_1_20' title="bbox 2415 864 3988 937">
    <p class='ocr_par' dir='ltr' id='par_1_20' title="bbox 2415 864 3988 937">
     <span class='ocr_line' id='line_1_20' title="bbox 2415 864 3988 937; baseline -0.004 -18"><span class='ocrx_word' id='word_1_160' title='bbox 2415 867 2478 919; x_wconf 76' lang='grc' dir='ltr'>Οἱ</span> <span class='ocrx_word' id='word_1_161' title='bbox 2507 867 2561 920; x_wconf 78' lang='grc' dir='ltr'>δὲ</span> <span class='ocrx_word' id='word_1_162' title='bbox 2594 867 2821 919; x_wconf 72' lang='grc' dir='ltr'>Θάνατον</span> <span class='ocrx_word' id='word_1_163' title='bbox 2855 867 3054 937; x_wconf 76' lang='grc' dir='ltr'>μᾶλλον</span> <span class='ocrx_word' id='word_1_164' title='bbox 3088 867 3421 936; x_wconf 75' lang='grc' dir='ltr'>ἐτρύγησαν,</span> <span class='ocrx_word' id='word_1_165' title='bbox 3457 886 3473 916; x_wconf 85' lang='lat' dir='ltr'>t</span> <span class='ocrx_word' id='word_1_166' title='bbox 3506 865 3649 933; x_wconf 73' lang='grc' dir='ltr'>Ἐγὼ</span> <span class='ocrx_word' id='word_1_167' title='bbox 3678 866 3762 922; x_wconf 80' lang='grc' dir='ltr'>δὲ.</span> <span class='ocrx_word' id='word_1_168' title='bbox 3796 864 3988 932; x_wconf 70' lang='grc' dir='ltr'>φησιν,</span> 
     </span>
    </p>
   </div>
   <div class='ocr_carea' id='block_1_21' title="bbox 2413 956 3991 1035">
    <p class='ocr_par' dir='ltr' id='par_1_21' title="bbox 2413 956 3991 1035">
     <span class='ocr_line' id='line_1_21' title="bbox 2413 956 3991 1035; baseline -0.004 -21"><span class='ocrx_word' id='word_1_169' title='bbox 2413 962 2496 1014; x_wconf 82' lang='grc' dir='ltr'>ὅτι</span> <span class='ocrx_word' id='word_1_170' title='bbox 2517 960 2617 1029; x_wconf 75' lang='grc' dir='ltr'>τὴν</span> <span class='ocrx_word' id='word_1_171' title='bbox 2640 959 2896 1029; x_wconf 76' lang='grc' dir='ltr'>ἀλήθειαν</span> <span class='ocrx_word' id='word_1_172' title='bbox 2920 959 3081 1026; x_wconf 81' lang='grc' dir='ltr'>λέγω,</span> <span class='ocrx_word' id='word_1_173' title='bbox 3107 960 3167 1012; x_wconf 84' lang='grc' dir='ltr'>οῦ</span> <span class='ocrx_word' id='word_1_174' title='bbox 3196 958 3480 1011; x_wconf 74' lang='grc' dir='ltr'>πιστεύετέ</span> <span class='ocrx_word' id='word_1_175' title='bbox 3510 976 3614 1027; x_wconf 88' lang='grc' dir='ltr'>μοι.</span> <span class='ocrx_word' id='word_1_176' title='bbox 3648 977 3665 1035; x_wconf 63' lang='grc' dir='ltr'>ι</span> <span class='ocrx_word' id='word_1_177' title='bbox 3696 957 3860 1010; x_wconf 80' lang='grc' dir='ltr'>ὓύδὲν</span> <span class='ocrx_word' id='word_1_178' title='bbox 3882 956 3991 1026; x_wconf 73' lang='grc' dir='ltr'>γάρ</span> 
     </span>
    </p>
   </div>
   <div class='ocr_carea' id='block_1_22' title="bbox 2416 1048 3992 1124">
    <p class='ocr_par' dir='ltr' id='par_1_22' title="bbox 2416 1048 3992 1124">
     <span class='ocr_line' id='line_1_22' title="bbox 2416 1048 3992 1124; baseline -0.003 -18"><span class='ocrx_word' id='word_1_179' title='bbox 2416 1053 2543 1106; x_wconf 83' lang='grc' dir='ltr'>ἄλλο</span> <span class='ocrx_word' id='word_1_180' title='bbox 2570 1055 2783 1124; x_wconf 78' lang='grc' dir='ltr'>ἔχοντες</span> <span class='ocrx_word' id='word_1_181' title='bbox 2811 1053 3084 1122; x_wconf 78' lang='grc' dir='ltr'>ἐγκαλεῖν,</span> <span class='ocrx_word' id='word_1_182' title='bbox 3111 1055 3159 1105; x_wconf 83' lang='grc' dir='ltr'>εἰ</span> <span class='ocrx_word' id='word_1_183' title='bbox 3192 1053 3265 1123; x_wconf 81' lang='grc' dir='ltr'>μὴ</span> <span class='ocrx_word' id='word_1_184' title='bbox 3296 1053 3455 1121; x_wconf 87' lang='grc' dir='ltr'>μόνον</span> <span class='ocrx_word' id='word_1_185' title='bbox 3478 1051 3575 1120; x_wconf 80' lang='grc' dir='ltr'>τὴν</span> <span class='ocrx_word' id='word_1_186' title='bbox 3598 1050 3878 1115; x_wconf 80' lang='grc' dir='ltr'>ἀλήθειαν,</span> <span class='ocrx_word' id='word_1_187' title='bbox 3903 1048 3992 1101; x_wconf 75' lang='grc' dir='ltr'>δια</span> 
     </span>
    </p>
   </div>
   <div class='ocr_carea' id='block_1_23' title="bbox 2415 1139 3992 1217">
    <p class='ocr_par' dir='ltr' id='par_1_23' title="bbox 2415 1139 3992 1217">
     <span class='ocr_line' id='line_1_23' title="bbox 2415 1139 3992 1217; baseline -0.002 -20"><span class='ocrx_word' id='word_1_188' title='bbox 2415 1146 2572 1199; x_wconf 88' lang='grc' dir='ltr'>τοῦτο</span> <span class='ocrx_word' id='word_1_189' title='bbox 2619 1148 2851 1201; x_wconf 80' lang='grc' dir='ltr'>λυσσᾶτε</span> <span class='ocrx_word' id='word_1_190' title='bbox 2902 1146 3022 1200; x_wconf 76' lang='grc' dir='ltr'>κατ’</span> <span class='ocrx_word' id='word_1_191' title='bbox 3049 1145 3204 1217; x_wconf 80' lang='grc' dir='ltr'>ἐμοῦ,</span> <span class='ocrx_word' id='word_1_192' title='bbox 3245 1144 3320 1204; x_wconf 86' lang='grc' dir='ltr'>ὡς</span> <span class='ocrx_word' id='word_1_193' title='bbox 3366 1143 3471 1197; x_wconf 70' lang='grc' dir='ltr'>υἱοὶ</span> <span class='ocrx_word' id='word_1_194' title='bbox 3511 1143 3605 1197; x_wconf 87' lang='grc' dir='ltr'>τοῦ</span> <span class='ocrx_word' id='word_1_195' title='bbox 3654 1142 3857 1212; x_wconf 78' lang='grc' dir='ltr'>πατρὸς</span> <span class='ocrx_word' id='word_1_196' title='bbox 3899 1139 3992 1194; x_wconf 77' lang='grc' dir='ltr'>τοῦ</span> 
     </span>
    </p>
   </div>
   <div class='ocr_carea' id='block_1_24' title="bbox 2415 1239 2664 1309">
    <p class='ocr_par' dir='ltr' id='par_1_24' title="bbox 2415 1239 2664 1309">
     <span class='ocr_line' id='line_1_24' title="bbox 2415 1239 2664 1309; baseline 0.008 -17"><span class='ocrx_word' id='word_1_197' title='bbox 2415 1239 2664 1309; x_wconf 66' lang='grc' dir='ltr'>ψεύδους.</span> 
     </span>
    </p>
   </div>
   <div class='ocr_carea' id='block_1_25' title="bbox 2494 1324 3993 1400">
    <p class='ocr_par' dir='ltr' id='par_1_25' title="bbox 2494 1324 3993 1400">
     <span class='ocr_line' id='line_1_25' title="bbox 2494 1324 3993 1400; baseline -0.003 -18"><span class='ocrx_word' id='word_1_198' title='bbox 2494 1348 2513 1382; x_wconf 83' lang='lat' dir='ltr'>t</span> <span class='ocrx_word' id='word_1_199' title='bbox 2553 1329 2648 1395; x_wconf 78' lang='grc' dir='ltr'>Τίς</span> <span class='ocrx_word' id='word_1_200' title='bbox 2690 1329 2750 1395; x_wconf 73' lang='grc' dir='ltr'>ἐξ</span> <span class='ocrx_word' id='word_1_201' title='bbox 2791 1329 2945 1400; x_wconf 84' lang='grc' dir='ltr'>ὑμῶν</span> <span class='ocrx_word' id='word_1_202' title='bbox 2977 1329 3189 1399; x_wconf 73' lang='grc' dir='ltr'>ἐλέγχει</span> <span class='ocrx_word' id='word_1_203' title='bbox 3227 1346 3294 1399; x_wconf 89' lang='grc' dir='ltr'>με</span> <span class='ocrx_word' id='word_1_204' title='bbox 3329 1328 3460 1399; x_wconf 77' lang='grc' dir='ltr'>περὶ</span> <span class='ocrx_word' id='word_1_205' title='bbox 3494 1327 3802 1398; x_wconf 77' lang='grc' dir='ltr'>ἀμαρτίαςς</span> <span class='ocrx_word' id='word_1_206' title='bbox 3842 1326 3903 1379; x_wconf 84' lang='grc' dir='ltr'>Εἰ</span> <span class='ocrx_word' id='word_1_207' title='bbox 3936 1324 3993 1378; x_wconf 81' lang='grc' dir='ltr'>δὲ</span> 
     </span>
    </p>
   </div>
   <div class='ocr_carea' id='block_1_26' title="bbox 2417 1418 3993 1495">
    <p class='ocr_par' dir='ltr' id='par_1_26' title="bbox 2417 1418 3993 1495">
     <span class='ocr_line' id='line_1_26' title="bbox 2417 1418 3993 1495; baseline -0.006 -17"><span class='ocrx_word' id='word_1_208' title='bbox 2417 1424 2677 1495; x_wconf 80' lang='grc' dir='ltr'>ἀλήθειαν</span> <span class='ocrx_word' id='word_1_209' title='bbox 2701 1424 2862 1493; x_wconf 82' lang='grc' dir='ltr'>λέγω,</span> <span class='ocrx_word' id='word_1_210' title='bbox 2891 1422 2980 1476; x_wconf 73' lang='grc' dir='ltr'>διὰ</span> <span class='ocrx_word' id='word_1_211' title='bbox 3005 1423 3056 1475; x_wconf 84' lang='grc' dir='ltr'>τί</span> <span class='ocrx_word' id='word_1_212' title='bbox 3084 1425 3240 1493; x_wconf 82' lang='grc' dir='ltr'>ὑμεῖς</span> <span class='ocrx_word' id='word_1_213' title='bbox 3266 1423 3328 1475; x_wconf 81' lang='grc' dir='ltr'>οὐ</span> <span class='ocrx_word' id='word_1_214' title='bbox 3354 1421 3645 1475; x_wconf 80' lang='grc' dir='ltr'>πιστεύετέ</span> <span class='ocrx_word' id='word_1_215' title='bbox 3680 1437 3797 1490; x_wconf 74' lang='grc' dir='ltr'>μοις</span> <span class='ocrx_word' id='word_1_216' title='bbox 3830 1420 3892 1472; x_wconf 86' lang='grc'>⁸0</span> <span class='ocrx_word' id='word_1_217' title='bbox 3918 1418 3993 1471; x_wconf 80' lang='grc' dir='ltr'>ὢν</span> 
     </span>
    </p>
   </div>
   <div class='ocr_carea' id='block_1_27' title="bbox 2419 1511 3993 1589">
    <p class='ocr_par' dir='ltr' id='par_1_27' title="bbox 2419 1511 3993 1589">
     <span class='ocr_line' id='line_1_27' title="bbox 2419 1511 3993 1589; baseline -0.004 -20"><span class='ocrx_word' id='word_1_218' title='bbox 2419 1518 2483 1569; x_wconf 82' lang='grc' dir='ltr'>ἐκ</span> <span class='ocrx_word' id='word_1_219' title='bbox 2507 1515 2666 1579; x_wconf 83' lang='grc' dir='ltr'>Θεοῦ,</span> <span class='ocrx_word' id='word_1_220' title='bbox 2690 1515 2759 1569; x_wconf 80' lang='grc' dir='ltr'>τὰ</span> <span class='ocrx_word' id='word_1_221' title='bbox 2785 1515 3003 1589; x_wconf 71' lang='grc' dir='ltr'>ρήματᾳ</span> <span class='ocrx_word' id='word_1_222' title='bbox 3022 1513 3117 1566; x_wconf 84' lang='grc' dir='ltr'>τοῦ</span> <span class='ocrx_word' id='word_1_223' title='bbox 3142 1513 3277 1567; x_wconf 83' lang='grc' dir='ltr'>Θεοῦ</span> <span class='ocrx_word' id='word_1_224' title='bbox 3303 1512 3514 1567; x_wconf 78' lang='grc' dir='ltr'>ἀκούει.</span> <span class='ocrx_word' id='word_1_225' title='bbox 3537 1512 3638 1566; x_wconf 83' lang='grc' dir='ltr'>Διά</span> <span class='ocrx_word' id='word_1_226' title='bbox 3657 1511 3813 1565; x_wconf 85' lang='grc' dir='ltr'>τοῦτο</span> <span class='ocrx_word' id='word_1_227' title='bbox 3836 1512 3993 1577; x_wconf 83' lang='grc' dir='ltr'>ὑμεῖς</span> 
     </span>
    </p>
   </div>
   <div class='ocr_carea' id='block_1_28' title="bbox 2418 1605 3993 1676">
    <p class='ocr_par' dir='ltr' id='par_1_28' title="bbox 2418 1605 3993 1676">
     <span class='ocr_line' id='line_1_28' title="bbox 2418 1605 3993 1676; baseline -0.004 -14"><span class='ocrx_word' id='word_1_228' title='bbox 2418 1610 2518 1662; x_wconf 80' lang='grc' dir='ltr'>οὐκ</span> <span class='ocrx_word' id='word_1_229' title='bbox 2542 1608 2795 1672; x_wconf 81' lang='grc' dir='ltr'>ἀκούετε,</span> <span class='ocrx_word' id='word_1_230' title='bbox 2820 1611 2901 1663; x_wconf 79' lang='grc' dir='ltr'>ὅτι</span> <span class='ocrx_word' id='word_1_231' title='bbox 2927 1610 2991 1661; x_wconf 77' lang='grc' dir='ltr'>ὲκ</span> <span class='ocrx_word' id='word_1_232' title='bbox 3012 1607 3105 1661; x_wconf 85' lang='grc' dir='ltr'>τοῦ</span> <span class='ocrx_word' id='word_1_233' title='bbox 3134 1606 3270 1660; x_wconf 86' lang='grc' dir='ltr'>Θεοῦ</span> <span class='ocrx_word' id='word_1_234' title='bbox 3295 1607 3395 1660; x_wconf 85' lang='grc' dir='ltr'>οὐκ</span> <span class='ocrx_word' id='word_1_235' title='bbox 3423 1608 3568 1660; x_wconf 75' lang='grc' dir='ltr'>ἐστέ.</span> <span class='ocrx_word' id='word_1_236' title='bbox 3587 1605 3993 1676; x_wconf 74' lang='grc' dir='ltr'>’Δττεκρίῦησαν</span> 
     </span>
    </p>
   </div>
   <div class='ocr_carea' id='block_1_29' title="bbox 2419 1697 3991 1770">
    <p class='ocr_par' dir='ltr' id='par_1_29' title="bbox 2419 1697 3991 1770">
     <span class='ocr_line' id='line_1_29' title="bbox 2419 1697 3991 1770; baseline -0.004 -16"><span class='ocrx_word' id='word_1_237' title='bbox 2419 1705 2466 1756; x_wconf 88' lang='grc' dir='ltr'>οἱ</span> <span class='ocrx_word' id='word_1_238' title='bbox 2485 1702 2749 1767; x_wconf 82' lang='grc' dir='ltr'>Ἰουδαῖοι,</span> <span class='ocrx_word' id='word_1_239' title='bbox 2768 1702 2862 1754; x_wconf 77' lang='grc' dir='ltr'>καὶ</span> <span class='ocrx_word' id='word_1_240' title='bbox 2885 1697 3037 1755; x_wconf 73' lang='grc' dir='ltr'>εἷπον</span> <span class='ocrx_word' id='word_1_241' title='bbox 3060 1699 3206 1770; x_wconf 75' lang='grc' dir='ltr'>αὐτῷ</span> <span class='ocrx_word' id='word_1_242' title='bbox 3225 1715 3238 1729; x_wconf 82' lang='lat'><strong><em>°</em></strong></span> <span class='ocrx_word' id='word_1_243' title='bbox 3262 1700 3335 1753; x_wconf 79' lang='grc' dir='ltr'>Οὐ</span> <span class='ocrx_word' id='word_1_244' title='bbox 3358 1699 3538 1762; x_wconf 84' lang='grc' dir='ltr'>καλῶς</span> <span class='ocrx_word' id='word_1_245' title='bbox 3558 1699 3789 1768; x_wconf 80' lang='grc' dir='ltr'>λέγομεν</span> <span class='ocrx_word' id='word_1_246' title='bbox 3812 1699 3991 1767; x_wconf 76' lang='grc' dir='ltr'>ἡμεῖς,</span> 
     </span>
    </p>
   </div>
   <div class='ocr_carea' id='block_1_30' title="bbox 2421 1789 3993 1863">
    <p class='ocr_par' dir='ltr' id='par_1_30' title="bbox 2421 1789 3993 1863">
     <span class='ocr_line' id='line_1_30' title="bbox 2421 1789 3993 1863; baseline -0.004 -16"><span class='ocrx_word' id='word_1_247' title='bbox 2421 1796 2500 1848; x_wconf 84' lang='grc' dir='ltr'>ὅτι</span> <span class='ocrx_word' id='word_1_248' title='bbox 2528 1794 2874 1863; x_wconf 82' lang='grc' dir='ltr'>Σαμαρείτης</span> <span class='ocrx_word' id='word_1_249' title='bbox 2900 1789 2950 1845; x_wconf 75' lang='grc' dir='ltr'>εἴ</span> <span class='ocrx_word' id='word_1_250' title='bbox 2976 1794 3062 1858; x_wconf 77' lang='grc' dir='ltr'>σὺ,</span> <span class='ocrx_word' id='word_1_251' title='bbox 3088 1792 3181 1845; x_wconf 82' lang='grc' dir='ltr'>καὶ</span> <span class='ocrx_word' id='word_1_252' title='bbox 3202 1792 3476 1862; x_wconf 73' lang='grc' dir='ltr'>δαιμόνιον</span> <span class='ocrx_word' id='word_1_253' title='bbox 3500 1790 3643 1862; x_wconf 80' lang='grc' dir='ltr'>ἔχεις</span> <span class='ocrx_word' id='word_1_254' title='bbox 3660 1807 3674 1853; x_wconf 83' lang='grc' dir='ltr'>ς</span> <span class='ocrx_word' id='word_1_255' title='bbox 3694 1789 3993 1859; x_wconf 74' lang='grc' dir='ltr'>Ἀπεκρίθη</span> 
     </span>
    </p>
   </div>
   <div class='ocr_carea' id='block_1_31' title="bbox 738 1871 2419 1958">
    <p class='ocr_par' dir='ltr' id='par_1_31' title="bbox 738 1871 2419 1949">
     <span class='ocr_line' id='line_1_31' title="bbox 738 1871 2419 1949; baseline 0.002 -22"><span class='ocrx_word' id='word_1_256' title='bbox 738 1876 1063 1931; x_wconf 66' lang='lat' dir='ltr'><strong>daemonium</strong></span> <span class='ocrx_word' id='word_1_257' title='bbox 1122 1879 1321 1933; x_wconf 79' lang='lat' dir='ltr'><strong>habes?</strong></span> <span class='ocrx_word' id='word_1_258' title='bbox 1372 1878 1669 1949; x_wconf 74' lang='lat' dir='ltr'><strong>Respondit</strong></span> <span class='ocrx_word' id='word_1_259' title='bbox 1713 1877 1909 1935; x_wconf 86' lang='lat' dir='ltr'><strong>Jesus:</strong></span> <span class='ocrx_word' id='word_1_260' title='bbox 1980 1881 2312 1937; x_wconf 74' lang='lat' dir='ltr'><strong>Dtemunium</strong></span> <span class='ocrx_word' id='word_1_261' title='bbox 2343 1871 2419 1931; x_wconf 77' lang='lat' dir='ltr'>B&#39;</span> 
     </span>
    </p>
   </div>
   <div class='ocr_carea' id='block_1_32' title="bbox 2312 1871 3993 1958">
    <p class='ocr_par' dir='ltr' id='par_1_32' title="bbox 2343 1871 3993 1958">
     <span class='ocr_line' id='line_1_32' title="bbox 2343 1871 3993 1958; baseline -0.005 -15"><span class='ocrx_word' id='word_1_262' title='bbox 2343 1871 2387 1931; x_wconf 78' lang='grc' dir='ltr'>Β</span> <span class='ocrx_word' id='word_1_263' title='bbox 2416 1888 2625 1958; x_wconf 83' lang='grc' dir='ltr'>Ἰησοῦς</span> <span class='ocrx_word' id='word_1_264' title='bbox 2646 1904 2659 1919; x_wconf 74' lang='grc' dir='ltr'><strong>ο</strong></span> <span class='ocrx_word' id='word_1_265' title='bbox 2683 1885 2827 1954; x_wconf 83' lang='grc' dir='ltr'>Ἐγὼ</span> <span class='ocrx_word' id='word_1_266' title='bbox 2851 1886 3126 1955; x_wconf 85' lang='grc' dir='ltr'>δαιμόνιον</span> <span class='ocrx_word' id='word_1_267' title='bbox 3151 1886 3250 1939; x_wconf 84' lang='grc' dir='ltr'>οὐκ</span> <span class='ocrx_word' id='word_1_268' title='bbox 3277 1886 3405 1955; x_wconf 78' lang='grc' dir='ltr'>ἔχω,</span> <span class='ocrx_word' id='word_1_269' title='bbox 3432 1885 3567 1938; x_wconf 78' lang='grc' dir='ltr'>ἀλλὰ</span> <span class='ocrx_word' id='word_1_270' title='bbox 3593 1884 3737 1953; x_wconf 82' lang='grc' dir='ltr'><strong>τιμῶ</strong></span> <span class='ocrx_word' id='word_1_271' title='bbox 3762 1884 3851 1935; x_wconf 78' lang='grc' dir='ltr'>τὸν</span> <span class='ocrx_word' id='word_1_272' title='bbox 3884 1885 3993 1937; x_wconf 83' lang='grc' dir='ltr'>[Ια-</span> 
     </span>
    </p>
   </div>
   <div class='ocr_carea' id='block_1_33' title="bbox 742 1970 2314 2033">
    <p class='ocr_par' dir='ltr' id='par_1_33' title="bbox 742 1970 2314 2033">
     <span class='ocr_line' id='line_1_33' title="bbox 742 1970 2314 2033; baseline 0.004 -12"><span class='ocrx_word' id='word_1_273' title='bbox 742 1986 772 2022; x_wconf 92' lang='grc' dir='ltr'>ιι</span> <span class='ocrx_word' id='word_1_274' title='bbox 798 1987 847 2022; x_wconf 78' lang='grc' dir='ltr'>ιιι</span> <span class='ocrx_word' id='word_1_275' title='bbox 903 1970 1097 2033; x_wconf 81' lang='lat' dir='ltr'><strong>habeo,</strong></span> <span class='ocrx_word' id='word_1_276' title='bbox 1148 1972 1240 2024; x_wconf 87' lang='lat' dir='ltr'>sed</span> <span class='ocrx_word' id='word_1_277' title='bbox 1288 1972 1584 2027; x_wconf 90' lang='lat' dir='ltr'><strong>cobuncsto</strong></span> <span class='ocrx_word' id='word_1_278' title='bbox 1635 1971 1847 2028; x_wconf 88' lang='lat' dir='ltr'><strong>Patrem</strong></span> <span class='ocrx_word' id='word_1_279' title='bbox 1902 1983 2314 2029; x_wconf 80' lang='lat' dir='ltr'><strong>meutnzctvus</strong></span> 
     </span>
    </p>
   </div>
   <div class='ocr_carea' id='block_1_34' title="bbox 740 2059 2315 2135">
    <p class='ocr_par' dir='ltr' id='par_1_34' title="bbox 740 2059 2315 2135">
     <span class='ocr_line' id='line_1_34' title="bbox 740 2059 2315 2135; baseline 0.005 -23"><span class='ocrx_word' id='word_1_280' title='bbox 740 2059 1034 2128; x_wconf 89' lang='lat' dir='ltr'><strong>ignominia</strong></span> <span class='ocrx_word' id='word_1_281' title='bbox 1087 2060 1345 2118; x_wconf 75' lang='lat' dir='ltr'><strong>atlecistis</strong></span> <span class='ocrx_word' id='word_1_282' title='bbox 1406 2078 1509 2118; x_wconf 87' lang='lat' dir='ltr'>me.</span> <span class='ocrx_word' id='word_1_283' title='bbox 1560 2063 1671 2135; x_wconf 86' lang='lat' dir='ltr'><strong>Ego</strong></span> <span class='ocrx_word' id='word_1_284' title='bbox 1724 2076 1901 2120; x_wconf 91' lang='lat' dir='ltr'><strong>autem</strong></span> <span class='ocrx_word' id='word_1_285' title='bbox 1968 2080 2072 2120; x_wconf 93' lang='lat' dir='ltr'>non</span> <span class='ocrx_word' id='word_1_286' title='bbox 2130 2080 2315 2135; x_wconf 67' lang='lat' dir='ltr'><strong>quaero</strong></span> 
     </span>
    </p>
   </div>
   <div class='ocr_carea' id='block_1_35' title="bbox 739 2153 2310 2228">
    <p class='ocr_par' dir='ltr' id='par_1_35' title="bbox 739 2153 2310 2228">
     <span class='ocr_line' id='line_1_35' title="bbox 739 2153 2310 2228; baseline 0.006 -26"><span class='ocrx_word' id='word_1_287' title='bbox 739 2153 961 2221; x_wconf 72' lang='lat' dir='ltr'><strong>gloriam</strong></span> <span class='ocrx_word' id='word_1_288' title='bbox 1010 2170 1224 2210; x_wconf 89' lang='lat' dir='ltr'><strong>meam:</strong></span> <span class='ocrx_word' id='word_1_289' title='bbox 1253 2166 1337 2211; x_wconf 90' lang='lat' dir='ltr'><strong>est</strong></span> <span class='ocrx_word' id='word_1_290' title='bbox 1392 2158 1740 2228; x_wconf 74' lang='lat' dir='ltr'><strong>quiquterat</strong></span> <span class='ocrx_word' id='word_1_291' title='bbox 1772 2168 1825 2213; x_wconf 91' lang='lat' dir='ltr'><strong>et</strong></span> <span class='ocrx_word' id='word_1_292' title='bbox 1860 2157 2081 2227; x_wconf 88' lang='lat' dir='ltr'><strong>judicet.</strong></span> <span class='ocrx_word' id='word_1_293' title='bbox 2115 2178 2133 2212; x_wconf 73' lang='grc' dir='ltr'>ι</span> <span class='ocrx_word' id='word_1_294' title='bbox 2174 2159 2310 2225; x_wconf 86' lang='lat' dir='ltr'><strong>Quia</strong></span> 
     </span>
    </p>
   </div>
   <div class='ocr_carea' id='block_1_36' title="bbox 742 2247 2315 2319">
    <p class='ocr_par' dir='ltr' id='par_1_36' title="bbox 742 2247 2315 2319">
     <span class='ocr_line' id='line_1_36' title="bbox 742 2247 2315 2319; baseline 0.004 -19"><span class='ocrx_word' id='word_1_295' title='bbox 742 2247 835 2301; x_wconf 87' lang='lat' dir='ltr'>Dei</span> <span class='ocrx_word' id='word_1_296' title='bbox 870 2247 1011 2301; x_wconf 78' lang='lat' dir='ltr'><strong>lilios</strong></span> <span class='ocrx_word' id='word_1_297' title='bbox 1044 2248 1250 2318; x_wconf 87' lang='lat' dir='ltr'><strong>seipsos</strong></span> <span class='ocrx_word' id='word_1_298' title='bbox 1309 2250 1677 2311; x_wconf 87' lang='lat' dir='ltr'><strong>nominabant,</strong></span> <span class='ocrx_word' id='word_1_299' title='bbox 1733 2252 1925 2319; x_wconf 81' lang='lat' dir='ltr'><strong>inquit,</strong></span> <span class='ocrx_word' id='word_1_300' title='bbox 1968 2251 2023 2307; x_wconf 88' lang='lat' dir='ltr'>Si</span> <span class='ocrx_word' id='word_1_301' title='bbox 2056 2252 2143 2306; x_wconf 86' lang='lat' dir='ltr'><strong>Dei</strong></span> <span class='ocrx_word' id='word_1_302' title='bbox 2183 2253 2315 2307; x_wconf 88' lang='lat' dir='ltr'><strong>estis</strong></span> 
     </span>
    </p>
   </div>
   <div class='ocr_carea' id='block_1_37' title="bbox 742 2339 2317 2414">
    <p class='ocr_par' dir='ltr' id='par_1_37' title="bbox 742 2339 2317 2414">
     <span class='ocr_line' id='line_1_37' title="bbox 742 2339 2317 2414; baseline 0.004 -23"><span class='ocrx_word' id='word_1_303' title='bbox 742 2340 858 2400; x_wconf 90' lang='lat' dir='ltr'><strong>lilii,</strong></span> <span class='ocrx_word' id='word_1_304' title='bbox 896 2339 1075 2407; x_wconf 87' lang='lat' dir='ltr'><strong>utique</strong></span> <span class='ocrx_word' id='word_1_305' title='bbox 1102 2352 1411 2409; x_wconf 84' lang='lat' dir='ltr'><strong>peccantem</strong></span> <span class='ocrx_word' id='word_1_306' title='bbox 1445 2342 1651 2397; x_wconf 89' lang='lat' dir='ltr'><strong>debetis</strong></span> <span class='ocrx_word' id='word_1_307' title='bbox 1675 2342 1797 2397; x_wconf 88' lang='lat' dir='ltr'><strong>odiu</strong></span> <span class='ocrx_word' id='word_1_308' title='bbox 1828 2344 2044 2398; x_wconf 87' lang='lat' dir='ltr'><strong>habere.</strong></span> <span class='ocrx_word' id='word_1_309' title='bbox 2070 2344 2127 2398; x_wconf 91' lang='lat' dir='ltr'>Si</span> <span class='ocrx_word' id='word_1_310' title='bbox 2152 2344 2317 2414; x_wconf 82' lang='lat' dir='ltr'><strong>igitur</strong></span> 
     </span>
    </p>
   </div>
   <div class='ocr_carea' id='block_1_38' title="bbox 742 2433 2316 2507">
    <p class='ocr_par' dir='ltr' id='par_1_38' title="bbox 742 2433 2316 2507">
     <span class='ocr_line' id='line_1_38' title="bbox 742 2433 2316 2507; baseline 0.006 -25"><span class='ocrx_word' id='word_1_311' title='bbox 742 2441 793 2483; x_wconf 72' lang='grc' dir='ltr'>ιιι</span> <span class='ocrx_word' id='word_1_312' title='bbox 829 2446 911 2484; x_wconf 87' lang='lat' dir='ltr'>me</span> <span class='ocrx_word' id='word_1_313' title='bbox 949 2446 1107 2499; x_wconf 83' lang='lat' dir='ltr'><strong>quem</strong></span> <span class='ocrx_word' id='word_1_314' title='bbox 1148 2433 1274 2485; x_wconf 94' lang='lat' dir='ltr'><strong>odio</strong></span> <span class='ocrx_word' id='word_1_315' title='bbox 1303 2434 1531 2496; x_wconf 83' lang='lat' dir='ltr'><strong>habetis,</strong></span> <span class='ocrx_word' id='word_1_316' title='bbox 1562 2435 1785 2502; x_wconf 83' lang='lat' dir='ltr'><strong>potestis</strong></span> <span class='ocrx_word' id='word_1_317' title='bbox 1809 2450 2035 2505; x_wconf 75' lang='lat' dir='ltr'><strong>arguere</strong></span> <span class='ocrx_word' id='word_1_318' title='bbox 2088 2451 2316 2507; x_wconf 87' lang='lat' dir='ltr'><strong>peccan-</strong></span> 
     </span>
    </p>
   </div>
   <div class='ocr_carea' id='block_1_39' title="bbox 746 2522 2313 2599">
    <p class='ocr_par' dir='ltr' id='par_1_39' title="bbox 746 2522 2313 2599">
     <span class='ocr_line' id='line_1_39' title="bbox 746 2522 2313 2599; baseline 0.006 -24"><span class='ocrx_word' id='word_1_319' title='bbox 746 2534 872 2585; x_wconf 84' lang='lat' dir='ltr'><strong>tem,</strong></span> <span class='ocrx_word' id='word_1_320' title='bbox 903 2522 1247 2579; x_wconf 76' lang='lat' dir='ltr'><strong>manifestum</strong></span> <span class='ocrx_word' id='word_1_321' title='bbox 1270 2525 1410 2595; x_wconf 91' lang='lat' dir='ltr'><strong>quod</strong></span> <span class='ocrx_word' id='word_1_322' title='bbox 1432 2525 1577 2593; x_wconf 88' lang='lat' dir='ltr'><strong>juste</strong></span> <span class='ocrx_word' id='word_1_323' title='bbox 1610 2527 1734 2582; x_wconf 91' lang='lat' dir='ltr'><strong>odio</strong></span> <span class='ocrx_word' id='word_1_324' title='bbox 1765 2543 1849 2581; x_wconf 91' lang='lat' dir='ltr'>me</span> <span class='ocrx_word' id='word_1_325' title='bbox 1881 2529 2272 2599; x_wconf 89' lang='lat' dir='ltr'><strong>prosequimini</strong></span> <span class='ocrx_word' id='word_1_326' title='bbox 2298 2546 2313 2595; x_wconf 90' lang='lat'><strong>;</strong></span> 
     </span>
    </p>
   </div>
   <div class='ocr_carea' id='block_1_40' title="bbox 742 2620 2315 2693">
    <p class='ocr_par' dir='ltr' id='par_1_40' title="bbox 742 2620 2315 2693">
     <span class='ocr_line' id='line_1_40' title="bbox 742 2620 2315 2693; baseline 0.006 -23"><span class='ocrx_word' id='word_1_327' title='bbox 742 2620 885 2687; x_wconf 87' lang='lat' dir='ltr'><strong>quod</strong></span> <span class='ocrx_word' id='word_1_328' title='bbox 916 2620 959 2673; x_wconf 92' lang='lat' dir='ltr'><strong>si</strong></span> <span class='ocrx_word' id='word_1_329' title='bbox 985 2633 1142 2674; x_wconf 85' lang='lat' dir='ltr'><strong>nemo</strong></span> <span class='ocrx_word' id='word_1_330' title='bbox 1176 2635 1260 2675; x_wconf 84' lang='lat' dir='ltr'>me</span> <span class='ocrx_word' id='word_1_331' title='bbox 1292 2630 1468 2690; x_wconf 89' lang='lat' dir='ltr'><strong>potest</strong></span> <span class='ocrx_word' id='word_1_332' title='bbox 1502 2636 1751 2691; x_wconf 86' lang='lat' dir='ltr'><strong>arguere,</strong></span> <span class='ocrx_word' id='word_1_333' title='bbox 1789 2621 2133 2679; x_wconf 81' lang='lat' dir='ltr'><strong>manifestum</strong></span> <span class='ocrx_word' id='word_1_334' title='bbox 2173 2626 2315 2693; x_wconf 92' lang='lat' dir='ltr'><strong>quod</strong></span> 
     </span>
    </p>
   </div>
   <div class='ocr_carea' id='block_1_41' title="bbox 744 2712 2317 2781">
    <p class='ocr_par' dir='ltr' id='par_1_41' title="bbox 744 2712 2317 2781">
     <span class='ocr_line' id='line_1_41' title="bbox 744 2712 2317 2781; baseline 0.004 -18"><span class='ocrx_word' id='word_1_335' title='bbox 744 2720 964 2779; x_wconf 79' lang='lat' dir='ltr'><strong>propter</strong></span> <span class='ocrx_word' id='word_1_336' title='bbox 993 2713 1271 2767; x_wconf 85' lang='lat' dir='ltr'><strong>veritatem</strong></span> <span class='ocrx_word' id='word_1_337' title='bbox 1298 2728 1521 2767; x_wconf 79' lang='lat' dir='ltr'><strong>exosum</strong></span> <span class='ocrx_word' id='word_1_338' title='bbox 1556 2713 1782 2769; x_wconf 86' lang='lat' dir='ltr'><strong>habetis.</strong></span> <span class='ocrx_word' id='word_1_339' title='bbox 1814 2712 1985 2781; x_wconf 85' lang='lat' dir='ltr'><strong>Quam</strong></span> <span class='ocrx_word' id='word_1_340' title='bbox 2012 2724 2192 2770; x_wconf 91' lang='lat' dir='ltr'><strong>autem</strong></span> <span class='ocrx_word' id='word_1_341' title='bbox 2224 2731 2317 2770; x_wconf 79' lang='lat' dir='ltr'><strong>vc—</strong></span> 
     </span>
    </p>
   </div>
   <div class='ocr_carea' id='block_1_42' title="bbox 748 2805 2316 2877">
    <p class='ocr_par' dir='ltr' id='par_1_42' title="bbox 748 2805 2316 2877">
     <span class='ocr_line' id='line_1_42' title="bbox 748 2805 2316 2877; baseline 0.004 -19"><span class='ocrx_word' id='word_1_342' title='bbox 748 2805 1010 2860; x_wconf 77' lang='lat' dir='ltr'><strong>ritatem?</strong></span> <span class='ocrx_word' id='word_1_343' title='bbox 1058 2805 1290 2862; x_wconf 88' lang='lat' dir='ltr'><strong>Omnino</strong></span> <span class='ocrx_word' id='word_1_344' title='bbox 1327 2806 1451 2877; x_wconf 90' lang='lat' dir='ltr'><strong>quia</strong></span> <span class='ocrx_word' id='word_1_345' title='bbox 1498 2806 1712 2862; x_wconf 80' lang='lat' dir='ltr'><strong>dixerat</strong></span> <span class='ocrx_word' id='word_1_346' title='bbox 1768 2822 1826 2863; x_wconf 90' lang='lat' dir='ltr'>se</span> <span class='ocrx_word' id='word_1_347' title='bbox 1882 2807 1976 2864; x_wconf 91' lang='lat' dir='ltr'>Dei</span> <span class='ocrx_word' id='word_1_348' title='bbox 2008 2807 2224 2874; x_wconf 83' lang='lat' dir='ltr'><strong>Filium,</strong></span> <span class='ocrx_word' id='word_1_349' title='bbox 2265 2810 2316 2864; x_wconf 92' lang='lat' dir='ltr'><strong>id</strong></span> 
     </span>
    </p>
   </div>
   <div class='ocr_carea' id='block_1_43' title="bbox 745 2896 2320 2970">
    <p class='ocr_par' dir='ltr' id='par_1_43' title="bbox 745 2896 2320 2970">
     <span class='ocr_line' id='line_1_43' title="bbox 745 2896 2320 2970; baseline 0.006 -25"><span class='ocrx_word' id='word_1_350' title='bbox 745 2898 886 2963; x_wconf 79' lang='lat' dir='ltr'><strong>quod</strong></span> <span class='ocrx_word' id='word_1_351' title='bbox 921 2898 1261 2952; x_wconf 89' lang='lat' dir='ltr'><strong>verissimum</strong></span> <span class='ocrx_word' id='word_1_352' title='bbox 1285 2908 1387 2953; x_wconf 88' lang='lat' dir='ltr'><strong>est.</strong></span> <span class='ocrx_word' id='word_1_353' title='bbox 1443 2896 1595 2952; x_wconf 89' lang='lat' dir='ltr'><strong>Sicut</strong></span> <span class='ocrx_word' id='word_1_354' title='bbox 1646 2907 1825 2953; x_wconf 89' lang='lat' dir='ltr'><strong>autem</strong></span> <span class='ocrx_word' id='word_1_355' title='bbox 1853 2899 1897 2955; x_wconf 88' lang='lat' dir='ltr'><strong>is</strong></span> <span class='ocrx_word' id='word_1_356' title='bbox 1933 2918 1952 2952; x_wconf 86' lang='lat' dir='ltr'>t</span> <span class='ocrx_word' id='word_1_357' title='bbox 1981 2901 2072 2970; x_wconf 91' lang='lat' dir='ltr'><strong>qui</strong></span> <span class='ocrx_word' id='word_1_358' title='bbox 2101 2914 2169 2955; x_wconf 80' lang='lat' dir='ltr'><strong>ex</strong></span> <span class='ocrx_word' id='word_1_359' title='bbox 2211 2900 2320 2955; x_wconf 90' lang='lat' dir='ltr'>Deo</span> 
     </span>
    </p>
   </div>
   <div class='ocr_carea' id='block_1_44' title="bbox 744 2991 2318 3052">
    <p class='ocr_par' dir='ltr' id='par_1_44' title="bbox 744 2991 2318 3052">
     <span class='ocr_line' id='line_1_44' title="bbox 744 2991 2318 3052; baseline 0.004 -10"><span class='ocrx_word' id='word_1_360' title='bbox 744 3000 848 3052; x_wconf 58' lang='lat' dir='ltr'><strong>est,</strong></span> <span class='ocrx_word' id='word_1_361' title='bbox 879 2992 1038 3044; x_wconf 90' lang='lat' dir='ltr'><strong>verba</strong></span> <span class='ocrx_word' id='word_1_362' title='bbox 1084 2991 1173 3045; x_wconf 90' lang='lat' dir='ltr'>Dei</span> <span class='ocrx_word' id='word_1_363' title='bbox 1222 2992 1409 3045; x_wconf 88' lang='lat' dir='ltr'><strong>audit:</strong></span> <span class='ocrx_word' id='word_1_364' title='bbox 1454 3011 1472 3044; x_wconf 73' lang='grc' dir='ltr'>ι</span> <span class='ocrx_word' id='word_1_365' title='bbox 1514 2993 1584 3046; x_wconf 90' lang='lat' dir='ltr'><strong>ita</strong></span> <span class='ocrx_word' id='word_1_366' title='bbox 1644 2993 1806 3047; x_wconf 91' lang='lat' dir='ltr'><strong>etiam</strong></span> <span class='ocrx_word' id='word_1_367' title='bbox 1836 3007 1929 3048; x_wconf 85' lang='lat' dir='ltr'>vos</span> <span class='ocrx_word' id='word_1_368' title='bbox 1970 2992 2016 3048; x_wconf 87' lang='lat' dir='ltr'><strong>si</strong></span> <span class='ocrx_word' id='word_1_369' title='bbox 2075 2994 2166 3048; x_wconf 86' lang='lat' dir='ltr'>Dei</span> <span class='ocrx_word' id='word_1_370' title='bbox 2225 2992 2318 3048; x_wconf 80' lang='lat' dir='ltr'><strong>lilii</strong></span> 
     </span>
    </p>
   </div>
   <div class='ocr_carea' id='block_1_45' title="bbox 745 3082 2321 3153">
    <p class='ocr_par' dir='ltr' id='par_1_45' title="bbox 745 3082 2321 3153">
     <span class='ocr_line' id='line_1_45' title="bbox 745 3082 2321 3153; baseline 0.004 -22"><span class='ocrx_word' id='word_1_371' title='bbox 745 3082 959 3145; x_wconf 61' lang='lat' dir='ltr'><strong>essetis,</strong></span> <span class='ocrx_word' id='word_1_372' title='bbox 989 3095 1092 3134; x_wconf 89' lang='lat' dir='ltr'>non</span> <span class='ocrx_word' id='word_1_373' title='bbox 1135 3095 1163 3134; x_wconf 90' lang='lat' dir='ltr'>a</span> <span class='ocrx_word' id='word_1_374' title='bbox 1196 3095 1280 3135; x_wconf 91' lang='lat' dir='ltr'>me</span> <span class='ocrx_word' id='word_1_375' title='bbox 1338 3082 1608 3137; x_wconf 90' lang='lat' dir='ltr'><strong>audiendo</strong></span> <span class='ocrx_word' id='word_1_376' title='bbox 1639 3082 2016 3147; x_wconf 70' lang='lat' dir='ltr'><strong>declinaretis,</strong></span> <span class='ocrx_word' id='word_1_377' title='bbox 2043 3099 2220 3153; x_wconf 81' lang='lat' dir='ltr'><strong>neque</strong></span> <span class='ocrx_word' id='word_1_378' title='bbox 2254 3084 2321 3138; x_wconf 92' lang='lat' dir='ltr'><strong>ad</strong></span> 
     </span>
    </p>
   </div>
   <div class='ocr_carea' id='block_1_46' title="bbox 747 3173 2319 3245">
    <p class='ocr_par' dir='ltr' id='par_1_46' title="bbox 747 3173 2319 3245">
     <span class='ocr_line' id='line_1_46' title="bbox 747 3173 2319 3245; baseline 0.004 -20"><span class='ocrx_word' id='word_1_379' title='bbox 747 3182 972 3226; x_wconf 86' lang='lat' dir='ltr'><strong>mortem</strong></span> <span class='ocrx_word' id='word_1_380' title='bbox 999 3173 1315 3241; x_wconf 78' lang='lat' dir='ltr'><strong>qutcreretis</strong></span> <span class='ocrx_word' id='word_1_381' title='bbox 1341 3188 1462 3229; x_wconf 93' lang='lat' dir='ltr'>enm</span> <span class='ocrx_word' id='word_1_382' title='bbox 1493 3175 1583 3243; x_wconf 88' lang='lat' dir='ltr'><strong>qui</strong></span> <span class='ocrx_word' id='word_1_383' title='bbox 1611 3190 1639 3230; x_wconf 89' lang='lat' dir='ltr'>e</span> <span class='ocrx_word' id='word_1_384' title='bbox 1680 3176 1931 3245; x_wconf 90' lang='lat' dir='ltr'><strong>supernis</strong></span> <span class='ocrx_word' id='word_1_385' title='bbox 1956 3178 2105 3231; x_wconf 90' lang='lat' dir='ltr'><strong>venit</strong></span> <span class='ocrx_word' id='word_1_386' title='bbox 2128 3177 2319 3231; x_wconf 84' lang='lat' dir='ltr'><strong>Filium</strong></span> 
     </span>
    </p>
   </div>
   <div class='ocr_carea' id='block_1_47' title="bbox 747 3263 2320 3339">
    <p class='ocr_par' dir='ltr' id='par_1_47' title="bbox 747 3263 2320 3339">
     <span class='ocr_line' id='line_1_47' title="bbox 747 3263 2320 3339; baseline 0.004 -21"><span class='ocrx_word' id='word_1_387' title='bbox 747 3263 865 3324; x_wconf 76' lang='lat' dir='ltr'><strong>Dei.</strong></span> <span class='ocrx_word' id='word_1_388' title='bbox 893 3272 946 3319; x_wconf 86' lang='lat' dir='ltr'><strong>et</strong></span> <span class='ocrx_word' id='word_1_389' title='bbox 970 3280 1031 3321; x_wconf 86' lang='lat' dir='ltr'>ea</span> <span class='ocrx_word' id='word_1_390' title='bbox 1060 3280 1177 3334; x_wconf 75' lang='lat' dir='ltr'>qum</span> <span class='ocrx_word' id='word_1_391' title='bbox 1202 3266 1293 3319; x_wconf 86' lang='lat' dir='ltr'><strong>Dei</strong></span> <span class='ocrx_word' id='word_1_392' title='bbox 1320 3276 1475 3321; x_wconf 87' lang='lat' dir='ltr'><strong>erant</strong></span> <span class='ocrx_word' id='word_1_393' title='bbox 1508 3266 1840 3336; x_wconf 88' lang='lat' dir='ltr'><strong>loquentem.</strong></span> <span class='ocrx_word' id='word_1_394' title='bbox 1871 3266 2037 3339; x_wconf 82' lang='lat' dir='ltr'><strong>Igitur</strong></span> <span class='ocrx_word' id='word_1_395' title='bbox 2062 3268 2320 3325; x_wconf 91' lang='lat' dir='ltr'><strong>Dominus</strong></span> 
     </span>
    </p>
   </div>
   <div class='ocr_carea' id='block_1_48' title="bbox 750 3359 2319 3434">
    <p class='ocr_par' dir='ltr' id='par_1_48' title="bbox 750 3359 2319 3434">
     <span class='ocr_line' id='line_1_48' title="bbox 750 3359 2319 3434; baseline 0.006 -26"><span class='ocrx_word' id='word_1_396' title='bbox 750 3360 965 3426; x_wconf 82' lang='lat' dir='ltr'><strong>quidem</strong></span> <span class='ocrx_word' id='word_1_397' title='bbox 1018 3359 1086 3412; x_wconf 88' lang='lat' dir='ltr'><strong>ita</strong></span> <span class='ocrx_word' id='word_1_398' title='bbox 1127 3369 1404 3415; x_wconf 86' lang='lat' dir='ltr'><strong>mansuete</strong></span> <span class='ocrx_word' id='word_1_399' title='bbox 1448 3375 1571 3415; x_wconf 89' lang='lat' dir='ltr'>cum</span> <span class='ocrx_word' id='word_1_400' title='bbox 1608 3362 1687 3419; x_wconf 81' lang='lat' dir='ltr'>eis</span> <span class='ocrx_word' id='word_1_401' title='bbox 1748 3361 1957 3418; x_wconf 93' lang='lat' dir='ltr'><strong>locutus</strong></span> <span class='ocrx_word' id='word_1_402' title='bbox 2002 3362 2165 3434; x_wconf 72' lang='lat'>627</span> <span class='ocrx_word' id='word_1_403' title='bbox 2200 3373 2319 3418; x_wconf 90' lang='lat' dir='ltr'><strong>est:</strong></span> 
     </span>
    </p>
   </div>
   <div class='ocr_carea' id='block_1_49' title="bbox 748 3451 2321 3524">
    <p class='ocr_par' dir='ltr' id='par_1_49' title="bbox 748 3451 2321 3524">
     <span class='ocr_line' id='line_1_49' title="bbox 748 3451 2321 3524; baseline 0.003 -21"><span class='ocrx_word' id='word_1_404' title='bbox 748 3460 804 3504; x_wconf 87' lang='lat' dir='ltr'><strong>at</strong></span> <span class='ocrx_word' id='word_1_405' title='bbox 827 3451 901 3504; x_wconf 90' lang='lat' dir='ltr'><strong>illi</strong></span> <span class='ocrx_word' id='word_1_406' title='bbox 929 3451 993 3505; x_wconf 86' lang='lat' dir='ltr'>ad</span> <span class='ocrx_word' id='word_1_407' title='bbox 1026 3451 1266 3505; x_wconf 88' lang='lat' dir='ltr'><strong>convicia</strong></span> <span class='ocrx_word' id='word_1_408' title='bbox 1291 3464 1521 3521; x_wconf 84' lang='lat' dir='ltr'><strong>pergunt</strong></span> <span class='ocrx_word' id='word_1_409' title='bbox 1541 3470 1567 3505; x_wconf 91' lang='lat'>:-</span> <span class='ocrx_word' id='word_1_410' title='bbox 1596 3471 1614 3505; x_wconf 89' lang='lat' dir='ltr'>t</span> <span class='ocrx_word' id='word_1_411' title='bbox 1644 3451 1828 3509; x_wconf 83' lang='lat' dir='ltr'><strong>Nonne</strong></span> <span class='ocrx_word' id='word_1_412' title='bbox 1862 3455 2019 3520; x_wconf 84' lang='lat' dir='ltr'><strong>bene,</strong></span> <span class='ocrx_word' id='word_1_413' title='bbox 2052 3455 2321 3524; x_wconf 91' lang='lat' dir='ltr'><strong>inquiunt,</strong></span> 
     </span>
    </p>
   </div>
   <div class='ocr_carea' id='block_1_50' title="bbox 748 3541 2322 3612">
    <p class='ocr_par' dir='ltr' id='par_1_50' title="bbox 748 3541 2322 3612">
     <span class='ocr_line' id='line_1_50' title="bbox 748 3541 2322 3612; baseline 0.003 -17"><span class='ocrx_word' id='word_1_414' title='bbox 748 3541 1060 3595; x_wconf 76' lang='lat' dir='ltr'><strong>dicebamus</strong></span> <span class='ocrx_word' id='word_1_415' title='bbox 1122 3542 1245 3612; x_wconf 86' lang='lat' dir='ltr'><strong>quia</strong></span> <span class='ocrx_word' id='word_1_416' title='bbox 1298 3541 1673 3598; x_wconf 76' lang='lat' dir='ltr'><strong>Samaritanus</strong></span> <span class='ocrx_word' id='word_1_417' title='bbox 1720 3560 1779 3599; x_wconf 87' lang='lat' dir='ltr'>es</span> <span class='ocrx_word' id='word_1_418' title='bbox 1802 3552 1876 3610; x_wconf 90' lang='lat' dir='ltr'><strong>tu,</strong></span> <span class='ocrx_word' id='word_1_419' title='bbox 1907 3553 1960 3599; x_wconf 89' lang='lat' dir='ltr'><strong>et</strong></span> <span class='ocrx_word' id='word_1_420' title='bbox 2002 3546 2322 3600; x_wconf 64' lang='lat' dir='ltr'><strong>daemonium</strong></span> 
     </span>
    </p>
   </div>
   <div class='ocr_carea' id='block_1_51' title="bbox 752 3634 2320 3710">
    <p class='ocr_par' dir='ltr' id='par_1_51' title="bbox 752 3634 2320 3710">
     <span class='ocr_line' id='line_1_51' title="bbox 752 3634 2320 3710; baseline 0.004 -24"><span class='ocrx_word' id='word_1_421' title='bbox 752 3634 956 3687; x_wconf 82' lang='lat' dir='ltr'><strong>habes?</strong></span> <span class='ocrx_word' id='word_1_422' title='bbox 985 3653 1002 3686; x_wconf 79' lang='grc' dir='ltr'>ι</span> <span class='ocrx_word' id='word_1_423' title='bbox 1039 3634 1439 3691; x_wconf 80' lang='lat' dir='ltr'><strong>Samaritanum</strong></span> <span class='ocrx_word' id='word_1_424' title='bbox 1460 3638 1631 3707; x_wconf 85' lang='lat' dir='ltr'><strong>ipsum</strong></span> <span class='ocrx_word' id='word_1_425' title='bbox 1657 3638 1929 3703; x_wconf 86' lang='lat' dir='ltr'><strong>dicebant,</strong></span> <span class='ocrx_word' id='word_1_426' title='bbox 1948 3639 2091 3710; x_wconf 93' lang='lat' dir='ltr'><strong>quod</strong></span> <span class='ocrx_word' id='word_1_427' title='bbox 2116 3656 2320 3695; x_wconf 91' lang='lat' dir='ltr'><strong>morem</strong></span> 
     </span>
    </p>
   </div>
   <div class='ocr_carea' id='block_1_52' title="bbox 747 3721 2323 3794">
    <p class='ocr_par' dir='ltr' id='par_1_52' title="bbox 747 3721 2323 3794">
     <span class='ocr_line' id='line_1_52' title="bbox 747 3721 2323 3794; baseline 0.005 -16"><span class='ocrx_word' id='word_1_428' title='bbox 747 3721 1029 3778; x_wconf 82' lang='lat' dir='ltr'><strong>Judalcum</strong></span> <span class='ocrx_word' id='word_1_429' title='bbox 1054 3724 1378 3791; x_wconf 87' lang='lat' dir='ltr'><strong>destrueret,</strong></span> <span class='ocrx_word' id='word_1_430' title='bbox 1411 3742 1603 3794; x_wconf 87' lang='lat' dir='ltr'><strong>nempe</strong></span> <span class='ocrx_word' id='word_1_431' title='bbox 1637 3727 1969 3783; x_wconf 89' lang='lat' dir='ltr'><strong>Sabbatum:</strong></span> <span class='ocrx_word' id='word_1_432' title='bbox 2002 3728 2323 3786; x_wconf 84' lang='lat' dir='ltr'><strong>Samaritnni</strong></span> 
     </span>
    </p>
   </div>
   <div class='ocr_carea' id='block_1_53' title="bbox 749 3818 2325 3889">
    <p class='ocr_par' dir='ltr' id='par_1_53' title="bbox 749 3818 2325 3889">
     <span class='ocr_line' id='line_1_53' title="bbox 749 3818 2325 3889; baseline 0.006 -21"><span class='ocrx_word' id='word_1_433' title='bbox 749 3819 891 3869; x_wconf 84' lang='lat' dir='ltr'><strong>enim</strong></span> <span class='ocrx_word' id='word_1_434' title='bbox 925 3831 1028 3871; x_wconf 91' lang='lat' dir='ltr'>non</span> <span class='ocrx_word' id='word_1_435' title='bbox 1063 3818 1276 3889; x_wconf 77' lang='lat' dir='ltr'><strong>egregie</strong></span> <span class='ocrx_word' id='word_1_436' title='bbox 1302 3819 1676 3889; x_wconf 81' lang='lat' dir='ltr'><strong>judaizabant.</strong></span> <span class='ocrx_word' id='word_1_437' title='bbox 1711 3822 2106 3877; x_wconf 68' lang='lat' dir='ltr'><strong>Daemoniacum</strong></span> <span class='ocrx_word' id='word_1_438' title='bbox 2146 3833 2325 3877; x_wconf 89' lang='lat' dir='ltr'><strong>autem</strong></span> 
     </span>
    </p>
   </div>
   <div class='ocr_carea' id='block_1_54' title="bbox 752 3909 2327 3991">
    <p class='ocr_par' dir='ltr' id='par_1_54' title="bbox 752 3909 2327 3991">
     <span class='ocr_line' id='line_1_54' title="bbox 752 3909 2327 3991; baseline 0.004 -28"><span class='ocrx_word' id='word_1_439' title='bbox 752 3909 904 3963; x_wconf 85' lang='lat' dir='ltr'><strong>illum</strong></span> <span class='ocrx_word' id='word_1_440' title='bbox 934 3920 1151 3974; x_wconf 89' lang='lat' dir='ltr'><strong>vocant,</strong></span> <span class='ocrx_word' id='word_1_441' title='bbox 1201 3912 1447 3968; x_wconf 77' lang='lat' dir='ltr'><strong>fortassis</strong></span> <span class='ocrx_word' id='word_1_442' title='bbox 1494 3914 1709 3983; x_wconf 90' lang='lat' dir='ltr'><strong>quidem</strong></span> <span class='ocrx_word' id='word_1_443' title='bbox 1757 3915 1945 3969; x_wconf 88' lang='lat' dir='ltr'><strong>ethoc</strong></span> <span class='ocrx_word' id='word_1_444' title='bbox 1998 3916 2327 3991; x_wconf 27' lang='lat' dir='ltr'><strong>modovan</strong></span> 
     </span>
    </p>
   </div>
   <div class='ocr_carea' id='block_1_55' title="bbox 753 4000 2328 4076">
    <p class='ocr_par' dir='ltr' id='par_1_55' title="bbox 753 4000 2328 4076">
     <span class='ocr_line' id='line_1_55' title="bbox 753 4000 2328 4076; baseline 0.007 -23"><span class='ocrx_word' id='word_1_445' title='bbox 753 4016 874 4054; x_wconf 74' lang='lat' dir='ltr'><strong>eum</strong></span> <span class='ocrx_word' id='word_1_446' title='bbox 908 4000 1105 4069; x_wconf 87' lang='lat' dir='ltr'><strong>ejicere</strong></span> <span class='ocrx_word' id='word_1_447' title='bbox 1128 4003 1390 4057; x_wconf 62' lang='lat' dir='ltr'><strong>damonia</strong></span> <span class='ocrx_word' id='word_1_448' title='bbox 1470 4004 1717 4060; x_wconf 90' lang='lat' dir='ltr'><strong>dicebant</strong></span> <span class='ocrx_word' id='word_1_449' title='bbox 1747 4006 1799 4059; x_wconf 93' lang='lat' dir='ltr'><strong>in</strong></span> <span class='ocrx_word' id='word_1_450' title='bbox 1832 4008 2073 4076; x_wconf 89' lang='lat' dir='ltr'><strong>principe</strong></span> <span class='ocrx_word' id='word_1_451' title='bbox 2126 4003 2328 4064; x_wconf 69' lang='lat' dir='ltr'><strong>dmino-</strong></span> 
     </span>
    </p>
   </div>
   <div class='ocr_carea' id='block_1_56' title="bbox 756 4093 2328 4171">
    <p class='ocr_par' dir='ltr' id='par_1_56' title="bbox 756 4093 2328 4171">
     <span class='ocr_line' id='line_1_56' title="bbox 756 4093 2328 4171; baseline 0.006 -25"><span class='ocrx_word' id='word_1_452' title='bbox 756 4096 966 4146; x_wconf 87' lang='lat' dir='ltr'><strong>niorum</strong></span> <span class='ocrx_word' id='word_1_453' title='bbox 992 4096 1060 4147; x_wconf 78' lang='lat'>&#39;°.</span> <span class='ocrx_word' id='word_1_454' title='bbox 1093 4093 1293 4151; x_wconf 88' lang='lat' dir='ltr'><strong>Omnes</strong></span> <span class='ocrx_word' id='word_1_455' title='bbox 1316 4097 1458 4151; x_wconf 89' lang='lat' dir='ltr'><strong>enim</strong></span> <span class='ocrx_word' id='word_1_456' title='bbox 1491 4099 1580 4168; x_wconf 92' lang='lat' dir='ltr'><strong>qui</strong></span> <span class='ocrx_word' id='word_1_457' title='bbox 1635 4099 2102 4154; x_wconf 89' lang='lat' dir='ltr'><strong>ealumniabantur</strong></span> <span class='ocrx_word' id='word_1_458' title='bbox 2152 4101 2328 4171; x_wconf 91' lang='lat' dir='ltr'><strong>ipsum</strong></span> 
     </span>
    </p>
   </div>
   <div class='ocr_carea' id='block_1_57' title="bbox 757 4185 2318 4257">
    <p class='ocr_par' dir='ltr' id='par_1_57' title="bbox 757 4185 2318 4257">
     <span class='ocr_line' id='line_1_57' title="bbox 757 4185 2318 4257; baseline 0.007 -20"><span class='ocrx_word' id='word_1_459' title='bbox 757 4186 808 4238; x_wconf 93' lang='lat' dir='ltr'>in</span> <span class='ocrx_word' id='word_1_460' title='bbox 846 4185 1127 4241; x_wconf 83' lang='lat' dir='ltr'><strong>Bcelzebul</strong></span> <span class='ocrx_word' id='word_1_461' title='bbox 1151 4188 1422 4243; x_wconf 67' lang='lat' dir='ltr'><strong>daemones</strong></span> <span class='ocrx_word' id='word_1_462' title='bbox 1449 4189 1667 4257; x_wconf 85' lang='lat' dir='ltr'><strong>ejicere,</strong></span> <span class='ocrx_word' id='word_1_463' title='bbox 1691 4207 1812 4246; x_wconf 93' lang='lat' dir='ltr'>cum</span> <span class='ocrx_word' id='word_1_464' title='bbox 1832 4191 2086 4245; x_wconf 82' lang='lat' dir='ltr'><strong>dicebant</strong></span> <span class='ocrx_word' id='word_1_465' title='bbox 2116 4191 2318 4247; x_wconf 73' lang='lat' dir='ltr'><strong>dtcmo-</strong></span> 
     </span>
    </p>
   </div>
   <div class='ocr_carea' id='block_1_58' title="bbox 756 4276 2327 4352">
    <p class='ocr_par' dir='ltr' id='par_1_58' title="bbox 756 4276 2327 4352">
     <span class='ocr_line' id='line_1_58' title="bbox 756 4276 2327 4352; baseline 0.008 -23"><span class='ocrx_word' id='word_1_466' title='bbox 756 4278 901 4330; x_wconf 89' lang='lat' dir='ltr'><strong>nium</strong></span> <span class='ocrx_word' id='word_1_467' title='bbox 943 4276 1230 4334; x_wconf 87' lang='lat' dir='ltr'><strong>Beclzcbul</strong></span> <span class='ocrx_word' id='word_1_468' title='bbox 1275 4280 1494 4348; x_wconf 84' lang='lat' dir='ltr'><strong>habere,</strong></span> <span class='ocrx_word' id='word_1_469' title='bbox 1557 4284 1742 4352; x_wconf 90' lang='lat' dir='ltr'><strong>inquo</strong></span> <span class='ocrx_word' id='word_1_470' title='bbox 1798 4284 2053 4338; x_wconf 88' lang='lat' dir='ltr'><strong>miracula</strong></span> <span class='ocrx_word' id='word_1_471' title='bbox 2107 4283 2327 4342; x_wconf 80' lang='lat' dir='ltr'><strong>laceret.</strong></span> 
     </span>
    </p>
   </div>
   <div class='ocr_carea' id='block_1_59' title="bbox 756 4367 2329 4445">
    <p class='ocr_par' dir='ltr' id='par_1_59' title="bbox 756 4367 2329 4445">
     <span class='ocr_line' id='line_1_59' title="bbox 756 4367 2329 4445; baseline 0.006 -24"><span class='ocrx_word' id='word_1_472' title='bbox 756 4367 1026 4426; x_wconf 76' lang='lat' dir='ltr'><strong>Fortassis</strong></span> <span class='ocrx_word' id='word_1_473' title='bbox 1066 4385 1249 4425; x_wconf 82' lang='lat' dir='ltr'><strong>autem</strong></span> <span class='ocrx_word' id='word_1_474' title='bbox 1289 4374 1587 4428; x_wconf 88' lang='lat' dir='ltr'><strong>secundum</strong></span> <span class='ocrx_word' id='word_1_475' title='bbox 1612 4376 1752 4443; x_wconf 92' lang='lat' dir='ltr'><strong>quod</strong></span> <span class='ocrx_word' id='word_1_476' title='bbox 1793 4376 2048 4430; x_wconf 83' lang='lat' dir='ltr'><strong>revelavit</strong></span> <span class='ocrx_word' id='word_1_477' title='bbox 2090 4376 2329 4445; x_wconf 90' lang='lat' dir='ltr'><strong>ipsorum</strong></span> 
     </span>
    </p>
   </div>
   <div class='ocr_carea' id='block_1_60' title="bbox 757 4462 2329 4537">
    <p class='ocr_par' dir='ltr' id='par_1_60' title="bbox 757 4462 2329 4537">
     <span class='ocr_line' id='line_1_60' title="bbox 757 4462 2329 4537; baseline 0.005 -24"><span class='ocrx_word' id='word_1_478' title='bbox 757 4462 1130 4530; x_wconf 78' lang='lat' dir='ltr'><strong>cogitationes,</strong></span> <span class='ocrx_word' id='word_1_479' title='bbox 1185 4464 1511 4519; x_wconf 66' lang='lat' dir='ltr'><strong>daemonium</strong></span> <span class='ocrx_word' id='word_1_480' title='bbox 1560 4481 1685 4519; x_wconf 90' lang='lat' dir='ltr'>eum</span> <span class='ocrx_word' id='word_1_481' title='bbox 1747 4467 1945 4522; x_wconf 87' lang='lat' dir='ltr'><strong>habere</strong></span> <span class='ocrx_word' id='word_1_482' title='bbox 1996 4469 2329 4537; x_wconf 85' lang='lat' dir='ltr'><strong>cogitabant,</strong></span> 
     </span>
    </p>
   </div>
   <div class='ocr_carea' id='block_1_61' title="bbox 2416 1974 3993 2051">
    <p class='ocr_par' dir='ltr' id='par_1_61' title="bbox 2416 1974 3993 2051">
     <span class='ocr_line' id='line_1_61' title="bbox 2416 1974 3993 2051; baseline -0.006 -17"><span class='ocrx_word' id='word_1_483' title='bbox 2416 1984 2549 2051; x_wconf 80' lang='grc' dir='ltr'>τέρα</span> <span class='ocrx_word' id='word_1_484' title='bbox 2584 1998 2711 2051; x_wconf 85' lang='grc' dir='ltr'>μου,</span> <span class='ocrx_word' id='word_1_485' title='bbox 2740 1981 2831 2033; x_wconf 63' lang='grc' dir='ltr'>κα)⁵</span> <span class='ocrx_word' id='word_1_486' title='bbox 2862 1980 3019 2050; x_wconf 83' lang='grc' dir='ltr'>ὑμεῖς</span> <span class='ocrx_word' id='word_1_487' title='bbox 3051 1978 3347 2048; x_wconf 80' lang='grc' dir='ltr'>ἀτιμάζετέ</span> <span class='ocrx_word' id='word_1_488' title='bbox 3381 1996 3469 2049; x_wconf 87' lang='grc' dir='ltr'>με.</span> <span class='ocrx_word' id='word_1_489' title='bbox 3492 1975 3636 2045; x_wconf 75' lang='grc' dir='ltr'>Ἐγὼ</span> <span class='ocrx_word' id='word_1_490' title='bbox 3666 1976 3721 2030; x_wconf 80' lang='grc' dir='ltr'>δὲ</span> <span class='ocrx_word' id='word_1_491' title='bbox 3752 1976 3813 2029; x_wconf 84' lang='grc' dir='ltr'>οὐ</span> <span class='ocrx_word' id='word_1_492' title='bbox 3846 1974 3993 2043; x_wconf 69' lang='grc' dir='ltr'>ζητῶ</span> 
     </span>
    </p>
   </div>
   <div class='ocr_carea' id='block_1_62' title="bbox 2415 2064 3995 2143">
    <p class='ocr_par' dir='ltr' id='par_1_62' title="bbox 2415 2064 3995 2143">
     <span class='ocr_line' id='line_1_62' title="bbox 2415 2064 3995 2143; baseline -0.005 -19"><span class='ocrx_word' id='word_1_493' title='bbox 2415 2073 2515 2143; x_wconf 78' lang='grc' dir='ltr'>τὴν</span> <span class='ocrx_word' id='word_1_494' title='bbox 2545 2070 2702 2136; x_wconf 81' lang='grc' dir='ltr'>δόξαν</span> <span class='ocrx_word' id='word_1_495' title='bbox 2734 2088 2836 2139; x_wconf 89' lang='grc' dir='ltr'>μου</span> <span class='ocrx_word' id='word_1_496' title='bbox 2862 2086 2875 2097; x_wconf 90' lang='grc'><strong>·</strong></span> <span class='ocrx_word' id='word_1_497' title='bbox 2911 2070 3057 2123; x_wconf 73' lang='grc' dir='ltr'>ἐστιν</span> <span class='ocrx_word' id='word_1_498' title='bbox 3083 2071 3110 2123; x_wconf 86' lang='grc' dir='ltr'>ὁ</span> <span class='ocrx_word' id='word_1_499' title='bbox 3139 2069 3318 2138; x_wconf 76' lang='grc' dir='ltr'>ζητῶν</span> <span class='ocrx_word' id='word_1_500' title='bbox 3345 2070 3439 2121; x_wconf 71' lang='grc' dir='ltr'>καὶ</span> <span class='ocrx_word' id='word_1_501' title='bbox 3468 2069 3691 2139; x_wconf 78' lang='grc' dir='ltr'>κρίνων.</span> <span class='ocrx_word' id='word_1_502' title='bbox 3730 2086 3747 2118; x_wconf 74' lang='grc' dir='ltr'>ι</span> <span class='ocrx_word' id='word_1_503' title='bbox 3775 2064 3995 2133; x_wconf 77' lang='grc' dir='ltr'>Ἐπειδὴ</span> 
     </span>
    </p>
   </div>
   <div class='ocr_carea' id='block_1_63' title="bbox 2416 2157 3995 2231">
    <p class='ocr_par' dir='ltr' id='par_1_63' title="bbox 2416 2157 3995 2231">
     <span class='ocr_line' id='line_1_63' title="bbox 2416 2157 3995 2231; baseline -0.006 -13"><span class='ocrx_word' id='word_1_504' title='bbox 2416 2166 2508 2218; x_wconf 84' lang='grc' dir='ltr'>τοῦ</span> <span class='ocrx_word' id='word_1_505' title='bbox 2540 2163 2677 2217; x_wconf 86' lang='grc' dir='ltr'>Θεοῦ</span> <span class='ocrx_word' id='word_1_506' title='bbox 2710 2165 2860 2227; x_wconf 72' lang='grc' dir='ltr'>υἱοὺς</span> <span class='ocrx_word' id='word_1_507' title='bbox 2887 2164 3114 2225; x_wconf 75' lang='grc' dir='ltr'>ἑαυτοὺς</span> <span class='ocrx_word' id='word_1_508' title='bbox 3146 2161 3448 2231; x_wconf 79' lang='grc' dir='ltr'>ὠνόμαζον,</span> <span class='ocrx_word' id='word_1_509' title='bbox 3480 2162 3668 2229; x_wconf 77' lang='grc' dir='ltr'>φησὶν,</span> <span class='ocrx_word' id='word_1_510' title='bbox 3702 2160 3784 2213; x_wconf 80' lang='grc' dir='ltr'>ὅτι</span> <span class='ocrx_word' id='word_1_511' title='bbox 3814 2158 3876 2211; x_wconf 81' lang='grc' dir='ltr'>Εἰ</span> <span class='ocrx_word' id='word_1_512' title='bbox 3903 2157 3995 2210; x_wconf 86' lang='grc' dir='ltr'>τοῦ</span> 
     </span>
    </p>
   </div>
   <div class='ocr_carea' id='block_1_64' title="bbox 2417 2251 3995 2325">
    <p class='ocr_par' dir='ltr' id='par_1_64' title="bbox 2417 2251 3995 2325">
     <span class='ocr_line' id='line_1_64' title="bbox 2417 2251 3995 2325; baseline -0.005 -15"><span class='ocrx_word' id='word_1_513' title='bbox 2417 2257 2553 2310; x_wconf 84' lang='grc' dir='ltr'>Θεοῦ</span> <span class='ocrx_word' id='word_1_514' title='bbox 2593 2257 2699 2309; x_wconf 85' lang='grc' dir='ltr'>υἱοί</span> <span class='ocrx_word' id='word_1_515' title='bbox 2742 2257 2896 2319; x_wconf 79' lang='grc' dir='ltr'>ἐστε,</span> <span class='ocrx_word' id='word_1_516' title='bbox 2936 2255 3154 2318; x_wconf 81' lang='grc' dir='ltr'>πάντως</span> <span class='ocrx_word' id='word_1_517' title='bbox 3193 2254 3283 2307; x_wconf 82' lang='grc' dir='ltr'>τὸν</span> <span class='ocrx_word' id='word_1_518' title='bbox 3326 2254 3710 2325; x_wconf 81' lang='grc' dir='ltr'>ἁμαρτάνοντα</span> <span class='ocrx_word' id='word_1_519' title='bbox 3751 2251 3995 2319; x_wconf 61' lang='grc' dir='ltr'>ὀφείλετε</span> 
     </span>
    </p>
   </div>
   <div class='ocr_carea' id='block_1_65' title="bbox 2423 2342 3995 2420">
    <p class='ocr_par' dir='ltr' id='par_1_65' title="bbox 2423 2342 3995 2420">
     <span class='ocr_line' id='line_1_65' title="bbox 2423 2342 3995 2420; baseline -0.006 -18"><span class='ocrx_word' id='word_1_520' title='bbox 2423 2353 2622 2420; x_wconf 87' lang='grc' dir='ltr'>μισεῖν.</span> <span class='ocrx_word' id='word_1_521' title='bbox 2652 2350 2715 2402; x_wconf 81' lang='grc' dir='ltr'>Εἰ</span> <span class='ocrx_word' id='word_1_522' title='bbox 2741 2348 2923 2401; x_wconf 84' lang='grc' dir='ltr'>τοίνυν</span> <span class='ocrx_word' id='word_1_523' title='bbox 2949 2349 3042 2400; x_wconf 76' lang='grc' dir='ltr'>καὶ</span> <span class='ocrx_word' id='word_1_524' title='bbox 3073 2347 3193 2417; x_wconf 80' lang='grc' dir='ltr'>ἐμὲ,</span> <span class='ocrx_word' id='word_1_525' title='bbox 3223 2346 3285 2400; x_wconf 82' lang='grc' dir='ltr'>ὃν</span> <span class='ocrx_word' id='word_1_526' title='bbox 3318 2348 3551 2415; x_wconf 75' lang='grc' dir='ltr'>μισεῖτε,</span> <span class='ocrx_word' id='word_1_527' title='bbox 3577 2343 3805 2397; x_wconf 81' lang='grc' dir='ltr'>δύνασθε</span> <span class='ocrx_word' id='word_1_528' title='bbox 3838 2342 3995 2409; x_wconf 77' lang='grc' dir='ltr'>ἐλεγ-</span> 
     </span>
    </p>
   </div>
   <div class='ocr_carea' id='block_1_66' title="bbox 2422 2437 3995 2511">
    <p class='ocr_par' dir='ltr' id='par_1_66' title="bbox 2422 2437 3995 2511">
     <span class='ocr_line' id='line_1_66' title="bbox 2422 2437 3995 2511; baseline -0.006 -14"><span class='ocrx_word' id='word_1_529' title='bbox 2422 2443 2508 2507; x_wconf 81' lang='grc' dir='ltr'>ξαι</span> <span class='ocrx_word' id='word_1_530' title='bbox 2544 2442 2955 2511; x_wconf 77' lang='grc' dir='ltr'>ἁμαρτάνοντα,</span> <span class='ocrx_word' id='word_1_531' title='bbox 2992 2438 3257 2510; x_wconf 76' lang='grc' dir='ltr'>πρόδηλον</span> <span class='ocrx_word' id='word_1_532' title='bbox 3287 2438 3368 2491; x_wconf 88' lang='grc' dir='ltr'>ὃτι</span> <span class='ocrx_word' id='word_1_533' title='bbox 3402 2437 3623 2499; x_wconf 87' lang='grc' dir='ltr'>δικαίως</span> <span class='ocrx_word' id='word_1_534' title='bbox 3663 2439 3868 2506; x_wconf 77' lang='grc' dir='ltr'>μισεῖτε</span> <span class='ocrx_word' id='word_1_535' title='bbox 3896 2452 3909 2465; x_wconf 73' lang='grc'><strong>⁸</strong></span> <span class='ocrx_word' id='word_1_536' title='bbox 3948 2437 3995 2488; x_wconf 72' lang='grc' dir='ltr'>εἰ</span> 
     </span>
    </p>
   </div>
   <div class='ocr_carea' id='block_1_67' title="bbox 2420 2528 3998 2603">
    <p class='ocr_par' dir='ltr' id='par_1_67' title="bbox 2420 2528 3998 2603">
     <span class='ocr_line' id='line_1_67' title="bbox 2420 2528 3998 2603; baseline -0.004 -15"><span class='ocrx_word' id='word_1_537' title='bbox 2420 2534 2479 2588; x_wconf 81' lang='grc' dir='ltr'>δὲ</span> <span class='ocrx_word' id='word_1_538' title='bbox 2503 2535 2602 2588; x_wconf 78' lang='grc' dir='ltr'>οὐκ</span> <span class='ocrx_word' id='word_1_539' title='bbox 2631 2534 2745 2603; x_wconf 78' lang='grc' dir='ltr'>ἔχει</span> <span class='ocrx_word' id='word_1_540' title='bbox 2767 2551 2847 2596; x_wconf 86' lang='grc' dir='ltr'>τις</span> <span class='ocrx_word' id='word_1_541' title='bbox 2876 2532 3112 2599; x_wconf 67' lang='grc' dir='ltr'>ἐλέγξαι,</span> <span class='ocrx_word' id='word_1_542' title='bbox 3141 2532 3375 2601; x_wconf 72' lang='grc' dir='ltr'>φανερὸν</span> <span class='ocrx_word' id='word_1_543' title='bbox 3400 2531 3479 2584; x_wconf 80' lang='grc' dir='ltr'>ὅτι</span> <span class='ocrx_word' id='word_1_544' title='bbox 3507 2530 3593 2582; x_wconf 72' lang='grc' dir='ltr'>διὰ</span> <span class='ocrx_word' id='word_1_545' title='bbox 3618 2530 3713 2599; x_wconf 81' lang='grc' dir='ltr'>τὴν</span> <span class='ocrx_word' id='word_1_546' title='bbox 3739 2528 3998 2599; x_wconf 78' lang='grc' dir='ltr'>ἀλήθειάν</span> 
     </span>
    </p>
   </div>
   <div class='ocr_carea' id='block_1_68' title="bbox 2426 2619 3999 2699">
    <p class='ocr_par' dir='ltr' id='par_1_68' title="bbox 2426 2619 3999 2699">
     <span class='ocr_line' id='line_1_68' title="bbox 2426 2619 3999 2699; baseline -0.004 -20"><span class='ocrx_word' id='word_1_547' title='bbox 2426 2644 2492 2699; x_wconf 91' lang='grc' dir='ltr'>με</span> <span class='ocrx_word' id='word_1_548' title='bbox 2529 2629 2755 2697; x_wconf 85' lang='grc' dir='ltr'>μισεῖτε.</span> <span class='ocrx_word' id='word_1_549' title='bbox 2789 2626 2958 2678; x_wconf 84' lang='grc' dir='ltr'>Ποίαν</span> <span class='ocrx_word' id='word_1_550' title='bbox 2987 2624 3042 2676; x_wconf 80' lang='grc' dir='ltr'>δὲ</span> <span class='ocrx_word' id='word_1_551' title='bbox 3078 2623 3366 2692; x_wconf 78' lang='grc' dir='ltr'>ἀλήθειανς</span> <span class='ocrx_word' id='word_1_552' title='bbox 3396 2619 3472 2677; x_wconf 68' lang='grc' dir='ltr'>*ιι</span> <span class='ocrx_word' id='word_1_553' title='bbox 3510 2624 3729 2683; x_wconf 60' lang='grc' dir='ltr'>πᾴντως</span> <span class='ocrx_word' id='word_1_554' title='bbox 3763 2624 3843 2674; x_wconf 80' lang='grc' dir='ltr'>ὅτι</span> <span class='ocrx_word' id='word_1_555' title='bbox 3878 2621 3999 2673; x_wconf 79' lang='grc' dir='ltr'>ἕλε-</span> 
     </span>
    </p>
   </div>
   <div class='ocr_carea' id='block_1_69' title="bbox 2422 2713 3999 2787">
    <p class='ocr_par' dir='ltr' id='par_1_69' title="bbox 2422 2713 3999 2787">
     <span class='ocr_line' id='line_1_69' title="bbox 2422 2713 3999 2787; baseline -0.004 -15"><span class='ocrx_word' id='word_1_556' title='bbox 2422 2736 2520 2787; x_wconf 81' lang='grc' dir='ltr'>γεν</span> <span class='ocrx_word' id='word_1_557' title='bbox 2546 2718 2737 2772; x_wconf 76' lang='grc' dir='ltr'>ἑαυτὸν</span> <span class='ocrx_word' id='word_1_558' title='bbox 2759 2718 2885 2771; x_wconf 69' lang='grc' dir='ltr'>Υἰδν</span> <span class='ocrx_word' id='word_1_559' title='bbox 2907 2715 3067 2782; x_wconf 86' lang='grc' dir='ltr'>Θεοῦ,</span> <span class='ocrx_word' id='word_1_560' title='bbox 3090 2717 3228 2785; x_wconf 82' lang='grc' dir='ltr'>ὅπερ</span> <span class='ocrx_word' id='word_1_561' title='bbox 3252 2714 3559 2782; x_wconf 53' lang='lat' dir='ltr'><strong>nummos;</strong></span> <span class='ocrx_word' id='word_1_562' title='bbox 3586 2716 3753 2767; x_wconf 75' lang='grc' dir='ltr'>ἐστιν.</span> <span class='ocrx_word' id='word_1_563' title='bbox 3784 2732 3801 2765; x_wconf 86' lang='lat' dir='ltr'>t</span> <span class='ocrx_word' id='word_1_564' title='bbox 3839 2713 3897 2765; x_wconf 84' lang='lat'>&#39;0</span> <span class='ocrx_word' id='word_1_565' title='bbox 3922 2713 3999 2766; x_wconf 89' lang='grc' dir='ltr'>ῶν</span> 
     </span>
    </p>
   </div>
   <div class='ocr_carea' id='block_1_70' title="bbox 2421 2804 3996 2879">
    <p class='ocr_par' dir='ltr' id='par_1_70' title="bbox 2421 2804 3996 2879">
     <span class='ocr_line' id='line_1_70' title="bbox 2421 2804 3996 2879; baseline -0.005 -15"><span class='ocrx_word' id='word_1_566' title='bbox 2421 2810 2475 2864; x_wconf 77' lang='grc' dir='ltr'>δὲ</span> <span class='ocrx_word' id='word_1_567' title='bbox 2506 2812 2568 2863; x_wconf 78' lang='grc' dir='ltr'>ὲκ</span> <span class='ocrx_word' id='word_1_568' title='bbox 2593 2809 2686 2864; x_wconf 88' lang='grc' dir='ltr'>τοῦ</span> <span class='ocrx_word' id='word_1_569' title='bbox 2718 2808 2875 2875; x_wconf 79' lang='grc' dir='ltr'>Θεοῦ,</span> <span class='ocrx_word' id='word_1_570' title='bbox 2904 2809 2971 2862; x_wconf 73' lang='grc' dir='ltr'>τὰ</span> <span class='ocrx_word' id='word_1_571' title='bbox 3004 2810 3223 2879; x_wconf 78' lang='grc' dir='ltr'>ῥήματα</span> <span class='ocrx_word' id='word_1_572' title='bbox 3250 2806 3345 2862; x_wconf 85' lang='grc' dir='ltr'>τοῦ</span> <span class='ocrx_word' id='word_1_573' title='bbox 3376 2804 3510 2861; x_wconf 82' lang='grc' dir='ltr'>Θεοῦ</span> <span class='ocrx_word' id='word_1_574' title='bbox 3542 2806 3732 2861; x_wconf 77' lang='grc' dir='ltr'>ἀκούει</span> <span class='ocrx_word' id='word_1_575' title='bbox 3755 2823 3767 2835; x_wconf 89' lang='grc'><strong>·</strong></span> <span class='ocrx_word' id='word_1_576' title='bbox 3805 2824 3820 2857; x_wconf 83' lang='lat' dir='ltr'>t</span> <span class='ocrx_word' id='word_1_577' title='bbox 3854 2806 3996 2858; x_wconf 78' lang='grc' dir='ltr'>ὥστε</span> 
     </span>
    </p>
   </div>
   <div class='ocr_carea' id='block_1_71' title="bbox 2424 2896 3999 2973">
    <p class='ocr_par' dir='ltr' id='par_1_71' title="bbox 2424 2896 3999 2973">
     <span class='ocr_line' id='line_1_71' title="bbox 2424 2896 3999 2973; baseline -0.005 -16"><span class='ocrx_word' id='word_1_578' title='bbox 2424 2904 2517 2957; x_wconf 74' lang='grc' dir='ltr'>καὶ</span> <span class='ocrx_word' id='word_1_579' title='bbox 2544 2902 2721 2973; x_wconf 81' lang='grc' dir='ltr'>ὑμεῖς,</span> <span class='ocrx_word' id='word_1_580' title='bbox 2757 2903 2803 2954; x_wconf 83' lang='grc' dir='ltr'>εἰ</span> <span class='ocrx_word' id='word_1_581' title='bbox 2832 2901 2927 2954; x_wconf 80' lang='grc' dir='ltr'>τοῦ</span> <span class='ocrx_word' id='word_1_582' title='bbox 2956 2900 3093 2953; x_wconf 86' lang='grc' dir='ltr'>Θεοῦ</span> <span class='ocrx_word' id='word_1_583' title='bbox 3121 2901 3287 2953; x_wconf 81' lang='grc' dir='ltr'>τέκνα</span> <span class='ocrx_word' id='word_1_584' title='bbox 3313 2896 3433 2969; x_wconf 81' lang='grc' dir='ltr'>ἦτε,</span> <span class='ocrx_word' id='word_1_585' title='bbox 3463 2900 3563 2953; x_wconf 74' lang='grc' dir='ltr'>οὐκ</span> <span class='ocrx_word' id='word_1_586' title='bbox 3591 2898 3657 2952; x_wconf 77' lang='grc' dir='ltr'>ἂν</span> <span class='ocrx_word' id='word_1_587' title='bbox 3685 2896 3819 2968; x_wconf 74' lang='grc' dir='ltr'>ἐμοῦ</span> <span class='ocrx_word' id='word_1_588' title='bbox 3854 2914 3999 2966; x_wconf 75' lang='grc' dir='ltr'>τιαρ-</span> 
     </span>
    </p>
   </div>
   <div class='ocr_carea' id='block_1_72' title="bbox 2422 2989 4000 3066">
    <p class='ocr_par' dir='ltr' id='par_1_72' title="bbox 2422 2989 4000 3066">
     <span class='ocr_line' id='line_1_72' title="bbox 2422 2989 4000 3066; baseline -0.006 -17"><span class='ocrx_word' id='word_1_589' title='bbox 2422 2994 2685 3066; x_wconf 84' lang='grc' dir='ltr'>ηκούετε,</span> <span class='ocrx_word' id='word_1_590' title='bbox 2717 2994 2828 3047; x_wconf 74' lang='grc' dir='ltr'>οὐδ’</span> <span class='ocrx_word' id='word_1_591' title='bbox 2854 2993 2918 3047; x_wconf 81' lang='grc' dir='ltr'>ἂν</span> <span class='ocrx_word' id='word_1_592' title='bbox 2949 2994 3177 3061; x_wconf 73' lang='grc' dir='ltr'>ἑφονᾶτε</span> <span class='ocrx_word' id='word_1_593' title='bbox 3212 2994 3355 3046; x_wconf 82' lang='grc' dir='ltr'>κατά</span> <span class='ocrx_word' id='word_1_594' title='bbox 3386 2992 3478 3044; x_wconf 90' lang='grc' dir='ltr'>τοῦ</span> <span class='ocrx_word' id='word_1_595' title='bbox 3512 2990 3721 3044; x_wconf 77' lang='grc' dir='ltr'>ἀνωθεν</span> <span class='ocrx_word' id='word_1_596' title='bbox 3754 2989 4000 3049; x_wconf 73' lang='grc' dir='ltr'>ἐλθόντος</span> 
     </span>
    </p>
   </div>
   <div class='ocr_carea' id='block_1_73' title="bbox 2428 3080 4001 3153">
    <p class='ocr_par' dir='ltr' id='par_1_73' title="bbox 2428 3080 4001 3153">
     <span class='ocr_line' id='line_1_73' title="bbox 2428 3080 4001 3153; baseline -0.004 -14"><span class='ocrx_word' id='word_1_597' title='bbox 2428 3084 2558 3139; x_wconf 82' lang='grc' dir='ltr'>Υἱοῦ</span> <span class='ocrx_word' id='word_1_598' title='bbox 2584 3085 2679 3138; x_wconf 85' lang='grc' dir='ltr'>τοῦ</span> <span class='ocrx_word' id='word_1_599' title='bbox 2704 3083 2863 3145; x_wconf 89' lang='grc' dir='ltr'>Θεοῦ,</span> <span class='ocrx_word' id='word_1_600' title='bbox 2895 3085 2986 3138; x_wconf 72' lang='grc' dir='ltr'>καὶ</span> <span class='ocrx_word' id='word_1_601' title='bbox 3010 3083 3079 3136; x_wconf 77' lang='grc' dir='ltr'>τά</span> <span class='ocrx_word' id='word_1_602' title='bbox 3102 3083 3195 3136; x_wconf 87' lang='grc' dir='ltr'>τοῦ</span> <span class='ocrx_word' id='word_1_603' title='bbox 3222 3082 3357 3135; x_wconf 83' lang='grc' dir='ltr'>Θεοῦ</span> <span class='ocrx_word' id='word_1_604' title='bbox 3386 3082 3778 3153; x_wconf 67' lang='grc' dir='ltr'>φθεγγομένου.</span> <span class='ocrx_word' id='word_1_605' title='bbox 3812 3080 3868 3134; x_wconf 88' lang='lat'>&#39;0</span> <span class='ocrx_word' id='word_1_606' title='bbox 3900 3082 4001 3151; x_wconf 77' lang='grc' dir='ltr'>μὲν</span> 
     </span>
    </p>
   </div>
   <div class='ocr_carea' id='block_1_74' title="bbox 2425 3172 3997 3246">
    <p class='ocr_par' dir='ltr' id='par_1_74' title="bbox 2425 3172 3997 3246">
     <span class='ocr_line' id='line_1_74' title="bbox 2425 3172 3997 3246; baseline -0.003 -14"><span class='ocrx_word' id='word_1_607' title='bbox 2425 3178 2519 3232; x_wconf 83' lang='grc' dir='ltr'>οῦν</span> <span class='ocrx_word' id='word_1_608' title='bbox 2550 3176 2752 3246; x_wconf 79' lang='grc' dir='ltr'>Κύριος</span> <span class='ocrx_word' id='word_1_609' title='bbox 2784 3175 2926 3228; x_wconf 87' lang='grc' dir='ltr'>οῦτω</span> <span class='ocrx_word' id='word_1_610' title='bbox 2956 3175 3143 3246; x_wconf 82' lang='grc' dir='ltr'>πράως</span> <span class='ocrx_word' id='word_1_611' title='bbox 3168 3190 3183 3205; x_wconf 78' lang='lat'>&#39;</span> <span class='ocrx_word' id='word_1_612' title='bbox 3216 3175 3263 3227; x_wconf 77' lang='lat' dir='ltr'><strong>oi</strong></span> <span class='ocrx_word' id='word_1_613' title='bbox 3292 3174 3347 3227; x_wconf 83' lang='grc' dir='ltr'>δὲ</span> <span class='ocrx_word' id='word_1_614' title='bbox 3378 3176 3459 3237; x_wconf 84' lang='grc' dir='ltr'>εἰς</span> <span class='ocrx_word' id='word_1_615' title='bbox 3490 3174 3673 3243; x_wconf 81' lang='grc' dir='ltr'>ὕϐρεις</span> <span class='ocrx_word' id='word_1_616' title='bbox 3704 3172 3997 3242; x_wconf 77' lang='grc' dir='ltr'>χωροῦσιν.</span> 
     </span>
    </p>
   </div>
   <div class='ocr_carea' id='block_1_75' title="bbox 2430 3265 4003 3336">
    <p class='ocr_par' dir='ltr' id='par_1_75' title="bbox 2430 3265 4003 3336">
     <span class='ocr_line' id='line_1_75' title="bbox 2430 3265 4003 3336; baseline -0.004 -15"><span class='ocrx_word' id='word_1_617' title='bbox 2430 3286 2449 3320; x_wconf 84' lang='grc'><em>‹</em></span> <span class='ocrx_word' id='word_1_618' title='bbox 2486 3268 2560 3321; x_wconf 81' lang='grc' dir='ltr'>Οὐ</span> <span class='ocrx_word' id='word_1_619' title='bbox 2596 3266 2775 3329; x_wconf 87' lang='grc' dir='ltr'>καλῶς</span> <span class='ocrx_word' id='word_1_620' title='bbox 2809 3266 2947 3336; x_wconf 76' lang='grc' dir='ltr'>γὰρ,</span> <span class='ocrx_word' id='word_1_621' title='bbox 2983 3265 3177 3334; x_wconf 76' lang='grc' dir='ltr'>φασὶν,</span> <span class='ocrx_word' id='word_1_622' title='bbox 3212 3266 3503 3334; x_wconf 78' lang='grc' dir='ltr'>ἐλέγομεν,</span> <span class='ocrx_word' id='word_1_623' title='bbox 3538 3266 3621 3318; x_wconf 83' lang='grc' dir='ltr'>ὅτι</span> <span class='ocrx_word' id='word_1_624' title='bbox 3654 3265 4003 3333; x_wconf 78' lang='grc' dir='ltr'>Σαμαρείτης</span> 
     </span>
    </p>
   </div>
   <div class='ocr_carea' id='block_1_76' title="bbox 2425 3355 4005 3427">
    <p class='ocr_par' dir='ltr' id='par_1_76' title="bbox 2425 3355 4005 3427">
     <span class='ocr_line' id='line_1_76' title="bbox 2425 3355 4005 3427; baseline -0.004 -14"><span class='ocrx_word' id='word_1_625' title='bbox 2425 3355 2493 3423; x_wconf 73' lang='grc' dir='ltr'>εἷ,</span> <span class='ocrx_word' id='word_1_626' title='bbox 2526 3360 2617 3412; x_wconf 78' lang='grc' dir='ltr'>καὶ</span> <span class='ocrx_word' id='word_1_627' title='bbox 2644 3357 2922 3427; x_wconf 85' lang='grc' dir='ltr'>δαιμόνιον</span> <span class='ocrx_word' id='word_1_628' title='bbox 2949 3356 3121 3426; x_wconf 77' lang='grc' dir='ltr'>ἑχειςς</span> <span class='ocrx_word' id='word_1_629' title='bbox 3159 3374 3178 3407; x_wconf 76' lang='grc' dir='ltr'>ι</span> <span class='ocrx_word' id='word_1_630' title='bbox 3214 3356 3559 3425; x_wconf 83' lang='grc' dir='ltr'>Σαμαρείτην</span> <span class='ocrx_word' id='word_1_631' title='bbox 3594 3356 3693 3425; x_wconf 70' lang='grc' dir='ltr'>μὲν</span> <span class='ocrx_word' id='word_1_632' title='bbox 3718 3356 3810 3408; x_wconf 85' lang='grc' dir='ltr'>οῦν</span> <span class='ocrx_word' id='word_1_633' title='bbox 3839 3356 4005 3407; x_wconf 52' lang='lat' dir='ltr'><strong>aut?»</strong></span> 
     </span>
    </p>
   </div>
   <div class='ocr_carea' id='block_1_77' title="bbox 2425 3441 3998 3517">
    <p class='ocr_par' dir='ltr' id='par_1_77' title="bbox 2425 3441 3998 3517">
     <span class='ocr_line' id='line_1_77' title="bbox 2425 3441 3998 3517; baseline -0.003 -15"><span class='ocrx_word' id='word_1_634' title='bbox 2425 3449 2630 3517; x_wconf 74' lang='grc' dir='ltr'>ἔλεγον,</span> <span class='ocrx_word' id='word_1_635' title='bbox 2658 3447 2732 3510; x_wconf 87' lang='grc' dir='ltr'>ὼς</span> <span class='ocrx_word' id='word_1_636' title='bbox 2758 3448 2825 3499; x_wconf 83' lang='grc' dir='ltr'>τά</span> <span class='ocrx_word' id='word_1_637' title='bbox 2850 3446 3118 3500; x_wconf 78' lang='grc' dir='ltr'>Ἰουδαϊκὰ</span> <span class='ocrx_word' id='word_1_638' title='bbox 3146 3444 3242 3513; x_wconf 76' lang='grc' dir='ltr'>ἔθη</span> <span class='ocrx_word' id='word_1_639' title='bbox 3275 3445 3644 3517; x_wconf 73' lang='grc' dir='ltr'>παραλύοντα,</span> <span class='ocrx_word' id='word_1_640' title='bbox 3677 3441 3789 3499; x_wconf 74' lang='grc' dir='ltr'>οἷον</span> <span class='ocrx_word' id='word_1_641' title='bbox 3818 3446 3876 3498; x_wconf 70' lang='grc' dir='ltr'>τὸ</span> <span class='ocrx_word' id='word_1_642' title='bbox 3902 3447 3998 3499; x_wconf 63' lang='grc' dir='ltr'>τοῦ</span> 
     </span>
    </p>
   </div>
   <div class='ocr_carea' id='block_1_78' title="bbox 2426 3538 4001 3610">
    <p class='ocr_par' dir='ltr' id='par_1_78' title="bbox 2426 3538 4001 3610">
     <span class='ocr_line' id='line_1_78' title="bbox 2426 3538 4001 3610; baseline -0.002 -15"><span class='ocrx_word' id='word_1_643' title='bbox 2426 3542 2705 3597; x_wconf 83' lang='grc' dir='ltr'>Σαϐϐάτου</span> <span class='ocrx_word' id='word_1_644' title='bbox 2731 3557 2747 3573; x_wconf 89' lang='grc'><strong>·</strong></span> <span class='ocrx_word' id='word_1_645' title='bbox 2779 3541 2827 3592; x_wconf 83' lang='grc' dir='ltr'>οἱ</span> <span class='ocrx_word' id='word_1_646' title='bbox 2863 3540 2969 3610; x_wconf 82' lang='grc' dir='ltr'>γὰρ</span> <span class='ocrx_word' id='word_1_647' title='bbox 3006 3540 3341 3609; x_wconf 88' lang='grc' dir='ltr'>Σαμαρεῖται</span> <span class='ocrx_word' id='word_1_648' title='bbox 3372 3540 3474 3592; x_wconf 71' lang='grc' dir='ltr'>οὐκ</span> <span class='ocrx_word' id='word_1_649' title='bbox 3506 3538 3750 3609; x_wconf 86' lang='grc' dir='ltr'>ἀκριϐῶς</span> <span class='ocrx_word' id='word_1_650' title='bbox 3774 3538 4001 3592; x_wconf 74' lang='grc' dir='ltr'>Ἰουδαῖ-</span> 
     </span>
    </p>
   </div>
   <div class='ocr_carea' id='block_1_79' title="bbox 2426 3633 3999 3705">
    <p class='ocr_par' dir='ltr' id='par_1_79' title="bbox 2426 3633 3999 3705">
     <span class='ocr_line' id='line_1_79' title="bbox 2426 3633 3999 3705; baseline -0.003 -15"><span class='ocrx_word' id='word_1_651' title='bbox 2426 3636 2517 3701; x_wconf 78' lang='grc' dir='ltr'>ζον</span> <span class='ocrx_word' id='word_1_652' title='bbox 2540 3651 2553 3665; x_wconf 75' lang='grc'>⁸</span> <span class='ocrx_word' id='word_1_653' title='bbox 2584 3636 2949 3705; x_wconf 83' lang='grc' dir='ltr'>δαιμονιῶντα</span> <span class='ocrx_word' id='word_1_654' title='bbox 2978 3634 3035 3685; x_wconf 78' lang='grc' dir='ltr'>δὲ</span> <span class='ocrx_word' id='word_1_655' title='bbox 3067 3633 3321 3686; x_wconf 86' lang='grc' dir='ltr'>καλοῦσιν</span> <span class='ocrx_word' id='word_1_656' title='bbox 3350 3633 3531 3698; x_wconf 74' lang='grc' dir='ltr'>αὑτὸν,</span> <span class='ocrx_word' id='word_1_657' title='bbox 3562 3634 3703 3703; x_wconf 88' lang='grc' dir='ltr'>τάχα</span> <span class='ocrx_word' id='word_1_658' title='bbox 3736 3633 3834 3703; x_wconf 79' lang='grc' dir='ltr'>μὲν</span> <span class='ocrx_word' id='word_1_659' title='bbox 3901 3633 3999 3686; x_wconf 74' lang='grc' dir='ltr'>καὶ</span> 
     </span>
    </p>
   </div>
   <div class='ocr_carea' id='block_1_80' title="bbox 2426 3726 4005 3797">
    <p class='ocr_par' dir='ltr' id='par_1_80' title="bbox 2426 3726 4005 3797">
     <span class='ocr_line' id='line_1_80' title="bbox 2426 3726 4005 3797; baseline -0.004 -13"><span class='ocrx_word' id='word_1_660' title='bbox 2426 3731 2546 3784; x_wconf 90' lang='grc' dir='ltr'>κατ’</span> <span class='ocrx_word' id='word_1_661' title='bbox 2572 3732 2777 3783; x_wconf 75' lang='grc' dir='ltr'>ἐκεῖνον</span> <span class='ocrx_word' id='word_1_662' title='bbox 2805 3728 2893 3780; x_wconf 73' lang='grc' dir='ltr'>τὸν</span> <span class='ocrx_word' id='word_1_663' title='bbox 2920 3729 3144 3797; x_wconf 76' lang='grc' dir='ltr'>τρόπον,</span> <span class='ocrx_word' id='word_1_664' title='bbox 3171 3726 3305 3779; x_wconf 77' lang='grc' dir='ltr'>καθὸ</span> <span class='ocrx_word' id='word_1_665' title='bbox 3334 3728 3427 3779; x_wconf 86' lang='grc' dir='ltr'>καί</span> <span class='ocrx_word' id='word_1_666' title='bbox 3457 3729 3514 3779; x_wconf 83' lang='grc' dir='ltr'>ἐν</span> <span class='ocrx_word' id='word_1_667' title='bbox 3542 3727 3619 3796; x_wconf 81' lang='grc' dir='ltr'>τῷ</span> <span class='ocrx_word' id='word_1_668' title='bbox 3648 3727 3869 3796; x_wconf 83' lang='grc' dir='ltr'>ἄρχοντι</span> <span class='ocrx_word' id='word_1_669' title='bbox 3896 3727 4005 3778; x_wconf 75' lang='grc' dir='ltr'>τῶν</span> 
     </span>
    </p>
   </div>
   <div class='ocr_carea' id='block_1_81' title="bbox 2427 3818 4009 3890">
    <p class='ocr_par' dir='ltr' id='par_1_81' title="bbox 2427 3818 4009 3890">
     <span class='ocr_line' id='line_1_81' title="bbox 2427 3818 4009 3890; baseline -0.004 -16"><span class='ocrx_word' id='word_1_670' title='bbox 2427 3821 2720 3890; x_wconf 83' lang='grc' dir='ltr'>δαιμονίων</span> <span class='ocrx_word' id='word_1_671' title='bbox 2747 3818 3030 3873; x_wconf 73' lang='grc' dir='ltr'>ἐκϐάλλειν</span> <span class='ocrx_word' id='word_1_672' title='bbox 3059 3819 3220 3871; x_wconf 80' lang='grc' dir='ltr'>αὐτὸν</span> <span class='ocrx_word' id='word_1_673' title='bbox 3247 3818 3315 3871; x_wconf 75' lang='grc' dir='ltr'>τά</span> <span class='ocrx_word' id='word_1_674' title='bbox 3341 3818 3593 3886; x_wconf 79' lang='grc' dir='ltr'>δαιμόνια</span> <span class='ocrx_word' id='word_1_675' title='bbox 3621 3818 3826 3885; x_wconf 75' lang='grc' dir='ltr'>ἔλεγον.</span> <span class='ocrx_word' id='word_1_676' title='bbox 3864 3818 4009 3869; x_wconf 71' lang='grc' dir='ltr'>Πάν-</span> 
     </span>
    </p>
   </div>
   <div class='ocr_carea' id='block_1_82' title="bbox 2426 3910 4005 3984">
    <p class='ocr_par' dir='ltr' id='par_1_82' title="bbox 2426 3910 4005 3984">
     <span class='ocr_line' id='line_1_82' title="bbox 2426 3910 4005 3984; baseline -0.004 -15"><span class='ocrx_word' id='word_1_677' title='bbox 2426 3934 2514 3980; x_wconf 85' lang='grc' dir='ltr'>τες</span> <span class='ocrx_word' id='word_1_678' title='bbox 2550 3916 2659 3984; x_wconf 73' lang='grc' dir='ltr'>γὰρ</span> <span class='ocrx_word' id='word_1_679' title='bbox 2691 3917 2738 3967; x_wconf 87' lang='grc' dir='ltr'>οἱ</span> <span class='ocrx_word' id='word_1_680' title='bbox 2772 3912 3236 3981; x_wconf 75' lang='grc' dir='ltr'>συκοφαντοῦντες</span> <span class='ocrx_word' id='word_1_681' title='bbox 3269 3911 3432 3965; x_wconf 83' lang='grc' dir='ltr'>αὐτὸν</span> <span class='ocrx_word' id='word_1_682' title='bbox 3462 3912 3519 3963; x_wconf 81' lang='grc' dir='ltr'>ὲν</span> <span class='ocrx_word' id='word_1_683' title='bbox 3553 3910 3881 3975; x_wconf 72' lang='grc' dir='ltr'>Βεελζεϋοῦλ</span> <span class='ocrx_word' id='word_1_684' title='bbox 3912 3912 4005 3963; x_wconf 77' lang='grc' dir='ltr'>ἐκ·</span> 
     </span>
    </p>
   </div>
   <div class='ocr_carea' id='block_1_83' title="bbox 2429 3999 3999 4075">
    <p class='ocr_par' dir='ltr' id='par_1_83' title="bbox 2429 3999 3999 4075">
     <span class='ocr_line' id='line_1_83' title="bbox 2429 3999 3999 4075; baseline -0.006 -14"><span class='ocrx_word' id='word_1_685' title='bbox 2429 4010 2643 4062; x_wconf 77' lang='grc' dir='ltr'>ϐάλλειν</span> <span class='ocrx_word' id='word_1_686' title='bbox 2673 4008 2799 4069; x_wconf 72' lang='grc' dir='ltr'>τοῦς</span> <span class='ocrx_word' id='word_1_687' title='bbox 2827 4007 3110 4075; x_wconf 79' lang='grc' dir='ltr'>δαίμονας,</span> <span class='ocrx_word' id='word_1_688' title='bbox 3141 3999 3418 4075; x_wconf 56' lang='grc' dir='ltr'>δαιμόνιον</span> <span class='ocrx_word' id='word_1_689' title='bbox 3448 4004 3590 4074; x_wconf 79' lang='grc' dir='ltr'>ἔχειν</span> <span class='ocrx_word' id='word_1_690' title='bbox 3620 4005 3677 4056; x_wconf 70' lang='grc' dir='ltr'>τὸ</span> <span class='ocrx_word' id='word_1_691' title='bbox 3706 4004 3799 4056; x_wconf 80' lang='grc' dir='ltr'>τοῦ</span> <span class='ocrx_word' id='word_1_692' title='bbox 3834 4005 3999 4056; x_wconf 75' lang='grc' dir='ltr'>Βεελ-</span> 
     </span>
    </p>
   </div>
   <div class='ocr_carea' id='block_1_84' title="bbox 2428 4092 4009 4166">
    <p class='ocr_par' dir='ltr' id='par_1_84' title="bbox 2428 4092 4009 4166">
     <span class='ocr_line' id='line_1_84' title="bbox 2428 4092 4009 4166; baseline -0.003 -14"><span class='ocrx_word' id='word_1_693' title='bbox 2428 4101 2640 4164; x_wconf 69' lang='grc' dir='ltr'>ζεϐοὒλ,</span> <span class='ocrx_word' id='word_1_694' title='bbox 2668 4101 2723 4152; x_wconf 73' lang='grc' dir='ltr'>ἐν</span> <span class='ocrx_word' id='word_1_695' title='bbox 2749 4092 2792 4165; x_wconf 85' lang='grc' dir='ltr'>ᾦ</span> <span class='ocrx_word' id='word_1_696' title='bbox 2822 4098 2995 4151; x_wconf 76' lang='grc' dir='ltr'>ἐτέλει</span> <span class='ocrx_word' id='word_1_697' title='bbox 3020 4099 3087 4150; x_wconf 66' lang='grc' dir='ltr'>τά</span> <span class='ocrx_word' id='word_1_698' title='bbox 3114 4096 3387 4166; x_wconf 85' lang='grc' dir='ltr'>θαύματα,</span> <span class='ocrx_word' id='word_1_699' title='bbox 3416 4096 3620 4164; x_wconf 76' lang='grc' dir='ltr'>ἔλεγον.</span> <span class='ocrx_word' id='word_1_700' title='bbox 3648 4096 3798 4165; x_wconf 81' lang='grc' dir='ltr'>Τάχα</span> <span class='ocrx_word' id='word_1_701' title='bbox 3827 4096 3882 4149; x_wconf 75' lang='grc' dir='ltr'>δὲ</span> <span class='ocrx_word' id='word_1_702' title='bbox 3915 4097 4009 4148; x_wconf 72' lang='grc' dir='ltr'>καὶ</span> 
     </span>
    </p>
   </div>
   <div class='ocr_carea' id='block_1_85' title="bbox 2429 4188 4007 4259">
    <p class='ocr_par' dir='ltr' id='par_1_85' title="bbox 2429 4188 4007 4259">
     <span class='ocr_line' id='line_1_85' title="bbox 2429 4188 4007 4259; baseline -0.002 -15"><span class='ocrx_word' id='word_1_703' title='bbox 2429 4192 2564 4244; x_wconf 78' lang='grc' dir='ltr'>καΟὸ</span> <span class='ocrx_word' id='word_1_704' title='bbox 2591 4192 2962 4244; x_wconf 66' lang='grc' dir='ltr'>ἀνεκάλυπτεν</span> <span class='ocrx_word' id='word_1_705' title='bbox 2985 4188 3164 4242; x_wconf 84' lang='grc' dir='ltr'>αὐτῶν</span> <span class='ocrx_word' id='word_1_706' title='bbox 3187 4190 3254 4241; x_wconf 76' lang='grc' dir='ltr'>τά</span> <span class='ocrx_word' id='word_1_707' title='bbox 3279 4189 3615 4259; x_wconf 83' lang='grc' dir='ltr'>διανοήματα</span> <span class='ocrx_word' id='word_1_708' title='bbox 3641 4191 3735 4241; x_wconf 75' lang='grc' dir='ltr'>καὶ</span> <span class='ocrx_word' id='word_1_709' title='bbox 3760 4190 3825 4242; x_wconf 75' lang='grc' dir='ltr'>τά</span> <span class='ocrx_word' id='word_1_710' title='bbox 3854 4190 4007 4241; x_wconf 65' lang='grc' dir='ltr'>ἐντι.)-</span> 
     </span>
    </p>
   </div>
   <div class='ocr_carea' id='block_1_86' title="bbox 2433 4281 4009 4354">
    <p class='ocr_par' dir='ltr' id='par_1_86' title="bbox 2433 4281 4009 4354">
     <span class='ocr_line' id='line_1_86' title="bbox 2433 4281 4009 4354; baseline -0.002 -19"><span class='ocrx_word' id='word_1_711' title='bbox 2433 4285 2683 4354; x_wconf 82' lang='grc' dir='ltr'>μήματα,</span> <span class='ocrx_word' id='word_1_712' title='bbox 2730 4282 3005 4352; x_wconf 79' lang='grc' dir='ltr'>δαιμόνιον</span> <span class='ocrx_word' id='word_1_713' title='bbox 3052 4281 3214 4335; x_wconf 77' lang='grc' dir='ltr'>αὐτὸν</span> <span class='ocrx_word' id='word_1_714' title='bbox 3258 4281 3404 4352; x_wconf 72' lang='grc' dir='ltr'>ἔχειν</span> <span class='ocrx_word' id='word_1_715' title='bbox 3450 4283 3721 4351; x_wconf 73' lang='grc' dir='ltr'>ἐνόμιζον,</span> <span class='ocrx_word' id='word_1_716' title='bbox 3769 4282 4009 4348; x_wconf 68' lang='grc' dir='ltr'>οἰόμενοι</span> 
     </span>
    </p>
   </div>
   <div class='ocr_carea' id='block_1_87' title="bbox 2430 4358 4011 4447">
    <p class='ocr_par' dir='ltr' id='par_1_87' title="bbox 2430 4374 4011 4447">
     <span class='ocr_line' id='line_1_87' title="bbox 2430 4374 4011 4447; baseline -0.002 -17"><span class='ocrx_word' id='word_1_717' title='bbox 2430 4375 2582 4447; x_wconf 74' lang='grc' dir='ltr'>παρὰ</span> <span class='ocrx_word' id='word_1_718' title='bbox 2613 4375 2883 4445; x_wconf 71' lang='grc' dir='ltr'>δαιμόνων</span> <span class='ocrx_word' id='word_1_719' title='bbox 2912 4376 3058 4443; x_wconf 85' lang='grc' dir='ltr'>αὐτῷ</span> <span class='ocrx_word' id='word_1_720' title='bbox 3088 4376 3155 4427; x_wconf 78' lang='grc' dir='ltr'>τά</span> <span class='ocrx_word' id='word_1_721' title='bbox 3190 4374 3406 4444; x_wconf 72' lang='grc' dir='ltr'>κρυπτά</span> <span class='ocrx_word' id='word_1_722' title='bbox 3437 4374 3535 4441; x_wconf 77' lang='grc' dir='ltr'>τῆς</span> <span class='ocrx_word' id='word_1_723' title='bbox 3568 4374 3792 4443; x_wconf 81' lang='grc' dir='ltr'>καρδίας</span> <span class='ocrx_word' id='word_1_724' title='bbox 3828 4376 4011 4427; x_wconf 72' lang='grc' dir='ltr'>αὐτῶν</span> 
     </span>
    </p>
   </div>
   <div class='ocr_carea' id='block_1_88' title="bbox 2431 4463 4007 4539">
    <p class='ocr_par' dir='ltr' id='par_1_88' title="bbox 2431 4463 4007 4539">
     <span class='ocr_line' id='line_1_88' title="bbox 2431 4463 4007 4539; baseline -0.006 -14"><span class='ocrx_word' id='word_1_725' title='bbox 2431 4468 2906 4539; x_wconf 81' lang='grc' dir='ltr'>ὲπιγινὼσκεσθαι.</span> <span class='ocrx_word' id='word_1_726' title='bbox 2951 4469 3086 4521; x_wconf 77' lang='grc' dir='ltr'>Πότε</span> <span class='ocrx_word' id='word_1_727' title='bbox 3125 4468 3181 4521; x_wconf 81' lang='grc' dir='ltr'>δὲ</span> <span class='ocrx_word' id='word_1_728' title='bbox 3224 4463 3377 4520; x_wconf 82' lang='grc' dir='ltr'>εἷπον</span> <span class='ocrx_word' id='word_1_729' title='bbox 3415 4466 3576 4519; x_wconf 75' lang='grc' dir='ltr'>αὐτὸν</span> <span class='ocrx_word' id='word_1_730' title='bbox 3618 4466 3967 4535; x_wconf 81' lang='grc' dir='ltr'>Σαμαρείτην</span> <span class='ocrx_word' id='word_1_731' title='bbox 3995 4484 4007 4493; x_wconf 92' lang='grc'>·</span> 
     </span>
    </p>
   </div>
   <div class='ocr_carea' id='block_1_89' title="bbox 756 4558 2437 4631">
    <p class='ocr_par' dir='ltr' id='par_1_89' title="bbox 756 4558 2437 4631">
     <span class='ocr_line' id='line_1_89' title="bbox 756 4558 2437 4631; baseline 0.007 -26"><span class='ocrx_word' id='word_1_732' title='bbox 756 4564 1007 4621; x_wconf 87' lang='lat' dir='ltr'><strong>putantes</strong></span> <span class='ocrx_word' id='word_1_733' title='bbox 1054 4570 1083 4611; x_wconf 89' lang='lat' dir='ltr'>a</span> <span class='ocrx_word' id='word_1_734' title='bbox 1120 4558 1453 4613; x_wconf 67' lang='lat' dir='ltr'><strong>daemonibus</strong></span> <span class='ocrx_word' id='word_1_735' title='bbox 1499 4559 1545 4612; x_wconf 91' lang='lat' dir='ltr'><strong>ei</strong></span> <span class='ocrx_word' id='word_1_736' title='bbox 1594 4559 1825 4613; x_wconf 87' lang='lat' dir='ltr'><strong>revelata</strong></span> <span class='ocrx_word' id='word_1_737' title='bbox 1879 4560 2059 4615; x_wconf 91' lang='lat' dir='ltr'><strong>cordis</strong></span> <span class='ocrx_word' id='word_1_738' title='bbox 2104 4576 2322 4616; x_wconf 90' lang='lat' dir='ltr'><strong>arcana.</strong></span> <span class='ocrx_word' id='word_1_739' title='bbox 2353 4571 2437 4631; x_wconf 59' lang='lat' dir='ltr'>Di</span> 
     </span>
    </p>
   </div>
   <div class='ocr_carea' id='block_1_90' title="bbox 2327 4558 4008 4631">
    <p class='ocr_par' dir='ltr' id='par_1_90' title="bbox 2353 4558 4008 4631">
     <span class='ocr_line' id='line_1_90' title="bbox 2353 4558 4008 4631; baseline -0.004 -15"><span class='ocrx_word' id='word_1_740' title='bbox 2353 4571 2404 4631; x_wconf 88' lang='lat' dir='ltr'>D</span> <span class='ocrx_word' id='word_1_741' title='bbox 2432 4562 2679 4631; x_wconf 82' lang='grc' dir='ltr'>Οῦδαμοῦ</span> <span class='ocrx_word' id='word_1_742' title='bbox 2721 4564 2748 4614; x_wconf 86' lang='grc' dir='ltr'><strong>ὁ</strong></span> <span class='ocrx_word' id='word_1_743' title='bbox 2790 4560 3181 4629; x_wconf 78' lang='grc' dir='ltr'>εῦαγγελιστὴς</span> <span class='ocrx_word' id='word_1_744' title='bbox 3214 4560 3372 4613; x_wconf 86' lang='grc' dir='ltr'>τοῦτο</span> <span class='ocrx_word' id='word_1_745' title='bbox 3414 4561 3655 4630; x_wconf 79' lang='grc' dir='ltr'>εἴρηκεν.</span> <span class='ocrx_word' id='word_1_746' title='bbox 3686 4559 3781 4611; x_wconf 83' lang='grc' dir='ltr'>Ἐκ</span> <span class='ocrx_word' id='word_1_747' title='bbox 3813 4558 4008 4611; x_wconf 74' lang='grc' dir='ltr'>τούτου</span> 
     </span>
    </p>
   </div>
   <div class='ocr_carea' id='block_1_91' title="bbox 756 4644 2325 4711">
    <p class='ocr_par' dir='ltr' id='par_1_91' title="bbox 756 4644 2325 4711">
     <span class='ocr_line' id='line_1_91' title="bbox 756 4644 2325 4711; baseline 0.006 -13"><span class='ocrx_word' id='word_1_748' title='bbox 756 4644 985 4711; x_wconf 81' lang='lat' dir='ltr'><strong>Quando</strong></span> <span class='ocrx_word' id='word_1_749' title='bbox 1028 4658 1205 4702; x_wconf 90' lang='lat' dir='ltr'><strong>autem</strong></span> <span class='ocrx_word' id='word_1_750' title='bbox 1255 4650 1503 4703; x_wconf 78' lang='lat' dir='ltr'><strong>dixerunt</strong></span> <span class='ocrx_word' id='word_1_751' title='bbox 1541 4666 1663 4705; x_wconf 90' lang='lat' dir='ltr'>eum</span> <span class='ocrx_word' id='word_1_752' title='bbox 1721 4650 2325 4707; x_wconf 72' lang='lat' dir='ltr'><strong>SamaritanumiNus--</strong></span> 
     </span>
    </p>
   </div>
   <div class='ocr_carea' id='block_1_92' title="bbox 756 4738 2327 4816">
    <p class='ocr_par' dir='ltr' id='par_1_92' title="bbox 756 4738 2327 4816">
     <span class='ocr_line' id='line_1_92' title="bbox 756 4738 2327 4816; baseline 0.007 -28"><span class='ocrx_word' id='word_1_753' title='bbox 756 4754 915 4804; x_wconf 83' lang='lat' dir='ltr'><strong>quant</strong></span> <span class='ocrx_word' id='word_1_754' title='bbox 946 4738 1088 4792; x_wconf 91' lang='lat' dir='ltr'><strong>cnim</strong></span> <span class='ocrx_word' id='word_1_755' title='bbox 1127 4742 1454 4810; x_wconf 80' lang='lat' dir='ltr'><strong>evangelista</strong></span> <span class='ocrx_word' id='word_1_756' title='bbox 1485 4743 1584 4797; x_wconf 91' lang='lat' dir='ltr'>hoc</span> <span class='ocrx_word' id='word_1_757' title='bbox 1614 4743 1768 4799; x_wconf 78' lang='lat' dir='ltr'><strong>dixit.</strong></span> <span class='ocrx_word' id='word_1_758' title='bbox 1796 4742 2137 4799; x_wconf 80' lang='lat' dir='ltr'><strong>Manifestum</strong></span> <span class='ocrx_word' id='word_1_759' title='bbox 2162 4742 2327 4816; x_wconf 87' lang='lat' dir='ltr'><strong>igitur</strong></span> 
     </span>
    </p>
   </div>
   <div class='ocr_carea' id='block_1_93' title="bbox 758 4816 2323 4907">
    <p class='ocr_par' dir='ltr' id='par_1_93' title="bbox 758 4816 2323 4907">
     <span class='ocr_line' id='line_1_93' title="bbox 758 4816 2323 4907; baseline 0.006 -27"><span class='ocrx_word' id='word_1_760' title='bbox 758 4829 898 4897; x_wconf 85' lang='lat' dir='ltr'><strong>quod</strong></span> <span class='ocrx_word' id='word_1_761' title='bbox 955 4816 1120 4885; x_wconf 86' lang='lat' dir='ltr'><strong>multa</strong></span> <span class='ocrx_word' id='word_1_762' title='bbox 1181 4836 1625 4902; x_wconf 73' lang='lat' dir='ltr'><strong>pra-termiseriut</strong></span> <span class='ocrx_word' id='word_1_763' title='bbox 1685 4837 2049 4907; x_wconf 65' lang='lat' dir='ltr'><strong>cvangelisue,</strong></span> <span class='ocrx_word' id='word_1_764' title='bbox 2103 4846 2158 4892; x_wconf 87' lang='lat' dir='ltr'>et</span> <span class='ocrx_word' id='word_1_765' title='bbox 2219 4854 2323 4891; x_wconf 90' lang='lat' dir='ltr'><strong>non</strong></span> 
     </span>
    </p>
   </div>
   <div class='ocr_carea' id='block_1_94' title="bbox 757 4924 2328 5001">
    <p class='ocr_par' dir='ltr' id='par_1_94' title="bbox 757 4924 2328 5001">
     <span class='ocr_line' id='line_1_94' title="bbox 757 4924 2328 5001; baseline 0.004 -25"><span class='ocrx_word' id='word_1_766' title='bbox 757 4924 938 4976; x_wconf 90' lang='lat' dir='ltr'><strong>omnia</strong></span> <span class='ocrx_word' id='word_1_767' title='bbox 966 4925 1309 4992; x_wconf 88' lang='lat' dir='ltr'><strong>scripserint,</strong></span> <span class='ocrx_word' id='word_1_768' title='bbox 1338 4929 1479 4981; x_wconf 89' lang='lat' dir='ltr'><strong>sicut</strong></span> <span class='ocrx_word' id='word_1_769' title='bbox 1507 4929 1614 4982; x_wconf 88' lang='lat' dir='ltr'><strong>alio</strong></span> <span class='ocrx_word' id='word_1_770' title='bbox 1641 4928 1759 4983; x_wconf 91' lang='lat' dir='ltr'><strong>loco</strong></span> <span class='ocrx_word' id='word_1_771' title='bbox 1787 4930 2202 5001; x_wconf 86' lang='lat' dir='ltr'><strong>assignavitnus.</strong></span> <span class='ocrx_word' id='word_1_772' title='bbox 2223 4927 2328 4999; x_wconf 82' lang='lat' dir='ltr'><strong>lgi-</strong></span> 
     </span>
    </p>
   </div>
   <div class='ocr_carea' id='block_1_95' title="bbox 760 5018 2327 5091">
    <p class='ocr_par' dir='ltr' id='par_1_95' title="bbox 760 5018 2327 5091">
     <span class='ocr_line' id='line_1_95' title="bbox 760 5018 2327 5091; baseline 0.003 -18"><span class='ocrx_word' id='word_1_773' title='bbox 760 5026 848 5073; x_wconf 85' lang='lat' dir='ltr'>tur</span> <span class='ocrx_word' id='word_1_774' title='bbox 869 5018 944 5073; x_wconf 88' lang='lat' dir='ltr'><strong>illi</strong></span> <span class='ocrx_word' id='word_1_775' title='bbox 973 5019 1186 5088; x_wconf 87' lang='lat' dir='ltr'><strong>quidem</strong></span> <span class='ocrx_word' id='word_1_776' title='bbox 1214 5020 1339 5074; x_wconf 84' lang='lat' dir='ltr'><strong>talia</strong></span> <span class='ocrx_word' id='word_1_777' title='bbox 1365 5037 1461 5091; x_wconf 91' lang='lat' dir='ltr'>per</span> <span class='ocrx_word' id='word_1_778' title='bbox 1491 5021 1836 5091; x_wconf 88' lang='lat' dir='ltr'><strong>ignominiam</strong></span> <span class='ocrx_word' id='word_1_779' title='bbox 1866 5021 2179 5090; x_wconf 74' lang='lat' dir='ltr'><strong>proferunt:</strong></span> <span class='ocrx_word' id='word_1_780' title='bbox 2215 5023 2327 5091; x_wconf 84' lang='lat' dir='ltr'><strong>ipse</strong></span> 
     </span>
    </p>
   </div>
   <div class='ocr_carea' id='block_1_96' title="bbox 760 5112 2330 5184">
    <p class='ocr_par' dir='ltr' id='par_1_96' title="bbox 760 5112 2330 5184">
     <span class='ocr_line' id='line_1_96' title="bbox 760 5112 2330 5184; baseline 0.003 -21"><span class='ocrx_word' id='word_1_781' title='bbox 760 5122 936 5164; x_wconf 86' lang='lat' dir='ltr'><strong>autem</strong></span> <span class='ocrx_word' id='word_1_782' title='bbox 998 5112 1263 5180; x_wconf 84' lang='lat' dir='ltr'><strong>patienter</strong></span> <span class='ocrx_word' id='word_1_783' title='bbox 1306 5114 1356 5165; x_wconf 94' lang='lat' dir='ltr'><strong>in</strong></span> <span class='ocrx_word' id='word_1_784' title='bbox 1391 5130 1448 5167; x_wconf 85' lang='lat' dir='ltr'>sc</span> <span class='ocrx_word' id='word_1_785' title='bbox 1479 5114 1702 5183; x_wconf 85' lang='lat' dir='ltr'><strong>injurias</strong></span> <span class='ocrx_word' id='word_1_786' title='bbox 1749 5116 1993 5184; x_wconf 89' lang='lat' dir='ltr'><strong>suscipit.</strong></span> <span class='ocrx_word' id='word_1_787' title='bbox 2041 5113 2174 5169; x_wconf 83' lang='lat' dir='ltr'>Nam</span> <span class='ocrx_word' id='word_1_788' title='bbox 2208 5130 2330 5169; x_wconf 87' lang='lat' dir='ltr'>cum</span> 
     </span>
    </p>
   </div>
   <div class='ocr_carea' id='block_1_97' title="bbox 760 5204 2332 5277">
    <p class='ocr_par' dir='ltr' id='par_1_97' title="bbox 760 5204 2332 5277">
     <span class='ocr_line' id='line_1_97' title="bbox 760 5204 2332 5277; baseline 0 -18"><span class='ocrx_word' id='word_1_789' title='bbox 760 5206 965 5273; x_wconf 86' lang='lat' dir='ltr'><strong>seipsos</strong></span> <span class='ocrx_word' id='word_1_790' title='bbox 1003 5204 1139 5259; x_wconf 82' lang='lat' dir='ltr'><strong>ﬁlios</strong></span> <span class='ocrx_word' id='word_1_791' title='bbox 1169 5205 1261 5258; x_wconf 86' lang='lat' dir='ltr'><strong>Dei</strong></span> <span class='ocrx_word' id='word_1_792' title='bbox 1310 5206 1570 5271; x_wconf 87' lang='lat' dir='ltr'><strong>dicerent,</strong></span> <span class='ocrx_word' id='word_1_793' title='bbox 1605 5208 1949 5261; x_wconf 77' lang='lat' dir='ltr'><strong>vehementer</strong></span> <span class='ocrx_word' id='word_1_794' title='bbox 1992 5222 2087 5262; x_wconf 90' lang='lat' dir='ltr'>eos</span> <span class='ocrx_word' id='word_1_795' title='bbox 2136 5207 2332 5277; x_wconf 90' lang='lat' dir='ltr'><strong>arguit,</strong></span> 
     </span>
    </p>
   </div>
   <div class='ocr_carea' id='block_1_98' title="bbox 761 5299 2331 5369">
    <p class='ocr_par' dir='ltr' id='par_1_98' title="bbox 761 5299 2331 5369">
     <span class='ocr_line' id='line_1_98' title="bbox 761 5299 2331 5369; baseline 0.003 -21"><span class='ocrx_word' id='word_1_796' title='bbox 761 5299 1042 5351; x_wconf 79' lang='lat' dir='ltr'><strong>veritatem</strong></span> <span class='ocrx_word' id='word_1_797' title='bbox 1088 5299 1642 5368; x_wconf 78' lang='lat' dir='ltr'><strong>vindicanszquando</strong></span> <span class='ocrx_word' id='word_1_798' title='bbox 1686 5308 1865 5354; x_wconf 89' lang='lat' dir='ltr'><strong>autem</strong></span> <span class='ocrx_word' id='word_1_799' title='bbox 1916 5301 2087 5369; x_wconf 91' lang='lat' dir='ltr'><strong>ipsum</strong></span> <span class='ocrx_word' id='word_1_800' title='bbox 2140 5301 2331 5367; x_wconf 88' lang='lat' dir='ltr'><strong>injuria</strong></span> 
     </span>
    </p>
   </div>
   <div class='ocr_carea' id='block_1_99' title="bbox 761 5390 2333 5463">
    <p class='ocr_par' dir='ltr' id='par_1_99' title="bbox 761 5390 2333 5463">
     <span class='ocr_line' id='line_1_99' title="bbox 761 5390 2333 5463; baseline 0.005 -22"><span class='ocrx_word' id='word_1_801' title='bbox 761 5390 1022 5455; x_wconf 79' lang='lat' dir='ltr'><strong>alliciunt,</strong></span> <span class='ocrx_word' id='word_1_802' title='bbox 1071 5407 1174 5446; x_wconf 88' lang='lat' dir='ltr'>non</span> <span class='ocrx_word' id='word_1_803' title='bbox 1210 5393 1514 5461; x_wconf 84' lang='lat' dir='ltr'><strong>ulciscitur,</strong></span> <span class='ocrx_word' id='word_1_804' title='bbox 1578 5394 1778 5448; x_wconf 67' lang='lat' dir='ltr'><strong>dovens</strong></span> <span class='ocrx_word' id='word_1_805' title='bbox 1834 5395 1997 5448; x_wconf 87' lang='lat' dir='ltr'><strong>etiam</strong></span> <span class='ocrx_word' id='word_1_806' title='bbox 2048 5409 2165 5459; x_wconf 91' lang='lat' dir='ltr'><strong>nos,</strong></span> <span class='ocrx_word' id='word_1_807' title='bbox 2217 5410 2333 5463; x_wconf 73' lang='lat' dir='ltr'><strong>qua:</strong></span> 
     </span>
    </p>
   </div>
   <div class='ocr_carea' id='block_1_100' title="bbox 760 5484 2333 5555">
    <p class='ocr_par' dir='ltr' id='par_1_100' title="bbox 760 5484 2333 5555">
     <span class='ocr_line' id='line_1_100' title="bbox 760 5484 2333 5555; baseline 0.002 -20"><span class='ocrx_word' id='word_1_808' title='bbox 760 5495 945 5537; x_wconf 84' lang='lat' dir='ltr'><strong>contra</strong></span> <span class='ocrx_word' id='word_1_809' title='bbox 986 5484 1151 5539; x_wconf 85' lang='lat' dir='ltr'><strong>Deum</strong></span> <span class='ocrx_word' id='word_1_810' title='bbox 1210 5496 1355 5550; x_wconf 83' lang='lat' dir='ltr'><strong>sunt,</strong></span> <span class='ocrx_word' id='word_1_811' title='bbox 1414 5486 1863 5555; x_wconf 80' lang='lat' dir='ltr'><strong>vindicarc,qu:c</strong></span> <span class='ocrx_word' id='word_1_812' title='bbox 1912 5498 2091 5541; x_wconf 87' lang='lat' dir='ltr'><strong>autem</strong></span> <span class='ocrx_word' id='word_1_813' title='bbox 2146 5497 2333 5541; x_wconf 85' lang='lat' dir='ltr'><strong>contra</strong></span> 
     </span>
    </p>
   </div>
   <div class='ocr_carea' id='block_1_101' title="bbox 767 5577 2330 5648">
    <p class='ocr_par' dir='ltr' id='par_1_101' title="bbox 767 5577 2330 5648">
     <span class='ocr_line' id='line_1_101' title="bbox 767 5577 2330 5648; baseline 0.002 -22"><span class='ocrx_word' id='word_1_814' title='bbox 767 5591 883 5641; x_wconf 82' lang='lat' dir='ltr'><strong>nos,</strong></span> <span class='ocrx_word' id='word_1_815' title='bbox 921 5586 1201 5632; x_wconf 82' lang='lat' dir='ltr'><strong>mansuete</strong></span> <span class='ocrx_word' id='word_1_816' title='bbox 1237 5577 1399 5643; x_wconf 77' lang='lat' dir='ltr'><strong>ferre,</strong></span> <span class='ocrx_word' id='word_1_817' title='bbox 1436 5580 1577 5633; x_wconf 81' lang='lat' dir='ltr'><strong>sicut</strong></span> <span class='ocrx_word' id='word_1_818' title='bbox 1605 5589 1658 5633; x_wconf 87' lang='lat' dir='ltr'>et</span> <span class='ocrx_word' id='word_1_819' title='bbox 1694 5580 1807 5648; x_wconf 79' lang='lat' dir='ltr'><strong>ipse</strong></span> <span class='ocrx_word' id='word_1_820' title='bbox 1848 5587 2127 5632; x_wconf 81' lang='lat' dir='ltr'><strong>mansuete</strong></span> <span class='ocrx_word' id='word_1_821' title='bbox 2162 5578 2330 5630; x_wconf 79' lang='lat' dir='ltr'><strong>dixit:</strong></span> 
     </span>
    </p>
   </div>
   <div class='ocr_carea' id='block_1_102' title="bbox 766 5669 2336 5742">
    <p class='ocr_par' dir='ltr' id='par_1_102' title="bbox 766 5669 2336 5742">
     <span class='ocr_line' id='line_1_102' title="bbox 766 5669 2336 5742; baseline 0.001 -21"><span class='ocrx_word' id='word_1_822' title='bbox 766 5682 786 5715; x_wconf 76' lang='grc' dir='ltr'><strong>σ</strong></span> <span class='ocrx_word' id='word_1_823' title='bbox 824 5669 947 5738; x_wconf 75' lang='lat' dir='ltr'><strong>Ego,</strong></span> <span class='ocrx_word' id='word_1_824' title='bbox 1001 5671 1194 5742; x_wconf 86' lang='lat' dir='ltr'><strong>inquit,</strong></span> <span class='ocrx_word' id='word_1_825' title='bbox 1246 5672 1568 5727; x_wconf 62' lang='lat' dir='ltr'><strong>da‘tnOnium</strong></span> <span class='ocrx_word' id='word_1_826' title='bbox 1618 5686 1720 5725; x_wconf 86' lang='lat' dir='ltr'>non</span> <span class='ocrx_word' id='word_1_827' title='bbox 1751 5671 1941 5736; x_wconf 88' lang='lat' dir='ltr'><strong>habeo,</strong></span> <span class='ocrx_word' id='word_1_828' title='bbox 1999 5672 2089 5725; x_wconf 86' lang='lat' dir='ltr'>scd</span> <span class='ocrx_word' id='word_1_829' title='bbox 2132 5670 2336 5723; x_wconf 77' lang='lat' dir='ltr'><strong>hunuzo</strong></span> 
     </span>
    </p>
   </div>
   <div class='ocr_carea' id='block_1_103' title="bbox 852 5849 1858 5917">
    <p class='ocr_par' dir='ltr' id='par_1_103' title="bbox 852 5849 1858 5917">
     <span class='ocr_line' id='line_1_103' title="bbox 852 5849 1858 5917; baseline -0.007 -8"><span class='ocrx_word' id='word_1_830' title='bbox 852 5854 1053 5908; x_wconf 77' lang='lat' dir='ltr'><strong>&quot;Gen.</strong></span> <span class='ocrx_word' id='word_1_831' title='bbox 1114 5867 1192 5916; x_wconf 88' lang='lat' dir='ltr'><strong>Ill,</strong></span> <span class='ocrx_word' id='word_1_832' title='bbox 1247 5852 1296 5907; x_wconf 79' lang='grc'><strong>5.</strong></span> <span class='ocrx_word' id='word_1_833' title='bbox 1377 5851 1419 5882; x_wconf 71' lang='grc' dir='ltr'>⁵ο</span> <span class='ocrx_word' id='word_1_834' title='bbox 1462 5849 1644 5906; x_wconf 74' lang='lat' dir='ltr'><strong>Matth.</strong></span> <span class='ocrx_word' id='word_1_835' title='bbox 1677 5866 1729 5917; x_wconf 69' lang='grc' dir='ltr'>χ,</span> <span class='ocrx_word' id='word_1_836' title='bbox 1772 5850 1858 5904; x_wconf 77' lang='lat' dir='ltr'>5i.</span> 
     </span>
    </p>
   </div>
   <div class='ocr_carea' id='block_1_104' title="bbox 2432 4653 4008 4725">
    <p class='ocr_par' dir='ltr' id='par_1_104' title="bbox 2432 4653 4008 4725">
     <span class='ocr_line' id='line_1_104' title="bbox 2432 4653 4008 4725; baseline -0.005 -14"><span class='ocrx_word' id='word_1_837' title='bbox 2432 4653 2524 4711; x_wconf 61' lang='grc' dir='ltr'>οὖν</span> <span class='ocrx_word' id='word_1_838' title='bbox 2549 4657 2703 4725; x_wconf 76' lang='grc' dir='ltr'>δῆλον</span> <span class='ocrx_word' id='word_1_839' title='bbox 2730 4658 2811 4708; x_wconf 77' lang='grc' dir='ltr'>ὅτι</span> <span class='ocrx_word' id='word_1_840' title='bbox 2839 4655 3006 4707; x_wconf 71' lang='grc' dir='ltr'>πολλὰ</span> <span class='ocrx_word' id='word_1_841' title='bbox 3040 4653 3373 4724; x_wconf 75' lang='grc' dir='ltr'>παρέλειψαν</span> <span class='ocrx_word' id='word_1_842' title='bbox 3398 4655 3447 4705; x_wconf 84' lang='lat' dir='ltr'><strong>oi.</strong></span> <span class='ocrx_word' id='word_1_843' title='bbox 3478 4653 3882 4719; x_wconf 68' lang='grc' dir='ltr'>εῦαγγελισταὶ,</span> <span class='ocrx_word' id='word_1_844' title='bbox 3916 4654 4008 4704; x_wconf 76' lang='grc' dir='ltr'>καὶ</span> 
     </span>
    </p>
   </div>
   <div class='ocr_carea' id='block_1_105' title="bbox 2432 4733 4009 4818">
    <p class='ocr_par' dir='ltr' id='par_1_105' title="bbox 2432 4744 4009 4818">
     <span class='ocr_line' id='line_1_105' title="bbox 2432 4744 4009 4818; baseline -0.004 -18"><span class='ocrx_word' id='word_1_845' title='bbox 2432 4749 2528 4818; x_wconf 77' lang='grc' dir='ltr'>οὐχ</span> <span class='ocrx_word' id='word_1_846' title='bbox 2562 4748 2778 4801; x_wconf 67' lang='grc' dir='ltr'>ἅπαντα</span> <span class='ocrx_word' id='word_1_847' title='bbox 2833 4746 3259 4815; x_wconf 72' lang='grc' dir='ltr'>συνεγράψαντο,</span> <span class='ocrx_word' id='word_1_848' title='bbox 3292 4746 3433 4799; x_wconf 69' lang='grc' dir='ltr'>καθα</span> <span class='ocrx_word' id='word_1_849' title='bbox 3483 4746 3577 4797; x_wconf 73' lang='grc' dir='ltr'>καὶ</span> <span class='ocrx_word' id='word_1_850' title='bbox 3636 4744 3869 4813; x_wconf 69' lang='grc' dir='ltr'>ἀλλαχοῦ</span> <span class='ocrx_word' id='word_1_851' title='bbox 3914 4747 4009 4795; x_wconf 77' lang='grc' dir='ltr'>ἐπ-</span> 
     </span>
    </p>
   </div>
   <div class='ocr_carea' id='block_1_106' title="bbox 2433 4831 4011 4911">
    <p class='ocr_par' dir='ltr' id='par_1_106' title="bbox 2433 4831 4011 4911">
     <span class='ocr_line' id='line_1_106' title="bbox 2433 4831 4011 4911; baseline -0.005 -16"><span class='ocrx_word' id='word_1_852' title='bbox 2433 4840 2836 4911; x_wconf 76' lang='grc' dir='ltr'>ισημηνάμεοα</span> <span class='ocrx_word' id='word_1_853' title='bbox 2889 4839 3047 4891; x_wconf 80' lang='grc' dir='ltr'>τοῦτο</span> <span class='ocrx_word' id='word_1_854' title='bbox 3080 4838 3229 4891; x_wconf 80' lang='grc' dir='ltr'>αὑτό.</span> <span class='ocrx_word' id='word_1_855' title='bbox 3271 4837 3498 4890; x_wconf 81' lang='grc' dir='ltr'>Ἐκεῖ.·οι</span> <span class='ocrx_word' id='word_1_856' title='bbox 3525 4836 3622 4905; x_wconf 80' lang='grc' dir='ltr'>μὲν</span> <span class='ocrx_word' id='word_1_857' title='bbox 3664 4831 3757 4888; x_wconf 82' lang='grc' dir='ltr'>οῦν</span> <span class='ocrx_word' id='word_1_858' title='bbox 3786 4836 4011 4887; x_wconf 75' lang='grc' dir='ltr'>τοιαῦτα</span> 
     </span>
    </p>
   </div>
   <div class='ocr_carea' id='block_1_107' title="bbox 2435 4924 4010 5004">
    <p class='ocr_par' dir='ltr' id='par_1_107' title="bbox 2435 4924 4010 5004">
     <span class='ocr_line' id='line_1_107' title="bbox 2435 4924 4010 5004; baseline -0.008 -16"><span class='ocrx_word' id='word_1_859' title='bbox 2435 4934 2767 5004; x_wconf 74' lang='grc' dir='ltr'>ὑϐρίζουσιν,</span> <span class='ocrx_word' id='word_1_860' title='bbox 2798 4932 2960 4995; x_wconf 71' lang='grc' dir='ltr'>αὐτὸς</span> <span class='ocrx_word' id='word_1_861' title='bbox 2985 4930 3029 4984; x_wconf 84' lang='grc' dir='ltr'>δ’</span> <span class='ocrx_word' id='word_1_862' title='bbox 3048 4929 3383 4996; x_wconf 80' lang='grc' dir='ltr'>ἀνεξικάκως</span> <span class='ocrx_word' id='word_1_863' title='bbox 3406 4928 3503 4990; x_wconf 73' lang='grc' dir='ltr'>τὰς</span> <span class='ocrx_word' id='word_1_864' title='bbox 3531 4929 3611 4989; x_wconf 78' lang='grc' dir='ltr'>εὶς</span> <span class='ocrx_word' id='word_1_865' title='bbox 3634 4927 3795 4981; x_wconf 68' lang='grc' dir='ltr'>αὑτὸν</span> <span class='ocrx_word' id='word_1_866' title='bbox 3822 4924 4010 4995; x_wconf 84' lang='grc' dir='ltr'>ῦϐρεις</span> 
     </span>
    </p>
   </div>
   <div class='ocr_carea' id='block_1_108' title="bbox 2436 5017 4007 5095">
    <p class='ocr_par' dir='ltr' id='par_1_108' title="bbox 2436 5017 4007 5095">
     <span class='ocr_line' id='line_1_108' title="bbox 2436 5017 4007 5095; baseline -0.007 -16"><span class='ocrx_word' id='word_1_867' title='bbox 2436 5027 2668 5095; x_wconf 80' lang='grc' dir='ltr'>δέχεται.</span> <span class='ocrx_word' id='word_1_868' title='bbox 2696 5026 2822 5077; x_wconf 83' lang='grc' dir='ltr'>Ὅτε</span> <span class='ocrx_word' id='word_1_869' title='bbox 2871 5024 2969 5093; x_wconf 82' lang='grc' dir='ltr'>μὲν</span> <span class='ocrx_word' id='word_1_870' title='bbox 3008 5023 3117 5093; x_wconf 73' lang='grc' dir='ltr'>γάρ</span> <span class='ocrx_word' id='word_1_871' title='bbox 3162 5022 3388 5084; x_wconf 77' lang='grc' dir='ltr'>ἑαυτοὺς</span> <span class='ocrx_word' id='word_1_872' title='bbox 3432 5021 3580 5082; x_wconf 74' lang='grc' dir='ltr'>υἱοὺς</span> <span class='ocrx_word' id='word_1_873' title='bbox 3620 5018 3755 5071; x_wconf 90' lang='grc' dir='ltr'>Θεοῦ</span> <span class='ocrx_word' id='word_1_874' title='bbox 3798 5017 4007 5084; x_wconf 73' lang='grc' dir='ltr'>ἔλεγον,</span> 
     </span>
    </p>
   </div>
   <div class='ocr_carea' id='block_1_109' title="bbox 2443 5108 4008 5185">
    <p class='ocr_par' dir='ltr' id='par_1_109' title="bbox 2443 5108 4008 5185">
     <span class='ocr_line' id='line_1_109' title="bbox 2443 5108 4008 5185; baseline -0.006 -16"><span class='ocrx_word' id='word_1_875' title='bbox 2443 5116 2685 5185; x_wconf 62' lang='grc' dir='ltr'>σιροδρῶς</span> <span class='ocrx_word' id='word_1_876' title='bbox 2721 5114 2917 5176; x_wconf 69' lang='grc' dir='ltr'>αὐτοὺς</span> <span class='ocrx_word' id='word_1_877' title='bbox 2952 5113 3182 5183; x_wconf 76' lang='grc' dir='ltr'>ἐλέγχει,</span> <span class='ocrx_word' id='word_1_878' title='bbox 3212 5111 3309 5181; x_wconf 75' lang='grc' dir='ltr'>τὴν</span> <span class='ocrx_word' id='word_1_879' title='bbox 3340 5109 3599 5179; x_wconf 82' lang='grc' dir='ltr'>ἀλήθειαν</span> <span class='ocrx_word' id='word_1_880' title='bbox 3626 5108 3854 5162; x_wconf 78' lang='grc' dir='ltr'>ἐκδικῶν</span> <span class='ocrx_word' id='word_1_881' title='bbox 3874 5125 3887 5139; x_wconf 93' lang='grc'>·</span> <span class='ocrx_word' id='word_1_882' title='bbox 3919 5108 4008 5160; x_wconf 80' lang='grc' dir='ltr'>ὅτε</span> 
     </span>
    </p>
   </div>
   <div class='ocr_carea' id='block_1_110' title="bbox 2440 5188 4009 5277">
    <p class='ocr_par' dir='ltr' id='par_1_110' title="bbox 2440 5188 4009 5277">
     <span class='ocr_line' id='line_1_110' title="bbox 2440 5188 4009 5277; baseline -0.006 -15"><span class='ocrx_word' id='word_1_883' title='bbox 2440 5209 2496 5262; x_wconf 77' lang='grc' dir='ltr'>δὲ</span> <span class='ocrx_word' id='word_1_884' title='bbox 2542 5208 2702 5261; x_wconf 68' lang='grc' dir='ltr'>αὐτὸν</span> <span class='ocrx_word' id='word_1_885' title='bbox 2729 5188 3093 5277; x_wconf 37' lang='grc' dir='ltr'>’ὑϐρίζουσιῃ</span> <span class='ocrx_word' id='word_1_886' title='bbox 3136 5206 3235 5258; x_wconf 81' lang='grc' dir='ltr'>οῦκ</span> <span class='ocrx_word' id='word_1_887' title='bbox 3277 5202 3572 5273; x_wconf 75' lang='grc' dir='ltr'>ἀμύνεται,</span> <span class='ocrx_word' id='word_1_888' title='bbox 3611 5201 3877 5254; x_wconf 79' lang='grc' dir='ltr'>διδάσκων</span> <span class='ocrx_word' id='word_1_889' title='bbox 3916 5202 4009 5253; x_wconf 81' lang='grc' dir='ltr'>καὶ</span> 
     </span>
    </p>
   </div>
   <div class='ocr_carea' id='block_1_111' title="bbox 2443 5290 4013 5367">
    <p class='ocr_par' dir='ltr' id='par_1_111' title="bbox 2443 5290 4013 5367">
     <span class='ocr_line' id='line_1_111' title="bbox 2443 5290 4013 5367; baseline -0.006 -16"><span class='ocrx_word' id='word_1_890' title='bbox 2443 5298 2610 5367; x_wconf 72' lang='grc' dir='ltr'>ἡμᾶς,</span> <span class='ocrx_word' id='word_1_891' title='bbox 2640 5298 2706 5350; x_wconf 78' lang='grc' dir='ltr'>τά</span> <span class='ocrx_word' id='word_1_892' title='bbox 2740 5297 2838 5366; x_wconf 87' lang='grc' dir='ltr'>μὲν</span> <span class='ocrx_word' id='word_1_893' title='bbox 2868 5296 2949 5359; x_wconf 71' lang='grc' dir='ltr'>εἰς</span> <span class='ocrx_word' id='word_1_894' title='bbox 2981 5295 3117 5347; x_wconf 80' lang='grc' dir='ltr'>Θεὸν</span> <span class='ocrx_word' id='word_1_895' title='bbox 3146 5295 3401 5357; x_wconf 79' lang='grc' dir='ltr'>ὲκδικ;ἶν,</span> <span class='ocrx_word' id='word_1_896' title='bbox 3434 5293 3501 5345; x_wconf 76' lang='grc' dir='ltr'>τά</span> <span class='ocrx_word' id='word_1_897' title='bbox 3534 5291 3589 5344; x_wconf 75' lang='grc' dir='ltr'>δὲ</span> <span class='ocrx_word' id='word_1_898' title='bbox 3622 5293 3701 5354; x_wconf 87' lang='grc' dir='ltr'>εἰς</span> <span class='ocrx_word' id='word_1_899' title='bbox 3735 5294 3880 5361; x_wconf 79' lang='grc' dir='ltr'>ἡμᾶς</span> <span class='ocrx_word' id='word_1_900' title='bbox 3915 5290 4013 5343; x_wconf 68' lang='grc' dir='ltr'>αὖ-</span> 
     </span>
    </p>
   </div>
   <div class='ocr_carea' id='block_1_112' title="bbox 2437 5385 4005 5461">
    <p class='ocr_par' dir='ltr' id='par_1_112' title="bbox 2437 5385 4005 5461">
     <span class='ocr_line' id='line_1_112' title="bbox 2437 5385 4005 5461; baseline -0.004 -18"><span class='ocrx_word' id='word_1_901' title='bbox 2437 5392 2563 5453; x_wconf 74' lang='grc' dir='ltr'>τνιῦς</span> <span class='ocrx_word' id='word_1_902' title='bbox 2598 5390 2786 5461; x_wconf 77' lang='grc' dir='ltr'>πράως</span> <span class='ocrx_word' id='word_1_903' title='bbox 2822 5390 3009 5459; x_wconf 77' lang='grc' dir='ltr'>φέρειν</span> <span class='ocrx_word' id='word_1_904' title='bbox 3033 5407 3046 5421; x_wconf 78' lang='grc'><em>’</em></span> <span class='ocrx_word' id='word_1_905' title='bbox 3082 5388 3269 5460; x_wconf 85' lang='grc' dir='ltr'>ῶσπερ</span> <span class='ocrx_word' id='word_1_906' title='bbox 3301 5387 3394 5440; x_wconf 87' lang='grc' dir='ltr'>οῦν</span> <span class='ocrx_word' id='word_1_907' title='bbox 3428 5390 3523 5441; x_wconf 70' lang='grc' dir='ltr'>καὶ</span> <span class='ocrx_word' id='word_1_908' title='bbox 3556 5387 3716 5449; x_wconf 79' lang='grc' dir='ltr'>αὐτὸς</span> <span class='ocrx_word' id='word_1_909' title='bbox 3750 5385 3970 5456; x_wconf 79' lang='grc' dir='ltr'>ἡμέρως</span> <span class='ocrx_word' id='word_1_910' title='bbox 3992 5424 4005 5445; x_wconf 87' lang='grc'>,</span> 
     </span>
    </p>
   </div>
   <div class='ocr_carea' id='block_1_113' title="bbox 2446 5477 4011 5553">
    <p class='ocr_par' dir='ltr' id='par_1_113' title="bbox 2446 5477 4011 5553">
     <span class='ocr_line' id='line_1_113' title="bbox 2446 5477 4011 5553; baseline -0.004 -20"><span class='ocrx_word' id='word_1_911' title='bbox 2446 5502 2464 5533; x_wconf 83' lang='grc'><strong><em>‹</em></strong></span> <span class='ocrx_word' id='word_1_912' title='bbox 2494 5482 2655 5550; x_wconf 81' lang='grc' dir='ltr'>Ἐγὼ,</span> <span class='ocrx_word' id='word_1_913' title='bbox 2686 5483 2841 5553; x_wconf 67' lang='grc' dir='ltr'>φησι,</span> <span class='ocrx_word' id='word_1_914' title='bbox 2870 5482 3144 5553; x_wconf 82' lang='grc' dir='ltr'>δαιμόνιον</span> <span class='ocrx_word' id='word_1_915' title='bbox 3172 5481 3269 5542; x_wconf 74' lang='grc' dir='ltr'>οὐκ</span> <span class='ocrx_word' id='word_1_916' title='bbox 3299 5481 3427 5549; x_wconf 78' lang='grc' dir='ltr'>ἔχω,</span> <span class='ocrx_word' id='word_1_917' title='bbox 3457 5479 3592 5533; x_wconf 66' lang='grc' dir='ltr'>ἀλλὰ</span> <span class='ocrx_word' id='word_1_918' title='bbox 3618 5480 3760 5546; x_wconf 81' lang='grc' dir='ltr'>τιμῶ</span> <span class='ocrx_word' id='word_1_919' title='bbox 3784 5478 3874 5537; x_wconf 77' lang='grc' dir='ltr'>τὸν</span> <span class='ocrx_word' id='word_1_920' title='bbox 3902 5477 4011 5528; x_wconf 80' lang='grc' dir='ltr'>Πα-</span> 
     </span>
    </p>
   </div>
   <div class='ocr_carea' id='block_1_114' title="bbox 2442 5570 4011 5645">
    <p class='ocr_par' dir='ltr' id='par_1_114' title="bbox 2442 5570 4011 5645">
     <span class='ocr_line' id='line_1_114' title="bbox 2442 5570 4011 5645; baseline -0.005 -17"><span class='ocrx_word' id='word_1_921' title='bbox 2442 5575 2573 5645; x_wconf 78' lang='grc' dir='ltr'>τέρα</span> <span class='ocrx_word' id='word_1_922' title='bbox 2605 5592 2727 5644; x_wconf 86' lang='grc' dir='ltr'>μου.</span> <span class='ocrx_word' id='word_1_923' title='bbox 2756 5594 2784 5643; x_wconf 49' lang='grc' dir='ltr'>,ι</span> <span class='ocrx_word' id='word_1_924' title='bbox 2819 5574 2939 5636; x_wconf 78' lang='grc' dir='ltr'>Πῶς</span> <span class='ocrx_word' id='word_1_925' title='bbox 2966 5574 3023 5627; x_wconf 83' lang='grc' dir='ltr'>δὲ</span> <span class='ocrx_word' id='word_1_926' title='bbox 3052 5573 3212 5642; x_wconf 76' lang='grc' dir='ltr'>ἐτίμα</span> <span class='ocrx_word' id='word_1_927' title='bbox 3238 5573 3327 5626; x_wconf 77' lang='grc' dir='ltr'>τὸν</span> <span class='ocrx_word' id='word_1_928' title='bbox 3354 5573 3571 5643; x_wconf 77' lang='grc' dir='ltr'>Πατέρα</span> <span class='ocrx_word' id='word_1_929' title='bbox 3591 5590 3604 5640; x_wconf 91' lang='grc'><strong>;</strong></span> <span class='ocrx_word' id='word_1_930' title='bbox 3628 5571 3889 5625; x_wconf 80' lang='grc' dir='ltr'>Ἐκδικῶν</span> <span class='ocrx_word' id='word_1_931' title='bbox 3915 5570 4011 5621; x_wconf 81' lang='grc' dir='ltr'>αῦ-</span> 
     </span>
    </p>
   </div>
   <div class='ocr_carea' id='block_1_115' title="bbox 2444 5662 4014 5737">
    <p class='ocr_par' dir='ltr' id='par_1_115' title="bbox 2444 5662 4014 5737">
     <span class='ocr_line' id='line_1_115' title="bbox 2444 5662 4014 5737; baseline -0.006 -17"><span class='ocrx_word' id='word_1_932' title='bbox 2444 5670 2554 5735; x_wconf 65' lang='grc' dir='ltr'>τὸν,</span> <span class='ocrx_word' id='word_1_933' title='bbox 2583 5670 2674 5720; x_wconf 73' lang='grc' dir='ltr'>καὶ</span> <span class='ocrx_word' id='word_1_934' title='bbox 2700 5668 2799 5718; x_wconf 73' lang='grc' dir='ltr'>οὐκ</span> <span class='ocrx_word' id='word_1_935' title='bbox 2828 5667 3153 5737; x_wconf 80' lang='grc' dir='ltr'>ἀνεχόμενος</span> <span class='ocrx_word' id='word_1_936' title='bbox 3180 5666 3397 5731; x_wconf 67' lang='grc' dir='ltr'>αὐτοὺς,</span> <span class='ocrx_word' id='word_1_937' title='bbox 3421 5666 3545 5727; x_wconf 74' lang='grc' dir='ltr'>τοὺς</span> <span class='ocrx_word' id='word_1_938' title='bbox 3578 5664 3891 5735; x_wconf 58' lang='grc' dir='ltr'>μιαιςὸνους</span> <span class='ocrx_word' id='word_1_939' title='bbox 3920 5662 4014 5714; x_wconf 73' lang='grc' dir='ltr'>καὶ</span> 
     </span>
    </p>
   </div>
  </div>
