4256 6446
183 366 247 429 3'1
808 355 1250 420 ENARRATIO
1281 354 1364 415 IN
1397 350 1895 414 EVANGELIUM
1931 350 2269 412 JOANNIS.
2295 353 2541 415 —CAP.
2581 353 2745 413 VIII.
3354 353 3425 416 38

183 481 408 550 Πατέρα
436 496 450 509 ο
476 476 578 530 καὶ
612 475 720 546 γὰρ
758 477 850 528 τὸν
879 474 1037 540 λόγον
1066 471 1233 525 αὐτος
1269 474 1366 540 τῆς
1390 472 1577 533 οὐσίας
1616 473 1754 522 ἀπο·
1783 476 1829 530 Α
1861 470 1864 521 i

1752 499 1754 509 ι
1783 476 1829 530 Α
1861 470 1929 522 ita
1953 471 2068 522 scio
2103 469 2314 522 Patrem
2346 485 2364 522 :
2398 485 2520 522 nam
2556 482 2609 524 et
2639 485 2944 524 sermonem
2974 469 3090 538 ejus
3119 472 3433 526 Siihstantize

184 575 345 637 σώζω
373 569 818 639 ἀπαράλλακτον.
853 564 926 618 Τὸ
953 564 1009 618 δὲ
1051 565 1238 634 σχῆμα
1267 563 1425 615 τοῦτο
1469 562 1561 614 τοῦ
1597 562 1754 630 λόγου

187 662 420 728 σύνηθες
451 659 604 728 παρὰ
633 659 698 726 τῇ
732 655 942 724 Γραφῇ,
964 653 1039 716 ὡς
1069 653 1146 716 τὸ,
1179 672 1195 702 t
1221 652 1319 712 Δὸς
1343 653 1475 720 ἡμῖν
1504 650 1756 718 βοήθειαν

189 757 253 806 ἐκ
284 752 537 818 θλίψεως,
579 749 673 800 καὶ
708 746 908 815 ματαία
939 744 1183 812 σωτηρία
1216 740 1524 810 ἀνθρώπου.
1568 759 1584 790 ι
1638 741 1756 792 Ἐν-

186 847 361 899 ταίοα
392 843 498 913 γὰρ
522 843 602 904 τὸ,
631 861 648 890 ι
677 841 790 905 καὶ,
820 858 836 891 i
869 839 988 891 ἀντὶ
1011 835 1125 900 τοῦ,
1152 853 1168 884 ι
1205 835 1366 904 γάρ,›
1388 837 1594 886 κεῖται·
1619 834 1758 884 ὥστε

190 938 329 991 εἶναι
380 938 441 988 τὸ
481 935 774 1004 λεγόμενον
806 929 1045 983 τοιοῦτον
1073 944 1086 958 ⁶
1128 945 1146 979 ι
1181 927 1276 990 Δὸς
1313 929 1442 994 ἡμῖν
1472 924 1720 994 βοήθειαν
1742 939 1757 953 ο

195 1032 402 1100 μιταία
437 1027 547 1096 γὰρ
581 1026 823 1095 σωτηρία
857 1022 1165 1092 ἀνθρώπου.
1207 1039 1224 1070 i
1263 1021 1417 1072 Οὖτω
1442 1015 1718 1069 κάνταῦθα
1743 1031 1757 1045 ·

197 1144 213 1171 ι
253 1118 382 1175 Οἶδα
409 1121 592 1183 αὐτὸν,
621 1119 715 1170 καὶ
744 1116 833 1166 τὸν
864 1113 1018 1180 λόγον
1052 1111 1215 1164 αὐτοῦ
1238 1110 1390 1180 τηρῶ
1417 1148 1429 1160 .
1475 1127 1492 1158 i
1530 1108 1588 1158 τὸ
1628 1107 1758 1174 γὰρ,

198 1231 214 1262 i
251 1213 366 1274 καὶ,
391 1229 409 1261 ι
439 1210 561 1262 ἀντὶ
591 1207 704 1270 τοῦ,
745 1206 936 1274 (γαρη
957 1205 1160 1256 κεῖται’
1194 1220 1210 1252 ι
1237 1200 1339 1252 Τὸν
1358 1197 1468 1267 γὰρ
1491 1197 1645 1265 λόγον
1664 1197 1760 1249 αὺ-

189 1303 304 1364 τοῦ,
341 1304 495 1370 φησι,
530 1299 706 1367 τηρῶ.
743 1317 761 1348 ›

271 1413 287 1443 i
313 1390 564 1460 Ἀϐραὰμ
591 1391 616 1441 6
653 1386 831 1457 πατὴρ
858 1386 1010 1455 ὑμῶν
1033 1381 1523 1452 ἡγαλ).ιὰσατο,ῖνα
1558 1379 1641 1449 ἴδῃ
1667 1378 1762 1448 τὴν

191 1485 405 1552 ἡμέραν
433 1483 530 1548 τὴν
558 1478 697 1548 ἐμήν
722 1495 735 1508 ·
766 1479 857 1529 καὶ
893 1471 1020 1538 εἶδε,
1047 1474 1140 1525 καὶ
1169 1472 1365 1542 ἐχάρη.
1402 1468 1568 1524 Εἶπον
1590 1471 1680 1524 οὖν
1715 1473 1761 1524 οἱ

204 1576 450 1629 Ἰουδαῖοι
481 1574 615 1642 πρὸς
649 1571 844 1623 αὐτόν·
890 1567 1233 1636 Πεντήκοντα
1279 1563 1432 1616 οὔπω
1467 1564 1609 1633 ἔχεις
1642 1563 1758 1631 ἔτη,

192 1667 283 1719 καὶ
328 1665 583 1734 Ἀϐραὰμ
637 1663 916 1732 ἐώρακας;
959 1653 1127 1710 Εἶπεν
1164 1653 1258 1710 οὖν
1297 1657 1519 1718 αὐτοῖς’
1565 1657 1759 1724 Ἀμὴν,

190 1761 340 1830 ἀμὴν
397 1761 571 1827 λέγων
632 1757 783 1825 ὑμῖν,
835 1754 964 1822 πρὶν
1019 1749 1272 1820 Ἀϐραὰμ
1323 1748 1598 1816 γενέσθαι,
1654 1746 1763 1814 ἐγώ

202 1854 343 1918 εέμι.
377 1847 558 1918 Ἦραν
591 1843 681 1899 οὖν
711 1845 909 1907 λίθους,
938 1843 1024 1894 ἵνα
1053 1840 1287 1911 βάλωσιν
1314 1841 1399 1891 ἐπ’
1437 1838 1623 1891 αὐτόν.
1655 1838 1760 1906 ’1η-

193 1942 322 2003 σοῦς
358 1941 414 1990 δὲ
465 1937 692 2007 ἐκριίὁη,
725 1938 819 1991 καὶ
854 1938 1074 2008 ἐξῆλθεν
1111 1941 1172 1992 ἐκ
1204 1937 1293 1991 τοῦ
1329 1937 1495 2006 ἱεροῦ,
1540 1936 1760 1990 διελθὼν

186 2035 275 2087 διὰ
326 2034 491 2101 μέσου
524 2032 700 2084 αὐτῶν
725 2045 737 2058 ’
767 2032 860 2083 καὶ
912 2032 1156 2102 παρῆγεν
1203 2029 1402 2093 οὕτως,
1436 2049 1453 2081 ι
1497 2028 1760 2082 Ἐνταῦθα

191 2123 620 2185 κατασκευάζει,
653 2123 735 2175 ὅτι
780 2122 980 2192 μείζων
1017 2123 1131 2176 ἐστὶ
1156 2122 1250 2174 τοῦ
1304 2121 1572 2190 Ἀϐραάμ.
1610 2121 1764 2173 Ἐπεί⁸

197 2218 306 2284 γὰρ
346 2217 541 2267 ἐκεῖνοι
596 2215 899 2284 προέφερον
948 2213 1133 2284 αὺτῷο
1175 2233 1191 2265 ι
1242 2214 1332 2282 Μὴ
1365 2214 1427 2265 σὺ
1477 2212 1677 2282 μῑίζων
1716 2207 1764 2264 εἶ

194 2307 291 2359 τοῦ
332 2306 538 2376 πατρὸς
588 2305 745 2375 ἡμῶν
778 2305 1061 2376 Ἀδραὰμς
1121 2321 1139 2354 i
1189 2304 1355 2373 φησιν
1389 2302 1646 2364 ἐνταῦθα,
1682 2304 1762 2355 ὅτι

198 2399 308 2450 Ναὶ
344 2399 544 2466 μείζων
575 2397 712 2463 εἰμί.
764 2413 784 2446 ι
826 2396 1067 2457 Ἐκεῖνος
1104 2394 1213 2466 γάρ
1242 2411 1325 2447 τοι.
1376 2394 1759 2462 ἠγαλλιάσατο,

198 2489 285 2540 ενα
322 2489 406 2556 ἴδη
454 2489 552 2557 τήν
591 2485 804 2556 ἡμέραν
851 2487 950 2554 τὴν
990 2487 1128 2556 ἐμήν
1160 2501 1174 2515 ⁸

198 2576 531 2632 «meamet;
580 2581 674 2631 καὶ
734 2579 990 2631 εὐκταίαν
1046 2574 1156 2647 εἶχε
1206 2577 1410 2646 ταύτην
1447 2577 1540 2628 καὶ
1591 2579 1764 2646 χαρᾶς

199 2672 486 2742 πρόξενον,
538 2671 781 2741 δηλονότι
836 2673 1056 2734 πάντως
1101 2671 1186 2723 ἐπ’
1219 2672 1509 2740 εὐεργεσία
1541 2669 1767 2738 γενομέ-

199 2781 318 2832 νην,
370 2764 444 2826 ὡς
483 2765 576 2815 καὶ
610 2765 668 2816 οὑ
723 2762 920 2833 μικροῦ
952 2779 1115 2825 τινος,
1161 2761 1282 2813 οὐδὲ
1320 2761 1572 2830 τυχόντος
1601 2757 1766 2813 οὖσαν

199 2856 437 2925 ἡμέραν,
470 2855 606 2907 ἀλλά
637 2854 905 2923 μείζονος.
943 2854 1190 2921 Ἡμέραν
1220 2853 1275 2906 δέ
1308 2853 1456 2920 λέγει
1488 2853 1578 2904 τὸν
1607 2868 1770 2904 σταυ-

203 2945 316 3014 ρόν.
375 2945 576 2996 Τοῦτον
627 2944 736 3013 γὰρ
777 2943 1085 3013 προετύτιου
1113 2944 1141 2996 6
1197 2943 1447 3015 Ἀϐραὰμ
1487 2945 1542 2995 ἐν
1575 2947 1641 3012 τῇ
1672 2942 1764 2996 τοῦ

199 3036 388 3088 Ἰσαὰκ
436 3037 792 3104 προσαγωγῇ,
848 3036 943 3087 καὶ
995 3038 1061 3104 τῇ
1105 3033 1199 3087 τοῦ
1245 3033 1399 3105 κριοῦ
1444 3035 1621 3106 θυσίᾳ.
1681 3035 1766 3098 Ὡς

1226 2504 1245 2536 ι
1294 2486 1558 2548 τουτέστι,
1609 2501 1762 2553 περι-

199 3129 306 3195 γάρ
357 3128 566 3188 ἐκεῖνος
616 3127 683 3179 τὰ
714 3125 865 3191 ξύλα,
899 3125 1072 3189 οὕτως
1105 3125 1133 3177 6
1168 3125 1371 3195 Κύριος
1409 3127 1499 3179 τὸν
1535 3127 1763 3196 σταυρὸν
1795 3139 1836 3196 c

200 3220 467 3272 ἐϐάστασε
496 3236 511 3250 ο
559 3221 651 3270 καὶ
685 3220 758 3281 ὡς
809 3219 1003 3288 ἀφείθη
1061 3218 1159 3287 μέν
1200 3216 1407 3280 Ἰσαὰκ,
1457 3218 1618 3289 ἐτύθη
1648 3219 1704 3271 δέ
1737 3219 1766 3269 6

201 3312 356 3379 κριός
393 3326 407 3340 ο
455 3310 626 3372 οὕτως
676 3313 704 3362 6
736 3309 836 3379 μὲν
863 3309 993 3372 Θεὸς
1029 3310 1181 3372 ἐκτὸς
1214 3309 1436 3373 πάθους,
1464 3310 1539 3377 τῷ
1588 3310 1642 3362 δὲ
1675 3311 1767 3361 ἀν-

203 3400 464 3468 θρωπίνῳ
512 3399 604 3451 καὶ
635 3401 698 3468 τῇ
747 3400 908 3468 σαρκὶ
952 3397 1142 3451 ἔπαθε.
1184 3397 1396 3467 Ταύτην
1433 3399 1530 3468 τὴν
1557 3400 1766 3469 ἡμέραν

203 3494 301 3558 τὴν
340 3490 434 3541 τοῦ
484 3489 716 3558 σταυροῦ
769 3487 1020 3559 Ἀϐραὰμ
1063 3488 1294 3558 προϊδὼν
1337 3491 1528 3559 ἐχάρη,
1560 3489 1634 3550 ὼς
1677 3507 1766 3540 κο⁹

211 3581 416 3650 σμικῆς
466 3581 842 3649 γενησομένης
893 3579 1189 3649 σωτηρίας.
1223 3580 1375 3648 Ἀμα
1413 3581 1467 3631 δὲ
1497 3579 1765 3631 δείκνυσιν

203 3674 439 3726 ἐνταῦθα
467 3673 662 3734 αὐτοὺς
693 3671 1004 3740 ἀλλοτρίους
1047 3669 1138 3722 τοῦ
1179 3670 1451 3740 ’Δϐραᾶμ,
1503 3671 1552 3722 εἴ
1583 3687 1644 3737 γε
1680 3671 1763 3736 ἐφ’

201 3756 280 3822 οἷς
323 3763 532 3821 ἐκεῖνος
577 3758 812 3829 ἔχαιρεν,
872 3755 1016 3812 οὗτοι
1052 3758 1283 3810 λυττῶσι
1327 3761 1419 3812 καὶ
1461 3762 1760 3830 μαίνονται.

203 3856 364 3923 Ar,ch
395 3855 470 3916 δὲ,
495 3855 576 3906 ὅτι
617 3855 715 3906 οὐκ
746 3855 891 3907 ἄκων
919 3854 1008 3905 επὶ
1035 3853 1094 3906 τὸ
1130 3854 1299 3917 πάθος
1346 3855 1584 3924 ἔρχεται,
1628 3857 1678 3906 εῐ
1704 3871 1764 3920 γε

203 3948 421 3998 ἐπαινεῖ
447 3947 536 3996 τὸν
568 3945 796 4013 ἡσθέντα
829 3948 918 3996 ἐπὶ
948 3944 1026 4016 τῷ
1065 3943 1279 4015 σταυρῷ
1310 3961 1322 3974 °
1358 3946 1513 3998 τοῦτο
1547 3947 1669 4014 γὰρ,
1693 3946 1766 4007 ὡς

205 4040 446 4105 εἴρηται,
488 4036 728 4103 σωτηρία
751 4034 848 4101 τῆς
877 4037 1224 4105 οἰκουμένης.
1262 4035 1443 4088 Ἀλλοι
1479 4037 1533 4088 δὲ
1558 4036 1767 4104 ἡμέραν

204 4130 294 4179 τὸν
325 4127 544 4179 ἅπαντα
579 4127 769 4195 καιρὸν
813 4125 994 4178 νοοῦσι
1023 4125 1124 4195 τῆς
1166 4125 1259 4179 τοῦ
1291 4127 1527 4196 Χριστοῦ
1563 4142 1768 4195 παρου-

207 4218 355 4278 σίας,
391 4218 457 4284 ἣν
503 4216 532 4267 6
559 4215 814 4285 Ἀδραὰμ
862 4217 1124 4284 προειδὼς
1165 4217 1358 4286 ἐχάρη,
1397 4219 1475 4269 ὅτι
1517 4218 1573 4281 ἐξ
1603 4217 1765 4269 αὑτοῦ

204 4306 303 4358 καὶ
348 4305 437 4356 τοῦ
494 4306 801 4374 σπέρματος
867 4304 1028 4359 αὑτοῦ
1079 4307 1441 4374 ἀναστήσεται
1482 4308 1507 4357 6
1558 4306 1762 4374 Σωτήρ.

208 4400 319 4450 Καὶ
353 4398 490 4463 τάχα
517 4398 574 4448 οὐ
607 4398 763 4464 μόνος
788 4399 815 4448 6
836 4398 1089 4465 ’Δόραὰμ
1121 4399 1313 4467 ἰχάρη,
1346 4398 1477 4449 ἀλλὰ
1511 4399 1602 4450 καὶ
1631 4401 1767 4450 πάν-

1859 573 2120 611 couservo
2168 558 2217 610 in
2268 558 2413 610 nullo
2451 559 2733 611 minorem.
2771 558 2863 611 Est
2904 572 3082 612 autem
3120 561 3232 612 haec
3265 563 3430 628 ligura

1859 657 2118 701 consueta
2152 648 2204 699 iii
2248 647 2552 714 Scriptura,
2586 657 2640 698 ut
2673 664 2792 700 eum
2825 650 3016 701 dicitur
3046 667 3057 702 :
3102 668 3119 700 ι
3160 649 3231 702 Da
3279 651 3432 704 nobis

1860 739 2117 790 auxilium
2152 740 2214 792 de
2264 738 2628 800 tribulatione,
2667 751 2717 790 et
2757 754 2886 791 vana
2936 741 3078 792 salus
3111 741 3361 796 hominis.
3412 760 3428 792 ι

1861 829 1971 883 Hoc
2009 830 2125 884 loco
2185 833 2326 883 eniin
2381 831 2688 894 εοιιῇιιιιειὶιι
2734 850 2749 879 ι
2790 841 2862 893 et,
2905 853 2920 880 ι
2965 849 3078 899 pro,
3133 850 3150 881 ι
3201 837 3365 896 enim,
3411 853 3428 883 ι

1863 922 2123 990 ponitur:
2177 932 2232 974 ut
2283 924 2423 990 quod
2480 924 2698 984 dicitur,
2749 924 2888 975 hunc
2937 926 3125 976 haheat
3178 940 3430 978 sensum:

1869 1031 1886 1063 ι
1924 1013 1996 1065 Da
2032 1013 2183 1067 nobis
2205 1016 2488 1075 auxilium,
2521 1030 2654 1066 vana
2686 1015 2822 1065 enim
2856 1015 3001 1066 salus
3034 1016 3262 1069 hominis
3293 1018 3358 1068 ".
3411 1036 3428 1066 ι

1865 1104 1956 1158 Sic
1984 1106 2144 1158 etiam
2182 1105 2281 1158 hoc
2315 1105 2464 1159 loco:
2499 1125 2515 1157 ι
2554 1106 2678 1159 Scio
2707 1107 2876 1166 illuni,
2908 1115 2959 1158 et
2997 1122 3298 1160 sermonem
3320 1108 3433 1172 ejus

1870 1214 2048 1260 Servo,
2092 1214 2110 1247 ι
2154 1197 2463 1264 coiijunctio
2510 1216 2526 1248 ι
2564 1209 2636 1261 et,
2675 1218 2692 1248 ι
2726 1215 2819 1264 pio
2857 1218 2872 1247 i
2917 1199 3084 1262 enim,
3121 1219 3138 1248 ι
3180 1203 3430 1267 ponitur:

1870 1289 2241 1357 “Sermonem
2273 1291 2410 1342 enim
2441 1291 2574 1355 ejus,
2605 1290 2793 1355 inquit,
2824 1308 3000 1342 servo.
3042 1311 3058 1340 ι

1937 1384 2100 1438 Villis.
2149 1382 2336 1437 56-59.
2373 1401 2389 1432 ι
2437 1383 2707 1435 Abraham
2747 1394 2896 1447 pater
2933 1397 3108 1436 vester
3144 1385 3434 1439 exsultavit

1867 1488 1923 1530 ut
1951 1479 2158 1530 videret
2188 1476 2323 1527 diem
2363 1490 2536 1527 iiieuin
2571 1490 2584 1528 :
2618 1484 2669 1526 et
2706 1475 2857 1529 vidit,
2893 1487 3052 1535 atque
3084 1479 3298 1540 gavisus
3328 1489 3430 1528 est.

1869 1567 2128 1619 Dixerunt
2152 1580 2279 1631 ergo
2320 1563 2484 1617 Judari
2523 1566 2585 1616 ad
2617 1579 2776 1616 eum:
2819 1565 3219 1632 Quinquaginta
3268 1583 3435 1620 annos

1867 1657 2101 1709 nondum
2139 1655 2325 1718 habes,
2358 1665 2408 1707 et
2436 1655 2704 1707 Abraham
2731 1657 2944 1707 vidisti?
2980 1658 3118 1709 Dixit
3148 1658 3226 1710 eis
3256 1657 3432 1721 Jesus,

1866 1746 2035 1799 Amen
2066 1760 2221 1797 amen
2255 1746 2372 1798 dico
2406 1745 2578 1809 vobis,
2628 1756 2915 1812 antequam
2954 1748 3223 1799 Abraham
3259 1749 3431 1810 ﬁeret,

1865 1853 1962 1906 ego
2010 1852 2151 1892 sum.
2206 1836 2487 1891 Tollebant
2532 1851 2658 1906 ergo
2708 1838 2929 1904 lapides,
2979 1850 3033 1890 ut
3081 1837 3324 1903 jacereiit
3382 1844 3432 1894 in

1861 1945 2002 1984 eum.
2033 1927 2187 1982 Jesus
2222 1939 2398 1981 autem
2433 1930 2711 1982 abscondit
2746 1945 2824 1994 se,
2861 1941 2908 1981 et
2950 1932 3119 1983 exivit
3144 1947 3172 1983 e
3212 1934 3431 1999 templo,

1865 2020 2492 2088 traiisienspcrmedium
2523 2021 2780 2086 ipsorum,
2802 2024 3126 2088 etprxteriit
3152 2024 3248 2077 sic.
3278 2043 3295 2075 ι
3325 2023 3435 2078 Hoc

1864 2111 1981 2163 loco
2017 2109 2172 2162 docet
2202 2109 2340 2176 quod
2393 2107 2565 2175 major
2618 2109 2686 2160 sit
2729 2108 3059 2162 Ahraliaino.
3100 2112 3236 2174 Quia
3285 2113 3428 2166 enim

1865 2202 1936 2255 illi
1964 2200 2208 2254 dicebant
2231 2200 2278 2253 ei
2313 2216 2325 2254 ε
2363 2219 2378 2249 ι
2440 2199 2573 2252 Num
2621 2207 2672 2250 tu
2729 2214 2785 2252 es
2817 2200 2990 2266 major
3041 2212 3192 2267 patre
3246 2211 3436 2257 nostro

1864 2293 2174 2347 Abraham?
2216 2311 2233 2342 ι
2274 2293 2405 2345 dicit
2466 2292 2564 2342 hoc
2625 2291 2778 2343 loco:
2834 2292 3006 2343 Etiam
3066 2293 3236 2360 major
3291 2309 3432 2346 SUlll.

1872 2403 1890 2436 ι
1931 2386 2143 2439 Etenim
2181 2385 2266 2438 ille
2315 2383 2622 2445 exsultavit,
2657 2393 2712 2434 ut
2747 2383 2949 2438 videret
2985 2385 3126 2437 diem
3165 2401 3366 2449 meum,
3413 2405 3429 2435 ι

1866 2479 1968 2534 hoc
2015 2489 2116 2542 est,
2151 2475 2516 2530 desideratum
2561 2484 2614 2528 et
2646 2486 2885 2542 optatum
2936 2477 3121 2529 habuit
3177 2477 3345 2541 illiilli,
3384 2487 3436 2531 et

1866 2570 2044 2637 gaudii
2096 2579 2398 2629 auctorem,
2435 2568 2661 2628 scilicet,
2709 2582 2771 2619 eo
2815 2570 2953 2634 quod
3007 2571 3056 2621 in
3114 2569 3433 2621 beiieliciuin

1866 2659 2102 2719 cederet,
2147 2668 2198 2711 et
2233 2672 2335 2709 non
2373 2657 2520 2724 parvi
2569 2655 2797 2724 alicujus
2829 2673 2998 2720 neque
3026 2659 3260 2725 vulgaris
3294 2667 3438 2710 esset

1868 2751 2004 2811 dies,
2045 2750 2138 2802 sed
2185 2749 2384 2817 magni.
2435 2747 2582 2801 Diem
2617 2757 2791 2799 autem
2826 2747 2954 2800 dicit
2997 2764 3233 2802 crucem.
3274 2748 3438 2818 330

1868 2836 2000 2891 Nam
2070 2837 2446 2908 pi'azligurabat
2509 2837 2655 2889 illam
2718 2836 2986 2889 Abraham
3048 2839 3101 2890 in
3163 2839 3436 2890 oblatione

1867 2929 2038 2995 Isaac,
2070 2943 2122 2983 et
2167 2932 2350 2983 arietis
2381 2930 2646 2983 sacriﬁcio
2677 2929 2743 2981 ⁸³.
2783 2928 2933 2982 Sicut
2963 2931 3102 2981 enim
3140 2929 3246 2982 illic
3289 2927 3437 2983 Isaac

1869 3023 2034 3089 ligna,
2084 3022 2154 3075 ita
2197 3023 2453 3076 Dominus
2484 3037 2700 3075 crucem
2748 3022 2978 3088 portavit
3009 3039 3020 3073 :
3051 3032 3104 3074 ct
3138 3022 3277 3075 sit-ut
3313 3024 3436 3073 reli-

1868 3123 1986 3165 ctus
2022 3114 2235 3181 quidem
2274 3123 2353 3166 cst
2391 3113 2558 3179 Isaac,
2597 3114 2904 3165 immolatus
2940 3124 3119 3165 autem
3168 3115 3330 3172 aries,
3363 3116 3432 3166 it".

1873 3213 1928 3258 et
1953 3204 2090 3258 Deus
2121 3205 2332 3272 quidem
2366 3205 2572 3257 alit-nus
2612 3213 2693 3258 est
2726 3221 2754 3258 a
2797 3206 3066 3273 passione,
3103 3206 3152 3257 iii
3207 3208 3436 3257 humana

1875 3302 2053 3347 autem
2087 3306 2276 3348 natura
2311 3307 2362 3349 ct
2392 3293 2556 3349 carne‘
2598 3313 2787 3363 passos
2818 3306 2917 3351 est.
2955 3295 3105 3350 Hunc
3139 3299 3277 3350 diem
3314 3314 3439 3350 cru-—

1875 3389 1951 3439 cis
1979 3400 2100 3439 cuiu
2130 3386 2468 3454 praevidisset
2496 3388 2792 3451 Abraham,
2821 3391 3038 3457 gavisus
3074 3400 3178 3451 est,
3217 3400 3268 3441 et
3297 3392 3436 3453 quod

1875 3477 2083 3529 futurus
2110 3487 2255 3530 esset
2298 3478 2350 3530 iii
2398 3478 2624 3532 salutem
2658 3480 2860 3530 mundi.
2918 3479 3140 3544 Insuper
3180 3483 3276 3531 lim:
3325 3482 3439 3529 loro

1873 3574 2107 3625 ostendit
2138 3587 2232 3626 eos
2268 3573 2471 3626 alienos
2502 3588 2618 3628 esse
2648 3575 2714 3627 ab
2739 3575 3036 3635 Abraham,
3083 3576 3344 3642 siquidem
3373 3581 3438 3629 de

1871 3661 2067 3730 quibus
2099 3661 2183 3714 ille
2215 3663 2500 3730 gaudebat,
2533 3664 2586 3717 hi
2634 3665 2993 3718 itisaniehant.
3033 3663 3313 3734 Signilicat
3343 3683 3437 3719 au-

1874 3765 1978 3806 tem
2011 3755 2153 3819 quod
2181 3767 2285 3804 non
2319 3753 2516 3807 invitus
2576 3756 2877 3823 passionem
2935 3758 3271 3823 aggrediatur
3305 3774 3316 3810 :
3361 3760 3437 3811 si-

1874 3846 2086 3911 quidem
2122 3846 2305 3897 laudat
2335 3860 2454 3898 euiii
2488 3847 2579 3907 qui
2621 3847 2910 3900 exsultavit
2942 3857 3158 3916 propter
3199 3863 3435 3901 crucem.

1874 3935 2006 3989 Nam
2054 3936 2176 3989 inde
2222 3937 2299 4005 (ut
2334 3938 2534 3990 dictum
2567 3940 2670 4004 est)
2724 3938 2874 3993 salus
2906 3941 3074 3993 orbis.
3122 3941 3223 3993 Alii
3261 3952 3438 3992 autem

1876 4025 2180 4095 intelligunt
2211 4041 2304 4093 per
2334 4027 2475 4080 diem
2500 4044 2659 4081 omne
2691 4039 2904 4096 tempus
2936 4031 3196 4082 adventus
3215 4030 3435 4094 Christi,

1873 4117 2014 4185 quod
2046 4132 2167 4170 cum
2202 4118 2471 4170 Abraham
2515 4119 2872 4184 prmvidisset,
2903 4121 3119 4187 gavisus
3151 4132 3251 4182 εει,
3294 4122 3437 4187 Quod

1874 4221 1937 4260 ex
1970 4209 2086 4276 ipso
2122 4217 2175 4261 et
2209 4210 2418 4263 semine
2451 4209 2568 4278 ejus
2606 4221 2944 4264 surrecturus
2983 4222 3128 4264 esset
3166 4213 3434 4264 Salvator.

1878 4300 1939 4352 Et
1988 4300 2233 4355 fortassis
2283 4319 2387 4354 non
2433 4306 2577 4354 solus
2611 4303 2879 4355 Abraham
2933 4306 3149 4372 gavisus
3199 4313 3304 4367 est,
3342 4307 3435 4358 sed

1874 4402 1926 4444 et
1952 4407 2156 4454 omnes,
2189 4395 2325 4445 sicut
2358 4393 2519 4446 David
2548 4394 2676 4447 dicit
2712 4396 2790 4446 ’δι
2819 4412 2834 4442 t
2880 4393 2999 4447 Ilico
3032 4407 3112 4447 est
3141 4397 3252 4448 dies
3279 4411 3436 4464 quam

209 4506 323 4547 τεέ,
353 4488 425 4547 ὼς
457 4486 617 4539 Δαυῖδ
647 4488 830 4555 λέγει·
871 4507 887 4538 ι
923 4488 1123 4557 Αὖτηὴ
1154 4488 1357 4556 ἡμέρα,
1386 4489 1450 4556 ἢν
1475 4488 1769 4556 ἐποίησε·λὸ
1796 4485 1847 4544 D
1877 4486 1886 4536 Ι

1756 4485 1847 4544 51)
1877 4486 1998 4538 Ιέείι
2037 4484 2311 4543 Dominus,
2347 4485 2682 4537 exsultemus
2726 4495 2780 4536 et
2816 4485 3055 4537 laetemur
3084 4487 3133 4537 iu
3180 4500 3267 4540 ea.
3315 4505 3332 4534 ι
3376 4486 3437 4538 ΕΙ.

208 4581 436 4650 Κύριος·
465 4579 937 4649 ἀγαλλιασώμεθα,
966 4581 1058 4632 καὶ
1078 4579 1469 4648 εὐφρανθῶμεν
1491 4582 1546 4631 ἐν
1565 4581 1724 4650 αὐτῇ.
1745 4599 1761 4630 i

209 4674 384 4730 Αὐτὸς
419 4672 514 4740 μὲν
547 4672 638 4725 οὖν
680 4673 872 4725 ταῦτα.
920 4674 982 4725 Ui
1012 4672 1090 4736 δέ,
1129 4673 1203 4740 μὴ
1236 4672 1526 4738 δυνάμενοι
1569 4661 1769 4741 φὊάσαι

212 4764 291 4822 εἰς
321 4761 381 4811 τὸ
413 4761 541 4828 ὕψος
579 4761 686 4812 τῶν
729 4761 1059 4829 λεγομένων,
1094 4759 1217 4813 οὔτε
1251 4761 1530 4829 ἀνέχονται
1565 4762 1770 4829 ἐρωτῆ-

216 4871 308 4905 σαι
362 4855 456 4903 καὶ
511 4851 722 4918 μαθεῖν,
780 4853 901 4903 τινα
989 4855 1153 4919 φησιν
1221 4853 1451 4921 ἡμέραν,
1508 4853 1571 4918 ἣν
1634 4847 1770 4902 εἶδεν

215 4944 465 5009 Ἀϐραάμ
490 4957 503 4970 ·
541 4942 673 4994 ἀλλά
705 4941 796 4994 καὶ
836 4943 1033 5011 μᾶλλον
1071 4942 1528 5011 διαχλευάζουσιν,
1564 4941 1636 5003 ὠς
1668 4960 1769 5010 μα-

214 5034 378 5098 νιώδη
419 5035 537 5084 τινα
569 5032 960 5101 φθεγγόμενον.
999 5051 1015 5082 ι
1058 5034 1406 5100 Πεντήκοντα
1432 5034 1558 5100 γὰρ,
1589 5036 1768 5100 φησιν,

222 5127 315 5191 ἐτη
343 5125 494 5175 οὔπω
525 5124 685 5191 ἔχεις.
724 5129 817 5176 καὶ
861 5126 1110 5193 Ἀϐραὰμ
1149 5122 1432 5192 ἐιτιρακας;
1469 5143 1484 5173 ›
1522 5126 1690 5176 Τοῦτο
1719 5126 1773 5175 δὲ

220 5212 396 5276 εἷπον,
434 5217 741 5285 νομίζοντες
767 5217 854 5266 τὸν
889 5217 1085 5286 Κύριον
1118 5217 1283 5282 ἐγγυς
1325 5211 1461 5266 εἶναι
1494 5216 1598 5265 τῶν
1643 5233 1772 5267 πεν-

218 5312 477 5377 τήκοντα,
527 5310 702 5360 καίτοι
752 5309 980 5377 περίπου
1027 5309 1318 5378 τριάκοντα
1354 5309 1446 5360 καὶ
1505 5310 1627 5376 τρία
1681 5312 1772 5379 Ετη

218 5404 341 5455 τότε
371 5405 651 5468 γεγονότα.
696 5403 848 5464 Τίνος
883 5401 935 5453 δέ
960 5401 1144 5452 ἕνεκεν
1173 5401 1269 5453 οὐκ
1301 5397 1450 5454 εἶπον
1469 5420 1479 5429 ·
1506 5403 1779 5472 Τεσταρά-

220 5510 382 5544 κοντα
413 5494 508 5561 ἒτη
531 5492 682 5543 οὔπω
711 5492 876 5559 ἔχεις,
910 5491 1064 5554 ἀλλα,
1130 5508 1147 5540 ε
1199 5491 1570 5558 Πεντήκοντας
1618 5510 1634 5541 ι
1677 5492 1778 5542 Πε-

223 5588 404 5653 {nam
439 5588 538 5654 μὲν
571 5587 628 5635 τὸ
655 5585 895 5636 τοιοῦτον
926 5586 1205 5652 ἐρώτημα.
1247 5584 1455 5644 Ἀπλὼς
1483 5584 1589 5653 γὰρ
1611 5583 1780 5645 οὕτως

292 5766 336 5795 ³³
368 5763 513 5817 Psal.
547 5781 654 5828 ιιι,
715 5765 797 5817 15.

874 5766 918 5797 ’³
954 5765 1082 5820 Gen.
1143 5781 1276 5832 xxii,
1350 5767 1370 5820 ι
1424 5780 1570 5834 seqq.

1878 4579 1993 4646 ipse
2019 4578 2233 4646 quidem
2276 4575 2390 4628 hac
2421 4576 2582 4639 dixit;
2609 4585 2663 4627 at
2701 4574 2775 4627 illi
2808 4590 2908 4626 non
2955 4586 3198 4642 poterant
3237 4578 3439 4643 peitin-

1877 4683 2002 4737 gere
2024 4669 2086 4721 ad
2112 4667 2494 4721 sublimitatem
2537 4665 2820 4725 dictorum,
2871 4682 3041 4732 neque
3082 4667 3440 4733 dignabaiitur

1882 4763 2212 4829 interrogare
2245 4758 2324 4812 vel
2373 4760 2580 4811 discere
2628 4759 2748 4825 quis
2779 4770 2923 4811 eSset
2972 4760 3087 4811 dies
3127 4760 3231 4823 ille,
3283 4775 3436 4825 ψιιιιιι

1879 4853 2101 4905 vidisset
2128 4850 2430 4902 Abraham:
2458 4849 2564 4900 imo
2595 4848 2820 4901 irrident
2848 4865 2966 4901 eum
2994 4861 3051 4901 ut
3084 4850 3266 4900 insana
3290 4865 3438 4915 qua--

1878 4941 2000 4994 dam
2057 4941 2384 5008 loquentem.
2445 4955 2463 4988 ε
2517 4937 2914 5007 Quinquaginta
2970 4939 3134 5000 enim,
3171 4939 3437 5005 inquiunt,

1881 5048 2051 5086 annos
2091 5032 2324 5084 nonduin
2361 5030 2545 5092 habes,
2591 5040 2643 5083 et
2694 5033 2962 5081 Ain-aliam
3017 5031 3229 5082 vidisti?
3270 5049 3287 5080 ι
3332 5029 3441 5082 llne

1882 5139 2056 5177 autem
2087 5125 2354 5186 dicehant,
2387 5124 2755 5176 existimantes
2788 5123 3069 5173 Dominum
3105 5125 3270 5174 ιιιιίιιε
3293 5122 3440 5186 quin-

1881 5227 2137 5285 quaginta
2186 5229 2450 5268 annoruui
2486 5230 2641 5267 esse:
2701 5215 2911 5265 tametsi
2961 5225 3084 5265 tunc
3130 5215 3338 5281 triginta
3390 5225 3441 5265 et

1887 5319 1993 5360 trcs
2025 5316 2228 5360 tantum
2260 5321 2428 5359 annos
2454 5304 2691 5358 haberet.
2739 5305 2916 5368 Quare
2949 5316 3124 5356 autem
3163 5319 3265 5354 nuit
3291 5305 3443 5354 dixe-

1889 5411 2034 5463 runt,
2058 5401 2412 5469 Quadraginta
2428 5413 2594 5450 annos
2620 5400 2849 5449 nonduin
2870 5397 3152 5456 liahes,sed
3178 5409 3442 5461 quiiioua-

1891 5492 2069 5559 giiila?
2098 5491 2373 5544 Curiosior
2402 5503 2531 5541 sane
2578 5488 2688 5540 huic
2727 5489 3090 5554 interrogatio.
3136 5488 3263 5537 r\aui
3314 5488 3443 5536 siin-

1893 5584 2101 5654 plieiter
2135 5585 2210 5636 sic
2238 5582 2425 5633 incidit
2451 5581 2549 5641 eis,
2583 5589 2639 5630 ut
2673 5592 2934 5632 memores
2970 5587 3143 5630 essent
3179 5577 3444 5643 quinqua-

1650 5765 1699 5816 "‘.
1729 5764 1865 5818 i’sal.
1915 5780 2080 5827 cxvn,
2129 5763 2215 5816 ΞΗ.
