4256 6446
285 416 360 478 45
932 416 1369 477 liNARRATlO
1406 415 1484 475 ΙΝ
1521 415 2020 477 EVANGELIUM
2055 420 2393 485 JOANNIS.
2425 449 2490 460 —
2515 428 2669 487 CAP.
2720 431 2819 490 [Χ.
3451 441 3525 502 4S

281 527 666 596 οἰκοδομήσας,
691 528 791 599 ἔχῃ
812 526 899 580 διὰ
922 527 1014 580 τοῦ
1039 529 1444 598 δημιουργῆσαι
1469 528 1563 580 καὶ
1587 528 1646 580 τὸ
1667 528 1853 590 ἀτελὲς
1884 535 1932 590 Α
1956 546 1962 582 t

1844 544 1853 590 ;
1884 535 1932 590 Α
1956 544 2176 594 sanans,
2197 544 2249 586 et
2267 533 2318 587 in
2338 551 2488 589 suam
2510 549 2751 591 naturam
2768 542 3122 606 constituens,
3137 549 3367 599 ostendit
3384 555 3525 616 quod

281 619 491 676 ἐκεῖνο,
527 618 796 669 δεικνύειν
820 656 835 680 ,
869 618 951 669 ὅτι
991 619 1086 669 καὶ
1117 617 1210 669 τοῦ
1239 617 1662 686 ᾠκοδομημένου
1694 618 1853 680 αὐτὸς

279 708 531 775 τεχνίτης
574 708 755 759 ἐστίν·
790 708 932 761 οὕτω
980 711 1073 761 καὶ
1101 711 1128 762 ὁ
1166 709 1297 772 Θεὸς
1334 709 1492 776 ἡμῶν
1538 707 1744 778 Ἰησοῦς
1787 709 1855 763 τὰ

278 800 659 868 πεπηρωμένα
693 799 828 870 μέλη
864 801 1108 868 ἰώμενος,
1139 801 1235 851 καὶ
1275 799 1657 852 ἁποκαθιστῶν
1684 801 1762 862 εἰς
1794 799 1853 851 τὸ

278 890 423 940 κατά
453 889 636 957 φύσιν,
659 889 950 951 δείκνυσιν,
974 889 1044 952 ὡς
1074 889 1182 958 ἄρα
1213 889 1372 950 αὐτός
1399 890 1544 941 ἐστιν
1572 891 1598 942 6
1627 890 1719 942 καὶ
1746 891 1852 943 τῶν

277 980 457 1033 ἄλλων
515 981 689 1049 μελῶν
733 963 1085 1049 δημιουργός.
1127 979 1310 1032 Εἰπὼν
1348 981 1424 1040 δὲ,
1476 999 1492 1031 ι
1529 980 1641 1033 Ἵνα
1689 999 1852 1048 φανε-

281 1069 430 1139 ρωθῇ
459 1071 490 1138 ή
515 1070 639 1134 δόξα
664 1070 756 1122 τοῦ
786 1069 944 1134 Θεοῦ,
984 1089 1001 1122 ι
1039 1072 1164 1141 περὶ
1188 1069 1382 1122 ἑαυτοῦ
1418 1087 1599 1138 φησιν,
1631 1071 1691 1123 ού
1725 1072 1852 1142 περὶ

276 1161 374 1214 τοῦ
408 1163 646 1231 Πατρός⁸
683 1163 894 1214 ἐκείνου
923 1161 1032 1231 γὰρ
1060 1163 1092 1232 ή
1129 1162 1255 1225 δόξα
1283 1163 1490 1232 φανερὰ
1515 1157 1581 1232 ἦν
1603 1203 1618 1227 ,
1649 1162 1746 1234 τὴν
1795 1163 1852 1216 δὲ

285 1253 452 1306 αύτού
496 1255 600 1307 ἔδει
645 1253 1046 1323 φανερωθῆναι,
1083 1253 1176 1306 καὶ
1218 1254 1299 1305 ὅτι
1341 1254 1499 1315 αὑτός
1545 1255 1691 1305 ἐστιν
1734 1256 1762 1307 ὁ
1793 1254 1852 1318 ἐξ

279 1347 456 1417 ἀρχῆς
499 1346 704 1408 πλάσας
746 1348 838 1398 τὸν
868 1346 1175 1416 ἄνθρωπον.
1225 1345 1298 1397 Οὐ
1334 1345 1506 1415 μικρὰ
1547 1345 1602 1398 δὲ
1635 1346 1850 1410 πάντως

277 1439 403 1503 δόξα
432 1440 488 1490 τὸ
515 1438 916 1508 φανερωθῆναι,
949 1439 1028 1489 ὅτι
1054 1439 1216 1500 αὐτὸς
1248 1439 1274 1489 6
1304 1438 1394 1490 νύν
1423 1439 1611 1504 φανεὶς
1640 1440 1850 1508 ἄνθρω-

277 1548 400 1593 πος,
439 1531 870 1600 ἐδημιούργησεν
900 1533 956 1582 ὲν
986 1531 1124 1601 ἀρχῇ
1156 1533 1229 1590 ῶς
1259 1530 1389 1591 Θεὸς
1424 1530 1514 1582 τὸν
1544 1531 1848 1599 ἄνθρωπον.

279 1625 400 1674 Ὀτι
435 1624 490 1674 δε
539 1623 667 1692 περὶ
711 1623 903 1675 ἑαυτοῦ
945 1623 1101 1675 τοῦτο
1145 1625 1327 1689 λέγει,
1360 1624 1522 1676 ἄκουε
1561 1623 1667 1674 τῶν
1701 1623 1845 1690 ἑξῆς.

287 1719 570 1786 Ἐπιεέρει
605 1719 733 1785 γάρ’
778 1735 795 1766 ι
849 1715 976 1784 Ἐμὲ
1010 1714 1088 1766 δεῖ
1126 1714 1455 1782 ἐργάζεσθαι
1489 1714 1552 1766 τὰ
1586 1712 1722 1783 ἔργα
1756 1713 1847 1766 τού

275 1809 592 1875 πέμψαντός
628 1824 714 1875 με.
763 1825 780 1855 ι
817 1836 886 1846 -
919 1822 937 1853 ι
973 1805 1140 1874 Ἐμὲ,
1179 1822 1196 1854 ι
1230 1805 1396 1874 φησὶ,
1431 1805 1509 1855 δεῖ
1538 1804 1846 1873 φανερῶσαι

1961 621 2075 690 ipse
2110 624 2178 676 sit
2212 625 2302 690 qui
2344 636 2399 678 et
2423 629 2522 680 alia
2558 633 2794 684 membra
2813 634 3070 689 condidit.
3110 635 3301 692 Dicens
3321 650 3521 702 autem,

1974 711 2074 767 «Ut
2099 718 2470 773 manil'estetur
2491 721 2658 787 gloria
2679 723 2791 790 Dei,
2824 743 2841 774 ι
2867 726 2930 779 de
2956 727 3130 796 seipse
3148 729 3297 792 dicit,
3323 748 3425 785 non
3461 737 3524 787 de

1959 806 2136 862 Patre.
2176 809 2308 863 Nam
2343 813 2487 866 illius
2512 815 2682 882 gloria
2728 819 3008 872 manifesta
3049 833 3196 883 crat,
3242 839 3391 877 suam
3423 842 3525 878 au-

1961 909 2063 952 tem
2099 903 2379 968 oportebat
2415 906 2797 970 manifestare,
2831 911 2970 976 quod
3004 911 3116 980 ipse
3165 923 3278 964 erat
3313 916 3398 969 ille
3431 920 3520 984 qui

1960 1011 1978 1043 ι
2020 995 2085 1045 ab
2119 994 2268 1048 initio
2298 996 2495 1050 fecerat
2515 1000 2781 1052 hominem
2808 1002 2932 1066 ³³⁶ςι
2969 1013 3019 1055 ει
3044 1004 3197 1072 plane
3225 1022 3325 1059 non
3363 1025 3521 1074 parva

1954 1095 2067 1138 erat
2101 1086 2267 1156 gloria
2297 1099 2352 1141 ut
2393 1093 2831 1146 Inanilestaretur
2875 1095 3016 1162 quod
3077 1097 3190 1163 ipse
3229 1099 3321 1167 qui
3379 1117 3520 1154 nunc

1953 1180 2204 1244 apparuit
2240 1179 2420 1244 homo,
2452 1183 2594 1234 sicut
2635 1183 2773 1236 Deus
2824 1184 2873 1235 in
2912 1187 3178 1254 principio
3217 1194 3519 1245 condiderit

1955 1268 2247 1322 hominem.
2282 1271 2432 1337 Quod
2491 1285 2669 1326 autem
2705 1277 2769 1329 de
2818 1279 2991 1344 seipso
3027 1279 3126 1333 bne
3184 1283 3345 1343 dicat,
3395 1287 3516 1337 audi

1955 1362 2278 1428 sequentia;
2355 1365 2536 1418 subdit.
2599 1367 2763 1426 enim.
2818 1387 2834 1418 ι
2885 1369 3113 1437 Oportet
3163 1390 3246 1426 me
3306 1379 3516 1443 operati

1953 1468 2113 1519 opera
2141 1454 2257 1519 ejus
2285 1456 2371 1522 qui
2401 1459 2545 1510 misit
2580 1474 2663 1511 me
2683 1459 2779 1510 ³⁵.»
2802 1463 3019 1527 Oportet
3049 1479 3152 1528 me,
3185 1467 3378 1533 inquit,
3409 1488 3518 1522 ma-

1955 1544 2212 1600 nifestare
2240 1549 2524 1615 nieipsum,
2559 1561 2611 1601 et
2645 1551 2823 1603 facere
2851 1567 3011 1618 opera
3045 1569 3162 1621 qua'
3186 1570 3409 1622 possunt
3436 1576 3518 1613 me

1953 1638 2239 1690 ostendere
2297 1637 2473 1691 facere
2525 1642 2708 1693 eadem
2758 1659 2877 1710 quae
2934 1644 3110 1697 l’ater.
3167 1647 3295 1701 Vide
3340 1662 3514 1703 autem

1953 1731 2220 1794 quomodo
2250 1745 2352 1783 non
2386 1732 2580 1785 dixerit
2621 1739 2760 1800 quod
2787 1737 2930 1788 'l'alia
2979 1739 3142 1808 634
3191 1758 3349 1808 opera
3397 1761 3515 1811 qua:

1952 1820 2113 1873 faciat
2157 1821 2333 1885 Pater,
2363 1835 2574 1892 Oportet
2607 1839 2658 1877 et
2697 1844 2779 1879 me
2807 1832 3038 1895 operari,
3089 1833 3203 1894 sed,
3265 1834 3353 1886 lita
3404 1838 3514 1902 ipsa

273 1902 532 1969 ἐμαυτὸν,
559 1902 647 1950 καὶ
682 1899 902 1967 ποιῆσαι
933 1898 1069 1966 ἔργα
1091 1898 1158 1948 τὰ
1178 1896 1449 1966 δυνάμενά
1482 1915 1545 1965 με
1571 1895 1844 1960 ἀποδεῖξαι
1878 1893 1918 1946 Β
1951 1937 1954 1952 .

1832 1915 1844 1949 ι
1878 1893 1918 1946 Β
1951 1929 1969 1960 ι
1998 1927 2110 1978 qna:
2130 1914 2254 1966 facit
2272 1913 2447 1968 Pater.
2466 1936 2545 1964 ι-
2564 1936 2580 1966 ι
2597 1916 2725 1970 Nam
2746 1893 2957 1987 oportet
2975 1938 3076 1986 me,
3096 1922 3288 1992 inquit,
3307 1942 3513 1992 operari

271 1993 449 2043 ταύτὰ
487 1991 562 2059 τῷ
593 1990 765 2058 Πατρὶ
796 1989 1070 2041 ποιοῦντα.
1094 1989 1236 2056 ’Ὅρα
1268 1988 1381 2050 πῶς
1413 1988 1510 2040 ούκ
1548 1985 1720 2052 εἶπεν,
1744 1989 1844 2052 ὅτι,

271 2084 512 2135 Τοιαῦτα
557 2082 692 2150 ἔργα
735 2077 822 2133 οἷα
864 2083 1007 2132 ποιεῖ
1049 2082 1076 2133 6
1125 2080 1344 2149 Πατὴρ,
1378 2079 1456 2132 δεῖ
1504 2081 1644 2148 κάμὲ
1684 2082 1845 2150 ἐργά-

271 2175 485 2239 ζεσθαι,
521 2175 672 2242 ἀλλ’,
714 2173 865 2227 Αύτὰ
905 2175 1086 2226 ἐκεῖνα
1129 2191 1144 2222 ι
1178 2172 1212 2225 ἃ.
1244 2174 1387 2224 ποιεῖ
1418 2175 1444 2224 6
1480 2174 1688 2242 Πατήρ.
1727 2191 1742 2221 ι
1779 2202 1846 2209 --

277 2288 294 2316 ι
336 2271 428 2318 Δεῖ
459 2270 564 2337 γάρ
611 2284 699 2336 με,
741 2266 934 2334 φησὶν,
974 2264 1300 2334 ἐργάζεσθαι
1333 2267 1399 2316 τὰ
1433 2264 1568 2332 ἔργα
1608 2283 1625 2314 ι
1667 2267 1845 2316 ἐκεῖνα

271 2360 434 2421 αὐτὰ,
460 2359 493 2411 ἃ.
529 2362 556 2410 ὀ
590 2358 806 2426 πέμψας
846 2375 910 2426 με
943 2358 1108 2410 ποιεῖ.
1150 2356 1333 2408 Ταῦτα
1374 2355 1428 2407 δὲ
1458 2357 1536 2407 δεῖ
1585 2373 1647 2423 με
1686 2357 1845 2426 ἐργά-

272 2451 464 2513 ζεσθαι
499 2470 516 2500 ι
553 2451 656 2510 ἓως
690 2450 869 2520 ἡμέρα
897 2448 1043 2501 ἐστί·
1085 2467 1102 2500 ι
1132 2448 1433 2508 τουτέστιν,
1475 2448 1618 2509 Ἕως
1644 2449 1669 2498 6
1704 2465 1845 2516 παρ-

268 2545 345 2594 ων
384 2545 495 2609 βίος
555 2543 872 2611 ἀνέστηκεν,
909 2542 1000 2593 καὶ
1041 2539 1291 2593 δύνανται
1339 2541 1613 2591 πιστεύειν
1644 2541 1718 2600 εἰς
1750 2541 1845 2607 ἐμὲ

269 2637 318 2686 οἰ
365 2635 641 2698 ἄνθρωποι
682 2652 694 2664 ⁸
727 2636 933 2687 ὲπείτοι
973 2650 1034 2700 γε
1093 2651 1111 2684 ι
1152 2631 1368 2702 ἔρχεται
1399 2632 1515 2695 νὺξ,
1545 2633 1631 2684 ὅτε
1674 2630 1844 2693 οὐδεὶς

269 2727 500 2780 δύναται
544 2727 902 2795 ἐργάσασθαι·
970 2745 985 2776 ι
1027 2726 1304 2785 τουτέστι,
1343 2723 1648 2776 πιστεῦσαν
1689 2725 1844 2792 ὲργον

270 2823 380 2889 γὰρ
408 2822 504 2880 τὴν
534 2821 711 2872 πίστιν
740 2819 1016 2887 ὀνομάζει.
1060 2818 1148 2870 Ἐν
1180 2817 1257 2887 τῷ
1295 2817 1538 2885 μέλλοντι
1575 2813 1663 2870 οὖν
1691 2817 1844 2867 αἰῶνι

272 2913 446 2974 οἰδεὶς
476 2913 698 2964 δύναται
741 2911 1052 2964 πιστεύσαι.
1096 2909 1308 2979 Ἡμέρα
1341 2911 1436 2979 μὲν
1467 2911 1571 2978 γάρ
1599 2911 1625 2960 6
1658 2909 1846 2976 παρὼν

271 3005 404 3072 βίος,
438 3005 569 3055 διότι
592 3003 866 3072 δυνάμεθα
886 3001 960 3063 ὡς
985 3004 1042 3054 ἐν
1071 3001 1254 3071 ἡμέρᾳ
1278 3001 1615 3070 ἐργάσασθαι
1644 3002 1659 3068 (
1684 3003 1730 3051 εἰ
1755 3002 1846 3052 καὶ

271 3101 298 3149 6
329 3098 536 3159 Παῦλος
564 3097 732 3148 νύκτα
755 3096 937 3147 τοῦτον
960 3092 1231 3162 ὀνομάζει,
1256 3095 1339 3145 διά
1368 3111 1424 3145 τε
1453 3095 1510 3146 τὸ
1535 3092 1842 3159 ἀγνοεῖσθαι

1948 2019 2109 2071 opera
2149 2026 2166 2057 ι
2200 2008 2284 2058 illa
2317 2009 2450 2074 ipsa,
2482 2027 2599 2077 qua:
2635 2011 2677 2064 is
2709 2014 2798 2078 qui
2854 2015 2998 2068 misit
3042 2031 3145 2078 me,
3187 2019 3334 2071 facit.
3390 2019 3513 2074 llaec

1946 2110 2121 2149 autem
2142 2111 2350 2166 oportet
2368 2118 2450 2156 me
2474 2105 2684 2171 operari
2711 2124 2726 2155 ι
2751 2107 2988 2174 quandiu
3008 2109 3120 2164 dies
3139 2107 3240 2174 est,
3261 2132 3276 2161 ι
3311 2113 3410 2168 hoc
3433 2129 3514 2169 est

1949 2190 2181 2258 quandiu
2216 2208 2451 2258 praesens
2478 2198 2584 2249 vita
2621 2199 2818 2268 agitur,
2849 2210 2904 2252 ut
2939 2202 3185 2258 homines
3211 2207 3416 2272 possint
3459 2209 3509 2260 in

1949 2297 2032 2335 tne
2094 2288 2372 2339 credere:
2432 2289 2554 2356 quia
2616 2308 2634 2340 ι
2701 2303 2924 2345 ventura
2980 2304 3062 2347 est.
3121 2312 3242 2355 nox.
3303 2298 3353 2350 in
3407 2316 3508 2366 qua

1947 2373 2124 2428 nullus
2160 2379 2354 2443 poterit
2378 2381 2592 2445 operari
2622 2381 2718 2443 ³⁸,ι
2750 2384 2798 2435 id
2831 2395 2912 2437 est
2935 2385 3172 2442 credere.
3205 2388 3350 2456 Opus
3368 2394 3507 2444 enim

1950 2466 2103 2517 fidem
2129 2469 2385 2522 nominat.
2415 2469 2595 2538 Itaque
2627 2473 2675 2525 in
2710 2473 2891 2529 futuro
2915 2477 3110 2533 saeculo
3137 2481 3312 2534 nullus
3337 2494 3509 2551 potest

1948 2555 2187 2610 credere.
2227 2558 2358 2612 Nam
2411 2564 2524 2619 dies
2575 2565 2788 2636 quidem
2838 2583 3076 2638 przeseus
3128 2573 3238 2627 vita
3292 2585 3394 2641 est,
3446 2592 3509 2630 en

1948 2649 2086 2715 quod
2115 2665 2398 2717 possumus
2427 2674 2568 2712 nunc
2599 2663 2738 2715 sicut
2777 2663 2830 2715 in
2864 2665 2948 2718 die
2974 2669 3186 2735 operari
3216 2688 3226 2721 :
3261 2673 3509 2737 quamvis

1948 2752 2000 2794 et
2035 2742 2232 2799 Paulus
2286 2747 2426 2803 hanc
2483 2762 2694 2806 noctem
2755 2758 3014 2822 nominet,
3066 2775 3130 2812 eo
3183 2765 3320 2828 quod
3358 2764 3409 2815 in
3447 2780 3509 2819 ea

1948 2833 2223 2899 ignoretur
2255 2838 2374 2904 quis
2403 2840 2653 2896 virtutem
2703 2845 2784 2898 vel
2820 2858 3098 2911 peccatum
3146 2861 3413 2917 operetur,
3456 2864 3510 2907 et

1946 2928 2119 2992 quoad
2187 2934 2643 2998 comparationem
2693 2936 2883 2991 lutura:
2936 2940 3068 2993 lucis
3124 2957 3240 3008 qua:
3277 2945 3509 2998 circurn-

1947 3015 2167 3084 fulgehit
2206 3020 2403 3088 justos.
2446 3022 2562 3076 Nox
2601 3036 2778 3081 autem
2819 3040 2900 3083 est
2946 3029 3177 3086 futurum
3230 3038 3502 3104 sarculum,

1946 3119 2010 3157 eo
2053 3110 2194 3173 quod
2250 3113 2429 3167 nullus
2475 3114 2581 3168 illic
2629 3120 2825 3185 paterit
2863 3123 3115 3186 Operari;
3164 3130 3406 3192 quamvis
3454 3143 3508 3184 et

271 3188 506 3240 ἐνταῦθα
539 3190 692 3249 τοὺς,
733 3186 767 3256 ἦ
801 3187 999 3255 ἀρετὴν
1021 3226 1033 3248 ,
1062 3186 1094 3257 ἢ
1125 3185 1352 3247 κακίαν,
1397 3185 1698 3254 μετιόντας,
1745 3185 1839 3238 καὶ
1871 3213 1912 3268 C
1948 3194 1952 3247 ξ

1822 3185 1912 3268 ὶρ
1948 3194 2144 3251 Paulus
2197 3202 2297 3253 hoc
2349 3203 2490 3256 diem
2535 3219 2709 3272 vocet,
2759 3225 2823 3264 eo
2874 3215 3015 3281 quod
3071 3226 3195 3270 tunc
3261 3230 3316 3272 ut
3371 3240 3388 3272 ι
3453 3224 3503 3275 in

271 3281 347 3342 ῶς
386 3281 518 3349 προς
545 3279 829 3348 σύγκρισιν
856 3278 948 3330 τού
983 3279 1267 3347 μέλλοντος
1295 3278 1469 3344 σωτδς
1502 3278 1841 3345 περιλάμψαι

271 3373 398 3432 τοὺς
439 3371 679 3432 δικαίους
700 3373 742 3437 )·
779 3369 874 3432 νὺξ
903 3371 956 3421 δὲ
987 3372 1013 3421 6
1045 3370 1286 3438 μέλλων,
1336 3370 1467 3422 διάη
1514 3371 1628 3421 ἐκεῖ
1673 3371 1843 3433 οὐδεὶς

269 3464 496 3526 δύναται
526 3461 882 3530 ἐργάσασθαι,
916 3462 962 3512 εἰ
993 3463 1084 3512 καὶ
1114 3463 1141 3512 6
1174 3460 1381 3522 Παῦλος
1415 3461 1628 3529 ἡμέραν
1655 3461 1844 3513 τοῦτον

273 3553 448 3612 καλεῖ,
483 3553 569 3604 διὰ
598 3553 695 3620 τὴν
727 3551 1104 3620 φωτοφάνειαν
1132 3551 1240 3602 τῶν
1271 3553 1525 3616 δικαίων,
1561 3554 1650 3604 καὶ
1684 3554 1845 3619 φανέ-

275 3661 440 3712 ρωσιν
473 3643 582 3695 τῶν
607 3645 820 3713 ἑκάστῳ
847 3643 1210 3713 βεϐιωμένων.
1254 3645 1342 3695 Ἐν
1374 3643 1449 3712 τῷ
1483 3645 1726 3713 μέλλοντι
1751 3642 1843 3698 οὗν

274 3737 430 3787 αἰῶνι
469 3736 648 3796 πίστις
697 3736 795 3786 οὐκ
825 3735 993 3797 ἐστιν,
1026 3735 1162 3787 ἀλλὰ
1188 3735 1282 3787 καὶ
1310 3736 1524 3798 ἑκόντες
1549 3739 1645 3790 καὶ
1679 3738 1839 3791 ἄκον-

271 3843 360 3886 τες
396 3825 814 3876 ὑπακούσονται.
855 3845 872 3875 ι
908 3827 1076 3877 Ὅταν
1105 3825 1194 3877 οὖν
1226 3827 1282 3877 ὲν
1308 3825 1384 3894 τῷ
1411 3827 1598 3895 κόσμῳ
1628 3823 1690 3891 ὧ,
1725 3830 1839 3896 φῶς

269 3921 388 3984 ειμι
412 3917 503 3967 τοῦ
533 3917 758 3984 κόσμου·
792 3935 809 3967 ι
837 3916 922 3968 διὰ
963 3917 1070 3985 γὰρ
1106 3919 1203 3984 τῆς
1244 3917 1590 3979 διδασκαλίας
1617 3922 1709 3971 καὶ
1739 3919 1838 3987 τῆς

270 4008 583 4073 ἐπιδείξεως
610 4010 715 4061 τῶν
745 4009 1034 4076 θαυμάτων
1062 4010 1278 4076 φωτίζω
1309 4009 1406 4070 τὰς
1441 4010 1636 4077 ψυχάς.
1673 4011 1834 4062 Ὥστε

1944 3285 2061 3339 luce
2094 3289 2430 3358 refulgebunt
2456 3295 2608 3362 justi,
2636 3308 2690 3351 et
2723 3305 3058 3370 apparebunt
3083 3307 3503 3380 uniuscujusque

1940 3375 2207 3431 factawa
2240 3380 2424 3450 Itaque
2454 3387 2504 3437 in
2543 3387 2722 3442 futuro
2742 3394 2936 3448 saeculo
2969 3395 3099 3450 fides
3120 3415 3223 3452 non
3255 3404 3355 3454 erit
3376 3443 3388 3465 ,
3412 3375 3501 3458 sed

1939 3476 1992 3520 et
2013 3469 2294 3525 voluntarii
2313 3484 2365 3526 et
2389 3477 2729 3534 irmiluntarii
2749 3484 3013 3538 obedieut.
3043 3487 3319 3553 «Quandiu
3346 3495 3505 3561 igitur

1940 3557 1995 3609 iu
2030 3561 2354 3623 mundoero,
2375 3563 2462 3616 lux
2486 3581 2603 3619 sum
2631 3571 2810 3622 mundi
2837 3589 2881 3624 τι
2915 3587 3010 3641 per
3037 3578 3331 3630 doctrinam
3362 3581 3500 3633 enim

1941 3659 1992 3700 et
2017 3650 2396 3706 miraculorum
2418 3660 2831 3712 ostentationem
2858 3662 3063 3717 illustro
3087 3668 3311 3732 animas,
3343 3680 3502 3737 atque

1944 3741 2016 3793 ita
2055 3754 2264 3811 oportet
2292 3762 2377 3800 me
2409 3749 2568 3800 etiam
2622 3767 2761 3805 nunc
2807 3754 3095 3809 multorum
3129 3759 3337 3814 animas
3380 3761 3499 3813 illn.

1947 3834 2172 3900 minare,
2241 3852 2334 3904 per
2389 3841 2486 3893 hoc
2515 3844 2656 3909 quod
2707 3860 2836 3898 sano
2887 3862 3116 3910 cuum,
3172 3860 3223 3902 et
3280 3853 3504 3920 pupillas

1945 3924 2220 3978 oculorum
2255 3927 2370 3997 ejus
2413 3932 2638 3986 illastro.
2693 3933 2823 3986 Nam
2865 3939 2986 4005 quia
3033 3939 3120 3991 lux
3182 3956 3503 4011 sum.opor-

1948 4023 2028 4068 tet
2092 4032 2254 4072 meet
2303 4024 2630 4077 seusibiliter
2685 4037 2735 4078 et
2778 4029 3128 4094 spiritualiter
3177 4032 3501 4086 illuminare-

266 4102 355 4154 δεῖ
423 4119 489 4168 με
516 4103 606 4152 καὶ
641 4104 731 4153 νῦν
761 4103 993 4168 φωτίσαι
1025 4101 1235 4153 πολλῶν
1263 4102 1457 4170 ψυχὰς,
1486 4104 1570 4155 διὰ
1628 4104 1720 4155 τού
1751 4102 2086 4174 θεραπεύσαι
2125 4112 2213 4163 τὸν
2236 4114 2454 4180 τύιρλον,
2486 4118 2576 4167 καὶ
2601 4119 2833 4184 φωτίσαι
2857 4119 3019 4171 αὑτοῦ
3049 4122 3145 4183 τάς
3177 4125 3338 4194 κόρας
3396 4127 3502 4178 τῶν

268 4195 559 4262 ὀμμάτων·
603 4197 721 4244 ἐπεὶ
747 4193 854 4262 γὰρ
883 4194 993 4261 φῶς
1019 4196 1156 4262 εἰμι,
1180 4194 1259 4245 δεῖ
1289 4211 1353 4261 με
1379 4197 1471 4246 καὶ
1493 4195 1762 4262 αἰσθητῶς
1783 4199 1877 4248 καὶ
1904 4205 2289 4268 πνευματικῶς
2341 4209 2610 4274 φωτίζειν.

353 4309 369 4338 ι
438 4289 624 4340 Ταῦτα
678 4287 876 4352 εἰπὼν,
943 4289 1138 4340 ἔπτυσε
1197 4289 1407 4357 χαμαὶ,
1451 4292 1543 4342 καὶ
1614 4293 1837 4359 ἐποίησε

2020 4298 2176 4350 Vens.
2213 4300 2326 4352 6-7.
2371 4320 2387 4351 ι
2435 4301 2544 4355 lloc
2593 4321 2711 4355 cum
2745 4307 2988 4370 dixisset,
3032 4313 3244 4377 exspuit
3285 4315 3337 4368 in
3391 4325 3501 4370 ter-

271 4381 443 4448 πη>.ὸν
487 4383 548 4431 εκ
591 4380 684 4430 τοῦ
727 4381 1077 4446 πτύσματος,
1125 4383 1214 4429 καὶ
1254 4383 1507 4449 ἐπέχριισε
1553 4382 1641 4432 τὸν
1670 4383 1837 4448 πηλὸν
1875 4407 1952 4462 οι

1819 4401 1837 4434 ι)
1875 4407 1917 4462 D
1947 4402 2155 4451 ram,ct
2181 4391 2303 4444 fecit
2338 4393 2502 4446 lutum
2532 4412 2593 4448 ex
2625 4408 2801 4464 sputo,
2834 4409 2890 4451 et
2921 4402 3088 4455 illevit
3143 4405 3312 4458 lutum
3339 4423 3500 4477 super

269 4475 368 4524 ἐπὶ
417 4473 544 4532 τοὺς
597 4472 908 4539 ὀφθαλμοὺς
959 4472 1050 4522 τού
1093 4473 1316 4539 τυφλοῦ,
1356 4473 1447 4523 καὶ
1492 4467 1642 4524 εἶπεν
1672 4474 1840 4543 αὐτῷ·

275 4565 520 4629 ’Ὑπαγε,
556 4564 705 4629 νίψαι
757 4564 834 4624 εἰς
872 4564 971 4632 τὴν
1033 4563 1411 4633 κολυμϐήθραν
1466 4566 1558 4616 τού
1601 4565 1839 4634 Σιλωάμ,

849 4655 1307 4722 ἀπεσταλμένος
1345 4673 1357 4686 ·
1415 4656 1678 4725 ’Λπῆλθεν
1749 4655 1841 4708 οὖν

273 4749 367 4798 καὶ
439 4746 677 4814 ἐνίψατο,
762 4749 853 4798 καὶ
911 4742 1040 4815 ἦλθε
1124 4745 1357 4814 βλέπων.

269 4657 300 4706 ὃ
393 4655 752 4723 ἑρμηνεύεται

1435 4765 1450 4796 1
1515 4777 1583 4786 —
1638 4747 1839 4815 Εἰπὼν,

273 4837 430 4906 φησὶ,
505 4837 674 4889 ταῦτα
731 4839 757 4889 6
831 4837 1061 4906 Ἰησοῦς,
1147 4839 1245 4888 οὑκ
1291 4838 1416 4907 ἄχρι
1474 4838 1580 4889 τῶν
1649 4839 1840 4907 ῥημά-

268 4948 380 4982 των
446 4929 599 4998 ἒστη,
656 4929 790 4982 ἀλλὰ
848 4933 942 4980 καί
1001 4929 1059 4979 τὸ
1108 4929 1266 4997 ἔργον
1319 4929 1608 4998 ἐπέθηκεν.
1651 4950 1668 4980 ι
1706 4931 1840 4981 Ἔπ-

505 4836 674 4889 ταῦτα
731 4839 757 4889 6
831 4837 1061 4906 Ἰησοῦς,

273 5041 400 5075 τύσε
428 5023 536 5091 γάρ
565 5025 756 5093 χαμαὶ,
809 5025 901 5075 καὶ
960 5021 1127 5090 πηλὸν
1177 5024 1405 5090 ποιήσας
1436 5023 1689 5091 ἐπέχρισε
1717 5023 1840 5084 τοὺς

270 5115 585 5183 ὀφθαλμιὶδς
614 5115 705 5164 τοῦ
737 5113 938 5181 τυφλοῦ
961 5130 973 5144 ·
1019 5135 1036 5166 ι
1070 5113 1341 5181 δεικνύω-λζ
1378 5115 1463 5165 διὰ
1513 5114 1604 5165 τοῦ
1644 5114 1838 5182 πηλοῦ,

272 5208 354 5257 δτι
375 5207 536 5267 αὐτὸς
576 5208 719 5256 ἐστιν
753 5207 780 5256 6
810 5207 902 5258 καὶ
932 5207 1022 5257 τὸν
1066 5206 1237 5274 Ἀδὰμ
1263 5207 1370 5258 ἀπὸ
1404 5205 1576 5274 πηλοῦ
1608 5207 1836 5268 πλάσας.

275 5297 349 5346 T6
381 5298 479 5365 μὲν
507 5297 612 5364 γάρ
636 5299 826 5362 εἰπεῖν,
857 5299 958 5357 δτι,
1003 5296 1143 5365 Ἐγώ
1184 5300 1297 5367 ειμι
1321 5301 1346 5348 ὁ
1380 5296 1472 5349 τὸν
1509 5298 1677 5365 Ἀδὰμ
1701 5298 1837 5351 πλά·

482 5390 779 5457 πρόσαντες
850 5391 1020 5440 ἐδόκει
1058 5393 1168 5450 τοῖς
1202 5390 1455 5441 ἀκούουσι
1481 5406 1494 5420 ·
1530 5390 1617 5441 διὰ
1657 5389 1712 5441 δὲ
1746 5389 1838 5440 τοῦ

273 5483 438 5549 ἔργου
482 5482 854 5548 δεικνύμενον,
905 5483 1003 5532 ούκ
1031 5482 1106 5532 ἔτι
1139 5483 1320 5534 λοιπὸν
1355 5482 1713 5551 προσίστατο·
1752 5481 1839 5533 διὰ

277 5406 406 5450 σας,

274 5576 435 5626 τοῦτο
461 5577 554 5626 καὶ
586 5572 691 5625 ἀπὸ
723 5572 892 5641 πη).οὖ
924 5574 989 5625 τά
1019 5574 1240 5642 ὄμματα
1273 5576 1622 5644 δημιουργεῖ,
1651 5575 1839 5639 ἐκείνῳ

275 5669 351 5738 τῷ
381 5670 566 5738 τρόπῳ
608 5668 706 5735 τῆς
741 5668 1120 5734 δημιουργίας,
1154 5661 1197 5733 ᾧ
1231 5669 1323 5720 καὶ
1375 5668 1462 5718 τὸν
1515 5667 1680 5734 Ἀδάμ.
1719 5667 1840 5735 ἐδη-

349 5850 425 5879 ιδδ
449 5848 636 5899 Matth.
673 5862 788 5904 XIII.
821 5847 870 5897 4.

981 5845 1022 5874 ³⁸
1056 5843 1209 5899 1υ.ιιι.
1260 5861 1331 5910 Ix,
1381 5847 1422 5899 ι.
1501 5848 1543 5876 ³⁸
1605 5848 1739 5900 Ibid.

1822 5848 1884 5878 ³⁸·
1926 5846 2108 5900 Matth.
2143 5862 2259 5907 xm,
2303 5846 2391 5904 45.

1945 4481 2129 4533 oculos
2184 4483 2332 4544 caeci,
2364 4492 2418 4535 et
2459 4485 2592 4537 dixit
2640 4487 2727 4540 ei:
2787 4486 2952 4552 Vade,
3014 4490 3128 4543 lava
3188 4494 3235 4545 in
3294 4497 3499 4565 piscina

1949 4570 2132 4635 Siloa},
2185 4575 2325 4640 quod
2366 4575 2408 4626 si
2462 4574 2860 4644 interpreteris,
2899 4594 3052 4633 sonat
3098 4585 3305 4639 missus.
3353 4589 3499 4641 Abiit

1944 4674 2092 4728 ergo,
2121 4671 2169 4712 et
2204 4661 2350 4725 lavit,
2379 4672 2432 4715 et
2461 4664 2601 4714 venit
2636 4665 2841 4718 videns.
2873 4686 2890 4716 ι
2925 4670 3132 4735 Direns,
3165 4673 3354 4739 inquit,
3387 4676 3500 4730 ha-e

1938 4749 2118 4814 Jesus,
2148 4768 2252 4806 non
2313 4755 2397 4806 his
2428 4755 2604 4808 verbis
2658 4769 2943 4813 contentus
2990 4772 3090 4824 est,
3142 4764 3232 4816 sed
3286 4775 3338 4818 et
3367 4781 3502 4833 Opus

1941 4844 2162 4898 addidit.
2203 4865 2218 4895 ι
2258 4845 2481 4913 Exspuit
2507 4851 2652 4901 enin.
2689 4850 2738 4902 in
2771 4861 2987 4918 terram,
3035 4865 3086 4907 et
3135 4856 3298 4908 lutum
3346 4858 3495 4922 fecit,

1943 4933 2258 5002 inunxitque
2309 4940 2488 4991 oculos
2540 4940 2709 4994 caeci:
2749 4960 2766 4990 ι
2822 4946 3111 5000 ostendens
3162 4963 3254 5014 per
3303 4949 3495 5008 lutum.

1945 5026 2086 5090 quod
2123 5027 2234 5094 ipse
2265 5029 2332 5081 sit
2385 5031 2474 5097 qui
2537 5043 2590 5084 et
2654 5033 2820 5084 Adam
2874 5034 2938 5088 de
2990 5036 3100 5089 luto
3164 5041 3495 5094 ίυιιιιιιιέιὶι.

1947 5119 2177 5171 Dii-endo
2220 5123 2362 5172 enim
2403 5140 2416 5175 :
2492 5123 2601 5185 Ego
2649 5138 2766 5176 sum
2807 5127 2897 5193 qui
2944 5128 3111 5180 Adam
3169 5131 3389 5185 formavi
3425 5134 3495 5190 ³’.

1941 5213 2278 5277 arrogantius
2307 5212 2475 5264 visum
2534 5213 2721 5266 luisset
2767 5217 3152 5272 audientibus:
3209 5228 3347 5288 quod
3404 5240 3497 5292 per

1939 5314 2072 5366 opus
2099 5311 2454 5355 tuOnstratum
2499 5318 2602 5356 non
2639 5307 2709 5359 ita
2739 5309 2959 5361 oﬂ'endit
2990 5329 3001 5362 :
3038 5321 3314 5378 propterea
3353 5324 3404 5365 et
3431 5317 3497 5367 tle

1941 5393 2054 5444 luto
2078 5392 2264 5445 oeulos
2305 5393 2374 5444 illi
2414 5395 2606 5447 format
2656 5414 2800 5451 more
2857 5402 3052 5466 opiticii
3093 5418 3197 5470 quo
3229 5415 3279 5457 et
3326 5409 3493 5457 Adam

1943 5482 2199 5536 fortuitus
2228 5494 2327 5536 est.
2359 5484 2470 5537 Non
2511 5487 2759 5539 formavit
2812 5501 2988 5541 autem
3039 5501 3241 5544 tantum
3287 5497 3490 5560 οειιιυμ,

1942 5590 2111 5642 neque
2141 5576 2347 5639 aperuit
2401 5585 2624 5638 tantum,
2687 5581 2776 5630 sed
2830 5593 2881 5633 et
2940 5581 3117 5636 videre
3182 5586 3491 5649 concessit;

1915 5670 2079 5724 ,unde
2112 5669 2318 5734 signum
2348 5678 2431 5722 est
2461 5671 2602 5736 quod
2634 5681 2685 5722 et
2717 5673 2840 5723 Ada'.
2870 5675 3101 5727 animam
3128 5676 3488 5746 inspiraverit.

2472 5848 2511 5876 ³⁷
2543 5847 2675 5900 Gen.
2715 5863 2768 5910 ll,
2798 5848 2843 5900 7.
