4256 6446
760 408 821 474 Si
1686 401 2267 465 THEOPHYLACTI
2308 404 2718 465 BULGARI£
2746 406 3110 470 ARCHIEP.
3947 408 4021 471 52

760 528 951 583 uritur,
983 528 1033 574 et
1081 516 1233 572 nulli
1264 530 1326 569 ex
1372 511 1661 567 Pharismis
1717 514 1873 567 divisi
1917 515 1983 567 ab
2031 515 2151 567 aliis
2184 524 2332 575 sunt.
2365 522 2411 574 Α

2365 522 2411 574 Α
2441 514 2500 566 ἐν
2537 515 2719 579 αὐτοῖς
2754 516 2889 587 ('29).
2934 536 2952 569 ι
2994 519 3165 571 Τοῦτο
3202 519 3263 571 τὸ
3288 519 3496 589 σχίσμα
3531 519 3797 591 πρότερον
3841 520 3940 590 μὲν
3972 524 4031 573 ἐν

753 632 807 672 et
854 614 1270 685 patrocinanlur
1324 608 1607 662 miraculo.
1648 606 2036 662 Verumtamen
2087 611 2333 677 quamvis

757 711 913 764 ιΙίνίδί
956 706 1175 769 fuerint,
1214 702 1575 771 negligentius
1608 710 1783 754 tamen
1820 700 2023 755 instant
2052 716 2147 768 pro
2177 701 2335 754 Chri-

755 815 858 863 sto,
907 809 962 851 et
1010 799 1322 851 dubitanter
1370 804 1421 848 et
1469 794 1668 863 duplici
1719 794 1903 846 animo
1955 794 2126 863 magis
2170 810 2331 863 quam

754 890 1167 945 lirmiter.~Amli
1201 888 1344 941 enim
1372 888 1499 956 quid
1529 888 1745 940 dicant:
1788 904 1806 937 ι
1843 885 2125 953 Quomodo
2160 898 2335 955 potest

757 987 917 1037 homo
946 992 1198 1051 peccator
1245 982 1369 1035 talia
1422 979 1651 1033 facere?
1694 999 1712 1029 ι
1751 979 1910 1034 Vides
1952 993 2112 1045 quam
2146 981 2335 1034 leviter

760 1076 1028 1142 urgeant?
1056 1075 1188 1129 Vide
1217 1086 1394 1127 autem
1422 1083 1474 1127 et
1503 1074 1766 1127 malitiam
1798 1089 1986 1129 eorum
2020 1074 2109 1143 qui
2149 1074 2335 1128 crimi-

757 1182 975 1224 nnttlur.
1008 1171 1123 1222 Non
1159 1171 1301 1221 enim
1356 1169 1585 1222 dicunt:
1656 1168 1752 1221 llic
1802 1183 1908 1222 non
1942 1179 2039 1223 'est
2084 1184 2151 1224 ex
2203 1168 2331 1233 Deo,

752 1266 875 1331 quia
906 1264 956 1315 in
990 1261 1227 1316 Salthato
1252 1271 1401 1313 sanat
1431 1278 1444 1323 ;
1469 1262 1582 1324 sed,
1622 1279 1639 1309 ι
1682 1258 1819 1324 Quia
1876 1258 2168 1314 Sabbatum
2228 1276 2332 1313 non

754 1372 807 1407 sc
823 1366 978 1409 rvat:
1021 1373 1038 1405 ι
1076 1368 1292 1408 sursum
1322 1356 1683 1420 deorsumque
1715 1368 1818 1405 non
1854 1352 2171 1406 beneﬁcium
2193 1390 2208 1415 ,
2241 1354 2333 1407 sed

753 1450 859 1499 diei
911 1447 1255 1501 mulationem
1307 1445 1738 1511 pronuntiantes.
1797 1445 2007 1499 Annota
2048 1454 2225 1497 autem
2280 1454 2333 1498 et

756 1541 880 1600 hoc,
913 1539 1074 1610 637
1098 1539 1367 1605 quomodo
1390 1537 1663 1606 principes
1683 1536 1957 1606 segniores
1984 1552 2143 1606 quam
2178 1537 2331 1591 turba

755 1634 865 1685 sint
908 1635 956 1683 in
999 1633 1156 1684 bono.
1197 1629 1329 1683 Nam
1363 1628 1517 1682 turba
1549 1630 1765 1698 quidem
1811 1628 1963 1698 prius
2012 1628 2184 1682 divisa
2216 1638 2335 1683 erat

756 1723 1066 1783 sententiis,
1102 1731 1155 1774 ct
1202 1737 1305 1773 non
1356 1736 1545 1774 omnes
1577 1721 1711 1773 dura
1764 1719 2120 1786 loquebantur
2143 1732 2333 1775 contra

758 1817 1032 1869 (lin-istum
1061 1855 1075 1867 .
1110 1813 1389 1882 Principes
1435 1822 1615 1868 autem
1650 1814 1919 1882 posterius
1951 1813 2000 1867 in
2042 1813 2184 1868 banc
2218 1815 2334 1867 lau-

757 1907 989 1959 «labilem
1044 1906 1437 1959 dissensionem
1495 1914 1782 1960 venerunt.
1857 1904 2133 1973 Contingit
2191 1906 2333 1959 t-nim

756 2000 918 2051 etiam
979 2000 1114 2054 bene
1167 1999 1491 2062 dissentire,
1550 1999 1693 2053 sicut
1742 2008 1797 2051 et
1853 1998 2113 2051 Dominus
2165 1998 2331 2053 dicit:

764 2110 781 2140 ι
816 2090 1065 2143 Gladium
1115 2093 1233 2145 veni
1290 2092 1507 2146 mittere
1566 2104 1728 2160 super
1778 2099 1977 2143 terram
2011 2090 2098 2154 ⁸ο,
2150 2108 2168 2141 ι
2230 2104 2338 2158 quo

758 2184 1040 2239 sententiae
1094 2186 1316 2239 omnino
1379 2185 1449 2239 ob
1502 2184 1701 2240 bonum
1763 2195 1818 2237 et
1874 2184 2127 2253 pietatem
2192 2183 2334 2238 divi-

758 2280 979 2332 duntur.

831 2541 996 2598 Vtilis.
1036 2543 1220 2597 lT-IO.
1271 2562 1287 2595 ι
1357 2542 1549 2596 Dicunt
1601 2558 1743 2599 careo
1790 2546 2021 2600 iterum:
2057 2546 2165 2611 Tu,
2205 2546 2335 2615 quid

760 2638 975 2691 dieisde
1005 2636 1095 2690 illo
1114 2637 1237 2704 quia
1270 2637 1480 2703 aperuit
1506 2636 1598 2690 tibi
1629 2638 1813 2692 oculos
1848 2639 2009 2693 tuos?
2032 2639 2128 2694 Ille
2156 2648 2336 2693 autem

761 2731 934 2781 «lixit:
972 2728 1237 2795 I’ropltetzt
1294 2740 1401 2783 est.
1446 2728 1560 2782 Non
1592 2730 1935 2783 crediderunt
1987 2746 2117 2799 ergo
2167 2731 2336 2786 Jttdari

760 2823 824 2874 de
883 2822 973 2874 illo
1008 2823 1149 2889 quod
1192 2836 1369 2876 cmcus
1417 2822 1648 2885 fuisset,
1700 2831 1754 2876 et
1802 2823 1977 2877 visum
2020 2824 2336 2892 rect-piSset,

761 2917 934 2969 donec
968 2926 1297 2969 vocaverunt
1328 2926 1582 2985 parentes
1610 2915 1731 2986 eius
1779 2916 1871 2985 qui
1898 2914 2073 2969 visum
2122 2931 2341 2985 recepe-

761 3019 869 3071 rat,
900 3018 951 3061 et
980 3009 1454 3077 interrogat-erunt
1480 3024 1596 3071 eos,
1636 3010 1878 3064 dicentes
1905 3026 1921 3065 :
1965 3008 2065 3063 llic
2089 3022 2171 3064 est
2198 3010 2339 3065 ﬁlius

765 3119 783 3151 κ
799 3113 964 3162 ester,
984 3117 1144 3170 quem
1164 3115 1257 3154 vos
1274 3100 1547 3156 dicebatis
1577 3116 1779 3155 caecum
1803 3110 1987 3157 natum
2005 3101 2166 3156 esse?
2202 3117 2339 3171 quo-

2439 608 2515 677 τῷ
2542 609 2685 678 ὄχλῳ
2708 608 2847 677 ἐφύη
2867 625 2880 638 ’
2912 611 2960 662 οἱ
2996 611 3092 679 μὲν
3123 610 3232 681 γὰρ
3263 611 3471 677 ἔλεγον,
3526 612 3608 665 ὅτι
3643 630 3663 663 ι
3710 612 3894 682 Πλανᾷ
3933 614 4031 665 τὸν

2441 702 2599 771 ὄχλον
2633 719 2644 732 ·
2686 704 2734 754 οἱ
2766 702 2841 766 δὲ,
2877 703 2960 755 ὅτι
3000 703 3100 756 Οὔ.
3141 722 3158 753 ι
3198 702 3311 755 Νῦν
3334 703 3391 757 δὲ
3422 705 3515 756 καὶ
3544 705 3772 776 ἄρχουσι
3804 706 4027 773 φύεται,

2440 797 2536 847 καὶ
2576 794 2685 847 ἰδοὺ
2719 795 2902 846 πολλοὶ
2932 796 3041 846 τῶν
3092 796 3405 863 Φαρισαίων
3454 797 3883 866 ἀποσχισθέντες
3914 796 4029 850 τῶν

2438 887 2637 951 ἄλλων,
2678 886 3038 958 συνηγοροῦσι
3077 887 3154 957 τῷ
3200 888 3463 957 θαύματι.
3518 890 3664 958 Πλὴν
3702 891 3750 942 εί
3786 890 3882 941 καὶ
3920 893 4032 943 ,επ-

2441 980 2794 1051 εσχίσθησαν,
2833 980 2969 1032 ἀλλὰ
3009 979 3396 1050 μαλακώτερον
3445 982 3722 1035 ἐνίσταντο
3750 982 3892 1052 ὑπὲρ
3934 980 4029 1034 τοῦ

2439 1071 2700 1141 Χριστοῦ,
2741 1072 2833 1124 καὶ
2885 1072 3204 1140 ἀμφιϐόλως
3261 1072 3463 1141 μᾶλλον
3518 1073 3612 1126 καὶ
3656 1061 3931 1143 Ἑιψύχως,
3989 1074 4025 1143 ἦ

2440 1163 2692 1233 βεϐαίως.
2734 1165 2931 1216 Ἀκουε
2958 1164 3067 1233 γὰρ
3115 1166 3166 1216 τί
3201 1181 3372 1231 φασιο
3416 1183 3433 1216 ι
3475 1165 3598 1227 Πῶς
3646 1165 3874 1218 δύναται
3930 1165 4027 1218 ἆνο

2438 1254 2657 1325 θρωπος
2686 1254 3015 1325 ἁμαρτωλὸς
3047 1252 3273 1308 τοιαῦτα
3302 1258 3478 1309 ποιεῖν
3504 1272 3518 1313 :
3550 1275 3567 1306 ι
3615 1255 3779 1325 ὐρᾷς
3825 1257 3888 1307 τὸ
3924 1272 4029 1321 μα-

2441 1348 2606 1399 λακὴν
2638 1352 2735 1417 τῆς
2786 1348 3124 1413 ἐνστάσεως;
3182 1352 3325 1417 ~0qu
3384 1351 3480 1401 καὶ
3542 1350 3642 1415 τὴν
3682 1348 4027 1415 κακουργίαν

2437 1438 2543 1490 τῶν
2564 1438 2975 1491 διαϐαλλόντων.
3012 1439 3084 1489 Ub
3132 1441 3239 1505 γὰρ
3268 1439 3538 1505 λέγουσιν,
3580 1439 3664 1490 ὄτι
3698 1432 3868 1497 Οὗτος
3924 1436 4027 1487 ούκ

2438 1528 2581 1580 ἐστιν
2614 1530 2677 1579 ἐκ
2703 1526 2860 1591 Θεοῦ,
2892 1529 2973 1581 ὅτι
3009 1530 3066 1581 ἐν
3093 1529 3354 1598 Σαϐϐάτῳ
3384 1528 3697 1599 θεραπεύει,
3730 1527 3867 1589 ἀλλ’,
3898 1546 3915 1577 ι
3944 1528 4027 1580 ὅτι

2437 1623 2497 1674 τδ
2552 1619 2830 1673 Σαϐϐατον
2889 1611 3196 1691 οὐ’τηρεί,
3250 1639 3266 1671 ι
3321 1622 3433 1674 ἄνω
3482 1622 3580 1675 καὶ
3633 1623 3784 1674 κάτω
3829 1621 3889 1673 ού
3926 1621 4027 1690 τὴν

2438 1714 2782 1782 εὐεργεσίαν,
2818 1711 2953 1766 ἀλλά
2986 1714 3084 1783 τὴν
3125 1713 3431 1783 παράλυσιν
3481 1714 3581 1783 τῆς
3624 1714 3841 1783 ἡμέρας
3889 1731 4026 1783 προ-

2439 1805 2718 1874 φέροντες.
2746 1807 3064 1875 Σημείωσαι
3091 1806 3147 1858 δὲ
3186 1808 3279 1859 καὶ
3304 1806 3485 1866 τοῦτο,
3514 1808 3661 1864 ὅπως
3685 1808 3731 1858 oi
3762 1807 4027 1874 ἄρχοντες

2439 1898 2768 1968 νωθρότεροι
2792 1900 2885 1952 τοῦ
2937 1899 3094 1969 ὄχλου
3122 1900 3227 1952 είσὶ
3260 1900 3389 1967 περὶ
3443 1900 3504 1953 τὸ
3535 1899 3719 1952 καλὸν.
3757 1898 3885 1951 Ἰδοὺ
3916 1898 4025 1965 γὰρ

2439 1993 2465 2044 ὁ
2494 1992 2590 2059 μὲν
2623 1992 2778 2060 ὖχλος
2808 1993 3074 2062 πρότερον
3109 1992 3440 2061 ἐσχίσθησαν
3470 1994 3592 2053 ταῖς
3628 1990 3894 2059 γνώμαις,
3928 1990 4026 2043 καὶ

2439 2084 2559 2152 οὐχὶ
2594 2084 2794 2147 πάντες
2844 2084 3350 2153 ώμοφώνουνκατα
3402 2083 3493 2137 τοῦ
3544 2082 3805 2153 Χριστοῦ’
3854 2082 3907 2135 oi
3965 2082 4023 2134 δὲ

2440 2175 2704 2245 ἄρχοντες
2739 2176 2966 2246 ὕστερον
2991 2175 3153 2228 τοῦτο
3178 2176 3240 2228 τὸ
3275 2175 3559 2229 ἐπαινετὸν
3586 2176 3790 2244 σχίσμα
3822 2173 4028 2227 πεπόν-

2442 2268 2623 2324 θασιν.
2660 2269 2819 2321 Ἐστι
2850 2270 2960 2337 γὰρ
2994 2268 3087 2322 καὶ
3107 2268 3286 2332 καλῶς
3320 2269 3637 2339 σχισθῆναι·
3692 2267 3834 2321 καθά
3864 2266 3960 2319 καὶ
3996 2265 4027 2318 6

2440 2361 2643 2432 Κύριός
2660 2379 2791 2430 φησι
2815 2377 2828 2391 ·
2872 2382 2889 2413 ι
2908 2361 3199 2432 Μάχαιραν
3212 2356 3379 2431 ἦλθον
3408 2360 3587 2431 βαλεῖν
3621 2359 3713 2412 ἐπὶ
3730 2360 3827 2428 τὴν
3843 2358 3973 2425 γῆν,
4000 2374 4019 2408 ι

2438 2452 2538 2523 τὴν
2570 2454 2664 2504 ἐπὶ
2690 2452 2843 2522 καλῷ
2872 2455 3089 2515 πάντως
3122 2454 3215 2505 καὶ
3247 2452 3499 2523 εὐσεόείᾳ
3521 2450 4024 2521 διχογνωμοσύνην.

2518 2563 2535 2595 ι
2579 2545 2813 2612 Λέγουσι
2841 2545 2921 2615 τῷ
2967 2545 3153 2615 τυφλῷ
3190 2546 3353 2599 πάλιν
3382 2563 3394 2573 ·
3439 2546 3511 2597 Συ
3559 2546 3611 2597 τί
3658 2545 3841 2607 λέγεις
3894 2545 4027 2613 περὶ

2439 2638 2629 2701 αὐτοῦ,
2654 2638 2736 2692 ὅτι
2766 2639 2944 2708 ἤνοιξέ
2979 2655 3073 2692 σου
3112 2640 3237 2702 τοὺς
3274 2637 3621 2708 ὸφθαλμούςς
3670 2641 3726 2691 '0
3754 2639 3811 2691 δέ
3844 2633 4023 2703 εἶπεν,

2438 2731 2521 2785 ὅτι
2560 2731 2851 2800 Προφήτης
2887 2732 3057 2784 ἐστίν.
3086 2734 3199 2786 Ούκ
3225 2732 3555 2785 ἐπίστευσαν
3584 2730 3677 2783 οὖν
3708 2732 3756 2783 οἱ
3775 2731 4025 2784 Ἰουδαῖοι

2442 2824 2571 2893 περὶ
2602 2822 2791 2886 αὐτοῦ,
2824 2824 2904 2876 ὅτι
2927 2823 3129 2892 τυφλὸς
3158 2819 3248 2894 ἦν,
3282 2825 3377 2876 καὶ
3404 2823 3725 2891 ἀνέϐλεψεν,
3766 2823 3872 2885 ἓως
3899 2824 4024 2876 ὅτου

2442 2917 2732 2985 ἐφώνησαν
2762 2918 2886 2980 τοὺς
2910 2920 3091 2984 γονεῖς
3124 2918 3289 2970 αὑτοῦ
3336 2917 3431 2969 τοῦ
3466 2916 3897 2985 ἀναϐλέψαντος,
3933 2914 4031 2968 καὶ

2442 3010 2739 3079 ἠρώτησαν
2767 3010 2985 3072 αὐτοὺς,
3041 3010 3296 3078 λέγοντες
3333 3028 3346 3041 ο
3410 3004 3581 3072 Οὗτός
3642 3012 3793 3061 ἐστιν
3826 3012 3854 3061 ὁ
3913 3009 4029 3070 υἱὸς

2446 3100 2622 3171 ὑμῶν,
2678 3102 2738 3154 ὃν
2766 3102 2923 3170 ὑμεῖς
2954 3102 3191 3168 ἐλέγετε,
3216 3103 3300 3155 ὅτι
3326 3101 3526 3169 τυφλὸς
3557 3100 3860 3168 ἐγεννήθης
3911 3100 4030 3161 πῶς

766 3194 924 3246 nnnlo
955 3209 1083 3262 ergo
1124 3209 1265 3247 nunc
1301 3195 1465 3247 videt.
1507 3212 1526 3245 ι
1563 3192 1661 3259 Qui
1693 3192 1914 3248 fuerunt
1942 3196 2338 3264 interrogantes
2366 3216 2409 3280 ε
2444 3217 2447 3238 ι

2366 3216 2409 3280 C
2444 3193 2535 3248 οὖν
2559 3193 2683 3264 ἄρτι
2726 3194 2953 3265 β).έπει;
2993 3214 3010 3246 ι
3064 3195 3222 3255 Τίνες
3280 3189 3421 3264 ἦσαν
3468 3195 3518 3246 oi
3562 3193 3877 3263 ἐρωτῶντες
3935 3192 4030 3244 τὸν

761 3302 988 3349 cocum,
1022 3306 1038 3337 ι
1081 3284 1158 3339 Tu
1190 3287 1318 3355 quid
1355 3287 1491 3340 dicis
1538 3287 1603 3340 de
1648 3286 1778 3340 illo?
1814 3306 1832 3338 ι
1877 3288 2045 3342 Erant
2080 3288 2238 3357 plane
2270 3304 2333 3344 ex

764 3380 1151 3431 ln-ttevolorum
1186 3388 1351 3432 sorte.
1386 3376 1521 3431 Nam
1546 3387 1829 3447 postquam
1858 3379 2129 3443 dixerunt,
2158 3397 2176 3430 ι
2202 3378 2341 3445 Quo-

765 3475 927 3523 tnudo
971 3478 1149 3539 potest
1190 3480 1446 3534 peccator
1482 3469 1605 3523 talia
1642 3472 1792 3538 signa
1842 3469 2062 3525 facere?
2110 3489 2128 3523 ι
2168 3481 2225 3524 ιιι
2274 3486 2340 3525 ne

766 3563 1054 3616 videantur
1078 3562 1176 3630 ipsi
1214 3563 1417 3619 frustra
1446 3564 1798 3631 patrocinari,
1831 3579 1951 3617 eum
1998 3566 2091 3631 qui
2139 3564 2343 3618 beneti-

766 3657 907 3706 rium
941 3664 1243 3722 acceperat,
1295 3654 1345 3708 in
1378 3663 1567 3709 testem
1614 3656 1911 3722 adducunt,
1976 3668 2033 3711 ut
2081 3674 2178 3727 per
2218 3673 2339 3713 eum

768 3749 857 3815 qui
892 3748 1138 3801 tirtutem
1196 3757 1466 3813 senserat,
1521 3751 1863 3803 eonl'utareut
1898 3750 2339 3805 calumniatores.

772 3836 902 3892 Vide
958 3838 1103 3891 enim
1162 3838 1435 3905 quomodo
1487 3838 1749 3893 benevole
1814 3840 2171 3908 interrogant.
2225 3840 2341 3895 Non

768 3933 913 3983 enim
946 3932 1219 3991 dixerunt,
1273 3948 1289 3979 ι
1334 3929 1409 3982 Tu
1447 3930 1577 3998 quid
1609 3931 1746 3986 ilicis
1775 3930 1842 3985 de
1880 3930 1992 3995 illo,
2037 3950 2055 3983 ι
2088 3932 2211 4000 quia
2261 3933 2346 3986 lu-

772 4036 881 4074 tum
914 4022 1062 4083 fecit,
1105 4025 1229 4091 quia
1264 4024 1563 4077 Sabbatum
1597 4039 1707 4078 non
1739 4025 2019 4078 servavit?
2045 4026 2137 4079 sed
2177 4027 2343 4080 mira-

770 4118 874 4169 t'llil
944 4118 1275 4170 mentionem
1339 4116 1549 4171 faciunt
1582 4156 1597 4181 ,
1665 4134 1683 4168 ι
1715 4117 1851 4183 Quia
1896 4117 2109 4186 aperuit
2160 4118 2347 4173 oculos

773 4221 929 4262 tuos:
973 4229 989 4260 ι
1020 4210 1170 4278 quasi
1218 4222 1545 4267 exacuentes
1595 4222 1843 4267 curatum
1882 4224 1939 4267 ut
1983 4229 2080 4282 pro
2127 4214 2348 4269 Christo

771 4315 890 4368 ane
924 4301 1081 4369 digna
1120 4312 1294 4365 erant,
1350 4303 1573 4357 diceret.
1634 4303 1689 4357 In
1744 4305 2058 4359 memoriam
2106 4306 2248 4359 enim
2296 4305 2347 4359 ei

773 4398 1073 4448 reducunt:
1116 4414 1133 4446 ι
1165 4394 1297 4460 Quia
1335 4398 1544 4464 aperuit
1589 4397 1775 4452 oculos
1820 4408 1960 4454 tuos.
2013 4417 2032 4450 ι
2083 4398 2350 4453 Beneﬁcio

777 4494 827 4537 te
859 4497 1175 4553 prosccutus
1208 4499 1309 4549 est,
1342 4489 1565 4543 dicunt:
1599 4498 1652 4544 et
1689 4491 1760 4543 ita
1787 4490 1948 4545 debes
1980 4491 2125 4545 illum
2156 4493 2351 4561 praedi-

2448 3284 2668 3354 τυφλὸν,
2711 3304 2729 3336 ι
2766 3286 2836 3337 Συ
2866 3286 2917 3338 τί
2949 3286 3127 3353 λέγεις
3156 3289 3289 3355 ’περὶ⁵
3320 3286 3520 3348 αὐτοῦς
3560 3304 3577 3336 ι
3614 3287 3726 3353 Τῆς
3781 3285 3891 3338 τῶν
3933 3286 4030 3337 εύ-

2447 3378 2739 3446 γνωμόνων
2765 3379 2957 3448 μοίρας
2983 3373 3142 3449 ἦσαν.
3188 3379 3339 3431 Ἐπεὶ
3373 3380 3481 3447 γὰρ
3512 3374 3666 3431 εἷπον
3693 3419 3707 3441 ,
3730 3379 3812 3431 ὅτι
3860 3398 3876 3427 ι
3906 3378 4030 3440 Πῶς

2448 3470 2673 3523 δύναται
2708 3471 3033 3539 ἁμαρτωλὸς
3054 3472 3281 3524 τοιαῦτα
3316 3474 3520 3540 σημεῖα
3546 3474 3751 3534 ποιείνς
3782 3489 3799 3523 ι
3837 3472 3924 3523 ἵνα
3954 3470 4031 3541 μὴ

2449 3562 2674 3626 δΰξωσιν
2721 3564 2876 3623 αὐτοὶ
2905 3566 3081 3631 μάτην
3120 3568 3461 3633 συνηγορεῖν,
3495 3566 3588 3617 τὸν
3638 3564 3874 3617 λαϐόντα
3930 3564 4033 3633 τὴν

2450 3654 2792 3724 εὐεργεσίαν,
2826 3656 2989 3709 αὑτὸν
3022 3657 3328 3725 παράγουσι
3365 3659 3643 3727 μάρτυρα,
3705 3658 3781 3719 ώς
3836 3657 4030 3709 αἰσθό-

2456 3766 2622 3818 μενον
2647 3750 2746 3816 τῆς
2776 3749 3079 3819 δυνάμεως,
3110 3751 3184 3812 ὡς
3226 3750 3291 3803 ἂν
3329 3751 3725 3820 ἐπιστομὶσωσι
3755 3752 3881 3814 τους
3916 3752 4035 3803 δια-

2454 3839 2651 3902 ϐολεῖς.
2698 3840 2841 3910 Ὅρα
2883 3840 2992 3909 γὰρ
3027 3840 3145 3902 πῶς
3180 3840 3542 3910 εὐγνωμόνως
3590 3841 3892 3910 ἐρωτῶσιν.
3949 3838 4032 3893 Οὐ

2453 3934 2561 4001 γαρ
2602 3929 2755 3985 εἷπον
2791 3949 2803 3962 ο
2833 3932 2902 3984 Συ
2953 3932 3005 3984 τί
3050 3932 3231 3999 λέγεις
3287 3932 3417 4001 περὶ
3463 3931 3651 3996 αὑτοῦ,
3715 3934 3797 3985 ὅτι
3859 3930 4035 4001 πηλὸν

2454 4025 2709 4094 ἐποίησεν
2738 4044 2751 4091 ;
2779 4026 2860 4078 ὅτι
2888 4026 2947 4077 τὸ
2979 4024 3251 4078 Σάϐϐατον
3277 4025 3377 4078 οὐκ
3413 4026 3713 4093 ἐτήρησενς
3770 4025 3909 4079 ἀλλὰ
3936 4023 4035 4077 τοῦ

2456 4120 2732 4186 θαύματος
2790 4118 3243 4188 μνημονεύουσιν,
3293 4136 3311 4168 ι
3350 4118 3472 4170 Ὅτι
3519 4118 3698 4187 ἤνοιξε
3752 4133 3845 4169 σου
3905 4119 4037 4180 τοὺς

2454 4210 2762 4280 ὀφθαλμούς
2784 4228 2797 4242 ·
2825 4230 2841 4260 ι
2879 4212 3159 4279 μονονουχὶ
3180 4210 3271 4262 καὶ
3300 4211 3390 4262 τὸν
3408 4210 3819 4278 θεραπευθέντα
3852 4228 4038 4281 παρα-

2457 4303 2715 4372 θήγοντες
2762 4303 2839 4365 εἰς
2883 4304 2942 4353 τδ
2978 4300 3118 4370 ὑπὲρ
3178 4301 3415 4370 Χριστοῦ
3470 4304 3537 4354 τὰ
3587 4304 3788 4354 εἰκόταν
3833 4304 4031 4354 εἰπεῖν.

2470 4395 2980 4463 Ἀναμιμνήσκουσι
3006 4394 3117 4462 γὰρ
3142 4394 3326 4456 αὑτὸν,
3358 4394 3454 4447 καὶ
3496 4394 3781 4445 νύττουσιν
3818 4394 3983 4445 αὐτόν
4018 4409 4035 4424 ·

2466 4504 2484 4535 ι
2521 4485 2643 4537 Ὅτι
2670 4483 2850 4553 ἤνοιξέ
2878 4500 2971 4535 σου
2994 4484 3117 4544 τοὺς
3150 4482 3487 4551 ὀφθαλμούς.
3522 4502 3538 4534 ι
3568 4485 3918 4552 Εύηργέτησε
3949 4483 4038 4547 σὲ,

775 4591 919 4628 rare.
954 4576 1075 4630 Ideo
1105 4587 1158 4631 et
1188 4593 1365 4632 caecus
1393 4580 1679 4634 conﬁtetur
1715 4592 1841 4635 tunc
1890 4582 1941 4635 id
1985 4582 2128 4649 quod
2158 4582 2352 4651 potuit,
2380 4586 2433 4645 D

2380 4586 2433 4645 Ῑ)
2461 4578 2646 4643 φασὶν,
2679 4574 2820 4628 ὥστε
2858 4574 3097 4641 ὀφείλεις
3122 4574 3465 4644 ἀνακηρύξαι
3497 4576 3682 4629 αὐτόν.
3731 4575 3825 4627 Διὸ
3856 4576 3947 4627 καὶ
4008 4577 4041 4627 ὁ

778 4666 920 4732 quod
956 4680 1060 4719 non
1087 4667 1157 4720 sit
1188 4678 1460 4736 peccator,
1487 4668 1581 4723 sed
1602 4684 1667 4724 ex
1688 4669 1818 4724 Deo.
1854 4688 1872 4720 σ
1911 4670 2177 4738 Propheta
2207 4673 2350 4725 enim

2451 4666 2652 4737 τυφλὸς
2685 4665 2939 4735 ὁμολογεῖ
2995 4663 3129 4726 τέως
3163 4665 3300 4734 ὅπερ
3332 4665 3580 4733 ἠδύνατο,
3612 4667 3696 4717 ὅτι
3724 4665 3840 4718 Οὐκ
3886 4664 4041 4716 ἐστιν

777 4770 881 4822 est,
923 4778 940 4811 ι
977 4760 1149 4814 dicit:
1183 4764 1431 4829 quamvis
1464 4780 1481 4813 ι
1519 4762 1610 4816 alii
1635 4763 1878 4817 dicerent
1908 4763 2051 4832 quod
2081 4777 2186 4817 non
2212 4772 2358 4819 esset
2452 4781 2458 4808 ι

2353 4801 2358 4816 ,
2452 4756 2794 4827 ἁμαρτωλὸς,
2828 4754 2939 4808 ἀλλ’
2961 4754 3026 4806 ἐκ
3040 4754 3133 4807 τοῦ
3162 4756 3353 4809 Θεοῦ.‹
3387 4757 3681 4826 Προφήτης
3710 4756 3819 4825 γάρ
3854 4757 4034 4820 tuti,»

779 4866 845 4905 ex
878 4853 1007 4916 Deo,
1032 4868 1096 4907 eo
1132 4854 1273 4922 quod
1310 4853 1609 4909 Sabbatum
1646 4869 1753 4909 non
1781 4867 2063 4910 servaret:
2097 4874 2114 4908 ι
2145 4856 2357 4911 tametsi

2458 4852 2562 4905 κᾶν
2633 4850 2810 4917 ἕτεροι
2861 4849 3111 4918 λέγωσιν,
3136 4852 3217 4903 ὅτι
3245 4868 3264 4901 ι
3309 4850 3423 4903 Οὐκ
3455 4850 3602 4902 ἔστιν
3645 4851 3708 4901 ἐκ
3737 4848 3831 4901 τοῦ
3860 4847 3996 4901 θεοῦ
4025 4865 4040 4879 ο

778 4944 1027 5000 Christus
1063 4960 1172 4998 uno
1231 4945 1398 5014 digito
1442 4946 1611 4999 lutum
1642 4946 1908 5016 inuugens
1931 4945 2224 5001 Sabbatum
2254 4947 2362 5002 sol-
2458 4968 2459 4981 ι

2360 4978 2362 4985 ν
2458 4942 2592 4994 διότι
2623 4943 2681 4993 τὸ
2714 4942 2993 4994 Σάὖόατον
3016 4942 3075 4994 ού
3115 4944 3294 5011 τηρεῖ.
3340 4959 3359 4993 ι
3390 4941 3579 4994 Καίτοι
3607 4942 3635 4994 ὁ
3671 4940 3769 5009 μὲν
3803 4939 4041 5009 Χριστὸς

779 5050 907 5089 vere
936 5035 1251 5090 videbatur:
1287 5036 1387 5104 ipsi
1433 5046 1611 5090 autem
1654 5045 1761 5090 tota
1805 5052 1964 5091 manu
2002 5038 2273 5091 solventes
2307 5037 2359 5090 in

783 5128 1022 5182 Sabbato
1063 5128 1315 5181 animalia
1367 5137 1425 5183 ut
1474 5140 1659 5197 potum
1707 5129 1875 5193 dent,
1921 5128 2240 5182 videbantur
2290 5127 2363 5195 pii

859 5285 899 5314 ⁸ο
943 5281 1135 5336 Mittlt.
1183 5300 1235 5349 χ,
1266 5284 1352 5337 5|.

2459 5034 2540 5086 ἐνί
2585 5032 2835 5103 δακτύλῳ
2856 5032 2947 5086 τὸν
2970 5032 3140 5103 πηλὸν
3166 5031 3480 5101 ἐπιχρίσας,
3523 5030 3827 5101 παραλύειν
3861 5030 4043 5082 ἐδόκει

2462 5127 2523 5179 τὸ
2554 5125 2833 5182 Σάϐϐατον
2861 5142 2875 5156 ο
2912 5126 3067 5179 αύτοὶ
3109 5126 3165 5180 δέ
3197 5126 3293 5196 ὅλῃ
3346 5129 3487 5195 χειρὶ
3519 5124 3735 5188 λύοντες
3786 5124 3864 5194 τῷ
3900 5122 4044 5177 Σαδ-

1744 5401 1838 5461 Ει
1865 5398 2207 5462 collatione
2238 5399 2424 5463 codd.
2447 5402 2676 5466 Venet.
2714 5404 2777 5465 S.
2810 5404 3029 5466 Marci.

859 5531 971 5587 (29)
997 5529 1163 5582 Codd.
1196 5529 1265 5582 26
1294 5537 1341 5581 et
1372 5528 1463 5589 52.
1506 5527 1615 5582 Καὶ
1647 5528 1883 5596 σχίσμα
1910 5524 1988 5597 ἦν
2026 5526 2097 5580 ἐν
2127 5527 2352 5593 αὐτοῖς.

786 5602 1004 5668 Ἐπειδὴ
1045 5602 1073 5652 ὁ
1108 5599 1424 5667 θεραπεύων
1470 5600 1563 5651 καὶ
1611 5598 2033 5666 θαυματοποιῶν
2064 5598 2229 5667 είώθη
2274 5599 2361 5652 διὰ

786 5675 845 5725 τὸ
877 5672 1229 5738 ἀκόμπαστον
1275 5670 1536 5730 ἐκκιεύειν,
1576 5668 1906 5738 ἐρωτησθεὶς
1946 5670 1975 5721 ὀ
2015 5668 2215 5734 τυφλὸς
2249 5670 2357 5721 Ποῦ

788 5747 933 5799 iuet;
972 5737 1139 5807 λέγει,
1175 5740 1467 5808 Οὑκζοῖδα,
1496 5737 1776 5808 ἀληθεύων
1800 5740 2015 5800 πάντως
2032 5740 2137 5791 κάν
2158 5740 2351 5807 τούτῳ.

788 5814 958 5867 Τοῦτο
992 5813 1047 5861 το
1082 5811 1305 5877 σχέσμα,
1341 5828 1393 5861 κ.
1425 5827 1473 5862 τ.
1503 5809 1551 5861 λ.
1588 5828 1604 5858 ι
1640 5808 1703 5861 Et
1734 5811 1995 5863 dissensio
2019 5819 2137 5862 erat
2168 5809 2219 5860 in
2251 5812 2351 5860 eis.

790 5883 1059 5946 Quoniam
1108 5888 1284 5936 autem
1339 5880 1620 5945 Dominus,
1672 5892 1794 5936 cum
1843 5882 2150 5950 quempiam
2192 5892 2353 5934 sana-

2463 5531 2576 5590 bat.
2632 5530 2712 5583 vel
2756 5528 2898 5583 aliud
2934 5530 3254 5584 miraculum
3285 5530 3554 5598 patrabat.
3602 5527 3809 5582 solebat
3840 5540 3879 5579 e-
3913 5527 4035 5585 loco

2468 5602 2681 5662 cedere.
2729 5601 2856 5667 quia
2886 5609 3005 5653 erat
3051 5602 3119 5653 ab
3153 5604 3392 5655 omnium
3437 5602 3734 5654 ambitione
3770 5598 4044 5653 alienissi-

2470 5686 2621 5736 mus;
2659 5670 2861 5725 ideirco
2880 5684 3058 5725 caecus
3089 5668 3721 5738 interrogatus,Quinam
3753 5668 3837 5721 ille
3865 5680 4038 5734 esset,

2466 5742 2562 5801 ait.
2593 5740 2785 5795 Nescio
2825 5757 2843 5793 :
2869 5742 3032 5795 etiam
3069 5741 3120 5792 in
3176 5742 3274 5797 hoc
3316 5755 3501 5795 verum
3534 5739 3781 5807 ,omnino
3826 5739 4041 5795 dicens.

2466 5810 2585 5866 llwc
2622 5812 2906 5874 dissensio,
2952 5828 2969 5863 ι
3010 5819 3117 5866 etc.
