4256 6446
245 429 314 493 61
941 433 1385 494 ENARRATIO
1428 433 1508 492 ΙΝ
1550 430 2060 492 EVANGELIUM
2096 432 2438 497 JOANNIS.
2486 437 2739 499 —C.\P.
2787 438 2889 498 IX.
3472 441 3541 499 (σὲ

250 547 334 604 ζει
366 542 532 595 αὐτόν
553 559 566 574 ο
615 543 764 612 μόνῳ
799 542 906 613 γὰρ
956 543 1135 612 δήπου
1187 544 1308 612 Θεῷ
1339 543 1437 613 τὴν
1471 541 1848 613 προσκύνησιν
1880 544 1927 600 Α

1880 544 1927 600 Α
1957 540 2042 596 nis
2081 544 2242 598 homo
2275 560 2304 598 a
2335 547 2635 610 nativitate,
2688 549 2739 600 id
2775 557 2859 600 est
2904 563 2966 600 ex
3003 555 3114 599 toto
3149 555 3390 616 tempore
3435 555 3539 613 quo

249 635 547 703 ἀπονέμων
581 633 661 706 [Ῑ.
708 637 1039 707 ἀπονέμειν]
1083 638 1424 706 νενόμισται.
1478 636 1740 705 Λάμόανε
1786 633 1843 686 δέ

254 744 350 796 μοι
375 729 437 780 τὸ
473 728 658 796 θαῦμα
686 727 866 791 τοῦτο,
923 731 1017 780 καὶ
1068 729 1274 797 νοητῶς
1325 727 1696 780 ἐπιτελεσθέν.
1737 724 1845 776 Τυ-

254 821 387 888 φλὸς
422 822 522 890 μὲν
559 821 669 890 γὰρ
701 817 789 890 ἦν.
826 823 934 873 εἴτε
968 821 1155 883 ἁπλῶς
1185 823 1290 883 πᾶς
1323 820 1612 889 ἄνθρωπος
1639 822 1704 870 ἐκ
1751 835 1846 885 γε-

264 914 448 981 ιετῆς,
499 913 644 966 τοῦτ’
700 916 866 978 ἐστιν,
921 917 984 966 ἐκ
1043 915 1136 967 τοῦ
1180 916 1284 967 ὑπὸ
1325 914 1542 980 γένεσιν
1594 909 1758 970 εἶναι,

259 1007 478 1068 παντως
513 1008 608 1058 καὶ
638 1008 670 1076 ἡ
713 1006 891 1075 φθορά
924 1007 1282 1070 συνέζευκται
1330 1009 1455 1077 (ἀφ’
1485 1002 1546 1061 οὗ
1580 1008 1689 1077 γὰρ
1718 1007 1846 1076 θνη-

250 1099 482 1165 τύτητος
511 1099 1012 1169 κατεδικάσθημεν,
1047 1102 1142 1152 καὶ
1171 1100 1260 1152 δια
1292 1101 1389 1169 τῆς
1433 1099 1714 1169 ἐμπαθοῦς
1750 1117 1845 1166 γε-

252 1191 458 1251 νέσεως
508 1191 838 1254 αὐξάνεσθαι
891 1192 1322 1263 κατεκρίθημεν,
1374 1193 1560 1246 ἔκτοτε
1595 1197 1739 1262 παχύ
1791 1210 1844 1243 τι

252 1288 416 1352 νέφος
449 1288 546 1338 καὶ
576 1288 896 1355 δερμάτινος
943 1289 1086 1358 τάχα
1116 1290 1302 1358 χιτὼν,
1339 1287 1413 1352 ῶς
1450 1307 1582 1356 φασι
1622 1288 1688 1340 τά
1725 1285 1847 1354 ἱερά

252 1381 450 1445 Λόγια.
485 1381 727 1450 ἐπεχύθη
763 1384 876 1443 τοῖς
905 1385 1109 1451 νοεροῖς
1147 1382 1304 1452 ἡμῶν
1333 1381 1633 1450 ὀφθαλμοῖς
1656 1384 1670 1444 )
1690 1396 1707 1414 ο
1735 1382 1845 1431 εἴτε

254 1475 349 1523 καὶ
379 1474 406 1523 ό
439 1472 548 1522 τῶν
597 1471 768 1524 ἐθνῶν
816 1473 968 1534 λαός.
999 1474 1109 1527 Καὶ
1137 1467 1294 1536 οὗτος
1348 1474 1458 1544 γάρ
1511 1475 1576 1526 ἐκ
1615 1472 1845 1539 γενετῆς

253 1565 480 1631 τυφλὸς,
513 1559 615 1616 οἷοι
640 1567 686 1616 οἱ
716 1565 980 1633 Ἕλληνες
1003 1581 1017 1595 °
1056 1568 1121 1619 ἐκ
1149 1566 1244 1619 τοῦ
1278 1568 1346 1619 τὰ
1373 1566 1478 1619 ὑπὸ
1506 1567 1720 1633 γένεσιν
1751 1566 1844 1617 καὶ

255 1655 467 1722 φθορὰν
501 1655 846 1724 θεοποιῆσαι,
881 1657 1280 1726 τυφλωθέντες,
1314 1658 1457 1709 κατά
1479 1658 1560 1720 τὸ,
1600 1677 1617 1709 ι
1655 1657 1845 1710 Ἔσκο-

254 1749 414 1815 τίσθη
451 1749 484 1815 ἡ
527 1748 784 1811 ἀσύνετος
819 1749 1001 1803 αὐτῶν
1047 1750 1266 1819 καρδία.
1311 1770 1329 1802 ι
1381 1749 1627 1802 Τοιοῦτοι
1669 1751 1762 1802 καὶ
1795 1750 1844 1800 οἱ

257 1841 410 1910 παρὰ
473 1841 713 1908 Πέρσαις
778 1842 944 1910 μάγοι
1003 1842 1218 1908 γενέσει
1280 1842 1375 1894 καὶ
1436 1841 1844 1911 γενεθλιαλογίᾳ

255 1933 812 2002 προσδαπανήσαντες
847 1934 944 2001 τὴν
977 1934 1157 1986 αὐτῶν
1204 1935 1370 2003 ζωήν.
1403 1933 1604 1985 Τοῦτον
1637 1929 1729 1985 οὖν
1750 1934 1842 1985 τὸν

255 2025 460 2092 τυφλὸν
493 2026 508 2091 (
534 2026 646 2076 εἴτε
678 2025 866 2087 ἁπλῶς
898 2026 1078 2078 πάντα
1107 2025 1416 2094 ἄνθρωπον,
1442 2026 1549 2076 εἴτε
1573 2025 1665 2077 τὸν
1696 2023 1841 2076 ἐθνιο

255 2118 354 2167 κον
384 2115 550 2184 λαὸν)
602 2113 743 2169 εἶδεν
793 2118 822 2168 ὁ
868 2117 1099 2185 Ἰησοῦς.
1135 2116 1294 2171 Ἐπεὶ
1334 2117 1444 2187 γὰρ
1483 2118 1691 2179 ἐκεῖνος
1740 2117 1842 2169 οὐκ

253 2207 492 2275 ἠδύνατο
525 2208 619 2261 τὸν
651 2210 996 2278 Δημιουργδν
1022 2210 1171 2273 ἰδεῖν,
1196 2210 1364 2272 αὐτὸς
1395 2228 1413 2260 ι
1443 2209 1532 2262 διὰ
1557 2209 1842 2277 σπλάγχνα

254 2299 441 2362 ἐλέους
473 2301 815 2369 ἐπεσκέψατο
839 2303 989 2371 ἡμᾶς
1015 2302 1249 2372 ἀνατολὴ
1273 2303 1332 2367 ἐξ
1365 2301 1555 2370 ὕψους.
1591 2319 1609 2353 ι
1641 2302 1763 2364 Πῶς
1787 2303 1842 2354 δὲ

253 2388 397 2454 εἶδες
438 2409 455 2440 ι
493 2392 786 2458 Παραγων,
826 2409 844 2442 ι
878 2392 1149 2458 τουτέστι,
1187 2393 1262 2462 μὴ
1296 2395 1356 2444 ἐν
1382 2391 1462 2462 τῷ
1493 2393 1708 2462 ούρανῲ
1743 2393 1838 2455 ὢν,

254 2478 392 2530 ἀλλα
428 2478 720 2546 παρελθὼν
766 2479 1053 2543 κενώσεως
1099 2481 1300 2548 λόγοις,
1333 2483 1427 2533 καὶ
1457 2483 1521 2534 ἐκ
1541 2481 1650 2534 ’τοῦ
1681 2483 1842 2551 ούρα-

252 2568 369 2629 νοῦ,
405 2568 548 2619 κατὰ
573 2567 665 2619 τὸν
696 2573 1004 2638 προφήτην,
1031 2569 1326 2636 διακύψας,
1361 2571 1454 2622 καὶ
1484 2569 1607 2622 ἰδὼν
1634 2570 1842 2632 πάντας

251 2662 378 2724 τοὺς
410 2664 556 2721 υίους
590 2662 701 2712 τῶν
728 2662 1031 2730 ἀνθρώπων
1052 2681 1064 2692 ·
1094 2665 1186 2714 καὶ
1203 2663 1380 2723 ἄλλως
1425 2662 1506 2714 δέ·
1545 2664 1837 2730 Παράγων,

253 2755 332 2806 (de
367 2754 458 2805 τὸν
495 2754 707 2807 ἐθνικὸν
768 2757 924 2819 λαὸν,
961 2756 1258 2818 τουτέστιν,
1307 2755 1367 2806 ού
1417 2758 1843 2825 προηγουμένως

251 2846 341 2897 ἐπ’
376 2848 540 2898 αὑτὸν
589 2846 780 2900 ἐλθών.
819 2847 910 2909 Εἰς
959 2847 1066 2917 γὰρ
1117 2847 1184 2900 τὰ
1231 2847 1550 2899 ἀπολωλότα
1592 2849 1841 2916 πρόὸατα

250 2937 404 2990 οἴκου
455 2937 668 3008 Ἰσραὴλ
723 2935 913 3006 ἦλθεν·
973 2935 1092 2991 εἶτα
1141 2940 1330 3008 ὥσπερ
1379 2939 1497 2992 ὀδοῦ
1563 2941 1841 3010 πάρεργον

249 3031 554 3097 ἐποιήσατο
574 3031 674 3095 τὴν
697 3030 988 3097 ἐπίσκεψιν
1011 3030 1104 3083 τοῦ
1129 3033 1186 3083 ἐν
1211 3030 1289 3101 τῷ
1319 3031 1501 3083 σκότει
1527 3031 1840 3101 καθημένου

249 3121 352 3187 τῆς
399 3122 700 3184 παντελοῦς
748 3122 1026 3188 ἀγνωσίας
1066 3123 1216 3176 λαοῦ.
1271 3122 1394 3185 Πῶς
1437 3122 1496 3174 δὲ
1545 3124 1841 3193 θεραπεύει

1949 644 2066 689 erat
2099 637 2198 689 sub
2226 639 2581 706 generatione
2613 640 2697 692 cui
2732 639 2953 692 omnino
2985 639 3276 704 conjnnCIa
3313 649 3390 692 est
3417 654 3500 690 eoi
3522 669 3538 677 -

1950 728 2148 794 rnptio,
2187 743 2221 779 ε
2267 742 2369 794 qua
2407 729 2720 780 mortalitati
2756 730 3102 781 condemnati
3136 743 3324 780 sumus
3365 740 3415 778 et
3450 729 3539 776 ad-

1945 822 2194 888 judicati,
2221 822 2347 874 dum
2374 823 2672 875 crescimus
2701 837 2728 874 a
2755 824 3038 873 nativitate
3075 821 3159 870 illa
3193 821 3536 886 passioniblts

1949 914 2202 966 obnoxia.
2236 913 2367 966 Nam
2396 929 2460 966 ex
2517 925 2648 967 tunc
2696 929 2880 967 crassa
2933 913 3178 978 quantum
3233 912 3450 971 nebula,
3486 924 3537 963 οι

1950 1009 2172 1076 pellicea
2212 1008 2463 1061 fortassis
2501 1009 2678 1059 tunica
2716 1009 2811 1072 (ut
2845 1008 3029 1057 dicunt
3071 1021 3220 1056 saera
3266 1003 3486 1068 Eloquia
3520 1004 3535 1064 )

1950 1104 2117 1158 eﬂiisa
2153 1113 2234 1156 est
2280 1118 2442 1170 super
2490 1104 2683 1155 mentis
2723 1114 2926 1154 nostrre
2978 1101 3184 1152 oculos.
3229 1097 3319 1148 ιλιι
3372 1111 3535 1147 ειιειιιι

1948 1211 2128 1251 caecus
2163 1205 2280 1249 erat
2319 1195 2603 1263 gentilium
2643 1193 2894 1261 populus.
2945 1191 3078 1245 Nam
3118 1200 3170 1242 et
3209 1191 3294 1241 hic
3332 1205 3356 1236 τι
3395 1198 3477 1236 nat
3513 1216 3534 1225 -

1949 1289 2113 1339 vitate
2142 1296 2259 1340 erat
2287 1301 2490 1346 cacus,
2519 1299 2585 1337 eo
2625 1286 2764 1351 quod
2801 1282 3052 1334 exca-cati
3079 1322 3090 1339 ,
3119 1295 3179 1331 ea
3209 1295 3328 1347 qua!
3357 1277 3535 1341 genita

1949 1390 2002 1435 et
2037 1379 2436 1444 rorruptibilia,
2489 1376 2834 1435 deificabant,
2867 1375 3019 1440 juxta
3076 1373 3204 1424 illud
3244 1389 3253 1420 :
3300 1389 3315 1420 ι
3370 1373 3538 1421 Ume-

1949 1475 2228 1527 nebratum
2268 1481 2348 1524 est
2379 1471 2641 1536 insipiens
2674 1485 2768 1520 cor
2803 1483 2990 1519 eorum
3022 1467 3087 1518 ‘3.
3130 1485 3147 1516 ι
3190 1463 3347 1516 Tales
3381 1475 3536 1515 erant

1949 1569 2245 1620 Persarum
2282 1565 2448 1631 magi,
2488 1565 2652 1614 vitam
2691 1578 2843 1613 suam
2887 1560 3263 1612 nativitatiluts
3305 1567 3356 1609 et
3394 1559 3537 1606 tnti-

1947 1672 2130 1712 rorum
2173 1654 2506 1722 pra'dictioni
2557 1651 2719 1722 642
2758 1654 3110 1704 insumentes.
3168 1649 3318 1701 Hunc
3372 1650 3534 1714 ἰᾳιιιιι·

1947 1763 2182 1811 εωειιιιι,
2239 1747 2352 1800 sive
2410 1746 2734 1811 simpliciter
2782 1760 2994 1798 omnem
3057 1744 3362 1802 hominem,
3424 1744 3534 1792 sive

1951 1846 2113 1896 etiam
2149 1843 2403 1911 gentilcm
2447 1843 2737 1910 populum,
2797 1842 2930 1894 vidit
2983 1839 3160 1893 Jesus.
3219 1838 3351 1900 Quia
3390 1841 3532 1889 enim

1954 1952 2060 1989 non
2098 1937 2269 2002 potuit
2293 1933 2642 1986 Conditorem
2674 1932 3011 1997 videre,ipse
3034 1948 3050 1978 ι
3083 1943 3174 1997 per
3197 1930 3398 1977 viscera
3438 1929 3536 1976 ini-

1946 2028 2253 2083 sericordia:
2293 2026 2648 2079 visitavitnos
2666 2026 2848 2076 oriens
2877 2037 2938 2074 ex
2976 2023 3165 2074 alto“.
3197 2039 3214 2070 ι
3252 2024 3534 2084 Quomodo

1946 2130 2121 2174 autem
2153 2119 2358 2173 Vidini
2403 2117 2745 2181 l’imterieus,
2787 2136 2804 2167 ι
2846 2118 2946 2170 hoc
3003 2123 3105 2175 est,
3162 2129 3266 2166 nou
3313 2115 3363 2165 in
3394 2113 3533 2161 rwlo

1944 2216 2244 2278 exsistens,
2280 2213 2369 2266 sed
2396 2212 2746 2281 progrediens
2767 2209 3113 2264 sermonibus
3134 2208 3530 2265 evacuationis,

1944 2317 1995 2362 ει
2021 2307 2354 2375 prospiciens
2379 2320 2408 2358 e
2433 2304 2743 2369 coalojnxta
2775 2301 3111 2370 prophetiam
3137 2300 3204 2363 ⁵ο,
3233 2300 3534 2361 vidensque

1945 2413 2134 2452 onmes
2165 2397 2302 2450 ﬁlios
2345 2397 2645 2448 hominum.
2685 2392 2748 2446 Et
2785 2391 2943 2444 aliter
2986 2406 3000 2443 :
3038 2389 3363 2442 Praetericns
3400 2387 3534 2438 vid.t

1945 2490 2197 2559 populum
2227 2488 2506 2555 gentilem,
2547 2487 2600 2540 id
2628 2493 2734 2546 est,
2772 2499 2876 2536 non
2907 2484 3140 2551 primum
3166 2483 3232 2532 ad
3264 2481 3411 2531 illum
3439 2493 3533 2529 ve-

1947 2584 2140 2635 niens:
2179 2580 2322 2632 venit
2372 2579 2516 2632 enim
2551 2579 2616 2630 ad
2654 2592 2783 2630 oves
2807 2591 2924 2644 qua:
2960 2577 3237 2642 perierant
3273 2574 3338 2624 de
3372 2575 3532 2622 domo

1946 2673 2198 2728 Israel".
2241 2671 2443 2726 Deinde
2473 2669 2627 2738 quasi
2671 2671 2844 2723 obiter
2881 2671 2932 2720 in
2976 2669 3059 2719 via
3107 2666 3235 2718 fecit
3264 2665 3530 2717 visitatio-

1947 2783 2068 2820 nem
2113 2766 2231 2833 ejus
2281 2764 2496 2833 populi,
2532 2763 2621 2829 qui
2663 2763 2887 2816 omnino
2923 2761 3144 2813 sedebat
3182 2760 3233 2811 in
3290 2756 3531 2810 tenebris

1945 2863 2123 2918 omnis
2157 2861 2496 2932 ignorantia.
2532 2859 2815 2924 Quomodo
2872 2866 3050 2909 autem
3106 2865 3261 2907 sanat
3311 2853 3530 2906 caecita—

1947 2958 2094 3011 tem?
2130 2955 2261 3009 Cum
2295 2955 2566 3021 expuisset
2623 2954 2675 3004 in
2713 2960 2936 3008 terram,
2977 2959 3031 3001 et
3066 2947 3234 2998 lutum
3290 2945 3528 2997 iecisset.

1945 3051 2267 3116 Quicunque
2301 3048 2446 3099 enim
2480 3026 2772 3099 creilidvrit
2803 3040 2943 3104 quod
2978 3040 3118 3093 sicut
3166 3038 3433 3090 distillans
3476 3035 3530 3087 in

1947 3154 2170 3206 terrain,
2209 3139 2444 3193 Verbum
2478 3139 2650 3206 ipsum
2681 3135 3018 3189 descenderit
3050 3134 3102 3186 in
3136 3143 3378 3185 sanctam
3410 3130 3534 3182 Vir-

249 3215 350 3282 τὴν
386 3215 698 3282 τύφλωσινς
736 3215 953 3278 Πτύσας
1001 3219 1200 3285 χαμαὶ,
1241 3219 1336 3269 καὶ
1381 3217 1552 3284 πηλὸν
1581 3223 1835 3288 ποιήσας.
1864 3244 1909 3306 C

1864 3244 1909 3306 ί]
1951 3238 2154 3306 ginem,
2191 3232 2351 3299 lmjus
2383 3241 2655 3298 ungentnr
2696 3227 3006 3295 spiritnales
3052 3225 3191 3278 oculi
3229 3224 3340 3275 luto
3391 3221 3531 3275 facto

258 3309 353 3368 ’ος
378 3309 489 3376 γὰρ
514 3307 576 3357 ἂν
609 3308 974 3372 πιστεύσειεν,
1003 3311 1084 3360 ὅτι
1105 3309 1235 3361 ὡσεὶ
1263 3309 1477 3376 σταγὼν
1505 3313 1536 3380 ὴ
1563 3308 1833 3373 στάζουσα

251 3399 345 3450 ἐπὶ
370 3399 468 3466 τῆν
499 3399 622 3465 γῆν,
661 3400 1044 3467 καταὸἐὸηκεν
1099 3400 1196 3453 ἐπὶ
1225 3402 1324 3470 τὴν
1359 3403 1523 3465 ἁγίαν
1561 3403 1833 3470 Παρθένον

252 3492 281 3542 ὁ
315 3493 510 3555 Λόγος,
545 3487 699 3553 οὗτος
729 3497 988 3560 χρίσεται
1019 3494 1146 3554 τοὺς
1172 3493 1394 3564 νοεροὺς
1420 3493 1732 3563 ὀφθαλμοὺς
1758 3495 1834 3564 τῷ

251 3586 312 3634 ἐκ
340 3582 434 3635 τοῦ
474 3584 788 3651 πτύσματος
821 3585 914 3637 καὶ
943 3585 1042 3654 τῆς
1075 3589 1177 3654 γῆς
1217 3586 1396 3655 πηλῷ,
1444 3588 1608 3658 ἧγουν
1641 3589 1722 3657 τῷ
1753 3590 1835 3640 ἐνὶ

251 3674 477 3742 Χριστῷ
520 3673 598 3742 τῷ
627 3675 690 3724 ἐκ
721 3675 974 3744 θεότητος
1016 3673 1104 3745 (ἧς
1133 3677 1452 3745 σύμδολονὴ
1487 3680 1702 3747 σταγὼν
1741 3683 1835 3734 καὶ

252 3768 312 3817 τὸ
347 3767 574 3835 πτύσμα
605 3772 646 3833 .)
676 3769 768 3818 καὶ
804 3769 1221 3839 ἁνθρωπότητος
1257 3767 1362 3840 (ἧς
1392 3771 1660 3838 σύμϐολον
1690 3775 1832 3841 ὴγῆ,

253 3861 309 3926 ἐξ
346 3855 412 3930 ἦς
452 3859 512 3912 τὸ
551 3860 644 3912 τοῦ
680 3862 882 3930 Κυρίου
918 3863 1075 3931 σῶμα
1102 3868 1138 3928 ).
1195 3860 1316 3932 ’Λρ’
1349 3863 1442 3916 οὖν
1469 3865 1596 3934 ἄχρι
1627 3865 1720 3918 τοῦ
1751 3885 1836 3916 πι-

254 3953 482 4006 στεῦσαι
507 3955 607 4022 τὴν
630 3955 930 4023 θεραπείαν
954 3957 1215 4025 στήσεται
1238 3974 1250 4020 ;
1277 3956 1576 4025 Οῠμενυυν,
1604 3958 1736 4010 ἀλλὰ
1757 3959 1838 4010 δεῖ

253 4046 348 4098 καὶ
381 4046 475 4097 ἐπὶ
517 4046 607 4097 τὸν
656 4048 878 4116 Σιλωὰμ
909 4048 1106 4110 ἐλθεῖν,
1135 4049 1234 4117 τὴν
1282 4051 1468 4119 πηγὴν
1517 4050 1611 4103 τοῦ
1646 4051 1839 4119 βαπτί-

255 4156 486 4208 σματος,
542 4141 636 4191 καὶ
689 4139 1054 4206 βαπτισθῆναι
1116 4142 1194 4202 είς
1254 4141 1344 4192 τὸν
1402 4143 1834 4211 ἀπεσταλμένον,

250 4231 395 4284 τοῦτ’
430 4234 565 4294 ἐστι,
615 4232 870 4298 Χριστόν.
908 4234 1060 4312 "Duo:
1095 4233 1203 4302 γὰρ
1237 4233 1646 4302 ἐῦαπτίσθημεν
1678 4253 1838 4287 πνευ-

253 4323 521 4393 ματικῶς.
551 4323 630 4384 εἰς
660 4324 892 4391 Χριστὸν
939 4325 1377 4394 ἐϐαπτίσθημεν.
1423 4327 1558 4380 Μεθ’
1591 4327 1618 4378 ὃ
1645 4327 1701 4379 δέ
1744 4328 1839 4380 καὶ

255 4414 586 4482 βαπτισθείη
659 4431 764 4474 τις,
842 4416 934 4466 καὶ
1027 4420 1358 4485 πειρασμοῖς
1431 4421 1834 4486 περιπεσεῖται.

250 4505 582 4573 Ἀχθήσεται
624 4508 734 4574 γὰρ
781 4507 920 4575 τάχα
973 4508 1064 4559 ἐπὶ
1100 4508 1338 4574 βασιλεῖς
1392 4509 1485 4560 καὶ
1523 4510 1834 4577 ἡγεμόνας,

1938 3345 1968 3385 ε
1999 3337 2157 3397 sputo
2195 3336 2247 3379 et
2288 3333 2463 3383 terra,
2505 3323 2605 3374 hoc
2636 3331 2719 3374 est
2776 3320 2936 3372 unico
2988 3317 3230 3372 Christo.
3312 3314 3413 3379 Qui
3463 3328 3528 3364 ex

1940 3422 2168 3483 deitate,
2197 3418 2349 3484 cujus
2377 3415 2684 3486 symbolum
2722 3413 2862 3466 stilla
2883 3422 2934 3466 et
2963 3423 3202 3478 sputum,
3255 3418 3307 3460 et
3343 3409 3532 3460 huma-

1940 3515 2137 3577 nitate,
2176 3509 2328 3577 cujus
2364 3507 2666 3580 symbolum
2696 3519 2862 3566 terra,
2898 3519 2961 3558 ex
3014 3520 3116 3573 qua
3164 3503 3374 3554 Domini
3406 3514 3530 3580 cor:

1939 3621 2060 3673 pus.
2095 3603 2229 3655 Num
2281 3602 2447 3668 igitur
2495 3598 2620 3650 ﬁnis
2673 3597 2978 3650 sanationis
3014 3597 3065 3648 in
3113 3595 3382 3646 credendo
3413 3570 3531 3643 est?

1937 3690 2282 3757 Nentiquam,
2324 3688 2415 3740 sed
2449 3695 2667 3754 oportet
2699 3695 2752 3735 et
2786 3684 2849 3735 ad
2884 3683 3086 3736 Siloam
3123 3682 3292 3742 abire,
3327 3683 3528 3732 t'onteu:

1939 3781 2324 3849 baptismatis,
2377 3787 2431 3831 et
2478 3776 2743 3844 baptizari
2798 3777 2849 3828 in
2903 3776 3103 3833 misso.
3157 3775 3258 3826 hoc
3303 3781 3420 3834 est,
3475 3771 3528 3823 in

1938 3874 2177 3928 Clnisto.
2217 3889 2235 3923 ι
2278 3870 2551 3938 Qnthnot
2585 3871 2728 3922 enim
2768 3868 3024 3936 baptizati
3073 3882 3262 3919 smnus
3303 3884 3320 3916 ι
3361 3863 3529 3930 spiri-

1943 3965 2179 4027 tualiter,
2222 3981 2238 4014 ι
2293 3963 2344 4014 in
2379 3962 2597 4014 Chrisw
2632 3961 2889 4028 baptizati
2941 3973 3129 4013 sumus
3156 3961 3221 4012 ".
3269 3978 3285 4010 ι
3330 3960 3527 4012 Verum

1937 4056 2032 4109 ubi
2086 4055 2393 4121 baptizatus
2443 4054 2564 4121 quis
2601 4051 2766 4104 fuerit
2796 4092 2811 4113 ,
2870 4060 2994 4104 tunc
3034 4061 3087 4103 et
3138 4049 3526 4104 tentationibus

1926 4130 2263 4215 ‘subjacebit.
2305 4146 2539 4198 Ducetur
2569 4147 2712 4197 enim
2748 4144 2979 4198 fortasse
3014 4144 3080 4197 ad
3123 4159 3277 4207 reges
3308 4153 3529 4211 propter

1941 4239 2238 4296 Christum.
2267 4237 2357 4303 qui
2392 4238 2603 4290 sanavit
2632 4237 2780 4288 illum
2806 4237 2872 4289 ⁵³.
2902 4236 3125 4302 Oportet
3160 4236 3319 4303 igitur
3355 4234 3527 4286 ﬁrmi-

1944 4341 2025 4384 ter
2054 4345 2110 4383 se
2145 4343 2356 4396 gerere,
2409 4338 2461 4382 et
2492 4337 2637 4380 stare
2682 4327 2734 4380 in
2781 4327 3129 4380 confessione
3178 4337 3522 4390 constanter,

1941 4440 2039 4479 nec
2069 4433 2283 4492 propter
2315 4434 2514 4476 metum
2545 4437 2763 4490 negare.
2790 4423 2882 4475 sed
2909 4430 2962 4474 et
2983 4423 3027 4475 si
3050 4435 3181 4489 opus
3201 4420 3390 4482 fuerit,
3423 4437 3522 4472 ex-

1943 4518 2067 4586 pelli
2101 4526 2154 4569 et
2183 4515 2711 4569 excommunicatnm
2737 4514 2875 4573 ﬁeri,
2903 4513 3052 4579 juxta
3087 4514 3215 4566 illud
3249 4532 3258 4565 :
3301 4532 3317 4563 ι
3358 4514 3518 4566 Exosi

253 4601 447 4651 ἕνεκεν
476 4598 569 4650 τοῦ
594 4596 1035 4668 θεραπεύσαντος
1066 4601 1229 4653 αὑτὸν
1254 4600 1513 4668 Χριστοῦ.
1543 4604 1632 4653 Δεῖ
1656 4603 1836 4656 τοίνυν
1872 4592 1911 4645 Ῐ)

1872 4592 1911 4645 Ῐ)
1939 4609 2092 4662 eritis
2142 4608 2394 4660 omnibus
2431 4615 2649 4673 promer
2703 4620 2896 4658 nomen
2949 4620 3126 4658 meum
3157 4606 3222 4666 ",
3265 4616 3317 4657 et
3368 4617 3521 4658 extra

255 4691 490 4761 βεϐαίως
522 4692 686 4760 ἔχειν,
716 4695 811 4746 καὶ
837 4695 1090 4746 ἵστασθαι
1120 4697 1210 4746 ἐπί
1236 4695 1334 4762 τῆς
1360 4695 1653 4763 ὁμολογίας
1675 4695 1834 4747 ἀκλι-

251 4788 382 4850 νῶς,
423 4788 495 4856 μὴ
525 4789 613 4839 διὰ
652 4787 817 4850 φόϐον
874 4789 1232 4857 ἀρνούμενον,
1279 4791 1436 4852 ἀλλὰ,
1481 4789 1583 4842 κᾶν
1631 4791 1832 4862 δεήσῃ,

250 4881 596 4946 ἐκκήρυκτον
629 4879 721 4931 καὶ
769 4880 1200 4947 ἀποσυνάγωγον
1236 4882 1541 4951 γινόμενον,
1581 4885 1721 4935 κατὰ
1750 4885 1829 4949 τὸ,

257 4989 275 5022 ι
325 4970 552 5023 Ἐσεσθε
580 4971 896 5040 μισούμενοι
918 4973 1022 5025 ύπὸ
1050 4976 1267 5026 παντων
1313 4976 1400 5029 διὰ
1424 4977 1482 5029 τὸ
1508 4977 1678 5046 ὄνομα
1704 4995 1830 5045 μου,

250 5064 347 5114 καὶ
380 5063 846 5130 ἀποσυναγώγους
875 5068 1196 5134 ποιήσουσιν
1220 5068 1384 5135 ὑμᾶς.
1423 5087 1440 5119 ι
1481 5069 1600 5122 Κᾶν
1635 5070 1830 5123 ἐκϐαλ-

251 5155 386 5205 iam
430 5154 486 5206 δέ
516 5154 605 5206 τὸν
637 5156 978 5225 ὁμολογητὴν
1015 5157 1064 5208 οι
1116 5157 1414 5226 ἀνθρωττοι,
1486 5162 1552 5230 τῆ
1604 5160 1831 5229 ἀληθείᾳ

250 5245 662 5312 ἐχθραίνοντες,
712 5247 806 5300 καὶ
852 5246 1118 5313 διώξωσιν
1162 5250 1270 5304 ἀπὸ
1314 5250 1423 5302 τῶν
1463 5253 1593 5323 παρ’
1646 5255 1831 5317 αὐτοῖς

251 5337 414 5403 ἱερῶν
444 5339 536 5388 καὶ
578 5337 794 5404 τιμίων,
824 5340 1076 5403 πλούτου,
1111 5341 1275 5408 λέγω,
1307 5343 1401 5394 καὶ
1427 5341 1585 5412 δόξης
1608 5361 1621 5375 ⁸
1655 5346 1824 5415 εὑρή-

249 5446 332 5480 σει
367 5430 529 5482 αὑτὸν
561 5433 588 5482 ὁ
616 5429 845 5497 Ἰησοῦς,
881 5433 973 5485 καὶ
1011 5434 1129 5485 τότε
1162 5435 1386 5504 μᾶλλον,
1416 5435 1503 5488 ὅτε
1544 5438 1695 5506 παρά
1722 5439 1830 5490 τῶν

249 5523 462 5591 ἐχθρῶν
495 5525 848 5593 ἀτιμασθείη,
882 5529 1033 5596 παρά
1067 5528 1307 5597 Χριστοῦ
1338 5531 1728 5600 τιμηθήσεται,
1762 5534 1825 5601 τῇ

247 5613 548 5682 ἐπιγνώσει
583 5617 678 5668 καὶ
705 5620 770 5686 τῇ
807 5618 1176 5691 ἀκριϐεστέρα
1211 5620 1412 5674 πίστει.
1447 5621 1826 5691 Προσκυνήσει

247 5707 358 5776 γὰρ
389 5709 508 5760 τότε
542 5709 741 5777 μᾶλλον
774 5711 862 5762 τὸν
893 5713 1143 5778 Χριστὸν,
1169 5714 1243 5777 ὼς
1264 5713 1548 5782 ἄνθρωπον
1580 5715 1678 5783 μέν
1701 5732 1824 5782 φαι-

317 5831 374 5904 ne
399 5829 531 5886 "0‘"
583 5847 620 5892 ⁸ο
653 5835 740 5887 Ἥ·
889 5835 932 5865 ’⁵⁹
957 5835 1128 5889 [λιν-ι
1182 5835 1266 5891 78·
1347 5839 1392 5869 ⁸⁸
1419 5837 1563 5894 Psal.
1595 5855 1709 5904 Mli,
1744 5838 1808 5891 3:

256 5917 312 5963 ι,
357 5902 424 5957 ib
525 5909 570 5937 θ’
614 5904 859 5960 lbid.22.
939 5908 981 5938 "~
1011 5905 1371 5974 Joamatvtﬂ.

1905 5748 1909 5752 -
1934 5729 2077 5768 (ια’εο
2118 5731 2130 5766 ε

1871 5853 1962 5903 ιιι,
1995 5838 2045 5892 5.

1936 4714 2240 4770 synagogas
2275 4697 2477 4752 facient
2516 4711 2610 4751 vos
2629 4697 2695 4750 ".
2739 4715 2756 4747 ι
2799 4697 2990 4748 Verum
3033 4696 3246 4750 etiamsi
3292 4696 3522 4764 ejiciant

1933 4795 2280 4845 contitentem
2335 4791 2581 4843 homines
2629 4788 2910 4842 veritatem
2945 4789 3070 4840 odio
3117 4789 3413 4850 habentes,
3465 4797 3520 4840 et

1936 4895 2329 4954 persequantur
2359 4893 2576 4951 ριόιιιει·
2607 4882 2724 4934 illas
2756 4896 2874 4949 quae
2921 4883 3000 4933 eis
3053 4896 3222 4933 sacra:
3279 4891 3406 4934 sunt
3463 4891 3516 4934 ει

1933 4977 2292 5040 venerabiles,
2342 4974 2568 5028 divitias
2613 4973 2733 5026 dico
2775 4983 2824 5026 et
2853 4973 3077 5040 gloriam
3127 4987 3249 5024 eum
3286 4972 3524 5025 inveniet

1931 5069 2112 5134 Jesus,
2153 5081 2207 5122 et
2243 5078 2367 5122 tunc
2401 5068 2571 5133 magis
2595 5067 2808 5135 quando
2836 5069 2902 5117 ab
2937 5065 3173 5117 inimicis
3212 5063 3504 5130 ignominia

1931 5172 2144 5216 notatus
2182 5160 2367 5222 fuerit,
2400 5173 2428 5212 a
2460 5159 2676 5213 Christo
2728 5156 3086 5210 honorabilur
3115 5157 3424 5220 agnitione,
3459 5166 3514 5207 et

1931 5256 2168 5310 certiore
2203 5254 2325 5306 tide.
2362 5250 2494 5304 Nam
2547 5261 2670 5303 tunc
2718 5251 2891 5316 magis
2924 5249 3170 5300 adorabit
3216 5247 3516 5311 Christum,

1930 5350 2019 5416 qni
2058 5355 2280 5416 apparet
2305 5353 2363 5397 ut
2392 5344 2581 5405 homo,
2616 5352 2699 5396 est
2729 5352 2910 5394 autem
2938 5352 2990 5393 et
3041 5339 3208 5392 Filius
3243 5341 3351 5391 Dei.
3404 5339 3518 5393 Non

1938 5440 2080 5491 enini
2113 5438 2253 5491 alius
2284 5445 2360 5488 est
2390 5435 2556 5486 Filius
2594 5432 2710 5495 Dei,
2742 5441 2794 5486 et
2827 5431 2961 5483 alius
2994 5430 3174 5481 Marite
3208 5431 3222 5482 t'
3255 5444 3378 5482 nam
3409 5433 3520 5482 hmc

1939 5529 2170 5582 Nestorii
2210 5526 2522 5595 impietas),
2557 5523 2650 5575 sed
2689 5537 2827 5576 unus
2859 5531 2910 5574 et
2942 5521 3080 5573 idem
3103 5529 3185 5573 est
3223 5519 3314 5573 Dei
3350 5519 3519 5573 Filius

1935 5633 1987 5675 ει
2025 5620 2278 5674 hominis.
2321 5617 2454 5670 Vide
2493 5617 2638 5669 enim
2683 5619 2954 5683 quomodo
2997 5616 3276 5677 Dominus,
3302 5616 3518 5668 dii-eute

2172 5733 2189 5764 ι
2230 5713 2362 5779 Quis
2397 5723 2480 5766 est
2514 5711 2679 5765 Filius
2712 5709 2835 5772 Dei,
2865 5721 2924 5764 ut
2953 5709 3169 5761 credam
3209 5709 3262 5760 in
3296 5714 3458 5761 eum!
3493 5727 3508 5756 ι

2125 5840 2169 5871 ⁸⁸
2215 5836 2402 5892 Matth.
2447 5853 2498 5896 χ.
2534 5832 2585 5889 θ.
2665 5836 2714 5866 "
2745 5833 2915 5887 Galat.
2949 5849 3028 5895 ut,
3056 5831 3146 5885 27.
3227 5831 3268 5862 ³³
3310 5829 3502 5883 Matth.
