4256 6446
742 417 804 476 li?
1639 414 2216 479 TIIEOPHYLACTI
2248 414 2657 475 BULGARIJ‘Z
2698 421 2740 476 A
2754 418 3058 479 RCHIEP.
3925 424 3995 483 G3

740 531 982 591 credant,
1014 528 1105 581 sed
1132 528 1275 594 ipsos
1306 524 1636 592 abjiciendos
1656 541 1776 582 esse
1809 543 1872 583 ex
1888 528 2066 584 ovium
2091 541 2310 597 genere.
2342 534 2421 592 Ai

2342 534 2391 592 Α
2416 524 2696 578 δείκνυται
2737 529 2961 597 ποιμήν.
2997 528 3103 581 Καὶ
3147 529 3247 598 τὴν
3293 529 3473 601 φωνὴν
3503 531 3558 583 δὲ
3597 530 3691 584 τοῦ
3739 534 3994 601 ποιμένος

739 618 876 674 Nam
914 619 956 672 si
980 633 1079 688 ego
1112 618 1349 686 quidem,
1388 616 1577 685 inquit,
1624 632 1720 686 per
1760 619 1978 688 januam
2009 618 2306 688 ingredior,

742 712 1083 764 manifestum
1120 708 1262 778 quod
1294 723 1419 763 vere
1440 722 1557 761 sum
1600 720 1821 777 pastor;
1874 724 1971 762 vos
2014 720 2190 763 autem
2229 709 2319 778 qui

741 819 843 855 non
876 801 1044 855 secuti
1074 803 1225 866 estis,
1253 799 1507 854 videmini
1530 815 1633 854 non
1656 815 1774 856 esse
1803 814 1948 855 oves.
1969 798 2121 855 Unde
2142 813 2319 855 autem

750 894 931 947 educit
975 908 1102 946 oves
1175 893 1439 961 proprias,
1497 893 1598 946 nisi
1654 909 1717 946 ex
1777 893 1952 947 medio
1996 892 2315 958 inﬁdelium,

740 986 878 1039 sicut
918 997 970 1039 et
1000 1000 1196 1038 meeum
1229 986 1293 1037 de
1328 984 1503 1037 medio
1556 984 1886 1051 Jndznorum,
1926 996 1979 1040 et
2024 984 2114 1053 qui
2165 985 2320 1037 audi-

740 1079 813 1129 vit
848 1093 990 1141 eum,
1013 1085 1068 1130 et
1096 1078 1314 1146 agnovit
1344 1078 1502 1130 eum?
1529 1077 1589 1130 Et
1616 1088 1740 1132 ante
1770 1093 1897 1133 oves
1915 1094 2127 1147 quoque
2149 1078 2315 1144 vadit,

741 1172 990 1238 quamvis
1025 1185 1181 1223 secus
1211 1168 1372 1238 645
1400 1170 1469 1222 sit
1512 1186 1635 1224 cum
1684 1173 2054 1240 corporalibus
2105 1162 2313 1238 ovibus,

745 1272 863 1329 post
901 1263 1017 1313 illas
1050 1264 1189 1313 enim
1222 1264 1419 1314 vadunt
1454 1272 1713 1330 pastores.
1762 1262 1867 1317 Sed
1910 1264 2010 1319 isto
2049 1265 2184 1329 loco,
2229 1282 2320 1321 os-

744 1357 912 1406 tendit
954 1353 1094 1420 quod
1138 1368 1324 1406 omnes
1368 1355 1522 1406 ducet
1547 1355 1609 1407 ad
1641 1356 1920 1409 veritatem
1955 1359 2115 1427 :quia
2157 1358 2313 1412 disci-

745 1443 897 1511 pulos
928 1445 1083 1510 quasi
1130 1459 1257 1496 oves
1312 1444 1361 1496 in
1402 1444 1636 1497 tiu-dium
1696 1445 1942 1512 luporum
2006 1449 2205 1501 mittit:
2241 1448 2321 1503 sic

742 1536 902 1601 igitur
936 1550 1071 1586 nma
1114 1544 1196 1587 est
1241 1535 1523 1602 pastoralis
1570 1552 1698 1588 cura
1749 1537 1969 1591 Christi.
2002 1556 2019 1589 ι
2072 1538 2315 1593 Alienum

741 1639 919 1678 atttem
960 1641 1059 1678 non
1108 1637 1439 1693 sequentur;
1470 1642 1571 1681 non
1613 1629 1755 1682 enim
1804 1641 2145 1698 cognoscunt
2189 1631 2317 1686 alie-

742 1731 930 1769 norum
959 1728 1165 1769 vocem.
1196 1734 1216 1767 ι
1255 1717 1448 1770 lterum
1517 1719 1613 1771 hoc
1656 1717 1771 1771 loco
1811 1718 2085 1774 Theudam
2133 1732 2187 1776 et
2216 1721 2314 1776 Ju-

742 1807 863 1856 dam
893 1816 1061 1869 notat,
1099 1822 1234 1874 quos
1268 1821 1369 1859 nou
1404 1817 1599 1861 secutae
1627 1818 1750 1862 sunt
1773 1824 1921 1865 oves.
1951 1809 2082 1864 Nam
2112 1828 2313 1881 paucos

2423 619 2609 673 ἀκούει
2632 621 2698 674 τά
2727 622 2993 692 πρόϐατα.
3046 623 3198 674 Ἐπεὶ
3228 623 3336 693 γὰρ
3371 626 3567 677 ἐκεῖνοι
3591 625 3702 678 ἄνω
3728 626 3820 679 καὶ
3849 626 3995 678 κάτω

2432 714 2620 782 ἔλεγον
2672 714 2835 767 αὐτὸν
2875 717 3185 779 ἀπατεῶνα,
3235 717 3328 770 καὶ
3363 715 3524 769 τοῦτο
3563 720 3627 771 ἐκ
3656 718 3755 785 τῆς
3784 718 3996 769 ἑαυτῶν

2423 805 2683 868 ἀπιστίας
2720 805 3004 860 ἐϐεϐαίουν
3058 808 3307 875 λέγοντες
3330 824 3344 838 ·
3394 826 3412 859 ι
3449 808 3540 879 Μὴ
3574 808 3682 861 τῶν
3718 810 3997 878 ἀρχόντων

2420 912 2506 957 τις
2535 896 2852 949 ἐπίστευσεν
2892 901 2970 960 εἰς
3018 899 3216 963 αὐτόνς
3254 918 3272 950 ι
3299 899 3571 952 δείκνυσιν
3596 902 3623 951 ὁ
3651 900 3875 969 Κύριος,
3915 900 3997 952 ὅτι

2422 989 2522 1040 οὐκ
2550 989 2713 1042 αὑτὸν
2749 990 2852 1059 χρὴ
2890 991 3135 1058 νομίζειν
3164 990 3439 1060 λυμεῶνα,
3479 990 3613 1043 διότι
3643 991 3837 1046 ἐκεῖνοι
3867 992 3998 1041 ἀπι-

2426 1076 2662 1141 στοῦσιν,
2693 1076 2810 1130 ἀλλ’
2850 1078 3048 1141 αὐτοὺς
3074 1080 3405 1150 ἐκϐληθῆναι
3430 1079 3529 1148 τῆς
3557 1081 3667 1132 τῶν
3704 1081 3999 1149 προϐάτων

2420 1168 2647 1234 τάξεως.
2691 1170 2831 1237 Ἐγὼ
2878 1170 2976 1240 μὲν
3001 1173 3129 1241 γὰρ,
3177 1174 3332 1243 φησὶ,
3360 1173 3449 1226 διὰ
3480 1174 3580 1243 τῆς
3621 1173 3787 1246 θύρας
3817 1177 4000 1244 εἰσερ-

2420 1260 2669 1329 χόμενος,
2728 1261 3016 1331 πρόδηλον,
3049 1264 3123 1326 ὡς
3158 1265 3374 1335 ἀληθῶς
3414 1269 3530 1336 εἰμι
3561 1271 3764 1337 ποιμήν
3787 1282 3800 1297 ·
3840 1268 3997 1336 ὑμεῖς

2421 1351 2475 1402 δὲ
2509 1354 2555 1403 οἱ
2585 1352 2657 1422 μὴ
2689 1353 3176 1424 ἀκολουθήσαντες,
3200 1357 3418 1411 ἐοίκατε
3448 1362 3520 1429 μὴ
3552 1355 3689 1412 εἶναι
3725 1359 3995 1429 πρόϐατα.

2424 1444 2591 1496 Πόθεν
2617 1444 2673 1496 δὲ
2718 1446 2902 1511 ἐξάγει
2943 1447 3012 1499 τά
3062 1448 3170 1501 ἴδια
3221 1450 3492 1517 πρόϐατα,
3518 1453 3549 1521 ἦ
3578 1454 3639 1504 ὲκ
3675 1453 3840 1521 μέσον
3888 1452 3999 1502 τῶν

2422 1536 2684 1598 ἀπίστων,
2729 1535 2917 1606 ὥσπερ
2953 1540 3047 1604 καὶ
3080 1541 3172 1592 τὸν
3210 1541 3410 1609 τυφλὸν
3433 1546 3497 1596 ὲκ
3527 1545 3690 1613 μέσον
3720 1545 3828 1595 τῶν
3869 1546 4000 1597 Ἰου-

2421 1626 2605 1689 δαίων,
2636 1628 2693 1690 ὃς
2717 1630 2809 1680 καὶ
2843 1631 3073 1699 ἤκουσεν
3098 1634 3286 1699 αὐτοῦ,
3315 1637 3407 1688 καὶ
3436 1637 3648 1704 ἐπέγνω
3667 1638 3860 1702 αὑτόνς
3884 1639 3997 1691 Καὶ

2425 1716 2735 1786 ἔμπροσθεν
2762 1720 2814 1772 δὲ
2860 1722 2968 1773 τῶν
2998 1724 3286 1793 προϐάτιον
3312 1727 3625 1797 πορεύεται,
3669 1728 3845 1780 καίτοι
3876 1730 4001 1780 τοῦ-

2425 1811 2633 1861 ναντίον
2660 1813 2749 1862 ἐπὶ
2774 1814 2882 1864 τῶν
2910 1816 3238 1882 σωματικῶν
3288 1819 3564 1886 ποιμένων
3608 1819 3815 1886 γίνεται
3838 1834 3851 1848 ’
3878 1819 3999 1871 ὅττι-

740 1896 999 1962 quosdam
1031 1896 1273 1950 sulfurati
1304 1906 1462 1961 sunt;
1496 1908 1547 1951 et
1576 1897 1629 1952 hi
1688 1911 1805 1967 post
1844 1914 2068 1955 mortem
2105 1904 2316 1958 illorum
2350 1883 2391 1938 Β

2315 1949 2316 1952 η
2350 1883 2391 1938 Β
2422 1900 2544 1952 σθεν
2572 1902 2679 1973 γὰρ
2713 1904 3055 1973 πορεύονται.
3120 1908 3259 1960 Ἀλλ’
3310 1909 3545 1963 ἐνταῦθα
3589 1911 3882 1976 δείκνυσιν,
3915 1913 3996 1965 ὅτι

743 1986 1126 2040 discesserunt.
1154 1986 1431 2041 Christum
1463 1999 1638 2042 autem
1666 1992 1931 2043 viventem
1958 2002 2011 2046 et
2049 2003 2314 2046 mortutun

743 2078 975 2129 maxime
1008 2088 1150 2130 totus
1188 2080 1416 2131 mundus
1446 2090 1528 2132 est
1567 2088 1811 2133 secutus.
1840 2079 2000 2136 Notat
2042 2096 2219 2138 autem
2265 2096 2317 2141 et

743 2168 1161 2224 Antichristum.
1200 2168 1298 2223 llic
1333 2172 1475 2223 enim
1505 2187 1625 2225 cum
1656 2174 1925 2229 seduxerit
1972 2176 2037 2231 ad
2093 2192 2314 2245 parvum

746 2270 974 2327 tempus,
1011 2276 1113 2313 non
1151 2263 1369 2315 habebit
1401 2278 1493 2316 eos
1534 2265 1621 2333 qui
1646 2278 1963 2334 sequantur,
1992 2282 2110 2336 post
2162 2285 2316 2324 suam

744 2352 1125 2418 perditionem.
1172 2350 1303 2405 Nam
1364 2354 1503 2408 istud
1542 2373 1560 2405 ‹
1618 2372 1719 2409 ιιοη
1783 2369 2098 2425 sequentur,
2143 2379 2161 2410 ι
2221 2364 2320 2414 hoc

745 2443 1073 2507 manifestat,
1135 2446 1260 2513 quia
1341 2455 1461 2512 post
1512 2458 1735 2501 mortem
1785 2452 2154 2504 seduccntium
2212 2469 2316 2507 non

744 2535 848 2586 erit
882 2535 970 2602 qui
1009 2540 1248 2589 attendat
1285 2536 1365 2588 vel
1416 2550 1690 2607 sequatur.
1715 2540 1887 2594 lanna
1915 2545 2129 2609 quidem
2166 2544 2311 2598 Scri-

753 2636 907 2692 plura
933 2627 1248 2681 est.Educit
1303 2641 1480 2682 autem
1513 2634 1576 2683 ad
1628 2648 1821 2700 pascua
1880 2635 2136 2689 Dominus
2181 2655 2310 2692 oves

747 2731 842 2782 per
873 2715 1096 2780 jauuam
1125 2716 1282 2771 hanc.
1338 2720 1473 2782 Quid
1522 2732 1699 2774 autem
1756 2725 2007 2790 pabulum
2031 2726 2062 2791 ἶ),
2094 2725 2180 2778 \'cl
2233 2728 2316 2779 fu-

748 2817 881 2858 tura:
927 2806 1151 2869 delicize,
1186 2807 1266 2860 vel
1319 2812 1533 2877 requies
1579 2811 1628 2864 in
1677 2828 1835 2881 quam
1887 2831 1984 2868 nos
2034 2817 2319 2874 introducit

746 2898 1027 2950 Dominus.
1071 2897 1327 2963 Quamvis
1357 2913 1531 2954 autem
1558 2913 1610 2955 et
1640 2904 1744 2957 alio
1776 2905 1892 2960 loco
1938 2909 2170 2977 seipsum
2230 2928 2317 2965 os-

748 2987 876 3038 tium
909 2988 1170 3048 uomiuat,
1202 3003 1308 3040 nou
1335 3001 1414 3042 est
1446 2994 1771 3047 mirandum.
1798 2996 1931 3049 Cum
1961 3002 2103 3052 enim
2132 3016 2316 3056 curant

746 3091 896 3127 suam
938 3079 1049 3128 vult
1085 3081 1451 3133 demonstrare
1478 3096 1605 3150 erga
1639 3099 1756 3148 nos,
1789 3096 2059 3154 pastorem
2109 3107 2167 3144 se
2215 3110 2313 3145 no-

2420 1999 2625 2061 πάντας
2645 2001 2898 2070 ὁδηγήσει
2912 2002 3048 2072 πρὸς
3061 2004 3160 2073 τὴν
3179 2004 3457 2076 ἀλήθειαν,
3476 2008 3596 2059 ἐπεὶ
3616 2010 3711 2059 καὶ
3735 2008 3862 2069 τοὺς
3888 2025 3997 2075 μα-

2422 2090 2591 2160 θητὰς
2634 2092 2708 2154 ὼς
2746 2093 2996 2164 πρόϐατα
3031 2096 3088 2147 ὲν
3122 2096 3271 2165 μέσῳ
3319 2096 3497 2151 λύκων
3537 2099 3743 2167 πέμπει
3770 2114 3783 2129 ⁸
3816 2098 3993 2162 οὕτως

2419 2183 2525 2251 ἄρα
2576 2187 2865 2255 καινοτέρα
2894 2190 2926 2257 ἡ
2952 2187 3045 2240 τοῦ
3075 2188 3315 2260 Χριστοῦ
3347 2194 3704 2264 ποιμαντική.
3742 2212 3758 2244 ι
3813 2192 3999 2245 Ἀλλο-

2420 2276 2557 2344 τρίῳ
2582 2276 2636 2329 δὲ
2666 2278 2725 2330 οὐ
2772 2279 2847 2349 μὴ
2895 2280 3357 2353 ἀκολουθήσωσιν,
3393 2286 3453 2336 οὐ
3491 2284 3599 2355 γὰρ
3653 2286 3828 2339 οἴδασι
3884 2285 3998 2337 τῶν

2420 2368 2720 2439 ἀλλοτρίων
2758 2371 2857 2441 τὴν
2887 2374 3092 2443 φωνήν.
3137 2392 3155 2425 ι
3200 2376 3494 2429 Κάνταῦθα
3524 2376 3579 2429 δὲ
3615 2377 3831 2440 πάντως
3870 2379 3997 2441 τοὺς

2420 2459 2548 2525 περὶ
2572 2459 2778 2513 Θευδᾶν
2810 2462 2903 2512 καὶ
2945 2461 3143 2515 Ἰούδαν
3172 2464 3487 2531 αἰνίττεται,
3527 2460 3610 2527 οἷς
3637 2467 3735 2518 οὐκ
3765 2466 3996 2535 ἠκολού-

2420 2547 2484 2616 θη
2493 2565 2589 2600 σαν
2619 2550 2687 2602 τά
2716 2551 2981 2621 πρόϐατα.
3024 2554 3225 2622 Ὀλίγοι
3251 2556 3360 2624 γάρ
3390 2573 3533 2618 τινες
3565 2557 3996 2621 ὑποκλαπέντες,

2421 2640 2515 2690 καὶ
2541 2633 2686 2692 οὗτοι
2728 2643 2863 2709 μετά
2908 2643 3138 2697 θάνατον
3167 2647 3347 2699 αὐτῶν
3384 2648 3704 2715 ἀπέστησαν
3726 2664 3737 2676 ·
3772 2650 3998 2719 Χριστῷ

2422 2729 2500 2793 δὲ,
2535 2732 2625 2780 καὶ
2659 2731 2821 2793 ζῶντι
2875 2735 2970 2786 καὶ
2999 2736 3386 2806 τελευτήσαντι
3451 2740 3703 2807 μάλιστα,
3733 2741 3760 2792 ό
3792 2744 3999 2807 κόσμος

2419 2818 2537 2879 ὅλος
2592 2820 2767 2873 ὀπίσω
2822 2823 3063 2893 ἀπῆλθεν
3113 2827 3302 2879 αὐτοῦ.
3352 2828 3658 2882 Αῐνιττεται
3687 2830 3745 2883 δὲ
3778 2832 3872 2883 καὶ
3905 2832 3999 2883 τὸν

2433 2912 2830 2982 ’Δντίχριστονο
2866 2919 2957 2969 καὶ
3000 2918 3158 2981 αὐτὸς
3188 2922 3295 2989 γάρ
3327 2920 3463 2991 πρὸς
3489 2922 3668 2989 ὀλίγον
3694 2924 3996 2993 πλανήσας,

2420 3003 2519 3071 οὐχ
2555 3004 2668 3066 ’ἐξει
2699 3006 2824 3068 τοὺς
2849 3008 3322 3080 ἀκολουθήσαντας
3356 3012 3494 3079 μετά
3526 3011 3626 3081 τὴν
3650 3014 3815 3065 αὑτοῦ
3845 3015 4001 3066 ἀπώ-

2420 3092 2589 3146 λειαν.
2622 3094 2695 3145 Τὸ
2711 3096 2820 3164 γάρ
2857 3114 2876 3148 ι
2920 3098 2996 3150 Οὐ
3026 3098 3101 3168 μὴ
3129 3099 3554 3169 ακολουθήσωσι,
3590 3120 3610 3152 ι
3642 3102 3799 3155 τοῦτο
3825 3104 3996 3171 δηλοῖ,

747 3168 913 3219 minat
942 3182 957 3219 :
983 3171 1198 3235 quando
1230 3180 1407 3223 autem
1437 3176 1724 3229 ostendere
1778 3179 1888 3231 vult
1917 3183 2057 3248 quod
2102 3184 2213 3251 ipse
2250 3185 2319 3237 sit
2349 3214 2390 3270 ρ
2425 3210 2428 3228 ι

2316 3224 2319 3235 .
2349 3214 2390 3270 C
2425 3187 2508 3239 ὃτι
2556 3188 2695 3255 μετά
2739 3188 2837 3258 τὴν
2874 3191 3128 3262 τελευτὴν
3177 3191 3287 3243 τῶν
3325 3193 3671 3257 πλανώντων,
3710 3195 3808 3248 οὐκ
3844 3197 3997 3248 ἔσται

748 3257 835 3309 ille
854 3259 944 3326 qui
982 3262 1143 3312 ducat
1167 3259 1499 3322 adPatrem,
1532 3265 1884 3331 tuucjanuant
1905 3284 1965 3322 se
1993 3272 2120 3324 dicit
2148 3291 2159 3325 :
2192 3275 2315 3343 quia

749 3347 863 3415 ipse
892 3351 1043 3415 juxta
1072 3352 1235 3406 alium
1269 3362 1323 3406 et
1351 3354 1513 3407 aliunt
1544 3371 1758 3410 sensum
1787 3359 1902 3412 ovis
1927 3370 2007 3415 est
2029 3373 2079 3414 et
2113 3377 2316 3431 pastor.

749 3437 970 3506 lttsttpcr
1007 3447 1047 3494 si
1097 3443 1309 3511 quidem
1361 3460 1638 3502 sermones
1668 3448 1966 3505 divinarum
2015 3452 2323 3522 Scriptura-

748 3543 865 3580 I'ttttt
899 3541 1022 3584 sinit
1055 3534 1275 3595 ostium,
1305 3544 1357 3585 ct
1384 3536 1636 3590 Duniinus
1678 3540 1788 3606 ipse
1815 3556 1935 3596 esse
1964 3544 2159 3599 dicitur
2190 3546 2319 3602 Ver—

750 3628 895 3679 bum,
937 3626 1127 3676 merito
1163 3636 1379 3677 vocatur
1397 3634 1450 3678 et
1474 3628 1692 3682 ostium.

2424 3295 2509 3341 τις
2543 3281 2727 3344 αὐτοῖς
2760 3282 3066 3352 προσέχων,
3096 3283 3127 3353 ἢ
3160 3283 3487 3340 ἀκολουθῶν.
3519 3285 3669 3355 Θύρα
3704 3287 3802 3355 μὲν
3826 3285 3918 3339 οὖν
3943 3290 3998 3340 αἱ

2433 3370 2667 3438 Γραφαὶ,
2724 3372 2908 3439 ἐξάγει
2936 3372 2992 3425 δὲ
3020 3374 3115 3425 ἐπὶ
3166 3375 3336 3445 νομὴν
3367 3376 3434 3428 τὰ
3464 3376 3712 3444 πρόϐατα
3742 3380 3768 3429 ό
3792 3379 3997 3446 Κύριος

2428 3458 2517 3511 δια
2547 3464 2645 3529 τῆς
2678 3460 2847 3531 θύρας
2875 3463 3101 3533 ταύτης.
3138 3464 3231 3527 Τίς
3259 3465 3313 3518 δὲ
3342 3467 3376 3536 ὴ
3405 3467 3542 3537 νομή
3571 3483 3585 3531 ;
3630 3467 3696 3520 'H
3731 3468 3998 3537 μέλλουσα

2426 3555 2603 3626 τρυφὴ
2635 3558 2729 3609 καὶ
2758 3558 3080 3622 ἀνάπαυσις,
3111 3561 3190 3622 εἰς
3224 3562 3289 3627 ἣν
3318 3561 3465 3628 ἡμᾶς
3488 3562 3691 3627 εἰσάγει
3719 3565 3745 3614 ὁ
3773 3564 3995 3632 Κύριος.

2428 3644 2490 3695 Εἰ
2522 3647 2578 3697 δὲ
2605 3646 2840 3716 ἀλλαχοῦ
2884 3649 2979 3701 καὶ
3024 3650 3196 3719 θύραν
3228 3650 3419 3703 ἑαυτὸν
3463 3652 3740 3719 ὀνομάζει,
3790 3655 3849 3705 εὖ
3885 3654 3991 3723 χρὴ

750 3712 1068 3779 θαυμάζειν-
1114 3715 1277 3767 Ὅταν
1313 3715 1411 3783 μὲν
1439 3719 1546 3787 γὰρ
1578 3720 1675 3789 τὴν
1714 3722 2039 3793 κηδεμονίαν
2102 3728 2340 3800 ἐμςεῆναι
2381 3735 2639 3808 βούληται
2700 3742 2798 3811 τὴν
2832 3743 2961 3812 περὶ
3006 3743 3173 3812 ἡμᾶς,
3222 3744 3456 3813 ποιμένα
3481 3744 3673 3797 ἑαυτὸν
3700 3746 3993 3814 ὀνομάζει·

748 3805 874 3855 ὅταν
902 3805 955 3856 δὲ
983 3805 1110 3877 θέλῃ
1136 3807 1325 3873 δεῖξαι.
1354 3810 1435 3861 ὅτι
1466 3811 1627 3877 αὑτός
1677 3816 1824 3867 ἐστιν
1854 3820 1881 3868 ὁ
1912 3820 2203 3889 προσάγων
2233 3825 2309 3894 τῷ
2345 3830 2541 3899 Ila-cpi,
2580 3834 2702 3886 τότε
2755 3835 2923 3904 θύραν
2956 3837 3145 3889 ἑαυτὸν
3188 3837 3369 3905 λέγει’
3401 3838 3741 3900 ὲπεὶόαὺτὸς
3760 3841 3856 3891 καὶ
3876 3857 3997 3893 κατ.

748 3898 914 3966 ἄλλην
950 3902 1043 3951 καὶ
1073 3900 1237 3971 ἀλλην
1267 3903 1475 3959 ἔννοιαν
1508 3910 1599 3959 καὶ
1631 3909 1900 3977 πρόϐατόν
1929 3914 2043 3966 ἐστι
2072 3918 2164 3969 καὶ
2194 3922 2415 3990 ποιμήν.
2472 3898 2702 3980 Ἔπειτα
2755 3898 2873 3980 εἰπε

2880 3947 2911 3998 ρ
2981 3932 3088 3982 εἰσὶ
3135 3932 3276 4003 θύρα
3337 3936 3387 3986 οἱ
3466 3936 3619 4001 λόγοι
3667 3934 3776 3987 τῶν
3832 3932 3995 3987 θείων

752 3994 1003 4061 Γραιρὼν,
1035 3996 1127 4046 καὶ
1153 3995 1312 4057 αὐτὸς
1339 3997 1395 4048 δὲ
1425 4001 1451 4049 ὁ
1483 3999 1683 4067 Κύριος
1709 4002 1882 4069 Λόγος
1916 4005 2053 4071 ἐστὶ,
2084 4009 2180 4062 καὶ
2209 4012 2472 4081 καλεῖται,
2504 4018 2731 4082 εἰκότως
2759 4018 2825 4072 ἂν
2860 3994 3089 4090 κληθείη
3135 3994 3292 4093 θύρα.
3346 4014 3355 4058 ἶ

826 4087 986 4139 Vens.
1060 4085 1175 4140 6-8.
1217 4107 1235 4139 ι
1290 4090 1436 4144 lianc
1471 4095 1784 4159 parwmiam
1817 4096 1954 4151 dixit
2010 4100 2091 4155 eis
2142 4102 2320 4160 Jesus.

760 4178 839 4231 Illi
885 4188 1060 4230 autem
1119 4194 1222 4232 non
1248 4194 1610 4249 cognoverunt
1637 4200 1755 4253 quae
1783 4200 1968 4241 essent
1988 4205 2106 4259 qua:
2130 4192 2319 4263 loque-

754 4278 899 4321 retur
927 4269 1025 4322 eis.
1059 4266 1202 4321 Dixit
1222 4269 1382 4338 igitur
1405 4273 1595 4326 iterum
1617 4277 1695 4329 eis
1715 4273 1872 4332 Iesus
1899 4296 1911 4332 :
1939 4281 2131 4348 Amen,
2160 4299 2316 4339 amen

751 4361 875 4415 dico
914 4360 1088 4424 vobis,
1137 4360 1249 4430 Ego
1289 4376 1404 4417 sunt
1446 4367 1643 4418 ostium
1672 4367 1876 4422 ovium.
1917 4369 2118 4429 Omnes
2162 4385 2321 4444 quot-

752 4462 1011 4519 quotante
1029 4467 1111 4505 me
1128 4463 1401 4518 venerunt,
1428 4456 1570 4510 fures
1592 4466 1719 4512 sunt
1736 4469 1785 4513 et
1803 4459 2040 4518 latrones
2064 4482 2076 4517 :
2104 4467 2197 4520 sed
2217 4485 2323 4524 non

752 4543 1034 4594 audierunt
1061 4556 1153 4595 eos
1177 4558 1321 4597 oves.
1353 4563 1371 4594 ι
1392 4574 1463 4583 -
1500 4564 1516 4596 ι
1545 4547 1708 4608 Hauc.
1741 4549 1930 4617 inquit,
1952 4556 2318 4623 parmmiam,»
2356 4546 2403 4605 Ι)

754 4634 855 4687 hoc
884 4643 967 4686 est
1015 4635 1343 4702 parabolam,
1372 4653 1390 4685 ‹
1416 4637 1643 4691 dixiteis
1664 4638 1839 4705 Jesus,
1877 4658 1897 4692 ι
1955 4645 2186 4700 obscure
2245 4650 2324 4703 eis

755 4723 997 4790 loquens,
1026 4732 1083 4776 ut
1103 4725 1417 4779 attentiores
1445 4728 1561 4782 illos
1585 4713 1806 4784 faceret.
1839 4731 2127 4803 Postquam
2163 4738 2325 4807 igitur

754 4817 855 4868 hoc
886 4816 1083 4879 docuit,
1134 4815 1292 4870 solvit
1326 4810 1470 4872 nunc
1490 4820 1897 4888 obscuritatem,
1944 4826 2025 4880 sic
2088 4828 2275 4883 dicens
2306 4849 2321 4885 :

758 4925 779 4958 ι
812 4906 918 4977 Ego
950 4923 1067 4961 sum
1092 4909 1307 4966 ostium.
1339 4928 1357 4960 ι
1387 4911 1540 4977 Quod
1573 4924 1749 4967 autem
1774 4916 1925 4980 dicit,
1958 4935 1978 4968 ι
2004 4918 2200 4974 Omnes
2228 4924 2323 4991 qui

756 5008 1037 5062 venerunt,
1080 5015 1099 5049 ι
1143 5015 1245 5053 ttou
1282 4999 1349 5054 de
1383 5005 1655 5070 prophetis
1684 5006 1832 5070 dicit,
1882 5008 2018 5062 sicut
2050 5010 2323 5069 Maniclimi

755 5085 1003 5138 delirant.
1051 5085 1183 5141 Nam
1232 5089 1305 5142 illi
1353 5092 1590 5147 volentes
1626 5098 1913 5151 ostendere
1939 5098 2101 5153 Vetus
2132 5099 2323 5157 Testa-

754 5184 990 5231 mentum
1033 5193 1136 5231 non
1177 5195 1298 5236 esse
1329 5196 1359 5235 a
1411 5183 1539 5249 Deo,
1600 5194 1652 5239 et
1696 5188 1982 5255 prophetas
2040 5207 2144 5248 non
2205 5210 2323 5252 esse

754 5268 947 5322 missos
974 5284 1003 5321 a
1044 5268 1172 5336 Deo,
1205 5282 1431 5326 utuntur
1462 5275 1562 5329 hoc
1585 5276 1762 5331 dicto:
1788 5297 1804 5329 ι
1840 5278 2037 5337 Omnes
2055 5284 2145 5350 qui
2166 5300 2323 5340 vene-

755 5368 877 5411 runt
900 5371 1025 5413 ante
1056 5376 1158 5423 me,
1190 5361 1333 5415 fures
1358 5375 1475 5417 sunt
1502 5377 1554 5419 et
1576 5367 1837 5423 latrones.
1878 5389 1896 5421 ι
1924 5371 2038 5425 Non
2076 5375 2235 5444 igitur
2258 5378 2323 5432 de

756 5452 1030 5517 praplietis
1057 5452 1156 5506 hoc
1180 5453 1331 5519 dicit,
1366 5458 1457 5508 sed
1494 5460 1558 5510 de
1583 5456 1802 5512 Theuda
1842 5472 1894 5514 et
1924 5462 2057 5516 .luda
2105 5476 2159 5518 et
2202 5468 2320 5522 aliis

754 5542 1046 5594 seditiosis.
1080 5543 1230 5607 Quod
1276 5555 1452 5599 autem
1509 5550 1575 5602 de
1607 5551 1689 5602 his
1730 5552 1891 5615 dicat,
1954 5555 2319 5613 tuanilestum.

764 5651 781 5683 ι
810 5633 923 5688 Non
946 5636 1264 5691 audiverunt
1286 5642 1452 5703 enim,
1487 5642 1676 5710 inquit,
1707 5644 1824 5699 illos
1840 5660 1986 5701 oves.
2031 5666 2049 5698 ι
2089 5647 2324 5706 Seditio-

756 5739 848 5778 sos
877 5730 1019 5780 enim
1051 5730 1171 5783 illos
1197 5746 1297 5784 non
1325 5733 1606 5788 audierunt
1629 5752 1776 5800 oves,
1824 5738 2108 5808 prophetas
2143 5756 2321 5797 autem

757 5818 1099 5889 audiverunt,
1128 5831 1181 5877 et
1216 5837 1310 5891 per
1338 5824 1478 5891 illos,
1509 5829 1598 5896 qui
1630 5829 1901 5884 Clit-istum
1937 5832 2167 5888 confessi
2200 5846 2324 5889 sunt

2504 4131 2521 4163 ι
2560 4113 2775 4183 Ταύτην
2806 4115 2903 4184 τὴν
2934 4119 3234 4187 παροιμίαν
3271 4116 3425 4174 εἶπεν
3476 4123 3659 4183 αὐτοῖς
3683 4124 3709 4174 ό
3752 4123 3956 4189 Ἰησοῦς
3979 4141 3991 4154 ο

2426 4203 2624 4256 ἐκεῖνοι
2669 4204 2725 4257 δὲ
2770 4205 2871 4257 οὐκ
2913 4207 3179 4275 ἔγνωσαν,
3232 4210 3351 4264 τίνα
3401 4208 3528 4280 ἧνά
3558 4214 3735 4265 ἐλάλει
3786 4217 3991 4276 αὲτοῖς.

2424 4290 2590 4347 Εἶπεν
2618 4290 2709 4347 οῦν
2734 4296 2891 4349 πάλιν
2916 4299 3097 4360 αὐτοῖς
3125 4301 3153 4351 ὁ
3184 4300 3389 4368 Ἰησοῦς
3413 4318 3427 4331 ⁸
3464 4302 3656 4371 Ἀμὴν,
3682 4304 3827 4372 ἀμὴν
3852 4304 3994 4370 λέγω

2426 4383 2576 4450 ὑμῖν,
2616 4385 2697 4436 ὃτι
2748 4386 2859 4451 ἐγώ
2893 4387 3010 4456 ειμι
3036 4390 3069 4457 ἡ
3111 4385 3249 4459 θύρα
3276 4391 3383 4441 τῶν
3415 4392 3723 4460 προϐάτων.
3764 4394 3991 4455 Πάντες,

2427 4474 2540 4527 ὅσοι
2560 4471 2742 4545 ἦλθον,
2780 4478 3011 4530 κλέπται
3038 4482 3145 4532 εἰσὶ
3172 4481 3268 4533 καὶ
3297 4475 3510 4551 λῃσταὶ,
3554 4484 3673 4537 ἀλλ’
3697 4486 3795 4537 οὐκ
3828 4487 3996 4553 ἥκου-

2432 4587 2530 4622 σαν
2564 4572 2743 4623 αὺτῶν
2775 4573 2843 4625 τὰ
2873 4573 3139 4643 πρόϐατα.
3184 4593 3203 4625 ι
3237 4605 3307 4616 -
3348 4594 3365 4625 ι
3406 4577 3642 4644 Ταύτην,
3696 4577 3849 4647 φησὶ,
3896 4578 3997 4648 τὴν

2430 4659 2750 4728 παροιμίαν,
2793 4678 2811 4711 ι
2846 4662 2968 4731 ἦτοι
3008 4663 3107 4733 τὴν
3144 4663 3479 4735 παραϐολὴν,
3508 4683 3527 4714 ι
3564 4661 3716 4717 εἶπεν
3755 4669 3938 4731 αὐτοῖς
3967 4673 3995 4722 ὁ

2440 4750 2668 4819 Ἰησοῦς,
2718 4753 2943 4820 ἀσαφῶς
2962 4754 3145 4817 αὐτοῖς
3169 4754 3559 4824 φθεγγόμενος,
3589 4756 3674 4807 ἵνα
3705 4772 3996 4825 προσεκτι-

2428 4839 2698 4908 κωτέρους
2721 4841 2946 4911 ποιήσῃ.
2991 4843 3139 4894 Ἐπεὶ
3165 4838 3258 4895 οὖν
3281 4843 3438 4896 τοῦτο
3463 4845 3851 4905 κατεσκεύασε,
3879 4846 3995 4898 λύει

2428 4928 2611 4981 λοιπὸν
2651 4930 2751 4999 τὴν
2794 4930 3083 4997 ἀσάφειαν,
3122 4930 3269 4983 οὕτω
3314 4930 3520 4999 λέγων’
3558 4951 3577 4983 ι
3632 4932 3768 5000 Ἐγώ
3804 4936 3915 5002 εἰμι
3959 4935 3993 5003 ἡ

2428 5020 2583 5090 θύρα.
2621 5039 2639 5073 ι
2673 5022 2745 5074 Τὸ
2772 5022 2851 5086 δὲ,
2881 5042 2899 5073 ι
2940 5023 3168 5086 Πάντες,
3205 5023 3319 5075 ὅσοι
3359 5019 3545 5092 ἦλθον,
3587 5042 3606 5076 ι
3634 5026 3693 5076 οὐ
3730 5027 3856 5093 περὶ
3888 5026 3995 5077 τῶν

2425 5128 2720 5182 προφητων
2742 5113 2908 5180 λέγει,
2933 5114 3006 5177 ὡς
3028 5116 3075 5166 οἱ
3096 5116 3387 5183 Μανιχαίοι
3411 5115 3794 5185 παρανοοῦσιν.
3830 5117 3997 5168 Ἐκεῖ-

2425 5221 2504 5257 νοι
2556 5206 2663 5275 γὰρ
2708 5207 2876 5271 δεῖξαι
2928 5206 3236 5276 βουλόμενοι
3276 5207 3377 5276 τὴν
3430 5208 3671 5260 Ιιαλαιάν
3718 5207 3995 5278 Διαθήκην

2424 5296 2710 5365 ἀλλοτρίαν
2745 5293 2909 5349 οὖσαν
2952 5298 3045 5349 τοῦ
3080 5296 3237 5363 Θεοῦ,
3291 5298 3381 5351 καὶ
3420 5299 3545 5359 τοὺς
3597 5301 3879 5368 προςήτας
3917 5300 3994 5368 μὴ

2426 5388 2491 5439 ἐκ
2520 5388 2653 5439 Θεοῦ
2684 5389 3039 5454 ἀπεστάλθαι,
3072 5389 3310 5459 χρῶνται
3344 5390 3422 5458 τῷ
3450 5389 3599 5461 ῥητῷ
3623 5390 3814 5458 τούτῳ.
3859 5391 3992 5444 Ἰδοὺ

2427 5480 2559 5545 γὰρ,
2591 5482 2774 5546 φησὶν,
2808 5483 2834 5531 ὁ
2862 5481 3060 5549 Κύριος
3099 5477 3273 5555 εἶπεν,
3322 5483 3402 5535 ὅτι
3440 5501 3457 5529 t
3494 5482 3717 5543 Πάντες,
3758 5484 3870 5534 ὅσοι
3893 5478 3993 5551 ᾗ).-

2426 5569 2535 5634 θον,
2555 5570 2780 5621 κλέπται
2810 5571 2917 5622 εἰσὶ
2948 5573 3041 5624 καὶ⁵
3058 5571 3268 5642 λῃσταί.
3304 5592 3320 5624 ι
3345 5572 3551 5624 Οὔκουν
3582 5574 3706 5642 περὶ
3732 5574 3836 5625 τῶν
3860 5592 3995 5643 πρα-

2428 5659 2613 5727 φητῶν
2644 5660 2801 5713 τοῦτό
2830 5679 2981 5729 φησι,
3014 5661 3148 5714 ἀλλά
3182 5666 3307 5731 περὶ
3339 5664 3511 5715 Θευδᾶ
3551 5666 3641 5715 καὶ
3686 5664 3869 5726 Ἰούδα,
3896 5668 3993 5719 καὶ

2425 5746 2534 5798 τῶν
2569 5747 2740 5801 ἄλλων
2774 5752 3133 5804 στασιαστῶν.
3174 5752 3295 5803 Ὅτι
3332 5753 3386 5804 δὲ
3416 5756 3542 5820 περὶ
3580 5752 3782 5805 τούτων
3817 5753 3989 5821 λέγει,

2424 5839 2611 5909 δῆλον
2651 5860 2667 5891 ι
2707 5841 2819 5896 Οὐκ
2864 5844 3103 5912 ἤκουσαν
3149 5844 3276 5914 γὰρ,
3321 5847 3505 5914 φησί-ι,
3548 5845 3725 5897 om?“
3756 5848 3821 5898 ri
3854 5850 3988 5914 πρό-
