4256 6446
766 377 854 440 131

761 591 889 641 dum
929 588 1326 642 illustrationis.
1363 586 1567 653 thuis
1601 584 1732 637 ille?
1762 583 1827 636 Ut
1863 585 2112 652 ejiciatur
2135 583 2351 650 quidem

762 683 910 735 foras
943 683 1126 735 mnudi
1166 682 1447 746 Dominus,
1477 693 1531 735 et
1566 679 2144 745 vincatur;judicetnr
2172 687 2352 728 autem

763 776 1019 834 mundus.
1054 772 1155 826 hoc
1187 783 1271 826 est
1309 775 1374 826 de
1431 788 1497 825 eo
1533 773 1664 825 ultio
1693 785 1955 821 «urimur.
1991 766 2146 832 Quod
2171 776 2350 820 autem

760 867 908 922 ιΙιι-ιι,
942 867 1082 917 hunc
1117 879 1332 917 sensui:
1373 865 1568 918 habet:
1608 861 1777 932 678
1817 858 1971 912 Nunc
1995 855 2261 925 judicium
2297 864 2354 910 et

765 960 897 1010 ttllit‘l
929 959 1112 1011 nmmli
1151 959 1227 1010 lit.
1260 958 1396 1024 Quia
1434 957 1580 1009 enim
1622 954 1871 1008 diabolus
1905 950 2166 1004 mundum
2191 948 2349 1002 morti

762 1052 1016 1119 Subjecit,
1075 1061 1316 1120 peccato
1350 1049 1605 1103 omnibus
1649 1045 1960 1100 hominibus
1991 1041 2241 1096 obnoxiis
2270 1031 2354 1124 ia-_-

763 1144 866 1194 etis
905 1159 918 1194 :
957 1143 1022 1194 ad
1064 1158 1172 1204 inc,
1207 1141 1402 1210 inquit,
1438 1154 1558 1195 cum
1609 1139 1843 1202 venerit,
1879 1147 1933 1191 et
1980 1127 2262 1206 peccatum
2298 1133 2349 1187 iu

771 1252 855 1287 me
897 1251 1002 1288 non
1045 1233 1333 1298 invenerit,
1373 1233 1538 1287 morti
1571 1241 1752 1285 autem
1787 1246 1852 1284 ex
1893 1243 2051 1298 atquo
2081 1224 2352 1281 submise-

764 1334 855 1391 rit.
914 1328 1366 1383 t‘utnletnnabitur
1405 1342 1435 1380 a
1473 1341 1582 1389 me,
1633 1334 1688 1380 et
1725 1324 1805 1379 sic
1853 1337 1956 1392 ego
1991 1320 2251 1374 ultionem
2285 1318 2351 1373 de

767 1424 969 1476 mundo
1021 1439 1256 1477 sumam.
1309 1420 1439 1476 Esto
1466 1422 1610 1474 enim
1634 1417 1780 1488 quod
1809 1418 1932 1471 aliis
1965 1425 2196 1470 mortem
2228 1427 2354 1482 pro-

764 1528 885 1578 pter
934 1525 1214 1580 peceatum
1271 1511 1557 1565 attulerit:
1599 1511 1650 1563 in
1712 1523 1800 1563 me
1860 1507 1992 1578 quid
2051 1505 2159 1559 tale
2205 1504 2352 1557 videt

765 1608 990 1673 quodin
1027 1606 1268 1675 reliquis,
1307 1615 1364 1658 ut
1407 1602 1666 1658 occidat?
1700 1603 1872 1671 igitur
1926 1621 1944 1652 ι
1986 1597 2169 1653 tnundi
2208 1598 2353 1667 judi-

760 1715 926 1762 cmm,
970 1718 988 1751 ι
1035 1699 1135 1752 hoe
1175 1707 1257 1752 est
1288 1696 1443 1762 ultio,
1498 1711 1644 1750 nunc
1699 1710 1728 1748 a
1763 1709 1848 1748 me
1896 1695 1998 1747 lit:
2046 1692 2173 1762 quia
2205 1691 2349 1746 enim

770 1807 872 1860 ego
901 1791 1150 1844 occidam
1177 1805 1299 1844 cum
1333 1791 1421 1857 qui
1454 1804 1643 1843 omnes
1666 1787 1891 1851 occidit,
1920 1797 1974 1840 et
2004 1802 2090 1838 me
2132 1799 2349 1853 Quoque

1689 377 2269 441 TIIEOI‘HYLACTI
2303 377 2716 441 “ULGARIIE
2757 379 3116 442 ARCIIIEP.

764 497 949 556 l’ater,
985 511 1003 544 ι
1053 493 1364 559 Illustraho,
1406 510 1424 544 ι
1453 489 1694 544 ostendit
1740 492 1892 545 nobis
1940 493 2199 546 Dominus
2240 507 2354 542 mo-
2387 498 2426 550 Α

1406 510 1424 544 ι
1453 489 1694 544 ostendit
1740 492 1892 545 nobis
1940 493 2199 546 Dominus
2240 507 2354 542 ino-
2387 498 2426 550 Α
2459 491 2637 558 δίεπε.
2665 493 2759 553 Τίς
2796 493 2849 543 E';
2879 489 3061 553 ’.ἶῖτςς

3940 381 4040 444 132

3089 491 3161 542 Τὸ
3190 490 3522 556 ἐκϐληθῆναι
3560 493 3658 557 μὲν
3691 493 3794 556 ἔξω
3829 493 3917 544 τὸν
3949 511 4052 546 κο-

2461 583 2815 653 σμοκράτορα
2851 585 2944 636 καὶ
2987 583 3300 652 νικηθῆναι,
3336 583 3661 652 κριθῆναιδὲ
3689 587 3779 636 τὸν
3817 586 4045 650 κόσμον,

2469 679 2748 730 τουτέστιν
2778 678 3155 746 ἐκδικήῦῆναι.
3201 680 3263 730 '0
3295 679 3348 730 δὲ
3378 678 3546 744 λέγει,
3579 681 3818 732 τοιοῦτον
3850 682 4002 732 ἐστιν
4028 695 4043 708 ·

2461 768 2576 820 Νῦν
2602 769 2784 836 κρίσις
2804 771 2896 820 καὶ
2926 770 3204 835 ὲκόίκησις
3236 769 3330 820 τοῦ
3365 771 3571 837 κόσμον
3602 771 3793 822 τούτου
3812 772 4047 838 γίνεται.

2467 859 2619 912 Ἐπεὶ
2656 861 2767 930 γάρ
2816 860 2909 914 τὸν
2949 862 3155 931 κόσμον
3203 861 3233 913 ὀ
3281 861 3530 924 διάϐολος
3565 861 3643 930 τῷ
3701 864 3914 932 θανάτῳ
3945 864 4048 916 ὑπ-

2455 947 2647 1017 έθηκε,
2675 953 2741 1019 τῇ
2765 951 3011 1020 ἁμαρτία
3044 952 3252 1013 πάντας
3281 951 3603 1020 ἀνθρώπους
3638 953 3852 1021 ἐνόχους
3889 956 4047 1021 ποιή-

2455 1056 2578 1102 σας,
2609 1042 2689 1104 εἰς
2722 1042 2844 1112 ιμὲ,
2888 1043 3078 1111 φησὶν,
3129 1043 3318 1107 ἐλθὼν,
3356 1043 3452 1095 καὶ
3498 1045 3773 1112 ἁμαρτίαν
3825 1045 3927 1111 μὲν
3965 1046 4045 1114 μὴ

2453 1132 2633 1202 εὑρὼν
2683 1135 2742 1185 ἐν
2778 1134 2923 1204 ἐμοὶ,
2983 1134 3063 1203 τῷ
3119 1134 3340 1204 θανάτῳ
3386 1135 3441 1187 δὲ
3477 1136 3621 1204 κάμὲ
3683 1137 3881 1201 eam;
3931 1137 4046 1195 τοῖς

2453 1227 2635 1288 ἄλλοις
2683 1227 3010 1294 ὑπαγαγὼν,
3058 1229 3533 1299 κατακριθήσεται
3585 1229 3676 1281 ὑπ’
3729 1230 3889 1296 ἐμοῦ,
3948 1231 4046 1282 καὶ

2452 1319 2628 1382 οὕτως
2655 1321 2768 1388 ἐγὼ
2817 1323 3092 1393 ἐκδικήσω
3136 1324 3226 1374 τὸν
3274 1325 3499 1392 κόσμον.
3552 1325 3734 1376 ’Ἔστω
3763 1325 3894 1390 γάρ,
3930 1327 4044 1380 τοῖς

2453 1415 2632 1474 ἄλλοις
2663 1414 2755 1465 τὸν
2787 1413 3017 1467 θάνατον
3047 1416 3135 1468 διά
3172 1417 3271 1484 τὴν
3319 1418 3596 1485 ἁμαρτίαν
3627 1421 3956 1484 ἐπήνεγκεν,
3990 1420 4048 1467 ἐν

2454 1511 2580 1578 ἐμοὶ
2600 1509 2652 1562 τί
2683 1509 2924 1563 τοιοῦτον
2953 1506 3092 1562 εἶδεν
3119 1505 3231 1562 οἷον
3274 1513 3386 1574 τοῖς

2454 1600 2786 1672 θανατώσῃς
2815 1603 3010 1654 Τοίνυν
3043 1621 3060 1653 ι
3097 1602 3192 1654 τοῦ
3221 1604 3428 1673 κότμου
3452 1604 3656 1672 κρίσις.
3701 1623 3718 1654 ι
3756 1605 3876 1670 ἦτοι
3897 1603 4044 1654 ἐκδίο

2453 1709 2638 1762 κησις,
2671 1691 2767 1744 νῦν
2796 1694 2888 1744 ὑπ’
2915 1693 3049 1764 ἐμοῦ
3102 1695 3336 1760 γίνεται.
3388 1695 3492 1746 Τὸν
3543 1698 3652 1767 γάρ
3694 1695 3906 1755 πάντας
3944 1693 4046 1745 θα·

2453 1783 2800 1847 νατιίισαντα,
2832 1781 2952 1839 εἷτα
2987 1785 3080 1838 καὶ
3123 1788 3248 1856 ἐμοὶ
3287 1785 3364 1854 τῷ
3397 1787 3627 1856 ἀναιτίῳ
3659 1785 4044 1856 προσϐαλόντα

3433 1511 3659 1574 λοιποῖς,
3701 1511 3790 1562 ἵνα
3818 1512 3913 1563 καὶ
3945 1512 4048 1577 ἐμὲ

764 1887 1034 1936 insontem
1087 1883 1306 1946 invasit,
1348 1879 1491 1935 ultor
1519 1897 1614 1936 ero
1668 1881 1910 1936 omnium
1967 1879 2056 1947 qui
2107 1880 2178 1932 ab
2229 1864 2424 1947 ipsoB

2377 1864 2424 1923 B
2454 1879 2777 1942 θανατώσας
2823 1879 2954 1944 ἐγὼ,
2991 1879 3288 1948 ἑκδικητής
3318 1880 3513 1946 ἔσομαι
3555 1881 3776 1933 πάντων
3809 1879 3918 1932 τῶν
3953 1879 4045 1930 ὑπ’

763 1977 930 2030 occisi
963 1990 1114 2040 sunt,
1144 1987 1199 2030 et
1228 1974 1476 2041 ejicietur
1503 1972 1648 2028 foras
1681 1983 1963 2042 tyrannus,
1990 1985 2086 2038 per
2114 1980 2344 2024 mortem

765 2084 940 2122 meam
970 2069 1384 2122 condemnatus.
1417 2066 1550 2120 Nam
1588 2083 1606 2116 ι
1659 2064 1910 2134 ejicietur
1945 2061 2112 2127 foras,
2161 2078 2181 2113 ι
2235 2075 2349 2115 me-

767 2164 999 2230 taphora
1030 2173 1113 2218 est
1146 2170 1364 2231 sumpta
1400 2163 1467 2215 ab
1501 2161 1586 2215 bis
1612 2161 1702 2228 qui
1738 2160 1790 2213 in
1817 2159 2040 2228 judiciis
2073 2158 2346 2211 condetu-

764 2266 988 2318 nantur,
1012 2264 1067 2308 et
1106 2268 1134 2306 a
1161 2252 1422 2307 tribunali
1453 2253 1768 2322 exiguntur.
1810 2249 1904 2304 Vel
1932 2260 1988 2304 et
2021 2250 2103 2304 sic
2144 2248 2349 2303 intelli-

761 2363 880 2415 gas,
944 2362 962 2395 ι
1004 2344 1267 2415 Ejicietnr
1317 2345 1487 2410 foras,
1543 2363 1562 2398 ι
1617 2345 1719 2399 hoc
1778 2353 1862 2398 est
1909 2362 1929 2396 ι
1988 2343 2041 2397 ln
2094 2353 2347 2398 externas

767 2440 1055 2503 tenebras;
1088 2453 1109 2489 ι
1149 2440 1241 2491 sed
1282 2447 1336 2492 et
1367 2437 1677 2506 privabitur
1730 2436 2038 2507 principatu
2081 2451 2243 2504 quem
2292 2435 2344 2489 in

765 2530 1014 2583 homines
1057 2532 1309 2593 habebat,
1339 2541 1395 2586 et
1428 2545 1533 2584 non
1565 2529 1707 2584 ultra
1739 2530 1993 2599 regnabit
2022 2531 2166 2584 sicut
2194 2530 2346 2598 prius

764 2626 815 2677 in
856 2624 983 2688 illis,
1014 2636 1067 2678 et
1112 2625 1326 2678 illorum
1355 2627 1666 2688 animabus,
1715 2638 1782 2679 ac
1820 2624 2038 2678 mortali
2093 2638 2342 2691 corpore.

766 2737 783 2769 ι
832 2717 937 2772 Sed
984 2734 1174 2771 omnes
1233 2733 1335 2788 ego
1387 2720 1594 2771 traham
1644 2719 1710 2771 ad
1765 2732 1873 2782 me,
1920 2731 2043 2770 cum
2076 2715 2347 2770 exabatus

762 2813 917 2868 fuero
951 2814 1001 2867 in
1045 2828 1230 2868 cruce.
1277 2833 1294 2865 ι
1326 2811 1459 2866 Nam
1510 2827 1721 2873 omnes,
1753 2813 1918 2866 etiam
1948 2813 2038 2881 qui
2072 2826 2136 2865 ex
2165 2811 2342 2881 genti-

763 2908 883 2971 bus,
912 2907 976 2957 ad
1017 2905 1177 2959 ﬁdem
1226 2906 1279 2958 iu
1315 2920 1399 2960 me
1440 2906 1748 2960 trahentur.
1799 2904 2013 2959 Etenim
2065 2907 2189 2976 quia
2242 2906 2343 2974 ipsi

764 3013 867 3050 uno
901 3007 1132 3067 possunt
1167 3000 1232 3051 ad
1285 3014 1372 3052 me
1413 2998 1621 3064 venire,
1657 3013 1726 3053 eo
1757 3002 1900 3068 quod
1929 3015 1957 3052 a
2001 3009 2230 3071 tyranno
2256 3004 2345 3056 tle-

758 3081 893 3142 lenti
929 3100 1076 3151 sunt,
1106 3103 1226 3156 ego.
1259 3089 1406 3142 victo
1435 3089 1526 3142 illo
1559 3100 1614 3143 et
1645 3089 1792 3145 foras
1820 3091 2017 3160 ejecto.
2039 3101 2093 3146 et
2118 3092 2341 3148 resectis

762 3179 944 3230 nervis
974 3179 1229 3245 pctcntim
1261 3177 1377 3244 ejus
1409 3165 1600 3233 contra
1627 3181 1897 3248 homines,
1930 3183 2138 3236 traham
2172 3185 2336 3238 etiam

762 3273 979 3326 nolente
1011 3273 1122 3325 illo.
1161 3269 1214 3326 Id
1253 3271 1363 3325 alio
1397 3272 1515 3326 loco
1542 3273 1709 3327 etiam
1738 3274 1984 3342 rapinam
2021 3277 2345 3330 nominavit.

765 3385 782 3416 ι
820 3364 1009 3418 Nullus
1037 3367 1206 3429 enim,
1250 3366 1448 3434 inquit,
1481 3376 1662 3435 potest
1701 3381 1830 3422 vasa
1882 3366 2037 3422 fortis
2083 3368 2344 3438 diripere,

761 3459 862 3510 nisi
909 3457 1090 3526 alliget
1126 3454 1321 3509 fortem
1372 3456 1434 3510 “.
1473 3474 1492 3507 ι
1523 3485 1596 3496 -
1620 3474 1639 3508 ι
1671 3455 1897 3512 Dicebat
1934 3467 2140 3523 autem,
2178 3459 2240 3513 Et
2297 3461 2342 3516 si

758 3548 1027 3601 emltatns
1073 3547 1246 3607 ιιι-το,
1292 3547 1609 3616 signiﬁcans
1638 3563 1744 3616 qua
1781 3559 1959 3604 morte
1993 3562 2142 3605 esset
2173 3553 2345 3604 mori-

761 3649 935 3702 turus,
979 3659 997 3689 ο
1043 3643 1140 3692 hoc
1164 3652 1247 3693 est
1279 3641 1704 3709 cruciligendus.
1765 3638 1901 3696 Nam
1928 3641 2031 3696 hoc
2062 3641 2336 3713 signiﬁcat

761 3732 992 3783 altitudo
1025 3736 1226 3784 erucis.

2454 1969 2621 2023 αὐτοῦ
2655 1969 3101 2026 θανατωθέντων.
3149 1972 3244 2024 καὶ
3283 1989 3302 2020 ι
3355 1971 3754 2039 ἐκϐληθήσεται
3800 1971 3907 2035 ἔξω
3961 1988 3980 2020 ι
4019 1972 4047 2022 ὁ

2451 2063 2740 2132 τύραννος,
2797 2063 2886 2116 διά
2937 2063 3029 2116 τοῦ
3085 2064 3320 2117 θανάτου
3352 2064 3446 2116 τοῦ
3480 2063 3614 2134 ἐμοῦ
3659 2063 4040 2131 κατακριθείς.

2453 2157 2528 2211 Τὸ
2567 2157 2699 2228 γὰρ,
2755 2177 2773 2208 ι
2831 2157 3266 2226 Ἐκϋληθήσεται
3316 2157 3442 2221 ἔξω,
3510 2175 3527 2209 ι
3572 2158 3681 2210 ἀπὸ
3725 2162 4040 2228 μεταφορᾶς

2450 2249 2562 2303 τῶν
2591 2253 2649 2304 ὲν
2702 2251 2816 2314 τοῖς
2851 2250 3228 2321 δικαστηρίοις
3256 2251 3764 2320 κατακρινομένων,
3815 2253 3912 2304 καὶ
3946 2252 4041 2303 τοῦ

2449 2343 2810 2414 δικαστηρίου
2849 2343 3270 2413 ἐξωθονμένων,
3323 2345 3564 2413 εἴρηται.
3618 2345 3731 2396 Καὶ
3777 2345 3924 2397 οῦτω
3975 2346 4030 2398 δὲ

2452 2440 2670 2508 νοήσεις
2710 2439 2792 2500 τὸ,
2832 2456 2849 2490 ι
2899 2437 3331 2508 Ἐκϐλήθήσεται
3375 2438 3501 2502 ἔξω.
3541 2457 3559 2490 ι
3599 2439 3718 2490 ἀντὶ
3745 2438 3861 2504 τοῦ,
3905 2459 3925 2490 ι
3962 2440 4040 2502 εἰς

2449 2535 2508 2586 τὸ
2538 2535 2729 2598 σκότος
2765 2538 2823 2587 τ’»
2869 2534 3157 2606 ἐξώτερον.
3196 2555 3213 2587 ι
3285 2534 3446 2588 Ἀλλά
3473 2536 3567 2587 καὶ
3617 2535 3721 2600 ἔξω
3767 2536 3865 2602 τῆς
3899 2537 4043 2589 κατά

2447 2631 2558 2683 τῶν
2585 2631 2895 2702 ἀνθρώπων
2928 2632 3250 2697 δυναστείας
3288 2635 3605 2704 γενήσεται,
3636 2633 3729 2685 καὶ
3751 2632 3850 2684 οὐκ
3877 2631 3954 2681 ἔτι
3984 2631 4042 2680 ἐν

2447 2725 2662 2789 αὐτοῖς,
2694 2728 2793 2778 καὶ
2832 2729 2955 2788 ταῖς
2985 2727 3172 2780 αὐτῶν
3203 2727 3430 2796 ψυχαῖς,
3464 2727 3557 2779 καὶ
3588 2725 3666 2795 τῷ
3705 2724 3887 2794 θνήτῷ
3938 2724 4040 2773 σαῖν-

2450 2835 2583 2888 μστι
2612 2819 2926 2890 βασιλεύσει
2950 2821 3024 2883 ὡς
3053 2824 3115 2874 τὸ
3145 2823 3429 2892 πρότερον,
3459 2822 3596 2874 ἀλλὰ
3630 2840 3648 2870 ι
3688 2821 3898 2881 πάντας
3931 2818 4041 2882 ἐγὼ

2449 2910 2667 2964 ἑλκύσω
2701 2913 2837 2979 πρὸς
2869 2911 3127 2979 ἐμαυτὸν,
3165 2912 3264 2964 ἐάν
3299 2912 3520 2975 ὑψωθῶ,
3558 2931 3574 2960 ι
3614 2911 3705 2962 ἐπὶ
3733 2909 3827 2961 τοῦ
3872 2925 4038 2959 sta-J-

2451 3003 2569 3074 ροῦ.
2596 3005 2806 3065 Πάντες
2844 3005 2955 3074 γὰρ
2990 3006 3084 3058 καὶ
3115 3007 3158 3057 οἱ
3187 3005 3245 3071 ἐξ
3278 3004 3470 3067 ἐθνῶν,
3506 3004 3641 3073 πρὸς
3675 3004 3775 3069 τὴν
3812 3002 3892 3062 εἰς
3937 3000 4038 3066 ἐμὲ

2453 3097 2640 3149 πίστιν
2665 3099 3114 3168 ἐλκυσθήσονται.
3162 3098 3312 3151 Ἐπεὶ
3355 3099 3463 3166 γάρ
3497 3097 3654 3149 αὐτοὶ
3685 3097 3744 3148 οὖ
3778 3094 4040 3146 δύνανται

2450 3192 2588 3261 πρὸς
2615 3192 2716 3259 ἐμὲ
2753 3193 2950 3254 ἐλθεῖν,
2985 3193 3058 3256 ὡς
3091 3192 3199 3244 ὑπὸ
3227 3192 3322 3245 τοῦ
3347 3195 3610 3262 τυράννου
3640 3189 4034 3258 κατεχόμενοι·

2451 3283 2565 3350 ἐγὼ
2601 3287 2830 3354 νικήσας
2878 3287 3042 3339 αὑτὸν
3078 3289 3172 3339 καὶ
3205 3285 3451 3340 ἐκϐαλὼν
3479 3286 3604 3349 ἔξω,
3628 3285 3723 3336 καὶ
3771 3283 3868 3353 τῆς
3896 3283 4038 3335 γατὲ.

2449 3376 2560 3427 τῶν
2596 3376 2902 3446 ἀνθρώπων
2948 3378 3273 3443 δυναστείας
3303 3379 3467 3433 αὑτοῦ
3515 3381 3584 3432 τά
3625 3379 3792 3447 νεῦρα
3825 3373 4035 3442 τεμὼι,

2451 3465 2674 3519 ἑλκύσω
2711 3471 2803 3520 καὶ
2848 3471 3076 3533 ἄκοντος
3128 3472 3360 3524 ἐκείνου.
3414 3473 3594 3541 Ὅπερ
3644 3467 3883 3536 άλλαγοῦ
3942 3470 4039 3519 καί

2449 3559 2710 3630 ἁρπαγὴν
2747 3561 3053 3630 ὠνόμασεν.
3086 3583 3103 3614 ι
3141 3564 3330 3628 Οὐδεὶς
3359 3564 3488 3634 γὰρ,
3522 3565 3675 3634 φησι,
3704 3563 3933 3615 δύναται
3965 3563 4037 3612 τά

2452 3651 2623 3722 σκεύη
2675 3652 2770 3706 τοῦ
2807 3655 3030 3725 ἰσχυροῦ
3080 3657 3402 3727 διαρπάσαι,
3461 3655 3556 3708 ἐὰν
3609 3655 3684 3724 μὴ
3744 3654 3884 3723 δήσῃ
3942 3652 4038 3706 τδν

2455 3743 2698 3816 ἰσχυρόν.
2738 3766 2756 3798 ι
2794 3778 2863 3787 —
2894 3769 2912 3800 ι
2960 3749 3154 3815 Ἔλεγε
3187 3749 3244 3802 ὁὶ
3279 3768 3297 3801 ι
3336 3750 3436 3802 καὶ
3461 3750 3542 3812 τὸ,
3581 3765 3600 3800 ι
3649 3747 3774 3800 Ἐάν
3809 3744 4038 3814 ὑψωθῶ.

760 3825 916 3894 φησὶ,
945 3829 1227 3892 σημαίνων
1245 3824 1382 3895 ποίῳ
1406 3823 1625 3889 θανάτῳ
1667 3823 1897 3894 ἔμελλεν
1931 3825 2323 3898 ἀποθνήσκειν·
2351 3849 2369 3882 ι
2398 3839 2702 3906 τουτέστιν,
2733 3842 2816 3895 ὅτι
2878 3842 3257 3914 σταυρωθῆναι
3318 3841 3538 3912 μέλλει·
3589 3840 3750 3894 τοῦτο
3796 3839 3932 3910 γέιρ¹
3975 3854 4040 3891 το

759 3921 891 3993 ὓψος
918 3921 1010 3973 τοῦ
1050 3919 1306 3990 σταυροῦ.

831 4019 995 4070 Vens.
1029 4015 1212 4069 Bi-SU.
1249 4032 1267 4064 ι
1331 4011 1636 4083 Respondit
1671 4014 1721 4069 ei
1764 4015 1922 4070 turba
1967 4033 1980 4069 :
2027 4016 2134 4072 Nos
2188 4021 2343 4075 antli-

756 4114 937 4165 vimus
966 4126 1028 4165 ex
1070 4110 1200 4182 lege.
1233 4108 1379 4178 quod
1419 4107 1672 4162 Christus
1719 4120 1904 4163 manet
1952 4109 2003 4164 in
2053 4121 2338 4178 aeternum,

757 4217 810 4259 et
843 4203 1115 4273 quntnodo
1151 4212 1206 4254 ιιι
1241 4203 1381 4255 dicis
1419 4218 1432 4254 :
1469 4199 1700 4268 Oportet
1746 4203 1976 4256 etaltari
2012 4202 2206 4258 Filium
2244 4206 2338 4258 ho-

760 4297 958 4350 minis?
993 4294 1124 4360 Quis
1152 4305 1236 4349 est
1272 4295 1375 4348 iste
1407 4293 1577 4348 Filius
1614 4295 1892 4349 hominis?
1923 4296 2068 4350 Dixit
2095 4313 2227 4366 ergo
2256 4299 2339 4354 eis

2527 4046 2546 4077 ι
2605 4026 2905 4098 Ἀπεκρίθη
2935 4026 3082 4096 αύτῷ
3114 4029 3143 4081 ὀ
3170 4025 3353 4098 ὄχλος’
3399 4027 3592 4095 Ἡμεῖς
3621 4025 3940 4095 ἠκούσαμεν
3971 4028 4035 4080 ἐκ

2447 4121 2542 4173 τοῦ
2572 4120 2762 4190 νόμου,
2795 4121 2874 4174 ὃτι
2910 4123 2938 4174 ὁ
2979 4122 3221 4192 Χριστὸς
3257 4123 3412 4192 μένει
3451 4123 3532 4183 εις
3571 4120 3664 4174 τὸν
3697 4121 3870 4174 αἰῶνα
3892 4137 3907 4152 ο
3939 4127 4035 4174 καὶ

2449 4212 2570 4274 πῶς
2597 4213 2662 4266 σὺ
2688 4212 2892 4281 λέγεις,
2917 4214 3000 4267 ὅτι
3019 4214 3102 4268 δεῖ
3133 4213 3414 4283 ὑψωθῆναι
3439 4213 3531 4267 τὸν
3557 4213 3687 4266 Υἱδν
3703 4212 3802 4266 τοῦ
3824 4213 4037 4283 ἀνθρώ.

2450 4322 2589 4370 mu;
2620 4305 2715 4368 Τίς
2758 4307 2908 4358 ἐστιν
2945 4299 3101 4364 οὗτος
3133 4307 3162 4358 ὁ
3217 4305 3345 4369 Υἱὸς
3375 4305 3472 4358 τοῦ
3506 4304 3834 4375 ἀνθρώπους
3865 4300 4036 4356 Εἶπεν

757 4388 917 4443 Jesus
958 4404 971 4439 :
1007 4388 1198 4440 Adhuc
1248 4388 1413 4440 breve
1445 4399 1659 4457 tempus
1701 4389 1882 4441 lumen
1922 4389 2199 4444 vobiscum
2234 4402 2335 4446 est.
2367 4418 2419 4478 υ

2367 4418 2419 4478 D
2446 4391 2539 4450 οὖν
2581 4399 2765 4461 αὐτοῖς
2803 4400 2831 4450 ό
2877 4396 3084 4467 Ἰησοῦς
3111 4415 3126 4428 ·
3183 4398 3305 4450 Ἐτι
3336 4398 3534 4469 μικρὸν
3573 4398 3763 4467 χρόνον
3813 4399 3875 4449 τὸ
3915 4397 4033 4464 ιεὼς

759 4481 1045 4536 Ambulate
1076 4479 1249 4533 donec
1298 4479 1473 4533 lucem
1529 4480 1761 4544 habetis,
1822 4495 1888 4535 ne
1951 4497 2047 4536 vos
2103 4489 2340 4538 tenebras

758 4582 1044 4639 occupent.
1077 4568 1142 4622 Et
1186 4570 1277 4636 qui
1307 4569 1548 4622 ambulat
1597 4569 1651 4623 in
1695 4570 1958 4636 tenebris,
2007 4575 2184 4627 nescit
2232 4589 2340 4641 quo

759 4670 936 4721 vadat.
980 4667 1116 4720 Dum
1169 4666 1343 4720 lucem
1403 4666 1637 4730 habetis,
1679 4668 1885 4722 credite
1939 4669 1992 4723 in
2045 4669 2243 4736 lucem,
2283 4682 2342 4725 ut

758 4762 852 4816 ﬁlii
896 4760 1032 4815 lucis
1065 4761 1207 4814 sitis.
1278 4777 1296 4810 ι
1354 4759 1745 4815 Eristimantes
1799 4764 2230 4829 reprehensuros
2282 4781 2340 4819 se

759 4858 1078 4924 Dominum,
1135 4869 1192 4911 et
1226 4857 1606 4912 confutaturos
1659 4872 1783 4912 eum
1833 4860 1989 4929 quasi
2034 4875 2138 4914 uou
2194 4872 2342 4916 esset

759 4968 922 5008 verus
941 4953 1220 5016 Christus,
1253 4953 1477 5007 dicunt:
1504 4952 1560 5008 Si
1579 4951 1829 5008 Christus
1859 4955 2079 5024 quidem
2114 4955 2341 5010 immor-

760 5047 885 5102 talis
911 5057 1019 5112 est,
1059 5057 1111 5100 ttt
1146 5057 1329 5101 autem
1359 5049 1426 5101 de
1467 5057 1517 5100 te
1552 5047 1690 5101 dicis
1719 5047 1862 5115 quod
1890 5046 1967 5101 sis
2015 5048 2335 5115 moriturus.

756 5141 1029 5209 quomodo
1056 5140 1217 5208 igitur
1241 5141 1532 5194 credemus
1556 5150 1606 5192 te
1629 5154 1750 5192 esse
1773 5139 2091 5195 Christum?
2113 5140 2224 5195 Hoc
2246 5158 2339 5196 au-

758 5244 866 5289 tem
897 5233 1171 5288 immerito
1194 5232 1470 5290 dicebant.
1492 5229 1629 5286 Nam
1651 5230 1956 5300 Scriptura.
1979 5246 2142 5302 quam
2167 5232 2336 5301 legem

757 5329 1053 5398 appellant,
1078 5344 1181 5383 non
1202 5316 1383 5383 solum'
1409 5328 1850 5392 resurrectionis,
1872 5328 1966 5382 sed
1987 5336 2042 5380 et
2065 5328 2337 5396 passionis

758 5425 1025 5478 meminit.
1062 5422 1274 5478 Etenim
1304 5421 1473 5478 Isaias
1505 5432 1796 5488 utrumque
1817 5421 2002 5489 ponit:
2030 5421 2335 5490 passionem

755 5519 976 5586 quidem
1007 5527 1059 5570 et
1080 5526 1329 5580 mortem,
1364 5517 1444 5570 sic
1467 5515 1653 5570 dicens
1680 5515 1743 5568 ¹⁷;
1775 5532 1794 5566 ι
1833 5512 1899 5569 Ut
1929 5515 2048 5569 ovis
2097 5513 2164 5582 ad
2195 5517 2338 5568 occio

755 5615 960 5665 sionem
1011 5617 1211 5666 ductus
1259 5623 1376 5678 est;
1434 5629 1452 5662 ι
1507 5608 1960 5664 resurrectionem
2017 5617 2223 5670 autem,
2259 5608 2340 5660 di-

755 5704 950 5771 cendo,
978 5724 995 5756 ι
1025 5704 1084 5758 Ει
1110 5705 1370 5760 Dominus
1391 5705 1558 5759 voluit
1586 5720 1707 5758 cunt
1727 5704 2012 5772 purilicare
2034 5717 2061 5757 a
2082 5700 2257 5772 plaga,
2285 5712 2339 5757 et

827 5888 869 5918 "
902 5887 1066 5942 Marc.
1111 5903 1190 5954 ιιι,
1240 5885 1330 5938 27.
1412 5884 1452 5915 ⁸⁷
1515 5881 1617 5939 Isa.
1666 5899 1779 5950 Llll,
1813 5883 1868 5936 7.

2447 4489 2566 4558 μεθ’
2609 4490 2764 4561 ὑμῶν
2798 4491 2936 4542 ἐστι.
2967 4492 3329 4560 Περιπατεῐτε
3354 4489 3460 4554 ἕως
3497 4489 3561 4542 τὸ
3587 4490 3703 4558 φῶς
3734 4490 3908 4559 εχετε,
3942 4489 4030 4544 ἵνα

2447 4584 2522 4654 μὴ
2576 4585 2766 4637 σκοτία
2811 4585 2956 4653 ὑμᾶς
3016 4583 3321 4655 καταλάϐῃ,
3369 4583 3428 4637 '0
3481 4583 3801 4651 περιπατῶν
3851 4583 3913 4634 ἑν
3963 4582 4032 4654 τῇ

2445 4677 2658 4748 σκοτίᾳ,
2691 4678 2794 4732 οὐκ
2845 4673 2953 4730 οἶδε
2985 4676 3088 4729 ποῦ
3131 4678 3355 4744 ὑπάγει.
3401 4676 3550 4740 Ἕως
3592 4678 3654 4728 τὸ
3703 4676 3819 4745 φῶς
3853 4676 4031 4744 εχετε,

2443 4771 2730 4825 πιστεύετε
2761 4773 2840 4833 εἰς
2885 4770 2946 4822 τὸ
2967 4771 3105 4838 φῶς,
3157 4771 3246 4824 ἵνα
3299 4771 3406 4823 υἱοὶ
3465 4770 3645 4839 φωτὸς
3701 4769 3960 4838 γένησθε.
4006 4787 4025 4821 ι

2443 4863 2779 4932 Νομίζοντες
2803 4863 3050 4932 ἐλέγχειν
3083 4863 3177 4915 τὸν
3213 4861 3441 4932 Κύριον,
3493 4861 3589 4914 καὶ
3625 4859 4028 4927 ἐπιστομίζειν,

2441 4958 2517 5020 ὡς
2554 4958 2656 5011 οὐκ
2715 4958 2971 5027 ἀληθινὸν
3014 4957 3145 5011 ὂντα
3199 4958 3459 5026 Χριστὸν,
3508 4956 3709 5025 φασιν·
3750 4956 3812 5008 Εἰ
3846 4957 3877 5008 ὁ
3927 4957 4030 5024 μὲν

2441 5053 2680 5125 Χριστὸς
2705 5053 2974 5117 ἀθάνατός
2995 5055 3136 5118 ἐστι,
3175 5053 3240 5106 σὺ
3272 5051 3326 5104 δὲ
3375 5051 3553 5119 λέγεις
3593 5050 3721 5119 περὶ
3771 5048 4028 5114 σεαυτοῦ,

2441 5146 2522 5200 ὅτι
2557 5147 2772 5216 μέλλεις
2801 5145 3198 5215 ἀποθνήσκειν,
3242 5144 3359 5207 πῶς
3388 5143 3499 5213 ἄρα
3551 5160 3609 5196 σε
3658 5141 4028 5212 πιστεύσομεν

2440 5234 2583 5293 εἶναι
2613 5242 2705 5291 τὸν
2736 5239 2974 5309 Χριστόν
2999 5253 3014 5304 ;
3049 5237 3223 5291 Τοῦτο
3244 5237 3301 5290 δὲ
3333 5236 3663 5304 κακούργως
3691 5235 3896 5300 ελεγον.
3918 5233 4028 5287 Καὶ

2440 5332 2550 5402 γάρ
2585 5331 2854 5402 ὴΓραφὴ,
2902 5331 2972 5401 ἢν
3014 5330 3177 5400 νόμον
3209 5329 3592 5398 ὀνομάζουσιν,
3631 5329 3693 5380 ού
3732 5326 3896 5396 μόνον
3924 5323 4026 5392 τῆς

2440 5427 2814 5488 ἀναστάσεως,
2854 5424 2994 5478 ἀλλὰ
3021 5425 3116 5476 καὶ
3152 5421 3245 5476 τοῦ
3279 5423 3486 5484 πάθους
3524 5418 3880 5492 μνημονεύει.
3915 5419 4024 5471 Καὶ

2441 5518 2549 5588 γὰρ
2610 5516 2840 5579 Ἡσαΐας
2871 5517 3161 5584 ἀμφότερα
3202 5514 3424 5585 τίθησι*
3463 5513 3525 5567 τὸ
3581 5514 3680 5583 μὲν
3725 5509 4025 5572 πάθοςκαὶ

2441 5612 2534 5662 τὶν
2566 5609 2821 5672 θάνατον,
2847 5608 2990 5662 οὕτω
3013 5607 3190 5676 λέγων
3216 5623 3230 5636 ·
3269 5626 3286 5660 ι
3327 5607 3415 5669 Ὠς
3455 5603 3730 5676 πρόϐατον
3760 5602 3855 5654 ἐπὶ
3890 5617 4028 5671 σφα-

2444 5703 2549 5772 γήν
2576 5702 2718 5773 ἤχθη
2742 5719 2755 5733 ο
2782 5721 2799 5754 ι
2819 5702 2921 5774 τήν
2945 5703 3001 5755 δὲ
3029 5702 3353 5766 ἀνάστασιν,
3373 5701 3431 5754 ὲν
3452 5700 3530 5770 τῷ
3551 5699 3741 5751 εἰπεῖν’
3772 5715 3790 5750 ι
3818 5697 4022 5764 Κύριος
