4256 6446
231 434 331 495 133

918 428 1360 486 ENARRATIO
1390 428 1467 486 IN
1506 425 2000 485 EV’ANGELIUM
2039 423 2438 484 JOANNIS.—
2468 421 2626 481 CAP.
2670 419 2802 478 Χιῐ.

3371 413 3469 479 134

227 545 480 614 βούλεται
513 539 804 610 καθαρίσαι
823 539 983 592 αὑτὸν
999 540 1107 592 ἀπὸ
1132 541 1228 608 τῆς
1257 539 1492 609 πληγῆς,
1517 539 1611 589 καὶ
1630 537 1800 600 δεῖξαι
1828 543 1874 597 Α
1903 558 1908 582 t

1787 554 1800 587 t
1828 543 1874 597 Α
1903 535 2190 588 ostendere
2205 537 2250 588 ci
2274 538 2471 589 lumen.
2491 554 2508 584 ι
2528 533 2692 585 David
2715 543 2929 598 quoque
2945 540 2995 579 et
3021 529 3206 579 mortis
3220 539 3270 580 et
3285 544 3468 581 resur-

223 635 389 690 αὑτὺν
436 632 572 700 φῶς.
620 649 638 681 ι
676 632 786 682 Καὶ
826 632 856 681 6
904 629 1067 683 Δαυῖδ
1117 629 1212 682 τοῦ
1269 630 1500 682 θανάτου
1552 628 1670 696 ἅμα
1702 629 1796 680 καὶ

221 721 321 788 τῆς
345 717 698 778 ἀναστάσεως
724 716 1016 784 μέμνηται.
1045 734 1063 766 ι
1096 716 1209 768 Οὑκ
1232 713 1640 782 ἐγκαταλείψεις
1663 714 1791 782 γὰρ,

225 812 382 880 φησι.
427 811 530 878 τὴν
566 808 746 876 ψυχήν
771 825 870 876 μου
905 810 982 870 εις
1013 807 1163 877 ᾅδην.
1209 826 1226 856 ι
1261 807 1370 860 Καὶ
1398 808 1424 859 6
1452 806 1793 874 πατριάρχης

220 906 300 964 δὲ,
324 902 561 969 εὐλογῶν
609 903 696 953 τὸν
728 902 948 960 Ἰούδαν.
984 903 1123 970 ,περὶ
1156 899 1390 967 Χριστοῦ
1426 898 1787 968 προφητεύει·

233 1013 253 1045 ε
295 992 615 1047 Ἀναπεσὼν
659 989 922 1058 ἐκοιμήθη
963 991 1035 1051 ὡς
1075 990 1230 1049 λέων,
1277 989 1369 1040 καὶ
1404 989 1477 1048 ὡς
1512 987 1785 1055 σκύμνοςο

221 1087 303 1148 τίς
331 1086 518 1154 ἐγερεῖ
551 1083 742 1143 αὑτόν;
789 1102 807 1133 ι
845 1082 1006 1133 ’Ὠστε
1036 1082 1356 1150 ἀρνούμενοι
1385 1081 1445 1132 τὸ
1475 1081 1662 1144 πάθος,
1694 1082 1786 1132 καὶ

222 1179 326 1248 τὴν
374 1177 672 1231 ἀθανασίαν
708 1175 1253 1245 προσμαρτυροῦντες
1283 1174 1361 1237 τῷ
1405 1171 1651 1242 Χριστῷ,
1688 1191 1787 1224 κα-

221 1271 445 1340 κούργῳ
473 1267 667 1338 γνώμῃ
718 1267 876 1319 τοῦτο
922 1261 1157 1318 ἐποίουν.
1206 1284 1223 1316 ι
1278 1266 1467 1333 Ἡμεῖς
1511 1265 1786 1332 ἐμάθομεν

219 1365 285 1414 ἐκ
316 1361 410 1414 τοῦ
437 1363 624 1428 νόμου,
663 1379 680 1410 ι
720 1358 984 1422 τουτέστι,
1018 1359 1113 1426 τῆς
1141 1358 1361 1426 Γραφῆς
1394 1359 1642 1426 (λέγεται
1677 1356 1784 1423 γὰρ

222 1457 373 1507 πᾶσα
402 1457 433 1523 ὴ
476 1453 690 1522 Γραφὴ,
720 1451 794 1514 ὡς
819 1453 1074 1512 πολλάκις
1107 1451 1352 1517 εἴπομεν,
1383 1451 1610 1516 νόμος),
1651 1467 1667 1497 ι
1704 1450 1782 1500 ὅτι

220 1547 248 1597 ὀ
299 1545 536 1613 Χριστὸς
576 1545 725 1613 μένει
778 1544 856 1604 εἰς
905 1542 998 1594 τὸν
1046 1541 1236 1595 αἰῶνα.
1290 1560 1306 1590 ι
1349 1541 1581 1601 Εἰκότως
1628 1540 1786 1591 τοῦτο

220 1636 478 1706 ἐμάθετε·
519 1655 536 1685 ι
573 1634 738 1688 Μένει
769 1613 878 1701 γάρ
907 1634 986 1692 εἰς
1014 1633 1105 1684 τὸν
1138 1632 1328 1693 αἰῶνα,
1369 1649 1385 1681 ι
1424 1632 1519 1682 καὶ
1549 1632 1623 1692 ὡς
1654 1630 1785 1691 Θεὸς

225 1730 375 1798 μένει
403 1730 494 1780 καί
539 1728 676 1796 μετὰ
710 1727 808 1796 τὴν
845 1725 1139 1778 ἀνάστασιν
1161 1741 1174 1755 ο
1228 1723 1291 1776 τὸ
1320 1724 1374 1776 δὲ
1408 1722 1575 1785 πάθος
1618 1721 1782 1775 αὑτοῦ

220 1823 320 1874 οὑκ
353 1821 613 1891 ἐμάθετε,
651 1817 744 1873 καὶ
771 1819 906 1881 πῶς,
936 1817 1044 1870 τῶν
1065 1814 1242 1870 αὐτῶν
1262 1815 1514 1885 Γραφῶν,
1544 1815 1618 1876 ὡς
1650 1814 1783 1866 ἐδεί-

1903 627 2166 680 reetionis
2189 626 2515 678 mentionem
2545 623 2671 675 facit
2696 623 2734 652 "
2758 638 2769 670 :
2805 640 2822 669 ι
2849 619 2962 672 Non
2989 619 3352 684 derelinqttcs,
3381 621 3466 669 in-

1899 717 2055 784 quit,
2090 717 2325 768 animam
2379 729 2553 768 meam
2588 713 2639 765 in
2693 709 2929 763 inferno.
2985 727 3003 760 ι
3061 709 3120 763 Et
3159 710 3463 776 patriarcha

1897 820 2112 873 quoque
2137 805 2460 858 benedicens
2485 801 2698 861 ludam,
2717 801 2782 852 de
2798 798 3015 852 Christo
3035 799 3370 864 prophetizat
3396 799 3462 851 ":

1903 919 1920 950 ι
1959 897 2328 961 Requiescens
2365 895 2618 948 dormivit
2654 902 2711 946 ut
2736 892 2838 951 leo,
2860 899 2914 942 ct
2939 891 3081 942 sicut
3115 889 3324 941 catulus
3352 889 3461 941 Ico-

1896 989 1976 1041 nis
2029 985 2194 1056 679
2235 1001 2246 1034 :
2290 985 2406 1051 quis
2445 984 2700 1036 excitabit
2733 997 2852 1033 eum
2893 980 2915 1033 ἲ
2963 999 2979 1030 ι
3027 982 3201 1046 Atque
3250 981 3319 1031 ita
3369 983 3456 1047 qni

1895 1082 1979 1133 hic
2014 1081 2276 1146 negabant
2305 1078 2604 1142 passionem
2629 1116 2642 1138 ,
2671 1086 2721 1125 ct
2757 1073 3211 1126 immortalitatem
3244 1070 3458 1124 Christo

1897 1170 2236 1230 tribuebant,
2278 1165 2506 1233 maligna
2544 1163 2593 1214 id
2632 1173 2807 1213 mente
2844 1158 3132 1213 iaciebant.
3180 1176 3196 1205 ι
3237 1156 3342 1210 Nos
3371 1157 3456 1207 tli—

1892 1258 2118 1312 dicitnus
2194 1272 2256 1308 ex
2319 1257 2468 1323 lege.
2523 1272 2541 1303 i
2597 1252 2695 1305 hoc
2748 1259 2832 1303 est
2897 1248 3170 1316 Scriptura
3216 1247 3459 1310 (dicitur

1891 1352 2031 1403 enim
2058 1349 2232 1401 omnis
2259 1347 2556 1414 Scriptura,
2580 1356 2634 1397 nt
2656 1359 2792 1412 sa‘pc
2819 1343 3051 1395 diximus
3072 1382 3084 1401 ,
3109 1341 3237 1404 lex),
3266 1361 3281 1390 ι
3317 1342 3456 1407 quod

1891 1444 2137 1495 Christus
2193 1450 2371 1490 manet
2418 1439 2467 1487 in
2509 1450 2788 1489 :rtcrnnm.
2839 1453 2856 1484 ι
2915 1433 3102 1486 Merito
3161 1435 3257 1483 hor:
3317 1433 3446 1480 didi-

1891 1535 2037 1584 cistis
2067 1554 2076 1583 ;
2108 1552 2124 1582 ι
2157 1532 2334 1583 Manet
2359 1531 2498 1581 enim
2527 1531 2579 1581 in
2603 1540 2881 1587 retentum,
2916 1545 2932 1572 ι
2963 1535 3088 1578 etut
3114 1523 3251 1575 [lt-us
3278 1532 3454 1574 manet

1890 1626 2051 1676 etiam
2095 1635 2214 1688 post
2257 1632 2736 1680 resurrectionem;
2780 1617 3078 1683 passionem
3124 1627 3299 1666 autem
3339 1631 3453 1675 eius

1891 1732 1992 1768 non
2027 1716 2304 1768 didicistis.
2333 1714 2394 1765 Et
2423 1713 2687 1779 quomodo
2709 1749 2723 1771 ,
2753 1726 2871 1761 cum
2900 1711 3098 1762 t'mdem
3131 1707 3417 1773 Scriptum
3438 1747 3449 1761 .

1901 1815 1954 1859 ut
1975 1808 2331 1865 ostendimus,
2365 1819 2589 1872 utraque
2611 1803 2875 1856 doceant?
2903 1821 2920 1851 ι
2949 1803 3225 1865 Quomodo
3268 1801 3450 1867 igitur.

219 1916 417 1982 ξαμεν,
470 1916 756 1981 ἀμφοτερα
811 1911 948 1979 ὁμοῦ
997 1907 1391 1972 διδασκουσῶν;
1435 1925 1452 1955 ι
1494 1906 1612 1967 Πῶς
1665 1905 1776 1965 οῦν,
1820 1879 1900 1950 Bt

1768 1948 1776 1965 ,
1820 1879 1861 1932 Β
1891 1898 2093 1956 dicunt,
2138 1907 2190 1950 tu
2237 1897 2371 1950 (iiClS
2407 1898 2549 1949 ouod
2581 1904 2828 1963 oporteat
2867 1894 3090 1946 exaltari
3127 1893 3317 1944 Filium
3357 1894 3449 1944 ho-

218 2007 374 2071 φασὶ,
413 2007 478 2057 σὺ
509 2004 706 2070 λέγεις,
738 2004 820 2053 ὅτι
850 2002 930 2053 δεῖ
971 1999 1248 2068 ὑψωθῆναι
1287 1999 1375 2051 τὶν
1410 1999 1533 2050 Υἰὸν
1563 1997 1653 2048 τοῦ
1686 1998 1782 2047 ἁν-

218 2098 477 2166 θρώπου;
521 2113 538 2145 ι
591 2095 783 2163 Ὁρᾷς,
817 2094 898 2144 ὃτι
935 2095 1026 2155 καί
1050 2091 1157 2142 τῶν
1187 2088 1597 2156 αἰνιγματωδῶς
1628 2086 1780 2152 λεγο-

217 2192 400 2256 μένων
443 2186 593 2255 παρὰ
635 2183 838 2254 Κυρίου
892 2183 1059 2236 πολλὰ
1103 2183 1308 2245 ἐνόουν,
1346 2180 1531 2246 ὥσπερ
1563 2175 1655 2231 οῦν
1691 2180 1779 2231 καὶ

213 2282 272 2328 τὸ
307 2297 324 2326 ι
353 2276 631 2343 ὑψωθῆναι
663 2294 678 2324 ι
706 2275 955 2340 ἐνόησαν,
985 2274 1064 2325 ὃτι
1093 2271 1333 2341 περὶτοῦ
1357 2270 1587 2339 σταυροῦ
1611 2270 1775 2336 λέγει’

211 2369 384 2429 οὕτως
411 2368 518 2434 ἄρα
542 2366 712 2418 πολλά
739 2367 837 2434 μέν
866 2364 958 2417 οῦν
986 2366 1186 2426 ἐνόουν,
1224 2362 1666 2420 ἐθελοκακοῦντες
1699 2360 1775 2425 δὲ,

210 2461 440 2524 ἄγνοιαν
470 2455 884 2526 προεϐάλλοντο.
916 2456 1110 2506 Σκόπει
1136 2454 1190 2505 δὲ
1216 2455 1307 2506 καὶ
1338 2455 1390 2505 τί
1411 2470 1560 2520 φασι·
1602 2471 1618 2501 ι
1657 2452 1776 2514 Πῶς

212 2552 277 2602 σὺ
314 2550 492 2615 λέγεις
517 2549 596 2600 ὅτι
627 2548 706 2599 δεῖ
738 2547 1020 2614 ὑψωθῆναι
1052 2548 1142 2598 τὸν
1170 2547 1295 2598 Υἱὸν
1340 2545 1431 2596 τοῦ
1461 2544 1772 2611 ἀνθρώπους

214 2643 300 2703 τίς
326 2642 476 2693 ἐστιν
505 2635 658 2702 οὗτος
691 2640 717 2691 6
755 2641 874 2700 Υἱὸς
909 2637 1001 2690 τοῦ
1028 2638 1352 2706 ἀνθρώπου;
1389 2657 1406 2686 ι
1432 2636 1778 2704 Κακουργίας

212 2739 323 2807 γάρ
377 2737 572 2806 μεστὸς
616 2739 643 2790 6
686 2737 840 2803 λόγος
885 2735 1098 2798 αὑτῶν,
1147 2735 1349 2787 ὡσανεὶ
1388 2733 1545 2786 τοῦτο
1594 2733 1778 2798 λεγόν-

210 2852 321 2888 των
346 2835 478 2904 (51)·
517 2834 648 2886 Οὐδὲ
686 2835 907 2896 οἴδαμεν
958 2835 1086 2901 περὶ
1129 2833 1273 2895 τίνος
1315 2832 1510 2898 λέγεις,
1548 2834 1640 2884 καὶ
1697 2833 1779 2896 τῖς

210 2929 362 2979 ἐστιν
403 2929 430 2978 6
489 2926 612 2987 Υἱὸς
659 2926 750 2976 τοῦ
801 2925 1082 2994 ἀνθρώπω.
1121 2941 1133 2954 °
1165 2927 1257 2977 καὶ
1298 2927 1443 2993 ὅμως
1487 2926 1779 2993 ἀποφαινὸ-

215 3015 357 3084 μεθα
391 3015 491 3085 τὴν
527 3014 812 3085 ἀλήθειαν,
861 3018 941 3068 ὅτι
971 3016 998 3067 6
1035 3017 1239 3083 μέλλων
1286 3017 1595 3084 ὑψωθῆναι.
1630 3020 1776 3079 ὅστις

212 3108 279 3159 ἀν
332 3109 423 3159 καὶ
471 3107 592 3172 εἴη,
642 3109 743 3160 οῦκ
790 3109 935 3159 ἐστιν
971 3109 997 3159 ὁ
1044 3109 1308 3176 Χριστός·
1353 3108 1468 3170 πῶς
1500 3109 1628 3177 γάρ,
1671 3109 1778 3159 τῶν

214 3201 448 3270 Γραφῶν
489 3201 758 3267 λεγουσῶν
789 3202 875 3252 τὸν
911 3201 1144 3269 Χριστὸν
1190 3200 1457 3254 ἀθάνατον
1493 3198 1660 3264 sivzt;
1713 3204 1777 3254 Τί

214 3289 309 3345 οὖν
337 3295 364 3346 6
393 3292 598 3362 Κύριος
623 3309 636 3354 ;
679 3293 1072 3361 Ἐπιστομιζων
1095 3295 1312 3359 αὑτοὺς,
1343 3295 1435 3346 καὶ⁵
1458 3295 1672 3356 δεικνὺς
1693 3298 1774 3347 ὅτι

211 3386 271 3436 τὸ
302 3385 475 3446 πάθος
507 3385 660 3437 οὐδὲν
693 3383 893 3437 κωλύει
921 3385 1058 3453 πρὸς
1086 3386 1144 3437 τὸ
1177 3385 1358 3454 μένειν
1394 3387 1555 3439 αὑτὸν
1580 3389 1657 3449 εἰς
1685 3388 1775 3438 τὸν

213 3475 407 3534 αἰῶνα,
440 3495 456 3526 ι
493 3474 614 3528 Ἔτι
645 3477 834 3548 μικρὸν
858 3477 1048 3546 χρόνον
1068 3477 1127 3530 τὸ
1146 3476 1261 3545 φῶς
1289 3479 1404 3546 μεθ’
1423 3479 1573 3547 ὑμῶν
1591 3482 1724 3540 ἐστι,
1753 3498 1769 3530 ι

219 3580 375 3631 φησι·
408 3563 522 3632 φῶς
548 3566 655 3634 γάρ
677 3565 956 3632 ὠνόμασεν
987 3567 1195 3622 ἑαυτόν.
1230 3569 1439 3638 Ὥσπερ
1465 3568 1558 3621 οῦν
1579 3571 1636 3622 τὸ
1663 3571 1775 3636 φῶς

213 3654 272 3705 τὸ
306 3653 530 3721 ἡλιακὸν
561 3655 660 3706 οὑκ
691 3657 991 3726 ἀναιρεῖται
1024 3658 1230 3726 πάντη.
1272 3659 1407 3712 ἀλλά
1437 3657 1590 3713 δῦνον
1619 3663 1775 3714 πάλιν

214 3747 516 3798 ἀνατέλλει*
565 3746 707 3800 οὑτω
755 3749 848 3800 καὶ
888 3750 915 3801 6
964 3750 1094 3818 ἐμὸς
1141 3750 1367 3813 θάνατος
1406 3752 1466 3804 οὑ
1515 3753 1776 3823 διαφθορά

213 3834 385 3894 ἐστιν,
438 3833 574 3886 ἀλλά
611 3834 758 3898 δύσις
794 3835 888 3889 καὶ
931 3840 1279 3911 μετάστασις,
1327 3844 1418 3894 καὶ
1446 3843 1605 3896 πάλιν
1643 3846 1772 3895 ἀνα-

217 3925 356 3978 τελῶ
382 3925 469 3978 διὰ
501 3927 600 3996 τῆς
631 3929 999 3994 ἀναστάσεως.
1044 3933 1204 3985 ’Ὥστε
1237 3934 1361 3988 ἐπεὶ
1389 3936 1540 3989 οὑδέν
1580 3938 1774 3990 κωλύει

214 4021 274 4070 τὸ
322 4020 494 4083 πάθος
538 4023 673 4091 πρὸς
717 4024 778 4076 τὸ
818 4025 988 4077 ἀΐδιον
1029 4022 1167 4080 εἷναί
1214 4047 1312 4097 με,
1363 4031 1519 4091 αἰδὲ
1565 4034 1776 4103 Γραφιιὶ

219 4109 566 4180 μαρτυροῦσι
599 4113 726 4182 περὶ
757 4113 850 4166 τοῦ
882 4116 1141 4185 Χριστοῦ,
1172 4118 1246 4181 ὼς
1271 4120 1439 4182 άῖδιός
1464 4123 1629 4174 ἐστιν’
1667 4126 1776 4190 ἐγὼ

214 4200 322 4268 ἄρα
356 4203 474 4270 εἰμί
505 4203 532 4254 6
561 4202 814 4271 Χριστὸς,
847 4205 952 4257 κᾶν
978 4207 1038 4258 τὸ
1061 4208 1229 4270 πάθος
1252 4211 1470 4263 ὑποστῶ
1488 4229 1502 4244 ο
1535 4212 1645 4280 φῶς
1671 4219 1777 4285 γάρ

215 4295 366 4360 εἰμι·
405 4295 508 4346 κᾶν
556 4294 717 4358 δύνω,
760 4297 922 4350 πάλιν
953 4299 1212 4354 amem.
1252 4321 1270 4352 ι
1321 4302 1507 4372 Ὑμεῖς
1541 4306 1634 4358 οῦν
1677 4325 1778 4359 πε-

223 4385 522 4450 ριπατεῖτε,
561 4384 665 4447 ἕως
705 4384 765 4437 τὸ
796 4386 911 4454 φῶς
944 4387 1115 4455 ἐχετε·
1167 4407 1184 4439 ι
1231 4394 1494 4458 τουτέστι,
1549 4396 1777 4448 Πιστεύ-

222 4489 350 4525 σατε
387 4475 464 4535 εἰς
500 4476 622 4544 ἐμέ.
670 4477 825 4529 Ποῖον
870 4478 924 4530 δὲ
959 4480 1150 4548 καιρὸν
1185 4482 1418 4536 ἐνταῦθά
1466 4503 1626 4554 φησι;
1675 4491 1776 4540 Τὸν

1890 1991 2085 2043 minis?
2125 2010 2140 2040 ι
2174 1988 2328 2042 Vides
2359 1998 2496 2041 onott
2526 1990 2684 2038 nudta
2719 1998 2770 2039 et
2804 2003 2986 2038 eorum
3016 2001 3134 2054 qna‘
3162 2004 3186 2032 :i
3227 1985 3449 2037 Domino

1888 2082 2114 2132 obscure
2161 2081 2498 2138 dicebantur,
2553 2077 2952 2144 intelligebant,
2994 2072 3445 2140 quemadmodum

1886 2185 1936 2224 et
1971 2191 1987 2219 ι
2036 2171 2256 2224 exaltari
2300 2189 2316 2220 ι
2373 2169 2741 2235 intelligebant
2789 2168 2853 2220 de
2887 2182 3050 2220 cruce
3103 2168 3227 2218 «ιιι-ἱ.
3287 2165 3450 2232 Igitur

1887 2269 2052 2316 multa
2089 2264 2300 2330 quidem
2346 2264 2422 2314 sf:
2457 2261 2843 2328 mteiligehant,
2877 2261 2968 2312 sed
3003 2259 3305 2311 voluntaria
3340 2273 3453 2310 nta-

1887 2355 1998 2408 lttia
2031 2355 2384 2424 ignorantiam
2416 2354 2796 2418 prtetexebaut.
2837 2351 3130 2405 COnsidera
3156 2356 3371 2416 insuper
3401 2356 3462 2402 et

1887 2448 2012 2516 quid
2042 2447 2218 2499 dit-ant
2243 2462 2253 2497 :
2283 2465 2299 2496 ι
2333 2443 2602 2502 Uuomodo
2634 2456 2685 2495 tu
2717 2445 2849 2496 dicis
2874 2445 3015 2510 quod
3038 2452 3283 2508 οῃοτιιιοι
3305 2456 3364 2493 ex
3392 2444 3450 2478 ιι-

1889 2538 1985 2590 tari
2011 2537 2200 2591 Filium
2225 2536 2491 2589 hominis?
2532 2533 2666 2600 Quis
2689 2546 2770 2588 est
2797 2536 2884 2588 hic
2927 2534 3096 2587 Filius
3123 2533 3395 2585 hominis?
3422 2552 3442 2578 ο

1887 2631 2085 2684 Malitia
2118 2633 2260 2684 enim
2289 2632 2479 2693 plenus
2501 2639 2584 2681 est
2612 2641 2788 2681 sermo
2824 2627 3054 2689 illorum,
3087 2640 3235 2694 quasi
3269 2627 3338 2676 il;t
3369 2626 3446 2682 dt-

1886 2724 2120 2776 centium
2164 2741 2175 2773 :
2211 2719 2349 2773 Ecce
2396 2721 2538 2774 enim
2573 2733 2744 2786 neque
2789 2720 2990 2771 scimus
3023 2719 3089 2770 de
3127 2731 3231 2784 quo
3278 2717 3424 2768 dicas

1885 2825 1937 2868 et
1971 2815 2090 2882 quis
2123 2813 2193 2867 sit
2229 2811 2394 2865 Filius
2429 2811 2697 2874 hominis;
2730 2821 2960 2863 attamen
2998 2807 3324 2862 allii-mantus
3360 2825 3449 2861 ve»

1888 2907 2121 2965 ritatem,
2159 2904 2299 2971 quod
2336 2903 2583 2970 quisquis
2620 2901 2705 2954 ille
2744 2911 2823 2953 cst
2857 2902 3198 2958 exaltantlus.
3255 2903 3298 2952 i's
3340 2917 3405 2954 no

1884 2998 1953 3048 sit
1995 2997 2259 3048 Christus.
2301 2995 2578 3056 Quomodo
2638 2992 2824 3055 enim,
2860 3007 2980 3044 cum
3033 2992 3323 3058 Scriptura:
3369 2992 3448 3043 ui-

1885 3100 2008 3142 cant
2051 3091 2321 3141 Christum
2374 3085 2730 3139 immortalem
2765 3084 2914 3139 csse?
2955 3083 3089 3151 Quid
3141 3084 3299 3151 igitur
3330 3081 3443 3134 Do—

1889 3180 2064 3233 tuiuns
2098 3179 2180 3231 ’°?
2220 3181 2448 3232 Ubturat
2504 3178 2710 3229 illorum
2756 3179 2874 3239 ora,
2929 3187 2984 3228 et
3029 3176 3262 3228 ostendit
3305 3174 3445 3241 quod

1885 3275 2061 3340 passio
2113 3288 2214 3323 non
2252 3270 2500 3340 prohibet
2538 3269 2664 3337 quin
2719 3270 2831 3336 ipse
2867 3284 2886 3317 ι
2943 3279 3156 3319 maneat
3202 3269 3253 3318 in
3289 3275 3445 3319 arter-

1883 3365 2094 3418 nuni".
2132 3383 2149 3415 ι
2176 3395 2242 3404 -
2269 3383 2286 3413 ι
2327 3363 2512 3416 Adhuc
2551 3363 2616 3415 ad
2653 3362 2813 3415 breve
2870 3371 3095 3428 tempus,
3128 3361 3317 3427 inquit,
3358 3361 3443 3410 lux

1881 3461 2208 3512 vobiscuth
2236 3457 2429 3510 Lucem
2465 3455 2607 3508 enim
2645 3454 2943 3508 nominavit
2969 3453 3230 3521 seipsum.
3279 3453 3444 3521 Igitur

1883 3553 2018 3604 sicut
2071 3551 2155 3603 lux
2219 3551 2409 3602 solaris
2457 3564 2560 3600 non
2612 3549 2830 3600 omnino
2876 3545 3141 3608 aufertur,
3174 3545 3266 3599 sed
3320 3560 3440 3596 cuin

1884 3645 2166 3702 Ot'cidcril,
2211 3643 2402 3695 iterum
2434 3640 2695 3704 exoritur,
2730 3639 2798 3692 ita
2827 3646 2875 3691 et
2914 3653 3024 3690 mea
3057 3651 3200 3690 mors
3228 3652 3329 3690 non
3364 3648 3443 3689 (δι

1889 3737 2198 3801 corruptio,
2254 3733 2345 3786 sed
2403 3744 2629 3784 occasus
2674 3742 2727 3782 et
2779 3729 3092 3792 translatio,
3138 3739 3191 3781 et
3250 3729 3441 3779 iterum

1883 3841 2097 3880 exorior
2144 3840 2235 3894 per
2277 3824 2777 3879 resurrectionem:
2825 3831 2986 3888 atque
3023 3822 3092 3872 ita
3139 3834 3260 3872 cum
3312 3818 3444 3871 uitii.

1882 3937 2127 4007 prohibet
2163 3937 2341 4005 passio
2371 3934 2499 4003 quin
2526 3943 2761 3988 aeternus
2788 3931 2912 3995 sint,
2945 3931 3234 4001 Scriptura.-
3269 3942 3444 3984 autem

1885 4041 2154 4084 testantur
2196 4030 2261 4081 de
2292 4029 2506 4081 Christo
2542 4027 2686 4094 quod
2722 4035 2957 4078 aeternus
2991 4025 3097 4088 sit,
3131 4039 3233 4093 ego
3283 4024 3444 4090 igitur

1884 4117 2000 4176 sitm
2047 4120 2314 4182 Christus,
2357 4118 2572 4172 etiamsi
2615 4117 2918 4184 passionem
2963 4119 3286 4170 SDSiiltﬂCl’O.
3330 4114 3443 4168 Lux

1883 4213 2024 4267 enim
2070 4226 2212 4270 sunt,
2247 4219 2300 4262 et
2334 4207 2380 4263 si
2431 4207 2701 4269 occidero,
2751 4207 2945 4257 iterum
3001 4205 3257 4265 exoriar;
3291 4221 3309 4254 ι
3347 4219 3442 4255 vos

1885 4303 2046 4373 igitur
2075 4301 2345 4354 ambulate
2376 4299 2612 4367 quandiu
2666 4297 2834 4351 lucem
2876 4296 3103 4360 habetis,
3141 4314 3159 4346 ι
3199 4297 3297 4349 hoc
3335 4309 3440 4361 est,

1883 4393 2098 4447 Credite
2128 4394 2178 4444 in
2211 4407 2315 4444 me.
2348 4390 2517 4454 Quale
2545 4400 2722 4442 autem
2752 4398 2958 4456 tempus
2995 4389 3093 4443 hoc
3133 4391 3247 4444 loco
3278 4392 3445 4445 dicit?

1889 4504 2013 4539 nnui
2057 4488 2156 4538 hoc
2190 4486 2330 4552 quod
2373 4493 2516 4546 ante,
2555 4481 2633 4535 vel
2671 4492 2790 4550 post
2819 4483 3072 4536 erucem?
3110 4481 3440 4552 Utrumque;

219 4568 327 4638 πρὸ
357 4567 452 4620 τοῦ
482 4569 736 4637 σταυροῦ,
771 4572 802 4639 ἢ
832 4572 923 4624 τὸν
951 4578 1089 4642 μετά
1116 4573 1207 4626 τὸν
1239 4578 1489 4645 σταυρὸν,
1524 4580 1556 4648 ἢ
1595 4581 1775 4648 ἀμφο-
1803 4586 1855 4645 D
1888 4597 1900 4628 t

1760 4611 1775 4621 -
1803 4586 1855 4645 1)
1888 4597 1904 4628 ι
1934 4574 2213 4628 Ambulate
2245 4591 2262 4623 ι
2289 4575 2452 4637 enim,
2473 4571 2663 4640 inquit,
2689 4583 2742 4624 et
2763 4573 2966 4626 credite
2989 4575 3041 4626 in
3069 4589 3171 4635 mc,
3198 4586 3250 4629 et
3270 4577 3441 4643 prius-

219 4662 433 4728 τὲρους.
463 4678 482 4710 ι
506 4661 888 4730 Περιπατεῑτε,
916 4683 933 4715 ι
961 4665 1088 4735 γάρ,
1114 4670 1265 4736 φησι,
1285 4670 1378 4721 καὶ
1395 4672 1675 4723 πιστεύετε
1701 4677 1779 4736 εἰς

218 4751 341 4819 ἐμὲ,
372 4751 468 4803 καὶ
497 4753 626 4820 πρὶν
653 4751 684 4820 ἢ
734 4756 1047 4823 σταυωθῶ,
1079 4758 1172 4810 καὶ
1230 4763 1366 4828 μετὰ
1393 4761 1482 4812 τὸν
1511 4766 1776 4832 σταυρόν.

212 4842 388 4895 τοῦτο
444 4843 551 4913 γὰρ
593 4843 744 4912 δηλοῖ
797 4846 854 4896 ἐν
909 4845 985 4916 τῷ
1031 4847 1242 4914 λέγειν,
1298 4868 1316 4900 ι
1363 4850 1505 4913 Ἐως
1551 4853 1612 4903 τὸ
1665 4853 1779 4920 φῶς

213 4932 370 5003 εχετε
390 4948 405 4962 '
444 4951 462 4984 ο
497 4934 795 4998 τουτέστιν,
832 4936 976 4999 Ἕως
994 4937 1220 4991 δύνασθε
1245 4941 1323 5002 εἰς
1350 4940 1448 5009 ἐμὲ
1481 4944 1776 4995 πιστεύεινο

215 5025 450 5079 δύνασθε
483 5026 538 5079 δὲ
569 5028 661 5079 καὶ
697 5028 802 5096 πρὸ
850 5027 942 5081 τοῦ
991 5030 1253 5100 σταυροῦ,
1308 5035 1402 5086 καὶ
1435 5035 1572 5102 μετά
1606 5036 1772 5088 ταῦτα

216 5116 505 5170 πιστεῦσαι
527 5118 605 5180 εἰς
634 5118 763 5186 ἐμὲ,
787 5118 844 5181 ὅς
867 5121 981 5188 εἰμι
1010 5120 1145 5189 φῶς.
1175 5138 1193 5171 ι
1241 5121 1305 5174 '0
1325 5121 1379 5174 δὲ
1403 5126 1717 5191 περιπατῶν
1750 5146 1768 5176 ι

211 5208 271 5259 ἐν
303 5210 370 5276 τῇ
403 5208 650 5278 ἀπιστία,
695 5227 712 5260 t
752 5210 853 5261 οὑκ
884 5208 992 5263 οἶδε
1029 5211 1129 5264 ποῦ
1167 5212 1386 5279 ὑπάγει.
1431 5233 1449 5266 ι
1487 5215 1632 5268 Πόσα
1666 5219 1772 5288 γὰρ

208 5302 255 5351 οἱ
301 5299 542 5353 Ἰουδαῖοι
577 5300 670 5353 νῦν
696 5303 1024 5370 πράττουσι,
1058 5305 1150 5355 καὶ
1186 5305 1287 5357 οὑκ
1333 5307 1478 5359 ἴσασι
1513 5309 1563 5360 τί
1595 5311 1768 5381 πράτ-

289 5417 330 5448 ⁸⁸
358 5415 500 5472 Psal.
535 5434 622 5484 xv,
654 5416 740 5472 10.
818 5420 859 5450 ¹⁹
889 5418 1022 5475 Gen.
1063 5436 1206 5484 xux,
1229 5421 1281 5475 9.

1359 5424 1403 5454 “
1445 5425 1624 5479 l'l‘im.
1662 5444 1698 5493 ι,
1731 5431 1788 5482 I7
1816 5450 1829 5497 ;
1860 5432 2025 5486 Et‘Cii.
2065 5444 2246 5492 xxxvi,
2270 5427 2323 5480 2.

1878 4685 2035 4738 quant
2057 4668 2356 4735 crttcii‘tgar,
2383 4675 2438 4720 et
2467 4676 2586 4732 post
2616 4680 2852 4720 crucem.
2879 4665 2988 4718 Hoc
3010 4668 3151 4719 enim
3173 4668 3441 4732 signilit‘at

1879 4759 2103 4814 dicendo
2131 4777 2143 4811 :
2170 4778 2185 4809 t
2212 4757 2646 4824 QuantliuLIucem
2674 4757 2900 4817 habetis,
2932 4776 2951 4809 ι
2977 4760 3076 4810 hoc
3094 4772 3170 4811 ρει
3193 4756 3436 4822 Ottandm

1880 4855 2108 4924 potestis
2164 4853 2216 4904 in
2274 4865 2360 4903 me
2407 4851 2646 4903 credere.
2702 4848 2931 4903 Potestis
2980 4863 3157 4905 autem
3215 4863 3268 4905 et
3315 4866 3436 4907 ante

1879 4959 2093 4998 crucem
2125 4954 2178 4994 et
2204 4950 2385 5007 postea
2417 4939 2638 4993 credere
2665 4941 2716 4992 in
2751 4954 2853 5000 me,
2884 4941 2973 5008 qui
3008 4957 3131 4995 sum.
3151 4941 3256 4995 lux.
3291 4963 3308 4991 ‹
3337 4945 3440 5007 Qui

1881 5048 2056 5090 autem
2087 5035 2321 5088 ambulat
2351 5050 2372 5082 ι
2422 5033 2471 5084 in
2514 5031 2907 5095 incrttdelitate,
2950 5051 2967 5083 ι
3008 5036 3175 5087 nescit
3216 5050 3320 5103 quo
3353 5044 3444 5089 vl-

1880 5130 2033 5196 dat.)
2058 5125 2245 5180 Omnia
2272 5127 2431 5193 igitur
2453 5139 2570 5192 qua:
2591 5121 2756 5176 Judaei
2787 5139 2927 5177 nunc
2945 5124 3167 5188 fuerunt,
3193 5132 3436 5181 nesciunt

1879 5220 2007 5289 quid
2059 5219 2294 5280 iaciant,
2349 5218 2439 5270 sed
2479 5218 2529 5268 in
2569 5217 2804 5269 tenebris
2844 5217 3059 5284 quidem
3099 5221 3436 5274 ambulantes

1879 5316 2124 5366 videntur
2146 5320 2342 5363 rectam
2367 5309 2503 5361 viain
2530 5309 2795 5361 incedere.
2822 5305 3052 5361 Omnino
3076 5320 3251 5363 autem
3275 5325 3430 5370 secus

2404 5429 2442 5457 ²¹
2468 5425 2624 5480 Joan.
2664 5440 2760 5492 xu,
2785 5425 2871 5479 34.

1165 5547 1255 5606 Ex
1286 5547 1625 5612 collatione
1656 5553 1839 5614 codd.
1879 5556 2106 5616 Venet.
2151 5555 2213 5614 S.
2247 5549 2462 5611 Marci.

281 5657 395 5726 (3|)
446 5656 616 5733 Codri.
661 5658 722 5712 3|
769 5668 823 5733 et
873 5659 973 5733 δε,
1011 5661 1222 5733 Ὢσανεὶ
1265 5663 1422 5718 τοῦτο
1474 5667 1754 5733 λεγόντων.

209 5729 300 5796 Μὴ
331 5731 557 5796 νομίσῃς
583 5729 663 5781 ὃτι
688 5731 816 5797 περὶ
845 5731 938 5800 σοῦ
963 5732 1214 5800 λέγομεν,
1247 5736 1337 5784 καὶ
1366 5729 1559 5798 εἴποις,
1589 5739 1668 5789 ὅτι
1695 5740 1762 5789 δι’

208 5800 506 5877 ἀπέχθειαν
530 5799 940 5877 ἐναντιοὺμεθα,
977 5799 1225 5877 ἱδοὺγγάρ-
1247 5804 1364 5854 οὑδὲ
1395 5807 1609 5875 οέδλμεν
1637 5811 1766 5877 περὶ

211 5885 352 5930 τῳ.ος
382 5872 578 5933 λέγεις,
605 5887 654 5923 κ.
697 5887 743 5922 τ.
766 5869 812 5925 λ.
844 5889 861 5921 ι
897 5872 1057 5936 Quasi
1100 5876 1167 5926 ita
1191 5869 1482 5929 dtt'cntium
1514 5869 1531 5929 ἶ
1570 5879 1640 5931 Νι·
1671 5869 1762 5946 ltit-

1869 5681 1969 5744 tcs.
1998 5686 2092 5724 nos
2121 5671 2186 5723 de
2221 5680 2271 5724 te
2308 5667 2487 5737 loqui;
2528 5679 2602 5744 ac_
2630 5677 2698 5717 ne
2719 5663 2891 5727 dicas,
2917 5668 3057 5744 quod
3097 5684 3158 5720 ex
3186 5672 3307 5744 odio
3346 5665 3438 5723 hiat

1875 5745 2225 5864 l:idvcrsctunt'
2279 5755 2291 5790 :
2349 5752 2475 5794 cccc
2518 5737 2661 5792 enim
2724 5749 2896 5804 neque
2956 5739 3156 5793 scimus
3205 5741 3271 5793 dc
3333 5750 3438 5807 (tuo

1915 5828 2044 5864 tt-as.
2085 5830 2102 5861 ι
2141 5822 2246 5864 etc.

1951 5828 2044 5876 as,
2085 5830 2102 5861 ι
2141 5827 2246 5864 ctc.
