4256 6446
257 427 356 492 iii

930 428 1371 491 ΕΝΑΠΠΑΤΙΟ
1410 427 1489 487 ΙΝ
1526 427 2022 488 EVANGELIUM
2055 426 2390 488 JOANNIS.
2433 453 2502 463 -
2543 427 2611 488 C.“

1246 428 1371 487 T10
1410 427 1489 487 ΙΝ
1526 427 2022 488 EVANGELIUM
2055 426 2390 488 JOANNIS.
2433 453 2502 463 -
2543 427 2699 488 CAP.
2739 423 2876 488 ΧΙῙ,
2920 454 2927 463 ·

3411 428 3512 495 142

249 551 458 620 κτῆρα;
489 551 640 619 Οὐχί.
670 550 746 602 Οὐ
775 552 881 621 γὰρ
906 550 968 620 δὴ
995 551 1155 619 σῶμα
1175 551 1203 602 6
1222 550 1433 619 Πατὴρ,
1454 549 1542 602 ἵνα
1561 551 1588 602 6
1613 549 1832 618 θεωρῶν
1867 558 1915 615 Α

1827 558 2062 619 Ἀιιιις,
2123 559 2178 603 ut
2227 551 2316 619 qui
2372 550 2724 618 corporaliter
2771 551 2915 604 vilct
2971 548 3274 613 Christum,
3332 548 3508 600 videre

251 643 588 710 σωματικῶε
624 643 714 695 τὶν
767 643 1002 712 Χριστὸν
1026 682 1041 701 ,
1080 641 1305 711 θεωρεῖν
1345 642 1436 693 καὶ
1486 642 1577 693 τὸν
1616 641 1833 710 Πατέρα

251 737 493 804 λεχθείη·
531 736 665 788 ἀλλὰ
696 735 929 806 θεωρίαν
975 735 1074 805 τὴν
1115 737 1256 789 κατὰ
1299 735 1428 789 νοῦν
1474 733 1710 788 ἐνταῦθά
1744 752 1860 806 μοι,

253 830 362 882 νόει
385 843 396 856 ·
430 829 616 900 ὥσπερ
641 829 706 881 ἂν
733 831 782 893 εἰ
806 828 982 892 οὕτως
1001 828 1208 898 ἔλεγεν·
1248 827 1310 881 Ὀ
1332 829 1431 887 τὴν
1458 830 1598 899 ἐμὴν
1617 827 1830 892 οὐσίαν,

249 921 329 984 ὡς
367 921 599 974 δυνατὸν
634 921 939 991 ἀνθρώπῳ,
986 919 1315 974 καταλαϐὼν
1354 921 1441 974 διὰ
1472 922 1570 990 τῆς
1604 919 1836 990 θεωρίας

248 1012 343 1066 τοῦ
379 1014 496 1075 νοῦ,
528 1015 620 1066 καὶ
657 1013 758 1084 τὴν
797 1013 891 1066 τοῦ
941 1015 1158 1084 Harpe;
1208 1014 1557 1082 κατείληφεν.
1622 1012 1680 1065 Ὀ
1729 1012 1831 1082 ἐμὲ

250 1109 440 1176 γνοὺς,
474 1109 557 1161 ὅτι
588 1108 742 1172 Θεὸς,
770 1109 864 1161 καὶ
891 1109 981 1159 τὸν
1011 1107 1228 1175 Πατέρα
1259 1109 1500 1170 πάντως·
1538 1105 1700 1160 εἰκὼν
1728 1107 1833 1177 γάρ

249 1205 368 1272 εἰμι
402 1202 496 1255 τοῦ
531 1203 768 1272 Πατρός.
811 1203 912 1255 Διὰ
952 1203 1172 1257 πάντων
1205 1203 1263 1256 δὲ
1301 1203 1507 1256 τούτων
1549 1204 1611 1255 τὸ
1643 1202 1836 1272 ὁμοσύ-

253 1316 370 1351 σιον
399 1297 654 1366 δηλοῦται
682 1297 776 1350 τοῦ
803 1298 1016 1369 Πατρὸς
1045 1301 1139 1351 καὶ
1166 1297 1262 1351 τοῦ
1288 1297 1443 1375 Υ-ἱοῦ.
1463 1299 1835 1352 Ἀκουέτωσαν

249 1394 301 1445 ot
331 1392 401 1444 τὰ
429 1391 523 1444 τοῦ
571 1390 784 1460 Ἀρείου
812 1391 1116 1454 νοσοῦντες,
1155 1393 1238 1445 ὅτι
1271 1393 1300 1443 ὁ
1332 1390 1605 1446 πιστεύων
1638 1394 1717 1454 είς
1743 1394 1835 1447 τὸν

255 1483 386 1534 Tim
442 1483 503 1536 ού
538 1482 784 1535 πιστεύει
816 1483 894 1545 είς
937 1483 1131 1549 αὑτὸν,
1168 1484 1284 1536 ἀλλ’
1317 1485 1397 1547 εἰς
1443 1484 1535 1536 τὸν
1573 1484 1830 1553 Πατέραο

251 1569 452 1640 ὦστεῆ
483 1571 688 1641 κτίσμα
735 1572 830 1624 καὶ
861 1573 888 1625 6
925 1572 1136 1644 Πατὴρ,
1168 1573 1199 1644 ἢ
1228 1573 1348 1627 οὐδὲ
1373 1575 1401 1627 6
1431 1573 1577 1636 Υίός.
1624 1573 1832 1644 Ὥσπερ

253 1663 320 1716 ἃν
353 1664 499 1715 εἴποι
523 1681 628 1728 τις,
655 1664 737 1717 ὅτι
780 1663 839 1716 Ὀ
864 1663 923 1716 τὸ
947 1666 1040 1718 τοῦ
1067 1665 1312 1736 ποταμοῦ
1342 1652 1642 1738 ἀρυόμενος
1668 1666 1832 1738 ὕδωρ,

251 1757 314 1806 οὐ
348 1755 410 1806 τὸ
440 1754 535 1808 τοῦ
571 1754 843 1824 ποταμοῦ,
885 1756 1021 1809 ἀλλὰ
1061 1755 1120 1808 τδ
1163 1759 1262 1825 τῆς
1307 1757 1493 1827 πηγῆς
1534 1758 1831 1828 λαμϐάνειο

255 1846 403 1898 οὕτω
433 1846 528 1898 καὶ
556 1848 584 1900 6
614 1846 889 1899 πιστεύων
924 1849 1004 1911 εἰς
1035 1848 1127 1900 τὸν
1160 1847 1308 1912 Υἰὸν,
1351 1850 1450 1902 οὐκ
1479 1852 1558 1913 είς
1588 1851 1678 1902 τὸν
1710 1851 1836 1903 Υἱὸν

1935 641 2148 694 dicatur
2181 651 2232 694 et
2268 639 2517 704 Patrem,
2551 641 2643 694 sed
2679 641 2911 710 intelligo
2939 641 3024 695 hic
3061 642 3320 694 visionem
3358 655 3507 689 men-

1939 732 2096 787 talcm
2126 734 2263 787 sicut
2309 733 2351 787 si
2397 734 2467 785 ita
2499 734 2721 796 diceret,
2772 731 2872 797 Qui
2905 748 3073 786 nteant
3117 731 3501 790 substantiam,

1936 834 1994 878 ut.
2037 826 2288 893 possibile
2331 834 2414 879 est
2451 823 2675 889 homini,
2722 824 3188 892 comprehenderit
3221 839 3313 893 per
3338 821 3504 892 683

1935 917 2441 986 contemplationem
2493 918 2710 981 mentis,
2765 926 2818 971 et
2881 916 3057 970 Patris
3120 916 3509 985 quoque.snb-

1936 1011 2191 1064 stantiam
2227 1010 2603 1078 apprehendit.
2633 1011 2733 1076 Qui
2787 1010 3039 1079 cognovit
3081 1023 3165 1062 tne
3213 1019 3268 1060 ιιι
3319 1009 3504 1089 [_)eutr,

1935 1103 2096 1156 etiam
2144 1102 2357 1156 Patrem
2389 1104 2647 1156 omnino:
2682 1103 3115 1172 quandoquidem
3164 1104 3340 1172 imago
3386 1119 3504 1155 sum

1936 1193 2136 1250 Patris.
2165 1194 2268 1249 Per
2289 1195 2465 1248 omnia
2501 1206 2678 1248 autent
2707 1196 2817 1248 lucc
2841 1195 3238 1258 manifestatur,
3260 1194 3502 1248 eamdem

1933 1303 2058 1343 esse
2078 1290 2430 1342 substantiam
2471 1290 2644 1342 Patris
2671 1303 2733 1342 ac
2767 1288 2908 1341 Filii.
2945 1290 3178 1342 Andiant
3217 1289 3307 1356 qui
3345 1287 3503 1342 Aria-

1938 1396 2128 1435 norum
2170 1381 2363 1435 morbo
2398 1382 2643 1434 laborant
2679 1398 2691 1434 :
2724 1380 2823 1445 Qui
2862 1381 3032 1434 credit
3065 1381 3115 1432 in
3147 1379 3366 1440 Filium,
3401 1393 3504 1432 nan

1936 1476 2108 1528 credit
2141 1475 2191 1526 in
2221 1490 2364 1535 eum,
2414 1476 2507 1526 sed
2543 1475 2592 1526 in
2629 1475 2864 1527 Patrem.
2927 1472 3110 1540 Itaque
3138 1481 3229 1545 aut
3256 1483 3502 1526 creatura

1938 1567 2101 1620 etiam
2178 1564 2355 1629 Pater,
2407 1575 2494 1617 aut
2568 1579 2741 1633 neque
2796 1565 2984 1630 Filius,
3055 1565 3504 1633 quemadmodum

1939 1658 2134 1709 dixerit
2189 1657 2308 1723 quis
2345 1675 2356 1710 :
2415 1657 2514 1722 Qui
2571 1659 2744 1710 haurit
2778 1672 2970 1725 aquam
3005 1672 3070 1711 ex
3105 1655 3368 1722 ﬂumine;
3399 1668 3502 1709 n0n

1941 1749 2080 1815 quod
2110 1750 2272 1816 llnvii,
2309 1751 2402 1804 sed
2435 1753 2576 1818 quod
2609 1751 2770 1805 fontis
2800 1751 2998 1815 sumit;
3031 1751 3104 1803 ita
3133 1759 3191 1804 et
3214 1750 3302 1818 qui
3335 1751 3507 1803 credit

1940 1842 1991 1896 in
2045 1842 2260 1906 Filium,
2313 1859 2418 1898 non
2473 1845 2522 1896 in
2555 1844 2744 1897 Filium
2811 1844 2980 1898 credit
3022 1840 3239 1896 ﬂuvium
3294 1841 3507 1912 (neque

256 1936 507 1988 πιστεύει
536 1935 625 1987 τὸν
657 1936 901 2006 ποταμὸν
938 1937 1097 2004 (οὐδὲ
1127 1938 1235 2007 γάρ
1264 1939 1428 2006 ἄλλης
1468 1941 1655 2002 οὐσίας
1686 1940 1833 1992 ἐστὶν
1869 1927 1907 1982 Β

1825 1958 1833 1987 ν
1869 1927 1907 1982 Β
1937 1936 2076 1988 enim
2112 1936 2334 1988 alterius
2394 1937 2711 1989 santantiae
2751 1945 2831 1987 est
2880 1935 3068 1997 Filius,
3121 1947 3293 2002 neque
3347 1932 3506 1984 habet

252 2029 280 2078 ὁ
305 2026 458 2090 Υἱὸς,
486 2029 604 2080 οὐδὲ
630 2029 740 2097 ἔχει
772 2046 824 2080 τι
862 2027 1009 2095 παρὰ
1044 2029 1134 2080 τὸν
1167 2030 1452 2098 Πατέρα),
1483 2031 1596 2082 ἀλλ’
1625 2033 1704 2094 τίς
1736 2033 1831 2102 τὴν

257 2120 444 2189 πηγὴν
477 2119 575 2172 τοῦ
602 2120 810 2188 ἀγαθοῦ
846 2121 1114 2185 πιστεύει,
1151 2122 1240 2174 τὸν
1277 2123 1496 2192 Πατέρα
1529 2123 1690 2192 φημί.

333 2229 352 2262 ι
406 2209 548 2279 Ἐγὼ
583 2212 695 2280 φῶς
736 2215 815 2275 είς
851 2214 942 2265 τὸν
981 2215 1184 2283 κόσμον
1219 2213 1452 2283 ἐλήλυθα
1475 2256 1486 2275 ,
1526 2217 1612 2268 ἵνα
1648 2218 1754 2280 πᾶς
1807 2220 1832 2270 6

254 2302 531 2354 πιστεύων
557 2306 636 2365 είς
663 2302 760 2371 ἐμὲ
823 2304 878 2355 ὲν
912 2305 976 2372 τῇ
1023 2303 1210 2374 σκοτίᾳ
1245 2307 1317 2374 μὴ
1363 2309 1542 2374 μείνῃ.
1595 2309 1700 2360 Καὶ
1740 2311 1834 2361 ἐάν

252 2394 340 2454 τίς
377 2409 480 2462 μου
503 2394 710 2461 ἀκούσῃ
741 2394 849 2446 τῶν
878 2395 1155 2464 ῥημάτων,
1189 2398 1283 2448 καὶ
1312 2398 1386 2467 μὴ
1417 2400 1698 2472 πιστεύσῃ,
1726 2401 1835 2468 ἐγὼ

253 2485 317 2537 ού
356 2486 527 2556 κρίνω
572 2487 755 2540 αὐτόν.
791 2486 865 2539 Ού
916 2488 1025 2559 ’γὰρ
1059 2483 1243 2560 ἦλθον,
1283 2490 1368 2542 ἵνα
1416 2492 1585 2561 κρίνω
1615 2494 1702 2544 τὸν
1742 2496 1832 2544 κό-

257 2593 421 2644 σμον,
465 2579 696 2630 ἀλλ’ἵνα
744 2578 903 2632 σώσω
938 2581 1024 2632 τὸν
1063 2583 1290 2651 κόσμον.
1332 2600 1348 2632 ι
1403 2584 1511 2635 Καὶ
1544 2585 1702 2635 πάλιν
1750 2586 1834 2638 διὰ

255 2667 452 2721 τούτου
486 2669 583 2739 τὴν
612 2671 1006 2741 ὁμοουσιότητα
1056 2675 1328 2742 ἐμφαίνει.
1394 2676 1546 2727 Ἐπεὶ
1598 2676 1703 2745 γὰρ
1741 2681 1835 2730 καὶ

255 2763 284 2813 6
323 2761 514 2832 Πατὴρ
561 2763 835 2833 πανταχοῦ
889 2767 985 2834 τῆς
1037 2767 1256 2836 Γραφῆς
1300 2767 1414 2834 φῶς
1467 2769 1702 2834 λέγεται,
1751 2770 1836 2823 διὰ

255 2853 418 2907 τοῦτο
453 2857 544 2908 καὶ
576 2859 706 2925 περὶ
746 2857 940 2909 ἑαυτοῦ
992 2873 1174 2927 φησιν·
1232 2877 1247 2908 ι
1306 2860 1444 2926 Ἐγὼ
1479 2861 1591 2929 φῶς
1625 2863 1702 2919 εἰς
1745 2863 1836 2914 τὸν

257 2944 473 3013 κόσμον
506 2946 757 3016 ἐλήλυθα.
796 2965 813 2998 ι
858 2947 1019 3000 Ὅθεν
1053 2951 1144 3002 καὶ
1193 2949 1222 2998 ὁ
1252 2950 1460 3012 Παῦλος
1494 2951 1835 3023 ἀπαύγασμα

256 3038 422 3090 αὑτὸν
463 3038 743 3108 ὀνομάζει,
791 3040 1002 3103 δεικνὺς
1037 3040 1306 3106 ἐντεῦθεν,
1351 3042 1425 3103 ὡς
1471 3045 1621 3095 οὐδὲν
1675 3047 1836 3113 μέσον

261 3131 472 3201 Πατρὸς
499 3132 592 3183 καὶ
622 3132 773 3195 Υῑοῦ,
803 3133 916 3185 ἀλλ’
944 3133 1060 3201 ἅμα
1092 3133 1300 3203 Πατὴρ,
1335 3135 1448 3202 ἅμα
1476 3135 1621 3198 Υἱὸς,
1650 3135 1836 3206 ὥσπερ

259 3221 378 3290 ἅμα
410 3224 486 3292 τῷ
526 3227 662 3292 φωτὶ
706 3224 766 3276 τὸ
810 3223 1168 3292 ἀπαύγασμα.
1207 3226 1323 3288 Φῶς
1355 3221 1446 3278 οὖν
1492 3228 1584 3279 καὶ
1620 3229 1647 3279 6
1693 3229 1831 3291 Υίὸς,

259 3313 348 3366 διά
380 3331 437 3365 τε
468 3315 528 3367 τὸ
559 3314 765 3384 πλάνης
807 3315 1189 3380 ἀπαλλάττειν,
1222 3318 1316 3369 καὶ
1348 3319 1406 3371 τὸ
1437 3319 1624 3389 νοητὸν
1648 3321 1834 3384 σκότος

260 3404 430 3458 λ’ἐειν·
477 3407 568 3458 καὶ
607 3408 688 3459 ὅτι
737 3406 926 3477 ὥσπερ
965 3407 1025 3459 τὸ
1055 3408 1166 3475 φῶς
1202 3410 1388 3476 φανὲν,
1422 3413 1514 3463 καὶ
1550 3411 1712 3464 ἑαυτὸ
1739 3413 1833 3482 ὂῆ-

261 3498 351 3550 λον
379 3501 540 3564 ποιεί,
568 3500 659 3552 καὶ
684 3501 752 3551 τά
775 3499 936 3552 λοιπά
960 3502 1148 3569 ὁρατά*
1181 3499 1324 3553 οὕτω
1343 3504 1436 3554 καὶ
1459 3505 1486 3555 6
1512 3503 1636 3566 Υἱὸς
1667 3505 1836 3559 ἐλθὼν

262 3593 356 3642 καὶ
387 3595 572 3658 φανεὶς
607 3594 757 3661 ἡμῖν,
802 3593 989 3645 ἑαυτὸν
1023 3592 1284 3662 ἐγνώρισε
1318 3595 1411 3645 καὶ
1472 3595 1560 3647 τὸν
1596 3597 1831 3662 Πατέρα,

261 3688 353 3733 καὶ
390 3683 521 3751 :96,-
553 3685 732 3735 πᾶσαν
759 3683 959 3748 γνῶσιν
996 3685 1089 3746 τὰς
1130 3683 1358 3753 καρδίας
1392 3683 1499 3736 τῶν
1527 3686 1830 3754 παραδεξα·

266 3775 444 3844 μένων
494 3776 673 3840 αὐτὸν,
726 3776 1013 3845 ἐφώτισεν.
1076 3795 1094 3828 ι
1157 3776 1283 3830 Ἐάν
1324 3796 1406 3840 τις
1449 3778 1654 3849 ἀκούσῃ
1708 3797 1831 3849 μου,

262 3869 417 3935 φησὶ,
447 3871 539 3921 καὶ
565 3869 625 3920 οὐ
657 3869 942 3940 πιστεύσῃ,
975 3869 1083 3936 ἐγὼ
1114 3869 1174 3921 οὑ
1208 3869 1378 3936 κρίνω
1406 3869 1587 3922 αὐτόν.
1621 3870 1695 3922 Οὐ
1727 3871 1832 3941 γὰρ

259 3955 441 4029 ἦλθον,
500 3960 585 4013 illa
635 3961 806 4029 κρίνω
852 3962 942 4012 τὸν
991 3961 1214 4030 κόσμον,
1268 3960 1380 4013 ἀλλ’
1426 3962 1512 4014 ἵνα
1547 3961 1704 4015 σώσω
1744 3963 1834 4015 τὸν

263 4054 486 4120 κόσμον.
522 4070 539 4102 ι
581 4053 645 4103 '0
678 4052 734 4104 δὲ
769 4052 914 4119 λέγει
943 4051 1184 4104 τοιοῦτόν
1219 4055 1356 4105 ἐστι·
1398 4054 1488 4124 Τῷ
1520 4054 1830 4108 ἀπιστοῦντι

260 4141 531 4211 ἀνθρώπῳ
564 4144 662 4193 οὐκ
701 4139 811 4207 ἐγὼ
843 4142 1014 4205 αἴτιός
1045 4145 1160 4214 εἰμι
1195 4144 1294 4213 τῆς
1343 4146 1736 4214 κατακρίσεως
1772 4147 1832 4199 οὐ

261 4232 371 4300 γάρ
406 4232 496 4282 ἐπὶ
530 4231 701 4300 τούτῳ
732 4226 895 4301 ἦλθον
942 4233 1393 4303 προηγουμένως,
1439 4234 1551 4286 ἀλλ’
1604 4235 1663 4302 ἐξ
1698 4237 1835 4295 arto:

259 4323 593 4391 τελέσματος
645 4321 804 4374 τοῦτο
851 4323 1072 4392 συνέϐη.
1141 4325 1281 4392 Ἐγὼ
1338 4327 1437 4394 μὲν
1485 4327 1594 4395 γὰρ
1645 4323 1828 4395 ἦλθον,

265 4432 282 4463 ι
326 4413 412 4464 ἵνα
447 4413 626 4478 σώσω,
663 4430 682 4462 ι
721 4415 810 4464 καὶ
839 4412 926 4466 διὰ
954 4412 1111 4465 τοῦτο
1137 4413 1371 4479 ἐδίδαξα.
1407 4414 1469 4466 Et
1503 4417 1557 4466 δέ
1589 4428 1670 4477 τις
1697 4416 1826 4466 άπι-

263 4508 399 4568 στεῖ,
435 4506 533 4558 σῦκ
582 4505 692 4570 ἐγὼ
728 4505 899 4567 αἴτιός
937 4506 1052 4574 εἰμι
1096 4505 1242 4574 αύτῷ
1293 4509 1391 4574 τῆς
1427 4507 1826 4576 κατακρίσεως,

1937 2029 2133 2095 aliquid
2168 2038 2358 2093 ιιι-ποιοῖ
2382 2027 2592 2080 Patrem
2620 2035 2660 2094 ),
2695 2028 2786 2080 sed
2823 2027 2874 2079 in
2910 2026 3110 2078 fontem
3148 2027 3269 2078 boni
3300 2025 3504 2082 credit.

1938 2121 2177 2184 Patroni,
2215 2121 2450 2187 inquam.

2011 2214 2167 2265 Vnus.
2214 2212 2407 2274 46,47.
2458 2229 2475 2261 ι
2530 2211 2640 2277 Ego
2696 2213 2781 2263 lux
2835 2213 2886 2264 in
2939 2211 3196 2264 mundum
3247 2209 3400 2274 veni,
3451 2220 3507 2261 ut.

1935 2307 2110 2359 ()llllliS
2153 2306 2243 2373 qui
2294 2306 2457 2358 credit
2500 2305 2549 2356 in
2586 2317 2691 2373 me,
2729 2305 2778 2356 in
2831 2304 3068 2357 tenebris
3111 2319 3217 2356 non
3271 2311 3505 2354 maneat.

1937 2398 2000 2450 lit
2033 2398 2076 2450 si
2109 2400 2225 2463 quis
2253 2397 2479 2449 audierit
2509 2397 2667 2449 verba
2693 2409 2834 2457 mea,
2864 2404 3046 2448 etnon
3076 2394 3385 2454 crediderit.
3408 2409 3508 2462 ego

1937 2507 2040 2543 non
2071 2491 2252 2557 judico
2294 2504 2436 2542 eum.
2473 2485 2587 2540 Non
2622 2487 2762 2540 enim
2800 2486 2920 2540 veni
2957 2486 3012 2540 in
3046 2486 3302 2539 mundum
3338 2495 3391 2538 ut
3420 2485 3506 2553 ju-

1935 2579 2109 2630 dicetn
2148 2579 2425 2639 mundum,
2456 2580 2547 2630 sed
2583 2587 2638 2629 ut
2670 2577 2873 2630 salvem
2910 2578 3188 2629 mundum.
3231 2594 3250 2626 ι
3305 2576 3502 2629 lterum

1938 2680 1989 2723 et
2019 2685 2112 2735 per
2143 2669 2245 2722 hoc
2278 2684 2334 2722 se
2363 2667 2872 2722 consubstantialem
2902 2669 3044 2722 Patri
3081 2668 3335 2723 declarat.
3367 2665 3502 2719 Nam

1939 2762 2060 2828 quia
2104 2761 2260 2813 Pater
2293 2762 2343 2813 in
2382 2760 2663 2828 Scriptura
2709 2760 2909 2827 passim
2938 2761 3028 2813 lux
3062 2760 3280 2822 dicitur,
3315 2773 3506 2826 capro-

1939 2862 2123 2920 pteret
2154 2853 2217 2905 de
2242 2866 2298 2904 se
2322 2851 2436 2918 ipso
2458 2851 2622 2907 dicit:
2655 2869 2672 2902 ι
2706 2851 2922 2919 Egolux
2957 2851 3010 2904 in
3037 2851 3292 2904 nutndum
3325 2850 3498 2904 venia

1940 2941 2091 2997 Unde
2137 2955 2190 2997 et
2241 2943 2435 2997 Paulus
2481 2945 2524 2974 "
2583 2944 3006 2997 deradiationem
3059 2957 3181 2996 eum
3239 2942 3504 3005 nominat,

1938 3037 2226 3090 ostendens
2284 3037 2383 3089 hoc
2411 3036 2527 3089 loco
2557 3038 2699 3104 quod
2727 3035 2858 3089 nihil
2888 3037 3084 3089 mediet
3118 3035 3260 3088 inter
3287 3033 3502 3089 Patrem

1938 3145 1999 3180 ac
2030 3127 2258 3191 Filium;
2294 3129 2385 3181 sed
2416 3128 2502 3181 ubi
2537 3125 2719 3190 Pater,
2757 3127 2828 3181 ibi
2861 3126 3066 3180 Filius:
3100 3127 3242 3179 sicut
3273 3127 3360 3180 ubi
3389 3127 3500 3192 lux,

1943 3220 2012 3270 ibi
2055 3219 2368 3272 deradiatio.
2425 3217 2538 3271 Lux
2589 3218 2749 3286 igitur
2786 3227 2870 3271 est
2917 3217 3104 3280 Filius,
3157 3227 3212 3272 et
3263 3219 3388 3286 quia
3437 3220 3504 3270 ab

1941 3325 2124 3364 errore
2155 3310 2368 3374 liberat,
2417 3320 2472 3365 et
2518 3311 2640 3377 quia
2681 3311 2901 3363 discutit
2933 3310 3193 3364 mentales
3229 3309 3502 3363 tenebras.

1943 3400 2002 3452 Et
2032 3401 2170 3454 sicut
2198 3401 2285 3452 lux
2311 3415 2429 3466 quae
2457 3400 2784 3468 apparuerit.
2818 3409 2946 3452 etse
2981 3397 3320 3451 manifestam
3353 3397 3502 3460 facit,

1940 3506 2001 3543 ac
2035 3501 2227 3546 uetera
2271 3491 2540 3549 visibilia:
2577 3494 2644 3545 ita
2678 3503 2731 3545 et
2769 3490 2933 3544 Filius
2961 3491 3051 3558 qui
3085 3490 3228 3545 venit
3254 3501 3306 3544 et
3339 3504 3504 3559 appa-

1941 3585 2049 3634 ruit
2090 3583 2265 3645 nobis,
2306 3584 2539 3651 seipsum
2575 3593 2759 3635 notum
2808 3582 3033 3635 reddidit
3065 3597 3128 3634 ac
3177 3581 3410 3648 Patrem,
3450 3592 3506 3634 et

1937 3676 2082 3728 Omni
2113 3675 2336 3728 scientia
2378 3677 2536 3729 corda
2574 3675 2981 3742 suscipientiuin
3025 3673 3329 3755 illustravit.
3373 3693 3391 3723 ι
3442 3670 3501 3726 Si

1938 3770 2057 3836 quis
2086 3770 2314 3822 audierit
2345 3784 2449 3832 me,
2481 3770 2674 3836 inquit.
2709 3778 2762 3821 et
2788 3783 2891 3820 non
2923 3767 3237 3832 crediderit,
3271 3781 3370 3836 ego
3395 3780 3499 3819 non

1933 3861 2118 3930 judico
2166 3876 2308 3915 eum.
2350 3860 2462 3913 Non
2503 3862 2644 3913 enim
2685 3859 2805 3912 veni
2859 3858 3176 3927 utjudicem
3222 3857 3500 3920 mundum,

1938 3955 2032 4006 sed
2071 3964 2127 4005 nt
2160 3953 2361 4006 salvem
2397 3954 2672 4005 muiidum.
2720 3971 2737 4003 ι
2792 3951 2962 4017 Hujus
2998 3952 3120 4004 dicti
3157 3951 3279 4004 talis
3309 3964 3505 4006 sensus

1911 4053 2053 4120 .est:
2091 4042 2145 4094 EE
2180 4043 2268 4110 qui
2311 4043 2566 4095 discrcdit
2600 4041 2829 4104 homini,
2863 4041 2934 4094 illi
2964 4055 3064 4108 ego
3096 4057 3200 4093 non
3229 4055 3345 4093 sum
3377 4054 3505 4093 con.

1937 4134 2299 4188 demnationis
2344 4143 2572 4188 auctor:
2607 4149 2778 4202 neque
2808 4134 2951 4187 enim
2993 4133 3058 4185 ad
3095 4133 3194 4186 hoc
3239 4131 3505 4200 pracipue

1939 4227 2079 4290 vcni,
2109 4227 2320 4279 tametsi
2357 4227 2456 4279 hoc
2484 4241 2547 4279 ex
2571 4225 2922 4294 consequenti
2946 4223 3179 4277 eveniat.
3208 4223 3317 4290 Ego
3335 4222 3504 4286 enim,

1939 4321 2131 4388 inquit,
2155 4321 2270 4372 veni
2296 4337 2312 4369 ι
2343 4318 2643 4382 utsalvem,
2677 4335 2693 4368 ι
2721 4327 2771 4368 et
2792 4326 3011 4385 pronter
3033 4313 3136 4368 hoc
3152 4309 3504 4376 docui.Quod

1935 4414 1983 4466 si
2021 4412 2143 4482 quis
2193 4411 2466 4473 tliscredit,
2514 4426 2618 4462 non
2660 4424 2758 4478 ego
2787 4411 2834 4462 ei
2876 4407 3339 4462 condemnationis
3384 4417 3503 4457 sum

1935 4515 2140 4567 aut-tor,
2174 4503 2267 4556 sed
2302 4503 2413 4569 ipse
2458 4501 2558 4554 sibi
2592 4499 2707 4566 ejus
2744 4510 2933 4554 auctor
2979 4510 3102 4552 est:
3139 4499 3190 4551 id
3219 4494 3363 4564 quod
3405 4507 3502 4563 per

260 4598 376 4648 ἀλλ’
409 4598 569 4658 αὐτὸς
604 4598 783 4667 ἑαυτῷ
819 4597 1018 4667 ταύτην
1053 4596 1422 4650 ἐπεσπάσατο.
1459 4599 1568 4650 Καὶ
1600 4599 1686 4650 δια
1726 4599 1832 4649 τῶν
1868 4604 1908 4658 D
1938 4619 1941 4639 ι

1735 4599 1832 4649 τῶν
1868 4604 1908 4658 ο
1938 4609 1998 4648 ea
2026 4608 2144 4663 quae
2173 4600 2495 4662 sequuntur,
2531 4591 2702 4661 magis
2731 4591 2949 4645 evidens
2969 4589 3092 4650 erit,
3121 4602 3241 4657 qum
3273 4587 3416 4640 audi.

263 4690 402 4758 μετά
432 4689 598 4742 ταῦτα
621 4690 676 4742 δὲ
707 4691 908 4759 μᾶλλον
934 4689 1397 4763 σαφηνισθήσεται
1433 4690 1490 4743 τὸ
1519 4691 1831 4760 λεγόμενον

260 4781 355 4831 καὶ
386 4779 548 4832 ἄκουε
580 4779 688 4830 τῶν
723 4778 867 4850 ἑξῆς.

340 4891 358 4922 ι
412 4874 471 4923 Ὀ
506 4873 714 4926 ἀθετῶν
743 4874 865 4942 ἐμὲ,
901 4875 997 4926 καὶ
1039 4873 1114 4943 μὴ
1162 4874 1456 4942 λαμϐάνων
1504 4873 1571 4925 τὰ
1614 4873 1834 4943 ῥήματά

263 4981 388 5033 μου,
422 4964 534 5033 ἔχει
565 4966 653 5016 τὶν
686 4967 937 5034 κρίνοντα
968 4965 1147 5020 αὐτόν.
1200 4967 1260 5017 '0
1290 4966 1444 5032 λόγος
1481 4965 1540 5017 ὃν
1571 4965 1829 5034 ἐλάλησα,

260 5057 470 5116 ἐκεῖνος
507 5059 683 5124 κρινεῖ
723 5057 883 5108 αὑτὸν
925 5056 984 5109 ἐν
1027 5059 1092 5126 τῇ
1130 5057 1338 5127 ἐσχάτῃ
1364 5058 1568 5128 ἡμέραο
1595 5057 1678 5110 ὅτι
1719 5056 1828 5124 ἐγὼ

259 5147 320 5210 ἐξ
354 5147 592 5215 ἐμαυτοῦ
638 5148 736 5199 οὐκ
758 5149 1015 5220 ἐλάλησα,
1046 5148 1159 5200 ἀλλ’
1187 5152 1214 5203 6
1253 5149 1476 5217 πέμψας
1522 5166 1586 5217 με
1615 5149 1823 5219 Πατὴρ,

256 5237 418 5297 αὑτός
455 5253 543 5304 μοι
579 5236 794 5307 ἐντολὴν
828 5237 1018 5301 ἔδωκε,
1051 5239 1101 5289 τί
1132 5239 1292 5302 εἴπω,
1343 5237 1438 5289 καὶ
1485 5239 1535 5289 τί
1585 5239 1820 5308 λαλήσωο

258 5328 355 5380 καὶ
384 5322 497 5378 οἶδα
519 5368 533 5391 ,
567 5328 648 5380 ὅτι
680 5331 712 5395 ἡ
743 5329 929 5398 ἐντολὴ
960 5328 1125 5381 αὑτοῦ
1298 5331 1516 5392 αἰώνιός
1552 5333 1720 5382 ἐστιν.
1760 5333 1825 5382 "A

257 5414 352 5470 οὖν
400 5417 545 5470 λαλῶ
593 5419 724 5484 ἐγὼ,
778 5419 954 5483 καθὼς
988 5421 1178 5490 εἴρηκὲ
1217 5438 1304 5490 μοι
1349 5423 1376 5472 6
1425 5422 1635 5491 Πατὴρ,
1684 5421 1824 5473 οὕτω

257 5509 426 5561 λαλῶ.
473 5529 490 5560 ι
559 5509 717 5578 Ἐγὼ,
751 5512 937 5580 φησὶν,
969 5513 1159 5565 οὐδένα
1206 5514 1389 5583 κρίνω,
1423 5514 1537 5566 ἀλλ’
1571 5517 1597 5565 ὁ
1631 5516 1702 5583 μὴ
1748 5533 1830 5566 r.'.-.

260 5607 466 5653 στεύων
491 5606 600 5670 εχει
629 5605 716 5655 τὸν
744 5605 993 5670 κρίνοντα
1018 5606 1197 5657 αὐτόν·
1229 5607 1418 5674 ὥσπερ
1441 5605 1711 5674 εἰώθαμεν
1737 5607 1828 5657 καὶ

259 5695 417 5763 ἡμεῖς
456 5695 711 5755 πολλάκις
736 5696 930 5761 λέγειν,
955 5699 1080 5750 ὅταν
1116 5698 1319 5749 παιόζον
1341 5697 1604 5751 ara-4:09:
1631 5699 1828 5749 μέλλω-

330 5885 376 5913 "
421 5885 579 5938 Hebr.
635 5902 670 5950 t,
715 5885 744 5935 ὖ

2011 4867 2169 4921 Vens.
2208 4863 2397 4919 48-50.
2447 4882 2465 4915 ι
2497 4862 2597 4928 Qui
2632 4861 2807 4930 rejicit
2837 4875 2943 4922 me,
2987 4873 3085 4912 nec
3118 4857 3310 4925 accipit
3339 4856 3503 4909 verba

1941 4975 2079 5023 nn-a,
2112 4960 2272 5011 habet
2297 4956 2385 5024 qui
2414 4955 2621 5024 judicet
2652 4954 2845 5022 ipsum.
2877 4951 3069 5005 Sermo
3101 4965 3256 5018 quem
3296 4949 3505 5001 locutus

1934 5069 2074 5116 sum,
2107 5051 2192 5104 ille
2218 5047 2473 5114 indicabit
2499 5060 2621 5100 eum
2655 5046 2705 5097 in
2735 5054 2980 5097 extremo
3010 5041 3115 5103 die,
3158 5041 3282 5108 quia
3314 5053 3413 5108 ego
3435 5052 3501 5092 ex

1939 5145 2145 5212 meipso
2185 5157 2290 5194 non
2331 5155 2448 5194 sum
2480 5138 2716 5197 locutus.
2746 5135 2838 5190 sed
2876 5134 2969 5204 qui
3018 5133 3165 5189 misit
3201 5147 3284 5185 me
3321 5131 3498 5195 Pater,

1936 5235 2048 5303 ipse
2079 5234 2207 5286 mihi
2245 5233 2552 5284 mandatum
2598 5227 2744 5281 dedit
2774 5227 2899 5294 quid
2936 5226 3135 5286 dicam,
3174 5223 3379 5290 etquid
3417 5223 3497 5273 ιο-

1935 5343 2070 5395 quar
2101 5345 2112 5379 :
2145 5335 2199 5377 el
2229 5325 2340 5377 scio
2366 5323 2505 5392 quod
2541 5323 2846 5373 mandatum
2880 5320 2996 5384 ejus
3027 5327 3110 5369 est
3142 5317 3247 5368 vita
3275 5325 3496 5367 attenta.

1936 5425 2064 5486 Qua:
2091 5432 2220 5486 ergo
2251 5432 2346 5483 ego
2379 5415 2586 5482 loquor,
2606 5414 2754 5488 sicut
2783 5412 2915 5462 dixit
2945 5411 3068 5461 mihi
3101 5409 3281 5470 Pater,
3307 5407 3384 5460 sic
3418 5405 3499 5458 Io-

1937 5528 2090 5580 quor.
2131 5529 2147 5561 ›
2203 5511 2332 5577 ligo,
2383 5508 2575 5574 inquit,
2626 5503 2826 5554 nullum
2877 5501 3082 5567 judico;
3138 5500 3229 5552 sed
3260 5498 3348 5565 qui
3393 5511 3498 5548 non

1935 5605 2130 5664 credit,
2169 5603 2326 5654 habet
2353 5599 2682 5665 judicantem
2712 5610 2767 5648 se
2802 5609 2815 5643 :
2863 5594 3000 5647 sicut
3033 5602 3087 5644 et
3118 5608 3213 5643 nos
3246 5603 3384 5656 saepe
3415 5588 3498 5639 di-

1937 5711 2057 5750 rere
2106 5694 2483 5747 consuevimus
2533 5690 2746 5756 quando
2807 5699 3028 5753 puerum
3084 5680 3499 5751 incompositum
