4256 6446
706 371 805 433 ῙΗ

1558 366 2134 428 ΤΠΕΟΡΠΥΕᾸΟΤΙ
2181 368 2589 429 BULGARLE
2630 373 2985 431 AlttIIIIEP.

3850 370 3953 437 148

698 503 832 537 itam
881 496 1055 545 suam,
1086 481 1269 533 lavans
1314 479 1475 548 pedrs
1517 482 1929 545 discipulorum.
1982 480 2098 533 Non
2135 483 2275 532 enim
2311 482 2349 536 A

2311 482 2349 536 A
2380 483 2461 534 ὅτι
2494 485 2672 536 πάντα
2702 486 3022 555 παρέδωκεν
3090 486 3238 556 αὖτῷ
3284 490 3312 540 6
3346 489 3555 558 Πατὴρ,
3595 487 3688 542 καὶ
3730 488 3813 540 ὅτι
3859 487 3968 539 ἀπὸ

699 584 949 642 rapuerat
974 572 1217 640 gloriam,
1252 583 1307 625 ιιι
1342 574 1557 627 timeret
1585 574 1651 627 ab
1677 573 1762 627 illa
1800 573 2069 625 excidere.
2106 572 2275 647 686

699 665 763 720 Et
799 676 1077 735 prepterca
1124 680 1228 717 non
1278 664 1528 732 dignatur
1563 664 1763 718 humile
1793 663 2050 732 quiddam
2099 664 2276 719 facere

699 760 839 811 sicut
881 756 970 827 qui
1010 756 1260 826 generosi
1305 771 1415 811 non
1454 767 1600 822 sunt,
1643 757 1900 824 quoniam
1931 756 2154 825 gloriam
2187 771 2274 809 ra-

698 848 875 916 piunt,
902 846 1148 901 nolentes
1176 844 1282 899 ullo
1323 849 1482 901 modo
1525 846 1821 910 ltumiliari,
1855 857 1911 901 ut
1946 862 2010 901 ne
2050 848 2276 917 perdant

698 939 839 1003 quod
872 947 1179 1008 rapuerant.
1214 938 1281 991 At
1311 938 1556 992 omnium
1605 954 1697 992 rex
1725 948 1840 993 erat
1877 949 1929 993 et
1961 939 2056 992 Dei
2085 938 2273 993 Filius.

700 1030 814 1084 lluc
843 1030 985 1084 enim
1011 1030 1122 1083 vult
1151 1029 1278 1085 dum
1307 1030 1455 1097 dicit,
1491 1049 1509 1081 ι
1538 1031 1579 1083 Α
1612 1029 1721 1085 Deo
1744 1031 1965 1095 exisset,
1999 1051 2016 1083 ι
2048 1032 2147 1087 hoc
2172 1042 2273 1098 est,

699 1136 761 1175 rx
817 1120 997 1175 Patris
1030 1121 1350 1183 substantia,
1392 1138 1410 1171 ι
1457 1131 1511 1175 et
1540 1121 1738 1176 iterum
1783 1122 1849 1175 ad
1894 1122 2058 1176 Deum
2094 1123 2215 1178 iret.
2250 1142 2269 1175 ι

699 1211 763 1265 Et
798 1212 872 1265 ita
913 1226 1016 1266 non
1060 1212 1405 1268 minuebatur
1450 1214 1621 1283 gloria
1653 1216 1768 1285 ejus
1797 1216 1888 1285 qui
1930 1216 2052 1271 talis
2080 1228 2185 1278 est,
2213 1232 2277 1271 ex

700 1318 766 1357 co
788 1304 929 1373 quod
971 1302 1265 1373 discipulos
1301 1305 1522 1359 lavaret.
1571 1306 1868 1360 Considera
1906 1306 2093 1375 igitur,
2132 1308 2278 1377 quod

700 1395 746 1448 si
780 1393 1056 1450 humiliari
1085 1408 1222 1464 opus
1254 1404 1338 1451 est
1371 1396 1489 1466 ejus
1521 1396 1611 1463 qui
1654 1409 1683 1449 a
1726 1394 1837 1451 Deo
1886 1411 2141 1466 egressus
2169 1408 2276 1463 est,

701 1499 757 1540 et
801 1488 868 1539 ad
909 1486 1077 1541 Deum
1129 1487 1315 1542 vadit:
1349 1489 1633 1557 superbire
1685 1496 1739 1543 et
1788 1488 2087 1543 fastuosum
2138 1504 2276 1555 esse,

702 1578 947 1648 profecto
973 1594 1106 1649 opus
1127 1587 1210 1634 est
1241 1579 1359 1649 ejus
1388 1580 1478 1649 qui
1532 1596 1560 1634 a
1603 1582 1935 1636 daemonibus
1985 1582 2171 1647 exivit,
2227 1592 2281 1637 et

702 1671 768 1723 ad
801 1671 1071 1727 daemones
1104 1672 1268 1725 vadit.
1299 1672 1433 1726 Cum
1476 1683 1654 1727 autem
1690 1672 1946 1735 audieris,
1982 1691 2001 1725 ι
2040 1673 2282 1730 Dedisset

702 1764 751 1817 ei
778 1763 935 1818 Pater
963 1781 977 1818 :
1014 1784 1032 1815 ›
1064 1780 1131 1820 ne
1151 1765 1427 1819 existimes
1444 1765 1733 1834 quamdam
1760 1765 1879 1821 Filii
1910 1767 2279 1836 impotentiam

2383 576 2519 629 Θεοῦ
2548 577 2756 645 ἐξῆλθε,
2786 580 2877 630 καὶ
2910 580 3045 647 πρὸς
3078 581 3166 631 τὸν
3189 580 3320 632 Θεὸν
3347 580 3568 647 ὑπάγει,
3605 597 3623 629 ι
3661 578 3782 631 οὐδὲ
3814 578 3970 630 ἐλατ-

2384 667 2690 737 τωθήσεται
2720 669 2752 737 ἠ
2786 668 2912 733 δόξα
2945 668 3132 733 αὐτοῦ,
3165 671 3446 731 νίπτοντος
3484 668 3609 733 τοὺς
3646 669 3813 730 πόδας
3857 666 3970 717 τῶν

2388 759 2669 829 μαθητῶν.
2698 762 2787 832 Μὴ
2819 761 2928 832 γὰρ
2958 764 3176 833 ἥρπασε
3221 762 3321 832 τὴν
3367 762 3543 828 δόξαν.
3596 763 3682 814 ἴνα
3731 758 3970 829 φοϐῆται

2386 852 2640 903 ἐκπεσεῖν
2686 851 2914 919 ταύτης,
2949 854 3041 906 καὶ
3082 853 3171 905 διὰ
3214 853 3371 907 τοῦτο
3407 853 3481 923 μὴ
3524 852 3887 921 καταδέχηταί
3919 870 3971 903 τι

2385 941 2639 995 ταπεινὸν
2671 947 2873 1010 ποιεῖνς
2910 938 3021 999 οἷον
3051 945 3100 996 oi
3136 944 3415 1013 δυσγενεῖς
3448 945 3770 1016 πάσχουσιν,
3799 942 3970 995 ἐπειδ*

2386 1032 2450 1087 ἂν
2481 1033 2636 1098 δόξαν
2663 1034 2973 1104 ἀρπάσωσι,
3026 1034 3101 1105 μὴ
3146 1034 3389 1099 θέλοντες
3422 1034 3559 1097 ὅλως
3588 1033 3970 1101 ύποκ>.ιθῆναι,

2387 1124 2472 1176 ἴνα
2507 1124 2581 1192 μὴ
2620 1124 2961 1176 ἀπολέσωσιν
3005 1124 3032 1177 ὃ
3065 1114 3141 1194 μὴ
3184 1125 3439 1194 διαφέρον
3477 1125 3660 1186 αὐτοῖς
3689 1124 3971 1192 ἥρπασαν.

2402 1214 2557 1266 Ἀλλὰ
2588 1214 2806 1268 πάντων
2831 1213 3081 1282 βασιλεὺς
3114 1210 3203 1285 ἦν,
3229 1214 3435 1268 καὶτοῦ
3460 1212 3593 1266 Θεοῦ
3624 1211 3748 1275 Υἱός
3767 1230 3780 1242 ·
3814 1213 3977 1265 τοῦτο

2388 1308 2499 1377 γὰρ
2526 1308 2624 1371 τὸ,
2679 1326 2695 1358 ι
2747 1306 2880 1361 Ἀπὸ
2929 1305 3066 1360 Θεοῦ
3107 1307 3319 1378 ἐξῆλθε,
3355 1326 3371 1359 ι
3416 1306 3719 1370 τουτέστιν,
3765 1307 3828 1358 ὲκ
3872 1305 3977 1371 τῆς

2387 1397 2480 1450 τοῦ
2503 1396 2715 1465 Πατρὸς
2750 1398 2938 1461 οὐσίας
2959 1438 2973 1461 ,
3012 1415 3031 1449 ι
3064 1399 3159 1452 καὶ
3190 1396 3352 1451 πάλιν
3387 1396 3525 1467 πρὸς
3551 1396 3683 1449 Θεὸν
3712 1396 3929 1461 ὑπάγει.
3949 1412 3968 1445 ι

2393 1486 2552 1539 Ὥστε
2578 1487 2678 1538 οὐκ
2711 1486 2940 1555 ἔμελλεν
2986 1487 3357 1557 ἐλαττωθῆναι
3386 1490 3418 1558 ἡ
3458 1486 3584 1550 δόξα
3630 1484 3794 1538 αὑτοῦ
3822 1483 3980 1554 τηλι-

2389 1578 2585 1631 κούτου
2628 1579 2779 1642 ὄντος
2825 1580 2918 1631 ἐπὶ
2960 1580 3054 1633 τοῦ
3095 1582 3223 1643 τοῦς
3264 1580 3511 1650 μαθητὰς
3556 1578 3728 1647 νῖψαι.
3772 1577 3978 1629 Σκόπει

2389 1671 2445 1724 δέ
2473 1688 2585 1741 μοι,
2628 1672 2708 1723 ὅτι
2748 1672 2797 1724 εί
2838 1672 2898 1723 τὸ
2944 1671 3330 1725 ταπεινοῦσθαι
3378 1671 3538 1741 ἔργον
3586 1669 3701 1723 ἐστὶ
3727 1670 3819 1722 τοῦ
3865 1669 3977 1720 ἀπὸ

2392 1764 2528 1816 Θεοῦ
2573 1764 2828 1828 ἐξιόντος.
2877 1767 2971 1817 καὶ
3005 1764 3140 1835 πρὸς
3178 1765 3311 1818 Θεὸν
3339 1765 3660 1843 ὑπάγοντος·
3692 1764 3749 1815 τὸ
3781 1762 3981 1824 ἀλαζο-

704 1856 795 1910 Ιιίο
837 1856 1125 1921 declarari,
1180 1856 1277 1911 sed
1317 1856 1469 1911 disce
1518 1856 1698 1926 potius
1750 1860 2109 1917 reverentiam
2156 1874 2281 1930 erga
2319 1840 2359 1899 Β

2319 1840 2359 1899 Β
2389 1854 2645 1907 νεύεσθαι
2682 1855 2883 1927 δηλαδὴ
2924 1857 3134 1910 ἐκείνου
3175 1856 3331 1912 ἔσται
3366 1840 3547 1928 ἔργον,
3584 1857 3678 1908 10.3
3718 1856 3825 1907 ἀπὸ
3857 1855 3978 1908 δαι-

704 1946 922 2002 Patrem
948 1958 1001 2002 et
1045 1948 1340 2002 voluntatis
1374 1948 1719 2003 concordiam
1749 1968 1762 2003 :
1790 1950 1913 2018 quia
1943 1950 1987 2006 si
2021 1950 2288 2019 impotens

706 2040 804 2094 tibi
851 2040 1062 2095 videtur
1116 2039 1315 2104 Filius,
1369 2055 1434 2094 eo
1477 2040 1620 2109 quod
1655 2041 1817 2096 Pater
1861 2045 1911 2095 el
1956 2056 2017 2097 ea
2071 2042 2289 2098 dedisse

707 2132 939 2199 dicatur,
982 2133 1334 2201 impotentem
1379 2130 1620 2201 intellige
1654 2140 1706 2186 et
1750 2131 1991 2196 Patrem,
2034 2146 2098 2187 eo
2142 2132 2288 2202 quod

707 2222 879 2278 Filius
922 2224 969 2279 ei
1011 2238 1236 2293 regnum
1270 2224 1459 2289 tradit,
1508 2232 1569 2277 ut
1609 2223 1897 2292 Apostolus
1927 2223 2057 2279 dicit
2086 2223 2161 2291 ³³;
2194 2225 2287 2278 sed

707 2331 817 2371 non
861 2317 934 2370 ita
973 2327 1076 2371 est.
1128 2316 1323 2372 Verum
1360 2317 1579 2371 traditio
1622 2316 1969 2371 concordiam
2004 2325 2059 2370 et
2096 2331 2292 2387 coape-

710 2410 975 2464 tationem
1003 2410 1150 2477 dicit,
1179 2410 1333 2464 utsic
1358 2409 1556 2473 dicam,
1583 2420 1636 2463 et
1659 2408 2053 2477 beueplacitum
2085 2408 2284 2465 Patris.

709 2500 846 2557 Vide
880 2511 1057 2558 autem
1106 2511 1162 2558 et
1188 2503 1538 2558 eminentiam
1585 2501 1928 2559 humilitatis.
1976 2501 2095 2557 Non
2142 2503 2288 2559 enim

711 2603 836 2648 ante
864 2608 1076 2649 comam
1113 2594 1276 2662 lavat,
1327 2595 1420 2651 sed
1453 2605 1737 2666 postquam
1785 2609 1975 2649 omnes
2012 2594 2287 2650 recubuis-

712 2696 858 2752 sent,
896 2687 1075 2759 surgit
1105 2688 1250 2743 solus
1275 2689 1410 2758 ipse,
1456 2689 1562 2743 illis
1603 2687 2066 2751 recumbentibus,
2099 2697 2153 2741 et
2194 2688 2290 2741 de-

710 2782 863 2849 ponit
904 2782 1125 2851 quidem
1158 2781 1524 2837 vestimenta:
1573 2782 1774 2837 docens
1818 2794 1914 2835 nos
1966 2788 2025 2835 ut
2052 2778 2288 2849 expediti

712 2882 767 2926 et
810 2873 959 2928 leves
1002 2872 1173 2929 simus
1200 2874 1266 2929 ad
1310 2872 1693 2930 ministerium.
1719 2872 1910 2928 Linteo
1939 2882 2118 2927 autem
2152 2888 2291 2943 prte-

713 2963 970 3033 cingitur,
1007 2963 1121 3032 ipse
1160 2965 1338 3020 omnia
1367 2963 1595 3031 faciens,
1630 2964 1814 3018 lavans
1861 2975 1916 3019 et
1947 2970 2288 3033 exstcrgeus.

713 3056 875 3111 Mittit
908 3059 1033 3111 item
1093 3071 1311 3125 aquam,
1358 3068 1411 3112 et
1460 3058 1565 3111 ltoc
1615 3057 1726 3125 ipse
1775 3057 2000 3118 faciens,
2049 3071 2154 3109 non
2200 3054 2289 3110 alii

2393 1946 2843 2015 μόνωνὲξιόντος,
2870 1950 2962 2000 καὶ
3016 1949 3152 2018 πρὸς
3191 1949 3454 2019 δαίμονας
3502 1948 3777 2011 ἀπιόντος.
3808 1948 3980 2001 Ὀταν

2388 2035 2447 2087 δὲ
2487 2036 2751 2107 ἀκούσῃς,
2791 2038 2873 2091 ὅτι
2919 2056 2938 2088 ι
2981 2040 3309 2108 Παρέδωκεν
3338 2040 3486 2111 αύτῷ
3526 2040 3554 2091 ὁ
3598 2040 3809 2109 Πατὴρ,
3843 2058 3861 2089 ι
3902 2038 3981 2110 μὴ

2389 2130 2694 2200 ἀδυναμίαν
2739 2132 2967 2204 νομίσῃς
3008 2132 3242 2186 ἐνταῦθα
3286 2134 3649 2204 ἐμφαίνεσθαι
3695 2134 3788 2187 τοῦ
3817 2132 3977 2197 Υίοῦ,

2388 2221 2525 2274 ἀλλὰ
2552 2221 2649 2293 τὴν
2674 2223 2807 2293 πρὸς
2831 2224 2921 2277 τὸν
2952 2226 3167 2294 Πατέρα
3194 2226 3360 2297 τιμὴν
3385 2227 3479 2279 καὶ
3504 2226 3778 2296 ὁμόνοιαν.
3821 2225 3979 2277 Ἐπεὶ

2392 2316 2443 2367 εί
2484 2316 2744 2378 ἀδύνατός
2783 2334 2864 2369 σοι
2899 2315 3045 2369 δοκεῖ
3068 2318 3095 2368 ὁ
3128 2318 3287 2382 Υἱὸς,
3318 2318 3452 2371 διότι
3481 2319 3509 2372 6
3543 2320 3732 2390 Πατὴρ
3759 2318 3980 2386 λέγεται

2391 2404 2543 2479 αὐτῷ
2584 2406 2943 2475 παραδοῦναι,
2993 2407 3255 2461 ἀδύνατον
3287 2410 3397 2461 νόει
3450 2410 3544 2462 καὶ
3586 2411 3678 2462 τὸν
3728 2410 3978 2479 Πατέρα,

2391 2496 2525 2548 διότι
2550 2498 2577 2549 6
2608 2496 2738 2559 Υἱὸς
2774 2497 2923 2567 αὐτῷ
2948 2498 3047 2568 τὴν
3093 2498 3373 2568 βασιλείαν
3413 2500 3809 2571 παραδίδωσιν,
3847 2502 3922 2562 ὼς
3952 2499 3981 2552 ὁ

2403 2588 2726 2651 Ἀπόστολός
2764 2605 2951 2658 φησιν.
2991 2590 3130 2643 Ἀλλ’
3166 2590 3267 2644 οὐκ
3306 2591 3424 2644 ἐστι
3456 2591 3636 2645 τοῦτο·
3663 2593 3778 2646 ἀλλ’
3802 2596 3836 2663 ὴ
3871 2609 3982 2646 πα-

2397 2682 2613 2752 ράδοσις
2633 2682 2730 2749 τὴν
2754 2682 3033 2752 ὁμόνοιαν,
3063 2686 3154 2735 καὶ
3180 2684 3493 2754 συνεργίαν,
3522 2686 3588 2738 ἶν’
3610 2685 3783 2749 οῦτως
3804 2687 3971 2750 εἴπω,

2394 2774 2489 2827 καὶ
2519 2774 2769 2827 εὐδοκίαν
2794 2775 2887 2827 τοῦ
2914 2776 3124 2845 Πατρὸς
3156 2776 3326 2845 δηλοῖ.
3357 2779 3501 2848 Ὅρα
3532 2778 3589 2831 δὲ
3614 2781 3707 2833 καὶ
3728 2780 3788 2831 τὸ
3816 2779 3981 2849 ὑπερ-

2394 2867 2611 2920 ϐολικδν
2642 2868 2739 2934 τῆς
2764 2866 3174 2928 ταπεινώσεως.
3209 2872 3282 2923 Οὐ
3315 2872 3422 2939 γὰρ
3464 2872 3570 2941 πρὸ
3618 2872 3713 2925 τοῦ
3761 2872 3981 2925 δείπνου

2394 2964 2597 3026 νίπτει,
2637 2962 2773 3014 ἀλλὰ
2813 2962 2953 3031 μετά
2987 2962 3047 3015 τδ
3090 2964 3296 3027 πάντας
3345 2965 3658 3029 ἀναπεσεῖν,
3703 2964 3981 3033 ἐγείρεται

2398 3057 2558 3125 μόνος
2589 3055 2776 3118 αὐτὸς,
2807 3055 3031 3108 ἐκείνων
3065 3057 3515 3125 ἀναπαυομένων·
3548 3058 3644 3111 καὶ
3672 3057 3978 3125 ἀποτίθησι

714 3148 1076 3203 committens.
1116 3145 1241 3202 liam
1271 3155 1450 3202 autem
1484 3148 1664 3202 omnia
1714 3148 1869 3202 nobis
1921 3148 2114 3202 indicia
2164 3156 2287 3202 sunt
2316 3186 2361 3247 ϐ

2316 3186 2361 3247 C
2400 3147 2497 3216 μὲν
2527 3148 2596 3200 τὰ
2630 3147 2839 3217 ἱμάτια,
2867 3148 2930 3199 16
2968 3147 3099 3217 περὶ
3119 3148 3218 3218 τὴν
3252 3147 3527 3202 διακονίαν
3549 3149 3981 3219 ἀνεμποδίστοιες

715 3249 771 3293 et
801 3246 1067 3308 prmeepta
1106 3239 1376 3307 quomodo
1416 3254 1513 3293 uos
1540 3253 1663 3293 cum
1699 3239 1843 3293 omni
1875 3238 2155 3294 alacritate
2192 3240 2287 3293 ιικί-

718 3334 953 3387 nistrare
981 3341 1250 3402 oporteat,
1284 3342 1339 3388 et
1365 3345 1462 3385 nos
1500 3332 1644 3401 ipsos
1675 3334 1858 3385 omnia
1892 3333 2128 3401 operari,
2181 3346 2286 3385 non

717 3421 839 3477 aliis
865 3430 1078 3478 utentes
1108 3419 1386 3475 ministris.

2398 3240 2624 3301 ἑαυτοὺς
2653 3241 2827 3291 ποιεῖν
2852 3239 2943 3292 καὶ
2981 3239 3251 3307 ἐλαφροὺς
3286 3238 3555 3293 διδάσκων
3590 3242 3756 3310 ἡμᾶς·
3794 3240 3985 3309 λεντίῳ

2397 3332 2453 3384 δε
2491 3330 2869 3395 διαζώννυται,
2914 3328 3078 3391 αὐτὸς
3109 3330 3287 3383 πάντα
3338 3331 3527 3390 ποιῶν,
3569 3332 3665 3385 καὶ
3699 3331 3759 3383 16
3807 3332 3982 3398 νῖψαι,

2400 3426 2493 3477 καὶ
2534 3424 2594 3475 τὸ
2640 3423 2895 3492 ἐκμάξαι·
2943 3422 3128 3493 βάλλει
3168 3424 3223 3476 δὲ
3272 3423 3439 3493 ὕδωρ,
3489 3426 3583 3477 καὶ
3623 3422 3782 3477 τοῦτο
3822 3424 3987 3486 αὐτὸς

721 3514 913 3579 ποιῶν,
940 3514 1034 3567 καὶ
1056 3514 1155 3566 ούκ
1191 3512 1335 3582 ἄλλῳ
1360 3512 1682 3583 ἐπιτρέψας·
1708 3511 1881 3566 ταῦτα
1902 3514 1958 3566 δὲ
1997 3513 2175 3567 πάντα
2222 3513 2490 3584 δείγματα
2530 3518 2664 3583 ἡμῖν
2703 3517 2807 3568 εἰσι
2872 3518 2965 3570 καὶ
3032 3517 3341 3586 νομοθεσίαι
3406 3514 3681 3578 τοῦ,,πῶς
3751 3516 3832 3568 δεῖ
3871 3515 3990 3568 δια-

720 3613 917 3676 κονεῖν,
964 3610 1045 3663 ὅτι
1085 3607 1223 3679 μετὰ
1264 3607 1445 3677 πάσης
1486 3607 1817 3678 προθυμίας,
1868 3609 1961 3663 καὶ
2002 3608 2200 3671 αὐτοὺς
2262 3608 2332 3661 τὰ
2374 3609 2552 3662 πάντα
2609 3608 3049 3679 διενεργοῦντας,
3098 3612 3197 3661 οὐκ
3267 3609 3448 3671 ἄλλοις
3496 3609 3793 3680 ὑπουργοῖς
3834 3626 3985 3679 χρω·

724 3708 936 3780 μένους.

795 3799 961 3857 Vrsas.
1006 3800 1059 3865 6,
1091 3799 1145 3853 7.
1190 3816 1206 3851 ι
1244 3798 1401 3853 Venit
1451 3813 1579 3870 ergo
1638 3796 1705 3852 ad
1742 3797 2019 3852 Simonem
2057 3796 2299 3861 Petrum,

724 3903 779 3948 et
806 3893 936 3948 dicit
966 3892 1016 3947 ei
1065 3892 1151 3946 ille
1184 3908 1197 3945 :
1231 3890 1473 3953 Domine,
1508 3900 1562 3945 ttt
1601 3890 1732 3945 mibi
1773 3890 1921 3944 lavas
1957 3889 2158 3958 pedes?
2201 3889 2302 3943 Re-

724 3984 943 4054 spondit
995 3980 1190 4048 Jesus,
1246 3992 1300 4036 et
1347 3982 1482 4036 dixit
1530 3982 1624 4036 ei:
1663 3980 1817 4046 Quod
1868 3996 1967 4051 ego
2021 3980 2182 4044 facio,
2244 3988 2298 4033 tu

726 4077 907 4132 nescis
954 4091 1115 4140 nunc,
1152 4076 1294 4130 scies
1347 4087 1525 4128 autem
1583 4081 1792 4143 postea.
1832 4091 1849 4123 ι
1912 4070 2025 4125 Non
2068 4071 2299 4139 primum

726 4165 870 4217 lavat
906 4162 1144 4227 Petrum,
1188 4163 1435 4231 quamvis
1465 4162 1751 4231 primatum
1794 4161 2181 4229 discipulm-um
2216 4176 2304 4227 ge-

728 4259 918 4322 rebat;
962 4255 1053 4309 sed
1100 4254 1235 4308 l‘orte
1269 4254 1531 4323 proditor,
1582 4268 1703 4307 eum
1748 4263 1892 4308 esset
1926 4253 2211 4320 impudens
2249 4261 2303 4305 et

2480 3811 2497 3842 ι
2539 3792 2800 3858 Ἔρχεται
2829 3785 2921 3843 οῦν
2962 3789 3100 3858 πρὸς
3142 3788 3362 3857 Σίμωνα
3417 3788 3644 3859 Πέτρον,
3697 3788 3789 3842 καὶ
3838 3788 3987 3854 ὶέ-ίει

2406 3886 2553 3956 αὐτῷ
2594 3887 2819 3949 ἐκεῖνος·
2868 3884 3063 3955 Κύριε,
3114 3884 3177 3936 σύ
3220 3902 3323 3953 μου
3371 3883 3578 3945 νίπτεις
3615 3882 3739 3944 τοὺς
3780 3882 3986 3943 πόδα;;

2418 3977 2720 4046 Ἀπεκρίθη
2758 3975 2991 4044 Ἰησοῦς,
3026 3974 3120 4027 καὶ
3152 3970 3305 4026 εἶπεν
3340 3972 3523 4043 αὐτῷ·
3577 3974 3639 4025 Ὂ
3674 3970 3783 4038 ἐγὼ
3823 3971 3987 4031 ποιῶ,

2408 4070 2472 4121 σὺ
2512 4070 2611 4120 οὐκ
2636 4064 2780 4121 οἶδας
2811 4067 2957 4135 ἄρτι,
2987 4066 3171 4136 γνώσῃ
3206 4064 3261 4117 δὲ
3306 4065 3446 4134 μετὰ
3484 4062 3677 4117 ταῦτα.
3722 4063 3796 4115 Οὐ
3832 4062 3988 4128 πρῶ-

2406 4176 2496 4211 τον
2570 4160 2661 4211 τὸν
2728 4159 2937 4226 Πέτρον
3012 4157 3228 4217 νίπτει,
3313 4157 3359 4207 εἰ
3434 4155 3529 4208 καὶ
3599 4153 3668 4206 τὰ
3743 4155 3991 4222 πρωτεῖα

2402 4250 2512 4304 τῶν
2569 4249 2826 4319 μαθητῶν
2894 4250 3142 4318 ἐφέρετο,
3227 4245 3364 4298 ἀλλὰ
3439 4247 3581 4314 τάχα
3650 4247 3676 4297 6
3718 4242 3990 4314 προδότης

728 4346 1146 4409 inverecundus,
1211 4355 1336 4399 ante
1381 4344 1601 4398 Petrum
1653 4344 2024 4401 recumbebat,
2084 4341 2388 4409 ejusquel)

2335 4350 2388 4409 1)
2419 4340 2609 4409 ἰταμὸς
2650 4339 2724 4392 ῶν
2776 4340 2871 4392 καὶ
2910 4340 3285 4409 ἀναίσχυντος,
3328 4336 3432 4407 πρὸ
3465 4337 3557 4388 τοῦ
3615 4337 3818 4406 Πέτρου
3862 4352 3993 4387 κατ-

729 4439 898 4510 pedes
934 4436 1027 4491 loti
1066 4443 1211 4492 sunt.
1268 4434 1420 4490 Unde
1467 4435 1568 4489 hoc
1608 4432 1991 4487 manifestum?
2029 4450 2046 4482 ι
2105 4430 2303 4498 Coepit,

733 4529 927 4598 inquit,
967 4528 1129 4596 pedes
1173 4526 1552 4595 discipulorum
1603 4527 1784 4580 lavare
1809 4536 1863 4581 et
1894 4534 2227 4593 exstergere,
2282 4543 2299 4575 ι

732 4620 930 4676 deinde
976 4637 993 4670 ι
1034 4620 1182 4674 venit
1228 4621 1291 4673 ad
1326 4620 1603 4673 Simonem
1654 4619 1893 4672 Petrum.
1935 4636 1952 4667 ι
2010 4617 2184 4684 Atque
2234 4616 2305 4668 ita

733 4710 971 4765 declarat
1006 4710 1145 4778 quod
1182 4723 1286 4764 nun
1319 4708 1490 4777 primo
1525 4707 1712 4761 laverit
1746 4707 1982 4762 Petrum.
2017 4706 2135 4758 Non
2163 4705 2306 4758 enim

735 4801 963 4857 dixisset
1008 4800 1149 4868 quod
1205 4799 1441 4854 venisset
1489 4800 1555 4851 ad
1593 4795 1871 4852 Simonem
1924 4796 2166 4861 Petrum,
2204 4796 2307 4850 nisi

738 4893 902 4947 alium
950 4892 1237 4961 quemdam
1298 4900 1423 4945 ante
1467 4889 1684 4944 Petrttm
1747 4888 1989 4944 lavisset.
2052 4887 2126 4942 Ex
2188 4888 2310 4943 aliis

738 4986 919 5053 itaque
958 4982 1238 5051 discipulis
1284 4982 1461 5036 nullus
1516 4981 1863 5035 sustinuisset
1907 4990 2030 5035 ante
2090 4980 2306 5033 Petrum

739 5074 928 5127 lavari.
954 5071 1290 5128 Proditorem
1316 5083 1493 5127 autem
1522 5074 1621 5127 ltoe
1646 5087 1835 5127 ausum
1868 5072 2033 5127 fuisse
2057 5071 2310 5141 possibile

738 5174 839 5221 est.
898 5162 1032 5217 Nam
1088 5164 1131 5218 si
1200 5164 1267 5218 ab
1315 5163 1436 5219 aliis
1493 5163 1769 5232 discipulis
1817 5164 2072 5232 ςωρὶεεοι
2129 5164 2311 5218 lavare

738 5258 1065 5326 quempiam,
1125 5256 1491 5327 prohibuisset
1574 5257 1855 5310 Dominum
1924 5257 2012 5310 ille
2068 5256 2312 5326 quisquis

740 5350 953 5411 fuisset,
998 5359 1052 5402 et
1096 5348 1321 5403 dixisset
1363 5364 1483 5418 qua:
1541 5356 1597 5403 et
1634 5347 1848 5413 Petrus,
1898 5369 1915 5403 ι
1968 5347 2214 5413 Domine,
2255 5357 2310 5401 ttt

738 5458 890 5503 meos
920 5441 1068 5497 lavas
1093 5442 1295 5512 pedes?
1334 5460 1352 5494 ι
1389 5452 1443 5496 et
1473 5456 1578 5496 non
1616 5441 1968 5510 permisisset.
2003 5439 2117 5495 Non
2150 5439 2312 5512 igitur

740 5536 906 5588 nilum
940 5534 1102 5588 alium
1135 5534 1266 5587 lavit
1294 5534 1439 5602 prius
1462 5550 1621 5605 quam
1654 5534 2005 5602 proditorem,
2040 5542 2095 5587 et
2122 5532 2315 5588 deinde

742 5628 984 5680 Petrum.
1016 5627 1061 5679 A
1093 5624 1251 5681 Petro
1280 5636 1457 5683 autem
1483 5627 1726 5684 eruditos
1760 5635 1985 5683 cancros
2014 5624 2314 5683 verisimile

818 5810 857 5841 ⁵³
906 5810 924 5865 E
970 5808 1100 5864 Cor.
1144 5825 1228 5876 ιγ,
1266 5808 1344 5865 15'.

2411 4428 2673 4491 εκλίνετο,
2705 4430 2797 4481 καὶ
2821 4430 2947 4490 τοὺς
2968 4430 3129 4490 πόδας
3160 4428 3400 4495 ἐνίψατο.
3433 4427 3601 4479 Πόθεν
3627 4425 3783 4479 τοῦτο
3798 4426 3991 4495 δῆ>.ον;

2424 4521 2725 4574 Ἐντεῦθεν·
2787 4539 2805 4573 ι
2872 4522 3136 4591 Ἠρξατο,
3187 4521 3344 4589 ensi,
3398 4520 3607 4572 νίπτειν
3658 4520 3783 4580 τοὺς
3826 4518 3995 4581 πόδας

2411 4612 2520 4665 τῶν
2548 4612 2807 4682 μαθητῶν
2853 4613 2947 4665 καὶ
2982 4614 3305 4682 ἐκμάσσειν·
3348 4631 3367 4664 ›
3407 4606 3526 4665 εἶτα
3564 4630 3581 4662 ι
3609 4611 3828 4682 ἔρχεται
3855 4612 3995 4679 πρὸς

2412 4706 2629 4775 Σίμωνα
2660 4706 2884 4775 Πέτρον.
2932 4724 2949 4756 ι
3000 4705 3161 4757 ’Ὥστε
3208 4704 3377 4773 δηλοῖ,
3418 4705 3497 4756 ὅτι
3541 4704 3600 4756 οὐ
3636 4702 3849 4773 πρῶτον
3898 4702 3992 4754 τὸν

2412 4798 2619 4867 Πέτρον
2664 4796 2867 4865 ἔνιψεν.
2914 4798 2987 4849 Οὐ
3024 4796 3132 4867 γὰρ
3183 4796 3248 4850 ἂν
3299 4792 3474 4858 εἶπεν,
3531 4795 3612 4847 ὅτι
3656 4813 3673 4845 ι
3728 4794 3989 4863 Ἔρχεται

2412 4889 2548 4958 πρὸς
2585 4889 2803 4957 Σίμωνα
2840 4890 3067 4959 Πέτρον,
3120 4908 3137 4941 ›
3181 4891 3229 4942 εί
3282 4888 3355 4958 μὴ
3396 4887 3553 4942 ἄλλον
3583 4888 3705 4940 τινὰ
3745 4886 3852 4957 προ
3892 4885 3987 4939 τοῦ

2413 4980 2619 5049 Πέτρου
2668 4980 2868 5048 ἔνιψεν.
2929 4982 3026 5034 Ἐκ
3063 4980 3172 5032 τῶν
3208 4982 3383 5035 ἄλλων
3440 4982 3537 5050 μὲν
3576 4979 3670 5031 οῦν
3724 4979 3991 5047 μαθητῶν

2411 5074 2515 5128 οὐκ
2545 5076 2608 5130 ἄν
2646 5093 2730 5139 τις
2788 5076 3157 5143 ηὐθαδιάσατο
3180 5117 3194 5141 ,
3227 5076 3301 5139 ὠς
3332 5077 3437 5146 πρὸ
3472 5076 3565 5128 τοῦ
3599 5076 3802 5143 Πέτρου
3835 5075 3995 5141 νίψα-

2418 5166 2559 5219 σθαι·
2594 5168 2684 5221 τὸν
2711 5168 2767 5219 δὲ
2798 5168 3063 5239 προδότην
3100 5167 3262 5221 τοῦτο
3300 5168 3567 5237 τολμῆσαι
3596 5166 3890 5234 ἐνδέχεται.
3929 5166 3990 5217 EE

2414 5257 2522 5327 γὰρ
2550 5258 2739 5312 ἐκτῶν
2771 5260 2946 5313 ἄλλων
2976 5260 3234 5329 μαθητῶν
3265 5259 3465 5329 ἤρξατο
3494 5257 3642 5325 νίψαι
3677 5258 3818 5319 τινὰ,
3850 5256 3987 5307 ἐκώ-

2414 5348 2573 5400 λυσεν
2604 5348 2670 5401 ἂν
2704 5349 2793 5403 τὸν
2833 5351 3034 5421 Κύριον
3064 5352 3290 5412 ἐκεῖνος,
3320 5351 3466 5411 ὅστις
3503 5348 3567 5400 ἂν
3597 5344 3684 5417 ἦν,
3710 5348 3802 5399 καὶ
3835 5342 3989 5398 εἶπεν

2414 5439 2450 5493 ἃ
2492 5440 2586 5494 καὶ
2636 5442 2861 5513 Πέτρος·
2923 5463 2940 5494 ι
2980 5442 3170 5513 Κύριε,
3212 5445 3275 5494 σύ
3319 5459 3420 5511 μου
3466 5441 3676 5502 νίπτεις
3728 5440 3851 5501 τοῦς
3888 5438 3988 5490 πό·

2413 5531 2542 5597 δας;
2598 5550 2617 5583 ι
2687 5532 2827 5587 Ἀλλ’
2869 5534 2968 5587 οὐκ
3018 5534 3133 5586 ἔστι
3180 5533 3355 5587 τοῦτο.
3405 5532 3518 5586 Ούκ
3568 5530 3675 5601 ἆρα
3715 5532 3835 5583 τινὰ
3880 5532 3991 5581 τῶν

3931 5620 3945 5643 \

2418 5625 2595 5682 ἄλλων
2630 5624 2775 5696 ἔνιψε
2814 5628 3052 5698 πρῶτον,
3089 5627 3224 5681 ἀλλα
3260 5627 3349 5680 τὶν
3397 5623 3684 5697 προδότην,
3738 5617 3855 5676 εἶτα
3896 5620 3987 5673 τὶν
