4256 6446
739 408 836 473 151

1613 410 2179 472 THEUI’HYLACTI
2230 410 2633 471 BULGAHH‘I
2670 417 3023 477 AHCHIEI’.

3878 419 3983 486 152

732 528 877 579 hoc:
925 538 981 581 et
1027 524 1217 580 deinde
1280 524 1579 578 reverentia
1626 524 1917 591 jnramenti
1982 536 2301 590 permanere
2330 522 2413 579 Ai

2300 522 2380 579 ‘A
2406 525 2757 595 ἐνιστάμενον
2803 532 2865 581 ὲκ
2915 532 3264 598 προπετείας,
3326 532 3418 585 καὶ
3450 532 3672 597 λέγοντα
3706 530 3797 581 καὶ
3859 530 3981 596 μεθ’

732 625 784 674 in
826 620 948 681 hor,
972 618 1108 684 quod
1148 618 1285 671 male
1311 618 1649 681 decreverat,
1679 618 2029 684 pertinacem,
2061 628 2115 669 et
2142 631 2205 667 ex
2238 630 2302 668 eo

731 713 1120 775 periclitantem
1149 711 1235 764 vel
1262 710 1315 764 in
1350 712 1549 771 anima,
1600 708 1681 763 vel
1735 709 1789 762 in
1851 723 2100 776 corpore,
2161 718 2303 761 recte

731 812 787 855 ut
816 802 899 855 ,ris
923 802 1023 855 hoc
1057 800 1201 857 Petri
1230 802 1493 869 exemplo,
1531 800 1620 867 qui
1676 815 1795 854 cum
1840 801 2081 868 pertinax
2134 808 2296 861 esset,

731 892 818 945 ubi
861 893 995 945 vidit
1057 892 1406 961 pertinaciam
1456 906 1677 959 vergere
1720 891 1771 944 in
1832 891 2225 959 scparationem
2269 905 2299 943 a

730 983 970 1047 (lbristo,
998 984 1206 1039 abstitit
1232 984 1298 1038 ab
1322 984 1429 1036 illa.

803 1162 963 1216 Vens.
998 1161 1077 1215 10.
1110 1182 1126 1212 ι
1162 1161 1297 1217 Dicit
1326 1163 1372 1215 ei
1394 1161 1583 1216 Jesus:
1616 1161 1716 1227 Qui
1748 1160 1883 1214 lotus
1911 1158 2010 1222 est,
2039 1177 2141 1214 non
2169 1148 2302 1229 opus

732 1256 892 1308 habet
926 1254 1026 1308 nisi
1062 1256 1297 1323 ulpedes
1336 1256 1496 1320 lavet,
1530 1255 1620 1308 sed
1658 1264 1741 1308 est
1773 1256 2000 1309 mundus
2033 1264 2174 1307 totus
2206 1268 2217 1303 :
2250 1263 2303 1308 et

733 1362 827 1401 vos
885 1349 1066 1401 nmudi
1122 1348 1274 1411 estis,
1326 1347 1420 1401 sed
1456 1363 1559 1401 non
1600 1361 1806 1400 omnes.
1846 1364 1863 1397 ›
1909 1347 2125 1400 Sciebat
2158 1347 2301 1399 enim

732 1440 978 1506 quisnam
1022 1449 1163 1494 esset
1217 1440 1305 1508 qui
1350 1441 1598 1507 proderet
1641 1452 1697 1493 se
1746 1455 1760 1491 :
1813 1447 2095 1507 propterea
2147 1439 2301 1500 dixit,

739 1550 758 1583 ι
796 1532 908 1587 Non
936 1533 1065 1587 estis
1103 1533 1285 1587 nmndi
1310 1548 1517 1585 onmcs.
1560 1549 1575 1582 ι
1610 1531 1834 1598 Sumpta
1876 1534 2163 1587 occasione
2198 1532 2301 1585 Do-

737 1625 910 1677 minus
951 1625 1125 1692 arguit
1173 1624 1498 1693 proditorem
1544 1632 1601 1676 ut
1632 1639 1753 1677 eum
1786 1624 1852 1676 ab
1881 1624 2152 1676 immunda
2183 1639 2303 1676 scu-

736 1715 899 1768 tentia
933 1716 1241 1778 abduceret,
1285 1727 1337 1769 et
1369 1715 1692 1779 indigentem
1748 1715 1912 1767 lavari
1949 1730 1977 1766 a
2016 1715 2212 1767 tnalitia
2251 1716 2303 1768 in

735 1807 893 1860 aliam
961 1808 1282 1859 sententiam
1336 1805 1668 1859 transferret.
1714 1805 1819 1859 Vos
1867 1806 2050 1871 igitur,
2104 1808 2299 1875 inquit,

734 1912 856 1950 cum
896 1898 1014 1951 sitis
1046 1896 1161 1959 loti,
1200 1910 1301 1948 non
1346 1896 1596 1964 indigetis
1628 1894 1731 1947 alio
1763 1895 1994 1949 lavacro.
2029 1893 2175 1949 Unus
2203 1911 2299 1947 au-

737 2000 844 2042 tent
878 2003 958 2044 est
1000 1988 1330 2052 immundus,
1397 1990 1484 2056 qui
1520 1988 1715 2040 lotione
1770 2003 1905 2055 opus
1938 1987 2115 2041 habet.
2150 1986 2306 2052 Quae-

738 2092 867 2135 runt
912 2094 1090 2135 autem
1149 2081 1299 2135 nmlti
1349 2080 1615 2147 quomodo
1668 2080 1863 2134 dixerit
1898 2080 2153 2135 Dominus
2177 2097 2306 2149 apo-

738 2172 913 2235 stolis,
968 2190 986 2223 ι
1048 2171 1156 2225 \‘os
1204 2171 1386 2228 mundi
1415 2173 1566 2225 estis.
1622 2192 1639 2223 ι
1681 2171 1923 2225 Nondum
1969 2173 2113 2225 enim
2157 2183 2311 2225 erant

739 2265 956 2318 liberati
1026 2280 1054 2316 a
1108 2264 1365 2333 peccatis,
1440 2263 1675 2318 nomlum
1745 2261 2001 2330 Spiritum
2079 2262 2309 2318 assecuti

738 2368 911 2410 erant.
966 2357 1156 2411 Adhuc
1209 2359 1350 2411 enim
1424 2368 1704 2424 peccatum
1750 2357 2091 2425 praevalebat,
2136 2357 2310 2411 adhuc

742 2450 1048 2503 maledictio
1092 2448 1438 2518 operabatur.
1472 2446 1716 2501 Nondum
1760 2448 1903 2501 enim
1944 2466 1961 2498 ι
2007 2448 2191 2516 Agnus
2220 2448 2308 2516 qui

740 2544 880 2597 tollit
936 2554 1149 2613 peccata
1214 2545 1396 2598 mundi
1447 2544 1539 2608 3",
1576 2563 1593 2595 ι
1639 2544 1947 2598 immolatus
1984 2551 2119 2596 erat.
2177 2540 2313 2595 Non-

741 2637 870 2688 dum
898 2649 1193 2702 suspensus
1226 2635 1277 2688 in
1312 2635 1475 2703 ligno,
1505 2651 1533 2688 a
1563 2634 1845 2688 maledicto
1866 2650 1966 2689 nos
1994 2634 2313 2688 redemerat.

742 2729 1018 2792 Quomodo
1050 2727 1211 2797 igitur
1236 2728 1414 2781 mundi
1444 2728 1658 2781 fuerunt
1700 2727 1962 2795 apostoli?
2014 2726 2107 2781 Est
2154 2726 2317 2793 igitur

742 2820 1030 2873 dicettdum
1082 2817 1222 2887 quod
1267 2818 1514 2887 quamvis
1562 2833 1665 2871 non
1712 2818 1910 2871 l'uerint
1939 2818 2157 2871 omnino
2188 2818 2317 2871 libe-

743 2914 847 2966 rati
880 2926 907 2963 a
946 2915 1198 2980 peccatis,
1250 2920 1485 2965 attamen
1508 2920 1725 2979 propter
1746 2924 2073 2974 sermonem,
2111 2910 2313 2979 inquit,

744 3017 906 3073 quem
955 3005 1163 3056 locutus
1213 3016 1331 3055 sum
1390 3000 1561 3064 vobis,
1610 3019 1627 3052 ι
1686 3000 1868 3054 mundi
1918 3000 2050 3055 estis
2093 3018 2106 3053 :
2147 3018 2165 3051 ι
2219 3001 2319 3054 hoc

719 3102 849 3158 est,
894 3094 1186 3149 secundum
1241 3094 1341 3147 hoc
1371 3106 1512 3147 nunc
1535 3092 1668 3147 estis
1709 3090 1917 3153 tnundi,
1966 3105 2107 3145 nunc
2147 3094 2316 3144 lucem

2403 616 2590 685 ὅρκου,
2625 618 2705 670 δτι
2736 621 2812 671 Οὐ
2844 620 2916 689 μὴ
2975 623 3185 688 ποιήσω
3214 624 3349 685 τόδε,
3375 621 3490 675 εἶτα
3520 623 3657 675 αἰδοῖ
3693 620 3787 673 τοῦ
3814 623 3981 690 ὅρκου

2403 706 2709 774 ἐμμένοντα
2738 709 2813 776 τῷ
2847 712 3029 772 κακῶς
3062 713 3391 782 κεκριμένῳ,
3428 716 3519 765 καὶ
3552 714 3612 765 ὲκ
3641 712 3829 763 τούτου
3864 728 3983 761 κιν-

2401 796 2707 859 δυνεύοντα,
2741 800 2771 870 ἢ
2799 802 2924 869 περὶ
2948 801 3144 871 ψυχὴν,
3174 803 3205 870 ῆ
3236 806 3359 870 περὶ
3389 804 3543 870 σῶμα
3563 820 3574 832 ·
3608 803 3881 867 εὐστόχως
3914 800 3983 852 ἂν

2402 892 2633 960 χρήσαιο
2663 892 2737 960 τῷ
2765 891 2856 944 τοῦ
2890 892 3093 962 Πετρου
3119 894 3493 963 ὑποδείγματι,
3518 894 3574 956 ὃς
3605 893 3979 960 ἐνιστάμενος,

2403 981 2588 1052 ἐπειδὴ
2614 979 2719 1035 εἶδε
2750 984 2845 1052 τὴν
2880 984 3130 1036 ἔνστασιν
3161 987 3240 1043 εἰς
3270 986 3361 1038 τὸν
3397 987 3504 1039 ἀπὸ
3547 984 3783 1055 Χριστοῦ
3810 1002 3981 1053 χωρι-

2405 1076 2540 1143 σμὸν
2576 1076 2865 1145 φέρουσαν,
2892 1078 3097 1145 ἀπέστη
3133 1078 3353 1147 ταύτης.

2481 1186 2497 1215 ι
2538 1167 2699 1233 Λέγει
2726 1169 2873 1237 αὐτῷ
2902 1170 2926 1221 ό
2971 1168 3209 1236 Ἰησοῦς·
3250 1171 3310 1223 Ὀ
3346 1170 3665 1240 λελουμένος
3695 1170 3753 1221 ο)
3787 1169 3981 1239 χρείαν

2403 1259 2515 1327 ἔχει
2552 1260 2584 1329 ἢ
2630 1259 2752 1321 τοὺς
2783 1259 2946 1323 πόδας
2979 1261 3257 1329 νίψασθαι,
3296 1263 3409 1315 ἀλλ’
3430 1264 3541 1314 ἔστι
3571 1261 3804 1328 καθαρὸς
3835 1262 3979 1323 δλος·

2404 1348 2665 1417 καλύμεῖς
2692 1348 2919 1418 καθαροί
2939 1352 3207 1412 ἐστε,ἀλλ“
3227 1352 3343 1421 οὐχὶ
3374 1353 3595 1414 πάντες.
3634 1371 3650 1403 ι
3686 1351 3841 1421 ’ᾘδει
3871 1353 3981 1417 γαρ

2402 1439 2493 1491 τὸν
2522 1438 2881 1509 παραδιδόντα
2913 1442 3074 1494 αὐτόν
3095 1459 3108 1473 ο
3148 1443 3235 1495 δια
3281 1442 3438 1495 τοῦτο
3467 1440 3636 1503 ε’πεν,
3668 1444 3749 1495 δτι
3786 1462 3800 1493 ι
3842 1444 3983 1509 Οῷχὶ

2405 1533 2604 1594 πάντες
2636 1533 2864 1602 καθαροί
2892 1535 3035 1586 ἐστε.
3066 1553 3082 1584 ο
3134 1535 3409 1605 Ἀφορμῆς
3442 1535 3776 1604 δραξάμενος
3808 1538 3836 1589 ὁ
3871 1534 3985 1587 Κύ-

2410 1641 2546 1693 ριος,
2602 1623 2811 1694 ἐλέγχει
2843 1626 2934 1677 τόν
2966 1627 3247 1695 προδότην,
3300 1628 3374 1687 ὡς
3406 1628 3713 1696 ἀκάθαρτον
3748 1626 3979 1693 γνώμην

2407 1717 2617 1785 ἔχοντα,
2670 1718 2761 1769 καὶ
2790 1716 3042 1786 δεόμενον
3096 1718 3190 1770 τοῦ
3226 1718 3633 1772 ἀπολούσασθαι
3687 1719 3782 1785 τὴν
3818 1734 3987 1785 πονηο

2409 1812 2549 1879 ρίαν,
2585 1810 2677 1861 καὶ
2734 1810 3282 1878 μεταϐουλεύσασθαι.
3331 1812 3520 1878 Ὑμεῖς
3554 1812 3650 1880 μὲν
3681 1810 3791 1863 οὖν.
3827 1812 3983 1878 φησὶ,

2410 1900 2717 1968 λελουμένοι
2743 1900 2914 1965 ὄντες,
2945 1902 3005 1953 οὺ
3039 1901 3222 1954 δέεσθε
3254 1902 3333 1954 ἔτι
3382 1902 3541 1956 ἄλλου
3595 1900 3819 1970 λουτροῦ
3850 1922 3851 1925 η
3903 1896 3985 1962 εἷς

2406 1993 2460 2043 δέ
2493 1993 2639 2044 ἐστιν
2667 1993 2694 2044 ὁ
2719 1993 3026 2062 ἀκάθαρτος
3057 1993 3351 2061 ὁδεόμενος
3379 1994 3715 2053 ἐκπλυσεως.
3747 1991 3981 2061 ’ζητοῦσι

2406 2085 2461 2135 δὲ
2490 2083 2693 2150 πολλοὶ,
2721 2084 2836 2147 πῶς
2887 2081 3037 2136 εἶπεν
3075 2087 3103 2137 ό
3129 2086 3328 2154 Κύριος
3360 2088 3471 2147 τοῖς
3505 2086 3845 2146 ἀποστόλοις,
3899 2085 3981 2151 δτι

2417 2194 2433 2225 ι
2474 2175 2665 2244 Ὑμεῖς
2696 2176 2925 2247 καθαροί
2955 2177 3100 2228 ἐστεο
3142 2196 3160 2229 ι
3195 2178 3346 2230 οὔπω
3376 2180 3484 2248 γὰρ
3514 2177 3623 2230 τῶν
3647 2177 3983 2246 ἁμαρτημά-

2410 2286 2518 2321 των
2549 2268 2963 2339 ἀπηλλάγησαν,
3018 2268 3170 2323 οὔπω
3212 2270 3533 2340 Πνεῦματος
3571 2270 3819 2338 ἦξίωντο.
3860 2270 3981 2321 Ἐτι

2410 2361 2519 2429 γὰρ
2545 2361 2577 2427 ἠ
2606 2361 2848 2429 ἁμαρτία
2877 2361 3118 2431 ἐκράτει,
3141 2362 3219 2415 ἔτι
3244 2364 3277 2433 ἡ
3303 2363 3517 2432 κατάρα
3545 2364 3782 2432 ἐνήργει.
3814 2360 3984 2415 Οὔπω

2411 2452 2519 2519 γὰρ
2553 2468 2572 2502 ί
2611 2454 2637 2504 ὁ
2688 2452 2882 2520 Ἀμνὺς
2919 2454 2946 2505 ὁ
3000 2453 3168 2523 αἴρων
3197 2454 3296 2523 τὴν
3325 2454 3595 2523 ἁμαρτίαν
3615 2453 3707 2507 τοῦ
3740 2454 3977 2522 κόσμου»

2412 2544 2647 2614 ἐσφάγη,
2685 2543 2838 2597 οὔπω
2866 2544 3177 2615 ἐκρεμάσθη
3240 2547 3330 2599 ἐπὶ
3380 2546 3472 2600 τοῦ
3503 2546 3661 2611 Εὐλου
3704 2547 3732 2597 ὁ
3766 2548 3830 2596 ἐκ
3883 2545 3984 2612 τῆς

2414 2637 2661 2702 κατάρας
2696 2634 2843 2702 ἡμᾶς
2872 2633 3233 2705 ὲξαγοράσας.
3302 2634 3422 2699 Πῶς
3457 2636 3548 2688 οὖν
3578 2632 3717 2705 ἦσαν
3753 2634 3986 2703 καθαροὶ

2414 2728 2462 2778 οἱ
2494 2725 2816 2790 ἁπόστολοι;
2873 2727 3058 2779 Ἔστιν
3083 2723 3175 2779 οὖν
3209 2730 3401 2789 εἰπεῖν,
3455 2730 3533 2781 ὅτι
3566 2730 3614 2780 εἰ
3648 2730 3740 2781 καὶ
3770 2728 3845 2796 μὴ
3876 2727 3986 2778 τῶν

2415 2817 2700 2887 ἁμαρτιῶν
2725 2818 3118 2888 ἀπηλλάγησαν
3153 2821 3351 2888 πάντη,
3385 2818 3501 2873 ἀλλ’
3535 2820 3627 2873 οὖν
3662 2820 3747 2873 διὰ
3770 2819 3860 2871 τὸν
3890 2818 3983 2870 λό-

2416 2928 2532 2981 γον,
2558 2912 2743 2980 φησὶν,
2761 2910 2819 2963 ὃν
2843 2910 3113 2981 λελάληκα
3140 2912 3286 2981 ὑμῖν,
3314 2932 3330 2963 ι
3361 2912 3587 2982 καθαροί
3613 2915 3733 2964 ὲστε
3750 2928 3762 2940 ·
3790 2929 3809 2961 ι
3829 2927 3986 2962 τουτ-

2418 3005 2555 3060 έστι,
2589 3003 2743 3056 Κατὰ
2770 3000 2927 3054 τοῦτό
2964 3002 3086 3054 ὲστε
3146 3003 3373 3070 καθαροὶ
3404 3003 3560 3065 τέως.
3609 3004 3747 3071 Ἤδη
3777 3002 3837 3053 τό
3871 3000 3987 3069 φῶς

2418 3092 2690 3157 ἐδέξασθε,
2744 3093 2841 3162 ἠδη
2878 3094 2977 3160 τῆς
3010 3092 3220 3159 πλάνης
3250 3093 3597 3162 ἀπηλλάγητε
3630 3093 3725 3160 τῆς
3765 3092 3988 3145 Ἰουδαῖο

746 3187 1051 3255 accepistis,
1077 3199 1218 3238 nunc
1282 3184 1493 3238 liberali
1552 3184 1682 3238 estis
1716 3183 1783 3237 ab
1815 3197 1999 3237 errore
2040 3181 2264 3238 Judaico
2298 3201 2311 3236 :
2344 3204 2388 3265 ε
2420 3204 2427 3237 τ

2305 3201 2311 3236 :
2344 3204 2388 3265 ο
2420 3187 2541 3255 κῆς.
2585 3186 2736 3238 Ἐπεὶ
2769 3185 2860 3236 καὶ
2902 3184 3147 3247 Ἡσαΐας,
3185 3186 3367 3247 ἄκουε,
3414 3185 3529 3246 πῶς
3574 3185 3813 3237 διδάσκει
3840 3186 3986 3253 ἡμᾶς

747 3279 870 3346 quia
902 3287 956 3331 et
995 3276 1183 3330 Isaiam
1226 3274 1370 3338 audi,
1411 3275 1682 3343 quomo‘lo
1726 3274 1915 3327 doceat
1959 3287 2054 3325 nos
2101 3271 2265 3326 lavari
2303 3291 2316 3327 :

755 3388 773 3419 ι
822 3368 1118 3430 Lavamini,
1158 3374 1210 3420 et
1254 3366 1437 3419 mundi
1489 3375 1682 3428 estote.
1720 3364 1970 3433 deponite
1991 3362 2223 3417 malitias
2256 3364 2323 3418 ab

749 3459 1036 3513 animabus
1088 3458 1284 3512 vestris
1335 3458 1399 3509 ³⁸.
1439 3474 1456 3507 ι
1524 3455 1589 3509 Ει
1624 3456 1698 3508 ita
1751 3455 1913 3508 etiam
1944 3454 2017 3507 illi
2046 3456 2170 3522 quia
2201 3468 2320 3509 cum

751 3566 940 3620 magna
984 3550 1291 3603 innocentia
1340 3557 1391 3600 et
1438 3545 1785 3612 simplicitate
1815 3545 2168 3599 versabantur
2199 3561 2321 3600 cum

749 3639 985 3702 Christo,
1010 3638 1199 3690 merito
1248 3636 1336 3689 loti
1365 3646 1418 3688 et
1452 3634 1655 3693 mundi.
1682 3648 1711 3685 a
1762 3634 1991 3688 Domino
2043 3634 2317 3688 dicuntur.

754 3729 1135 3784 lutellexerunt
1168 3738 1345 3781 autem
1370 3724 1587 3795 quidam
1618 3738 1711 3793 per
1732 3737 1945 3778 etenam
1996 3725 2321 3794 agnitionem

754 3821 993 3892 mystcrii
1040 3818 1333 3873 secundum
1411 3816 1683 3869 Christum
1731 3814 1784 3867 in
1841 3813 1943 3869 [ine
1982 3813 2323 3879 surculorum,

754 3929 915 3983 quam
969 3910 1219 3966 Christus
1271 3910 1469 3964 docens
1522 3922 1647 3962 suos
1701 3906 2012 3974 discipulos,
2051 3906 2217 3976 '_lavat
2272 3916 2326 3961 et

753 4007 920 4078 pedes
966 4005 1228 4073 ipsorum,
1280 4018 1382 4055 non
1418 4009 1474 4053 ut
1510 3998 1771 4053 maculam
1818 3998 2095 4064 habentes,
2142 3999 2235 4053 sed
2269 4010 2327 4055 ut

756 4106 970 4171 paratos
998 4110 1093 4151 eos
1120 4092 1319 4147 faciens
1352 4090 1418 4145 ad
1441 4090 1817 4159 Evangelium,
1844 4090 1995 4157 juxta
2028 4090 2149 4154 hoc,
2182 4092 2324 4159 quod

757 4192 962 4246 dictum
1005 4197 1089 4242 est
1116 4185 1184 4240 ab
1218 4184 1383 4249 Isaia;
1429 4203 1446 4233 ι
1488 4181 1658 4249 Quam
1702 4181 1931 4247 speciosi
1976 4181 2135 4250 pedes
2165 4198 2325 4247 evan-

758 4279 1101 4350 gelizantium
1161 4291 1344 4347 pacem
1391 4274 1454 4327 ⁸⁸.
1500 4293 1517 4325 ι
1570 4303 1638 4314 -
1698 4292 1715 4325 ι
1778 4272 1910 4329 Nam
1945 4287 2040 4328 vos
2087 4275 2322 4342 quidem,

760 4372 954 4440 inquit,
988 4370 1169 4423 mundi
1204 4369 1353 4431 estis,
1396 4385 1414 4418 ι
1458 4367 1551 4421 sed
1577 4373 1835 4433 quantum
1888 4365 1952 4417 ad
1989 4379 2084 4419 vos
2112 4365 2323 4419 attinet.

760 4467 980 4518 Ooortet
1023 4471 1199 4516 autem
1228 4462 1296 4514 ob
1339 4460 1564 4513 aliorum
1592 4456 1989 4525 purilicatioues
2021 4471 2113 4512 vos
2138 4458 2273 4511 mitti
2308 4475 2320 4510 :

763 4557 904 4625 quod
960 4569 1054 4623 per
1105 4553 1356 4606 lotionem
1406 4552 1599 4619 pedum
1630 4551 1873 4604 docetur.
1901 4547 2195 4601 Lavacrum
2224 4548 2323 4617 igi-
2357 4537 2400 4591 D

769 4661 855 4703 tur
891 4663 994 4701 non
1035 4645 1162 4699 facit
1199 4654 1257 4697 ut
1286 4644 1640 4711 intelligamus
1671 4641 2096 4710 puriﬁcationem
2134 4654 2324 4707 pecca-

763 4753 942 4794 torum
983 4737 1349 4806 aposlalorum
1386 4734 1589 4802 (mundi
1621 4734 1761 4786 enim
1791 4747 1907 4787 esse
1927 4732 2321 4802 perhibentur),

765 4828 857 4882 sed
904 4825 1202 4895 symbolum
1246 4834 1329 4876 est
1362 4824 1502 4891 quod
1556 4823 1795 4875 mittendi
1824 4824 1928 4875 siut
1972 4824 2022 4874 iu
2066 4822 2323 4889 praedica-

764 4921 985 4980 tionem,
1035 4925 1089 4970 et
1152 4916 1496 4969 transveham
1554 4916 1713 4969 etiam
1765 4914 1833 4966 ad
1883 4915 2015 4967 alios
2079 4912 2324 4969 homines

767 5011 1074 5076 puritatem,
1108 5022 1224 5074 quae
1257 5007 1385 5074 ipsis
1417 5006 1537 5058 data
1576 5013 1659 5058 est
1685 5019 1779 5074 per
1814 5004 2043 5057 Verbum
2084 5004 2321 5057 Domini-

766 5114 911 5151 cum.
954 5097 1156 5151 Idcirco
1190 5110 1244 5150 ct
1298 5095 1485 5149 Petrus
1536 5097 1729 5165 inquit,
1762 5114 1780 5146 ι
1816 5094 1929 5148 Non
1962 5094 2131 5148 solum
2161 5097 2320 5159 pedes

768 5206 914 5243 meos
947 5190 1110 5253 laves,
1142 5188 1235 5241 Sed
1266 5196 1319 5241 et
1351 5196 1531 5255 caput,
1565 5207 1582 5238 ι
1621 5189 1720 5241 hoc
1743 5195 1843 5249 est,
1872 5204 1974 5240 non
2022 5188 2087 5238 ad
2132 5186 2322 5254 praedi-

767 5283 1025 5335 catioueu‘
1070 5290 1278 5334 tantum
1336 5282 1517 5335 mittas
1570 5296 1675 5344 tne,
1719 5280 1807 5333 sed
1838 5289 1891 5333 et
1939 5288 2100 5347 caput
2151 5293 2326 5332 meum

768 5386 863 5438 per
908 5372 1221 5438 martyrium
1264 5370 1507 5438 puriiica.
1550 5370 1790 5437 lutellige
1841 5381 2018 5422 autem
2076 5368 2218 5435 quod
2272 5375 2326 5421 ct

768 5479 908 5517 nunc
936 5465 1045 5515 hare
1078 5464 1439 5529 perﬁciantur.
1472 5461 1639 5531 689
1677 5459 1884 5513 Etenim
1910 5468 1966 5512 et
2001 5472 2141 5511 nunc
2171 5473 2321 5511 cmna

766 5558 826 5611 tit
866 5557 916 5607 in
971 5556 1148 5609 divina
1204 5570 1353 5609 sacra
1405 5556 1711 5623 Operatione
1758 5551 1920 5605 divini
1982 5551 2222 5617 corporis
2271 5560 2325 5603 et

767 5646 1043 5713 sanguinis
1091 5662 1209 5715 qua:
1260 5656 1643 5716 proponuntur.
1686 5642 1822 5708 Quid
1878 5642 2025 5712 igitur
2104 5641 2169 5694 ab
2216 5657 2323 5695 uno

1428 5822 1525 5877 ιω.
1561 5838 1596 5886 l,
1632 5821 1709 5874 16.

838 5824 899 5852 "‘-'
931 5822 1082 5877 .iuatt.
1124 5840 1161 5890 ι,
1197 5824 1282 5878 29.
1428 5822 1525 5877 La.
1561 5838 1596 5886 ι,
1632 5821 1709 5874 16.
1856 5821 1897 5850 "
1934 5816 2035 5874 lsa.
2083 5833 2173 5885 Lll,
2230 5817 2279 5871 7.

2425 3277 2672 3331 λούεσθαι
2697 3295 2708 3307 ·
2745 3297 2762 3329 ι
2785 3277 3084 3334 Λούσασθε.
3117 3278 3211 3330 καὶ
3233 3277 3459 3345 καθαροὶ
3482 3276 3691 3344 γίνεσθε
3714 3292 3727 3305 ·
3756 3276 3985 3343 ἀφελετε

2423 3368 2519 3431 τὰς
2551 3368 2809 3438 πονηρίας
2842 3367 2949 3421 ἀπὸ
2978 3366 3085 3418 τῶν
3116 3365 3300 3435 ψυχῶν
3329 3366 3502 3435 ὑμῶν.
3541 3385 3558 3416 ι
3584 3367 3749 3417 νὨστε
3768 3365 3858 3415 καὶ
3893 3364 3987 3415 αὐ-

2424 3460 2526 3521 τοὶ,
2561 3459 2681 3511 ἐπεὶ
2710 3458 2847 3525 μετὰ
2881 3456 3060 3527 πάσης
3098 3456 3333 3516 ἀκακίας
3364 3456 3456 3507 καὶ
3499 3454 3814 3523 ἀδολότητος
3859 3470 3988 3503 συν-

2425 3552 2561 3618 ῆσαν
2592 3549 2666 3617 τῷ
2717 3546 2956 3617 Χριστῷ,
2989 3548 3214 3607 εἰκότως
3242 3545 3551 3611 λελουμένοι
3612 3546 3705 3596 καὶ
3756 3542 3988 3611 καθαροὶ

2426 3639 2577 3711 παρά
2605 3638 2696 3691 τοῦ
2731 3638 2932 3707 Κυρίου
2984 3636 3249 3703 λέγονται.
3308 3634 3566 3703 Ἐνόησαν
3617 3635 3672 3686 δέ
3713 3650 3852 3691 τινες
3884 3633 3990 3684 δεῖ-

2426 3749 2555 3787 πνον
2596 3731 2692 3799 τὴν
2730 3732 2785 3782 ἐν
2814 3727 2891 3797 τῷ
2923 3728 3064 3780 τέλει
3089 3726 3199 3779 τῶν
3223 3727 3432 3779 αίώνων
3466 3724 3561 3777 τοῦ
3589 3726 3726 3777 κατᾶ
3752 3726 3989 3793 Χριστὸν

2428 3822 2729 3894 μυστηρίου
2782 3822 3002 3888 γνῶσιν,
3044 3820 3107 3889 ἣν
3135 3822 3163 3872 ό
3209 3816 3414 3888 Ἰησοῦς
3444 3817 3711 3870 διδάσκων
3742 3816 3862 3877 τοὺς
3908 3816 3990 3867 οἱ·

2426 3917 2607 3977 κείους
2644 3913 2890 3984 μαθητὰς
2939 3912 3113 3967 νίπτει
3159 3910 3409 3971 καὶτοὺς
3444 3909 3609 3971 πόδας
3661 3907 3991 3977 αὑτῶν,ῖούχ

2426 4009 2500 4071 ὡς
2534 4009 2701 4078 ῥύπον
2735 4007 2973 4076 ἔχοντας,
3028 4005 3141 4057 ἀλλ’
3191 4004 3437 4070 ἑτοίμους
3470 4002 3664 4060 αὐτοὺς
3712 4001 3880 4053 ποιῶν
3909 4002 3991 4062 εἰς

2425 4102 2484 4154 τὸ
2517 4099 2869 4167 Εὐαγγὲλιον,
2922 4098 3062 4151 κατὰ
3092 4098 3153 4149 τὺ
3206 4096 3310 4149 ὑπὸ
3340 4095 3560 4147 Ἡσαΐου
3591 4093 3787 4163 ῥηθέν·
3836 4110 3854 4142 ι
3903 4093 3991 4153 Ὠς

2425 4192 2614 4261 ὡραῖοι
2665 4191 2716 4244 οἱ
2764 4190 2921 4252 πόδες
2972 4188 3079 4242 τῶν
3127 4186 3630 4255 εὐαγγελιζομένων
3684 4185 3928 4253 εἰρήνην.
3965 4203 3985 4235 ι

2426 4314 2493 4325 -
2527 4306 2546 4335 ‹
2575 4284 2764 4352 Ὑμεῖς
2797 4282 2897 4350 μὲν
2931 4281 3059 4349 γὰρ,
3091 4279 3276 4348 φησὶν,
3323 4277 3552 4347 καθαροί
3591 4279 3733 4339 ἐστε,
3777 4293 3793 4325 ι
3854 4274 3992 4327 ἀλλὰ

2427 4375 2548 4429 καθ’
2584 4373 2807 4435 ἑαυτούς
2828 4389 2841 4404 ·
2874 4372 2953 4425 δεῖ
2978 4372 3034 4424 δὲ
3062 4373 3156 4424 καὶ
3191 4371 3319 4440 περὶ
3351 4370 3450 4439 τὴν
3497 4369 3698 4437 ἑτέρων
3724 4366 3992 4433 κάθαρσιν

2429 4465 2800 4535 ἀποσταλῆναι
2858 4465 3001 4531 ὑμᾶς
3026 4479 3039 4493 ·
3096 4463 3124 4515 ὃ
3150 4463 3237 4515 διὰ
3296 4460 3435 4533 [τοῦ]
3475 4461 3599 4523 τοὺς
3646 4459 3811 4521 πόδας
3838 4459 3992 4526 ὑμῶν

2430 4558 2707 4611 νίπτεσθαι
2754 4556 3025 4626 δηλοῦται.
3072 4554 3130 4608 '0
3163 4554 3337 4607 τοίνυν
3392 4550 3589 4622 νιπτὴρ
3639 4551 3701 4604 οὐ
3727 4551 3993 4618 κάθαρσιν

2429 4650 2638 4702 δίδωσιν
2696 4649 2826 4718 ἡμῖν
2856 4649 2994 4699 νοεῖν
3028 4646 3137 4698 τῶν
3192 4644 3471 4714 ἁμαρτιῶν
3522 4643 3631 4695 τῶν
3682 4642 3993 4694 ἀποστόλων

2431 4741 2683 4811 (καθαροὶ
2736 4740 2842 4808 γὰρ
2881 4736 3324 4809 μαρτυροῦνται),
3371 4734 3506 4787 ἀλλὰ
3559 4732 3822 4802 σύμϐολόν
3877 4733 3992 4783 ἐστι

2431 4833 2523 4886 τοῦ
2557 4830 2864 4884 στέλλεσθαι
2897 4829 3088 4890 αὐτοὺς
3111 4827 3202 4879 ἐπὶ
3228 4827 3290 4879 τὸ
3318 4826 3600 4895 κήρυγμα,
3631 4821 3981 4891 διαπορθμεύ-

2434 4934 2630 4979 σαντας
2660 4916 2888 4978 καὶτοῖς
2914 4915 3094 4977 ἄλλοις
3131 4914 3227 4984 τὴν
3260 4914 3407 4979 παρὰ
3431 4911 3524 4963 τοῦ
3575 4912 3745 4977 Λόγου
3780 4910 3871 4962 τοῦ
3899 4915 3993 4960 Δε-

2434 5006 2687 5060 σποτικοῦ
2718 5005 2963 5057 δοθεῖσαν
3017 5005 3199 5065 αὐτοῖς
3237 5002 3602 5071 καθαρότητα.
3635 5000 3725 5052 Διὸ
3765 4999 3857 5050 καὶ
3892 5000 3992 5049 Πέ-

2429 5115 2574 5169 τρος,
2613 5117 2629 5149 ι
2670 5097 2757 5162 Μὴ
2788 5098 2911 5157 τοὺς
2938 5095 3100 5155 πόδας
3131 5111 3230 5163 μου
3253 5093 3409 5165 νίψῃς
3444 5092 3624 5160 μόνον,
3654 5092 3835 5161 φησὶν,
3860 5093 3985 5141 ἀλλὰ

2429 5190 2523 5241 καὶ
2548 5191 2646 5257 τὴν
2679 5188 2921 5257 κεφαλήν
2941 5202 2956 5218 ·
2985 5205 3003 5236 ι
3028 5186 3292 5249 τουτέστι,
3310 5185 3400 5254 Μὴ
3426 5185 3503 5246 εἰς
3530 5183 3588 5235 τὸ
3605 5187 3863 5251 κηρυγμα
3900 5183 3989 5245 μό-

2426 5299 2515 5335 νον
2550 5282 2755 5349 πέμπε,
2794 5278 2926 5331 ἀλλά
2959 5276 3053 5330 καὶ
3080 5277 3175 5345 τὴν
3207 5276 3447 5343 κεφαλήν
3483 5292 3582 5343 μου
3612 5274 3697 5325 δια
3724 5272 3816 5324 τοῦ
3851 5290 3987 5341 μαρ-

2429 5372 2615 5443 τυρίου
2673 5369 2988 5438 καθάρισον.
3029 5368 3367 5436 Ἐκλάμὸανε
3414 5366 3478 5434 δή
3528 5384 3617 5432 μοι
3654 5366 3745 5416 καὶ
3776 5364 3849 5425 ὡς
3895 5363 3989 5415 νῦν

2433 5461 2606 5515 ταῦτα
2646 5460 2962 5528 τελούμενα.
2995 5458 3106 5511 Καὶ
3152 5459 3260 5526 γὰρ
3310 5459 3403 5509 καὶ
3458 5455 3551 5507 νῦν
3605 5456 3816 5507 δεῖπνον
3847 5455 3990 5519 γίνε-

2432 5569 2520 5604 ται
2554 5552 2612 5603 ὲν
2640 5553 2703 5621 τῇ
2737 5550 2853 5620 θεία
2885 5550 3162 5619 ἱερουργίᾳ
3190 5547 3282 5600 τοῦ
3313 5547 3454 5599 θείου
3509 5547 3756 5613 σώματος
3784 5533 3869 5596 καί
3898 5544 3987 5595 τοῦ

2433 5642 2657 5711 αἵματος
2696 5640 2856 5694 αὐτοῦ
2889 5640 3266 5709 προκειμένου.
3304 5638 3366 5691 Τί
3408 5637 3498 5690 οὖν
3532 5638 3837 5691 inania:
3864 5637 3989 5688 Ξκα-
