4256 6446
769 415 870 480 1(3

1647 415 2218 475 TIIEOPHYLACTI
2261 415 2667 476 BULGAI’JE
2705 418 3058 480 ARCIIIEP.

3888 420 3993 485 16's

757 527 927 580 ruat?
969 522 1153 592 Neque
1184 525 1302 577 iste.
1336 521 1682 592 Nequaquam
1710 526 1852 577 enim
1882 533 2249 591 exspectasset
2283 532 2339 577 ttt
2369 535 2411 589 Α

2369 535 2411 589 Α
2444 528 2578 593 arpi;
2606 527 2664 578 τὸ
2701 523 2815 591 οὖς,
2848 527 2985 580 ὥστε
3029 529 3102 603 μη
3140 529 3389 595 γενέσθαι
3410 529 3567 601 δῆλον
3594 545 3685 584 τον
3718 534 3985 603 προδότην
4008 552 4020 565 ·

757 619 1052 688 discipulus
1085 618 1135 669 in
1161 625 1366 670 tantam
1396 626 1770 685 prorumperet
1803 616 2155 684 impietatem.
2190 616 2330 670 San-

758 725 841 763 t'l:t
874 712 1011 762 enim
1046 707 1131 760 illa
1166 709 1345 761 anima
1376 708 1566 776 procul
1601 722 1630 761 a
1663 706 1751 760 tali
1796 707 2073 776 impietate
2095 748 2109 769 ,
2152 722 2329 776 neque

757 806 824 855 de
864 804 965 854 alio
998 800 1153 852 facile
1186 798 1291 852 tale
1318 799 1593 867 quidpiam
1623 801 1896 866 suspicata
1926 799 2048 853 fuit.
2087 817 2106 849 ι
2143 797 2332 854 Nullus

758 909 886 957 ergo
912 891 1184 960 cognovit,
1224 908 1242 941 ›
1302 891 1395 944 sed
1440 890 1891 945 existimaverunt
1924 892 2067 960 quod
2116 890 2330 956 dicens,

762 1005 780 1033 ε
814 984 922 1037 Fac
950 984 1128 1046 citius,
1168 1001 1186 1033 ι
1226 981 1515 1036 diceretde
1547 981 1726 1051 aliquo
1753 983 1818 1035 ad
1855 982 2050 1036 festum
2077 985 2330 1050 emendo,

764 1098 778 1126 ι
817 1078 900 1130 vel
928 1088 985 1129 ut
1020 1077 1145 1144 quid
1179 1077 1329 1130 daret
1368 1076 1714 1143 pauperibus.
1757 1094 1775 1127 ι
1814 1074 1948 1128 Nam
1978 1075 2202 1129 multam
2240 1091 2335 1131 cu-

762 1186 872 1222 ram
940 1178 1159 1236 gerebat
1221 1182 1538 1236 pauperum.
1602 1166 1668 1220 Et
1723 1166 1992 1235 quomodo
2048 1170 2137 1236 qui
2198 1168 2333 1223 alios

758 1264 1009 1315 admouet
1039 1278 1103 1314 ne
1138 1268 1352 1328 purtcnt
1384 1274 1589 1327 peram,
1624 1273 1798 1328 neque
1833 1273 1928 1325 aes,
1962 1262 2083 1329 ipse
2124 1274 2333 1313 marsu-

760 1354 905 1421 pium
943 1350 1191 1405 ferebat?
1216 1347 1466 1404 Ostendit
1510 1351 1652 1419 quod
1691 1359 1741 1402 et
1769 1351 2115 1418 possessione
2139 1363 2332 1404 caren-

762 1460 887 1509 lt‘lll,
929 1454 982 1496 et
1024 1442 1340 1496 crucifixum
1400 1442 1619 1502 nmndo,
1667 1456 1916 1509 magnam
1970 1450 2183 1511 oportet
2221 1440 2336 1509 ejus

761 1539 930 1605 partis
988 1552 1173 1591 curam
1239 1536 1456 1589 habere.
1501 1551 1521 1584 ι
1562 1532 1828 1588 Caeterum
1902 1550 2005 1590 nox
2049 1542 2162 1589 erat
2211 1548 2332 1587 cum

760 1629 961 1682 exisset
986 1646 1000 1689 ;
1035 1647 1051 1678 ι
1076 1642 1245 1696 neque
1262 1626 1361 1678 hoc
1379 1624 1647 1691 superﬂue
1668 1625 1961 1696 assignavit
1982 1626 2333 1697 evangelista,

761 1723 856 1777 scd
886 1732 944 1775 ut
987 1723 1175 1774 doceat
1206 1734 1300 1773 nos
1330 1719 1471 1788 quod
1512 1734 1691 1789 neque
1736 1728 1946 1787 tempus
1995 1719 2337 1788 prohibuerit

760 1815 932 1877 illum,
991 1815 1084 1866 sed
1151 1822 1308 1865 nocte
1361 1811 1540 1863 dolum
1594 1812 1876 1866 struxerit.
1937 1809 2117 1865 Exivit
2175 1812 2336 1880 igitur

760 1910 971 1975 quinta,
993 1916 1054 1958 ut
1080 1904 1207 1958 mihi
1228 1904 1460 1967 videtur,
1481 1916 1723 1972 vespera,
1762 1903 1977 1973 quando
1997 1920 2016 1955 ι
2038 1914 2092 1957 et
2116 1903 2333 1957 intravit
2367 1889 2407 1946 Β

763 2000 816 2052 in
849 2003 1019 2066 ipsmn
1051 1996 1302 2050 Satanas.
1337 2013 1354 2046 ι
1389 1993 1521 2049 Nam
1546 2004 1737 2064 quarta
1760 1996 1976 2065 quidem
2001 2005 2235 2051 accessu
2266 1997 2330 2050 ad

764 2091 934 2155 illum,
968 2091 1180 2158 quando
1205 2087 1410 2142 scilicet
1444 2087 1637 2141 mulier
1663 2102 1782 2157 quae
1808 2088 1947 2157 apud
1978 2089 2291 2142 Matthmmn
2314 2126 2330 2151 ,

766 2192 1091 2247 unguentum
1165 2177 1437 2233 ell‘udit".
1521 2177 1637 2244 Ipse
1718 2184 1898 2231 autem
1978 2188 2035 2231 ut
2112 2177 2328 2241 abivit,

764 2274 973 2325 loculus
1002 2280 1084 2325 est
1133 2286 1255 2325 cum
1303 2267 1502 2324 Judazis
1551 2269 1619 2323 de
1677 2269 1987 2324 traditione.
2041 2270 2110 2323 At
2145 2270 2331 2337 quinta

764 2386 983 2438 vespera
1015 2371 1233 2423 intravit
1294 2370 1344 2421 itt
1379 2369 1553 2433 illum,
1605 2367 1710 2422 hoc
1753 2375 1854 2429 est,
1908 2366 2190 2435 occupavit
2238 2381 2333 2419 cor

764 2464 922 2531 ejus:
978 2464 1118 2515 sicut
1168 2462 1307 2515 aliud
1367 2471 1448 2516 est
1496 2472 1777 2529 percutere
1817 2460 2118 2529 quempiam
2176 2473 2333 2510 manu

767 2555 917 2618 foris,
953 2564 1006 2607 et
1042 2555 1186 2608 aliud
1221 2564 1301 2608 est
1337 2554 1621 2608 confodere
1654 2553 1830 2623 gladio
1880 2555 2105 2607 viscera.
2160 2552 2336 2605 Exivit

768 2647 931 2713 igitur
953 2643 1119 2697 ludas
1144 2654 1195 2698 et
1224 2644 1549 2700 scnsibiliter
1568 2654 1621 2698 et
1645 2645 1952 2699 mentaliter
1975 2662 1999 2694 :t
2032 2644 2334 2697 Salvatore.

772 2756 788 2786 ‹
828 2735 952 2789 Erat
984 2746 1160 2790 autem
1193 2746 1247 2788 et
1270 2751 1368 2790 nox
1397 2754 1410 2788 :
1453 2753 1471 2786 ι
1522 2735 1768 2790 fortassis
1798 2747 1853 2789 et
1885 2735 2181 2804 spiritualis
2206 2750 2335 2799 tt0.\‘,

766 2829 1004 2880 avaritia:
1038 2826 1411 2883 obteuehratio
1436 2827 1704 2879 invaserat
1734 2840 1879 2879 eum.

2434 614 2609 688 ἦγαρ
2658 619 2722 671 ἂν
2752 620 3081 672 διεσπάσατο
3132 620 3404 691 μάχαιραν
3453 622 3589 691 τάχα
3648 623 3872 692 Πέτρος,
3925 625 4024 677 καὶ

2434 711 2643 761 άιεῖὶεν
2692 711 2872 763 αὐτόν.
2908 705 3145 780 ’Δρ“οὗν
3182 712 3299 764 οὐδέ
3343 712 3593 781 Ἰωάννης
3621 713 3762 780 ἔγνω
3814 714 4021 778 αὑτόν;

2436 802 2570 854 Οὐδὲ
2598 797 2771 864 οὗτος.
2814 802 2888 854 Οὐ
2936 802 3045 870 γάρ
3088 801 3153 854 ἂν
3185 801 3606 870 προσεδόκησεν,
3638 804 3719 856 ὅτι
3770 804 4021 874 μαθητὴς

2434 893 2525 943 ἐπὶ
2555 891 2807 944 τοσοῦτον
2859 895 3098 962 χωρήσει
3132 892 3495 960 παρανομίας.
3539 893 3732 963 Πόρρω
3766 896 3872 963 γάρ
3916 895 4019 962 τῆς

2434 983 2692 1053 τοιαύτης
2744 983 3010 1054 πονηρίας
3068 985 3099 1052 ἡ
3139 983 3266 1049 ἁγία
3302 982 3433 1035 οὖσα
3471 984 3648 1051 ἐκείνη
3696 984 3863 1053 ψυχὴ,
3899 986 4021 1037 οὐδὲ

2434 1075 2562 1145 περὶ
2589 1076 2775 1144 ἐτέρου
2805 1076 2962 1127 τοῦτο
2992 1075 3230 1137 εὐκόλως
3263 1074 3617 1128 ὑπώπτευσεν
3649 1078 3731 1131 ἄν.
3770 1096 3787 1128 t
3824 1077 4018 1140 Οὐδεὶς

2433 1164 2524 1221 οὖν
2550 1167 2710 1235 ἔγνω,
2751 1186 2768 1219 ι
2830 1168 2944 1219 ἀλλ’
2977 1168 3256 1237 ἐνόμισαν,
3308 1169 3391 1220 ὅτι
3436 1170 3513 1231 τδ,
3589 1186 3607 1219 ‹
3650 1169 3882 1237 Ποίησον
3916 1172 4015 1223 τά·

2436 1279 2572 1332 χιον,
2610 1280 2627 1312 ι
2664 1262 2789 1330 περὶ
2823 1262 2914 1315 τοῦ
2946 1264 3212 1331 ἀγοράσαι
3233 1280 3283 1316 τι
3321 1283 3338 1314 r
3376 1266 3453 1328 εἰς
3484 1265 3583 1333 τὴν
3612 1266 3823 1336 ἑορτὴν,
3867 1284 3884 1316 ι
3921 1267 4013 1319 λέ-

2436 1370 2546 1421 γει,
2586 1370 2604 1403 t
2636 1352 2667 1422 ἢ
2699 1353 2785 1404 ῖνα
2815 1369 2867 1403 τι
2898 1353 2972 1421 δῷ
3010 1355 3119 1413 τοῖς
3163 1354 3418 1421 πτωχοῖς.
3460 1373 3477 1404 ι
3528 1353 3633 1404 Καὶ
3671 1354 3778 1421 γάρ
3812 1353 4017 1422 πολλὴν

2436 1445 2690 1515 πρόνοιαν
2734 1444 2841 1496 τῶν
2881 1445 3111 1513 πτωχῶν
3170 1445 3426 1508 ἐποιεῖτο,
3472 1445 3567 1497 καὶ
3615 1446 3643 1495 0
3678 1447 3789 1507 τοῖς
3832 1445 4018 1506 ἄλλοις

2436 1537 2718 1607 παραινῶν
2777 1535 2852 1606 μὴ
2902 1538 3086 1606 πήραν
3135 1538 3297 1606 ἔχειν,
3334 1536 3407 1607 μὴ
3448 1536 3668 1606 χαλκὸν,
3696 1537 3858 1600 αὐτὸς
3916 1542 4016 1590 καὶ

2436 1632 2819 1701 γλωσσόκομον
2850 1632 3148 1702 ἐπεφέρετο
3173 1649 3185 1661 ·
3222 1633 3455 1695 δεικνὺς,
3486 1633 3567 1685 δτι
3602 1632 3694 1683 καὶ
3724 1633 3814 1684 τὸν
3844 1632 4017 1700 ἀκτή-

2442 1740 2577 1794 μονα
2628 1723 2723 1776 xai
2752 1724 3168 1793 ἐσταυρωμένον
3205 1722 3282 1792 τῷ
3314 1724 3522 1794 κόσμῳ,
3556 1722 3755 1792 πολλὴν
3784 1723 3864 1776 δεῖ
3893 1726 4018 1776 τού-

2438 1832 2531 1867 του
2562 1814 2656 1867 τοῦ
2713 1816 2909 1885 μέρους
2939 1816 3198 1883 φροντίδα
3247 1815 3539 1869 ποιεῖσθαι.
3612 1834 3628 1866 t
3660 1812 3767 1869 Ἦν
3809 1816 3866 1869 δὲ
3896 1816 4013 1881 νὺξ.

2434 1904 2619 1975 φησὶν,
2653 1905 2737 1957 ὅτε
2774 1903 3017 1974 ἐξῆλθεν.
3048 1922 3066 1955 ι
3093 1905 3226 1959 Οὐδὲ
3242 1905 3399 1958 τοῦτο
3419 1907 3704 1976 παρέργως
3732 1909 4015 1977 ἐπεσημὴ-

2434 2015 2564 2051 νατο
2586 2000 2613 2051 0
2636 1997 3049 2068 εὐαγγελιστὴς,
3080 1998 3139 2049 τδ
3174 1992 3313 2051 εἶναι
3339 1999 3525 2062 νύκτα,
3553 1999 3668 2052 ἀλλ’
3708 2001 3792 2052 ἵνα
3827 1999 4013 2069 διδάξῃ

2434 2090 2604 2158 ἡμᾶς,
2636 2090 2716 2141 ὅτι
2750 2089 2871 2141 οὑδέ
2912 2092 2941 2141 0
2990 2089 3179 2157 καιρὸς
3228 2090 3499 2142 ἐκώλυσεν
3527 2092 3710 2154 αὐτὸν,
3739 2091 3873 2142 ἀλλὰ
3921 2097 4017 2144 καὶ

2434 2183 2627 2242 νυκτὸς
2650 2180 2815 2249 οὔσης
2844 2181 3047 2251 ἧρτησε
3086 2182 3146 2252 [ﬂ
3185 2181 3412 2250 ἧρτυσε]
3432 2182 3519 2233 τὸν
3548 2182 3717 2235 δόλον.
3760 2182 4019 2248 Ἐξῆλθεν

2433 2270 2526 2327 οὖν
2555 2278 2620 2343 τῇ
2652 2276 2878 2344 πέμπτῃ
2899 2274 3044 2325 δοκεῖ
3074 2290 3163 2343 μοι
3192 2276 3449 2343 ἑσπέρας,
3481 2276 3566 2327 ὅτε
3607 2292 3625 2325 t
3651 2275 3743 2326 καὶ
3765 2275 4017 2343 εἰσῆλθεν

2434 2367 2513 2426 εἰς
2546 2365 2711 2417 αὑτὸν
2735 2368 2762 2417 0
2794 2366 3059 2427 Σατανᾶς.
3103 2384 3120 2415 ι
3159 2366 3234 2436 Τῇ
3287 2366 3385 2435 μὲν
3418 2368 3525 2436 γάρ
3580 2368 3796 2435 τετράδι
3846 2385 4017 2435 προσ-

2438 2458 2630 2511 έϐαλεν
2664 2457 2835 2527 αὐτῷ,
2865 2459 2956 2510 ὅτε
2983 2458 3183 2527 δηλαδὴ
3217 2460 3250 2528 ἡ
3298 2460 3448 2527 παρα
3475 2458 3553 2527 τῷ
3585 2460 3848 2512 Mathio)
3877 2461 4018 2531 γυνὴ

2438 2552 2674 2602 ἐκένωσε
2722 2552 2782 2601 τθι
2834 2550 3035 2619 μύρον·
3094 2550 3253 2611 αὐτὸς
3294 2549 3348 2601 δὲ
3381 2551 3630 2602 ἀπελθὼν
3686 2551 4017 2619 συνελάλησε

2437 2640 2547 2698 τοῖς
2584 2635 2862 2700 Ἰουδαίοις
2913 2640 3042 2707 περὶ
3084 2639 3185 2706 τῆς
3222 2638 3530 2707 προδοσίας.
3583 2641 3660 2711 Τῇ
3692 2640 3749 2693 δὲ
3785 2643 4021 2714 πέμπτῃ

2440 2728 2681 2800 ἑσπέρας
2729 2729 2975 2800 εἰσῆλθεν
3033 2732 3110 2793 εἰς
3146 2731 3330 2792 αὑτὸν,
3386 2732 3522 2799 ὅπερ
3564 2735 3701 2797 ἐστὶ,
3751 2738 4019 2802 κατέσχεν

2439 2820 2604 2874 αὑτοῦ
2626 2820 2725 2892 τὴν
2760 2821 2987 2889 καρδίαν
3007 2836 3022 2850 ·
3056 2820 3244 2891 ὥσπερ
3271 2821 3398 2875 ἄλλο
3426 2824 3540 2874 ἐστὶ
3573 2824 3632 2876 τὸ
3673 2824 3871 2891 πλῆξαί
3894 2842 4015 2890 τινα

770 2924 836 2991 τῇ
872 2922 1016 2991 χειρὶ
1062 2919 1278 2984 ἔξωθεν,
1309 2919 1403 2973 καὶ
1429 2918 1556 2972 ἄλλο
1580 2920 1641 2972 τὸ
1670 2918 1961 2991 εἰσωθῆσαι
2017 2922 2096 2983 εἰς
2148 2918 2308 2971 αὐτὸν
2362 2916 2421 2968 τὸ
2452 2914 2625 2983 ξίφος,
2684 2916 2776 2966 καὶ
2823 2914 3077 2983 ἐμϐαλεῖν
3123 2915 3255 2968 αὐτὸ
3310 2917 3449 2967 κατὰ
3500 2916 3606 2967 τῶν
3673 2916 4015 2983 σπλάγχνων,

780 3013 999 3081 Egi-.10;
1026 3013 1084 3065 δέ
1110 3014 1137 3065 0
1173 3012 1371 3075 Ἰούδας
1404 3014 1498 3066 καὶ
1546 3012 1817 3082 αἰσθητῶς
1876 3015 1971 3065 καὶ
2023 3012 2227 3083 νοητῶς
2270 3008 2379 3063 ἀπὸ
2414 3008 2507 3061 τοῦ
2531 3006 2802 3077 Σωτῆρος.
2844 3026 2861 3058 t
2901 3004 3009 3060 Ἦν
3042 3007 3097 3059 δὲ
3145 3007 3259 3073 νὶξ,
3303 3026 3321 3059 ι
3354 3011 3492 3078 τάχα
3530 3010 3583 3062 δὲ
3606 3010 3701 3063 καὶ
3730 3010 3892 3079 νοητὴ
3923 3013 4015 3081 νὺξ

769 3125 800 3177 η
834 3107 1177 3176 κατασχοῦσα
1208 3107 1367 3158 αὐτὸν
1403 3105 1503 3174 τῆς
1526 3106 1887 3175 φιλαργυρίας
1917 3106 2201 3170 σκότωσις.

844 3200 1005 3253 \‘tns.
1038 3200 1093 3252 5|
1112 3239 1126 3263 ,
1153 3200 1241 3252 52.
1278 3217 1294 3248 ε
1340 3200 1474 3253 Dicit
1498 3196 1657 3255 Jcsus
1682 3216 1695 3251 :
1723 3198 1870 3253 Nunc
1898 3199 2229 3270 glorificatus
2258 3207 2341 3251 est
2368 3196 2417 3260 α

770 3293 937 3349 Filius
969 3293 1217 3356 hominis,
1252 3300 1308 3346 et
1358 3291 1497 3346 Deus
1541 3291 1870 3360 gloriﬁcatns
1900 3297 1987 3343 est
2036 3303 2128 3355 per
2159 3288 2328 3339 illum.

773 3387 829 3441 Si
860 3386 999 3440 Deus
1019 3385 1345 3452 gloriﬁcatus
1368 3393 1450 3437 cst
1474 3398 1567 3451 per
1596 3398 1741 3446 emn,
1774 3393 1825 3437 et
1852 3382 1992 3435 Deus
2016 3378 2334 3449 glorificabit

772 3494 894 3533 eum
926 3492 1022 3546 per
1070 3492 1147 3530 sc.
1196 3476 1257 3529 Et
1292 3476 1547 3530 continuo
1584 3473 1906 3542 glorillcabit
1943 3488 2085 3525 eum.
2131 3489 2150 3521 ›
2194 3468 2335 3535 Quo-

776 3571 921 3623 niam
956 3569 1299 3622 concidcrant
1337 3566 1722 3635 discipulorum
1751 3578 1981 3625 mentes,
2024 3565 2214 3616 iterum
2246 3575 2338 3615 eas

769 3660 947 3727 erigit,
985 3659 1195 3721 dicens,
1224 3675 1242 3708 Ι
1278 3656 1426 3711 Nunc
1458 3656 1790 3728 gloriﬁcatus
1813 3666 1896 3711 est
1945 3655 2111 3708 Filius
2162 3652 2336 3707 homi-

773 3754 874 3805 nis.
911 3771 927 3800 ι
968 3751 1128 3805 Docet
1153 3749 1295 3803 enim
1327 3763 1421 3802 eos
1456 3763 1559 3802 non
1607 3760 1859 3812 mcerere,
1888 3748 1981 3801 sed
2013 3746 2183 3816 magis
2212 3760 2340 3816 gau-

771 3845 920 3899 dere.
949 3842 1132 3898 Gloria
1193 3842 1331 3895 enim
1379 3850 1459 3895 est
1495 3842 1618 3904 hoc,
1666 3840 1778 3909 ipsa
1817 3840 1997 3909 passio
2030 3837 2256 3904 scilicet,
2286 3848 2342 3892 et

776 3936 915 4003 quod
953 3949 1053 4003 per
1083 3933 1436 4003 ignominiosa
1472 3932 1781 3988 hominibus
1806 3933 1975 3987 honor
2000 3932 2336 3986 conciliatur.

777 4028 841 4079 Et
871 4026 1048 4091 aliter,
1081 4026 1183 4079 Per
1231 4025 1493 4079 miracula
1551 4025 1602 4079 in
1645 4038 1807 4079 cruce
1854 4022 2183 4094 glorificatus
2234 4032 2337 4087 est,

777 4119 892 4171 sole
921 4119 1209 4181 exstincto,
1244 4118 1411 4184 petris
1460 4116 1650 4185 ruptis,
1695 4115 1815 4171 velo
1864 4116 2071 4179 scisso,
2120 4115 2341 4185 aliisque

771 4208 1108 4261 mirabilibus
1164 4208 1361 4260 factis:
1417 4206 1689 4275 quomodo
1734 4213 1913 4260 autem
1968 4223 1988 4256 ι
2026 4204 2345 4275 gloriﬁcabit

771 4299 909 4350 Dcus
949 4296 1140 4348 Filium
1181 4295 1233 4347 in
1264 4294 1625 4363 seipso‘llloc
1652 4304 1755 4359 est,
1791 4309 1886 4363 per
1924 4295 2158 4363 seipsum
2181 4334 2196 4358 ,
2236 4310 2338 4348 non

774 4404 871 4457 per
896 4388 1085 4453 alium,
1127 4402 1234 4440 non
1268 4402 1363 4456 per
1385 4387 1604 4458 angelos
1633 4394 1687 4439 et
1711 4386 2082 4455 archangclos,
2114 4401 2218 4439 non
2248 4400 2343 4455 per

771 4468 907 4533 alias
942 4480 1194 4542 virtutes,
1223 4479 1315 4532 sed
1363 4493 1458 4548 per
1507 4478 1763 4547 seipsum.
1802 4475 1996 4532 Omnia
2040 4479 2181 4532 enim
2208 4492 2337 4546 ope-

2523 3213 2541 3243 ι
2578 3192 2740 3261 Λέγει
2802 3193 2831 3244 0
2875 3192 3122 3261 Ἰησοῦς⁶
3172 3193 3285 3247 Νῦν
3339 3194 3599 3263 ἐδοξάσθη
3652 3197 3679 3246 0
3744 3195 3869 3258 Υἱὸς
3921 3197 4015 3248 τοῦ

2436 3282 2767 3353 ανθρώπου,
2831 3286 2926 3335 καὶ
2987 3286 3017 3336 0
3080 3286 3213 3349 Θεὸς
3280 3284 3539 3355 ἐδοξάσθη
3598 3287 3654 3336 ἐν
3725 3286 3892 3356 αὐτῷ.
3951 3288 4013 3340 El

2436 3376 2463 3425 0
2520 3374 2651 3436 θεὸς
2727 3375 2988 3441 ἐδοξάσθη
3053 3377 3108 3427 ἐν
3171 3376 3341 3444 αὐτῷ,
3394 3378 3487 3429 καὶ
3531 3378 3559 3428 0
3613 3376 3743 3439 Θεὸς
3801 3378 4015 3441 δοξάσει

2438 3466 2601 3517 αὐτὸν
2647 3466 2705 3518 ἐν
2750 3466 2947 3535 ἐαυτῷ,
2983 3467 3072 3519 καὶ
3100 3466 3258 3530 εὐθὺς
3286 3468 3497 3533 δοξάσει
3525 3469 3706 3521 αὐτόν.
3733 3487 3750 3519 ›
3793 3468 4013 3538 Ἐπειδὴ

2439 3556 2740 3610 κατέπεσον
2764 3558 2871 3610 τῶν
2918 3557 3176 3627 μαθητῶν
3228 3560 3275 3611 ol
3326 3559 3609 3629 λογισμοί·
3643 3580 3660 3614 ι
3695 3560 3805 3614 N37
3834 3562 4016 3627 ἐδοξά-

2439 3651 2540 3721 σθη
2592 3656 2619 3705 0
2677 3653 2801 3715 Υἱὸς
2856 3655 2949 3708 τοῦ
3007 3654 3333 3725 ἀνθρώπου,
3392 3676 3408 3707 ι
3474 3658 3673 3723 λέγων,
3734 3657 4012 3727 διανίστη-

2440 3760 2524 3795 σιν
2555 3746 2769 3808 αὐτούς.
2824 3747 3003 3800 Πείθει
3050 3749 3157 3817 γάρ
3208 3748 3402 3811 αὐτοὺς
3446 3751 3520 3818 μὴ
3554 3752 3842 3818 κατηςιᾷν,
3877 3750 4015 3803 ἀλλά

2442 3835 2644 3905 μᾶλλον
2679 3837 2909 3908 χαίρειν.
2963 3840 3100 3901 Δόξα
3155 3840 3263 3909 γάρ
3297 3839 3412 3891 ἐστι
3472 3840 3648 3905 τοῦτο,
3706 3842 3763 3892 τὸ
3816 3843 4015 3894 παθεῖν

2439 3928 2663 3999 δηλαδὴ,
2700 3931 2792 3983 καὶ
2856 3930 2943 3984 0.0:
3001 3932 3109 3984 τῶν
3171 3932 3383 4001 ἀτίμων
3439 3933 3603 4001 τιμὴν
3654 3934 3764 3995 τοῖς
3798 3933 4011 4003 ἀνθρώ·

2439 4033 2561 4081 ποις
2592 4020 2941 4091 προξενῆσαι.
2969 4022 3075 4074 Καὶ
3106 4021 3279 4082 ἄλλως
3302 4021 3357 4072 δέ
3382 4039 3393 4051 ·
3427 4023 3523 4071 Διά
3563 4021 3630 4074 τά
3652 4024 3705 4072 ἐν
3735 4021 3811 4090 τῷ
3851 4040 4013 4074 σταυ-

2444 4108 2521 4178 ρῷ
2551 4110 2805 4180 θαύματα
2851 4109 3132 4177 ἐδοξάσθη,
3189 4111 3340 4181 ἡλέου
3399 4111 3732 4173 σϐεσθέντος,
3793 4112 4013 4181 πετρῶν

2445 4202 2731 4269 ῥαγεισῶν,
2765 4202 2856 4253 τοῦ
2883 4203 3371 4270 καταπετάσματος
3416 4202 3747 4269 σχισθέντος,
3780 4204 3874 4254 καί
3902 4204 4012 4254 τῶν

2440 4293 2615 4346 ἄλλων
2658 4294 2875 4347 πάντων
2903 4294 3201 4363 τεραστίων
3258 4296 3581 4361 γενομένων.
3629 4293 3747 4355 Πῶς
3777 4293 3834 4346 δὲ
3872 4312 3889 4343 ε
3922 4294 4009 4345 δο-

2443 4386 2593 4451 ξάσει
2627 4388 2656 4439 0
2710 4386 2842 4447 Θεὸς
2875 4388 2964 4437 τὸν
3012 4386 3138 4437 Υἱὸν
3195 4389 3252 4437 ἐν
3281 4385 3491 4454 ἐαυτῷ;
3526 4404 3543 4435 ›
3606 4386 3883 4448 Τουτέστι,
3942 4384 4009 4436 δι’

2446 4478 2659 4543 ἑαυτοῦ,
2684 4480 2742 4530 οὐ
2770 4477 2836 4531 δι’
2872 4478 3083 4547 ἐτέρου,
3108 4478 3168 4530 οὐ
3217 4477 3283 4529 δι’
3310 4477 3557 4544 ἀγγέλων
3605 4478 3697 4529 καὶ
3728 4476 4008 4543 ἀρχαγγέ-

769 4583 919 4626 ratus
945 4581 1029 4625 est
1092 4570 1158 4625 ad
1212 4545 1435 4639 gloriam
1494 4545 1635 4623 Filii.
1675 4587 1693 4620 ι
1746 4568 2014 4625 Continuo
2069 4587 2088 4620 ι
2156 4545 2450 4639 igitttr,DI

2328 4545 2420 4633 ,D
2445 4570 2570 4634 λων,
2601 4570 2719 4622 οὐδέ
2744 4570 2812 4622 δι’
2840 4545 3004 4638 άλλη,
3036 4569 3338 4636 δυνάμεως,
3358 4568 3492 4622 ἀλλά
3517 4568 3583 4621 δι’
3613 4567 3836 4622 ἐαυτοῦ·
3876 4570 4009 4622 πάν-

770 4665 963 4732 inquit,
1004 4681 1021 4714 (
1062 4661 1385 4731 glorificabit
1416 4676 1578 4716 eum:
1616 4679 1637 4714 ι
1676 4659 1779 4716 hoc
1811 4673 1911 4725 εει,
1955 4676 2059 4715 non
2087 4663 2336 4726 tardabit,

770 4756 866 4809 sed
896 4756 946 4807 in
980 4755 1090 4823 ipsa
1113 4752 1277 4823 695
1312 4767 1502 4807 cruce:
1540 4762 1593 4807 et
1636 4752 1828 4807 iterum
1884 4760 2004 4822 post
2059 4761 2167 4806 tres
2203 4753 2334 4814 dies,

771 4861 891 4900 cum
921 4848 1257 4900 resuscitavit
1277 4859 1399 4898 eum
1426 4861 1441 4899 :
1469 4855 1523 4899 et
1550 4853 1672 4914 post
1698 4845 2049 4913 quadraginta
2074 4846 2189 4899 dies
2212 4860 2338 4914 sup-

770 4938 1004 5009 peditata
1030 4937 1199 5007 gratia
1238 4936 1475 5006 Spiritus
1504 4935 1802 5006 discipulis.
1830 4934 2124 4991 Videamus
2157 4948 2335 4992 autem

773 5041 827 5083 et
856 5045 919 5082 ex
947 5027 1314 5096 superioribus
1364 5036 1596 5081 mentem
1628 5029 1936 5083 verborum.
1979 5045 1998 5078 ι
2038 5026 2191 5081 Nunc
2220 5028 2334 5093 glo-

771 5121 1007 5174 i-ilicatus
1037 5130 1115 5173 est
1152 5117 1319 5175 Filius
1349 5119 1601 5184 hominis,
1641 5136 1659 5170 ι
1705 5122 1804 5174 hoc
1834 5129 1934 5185 est,
1982 5117 2091 5187 Ego
2140 5119 2328 5182 doceo,

773 5208 1139 5276 miraculaque
1185 5207 1345 5275 facio,
1377 5218 1431 5262 et
1477 5224 1583 5264 non
1622 5209 1675 5262 in
1722 5224 1807 5263 me
1846 5208 2088 5272 subsistit
2137 5208 2327 5279 gloria,

772 5303 863 5354 ενα
930 5301 981 5353 iu
1044 5299 1209 5353 Deum
1243 5310 1293 5353 et
1345 5298 1558 5355 Patrem
1609 5301 1817 5355 transit.
1846 5299 1979 5366 Quia
2015 5300 2175 5369 igitur
2213 5314 2330 5354 mea

771 5389 942 5460 gloria
1002 5391 1168 5459 gloria
1255 5391 1311 5443 fit
1373 5389 1568 5454 Patris,
1620 5405 1684 5445 ne
1734 5390 2146 5445 contristentini.
2200 5387 2333 5443 Nam

773 5485 930 5536 Pater
970 5483 1163 5537 iterum
1193 5482 1512 5551 gloriﬁcabit
1539 5499 1641 5549 me,
1680 5493 1737 5537 ut
1767 5494 1822 5538 et
1847 5484 1959 5551 ipse
1982 5481 2331 5552 gloriﬁcetur.

768 5572 1035 5641 Numquid
1067 5574 1207 5625 enim
1259 5588 1357 5643 ego
1413 5573 1635 5641 gloriam
1703 5575 1832 5629 mihi
1891 5574 2128 5639 vindico,
2182 5580 2236 5626 et
2270 5572 2336 5626 ad

768 5664 915 5718 illum
958 5680 1064 5719 non
1114 5668 1341 5720 transit?
1368 5666 1565 5723 Verum
1612 5669 1908 5724 communis
1936 5677 2017 5724 est
2054 5668 2244 5739 gloria,
2280 5673 2334 5722 et

837 5845 881 5873 ⁵³
910 5840 1096 5897 Matth.
1134 5858 1279 5909 xxvr,
1316 5842 1367 5896 7.

2443 4678 2511 4714 τα
2532 4665 2640 4730 γάρ
2671 4660 2872 4730 ἔπραξε
2912 4662 3047 4729 πρὸς
3074 4660 3231 4725 δόξαν
3267 4660 3359 4711 τοῦ
3397 4658 3545 4713 Υἱοῦ.
3583 4678 3601 4710 ι
3640 4660 3813 4722 Εὐθὺς
3842 4679 3858 4709 ι
3891 4656 4006 4722 οὖν.

2445 4756 2600 4824 φησὶ,
2653 4771 2671 4804 t
2703 4753 2915 4816 δοξάσει
2972 4752 3172 4805 αὐτόν·
3217 4771 3235 4802 ι
3286 4752 3582 4817 τουτέστιν,
3634 4752 3695 4804 οὐ
3734 4751 4004 4820 βραδυνεί,

2442 4846 2555 4899 ἀλλ’
2580 4847 2637 4898 ἐν
2666 4845 2813 4913 αὺτῷ
2841 4844 2919 4913 τῷ
2954 4842 3171 4912 σταυρῷ
3202 4842 3294 4894 καὶ
3322 4842 3390 4894 αὖ
3432 4843 3568 4911 μετὰ
3601 4843 3747 4911 τρεῖς
3793 4841 4001 4910 ἡμέρου

2444 4940 2754 5008 ἀναστήσας
2784 4937 2969 4999 αὑτὸν,
3017 4937 3112 4989 καὶ
3166 4936 3300 5004 μετὰ
3346 4934 3751 5003 τεσσαράκοντα
3792 4935 4004 5002 ἡμέρας

2436 5030 2539 5100 τὴν
2568 5029 2662 5082 τοῦ
2692 5028 3004 5097 Πνεύματος
3040 5029 3198 5097 χάριν
3251 5028 3651 5095 ἐπιχορηγήσας
3685 5030 3793 5089 τοῖς
3824 5028 4004 5095 μαθέ,-

2434 5123 2573 5183 ταῖς.
2613 5120 2839 5189 Ἰδωμεν
2867 5120 2924 5171 δὲ
2950 5119 3042 5171 καὶ
3067 5117 3271 5172 ἄνωθεν
3299 5118 3387 5170 τὸν
3428 5117 3627 5169 σκοπὸν
3672 5118 3778 5168 τῶν
3824 5121 4002 5186 ῥημά-

2434 5228 2561 5265 των.
2601 5229 2619 5261 ι
2662 5212 2774 5264 Νῦν
2804 5210 3081 5278 ἐδοξάσθη,
3110 5210 3293 5279 φησὶν,
3326 5212 3351 5261 0
3374 5210 3498 5271 Υἱὸς
3518 5207 3610 5262 τοῦ
3639 5210 3923 5279 ἀνθρώπου
3950 5225 3995 5260 Ἰ

2438 5302 2738 5368 τουτέστιν,
2779 5302 2921 5368 Ἐγὼ
2954 5301 3238 5364 διδάσκων,
3297 5300 3750 5370 θαυματουργῶν,
3778 5301 3872 5352 καὶ
3904 5304 4003 5352 οζκ

2439 5396 2517 5456 εἰς
2548 5395 2647 5464 ἐμὲ
2671 5394 2987 5463 περιίστατο
3019 5394 3051 5461 ἡ
3078 5392 3222 5456 δόξα,
3241 5390 3354 5441 ἀλλ’
3380 5392 3456 5452 εἰς
3481 5393 3566 5442 τὸν
3596 5392 3745 5445 Θεὸν.
3778 5397 3867 5441 καί
3893 5393 3934 5442 ll
3950 5410 4005 5441 z-

2437 5486 2570 5554 τέρα
2608 5486 2908 5537 ἀνέϐαινεν.
2953 5484 3102 5536 Ἐπεὶ
3140 5483 3317 5535 τοίνυν
3345 5473 3381 5551 ’ἡ
3408 5482 3514 5551 ἐμὴ
3564 5480 3689 5544 δόξα
3743 5483 3866 5546 δόξα
3916 5485 4003 5547 71'-

2442 5592 2594 5629 νεται
2630 5575 2723 5629 τοῦ
2778 5576 3007 5645 Πατρὶς,
3068 5575 3142 5643 μὴ
3192 5574 3513 5640 κατηφιᾶτε.
3559 5571 3617 5624 Ὀ
3669 5572 3775 5640 γάρ
3815 5572 4001 5641 Πατὴρ

2442 5670 2605 5723 πάλιν
2634 5669 2845 5736 δοξάσει
2888 5686 2955 5740 με
2978 5708 2992 5733 ,
3044 5669 3130 5721 ἴνα
3180 5671 3271 5721 καὶ
3303 5668 3459 5727 am;
3490 5664 3737 5734 δοξασθῇ.
3773 5663 3862 5735 Μὴ
3897 5668 4001 5733 γάρ
