4256 6446
763 388 858 451 183

1641 395 2212 455 'l‘llEOPlIYLACTI
2271 397 2680 460 BUI.GARLE
2717 399 3065 460 ARCHIEP.

3889 389 3992 451 184

748 516 853 569 que
888 516 977 555 vos
1003 517 1094 570 per
1119 503 1317 556 omnia.
1353 503 1620 558 Etalitcr:
1659 525 1674 555 ι
1705 507 1757 559 in
1786 509 1934 560 vobis
1963 523 2133 571 sum,»
2167 519 2326 562 utca-
2356 509 2402 566 A

2356 509 2402 566 Α
2432 512 2668 576 δοξάζων
2709 514 2851 580 ὑμᾶς
2897 511 3085 573 άπλῶς
3127 511 3213 564 διὰ
3259 512 3498 567 πάντων.
3551 509 3661 562 Καὶ
3709 508 3882 568 ἄλλως
3923 509 4009 559 δέ·

749 600 842 656 put
876 592 926 642 in
966 592 1260 655 membris;
1314 595 1553 648 membra
1602 597 1746 648 enim
1808 598 2009 649 Clitiin
2036 598 2104 659 “,
2161 614 2318 662 apus-

751 683 886 734 toli:
935 700 954 732 ι
989 693 1040 734 et
1087 698 1180 735 vos
1236 685 1287 737 in
1321 701 1424 745 me.
1489 704 1507 738 ι
1546 687 1689 740 sicut
1737 689 1974 740 membra
2014 690 2064 742 iu
2121 693 2316 756 capitr.

752 776 973 837 Quando
1001 788 1127 842 ergo
1162 779 1476 841 resurrexit,
1513 779 1846 833 iiiaitifestaiit
1870 782 1936 835 de
1962 782 2042 834 his
2070 783 2319 835 omnibus

752 866 1031 919 scientiam
1064 870 1302 922 tradidit.
1336 869 1518 924 Gratia
1553 873 1693 926 enim
1729 873 1964 941 Spiritus
1997 887 2116 943 post
2141 892 2318 929 resur-

755 960 1045 1012 rectionem
1081 962 1258 1013 omnia
1305 963 1388 1015 illa
1421 966 1600 1017 docuit
1634 982 1750 1019 eos.
1790 966 1920 1022 Cum
1955 979 2132 1020 autem
2166 972 2321 1023 audis

752 1049 892 1114 quod
924 1068 938 1097 ι
974 1049 1080 1119 ligo
1113 1051 1162 1102 in
1189 1049 1367 1115 Patre,
1396 1067 1448 1108 et
1483 1058 1644 1108 vosiu
1677 1074 1781 1117 mc,
1805 1068 1856 1109 et
1881 1073 1979 1126 ego
2013 1060 2061 1110 iu
2090 1061 2256 1122 vobis,
2298 1079 2315 1112 ι

759 1154 823 1189 no
852 1141 1099 1194 similiter
1126 1143 1412 1214 intelligas.
1456 1145 1586 1200 Nam
1621 1147 1785 1202 Filius
1813 1150 2026 1216 quidem
2057 1151 2106 1204 in
2143 1147 2319 1217 Patre,

759 1239 815 1278 ut
848 1231 915 1280 illi
945 1234 1420 1290 consulistantialis
1453 1256 1467 1291 :
1503 1240 1552 1290 in
1583 1240 1839 1304 apostolis
1866 1253 2067 1306 autem,
2097 1254 2152 1296 ut
2173 1245 2323 1311 adju-

758 1334 842 1373 lor
887 1333 940 1374 et
975 1327 1325 1392 cooperarius
1357 1345 1371 1392 ;
1408 1342 1459 1381 ct
1492 1332 1716 1398 apostoli
1752 1331 1801 1384 iu
1838 1348 1922 1395 eo,
1958 1344 2014 1384 ut
2049 1337 2137 1401 qui
2174 1337 2324 1403 adju-

758 1428 976 1478 vantur,
997 1428 1049 1471 et
1069 1432 1476 1487 cooperatorem
1512 1425 1769 1477 habentes
1793 1428 1859 1478 ab
1890 1429 2008 1495 ipso
2035 1429 2320 1486 fovemur:

758 1508 878 1575 quia
911 1519 964 1562 et
999 1511 1168 1564 multa
1202 1515 1302 1565 alia
1338 1518 1550 1568 nomina
1583 1517 1647 1568 de
1680 1518 1787 1570 Deo
1817 1531 1867 1570 et
1901 1521 2208 1576 hominibus
2238 1524 2323 1578 di-

758 1610 975 1665 runtur,
1005 1605 1094 1656 sed
1123 1622 1224 1656 non
1261 1607 1508 1661 similiter
1545 1610 1931 1678 intelliguntur.
1967 1615 2044 1668 Dii
2071 1619 2210 1668 enim
2240 1619 2324 1672 di-

761 1691 936 1741 iimur
968 1704 1019 1743 et
1057 1709 1151 1745 nos
1183 1695 1248 1758 ⁵³,
1300 1696 1390 1750 sed
1447 1713 1549 1750 non
1591 1716 1654 1752 ex
1697 1717 1870 1769 inquo.
1923 1702 2130 1759 Dicitur
2164 1706 2328 1761 Filius

765 1783 936 1848 imago
966 1794 1020 1836 et
1045 1785 1213 1850 gloria
1244 1787 1416 1841 Patris
1441 1791 1484 1819 ⁵⁸
1512 1829 1526 1851 ,
1557 1802 1609 1844 et
1637 1793 1797 1846 liomo
1829 1812 2062 1863 quoque,
2092 1803 2182 1852 sed
2222 1817 2325 1854 non

762 1873 1031 1928 similiter.
1069 1877 1143 1930 lta
1180 1880 1291 1932 haec
1321 1897 1533 1948 quoque
1559 1884 1896 1953 intelligenda
1930 1899 2078 1953 sunt,
2111 1892 2250 1944 sicut
2279 1904 2330 1945 et
2360 1869 2407 1926 Β

763 1966 885 2030 hoc,
926 1987 942 2018 ι
981 1968 1436 2032 Quemadmodum
1466 1975 1609 2028 misit
1641 1992 1724 2028 me
1750 1976 1930 2043 Pater,
1961 1991 2015 2034 et
2044 1997 2142 2050 ego
2178 1987 2330 2039 mitto

764 2070 879 2117 vos,
915 2076 932 2106 ι
983 2074 1105 2110 ιιυιιι
1155 2061 1313 2126 igitur
1340 2063 1419 2115 sic
1449 2064 1711 2118 dcbcmus
1744 2069 2042 2132 intelligere
2069 2072 2331 2138 simplici-

769 2159 848 2200 ter
867 2149 1197 2207 ?Miuime“.
1217 2152 1586 2224 Misitquidem
1606 2157 1797 2212 Filium
1817 2177 1970 2215 suum
1986 2164 2331 2237 Μία-,705

766 2240 855 2305 qui
897 2255 1013 2294 erat
1045 2245 1412 2313 incorporeus,
1445 2259 1499 2302 ct
1540 2250 1732 2304 deinde
1776 2253 2084 2310 incarnatus
2131 2271 2235 2320 est,
2280 2271 2334 2312 et

766 2347 830 2382 ex
868 2334 1074 2400 virgine
1103 2347 1259 2390 natus
1283 2350 1404 2403 est;
1437 2341 1597 2406 igitur
1626 2352 1680 2395 et
1708 2346 1936 2409 apostoli
1969 2362 2031 2400 ex
2057 2350 2195 2401 cado
2222 2352 2330 2404 nati

769 2432 915 2482 sunt,
953 2433 1003 2474 ct
1052 2426 1371 2493 incorporei,
1408 2439 1460 2482 et
1501 2433 1690 2486 deinde
1731 2433 2011 2500 iucarnati,
2048 2453 2075 2490 c
2108 2440 2331 2508 virgini-

769 2510 976 2568 busque
1008 2513 1114 2566 uati
1143 2516 1430 2570 suut?Sed
1463 2519 1536 2572 ita
1561 2537 1827 2589 exponere
1859 2525 2188 2594 Scriptor-as,
2221 2547 2332 2583 ina-

769 2599 962 2654 nifeste
987 2604 1215 2659 delirare
1238 2618 1336 2659 cst.

842 2785 1004 2839 Vsus.
1034 2789 1122 2850 2|,
1146 2789 1231 2843 22.
1269 2809 1286 2841 ι
1315 2791 1416 2857 Qui
1448 2795 1607 2849 liabet
1639 2803 1885 2852 mandata
1917 2815 2054 2867 mea,
2082 2813 2136 2855 et
2160 2815 2336 2857 servat

767 2891 855 2938 ea,
891 2878 976 2929 ille
1014 2891 1094 2933 est
1129 2884 1217 2948 qui
1253 2899 1335 2936 me
1358 2885 1551 2954 diligit.
1575 2886 1674 2952 Qui
1711 2901 1889 2942 autem
1917 2892 2089 2960 diligit
2117 2910 2221 2958 me,
2259 2897 2336 2948 di-

769 2967 964 3034 ligetur
987 2986 1016 3021 a
1050 2971 1227 3035 Patre,
1262 2986 1428 3042 etego
1461 2976 1678 3046 diligam
1715 2996 1857 3045 eum,
1895 2994 1949 3034 et
1973 2985 2330 3040 manifestabo

774 3063 823 3115 ei
855 3063 1136 3130 tneipsum.
1165 3067 1295 3121 Dicit
1331 3071 1377 3122 ei
1413 3069 1599 3137 Judas,
1627 3090 1729 3127 non
1756 3076 1842 3129 ille
1875 3076 2191 3132 lscariotes:
2231 3083 2335 3134 Do-

771 3149 936 3209 mitte,
971 3154 1093 3218 quid
1123 3154 1322 3208 factum
1346 3167 1426 3210 est
1451 3161 1591 3226 quod
1628 3163 2069 3220 inanifestaturus
2100 3183 2158 3220 es
2184 3171 2336 3224 nobis

773 3242 1023 3307 teipsum,
1074 3255 1127 3297 et
1168 3262 1271 3300 non
1308 3251 1544 3303 mundo?
1586 3271 1602 3300 ι
1645 3251 1794 3307 Sicut
1822 3264 1874 3308 et
1906 3259 2155 3324 superius
2200 3263 2336 3315 dixi-
2368 3229 2409 3282 ϐ

772 3352 910 3398 mus,
944 3339 1121 3393 verbis
1159 3343 1458 3408 liujusinodi
1496 3346 1764 3399 tristitiam
1796 3349 2008 3400 illorum
2042 3353 2211 3412 sadat,
2240 3355 2337 3406 do-

773 3443 904 3482 cens
930 3446 1022 3483 eos
1065 3435 1203 3499 quod
1234 3434 1322 3485 ille
1364 3436 1545 3504 diligat
1579 3438 1772 3505 ipsum,
1807 3456 1909 3491 non
1960 3443 2048 3508 qui
2095 3443 2238 3496 dolrt
2283 3445 2334 3498 in

774 3532 942 3573 morte
972 3523 1116 3590 ejus,
1151 3527 1291 3592 quod
1319 3537 1370 3578 et
1402 3527 1476 3578 illi
1507 3531 1842 3596 patiebantur
1863 3571 1878 3593 ,
1911 3534 2001 3586 scd
2046 3537 2135 3601 qui
2184 3553 2336 3589 man-

774 3615 896 3666 data
931 3617 1047 3681 ejus
1076 3626 1129 3667 et
1161 3629 1420 3684 prmeepta
1467 3632 1645 3672 servat
1693 3623 1756 3675 de
1790 3628 2180 3677 contemnenda
2230 3628 2336 3680 vita

772 3717 1058 3770 pra-scale,
1090 3719 1141 3760 et
1171 3713 1413 3775 ponenda
1454 3713 1628 3764 anima
1658 3729 1751 3777 pro
1782 3716 1998 3769 Christo
2026 3729 2080 3770 et
2105 3718 2336 3784 virtute;

774 3799 924 3858 quasi
962 3798 1034 3851 ita
1061 3801 1244 3855 dicens
1271 3804 1348 3855 eis
1394 3821 1408 3855 :
1444 3803 1547 3858 Vos
1575 3806 1786 3871 quidem
1821 3801 2023 3873 putatis
2053 3811 2193 3876 quod
2231 3827 2340 3880 pra:

775 3890 1062 3945 dilectione
1099 3895 1324 3948 doleatis
1375 3900 1425 3948 in
1463 3908 1636 3950 morte
1679 3915 1793 3950 mea
1841 3918 1856 3955 :
1898 3916 1994 3970 ego
2034 3912 2211 3954 autem
2247 3919 2342 3970 pro

777 3983 1058 4036 charitatis
1080 3995 1397 4053 argmuenlo
1426 3988 1594 4040 lialico
1626 4006 1728 4041 non
1756 3991 1957 4042 dolere.
1986 3992 2135 4055 Quod
2163 4004 2339 4046 autem

780 4075 879 4126 boc
915 4075 1078 4138 dicat,
1116 4076 1455 4130 manifestum
1490 4091 1569 4133 est
1597 4096 1658 4132 ex
1700 4081 1783 4132 liis
1810 4097 1927 4149 qua!
1961 4091 2144 4149 postea
2170 4084 2340 4138 dicit:

783 4183 800 4212 ι
834 4164 887 4217 Si
925 4168 1217 4234 diligeretis
1258 4187 1360 4232 me,
1390 4175 1696 4238 gauderetis
1725 4178 1929 4241 utique,
1969 4178 2110 4243 quod
2143 4179 2205 4228 ad
2244 4177 2339 4230 Pa-

781 4271 915 4309 trem
951 4275 1090 4312 eant.
1143 4279 1161 4310 ι
1196 4262 1294 4326 Qui
1331 4276 1462 4331 ergo
1498 4263 1668 4332 diligit
1718 4281 1800 4317 mc
1825 4309 1840 4329 ,
1885 4269 2043 4320 liabet
2092 4271 2344 4324 mandata

783 4367 920 4415 mea,
953 4354 1058 4403 imo
1094 4369 1196 4406 non
1257 4354 1428 4407 solum
1481 4357 1664 4419 liabet,
1702 4359 1794 4410 scd
1826 4369 1879 4411 et
1907 4363 2142 4414 custodit
2171 4377 2253 4425 ea,
2291 4371 2348 4414 ut

782 4463 848 4497 ne
882 4445 968 4496 fur
995 4447 1234 4499 diabolus
1251 4448 1474 4503 veniens
1493 4454 1663 4517 rapiat
1689 4454 2178 4520 tliesaurum.0pus
2201 4458 2347 4511 enim

2432 624 2449 654 ι
2507 605 2594 655 Ἐν
2628 607 2754 672 ὑμῖν
2785 607 2920 671 ειμι,
2964 623 2981 652 ι
3017 605 3092 664 ὠς
3124 601 3335 671 κεφαλὴ
3370 603 3427 653 ὲν
3456 605 3568 664 τοῖς
3605 601 3790 669 μέλεσι
3821 601 3838 664 (
3869 599 4002 666 μέλη

2426 698 2534 765 γὰρ
2559 697 2793 766 Χριστοῦ
2816 698 2863 748 οἱ
2889 696 3223 764 άπόστολοι)·
3260 714 3278 746 ι
3318 695 3413 747 καὶ
3444 695 3598 762 ὑμεῖς
3625 695 3679 744 ὲν
3701 694 3842 759 ἐμοπ,
3884 711 3899 740 ι
3932 690 4006 749 ὡς

2429 789 2564 856 μέλη
2614 789 2671 839 ἐν
2704 790 2768 857 τῇ
2806 788 3040 856 κεφαλῇ.
3091 789 3217 839 ’Ὅτε
3262 787 3354 839 οὖν
3393 787 3590 852 ἀνέστη
3615 823 3628 842 ,
3662 785 3781 835 τότε
3823 782 4009 844 αὐτοῖς

2427 880 2524 946 τὴν
2556 883 2682 949 περὶ¹
2713 883 2919 932 τούτων
2948 883 3164 932 πάντων
3192 880 3392 945 γνῶσιν
3424 879 3750 946 ἐτράνωσεν.
3795 876 3855 926 'll
3895 875 4005 940 γάρ

2425 971 2520 1022 τοῦ
2569 973 2882 1040 [Ινεύματος
2918 972 3076 1040 χάρις
3106 972 3256 1039 ,μετά
3299 969 3398 1038 τὴν
3449 969 3746 1040 ἀνάστασιν
3774 1008 3788 1029 ,
3830 968 4010 1016 πάντα

2431 1065 2624 1123 αὐτοὺς
2657 1058 3059 1127 ὲξεπαίδευσεν.
3099 1064 3265 1116 Ὀταν
3308 1064 3363 1114 δὲ
3394 1064 3620 1130 ἀκούῃς,
3653 1061 3734 1110 ὅτι
3783 1077 3800 1109 ι
3865 1057 4010 1122 Ἐγὼ

2432 1157 2489 1208 ὲν
2523 1154 2600 1224 τῷ
2641 1157 2847 1225 Πατρὶ,
2902 1157 2996 1208 καὶ
3031 1156 3188 1225 ὑμεῖς
3222 1155 3279 1208 ὲν
3317 1154 3462 1223 ἐμοὶ,
3505 1151 3661 1218 κάγὼ
3703 1155 3757 1203 ἐν
3794 1151 3944 1218 ὑμῖν.
3992 1169 4008 1197 ι

2436 1249 2512 1318 μὴ
2541 1249 2741 1316 ὁμοίως
2774 1249 2944 1301 ταῦτα
2975 1250 3105 1301 νόει.
3146 1247 3206 1300 'o
3245 1249 3349 1316 γὰρ
3381 1247 3529 1308 rex,
3576 1248 3631 1296 ἐν
3669 1247 3767 1313 μὲν
3798 1244 3876 1310 τῴ
3907 1244 4015 1292 Πα-

2435 1343 2525 1411 τρὶ
2545 1342 2619 1404 ὡς
2651 1341 2934 1410 ὁμοούσιος
2955 1358 2967 1369 ⁸
3000 1343 3057 1392 ἑν
3083 1341 3139 1393 δὲ
3168 1345 3277 1402 τοῖς
3306 1339 3620 1400 ἀποστόλοις
3646 1380 3658 1402 ,
3689 1339 3763 1394 ὼς
3800 1335 4012 1405 βοηθίε,

2433 1433 2529 1486 καὶ
2553 1433 2833 1500 συνεργός·
2863 1433 2960 1486 καὶ
2987 1433 3036 1483 οἱ
3067 1431 3352 1484 ἀπόστολοι
3383 1432 3438 1482 ὲν
3475 1430 3642 1496 αὐτῷ,
3677 1430 3750 1488 ὡς
3786 1427 4006 1495 βοηθοί-

2440 1543 2610 1593 μενοι,
2641 1526 2737 1578 καὶ
2763 1525 3206 1594 συνεργούμενοι,
3230 1525 3323 1577 καὶ
3353 1524 3442 1574 ὑπ’
3468 1520 3632 1574 αὐτοῦ
3659 1520 4015 1586 θαλπόμενοι.

2448 1618 2601 1670 Ἐπεὶ
2630 1616 2724 1667 καὶ
2756 1616 2889 1668 ἄλλα
2923 1617 3088 1668 πολλά
3112 1617 3358 1677 λέγονται
3397 1617 3485 1666 ἐπὶ
3518 1613 3652 1665 Θεοῦ
3684 1614 3776 1664 καὶ
3803 1610 4016 1678 ἀνθρώο

2439 1727 2554 1761 πων
2584 1710 2846 1776 ὀνόματα,
2869 1708 2984 1760 ἀλλ’
3013 1708 3110 1776 οὐχ
3137 1707 3336 1774 ὁμοίως
3369 1705 3636 1759 νοοῦνται.
3667 1703 3873 1756 Αὐτίκα
3903 1703 4016 1754 θεοὶ

2438 1799 2706 1868 λεγόμεθα
2755 1800 2849 1852 καὶ
2889 1801 3075 1869 ἡμεῖς,
3121 1798 3234 1851 ἀλλ’
3284 1800 3386 1851 οὐκ
3429 1797 3623 1864 ἐπίσης
3651 1812 3663 1824 ο
3721 1796 3941 1859 λέγεται
3991 1797 4018 1846 6

2441 1897 2565 1957 Υἱὸς
2609 1895 2773 1947 εξκὼν
2817 1896 2910 1946 καὶ
2943 1893 3068 1956 δόξα
3114 1893 3210 1944 τοῦ
3243 1892 3476 1961 Πατρὸς,
3508 1891 3603 1944 καὶ
3631 1892 3658 1942 ὁ
3707 1889 4013 1955 ἄνθρωπος.

2439 1990 2553 2040 ἀλλ’
2600 1989 2695 2055 οὐχ
2745 1988 2965 2055 ὁμοίως.
3004 1986 3191 2048 υῦτως
3237 1986 3328 2037 οὖν
3375 1986 3466 2036 καὶ
3510 1983 3681 2036 ταῦτα
3726 1982 3805 2032 δεῖ
3851 1982 4013 2040 νοεῖν,

2439 2082 2624 2148 ῶσπερ
2651 2081 2745 2131 καὶ
2771 2080 2850 2141 τὸ,
2889 2099 2904 2129 ι
2946 2078 3137 2138 Καθὼς
3169 2077 3452 2131 ἀπέστειλέ
3477 2095 3542 2145 με
3564 2079 3590 2128 ὀ
3620 2075 3826 2143 Πατὴρ.
3862 2072 4017 2137 κάγὼ

2442 2172 2643 2238 πέμπω
2679 2170 2843 2234 ὑμᾶς.
2880 2187 2897 2218 ι
2947 2163 3093 2234 Ἀρά
3137 2168 3244 2235 γάρ
3289 2168 3461 2228 οὕτως
3506 2166 3795 2232 ὀφείλομεν
3826 2163 4014 2224 ἀπηιῖις

2440 2265 2605 2325 νοείν;
2657 2260 2884 2313 υῦκουν.
2950 2259 3261 2310 Ἀπέστειλε
3315 2259 3408 2326 μὲν
3458 2259 3485 2308 6
3520 2257 3708 2323 Πατὴρ
3750 2255 3838 2305 τὸν
3887 2254 4015 2304 Υἱ’,ν

2441 2353 2603 2406 αὑτοῦ
2628 2352 2917 2419 ἀσώματον
2937 2353 3086 2410 ὄντα,
3112 2346 3232 2402 εἶτα
3261 2347 3634 2417 σαρκωθέντα,
3661 2347 3724 2397 ἐκ
3747 2345 4014 2412 παρθένον

2439 2446 2494 2498 δὲ
2527 2447 2888 2513 γεγέννηκεν
2937 2446 3031 2495 καὶ
3079 2446 3124 2494 οἱ
3173 2442 3458 2494 ἀπόστολοι
3513 2435 3606 2493 οὖν
3653 2440 3711 2503 ἐξ
3757 2436 4010 2504 οὐρανοῦ,

2443 2540 2537 2590 καὶ
2576 2539 2879 2606 ἀσώματοι,
2915 2535 3030 2589 εἶτα
3075 2537 3467 2604 σαρκωθέντες,
3511 2535 3605 2586 καὶ
3649 2534 3712 2584 ὲκ
3744 2531 4015 2600 παρθένου

2443 2624 2723 2692 γεννηθεὶς
2773 2626 3042 2689 Ξκαστοςς
3094 2624 3253 2675 Ἀλλὰ
3309 2625 3471 2690 λῆρος
3528 2622 3701 2690 σαφὴς
3750 2622 3807 2673 τὸ
3846 2621 4018 2681 οὕτως

2442 2718 2806 2784 ἐκλαμϐάνειν
2833 2717 2899 2771 τὰ
2937 2718 3034 2786 τῆς
3064 2717 3304 2786 Γραφῆς.

2519 2830 2536 2859 ι
2582 2810 2639 2861 '0
2690 2810 2824 2878 ἔχων
2857 2809 2954 2870 τὰς
2993 2810 3209 2870 ἐντολάς
3257 2825 3398 2877 μου,
3453 2808 3546 2859 καὶ
3595 2807 3774 2876 τηρῶν
3826 2806 4015 2869 αὐτας,

2444 2903 2648 2964 ἐκεῖνός
2682 2905 2827 2953 ἐστιν
2857 2903 2886 2952 6
2914 2903 3142 2968 ἀγαπῶν
3179 2919 3266 2969 με.
3322 2900 3380 2951 'U
3411 2901 3466 2952 δὲ
3497 2900 3727 2964 ἀγαπῶν
3765 2917 3852 2965 με,
3884 2901 4018 2964 ἁγα-

2447 2991 2750 3058 πηθήσεται
2806 2993 2908 3043 ὑπὸ
2937 2990 3029 3042 τοῦ
3064 2990 3274 3059 Πατρός
3305 3008 3406 3057 μου
3430 3030 3444 3050 ,
3477 2992 3571 3040 καὶ
3607 2989 3715 3055 ἐγὼ
3747 2991 4020 3054 ἀγαπὴεω

2445 3086 2640 3148 αὑτὸν,
2702 3085 2794 3136 καὶ
2841 3084 3124 3151 ἐμφανίσω
3178 3084 3324 3149 αὑτῷ
3367 3083 3621 3149 ἐμαυτόν.
3672 3082 3831 3146 Λέγει
3872 3080 4019 3145 αὐτῷ

2459 3175 2678 3236 Ἰούδας,
2707 3175 2802 3242 οὐχ
2830 3177 2856 3226 6
2899 3174 3246 3242 Ἰσκαριώτης
3274 3191 3286 3202 ·
3321 3174 3490 3238 Κύριε
3511 3214 3526 3237 ,
3571 3176 3662 3222 καὶ
3692 3173 3740 3222 τί
3773 3172 4016 3236 γέγονεν,

2443 3268 2521 3317 ὅτι
2564 3270 2693 3333 ἡμῖν
2746 3267 2958 3332 μέλλεις
3007 3266 3326 3334 ἐμφανίζειν
3373 3267 3624 3325 σεαυτδν,
3664 3267 3754 3315 καὶ
3789 3265 3904 3332 οὐχὶ
3939 3265 4018 3330 τῷ

2444 3358 2674 3423 κοσμῳ;
2720 3357 2877 3408 Καθὰ
2931 3357 2993 3424 δὴ
3027 3357 3124 3407 καὶ
3176 3357 3432 3422 ἀνωτέρω
3488 3356 3712 3423 εἴπομεν
3739 3395 3751 3412 ,
3789 3356 3875 3405 διὰ
3913 3356 4017 3406 τῶν

2443 3446 2701 3498 τοιούτων
2738 3447 2998 3516 ῥημάτων
3036 3447 3133 3514 τὴν
3173 3446 3412 3514 ἀθυμίαν
3446 3447 3627 3496 αὐτῶν
3672 3446 4009 3503 ἀναστέλλει,

2446 3537 2714 3588 δ;ὂάσκων
2734 3537 2951 3596 αὐτοὺς,
2978 3539 3058 3587 ὃτι
3086 3538 3292 3596 ἐκεῖνος
3325 3537 3514 3604 ἀγαπᾷ
3543 3536 3723 3595 αὐτὸν,
3753 3537 3849 3603 οὺχ
3874 3537 3900 3585 ὁ
3924 3538 4017 3587 ἐπὶ

2445 3626 2520 3691 τῷ
2554 3625 2769 3692 θανάτῳ
2799 3623 2965 3675 αὑτοῦ
3009 3625 3253 3692 ἀθυμῶν,
3290 3626 3316 3675 ὃ
3345 3626 3437 3675 καὶ
3471 3626 3621 3676 αὐτοὶ
3671 3627 3973 3692 πάσχουσιν
4002 3668 4015 3689 ,

2448 3717 2562 3769 ἀλλ’
2595 3719 2622 3767 6
2651 3721 2747 3778 τὰς
2790 3717 3006 3778 ἐντολὰς
3036 3719 3201 3770 αὑτοῦ
3237 3721 3334 3770 καὶ
3366 3721 3459 3779 τὰς
3507 3721 3880 3786 παραγγελίας
3918 3739 4014 3788 τη-

2452 3810 2580 3879 ρῶν,
2609 3809 2708 3872 τάς
2744 3812 2870 3878 περὶ
2902 3810 2995 3862 τοῦ
3043 3812 3117 3880 μὴ
3163 3814 3553 3864 ἀντιποιεῖσθαι
3584 3812 3680 3878 τῆς
3735 3813 4018 3878 παρούσης

2450 3902 2615 3966 ζωῆς.
2646 3902 2780 3954 ἀλλά
2811 3903 2906 3970 τὴν
2935 3902 3112 3971 ψυχὴν
3143 3904 3280 3972 ὑπὲρ
3311 3904 3404 3954 τοῦ
3436 3904 3569 3955 Θεοῦ
3600 3905 3694 3955 καὶ
3727 3904 3817 3953 τοῦ
3851 3903 4015 3970 καλοῦ

2448 3992 2652 4042 τ.θέναι
2683 4007 2692 4016 ·
2735 3995 3014 4058 μονονουχὶ
3044 3992 3203 4043 τοῦτο
3235 3994 3406 4058 λέγων
3441 3995 3642 4054 αὐτοῖς’
3690 3993 3876 4058 Ὑμεῖς
3919 3995 4017 4060 μὲν

2451 4079 2719 4146 νομίζετε,
2754 4083 2835 4132 ὅτι
2877 4083 2935 4146 ἐξ
2983 4084 3203 4148 ἀγάπης
3255 4083 3504 4134 λυπεῖσθε
3554 4085 3643 4134 ἐπὶ
3693 4083 3768 4148 τῷ
3804 4083 4021 4150 θανάτῳ

2454 4191 2575 4240 μου’
2597 4173 2706 4238 ἐγὼ
2727 4174 2781 4224 δὲ
2809 4175 2868 4224 τὸ
2897 4175 2970 4242 μὴ
2999 4175 3300 4237 λυπεῖσθαι,
3330 4177 3528 4240 μᾶλλον
3554 4182 3848 4243 τεκμήριον
3879 4177 3944 4239 ἀγ
3957 4176 4016 4225 ά-

2453 4282 2558 4332 τῖης
2586 4265 2864 4332 ποιοῦμαι.
2895 4267 3016 4317 ’Ὁτι
3047 4266 3102 4317 δὲ
3134 4266 3290 4317 τοῦτο
3320 4266 3488 4331 λέγει,
3518 4267 3673 4333 δῆλον
3697 4267 3754 4328 ἐξ
3779 4259 3852 4317 ὧν
3879 4265 4017 4332 μετα

2456 4359 2622 4410 πολλά
2644 4374 2825 4425 φησιν.
2861 4375 2880 4406 ς
2915 4357 2973 4408 Εἰ
2997 4357 3243 4423 ἀγαπᾶτέ
3277 4375 3364 4426 με,
3393 4359 3624 4426 ἐχάρητε
3650 4357 3733 4417 ἂν,
3767 4359 3845 4408 ὅτι
3881 4358 4017 4425 πρὸς

2454 4450 2544 4499 τὸν
2573 4450 2786 4516 Πατέρα
2821 4466 2923 4517 μου
2954 4450 3276 4517 πορεύομαι.
3321 4467 3338 4498 ι
3381 4451 3439 4500 '0
3468 4451 3642 4499 τοίνυν
3671 4449 3895 4513 ἀγαπῶν
3929 4466 4016 4514 με,

782 4546 856 4586 «ςςι
888 4535 1125 4602 diligenti
1154 4539 1418 4598 custodia,
1448 4549 1505 4591 ut
1533 4555 1597 4593 ne
1615 4543 1901 4606 perdamus
1927 4558 2009 4597 ea.
2048 4547 2146 4607 Qui
2169 4558 2346 4598 autem
2385 4579 2427 4633 υ
2455 4543 2463 4591 Ι

2339 4565 2346 4598 ι
2385 4579 2427 4633 υ
2455 4543 2566 4609 ἔχει
2608 4542 2704 4601 τὰς
2757 4541 2972 4602 ἐντολάς
3025 4558 3150 4607 μου,
3183 4541 3273 4591 καὶ
3301 4540 3362 4590 οὐ
3392 4541 3548 4607 μόνον
3579 4540 3686 4605 ἔχει
3709 4578 3724 4602 ,
3757 4539 3888 4590 ἀλλὰ
3927 4543 4020 4591 καί.

783 4628 955 4693 diligit
981 4630 1258 4694 me,quale
1275 4633 1549 4695 premium
1587 4633 1853 4687 inveniet?
1888 4654 1906 4684 ι
1955 4637 2234 4701 Diligetur,
2264 4640 2349 4692 iu-

784 4721 920 4784 quit.
939 4735 966 4771 a
991 4721 1143 4772 Patre
1162 4736 1300 4785 meo,
1326 4733 1374 4772 et
1402 4737 1499 4789 ego
1529 4725 1742 4790 diligam
1761 4741 1903 4787 eum,
1922 4739 1975 4779 et
1999 4731 2351 4784 manilcstalio

787 4811 861 4862 ili
886 4814 1277 4878 memetipsum.
1307 4832 1323 4861 ι
1344 4814 1518 4876 Quare
1542 4816 1828 4869 liocdixit:
1863 4837 1880 4868 ι
1909 4819 2348 4876 Manifestaboilli

786 4904 1199 4972 memetipsum?
1259 4924 1277 4955 ι
1322 4905 1453 4969 Quia
1497 4918 1613 4972 post
1661 4910 2107 4962 resurrectionem
2159 4929 2217 4964 se
2267 4913 2346 4965 eis

788 4992 1224 5047 Inauil'estaturus
1253 5007 1369 5046 erat
1402 5011 1525 5048 cum
1574 4999 1834 5052 diviniore
1871 5016 2131 5067 corpore,
2177 5013 2233 5054 ut
2279 5019 2345 5056 ne

786 5095 974 5154 putent
1007 5086 1174 5152 ipsum
1208 5089 1453 5154 spiritum
1476 5099 1527 5140 et
1549 5090 1865 5155 phantasma
1891 5109 2029 5152 esse,
2065 5105 2344 5160 propterea

787 5177 1029 5243 praedicit
1060 5177 1137 5230 eis
1166 5178 1282 5238 hoc.
1318 5189 1376 5232 ut
1402 5179 1640 5233 videntes
1669 5196 1819 5241 eum,
1853 5199 1958 5233 non
2005 5183 2309 5238 discredant
2330 5225 2345 5246 .

786 5271 878 5322 Sed
916 5272 1262 5322 recordentur
1303 5273 1440 5335 quod
1476 5287 1536 5322 ea
1571 5273 1873 5336 prLcdixcrit
1909 5275 2056 5340 ipsis,
2108 5285 2162 5326 ct
2206 5277 2346 5344 quod

789 5370 1006 5425 propter
1036 5361 1407 5412 mandatorum
1449 5375 1666 5412 suorum
1702 5363 2135 5416 observationem
2173 5366 2345 5416 maui-

789 5451 1010 5500 t'.-_stctur
1033 5451 1130 5510 eis,
1173 5450 1526 5516 studeantquc
1556 5467 1766 5516 semper
1795 5468 2012 5507 scrvare
2043 5455 2128 5506 illa
2151 5496 2164 5514 ,
2199 5469 2254 5507 ut
2290 5466 2346 5508 et

795 5542 877 5592 llis
905 5556 1117 5607 semper
1145 5541 1537 5594 manifestctur.
1564 5541 1808 5608 Magnum
1839 5547 2036 5598 etenim
2069 5562 2344 5600 resurrec-

789 5633 949 5684 tionis
1003 5643 1399 5686 sacramentum
1428 5676 1441 5694 ,
1493 5633 1703 5687 dil'licile
1739 5637 1806 5688 ab
1853 5639 1931 5690 eis
1978 5651 2285 5706 susceptum
2324 5656 2338 5691 :

861 5816 905 5845 αι
940 5815 1100 5869 Ιεοι.
1159 5833 1229 5880 \t,
1267 5815 1344 5869 ιο.
1425 5817 1466 5848 ³³
1503 5817 1638 5872 l'sal.
1684 5838 1838 5882 ιλλλ,
1873 5822 1923 5872 6.

1999 5822 2046 5855 ’⁸⁵
2079 5821 2093 5872 l
2123 5822 2242 5875 (Lor.
2305 5839 2360 5883 ll,

2457 4633 2711 4698 φυλάττει
2750 4631 2939 4692 αὐτὰς,
2985 4631 3068 4681 ἵνα
3104 4633 3176 4698 μὴ
3225 4629 3391 4681 ἐλθὼν
3426 4633 3452 4682 6
3486 4630 3723 4689 κλέπττς
3773 4629 4021 4690 διάϐολος

2455 4724 2659 4792 συλήσῃ
2688 4723 2777 4773 τὸν
2798 4723 3068 4790 θησαυρόν
3091 4739 3102 4751 ·
3140 4722 3385 4788 φυλακῆς
3415 4724 3522 4789 γὰρ
3549 4722 3811 4788 ἀκριϐοῦς
3841 4724 4017 4787 χρεία,

2455 4816 2537 4866 ἵνα
2570 4813 2642 4883 μὴ
2667 4813 3019 4880 ἀπολέσωμεν
3057 4813 3276 4873 ταύτας.
3317 4813 3376 4864 ὐ
3405 4812 3460 4863 δὲ
3487 4815 3712 4877 ἀγαπῶν
3749 4830 3832 4880 με,
3867 4817 4021 4863 ποῖον

2450 4908 2681 4960 ἔπαθλον
2711 4908 2983 4974 εὑρίσκεις
3015 4927 3031 4957 ι
3087 4908 3548 4975 Ἀγαπηθήσεται,
3585 4910 3735 4973 φησὶ,
3783 4907 3884 4959 ὑπὸ
3925 4907 4018 4958 τοῦ

2452 5001 2664 5068 Πατρός
2697 5018 2820 5068 μου,
2852 5001 2944 5051 καὶ
2971 5001 3081 5065 ἐγὼ
3102 5003 3370 5067 ἀγαπήσω
3401 5001 3585 5060 αὑτὸν,
3609 5001 3700 5051 καὶ
3733 5003 4020 5067 ἐμφανίσω

2452 5095 2600 5161 αὐτῷ
2645 5093 2900 5161 ἐμαυτόν.
2949 5114 2965 5143 ι
3013 5092 3167 5154 Τίνος
3215 5094 3270 5144 δὲ
3307 5094 3494 5145 ἕνεκεν
3534 5093 3692 5144 τοῦτο
3738 5090 3885 5153 εἷπε,
3932 5092 4014 5151 τὸ,

2457 5203 2474 5232 ι
2535 5183 2848 5251 Ἐμφανίσω
2877 5183 3024 5249 αὐτῷ
3054 5183 3331 5248 ὲμαυτόνς
3384 5201 3401 5231 ι
3456 5180 3670 5247 Ἐπειδὴ
3729 5181 3862 5244 μετά
3917 5180 4018 5246 τὴν

2451 5278 2746 5325 ἀνάστασιν
2777 5273 2999 5340 ἔμελλεν
3030 5275 3213 5334 αὐτοῖς
3245 5274 3619 5340 ἐπιφαίνεσθαι
3666 5275 3800 5338 μετα
3840 5275 4014 5321 θεοει-

2451 5365 2702 5433 δεστέρου
2756 5365 2848 5415 τοῦ
2903 5364 3176 5431 σώματος,
3236 5366 3322 5416 ἵνα
3371 5364 3443 5432 μὴ
3496 5363 3791 5431 νομίσωσιν
3852 5362 4018 5412 αὐτὸν

2455 5456 2669 5522 πνεῦμα
2723 5460 2814 5506 καὶ
2865 5457 3152 5523 φάντασμα
3192 5452 3366 5519 εἶναι,
3417 5455 3505 5507 διὰ
3552 5454 3707 5505 τοῦτο
3757 5453 4018 5522 προλέγει

2452 5547 2609 5599 τοῦτο
2631 5549 2833 5609 αὐτοῖς,
2869 5548 2953 5598 ἵνα
2983 5549 3100 5598 τότε
3131 5541 3202 5616 μῆ
3235 5549 3531 5599 ἀπιστῶσιν
3565 5546 3794 5613 ὁρῶντες
3827 5545 4014 5605 αὑτὸν,

2454 5640 2567 5691 ἀλλ’
2588 5641 2687 5690 ἀνα
2697 5640 3128 5708 μιμνήσκωνται,
3151 5641 3230 5692 ὅτι
3253 5640 3421 5694 ταῦτα
3444 5641 3620 5701 αὐτοῖς
3649 5638 3893 5706 προεῖπε,
3919 5640 4016 5689 καὶ

2411 5823 2457 5874 7.
2543 5824 2586 5851 λθ
2616 5820 2769 5874 Jonu.
2805 5837 2854 5884 λ,
2881 5821 2962 5874 56.
