4284 6450
762 407 868 470 215

1681 397 2245 477 amovimus“
2295 411 2697 471 BULUARL‘E
2735 412 3088 473 ARCIIIEP.

3897 416 4003 479 2l6

762 520 997 588 scipnlos
1037 535 1183 574 meos
1236 520 1516 574 abundans
1574 519 1885 575 eﬂundettir
1930 520 2102 589 gratia
2157 521 2319 573 etiam
2353 526 2401 583 Α
2428 540 2454 574 τ

2308 536 2319 571 I
2353 526 2401 583 Α
2428 522 2535 574 τῶν
2572 523 2662 575 ὑπ’
2705 523 2915 575 ἐκείνου
2958 526 3258 590 γινομένων
3299 525 3591 595 θαυμάτων
3646 528 4000 598 πιστευθῆναι

763 620 882 679 post
923 626 1093 665 meam
1163 620 1414 673 mortem,
1470 628 1591 665 cum
1651 628 1829 667 meum
1885 628 2076 667 nomen
2154 614 2322 680 magis

763 703 1026 771 fulgebit:
1078 706 1218 772 quod
1267 706 1400 756 citra
1446 706 1871 759 comroversiam
1906 719 2100 774 magna
2153 704 2322 773 gloria

760 804 863 853 est,
901 795 944 847 si
992 797 1113 863 quis
1158 795 1512 863 ignominiose
1554 795 1788 859 occisus,
1822 796 1991 861 magis
2023 795 2323 849 clarescere

766 886 1004 953 incipiat.
1070 886 1269 939 Deinde
1329 887 1454 954 quia
1511 887 1829 940 audiverant
1895 886 2177 939 Dominum
2240 887 2323 938 di-

761 988 966 1030 centem
999 1017 1012 1040 ,
1053 996 1069 1028 ι
1116 977 1262 1032 Unus
1300 988 1470 1031 vester
1501 989 1582 1032 est
1617 979 1869 1044 magister
1913 976 2257 1040 Christus",
2300 993 2317 1026 ι

763 1079 810 1118 ut
842 1084 905 1121 ne
935 1070 1245 1123 existiment
1271 1070 1403 1136 Quia
1429 1086 1564 1124 unus
1594 1072 1925 1141 magistertn
1950 1084 2028 1134 es,
2056 1071 2325 1138 quomodo

761 1160 898 1213 diris
960 1162 1111 1214 nobis
1166 1172 1219 1214 et
1270 1163 1432 1215 alium
1505 1161 1619 1215 fore
1654 1164 1969 1232 magistrum
2026 1162 2326 1231 Spiritum?

763 1255 961 1316 sididit,
992 1269 1011 1302 ι
1042 1254 1166 1322 quia
1189 1253 1261 1305 De
1287 1270 1403 1307 meo
1432 1256 1679 1325 accipiet,
1716 1275 1735 1306 ι
1762 1256 1861 1308 hoc
1887 1266 2068 1319 est,ex
2100 1256 2184 1310 his
2210 1270 2327 1323 quze

766 1346 909 1407 novi,
942 1355 995 1398 et
1022 1362 1084 1398 ex
1112 1362 1228 1399 mea
1259 1346 1505 1401 scientia.
1539 1348 1633 1403 Vel
1664 1357 1716 1401 et
1744 1348 1897 1401 aliter
1924 1365 1937 1401 :
1969 1366 1987 1399 ι
2025 1346 2095 1402 De
2128 1361 2269 1410 meo,
2302 1365 2319 1396 ι

764 1438 863 1490 hoc
890 1439 1073 1501 e5t,de
1099 1455 1215 1493 meo
1237 1442 1509 1503 thesauro,
1530 1440 1616 1508 qui
1641 1440 1841 1494 scilicet
1863 1440 2035 1495 Patris
2061 1450 2163 1494 est.
2193 1440 2329 1506 Quo-

761 1530 907 1581 niam
931 1531 1073 1583 enim
1112 1550 1129 1582 t
1157 1532 1501 1601 Quaaeunque
1542 1533 1702 1586 habet
1749 1532 1928 1597 Pater,
1966 1548 2085 1587 mea
2140 1542 2267 1586 sunt
2304 1551 2323 1584 ι

762 1632 816 1675 et
840 1638 969 1676 mem
1000 1625 1197 1678 divitia'
1220 1643 1233 1679 ι
1260 1626 1569 1680 Paraeletus
1586 1636 1759 1680 autem
1784 1641 1846 1679 ex
1869 1625 2024 1680 Patre
2043 1625 2325 1695 loquetur:

763 1719 1125 1773 vcrisimiliter
1155 1721 1273 1775 dico
1303 1722 1443 1790 quod
1484 1741 1502 1773 ί
1544 1721 1618 1775 De
1649 1737 1766 1775 meo
1817 1732 2133 1789 accepturus
2171 1721 2263 1780 sit.
2306 1739 2324 1770 ι

765 1811 866 1863 hoc
893 1821 993 1874 est,
1029 1812 1283 1866 thesauro
1315 1826 1364 1866 et
1400 1815 1603 1867 divitiis
1638 1815 1900 1868 scientiae.
1934 1812 2111 1877 Quare
2145 1822 2325 1864 autem

2426 610 2576 675 Θεὸν,
2639 612 2766 679 ὑμῖν
2817 615 2929 674 τοῖς
2964 616 3117 683 ἐμοῖς
3162 615 3431 684 μαθηταῖς
3458 618 3813 689 ἐπιχυθείσης
3840 622 4004 671 πλου-

2429 706 2547 767 σίας
2604 704 2699 772 τῆς
2748 705 2990 773 χάριτος,
3051 708 3145 760 καὶ
3182 708 3319 777 μετὰ
3375 709 3465 761 τὸν
3500 711 3629 779 ἐμὸν
3654 711 3881 763 θάνατον
3907 712 4003 763 τοῦ

2429 793 2561 861 ἐμοῦ
2610 794 2867 863 ὀνόματος
2910 796 3216 865 λάμποντος
3283 799 3483 867 μᾶλλον
3516 814 3530 828 ⁸
3562 800 3589 852 ὃ
3634 801 3758 866 δόξα
3793 802 4002 871 μεγάλη

2428 886 2543 937 ἐστὶ
2564 886 2657 939 καὶ
2685 888 3110 956 ἀναμφίλεκτος,
3134 890 3261 942 ὅταν
3288 892 3316 943 6
3345 891 3639 959 νεκρωθεὶς
3676 895 3768 945 καὶ
3798 894 4003 961 ἀτιμα-

2430 980 2597 1041 σθεὶς,
2639 980 2775 1047 μετὰ
2793 979 2965 1033 ταῦτα
2993 981 3194 1049 μᾶλλον
3214 981 3425 1053 λάμπῃ.
3462 978 3591 1035 Εἶτα
3624 985 3811 1059 ἐπειδὴ
3838 986 4004 1054 ἥκου-

2430 1087 2529 1124 σαν
2560 1070 2651 1125 τοῦ
2676 1071 2879 1140 Κυρίου
2918 1072 3187 1139 λέγοντος,
3219 1074 3301 1126 ὅτι
3346 1094 3362 1125 ι
3392 1068 3487 1137 Εἷς
3520 1074 3673 1143 ὑμῶν
3698 1076 3726 1126 6
3754 1075 4003 1143 καθηγη·

2428 1163 2525 1232 τὴς
2562 1166 2589 1215 6
2617 1165 2849 1233 Χριστός
2877 1165 3043 1228 ἐστιν,
3068 1153 3094 1216 ι’
3114 1166 3199 1218 ’ίνα
3232 1167 3305 1237 μὴ
3329 1166 3639 1234 νομίσωσιν,
3660 1168 3742 1219 ὅτι
3781 1165 4003 1235 Ἐπειδὴ

2430 1252 2509 1316 εἷς
2541 1254 2859 1317 διδάσκαλος
2892 1256 3155 1325 ὑπάρχεις
3186 1258 3367 1320 αὐτὸς,
3401 1257 3518 1320 πῶς
3544 1257 3721 1323 λέγεις
3752 1254 3882 1327 ήμῖν
3910 1259 4001 1310 καὶ

2431 1348 2586 1400 ἄλλον
2609 1348 2826 1402 ἔσεσθαι
2878 1350 3199 1402 διδάσκαλον
3223 1351 3283 1402 τὸ
3318 1350 3577 1418 Πνεῦμας
3609 1339 3881 1420 ἐπιφέρει,
3918 1353 3999 1404 ὅτι

2436 1458 2452 1489 t
2504 1440 2595 1492 Ἐκ
2630 1440 2722 1492 τοῦ
2750 1439 2883 1509 ἐμοῦ
2910 1440 3168 1509 λήψεται·
3209 1459 3226 1491 ι
3262 1441 3563 1501 τουτέστιν,
3610 1441 3699 1505 Ἐξ
3736 1435 3809 1493 ὧν
3836 1443 4000 1505 αὐτὸς
4040 1446 4043 1451 ’

2430 1527 2566 1595 οἶδα,
2592 1535 2655 1584 ἐκ
2683 1535 2783 1602 τῆς
2815 1532 2953 1600 ἐμῆς
2981 1531 3253 1598 γνώσεως.
3286 1534 3355 1585 “ll
3380 1534 3473 1586 καὶ
3499 1533 3671 1595 άλλως
3698 1551 3709 1562 ·
3747 1536 3839 1595 Τὸ,
3868 1554 3884 1585 t
3908 1534 4004 1587 Ἐκ

2430 1623 2524 1675 τοῦ
2552 1622 2682 1693 ὲμοῦ
2702 1664 2716 1686 ,
2752 1643 2769 1675 ι
2801 1624 3098 1685 τουτέστιν,
3137 1625 3233 1678 Ἐκ
3267 1626 3360 1678 τοῦ
3390 1625 3523 1695 ἐμοῦ
3552 1626 3849 1695 θησαυροῦ,
3869 1628 4006 1699 ὅπερ

2434 1715 2551 1767 ἐστὶ
2585 1714 2676 1767 τοῦ
2707 1715 2939 1785 Πατρός.
2975 1716 3127 1767 Ἐπεὶ
3154 1716 3262 1784 γάρ
3313 1736 3329 1766 t
3367 1718 3543 1769 πάντα
3569 1718 3669 1771 ὅσα
3699 1718 3811 1785 ἔχει
3838 1721 3866 1770 6
3895 1720 4009 1771 Πα-

2434 1810 2557 1877 τὴρ.
2587 1809 2695 1876 ὲμά
2733 1809 2869 1868 ἐστι,
2910 1827 2927 1857 ι
2967 1809 3059 1860 καὶ
3087 1807 3217 1875 ἐμὸς
3242 1806 3491 1870 πλοῦτος,
3524 1809 3617 1859 καὶ
3650 1812 3676 1860 ὁ
3713 1810 4003 1878 Παράκλη-

764 1903 997 1969 Spiritus
1052 1915 1199 1957 tanta
1256 1906 1403 1957 dedit
1456 1904 1611 1958 nobis
1652 1907 1814 1968 bona,
1873 1911 1925 1956 et
1965 1918 2070 1957 non
2125 1902 2327 1955 Filius?
2358 1883 2401 1940 Β
2432 1921 2456 1954 τ

2311 1902 2327 1953 ?
2358 1883 2401 1940 Β
2432 1921 2518 1964 τος
2545 1904 2598 1956 δὲ
2629 1905 2691 1955 ἐκ
2723 1903 2816 1956 τοῦ
2850 1903 3061 1970 [ἰατρὸς
3085 1904 3308 1973 λαλήσει
3333 1923 3345 1935 ο
3385 1906 3609 1968 εἰκότως
3645 1906 3807 1974 λέγω,
3849 1926 3866 1958 ι
3910 1909 4003 1960 Ἐκ

766 1994 931 2060 Igitur
978 1998 1208 2064 primum
1266 1998 1485 2066 quidem
1536 1996 1769 2049 dicimus
1820 1999 1959 2065 quod
1993 1997 2132 2048 viam
2176 1995 2329 2048 donis

762 2090 993 2155 Spiritus
1045 2090 1209 2143 l"ilius
1256 2091 1541 2159 paraverit,
1584 2101 1635 2145 et
1672 2090 1784 2156 ipse
1821 2090 1889 2142 sit
1947 2088 2128 2141 talium
2163 2087 2330 2141 bono-

768 2198 884 2233 rum
928 2193 1133 2235 auctor.
1184 2182 1295 2237 Nisi
1356 2184 1497 2237 enim
1553 2185 1664 2250 ipse
1715 2193 2000 2251 peccatum
2057 2180 2327 2242 solvisset,

767 2278 1033 2339 quomodo
1083 2292 1177 2329 nos
1198 2276 1456 2337 Spiritum
1503 2274 1961 2329 obtinuissemus?
2011 2273 2125 2327 Non
2183 2274 2326 2325 enim

768 2365 1031 2427 l-ahitabit
1089 2364 1319 2434 Spiritus
1355 2368 1405 2419 in
1455 2382 1677 2427 corpore
1718 2366 1934 2419 subdito
1988 2364 2223 2432 peccatis
2258 2364 2327 2415 τ’.

771 2454 906 2506 Hinc
937 2468 1020 2508 est
1055 2457 1194 2524 quod
1220 2457 1263 2510 si
1299 2474 1546 2525 magnum
1590 2457 1716 2526 quid
1772 2455 1919 2508 dedit
1950 2454 2204 2521 Spiritus,
2241 2466 2331 2504 0c-

768 2552 1015 2602 cusiones
1059 2565 1086 2601 a
1142 2550 1357 2604 Christo
1411 2552 1618 2603 habuit.
1675 2549 1871 2605 Deinde
1913 2548 2037 2614 quia
2092 2546 2330 2599 ltmrcliei

771 2640 998 2708 Spiritui
1053 2654 1207 2695 erant
1258 2643 1575 2703 detractari,
1628 2644 1778 2709 quasi
1836 2642 2011 2693 minor
2054 2650 2195 2694 esset
2248 2639 2330 2692 di-

768 2731 991 2798 gttitale,
1024 2746 1088 2784 eo
1120 2732 1260 2799 quod
1295 2734 1561 2799 posterius
1589 2732 1794 2784 veniret
1833 2748 1847 2795 ;
1886 2741 2167 2799 propterea
2200 2744 2332 2783 con-

768 2823 913 2875 cedit
951 2824 998 2877 ei
1051 2826 1251 2889 majora
1302 2826 1515 2893 eperari
1570 2838 1663 2891 per
1703 2822 1994 2892 apostolos,
2033 2832 2090 2875 ut
2120 2837 2214 2890 per
2242 2823 2334 2875 de-

772 2932 967 2968 norum
1013 2918 1435 2987 magnitudinem
1486 2918 1775 2987 compulsi,
1828 2917 1908 2969 vel
1957 2916 2107 2968 inviti
2151 2916 2330 2983 digni-

773 3014 936 3059 tatem
989 3006 1221 3075 Spiritus
1271 3017 1584 3076 agnoseant,
1636 3018 1690 3061 et
1740 3022 1845 3060 non
1884 3009 2012 3074 quia
2062 3006 2329 3076 posterior

771 3100 1045 3167 apparuit,
1075 3109 1355 3168 propterea
1387 3100 1564 3154 minor
1593 3099 1865 3166 judieetur
1888 3097 2045 3152 Filio.

2426 1997 2517 2049 τοῦ
2554 1998 2686 2066 ἐμοῦ
2714 1997 2936 2064 λήψεται
2959 2037 2974 2059 ,
3016 2016 3032 2047 ι
3068 1999 3333 2062 τουτέστι,
3367 1998 3663 2067 θησαυροῦ,
3716 2001 3811 2051 καὶ
3839 2000 4002 2055 πλοῦ-

2427 2106 2541 2147 του,
2592 2091 2685 2139 καὶ
2745 2089 2845 2156 τῆς
2881 2089 3153 2153 γνώσεως.
3203 2090 3355 2152 Τίνος
3397 2090 3451 2142 δὲ
3482 2091 3666 2142 ἕνεκεν
3693 2091 3755 2142 τὸ
3780 2092 4004 2159 Πνεῦμα

2429 2178 2668 2230 τοσαῦτα
2700 2181 2829 2246 ἡμῖν
2851 2179 3081 2230 δέδωκεν
3117 2179 3319 2246 ἀγαθά,
3350 2181 3439 2231 καὶ
3473 2180 3571 2247 οὐχ
3594 2181 3621 2231 6
3648 2179 3809 2241 Υἱόςς
3845 2180 4005 2250 Πρῶ-

2427 2286 2519 2319 τον
2566 2270 2663 2336 μὲν
2696 2268 2788 2320 οῦν
2850 2268 3002 2320 τοῦτο
3051 2269 3301 2337 λέγομεν,
3338 2273 3417 2324 ὅτι
3452 2272 3549 2339 τὴν
3584 2272 3701 2323 ὁδὸν
3762 2275 3879 2333 ταῖς
3908 2272 4000 2323 τοῦ

2433 2359 2746 2427 Πνεῦματος
2793 2362 3020 2428 δωρεαῖς
3048 2364 3075 2412 6
3103 2361 3226 2423 Υἱὸς
3254 2364 3498 2431 ἐποίησε,
3533 2364 3629 2416 κα.)⁸
3661 2365 3820 2427 αὑτός
3855 2366 4005 2417 ἐστιν

2438 2453 2464 2503 6
2494 2453 2664 2513 αἴτιος
2697 2449 2804 2502 τῶν
2852 2451 3187 2519 τηλικούτων
3215 2452 3455 2519 ἀγαθῶν.
3502 2454 3564 2506 Εἰ
3596 2454 3669 2522 μὴ
3701 2454 3808 2522 γάρ
3842 2454 4005 2514 αὐτὸς

2437 2542 2535 2609 τὴν
2561 2542 2833 2609 ἁμαρτίαν
2858 2541 3033 2603 ἔλυσε,
3070 2542 3182 2603 πῶς
3208 2542 3272 2593 ἂν
3306 2542 3615 2610 ἠξιώθημεν
3640 2545 3798 2611 ἡμεῖς
3832 2542 4004 2594 Πνεύ-

2444 2648 2641 2699 ματος;
2698 2632 2772 2684 Οὐ
2824 2632 2929 2700 γάρ
2986 2637 3301 2701 κατοικήσει
3348 2636 3408 2685 τὸ
3439 2634 3661 2702 Πνεῦμα
3696 2635 3752 2685 ὲν
3790 2632 4006 2701 σώματι

2441 2725 2727 2793 καταχρέῳ
2785 2726 3098 2793 ἁμαρτίαις.
3160 2725 3322 2777 Ὥστε
3369 2726 3498 2777 εἴτι
3534 2726 3675 2794 μέγα
3704 2726 3903 2777 δέδωκε
3946 2726 4007 2775 τὸ

2440 2817 2681 2885 Πνεῦμα,
2702 2820 2765 2869 ὲκ
2794 2817 2884 2868 τοῦ
2911 2817 3143 2885 Χριστοῦ
3171 2818 3265 2880 τὰς
3284 2820 3530 2887 ἀφορμὰς
3557 2820 3731 2888 ἔσχεν.
3755 2819 4004 2881 Ἔπειτα,

2436 2910 2555 2960 ἐπεὶ
2578 2910 2627 2959 οἱ
2653 2911 2917 2978 αἱρετικοὶ
2944 2909 3168 2974 ἔμελλον
3220 2911 3541 2979 σμικρύνειν
3572 2913 3657 2962 τοῦ
3687 2911 4005 2978 Πνεύματος

2434 3003 2533 3068 τὴν
2560 3000 2715 3064 ἀξίαν
2738 3003 2801 3051 ὲκ
2840 3000 2934 3051 τοῦ
2955 3001 3179 3070 ὕστερον
3209 3003 3404 3066 ἐλθεῖν,
3431 3003 3622 3054 τούτου
3646 3003 3828 3054 ἕνεκεν
3857 3001 4007 3069 αῦτῷ

2435 3094 2751 3161 παραχωρεῖ
2780 3091 2847 3142 τὰ
2872 3091 3091 3160 μείζονα
3121 3094 3177 3143 ἐν
3206 3096 3317 3156 τοῖς
3342 3094 3659 3154 ἀποστόλοις
3685 3092 4002 3161 ἐνεργῆσαι·

771 3198 857 3250 ἶνα
892 3196 978 3249 διά
1005 3196 1103 3265 τῆς
1126 3197 1235 3250 τῶν
1261 3198 1477 3267 δωρεῶν
1508 3197 1923 3267 μεγαλειότητος
1950 3194 2406 3263 ἀναγκαζόμενοι,
2439 3194 2531 3243 καὶ
2554 3190 2800 3252 ἄκοντες,
2831 3190 3092 3255 ἐπιγνώσι
3151 3189 3248 3259 τὴν
3309 3189 3465 3253 ἀξίαν
3524 3189 3619 3243 τοῦ
3666 3190 4007 3258 Πνεύματος,

769 3292 862 3343 καὶ
901 3290 974 3357 μὴ
1008 3288 1138 3341 διότι
1173 3290 1399 3360 ὕστερον
1432 3292 1622 3360 ἐφάνη,
1657 3290 1745 3343 διὰ
1775 3290 1932 3343 τοῦτο
1960 3291 2179 3342 ἔλαττον
2208 3286 2423 3357 κριθείη
2447 3284 2540 3337 τοῦ
2580 3283 2734 3336 Υίοῦ.

846 3381 1007 3435 Vens.
1061 3381 1245 3435 16-18.
1313 3402 1328 3431 c
1372 3381 1657 3446 Pusillum,
1713 3392 1767 3435 et
1821 3397 1923 3435 non
1976 3381 2174 3436 videtis
2227 3384 2406 3442 me,C

772 3483 824 3524 et
857 3472 1056 3524 iterum
1094 3471 1345 3538 pusillum
1406 3481 1459 3524 et
1513 3472 1764 3525 videbitis
1793 3486 1896 3535 me,
1942 3473 2067 3537 quia
2099 3473 2237 3524 vado
2270 3470 2333 3523 ad

775 3564 1010 3618 Patrem.
1070 3562 1337 3616 Dixerunt
1381 3580 1509 3633 ergo
1544 3566 1759 3631 quidam
1810 3579 1872 3618 ex
1911 3565 2184 3633 discipulis
2222 3563 2339 3631 ejus

778 3656 918 3708 inter
949 3670 1007 3707 se
1036 3672 1046 3707 :
1083 3653 1219 3719 Quid
1246 3665 1326 3707 est
1360 3656 1459 3707 hoc
1490 3655 1629 3722 quod
1671 3654 1801 3706 dicit
1855 3654 2027 3718 nobis,
2079 3652 2337 3707 Pusillum

777 3758 831 3800 ιιι
863 3762 964 3799 non
1002 3746 1193 3801 videtis
1231 3760 1336 3811 me,
1382 3756 1434 3800 et
1465 3748 1657 3799 iterum
1691 3746 1941 3816 pusillum
1993 3758 2045 3799 et
2087 3745 2341 3800 videbitis

776 3856 884 3902 me,
938 3851 991 3894 et
1040 3842 1173 3905 Quia
1237 3842 1371 3894 vado
1408 3842 1472 3894 ad
1520 3840 1770 3893 Patrem?
1826 3838 2081 3893 Dicebant
2143 3852 2334 3906 ergo:

779 3934 913 3999 Quid
962 3943 1044 3985 est
1076 3934 1175 3986 hoc
1219 3932 1358 3999 quod
1388 3932 1514 3985 dicit
1544 3931 1833 4001 pusillum?
1858 3931 2127 3985 nescimus
2182 3929 2341 3998 722

780 4025 906 4092 quid
982 4025 1249 4092 loquatur.
1296 4044 1314 4074 ι
1396 4023 1571 4089 Quare
1638 4022 1883 4076 Christus
1953 4036 2221 4075 recessum
2290 4031 2343 4076 et

782 4127 1006 4168 mortem
1045 4130 1196 4168 suam
1250 4117 1302 4168 in
1334 4116 1645 4167 memoriam
1688 4117 1766 4167 eis
1808 4114 2050 4179 reducit,
2098 4114 2343 4182 quamvis

783 4210 949 4278 magis
977 4210 1293 4262 occultanda
1341 4209 1659 4262 videantur?
1688 4206 1919 4262 Mentem
1952 4224 2138 4262 eorum
2182 4223 2339 4260 exer-

782 4303 957 4365 cebat,
987 4314 1036 4353 et
1082 4303 1440 4370 probatiorem
1498 4302 1766 4355 eiticiebat
1814 4320 1826 4353 :
1881 4314 2165 4370 propterea
2199 4315 2341 4354 sein-

784 4410 877 4460 per
938 4409 1369 4449 commemorans
1417 4395 1631 4458 tristia,
1708 4392 1998 4449 assuefacit
2062 4393 2223 4456 illos,
2291 4400 2345 4443 et

786 4487 849 4536 ad
879 4486 1335 4549 exspectationem
1370 4484 1580 4537 illorum
1635 4482 1900 4550 provehit,
1938 4497 2003 4536 ne
2047 4482 2093 4535 si
2127 4488 2344 4547 repente

782 4576 1053 4636 eveniant,
1110 4586 1511 4643 perterreautur
1544 4593 1556 4624 :
1591 4575 1751 4628 simul
1803 4584 1980 4628 autem
2024 4583 2075 4625 et
2108 4573 2345 4643 adiungit

788 4668 1029 4721 tristibus
1066 4667 1204 4720 lzrta.
1240 4666 1401 4737 Igitur
1450 4669 1526 4721 sic
1569 4670 1667 4720 hoc
1713 4668 1850 4729 loco,
1898 4684 1917 4717 ι
1952 4665 2232 4727 Pusillum,
2289 4675 2343 4719 et

2515 3395 2532 3426 t
2572 3376 2803 3444 Μικρὸν,
2839 3374 2931 3425 καὶ
2960 3374 3019 3426 οὐ
3048 3372 3301 3442 θεωρεῖτέ
3332 3390 3398 3442 με
3420 3392 3433 3403 ·
3470 3372 3563 3425 καὶ
3592 3372 3751 3425 πάλιν
3790 3374 4005 3442 μικρὸν,

2441 3466 2532 3517 καὶ
2553 3464 2746 3531 ὄψεσθέ
2768 3480 2863 3530 με·
2884 3465 2967 3515 ὅτι
2990 3463 3097 3531 ἐγὼ
3129 3464 3321 3529 ὑπάγω
3344 3462 3478 3532 πρὸς
3512 3462 3601 3513 τὸν
3632 3463 3850 3530 Πατέρα
3882 3480 4003 3530 μου.

2442 3555 2608 3611 Εἶπον
2643 3552 2733 3609 οὖν
2761 3556 2824 3606 ὲκ
2853 3555 2961 3606 τῶν
2985 3555 3240 3624 μαθητῶν
3266 3552 3431 3605 αὑτοῦ
3460 3554 3594 3620 πρὸς
3619 3552 3912 3617 ἀλλήλους·
3942 3553 4007 3603 Τί

2442 3652 2557 3701 ἔστι
2590 3648 2748 3699 τοῦτο
2786 3647 2813 3698 ὃ
2839 3647 2985 3713 λέγει
3022 3649 3149 3714 ἡμῖν
3172 3660 3184 3673 ·
3224 3646 3455 3709 Μικρδν,
3491 3646 3585 3697 καὶ
3639 3646 3699 3695 οῦ
3746 3644 4006 3711 θεωρείτέ

2448 3758 2553 3810 με·
2596 3742 2687 3793 καὶ
2742 3740 2902 3792 πάλιν
2953 3738 3167 3806 μικρὸν,
3220 3737 3313 3789 καὶ
3364 3735 3561 3803 ὄψεσθὲ
3619 3752 3722 3803 με,
3758 3735 3853 3787 καὶ
3885 3734 4008 3785 Ὀτι

2444 3832 2638 3897 ὑπάγω
2660 3831 2793 3900 πρὸς
2823 3830 2911 3882 τὸν
2942 3830 3156 3897 Πατέρα
3184 3845 3320 3897 μου;
3354 3827 3576 3893 Ἔλεγον
3606 3822 3698 3879 οὖν
3718 3842 3730 3855 ·
3764 3825 3933 3878 Τοῦτο
3954 3826 4007 3877 τί

2444 3922 2612 3983 ἐστιν,
2646 3922 2673 3972 ὃ
2733 3921 2880 3985 λέγει
2931 3920 2993 3972 τὸ
3047 3920 3261 3988 μικρὸν,
3310 3918 3411 3969 οὐκ
3442 3918 3661 3985 οἴδαμεν
3699 3916 3750 3967 τί
3780 3917 3951 3987 λαλεῖ.
3984 3935 4001 3966 ι

2445 4012 2599 4073 Τίνος
2645 4012 2827 4063 ἕνεκεν
2876 4010 3036 4062 πάλιν
3087 4012 3269 4070 αὐτοῖς
3303 4012 3348 4061 '6
3392 4005 3625 4077 Χριστὸς
3651 4008 3718 4059 τά
3749 4007 3877 4074 περὶ
3910 4007 4009 4073 τῆς

2445 4106 2839 4173 άιαχωρήσεως
2895 4102 2989 4155 καὶ
3048 4102 3141 4153 τοῦ
3202 4101 3430 4153 θανάτου
3485 4099 3647 4152 αὑτοῦ
3682 4101 3761 4161 είς
3786 4100 4008 4169 μνήμην

2445 4203 2589 4267 ἄγει,
2618 4202 2792 4252 καίτοι
2834 4199 2940 4252 ἔδει
2983 4196 3180 4265 μᾶλλον
3212 4194 3518 4263 συγκρύψαι
3550 4192 3755 4255 ταῦτα;
3790 4191 4007 4259 Γυμνά-

2446 4292 2551 4354 ζων
2581 4291 2759 4343 αὐτῶν
2791 4274 2888 4359 τὴν
2916 4289 3171 4349 διάνοιαν,
3205 4285 3299 4338 καὶ⁸
3349 4285 3727 4354 δοκιμωτέραν
3758 4284 4008 4351 ἀπεργα-

2448 4385 2692 4451 ζὸμενος,
2724 4382 2817 4433 καὶ
2841 4382 2928 4433 διὰ
2950 4380 3104 4433 τοῦτο
3131 4382 3215 4433 ἀεὶ
3240 4378 3563 4448 μνημονεύει
3589 4378 3696 4429 τῶν
3729 4376 4006 4445 λυπηρῶν,

2448 4476 2525 4534 εἰς
2552 4472 2868 4539 συνεθισμὸν
2890 4473 3082 4532 αὐτοὺς
3114 4471 3284 4537 ἄγων,
3309 4472 3402 4521 καὶ
3436 4470 3515 4529 εἰς
3537 4467 3859 4535 προσδοκίαν
3888 4467 4011 4517 τοῦ·

2448 4581 2575 4626 των,
2603 4564 2688 4615 ἵνα
2736 4562 2917 4631 μὴτῷ
2962 4562 3141 4631 ἁθρόῳ
3178 4558 3631 4625 καταπλαγῶσιν·
3674 4558 3788 4624 ἅμα
3832 4557 3886 4608 δὲ
3918 4557 4009 4607 καὶ

2452 4655 2784 4726 προσπλέκει
2805 4657 2913 4716 τοῖς
2941 4654 3202 4722 λυπηροῖς
3234 4654 3303 4705 τὰ
3331 4651 3787 4721 ψυχαγωγοῦντα·
3819 4652 4009 4715 ὥσπερ

787 4775 894 4811 non
933 4758 1125 4809 videtis
1160 4771 1241 4809 me
1278 4775 1296 4807 ι
1361 4758 1567 4820 dicens,
1604 4758 1667 4809 ad
1709 4758 1859 4810 triste
1909 4757 2089 4811 statim
2140 4756 2343 4808 addidit
2378 4726 2417 4777 θ
2449 4764 2475 4798 ο

2310 4756 2343 4808 it
2378 4726 2417 4777 θ
2449 4746 2541 4798 οῦν
2598 4744 2906 4806 κάνταῦθα,
2964 4761 2983 4793 ι
3020 4743 3250 4812 Μικρὸν,
3300 4742 3392 4793 καὶ
3443 4741 3505 4792 οὐ
3549 4739 3800 4808 θεωρεῖτέ
3863 4754 3929 4804 με
3984 4756 4002 4785 ›

788 4840 1247 4913 lzetttm'quiddam
1276 4864 1288 4900 :
1322 4864 1339 4895 ι
1365 4846 1428 4899 Et
1453 4848 1641 4899 iterum
1667 4848 1939 4914 pusillum,
1988 4854 2041 4900 et
2093 4846 2346 4899 videbitis

790 4951 893 4999 me,
928 4954 947 4987 ι
981 4946 1055 4998 et,
1083 4937 1162 4989 Ad
1196 4935 1359 4989 Deum
1388 4938 1543 4999 vado,
1582 4937 1670 5004 qui
1696 4951 1790 4989 vos
1811 4937 1999 5005 juvare
2047 4944 2261 5002 potest:
2295 4944 2350 4988 et

790 5045 896 5081 non
946 5042 1129 5095 pereo,
1181 5028 1273 5081 sed
1322 5036 1569 5082 transeo:
1621 5038 1675 5081 et
1721 5029 1786 5080 ad
1842 5042 2067 5095 parvum
2128 5028 2346 5094 quidem

789 5131 1002 5185 tempus
1043 5134 1291 5172 secessus
1332 5120 1454 5180 erit,
1501 5130 1683 5187 p0stea
1721 5128 1897 5170 autem
1931 5126 2188 5185 perpetuo
2218 5130 2350 5169 coo-

790 5210 1049 5263 versabor
1082 5211 1378 5263 vobiscum.
1416 5210 1490 5262 llli
1533 5212 1746 5277 quidem
1779 5224 1884 5261 non
1924 5210 2341 5269 intellexerunt;

793 5303 932 5353 unde
982 5302 1279 5353 admiretur
1344 5301 1609 5369 quispiam
1660 5300 1930 5367 quomodo
1980 5316 2083 5352 non
2120 5315 2353 5369 agnove-

796 5396 901 5444 rint
930 5408 1046 5459 the
1087 5392 1317 5443 diccbat.
1357 5389 1579 5443 Videtur
1604 5406 1730 5458 ergo
1757 5391 1835 5441 vel
1869 5390 2090 5442 ll‘iSlilia
2119 5398 2350 5443 mentem

792 5500 978 5537 eoruut
1055 5486 1185 5536 adeo
1253 5484 1537 5543 invasisse,
1596 5492 1650 5533 ut
1728 5480 2023 5545 abjicerent
2086 5480 2351 5533 dictorum

796 5577 1134 5634 tmzinoriam,
1202 5575 1283 5627 vel
1340 5585 1555 5641 pi0ptcr
1606 5574 1989 5625 obscuritatem
2066 5572 2350 5624 verborum

795 5668 971 5720 evenit
1006 5681 1071 5718 ne
1105 5665 1482 5734 intelligerent.
1522 5666 1643 5719 ideo
1673 5662 1826 5717 Jesus
1860 5663 2071 5719 videtur
2106 5663 2182 5717 eis
2213 5677 2342 5718 con-

868 5844 1131 5901 "Matth.
1179 5861 1329 5913 xxiii,
1365 5846 1416 5897 8.
1495 5846 1535 5874 τ’
1574 5844 1699 5911 δαν.
1747 5858 1781 5907 ι,
1809 5842 1860 5895 εί.

2453 4836 2622 4889 εἰπὼν
2682 4836 2739 4887 τὸ
2786 4834 3049 4903 λυπηρὸν,
3104 4836 3353 4901 ἐπήγαγε
3404 4833 3497 4883 καὶ
3542 4831 3604 4883 τὸ
3658 4832 4007 4897 εῦφρόσυνον·

2462 4950 2477 4980 ι
2522 4931 2627 4981 Καὶ
2654 4928 2815 4981 πάλιν
2858 4926 3073 4997 μικρὸν,
3104 4926 3198 4979 καὶ
3226 4924 3419 4993 ὄψεσθὲ
3447 4941 3511 4992 με
3538 4940 3550 4955 ⁸
3594 4943 3612 4975 ι
3640 4924 3735 4975 καὶ
3756 4924 3835 4973 ὃτι
3870 4922 4013 4990 Πρὸς

2455 5021 2543 5071 τὸν
2569 5019 2698 5071 Θεὸν
2723 5020 2926 5085 ἄνειμι,
2958 5018 3049 5069 τὸν
3071 5017 3364 5086 δυνάμενον
3387 5016 3514 5082 ὑμῖν
3543 5014 3776 5083 βοηθεῖν,
3801 5014 3891 5064 καὶ
3914 5014 4015 5065 οὐκ

2455 5111 2783 5179 ἀπόλλυμαι,
2805 5109 2938 5161 ἀλλὰ
2972 5108 3298 5177 μεθίσταμαι
3319 5124 3331 5136 ·
3371 5106 3463 5159 καὶ
3488 5107 3619 5175 πρὸς
3651 5105 3828 5170 ὀλίγον
3863 5104 3960 5173 μὲν
3987 5105 4016 5155 ὁ

2458 5204 2754 5271 χωρισμὸς,
2800 5200 3015 5262 αἰώνιος
3044 5199 3100 5252 δὲ
3149 5202 3181 5267 ἡ
3217 5200 3334 5267 μεθ’
3371 5199 3524 5266 ὑμῶν
3564 5199 3641 5260 εἰς
3673 5197 3731 5249 τὺ
3765 5196 3892 5264 ἑξῆς
3931 5196 4015 5247 δι-

2452 5295 2661 5361 αγωγή.
2696 5293 2919 5344 Ἐκεῖνοι
2944 5292 3124 5360 μέντοι
3150 5292 3210 5343 οὐ
3245 5291 3512 5344 συνίεσαν·
3543 5292 3664 5343 ὅθεν
3684 5292 3777 5343 καὶ
3798 5290 4014 5357 θαυμά-

2454 5401 2591 5436 σειεν
2619 5383 2684 5435 ἄν
2722 5399 2772 5433 τι
2811 5422 2825 5446 ,
2858 5384 2969 5445 πῶς
3006 5383 3104 5435 οὐκ
3134 5383 3497 5449 ἐπεγίνωσκον
3537 5382 3572 5435 ἃ.
3604 5382 3771 5447 λέγει.
3798 5381 4015 5432 Ἔοικεν

2451 5472 2541 5528 οῦν
2574 5478 2603 5543 ἡ
2632 5477 2775 5546 λύπη
2811 5475 2989 5526 αὐτῶν
3020 5475 3115 5541 τὴν
3149 5475 3387 5527 διάνοιαν
3430 5475 3794 5542 κατασχοῦσα,
3846 5472 4016 5524 €16:-

2452 5569 2561 5621 λεῖν
2594 5571 2688 5637 τὴν
2748 5570 2965 5635 μνήμην
3020 5566 3127 5618 τῶν
3178 5558 3570 5636 λεγομένωνμῆ
3614 5567 3721 5618 ἀπὸ
3754 5567 3851 5632 τῆς
3876 5566 4016 5616 ἀσα-

2457 5659 2610 5726 ιξείας
2644 5658 2746 5709 τῶν
2777 5657 3052 5725 ῥημάτων,
3089 5654 3147 5706 το
3189 5658 3262 5725 μὴ
3301 5656 3535 5708 συνιέναι
3560 5656 3739 5717 αὐτοῖς
3771 5653 4016 5719 ἐπιγενέ-
