4284 6450
193 403 293 461 επ

806 401 1254 459 ENARRATIO
1296 399 1374 458 IN
1415 401 1911 460 EV’ANGELEUM
1971 400 2311 461 JOANNIS.
2344 429 2411 438 -·
2452 405 2491 464 C

1113 401 1254 459 .TIO
1296 399 1374 458 IN
1415 401 1911 460 EV’ANGELEUM
1971 400 2311 461 JOANNIS.
2344 429 2411 438 -·
2452 405 2606 464 CAP.
2652 407 2805 466 XVI.

3344 405 3449 470 218

189 517 332 569 σθαι.
373 516 462 567 Διδ
491 516 582 567 καὶ
613 514 860 567 δοκοῦσιν
890 516 1105 569 ἐναντία
1142 517 1264 568 τινα
1303 518 1484 578 αὖτοῖς
1517 519 1606 569 τὸν
1651 519 1754 585 Ἰη-
1785 527 1834 581 Α
1868 528 1881 568 t

1785 527 1834 581 Α
1868 518 2040 570 traria
2101 520 2346 585 qua-dam
2389 521 2608 574 dicere:
2645 521 2773 571 Nam
2800 522 2840 573 si
2875 521 3088 588 quidem
3149 522 3447 577 videbimus

190 608 316 661 σοῦν
347 608 719 677 φθέγγεσθαιο
756 609 821 663 Ei
854 611 1084 678 μὲνγὰρ
1126 610 1371 677 ὀψόμεθά
1409 628 1486 672 σε,
1526 609 1627 662 ποῦ
1657 612 1760 662 ὀπ-

192 706 383 768 άγειςς
425 704 568 756 Εἰδέ
601 705 853 770 ὑπάγεις,
897 704 1012 767 πῶς
1045 705 1289 774 ὀψόμεθα
1323 723 1378 757 σε
1406 723 1418 769 ;
1455 706 1762 774 Αἰνίγματα

190 797 297 865 γὰρ
332 797 555 848 ἐδόκουν
582 797 772 850 ταῦτα.

263 907 281 939 ι
326 889 511 954 Ἐγνω
534 884 628 940 οὖν
672 891 698 941 6
739 890 969 958 Ἰησοῦς,
995 892 1075 944 ὅτι
1126 890 1316 958 ἧθεὶον
1342 890 1502 942 αὐτὸν
1535 891 1760 958 ἐρωτᾷν,

191 983 283 1033 καὶ
305 977 459 1033 εἷπεν
490 983 668 1043 αὐτοῖς
690 1000 701 1012 ·
735 983 865 1052 Περὶ
898 985 1084 1036 τούτου
1108 984 1313 1052 ζητεῖτε
1351 984 1466 1044 μετ’
1497 983 1764 1048 animi,

190 1075 270 1124 ὅτι
306 1068 460 1124 εἷπον
489 1090 500 1102 ’
539 1073 771 1140 Μικρὸν,
809 1074 901 1125 καὶ
932 1075 991 1125 οὐ
1040 1073 1291 1142 θεωρεῖτέ
1326 1089 1390 1140 με
1414 1089 1425 1100 ⁸
1466 1071 1558 1122 καὶ
1609 1072 1704 1124 πά)
1723 1089 1768 1121 ιν

195 1166 413 1233 μικρὸν,
452 1167 544 1216 καί⁵
577 1166 769 1233 ὄψεσθέ
803 1183 887 1233 με.
936 1169 1126 1233 Ἀμὴν,
1163 1167 1308 1234 ἀμὴν
1338 1165 1481 1229 λέγω
1507 1166 1658 1232 ὑμῖν,
1685 1165 1767 1214 ὅτι

193 1257 481 1323 κλαύσετε,
515 1263 607 1309 καὶ
633 1259 930 1328 θρηνήσετε
963 1261 1137 1327 ὑμεῖς,
1169 1261 1195 1311 6
1218 1260 1271 1310 δὲ
1297 1259 1500 1325 κόσμος
1535 1260 1770 1325 χαρήσε-

192 1368 305 1412 ται,
338 1352 491 1417 ὑμεῖς
540 1352 593 1401 δὲ
625 1351 1027 1418 λυπηθήσεσθε,
1067 1351 1181 1402 ἀλλ’
1241 1351 1272 1416 ἡ
1309 1350 1449 1416 λύπη
1499 1349 1651 1416 ὑμῶν
1692 1352 1769 1410 εἰς

194 1448 371 1509 γαραν
403 1444 708 1510 γενήσεται.
747 1442 806 1493 Ἠ
841 1443 998 1510 γυνὴ,
1037 1444 1162 1494 ὅταν
1197 1443 1376 1511 τίκτῃ,
1413 1443 1586 1509 λύπην
1633 1441 1768 1509 ἔχει,

195 1539 274 1587 ὅτι
309 1532 524 1603 ἦλθενὴ
553 1535 668 1602 ὦρα
697 1537 864 1600 αὐτῆς
889 1553 900 1565 ·
931 1538 1058 1586 ὅταν
1083 1536 1138 1587 δὲ
1171 1537 1408 1604 γεννήσῃ
1453 1535 1512 1585 τὺ
1539 1533 1767 1593 παιδίον,

197 1629 294 1678 οὐκ
333 1630 412 1678 ἐτι
453 1627 780 1694 μνημονεύει
830 1627 926 1692 τῆς
955 1627 1182 1692 θλίψεως
1215 1626 1302 1676 δια
1330 1627 1428 1694 τὴν
1459 1627 1652 1693 χαρὰν,
1691 1627 1771 1676 ὅτι

200 1718 465 1785 ἐγεννήθη
497 1718 776 1786 ἄνθρωπος
809 1719 886 1778 εἰς
932 1718 1021 1767 τὸν
1056 1720 1281 1782 κόσμον.
1337 1718 1445 1768 Καὶ
1492 1717 1645 1784 ὑμεῖς
1681 1713 1772 1767 οὖν

199 1813 376 1877 λύπην
409 1809 508 1878 μὲν
539 1809 632 1860 νῦν
661 1811 831 1874 ἔχετε,
860 1811 1017 1862 πάλιν
1043 1809 1096 1860 δὲ
1126 1808 1326 1875 ὄψομαι
1353 1810 1514 1875 ὑμᾶς,
1559 1809 1646 1858 καὶ
1677 1826 1774 1874 χα-

1869 618 1940 669 te,
1973 623 2080 674 quo
2115 609 2301 662 vadis?
2335 610 2377 662 si
2407 618 2583 662 autem
2618 611 2785 672 vadis,
2817 614 3084 687 quomodo
3134 611 3438 665 videbimus

1869 701 1952 754 te?
1986 699 2246 755 Videntur
2281 702 2420 755 enim
2457 703 2566 754 hate
2593 703 2877 770 aenigmata
2908 716 3047 755 esse.

1942 900 2101 954 Vens.
2133 902 2317 956 ίθοὲἓ.
2353 924 2368 954 ι
2401 904 2658 967 Cognovit
2689 914 2867 958 autem
2893 905 3049 960 Jesus
3079 907 3223 975 quod
3254 907 3446 957 velient

1871 993 2206 1063 interrogare
2231 1011 2306 1055 se,
2334 1007 2381 1048 et
2400 999 2531 1048 dixit
2555 999 2663 1050 eis:
2690 999 2759 1050 De
2780 999 2877 1050 hoc
2904 999 3143 1065 quzeritis
3171 999 3309 1050 inter
3333 1012 3449 1058 vas,

1871 1089 2008 1153 quod
2036 1089 2143 1141 dixi
2178 1088 2492 1154 :Pusillutn,
2544 1100 2594 1142 rt
2641 1107 2743 1142 ttott
2785 1092 2975 1142 videtis
3016 1105 3098 1141 me
3134 1107 3146 1141 :
3179 1098 3228 1141 et
3257 1091 3449 1140 iternttt

1871 1176 2148 1241 pusillum,
2176 1189 2228 1228 et
2270 1178 2520 1229 videbitis
2552 1195 2654 1230 me.
2697 1178 2885 1239 Anu-ti,
2920 1192 3073 1227 amen
3103 1175 3223 1227 diro
3267 1175 3447 1226 vobis:

1873 1266 2156 1320 Plorabitis
2182 1278 2233 1319 et
2257 1269 2680 1322 lamentabimini
2712 1285 2823 1330 vos,
2849 1269 3075 1319 mundus
3102 1278 3287 1318 contra
3325 1282 3455 1332 gau—

1874 1361 2020 1412 debit
2058 1376 2190 1413 :vos
2216 1371 2390 1412 autem
2415 1378 2643 1414 tnnrrore
2667 1361 2996 1423 aflirieittini,
3019 1362 3108 1410 sud
3133 1374 3332 1410 ntmror
3361 1372 3453 1407 ve-

1873 1460 1982 1502 ster
2000 1460 2238 1502 vertetur
2262 1453 2312 1502 iit
2348 1455 2618 1515 gaudium.
2657 1453 2842 1503 Mulier
2869 1469 2988 1504 eum
3028 1452 3188 1518 parit,
3214 1451 3451 1500 dolori-tit

1877 1539 2052 1603 habet,
2085 1542 2208 1607 quia
2241 1543 2381 1593 venit
2414 1543 2540 1593 liora
2580 1544 2729 1607 ejus:
2760 1559 2878 1593 ('UIII
2901 1554 3076 1593 autem
3102 1542 3304 1606 peperit
3333 1553 3455 1603 pue-

1877 1632 2151 1699 rttnt,jatn
2203 1649 2304 1684 non
2369 1636 2606 1685 tttetnittlt
2651 1635 2954 1694 anxit-latis,
3005 1645 3282 1698 propterea
3313 1629 3455 1697 quod

1877 1723 2102 1790 gaudeat
2125 1724 2394 1774 hominem
2423 1736 2602 1776 natum
2635 1742 2755 1778 es~e
2781 1729 2830 1777 itt
2856 1728 3068 1778 mundo.
3101 1725 3159 1776 Et
3189 1742 3277 1777 vos
3299 1726 3456 1792 igitur

1881 1829 2018 1866 nunc
2049 1815 2262 1879 quidem
2293 1828 2578 1866 ttzmrort-nt
2618 1817 2848 1873 IlitIN‘lI‘,
2892 1820 2981 1867 sed
3017 1818 3211 1867 iterum
3267 1816 3457 1866 videbo

202 1908 430 1971 ρήσεται
464 1901 614 1968 ὑμῶν
656 1901 929 1971 ήκαρδία,
969 1902 1062 1952 καὶ
1092 1901 1190 1969 τὴν
1218 1901 1393 1969 χαρὰν
1425 1901 1574 1967 ὑμῶν
1604 1901 1774 1961 οὐδεὶς
1810 1881 1847 1936 Β
1881 1919 1894 1952 ι

1761 1920 1774 1961 ;
1810 1881 1847 1936 Β
1881 1919 1992 1965 vos,
2045 1913 2097 1956 et
2131 1904 2382 1970 gaudebit
2409 1923 2502 1957 cor
2532 1916 2784 1967 vestrum,
2838 1917 2889 1958 et
2935 1907 3186 1973 gaudium
3217 1916 3453 1958 vestrum

201 1998 342 2062 αἴρει
381 1994 474 2060 ἀφ’
502 1994 673 2060 ὑμῶν.
720 2012 736 2044 ι
797 1993 1012 2061 Ἐπειδὴ
1048 1987 1154 2044 εἶδε
1182 1995 1304 2053 τοὺς
1345 1991 1590 2059 μαθητὰς
1653 1994 1772 2060 μηδ’

199 2087 334 2147 ὅλως
375 2088 657 2146 συνιέντας
707 2086 816 2136 τῶν
867 2086 1179 2152 λεγομένων
1235 2085 1320 2136 διὰ
1372 2086 1468 2152 τὴν
1510 2087 1572 2136 ἐκ
1603 2083 1775 2146 λύπης

201 2179 468 2245 καρωσιν,
505 2178 836 2244 σαφέστερον
905 2177 1084 2237 αὐτοῖς
1136 2175 1194 2226 τὸ
1236 2178 1361 2244 περὶ
1422 2176 1514 2226 το]
1545 2175 1776 2227 θανάτου

202 2271 367 2322 αὖτοῦ
426 2270 601 2334 δόγμα
650 2271 1014 2338 ἐμπήγνυσιν,
1078 2270 1163 2320 ἵνα
1215 2268 1621 2330 συνεθισθέντες
1670 2271 1777 2328 τοῖς

209 2366 438 2432 ῥήμασι,
467 2368 560 2414 καὶ
590 2365 700 2420 τοῖς
747 2363 1090 2432 πραγμασιν,
1139 2361 1300 2412 αὐτὸν
1331 2361 1588 2427 γενναίως
1632 2362 1779 2426 ἐνέγ-

203 2472 363 2507 κωσι.
395 2455 506 2514 Καὶ
535 2455 596 2522 δή
629 2471 756 2521 φησι
779 2471 791 2482 ο
831 2473 846 2504 ι
901 2453 1178 2506 Κλαὺσετε
1219 2455 1314 2522 μὲν
1355 2455 1446 2506 καὶ
1481 2454 1778 2523 θρηνήσετε

204 2547 385 2613 ὑμεῖς,
429 2567 444 2597 t
473 2547 501 2598 ὃ
530 2546 622 2598 τοῦ
649 2545 879 2598 θανάτου
906 2535 1027 2597 ’ἐστὶ
1049 2546 1141 2597 τοῦ
1182 2547 1413 2615 σταυροῦ
1437 2566 1447 2576 ·
1491 2566 1506 2596 ι
1548 2550 1574 2598 ὁ
1603 2547 1656 2598 δὲ
1687 2548 1779 2596 κό-

207 2653 340 2703 σμος
366 2637 662 2705 χαρήσεται
692 2653 704 2666 ο
745 2655 762 2686 t
799 2637 1097 2699 τουτέστιν,
1123 2640 1184 2689 Οἱ
1208 2639 1272 2688 τὰ
1303 2638 1396 2688 τοῦ
1423 2639 1626 2705 κόσμου
1651 2655 1780 2706 φρο-

205 2728 423 2789 νοῦντες
472 2729 713 2780 Ἰουδαῖοι
747 2732 1104 2796 χαρήσονται,
1157 2732 1232 2791 ὡς
1278 2731 1364 2782 τὸν
1393 2731 1580 2799 ἐχθρὸν
1607 2733 1782 2783 αὐτῶν

209 2821 307 2888 ἐμὲ
341 2819 639 2881 ἀνελόντες.
701 2840 718 2870 ‹
769 2821 908 2871 Ἀλλ’
949 2823 979 2888 ἡ
1011 2822 1151 2889 λύπη
1182 2822 1332 2888 ὑμῶν
1373 2825 1451 2884 είς
1475 2825 1646 2890 χαρὰν
1679 2841 1782 2891 γε-

206 2915 465 2979 νήσεται·
505 2933 522 2962 t
557 2911 745 2980 ὥσπερ
770 2908 862 2964 οὖν
885 2915 1030 2982 καὶὴ
1081 2914 1188 2965 τῶν
1231 2912 1496 2965 Ἰουδαίων
1530 2917 1672 2983 χαρὰ
1707 2919 1782 2978 είς

206 3003 387 3072 λύπην
414 3003 597 3064 αὐτοῖς
644 3006 998 3072 καταντήσει,
1034 3005 1161 3055 ὅταν
1196 3006 1331 3071 μετὰ.
1359 3006 1458 3073 τὴν
1489 3005 1785 3057 ἀνάστασιν

204 3097 265 3144 τι
319 3095 452 3162 ἐμόν
501 3093 789 3161 δοξάζηται
849 3095 1039 3162 ὄνομα.
1077 3096 1314 3147 Δύνασαι
1371 3096 1425 3148 δὲ
1461 3101 1552 3146 καὶ
1582 3098 1783 3164 κόσμου

1880 2011 2037 2048 nemo
2069 1997 2216 2048 tollet
2238 2014 2264 2048 a
2292 1997 2459 2048 vobis.
2496 2018 2512 2046 ι
2555 1999 2836 2062 l'ostqnam
2869 1999 2996 2048 vidit
3025 1999 3315 2064 discipulus
3350 2013 3456 2052 non

1882 2086 2178 2153 intelligere
2208 2087 2370 2149 dicta,
2413 2101 2476 2137 eo
2511 2088 2650 2153 quod
2679 2089 2879 2150 gravati
2913 2099 3068 2138 erant
3097 2095 3350 2147 ntmrore,
3379 2088 3457 2138 inc

1881 2180 2054 2229 Culcat
2108 2177 2184 2228 eis
2238 2178 2573 2227 manil'estius
2623 2177 2687 2227 de
2737 2188 2906 2226 morte
2962 2191 3081 2234 διεδ,
3138 2185 3192 2226 ut
3247 2176 3451 2228 assueti

1884 2268 2079 2328 verbis,
2132 2269 2292 2321 etiam
2332 2284 2385 2319 re
2419 2268 2531 2333 ipsa
2567 2283 2681 2318 eam
2725 2266 2937 2317 fortiter
2968 2266 3186 2317 ferrent.
3249 2265 3454 2318 Etenim

1883 2359 2053 2428 inquit
2087 2376 2099 2412 :
2137 2359 2453 2411 tPlorabitis
2481 2371 2532 2411 et
2563 2360 2992 2411 lanietttabitttini
3027 2374 3144 2421 vos,
3186 2377 3202 2408 ι
3238 2368 3457 2425 propter

1883 2465 2105 2507 mortem
2141 2469 2202 2505 ac
2255 2467 2467 2504 crucem
2500 2471 2511 2504 :
2548 2470 2566 2502 (
2612 2452 2838 2502 mundus
2886 2463 3063 2504 autem
3121 2451 3393 2518 gaudebit,
3435 2469 3450 2499 t

1886 2545 1984 2596 hoc
2010 2555 2112 2606 est,
2151 2544 2322 2596 Judaei
2357 2545 2625 2594 mundana
2677 2542 2946 2608 Sapientes
2977 2543 3307 2606 gaudebunt,
3341 2553 3457 2591 tau-

1886 2653 2044 2704 quam
2112 2637 2199 2704 qui
2256 2635 2629 2688 interemerint
2687 2651 2768 2686 me
2826 2635 3104 2687 inimicum
3191 2635 3452 2700 ipsoruut.

1891 2748 1909 2780 ι
1941 2730 2042 2783 Sed
2071 2729 2286 2781 tristitia
2319 2736 2492 2780 vestra
2527 2727 2578 2778 itt
2615 2727 2864 2793 gaudium
2897 2737 3156 2778 vertetur:
3208 2745 3224 2774 ι
3267 2739 3458 2790 quent—

1890 2823 2178 2874 admodum
2226 2819 2422 2873 Iudaeis
2481 2833 2695 2885 quoque
2751 2834 2905 2870 suum
2939 2817 3192 2886 gaudium
3235 2818 3286 2867 in
3323 2831 3458 2869 tuaa—

1891 2930 2070 2969 rorem
2128 2914 2304 2975 cedet,
2358 2914 2570 2980 quando
2609 2923 2725 2978 post
2778 2925 2948 2962 meam
3003 2912 3452 2962 resurreCtionetn

1891 3022 2079 3060 nomen
2117 3023 2292 3059 tuentn
2334 3006 2718 3073 gorilicabitur.
2758 3004 2915 3057 Potes
2953 3016 3130 3056 autem
3165 3012 3218 3056 et
3271 3003 3452 3056 mundi

1891 3100 2162 3165 gaudium,
2202 3113 2304 3151 non
2339 3097 2643 3150 .Iudteorunt
2676 3097 2933 3164 gaudium
2986 3096 3304 3163 intelligere,
3345 3110 3451 3162 quo

208 3185 409 3252 χαρὰν,
436 3183 509 3252 μὴ
533 3183 630 3252 τὴν
653 3185 758 3236 τῶν
777 3184 1044 3235 Ἰουδαίων
1062 3185 1126 3252 ἢν
1149 3185 1442 3254 ἐχάρησαν,
1463 3183 1555 3236 τοῦ
1582 3185 1783 3254 Κυρίου
1813 3217 1854 3276 C
1893 3208 1900 3257 ε

1764 3202 1783 3236 J
1813 3217 1854 3276 C
1893 3189 2059 3257 gavisi
2097 3198 2240 3252 sunt,
2282 3200 2495 3240 mortuo
2529 3189 2772 3249 Domino,
2819 3189 2910 3240 sed
2959 3187 3184 3238 salutent
3234 3187 3412 3238 mundi
3444 3204 3456 3238 :

210 3275 618 3342 ἀναιρεθέντος,
642 3275 775 3326 ἀλλὰ
800 3276 895 3342 τὴν
920 3273 1013 3326 τοῦ
1037 3275 1242 3342 κόσμου
1271 3277 1543 3344 σωτηρίαν
1574 3277 1783 3342 νοῆσαι,

210 3367 352 3418 ὡστε
389 3363 526 3418 εἶναι
555 3367 614 3417 τὸ
649 3367 934 3434 λεγόμενον
968 3367 1240 3418 τοιοῦτονο
1273 3385 1291 3416 ι
1342 3368 1527 3435 Ὑμεῖς
1562 3369 1658 3435 μέν
1694 3371 1787 3419 λυ-

212 3459 548 3527 πηθήσεσθε,
575 3477 592 3508 ι
632 3459 766 3510 ἀλλὰ
803 3458 960 3509 τοῦτο
989 3459 1048 3508 τὸ
1077 3458 1205 3526 ἐμὸν
1238 3458 1427 3519 πάθος,
1455 3459 1539 3528 ἐφ’
1563 3455 1607 3525 ᾧ
1631 3461 1785 3528 ὑμεῖς

210 3552 492 3611 λυπεῖσθε,
553 3551 647 3602 τοῦ
707 3551 912 3618 κόσμου
959 3551 1159 3611 παντὸς
1211 3549 1351 3619 χαρά
1405 3551 1494 3602 καὶ
1545 3551 1783 3619 σωτηρία

213 3645 390 3696 ἔσται.
428 3638 559 3694 Εἶτα
593 3643 686 3693 καὶ
713 3642 1062 3709 παράδειγμα
1097 3643 1272 3691 κοινὸν
1305 3643 1555 3709 ἐπιφέρει
1608 3643 1664 3692 τὸ
1689 3644 1785 3710 τῆς

212 3735 475 3801 γυναικὸς
510 3735 604 3786 καὶ
629 3735 725 3801 τῆς
751 3734 958 3793 ὠδῖνος.
994 3733 1181 3802 Ταύτῃ
1208 3733 1261 3784 δὲ
1288 3736 1352 3801 τῇ
1387 3734 1670 3802 παραϐολῇ
1697 3737 1785 3784 καὶ

214 3830 262 3879 οἱ
313 3828 591 3895 προφῆται
640 3826 956 3894 κέχρηνται,
993 3827 1060 3893 τῇ
1114 3813 1405 3894 δριμύτητι
1449 3826 1556 3876 τῶν
1581 3825 1785 3877 ὠδίνων

215 3921 315 3988 τὴν
341 3919 642 3988 ὑπερόολὴν
663 3919 758 3984 τῆς
789 3917 1025 3983 ἀθυμίας
1050 3917 1506 3984 παραδηλοῦντες.
1537 3917 1788 3968 Τοιοῦτον

216 4017 272 4068 δέ
305 4033 354 4066 τι
388 4015 570 4079 λέγει·
615 4013 811 4074 Ὠδῖνες
843 4012 1099 4082 λήψονται
1136 4013 1278 4078 ὑμᾶς
1314 4011 1577 4078 ἀθυμίας,
1607 4012 1721 4063 ἀλλ’
1757 4015 1787 4079 ἡ

219 4108 368 4171 ὡδιν,
394 4107 488 4158 τοῦ
522 4107 680 4157 τόκου
714 4106 859 4157 αἰτία
886 4107 1115 4171 γίνεται·
1149 4104 1264 4172 ἅμα
1300 4105 1355 4156 δὲ
1397 4105 1490 4156 καὶ
1530 4107 1620 4156 τὸν
1657 4106 1788 4174 περὶ

219 4201 570 4258 ἀναστάσεως
602 4197 957 4264 πιστούμενος
993 4197 1168 4261 λόγον,
1197 4197 1289 4247 καὶ
1312 4197 1590 4258 δεικνύων,
1623 4198 1703 4248 ὀτι
1733 4196 1792 4246 τὸ

219 4290 512 4342 ἀποθανεῖν
548 4290 730 4354 ὅμοιόν
759 4289 870 4338 ἐστι
905 4288 979 4354 τῷ
1012 4287 1119 4339 ἀπὸ
1149 4288 1360 4355 μήτρας
1388 4290 1464 4348 εἰς
1493 4289 1606 4353 φῶς
1645 4287 1789 4350 ἐξελ-

221 4382 358 4431 θεῖν.
403 4381 492 4446 Μὴ
538 4379 645 4446 γὰρ
695 4378 1035 4446 θαυμάσητε,
1083 4380 1163 4429 ὅτι
1207 4378 1292 4428 δια
1323 4378 1498 4446 λύπης
1528 4379 1792 4445 τοσαύτης

227 4473 446 4538 μέλλετε
483 4472 692 4538 βαδίσαι
741 4473 831 4522 ἐπὶ
866 4472 1037 4538 χαράν
1061 4485 1074 4499 °
1106 4471 1224 4521 ἐπεὶ
1281 4477 1374 4522 καὶ
1413 4471 1443 4537 ὴ
1499 4476 1678 4537 μήτηρ
1708 4470 1794 4520 διὰ

1892 3290 1946 3332 ut
1980 3281 2049 3333 sit
2079 3295 2269 3334 sensus
2307 3281 2570 3333 dictorum
2609 3298 2621 3330 :
2669 3299 2686 3329 ‹
2729 3279 2832 3332 Vos
2863 3281 3078 3346 quidem
3112 3291 3342 3330 maerore
3384 3278 3460 3330 af-

1893 3372 2165 3432 ticiemini,
2207 3390 2225 3421 ι
2261 3372 2352 3424 sed
2397 3373 2509 3423 haet‘
2539 3387 2651 3424 mea
2692 3370 2877 3423 Passio
2924 3381 3138 3436 pr0pter
3169 3385 3329 3437 quam
3369 3384 3461 3422 vos

1889 3464 2019 3516 estis
2063 3465 2266 3525 tristes,
2323 3463 2505 3514 mundi
2546 3463 2707 3514 totius
2753 3463 3006 3528 gaudium
3071 3470 3125 3515 et
3159 3463 3303 3514 salus
3335 3461 3454 3513 erit.

1891 3554 2114 3621 Insuper
2159 3565 2211 3606 et
2270 3554 2568 3619 exemplum
2617 3568 2902 3605 commune
2951 3552 3099 3605 addit
3135 3553 3373 3604 mulieris
3410 3561 3462 3604 et

1891 3658 2163 3715 partuum.
2214 3646 2324 3699 Hac
2366 3659 2544 3698 autem
2590 3646 2843 3713 parabola
2881 3655 2933 3697 et
2985 3645 3260 3711 propheta:
3294 3643 3454 3711 723

1892 3741 1970 3792 usi
2050 3739 2266 3792 fuerunt
2325 3740 2508 3792 dolore
2579 3749 2761 3804 partus
2823 3737 3025 3804 ingenti
3083 3737 3456 3790 excellentiam

1890 3845 2090 3883 mmror
2116 3849 2138 3883 s
2163 3832 2548 3898 signiﬁcantes.
2585 3829 2714 3882 Tale
2770 3841 2949 3881 autem
2985 3829 3235 3897 quiddam
3283 3828 3414 3880 dicit
3445 3843 3456 3878 :

1891 3923 2307 3990 Apprelteudent
2339 3923 2552 3988 quidem
2619 3937 2715 3974 vos
2767 3922 2984 3974 dolores
3047 3921 3460 3983 maestitudinis,

1894 4013 1983 4066 sed
2027 4015 2180 4064 dolor
2223 4013 2312 4065 ille
2360 4028 2519 4065 causa
2563 4013 2799 4066 ellicitur
2837 4022 3044 4078 partus.
3080 4013 3290 4064 Interea
3327 4026 3461 4064 con-

1892 4095 2072 4155 Iirntat
2104 4113 2157 4156 et
2191 4119 2491 4156 sermonem
2532 4105 2598 4156 de
2633 4105 3083 4164 resurrrectione,
3139 4114 3192 4156 et
3224 4104 3462 4154 ostendit

1896 4196 2030 4248 mori
2064 4195 2238 4248 simile
2270 4211 2390 4248 esse
2420 4196 2466 4246 ei
2500 4195 2590 4263 qui
2618 4210 2645 4246 a
2679 4197 2831 4247 vulva
2869 4197 2920 4247 in
2954 4196 3122 4247 lucem
3157 4197 3354 4260 prodit.
3388 4193 3464 4246 Ne

1894 4289 2035 4340 enim
2087 4289 2426 4339 admiremini
2474 4290 2614 4354 quod
2659 4303 2752 4356 per
2800 4299 3002 4339 tantam
3056 4287 3333 4338 tristitiam
3381 4287 3461 4338 itt-

1898 4380 2133 4446 gressuri
2185 4379 2304 4430 sitis
2356 4379 2407 4430 itt
2441 4381 2717 4444 gaudium,
2753 4394 2855 4446 qua
2893 4390 2944 4430 et
2981 4386 3153 4429 mater
3189 4394 3282 4444 per
3323 4391 3461 4429 mtr-

1900 4483 2073 4521 rorent
2107 4469 2158 4520 iit
2193 4479 2348 4536 partu
2378 4471 2442 4522 ad
2474 4471 2573 4522 hoc
2610 4471 2774 4531 venit,
2807 4479 2862 4521 tit
2889 4470 2960 4522 sit
2991 4479 3180 4522 mater.
3218 4471 3463 4521 Insinua-

223 4563 322 4628 τῆς
354 4565 410 4611 ἐν
438 4565 499 4628 τῇ
536 4561 686 4611 ὠδῖνι
717 4560 910 4626 λύπης,
946 4561 1036 4609 ἐπὶ
1064 4561 1121 4610 τὸ
1152 4559 1401 4625 γενέσθαι
1434 4562 1613 4628 μήτηρ
1643 4561 1794 4627 ἑρκε-
1829 4566 1871 4620 Ι)
1903 4569 1915 4610 ι

1780 4589 1794 4597 -
1829 4566 1871 4620 D
1903 4569 1986 4612 tur
2035 4570 2214 4611 autem
2266 4561 2368 4612 hoc
2403 4561 2519 4612 loco
2567 4570 2621 4614 et
2672 4561 2955 4628 mysticum
3005 4561 3285 4627 quiddam,
3321 4563 3461 4628 quod

223 4672 332 4703 ται.
362 4653 663 4703 Αἰνίττεται
698 4651 756 4702 δέ
789 4669 839 4701 τι
871 4650 1102 4702 ἐνταῦθα
1135 4653 1229 4702 καὶ
1265 4653 1543 4718 μυστικὸν,
1577 4653 1654 4702 ὅτι
1680 4652 1797 4701 ἐλυ-

228 4761 318 4795 σεν
345 4744 504 4803 αὐτὸς
535 4742 630 4802 τὰς
653 4741 841 4802 ὠδῖνας
870 4745 962 4793 τοῦ
989 4740 1238 4802 θανάτου,
1264 4743 1352 4794 καὶ
1375 4743 1495 4793 νέον
1518 4742 1798 4811 ἄνθρωπον

225 4837 664 4900 ἀπογενντιθῆναι
699 4833 972 4900 ἐποίησεν,
1031 4834 1128 4883 οὐκ
1168 4833 1245 4883 ἔτι
1296 4833 1672 4900 φθειρόμενον,
1701 4834 1798 4883 οὐκ

228 4931 306 4979 ἐτι
345 4927 758 4993 ἀποθνήσκοντα
786 4939 800 4953 ⁸
837 4926 893 4984 ὃς
939 4927 1086 4976 ἐστιν
1132 4925 1290 4985 αὐτὸς
1343 4927 1369 4975 6
1401 4925 1622 4990 Κύριος.
1658 4926 1799 4992 Ὅρα

227 5023 355 5087 γαρ,
381 5019 496 5078 πῶς
527 5019 624 5068 οὐκ
661 5013 836 5077 εἶπεν,
861 5017 941 5066 ὅτι
973 5016 1084 5066 Οὐκ
1111 5015 1189 5065 ἔτι
1219 5015 1544 5082 μνημονεύει
1571 5017 1664 5080 τῆς
1693 5016 1799 5065 (iii-

227 5115 392 5178 Q;to;,
429 5113 509 5160 ὅτι
537 5107 797 5175 ἐγεννήθη
835 5109 969 5175 αὐτῇ
1002 5107 1232 5171 παιδίον,
1271 5107 1401 5167 ἀλλ’,
1444 5126 1460 5156 ι
1502 5107 1622 5158 ’Ότι
1648 5110 1801 5174 ἐγεν-

231 5205 368 5272 νήθη
397 5203 680 5270 ἄνθρωπος
710 5203 788 5262 εἰς
824 5201 913 5251 τὸν
948 5201 1169 5266 κόσμον.
1213 5218 1229 5248 t
1269 5198 1437 5250 Τοῦτο
1466 5201 1572 5265 γὰρ
1603 5202 1662 5251 οὑ
1700 5203 1800 5268 μά-

229 5312 328 5359 την
362 5292 533 5353 οὕτως
575 5287 746 5353 εἶπεν,
806 5290 941 5341 ἀλλὰ
982 5289 1149 5341 θέλων
1185 5290 1534 5357 ἐμφαντικῶς
1586 5293 1681 5342 καὶ
1711 5308 1799 5341 κε-

231 5387 560 5456 κρυμμένως
582 5383 985 5445 ὑπαινίξασθαι,
1009 5383 1087 5434 ὅτι
1111 5383 1267 5443 αὑτός
1303 5385 1445 5432 ἐστιν
1473 5384 1498 5432 6
1522 5384 1798 5450 γεννηθεὶς

230 5480 540 5545 ἄνθρωπος,
581 5477 641 5528 οὐ
671 5476 748 5544 τῷ
800 5475 1048 5528 ὡδίναντι
1090 5474 1251 5527 αὐτὸν
1283 5473 1400 5545 ᾄδῃ,
1436 5474 1571 5525 ἀλλά
1604 5473 1679 5542 τῷ
1714 5476 1800 5524 x5-

230 5589 374 5637 σμῳ.
417 5569 577 5635 Ἡμῖν
611 5569 716 5636 γὰρ
745 5567 1007 5634 ἐγεννήθη
1035 5566 1093 5628 ἐξ
1124 5567 1468 5625 ἀναστάσεως
1494 5569 1520 5616 6
1558 5567 1672 5626 νέος
1703 5567 1797 5619 ἆν-

230 5661 450 5726 θρωπος
485 5656 578 5707 καὶ
605 5657 896 5724 ἄφθαρτος,
923 5655 1125 5722 Ἰησοῦς
1158 5655 1385 5723 Χριστὸς
1414 5659 1439 5706 ὁ
1469 5656 1596 5716 Θεὸς
1621 5657 1795 5722 ἡμῶν.

230 5754 301 5804 Τὸ
330 5751 505 5802 τοίνυν
545 5748 885 5818 παράδειγμα
941 5749 1037 5814 τῆς
1094 5750 1379 5814 τικτούσης
1436 5751 1688 5812 γυναικὸς
1727 5748 1797 5816 μὴ

229 5844 292 5896 δι’
324 5845 446 5894 ὅλου
484 5842 634 5910 ζήτει
690 5841 1064 5909 προσαρμόσαι
1130 5843 1238 5903 τοῖς
1271 5842 1394 5907 περὶ
1447 5842 1533 5892 τὸν
1567 5842 1797 5911 Χριστζν

1904 4655 2014 4721 ipse
2061 4655 2280 4707 solverit
2319 4655 2536 4707 dolores
2596 4655 2806 4714 mortis,
2843 4664 2894 4704 et
2955 4669 3150 4704 novum
3195 4656 3464 4706 hominem

1903 4745 2046 4798 nasci
2094 4746 2302 4808 fecerit,
2354 4746 2575 4813 posdtae
2614 4762 2716 4797 non
2760 4749 3254 4812 corrumpendum,
3295 4762 3466 4812 neque

1904 4838 2200 4900 mortalem,
2236 4840 2322 4904 qui
2375 4849 2456 4889 est
2503 4838 2616 4904 ipse
2653 4838 2932 4892 Dominus.
2975 4838 3101 4890 Vide
3142 4841 3283 4890 enim
3327 4852 3464 4905 quo-

1904 4931 2060 4979 modo
2119 4945 2223 4980 nou
2276 4930 2471 4981 dixerit
2521 4931 2662 4995 quod
2721 4930 2941 4996 posthac
3001 4945 3103 4980 non
3155 4933 3467 4981 recordetur

1902 5021 2187 5073 anxietatis
2211 5022 2334 5088 quia
2368 5032 2524 5074 natus
2548 5033 2627 5072 est
2647 5022 2691 5072 ei
2717 5021 2921 5086 puellus
2945 5021 3088 5082 :Vsed,
3114 5039 3130 5068 ι
3159 5021 3290 5084 Quia
3313 5031 3469 5071 natus

1901 5122 1983 5164 est
2033 5113 2190 5165 homo
2233 5113 2282 5164 itt
2321 5113 2592 5164 tnundunt.
2630 5130 2646 5160 ι
2679 5111 2788 5164 Hoc
2812 5114 2956 5164 enim
2992 5127 3093 5164 non
3140 5111 3342 5162 frustra
3395 5111 3465 5162 ita

1902 5201 2055 5263 dixit,
2105 5203 2199 5254 sed
2231 5202 2414 5254 volens
2455 5216 2573 5252 cum
2611 5203 2855 5267 emphasi
2896 5211 2948 5252 et
2980 5201 3141 5253 tacite
3193 5200 3468 5251 insinuare

1903 5295 2044 5359 quod
2103 5293 2216 5358 ipse
2255 5292 2324 5344 sit
2381 5292 2468 5342 ille
2527 5301 2683 5344 natus
2743 5293 2922 5350 homo,
2982 5307 3086 5343 non
3143 5288 3466 5358 parturienti

1907 5385 2074 5450 ipsum
2113 5383 2344 5447 inferno,
2399 5385 2491 5435 sed
2547 5384 2783 5434 mundo:
2824 5384 2976 5436 nobis
3011 5384 3151 5435 enim
3190 5396 3255 5433 ex
3287 5395 3466 5432 resur-

1905 5477 2139 5528 rectione
2171 5487 2327 5527 natus
2378 5484 2460 5527 est
2491 5490 2659 5526 novus
2700 5474 2884 5538 homo,
2936 5485 2989 5526 et
3043 5472 3469 5538 ittcorrnptihilis

1900 5564 2062 5618 Jesus
2095 5565 2353 5618 Dominus
2403 5577 2604 5619 noster.
2643 5565 2813 5633 Igitur
2877 5565 3180 5632 exemplum
3230 5563 3470 5615 mulieris

1873 5711 1875 5713 ,
1909 5659 2168 5724 parientis
2203 5674 2305 5712 non
2348 5674 2441 5726 per
2487 5660 2666 5711 omnia
2705 5673 2915 5727 quartas
2948 5661 3202 5726 adaptare
3235 5660 3316 5711 liis
3349 5672 3469 5724 qua:

1903 5752 2045 5803 circa
2075 5749 2254 5803 Iesum
2300 5751 2588 5803 acciderint
2625 5767 2638 5813 ;
2695 5750 2784 5802 Sed
2824 5759 3028 5802 tantum
3067 5759 3123 5800 ut
3154 5751 3470 5801 ostendatur

1907 5843 2044 5912 quod
2081 5843 2383 5910 temporalis
2416 5843 2485 5896 sit
2515 5843 2685 5906 dolor,
2741 5854 2790 5897 et
2838 5859 3082 5912 magnum
3118 5842 3325 5896 lucrum
3363 5842 3462 5893 do-
