4284 6450
267 361 374 423 233

948 351 1392 412 ENARHATIO
1427 350 1502 408 ΙΝ
1547 344 2046 408 EVANGELIUM
2080 344 2420 405 JOANNIS.
2480 369 2546 380 -
2574 343 2735 405 CAP.
2778 345 2959 407 XVII.

3413 349 3520 411 234

269 469 530 536 θήσηται,
563 465 651 517 τόν
683 461 904 529 Πατέρα
938 459 1250 529 παρακαλεῖ
1281 458 1373 509 ἐπὶ
1394 455 1492 525 τὴν
1522 455 1700 507 αὐτῶν
1748 470 1847 521 φυ-
1875 457 1921 512 Α
1949 453 1961 506 1

1831 483 1847 494 -
1875 457 1921 512 Λ
1949 453 2088 506 bona
2114 468 2206 521 spe
2239 454 2573 509 animantur.
2599 474 2617 507 ‹
2648 457 2756 527 Ego
2786 460 3066 514 servabam
3091 475 3186 515 eos
3224 463 3275 514 iu
3308 465 3523 516 nomine

264 559 463 627 λακήν.
510 558 571 610 ΕΞ
610 556 717 622 γὰρ
766 551 939 617 εἶπεν,
985 553 1067 604 ὃτι
1128 550 1270 617 Ἐγὼ
1301 550 1524 619 τηρήσω
1558 548 1720 613 ὑμᾶς,
1757 548 1857 598 οὐκ

267 649 336 699 ἂν
365 646 540 708 οὕτως
575 646 944 696 ἐπίστευσαν’
985 641 1079 694 νῦν
1134 640 1189 692 δὲ
1241 640 1305 692 ἐκ
1354 638 1444 690 τοῦ
1495 639 1585 689 τὸν
1635 637 1854 705 Πατέρα

267 738 400 807 περὶ
446 738 625 789 αὐτῶν
670 735 879 798 ἀξιοῦν,
913 734 994 796 είς
1039 731 1260 793 ἐλπίδας
1313 730 1511 792 αὐτοὺς
1547 729 1670 795 ἄγει
1724 745 1857 796 χρη-

269 832 424 892 στάς.
459 831 530 881 Τὸ
557 830 634 891 δὲ,
679 848 697 878 ‹
747 827 887 894 Ἐγὼ
930 827 1160 895 ἐτήρουν
1202 824 1401 885 αὐτοὺς
1430 825 1488 875 ἐν
1526 823 1602 891 τῷ
1632 821 1854 889 ὀνόματί

269 939 389 986 σου,
429 941 446 972 ι
486 923 671 990 φησὶν,
704 921 800 988 οὐχ
829 921 902 980 ὡς
934 917 1096 979 αὐτὸς
1127 915 1201 985 μὴ
1245 914 1541 982 δυνάμενος
1574 914 1769 976 ἄλλως,
1806 916 1852 964 εἰ

271 1014 348 1083 μὴ
395 1014 481 1066 διὰ
534 1015 594 1065 τὸ
647 1012 817 1080 ὄνομα
869 1010 964 1062 τοῦ
1017 1008 1252 1076 Πατρὸς,
1313 1006 1430 1059 ἀλλ’
1469 1007 1544 1067 ὡς
1595 1006 1853 1066 πολλάκις

267 1107 517 1173 εἴπομεν,
553 1105 639 1157 διὰ
671 1105 733 1155 τὸ
768 1102 1015 1162 ἀσθενεῖς
1040 1096 1180 1151 εἶναι
1225 1098 1352 1160 τοὺς
1397 1097 1716 1160 ἀκούοντας,
1762 1095 1856 1146 καὶ

271 1197 444 1265 μη-πω
511 1196 678 1266 μηδὲν
741 1193 883 1262 μέγα
930 1192 1057 1259 περὶ
1103 1191 1269 1243 αὑτοῦ
1324 1189 1710 1257 φαντάζεσθαι,
1770 1189 1856 1241 διά

268 1285 434 1336 τοῦτό
464 1300 651 1355 φησιν,
684 1283 764 1334 ὅτι
802 1283 890 1334 Ἐν
921 1283 984 1350 τῇ
1021 1281 1083 1348 σῇ
1115 1277 1339 1348 βοηθείᾳ
1381 1278 1607 1344 ἐτήρουν
1637 1274 1856 1337 αὐτούς.

1963 556 2074 609 ιιιο,
2114 565 2130 596 ι
2161 545 2288 599 dicit
2338 563 2351 599 :
2386 562 2491 600 non
2527 551 2664 614 quml
2716 553 2829 618 ipse
2875 568 2976 604 non
3032 556 3204 607 valeat
3239 554 3395 608 aliter
3429 557 3527 610 nisi

1963 653 2058 706 per
2110 652 2300 691 nomen
2351 637 2548 700 Patris,
2596 642 2710 704 sed,
2763 653 2819 696 ut
2864 658 3004 711 sa-pe
3051 647 3181 708 dixi,
3235 646 3534 700 inﬁrmitati

1962 731 2199 782 consulit
2239 732 2570 795 auditorum,
2622 743 2674 786 et
2710 738 2943 787 nondum
2999 753 3244 804 maguum
3277 741 3529 807 quiddam

1962 821 2027 873 de
2055 835 2112 875 se
2149 823 2494 875 sentientium
2526 841 2539 889 ;
2578 835 2796 892 prOpter
2838 828 2937 880 hoc
2965 830 3094 881 dicit
3122 848 3131 882 :
3168 832 3222 882 In
3255 839 3343 882 tuo
3375 833 3531 898 adju-

1963 914 2101 966 IOI'iO
2134 917 2413 967 servabam
2445 931 2558 968 eos.
2607 916 2828 984 Insuper
2860 932 2912 971 et
2946 921 3078 975 bene
3121 937 3342 990 sperare
3385 925 3531 978 facit.

1963 1006 2429 1067 Quemzuhnodunt
2456 1022 2575 1058 cum
2613 1023 2784 1061 essent
2827 1013 3101 1063 vobiscum
3133 1029 3390 1077 prmseus,
3417 1030 3534 1067 ser-

1964 1095 2234 1148 vabamiui
2272 1097 2322 1149 in
2367 1098 2590 1150 nomine
2629 1109 2677 1150 cl
2710 1102 2977 1165 adjutorio
3019 1102 3213 1168 Patris,
3275 1107 3346 1157 ita
3394 1121 3537 1160 nunc

1965 1203 2182 1256 quoque
2223 1191 2428 1243 credite
2482 1206 2575 1244 vos
2617 1193 2684 1244 ab
2717 1208 2780 1244 eo
2829 1197 3147 1248 servandos.
3203 1196 3349 1250 Solet
3391 1201 3534 1251 enim

1969 1280 2134 1331 vestri
2178 1294 2361 1332 curam
2402 1282 2621 1336 habere.

269 1383 442 1449 Ἀμα
490 1381 548 1430 δὲ
618 1378 714 1430 καὶ
764 1377 1051 1437 εὐέλπιδας
1105 1375 1300 1434 αὐτοὺς
1377 1373 1539 1432 ποιεῖ,
1595 1371 1676 1421 ὅτι
1730 1369 1938 1439 Ὥσπερ
1978 1375 2070 1423 καὶ
2109 1373 2242 1442 ἐμοῦ
2290 1376 2539 1438 συνόντος
2590 1378 2737 1446 ὑμῖν,
2788 1379 3066 1447 ἐτηρεῖσθε
3106 1381 3162 1431 ἐν
3194 1379 3270 1448 τῷ
3317 1381 3542 1451 ὀνόματι

271 1475 368 1526 τοῦ
396 1470 613 1541 Πατρός
649 1487 751 1539 μου
785 1469 880 1521 καὶ
911 1471 976 1538 τῇ
1014 1466 1268 1537 βοηθείᾳ·
1304 1463 1444 1516 οὕτω
1476 1463 1570 1516 καὶ
1631 1460 1791 1514 πάλιν
1849 1465 2134 1517 πιστεύετε
2170 1467 2272 1519 ὑπὸ
2303 1467 2398 1520 τοῦ
2427 1467 2593 1521 αὑτοῦ
2647 1470 3055 1538 τηρηθησεσθαι
3084 1488 3096 1501 ·
3167 1473 3392 1540 σύνηθες
3435 1475 3544 1544 γὰρ

273 1566 428 1636 αὑτῷ
459 1566 523 1617 τὸ
553 1563 844 1632 φυλάττειν
863 1563 1026 1632 ὑμᾶς.

354 1678 371 1709 ι
415 1655 524 1718 Οὓς
567 1654 805 1714 δέδωκάς
842 1670 954 1722 μοι,
990 1649 1253 1719 ἐφύλαξα,
1283 1649 1377 1701 καὶ
1400 1647 1572 1710 οὐδεὶς
1605 1646 1662 1710 ἐξ
1685 1645 1863 1699 αὐτῶν

274 1749 554 1810 ἀπώλετο,
583 1749 632 1799 εί
663 1747 738 1816 μὴ
771 1749 799 1798 ὁ
849 1744 966 1807 υίὸς
1000 1745 1098 1813 τῆς
1132 1742 1429 1804 ἀπωλείας,
1473 1741 1559 1792 ἵνα
1671 1738 1860 1809 Γραφὴ

2047 1647 2209 1700 Vens.
2260 1646 2342 1710 l2,
2400 1649 2485 1702 15.
2535 1669 2552 1700 ι
2593 1648 2738 1714 Quos
2783 1650 2977 1703 dedisti
3035 1652 3162 1704 mihi
3207 1668 3305 1720 ego
3364 1666 3546 1707 custo-

1971 1738 2102 1803 diti,
2170 1749 2224 1792 et
2267 1755 2424 1794 nemo
2470 1757 2534 1794 ex
2585 1743 2662 1796 eis
2712 1743 2890 1810 periit,
2948 1742 3048 1796 nisi
3103 1743 3240 1796 ﬁlius
3289 1745 3374 1798 ille
3424 1761 3545 1813 per-

278 1840 568 1912 πληρωθῇ.
603 1835 720 1889 Νῦν
745 1837 801 1888 δὲ
830 1836 965 1906 πρὸς
1002 1837 1059 1886 σὲ
1095 1837 1347 1905 ἔρχομαι,
1384 1834 1477 1884 καὶ
1511 1832 1682 1884 ταῦτα
1717 1830 1862 1882 λαλῶ
1897 1834 1935 1887 Β
1967 1855 1970 1877 ι

1853 1849 1862 1879 ι
1897 1834 1935 1887 Β
1967 1830 2132 1894 ditus,
2163 1842 2219 1884 ut
2253 1833 2531 1901 Scriptura
2565 1835 2952 1902 compleretur.
2987 1831 3145 1889 Nunc
3175 1843 3356 1888 autem
3392 1838 3458 1890 ad
3494 1848 3545 1891 te

281 1937 341 1986 ἐν
381 1933 458 2002 τῷ
509 1933 717 2000 κόσμῳ,
753 1930 840 1982 ἵνα
883 1927 1046 1998 ἔχωσι
1088 1929 1185 1997 τὴν
1231 1926 1403 1996 χαρὰν
1439 1927 1538 1993 τὴν
1587 1925 1724 1992 ἐμὴν
1765 1940 1866 1974 πε-

282 2023 655 2095 πληρωμένην
688 2024 744 2074 ἐν
783 2023 1017 2083 ἑαυτοῖς.
1059 2038 1076 2070 ι
1120 2018 1348 2089 Πολλὴὴ
1385 2016 1714 2078 ταπείνωσις
1759 2014 1868 2068 τῶν

276 2119 571 2189 ῥημάτων,
625 2114 678 2166 εἴ
736 2131 820 2176 τις
879 2114 1020 2166 αὐτὰ
1094 2112 1258 2177 ἀξίως
1343 2110 1637 2179 ἐκδέχοιτο.
1728 2108 1868 2178 Ὅρα

285 2215 393 2283 γὰρ
463 2209 702 2263 ἐνταῦθα
752 2207 804 2259 τί
873 2205 1167 2273 φαίνεται,
1225 2223 1241 2254 ι
1289 2202 1394 2266 Οὓς
1460 2201 1697 2265 δέδωκάς
1757 2218 1867 2269 μοι,

287 2305 555 2373 ἐφύλαξα.
599 2321 620 2353 ³
666 2301 821 2353 Δοκεῖ
849 2300 956 2368 γὰρ
1003 2295 1405 2366 παραγγέλλειν
1548 2295 1743 2362 Πατρὶ,
1784 2293 1868 2344 ἵνα

291 2397 541 2466 φυλάσσῃ
572 2393 664 2445 καὶ
693 2392 719 2443 ὁ
753 2391 942 2458 Πατὴρ
976 2389 1169 2450 αὐτούς
1198 2405 1210 2416 ο
1248 2386 1435 2453 ὥσπερ
1470 2386 1534 2438 ἂν
1564 2386 1722 2445 εἴτις
1767 2400 1872 2435 πα-

294 2486 542 2557 ραδιδούς
577 2501 683 2536 τινι
717 2483 980 2552 χρήματα
1005 2479 1141 2550 πρὸς
1171 2479 1440 2546 φυλακὴν,
1480 2479 1644 2528 εἴποι·
1677 2476 1871 2536 Βλέπε,

287 2577 404 2647 ἐγὼ
461 2576 614 2629 οὐδὲν
690 2574 970 2635 ἀπώλεσα,
1033 2571 1168 2641 μηδέ
1228 2571 1294 2624 σὺ
1353 2570 1641 2638 ἀπολέσῃς.
1712 2565 1873 2619 Ἀλλὰ

294 2668 472 2721 ταῦτα
506 2667 687 2720 πάντα
728 2663 879 2730 λέγει
914 2663 1002 2716 διὰ
1039 2662 1136 2731 τὴν
1185 2660 1295 2713 τῶν
1337 2660 1592 2729 μαθητῶν
1629 2673 1874 2727 παρηγο-

288 2761 441 2830 ρίαν.
477 2777 496 2808 ι
534 2758 719 2812 Ταῦτα
750 2756 882 2827 γὰρ,
928 2755 1083 2823 φησι,
1117 2753 1263 2806 λαλῶ
1302 2755 1359 2805 ἐν
1394 2753 1470 2820 τῷ
1503 2754 1565 2804 κό
1582 2769 1695 2819 τμῳ
1731 2769 1748 2800 ι
1787 2750 1874 2801 διὰ

293 2856 390 2925 τὴν
423 2853 534 2904 τῶν
573 2851 829 2921 μαθητῶν
877 2848 1208 2912 ἀνάπαυσιν,
1249 2847 1340 2898 καὶ
1370 2844 1738 2914 παρηγορίαν,
1782 2843 1877 2894 καλ⁵

289 2946 492 3017 χαρὰν,
533 2945 620 2996 ἵνα
671 2939 1075 3001 ἀναπνεύσωσι,
1104 2939 1199 2989 καὶ
1236 2937 1762 3006 ἀφροντιστῄτιυσιν,
1804 2933 1877 2993 ὡς

298 3034 831 3108 παραλαμϐάνοντός
872 3049 964 3085 σου
995 3030 1216 3091 τούτους
1245 3032 1436 3093 σώους,
1463 3028 1559 3079 καὶ
1594 3025 1878 3095 μέλλοντος

299 3131 600 3199 φυλάττειν
639 3129 863 3190 αὐτοὺς,
908 3124 1099 3193 ὥσπερ
1153 3121 1306 3190 κάγὼ
1360 3120 1599 3190 ἐφύλαξα
1658 3117 1874 3180 αὐτοὺς,

298 3223 395 3274 καὶ
445 3221 636 3274 οὐδένα
685 3217 967 3272 ἀπώλεσα.
1022 3215 1144 3277 Πῶς
1205 3214 1316 3280 οὖν,
1366 3209 1409 3264 ὦ
1455 3213 1645 3281 Κύριε,
1690 3210 1878 3261 οὐδένα

297 3313 626 3376 ἀπώλεσας;
669 3313 697 3364 ὃ
727 3328 788 3362 τε
843 3311 952 3378 γὰρ
998 3308 1199 3370 Ἰούδας
1242 3306 1510 3370 ἀπώλετο,
1557 3303 1652 3356 καὶ
1697 3301 1882 3353 πολλοὶ

298 3407 452 3460 ἇῦλοι
485 3405 694 3472 ὑπῆγον
721 3405 801 3465 εις
843 3402 912 3453 τὰ
940 3400 1136 3452 ὀπίσω.
1170 3399 1243 3451 Τὸ
1295 3397 1426 3466 ἐμὸν
1463 3394 1648 3465 μέρος,
1695 3394 1877 3462 φησὶν,

299 3499 496 3551 οὐδένα
533 3494 828 3550 ἀπώλεσα’
871 3493 995 3546 ὅσον
1035 3491 1144 3560 γὰρ
1174 3489 1234 3541 τὸ
1262 3490 1346 3540 ἐπ’
1398 3488 1540 3556 ἐμοὶ,
1587 3484 1738 3536 οὐδὲν
1765 3483 1882 3535 ἐνέ-

299 3591 484 3656 λειῲα,
521 3588 637 3642 ἀλλ’
682 3587 929 3656 ἐτήρησα
971 3584 1191 3646 αὐτοὺς,
1223 3581 1490 3643 τουτέστι,
1538 3574 1884 3643 παντοιοτρό-

303 3702 422 3746 πως
454 3681 762 3735 ἐσπούδασα
793 3679 929 3748 πρὸς
973 3675 1069 3744 τὴν
1100 3673 1278 3726 αὐτῶν
1308 3673 1586 3740 φυλακην·
1625 3670 1671 3719 εἰ
1704 3667 1758 3718 δὲ
1789 3666 1881 3733 ἀφ’

301 3774 515 3831 ἑαυτῶν
550 3770 927 3841 ἀποπηδῶσιν,
975 3767 1126 3820 οὐδὲν
1170 3765 1329 3816 τοῦτο
1368 3765 1502 3833 πρὸς
1536 3762 1656 3830 ἐμέ.
1708 3762 1781 3813 Τὸ
1804 3759 1880 3820 δὲ,

312 3885 331 3917 ι
373 3866 487 3918 ἰνα
509 3865 544 3933 ἡ
578 3862 770 3932 Γραφὴ
795 3858 1082 3928 πληρωθῇ,
1132 3877 1146 3905 ι
1184 3857 1453 3915 τουτέστι,
1510 3854 1661 3905 πᾶσα
1692 3854 1725 3922 ἡ
1758 3856 1886 3922 περὶ

307 3955 401 4007 τοῦ
427 3953 546 4006 υἱοῦ
581 3954 679 4021 τῆς
710 3949 988 4010 ἀπωλείας
1031 3947 1394 4016 προλέγουσα.
1433 3946 1542 3998 Καὶ
1569 3942 1678 4011 γὰρ
1707 3945 1801 3995 καὶ
1831 3945 1885 3992 ἐν

303 4047 558 4115 Ψαλμοῖς
595 4043 875 4112 διαφόροις
920 4041 1048 4110 περὶ
1085 4037 1249 4090 αὑτοῦ
1279 4039 1516 4106 εἴρηται,
1553 4035 1646 4086 καὶ
1675 4037 1730 4086 ἐν
1767 4037 1885 4096 ταῖς

309 4140 497 4199 ἄλλαις
522 4136 629 4189 τῶν
663 4133 957 4204 προφητῶν
995 4131 1217 4200 βίϐλοις.
1255 4132 1388 4198 Περὶ
1415 4129 1469 4180 δὲ
1492 4128 1604 4192 τοῦ,
1641 4145 1658 4177 ι
1690 4128 1827 4190 Ἵνα,
1861 4145 1878 4176 ι

311 4231 572 4290 πολλάκις
613 4227 862 4294 εἴπομεν,
921 4226 1002 4276 ὃτι
1037 4225 1105 4275 τὰ
1149 4225 1247 4290 τῆς
1304 4222 1580 4283 ἐκϐάσεως
1623 4220 1810 4276 εἴωθεν
1855 4221 1886 4286 ἡ

310 4322 508 4392 Γραεξὴ
550 4316 932 4382 αἱτιολογικῶς
966 4317 1250 4382 ἐκφωνείν.

390 4431 410 4463 ‹
458 4410 598 4477 Ἐγὼ
632 4409 840 4461 δέδωκα
880 4409 1061 4468 αὐτοῖς
1105 4406 1196 4458 τὸν
1238 4406 1394 4472 λόγον
1433 4423 1558 4458 σου·
1602 4405 1695 4458 καὶ
1729 4408 1755 4457 ό
1795 4407 1885 4456 κό-

1972 1926 2151 1989 venio,
2178 1934 2232 1977 et
2260 1925 2372 1978 bzec
2402 1926 2594 1994 loquor
2620 1927 2669 1978 in
2697 1928 2918 1991 mundo,
2940 1937 2998 1981 ιιι
3023 1929 3257 1983 habeant
3283 1930 3543 1996 gaudium

1973 2033 2151 2071 meum
2177 2017 2452 2086 impletum
2491 2021 2542 2072 in
2586 2021 2911 2089 semetipsis.
2968 2040 2985 2072 ι
3035 2020 3201 2074 Multa
3253 2023 3542 2075 verborum

1974 2111 2271 2173 humilitas,
2334 2114 2376 2165 si
2431 2113 2552 2179 quis
2594 2127 2652 2165 ea
2687 2115 2842 2181 digne
2872 2115 3167 2182 exceperit.
3207 2113 3368 2166 Vides
3403 2115 3545 2167 enim

1975 2204 2078 2259 hoc
2109 2205 2225 2259 loco
2255 2205 2383 2274 quid
2413 2215 2652 2273 apparet.
2693 2225 2709 2256 ι
2765 2206 2911 2271 Quos
2946 2208 3140 2262 dedisti
3183 2207 3339 2270 mihi,
3371 2217 3550 2260 custoo

1975 2299 2106 2352 divi.
2139 2317 2156 2348 ι
2189 2298 2413 2352 Videtur
2443 2299 2584 2353 enim
2638 2300 2964 2352 annuntiare
3010 2298 3155 2352 Patri
3219 2308 3279 2352 ut
3307 2307 3360 2351 et
3392 2297 3552 2350 Pater

1976 2405 2070 2446 eos
2107 2390 2412 2454 custodiat;
2473 2392 2611 2444 sicut
2671 2391 2713 2444 si
2771 2392 2894 2459 quis
2950 2390 3186 2459 cuipiam
3243 2390 3552 2444 tradidisset

1976 2481 2236 2550 pecunias
2267 2482 2669 2543 custodiendas,
2717 2482 2861 2535 dicat
2890 2499 2902 2535 :
2939 2481 3094 2547 Vide,
3128 2497 3228 2550 ego
3275 2482 3407 2534 nihil
3436 2497 3552 2551 per-

1979 2573 2114 2636 didi,
2149 2587 2328 2640 neque
2378 2583 2429 2624 tu
2461 2573 2673 2639 perdas.
2710 2573 2775 2626 At
2811 2574 2926 2627 [nec
2953 2573 3132 2626 omnia
3167 2573 3301 2626 dicit
3335 2585 3554 2642 propter

1979 2664 2368 2730 discipulorum
2395 2664 2854 2729 consolationem;
2880 2666 3031 2732 quasi
3062 2667 3288 2728 diceret,
3320 2664 3444 2719 "me
3476 2668 3553 2717 lo-

1980 2765 2117 2818 quor
2166 2753 2231 2804 ad
2285 2751 2675 2821 discipulorum
2732 2753 2974 2821 quietem
3023 2765 3074 2807 ct
3123 2756 3548 2810 consolationem

1983 2856 2046 2894 ac
2079 2842 2356 2910 gaudium,
2389 2852 2446 2894 ut
2493 2843 2787 2912 respirent,
2826 2859 2891 2897 ac
2925 2861 3084 2898 curas
3115 2847 3390 2913 deponant
3432 2858 3554 2899 tau-

1984 2950 2146 3003 quam
2179 2935 2473 3004 recipiente
2519 2945 2572 2990 te
2600 2935 2719 2990 illos
2751 2937 2949 3000 salvos,
2989 2949 3044 2990 et
3073 2942 3415 2992 custoditum
3441 2955 3555 3003 eas,

1985 3029 2123 3084 sicut
2145 3042 2244 3097 ego
2281 3028 2548 3082 custodivi
2577 3042 2669 3082 eos
2698 3039 2750 3082 et
2779 3028 2980 3082 nullum
3041 3031 3218 3083 amisi.
3249 3030 3549 3096 Quomodo,

1985 3137 2016 3175 o
2049 3121 2296 3185 Domine,
2325 3121 2529 3174 nullum
2559 3122 2864 3188 perdidisti,
2889 3137 3011 3176 cum
3037 3133 3090 3176 et
3117 3122 3284 3176 Judas
3304 3124 3551 3193 perierit,

1989 3215 2256 3282 multique
2291 3214 2377 3267 alii
2434 3216 2885 3268 retrocesserint?
2933 3216 3203 3280 Quantum
3250 3218 3315 3270 ad
3353 3233 3438 3272 me
3478 3229 3558 3272 at-

1987 3309 2142 3368 tinet,
2180 3307 2378 3373 inquit,
2411 3307 2611 3358 nullum
2643 3307 2850 3374 perdidi
2883 3324 2894 3359 :
2929 3317 3186 3375 quantum
3233 3309 3283 3361 in
3314 3323 3400 3362 me
3432 3309 3554 3374 fuit,

1989 3400 2193 3452 nullum
2230 3399 2424 3454 amisi:
2476 3402 2566 3452 sed
2606 3403 2818 3454 servavi
2857 3416 2971 3464 eos,
3013 3403 3113 3456 hoc
3145 3414 3245 3466 est,
3295 3404 3558 3457 omnimo-

1988 3491 2110 3544 dam
2141 3505 2327 3545 Curam
2362 3491 2526 3544 habui
2560 3494 2624 3544 de
2665 3492 2876 3544 illorum
2911 3493 3066 3562 731
3103 3496 3371 3549 custodia.
3404 3494 3556 3560 Quod

1988 3593 2169 3637 autem
2201 3599 2228 3635 a
2263 3583 2458 3652 seipsis
2502 3584 2836 3646 resilicrunt,
2878 3587 3008 3637 nihil
3040 3589 3138 3638 hoc
3164 3588 3232 3637 ad
3264 3599 3366 3639 me.
3403 3586 3558 3650 Quod

1987 3685 2167 3729 autem
2197 3676 2330 3728 dicit
2366 3693 2378 3727 :
2426 3693 2442 3725 ι
2482 3674 2547 3730 Ut
2583 3676 2857 3744 Scriptura
2899 3677 3206 3745 impleatur,
3250 3696 3268 3727 ι
3312 3679 3411 3730 hoc
3453 3690 3557 3736 εει.

1987 3769 2162 3822 omnis
2191 3784 2307 3835 qua:
2339 3769 2404 3821 de
2433 3769 2542 3822 ﬁlio
2597 3771 2915 3836 perditionis
2953 3771 3214 3839 praedicit.
3266 3769 3474 3823 Etenim
3507 3783 3561 3823 et

1991 3861 2042 3913 in
2093 3861 2320 3915 Psalmis
2373 3862 2534 3914 variis
2575 3863 2639 3914 de
2683 3861 2773 3914 illo
2830 3862 3030 3916 dictum
3083 3872 3185 3924 est,
3227 3872 3280 3916 et
3339 3865 3388 3916 in
3440 3862 3560 3915 aliis

1987 3953 2373 4018 prophetarum
2406 3951 2576 4004 libris.
2611 3952 2683 4004 De
2715 3952 2935 4005 verbulo
2963 3963 3163 4018 autem,
3195 3971 3213 4002 ‹
3246 3960 3326 4014 ut,
3363 3971 3380 4002 ι
3419 3968 3560 4020 smpe

1990 4041 2224 4094 diximus
2254 4042 2395 4108 quod
2425 4056 2488 4094 eo
2512 4051 2696 4093 utatur
2720 4044 2998 4110 Scriptura
3027 4052 3281 4110 tanquam
3315 4053 3559 4106 eventus,

1991 4146 2098 4186 non
2130 4148 2306 4187 causae
2337 4134 2713 4200 signiﬁcativo.

2064 4406 2225 4460 Vens.
2263 4408 2446 4460 ili-'16.
2486 4427 2502 4457 ‹
2539 4407 2647 4475 Ego
2693 4409 2884 4462 tradidi
2924 4410 3001 4463 eis
3036 4426 3338 4465 sermonem
3389 4421 3559 4474 tuum,

317 4520 452 4572 σμος
477 4501 744 4569 ἐμίσησεν
777 4497 998 4559 αὐτοὺς,
1034 4496 1117 4549 ὅτι
1145 4497 1242 4546 οὐκ
1272 4496 1409 4545 εἰσὶν
1435 4496 1497 4546 ἐκ
1529 4494 1621 4546 τοῦ
1658 4496 1886 4563 κόσμου,
1923 4517 1966 4570 D
1997 4515 2009 4552 ε

1873 4534 1886 4558 ,
1923 4517 1966 4570 ι)
1997 4511 2051 4553 et
2113 4485 2341 4552 tntindus
2407 4514 2499 4552 eos
2547 4499 2669 4552 odio
2729 4500 2938 4564 habuit,
2991 4503 3112 4568 quia
3173 4517 3276 4554 non
3326 4511 3450 4556 sunt
3499 4506 3562 4555 de

313 4591 499 4651 καθὼς
533 4590 644 4658 ἐγὼ
666 4590 768 4642 οὐκ
806 4590 921 4658 εἰμὶ
951 4589 1015 4640 ἐκ
1040 4587 1134 4638 τοῦ
1166 4586 1391 4655 κόσμου.
1426 4587 1540 4638 Οὺκ
1567 4587 1774 4655 ἐρωτῶ,
1808 4587 1890 4636 ἵνα

314 4692 453 4758 ἄρῃς
484 4685 683 4744 αὐτοὺς
723 4683 788 4734 ἐκ
828 4681 925 4732 τοῦ
973 4681 1201 4748 κόσμου,
1247 4679 1358 4731 ἀλλ’
1392 4680 1478 4731 ἵνα
1501 4681 1746 4748 τηρήσῃς
1790 4681 1890 4731 αύ-

315 4782 439 4839 τοὺς
500 4779 562 4828 ἐκ
618 4773 710 4825 τοῦ
757 4770 1019 4841 πονηροῦ.
1071 4771 1168 4824 Ἐκ
1217 4770 1310 4821 τοῦ
1361 4769 1564 4837 κόσμου
1618 4769 1716 4819 οὐκ
1761 4767 1888 4830 εἰσὶ,

318 4869 503 4930 καθὼς
539 4867 652 4934 ἐγὼ
684 4867 748 4917 ἐκ
791 4863 883 4915 τοῦ
917 4864 1122 4930 κόσμου
1168 4863 1267 4913 οὐκ
1311 4861 1446 4928 εἰμί.
1489 4880 1505 4912 ι
1555 4861 1892 4928 Παρακαλῶν

319 4962 409 5012 τὸν
443 4959 668 5025 Πατέρα
696 4956 775 5017 εἰς
808 4956 906 5021 τὴν
937 4953 1046 5004 τῶν
1076 4953 1387 5005 ἀποστόλων
1421 4952 1692 5021 βοήθειαν,
1748 4953 1893 5019 λέγει

319 5057 414 5108 καὶ
443 5053 646 5113 αἰτίαν,
677 5050 746 5102 δι’
788 5048 854 5118 ἣν
889 5046 1028 5110 ἄξιοί
1061 5047 1166 5097 εἰσι
1201 5045 1349 5115 παρὰ
1395 5045 1486 5096 τοῦ
1536 5046 1743 5113 Πατρός
1779 5047 1896 5096 ἐπι-

324 5147 545 5206 μελείας
602 5141 802 5210 πολλῆς
847 5140 1054 5206 τυχεῖν.
1093 5137 1191 5190 Διά
1245 5138 1352 5208 γὰρ
1405 5157 1422 5187 ί
1466 5136 1554 5189 τὸν
1593 5138 1749 5206 λόγον
1778 5155 1894 5200 σου,

321 5242 508 5309 φησὶν,
536 5239 594 5291 ὃν
620 5237 826 5287 δέδωκα
854 5233 1058 5294 αὐτοῖς,
1096 5251 1114 5283 ι
1164 5231 1528 5301 ἐμισήθησαν.
1564 5232 1722 5282 Ὥστε
1755 5231 1893 5293 ἄξιοι

321 5335 386 5385 ἂν
419 5327 527 5382 εἷεν
557 5329 708 5396 παρά
736 5325 829 5378 σοῦ
863 5323 1219 5394 βοηθηθῆναι,
1267 5324 1314 5374 οἱ
1344 5323 1431 5374 διὰ
1474 5323 1532 5373 σὲ
1575 5322 1895 5391 μισηθέντες

323 5424 476 5490 παρὰ
503 5420 612 5472 τῶν
635 5418 703 5468 τὰ
729 5416 823 5468 τοῦ
857 5416 1060 5484 κόσμου
1103 5414 1464 5483 φρονούντων.
1498 5414 1620 5474 Τοῖς
1661 5414 1768 5484 γὰρ
1799 5430 1895 5480 χυ-

321 5518 492 5576 δαίοις
548 5508 831 5581 μισοῦνται
878 5501 1046 5569 οὗτοι,
1082 5506 1266 5576 φησίν.
1314 5524 1331 5556 ι
1379 5506 1454 5558 Οὐ
1489 5506 1597 5574 γάρ
1630 5506 1767 5557 εἰσιν
1836 5509 1897 5557 ἐκ

319 5608 418 5661 τοῦ
455 5606 661 5675 κόσμου
690 5619 703 5632 ⁸
761 5620 779 5652 ι
829 5599 1127 5663 τουτέστιν,
1184 5599 1282 5652 οὐκ
1331 5599 1512 5667 ἔχουσι
1559 5597 1784 5667 γνώμην
1823 5598 1898 5667 τῷ

324 5700 520 5768 κόσμῳ
546 5690 972 5763 προσκειμένην,
1016 5691 1110 5742 καὶ
1140 5690 1287 5760 αὐτῷ
1319 5692 1499 5742 πᾶσαν
1539 5690 1636 5760 τὴν
1664 5691 1897 5759 σπουδὴν

324 5787 887 5863 προσαναλίσκουσαν.
947 5784 1067 5845 Πῶς
1098 5779 1189 5835 οὗν
1237 5783 1469 5853 ἀλλαχοῦ
1506 5783 1676 5852 λέγει,
1729 5802 1748 5836 ε
1793 5783 1898 5844 οὓς

649 5878 914 5936 ΡΑτΒοῐ..
963 5875 1076 5933 Gn.
1129 5875 1381 5935 CXXIV.

1996 4593 2233 4652 mundo,
2279 4591 2416 4642 sicut
2462 4600 2514 4642 ct
2566 4606 2661 4658 ego
2713 4605 2813 4643 non
2877 4607 2991 4642 sum
3053 4592 3120 4644 de
3175 4594 3393 4645 mundo.
3449 4594 3561 4647 Non

1996 4697 2124 4750 rogo
2147 4693 2202 4734 ut
2242 4681 2395 4734 tollas
2418 4697 2508 4734 eos
2542 4684 2605 4733 de
2642 4682 2862 4743 mundo,
2900 4683 2990 4735 sed
3017 4698 3200 4737 serves
3225 4698 3318 4737 eos
3344 4701 3372 4737 a
3399 4686 3557 4738 malo.

1997 4771 2072 4824 De
2123 4773 2320 4824 mundo
2375 4787 2479 4823 non
2543 4782 2704 4834 sunt,
2762 4773 2899 4825 sicut
2947 4783 2997 4825 et
3041 4787 3139 4839 ego
3185 4789 3288 4825 non
3339 4789 3452 4826 sum
3499 4776 3563 4826 dc

1997 4865 2216 4916 tnundo.
2265 4883 2283 4913 ι
2327 4861 2504 4915 Oraus
2541 4862 2753 4916 Patrem
2788 4874 2840 4915 ut
2882 4863 3099 4928 juvaret
3137 4865 3430 4933 apostolos,
3484 4866 3567 4918 di-

1995 4957 2069 5010 cit
2121 4966 2174 5010 et
2231 4971 2451 5008 causam
2499 4965 2715 5024 propter
2760 4971 2916 5022 quam
2980 4957 3126 5026 digni
3173 4959 3281 5010 sint
3333 4969 3390 5010 ut
3428 4959 3565 5011 mul-

1999 5056 2106 5099 tum
2160 5065 2186 5098 a
2220 5047 2377 5100 Patre
2431 5058 2835 5116 consequantur
2896 5065 3104 5102 curam.
3156 5050 3288 5103 Nam
3352 5064 3570 5118 propter

2005 5157 2020 5189 ι
2063 5153 2366 5192 sermonem
2420 5148 2590 5198 tuum.
2638 5140 2829 5207 inquit,
2872 5157 3030 5209 quem
3078 5142 3195 5194 dedi
3237 5144 3335 5207 eis,
3391 5162 3408 5193 ι
3446 5145 3569 5196 odio

2000 5228 2237 5291 luerunt,
2283 5238 2337 5280 et
2402 5231 2472 5282 ita
2518 5230 2662 5297 digni
2704 5239 2864 5282 erunt
2905 5243 2962 5282 ut
3007 5241 3153 5282 tttum
3196 5233 3433 5285 sentiant
3473 5249 3571 5285 att-

2001 5320 2208 5382 xilium,
2243 5332 2458 5388 propter
2509 5331 2558 5373 te
2591 5323 2736 5375 exosi
2770 5323 2850 5374 Itis
2892 5323 2982 5389 qui
3041 5324 3307 5376 mundana
3328 5325 3567 5391 sapiunt.

2002 5413 2171 5481 Vulgo
2201 5415 2344 5466 enim
2398 5416 2699 5480 promiscuo
2751 5415 2900 5466 exosi
2950 5424 3095 5478 sunt,
3152 5415 3344 5482 inquit.
3391 5435 3408 5466 ‹
3457 5417 3571 5469 Non

2001 5507 2142 5558 cnim
2174 5515 2299 5560 sunt
2324 5521 2388 5559 ex
2423 5509 2641 5568 mundo,
2685 5525 2700 5556 ι
2731 5507 2830 5558 hoc
2853 5517 2954 5569 est,
2985 5522 3087 5559 non
3119 5507 3316 5560 habent
3339 5519 3570 5560 mentem

2003 5600 2202 5652 mundo
2235 5598 2643 5668 agglutinatam,
2669 5607 2722 5651 et
2759 5613 2916 5651 omne
2947 5597 3186 5652 studium
3230 5599 3282 5649 in
3319 5597 3466 5648 illum
3492 5597 3573 5648 iu-

2005 5702 2325 5744 sumentem.
2363 5691 2640 5754 QIIOmOdO
2688 5691 2847 5756 igitur
2886 5689 3016 5743 dicit
3052 5690 3156 5742 alio
3188 5689 3326 5751 loco,
3374 5707 3392 5738 ‹
3426 5688 3575 5753 Quos

2005 5783 2196 5838 dedisti
2235 5784 2363 5836 tnihi
2400 5799 2462 5836 ex
2497 5785 2599 5836 hoc
2625 5783 2842 5847 mundo,
2885 5799 2900 5832 ι
2935 5783 3008 5835 tui
3047 5779 3299 5834 fuerunt?
3327 5779 3574 5849 lllicqui-

3183 5873 3220 5933 8
