4284 6450
720 353 829 418 243

1611 356 2193 417 THEOPHYLACTI
2230 356 2645 417 BULGARI/E
2678 354 3046 417 ARCHIEP.

3870 344 3981 412 244

726 465 891 517 foras.
940 460 1006 516 Et
1051 460 1241 516 aliter:
1292 459 1417 528 Ipso
1454 454 1593 517 festo
1637 465 1872 518 maxime
1912 463 2053 517 hunc
2091 477 2293 517 morem
2325 469 2369 522 Α
2401 481 2418 514 ο

2290 486 2293 515 ι
2325 469 2369 522 Α
2401 464 2541 517 κατὰ
2568 462 2773 531 ταύτην
2817 462 2917 529 τὴν
2957 459 3129 529 ὥραν,
3178 460 3271 513 καὶ
3305 459 3424 530 οὐχὶ
3466 462 3523 513 ἐν
3554 462 3702 532 οἰκία
3733 461 3982 527 ἐνόμισεν

724 568 978 607 servasse
1009 554 1247 606 creditus
1278 560 1382 616 est,
1412 552 1611 608 docens
1646 554 1937 621 discipulos
1970 568 2100 607 suos
2129 554 2294 607 subli-

725 645 866 699 mius
908 644 1183 713 quiddam.
1246 643 1483 698 Docebat
1536 654 1715 699 autem
1777 647 1871 714 (ut
1916 642 2184 712 diximus)
2244 643 2294 695 in

726 734 924 789 talibus
962 734 1095 788 locis
1132 736 1381 804 mystica.
1422 732 1592 802 Igitur
1624 736 1746 805 quia
1795 746 1923 789 tunc
1959 734 2075 788 dies
2129 733 2298 786 festus

724 836 861 887 erat,
889 825 1234 895 coniectabat
1270 826 1379 881 illic
1410 842 1530 881 cum
1564 842 1703 891 esse,
1741 827 2097 881 disserentem
2136 824 2300 877 disci-

723 917 864 985 pulis
890 919 1037 988 jusla
1070 933 1274 973 morem
1303 936 1459 973 suum
1496 921 1547 973 in
1575 920 1729 973 festo.

2398 557 2579 625 εὑρεῖν
2611 555 2774 606 αὑτὸν
2801 552 3164 613 καθεύδοντας
3215 552 3506 619 Ἐγένωακε
3535 553 3625 603 τὸν
3676 553 3882 622 Κύριον
3915 555 3984 604 τὰ

2403 647 2574 700 πο).λά
2622 646 2724 710 ἔξω
2752 645 3255 716 διανυκτερεύοντα,
3292 645 3383 697 καὶ
3433 645 3520 697 διὰ
3550 644 3705 697 τοῦτο
3741 645 3835 697 καὶ
3862 644 3984 695 τότε

2402 739 2627 807 ἐξῆλθεν
2662 738 2788 801 ἔξω.
2824 736 3033 799 ’Λλλως
3063 754 3120 789 τε
3142 752 3157 767 ο
3204 737 3314 789 Καὶ
3348 739 3405 789 ἐν
3437 736 3627 805 ἑορτῆς
3669 736 3845 804 καιρῷ
3878 736 3983 804 μά-

2405 831 2563 883 λιστα
2591 829 2862 899 ἠπίστατο
2899 828 3061 881 αὑτὸν
3090 827 3211 891 ἐθος
3242 827 3454 897 ἔχοντα,
3487 827 3756 881 διδάσκειν
3780 845 3832 879 τι
3862 830 3989 889 τοῦς

2409 923 2657 994 μαθητὰς
2687 921 3018 992 ὑψηλότερον
3039 936 3053 951 ο
3090 920 3334 973 ἐδίδασκε
3365 921 3421 973 δὲ
3448 922 3574 983 τοὺς
3609 921 3879 990 μαθητὰς,
3911 920 3988 969 ὡς

724 1006 955 1077 ἔφημεν,
986 1012 1053 1062 τά
1085 1012 1326 1080 μυστικά
1370 1016 1427 1065 ἐν
1477 1014 1741 1073 τοιούτοις
1790 1013 1996 1076 τόποις.
2046 1015 2198 1068 Ἐπεὶ
2227 1015 2320 1069 οῦν
2350 1018 2469 1070 τότε
2505 1018 2665 1088 ἑορτὴ
2705 1011 2794 1087 ἧν,
2838 1014 3167 1085 ἐστοχάσατο
3199 1014 3378 1067 ἐκεῖσε
3448 1014 3609 1067 αὑτὸν
3662 1009 3823 1075 εἶναι,
3876 1016 3987 1075 τοῖς

728 1104 996 1174 μαθηταῖς
1030 1106 1095 1157 τὰ
1125 1106 1222 1171 τῆς
1261 1106 1454 1176 ἑορτῆς
1482 1106 1873 1176 φιλοσοφοῦντα
1904 1106 2044 1159 κατά
2081 1108 2141 1162 τὸ
2171 1109 2421 1179 σύνηθες.

798 1194 957 1250 \‘sas.
980 1198 1095 1251 3-6.
1136 1216 1151 1248 ι
1182 1196 1347 1251 Judas
1372 1213 1499 1268 ergo
1528 1213 1649 1253 cum
1676 1198 1970 1267 accepisset
1998 1200 2299 1265 cohortem,

724 1298 776 1343 et
812 1304 841 1341 a
877 1289 1220 1358 pontificibus
1257 1298 1309 1343 et
1347 1289 1633 1345 Pharisa-is
1669 1291 1968 1358 ministros,
2000 1294 2145 1348 venit
2176 1293 2301 1348 illuc

725 1398 845 1435 cum
874 1382 1099 1437 latcrnis
1126 1397 1188 1435 ac
1212 1380 1424 1436 facibus
1446 1392 1499 1436 et
1524 1383 1709 1436 armis.
1738 1382 1893 1437 Jesus
1917 1383 2099 1451 itaque
2118 1385 2298 1438 sciens

724 1475 905 1527 omnia
956 1490 1074 1542 qua:
1118 1484 1343 1528 ventura
1385 1484 1543 1527 erant
1585 1488 1747 1541 super
1789 1488 1867 1536 se,
1910 1476 2193 1541 processit,
2238 1490 2299 1526 ac

723 1567 859 1619 dixit
894 1566 972 1620 eis
999 1583 1011 1617 :
1041 1564 1213 1631 Quem
1240 1565 1482 1633 quaeritis
1504 1566 1527 1617 ?
1549 1565 1963 1631 Responderunt
1990 1566 2038 1619 ei
2066 1584 2077 1617 :
2116 1564 2296 1619 Jesunt

723 1658 1086 1712 Nazarenunt.
1122 1658 1260 1711 Dicit
1288 1658 1366 1711 eis
1393 1656 1580 1711 Jesus:
1610 1655 1719 1726 Ego
1741 1674 1880 1711 sum.
1911 1656 2099 1710 Stabat
2123 1668 2298 1710 autem

723 1748 987 1812 etJudas,
1040 1748 1129 1816 qui
1179 1749 1437 1816 prodebat
1487 1764 1631 1814 eum,
1678 1764 1799 1803 cum
1852 1749 2006 1818 ipsis.
2053 1749 2123 1803 Ut
2168 1764 2301 1820 ergo

2486 1221 2505 1253 ι
2562 1200 2618 1254 '0
2664 1198 2758 1253 οὖν
2804 1199 3007 1260 Ἰούδας
3036 1197 3215 1253 λαϐὼν
3247 1197 3345 1267 τὴν
3380 1200 3630 1267 σπεῖραν,
3662 1196 3755 1249 καὶ
3786 1198 3849 1249 ἐκ
3884 1196 3993 1248 τῶν

2407 1294 2708 1362 ἀρχιερέων
2751 1294 2845 1346 καὶ
2892 1294 3203 1363 Φαρισαίων
3247 1291 3547 1359 ὑπηρέτας,
3601 1289 3821 1359 ἔρχεται
3874 1290 3993 1339 ἐκῖῖ

2410 1385 2550 1453 μετά
2573 1385 2890 1451 λαμπάδων,
2924 1386 3017 1437 καὶ
3046 1385 3249 1451 φανῶν,
3282 1382 3377 1434 καὶ
3406 1381 3606 1435 ὃπλων.
3657 1380 3863 1448 Ἰησοῦς
3898 1378 3991 1432 οὖν

2406 1477 2563 1539 είδὼς
2590 1478 2763 1529 πάντα
2786 1477 2853 1529 τὰ
2880 1477 3222 1545 ἐπερχόμενα
3254 1473 3341 1525 ἐπ’
3367 1473 3549 1535 αὑτὴν,
3582 1471 3815 1535 ἐξελθὼν
3838 1468 3993 1523 εἶπεν

2408 1571 2621 1633 αὐτοῖς’
2657 1570 2789 1622 Τίνα
2817 1570 3064 1638 ζητεῖτες
3106 1567 3515 1635 Ἀπεκρίθησαν
3546 1563 3692 1635 αὑτῷ
3713 1580 3728 1596 ο
3782 1562 3991 1633 Ἰησοῦν

2405 1660 2497 1713 τὸν
2536 1659 2879 1729 Ναζωραῖον.
2925 1657 3087 1725 Λέγει
3122 1656 3305 1717 αὐτοῖς
3331 1658 3359 1709 ό
3395 1654 3638 1723 Ἰησοῦς·
3684 1652 3823 1720 Ἐγώ
3851 1657 3989 1723 εἰμι.

2408 1749 2668 1821 Είστήκει
2693 1752 2749 1805 δὲ
2779 1750 2872 1803 καὶ
2906 1749 3108 1809 Ἰούδας
3137 1750 3165 1800 ὁ
3196 1746 3522 1816 παραδιδοὺς
3554 1747 3715 1798 αὑτὸν
3747 1745 3863 1814 μετ’
3896 1746 3995 1796 αὑ-

724 1840 862 1894 dixit
890 1840 969 1894 eis
1002 1860 1012 1894 :
1056 1838 1163 1910 Ego
1195 1856 1336 1905 sum,
1372 1842 1626 1895 abierunt
1659 1852 1978 1903 retrorsum,
2010 1850 2063 1894 et
2094 1840 2302 1894 cecidc-
2336 1832 2377 1886 Β
2405 1860 2416 1877 ι

2298 1871 2302 1879 -
2336 1832 2377 1886 Β
2405 1844 2535 1896 τῶν.
2586 1843 2673 1906 Ὠς
2712 1840 2805 1896 οὖν
2830 1837 2981 1894 εἶπεν
3016 1841 3219 1905 αὐτοῖς,
3248 1839 3329 1891 ὅτι
3387 1836 3528 1905 Ἐγὼ
3577 1839 3713 1906 εἰμι,
3745 1836 3990 1904 ἀπῆλθον

730 1940 853 1984 runt
888 1932 939 1984 in
986 1942 1206 1985 terram.
1253 1952 1271 1985 ι
1316 1931 1573 1988 Pecuniis
1611 1935 1975 2001 impetrarunt
2015 1942 2072 1985 ut
2108 1935 2305 1987 cohors

727 2025 1041 2093 sejuvarct.
1076 2025 1323 2080 Militaris
1346 2028 1487 2080 enim
1520 2024 1654 2079 ordo
1698 2025 1813 2079 auri
1848 2025 2169 2093 mancipium
2201 2032 2303 2078 est.

726 2115 876 2168 Multi
906 2127 1084 2169 autem
1119 2118 1360 2182 veniunt,
1382 2121 1633 2172 timentes
1660 2133 1753 2172 eos
1778 2120 1870 2188 qui
1902 2117 2083 2170 .lesum
2116 2132 2308 2186 seque-

726 2207 941 2270 bantur,
988 2219 1039 2261 et
1088 2206 1155 2259 ab
1187 2223 1251 2260 eo
1294 2208 1603 2277 pendebant
1650 2218 1872 2278 prOpter
1902 2210 2207 2263 doctrinam
2252 2219 2307 2263 et

727 2298 883 2350 mirat
903 2298 1013 2351 uia.
1044 2296 1306 2353 Lateruas
1338 2309 1389 2353 et
1417 2298 1561 2355 faces
1588 2310 1819 2368 gestant,
1846 2310 1903 2355 ut
1935 2316 2003 2356 ne
2029 2300 2307 2355 occultans

726 2404 785 2444 se
825 2390 875 2442 in
919 2392 1155 2444 tenebris
1194 2391 1500 2461 aufugeret.
1539 2392 1608 2445 At
1652 2394 1742 2447 ille
1782 2394 1832 2447 in
1877 2404 2082 2446 tantum
2122 2393 2305 2462 fugam

728 2497 835 2534 non
868 2484 1167 2551 quaarebat,
1217 2493 1275 2536 ut
1318 2484 1531 2538 obviam
1576 2486 1748 2539 exiret
1786 2486 2021 2553 seipsum
2067 2486 2305 2540 tradens.

728 2574 795 2629 Et
831 2584 981 2643 rogat
1006 2576 1248 2643 quidem,
1310 2592 1413 2630 non
1442 2578 1582 2645 quod
1610 2577 1819 2645 ignoret
1848 2587 1901 2630 et
1932 2577 2140 2631 discere
2170 2590 2307 2646 opus

728 2669 945 2722 haheat.
986 2686 1003 2718 ι
1037 2668 1252 2722 Sciebat
1282 2669 1425 2721 enim
1456 2670 1662 2733 omnia,
1700 2670 1895 2739 inquit,
1925 2685 2045 2739 qure
2078 2681 2306 2722 ventura

730 2772 889 2824 super
919 2773 1041 2810 cum
1073 2767 1249 2810 erant.
1291 2777 1309 2807 ι
1360 2758 1421 2810 Ει
1461 2758 1533 2811 ita
1566 2758 1691 2825 quia
1730 2761 1935 2814 sciebat
1970 2759 2110 2826 quod
2149 2760 2212 2811 ad
2252 2772 2310 2811 se

728 2848 997 2912 venirent,
1020 2858 1193 2916 rogat,
1224 2863 1327 2901 non
1358 2850 1604 2917 indigens
1629 2860 1685 2903 ut
1710 2849 1985 2912 doceatur,
2012 2849 2104 2905 sed
2126 2862 2311 2903 osten-

731 2941 859 2995 dere
897 2938 1084 2994 volens
1114 2942 1257 3008 quod
1289 2950 1343 2993 et
1376 2956 1614 3009 presens
1647 2956 1751 2995 non
1778 2941 1926 2995 visus
1953 2944 2037 2996 vel
2068 2943 2312 3009 cognitus

730 3041 896 3087 esset.
946 3030 1050 3087 Sed
1098 3043 1154 3086 et
1202 3043 1354 3103 rogat
1400 3042 1459 3087 ut
1514 3034 1746 3097 alienus,
1792 3044 1845 3088 et
1886 3050 2060 3103 neque
2104 3052 2131 3089 a
2184 3051 2313 3091 voce

732 3136 1033 3193 agnoscunt
1062 3140 1207 3191 eum,
1246 3140 1418 3193 neque
1448 3124 1565 3190 alii,
1597 3141 1773 3194 neque
1807 3126 1920 3194 ipse
1939 3124 2127 3183 Judas.
2156 3129 2309 3195 Quod
2341 3162 2388 3225 ο

731 3221 910 3265 autem
946 3228 1049 3266 non
1079 3222 1297 3282 propter
1323 3215 1573 3269 tenebras
1601 3216 1963 3284 ignoraverint
1995 3232 2137 3281 cum,
2178 3234 2316 3285 prae-

732 3304 870 3358 dixit
900 3305 1225 3375 evangelista
1256 3322 1277 3357 ι
1297 3320 1390 3359 eos
1422 3323 1543 3359 etim
1566 3307 1773 3361 facibus
1800 3326 1818 3359 ο
1844 3308 2317 3365 advenisse.Poue

734 3406 915 3451 autem
946 3397 1094 3467 quod
1132 3408 1349 3467 propter
1382 3400 1633 3453 tenebras
1676 3414 1780 3455 non
1812 3402 2130 3469 agnoverint
2167 3417 2313 3468 eum,

738 3485 1023 3553 oportebat
1056 3497 1203 3543 certe
1236 3502 1264 3541 a
1302 3502 1431 3542 voce
1460 3488 1633 3557 ipsum
1669 3492 1977 3562 agnovisse.
2013 3494 2318 3563 lnterrogat

737 3580 922 3650 igitur,
954 3591 1011 3636 ut
1044 3584 1297 3638 ostendat
1327 3584 1419 3655 (ut
1446 3583 1721 3656 diximus)
1751 3602 1810 3641 se
1844 3601 2021 3657 neque
2053 3603 2080 3639 a
2112 3588 2313 3655 specie,

740 3688 913 3742 neque
953 3688 983 3727 a
1030 3691 1162 3732 voce
1207 3678 1482 3747 cognitum
1526 3678 1711 3734 fuisse.
1754 3678 1829 3733 Ita
1873 3677 2157 3733 ineﬁ‘abilis
2199 3689 2319 3733 erat

739 3768 857 3839 ejus
884 3768 1077 3824 virtus.
1109 3768 1177 3823 Et.
1203 3770 1274 3824 ita
1306 3786 1480 3841 neque
1503 3772 1823 3841 cruciﬁgere
1853 3774 2177 3839 patuissent,
2211 3773 2317 3827 nisi

742 3863 1079 3919 Voluntarius
1111 3878 1170 3917 se
1192 3864 1499 3920 obtulisset.
1520 3866 1672 3932 Quod
1707 3865 1871 3937 736
1895 3876 2071 3920 autem
2093 3880 2201 3920 non
2227 3879 2318 3920 so-

742 3958 852 4012 lum
886 3961 1171 4015 excazcarit
1212 3960 1400 4014 oculos
1425 3975 1637 4024 eorum,
1678 3962 1771 4016 sed
1825 3969 1879 4017 et
1904 3962 2081 4030 supini
2107 3961 2318 4016 cecide-

742 4050 851 4108 rint
882 4066 983 4111 una
1020 4051 1460 4123 interrogationis
1486 4067 1615 4107 voce
1644 4052 1936 4121 prostrati,
1972 4053 2184 4121 signum
2216 4050 2319 4106 fuit

745 4156 969 4215 casurps
998 4156 1093 4198 eos
1127 4144 1218 4213 qui
1252 4154 1439 4197 contra
1476 4143 1659 4198 Jesum
1704 4152 1986 4209 venerant,
2029 4143 2319 4198 universali

747 4233 925 4300 gentis
954 4233 1113 4288 istius
1154 4234 1330 4296 ruina,
1358 4250 1479 4303 qua:
1514 4247 1632 4304 post
1662 4235 1865 4289 Christi
1898 4224 2127 4289 mortem
2160 4249 2323 4303 super

748 4341 841 4379 eos
893 4326 1059 4389 venit,
1108 4325 1251 4380 sicut
1303 4337 1357 4379 et
1404 4325 1667 4381 Jeremias
1711 4326 1997 4395 Pranlixit:
2054 4343 2074 4377 ι
2121 4325 2322 4380 Domus

750 4415 914 4470 Israel
948 4418 1179 4471 cecidit:
1226 4434 1329 4472 non
1365 4428 1447 4473 est
1477 4419 1568 4486 qui
1633 4419 1917 4472 resuscilet
1939 4418 2009 4472 ".
2043 4436 2064 4470 ι
2111 4418 2323 4472 Cadunt

2407 1936 2486 1996 είς
2516 1933 2583 1987 τά
2606 1933 2800 1997 ὀπίσω,
2831 1934 2926 1985 καὶ
2964 1932 3157 1985 ἔπεσον
3192 1930 3389 2001 χαμαί.
3433 1948 3451 1981 ι
3486 1929 3598 1998 Τὴν
3633 1928 3734 1997 μὲν
3762 1931 3991 1995 σπεῖραν

2408 2027 2686 2080 πείθουσιν
2709 2026 2893 2087 αὐτοῖς
2926 2025 3258 2094 συνεργῆσαι
3284 2024 3371 2073 διὰ
3396 2035 3499 2090 χρη
3512 2023 3691 2087 μάτων
3710 2035 3723 2048 ⁸
3751 2021 3993 2073 τοιοῦτον

2406 2119 2516 2189 γὰρ
2547 2119 2609 2172 τὸ
2638 2117 3051 2187 στρατιωτικὸν,
3086 2116 3288 2185 χρυσοῦ
3316 2113 3493 2166 ὢνιον.
3522 2112 3715 2165 Πολλοὶ
3746 2111 3801 2163 δέ
3832 2114 3997 2180 ἐπέρ-

2409 2228 2613 2281 χονται,
2661 2210 2959 2269 δεδοικότες
3004 2209 3131 2266 τοὺς
3186 2206 3488 2281 ἑπομένους
3518 2204 3597 2272 τῷ
3660 2202 3858 2272 Ἰησοῦ,
3901 2208 3997 2255 καὶ

2408 2280 2862 2373 ἐκκρεμαμένους
2914 2299 3065 2368 αὑτῷ
3095 2300 3185 2351 διά
3221 2280 3313 2350 τὸν
3340 2296 3498 2364 λόγον
3551 2313 3605 2346 τε
3640 2296 3734 2346 καὶ
3763 2297 3828 2347 τὰ
3862 2294 3996 2345 θαύ-

2412 2412 2578 2466 ματα.
2602 2393 2909 2463 Λαμπάδας
2931 2392 2985 2444 δέ
3016 2394 3108 2443 καὶ
3133 2390 3335 2457 φανοὺς
3364 2388 3683 2455 ἐπάγονται,
3715 2387 3788 2449 ὡς
3817 2386 3883 2438 ἂν
3918 2387 3992 2453 μὴ

2409 2484 2626 2556 ἐκφύγῃ
2654 2484 2851 2545 αὐτοὺς
2894 2484 2954 2535 ἐν
2982 2481 3061 2552 τῷ
3091 2480 3273 2533 σκότει
3306 2478 3506 2531 λαθών.
3562 2477 3618 2529 '0
3645 2477 3702 2529 δέ
3738 2475 3996 2527 τοσοῦτον

2410 2578 2518 2631 ἔδει
2553 2576 2647 2630 τοῦ
2676 2578 2889 2644 φυγεῖν,
2914 2573 3055 2627 ὥστε
3081 2573 3174 2625 καὶ
3206 2572 3374 2637 ἔξεισι
3398 2570 3530 2638 πρὸς
3556 2570 3774 2629 αὑτοὺς,
3804 2566 3997 2619 ἑαυτὸν

2410 2667 2761 2740 παραδιδούς.
2788 2666 2898 2721 Καὶ
2933 2666 3115 2735 ἐρωτᾷ
3146 2664 3263 2732 μὲν,
3291 2663 3387 2732 οὑχ
3420 2662 3495 2724 ὡς
3523 2662 3739 2732 χρῄζων
3779 2660 3994 2730 μαθεῖν·

2418 2781 2436 2814 ι
2480 2760 2635 2831 ’ῌδει
2677 2758 2809 2826 γὰρ,
2866 2757 3023 2824 φησὶ,
3071 2756 3249 2807 πάντα
3284 2754 3351 2806 τὰ
3401 2752 3745 2821 ἐπερχόμενα
3784 2750 3873 2801 ἐπ’
3902 2750 3997 2801 αύ-

2410 2857 2522 2906 τόν.
2573 2872 2590 2903 ι
2629 2854 2790 2904 Ὥστε
2818 2850 3005 2919 ἐπειδὴ
3037 2848 3177 2917 ᾔδει,
3210 2848 3290 2899 ὃτι
3316 2846 3401 2899 ἐπ’
3428 2845 3590 2898 αὑτὸν
3621 2845 3873 2913 ἤρχοντο,
3900 2843 3999 2911 οὑχ

2411 2946 2489 3009 ὠς
2538 2944 2727 3016 μαθεῖν
2764 2943 3021 3012 δεόμενος
3076 2940 3278 3009 ἐρωτᾷ,
3309 2938 3446 2992 ἀλλὰ
3491 2936 3662 3000 δεῖξαι
3695 2935 3888 2997 θέλων,
3917 2937 4001 2987 ὃτι

2412 3040 2507 3093 καὶ
2557 3036 2750 3105 παρὼν
2793 3037 2889 3105 οὑχ
2929 3034 3139 3103 ἑωρᾶτο
3171 3034 3355 3093 αὑτοῖς
3385 3032 3418 3102 ἢ
3446 3028 3796 3101 ἐγνωρίζετο.
3841 3027 4002 3080 Ἀλλὰ

2417 3130 2511 3183 καὶ
2562 3126 2765 3197 ἐρωτᾷ,
2806 3123 2886 3186 ὡς
2914 3124 3196 3192 ἀλλότριος
3216 3140 3229 3153 ·
3263 3124 3357 3174 καὶ
3386 3121 3508 3174 οὑδέ
3538 3121 3647 3173 ἀπὸ
3679 3122 3779 3189 τῆς
3818 3120 4001 3187 (posvi;

2418 3218 2878 3287 ἐπιγινώσκουσιν
2924 3216 3111 3277 αὑτὸν,
3154 3214 3278 3267 οὔτε
3322 3216 3373 3266 οί
3405 3212 3578 3277 ἄλλοι,
3626 3211 3748 3265 οὔτε
3779 3210 3940 3273 αὐτὸς
3976 3213 4003 3262 ό

2429 3312 2652 3374 Ἰούδας.
2685 3311 2809 3362 Ὅτι
2846 3309 2954 3379 γὰρ
2982 3307 3043 3359 οὑ
3070 3306 3159 3360 διὰ
3199 3306 3259 3358 τὸ
3284 3306 3473 3366 σκότος
3511 3304 3785 3373 ἠγνόησαν
3812 3303 3998 3363 αὐτὸν,

2417 3406 2679 3476 προεῖπεν
2729 3404 2758 3455 ὁ
2805 3397 3223 3468 εὐαγγελιστὴς,
3264 3397 3345 3450 δτι
3392 3416 3411 3449 ι
3455 3395 3592 3465 μετὰ
3643 3393 3944 3463 λαμπάδων
3980 3412 3997 3443 ι

2417 3498 2673 3566 ἐπῆλθον.
2705 3495 2771 3551 El
2816 3494 2872 3547 δέ
2899 3493 2988 3547 διὰ
3012 3492 3073 3545 τὸ
3103 3492 3294 3554 σκότος
3324 3491 3554 3558 ἠγνόουν
3579 3488 3801 3560 (θῶμεν
3828 3490 3899 3556 γᾶ
3910 3506 3940 3557 ρ
3966 3498 3999 3549 ),

2417 3592 2526 3646 ἀπό
2546 3607 2609 3659 γε
2631 3592 2729 3660 τῆς
2749 3587 2933 3657 φωνῆς
2962 3585 3262 3652 ἐπιγνῶναι
3288 3584 3451 3637 αὑτὸν
3478 3583 3605 3637 ἔδει.
3650 3583 3863 3652 Ἐρωτᾷ
3884 3576 4001 3641 οὖν,

2420 3686 2506 3738 ἵνα
2535 3682 2706 3755 δείξῃ.
2736 3679 2812 3743 ὡς
2842 3679 3089 3747 εἴπομεν,
3123 3677 3205 3729 ὅτι
3233 3675 3357 3729 οὔτε
3389 3676 3498 3729 ἀπὸ
3527 3674 3622 3728 τοῦ
3654 3675 3851 3735 εἴδους,
3880 3673 4002 3724 οῦτε

2420 3778 2527 3830 ἀπὸ
2563 3776 2662 3844 τῆς
2693 3771 2878 3841 φωνῆς
2905 3770 3223 3836 ἐπέγνωσαν
3254 3770 3438 3823 αύτῦν.
3470 3767 3656 3829 Οὕτως
3679 3763 3771 3820 οὖν
3799 3766 4002 3831 άφατος

2418 3866 2486 3941 ἦν
2522 3867 2807 3938 ἡδύναμις
2846 3862 3038 3927 αὐτοῦ,
3072 3860 3213 3913 ὥστε
3238 3862 3356 3913 οὑδέ
3382 3857 3695 3927 σταυρῶσαι
3718 3856 4003 3927 ἠδύναντο,

2421 3966 2470 4016 ει
2512 3961 2588 4031 μὴ
2618 3959 2761 4013 ἑκὼν
2786 3956 3067 4011 ἐνέδωκεν.
3093 3955 3167 4007 UO
3205 3954 3367 4020 μόνον
3394 3953 3450 4006 δέ
3483 3952 3641 4005 τοῦτο
3665 3951 3725 4002 τὸ
3750 3949 4007 4019 πηρῶσαι

2420 4056 2547 4117 τοὺς
2567 4051 2879 4122 ὀφθαλμοὺς
2902 4046 3107 4112 αὐτῶν,
3148 4046 3285 4099 ἀλλά
3312 4047 3423 4114 (40)
3469 4045 3563 4097 καὶ
3588 4042 3650 4095 τδ
3678 4040 4008 4095 καταϐαλεῖν

2422 4147 2649 4208 ὑπτίους
2687 4145 2797 4199 ἀπὸ
2838 4145 3005 4212 μόνης
3042 4140 3206 4211 ψιλῆς
3232 4140 3573 4209 ἐρωτήσεως.
3604 4135 3838 4203 Σημεῖον
3866 4133 3913 4185 δ’
3941 4131 4006 4184 ἂν

2422 4241 2509 4307 είη
2530 4240 2590 4291 τὸ
2612 4241 2800 4291 πεσεῖν
2820 4238 2945 4300 τοὺς
2980 4237 3119 4290 κατὰ
3142 4233 3237 4286 τοῦ
3274 4228 3449 4301 Ἰησοῦ
3478 4227 3758 4287 ἐλθόντας,
3783 4225 3884 4291 τῆς
3912 4240 4007 4275 κα-

2424 4333 2644 4401 θολικῆς
2661 4330 2755 4383 τοῦ
2780 4331 2967 4392 ἑθνους
2990 4325 3416 4385 καταπτώσεως,
3441 4323 3476 4391 ἢ
3502 4314 3793 4385 ἐπεγένετο
3824 4316 4007 4373 αὑτοῖς

2426 4424 2653 4492 ὕστερον
2704 4424 2842 4493 μετὰ
2891 4423 2982 4474 τὸν
3030 4420 3125 4473 τοῦ
3184 4414 3425 4487 Χριστοῦ
3474 4412 3739 4465 θάνατον·
3794 4408 3869 4470 ὼς
3915 4408 4007 4458 καὶ

752 4511 915 4578 igitur
953 4526 1144 4565 omnes
1183 4513 1271 4580 qui
1311 4511 1546 4565 sermoni
1597 4512 1779 4565 divino
1826 4520 1953 4566 sunt
1998 4510 2317 4566 adversarii.
2350 4507 2399 4565 D
2439 4518 2444 4535 ‘

2314 4507 2399 4565 in
2439 4517 2707 4587 Ἱερεμίας
2744 4517 3184 4585 προεφήτευσενο
3243 4526 3262 4561 ι
3305 4505 3465 4568 Οἶκος
3512 4501 3730 4573 Ἰσραὴλ
3792 4501 4006 4557 ἔπεσεν,

755 4602 952 4656 llortus
974 4612 1153 4656 autem
1185 4618 1212 4655 a
1247 4619 1354 4672 quo
1385 4603 1531 4657 salus
1564 4615 1749 4658 nostra
1773 4603 2006 4671 sumpsit
2037 4603 2323 4672 originem,

754 4694 1062 4763 paradisum
1110 4693 1398 4748 referebat.
1448 4692 1580 4747 Nam
1617 4695 1707 4761 qui
1744 4695 2037 4749 cecidimus
2080 4695 2133 4748 in
2171 4695 2328 4749 horto

754 4784 1014 4852 paradisi,
1066 4784 1297 4839 vidimus
1356 4784 1407 4838 in
1457 4784 1616 4839 horto
1670 4785 1962 4838 salutarem
2018 4786 2325 4853 passioacm

756 4875 1051 4942 sumpsisse
1083 4874 1323 4941 initium,
1363 4886 1418 4930 et
1460 4876 1639 4930 omnia
1682 4891 1800 4943 qua!
1851 4876 1998 4944 prius
2043 4887 2320 4943 corrupta,

757 4975 1005 5035 reparata
1031 4981 1184 5021 esse.

831 5248 997 5304 Vsns.
1028 5252 1143 5307 7-9.
1183 5270 1201 5301 ι
1241 5253 1437 5306 lterum
1471 5268 1601 5323 ergo
1629 5268 1723 5305 cos
1756 5251 2126 5319 interrogavit,
2156 5250 2324 5314 Quem

765 5346 1039 5413 qttzeritis?
1069 5348 1133 5399 At
1164 5348 1235 5399 illi
1266 5348 1552 5401 dixerunt:
1583 5347 1767 5402 Iesum
1802 5347 2159 5400 Nazarenam.
2216 5344 2327 5396 Re-

766 5437 978 5504 spondit
1006 5438 1160 5491 Jesus
1190 5449 1242 5492 et
1278 5440 1406 5492 dixit
1433 5458 1445 5493 :
1493 5440 1607 5492 Dixi
1630 5441 1779 5492 Vultis
1813 5440 1952 5507 quod
1990 5452 2089 5507 ego
2120 5437 2243 5491 situ.
2273 5435 2329 5489 Si

831 5580 874 5610 ⁹¹
925 5579 1053 5637 luto,
1092 5580 1277 5641 Amos,
1313 5595 1363 5639 v,
1404 5579 1458 5631 2.

2429 4612 2527 4663 οὑκ
2568 4610 2715 4661 ἐστιν
2755 4611 2783 4661 ό
2828 4608 3168 4675 ἀναστήσων.
3202 4622 3220 4654 ›
3261 4600 3528 4653 Πίπτουσι
3565 4596 3743 4648 τοίνυν
3809 4594 4009 4653 πάντες

2430 4700 2480 4751 οἱ
2504 4699 2745 4768 τῷλόγῳ
2770 4697 2860 4749 τοῦ
2882 4695 3018 4748 Θεοῦ
3040 4691 3470 4759 ἐναντιούμενοι.
3510 4689 3567 4739 '0
3594 4686 3649 4738 δέ
3686 4687 3885 4752 κῆπος,
3916 4684 3991 4748 ἀφ

2430 4786 2491 4843 οὑ
2533 4792 2565 4859 ή
2610 4788 2853 4858 σωτηρία
2890 4786 3048 4855 ήμῶν
3074 4783 3232 4836 ἔλαϐε
3263 4782 3363 4848 τὴν
3386 4778 3580 4849 ἀρχὴν,
3613 4775 3903 4827 ἀντίτυπον
3944 4772 4009 4823 ἂν

2432 4883 2518 4952 εἴη
2544 4882 2637 4934 τοῦ
2665 4879 3018 4951 παραδείσου.
3061 4875 3149 4927 Ἐν
3184 4874 3292 4943 γὰρ
3327 4872 3403 4941 τῷ
3436 4872 3594 4939 κήπῳ
3622 4868 3714 4921 τοῦ
3747 4866 4009 4934 παραδεί-

2435 4996 2528 5030 σου
2559 4974 2833 5035 πεσόντες,
2861 4970 3073 5037 εἴδομεν
3098 4968 3155 5018 ἐν
3180 4968 3339 5034 κήπῳ
3367 4964 3425 5015 τὸ
3448 4960 3711 5029 σωτήριον
3746 4956 3838 5009 τοῦ
3871 4956 3976 5023 Χρι
4002 4990 4007 4993 ς

2438 5070 2563 5123 στοῦ
2613 5069 2780 5130 πάθος
2828 5066 3115 5133 δεχόμενον
3180 5062 3282 5127 τὴν
3334 5056 3528 5127 ἀρχὴν,
3584 5053 3678 5104 καὶ
3729 5050 3906 5102 πάντα
3941 5048 4009 5099 τὰ

2436 5160 2626 5229 πρώην
2660 5156 2895 5225 δυσχερῆ
2928 5149 3423 5219 ἀπανορθούμενον.

2512 5268 2530 5299 ι
2574 5249 2743 5301 Πάλιν
2772 5242 2865 5299 οὖν
2888 5248 3084 5305 αὐτοὺς
3114 5242 3459 5310 ἐπηρώτησε·
3497 5236 3629 5287 Τίνα
3665 5234 3911 5301 ζητεῖτε;
3947 5229 4009 5280 Ol

2435 5343 2491 5395 δέ
2535 5337 2687 5393 εἷπον
2714 5355 2728 5369 ’
2783 5337 2987 5407 Ἰησοῦν
3023 5336 3111 5387 τὸν
3154 5332 3492 5402 Ναζωραῖον.
3555 5324 3849 5395 ’Λπεκρίθη
3902 5321 4010 5387 Ἰη-

3000 5426 3041 5444 ‘f

2440 5434 2587 5497 σοῦς,
2632 5433 2725 5486 καὶ
2758 5428 2909 5484 εἶπεν
2931 5447 2943 5460 ο
2980 5426 3145 5483 Εἶπον
3190 5427 3337 5495 ὑμῖν,
3375 5426 3455 5478 ὅτι
3511 5421 3620 5490 ἐγώ
3654 5423 3787 5489 εἰμι.
3820 5417 3882 5469 ΕΞ
3916 5409 4011 5467 οὖν

1715 5694 1805 5752 Ex
1841 5692 2184 5752 collatione
2234 5692 2417 5753 codd.
2463 5693 2686 5753 Venet.
2715 5693 2772 5752 ὃ.
2811 5690 3023 5751 Marci.

840 5799 955 5865 (40)
1002 5799 1132 5853 Cod.
1176 5799 1261 5862 3!,
1308 5796 1485 5851 αὐτῶν
1538 5795 1720 5866 θαῦμα
1767 5796 1909 5865 μέγα
1956 5791 2043 5865 ἦν,
2092 5794 2244 5859 ἀλλὰ,
2288 5812 2340 5848 κ.
2388 5811 2437 5853 τ,
2490 5793 2541 5848 λ.
