4284 6450
274 382 382 441 215

949 385 1386 446 ICNARRATIO
1427 387 1502 445 ΙΝ
1547 386 2039 446 EVANGELIUM
2079 387 2649 450 JO.\NNIS.-(.‘Al‘.
2687 394 2907 454 XVlll.

3402 395 3509 456 (216

273 493 374 558 ἐμὲ
405 493 645 560 ζητεῖτε,
688 495 852 558 ἀλρετε
887 497 1110 558 τούτους
1146 498 1409 562 ὑπάγειν·
1448 500 1544 573 ,ἵνα
1576 498 1836 570 πληρωθῇ
1872 508 1913 561 Α
1947 499 1958 551 i

1825 501 1836 567 ᾗ
1872 508 1913 561 Α
1947 499 2108 568 igitur
2144 517 2227 554 me
2265 502 2530 568 qumritis,
2565 505 2724 557 sinite
2764 506 2858 558 hos
2892 509 3063 565 abire,
3120 517 3174 555 ut
3207 506 3258 556 in
3285 507 3517 572 pleretur

271 581 302 631 6
332 580 509 646 λόγος,
539 581 596 632 δν
619 577 791 646 εἶπεν,
824 585 904 637 ὅτι
935 585 1039 648 Οὓς
1064 584 1299 651 δέδωκάς
1330 605 1440 658 μοι,
1463 589 1563 642 οὑκ
1585 588 1842 641 ἀπώλεσα

274 673 332 738 ἐξ
363 673 543 725 αὐτῶν
587 675 798 729 οὐδένα.
841 696 858 728 ι
905 679 1183 732 Κατέσαλε
1235 683 1333 748 μὲν
1362 682 1554 742 αὐτοὺς
1598 681 1840 745 ὑπτίους.

274 766 393 832 ἃμα
443 767 542 834 τήν
567 781 622 816 τε
658 767 887 836 δύναμιν
917 769 1083 822 αὑτοῦ
1114 771 1307 840 δηλῶν,
1340 774 1430 824 καὶ
1477 774 1557 826 ὅτι
1589 774 1726 826 ἑκὼν
1756 775 1846 842 ἔρ.

273 872 426 924 χεται
459 856 592 927 πρὸς
621 860 679 910 τὸ
715 861 910 924 πάθος³
942 863 1076 932 πρὸς
1101 863 1158 915 δὲ
1188 864 1398 927 τούτοις
1450 868 1542 918 καὶ
1584 867 1768 934 ἕτερόν
1794 885 1844 918 τι

270 950 594 1019 οἰκονομῶν.
649 952 765 1004 Ἷνα
823 954 930 1023 γὰρ
993 957 1065 1025 μὴ
1128 959 1254 1027 εἴπῃ
1310 976 1430 1022 τις,
1471 962 1551 1013 ὅτι
1602 961 1753 1013 οὐδὲν
1797 963 1844 1013 οί

285 1039 527 1094 Ἰουδαῖοι
562 1044 842 1113 ἥμαρτονο
877 1047 1034 1110 αὑτὸς
1068 1049 1174 1119 γὰρ
1208 1050 1391 1114 αὑτοῖς
1424 1053 1613 1105 ἑαυτὸν
1648 1053 1846 1121 ἐνεχεί-

276 1151 416 1196 ρισε,
464 1137 559 1188 καὶ
606 1136 762 1204 δῆλον
815 1141 1150 1208 κατέστησε·
1190 1141 1275 1193 διά
1316 1143 1472 1196 τοῦτο
1518 1146 1847 1198 ἐνδείκνυται

273 1227 458 1286 αὑτοῖς
483 1226 650 1301 τοῦτο
683 1229 743 1280 τὸ
777 1234 1019 1300 σημεῖον,
1065 1234 1245 1285 ἱκανὸν
1273 1235 1330 1288 ὃν
1355 1238 1549 1298 αὑτοὺς
1578 1240 1843 1306 ἀνακρού-

277 1318 491 1369 σασθαι.
551 1321 699 1372 Ἐπεὶ
739 1321 794 1373 δὲ
842 1324 1106 1393 ἐπέμενον
1150 1330 1214 1396 τῇ
1271 1330 1436 1398 κακίᾳ
1488 1332 1577 1384 καὶ
1619 1334 1756 1400 μετά
1788 1333 1848 1384 τὸ

274 1406 462 1474 θαῦμα
515 1409 693 1471 τοῦτο,
730 1413 848 1465 τότε
882 1415 943 1484 δὴ
993 1418 1186 1470 ἑαυτὸν
1232 1422 1542 1490 ἐγχειρίζει.
1575 1426 1681 1476 Καὶ
1710 1425 1808 1494 δρα
1831 1467 1844 1488 ,

274 1499 392 1559 πῶς
422 1501 543 1553 οὐδὲ
593 1504 720 1571 ἄχρι
747 1509 844 1576 τῆς
879 1507 1194 1572 τελευταίας
1243 1510 1389 1579 ὧρας
1419 1515 1518 1582 τῆς
1565 1516 1695 1584 πρὸς
1724 1518 1848 1579 τοὺς

277 1593 526 1658 monre,-
570 1594 790 1664 ἀγάπης
853 1599 1090 1666 ὑφίεται.
1149 1621 1165 1651 ι
1207 1603 1267 1654 Et
1325 1605 1433 1671 γὰρ
1467 1607 1563 1673 ἐμὲ
1612 1606 1844 1675 ζητεῖτε,

276 1684 461 1749 φησὶν,
495 1686 659 1750 ἄφετε
691 1689 908 1751 τούτους
941 1692 1189 1759 ὑπάγειν·
1220 1695 1304 1747 ἵνα
1330 1696 1589 1766 πληρωθῇ
1619 1700 1645 1751 6
1668 1698 1844 1766 λόγος,

272 1772 332 1822 ὃν
359 1769 534 1835 εῗτῑεν,
569 1777 648 1826 ὅτι
679 1777 784 1840 Οὑς
816 1780 1052 1843 δέδωκάς
1098 1802 1209 1850 μοι,
1253 1786 1349 1837 οὑκ
1376 1789 1630 1840 ἀπώλεσα
1658 1788 1717 1853 ἐξ
1747 1790 1843 1842 αὑ-

273 1861 380 1912 τῶν
423 1864 631 1916 οὐδένα.
685 1886 702 1916 ›
756 1869 1052 1922 ’Λπιὶιλεισν
1082 1873 1134 1923 δὲ
1182 1875 1207 1922 6
1251 1877 1348 1941 μὲν
1383 1876 1584 1946 Κύριος
1613 1879 1710 1948 τῆς
1739 1879 1843 1948 tilu-
1873 1862 1920 1922 Β

274 1952 375 2019 χῆς
420 1955 626 2022 ἔὶεγεν.
684 1961 748 2027 ἣν
807 1962 980 2023 οὐδεὶς
1037 1964 1143 2015 τῶν
1199 1967 1644 2034 μαθητευθέντων
1697 1971 1844 2040 αὐτῷ

275 2045 484 2111 ὑπέστη
510 2064 520 2074 ·
551 2051 577 2098 6
616 2048 668 2100 δὲ
704 2052 1090 2124 εὑαγγελιστὴς
1121 2057 1208 2107 ἐπὶ
1248 2057 1448 2128 ταύτης
1477 2061 1576 2127 τῆς
1606 2079 1845 2130 σωματι-

277 2137 375 2204 κῆς
425 2141 699 2207 παρέλαϐε
739 2145 910 2200 τοῦτο.
961 2146 1158 2216 Θαῦμα
1200 2150 1276 2211 δὲ,
1314 2153 1427 2214 πῶς
1453 2155 1514 2206 οὑ
1556 2155 1845 2208 συνέλαϐον

275 2229 396 2289 τοὺς
424 2231 775 2296 ἀποστόλους,
804 2240 893 2288 καὶ
925 2241 1232 2310 κατέκοψαν
1254 2244 1470 2306 αύ;οὺς,
1498 2247 1590 2296 καὶ
1613 2246 1845 2314 μάλιστα

271 2321 364 2371 τοῦ
402 2323 606 2394 Πέτρου
658 2330 1059 2395 παροξύναντος
1094 2333 1309 2396 αὐτούς.
1341 2336 1503 2388 Ὅθεν
1535 2336 1711 2404 δῆλον,
1762 2341 1844 2393 ὅτι

275 2414 438 2480 ήτοῦ
496 2415 890 2488 συλληφθέντος
942 2423 1175 2493 δύναμις
1223 2426 1380 2478 τοῦτο
1432 2430 1625 2495 ἐποίει,
1680 2433 1772 2487 καὶ
1811 2434 1845 2503 ἡ

274 2507 571 2575 ἀπόφασις,
603 2511 669 2580 ἢν
702 2517 982 2583 προεῖπεν,
1019 2517 1100 2570 δτι
1132 2536 1150 2568 ι
1185 2519 1379 2582 Οὐδεὶς
1405 2520 1462 2587 ἐξ
1487 2521 1662 2576 αὑτῶν
1691 2524 1839 2576 ἀπώι

273 2598 413 2653 λετο.
455 2620 472 2651 ι
534 2602 705 2657 Τοῦτο
756 2606 886 2672 γοῦν
941 2609 1035 2662 καὶ
1078 2612 1106 2663 6
1160 2611 1546 2683 εὖαγγελιστῂς
1585 2613 1845 2670 διδάσκων

272 2691 441 2757 ἡμᾶς,
475 2691 556 2743 ὅτι
588 2694 682 2760 τῆς
708 2695 801 2749 τοῦ
835 2698 1039 2767 Κυρίου
1083 2700 1408 2766 ἀποφάσεως
1445 2698 1512 2771 ἦν
1543 2704 1601 2754 τὸ
1631 2706 1704 2774 μὴ
1747 2724 1845 2760 κα-

271 2782 578 2848 τακοπῆναι
611 2787 737 2848 τοὺς
775 2788 1044 2857 μαθητὰς,
1082 2791 1275 2860 φησίν·
1317 2810 1336 2843 ι
1376 2792 1492 2846 ’Ὶνα
1537 2794 1792 2866 πληρωθῇ
1817 2799 1845 2849 6

274 2874 450 2939 λόγος,
482 2875 538 2926 δν
563 2872 736 2938 εἶπεν,
761 2879 842 2931 ὅτι
868 2881 980 2934 Οὑκ
997 2882 1255 2937 ἀπώλεσα
1275 2884 1335 2949 ἐξ
1362 2887 1541 2937 αὐτῶν
1566 2887 1757 2941 οὐδένα
1779 2907 1790 2918 ·
1821 2908 1838 2941 ι

272 2964 360 3018 διὰ
393 2967 499 3038 γὰρ
534 2971 631 3040 τὴν
670 2972 951 3027 ἀσθένειαν
997 2974 1177 3027 αὐτῶν
1211 2974 1316 3041 ἔξω
1365 2979 1596 3030 ποιεῖται
1650 2979 1844 3043 αὐτοὺς

275 3062 620 3128 πειρασμῶν.
675 3063 829 3118 Οὕτω
889 3067 982 3118 καὶ
1033 3067 1179 3136 ἡμᾶς
1237 3065 1332 3119 νῦν
1387 3068 1679 3137 οἰκονομεῖ,
1744 3071 1844 3124 κᾶν

272 3151 582 3220 ἀγνοῶμεν.
613 3154 773 3206 ’Ὥστε
820 3156 1036 3208 ἐπειδάν
1091 3174 1172 3209 σοι
1221 3156 1347 3228 ἔλθῃ
1375 3160 1701 3229 πειρασμὸς,
1756 3163 1842 3214 πί·

276 3259 457 3307 στευε,
495 3247 574 3298 ὅτι
625 3248 672 3297 εἰ
725 3249 800 3316 μὴ
835 3250 1148 3316 ἐγίνωσκεν,
1185 3253 1264 3304 ὅτι
1314 3255 1536 3309 δύνασαι
1565 3255 1843 3323 διαφυγεῖν

273 3351 324 3385 τι
339 3333 483 3400 ὗτον,
505 3339 603 3390 οὑκ
621 3339 684 3392 ἂν
704 3339 1048 3411 συνεχώρησε
1075 3358 1153 3396 σοι
1182 3344 1341 3397 αὑτὸν
1363 3346 1631 3410 ἐπελθεῖν,
1657 3345 1842 3417 ὥσπερ

272 3428 394 3480 οὐδὲ
421 3431 544 3483 τότε
575 3435 685 3494 τοῖς
718 3434 1010 3503 μαθηταῖς.

355 3541 373 3572 ι
410 3523 591 3590 Σίμων
618 3521 708 3576 οὑν
737 3527 938 3596 Πέτρος
971 3527 1107 3597 ἔχων
1140 3529 1432 3601 μάχαιραν,
1466 3533 1713 3585 εἵλκυσεν
1742 3534 1838 3585 αὑ-

272 3614 396 3682 τὴν,
425 3617 518 3667 καὶ
547 3615 738 3668 ἔπαισε
779 3619 870 3670 τὸν
897 3619 991 3672 τοῦ
1020 3623 1319 3692 ἀρχιερέως
1344 3624 1549 3688 δοῦλον,
1583 3628 1674 3677 καὶ
1708 3629 1840 3678 ἀπέ-

275 3711 442 3776 νοψεν
475 3709 641 3762 αὑτοῦ
681 3710 740 3763 τὸ
791 3711 950 3764 ὠτίον
1000 3714 1062 3766 τὸ
1111 3714 1316 3781 δεξιόν·
1363 3712 1430 3786 ἦν
1460 3718 1514 3770 δὲ
1547 3718 1712 3787 ὄνομα
1765 3718 1840 3787 τῷ

271 3800 445 3870 δούλῳ
469 3801 707 3870 Μάλχος.
741 3799 907 3855 Εἶπεν
932 3803 1024 3856 οὖν
1053 3807 1079 3858 6
1117 3807 1320 3877 Ἰησοῦς
1350 3808 1426 3880 τῷ
1450 3811 1640 3882 Πέτρῳ
1662 3830 1673 3842 ·
1705 3812 1838 3865 Βάλε

270 3892 372 3961 τὴν
418 3893 695 3963 μάχαιράν
747 3911 840 3947 σου
894 3897 973 3958 εἰς
1021 3898 1119 3967 τὴν
1148 3899 1353 3969 θήκηνο
1388 3904 1448 3956 τὺ
1498 3906 1776 3974 ποτήριον.
1812 3908 1839 3959 δ

270 3983 471 4036 δέδωκέ
501 4003 590 4052 μοι
627 3987 654 4037 6
689 3985 895 4055 Πατὴρ,
941 3988 1000 4040 οὑ
1027 3989 1100 4059 μὴ
1132 3991 1237 4043 πίω
1260 3992 1423 4059 αὑτός
1456 4014 1474 4044 ›
1510 3996 1656 4049 Ἰδὼν
1683 3999 1709 4047 6
1743 3999 1839 4052 Πέ-

269 4091 396 4143 τρος
439 4076 531 4127 τὸν
582 4077 785 4146 Κύριον
816 4081 1021 4142 ὑπτίως
1066 4083 1260 4145 αὐτοὺς
1311 4086 1705 4152 καταϐαλόντα,
1746 4095 1837 4144 καὶ

269 4166 510 4235 εάρσους
559 4169 924 4238 ὑποπλησθεὶς
955 4172 1039 4223 διὰ
1089 4174 1186 4240 τῆς
1237 4174 1332 4227 τοῦ
1377 4178 1578 4247 Κυρίου
1624 4183 1833 4252 φωνῆς,

265 4258 538 4321 εἰπόντος,
579 4277 597 4309 ι
639 4261 838 4328 Ἅφετε
861 4262 1085 4325 τούτους
1118 4265 1372 4332 ὑπάγειν,
1414 4285 1432 4317 ι
1464 4269 1734 4338 ἐνόμισεν,
1763 4273 1834 4335 ὡς

266 4349 460 4418 καιρὸς
501 4349 687 4402 λοιπὸν
723 4352 935 4422 ἀμύνης
965 4354 1114 4417 ἐστὶ,
1149 4359 1242 4407 καὶ
1275 4357 1338 4426 δὴ
1369 4359 1570 4412 σπᾶται
1599 4362 1696 4430 τὴν
1731 4365 1831 4432 μά-

263 4457 487 4508 χαιραν,
520 4441 612 4494 καὶ
642 4446 907 4497 πατάσσει
933 4445 1022 4497 τὸν
1055 4447 1260 4502 δοῦλον.
1300 4449 1412 4517 (41)
1438 4451 1500 4504 Εἰ
1533 4452 1589 4504 δὲ
1624 4453 1829 4522 ζητεῖς,

1948 606 2127 645 sermo
2162 608 2319 660 quem
2354 595 2528 650 dixit:
2575 597 2718 659 Quos
2749 599 2939 650 dedisti
2979 597 3130 659 mihi,
3169 612 3271 650 non
3311 599 3516 664 perdidi

1946 699 2008 736 cx
2049 688 2131 737 eis
2169 701 2513 756 quemquam.
2550 708 2567 740 ι
2613 688 2909 744 Prostravit
2951 692 3167 759 quidem
3209 704 3302 744 eos
3333 703 3389 743 ut
3433 707 3518 744 rc-

1949 789 2178 830 tt-orsum
2227 782 2502 841 caderent,
2551 781 2832 833 declarans
2884 782 3178 849 potentiam
3230 796 3405 846 suam,
3469 794 3520 833 ιιι

1947 871 2086 937 quod
2130 873 2194 922 ad
2238 873 2540 940 passionem
2589 883 2776 941 sponte
2817 875 3048 927 veniret.
3086 874 3164 926 Ad
3201 875 3316 928 haec
3354 878 3515 928 etiam

1947 964 2047 1017 hoc
2071 968 2373 1031 providens,
2397 979 2446 1016 ιιι
2474 983 2537 1018 ne
2562 971 2680 1033 quis
2705 971 2841 1021 dicat
2866 967 3080 1021 Jndmos
3104 985 3207 1023 non
3235 985 3514 1036 peccasse.

1946 1069 2010 1107 eo
2037 1058 2176 1122 quod
2205 1058 2304 1109 illis
2334 1073 2393 1111 se
2418 1058 2468 1110 in
2498 1075 2686 1111 manus
2721 1058 3018 1112 tradiderat
3043 1068 3095 1111 et
3124 1060 3515 1116 manifestat'at.

1950 1161 2167 1215 propter
2196 1150 2297 1203 hoc
2327 1152 2563 1204 ostendit.-
2587 1153 2667 1204 tlS
2695 1152 2798 1205 hoc
2829 1153 3170 1214 miraculum,
3201 1154 3339 1218 quod
3372 1154 3514 1206 snﬂi-

1949 1241 2126 1295 ciebat
2179 1244 2245 1297 ad
2307 1245 2638 1309 repellendos
2675 1259 2786 1297 eos.
2826 1243 2924 1299 Ubi
2984 1256 3160 1297 autem
3218 1245 3268 1297 in
3315 1246 3513 1298 malitia

1950 1351 2046 1387 sua
2107 1347 2518 1400 permanserunt
2578 1338 2740 1389 etiam
2799 1347 2916 1402 post
2971 1337 3282 1390 miraculum
3340 1338 3514 1400 istud,

1950 1437 2075 1479 tunc
2105 1443 2162 1479 se
2193 1429 2442 1477 Illillllllllb‘
2470 1444 2652 1479 eorum
2697 1429 2958 1495 permisit.
2989 1428 3050 1480 Et
3082 1429 3201 1480 vide
3244 1431 3516 1497 quomodo

1951 1535 2119 1582 usque
2155 1518 2218 1568 ad
2253 1518 2491 1569 ultimam
2533 1520 2719 1570 horam
2757 1519 3100 1571 dilectionem
3126 1533 3250 1586 erga
3277 1519 3512 1586 discipu-

1951 1609 2028 1659 los
2085 1624 2186 1659 non
2257 1609 2491 1675 reliquit.
2531 1607 2658 1659 Nam
2701 1625 2718 1657 ι
2775 1608 2827 1659 Si
2871 1623 2956 1661 me
2999 1609 3264 1676 quaeritis,
3320 1610 3513 1674 inquit.

1949 1705 2106 1759 sinite
2140 1705 2257 1756 illos
2286 1705 2455 1766 abire,
2492 1713 2549 1756 ut
2599 1702 2911 1768 impleretur
2945 1719 3127 1754 sermo
3167 1718 3324 1771 quem
3356 1702 3508 1755 dixe-

1953 1807 2033 1850 rat
2069 1814 2080 1847 :
2118 1796 2262 1860 Quos
2303 1795 2492 1848 dedisti
2521 1795 2675 1857 mihi,
2730 1809 2793 1848 ex
2831 1794 2908 1846 eis
2944 1809 3045 1847 non
3086 1793 3294 1861 perdidi
3325 1810 3514 1861 quem-

1947 1906 2131 1961 quam.
2171 1907 2189 1938 »
2226 1887 2589 1940 Perditionem
2616 1899 2792 1938 autem
2843 1886 3102 1939 Dominus
3141 1887 3335 1940 animae
3371 1887 3515 1939 dicc-

1948 1981 2077 2042 bat,
2138 1981 2262 2048 quia
2317 1981 2496 2032 nullus
2553 1979 2708 2044 periit
2768 1979 2857 2045 qui
2921 1980 2986 2030 ah
3036 1993 3099 2030 eo
3153 1979 3339 2031 doctus
3391 1978 3510 2030 fuit.

1948 2071 2281 2141 Evangelista
2318 2083 2494 2124 autem
2548 2079 2603 2122 et
2652 2069 2716 2122 ad
2749 2071 3081 2137 corporalem
3128 2070 3312 2123 trahit.
3354 2069 3516 2123 Mira-

1947 2163 2122 2215 culuni
2172 2175 2371 2225 autem,
2407 2161 2673 2227 quomodo
2727 2176 2828 2212 non
2878 2160 3383 2222 comprehenderint
3438 2160 3511 2211 illi

1948 2254 2244 2324 aposwlos,
2293 2261 2347 2305 et
2399 2250 2753 2306 disseruerim
2807 2265 2937 2311 eos,
3001 2260 3052 2304 et
3109 2252 3340 2305 maxime
3391 2268 3512 2304 cum

1948 2344 2142 2399 Petrus
2177 2343 2451 2397 incitasset
2478 2357 2589 2396 eos.
2637 2340 2792 2396 Unde
2822 2341 3163 2394 manifestum
3192 2341 3334 2408 quod
3367 2357 3514 2396 co":-

1949 2437 2194 2506 preltensi
2252 2437 2425 2489 virtus
2481 2435 2585 2488 hoc
2633 2433 2856 2495 fecerit,
2914 2444 2969 2486 et
3026 2435 3294 2487 sententia
3350 2451 3510 2503 quam

1949 2531 2302 2600 praedixerat,
2337 2529 2542 2583 nullum
2573 2542 2692 2581 esse
2746 2541 2812 2580 ex
2863 2525 2970 2579 illis
3024 2527 3400 2595 perdendum:
3459 2527 3511 2580 id

1948 2624 2088 2692 quod
2143 2633 2198 2678 et
2243 2621 2570 2689 evangelista
2624 2619 2824 2673 docens
2869 2632 2966 2673 nos
3018 2619 3158 2687 quod
3201 2624 3301 2672 hoc
3353 2619 3513 2673 fuerit

1948 2726 2166 2784 pmpter
2184 2713 2506 2768 sententiam
2540 2710 2769 2775 Domini,
2800 2725 2866 2764 ne
2896 2711 3332 2766 interﬁcerentur
3358 2713 3512 2766 disci-

1949 2808 2080 2876 puli,
2117 2807 2289 2875 inquit
2325 2825 2337 2860 :
2387 2823 2404 2855 t
2445 2803 2514 2859 Ut
2564 2803 2879 2871 impleretur
2930 2817 3106 2856 sermo
3149 2818 3306 2872 quem
3335 2805 3467 2858 dixit
3496 2846 3508 2867 ,

1951 2898 2069 2953 Non
2105 2897 2313 2966 perdidi
2344 2910 2408 2951 ex
2435 2897 2514 2950 eis
2540 2907 2884 2962 quemquam.
2921 2912 2937 2944 ι
2963 2892 3094 2947 Nam
3127 2910 3343 2963 promer
3369 2897 3512 2964 ipso-

1946 3007 2063 3044 rum
2099 2990 2470 3044 inlirmitatem
2506 3005 2728 3042 securos
2755 3001 2849 3040 eos
2883 2986 3007 3038 fecit
3037 3003 3064 3038 ο
3103 2989 3508 3044 tentationihus.

1948 3085 2019 3139 Ita
2054 3095 2106 3137 et
2159 3099 2256 3138 nos
2314 3100 2455 3137 nunc
2515 3085 2647 3148 regit
2676 3124 2688 3145 ,
2730 3085 2940 3138 etiamsi
3001 3084 3326 3153 ignoremus.
3361 3081 3513 3137 Unde

1947 3178 2160 3246 quando
2213 3177 2405 3229 incidis
2469 3178 2517 3228 in
2577 3177 2931 3242 tentationes,
2998 3175 3157 3230 crede
3209 3178 3348 3242 quod
3406 3176 3509 3230 nisi

1951 3270 2290 3337 cognovisset
2323 3280 2374 3321 te
2404 3283 2560 3335 posse
2605 3267 2720 3321 illas
2751 3269 3000 3324 evadere.
3046 3282 3150 3320 non
3178 3267 3510 3334 permisisset

1955 3371 2003 3413 te
2036 3362 2084 3412 in
2114 3376 2205 3414 eas
2235 3360 2492 3423 incidere,
2527 3361 2664 3412 sicut
2696 3374 2868 3428 neque
2899 3370 3023 3412 tunc
3054 3359 3364 3426 discipulos.

2023 3541 2181 3594 Vens.
2227 3540 2314 3604 10,
2350 3539 2432 3592 Η.
2469 3559 2485 3589 ι
2521 3536 2704 3590 Simon
2739 3553 2867 3605 ergo
2900 3537 3090 3590 Petrus
3123 3553 3243 3588 eum
3288 3536 3512 3588 ltulierct

1949 3634 2204 3703 gladium,
2236 3633 2420 3686 eduxit
2445 3647 2589 3694 eum,
2615 3644 2663 3684 et
2689 3632 2952 3698 percussit
2985 3628 3252 3697 pontiﬁcis
3272 3642 3506 3686 servum,

1950 3735 2002 3778 et
2030 3724 2260 3778 abscidit
2301 3723 2594 3776 auriculam
2636 3724 2751 3790 ejus
2800 3724 3096 3774 dexteram.
3144 3720 3273 3772 Erat
3330 3733 3506 3773 autem

1952 3832 2145 3871 nomen
2208 3830 2366 3869 servo
2413 3814 2668 3868 Malchus.
2729 3813 2864 3866 Dicit
2919 3829 3047 3884 ergo
3096 3812 3252 3866 Jesus
3311 3813 3506 3866 l‘ctro:

1949 3908 2095 3962 Mitte
2145 3907 2377 3976 gladium
2449 3918 2596 3960 tuum
2649 3905 2700 3958 in
2763 3905 3030 3973 vaginam.
3087 3908 3275 3957 Annon
3330 3904 3506 3955 bibam

1947 4001 2192 4071 poculum
2245 4000 2383 4068 quod
2439 3999 2587 4052 dedit
2633 3998 2760 4051 mihi
2813 3996 3017 4051 Pater?
3060 4017 3077 4049 ι
3138 3997 3268 4050 Cum
3319 3997 3508 4050 l't‘trus

1931 4086 2170 4146 'vidisset
2209 4091 2498 4143 Dominum
2554 4089 2910 4158 prostravisse
2963 4087 3115 4150 illos,
3168 4094 3224 4140 ot
3261 4087 3508 4152 impletus

1944 4194 2089 4240 esset
2165 4183 2356 4238 ﬁducia
2418 4191 2636 4250 propter
2693 4195 2874 4234 vocem
2948 4180 3194 4242 Domini.
3258 4182 3504 4240 dicentis.

1952 4296 1969 4327 ι
2013 4275 2186 4330 Sinite
2219 4275 2339 4329 illos
2371 4275 2540 4338 abire,
2593 4294 2610 4323 ι
2652 4274 2982 4327 existimavit
3021 4274 3181 4343 737
3212 4276 3352 4342 quod
3381 4285 3504 4326 ιιιιιι·

1945 4377 2091 4420 esset
2122 4377 2334 4434 tempus
2361 4367 2626 4424 vindicta.
2652 4376 3004 4433 extractoque
3034 4366 3210 4433 gladio
3244 4367 3506 4431 percussit

1945 4473 2182 4510 servum.
2215 4456 2365 4522 Quod
2396 4456 2440 4508 si
2474 4469 2704 4523 «pueras,
2737 4456 3007 4522 quomodo
3039 4456 3082 4507 is
3114 4455 3202 4523 qui
3224 4456 3403 4519 jussus
3424 4468 3506 4508 est

265 4529 382 4591 πῶς
407 4531 434 4581 6
462 4533 769 4596 κελευσθεὶς
793 4536 867 4604 μὴ
906 4537 1089 4606 πήραν
1115 4537 1279 4606 ἔχειν,
1302 4541 1432 4609 μηδὲ
1462 4541 1554 4593 δύο
1577 4543 1831 4611 χιτῶνας,
1870 4569 1911 4622 D
1947 4569 1956 4600 ι

1817 4586 1831 4608 ,
1870 4569 1911 4622 D
1947 4567 2047 4602 non
2075 4559 2288 4616 portare
2315 4563 2521 4615 peram,
2547 4563 2720 4616 neque
2743 4548 2878 4601 duas
2914 4547 3121 4600 tunicas
3138 4547 3214 4608 ”,
3268 4547 3501 4616 gladium

266 4622 546 4692 μάχαιραν
594 4625 705 4693 ἔχει
729 4642 742 4656 ·
795 4628 1053 4696 μάνθανε,
1085 4631 1165 4682 ὅτι
1215 4631 1301 4684 διά
1331 4633 1390 4684 τὸ
1426 4634 1608 4699 ἀρνίον
1633 4635 1834 4706 ταύτης

262 4714 485 4784 ἔχρῃζε,
529 4719 624 4768 καὶ
656 4718 954 4783 ὲὸἁσταζεν
985 4721 1157 4792 αὑτὴν
1203 4724 1298 4775 καὶ
1326 4727 1465 4793 μετά
1496 4728 1557 4778 τὸ
1583 4727 1794 4779 δεῖπνον
1814 4745 1827 4759 ·

263 4804 296 4874 ἢ
327 4806 426 4856 καὶ
455 4806 708 4868 δεδοικὼς
755 4810 857 4878 τὴν
894 4811 1162 4876 ἐπίθεσιν,
1214 4816 1628 4884 παρεσκεύαστο
1665 4818 1830 4870 πάλαι

263 4898 346 4956 εις
405 4896 580 4950 τοῦτο.
651 4898 713 4951 El
765 4899 820 4953 δὲ
875 4902 1119 4971 ἀπορεῖς,
1179 4905 1296 4967 πῶς
1345 4908 1372 4958 ὁ
1405 4906 1539 4976 μηδὲ
1587 4908 1831 4976 ῥαπίζων

264 4986 344 5058 [Ῑ.
385 4988 666 5060 ῥαπίζειν]
694 4993 1073 5062 προσταχθεὶς,
1106 4996 1241 5066 πρὸς
1267 4997 1460 5065 φόνους
1491 5001 1832 5066 παρεσκευά-

261 5079 424 5142 ζετοσ
465 5079 736 5146 ἀκούσεις,
784 5084 864 5135 ὅτι
914 5084 1150 5151 μάλιστα
1186 5087 1284 5156 μὲν
1328 5089 1426 5159 οὐχ
1455 5090 1655 5160 ἑαυτῷ,
1694 5092 1831 5145 ἀλλά

257 5173 339 5240 τῷ
388 5171 694 5242 διδασκάλῳ
729 5175 967 5245 ἤμυνεν·
1025 5178 1216 5231 ἔπειτα
1267 5181 1390 5233 οὐδὲ
1438 5182 1629 5234 τέλειοι
1681 5182 1830 5234 οὔπω

261 5258 434 5331 ἦσαν·
472 5265 531 5312 ἐν
573 5267 683 5326 τοῖς
729 5265 979 5335 ὑστέροις
1006 5270 1115 5338 γὰρ
1145 5270 1222 5322 ίδε
1255 5288 1346 5340 μοι
1382 5272 1586 5335 τοῦτον,
1628 5277 1740 5336 πῶς
1763 5276 1831 5326 τὰ

259 5355 470 5420 ἔσχατα
514 5356 739 5423 πάσχων
801 5360 1000 5427 χαίρει.
1044 5360 1158 5413 Νῦν
1188 5363 1243 5415 δὲ
1275 5364 1416 5433 ὑπὲρ
1459 5365 1551 5418 τοῦ
1581 5366 1833 5419 διδασκά-

259 5446 355 5498 λου
396 5448 742 5512 ἀγανακτῶν,
792 5451 886 5502 καὶ
917 5453 1004 5504 ἐπ’
1031 5454 1197 5526 αὐτὴν
1228 5456 1378 5527 ὁρμᾷ
1415 5456 1513 5527 τὴν
1555 5460 1824 5526 κεφαλήν·

332 5583 376 5613 ⁸⁸
431 5583 619 5637 Matth.
679 5603 734 5647 λι,
775 5588 858 5640 10.

1938 4642 2195 4704 haberet,
2235 4640 2380 4692 disce
2425 4641 2568 4707 quod
2612 4642 2905 4708 portaverit
2939 4639 3087 4692 illum
3119 4639 3169 4690 in
3198 4654 3349 4691 usum
3381 4641 3502 4705 agni

1941 4733 2219 4803 paschalis
2249 4733 2412 4784 etiam
2440 4742 2558 4800 post
2581 4747 2815 4793 cumam,
2848 4731 2928 4784 vel
2956 4729 3122 4797 quod,
3149 4731 3340 4784 timens
3370 4730 3500 4783 insi-

1936 4828 2072 4886 dias,
2121 4825 2247 4878 olim
2300 4827 2351 4876 in
2408 4826 2507 4877 hoc
2540 4822 2937 4891 pryparaverit.
2973 4821 3127 4887 Quod
3179 4821 3224 4877 si
3265 4821 3498 4884 dubitas.

1937 4917 2226 4985 quomodo.
2250 4930 2372 4970 cum
2398 4915 2701 4984 prohibitus
2725 4913 2885 4967 fuerit
2908 4913 2990 4968 vel
3008 4913 3174 4980 alapis
3199 4921 3495 4982 percutere,

1936 5007 2001 5059 ad
2040 5006 2238 5059 caedem
2269 5019 2326 5057 se
2362 5004 2651 5073 paraverit.
2707 5005 2830 5057 audi
2867 5003 3136 5071 quomodo
3170 5019 3275 5056 non
3299 5013 3498 5058 semet-

1936 5098 2130 5164 ipsum,
2162 5095 2256 5150 sed
2291 5095 2604 5163 magistrum
2649 5096 2881 5148 maxime
2903 5095 3046 5148 ultus
3083 5087 3288 5160 fuerit,
3304 5094 3498 5148 deinde

1933 5189 2076 5256 quod
2117 5189 2353 5241 nondum
2389 5188 2610 5255 perfecti
2655 5196 2782 5240 tunc
2815 5194 2993 5240 erant.
3023 5184 3157 5238 Nam
3197 5187 3317 5239 vide
3356 5201 3493 5252 quo-

1937 5280 2096 5332 modo
2124 5288 2305 5342 postea
2333 5288 2571 5331 extrema
2601 5276 2742 5331 ferre
2772 5279 2987 5346 gaudet,
3015 5291 3157 5331 nunc
3192 5285 3368 5331 autem
3401 5294 3496 5345 pro

1934 5369 2192 5437 magistro
2217 5369 2541 5437 indignatur,
2569 5379 2623 5422 et
2650 5378 2809 5436 caput
2838 5369 3011 5435 ipsum
3041 5369 3264 5432 invadit,
3296 5379 3347 5421 et
3372 5383 3492 5421 cum

1933 5459 2236 5522 aberraret,
2283 5459 2578 5513 auriculam
2614 5461 2780 5514 solam
2843 5460 3130 5516 abscindit.
3166 5458 3324 5514 Jesns
3366 5475 3492 5512 vero

1197 5703 1285 5761 Ex
1311 5700 1646 5763 collatione
1680 5703 1862 5766 codd.
1896 5707 2115 5769 Venet.
2168 5711 2226 5768 S.
2262 5710 2475 5771 Marci.

336 5802 448 5867 (il)
487 5801 621 5856 Cod.
661 5804 749 5867 3'3,
795 5807 853 5858 El
889 5806 943 5858 δὲ
985 5806 1165 5872 ζητεῖς
1210 5804 1403 5871 μαθεῖν
1434 5807 1567 5868 πῶς,
1598 5823 1649 5859 κ.
1687 5824 1735 5858 τ.
1773 5807 1820 5860 λ.
