4284 6450
295 366 409 431 249

942 364 1385 427 ENARRATIO
1426 367 1506 429 IN
1548 370 2045 435 EVANGELIUM
2086 378 2430 442 JOANNIS.
2461 411 2524 422 —
2559 389 2715 449 CAP.
2751 389 2967 449 XVIII.

3451 389 3560 453 250

297 477 527 545 Πέτρον.
567 492 588 527 ι
625 474 938 527 Ἠκολούθει
983 475 1113 546 γὰρ,
1161 479 1316 547 φησὶ,
1366 480 1443 549 τῷ
1472 483 1651 551 findo-3
1700 484 1885 552 Σίμων
1923 490 1989 547 Αη

1867 503 1885 533 ν
1923 490 1958 547 Α
1988 486 2165 544 Jesnm
2201 492 2387 547 Simon
2424 495 2651 563 Petrus;
2696 519 2713 550 ι
2748 501 2941 551 deinde
2994 500 3172 553 subdit
3212 519 3224 555 :
3272 520 3291 552 ι
3340 512 3392 554 ct
3423 505 3559 559 alius

299 571 541 637 Πέτρος·
582 586 601 620 ›
638 563 757 622 εἶτα
780 569 976 636 ἐπάγει
1006 570 1087 635 τὸ,
1120 590 1136 621 ι
1176 575 1269 624 καὶ
1300 574 1327 624 6
1371 573 1528 636 ἄλλος
1559 575 1828 644 μαθητής.
1859 596 1876 627 ι

297 666 399 716 Διὰ
423 662 928 731 ταπεινοφροσύνην
950 659 1039 716 οὖν
1070 665 1263 717 ἑαυτὸν
1294 664 1548 734 κρύπτει.
1585 669 1692 720 Καὶ
1726 669 1882 720 τοῦτο

297 757 354 809 δὲ
385 757 537 818 αὐτὸ,
569 755 597 807 ὃ
647 756 923 823 μέμνηται
974 755 1190 818 ἑαυτοῦ,
1231 756 1318 810 διὰ
1366 758 1525 810 τοῦτο
1568 762 1880 829 μέμνηται,

298 850 387 902 ἶνα
421 848 707 918 μάθωμεν,
738 850 818 902 ὅτι
855 848 1244 920 ἀκριϐέστερον
1277 851 1386 902 τῶν
1418 852 1590 903 ἄλλοιν
1613 853 1880 922 διηγεῖται

296 941 367 995 τὰ
400 941 543 994 κατὰ
577 941 677 1010 τὴν
707 941 897 1009 αὐλὴν,
925 942 1017 994 ἆτε
1047 941 1193 994 ἔνδον
1224 941 1314 997 ῶν.
1356 944 1496 1012 Ὅρα
1529 944 1583 996 δὲ
1640 946 1734 998 καὶ
1766 945 1881 1009 πῶς

298 1035 666 1103 ὑποτέμνεται
699 1033 761 1086 τὸ
807 1034 937 1086 ἴδιον
968 1034 1263 1102 ἐγκώμιον.
1305 1034 1417 1086 ’Ὶνα
1452 1037 1560 1106 γὰρ
1616 1036 1689 1107 μὴ
1721 1038 1882 1089 ἀκού-

300 1144 420 1190 σας,
453 1128 535 1181 ὅτι
572 1145 589 1178 ι
630 1126 845 1195 εἰσῆλθε
880 1127 976 1178 σὺν
1008 1127 1084 1197 τῷ
1108 1126 1281 1195 Ἰησοῦ
1318 1147 1335 1179 ι
1373 1129 1401 1180 6
1433 1128 1706 1198 Ἰωάννης,
1739 1130 1880 1198 μέγα

296 1237 351 1272 τι
394 1221 523 1289 περὶ
575 1219 738 1273 αὐτοῦ
793 1219 1028 1288 ὴγηθῇς,
1067 1221 1233 1283 λέγει,
1268 1222 1349 1274 ὅτι
1385 1221 1661 1291 γνώριμος
1693 1218 1759 1292 ἦν
1788 1222 1880 1274 τοῦ

298 1312 624 1382 ἀρχιερέως.
658 1313 730 1364 Οὐ
763 1311 871 1382 γὰρ
896 1311 971 1373 ὡς
1006 1312 1382 1381 ἀνδρειότερος
1410 1314 1518 1365 τῶν
1552 1314 1725 1367 ἄλλων
1759 1332 1881 1366 συν-

298 1406 576 1475 εισῆλθον,
611 1405 795 1474 φησιν,
848 1406 962 1457 ἀλλ’
995 1404 1069 1466 ὡς
1104 1404 1377 1476 γνώριμος
1414 1407 1506 1459 τοῦ
1560 1408 1878 1477 ἀρχιερέως.

301 1498 408 1553 Τὸν
439 1498 621 1567 μέντοι
652 1498 854 1567 Πέτρον
900 1496 1290 1568 ἀνακηρύττει,
1328 1498 1403 1562 ὡς
1434 1498 1881 1569 ἀκολουθήσαντα

304 1590 404 1659 μὲν
433 1590 519 1642 διὰ
564 1590 655 1642 τὸν
689 1589 872 1652 πόθον,
905 1590 992 1642 διὰ
1022 1590 1075 1643 δὲ
1110 1590 1169 1642 τὸ
1203 1590 1276 1659 μὴ
1302 1585 1439 1642 εἶναι
1480 1590 1755 1661 γνώριμον
1787 1593 1881 1663 δη-

297 1680 459 1753 λαδὴ,
489 1681 592 1745 ἔξω
631 1683 937 1749 ἱστάμενον.
975 1683 1098 1733 Ὀτι
1132 1681 1242 1750 γὰρ
1274 1681 1368 1734 καὶ
1402 1683 1429 1734 6
1465 1682 1669 1753 Πέτρος
1696 1683 1879 1751 εἰσῆλ-

299 1774 394 1827 Θεν
427 1774 516 1835 ειν,
548 1774 706 1842 εἴπερ
727 1775 1036 1844 ἐπετράπη,
1063 1774 1252 1843 δῆλον.
1273 1774 1491 1842 Ἐπειδὴ
1520 1777 1628 1844 γὰρ
1659 1775 1882 1843 ἐξῆλθεν

298 1868 329 1920 ὁ
373 1867 650 1935 Ἱωαννηε,
680 1867 776 1919 καὶ
804 1866 899 1935 τὴν
933 1865 1174 1935 θυρωρὸν
1209 1867 1494 1921 ἐκέλευσεν
1530 1866 1692 1919 αὑτὸν
1734 1869 1880 1920 εἱσα-

301 1959 516 2024 γαγεῖν,
548 1958 745 2020 εὐθέως
780 1957 1025 2027 εἰσῆλθεν
1048 1960 1075 2010 6
1110 1957 1334 2028 Πέτρος.
1362 1957 1513 2011 Διατί
1540 1957 1594 2010 δὲ
1625 1958 1653 2009 6
1694 1957 1879 2010 Ἰωάν-

299 2063 399 2117 νης
459 2047 561 2100 οὐκ
606 2049 901 2117 εἰσήγαγεν
950 2047 1135 2110 αὐτὸν,
1173 2046 1309 2101 ἀλλὰ
1353 2050 1419 2117 τῇ
1471 2048 1688 2115 γυναικὶ
1726 2047 1883 2099 τοῦτο

301 2139 621 2208 ἐπιτρέπει;
657 2142 755 2193 Διὰ
790 2140 850 2193 τὸ
882 2140 1089 2209 σφόδρα
1116 2139 1336 2208 ἔχεσθαι
1369 2140 1463 2193 τοῦ
1495 2137 1754 2211 Χριστοῦ,
1788 2138 1881 2192 καὶ

301 2230 695 2285 ἐπακολουθεῖν
737 2230 907 2301 αὐτῷ,
952 2230 1047 2284 καὶ
1102 2230 1178 2303 μὴ
1226 2229 1401 2285 θέλειν
1432 2232 1525 2286 ἀπ’
1576 2230 1739 2283 αὑτοῦ
1779 2249 1858 2302 χω

303 2324 577 2393 ρισθῆναι.

382 2433 401 2465 ι
456 2414 622 2481 Λέγει
672 2413 767 2467 οὖν
821 2414 855 2485 ἡ
907 2414 1163 2484 παιδίσκη
1201 2416 1234 2485 ἡ
1271 2413 1515 2487 θυρωρὸς
1545 2414 1620 2485 τῷ
1655 2415 1877 2487 Πέτρῳ·

302 2505 396 2576 Μὴ
419 2507 515 2557 καὶ
542 2505 605 2557 σὺ
636 2506 699 2558 ἐκ
728 2504 835 2558 τῶν
857 2505 1113 2577 μαθητῶν
1142 2502 1193 2559 εἷ
1217 2507 1310 2560 τοῦ
1343 2506 1631 2578 ἀνθρώπου
1654 2508 1879 2573 τούτους

301 2597 467 2662 Λέγει
504 2597 741 2658 ἐκεῖνος*
792 2596 905 2649 Οὐκ
939 2596 1075 2666 είμί.
1111 2597 1468 2667 Είστήκεισαν
1526 2597 1583 2651 δὲ
1630 2599 1677 2649 οῖ
1709 2597 1882 2651 δοῦλοι

302 2688 403 2739 καὶ
429 2690 477 2740 οἱ
520 2688 810 2757 ὑπηρέται,
859 2688 1163 2760 ἀνθρακιὰν
1193 2690 1573 2759 πεποιηκότες,
1605 2690 1684 2743 ὅτι
1713 2689 1882 2760 ψύχος

301 2774 394 2850 ἦν,
440 2781 537 2833 καὶ
566 2781 965 2852 ἐθερμαίνοντο.
1006 2775 1115 2833 Ἦν
1153 2780 1208 2833 δὲ
1263 2781 1377 2851 μετ’
1404 2782 1583 2835 αὐτῶν
1617 2783 1645 2834 ὀ
1677 2782 1883 2851 Πέτρος

303 2868 501 2934 ἑστὼς,
558 2872 653 2925 καὶ
718 2870 1169 2942 Θερμαινόμενος.
1210 2891 1227 2923 ι
1288 2873 1499 2942 Ἐρωτᾷ
1551 2874 1880 2943 ήπαιδῐσκη

302 2962 398 3015 τὸν
430 2963 655 3034 Πέτρον,
688 2964 748 3016 οὐ
804 2963 1073 3033 θρασέως,
1104 2964 1212 3016 οὐδ’
1260 2965 1571 3035 ἀποτόμως,
1607 2966 1741 3020 ἀλλὰ
1790 2967 1883 3020 καὶ

304 3056 425 3109 λίαν
471 3057 712 3126 πραέως.
746 3057 819 3109 Οὐ
853 3057 959 3126 γὰρ
1010 3051 1131 3109 εἷπε
1160 3073 1173 3087 ’
1206 3056 1298 3127 Μὴ
1329 3058 1422 3111 καὶ
1458 3059 1520 3111 σὺ
1549 3060 1612 3112 ἐκ
1638 3058 1745 3111 τῶν
1778 3077 1882 3129 μα⁹

1907 1836 1954 1895 Β

1983 583 2299 652 discipulus.
2336 604 2357 636 ι
2386 586 2615 654 Propter
2645 591 3003 643 humilitatem
3033 590 3194 658 igitur
3220 606 3278 645 se
3301 593 3555 657 occultat,

1984 684 2036 728 et
2094 688 2308 743 propter
2341 679 2481 732 istud
2537 680 2711 747 ipsum
2733 685 2814 735 sui
2874 683 3138 744 meminit,
3199 694 3252 734 ut
3285 684 3558 737 discamus

1983 767 2126 835 quod
2164 771 2365 823 certius
2405 782 2584 825 narret
2619 788 2681 825 ea
2712 788 2829 840 quae
2885 775 2933 827 in
2980 775 3117 827 atrio
3146 776 3251 827 sint
3292 775 3457 838 facta,
3494 792 3559 831 co

1982 861 2123 928 quod
2161 860 2304 917 intus
2336 863 2519 919 fuerit.
2548 864 2677 919 Vide
2700 876 2879 920 autem
2906 868 3181 935 quomodo
3201 879 3252 922 et
3285 872 3554 939 propriam

1984 952 2190 1006 Iaudem
2228 958 2542 1009 resecuerit.
2580 957 2709 1011 Nam
2766 968 2822 1011 ut
2877 974 2942 1012 ne
2978 975 3099 1013 cum
3146 963 3381 1015 audieris
3414 962 3556 1029 quod

1989 1063 2008 1097 ι
2040 1045 2311 1115 ingressus
2339 1048 2408 1102 sit
2439 1064 2559 1103 cum
2588 1049 2716 1104 Jesu
2752 1070 2770 1101 ι
2800 1051 3059 1116 Joannes,
3115 1068 3363 1123 magnum
3400 1054 3558 1122 quid-

1983 1138 2103 1190 dam
2143 1138 2206 1190 de
2236 1154 2298 1193 eo
2332 1142 2606 1195 existimes
2639 1144 2735 1210 \a),
2772 1144 2939 1202 dicit.
2975 1162 2992 1195 ι
3031 1142 3197 1197 Notus
3229 1156 3403 1197 autem
3441 1156 3558 1199 crat

1984 1230 2245 1297 pontiﬁci.
2290 1253 2307 1283 ›
2344 1231 2456 1285 Νοιι
2489 1236 2631 1288 enim
2691 1246 2944 1304 tauquam
2993 1236 3112 1290 aliis
3158 1237 3347 1290 fortior
3395 1238 3557 1291 simul

1984 1323 2259 1393 ingressus
2288 1339 2428 1391 sum,
2463 1327 2654 1394 inquit,
2690 1330 2783 1381 sed
2820 1337 3071 1395 tauquam
3102 1338 3257 1382 notus
3293 1328 3554 1395 pontiﬁci.

1982 1414 2201 1469 Petrum
2235 1434 2364 1470 vero
2416 1422 2691 1486 praedicnt,
2746 1437 2809 1472 eo
2849 1423 2990 1486 quod
3051 1431 3267 1488 pmpter
3317 1436 3555 1474 amorem

1984 1519 2198 1563 secutus
2231 1508 2411 1571 fuerit,
2466 1520 2517 1565 et
2547 1513 2669 1579 quia
2706 1528 2806 1565 non
2844 1522 2960 1565 erat
2997 1525 3176 1571 notus.
3217 1512 3361 1566 foras
3388 1522 3557 1567 stete-

1984 1602 2075 1654 rit.
2106 1599 2234 1653 Nam
2288 1603 2430 1669 quod
2488 1613 2542 1655 et
2598 1602 2791 1657 I'ctrus
2820 1604 3094 1673 ingressus
3140 1604 3327 1659 fuisset
3358 1605 3400 1658 si
3436 1619 3558 1671 per-

1984 1694 2204 1745 missmu
2236 1693 2450 1759 fuisset,
2488 1695 2857 1747 manifestum.
2894 1694 3179 1763 Postquam
3216 1697 3359 1749 enim
3392 1694 3558 1750 Joan-

1984 1800 2079 1837 nes
2105 1786 2292 1844 exivit,
2327 1797 2380 1838 et
2404 1788 2640 1839 ostiaria:
2676 1785 2838 1851 jussit
2884 1796 2940 1840 ut
2982 1788 3129 1839 illutn
3159 1789 3548 1851 introduceret,

1982 1875 2161 1928 statim
2196 1876 2467 1943 ingressus
2511 1887 2594 1930 est
2652 1876 2865 1934 Petrus.
2896 1878 3072 1943 Quare
3109 1890 3287 1932 autem
3316 1879 3553 1933 Joannes

1984 1981 2087 2018 nou
2150 1968 2446 2021 introduxit
2493 1984 2613 2021 eum
2642 2009 2657 2031 ,
2707 1973 2799 2025 sed
2857 1971 3064 2025 mulieri
3104 1972 3202 2025 hoc
3236 1972 3556 2025 commisit?

1983 2058 2115 2124 Quia
2151 2060 2302 2112 valde
2329 2062 2638 2115 adhaerebat
2667 2062 2906 2128 Christo,
2943 2080 3173 2132 eumque
3202 2066 3554 2133 sequebatur,

1984 2151 2161 2204 renuit
2194 2152 2258 2204 ab
2292 2166 2355 2205 eo
2380 2154 2644 2222 separari.

2056 2423 2217 2478 Vens.
2255 2423 2341 2487 Π,
2378 2423 2463 2477 18.
2506 2440 2523 2473 ι
2559 2422 2703 2475 Dixit
2736 2438 2862 2491 ergo
2888 2422 3048 2475 Petro
3073 2422 3265 2476 ancilla
3295 2423 3513 2478 OStiaria
3537 2442 3555 2479 :

1983 2516 2120 2572 Num
2152 2526 2207 2571 et
2255 2525 2308 2569 tu
2358 2529 2419 2569 ex
2459 2514 2736 2582 discipulis
2764 2529 2823 2568 es
2877 2515 3113 2569 hominis
3167 2514 3365 2569 istius?
3419 2515 3557 2568 Dicit

1986 2610 2107 2663 ille:
2171 2608 2283 2663 Non
2339 2622 2479 2661 sum.
2512 2606 2739 2659 Stabant
2787 2614 2966 2658 autem
3003 2606 3144 2660 servi
3186 2616 3235 2659 et
3296 2606 3560 2669 ministri,

1985 2701 2075 2768 qui
2106 2714 2308 2766 prunas
2335 2707 2747 2765 congesserant,
2780 2696 2906 2765 quia
2956 2696 3125 2767 frigus
3150 2706 3288 2759 erat,
3336 2706 3389 2749 et
3418 2696 3559 2748 cale-

1988 2792 2259 2847 faciebant
2299 2806 2377 2845 se.
2421 2790 2547 2843 Erat
2576 2798 2751 2842 autem
2785 2804 2905 2842 cum
2936 2787 3016 2842 eis
3056 2798 3109 2841 et
3140 2786 3331 2841 Petrus
3380 2797 3556 2847 stans,

1986 2896 2041 2940 et
2075 2883 2400 2939 calefacieus
2423 2897 2502 2936 se.
2543 2900 2561 2932 ι
2594 2880 2893 2949 lnterrogat
2936 2879 3129 2933 ancilla
3170 2877 3415 2941 Petrum,
3452 2893 3556 2931 non

1986 2976 2393 3036 contumeliose,
2432 2989 2534 3028 non
2570 2971 2874 3040 praefracte,
2910 2972 3003 3025 sed
3056 2970 3206 3024 valde
3256 2979 3555 3023 mansuete.

1987 3070 2102 3124 Non
2138 3070 2279 3123 enim
2310 3068 2443 3122 dixit
2470 3084 2482 3118 :
2526 3065 2661 3119 Num
2692 3075 2745 3118 et
2779 3072 2833 3116 tu
2865 3078 2930 3117 ex
2967 3061 3245 3132 discipulis
3275 3077 3331 3116 es
3384 3062 3557 3129 impo-

305 3148 488 3218 θητῶν
522 3150 572 3201 εί
617 3147 711 3201 τοῦ
764 3150 1004 3215 πλάνους
1050 3149 1209 3215 ἀλλὰ,
1247 3168 1265 3200 ι
1304 3138 1395 3203 τοῦ
1442 3149 1730 3221 ἀνθρώπου
1762 3150 1882 3205 τού·
1910 3175 1952 3230 C
1987 3181 1997 3217 ε

1866 3175 1952 3230 'c
1987 3162 2193 3217 storis?
2245 3162 2361 3225 sed,
2426 3178 2442 3209 ι
2491 3158 2722 3213 hominis
2771 3157 2927 3211 istius
2967 3174 2978 3208 :
3024 3174 3039 3206 ι
3094 3154 3144 3209 id
3201 3153 3340 3224 quod
3390 3153 3558 3221 magis

304 3258 434 3294 του’
475 3260 493 3292 ι
556 3242 690 3311 ὅπερ
736 3240 991 3310 ὲλεούσης
1052 3242 1252 3311 μᾶλλον
1298 3237 1366 3313 ἦν
1428 3244 1521 3295 καὶ
1572 3242 1880 3313 φιλανθρω-

307 3333 639 3402 πευομένης.
698 3326 831 3384 Eine
889 3332 945 3385 δὲ
998 3331 1079 3399 τὸ,
1143 3350 1162 3383 ι
1224 3332 1298 3403 μὴ
1346 3334 1439 3387 καὶ
1501 3334 1587 3399 σὺ,
1628 3335 1877 3404 »ἐπειδὴ

320 3424 573 3491 Ἰωάννης
600 3422 747 3475 ἔνδον
779 3418 865 3494 ἦν.
899 3423 1041 3476 Ἀλλ’
1072 3426 1105 3494 ἡ
1140 3424 1238 3495 μὲν
1260 3424 1397 3495 γυνὴ
1424 3423 1565 3479 οὕτω
1596 3425 1879 3496 προσηνῶς

304 3514 613 3583 διελέγετο·
663 3516 865 3576 ἐκεῖνος
915 3514 970 3567 δὲ
1018 3515 1229 3580 οὐδενὸς
1263 3516 1467 3569 τούτων
1511 3517 1726 3587 ᾔσθετο,
1760 3518 1879 3570 οὐδὲ

307 3608 388 3669 εἰς
411 3606 536 3658 νοῦν
561 3604 716 3657 ἔϐαλε
746 3605 845 3675 τὴν
889 3606 982 3657 τοῦ
1018 3606 1254 3676 Χριστοῦ
1289 3608 1620 3678 πρόρρησιν·
1648 3607 1821 3671 οὕτως
1846 3609 1877 3677 ἡ

308 3697 625 3771 ἀνθρωπίνη
674 3698 832 3768 φύσις
871 3698 1097 3763 ἀσθενὲς
1148 3700 1356 3770 χρῆμα,
1411 3702 1539 3754 ὃταν
1580 3701 1684 3755 ὑπὸ
1744 3701 1880 3754 Θεοῦ

311 3793 734 3863 ἑγκαταλειφθῇ.
791 3792 944 3855 Τινὲς
991 3792 1048 3845 δὲ
1094 3794 1330 3862 ματαίαν
1376 3794 1533 3866 χάριν
1562 3794 1639 3865 τῷ
1694 3795 1884 3865 Πέτρῳ

311 3885 684 3957 χαριζόμενοι,
733 3884 919 3953 φασιν.
954 3886 1037 3938 ὅτι
1069 3886 1167 3955 οὐχ
1204 3886 1278 3948 ὡς
1323 3886 1581 3955 φοϐηθεὶς
1613 3887 1641 3937 6
1684 3886 1882 3956 Πέτρος

310 3978 612 4048 ἠρνήσατο,
656 3975 769 4029 ἀλλ’
819 3976 942 4029 taret
994 3976 1153 4046 ἠθελε
1207 3977 1304 4047 μὲν
1358 3977 1442 4030 ἀεὶ
1501 3979 1739 4031 συνεῖναι
1790 3978 1885 4030 καὶ

309 4069 627 4124 ἀκολουθεῖν
660 4069 738 4139 τῷ
764 4068 1007 4139 Χριστῷ,
1042 4068 1310 4136 ἠπίστατο
1337 4068 1412 4130 δὲ,
1442 4069 1522 4121 ὅτι
1557 4069 1651 4124 ἐὰν
1692 4070 1884 4140 ὁμολο-

308 4163 455 4231 γήσῃ
489 4160 681 4212 ἑαυτὴν
716 4158 964 4228 μαθητὴν
995 4158 1089 4211 τοῦ
1138 4158 1338 4226 Ἰησοῦ,
1371 4159 1884 4230 ὰποχωρισθήσεται

308 4250 499 4317 αὑτοῦ,
548 4254 644 4303 καὶ
677 4251 775 4304 οὐκ
820 4251 899 4303 ἔτι
929 4250 1039 4314 ἕξει
1092 4252 1297 4321 χώραν,
1358 4249 1496 4303 ὥστε
1552 4250 1882 4315 ἀκολουθεῖν,

312 4346 408 4397 καὶ
456 4341 679 4412 βλέπειν
728 4341 819 4396 τὸν
871 4340 1223 4411 ποθούμενον,
1272 4341 1360 4395 διὰ
1405 4342 1560 4394 τοῦτο
1592 4343 1887 4412 ἠρνήσατο,

310 4434 395 4487 ὅτι
430 4451 448 4485 ι
495 4435 609 4486 Οὐκ
654 4432 790 4501 εἰμί.
831 4452 851 4485 ι
898 4434 1051 4485 Ἐπεὶ
1099 4434 1192 4486 καὶ
1246 4433 1305 4484 τὸ
1350 4433 1738 4503 θερμαίνεσθαι
1780 4436 1889 4488 ἀπὸ

1988 3251 2323 3307 miserantis.
2356 3250 2499 3303 Dixit
2540 3258 2737 3312 autent,
2797 3266 2815 3297 ι
2854 3246 3096 3314 nunquid
3141 3254 3195 3298 et
3239 3243 3339 3297 tu?
3379 3262 3395 3293 ι
3431 3243 3556 3312 quia

1986 3344 2225 3398 Joannes
2254 3342 2399 3395 intus
2430 3350 2565 3393 erat.
2597 3340 2658 3392 Et
2688 3338 2881 3391 mulier
2925 3336 3139 3405 quidem
3178 3338 3248 3389 ita
3283 3344 3562 3389 mansuete

1990 3434 2388 3505 alloquebatur.
2439 3431 2534 3486 Ille
2594 3441 2772 3485 autem
2834 3430 2965 3484 nihil
3013 3429 3203 3483 horum
3256 3429 3559 3490 sentiebat,

1990 3543 2168 3599 neque
2196 3528 2249 3581 in
2282 3526 2520 3580 animum
2556 3523 2849 3591 recipiebat
2880 3521 3080 3577 Christi
3136 3522 3557 3589 praedictionem.

1991 3622 2067 3676 Ita
2104 3620 2315 3674 inﬁrma
2350 3632 2434 3672 res
2469 3619 2701 3670 humana
2756 3625 2944 3668 natura
3003 3624 3103 3678 est,
3136 3614 3351 3680 quando
3389 3627 3417 3663 a
3454 3611 3561 3665 Deo

1990 3712 2401 3781 derelinquitur.
2434 3709 2661 3776 Quidam
2693 3717 2871 3761 autem
2897 3704 3061 3761 stulte
3089 3705 3246 3759 Petro
3271 3702 3560 3775 gratiﬁcari

1992 3804 2252 3868 volentes,
2309 3804 2530 3866 dicunt,
2563 3800 2703 3871 quod
2756 3814 2857 3853 nou
2895 3799 2964 3852 ob
3016 3798 3257 3851 timorem
3290 3794 3564 3864 negaverit

1994 3894 2205 3961 Petrus,
2240 3894 2333 3949 sed
2362 3893 2594 3947 voluerit
2639 3892 2853 3961 quidem
2907 3903 3120 3956 semper
3165 3902 3288 3941 cum
3348 3886 3564 3940 Christo

1993 4004 2115 4043 esse
2174 3997 2228 4043 et
2248 4002 2368 4041 eum
2391 3986 2543 4056 sequi
2571 4004 2583 4039 :
2619 3984 2871 4054 cognovit
2904 3992 3081 4036 autem
3107 3981 3249 4049 quod
3282 3982 3324 4033 si
3353 3977 3565 4032 confes-

1992 4096 2084 4134 sus
2136 4078 2372 4141 fuisset,
2450 4093 2510 4131 se
2601 4074 2917 4145 discipulum
2987 4073 3155 4137 Jesu,
3230 4069 3563 4139 separandus

1996 4171 2186 4227 luisset
2221 4171 2286 4225 ab
2333 4184 2416 4235 eo,
2467 4180 2516 4225 et
2554 4184 2659 4223 non
2712 4168 2850 4221 ultra
2889 4166 3170 4220 habiturus
3217 4173 3335 4218 erat
3385 4164 3561 4217 locum

1997 4266 2136 4331 quod
2167 4272 2507 4327 sequeretur,
2542 4270 2595 4314 et
2632 4260 2839 4313 videret
2873 4256 3310 4323 desiderabilem,
3360 4266 3413 4309 et
3442 4270 3566 4322 pro-

1997 4365 2182 4423 pterea
2218 4352 2379 4422 739
2405 4353 2639 4421 negavit,
2662 4351 2847 4405 dicens
2878 4367 2889 4401 :
2918 4368 2934 4400 ι
2970 4346 3082 4404 Non
3119 4364 3256 4402 sum.
3296 4366 3312 4398 ι
3353 4346 3483 4399 Nam
3512 4356 3567 4399 et

1998 4460 2062 4499 ex
2090 4445 2275 4497 eadem
2308 4443 2574 4497 sententia
2637 4442 2755 4503 fuit,
2790 4441 2930 4510 quod
2991 4454 3047 4494 se
3094 4439 3431 4493 calefaceret.
3476 4437 3563 4489 Si-

309 4524 567 4594 τοιαύτης
600 4526 834 4577 ἐποιεῖτο
868 4523 1112 4595 γνώμης.
1158 4523 1513 4593 Ὕπεκρίνετο
1544 4527 1651 4596 γὰρ
1684 4526 1749 4580 τὰ
1782 4526 1891 4593 τῶν
1918 4526 1971 4585 D

1873 4544 1891 4579 ν
1918 4526 1971 4585 D
2000 4536 2221 4590 mulavit
2255 4535 2397 4588 enim
2435 4550 2495 4588 se
2547 4533 2730 4587 facere
2762 4549 2821 4587 ea
2873 4548 2991 4601 qua:
3022 4528 3276 4595 ministri,
3316 4540 3371 4584 ut
3426 4543 3565 4581 unus

312 4614 605 4685 ὑπηρετῶν
633 4614 785 4684 δρᾷν,
822 4615 895 4677 ὡς
930 4610 1008 4678 εἷς
1040 4615 1283 4676 ἐκείνων,
1324 4616 1411 4669 ἵνα
1448 4617 1523 4687 μὴ
1547 4616 1624 4686 τῷ
1656 4621 1893 4686 κατηφεῖ

310 4706 408 4762 τοῦ
452 4706 747 4777 προσώπου
800 4705 1095 4776 φωραθεὶς,
1135 4707 1475 4779 ὲκκλεισθείη
1522 4708 1617 4761 τοῦ
1671 4709 1891 4778 βλέπειν

308 4804 405 4855 τὸν
439 4800 695 4870 Χριστὸν,
735 4800 809 4862 ὼς
844 4798 1093 4869 μαθητὴς
1118 4800 1308 4853 τούτου
1344 4803 1408 4853 ἑκ
1439 4800 1530 4853 τοῦ
1566 4801 1730 4871 μέσου
1760 4803 1887 4855 διωσ-

310 4891 377 4945 x6
385 4908 566 4960 μενος.

398 5000 415 5033 ι
462 4980 521 5034 '0
548 4980 641 5033 οὖν
671 4981 962 5051 ἀρχιερεὺς
978 4978 1229 5053 ἠρώτησε
1260 4982 1353 5034 τὸν
1394 4983 1600 5052 Ἰησοῦν
1630 4984 1755 5055 περὶ
1785 4984 1891 5036 τῶν

317 5073 582 5143 μαθητῶν
614 5072 803 5135 αὑτοῦ,
835 5073 930 5125 καὶ
954 5074 1083 5143 περὶ
1114 5073 1214 5142 τῆς
1244 5073 1462 5143 διδαχῆς
1494 5076 1681 5130 αὑτοῦ.
1730 5078 1889 5129 Ἀπε-

315 5164 486 5234 κρίθη
520 5163 666 5234 αὑτῷ
689 5166 716 5217 6
764 5165 970 5233 Ἰησοῦς
998 5181 1011 5195 ·
1056 5165 1200 5231 Ἐγὼ
1234 5168 1518 5239 παρρησίᾳ
1553 5168 1888 5240 ἐλάλησατῷ

314 5256 532 5325 κόσμῳ,
589 5256 700 5323 ἐγὼ
731 5256 958 5309 πάντοτε
1002 5258 1219 5323 ἐδίδαξα
1260 5262 1316 5313 ἐν
1364 5264 1429 5331 τῇ
1478 5266 1771 5334 συναγωγῇ
1797 5262 1890 5315 καὶ

314 5350 375 5400 ἐν
408 5347 660 5417 τῷίερῷ,
698 5349 830 5401 ὅπου
864 5351 1060 5413 πάντες
1121 5354 1169 5403 oi
1225 5352 1466 5405 Ἰουδαῖοι
1520 5356 1886 5425 συνέρχονται,

315 5439 414 5491 καὶ
438 5440 495 5490 ὲν
530 5440 758 5510 κρυπτῷ
790 5441 1028 5512 ἐλάλησα
1059 5443 1230 5497 οὐδέν.
1260 5444 1323 5495 Τί
1362 5463 1427 5514 με
1448 5447 1687 5515 ὲρωτᾷςς
1739 5448 1885 5502 Ἐπε-

312 5529 564 5600 ρὼτησον
594 5532 720 5595 τοὺς
761 5533 1091 5601 ἀκηκοότας,
1137 5535 1188 5587 τί
1239 5536 1477 5602 ἐλάλησα
1528 5539 1731 5600 αὐτοῖς.
1778 5540 1880 5591 Ἴδε

312 5615 462 5674 οὗτοι
488 5621 713 5686 οἴδασιν,
744 5622 780 5677 ἃ
798 5620 948 5676 εἷπον
972 5624 1102 5692 ἐγώ.
1137 5624 1324 5681 Ταῦτα
1350 5627 1405 5678 δὲ
1430 5629 1591 5680 αὐτοῦ
1615 5630 1879 5694 εἰπόντος,

396 5798 476 5870 (a)
507 5798 647 5855 Edit.
679 5799 824 5869 Lut.,
856 5803 1114 5859 existimet
1144 5820 1263 5859 eum
1294 5805 1564 5874 fortiorem
1598 5808 1743 5861 aliis.

1991 4628 2225 4692 illorum,
2253 4636 2309 4680 ut
2342 4642 2408 4681 ne
2440 4640 2501 4680 ex
2541 4626 2757 4679 tristitia
2794 4624 2947 4677 faciei
2981 4625 3349 4693 deprehensus
3381 4621 3566 4675 exclu-

1995 4722 2152 4773 datur
2184 4734 2211 4771 a
2250 4719 2478 4774 videndo
2510 4717 2745 4772 Christw
2780 4718 3015 4786 rejectus
3037 4731 3067 4770 e
3102 4715 3277 4768 medio
3313 4723 3372 4767 ut
3404 4713 3569 4766 disci-

1994 4814 2151 4883 pulus
2180 4812 2317 4882 ejus.

2070 4990 2231 5046 Vens.
2271 4991 2454 5045 19οὲ5.
2492 5009 2508 5040 ι
2541 4988 2785 5042 Pomifex
2821 5003 2948 5056 ergo
2984 4984 3329 5051 interrogavit
3378 4983 3564 5037 Jesum

1995 5084 2061 5136 de
2101 5082 2377 5150 discipulis
2404 5082 2538 5147 suis,
2561 5089 2616 5137 et
2643 5081 2709 5135 de
2745 5079 2982 5133 doetrina
3034 5078 3222 5145 ipsius.
3266 5074 3566 5145 Respondit

1996 5174 2044 5227 ei
2085 5172 2277 5228 Jesus:
2308 5173 2418 5244 Ego
2448 5173 2619 5242 palam
2651 5174 2861 5225 locutus
2886 5186 3001 5223 sunt
3042 5170 3262 5231 mundo,
3296 5182 3392 5237 ego
3427 5182 3568 5219 sem-

1996 5281 2088 5333 per
2136 5267 2291 5320 docui
2350 5267 2400 5318 in
2454 5280 2723 5335 synagoga
2774 5272 2829 5317 et
2885 5263 2936 5314 in
2986 5260 3182 5329 templo
3222 5274 3329 5328 quo
3367 5273 3567 5331 omnes

1991 5355 2162 5410 Judaei
2198 5357 2545 5419 conveniunt,
2590 5367 2642 5409 et
2676 5356 2725 5409 in
2771 5354 2978 5408 occulto
3019 5352 3229 5405 locutus
3260 5366 3377 5403 sum
3411 5350 3560 5403 nihil.

1994 5447 2131 5513 Quid
2166 5465 2249 5503 me
2292 5448 2632 5518 interrogas?
2680 5447 2950 5513 Interroga
2986 5459 3078 5498 cos
3125 5444 3215 5511 qui
3275 5442 3564 5495 audierunt

1993 5539 2122 5607 quid
2160 5540 2371 5593 locutus
2400 5553 2518 5592 sum
2552 5540 2701 5607 ipsis.
2733 5538 2869 5591 Ecce
2893 5535 2946 5589 lii
2985 5536 3161 5590 sciunt
3187 5548 3304 5602 qua:
3329 5532 3557 5586 dixerim

1994 5646 2110 5702 ego.
2165 5633 2290 5686 tlccc
2342 5640 2522 5686 autem
2571 5645 2692 5684 cum
2722 5629 2969 5692 dixisset,
2999 5642 3139 5681 unus
3174 5625 3433 5680 assistens
3463 5622 3562 5676 mi.
