4284 6450
727 415 826 476 251

729 526 1027 579 nisti-urunt
1084 520 1231 574 dedit
1298 515 1507 584 alapam
1562 517 1729 584 Jesu,
1791 519 2032 572 dicens:

727 613 1025 681 respondes
1066 607 1352 678 pontiﬁci?
1401 606 1698 675 Respondit
1757 610 1806 663 ei
1835 605 2029 660 Iesus:
2071 606 2126 660 Si
2167 607 2304 661 male

727 705 940 759 locutus
984 718 1124 766 sum,
1179 711 1378 755 testare
1407 707 1473 753 de
1505 701 1681 765 malo;
1739 702 1822 755 sin
1878 701 2033 766 bene,
2069 717 2167 755 cur
2219 716 2305 755 tne

729 795 928 848 rsedis?
960 811 978 845 ι
1017 791 1319 860 lnterrogat
1371 792 1608 860 pontifex
1666 791 1850 845 Jesum
1899 793 1967 845 de
1999 792 2300 859 discipulis,

731 887 962 938 fortasse
998 884 1049 937 in
1088 884 1228 936 hunc
1274 885 1533 935 modum:
1567 881 1668 936 Ubi
1717 893 1861 948 sunt,
1899 892 1990 936 aut
2032 883 2124 950 qui
2158 894 2300 947 sunt,

729 988 818 1028 nul
848 993 950 1044 qua
985 985 1163 1029 mente
1193 990 1287 1029 eos
1321 975 1618 1043 collegerit,
1647 987 1697 1028 et
1723 977 1851 1045 quid
1879 976 2110 1030 volens?
2138 977 2302 1043 Quasi

727 1072 870 1122 enim
907 1080 1218 1122 novatorem
1249 1081 1299 1123 et
1326 1069 1638 1121 seditiosum
1689 1070 1855 1122 voluit
1894 1085 2017 1122 eum
2052 1085 2300 1139 arguere.

731 1161 792 1214 Et
824 1162 887 1212 de
928 1162 1170 1212 doctrina
1235 1161 1532 1223 interrogat
1593 1159 1769 1226 qualis
1817 1159 1907 1223 sit,
1960 1175 2085 1211 lttlltl
2117 1176 2144 1212 a
2187 1162 2302 1229 lege

733 1254 1008 1318 ret-edens,
1045 1264 1099 1306 ct
1130 1269 1369 1318 pugnans
1403 1269 1522 1304 cmn
1576 1252 1760 1305 Mosc?
1812 1263 1869 1305 ut
1919 1254 2041 1307 inde
2087 1257 2302 1308 inventa

726 1348 1013 1399 occasione
1042 1357 1295 1411 tanquam
1333 1345 1703 1398 adversarium
1753 1345 1844 1398 Dei
1890 1347 2122 1399 occidat.
2167 1349 2302 1411 Quid

732 1440 893 1506 igitur
935 1438 1230 1490 Dominus?
1264 1438 1569 1506 Respondet
1611 1439 1684 1490 illi
1736 1439 1887 1508 juxta
1938 1441 2300 1506 suspicionem

729 1532 880 1594 eius:
918 1549 934 1580 t
971 1529 1080 1595 Ego
1113 1531 1353 1600 quidem,
1387 1532 1578 1596 inquit,
1608 1533 1658 1583 in
1686 1535 1896 1586 occulto
1927 1533 2058 1586 nihil
2095 1533 2304 1588 locutus

731 1638 869 1674 sum.
911 1641 929 1674 ο
970 1620 1101 1674 Nunt
1152 1634 1202 1674 tu
1245 1623 1458 1687 quidem
1505 1623 1798 1689 suspicaris
1854 1639 1938 1676 me
1987 1625 2300 1678 seditiosum

731 1714 1039 1780 quemdam,
1083 1722 1135 1764 et
1189 1714 1239 1766 in
1295 1714 1510 1767 occulto
1554 1715 1778 1767 consilia
1831 1727 2152 1770 struentetn.
2192 1718 2301 1789 Ego

730 1817 906 1856 autem
973 1805 1088 1860 tibi.
1146 1804 1339 1872 inquit,
1375 1805 1514 1868 dico,
1567 1807 1710 1872 quod
1763 1825 1780 1856 ι
1810 1805 1952 1860 Nihil
1993 1809 2044 1861 in
2091 1810 2298 1864 occulto

731 1896 940 1946 locutus
973 1910 1115 1953 sum,
1158 1914 1174 1944 ι
1211 1897 1308 1946 hoc
1365 1905 1467 1959 est,
1512 1895 1645 1948 nihil
1689 1896 2043 1961 seditiosum,
2075 1907 2128 1952 et
2162 1900 2301 1954 sicut

731 1996 783 2036 tu
818 1988 1082 2052 opinaris,
1119 1985 1250 2039 nihil
1285 1989 1500 2050 innovo,
1551 2002 1725 2058 neque
1771 1988 1956 2042 dolosa
1999 1999 2051 2043 et
2095 1993 2302 2045 occulta

733 2087 910 2129 tuente
955 2079 1231 2146 preprium
1283 2079 1534 2144 quiddam
1569 2079 1776 2133 locutus
1819 2095 1958 2134 sum.
2015 2082 2149 2148 Quia
2201 2085 2303 2136 nisi

729 2170 805 2220 sit'
824 2170 1251 2226 intellexerimus
1270 2173 1411 2240 quod
1438 2176 1501 2224 ad
1519 2173 1878 2238 suspicionem
1906 2176 2174 2242 pontiﬁcis
2193 2177 2306 2232 haec

729 2262 928 2316 dixerit
990 2262 1274 2327 Dominus,
1337 2266 1605 2319 videbitur
1653 2268 1892 2321 mentiri.
1947 2266 2082 2322 Nam
2137 2272 2301 2323 nmlta

729 2354 864 2405 dixit
894 2371 911 2403 t
957 2354 1006 2405 in
1057 2353 1294 2423 occulto,
1336 2374 1353 2406 ι
1388 2363 1572 2424 utpote
1613 2371 1674 2410 ea
1719 2372 1838 2425 qum
1871 2373 2031 2426 supra
2086 2371 2300 2429 captum

731 2444 1090 2498 multitudinis
1137 2455 1313 2499 erant.
1349 2445 1502 2513 Quod
1553 2459 1732 2503 autem
1768 2451 1896 2504 dicit
1936 2467 1948 2502 :
1995 2469 2013 2503 ι
2052 2451 2190 2517 Quid
2222 2468 2306 2508 me

731 2536 1078 2604 interrogas?
1127 2537 1402 2607 Interroga
1455 2555 1546 2594 eos
1601 2541 1690 2608 qui
1749 2544 2074 2597 audierunt:
2123 2564 2142 2596 ι
2199 2561 2302 2599 non

732 2631 1020 2695 pertinacis
1054 2643 1156 2695 est,
1209 2633 1304 2687 sed
1363 2634 1574 2689 [ldentis
1626 2635 1680 2689 in
1736 2637 2003 2692 dictorum
2054 2642 2300 2697 veritate.

735 2743 751 2772 ι
791 2726 1059 2795 Interroga
1099 2744 1116 2775 ι
1157 2727 1322 2790 enim,
1377 2728 1576 2794 inquit,
1615 2728 1886 2794 inimicos,
1932 2732 2302 2798 insidiatores,

731 2816 1011 2870 ministros
1043 2817 1161 2871 illos
1191 2819 1282 2886 qui
1337 2819 1637 2888 ligaverunt
1693 2834 1796 2874 nte.
1862 2821 1967 2876 Ista
2017 2824 2162 2877 enim
2224 2835 2308 2879 est

729 2909 979 2964 veritatis
1004 2910 1300 2964 indubitata
1327 2911 1741 2978 demonstratio,
1765 2915 1979 2982 quando
1997 2917 2118 2986 quis
2145 2918 2304 2973 habet

731 3003 980 3055 inimicos
1006 3013 1166 3058 testes
1201 3020 1388 3058 eorum
1425 3020 1545 3072 qua:
1573 3007 1722 3061 dicit.
1752 3005 1887 3060 Nam
1913 3009 2149 3062 ministri
2177 3012 2304 3078 ipsi,

730 3093 930 3163 inquit,
963 3105 1086 3149 sunt
1114 3097 1206 3165 qui
1259 3108 1416 3152 antea
1448 3099 1741 3156 dixerunt:
1789 3119 1808 3153 t
1849 3101 2131 3172 Nunquam
2160 3104 2302 3156 loeu-

1666 404 2247 467 THEUPIIYLACTI
2290 396 2706 464 BULGARLE
2741 405 3095 471 ARCHIEP.

2094 511 2310 570 Siccine
2338 510 2385 566 Δ
2414 504 2494 574 εἷς
2523 511 2632 564 τῶν
2663 514 2956 583 ὑπηρετῶν
3005 513 3366 584 παρεστηκὼς
3413 513 3577 566 ἔδωκε
3622 512 3872 582 ῥάπισμα
3915 510 3995 581 τῷ

3888 401 3996 462 252

2421 603 2618 672 Ἰησοῦ,
2652 604 2822 657 είπών
2852 622 2866 636 ·
2897 606 3083 668 Οὕτως
3112 606 3384 676 ἀποκρίνῃ
3412 604 3489 675 τῷ
3519 605 3796 674 ἀρχιερεῖ;
3829 603 3995 656 Ἀπε-

2409 695 2570 765 κρίθη
2595 695 2746 766 αὑτῷ
2775 697 2804 748 ό
2847 697 3058 764 Ἰησοῦς
3090 714 3100 727 ι
3140 696 3201 749 Et
3226 697 3411 758 κακῶς
3461 697 3722 762 ἐλάλησα,
3777 695 3990 764 μαρτύ⁶

2408 803 2577 857 ρησον
2603 790 2734 857 περὶ
2765 788 2860 841 τοῦ
2886 788 3058 840 κακοῦ
3080 803 3091 816 ·
3129 788 3256 840 είδέ
3294 787 3496 849 καλῶς’,
3521 787 3575 841 τί
3595 804 3660 856 με
3694 787 3936 853 δαίρειςς
3967 804 3985 836 ι

2419 879 2631 951 Ἐρωτᾷ
2660 881 2689 932 ὀ
2719 881 3010 952 ἀρχιερεὺς
3033 880 3125 934 τὸν
3164 881 3377 950 Ἰησοῦν
3411 882 3540 950 περὶ
3588 881 3698 934 τῶν
3731 880 3992 950 μαθητῶν

2407 971 2538 1037 ἴσως
2575 972 2822 1026 τοιαῦτα·
2853 973 2958 1026 Ποῦ
2989 973 3114 1036 είσι,
3158 973 3255 1026 καὶ
3284 973 3430 1034 τίνες
3461 968 3594 1037 εἷεν,
3629 974 3724 1026 καὶ
3759 973 3851 1026 ἐπὶ
3881 973 3990 1026 τίνι

2409 1061 2597 1133 σκοπῷ
2621 1062 2844 1126 τούτους
2875 1063 3149 1128 συνέλεξε,
3174 1066 3270 1118 καλ⁸
3295 1065 3349 1116 τί
3385 1064 3741 1133 βουλόμενοςζ
3772 1065 3847 1126 ὡς
3881 1064 3992 1132 γὰρ

2407 1157 2769 1225 νεωτεριστήν
2795 1173 2916 1209 τινα
2949 1157 2981 1228 ἢ
3011 1156 3344 1226 στασιαστὴν
3376 1156 3573 1226 ἠθελεν
3629 1157 3793 1209 αὑτὸν
3833 1156 3988 1222 ἐλέγ-

2409 1248 2516 1313 ξαι.
2559 1251 2672 1303 Καὶ
2699 1250 2826 1320 περὶ
2856 1249 2958 1316 τῆς
2987 1250 3209 1320 διδαχῆς
3257 1251 3312 1302 δὲ
3366 1251 3567 1319 ἐρωτᾷ,
3603 1248 3734 1301 ποία
3772 1267 3853 1312 τις
3885 1245 3986 1318 ἦν’

2407 1335 2517 1412 ἆρα
2551 1341 2624 1410 μὴ
2679 1342 2786 1393 ἀπὸ
2841 1341 2933 1393 τοῦ
2984 1342 3150 1407 νόμου
3201 1341 3508 1410 ἀφιστῶσα,
3568 1342 3663 1392 καὶ
3704 1341 3988 1409 μαχομένη

2407 1435 2631 1496 Μωσεῖ;
2660 1433 2746 1486 ἵνα
2776 1436 2873 1487 καὶ
2892 1433 3000 1487 ἀπὸ
3027 1433 3232 1501 ταύτης
3255 1436 3512 1503 ἀφορμὴν
3535 1432 3738 1502 εὑρὼν,
3766 1433 3842 1494 ὡς
3873 1433 3992 1484 Ozo-

2410 1525 2580 1593 μάχον
2602 1522 2922 1592 ἀποκτείνῃ.
2942 1524 3007 1577 Τί
3023 1521 3114 1574 οὖν
3138 1525 3164 1574 ό
3195 1525 3424 1591 Κύριοςς
3445 1522 3823 1589 Ἀποκρίνεται
3838 1522 3991 1591 αὑτῷ

2407 1616 2544 1682 πρὸς
2601 1615 2699 1683 τὴν
2741 1617 3000 1668 ὑπόνοιαν
3045 1615 3230 1668 αὑτοῦ.
3289 1615 3452 1683 Ἐγὼ,
3482 1616 3670 1682 φησὶν,
3741 1633 3759 1666 t
3802 1617 3859 1666 ἐν
3912 1615 3988 1684 τῷ

2408 1708 2637 1777 κρυπτῷ
2671 1707 2912 1778 ἐλάλησα
2933 1709 3107 1761 οὐδέν.
3147 1727 3164 1760 ι
3203 1708 3274 1760 Σὺ
3311 1708 3418 1775 γὰρ
3451 1709 3697 1769 ὑπονοεῖς
3736 1723 3803 1775 με
3859 1724 3988 1758 σταο

2411 1803 2639 1870 σιαστήν
2683 1820 2828 1860 τινα,
2881 1802 2975 1853 καὶ
3011 1802 3257 1871 κρυφίως
3299 1800 3492 1870 βουλάς
3538 1816 3688 1862 τινας
3725 1801 3992 1852 συσκευάο

2412 1893 2572 1956 ζοντα
2601 1911 2614 1924 ο
2649 1893 2760 1960 ἐγὼ
2792 1895 2848 1946 δέ
2872 1911 2976 1958 σοι,
3008 1894 3162 1963 φησὶ,
3195 1893 3355 1959 λέγω,
3390 1892 3470 1944 ὅτι
3507 1911 3525 1943 t
3564 1891 3732 1944 Οὑδὲν
3769 1893 3827 1944 ἐν
3859 1909 3990 1960 κρυ-

2410 1984 2529 2054 πτῷ
2555 1986 2793 2054 ἐλάλησα
2823 2003 2836 2017 ο
2876 2007 2893 2038 ι
2953 1986 3255 2049 τουτέστιν,
3294 1986 3460 2038 υὺδέν
3514 1985 3832 2049 στασιῶδες,
3896 1986 3988 2035 καὶ

2407 2079 2481 2142 ὼς
2497 2081 2671 2142 δοκεῖς
2702 2081 2787 2144 σὺ,
2836 2078 3213 2148 νεωτεροποιῴ
3244 2082 3332 2130 καὶ
3366 2079 3516 2148 δολία
3540 2083 3631 2131 καὶ
3683 2078 3989 2148 ἀποκρύψει)

2414 2172 2608 2244 γνώμῃ
2636 2174 2877 2242 ἐλάλησά
2920 2191 2970 2225 τι
3006 2176 3226 2226 οἰκεῖον.
3269 2171 3423 2224 Ἐπεὶ
3455 2176 3503 2224 εί
3563 2171 3638 2242 μὴ
3678 2172 3824 2223 οὕτω
3863 2175 3988 2240 νοή-

2413 2284 2602 2336 σομεν,
2638 2267 2719 2319 ὅτι
2749 2267 2887 2334 πρὸς
2919 2267 3019 2335 τὴν
3054 2266 3311 2318 ὑπόνοιαν
3359 2264 3454 2316 τοῦ
3489 2265 3792 2335 ἀρχιερέως
3831 2265 3990 2317 τοῦτο

2408 2355 2562 2411 εἶπεν
2611 2363 2639 2410 ό
2692 2360 2919 2428 Κύριος,
2958 2360 3264 2429 φανήσεται
3319 2359 3761 2426 διαψευδόμενος.
3810 2358 3990 2412 nam

2407 2450 2515 2519 γὰρ
2541 2446 2693 2502 εἷπεν
2739 2469 2756 2501 ι
2787 2452 2844 2502 ἐν
2863 2449 3117 2519 κρυπτῷ,
3149 2469 3168 2498 ο
3205 2451 3307 2502 ὅσα
3331 2449 3535 2517 δηλαδὴ
3563 2449 3662 2517 τῆς
3705 2449 3813 2500 τῶν
3856 2450 3986 2501 πολ-

2405 2544 2512 2596 λῶν
2541 2544 2781 2607 διανοίας
2816 2542 3128 2612 ὑψηλότερα
3157 2538 3247 2612 ἦν.
3268 2541 3342 2596 Τὸ
3365 2542 3442 2605 δὲ,
3485 2563 3502 2594 ι
3543 2543 3608 2595 Τί
3637 2560 3700 2611 με
3725 2544 3941 2612 ἐρωτᾷς
3970 2560 3984 2572 ·

2419 2636 2729 2706 Ἐρώτησον
2773 2639 2901 2698 τοὺς
2945 2636 3276 2705 ἀκηκοότας,
3308 2654 3325 2686 ι
3377 2634 3477 2687 οὑκ
3519 2634 3986 2703 αὑθαδιαζομένου

2407 2729 2574 2792 ἐστὶν,
2612 2727 2748 2781 ἀλλά
2774 2727 3106 2798 θαρροῦντος
3139 2728 3205 2797 τῇ
3253 2725 3362 2778 τῶν
3393 2725 3693 2795 λεχθέντων
3735 2727 3987 2798 ἀληθείᾳ.

2413 2819 2766 2888 «Ἐρώτησον
2802 2837 2819 2870 ι
2859 2819 2991 2889 γὰρ,
3043 2820 3200 2889 φησι,
3246 2819 3372 2879 τοὺς
3425 2816 3676 2888 ἐχθροὺς,
3704 2817 3831 2880 τοὺς
3880 2821 3992 2872 ἐπι·

2406 2910 2655 2975 δούλους,
2697 2912 2827 2974 τοὺς
2855 2909 3137 2980 ὑπηρέτας
3177 2909 3399 2973 τούτους
3427 2911 3553 2971 τοὺς
3591 2909 3864 2979 δήσαντάς
3898 2928 3987 2979 με.

2407 3003 2556 3074 Α’ὑτη
2601 3004 2712 3073 γὰρ
2738 3006 2837 3073 τῆς
2876 3001 3136 3073 ἀληθείας
3171 3003 3655 3073 ἀναμφισϐήτητος
3691 3003 3988 3067 ἀπόδειξις.

2407 3099 2536 3151 ὅταν
2566 3097 2698 3158 τοὺς
2724 3094 2956 3164 ἐχθρούς
2992 3111 3077 3157 τις
3108 3094 3206 3166 ἔχη
3273 3095 3558 3164 μάρτυρας
3603 3089 3676 3148 ὧν
3722 3095 3890 3163 λέγει.
3926 3098 3991 3150 Οἱ

728 3199 816 3242 tus
846 3199 928 3243 est
948 3190 1108 3244 homo
1133 3191 1271 3244 sicut
1306 3191 1391 3245 hic
1422 3193 1584 3248 homo
1599 3195 1668 3248 ’⁸.
1700 3211 1719 3246 ι
1752 3194 1959 3250 Etcum
1987 3196 2057 3251 ita
2084 3213 2302 3266 respun-
2332 3193 2379 3257 C
2410 3208 2420 3221 '

2294 3231 2302 3244 .
2332 3193 2379 3257 ο
2410 3191 2518 3260 γὰρ
2540 3188 2814 3258 ὑπηρέται
2837 3188 3015 3253 αὑτοὶ,
3051 3188 3237 3257 φησὶν,
3263 3188 3399 3239 εἰσὶν
3429 3189 3476 3240 οί
3496 3188 3740 3250 εἰπόντες
3763 3189 3986 3258 πρώην·

729 3283 920 3341 disset,
974 3299 1076 3336 non
1127 3293 1209 3338 est
1267 3285 1642 3349 admirationi,
1694 3289 1787 3342 sed
1835 3287 1987 3356 alapa
2042 3292 2300 3346 cmditur:

730 3386 840 3440 quo
864 3372 990 3440 quid
1033 3374 1178 3428 lieret
1221 3375 1632 3444 impudentius?
1660 3377 1723 3430 Et
1751 3394 1872 3431 cum
1906 3389 2089 3446 posset
2125 3383 2304 3434 omnia

727 3474 1020 3519 concutere
1045 3475 1100 3520 et
1131 3467 1368 3530 abolere,
1403 3468 1535 3522 nihil
1561 3469 1777 3538 quidem
1805 3471 1995 3525 horum
2028 3471 2175 3532 facit,
2213 3475 2304 3528 sed

732 3555 892 3608 verba
947 3557 1183 3624 loquitur
1236 3573 1354 3623 quae
1407 3561 1648 3612 omnium
1699 3559 1993 3616 bestiarum
2043 3564 2302 3618 savitiem

731 3640 1036 3695 demulcere
1091 3656 1327 3710 possent.
1369 3643 1511 3700 Dicit
1547 3647 1731 3701 enim:
1780 3646 1836 3702 Si
1889 3651 2103 3718 quidem
2137 3655 2306 3710 habes

727 3742 792 3785 ut
825 3735 1190 3800 reprehendas
1218 3752 1279 3789 ea
1307 3753 1425 3807 qua
1459 3755 1598 3793 nunc
1624 3756 1651 3792 a
1683 3757 1765 3794 me
1788 3743 1930 3796 dicta
1951 3755 2095 3810 sunt,
2127 3755 2304 3800 osten-

733 3826 800 3880 de
839 3829 981 3895 quod
1023 3830 1160 3884 male
1190 3831 1458 3888 dixerim:
1506 3833 1549 3886 si
1591 3843 1768 3889 autem
1805 3852 1914 3890 non
1948 3838 2146 3905 habes,
2179 3841 2305 3908 quid

729 3915 970 3971 ferocis?
1001 3916 1096 3972 Vel
1142 3929 1193 3973 et
1223 3922 1337 3975 sic:
1384 3941 1402 3972 ι
1449 3921 1505 3976 Si
1540 3925 1679 3979 male
1715 3925 1929 3981 locutus
1958 3943 2099 3995 sum,
2139 3948 2158 3980 ι
2206 3931 2308 3984 Ιιοο

727 4020 835 4073 cst,
868 4010 914 4064 si
949 4013 1087 4066 male
1124 4014 1278 4067 docui
1308 4015 1524 4082 quando
1562 4019 1719 4072 docui
1761 4019 1812 4074 in
1840 4023 2151 4091 synagogis,
2179 4039 2306 4077 ecce

734 4118 875 4155 nunc
910 4122 928 4153 t
965 4107 1336 4160 testimonium
1367 4109 1588 4176 perhibe
1635 4129 1652 4161 ι
1692 4112 1758 4165 de
1791 4112 1929 4165 mala
1961 4115 2226 4182 doctrina,
2251 4127 2305 4171 et

731 4191 891 4258 plene
941 4193 1145 4247 instrue
1195 4196 1527 4265 pontiﬁcem,
1560 4199 1649 4267 qui
1683 4215 1824 4254 nunc
1888 4202 2186 4273 interrogat
2242 4209 2307 4260 de

732 4284 980 4338 doctrina
1030 4301 1168 4340 mea.
1209 4305 1226 4338 ι
1267 4286 1325 4342 Si
1361 4298 1541 4342 autem
1574 4288 1708 4345 bene
1753 4309 1772 4342 ι
1809 4292 2007 4358 docui,
2062 4304 2115 4347 et
2144 4295 2307 4367 740

736 4391 823 4428 me
854 4377 1107 4431 admirati
1140 4380 1273 4433 estis
1315 4380 1479 4434 etiam
1507 4395 1607 4436 vos
1640 4383 1896 4446 ministri,
1942 4404 1962 4436 ι
1998 4386 2125 4453 quid
2163 4403 2247 4441 me
2281 4407 2299 4438 ι

736 4486 879 4523 nunc
918 4489 936 4520 ι
976 4471 1161 4532 cadis,
1203 4490 1221 4522 ι
1252 4487 1411 4539 quem
1433 4475 1585 4545 prius
1608 4475 2008 4531 admirabaris?
2035 4476 2307 4534 Percussit

2417 3302 2434 3333 ι
2476 3283 2749 3335 Οὑδέποτε
2782 3280 3048 3350 ἐλάλησεν
3099 3279 3406 3349 ἄνθρωπος,
3475 3280 3551 3342 ὡς
3606 3274 3757 3342 οὗτος
3809 3283 3838 3333 ό
3894 3283 3989 3334 ἄν·

2410 3377 2645 3445 θρωπος.
2698 3393 2717 3425 ι
2767 3373 2955 3435 Οὕτως
2990 3369 3084 3426 οὖν
3133 3372 3477 3441 ἀποκριθεὶς,
3528 3372 3588 3425 οὑ
3626 3371 3988 3442 θαυμάζεται,

2409 3470 2548 3524 ἀλλὰ
2585 3467 2912 3540 ραπίζεταιο
2945 3460 3007 3521 οὗ
3058 3466 3112 3519 τί
3149 3467 3349 3534 γένοιτ’
3381 3467 3448 3519 ἂν
3483 3466 3857 3536 ίταμώτερονς
3891 3469 3990 3518 Δυ-

2409 3561 2643 3631 νάμενος
2669 3561 2725 3612 δέ
2783 3559 2960 3612 πάντα
2992 3560 3276 3611 συσσεῖσαι
3326 3560 3422 3610 καὶ
3453 3557 3737 3625 ἀφανίσαι,
3781 3558 3988 3611 τούτων

2412 3653 2512 3722 μὲν
2557 3651 2710 3704 οὐδὲν
2763 3652 2909 3702 ποιεῖ
2936 3665 2951 3680 ·
3014 3647 3314 3716 φθέγγεται
3351 3648 3409 3699 δὲ
3457 3651 3680 3717 ῥήματα
3715 3647 3989 3716 δυνάμενα

2410 3748 2590 3798 πᾶσαν
2623 3743 2920 3813 θηριωδίαν
2945 3739 3195 3796 ἐκλῦσαι.
3231 3741 3296 3794 Ei
3321 3741 3422 3810 μὲν
3455 3741 3585 3808 γὰρ,
3617 3741 3810 3808 φησὶν,
3846 3741 3990 3809 ἔχεις

2411 3835 2776 3892 ἐπιλαϐέσθαι
2816 3834 2924 3887 τῶν
2967 3833 3276 3903 είρημένων
3311 3833 3440 3901 παρ’
3464 3831 3622 3901 ἐμοῦ,
3680 3832 3987 3895 ἀπόδειξον,

2408 3932 2491 3984 δτι
2523 3928 2715 3991 κακῶς
2737 3923 2893 3980 εἷπον
2917 3945 2930 3959 ο
2957 3927 3006 3980 ει
3032 3927 3087 3979 δέ
3115 3927 3215 3979 οὑκ
3247 3925 3413 3995 ἔχεις,
3443 3926 3494 3977 τί
3528 3925 3763 3995 λυττᾷς;
3797 3925 3866 3976 Ἣ
3895 3927 3989 3976 καὶ

2408 4025 2582 4087 οὕτως
2605 4041 2617 4056 ο
2657 4041 2675 4074 t
2707 4023 2770 4074 Εί
2802 4020 2986 4083 κακῶς
3020 4019 3257 4090 ἐλάλησα
3280 4035 3295 4049 ·
3337 4038 3355 4070 ι
3390 4019 3690 4082 τουτέστιν,
3723 4018 3782 4070 El
3805 4019 3988 4080 κακῶς

2409 4115 2645 4180 ἐδίδαξα,
2677 4116 2761 4168 ὅτε
2793 4114 3074 4166 ἐδίδασκον
3105 4113 3164 4163 ἐν
3211 4113 3332 4172 ταῖς
3376 4103 3748 4177 συναξτωγαῖς,
3785 4109 3986 4180 παρελ-

2409 4208 2518 4261 θὼν
2544 4208 2638 4261 νῦν
2673 4225 2691 4257 t
2725 4203 3077 4276 μαρτύρησον
3107 4222 3127 4255 ι
3151 4203 3281 4272 περὶ
3311 4201 3515 4272 ταύτης
3541 4220 3645 4270 μου
3677 4203 3774 4270 τῆς
3808 4203 3985 4270 κακῆς

2409 4297 2777 4361 διδασκαλίας,
2830 4295 2928 4348 καὶ
2983 4293 3401 4364 πληροφόρησον
3449 4292 3543 4342 τὸν
3577 4292 3840 4361 ἀρχιερέα
3895 4291 3988 4343 τὸν

2409 4389 2507 4442 νῦν
2539 4387 2832 4458 ἐρωτῶντά
2883 4403 2950 4455 με
3004 4385 3263 4455 περὶτῆς
3320 4382 3541 4450 διδαχῆς
3600 4399 3701 4449 μου
3730 4397 3743 4410 '
3792 4399 3810 4432 t
3851 4383 3896 4432 εί
3933 4381 3988 4432 δὲ

2412 4479 2593 4542 καλῶς
2632 4496 2649 4528 ι
2676 4475 2912 4539 ἐδίδαξα,
2944 4475 3038 4527 καὶ⁸
3073 4472 3470 4540 ἐθαυμαζόμην
3501 4471 3632 4540 παρ’
3668 4471 3823 4540 ὑμῶν
3877 4472 3987 4524 τῶν

737 4561 900 4628 igitur
917 4562 1162 4616 minister
1181 4561 1488 4630 Dominum,
1515 4543 1712 4636 magno
1729 4568 1955 4622 crimine
1973 4583 2030 4623 se
2047 4569 2304 4624 liberans.
2333 4537 2385 4598 Β
2413 4573 2429 4626 ί

2295 4537 2724 4641 ,Βὺπηρετῶν,
2779 4588 2797 4620 t
2835 4537 2906 4620 τί
2947 4584 3013 4638 με
3070 4585 3090 4618 ι
3129 4537 3227 4618 νῦν
3276 4584 3295 4616 ι
3345 4537 3627 4633 δαίρειςξ»
3686 4537 3746 4615 δν
3795 4562 3987 4632 πρώην

735 4652 870 4707 Nam
904 4654 990 4706 ubi
1009 4652 1162 4708 Jesus
1195 4657 1246 4708 in
1276 4667 1441 4712 testes
1481 4668 1700 4714 voearet
1722 4662 2063 4728 assistentes,
2095 4665 2305 4731 dicens,

742 4764 758 4793 ι
800 4745 940 4800 Ecce
973 4747 1024 4801 hi
1057 4748 1238 4801 sciunt
1273 4763 1390 4817 quae
1419 4749 1647 4803 dixerim
1679 4766 1800 4820 ego,
1859 4771 1878 4804 ι
1911 4755 2099 4810 volens
2147 4759 2307 4810 mini-

735 4849 847 4895 ster
877 4854 935 4894 se
993 4841 1227 4895 liberate
1279 4857 1306 4895 a
1364 4843 1671 4911 suspicione
1702 4847 1842 4913 quod
1898 4863 2004 4902 non
2050 4859 2194 4902 esset
2243 4867 2305 4904 ex

736 4932 1160 4986 ndmiratoribus
1208 4932 1358 4998 Jesn,
1399 4937 1666 5001 percussit
1719 4951 1861 4992 eum.
1913 4937 2070 4992 Jesus
2129 4951 2308 4995 autem

739 5025 1005 5086 dicendo,
1074 5042 1092 5075 ι
1134 5025 1242 5093 Ego
1293 5027 1347 5079 in
1383 5027 1595 5081 occulto
1646 5028 1856 5083 locutus
1913 5046 2030 5083 sum
2082 5032 2234 5097 nihil,
2280 5054 2297 5084 ι

738 5114 949 5165 reducit
987 5113 1039 5166 in
1086 5116 1396 5168 memoriam
1431 5117 1765 5184 prophetiam
1795 5121 2099 5175 dicentem:
2136 5140 2154 5172 ι
2189 5122 2303 5176 Non

740 5203 794 5256 in
826 5204 1036 5258 occulto
1073 5204 1281 5259 locutus
1317 5223 1462 5270 sum,
1500 5224 1672 5278 neque
1727 5215 1778 5263 in
1828 5211 1943 5264 loco
1975 5224 2129 5266 terra:
2159 5223 2308 5268 tene-

741 5298 902 5350 broso
923 5295 988 5348 "’.
1028 5314 1048 5347 τ

812 5471 977 5523 Vens.
1009 5472 1200 5525 94-27.
1240 5491 1259 5524 ι
1297 5475 1358 5529 Et
1407 5475 1554 5532 misit
1593 5491 1716 5532 eum
1752 5480 1931 5535 Annus
1971 5482 2210 5537 vinctum
2245 5487 2307 5539 ad

739 5563 1001 5634 Caiphaun
1047 5567 1378 5633 pontificem.
1421 5571 1612 5624 Stabat
1645 5584 1822 5626 autem
1864 5575 2051 5629 Simon
2095 5575 2310 5642 Petrus,

739 5670 789 5711 ct
826 5656 1178 5713 calefaciebat
1212 5674 1289 5715 se.
1328 5660 1594 5717 Diternnt
1629 5681 1758 5733 ergo
1786 5668 1833 5720 ei
1864 5686 1875 5719 :
1905 5667 2038 5722 Num
2074 5680 2128 5724 et
2153 5679 2206 5724 tu
2242 5687 2302 5727 ex

817 5839 860 5864 ’ί
914 5839 1065 5896 Juan.
1113 5859 1204 5906 vn,
1243 5842 1328 5896 Ui.
1408 5843 1446 5874 "
1485 5847 1588 5898 Isa.
1629 5864 1749 5905 xu".
1795 5848 1874 5902 l9.

2407 4662 2752 4731 ἑθαύμαζες;
2788 4659 3028 4727 Ἔτυψεν
3068 4657 3160 4709 οὖν
3195 4657 3223 4709 ό
3279 4654 3561 4722 ὑπηρέτης
3608 4653 3700 4704 τὸν
3756 4654 3982 4724 Κύριον,

2409 4755 2648 4826 μεγάλου
2685 4752 3032 4822 ἐγκλήματος
3066 4747 3259 4801 ἑαυτὸν
3283 4746 3661 4799 ἀπαλλάττων.
3705 4746 3857 4797 Ἐπεὶ
3877 4747 3988 4814 γάρ

2406 4850 2435 4901 ὁ
2479 4845 2687 4918 Ἰησοῦς
2715 4847 2843 4907 τοὺς
2872 4841 3232 4913 παρεστῶτας
3279 4838 3644 4908 προύκαλεῖτο
3681 4838 3984 4908 μάρτυρας,

2408 4942 2582 5010 λέγων
2610 4957 2625 4973 ο
2665 4958 2683 4990 ι
2726 4938 2833 4991 Ἰδε
2873 4932 3019 4990 οὑτοι
3063 4935 3288 4996 οἴδασιν,
3329 4932 3363 4986 ἃ
3393 4930 3545 4983 εἷπον
3575 4931 3684 4998 ἐγώ
3709 4948 3723 4962 ο
3765 4950 3783 4982 ι
3818 4931 3987 4982 θέὶων

2409 5038 2438 5088 ὁ
2466 5033 2751 5104 ὑπηρέτης
2787 5030 2981 5083 ἐαυτὸν
3031 5026 3340 5090 ἀπαλλάξαι
3372 5027 3469 5093 τῆς
3505 5024 3760 5091 ὑποψίας,
3812 5023 3894 5074 ὃτι
3923 5027 3985 5073 οὑ

2410 5130 2518 5182 τῶν
2544 5124 2940 5195 θαυμαζόντων
2970 5122 3060 5173 τὸν
3099 5118 3303 5189 Ἰησοῦν
3330 5114 3418 5190 ἦν,
3449 5117 3645 5186 ἔτυψεν
3672 5117 3856 5170 αὑτόν.
3894 5115 3984 5166 El-

2409 5220 2528 5272 πὼν
2552 5218 2609 5270 δέ
2628 5218 2657 5270 δ
2675 5215 2930 5288 Χριστὸς,
2964 5210 3105 5278 Ἐγὼ
3133 5229 3150 5261 t
3179 5212 3234 5262 ἐν
3266 5209 3494 5279 κρυπτῷ
3511 5209 3746 5278 ἐλάλησα
3763 5207 3938 5271 οὐδὲν,
3959 5225 3975 5256 ι

2414 5309 2820 5380 ἀναμιμνήσκει
2866 5302 3202 5374 προφητείας
3257 5301 3352 5370 τῆς
3391 5298 3691 5366 λεγούσηςο
3759 5317 3778 5349 ε
3815 5299 3984 5350 οὐδὲν

2413 5400 2595 5468 κρυφῆ
2636 5397 2927 5465 λελάληκα,
2960 5393 3077 5446 οὑδέ
3110 5394 3165 5443 ἐν
3199 5392 3347 5460 τόπῳ
3375 5392 3479 5458 γῆς
3512 5388 3813 5454 σκοτεινῆς.
3853 5406 3869 5437 t

2489 5512 2506 5543 t
2577 5488 2927 5542 Ἀπέστειλεν
2984 5484 3146 5536 αὑτὸν
3178 5486 3228 5536 ό
3275 5484 3472 5545 Ἀννας
3531 5479 3812 5550 δεδεμένον
3847 5479 3984 5547 πρὸς

2411 5585 2665 5650 Καϊάφαν
2693 5581 2782 5632 τὸν
2807 5578 3084 5650 ἀρχιερέα.
3113 5572 3223 5629 Ἦν
3263 5577 3318 5628 δὲ
3348 5575 3530 5644 Σίμων
3553 5573 3757 5640 Πέτρος
3787 5571 3982 5631 ἑστὼς,

2410 5677 2503 5729 καὶ
2543 5674 2986 5744 θερμαινόμενος.
3052 5666 3214 5722 Εἶπον
3267 5664 3359 5723 οὖν
3407 5666 3552 5738 αὑτῷ
3580 5683 3594 5696 ·
3633 5665 3724 5736 Μὴ
3759 5663 3852 5717 καὶ
3917 5666 3980 5716 σὺ
