  <div class='ocr_page' id='page_1' title='image "/cluster/home/n/w/nwhite01/storage/ocr_20150623/124/nnc1.0046979735/134.png"; bbox 0 0 4284 6450; ppageno 0'>
   <div class='ocr_carea' id='block_1_1' title="bbox 278 396 390 460">
    <p class='ocr_par' dir='ltr' id='par_1_1' title="bbox 278 396 390 460">
     <span class='ocr_line' id='line_1_1' title="bbox 278 396 390 460; baseline 0.018 -2"><span class='ocrx_word' id='word_1_1' title='bbox 278 396 390 460; x_wconf 69' lang='grc'><strong>253</strong></span> 
     </span>
    </p>
   </div>
   <div class='ocr_carea' id='block_1_2' title="bbox 891 394 2953 461">
    <p class='ocr_par' dir='ltr' id='par_1_2' title="bbox 891 394 2953 461">
     <span class='ocr_line' id='line_1_2' title="bbox 891 394 2953 461; baseline 0.002 -6"><span class='ocrx_word' id='word_1_2' title='bbox 891 396 1343 457; x_wconf 74' lang='lat' dir='ltr'><strong>ENARRATIO</strong></span> <span class='ocrx_word' id='word_1_3' title='bbox 1384 395 1466 457; x_wconf 88' lang='lat' dir='ltr'><strong>IN</strong></span> <span class='ocrx_word' id='word_1_4' title='bbox 1509 394 2010 457; x_wconf 79' lang='lat' dir='ltr'><strong>EVANGELIUM</strong></span> <span class='ocrx_word' id='word_1_5' title='bbox 2050 396 2392 461; x_wconf 68' lang='lat' dir='ltr'><strong>JOANNIS.</strong></span> <span class='ocrx_word' id='word_1_6' title='bbox 2431 426 2496 435; x_wconf 90' lang='lat'><strong>-</strong></span> <span class='ocrx_word' id='word_1_7' title='bbox 2530 401 2692 461; x_wconf 76' lang='lat' dir='ltr'><strong>CAP.</strong></span> <span class='ocrx_word' id='word_1_8' title='bbox 2735 401 2953 460; x_wconf 74' lang='lat' dir='ltr'><strong>XVIll.</strong></span> 
     </span>
    </p>
   </div>
   <div class='ocr_carea' id='block_1_3' title="bbox 3450 405 3555 467">
    <p class='ocr_par' dir='ltr' id='par_1_3' title="bbox 3450 405 3555 467">
     <span class='ocr_line' id='line_1_3' title="bbox 3450 405 3555 467; baseline -0.01 0"><span class='ocrx_word' id='word_1_9' title='bbox 3450 405 3555 467; x_wconf 64' lang='lat'><strong>25$</strong></span> 
     </span>
    </p>
   </div>
   <div class='ocr_carea' id='block_1_4' title="bbox 275 507 1967 583">
    <p class='ocr_par' dir='ltr' id='par_1_4' title="bbox 275 507 1947 583">
     <span class='ocr_line' id='line_1_4' title="bbox 275 507 1947 583; baseline -0.002 -17"><span class='ocrx_word' id='word_1_10' title='bbox 275 516 341 566; x_wconf 73' lang='grc' dir='ltr'>ἐκ</span> <span class='ocrx_word' id='word_1_11' title='bbox 372 510 482 564; x_wconf 86' lang='grc' dir='ltr'>τῶν</span> <span class='ocrx_word' id='word_1_12' title='bbox 517 511 780 582; x_wconf 85' lang='grc' dir='ltr'>μαθητων</span> <span class='ocrx_word' id='word_1_13' title='bbox 808 511 978 565; x_wconf 78' lang='grc' dir='ltr'>αὑτοῦ</span> <span class='ocrx_word' id='word_1_14' title='bbox 1023 507 1103 575; x_wconf 74' lang='grc' dir='ltr'>εἷς</span> <span class='ocrx_word' id='word_1_15' title='bbox 1148 512 1458 583; x_wconf 73' lang='grc' dir='ltr'>’Πρνῄσατο</span> <span class='ocrx_word' id='word_1_16' title='bbox 1493 513 1721 575; x_wconf 68' lang='grc' dir='ltr'>έκεῖνος,</span> <span class='ocrx_word' id='word_1_17' title='bbox 1774 511 1869 564; x_wconf 70' lang='grc' dir='ltr'><strong>καὶ</strong></span> <span class='ocrx_word' id='word_1_18' title='bbox 1896 508 1947 569; x_wconf 81' lang='grc' dir='ltr'><strong>Α</strong></span> 
     </span>
    </p>
   </div>
   <div class='ocr_carea' id='block_1_5' title="bbox 1859 507 3551 583">
    <p class='ocr_par' dir='ltr' id='par_1_5' title="bbox 1859 508 3551 582">
     <span class='ocr_line' id='line_1_5' title="bbox 1859 508 3551 582; baseline 0.002 -19"><span class='ocrx_word' id='word_1_19' title='bbox 1859 529 1869 563; x_wconf 88' lang='grc' dir='ltr'><strong>ι</strong></span> <span class='ocrx_word' id='word_1_20' title='bbox 1896 508 1947 569; x_wconf 82' lang='grc' dir='ltr'><strong>Δ</strong></span> <span class='ocrx_word' id='word_1_21' title='bbox 1973 511 2252 582; x_wconf 84' lang='lat' dir='ltr'><strong>discipulis</strong></span> <span class='ocrx_word' id='word_1_22' title='bbox 2281 514 2399 582; x_wconf 85' lang='lat' dir='ltr'><strong>ejus</strong></span> <span class='ocrx_word' id='word_1_23' title='bbox 2427 517 2529 568; x_wconf 84' lang='lat' dir='ltr'><strong>es?</strong></span> <span class='ocrx_word' id='word_1_24' title='bbox 2557 512 2780 581; x_wconf 62' lang='lat' dir='ltr'><strong>Negavit</strong></span> <span class='ocrx_word' id='word_1_25' title='bbox 2824 514 2929 576; x_wconf 93' lang='lat' dir='ltr'><strong>ille,</strong></span> <span class='ocrx_word' id='word_1_26' title='bbox 2968 526 3021 566; x_wconf 88' lang='lat' dir='ltr'><strong>et</strong></span> <span class='ocrx_word' id='word_1_27' title='bbox 3057 514 3222 567; x_wconf 78' lang='lat' dir='ltr'><strong>dixit:</strong></span> <span class='ocrx_word' id='word_1_28' title='bbox 3258 513 3370 567; x_wconf 75' lang='lat' dir='ltr'><strong>Non</strong></span> <span class='ocrx_word' id='word_1_29' title='bbox 3412 533 3551 574; x_wconf 86' lang='lat' dir='ltr'><strong>smn.</strong></span> 
     </span>
    </p>
   </div>
   <div class='ocr_carea' id='block_1_6' title="bbox 276 601 1867 674">
    <p class='ocr_par' dir='ltr' id='par_1_6' title="bbox 276 601 1867 674">
     <span class='ocr_line' id='line_1_6' title="bbox 276 601 1867 674; baseline -0.003 -15"><span class='ocrx_word' id='word_1_30' title='bbox 276 604 432 659; x_wconf 74' lang='grc' dir='ltr'>εἶπεν</span> <span class='ocrx_word' id='word_1_31' title='bbox 465 623 477 636; x_wconf 76' lang='grc' dir='ltr'><strong>ο</strong></span> <span class='ocrx_word' id='word_1_32' title='bbox 508 606 621 658; x_wconf 83' lang='grc' dir='ltr'>Οὑκ</span> <span class='ocrx_word' id='word_1_33' title='bbox 645 604 783 674; x_wconf 75' lang='grc' dir='ltr'>εἰμί.</span> <span class='ocrx_word' id='word_1_34' title='bbox 814 603 979 671; x_wconf 79' lang='grc' dir='ltr'>Λέγει</span> <span class='ocrx_word' id='word_1_35' title='bbox 1012 601 1090 665; x_wconf 71' lang='grc' dir='ltr'>εἷς</span> <span class='ocrx_word' id='word_1_36' title='bbox 1118 605 1180 657; x_wconf 87' lang='grc' dir='ltr'>ὲκ</span> <span class='ocrx_word' id='word_1_37' title='bbox 1202 602 1309 656; x_wconf 85' lang='grc' dir='ltr'><strong>τῶν</strong></span> <span class='ocrx_word' id='word_1_38' title='bbox 1331 602 1534 656; x_wconf 88' lang='grc' dir='ltr'>δούλων</span> <span class='ocrx_word' id='word_1_39' title='bbox 1556 602 1648 655; x_wconf 83' lang='grc' dir='ltr'><strong>τοῦ</strong></span> <span class='ocrx_word' id='word_1_40' title='bbox 1682 604 1867 671; x_wconf 76' lang='grc' dir='ltr'>ἀρχιε-</span> 
     </span>
    </p>
   </div>
   <div class='ocr_carea' id='block_1_7' title="bbox 280 688 1865 770">
    <p class='ocr_par' dir='ltr' id='par_1_7' title="bbox 280 688 1865 770">
     <span class='ocr_line' id='line_1_7' title="bbox 280 688 1865 770; baseline -0.002 -20"><span class='ocrx_word' id='word_1_41' title='bbox 280 701 419 770; x_wconf 75' lang='grc' dir='ltr'>ρέως</span> <span class='ocrx_word' id='word_1_42' title='bbox 464 698 736 765; x_wconf 72' lang='grc' dir='ltr'>συγγενὴς</span> <span class='ocrx_word' id='word_1_43' title='bbox 769 696 867 759; x_wconf 83' lang='grc' dir='ltr'>ὣν,</span> <span class='ocrx_word' id='word_1_44' title='bbox 917 688 977 748; x_wconf 72' lang='grc' dir='ltr'>οὗ</span> <span class='ocrx_word' id='word_1_45' title='bbox 1026 696 1272 765; x_wconf 76' lang='grc' dir='ltr'><strong>ἀπέκοψε</strong></span> <span class='ocrx_word' id='word_1_46' title='bbox 1301 695 1509 765; x_wconf 77' lang='grc' dir='ltr'><strong>Πέτρος</strong></span> <span class='ocrx_word' id='word_1_47' title='bbox 1544 695 1603 748; x_wconf 82' lang='grc' dir='ltr'><strong>τὸ</strong></span> <span class='ocrx_word' id='word_1_48' title='bbox 1652 695 1814 747; x_wconf 84' lang='grc' dir='ltr'>ὠτίον</span> <span class='ocrx_word' id='word_1_49' title='bbox 1851 712 1865 726; x_wconf 92' lang='grc'><strong>·</strong></span> 
     </span>
    </p>
   </div>
   <div class='ocr_carea' id='block_1_8' title="bbox 278 785 1868 861">
    <p class='ocr_par' dir='ltr' id='par_1_8' title="bbox 278 785 1868 861">
     <span class='ocr_line' id='line_1_8' title="bbox 278 785 1868 861; baseline -0.002 -16"><span class='ocrx_word' id='word_1_50' title='bbox 278 795 395 846; x_wconf 70' lang='grc' dir='ltr'>Οὔκ</span> <span class='ocrx_word' id='word_1_51' title='bbox 426 791 537 860; x_wconf 77' lang='grc' dir='ltr'><strong>ἐγὼ</strong></span> <span class='ocrx_word' id='word_1_52' title='bbox 579 809 632 844; x_wconf 78' lang='grc' dir='ltr'><strong>σε</strong></span> <span class='ocrx_word' id='word_1_53' title='bbox 662 787 801 844; x_wconf 76' lang='grc' dir='ltr'>εἶδον</span> <span class='ocrx_word' id='word_1_54' title='bbox 828 790 980 861; x_wconf 81' lang='grc' dir='ltr'>ἐντῷ</span> <span class='ocrx_word' id='word_1_55' title='bbox 1011 791 1173 859; x_wconf 84' lang='grc' dir='ltr'><strong>κήπῳ</strong></span> <span class='ocrx_word' id='word_1_56' title='bbox 1200 790 1319 859; x_wconf 86' lang='grc' dir='ltr'>μετ’</span> <span class='ocrx_word' id='word_1_57' title='bbox 1350 788 1553 854; x_wconf 69' lang='grc' dir='ltr'>αὐτοῦς</span> <span class='ocrx_word' id='word_1_58' title='bbox 1589 790 1757 842; x_wconf 88' lang='grc' dir='ltr'>Πάλιν</span> <span class='ocrx_word' id='word_1_59' title='bbox 1776 785 1868 842; x_wconf 73' lang='grc' dir='ltr'>οὖν</span> 
     </span>
    </p>
   </div>
   <div class='ocr_carea' id='block_1_9' title="bbox 277 880 1861 956">
    <p class='ocr_par' dir='ltr' id='par_1_9' title="bbox 277 880 1861 956">
     <span class='ocr_line' id='line_1_9' title="bbox 277 880 1861 956; baseline -0.004 -19"><span class='ocrx_word' id='word_1_60' title='bbox 277 886 560 956; x_wconf 68' lang='grc' dir='ltr'>ἠρνήσατο</span> <span class='ocrx_word' id='word_1_61' title='bbox 590 888 616 937; x_wconf 91' lang='lat'><strong>6</strong></span> <span class='ocrx_word' id='word_1_62' title='bbox 652 887 879 953; x_wconf 79' lang='grc' dir='ltr'>Πέτρος,</span> <span class='ocrx_word' id='word_1_63' title='bbox 902 885 994 936; x_wconf 64' lang='grc' dir='ltr'><strong>καὶ</strong></span> <span class='ocrx_word' id='word_1_64' title='bbox 1018 883 1223 945; x_wconf 83' lang='grc' dir='ltr'>εὐθέως</span> <span class='ocrx_word' id='word_1_65' title='bbox 1247 882 1496 953; x_wconf 76' lang='grc' dir='ltr'><strong>ἀλέκτωρ</strong></span> <span class='ocrx_word' id='word_1_66' title='bbox 1514 880 1815 949; x_wconf 77' lang='grc' dir='ltr'>ἐφώνησεν.</span> <span class='ocrx_word' id='word_1_67' title='bbox 1844 899 1861 931; x_wconf 77' lang='grc' dir='ltr'><strong>ι</strong></span> 
     </span>
    </p>
   </div>
   <div class='ocr_carea' id='block_1_10' title="bbox 288 971 1869 1045">
    <p class='ocr_par' dir='ltr' id='par_1_10' title="bbox 288 971 1869 1045">
     <span class='ocr_line' id='line_1_10' title="bbox 288 971 1869 1045; baseline -0.005 -14"><span class='ocrx_word' id='word_1_68' title='bbox 288 978 632 1045; x_wconf 79' lang='grc' dir='ltr'>Ἀπάγουσιν</span> <span class='ocrx_word' id='word_1_69' title='bbox 668 976 831 1029; x_wconf 75' lang='grc' dir='ltr'>αὑτὸν</span> <span class='ocrx_word' id='word_1_70' title='bbox 884 978 1019 1044; x_wconf 75' lang='grc' dir='ltr'>πρὸς</span> <span class='ocrx_word' id='word_1_71' title='bbox 1063 974 1317 1043; x_wconf 65' lang='grc' dir='ltr'>Καϊάφαν</span> <span class='ocrx_word' id='word_1_72' title='bbox 1367 973 1453 1027; x_wconf 80' lang='grc' dir='ltr'>διὰ</span> <span class='ocrx_word' id='word_1_73' title='bbox 1492 973 1553 1025; x_wconf 87' lang='grc' dir='ltr'><strong>τὸ</strong></span> <span class='ocrx_word' id='word_1_74' title='bbox 1606 974 1664 1026; x_wconf 82' lang='grc' dir='ltr'>ὲν</span> <span class='ocrx_word' id='word_1_75' title='bbox 1719 971 1869 1041; x_wconf 85' lang='grc' dir='ltr'>αὑτῷ</span> 
     </span>
    </p>
   </div>
   <div class='ocr_carea' id='block_1_11' title="bbox 280 1066 1869 1142">
    <p class='ocr_par' dir='ltr' id='par_1_11' title="bbox 280 1066 1869 1142">
     <span class='ocr_line' id='line_1_11' title="bbox 280 1066 1869 1142; baseline -0.004 -18"><span class='ocrx_word' id='word_1_76' title='bbox 280 1072 451 1142; x_wconf 84' lang='grc' dir='ltr'>μηδὲν</span> <span class='ocrx_word' id='word_1_77' title='bbox 501 1071 685 1140; x_wconf 80' lang='grc' dir='ltr'>εὑρεῖν</span> <span class='ocrx_word' id='word_1_78' title='bbox 725 1070 917 1131; x_wconf 79' lang='grc' dir='ltr'>αἴτιον,</span> <span class='ocrx_word' id='word_1_79' title='bbox 977 1069 1105 1131; x_wconf 74' lang='grc' dir='ltr'>ἴσως</span> <span class='ocrx_word' id='word_1_80' title='bbox 1151 1066 1598 1129; x_wconf 68' lang='grc' dir='ltr'>ὑποπτεύσαντες</span> <span class='ocrx_word' id='word_1_81' title='bbox 1664 1067 1869 1118; x_wconf 81' lang='grc' dir='ltr'>ἐκεῖνον</span> 
     </span>
    </p>
   </div>
   <div class='ocr_carea' id='block_1_12' title="bbox 280 1157 1868 1230">
    <p class='ocr_par' dir='ltr' id='par_1_12' title="bbox 280 1157 1868 1230">
     <span class='ocr_line' id='line_1_12' title="bbox 280 1157 1868 1230; baseline -0.003 -17"><span class='ocrx_word' id='word_1_82' title='bbox 280 1160 595 1230; x_wconf 81' lang='grc' dir='ltr'>σοφώτερον</span> <span class='ocrx_word' id='word_1_83' title='bbox 630 1160 779 1222; x_wconf 78' lang='grc' dir='ltr'>ὄντα,</span> <span class='ocrx_word' id='word_1_84' title='bbox 819 1160 1000 1229; x_wconf 81' lang='grc' dir='ltr'>εὑρεῖν</span> <span class='ocrx_word' id='word_1_85' title='bbox 1028 1177 1080 1211; x_wconf 88' lang='grc' dir='ltr'><strong>τι</strong></span> <span class='ocrx_word' id='word_1_86' title='bbox 1108 1159 1250 1210; x_wconf 86' lang='grc' dir='ltr'><strong>κατά</strong></span> <span class='ocrx_word' id='word_1_87' title='bbox 1273 1157 1366 1210; x_wconf 89' lang='grc' dir='ltr'><strong>τοῦ</strong></span> <span class='ocrx_word' id='word_1_88' title='bbox 1416 1157 1593 1226; x_wconf 82' lang='grc' dir='ltr'>Ἰησοῦ</span> <span class='ocrx_word' id='word_1_89' title='bbox 1634 1157 1868 1210; x_wconf 76' lang='grc' dir='ltr'>θανάτου</span> 
     </span>
    </p>
   </div>
   <div class='ocr_carea' id='block_1_13' title="bbox 277 1247 1869 1319">
    <p class='ocr_par' dir='ltr' id='par_1_13' title="bbox 277 1247 1869 1319">
     <span class='ocr_line' id='line_1_13' title="bbox 277 1247 1869 1319; baseline -0.005 -12"><span class='ocrx_word' id='word_1_90' title='bbox 277 1253 457 1319; x_wconf 78' lang='grc' dir='ltr'>ἄξιον,</span> <span class='ocrx_word' id='word_1_91' title='bbox 512 1251 1018 1319; x_wconf 80' lang='grc' dir='ltr'>ὑποσκελίσανταῆ</span> <span class='ocrx_word' id='word_1_92' title='bbox 1066 1253 1124 1301; x_wconf 83' lang='grc' dir='ltr'>ὲν</span> <span class='ocrx_word' id='word_1_93' title='bbox 1175 1251 1487 1319; x_wconf 76' lang='grc' dir='ltr'>ἀποκρῖσει,</span> <span class='ocrx_word' id='word_1_94' title='bbox 1529 1250 1561 1318; x_wconf 83' lang='grc' dir='ltr'>ἢ</span> <span class='ocrx_word' id='word_1_95' title='bbox 1616 1247 1869 1319; x_wconf 78' lang='grc' dir='ltr'>πράξεώς</span> 
     </span>
    </p>
   </div>
   <div class='ocr_carea' id='block_1_14' title="bbox 276 1336 1866 1415">
    <p class='ocr_par' dir='ltr' id='par_1_14' title="bbox 276 1336 1866 1415">
     <span class='ocr_line' id='line_1_14' title="bbox 276 1336 1866 1415; baseline -0.005 -16"><span class='ocrx_word' id='word_1_96' title='bbox 276 1336 425 1408; x_wconf 76' lang='grc' dir='ltr'>τινος</span> <span class='ocrx_word' id='word_1_97' title='bbox 458 1345 817 1415; x_wconf 78' lang='grc' dir='ltr'>δραξάμενον.</span> <span class='ocrx_word' id='word_1_98' title='bbox 848 1344 907 1396; x_wconf 89' lang='grc' dir='ltr'><strong>Ὀ</strong></span> <span class='ocrx_word' id='word_1_99' title='bbox 943 1344 997 1396; x_wconf 80' lang='grc' dir='ltr'>δὲ</span> <span class='ocrx_word' id='word_1_100' title='bbox 1030 1343 1257 1412; x_wconf 82' lang='grc' dir='ltr'><strong>Πέτρος,</strong></span> <span class='ocrx_word' id='word_1_101' title='bbox 1310 1345 1338 1395; x_wconf 97' lang='lat'><strong>6</strong></span> <span class='ocrx_word' id='word_1_102' title='bbox 1368 1342 1569 1411; x_wconf 76' lang='grc' dir='ltr'>θερμὸς</span> <span class='ocrx_word' id='word_1_103' title='bbox 1614 1341 1866 1411; x_wconf 75' lang='grc' dir='ltr'>ἐραστὴς,</span> 
     </span>
    </p>
   </div>
   <div class='ocr_carea' id='block_1_15' title="bbox 275 1432 1872 1507">
    <p class='ocr_par' dir='ltr' id='par_1_15' title="bbox 275 1432 1872 1507">
     <span class='ocr_line' id='line_1_15' title="bbox 275 1432 1872 1507; baseline -0.005 -15"><span class='ocrx_word' id='word_1_104' title='bbox 275 1438 522 1507; x_wconf 87' lang='grc' dir='ltr'>τοσούτῳ</span> <span class='ocrx_word' id='word_1_105' title='bbox 562 1438 717 1506; x_wconf 88' lang='grc' dir='ltr'>κάρῳ</span> <span class='ocrx_word' id='word_1_106' title='bbox 745 1436 1050 1505; x_wconf 78' lang='grc' dir='ltr'>κατείχετο,</span> <span class='ocrx_word' id='word_1_107' title='bbox 1090 1432 1235 1487; x_wconf 74' lang='grc' dir='ltr'>ὥστε</span> <span class='ocrx_word' id='word_1_108' title='bbox 1260 1434 1613 1504; x_wconf 82' lang='grc' dir='ltr'>ἀπαγομένου</span> <span class='ocrx_word' id='word_1_109' title='bbox 1645 1434 1738 1485; x_wconf 83' lang='grc' dir='ltr'><strong>τοῦ</strong></span> <span class='ocrx_word' id='word_1_110' title='bbox 1797 1434 1872 1485; x_wconf 89' lang='grc' dir='ltr'>δι-</span> 
     </span>
    </p>
   </div>
   <div class='ocr_carea' id='block_1_16' title="bbox 276 1526 1869 1599">
    <p class='ocr_par' dir='ltr' id='par_1_16' title="bbox 276 1526 1869 1599">
     <span class='ocr_line' id='line_1_16' title="bbox 276 1526 1869 1599; baseline -0.006 -14"><span class='ocrx_word' id='word_1_111' title='bbox 276 1532 579 1596; x_wconf 83' lang='grc' dir='ltr'>δασκάλου,</span> <span class='ocrx_word' id='word_1_112' title='bbox 611 1531 729 1582; x_wconf 77' lang='grc' dir='ltr'>οὐδὲ</span> <span class='ocrx_word' id='word_1_113' title='bbox 765 1530 1164 1599; x_wconf 86' lang='grc' dir='ltr'>μετακινεῖται,</span> <span class='ocrx_word' id='word_1_114' title='bbox 1206 1527 1323 1578; x_wconf 76' lang='grc' dir='ltr'>ἀλλ’</span> <span class='ocrx_word' id='word_1_115' title='bbox 1359 1527 1437 1577; x_wconf 79' lang='grc' dir='ltr'>ἔτι</span> <span class='ocrx_word' id='word_1_116' title='bbox 1493 1526 1869 1594; x_wconf 83' lang='grc' dir='ltr'>θερμαίνεται.</span> 
     </span>
    </p>
   </div>
   <div class='ocr_carea' id='block_1_17' title="bbox 279 1618 1871 1690">
    <p class='ocr_par' dir='ltr' id='par_1_17' title="bbox 279 1618 1871 1690">
     <span class='ocr_line' id='line_1_17' title="bbox 279 1618 1871 1690; baseline -0.006 -12"><span class='ocrx_word' id='word_1_117' title='bbox 279 1626 447 1677; x_wconf 77' lang='grc' dir='ltr'>Ὥστε</span> <span class='ocrx_word' id='word_1_118' title='bbox 464 1626 559 1677; x_wconf 73' lang='grc' dir='ltr'><strong>καὶ</strong></span> <span class='ocrx_word' id='word_1_119' title='bbox 580 1623 742 1677; x_wconf 84' lang='grc' dir='ltr'>πάλιν</span> <span class='ocrx_word' id='word_1_120' title='bbox 766 1621 1085 1690; x_wconf 71' lang='grc' dir='ltr'>ἐρωτηθεὶς,</span> <span class='ocrx_word' id='word_1_121' title='bbox 1109 1622 1381 1687; x_wconf 78' lang='grc' dir='ltr'>ἀρνεῖται,</span> <span class='ocrx_word' id='word_1_122' title='bbox 1413 1618 1505 1670; x_wconf 73' lang='grc' dir='ltr'><strong>καὶ</strong></span> <span class='ocrx_word' id='word_1_123' title='bbox 1534 1619 1593 1668; x_wconf 86' lang='grc' dir='ltr'><strong>οὑ</strong></span> <span class='ocrx_word' id='word_1_124' title='bbox 1618 1618 1871 1685; x_wconf 81' lang='grc' dir='ltr'>δεύτερον</span> 
     </span>
    </p>
   </div>
   <div class='ocr_carea' id='block_1_18' title="bbox 281 1710 1871 1785">
    <p class='ocr_par' dir='ltr' id='par_1_18' title="bbox 281 1710 1871 1785">
     <span class='ocr_line' id='line_1_18' title="bbox 281 1710 1871 1785; baseline -0.006 -15"><span class='ocrx_word' id='word_1_125' title='bbox 281 1717 467 1785; x_wconf 81' lang='grc' dir='ltr'>μόνον,</span> <span class='ocrx_word' id='word_1_126' title='bbox 497 1714 635 1768; x_wconf 84' lang='grc' dir='ltr'><strong>ἀλλά</strong></span> <span class='ocrx_word' id='word_1_127' title='bbox 677 1716 771 1766; x_wconf 67' lang='grc' dir='ltr'><strong>καὶ</strong></span> <span class='ocrx_word' id='word_1_128' title='bbox 823 1714 1026 1782; x_wconf 85' lang='grc' dir='ltr'>τρίτον.</span> <span class='ocrx_word' id='word_1_129' title='bbox 1066 1712 1220 1763; x_wconf 80' lang='grc' dir='ltr'>Διατί</span> <span class='ocrx_word' id='word_1_130' title='bbox 1276 1710 1331 1762; x_wconf 87' lang='grc' dir='ltr'><strong>δὲ</strong></span> <span class='ocrx_word' id='word_1_131' title='bbox 1384 1712 1431 1762; x_wconf 76' lang='grc' dir='ltr'>οἱ</span> <span class='ocrx_word' id='word_1_132' title='bbox 1485 1710 1871 1776; x_wconf 73' lang='grc' dir='ltr'>εὑαγγελισταὶ</span> 
     </span>
    </p>
   </div>
   <div class='ocr_carea' id='block_1_19' title="bbox 278 1800 1869 1875">
    <p class='ocr_par' dir='ltr' id='par_1_19' title="bbox 278 1800 1869 1875">
     <span class='ocr_line' id='line_1_19' title="bbox 278 1800 1869 1875; baseline -0.006 -14"><span class='ocrx_word' id='word_1_133' title='bbox 278 1809 485 1871; x_wconf 67' lang='grc' dir='ltr'>πάντες</span> <span class='ocrx_word' id='word_1_134' title='bbox 514 1806 654 1875; x_wconf 83' lang='grc' dir='ltr'>ὁμοῦ</span> <span class='ocrx_word' id='word_1_135' title='bbox 696 1808 821 1874; x_wconf 76' lang='grc' dir='ltr'>περὶ</span> <span class='ocrx_word' id='word_1_136' title='bbox 853 1804 947 1855; x_wconf 90' lang='grc' dir='ltr'><strong>τοῦ</strong></span> <span class='ocrx_word' id='word_1_137' title='bbox 978 1804 1186 1871; x_wconf 82' lang='grc' dir='ltr'>Πέτρου</span> <span class='ocrx_word' id='word_1_138' title='bbox 1217 1802 1563 1871; x_wconf 65' lang='grc' dir='ltr'>ἀνέγραψανς</span> <span class='ocrx_word' id='word_1_139' title='bbox 1602 1802 1737 1870; x_wconf 75' lang='grc' dir='ltr'>Οὐχὶ</span> <span class='ocrx_word' id='word_1_140' title='bbox 1775 1800 1869 1853; x_wconf 88' lang='grc' dir='ltr'><strong>τοῦ</strong></span> 
     </span>
    </p>
   </div>
   <div class='ocr_carea' id='block_1_20' title="bbox 282 1894 1869 1971">
    <p class='ocr_par' dir='ltr' id='par_1_20' title="bbox 282 1894 1869 1971">
     <span class='ocr_line' id='line_1_20' title="bbox 282 1894 1869 1971; baseline -0.006 -17"><span class='ocrx_word' id='word_1_141' title='bbox 282 1900 647 1971; x_wconf 78' lang='grc' dir='ltr'>συμμαθητοῦ</span> <span class='ocrx_word' id='word_1_142' title='bbox 686 1896 1145 1967; x_wconf 77' lang='grc' dir='ltr'>κατηγοροῦντες,</span> <span class='ocrx_word' id='word_1_143' title='bbox 1182 1896 1293 1948; x_wconf 78' lang='grc' dir='ltr'>ἀλλ’</span> <span class='ocrx_word' id='word_1_144' title='bbox 1327 1896 1473 1963; x_wconf 76' lang='grc' dir='ltr'>ἡμᾶς</span> <span class='ocrx_word' id='word_1_145' title='bbox 1500 1894 1869 1955; x_wconf 76' lang='grc' dir='ltr'>παιδεύοντες,</span> 
     </span>
    </p>
   </div>
   <div class='ocr_carea' id='block_1_21' title="bbox 284 1985 1871 2059">
    <p class='ocr_par' dir='ltr' id='par_1_21' title="bbox 284 1985 1871 2059">
     <span class='ocr_line' id='line_1_21' title="bbox 284 1985 1871 2059; baseline -0.005 -14"><span class='ocrx_word' id='word_1_146' title='bbox 284 1993 453 2047; x_wconf 86' lang='grc' dir='ltr'>πόσον</span> <span class='ocrx_word' id='word_1_147' title='bbox 484 1993 655 2045; x_wconf 67' lang='grc' dir='ltr'>κακὸν</span> <span class='ocrx_word' id='word_1_148' title='bbox 698 1992 759 2043; x_wconf 80' lang='grc' dir='ltr'>τὸ</span> <span class='ocrx_word' id='word_1_149' title='bbox 800 1990 875 2059; x_wconf 81' lang='grc' dir='ltr'>μὴ</span> <span class='ocrx_word' id='word_1_150' title='bbox 934 1990 993 2041; x_wconf 85' lang='grc' dir='ltr'><strong>τὸ</strong></span> <span class='ocrx_word' id='word_1_151' title='bbox 1026 1990 1137 2041; x_wconf 81' lang='grc' dir='ltr'>πᾶν</span> <span class='ocrx_word' id='word_1_152' title='bbox 1194 1987 1513 2057; x_wconf 71' lang='grc' dir='ltr'>ἐπιτρέπειν</span> <span class='ocrx_word' id='word_1_153' title='bbox 1558 1985 1697 2054; x_wconf 79' lang='grc' dir='ltr'>Θεῷ,</span> <span class='ocrx_word' id='word_1_154' title='bbox 1754 1985 1871 2038; x_wconf 83' lang='grc' dir='ltr'>ἀλλ’</span> 
     </span>
    </p>
   </div>
   <div class='ocr_carea' id='block_1_22' title="bbox 283 2079 1873 2154">
    <p class='ocr_par' dir='ltr' id='par_1_22' title="bbox 283 2079 1873 2154">
     <span class='ocr_line' id='line_1_22' title="bbox 283 2079 1873 2154; baseline -0.005 -17"><span class='ocrx_word' id='word_1_155' title='bbox 283 2084 465 2154; x_wconf 80' lang='grc' dir='ltr'>ἐαυτῷ</span> <span class='ocrx_word' id='word_1_156' title='bbox 492 2084 738 2153; x_wconf 70' lang='grc' dir='ltr'>θαρρεῖν.</span> <span class='ocrx_word' id='word_1_157' title='bbox 766 2083 888 2152; x_wconf 82' lang='grc' dir='ltr'>Χρὴ</span> <span class='ocrx_word' id='word_1_158' title='bbox 912 2081 967 2133; x_wconf 82' lang='grc' dir='ltr'>δὲ</span> <span class='ocrx_word' id='word_1_159' title='bbox 1006 2080 1289 2149; x_wconf 78' lang='grc' dir='ltr'>θαυμάσαι</span> <span class='ocrx_word' id='word_1_160' title='bbox 1322 2079 1414 2132; x_wconf 89' lang='grc' dir='ltr'><strong>τοῦ</strong></span> <span class='ocrx_word' id='word_1_161' title='bbox 1450 2080 1722 2132; x_wconf 88' lang='grc' dir='ltr'>Δεσπότου</span> <span class='ocrx_word' id='word_1_162' title='bbox 1773 2080 1873 2148; x_wconf 80' lang='grc' dir='ltr'><strong>τὴν</strong></span> 
     </span>
    </p>
   </div>
   <div class='ocr_carea' id='block_1_23' title="bbox 282 2172 1871 2245">
    <p class='ocr_par' dir='ltr' id='par_1_23' title="bbox 282 2172 1871 2245">
     <span class='ocr_line' id='line_1_23' title="bbox 282 2172 1871 2245; baseline -0.004 -16"><span class='ocrx_word' id='word_1_163' title='bbox 282 2175 721 2245; x_wconf 76' lang='grc' dir='ltr'>φιλανθρωπίαν,</span> <span class='ocrx_word' id='word_1_164' title='bbox 754 2176 833 2227; x_wconf 84' lang='grc' dir='ltr'>ὅτι</span> <span class='ocrx_word' id='word_1_165' title='bbox 867 2173 960 2226; x_wconf 71' lang='grc' dir='ltr'><strong>καὶ</strong></span> <span class='ocrx_word' id='word_1_166' title='bbox 1004 2173 1309 2242; x_wconf 78' lang='grc' dir='ltr'>δεδεμένος,</span> <span class='ocrx_word' id='word_1_167' title='bbox 1369 2174 1461 2225; x_wconf 70' lang='grc' dir='ltr'>καὶ</span> <span class='ocrx_word' id='word_1_168' title='bbox 1501 2172 1871 2240; x_wconf 77' lang='grc' dir='ltr'>ἀπαγόμενος,</span> 
     </span>
    </p>
   </div>
   <div class='ocr_carea' id='block_1_24' title="bbox 283 2264 1872 2337">
    <p class='ocr_par' dir='ltr' id='par_1_24' title="bbox 283 2264 1872 2337">
     <span class='ocr_line' id='line_1_24' title="bbox 283 2264 1872 2337; baseline -0.003 -16"><span class='ocrx_word' id='word_1_169' title='bbox 283 2271 383 2323; x_wconf 83' lang='grc' dir='ltr'><strong>οὐκ</strong></span> <span class='ocrx_word' id='word_1_170' title='bbox 414 2268 660 2337; x_wconf 78' lang='grc' dir='ltr'>ἠμέλησε</span> <span class='ocrx_word' id='word_1_171' title='bbox 693 2266 785 2319; x_wconf 90' lang='grc' dir='ltr'><strong>τοῦ</strong></span> <span class='ocrx_word' id='word_1_172' title='bbox 823 2264 1091 2336; x_wconf 78' lang='grc' dir='ltr'>μαθητοῦ,</span> <span class='ocrx_word' id='word_1_173' title='bbox 1123 2265 1260 2319; x_wconf 84' lang='grc' dir='ltr'>ἀλλὰ</span> <span class='ocrx_word' id='word_1_174' title='bbox 1303 2268 1564 2335; x_wconf 70' lang='grc' dir='ltr'>στραφεὶς</span> <span class='ocrx_word' id='word_1_175' title='bbox 1618 2265 1872 2334; x_wconf 67' lang='grc' dir='ltr'>ὲνέόλεψε</span> 
     </span>
    </p>
   </div>
   <div class='ocr_carea' id='block_1_25' title="bbox 282 2358 1875 2432">
    <p class='ocr_par' dir='ltr' id='par_1_25' title="bbox 282 2358 1875 2432">
     <span class='ocr_line' id='line_1_25' title="bbox 282 2358 1875 2432; baseline -0.002 -20"><span class='ocrx_word' id='word_1_176' title='bbox 282 2360 362 2432; x_wconf 83' lang='grc' dir='ltr'>τῷ</span> <span class='ocrx_word' id='word_1_177' title='bbox 392 2361 606 2431; x_wconf 80' lang='grc' dir='ltr'>Πέτρῳ,</span> <span class='ocrx_word' id='word_1_178' title='bbox 661 2360 735 2422; x_wconf 83' lang='grc' dir='ltr'>ὼς</span> <span class='ocrx_word' id='word_1_179' title='bbox 770 2359 957 2429; x_wconf 80' lang='grc' dir='ltr'>ἕτερος</span> <span class='ocrx_word' id='word_1_180' title='bbox 998 2358 1393 2427; x_wconf 81' lang='grc' dir='ltr'>εὐαγγελιστής</span> <span class='ocrx_word' id='word_1_181' title='bbox 1437 2374 1592 2427; x_wconf 86' lang='grc' dir='ltr'>φησι,</span> <span class='ocrx_word' id='word_1_182' title='bbox 1651 2359 1742 2411; x_wconf 70' lang='grc' dir='ltr'><strong>καὶ</strong></span> <span class='ocrx_word' id='word_1_183' title='bbox 1786 2358 1875 2410; x_wconf 85' lang='grc' dir='ltr'>διὰ</span> 
     </span>
    </p>
   </div>
   <div class='ocr_carea' id='block_1_26' title="bbox 282 2449 1873 2522">
    <p class='ocr_par' dir='ltr' id='par_1_26' title="bbox 282 2449 1873 2522">
     <span class='ocr_line' id='line_1_26' title="bbox 282 2449 1873 2522; baseline -0.004 -16"><span class='ocrx_word' id='word_1_184' title='bbox 282 2454 379 2507; x_wconf 84' lang='grc' dir='ltr'><strong>τοῦ</strong></span> <span class='ocrx_word' id='word_1_185' title='bbox 418 2452 739 2522; x_wconf 77' lang='grc' dir='ltr'>βλέμματος</span> <span class='ocrx_word' id='word_1_186' title='bbox 787 2450 1213 2521; x_wconf 73' lang='grc' dir='ltr'>προσωνείδισεν</span> <span class='ocrx_word' id='word_1_187' title='bbox 1259 2449 1408 2519; x_wconf 84' lang='grc' dir='ltr'>αὑτῷ</span> <span class='ocrx_word' id='word_1_188' title='bbox 1440 2450 1539 2519; x_wconf 83' lang='grc' dir='ltr'><strong>τὴν</strong></span> <span class='ocrx_word' id='word_1_189' title='bbox 1567 2449 1873 2513; x_wconf 87' lang='grc' dir='ltr'>ἀσθένειαν,</span> 
     </span>
    </p>
   </div>
   <div class='ocr_carea' id='block_1_27' title="bbox 284 2540 1877 2612">
    <p class='ocr_par' dir='ltr' id='par_1_27' title="bbox 284 2540 1877 2612">
     <span class='ocr_line' id='line_1_27' title="bbox 284 2540 1877 2612; baseline -0.004 -14"><span class='ocrx_word' id='word_1_190' title='bbox 284 2544 383 2598; x_wconf 80' lang='grc' dir='ltr'>καὶ</span> <span class='ocrx_word' id='word_1_191' title='bbox 411 2547 491 2606; x_wconf 76' lang='grc' dir='ltr'><strong>εἰς</strong></span> <span class='ocrx_word' id='word_1_192' title='bbox 522 2542 887 2612; x_wconf 75' lang='grc' dir='ltr'>μεταμέλειαν</span> <span class='ocrx_word' id='word_1_193' title='bbox 927 2546 1023 2596; x_wconf 82' lang='grc' dir='ltr'>καὶ</span> <span class='ocrx_word' id='word_1_194' title='bbox 1055 2542 1270 2611; x_wconf 82' lang='grc' dir='ltr'>δάκρυα</span> <span class='ocrx_word' id='word_1_195' title='bbox 1308 2541 1552 2611; x_wconf 70' lang='grc' dir='ltr'>ἤγειρεν.</span> <span class='ocrx_word' id='word_1_196' title='bbox 1597 2541 1774 2608; x_wconf 86' lang='grc' dir='ltr'>Ὅπερ</span> <span class='ocrx_word' id='word_1_197' title='bbox 1819 2540 1877 2592; x_wconf 85' lang='grc' dir='ltr'>δὲ</span> 
     </span>
    </p>
   </div>
   <div class='ocr_carea' id='block_1_28' title="bbox 283 2633 1875 2705">
    <p class='ocr_par' dir='ltr' id='par_1_28' title="bbox 283 2633 1875 2705">
     <span class='ocr_line' id='line_1_28' title="bbox 283 2633 1875 2705; baseline -0.003 -15"><span class='ocrx_word' id='word_1_198' title='bbox 283 2638 407 2691; x_wconf 85' lang='grc' dir='ltr'>τότε</span> <span class='ocrx_word' id='word_1_199' title='bbox 432 2638 639 2705; x_wconf 81' lang='grc' dir='ltr'>Πέτρος</span> <span class='ocrx_word' id='word_1_200' title='bbox 659 2636 917 2699; x_wconf 86' lang='grc' dir='ltr'>πέπονθε,</span> <span class='ocrx_word' id='word_1_201' title='bbox 946 2635 1041 2689; x_wconf 77' lang='grc' dir='ltr'>καὶ</span> <span class='ocrx_word' id='word_1_202' title='bbox 1072 2634 1167 2688; x_wconf 89' lang='grc' dir='ltr'><strong>νῦν</strong></span> <span class='ocrx_word' id='word_1_203' title='bbox 1189 2634 1453 2705; x_wconf 82' lang='grc' dir='ltr'>πάρεστιν</span> <span class='ocrx_word' id='word_1_204' title='bbox 1486 2634 1616 2687; x_wconf 86' lang='grc' dir='ltr'>ίδεῖν</span> <span class='ocrx_word' id='word_1_205' title='bbox 1648 2633 1875 2696; x_wconf 79' lang='grc' dir='ltr'>πολλοὺς</span> 
     </span>
    </p>
   </div>
   <div class='ocr_carea' id='block_1_29' title="bbox 283 2725 1878 2798">
    <p class='ocr_par' dir='ltr' id='par_1_29' title="bbox 283 2725 1878 2798">
     <span class='ocr_line' id='line_1_29' title="bbox 283 2725 1878 2798; baseline -0.003 -18"><span class='ocrx_word' id='word_1_206' title='bbox 283 2729 445 2798; x_wconf 72' lang='grc' dir='ltr'>ἡμῶν</span> <span class='ocrx_word' id='word_1_207' title='bbox 479 2729 808 2797; x_wconf 83' lang='grc' dir='ltr'>πάσχοντας.</span> <span class='ocrx_word' id='word_1_208' title='bbox 857 2729 1151 2795; x_wconf 79' lang='grc' dir='ltr'>Δεσμεῖται</span> <span class='ocrx_word' id='word_1_209' title='bbox 1181 2726 1289 2794; x_wconf 73' lang='grc' dir='ltr'>γὰρ</span> <span class='ocrx_word' id='word_1_210' title='bbox 1337 2726 1366 2777; x_wconf 89' lang='lat'><strong>6</strong></span> <span class='ocrx_word' id='word_1_211' title='bbox 1418 2727 1476 2777; x_wconf 82' lang='grc' dir='ltr'>ὲν</span> <span class='ocrx_word' id='word_1_212' title='bbox 1526 2726 1663 2792; x_wconf 82' lang='grc' dir='ltr'>ἡμῖν</span> <span class='ocrx_word' id='word_1_213' title='bbox 1720 2725 1878 2790; x_wconf 83' lang='grc' dir='ltr'>λόγος</span> 
     </span>
    </p>
   </div>
   <div class='ocr_carea' id='block_1_30' title="bbox 284 2815 1875 2889">
    <p class='ocr_par' dir='ltr' id='par_1_30' title="bbox 284 2815 1875 2889">
     <span class='ocr_line' id='line_1_30' title="bbox 284 2815 1875 2889; baseline -0.006 -14"><span class='ocrx_word' id='word_1_214' title='bbox 284 2821 381 2875; x_wconf 80' lang='grc' dir='ltr'><strong>τοῦ</strong></span> <span class='ocrx_word' id='word_1_215' title='bbox 404 2821 563 2885; x_wconf 86' lang='grc' dir='ltr'>Θεοῦ,</span> <span class='ocrx_word' id='word_1_216' title='bbox 599 2823 692 2874; x_wconf 71' lang='grc' dir='ltr'><strong>καὶ</strong></span> <span class='ocrx_word' id='word_1_217' title='bbox 714 2815 826 2873; x_wconf 74' lang='grc' dir='ltr'>οἷον</span> <span class='ocrx_word' id='word_1_218' title='bbox 851 2818 1343 2889; x_wconf 77' lang='grc' dir='ltr'>αἰχμαλωτίζεται,</span> <span class='ocrx_word' id='word_1_219' title='bbox 1380 2818 1491 2871; x_wconf 86' lang='grc' dir='ltr'>εἴτε</span> <span class='ocrx_word' id='word_1_220' title='bbox 1533 2818 1637 2869; x_wconf 84' lang='grc' dir='ltr'><strong>ὑπὸ</strong></span> <span class='ocrx_word' id='word_1_221' title='bbox 1676 2816 1875 2882; x_wconf 84' lang='grc' dir='ltr'>λύπης,</span> 
     </span>
    </p>
   </div>
   <div class='ocr_carea' id='block_1_31' title="bbox 285 2908 1876 2982">
    <p class='ocr_par' dir='ltr' id='par_1_31' title="bbox 285 2908 1876 2982">
     <span class='ocr_line' id='line_1_31' title="bbox 285 2908 1876 2982; baseline -0.004 -17"><span class='ocrx_word' id='word_1_222' title='bbox 285 2913 399 2965; x_wconf 74' lang='grc' dir='ltr'>εἴτε</span> <span class='ocrx_word' id='word_1_223' title='bbox 428 2913 533 2966; x_wconf 77' lang='grc' dir='ltr'><strong>ὑπὸ</strong></span> <span class='ocrx_word' id='word_1_224' title='bbox 569 2912 761 2982; x_wconf 74' lang='grc' dir='ltr'>ἡδονῆς</span> <span class='ocrx_word' id='word_1_225' title='bbox 792 2910 1411 2982; x_wconf 74' lang='grc' dir='ltr'>ἐξανδραποδιζόμενος.</span> <span class='ocrx_word' id='word_1_226' title='bbox 1458 2908 1876 2977; x_wconf 79' lang='grc' dir='ltr'>Ἀμφοτέρωθεν</span> 
     </span>
    </p>
   </div>
   <div class='ocr_carea' id='block_1_32' title="bbox 285 2996 1874 3073">
    <p class='ocr_par' dir='ltr' id='par_1_32' title="bbox 285 2996 1874 3073">
     <span class='ocr_line' id='line_1_32' title="bbox 285 2996 1874 3073; baseline -0.004 -18"><span class='ocrx_word' id='word_1_227' title='bbox 285 3005 401 3073; x_wconf 84' lang='grc' dir='ltr'>γὰρ</span> <span class='ocrx_word' id='word_1_228' title='bbox 428 3000 813 3073; x_wconf 81' lang='grc' dir='ltr'>δεσμιυόμεθά</span> <span class='ocrx_word' id='word_1_229' title='bbox 836 3018 897 3053; x_wconf 91' lang='grc' dir='ltr'><strong>τε</strong></span> <span class='ocrx_word' id='word_1_230' title='bbox 934 3000 1030 3053; x_wconf 79' lang='grc' dir='ltr'>καὶ</span> <span class='ocrx_word' id='word_1_231' title='bbox 1065 2998 1415 3067; x_wconf 86' lang='grc' dir='ltr'>ἀπαγόμεθα,</span> <span class='ocrx_word' id='word_1_232' title='bbox 1448 2998 1480 3063; x_wconf 81' lang='grc' dir='ltr'>ἦ</span> <span class='ocrx_word' id='word_1_233' title='bbox 1510 2998 1614 3049; x_wconf 88' lang='grc' dir='ltr'><strong>ὑπὸ</strong></span> <span class='ocrx_word' id='word_1_234' title='bbox 1641 2996 1749 3051; x_wconf 86' lang='grc' dir='ltr'>τῶν</span> <span class='ocrx_word' id='word_1_235' title='bbox 1780 2997 1874 3049; x_wconf 89' lang='grc' dir='ltr'><strong>τοῦ</strong></span> 
     </span>
    </p>
   </div>
   <div class='ocr_carea' id='block_1_33' title="bbox 284 3088 1880 3165">
    <p class='ocr_par' dir='ltr' id='par_1_33' title="bbox 284 3088 1880 3165">
     <span class='ocr_line' id='line_1_33' title="bbox 284 3088 1880 3165; baseline -0.004 -17"><span class='ocrx_word' id='word_1_236' title='bbox 284 3095 497 3163; x_wconf 80' lang='grc' dir='ltr'>κόσμου</span> <span class='ocrx_word' id='word_1_237' title='bbox 518 3094 712 3165; x_wconf 74' lang='grc' dir='ltr'>ἡδέων,</span> <span class='ocrx_word' id='word_1_238' title='bbox 743 3093 777 3164; x_wconf 77' lang='grc' dir='ltr'>ἢ</span> <span class='ocrx_word' id='word_1_239' title='bbox 799 3092 904 3146; x_wconf 82' lang='grc' dir='ltr'><strong>ὑπὸ</strong></span> <span class='ocrx_word' id='word_1_240' title='bbox 925 3092 1034 3145; x_wconf 86' lang='grc' dir='ltr'><strong>τῶν</strong></span> <span class='ocrx_word' id='word_1_241' title='bbox 1055 3089 1341 3161; x_wconf 82' lang='grc' dir='ltr'>λυπηρῶν,</span> <span class='ocrx_word' id='word_1_242' title='bbox 1377 3088 1468 3143; x_wconf 85' lang='grc' dir='ltr'><strong>τοῦ</strong></span> <span class='ocrx_word' id='word_1_243' title='bbox 1491 3090 1627 3142; x_wconf 88' lang='grc' dir='ltr'>Θεοῦ</span> <span class='ocrx_word' id='word_1_244' title='bbox 1658 3089 1880 3142; x_wconf 75' lang='grc' dir='ltr'>ἐπιλαν-</span> 
     </span>
    </p>
   </div>
   <div class='ocr_carea' id='block_1_34' title="bbox 1978 606 3558 674">
    <p class='ocr_par' dir='ltr' id='par_1_34' title="bbox 1978 606 3558 674">
     <span class='ocr_line' id='line_1_34' title="bbox 1978 606 3558 674; baseline 0.002 -15"><span class='ocrx_word' id='word_1_245' title='bbox 1978 606 2117 661; x_wconf 91' lang='lat' dir='ltr'><strong>Dicit</strong></span> <span class='ocrx_word' id='word_1_246' title='bbox 2149 606 2196 660; x_wconf 92' lang='lat' dir='ltr'><strong>ei</strong></span> <span class='ocrx_word' id='word_1_247' title='bbox 2251 620 2393 659; x_wconf 87' lang='lat' dir='ltr'><strong>unus</strong></span> <span class='ocrx_word' id='word_1_248' title='bbox 2440 621 2503 659; x_wconf 82' lang='lat' dir='ltr'><strong>cx</strong></span> <span class='ocrx_word' id='word_1_249' title='bbox 2560 608 2730 661; x_wconf 81' lang='lat' dir='ltr'><strong>servis</strong></span> <span class='ocrx_word' id='word_1_250' title='bbox 2786 606 3076 674; x_wconf 77' lang='lat' dir='ltr'><strong>pontificis.</strong></span> <span class='ocrx_word' id='word_1_251' title='bbox 3143 617 3403 673; x_wconf 68' lang='lat' dir='ltr'><strong>cognatus</strong></span> <span class='ocrx_word' id='word_1_252' title='bbox 3441 606 3558 674; x_wconf 86' lang='lat' dir='ltr'><strong>ejus</strong></span> 
     </span>
    </p>
   </div>
   <div class='ocr_carea' id='block_1_35' title="bbox 1972 698 3558 767">
    <p class='ocr_par' dir='ltr' id='par_1_35' title="bbox 1972 698 3558 767">
     <span class='ocr_line' id='line_1_35' title="bbox 1972 698 3558 767; baseline 0 -13"><span class='ocrx_word' id='word_1_253' title='bbox 1972 700 2126 767; x_wconf 82' lang='lat' dir='ltr'><strong>Cujus</strong></span> <span class='ocrx_word' id='word_1_254' title='bbox 2162 700 2469 753; x_wconf 84' lang='lat' dir='ltr'><strong>absciderat</strong></span> <span class='ocrx_word' id='word_1_255' title='bbox 2512 698 2704 751; x_wconf 86' lang='lat' dir='ltr'><strong>Petrus</strong></span> <span class='ocrx_word' id='word_1_256' title='bbox 2757 699 3090 753; x_wconf 80' lang='lat' dir='ltr'><strong>auriCnlam:</strong></span> <span class='ocrx_word' id='word_1_257' title='bbox 3130 699 3321 753; x_wconf 72' lang='lat' dir='ltr'><strong>Nonne</strong></span> <span class='ocrx_word' id='word_1_258' title='bbox 3356 715 3454 767; x_wconf 80' lang='lat' dir='ltr'><strong>ego</strong></span> <span class='ocrx_word' id='word_1_259' title='bbox 3506 711 3558 755; x_wconf 88' lang='lat' dir='ltr'><strong>te</strong></span> 
     </span>
    </p>
   </div>
   <div class='ocr_carea' id='block_1_36' title="bbox 1970 790 3552 861">
    <p class='ocr_par' dir='ltr' id='par_1_36' title="bbox 1970 790 3552 861">
     <span class='ocr_line' id='line_1_36' title="bbox 1970 790 3552 861; baseline -0.002 -15"><span class='ocrx_word' id='word_1_260' title='bbox 1970 793 2080 846; x_wconf 89' lang='lat' dir='ltr'><strong>vidi</strong></span> <span class='ocrx_word' id='word_1_261' title='bbox 2116 794 2167 845; x_wconf 92' lang='lat' dir='ltr'><strong>in</strong></span> <span class='ocrx_word' id='word_1_262' title='bbox 2200 792 2359 845; x_wconf 90' lang='lat' dir='ltr'><strong>horto</strong></span> <span class='ocrx_word' id='word_1_263' title='bbox 2396 808 2517 845; x_wconf 88' lang='lat' dir='ltr'><strong>cum</strong></span> <span class='ocrx_word' id='word_1_264' title='bbox 2550 791 2678 843; x_wconf 85' lang='lat' dir='ltr'><strong>illo?</strong></span> <span class='ocrx_word' id='word_1_265' title='bbox 2710 790 2905 845; x_wconf 89' lang='lat' dir='ltr'><strong>lterum</strong></span> <span class='ocrx_word' id='word_1_266' title='bbox 2933 807 3063 859; x_wconf 78' lang='lat' dir='ltr'><strong>ergo</strong></span> <span class='ocrx_word' id='word_1_267' title='bbox 3094 795 3306 861; x_wconf 68' lang='lat' dir='ltr'><strong>negavit</strong></span> <span class='ocrx_word' id='word_1_268' title='bbox 3338 792 3552 854; x_wconf 78' lang='lat' dir='ltr'><strong>Petrus,</strong></span> 
     </span>
    </p>
   </div>
   <div class='ocr_carea' id='block_1_37' title="bbox 1972 884 3557 954">
    <p class='ocr_par' dir='ltr' id='par_1_37' title="bbox 1972 884 3557 954">
     <span class='ocr_line' id='line_1_37' title="bbox 1972 884 3557 954; baseline -0.001 -14"><span class='ocrx_word' id='word_1_269' title='bbox 1972 898 2025 939; x_wconf 86' lang='lat' dir='ltr'><strong>et</strong></span> <span class='ocrx_word' id='word_1_270' title='bbox 2072 886 2253 940; x_wconf 88' lang='lat' dir='ltr'><strong>statim</strong></span> <span class='ocrx_word' id='word_1_271' title='bbox 2314 885 2489 954; x_wconf 82' lang='lat' dir='ltr'><strong>gallus</strong></span> <span class='ocrx_word' id='word_1_272' title='bbox 2521 884 2740 939; x_wconf 78' lang='lat' dir='ltr'><strong>cecinit.</strong></span> <span class='ocrx_word' id='word_1_273' title='bbox 2785 902 2801 934; x_wconf 77' lang='grc' dir='ltr'><strong>ι</strong></span> <span class='ocrx_word' id='word_1_274' title='bbox 2839 885 3126 937; x_wconf 82' lang='lat' dir='ltr'><strong>Abducunt</strong></span> <span class='ocrx_word' id='word_1_275' title='bbox 3172 900 3292 936; x_wconf 74' lang='lat' dir='ltr'><strong>eum</strong></span> <span class='ocrx_word' id='word_1_276' title='bbox 3333 894 3397 938; x_wconf 89' lang='lat' dir='ltr'><strong>ad</strong></span> <span class='ocrx_word' id='word_1_277' title='bbox 3433 885 3557 940; x_wconf 87' lang='lat' dir='ltr'><strong>Cai-</strong></span> 
     </span>
    </p>
   </div>
   <div class='ocr_carea' id='block_1_38' title="bbox 1973 978 3555 1050">
    <p class='ocr_par' dir='ltr' id='par_1_38' title="bbox 1973 978 3555 1050">
     <span class='ocr_line' id='line_1_38' title="bbox 1973 978 3555 1050; baseline 0.001 -21"><span class='ocrx_word' id='word_1_278' title='bbox 1973 980 2156 1050; x_wconf 87' lang='lat' dir='ltr'><strong>pham,</strong></span> <span class='ocrx_word' id='word_1_279' title='bbox 2192 994 2255 1032; x_wconf 91' lang='lat' dir='ltr'><strong>eo</strong></span> <span class='ocrx_word' id='word_1_280' title='bbox 2293 979 2437 1047; x_wconf 90' lang='lat' dir='ltr'><strong>quod</strong></span> <span class='ocrx_word' id='word_1_281' title='bbox 2471 980 2570 1046; x_wconf 82' lang='lat' dir='ltr'><strong>ipsi</strong></span> <span class='ocrx_word' id='word_1_282' title='bbox 2614 979 2817 1031; x_wconf 92' lang='lat' dir='ltr'><strong>nullmn</strong></span> <span class='ocrx_word' id='word_1_283' title='bbox 2868 979 3074 1031; x_wconf 85' lang='lat' dir='ltr'><strong>crimen</strong></span> <span class='ocrx_word' id='word_1_284' title='bbox 3110 978 3463 1032; x_wconf 84' lang='lat' dir='ltr'><strong>inveniebant</strong></span> <span class='ocrx_word' id='word_1_285' title='bbox 3504 978 3555 1031; x_wconf 90' lang='lat' dir='ltr'><strong>in</strong></span> 
     </span>
    </p>
   </div>
   <div class='ocr_carea' id='block_1_39' title="bbox 1973 1070 3556 1138">
    <p class='ocr_par' dir='ltr' id='par_1_39' title="bbox 1973 1070 3556 1138">
     <span class='ocr_line' id='line_1_39' title="bbox 1973 1070 3556 1138; baseline -0.003 -13"><span class='ocrx_word' id='word_1_286' title='bbox 1973 1087 2060 1134; x_wconf 89' lang='lat' dir='ltr'><strong>eo,</strong></span> <span class='ocrx_word' id='word_1_287' title='bbox 2101 1070 2350 1125; x_wconf 74' lang='lat' dir='ltr'><strong>fortassis</strong></span> <span class='ocrx_word' id='word_1_288' title='bbox 2388 1071 2645 1137; x_wconf 86' lang='lat' dir='ltr'><strong>suspicati</strong></span> <span class='ocrx_word' id='word_1_289' title='bbox 2704 1070 2849 1123; x_wconf 87' lang='lat' dir='ltr'><strong>illum</strong></span> <span class='ocrx_word' id='word_1_290' title='bbox 2887 1071 3270 1138; x_wconf 75' lang='lat' dir='ltr'><strong>sapientiorem</strong></span> <span class='ocrx_word' id='word_1_291' title='bbox 3302 1070 3556 1123; x_wconf 83' lang='lat' dir='ltr'><strong>inventu-</strong></span> 
     </span>
    </p>
   </div>
   <div class='ocr_carea' id='block_1_40' title="bbox 1976 1161 3557 1232">
    <p class='ocr_par' dir='ltr' id='par_1_40' title="bbox 1976 1161 3557 1232">
     <span class='ocr_line' id='line_1_40' title="bbox 1976 1161 3557 1232; baseline -0.002 -16"><span class='ocrx_word' id='word_1_292' title='bbox 1976 1180 2093 1217; x_wconf 88' lang='lat' dir='ltr'><strong>rum</strong></span> <span class='ocrx_word' id='word_1_293' title='bbox 2137 1163 2339 1232; x_wconf 89' lang='lat' dir='ltr'><strong>aliquid</strong></span> <span class='ocrx_word' id='word_1_294' title='bbox 2369 1163 2585 1231; x_wconf 76' lang='lat' dir='ltr'><strong>dignum</strong></span> <span class='ocrx_word' id='word_1_295' title='bbox 2630 1173 2800 1216; x_wconf 78' lang='lat' dir='ltr'><strong>Inorte</strong></span> <span class='ocrx_word' id='word_1_296' title='bbox 2834 1173 3025 1215; x_wconf 86' lang='lat' dir='ltr'><strong>contra</strong></span> <span class='ocrx_word' id='word_1_297' title='bbox 3061 1161 3267 1221; x_wconf 84' lang='lat' dir='ltr'><strong>Jesum,</strong></span> <span class='ocrx_word' id='word_1_298' title='bbox 3299 1162 3557 1229; x_wconf 85' lang='lat' dir='ltr'><strong>supplau-</strong></span> 
     </span>
    </p>
   </div>
   <div class='ocr_carea' id='block_1_41' title="bbox 1976 1252 3557 1321">
    <p class='ocr_par' dir='ltr' id='par_1_41' title="bbox 1976 1252 3557 1321">
     <span class='ocr_line' id='line_1_41' title="bbox 1976 1252 3557 1321; baseline -0.002 -14"><span class='ocrx_word' id='word_1_299' title='bbox 1976 1265 2177 1307; x_wconf 88' lang='lat' dir='ltr'><strong>tantem</strong></span> <span class='ocrx_word' id='word_1_300' title='bbox 2216 1253 2298 1307; x_wconf 87' lang='lat' dir='ltr'><strong>vel</strong></span> <span class='ocrx_word' id='word_1_301' title='bbox 2370 1255 2421 1306; x_wconf 91' lang='lat' dir='ltr'><strong>in</strong></span> <span class='ocrx_word' id='word_1_302' title='bbox 2491 1268 2773 1321; x_wconf 81' lang='lat' dir='ltr'><strong>responso,</strong></span> <span class='ocrx_word' id='word_1_303' title='bbox 2837 1253 2913 1303; x_wconf 79' lang='lat' dir='ltr'><strong>vel</strong></span> <span class='ocrx_word' id='word_1_304' title='bbox 2976 1254 3439 1317; x_wconf 71' lang='lat' dir='ltr'><strong>dcprelrcusurum</strong></span> <span class='ocrx_word' id='word_1_305' title='bbox 3505 1252 3557 1304; x_wconf 91' lang='lat' dir='ltr'><strong>in</strong></span> 
     </span>
    </p>
   </div>
   <div class='ocr_carea' id='block_1_42' title="bbox 1976 1344 3559 1415">
    <p class='ocr_par' dir='ltr' id='par_1_42' title="bbox 1976 1344 3559 1415">
     <span class='ocr_line' id='line_1_42' title="bbox 1976 1344 3559 1415; baseline -0.004 -14"><span class='ocrx_word' id='word_1_306' title='bbox 1976 1348 2156 1415; x_wconf 82' lang='lat' dir='ltr'><strong>aliquo</strong></span> <span class='ocrx_word' id='word_1_307' title='bbox 2198 1344 2455 1399; x_wconf 89' lang='lat' dir='ltr'><strong>facinore.</strong></span> <span class='ocrx_word' id='word_1_308' title='bbox 2506 1347 2576 1398; x_wconf 85' lang='lat' dir='ltr'><strong>At</strong></span> <span class='ocrx_word' id='word_1_309' title='bbox 2624 1346 2814 1399; x_wconf 87' lang='lat' dir='ltr'><strong>Petrus</strong></span> <span class='ocrx_word' id='word_1_310' title='bbox 2866 1345 3105 1397; x_wconf 78' lang='lat' dir='ltr'><strong>fervidus</strong></span> <span class='ocrx_word' id='word_1_311' title='bbox 3161 1354 3372 1396; x_wconf 81' lang='lat' dir='ltr'><strong>amator</strong></span> <span class='ocrx_word' id='word_1_312' title='bbox 3410 1354 3559 1396; x_wconf 85' lang='lat' dir='ltr'><strong>tanto</strong></span> 
     </span>
    </p>
   </div>
   <div class='ocr_carea' id='block_1_43' title="bbox 1976 1436 3561 1504">
    <p class='ocr_par' dir='ltr' id='par_1_43' title="bbox 1976 1436 3561 1504">
     <span class='ocr_line' id='line_1_43' title="bbox 1976 1436 3561 1504; baseline -0.004 -13"><span class='ocrx_word' id='word_1_313' title='bbox 1976 1448 2197 1504; x_wconf 86' lang='lat' dir='ltr'><strong>stupore</strong></span> <span class='ocrx_word' id='word_1_314' title='bbox 2238 1437 2609 1498; x_wconf 81' lang='lat' dir='ltr'><strong>detinebatur,</strong></span> <span class='ocrx_word' id='word_1_315' title='bbox 2653 1446 2708 1488; x_wconf 92' lang='lat' dir='ltr'><strong>ut</strong></span> <span class='ocrx_word' id='word_1_316' title='bbox 2741 1438 2903 1488; x_wconf 90' lang='lat' dir='ltr'><strong>etiam</strong></span> <span class='ocrx_word' id='word_1_317' title='bbox 2944 1451 3064 1487; x_wconf 82' lang='lat' dir='ltr'><strong>cum</strong></span> <span class='ocrx_word' id='word_1_318' title='bbox 3100 1439 3355 1503; x_wconf 81' lang='lat' dir='ltr'><strong>magister</strong></span> <span class='ocrx_word' id='word_1_319' title='bbox 3390 1436 3561 1490; x_wconf 84' lang='lat' dir='ltr'><strong>abdu-</strong></span> 
     </span>
    </p>
   </div>
   <div class='ocr_carea' id='block_1_44' title="bbox 1977 1530 3561 1595">
    <p class='ocr_par' dir='ltr' id='par_1_44' title="bbox 1977 1530 3561 1595">
     <span class='ocr_line' id='line_1_44' title="bbox 1977 1530 3561 1595; baseline -0.001 -12"><span class='ocrx_word' id='word_1_320' title='bbox 1977 1540 2211 1595; x_wconf 81' lang='lat' dir='ltr'><strong>ceretur,</strong></span> <span class='ocrx_word' id='word_1_321' title='bbox 2238 1546 2340 1582; x_wconf 90' lang='lat' dir='ltr'><strong>non</strong></span> <span class='ocrx_word' id='word_1_322' title='bbox 2376 1540 2682 1583; x_wconf 79' lang='lat' dir='ltr'><strong>commotus</strong></span> <span class='ocrx_word' id='word_1_323' title='bbox 2716 1530 2803 1593; x_wconf 86' lang='lat' dir='ltr'><strong>sit,</strong></span> <span class='ocrx_word' id='word_1_324' title='bbox 2830 1532 2922 1583; x_wconf 89' lang='lat' dir='ltr'><strong>sed</strong></span> <span class='ocrx_word' id='word_1_325' title='bbox 2950 1531 3127 1582; x_wconf 76' lang='lat' dir='ltr'><strong>adhuc</strong></span> <span class='ocrx_word' id='word_1_326' title='bbox 3158 1548 3175 1579; x_wconf 86' lang='grc'><em>‹</em></span> <span class='ocrx_word' id='word_1_327' title='bbox 3207 1530 3561 1582; x_wconf 70' lang='lat' dir='ltr'><strong>calt-faciebat</strong></span> 
     </span>
    </p>
   </div>
   <div class='ocr_carea' id='block_1_45' title="bbox 1976 1622 3555 1691">
    <p class='ocr_par' dir='ltr' id='par_1_45' title="bbox 1976 1622 3555 1691">
     <span class='ocr_line' id='line_1_45' title="bbox 1976 1622 3555 1691; baseline -0.002 -15"><span class='ocrx_word' id='word_1_328' title='bbox 1976 1638 2052 1683; x_wconf 83' lang='lat' dir='ltr'><strong>se,</strong></span> <span class='ocrx_word' id='word_1_329' title='bbox 2094 1642 2112 1674; x_wconf 73' lang='grc' dir='ltr'><strong>ι</strong></span> <span class='ocrx_word' id='word_1_330' title='bbox 2170 1622 2239 1676; x_wconf 87' lang='lat' dir='ltr'><strong>ita</strong></span> <span class='ocrx_word' id='word_1_331' title='bbox 2303 1633 2360 1675; x_wconf 92' lang='lat' dir='ltr'><strong>ut</strong></span> <span class='ocrx_word' id='word_1_332' title='bbox 2422 1623 2615 1675; x_wconf 83' lang='lat' dir='ltr'><strong>iterum</strong></span> <span class='ocrx_word' id='word_1_333' title='bbox 2657 1625 3023 1689; x_wconf 70' lang='lat' dir='ltr'><strong>interrogatus</strong></span> <span class='ocrx_word' id='word_1_334' title='bbox 3086 1633 3263 1691; x_wconf 70' lang='lat' dir='ltr'><strong>neget,</strong></span> <span class='ocrx_word' id='word_1_335' title='bbox 3332 1635 3384 1675; x_wconf 92' lang='lat' dir='ltr'><strong>et</strong></span> <span class='ocrx_word' id='word_1_336' title='bbox 3452 1637 3555 1674; x_wconf 87' lang='lat' dir='ltr'><strong>non</strong></span> 
     </span>
    </p>
   </div>
   <div class='ocr_carea' id='block_1_46' title="bbox 1977 1715 3559 1783">
    <p class='ocr_par' dir='ltr' id='par_1_46' title="bbox 1977 1715 3559 1783">
     <span class='ocr_line' id='line_1_46' title="bbox 1977 1715 3559 1783; baseline -0.003 -14"><span class='ocrx_word' id='word_1_337' title='bbox 1977 1715 2153 1769; x_wconf 87' lang='lat' dir='ltr'><strong>solum</strong></span> <span class='ocrx_word' id='word_1_338' title='bbox 2187 1717 2445 1774; x_wconf 87' lang='lat' dir='ltr'><strong>secundo,</strong></span> <span class='ocrx_word' id='word_1_339' title='bbox 2477 1716 2569 1767; x_wconf 88' lang='lat' dir='ltr'><strong>sed</strong></span> <span class='ocrx_word' id='word_1_340' title='bbox 2610 1724 2662 1767; x_wconf 88' lang='lat' dir='ltr'><strong>ct</strong></span> <span class='ocrx_word' id='word_1_341' title='bbox 2694 1716 2873 1767; x_wconf 83' lang='lat' dir='ltr'><strong>tertio.</strong></span> <span class='ocrx_word' id='word_1_342' title='bbox 2902 1716 3080 1779; x_wconf 77' lang='lat' dir='ltr'><strong>Quare</strong></span> <span class='ocrx_word' id='word_1_343' title='bbox 3104 1726 3286 1767; x_wconf 69' lang='lat' dir='ltr'><strong>autem</strong></span> <span class='ocrx_word' id='word_1_344' title='bbox 3322 1730 3559 1783; x_wconf 61' lang='lat' dir='ltr'><strong>cvange-</strong></span> 
     </span>
    </p>
   </div>
   <div class='ocr_carea' id='block_1_47' title="bbox 1980 1803 3561 1873">
    <p class='ocr_par' dir='ltr' id='par_1_47' title="bbox 1980 1803 3561 1873">
     <span class='ocr_line' id='line_1_47' title="bbox 1980 1803 3561 1873; baseline -0.002 -14"><span class='ocrx_word' id='word_1_345' title='bbox 1980 1808 2113 1859; x_wconf 70' lang='lat' dir='ltr'><strong>listae</strong></span> <span class='ocrx_word' id='word_1_346' title='bbox 2137 1822 2329 1859; x_wconf 90' lang='lat' dir='ltr'><strong>omnes</strong></span> <span class='ocrx_word' id='word_1_347' title='bbox 2364 1806 2521 1858; x_wconf 57' lang='lat' dir='ltr'><strong>simul</strong></span> <span class='ocrx_word' id='word_1_348' title='bbox 2552 1807 2617 1860; x_wconf 88' lang='lat' dir='ltr'><strong>de</strong></span> <span class='ocrx_word' id='word_1_349' title='bbox 2645 1805 2805 1859; x_wconf 87' lang='lat' dir='ltr'><strong>Petro</strong></span> <span class='ocrx_word' id='word_1_350' title='bbox 2834 1806 3216 1873; x_wconf 75' lang='lat' dir='ltr'><strong>scripserunt?</strong></span> <span class='ocrx_word' id='word_1_351' title='bbox 3246 1803 3362 1857; x_wconf 82' lang='lat' dir='ltr'><strong>Non</strong></span> <span class='ocrx_word' id='word_1_352' title='bbox 3400 1822 3561 1857; x_wconf 58' lang='grc' dir='ltr'>τισγυ-</span> 
     </span>
    </p>
   </div>
   <div class='ocr_carea' id='block_1_48' title="bbox 1979 1896 3558 1964">
    <p class='ocr_par' dir='ltr' id='par_1_48' title="bbox 1979 1896 3558 1964">
     <span class='ocr_line' id='line_1_48' title="bbox 1979 1896 3558 1964; baseline -0.004 -12"><span class='ocrx_word' id='word_1_353' title='bbox 1979 1907 2165 1952; x_wconf 71' lang='lat' dir='ltr'><strong>Sontes</strong></span> <span class='ocrx_word' id='word_1_354' title='bbox 2214 1896 2579 1964; x_wconf 86' lang='lat' dir='ltr'><strong>discipulum,</strong></span> <span class='ocrx_word' id='word_1_355' title='bbox 2634 1897 2727 1949; x_wconf 89' lang='lat' dir='ltr'><strong>sed</strong></span> <span class='ocrx_word' id='word_1_356' title='bbox 2780 1912 2877 1948; x_wconf 83' lang='lat' dir='ltr'><strong>nos</strong></span> <span class='ocrx_word' id='word_1_357' title='bbox 2932 1898 3241 1949; x_wconf 88' lang='lat' dir='ltr'><strong>ermlientes</strong></span> <span class='ocrx_word' id='word_1_358' title='bbox 3296 1903 3558 1962; x_wconf 89' lang='lat' dir='ltr'><strong>quantum</strong></span> 
     </span>
    </p>
   </div>
   <div class='ocr_carea' id='block_1_49' title="bbox 1978 1987 3561 2051">
    <p class='ocr_par' dir='ltr' id='par_1_49' title="bbox 1978 1987 3561 2051">
     <span class='ocr_line' id='line_1_49' title="bbox 1978 1987 3561 2051; baseline -0.004 -9"><span class='ocrx_word' id='word_1_359' title='bbox 1978 1990 2174 2042; x_wconf 88' lang='lat' dir='ltr'><strong>malum</strong></span> <span class='ocrx_word' id='word_1_360' title='bbox 2212 1989 2280 2042; x_wconf 82' lang='lat' dir='ltr'><strong>sit</strong></span> <span class='ocrx_word' id='word_1_361' title='bbox 2314 2003 2419 2040; x_wconf 89' lang='lat' dir='ltr'><strong>non</strong></span> <span class='ocrx_word' id='word_1_362' title='bbox 2460 1997 2629 2040; x_wconf 90' lang='lat' dir='ltr'><strong>totum</strong></span> <span class='ocrx_word' id='word_1_363' title='bbox 2681 1988 2919 2041; x_wconf 86' lang='lat' dir='ltr'><strong>trilmere</strong></span> <span class='ocrx_word' id='word_1_364' title='bbox 2963 1987 3104 2045; x_wconf 81' lang='lat' dir='ltr'><strong>Deo.</strong></span> <span class='ocrx_word' id='word_1_365' title='bbox 3142 1988 3235 2039; x_wconf 91' lang='lat' dir='ltr'><strong>sed</strong></span> <span class='ocrx_word' id='word_1_366' title='bbox 3277 1988 3326 2038; x_wconf 92' lang='lat' dir='ltr'><strong>in</strong></span> <span class='ocrx_word' id='word_1_367' title='bbox 3381 1989 3561 2051; x_wconf 74' lang='lat' dir='ltr'><strong>seipso</strong></span> 
     </span>
    </p>
   </div>
   <div class='ocr_carea' id='block_1_50' title="bbox 1976 2081 3560 2139">
    <p class='ocr_par' dir='ltr' id='par_1_50' title="bbox 1976 2081 3560 2139">
     <span class='ocr_line' id='line_1_50' title="bbox 1976 2081 3560 2139; baseline -0.005 0"><span class='ocrx_word' id='word_1_368' title='bbox 1976 2084 2272 2139; x_wconf 81' lang='lat' dir='ltr'><strong>Confidcre.</strong></span> <span class='ocrx_word' id='word_1_369' title='bbox 2315 2082 2584 2135; x_wconf 84' lang='lat' dir='ltr'><strong>Admirari</strong></span> <span class='ocrx_word' id='word_1_370' title='bbox 2622 2092 2801 2135; x_wconf 84' lang='lat' dir='ltr'><strong>autem</strong></span> <span class='ocrx_word' id='word_1_371' title='bbox 2855 2082 3011 2133; x_wconf 80' lang='lat' dir='ltr'><strong>decet</strong></span> <span class='ocrx_word' id='word_1_372' title='bbox 3069 2081 3276 2133; x_wconf 83' lang='lat' dir='ltr'><strong>Domini</strong></span> <span class='ocrx_word' id='word_1_373' title='bbox 3340 2081 3560 2133; x_wconf 86' lang='lat' dir='ltr'><strong>miseri-</strong></span> 
     </span>
    </p>
   </div>
   <div class='ocr_carea' id='block_1_51' title="bbox 1977 2173 3559 2242">
    <p class='ocr_par' dir='ltr' id='par_1_51' title="bbox 1977 2173 3559 2242">
     <span class='ocr_line' id='line_1_51' title="bbox 1977 2173 3559 2242; baseline -0.003 -14"><span class='ocrx_word' id='word_1_374' title='bbox 1977 2175 2238 2237; x_wconf 88' lang='lat' dir='ltr'><strong>cordiam,</strong></span> <span class='ocrx_word' id='word_1_375' title='bbox 2269 2174 2358 2242; x_wconf 90' lang='lat' dir='ltr'><strong>qui</strong></span> <span class='ocrx_word' id='word_1_376' title='bbox 2382 2189 2504 2226; x_wconf 88' lang='lat' dir='ltr'><strong>cum</strong></span> <span class='ocrx_word' id='word_1_377' title='bbox 2542 2173 2735 2240; x_wconf 74' lang='lat' dir='ltr'><strong>ligatus</strong></span> <span class='ocrx_word' id='word_1_378' title='bbox 2761 2180 2906 2225; x_wconf 88' lang='lat' dir='ltr'><strong>esset</strong></span> <span class='ocrx_word' id='word_1_379' title='bbox 2963 2182 3015 2225; x_wconf 84' lang='lat' dir='ltr'><strong>et</strong></span> <span class='ocrx_word' id='word_1_380' title='bbox 3041 2175 3421 2231; x_wconf 73' lang='lat' dir='ltr'><strong>abduceretur.</strong></span> <span class='ocrx_word' id='word_1_381' title='bbox 3452 2187 3559 2225; x_wconf 91' lang='lat' dir='ltr'><strong>non</strong></span> 
     </span>
    </p>
   </div>
   <div class='ocr_carea' id='block_1_52' title="bbox 1978 2256 3559 2334">
    <p class='ocr_par' dir='ltr' id='par_1_52' title="bbox 1978 2256 3559 2334">
     <span class='ocr_line' id='line_1_52' title="bbox 1978 2256 3559 2334; baseline -0.003 -14"><span class='ocrx_word' id='word_1_382' title='bbox 1978 2266 2275 2334; x_wconf 77' lang='lat' dir='ltr'><strong>neglexerit</strong></span> <span class='ocrx_word' id='word_1_383' title='bbox 2295 2256 2640 2331; x_wconf 71' lang='lat' dir='ltr'><strong>discipulu&#39;m,</strong></span> <span class='ocrx_word' id='word_1_384' title='bbox 2660 2268 2753 2317; x_wconf 85' lang='lat' dir='ltr'><strong>sed</strong></span> <span class='ocrx_word' id='word_1_385' title='bbox 2776 2280 3069 2317; x_wconf 88' lang='lat' dir='ltr'><strong>conversus</strong></span> <span class='ocrx_word' id='word_1_386' title='bbox 3090 2265 3221 2316; x_wconf 90' lang='lat' dir='ltr'><strong>vidit</strong></span> <span class='ocrx_word' id='word_1_387' title='bbox 3243 2264 3559 2329; x_wconf 75' lang='lat' dir='ltr'><strong>Pctrum’&quot;,</strong></span> 
     </span>
    </p>
   </div>
   <div class='ocr_carea' id='block_1_53' title="bbox 1977 2357 3562 2427">
    <p class='ocr_par' dir='ltr' id='par_1_53' title="bbox 1977 2357 3562 2427">
     <span class='ocr_line' id='line_1_53' title="bbox 1977 2357 3562 2427; baseline -0.003 -13"><span class='ocrx_word' id='word_1_388' title='bbox 1977 2360 2120 2414; x_wconf 88' lang='lat' dir='ltr'><strong>sicut</strong></span> <span class='ocrx_word' id='word_1_389' title='bbox 2154 2357 2293 2413; x_wconf 85' lang='lat' dir='ltr'><strong>alius</strong></span> <span class='ocrx_word' id='word_1_390' title='bbox 2340 2357 2671 2427; x_wconf 81' lang='lat' dir='ltr'><strong>evangelista</strong></span> <span class='ocrx_word' id='word_1_391' title='bbox 2705 2357 2869 2422; x_wconf 81' lang='lat' dir='ltr'><strong>dicit,</strong></span> <span class='ocrx_word' id='word_1_392' title='bbox 2912 2365 2965 2410; x_wconf 87' lang='lat' dir='ltr'><strong>et</strong></span> <span class='ocrx_word' id='word_1_393' title='bbox 3009 2367 3232 2425; x_wconf 88' lang='lat' dir='ltr'><strong>aspectu</strong></span> <span class='ocrx_word' id='word_1_394' title='bbox 3268 2359 3562 2424; x_wconf 84' lang='lat' dir='ltr'><strong>opprobrat</strong></span> 
     </span>
    </p>
   </div>
   <div class='ocr_carea' id='block_1_54' title="bbox 1978 2449 3565 2520">
    <p class='ocr_par' dir='ltr' id='par_1_54' title="bbox 1978 2449 3565 2520">
     <span class='ocr_line' id='line_1_54' title="bbox 1978 2449 3565 2520; baseline -0.003 -12"><span class='ocrx_word' id='word_1_395' title='bbox 1978 2454 2024 2509; x_wconf 92' lang='lat' dir='ltr'><strong>ei</strong></span> <span class='ocrx_word' id='word_1_396' title='bbox 2063 2453 2459 2516; x_wconf 86' lang='lat' dir='ltr'><strong>infirmitatem,</strong></span> <span class='ocrx_word' id='word_1_397' title='bbox 2491 2462 2545 2505; x_wconf 90' lang='lat' dir='ltr'><strong>ct</strong></span> <span class='ocrx_word' id='word_1_398' title='bbox 2569 2451 2634 2503; x_wconf 91' lang='lat' dir='ltr'><strong>ad</strong></span> <span class='ocrx_word' id='word_1_399' title='bbox 2663 2450 3036 2517; x_wconf 73' lang='lat' dir='ltr'><strong>pmnitentiam</strong></span> <span class='ocrx_word' id='word_1_400' title='bbox 3075 2466 3139 2503; x_wconf 92' lang='lat' dir='ltr'><strong>ac</strong></span> <span class='ocrx_word' id='word_1_401' title='bbox 3170 2449 3441 2520; x_wconf 83' lang='lat' dir='ltr'><strong>lacrymas</strong></span> <span class='ocrx_word' id='word_1_402' title='bbox 3467 2465 3565 2504; x_wconf 85' lang='lat' dir='ltr'><strong>ex-</strong></span> 
     </span>
    </p>
   </div>
   <div class='ocr_carea' id='block_1_55' title="bbox 1979 2542 3564 2609">
    <p class='ocr_par' dir='ltr' id='par_1_55' title="bbox 1979 2542 3564 2609">
     <span class='ocr_line' id='line_1_55' title="bbox 1979 2542 3564 2609; baseline -0.003 -10"><span class='ocrx_word' id='word_1_403' title='bbox 1979 2545 2131 2600; x_wconf 83' lang='lat' dir='ltr'><strong>citat.</strong></span> <span class='ocrx_word' id='word_1_404' title='bbox 2186 2544 2339 2609; x_wconf 85' lang='lat' dir='ltr'><strong>Quod</strong></span> <span class='ocrx_word' id='word_1_405' title='bbox 2374 2552 2556 2597; x_wconf 89' lang='lat' dir='ltr'><strong>autem</strong></span> <span class='ocrx_word' id='word_1_406' title='bbox 2606 2551 2736 2595; x_wconf 90' lang='lat' dir='ltr'><strong>tunc</strong></span> <span class='ocrx_word' id='word_1_407' title='bbox 2770 2542 3173 2604; x_wconf 87' lang='lat' dir='ltr'><strong>acciditPelro,</strong></span> <span class='ocrx_word' id='word_1_408' title='bbox 3219 2542 3381 2595; x_wconf 79' lang='lat' dir='ltr'><strong>etiam</strong></span> <span class='ocrx_word' id='word_1_409' title='bbox 3422 2557 3564 2595; x_wconf 88' lang='lat' dir='ltr'><strong>nunc</strong></span> 
     </span>
    </p>
   </div>
   <div class='ocr_carea' id='block_1_56' title="bbox 1981 2634 3554 2703">
    <p class='ocr_par' dir='ltr' id='par_1_56' title="bbox 1981 2634 3554 2703">
     <span class='ocr_line' id='line_1_56' title="bbox 1981 2634 3554 2703; baseline -0.002 -14"><span class='ocrx_word' id='word_1_410' title='bbox 1981 2640 2164 2692; x_wconf 82' lang='lat' dir='ltr'><strong>videre</strong></span> <span class='ocrx_word' id='word_1_411' title='bbox 2206 2636 2327 2691; x_wconf 88' lang='lat' dir='ltr'><strong>licet</strong></span> <span class='ocrx_word' id='word_1_412' title='bbox 2360 2638 2577 2693; x_wconf 81' lang='lat' dir='ltr'><strong>evenire</strong></span> <span class='ocrx_word' id='word_1_413' title='bbox 2631 2635 2831 2690; x_wconf 91' lang='lat' dir='ltr'><strong>multis.</strong></span> <span class='ocrx_word' id='word_1_414' title='bbox 2890 2634 3021 2687; x_wconf 85' lang='lat' dir='ltr'><strong>Nam</strong></span> <span class='ocrx_word' id='word_1_415' title='bbox 3077 2636 3273 2699; x_wconf 80' lang='lat' dir='ltr'><strong>ligatur</strong></span> <span class='ocrx_word' id='word_1_416' title='bbox 3329 2636 3554 2703; x_wconf 78' lang='lat' dir='ltr'><strong>quidem</strong></span> 
     </span>
    </p>
   </div>
   <div class='ocr_carea' id='block_1_57' title="bbox 1982 2725 3563 2797">
    <p class='ocr_par' dir='ltr' id='par_1_57' title="bbox 1982 2725 3563 2797">
     <span class='ocr_line' id='line_1_57' title="bbox 1982 2725 3563 2797; baseline -0.003 -14"><span class='ocrx_word' id='word_1_417' title='bbox 1982 2744 2165 2784; x_wconf 86' lang='lat' dir='ltr'><strong>sermo</strong></span> <span class='ocrx_word' id='word_1_418' title='bbox 2203 2728 2294 2782; x_wconf 89' lang='lat' dir='ltr'><strong>Dei</strong></span> <span class='ocrx_word' id='word_1_419' title='bbox 2330 2728 2419 2797; x_wconf 92' lang='lat' dir='ltr'><strong>qui</strong></span> <span class='ocrx_word' id='word_1_420' title='bbox 2450 2729 2500 2782; x_wconf 90' lang='lat' dir='ltr'><strong>in</strong></span> <span class='ocrx_word' id='word_1_421' title='bbox 2529 2728 2684 2783; x_wconf 91' lang='lat' dir='ltr'><strong>nobis</strong></span> <span class='ocrx_word' id='word_1_422' title='bbox 2706 2738 2809 2791; x_wconf 87' lang='lat' dir='ltr'><strong>est,</strong></span> <span class='ocrx_word' id='word_1_423' title='bbox 2854 2737 2907 2781; x_wconf 91' lang='lat' dir='ltr'><strong>et</strong></span> <span class='ocrx_word' id='word_1_424' title='bbox 2938 2727 3094 2794; x_wconf 86' lang='lat' dir='ltr'><strong>quasi</strong></span> <span class='ocrx_word' id='word_1_425' title='bbox 3134 2727 3378 2794; x_wconf 89' lang='lat' dir='ltr'><strong>captivus</strong></span> <span class='ocrx_word' id='word_1_426' title='bbox 3406 2725 3563 2779; x_wconf 86' lang='lat' dir='ltr'><strong>duci-</strong></span> 
     </span>
    </p>
   </div>
   <div class='ocr_carea' id='block_1_58' title="bbox 1984 2818 3564 2888">
    <p class='ocr_par' dir='ltr' id='par_1_58' title="bbox 1984 2818 3564 2888">
     <span class='ocr_line' id='line_1_58' title="bbox 1984 2818 3564 2888; baseline -0.003 -13"><span class='ocrx_word' id='word_1_427' title='bbox 1984 2831 2091 2885; x_wconf 91' lang='lat' dir='ltr'><strong>tur,</strong></span> <span class='ocrx_word' id='word_1_428' title='bbox 2126 2820 2243 2875; x_wconf 90' lang='lat' dir='ltr'><strong>sive</strong></span> <span class='ocrx_word' id='word_1_429' title='bbox 2276 2835 2305 2873; x_wconf 90' lang='lat' dir='ltr'><strong>a</strong></span> <span class='ocrx_word' id='word_1_430' title='bbox 2335 2820 2633 2888; x_wconf 78' lang='lat' dir='ltr'><strong>voluptate,</strong></span> <span class='ocrx_word' id='word_1_431' title='bbox 2684 2820 2799 2874; x_wconf 84' lang='lat' dir='ltr'><strong>sive</strong></span> <span class='ocrx_word' id='word_1_432' title='bbox 2846 2834 2873 2871; x_wconf 88' lang='lat' dir='ltr'><strong>a</strong></span> <span class='ocrx_word' id='word_1_433' title='bbox 2918 2820 3136 2873; x_wconf 86' lang='lat' dir='ltr'><strong>tristitia</strong></span> <span class='ocrx_word' id='word_1_434' title='bbox 3171 2818 3222 2871; x_wconf 91' lang='lat' dir='ltr'><strong>in</strong></span> <span class='ocrx_word' id='word_1_435' title='bbox 3250 2819 3564 2871; x_wconf 84' lang='lat' dir='ltr'><strong>servitutem</strong></span> 
     </span>
    </p>
   </div>
   <div class='ocr_carea' id='block_1_59' title="bbox 1981 2910 3563 2981">
    <p class='ocr_par' dir='ltr' id='par_1_59' title="bbox 1981 2910 3563 2981">
     <span class='ocr_line' id='line_1_59' title="bbox 1981 2910 3563 2981; baseline -0.006 -11"><span class='ocrx_word' id='word_1_436' title='bbox 1981 2914 2264 2970; x_wconf 89' lang='lat' dir='ltr'><strong>redactus.</strong></span> <span class='ocrx_word' id='word_1_437' title='bbox 2301 2912 2545 2981; x_wconf 89' lang='lat' dir='ltr'><strong>Utroque</strong></span> <span class='ocrx_word' id='word_1_438' title='bbox 2576 2915 2721 2967; x_wconf 87' lang='lat' dir='ltr'><strong>enirn</strong></span> <span class='ocrx_word' id='word_1_439' title='bbox 2752 2910 2911 2966; x_wconf 89' lang='lat' dir='ltr'><strong>modo</strong></span> <span class='ocrx_word' id='word_1_440' title='bbox 2940 2910 3213 2965; x_wconf 89' lang='lat' dir='ltr'><strong>vincimur</strong></span> <span class='ocrx_word' id='word_1_441' title='bbox 3253 2921 3307 2965; x_wconf 89' lang='lat' dir='ltr'><strong>et</strong></span> <span class='ocrx_word' id='word_1_442' title='bbox 3340 2911 3563 2964; x_wconf 87' lang='lat' dir='ltr'><strong>abduci-</strong></span> 
     </span>
    </p>
   </div>
   <div class='ocr_carea' id='block_1_60' title="bbox 1983 3004 3563 3076">
    <p class='ocr_par' dir='ltr' id='par_1_60' title="bbox 1983 3004 3563 3076">
     <span class='ocr_line' id='line_1_60' title="bbox 1983 3004 3563 3076; baseline -0.007 -12"><span class='ocrx_word' id='word_1_443' title='bbox 1983 3025 2123 3074; x_wconf 87' lang='lat' dir='ltr'><strong>mur,</strong></span> <span class='ocrx_word' id='word_1_444' title='bbox 2155 3007 2239 3063; x_wconf 89' lang='lat' dir='ltr'><strong>vel</strong></span> <span class='ocrx_word' id='word_1_445' title='bbox 2295 3023 2405 3076; x_wconf 72' lang='lat' dir='ltr'><strong>prte</strong></span> <span class='ocrx_word' id='word_1_446' title='bbox 2453 3006 2751 3075; x_wconf 84' lang='lat' dir='ltr'><strong>prosperis,</strong></span> <span class='ocrx_word' id='word_1_447' title='bbox 2804 3004 2888 3059; x_wconf 88' lang='lat' dir='ltr'><strong>vel</strong></span> <span class='ocrx_word' id='word_1_448' title='bbox 2940 3020 3050 3073; x_wconf 70' lang='lat' dir='ltr'><strong>pra:</strong></span> <span class='ocrx_word' id='word_1_449' title='bbox 3103 3004 3347 3057; x_wconf 79' lang='lat' dir='ltr'><strong>adversis</strong></span> <span class='ocrx_word' id='word_1_450' title='bbox 3382 3004 3563 3056; x_wconf 89' lang='lat' dir='ltr'><strong>mundi</strong></span> 
     </span>
    </p>
   </div>
   <div class='ocr_carea' id='block_1_61' title="bbox 1985 3095 3568 3163">
    <p class='ocr_par' dir='ltr' id='par_1_61' title="bbox 1985 3095 3568 3163">
     <span class='ocr_line' id='line_1_61' title="bbox 1985 3095 3568 3163; baseline -0.006 -8"><span class='ocrx_word' id='word_1_451' title='bbox 1985 3100 2152 3155; x_wconf 90' lang='lat' dir='ltr'><strong>Deum</strong></span> <span class='ocrx_word' id='word_1_452' title='bbox 2199 3097 2600 3152; x_wconf 64' lang='lat' dir='ltr'><strong>obliviscentes.</strong></span> <span class='ocrx_word' id='word_1_453' title='bbox 2650 3098 2715 3151; x_wconf 87' lang='lat' dir='ltr'><strong>Et</strong></span> <span class='ocrx_word' id='word_1_454' title='bbox 2759 3096 3154 3151; x_wconf 85' lang='lat' dir='ltr'><strong>condemnatur</strong></span> <span class='ocrx_word' id='word_1_455' title='bbox 3180 3095 3396 3163; x_wconf 83' lang='lat' dir='ltr'><strong>quidem</strong></span> <span class='ocrx_word' id='word_1_456' title='bbox 3453 3111 3568 3148; x_wconf 88' lang='lat' dir='ltr'><strong>scr-</strong></span> 
     </span>
    </p>
   </div>
   <div class='ocr_carea' id='block_1_62' title="bbox 284 3179 1976 3265">
    <p class='ocr_par' dir='ltr' id='par_1_62' title="bbox 284 3179 1948 3265">
     <span class='ocr_line' id='line_1_62' title="bbox 284 3179 1948 3265; baseline -0.003 -29"><span class='ocrx_word' id='word_1_457' title='bbox 284 3184 600 3255; x_wconf 80' lang='grc' dir='ltr'>θανόμενοι,</span> <span class='ocrx_word' id='word_1_458' title='bbox 626 3183 721 3236; x_wconf 83' lang='grc' dir='ltr'>καὶ</span> <span class='ocrx_word' id='word_1_459' title='bbox 746 3180 1140 3253; x_wconf 70' lang='grc' dir='ltr'>κατακρίνεται</span> <span class='ocrx_word' id='word_1_460' title='bbox 1176 3181 1275 3251; x_wconf 87' lang='grc' dir='ltr'>μὲν</span> <span class='ocrx_word' id='word_1_461' title='bbox 1311 3182 1339 3234; x_wconf 97' lang='lat'><strong>6</strong></span> <span class='ocrx_word' id='word_1_462' title='bbox 1377 3180 1559 3247; x_wconf 88' lang='grc' dir='ltr'>λόγος,</span> <span class='ocrx_word' id='word_1_463' title='bbox 1600 3180 1727 3249; x_wconf 83' lang='grc' dir='ltr'>νικᾷ</span> <span class='ocrx_word' id='word_1_464' title='bbox 1754 3179 1809 3231; x_wconf 86' lang='grc' dir='ltr'>δὲ</span> <span class='ocrx_word' id='word_1_465' title='bbox 1845 3180 1877 3249; x_wconf 80' lang='grc' dir='ltr'><strong>ἡ</strong></span> <span class='ocrx_word' id='word_1_466' title='bbox 1905 3207 1948 3265; x_wconf 73' lang='lat' dir='ltr'><strong>C</strong></span> 
     </span>
    </p>
   </div>
   <div class='ocr_carea' id='block_1_63' title="bbox 1874 3179 3566 3265">
    <p class='ocr_par' dir='ltr' id='par_1_63' title="bbox 1874 3187 3566 3265">
     <span class='ocr_line' id='line_1_63' title="bbox 1874 3187 3566 3265; baseline -0.005 -16"><span class='ocrx_word' id='word_1_467' title='bbox 1874 3202 1877 3249; x_wconf 67' lang='grc' dir='ltr'>ι</span> <span class='ocrx_word' id='word_1_468' title='bbox 1905 3207 1948 3265; x_wconf 77' lang='lat' dir='ltr'>c</span> <span class='ocrx_word' id='word_1_469' title='bbox 1984 3210 2091 3257; x_wconf 83' lang='lat' dir='ltr'><strong>mo,</strong></span> <span class='ocrx_word' id='word_1_470' title='bbox 2132 3194 2307 3247; x_wconf 85' lang='lat' dir='ltr'><strong>vincit</strong></span> <span class='ocrx_word' id='word_1_471' title='bbox 2335 3204 2515 3246; x_wconf 91' lang='lat' dir='ltr'><strong>autem</strong></span> <span class='ocrx_word' id='word_1_472' title='bbox 2544 3190 2873 3245; x_wconf 85' lang='lat' dir='ltr'><strong>absurditas.</strong></span> <span class='ocrx_word' id='word_1_473' title='bbox 2910 3189 2975 3242; x_wconf 88' lang='lat' dir='ltr'><strong>Et</strong></span> <span class='ocrx_word' id='word_1_474' title='bbox 3005 3203 3197 3242; x_wconf 87' lang='lat' dir='ltr'><strong>servus</strong></span> <span class='ocrx_word' id='word_1_475' title='bbox 3221 3187 3373 3257; x_wconf 85' lang='lat' dir='ltr'><strong>alapa</strong></span> <span class='ocrx_word' id='word_1_476' title='bbox 3407 3188 3566 3241; x_wconf 67' lang='lat' dir='ltr'><strong>caedit</strong></span> 
     </span>
    </p>
   </div>
   <div class='ocr_carea' id='block_1_64' title="bbox 284 3269 1879 3345">
    <p class='ocr_par' dir='ltr' id='par_1_64' title="bbox 284 3269 1879 3345">
     <span class='ocr_line' id='line_1_64' title="bbox 284 3269 1879 3345; baseline -0.005 -16"><span class='ocrx_word' id='word_1_477' title='bbox 284 3276 506 3344; x_wconf 81' lang='grc' dir='ltr'>ἀλογία,</span> <span class='ocrx_word' id='word_1_478' title='bbox 538 3277 632 3329; x_wconf 68' lang='grc' dir='ltr'><strong>καὶ</strong></span> <span class='ocrx_word' id='word_1_479' title='bbox 657 3277 685 3328; x_wconf 90' lang='lat'><strong>6</strong></span> <span class='ocrx_word' id='word_1_480' title='bbox 715 3274 901 3338; x_wconf 77' lang='grc' dir='ltr'>δοῦλος</span> <span class='ocrx_word' id='word_1_481' title='bbox 936 3271 1159 3345; x_wconf 77' lang='grc' dir='ltr'>ῥαπίζει</span> <span class='ocrx_word' id='word_1_482' title='bbox 1194 3273 1285 3326; x_wconf 79' lang='grc' dir='ltr'><strong>τὸν</strong></span> <span class='ocrx_word' id='word_1_483' title='bbox 1300 3272 1572 3340; x_wconf 75' lang='grc' dir='ltr'>δεσπότην</span> <span class='ocrx_word' id='word_1_484' title='bbox 1592 3287 1604 3299; x_wconf 71' lang='grc' dir='ltr'><strong>θ</strong></span> <span class='ocrx_word' id='word_1_485' title='bbox 1639 3269 1879 3324; x_wconf 86' lang='grc' dir='ltr'>τοιοῦτον</span> 
     </span>
    </p>
   </div>
   <div class='ocr_carea' id='block_1_65' title="bbox 284 3364 1874 3438">
    <p class='ocr_par' dir='ltr' id='par_1_65' title="bbox 284 3364 1874 3438">
     <span class='ocr_line' id='line_1_65' title="bbox 284 3364 1874 3438; baseline -0.004 -16"><span class='ocrx_word' id='word_1_486' title='bbox 284 3370 397 3438; x_wconf 78' lang='grc' dir='ltr'>γὰρ</span> <span class='ocrx_word' id='word_1_487' title='bbox 433 3370 466 3437; x_wconf 74' lang='grc' dir='ltr'>ἡ</span> <span class='ocrx_word' id='word_1_488' title='bbox 495 3368 606 3422; x_wconf 83' lang='grc' dir='ltr'>τῶν</span> <span class='ocrx_word' id='word_1_489' title='bbox 634 3368 825 3421; x_wconf 83' lang='grc' dir='ltr'>παθῶν</span> <span class='ocrx_word' id='word_1_490' title='bbox 884 3366 1285 3428; x_wconf 72' lang='grc' dir='ltr'>ἐπανάστασις.</span> <span class='ocrx_word' id='word_1_491' title='bbox 1339 3366 1397 3417; x_wconf 86' lang='lat'><strong>&#39;0</strong></span> <span class='ocrx_word' id='word_1_492' title='bbox 1434 3365 1489 3417; x_wconf 81' lang='grc' dir='ltr'><strong>δὲ</strong></span> <span class='ocrx_word' id='word_1_493' title='bbox 1522 3364 1646 3426; x_wconf 84' lang='grc' dir='ltr'>νοῦς</span> <span class='ocrx_word' id='word_1_494' title='bbox 1697 3365 1874 3433; x_wconf 81' lang='grc' dir='ltr'>ἡμῶν,</span> 
     </span>
    </p>
   </div>
   <div class='ocr_carea' id='block_1_66' title="bbox 282 3454 1880 3530">
    <p class='ocr_par' dir='ltr' id='par_1_66' title="bbox 282 3454 1880 3530">
     <span class='ocr_line' id='line_1_66' title="bbox 282 3454 1880 3530; baseline -0.004 -18"><span class='ocrx_word' id='word_1_495' title='bbox 282 3454 377 3513; x_wconf 79' lang='grc' dir='ltr'><strong>οἷά</strong></span> <span class='ocrx_word' id='word_1_496' title='bbox 407 3475 490 3521; x_wconf 86' lang='grc' dir='ltr'><strong>τις</strong></span> <span class='ocrx_word' id='word_1_497' title='bbox 521 3458 752 3530; x_wconf 85' lang='grc' dir='ltr'>Πέτρος,</span> <span class='ocrx_word' id='word_1_498' title='bbox 802 3457 1064 3518; x_wconf 86' lang='grc' dir='ltr'>πολλάκις</span> <span class='ocrx_word' id='word_1_499' title='bbox 1114 3454 1520 3519; x_wconf 74' lang='grc' dir='ltr'>αὑθαδιάζεται,</span> <span class='ocrx_word' id='word_1_500' title='bbox 1557 3456 1633 3517; x_wconf 86' lang='grc' dir='ltr'>ὡς</span> <span class='ocrx_word' id='word_1_501' title='bbox 1685 3455 1745 3506; x_wconf 83' lang='grc' dir='ltr'><strong>οὑ</strong></span> <span class='ocrx_word' id='word_1_502' title='bbox 1803 3454 1880 3525; x_wconf 82' lang='grc' dir='ltr'>μὴ</span> 
     </span>
    </p>
   </div>
   <div class='ocr_carea' id='block_1_67' title="bbox 284 3544 1879 3621">
    <p class='ocr_par' dir='ltr' id='par_1_67' title="bbox 284 3544 1879 3621">
     <span class='ocr_line' id='line_1_67' title="bbox 284 3544 1879 3621; baseline -0.003 -18"><span class='ocrx_word' id='word_1_503' title='bbox 284 3554 596 3621; x_wconf 77' lang='grc' dir='ltr'>ἁρνήσηται</span> <span class='ocrx_word' id='word_1_504' title='bbox 622 3549 714 3603; x_wconf 78' lang='grc' dir='ltr'><strong>τὸν</strong></span> <span class='ocrx_word' id='word_1_505' title='bbox 745 3548 929 3615; x_wconf 85' lang='grc' dir='ltr'>λόγον,</span> <span class='ocrx_word' id='word_1_506' title='bbox 985 3548 1067 3600; x_wconf 88' lang='grc' dir='ltr'><strong>διὸ</strong></span> <span class='ocrx_word' id='word_1_507' title='bbox 1092 3548 1188 3601; x_wconf 72' lang='grc' dir='ltr'>καὶ</span> <span class='ocrx_word' id='word_1_508' title='bbox 1223 3547 1439 3599; x_wconf 85' lang='grc' dir='ltr'>ἵσταται</span> <span class='ocrx_word' id='word_1_509' title='bbox 1471 3547 1564 3598; x_wconf 79' lang='grc' dir='ltr'><strong>καὶ</strong></span> <span class='ocrx_word' id='word_1_510' title='bbox 1588 3544 1879 3616; x_wconf 88' lang='grc' dir='ltr'>θερμαίνε-</span> 
     </span>
    </p>
   </div>
   <div class='ocr_carea' id='block_1_68' title="bbox 283 3638 1880 3710">
    <p class='ocr_par' dir='ltr' id='par_1_68' title="bbox 283 3638 1880 3710">
     <span class='ocr_line' id='line_1_68' title="bbox 283 3638 1880 3710; baseline -0.004 -14"><span class='ocrx_word' id='word_1_511' title='bbox 283 3660 399 3696; x_wconf 90' lang='grc' dir='ltr'>ται.</span> <span class='ocrx_word' id='word_1_512' title='bbox 437 3644 685 3694; x_wconf 85' lang='grc' dir='ltr'>Ἰσταται</span> <span class='ocrx_word' id='word_1_513' title='bbox 712 3641 831 3710; x_wconf 76' lang='grc' dir='ltr'>μὲν,</span> <span class='ocrx_word' id='word_1_514' title='bbox 860 3639 937 3701; x_wconf 86' lang='grc' dir='ltr'>ὡς</span> <span class='ocrx_word' id='word_1_515' title='bbox 986 3639 1059 3710; x_wconf 78' lang='grc' dir='ltr'>μὴ</span> <span class='ocrx_word' id='word_1_516' title='bbox 1089 3638 1429 3707; x_wconf 85' lang='grc' dir='ltr'>κλινόμενος,</span> <span class='ocrx_word' id='word_1_517' title='bbox 1486 3638 1620 3706; x_wconf 77' lang='grc' dir='ltr'>μηδὲ</span> <span class='ocrx_word' id='word_1_518' title='bbox 1678 3638 1880 3690; x_wconf 88' lang='grc' dir='ltr'>ὑποτα-</span> 
     </span>
    </p>
   </div>
   <div class='ocr_carea' id='block_1_69' title="bbox 286 3730 1879 3803">
    <p class='ocr_par' dir='ltr' id='par_1_69' title="bbox 286 3730 1879 3803">
     <span class='ocr_line' id='line_1_69' title="bbox 286 3730 1879 3803; baseline -0.003 -17"><span class='ocrx_word' id='word_1_519' title='bbox 286 3733 670 3803; x_wconf 84' lang='grc' dir='ltr'>πεινούμενος,</span> <span class='ocrx_word' id='word_1_520' title='bbox 697 3732 916 3785; x_wconf 76' lang='grc' dir='ltr'>ἀλλ’ὲπὶ</span> <span class='ocrx_word' id='word_1_521' title='bbox 928 3731 1028 3799; x_wconf 80' lang='grc' dir='ltr'>τῆς</span> <span class='ocrx_word' id='word_1_522' title='bbox 1048 3730 1336 3792; x_wconf 82' lang='grc' dir='ltr'>αὐθαδείας</span> <span class='ocrx_word' id='word_1_523' title='bbox 1364 3730 1652 3801; x_wconf 77' lang='grc' dir='ltr'>ἱστάμενος</span> <span class='ocrx_word' id='word_1_524' title='bbox 1677 3730 1879 3799; x_wconf 77' lang='grc' dir='ltr'>ὁμοίως</span> 
     </span>
    </p>
   </div>
   <div class='ocr_carea' id='block_1_70' title="bbox 286 3816 1878 3894">
    <p class='ocr_par' dir='ltr' id='par_1_70' title="bbox 286 3816 1878 3894">
     <span class='ocr_line' id='line_1_70' title="bbox 286 3816 1878 3894; baseline -0.003 -15"><span class='ocrx_word' id='word_1_525' title='bbox 286 3827 387 3879; x_wconf 71' lang='grc' dir='ltr'><strong>καὶ</strong></span> <span class='ocrx_word' id='word_1_526' title='bbox 438 3827 637 3894; x_wconf 80' lang='grc' dir='ltr'>μένων.</span> <span class='ocrx_word' id='word_1_527' title='bbox 674 3822 1081 3893; x_wconf 85' lang='grc' dir='ltr'>Θερμαίνεσθαι</span> <span class='ocrx_word' id='word_1_528' title='bbox 1114 3823 1170 3876; x_wconf 74' lang='grc' dir='ltr'>δὲ</span> <span class='ocrx_word' id='word_1_529' title='bbox 1231 3823 1472 3892; x_wconf 85' lang='grc' dir='ltr'>λέγεται,</span> <span class='ocrx_word' id='word_1_530' title='bbox 1526 3816 1613 3874; x_wconf 72' lang='grc' dir='ltr'>οἷα</span> <span class='ocrx_word' id='word_1_531' title='bbox 1648 3822 1712 3891; x_wconf 82' lang='grc' dir='ltr'>δὴ</span> <span class='ocrx_word' id='word_1_532' title='bbox 1769 3822 1878 3874; x_wconf 87' lang='grc' dir='ltr'><strong>ἀπὸ</strong></span> 
     </span>
    </p>
   </div>
   <div class='ocr_carea' id='block_1_71' title="bbox 287 3913 1870 3988">
    <p class='ocr_par' dir='ltr' id='par_1_71' title="bbox 287 3913 1870 3988">
     <span class='ocr_line' id='line_1_71' title="bbox 287 3913 1870 3988; baseline -0.002 -20"><span class='ocrx_word' id='word_1_533' title='bbox 287 3917 628 3988; x_wconf 81' lang='grc' dir='ltr'>Οερμότητος</span> <span class='ocrx_word' id='word_1_534' title='bbox 660 3914 755 3969; x_wconf 73' lang='grc' dir='ltr'>καὶ</span> <span class='ocrx_word' id='word_1_535' title='bbox 790 3914 960 3982; x_wconf 81' lang='grc' dir='ltr'>τύφου</span> <span class='ocrx_word' id='word_1_536' title='bbox 991 3914 1169 3968; x_wconf 83' lang='grc' dir='ltr'>νοσῶν</span> <span class='ocrx_word' id='word_1_537' title='bbox 1198 3915 1295 3983; x_wconf 81' lang='grc' dir='ltr'><strong>τὴν</strong></span> <span class='ocrx_word' id='word_1_538' title='bbox 1326 3915 1639 3968; x_wconf 82' lang='grc' dir='ltr'>αὐθάδειαν.</span> <span class='ocrx_word' id='word_1_539' title='bbox 1687 3913 1870 3981; x_wconf 84' lang='grc' dir='ltr'>Ἐλέγ-</span> 
     </span>
    </p>
   </div>
   <div class='ocr_carea' id='block_1_72' title="bbox 284 4005 1875 4081">
    <p class='ocr_par' dir='ltr' id='par_1_72' title="bbox 284 4005 1875 4081">
     <span class='ocr_line' id='line_1_72' title="bbox 284 4005 1875 4081; baseline -0.003 -17"><span class='ocrx_word' id='word_1_540' title='bbox 284 4028 372 4081; x_wconf 85' lang='grc' dir='ltr'><strong>χει</strong></span> <span class='ocrx_word' id='word_1_541' title='bbox 408 4010 465 4063; x_wconf 74' lang='grc' dir='ltr'>δὲ</span> <span class='ocrx_word' id='word_1_542' title='bbox 490 4010 654 4064; x_wconf 79' lang='grc' dir='ltr'>αὐτὸν</span> <span class='ocrx_word' id='word_1_543' title='bbox 686 4009 973 4079; x_wconf 83' lang='grc' dir='ltr'>παιδίσκη,</span> <span class='ocrx_word' id='word_1_544' title='bbox 1012 4007 1187 4078; x_wconf 87' lang='grc' dir='ltr'>μικρά</span> <span class='ocrx_word' id='word_1_545' title='bbox 1218 4025 1303 4071; x_wconf 92' lang='grc' dir='ltr'><strong>τις</strong></span> <span class='ocrx_word' id='word_1_546' title='bbox 1337 4008 1522 4078; x_wconf 78' lang='grc' dir='ltr'>ἡδονὴ,</span> <span class='ocrx_word' id='word_1_547' title='bbox 1555 4009 1653 4060; x_wconf 71' lang='grc' dir='ltr'><strong>καὶ</strong></span> <span class='ocrx_word' id='word_1_548' title='bbox 1706 4005 1875 4076; x_wconf 89' lang='grc' dir='ltr'>θηλύ-</span> 
     </span>
    </p>
   </div>
   <div class='ocr_carea' id='block_1_73' title="bbox 284 4098 1874 4169">
    <p class='ocr_par' dir='ltr' id='par_1_73' title="bbox 284 4098 1874 4169">
     <span class='ocr_line' id='line_1_73' title="bbox 284 4098 1874 4169; baseline -0.001 -17"><span class='ocrx_word' id='word_1_549' title='bbox 284 4118 477 4163; x_wconf 80' lang='grc' dir='ltr'>νουσα,</span> <span class='ocrx_word' id='word_1_550' title='bbox 509 4101 603 4154; x_wconf 77' lang='grc' dir='ltr'><strong>καὶ</strong></span> <span class='ocrx_word' id='word_1_551' title='bbox 629 4099 833 4162; x_wconf 79' lang='grc' dir='ltr'>εὐθέως</span> <span class='ocrx_word' id='word_1_552' title='bbox 865 4100 1111 4169; x_wconf 85' lang='grc' dir='ltr'>ἀρνεῖται</span> <span class='ocrx_word' id='word_1_553' title='bbox 1142 4098 1234 4152; x_wconf 83' lang='grc' dir='ltr'><strong>τὸν</strong></span> <span class='ocrx_word' id='word_1_554' title='bbox 1262 4098 1444 4167; x_wconf 88' lang='grc' dir='ltr'>λόγον,</span> <span class='ocrx_word' id='word_1_555' title='bbox 1507 4099 1599 4152; x_wconf 63' lang='grc' dir='ltr'><strong>καλ⁵</strong></span> <span class='ocrx_word' id='word_1_556' title='bbox 1632 4100 1700 4169; x_wconf 79' lang='grc' dir='ltr'>τῇ</span> <span class='ocrx_word' id='word_1_557' title='bbox 1746 4098 1874 4151; x_wconf 87' lang='grc' dir='ltr'>ἀλο-</span> 
     </span>
    </p>
   </div>
   <div class='ocr_carea' id='block_1_74' title="bbox 286 4190 1873 4263">
    <p class='ocr_par' dir='ltr' id='par_1_74' title="bbox 286 4190 1873 4263">
     <span class='ocr_line' id='line_1_74' title="bbox 286 4190 1873 4263; baseline -0.001 -18"><span class='ocrx_word' id='word_1_558' title='bbox 286 4195 385 4263; x_wconf 78' lang='grc' dir='ltr'><strong>γία</strong></span> <span class='ocrx_word' id='word_1_559' title='bbox 416 4193 710 4261; x_wconf 83' lang='grc' dir='ltr'>ὑπάγεται.</span> <span class='ocrx_word' id='word_1_560' title='bbox 752 4192 915 4246; x_wconf 81' lang='grc' dir='ltr'>Ἀλλά</span> <span class='ocrx_word' id='word_1_561' title='bbox 960 4192 1052 4245; x_wconf 71' lang='grc' dir='ltr'><strong>καὶ</strong></span> <span class='ocrx_word' id='word_1_562' title='bbox 1090 4191 1197 4244; x_wconf 88' lang='grc' dir='ltr'><strong>ὑπό</strong></span> <span class='ocrx_word' id='word_1_563' title='bbox 1231 4208 1376 4252; x_wconf 82' lang='grc' dir='ltr'>τινος</span> <span class='ocrx_word' id='word_1_564' title='bbox 1408 4190 1720 4262; x_wconf 86' lang='grc' dir='ltr'>πειρασμοῦ</span> <span class='ocrx_word' id='word_1_565' title='bbox 1780 4191 1873 4244; x_wconf 88' lang='grc' dir='ltr'>λυ-</span> 
     </span>
    </p>
   </div>
   <div class='ocr_carea' id='block_1_75' title="bbox 286 4282 1873 4356">
    <p class='ocr_par' dir='ltr' id='par_1_75' title="bbox 286 4282 1873 4356">
     <span class='ocr_line' id='line_1_75' title="bbox 286 4282 1873 4356; baseline -0.002 -18"><span class='ocrx_word' id='word_1_566' title='bbox 286 4305 364 4354; x_wconf 80' lang='grc' dir='ltr'><strong>πη</strong></span> <span class='ocrx_word' id='word_1_567' title='bbox 376 4286 469 4356; x_wconf 85' lang='grc' dir='ltr'><strong>ροῦ</strong></span> <span class='ocrx_word' id='word_1_568' title='bbox 497 4286 805 4355; x_wconf 78' lang='grc' dir='ltr'>ἐλέγχεται,</span> <span class='ocrx_word' id='word_1_569' title='bbox 834 4286 1025 4354; x_wconf 82' lang='grc' dir='ltr'>ὥσπερ</span> <span class='ocrx_word' id='word_1_570' title='bbox 1051 4284 1145 4336; x_wconf 77' lang='grc' dir='ltr'><strong>καὶ</strong></span> <span class='ocrx_word' id='word_1_571' title='bbox 1167 4283 1288 4336; x_wconf 83' lang='grc' dir='ltr'>τότε</span> <span class='ocrx_word' id='word_1_572' title='bbox 1308 4283 1517 4352; x_wconf 88' lang='grc' dir='ltr'>Πέτρος</span> <span class='ocrx_word' id='word_1_573' title='bbox 1542 4282 1645 4335; x_wconf 83' lang='grc' dir='ltr'><strong>ὑπὸ</strong></span> <span class='ocrx_word' id='word_1_574' title='bbox 1663 4282 1873 4347; x_wconf 86' lang='grc' dir='ltr'>δούλου,</span> 
     </span>
    </p>
   </div>
   <div class='ocr_carea' id='block_1_76' title="bbox 286 4374 1875 4445">
    <p class='ocr_par' dir='ltr' id='par_1_76' title="bbox 286 4374 1875 4445">
     <span class='ocr_line' id='line_1_76' title="bbox 286 4374 1875 4445; baseline -0.001 -15"><span class='ocrx_word' id='word_1_575' title='bbox 286 4378 382 4432; x_wconf 67' lang='grc' dir='ltr'><strong>καὶ</strong></span> <span class='ocrx_word' id='word_1_576' title='bbox 445 4376 620 4438; x_wconf 76' lang='grc' dir='ltr'>οὕτως</span> <span class='ocrx_word' id='word_1_577' title='bbox 668 4378 702 4445; x_wconf 79' lang='grc' dir='ltr'><strong>ἡ</strong></span> <span class='ocrx_word' id='word_1_578' title='bbox 758 4374 1013 4429; x_wconf 87' lang='grc' dir='ltr'>ἀσθένεια</span> <span class='ocrx_word' id='word_1_579' title='bbox 1063 4376 1230 4427; x_wconf 85' lang='grc' dir='ltr'>αὐτοῦ</span> <span class='ocrx_word' id='word_1_580' title='bbox 1288 4374 1673 4428; x_wconf 85' lang='grc' dir='ltr'>διαδείκνυται.</span> <span class='ocrx_word' id='word_1_581' title='bbox 1734 4375 1875 4428; x_wconf 79' lang='grc' dir='ltr'>Ἀλλ’</span> 
     </span>
    </p>
   </div>
   <div class='ocr_carea' id='block_1_77' title="bbox 295 4466 1872 4539">
    <p class='ocr_par' dir='ltr' id='par_1_77' title="bbox 295 4466 1872 4539">
     <span class='ocr_line' id='line_1_77' title="bbox 295 4466 1872 4539; baseline -0.001 -18"><span class='ocrx_word' id='word_1_582' title='bbox 295 4469 611 4539; x_wconf 71' lang='grc' dir='ltr'>εὖξώμεθα,</span> <span class='ocrx_word' id='word_1_583' title='bbox 649 4468 739 4520; x_wconf 79' lang='grc' dir='ltr'>ἶνα</span> <span class='ocrx_word' id='word_1_584' title='bbox 772 4468 1018 4537; x_wconf 72' lang='grc' dir='ltr'>ἐμϐλέψῃ</span> <span class='ocrx_word' id='word_1_585' title='bbox 1054 4468 1185 4536; x_wconf 73' lang='grc' dir='ltr'>ἡμῖν</span> <span class='ocrx_word' id='word_1_586' title='bbox 1246 4466 1453 4536; x_wconf 83' lang='grc' dir='ltr'>Ἰησοῦς</span> <span class='ocrx_word' id='word_1_587' title='bbox 1499 4467 1526 4518; x_wconf 91' lang='lat'><strong>6</strong></span> <span class='ocrx_word' id='word_1_588' title='bbox 1558 4467 1729 4535; x_wconf 88' lang='grc' dir='ltr'>Λόγος</span> <span class='ocrx_word' id='word_1_589' title='bbox 1780 4467 1872 4520; x_wconf 87' lang='grc' dir='ltr'><strong>τοῦ</strong></span> 
     </span>
    </p>
   </div>
   <div class='ocr_carea' id='block_1_78' title="bbox 1982 3279 3565 3342">
    <p class='ocr_par' dir='ltr' id='par_1_78' title="bbox 1982 3279 3565 3342">
     <span class='ocr_line' id='line_1_78' title="bbox 1982 3279 3565 3342; baseline -0.007 0"><span class='ocrx_word' id='word_1_590' title='bbox 1982 3287 2289 3342; x_wconf 90' lang='lat' dir='ltr'><strong>dominum.</strong></span> <span class='ocrx_word' id='word_1_591' title='bbox 2350 3283 2422 3336; x_wconf 88' lang='lat' dir='ltr'><strong>Ita</strong></span> <span class='ocrx_word' id='word_1_592' title='bbox 2462 3284 2603 3336; x_wconf 91' lang='lat' dir='ltr'><strong>enim</strong></span> <span class='ocrx_word' id='word_1_593' title='bbox 2661 3282 2825 3336; x_wconf 86' lang='lat' dir='ltr'><strong>habet</strong></span> <span class='ocrx_word' id='word_1_594' title='bbox 2873 3280 3219 3335; x_wconf 77' lang='lat' dir='ltr'><strong>ali‘cctionum</strong></span> <span class='ocrx_word' id='word_1_595' title='bbox 3284 3279 3565 3342; x_wconf 85' lang='lat' dir='ltr'><strong>tumultus,</strong></span> 
     </span>
    </p>
   </div>
   <div class='ocr_carea' id='block_1_79' title="bbox 1982 3369 3565 3445">
    <p class='ocr_par' dir='ltr' id='par_1_79' title="bbox 1982 3369 3565 3445">
     <span class='ocr_line' id='line_1_79' title="bbox 1982 3369 3565 3445; baseline -0.005 -18"><span class='ocrx_word' id='word_1_596' title='bbox 1982 3375 2200 3445; x_wconf 84' lang='lat' dir='ltr'><strong>quando</strong></span> <span class='ocrx_word' id='word_1_597' title='bbox 2242 3388 2393 3427; x_wconf 89' lang='lat' dir='ltr'><strong>meus</strong></span> <span class='ocrx_word' id='word_1_598' title='bbox 2426 3383 2605 3427; x_wconf 86' lang='lat' dir='ltr'><strong>nostra</strong></span> <span class='ocrx_word' id='word_1_599' title='bbox 2638 3373 2791 3440; x_wconf 86' lang='lat' dir='ltr'><strong>quasi</strong></span> <span class='ocrx_word' id='word_1_600' title='bbox 2829 3370 3020 3423; x_wconf 89' lang='lat' dir='ltr'><strong>Petrus</strong></span> <span class='ocrx_word' id='word_1_601' title='bbox 3055 3369 3251 3438; x_wconf 86' lang='lat' dir='ltr'><strong>aliquis</strong></span> <span class='ocrx_word' id='word_1_602' title='bbox 3277 3384 3415 3436; x_wconf 69' lang='lat' dir='ltr'><strong>saepe</strong></span> <span class='ocrx_word' id='word_1_603' title='bbox 3442 3386 3565 3437; x_wconf 83' lang='lat' dir='ltr'><strong>per-</strong></span> 
     </span>
    </p>
   </div>
   <div class='ocr_carea' id='block_1_80' title="bbox 1986 3460 3567 3533">
    <p class='ocr_par' dir='ltr' id='par_1_80' title="bbox 1986 3460 3567 3533">
     <span class='ocr_line' id='line_1_80' title="bbox 1986 3460 3567 3533; baseline -0.004 -12"><span class='ocrx_word' id='word_1_604' title='bbox 1986 3469 2129 3521; x_wconf 83' lang='lat' dir='ltr'><strong>tinax</strong></span> <span class='ocrx_word' id='word_1_605' title='bbox 2160 3467 2247 3522; x_wconf 89' lang='lat' dir='ltr'><strong>sit.</strong></span> <span class='ocrx_word' id='word_1_606' title='bbox 2298 3465 2451 3533; x_wconf 87' lang='lat' dir='ltr'><strong>quasi</strong></span> <span class='ocrx_word' id='word_1_607' title='bbox 2504 3479 2609 3517; x_wconf 90' lang='lat' dir='ltr'><strong>non</strong></span> <span class='ocrx_word' id='word_1_608' title='bbox 2648 3472 2905 3532; x_wconf 77' lang='lat' dir='ltr'><strong>negatura</strong></span> <span class='ocrx_word' id='word_1_609' title='bbox 2949 3461 3197 3526; x_wconf 88' lang='lat' dir='ltr'><strong>verbum,</strong></span> <span class='ocrx_word' id='word_1_610' title='bbox 3249 3468 3305 3514; x_wconf 87' lang='lat' dir='ltr'><strong>et</strong></span> <span class='ocrx_word' id='word_1_611' title='bbox 3344 3460 3465 3513; x_wconf 88' lang='lat' dir='ltr'><strong>ideo</strong></span> <span class='ocrx_word' id='word_1_612' title='bbox 3513 3468 3567 3514; x_wconf 81' lang='lat' dir='ltr'><strong>et</strong></span> 
     </span>
    </p>
   </div>
   <div class='ocr_carea' id='block_1_81' title="bbox 1983 3551 3568 3623">
    <p class='ocr_par' dir='ltr' id='par_1_81' title="bbox 1983 3551 3568 3623">
     <span class='ocr_line' id='line_1_81' title="bbox 1983 3551 3568 3623; baseline -0.006 -10"><span class='ocrx_word' id='word_1_613' title='bbox 1983 3568 2091 3613; x_wconf 90' lang='lat' dir='ltr'><strong>stat</strong></span> <span class='ocrx_word' id='word_1_614' title='bbox 2124 3567 2176 3612; x_wconf 88' lang='lat' dir='ltr'><strong>et</strong></span> <span class='ocrx_word' id='word_1_615' title='bbox 2204 3556 2447 3611; x_wconf 65' lang='lat' dir='ltr'><strong>Cttlescll.</strong></span> <span class='ocrx_word' id='word_1_616' title='bbox 2487 3554 2605 3607; x_wconf 85' lang='lat' dir='ltr'><strong>Stat</strong></span> <span class='ocrx_word' id='word_1_617' title='bbox 2646 3554 2886 3623; x_wconf 88' lang='lat' dir='ltr'><strong>quidem,</strong></span> <span class='ocrx_word' id='word_1_618' title='bbox 2924 3568 2989 3606; x_wconf 89' lang='lat' dir='ltr'><strong>eo</strong></span> <span class='ocrx_word' id='word_1_619' title='bbox 3018 3554 3160 3622; x_wconf 87' lang='lat' dir='ltr'><strong>quod</strong></span> <span class='ocrx_word' id='word_1_620' title='bbox 3201 3567 3308 3605; x_wconf 91' lang='lat' dir='ltr'><strong>non</strong></span> <span class='ocrx_word' id='word_1_621' title='bbox 3341 3551 3568 3604; x_wconf 83' lang='lat' dir='ltr'><strong>incline-</strong></span> 
     </span>
    </p>
   </div>
   <div class='ocr_carea' id='block_1_82' title="bbox 1984 3636 3565 3719">
    <p class='ocr_par' dir='ltr' id='par_1_82' title="bbox 1984 3636 3565 3719">
     <span class='ocr_line' id='line_1_82' title="bbox 1984 3636 3565 3719; baseline -0.006 -14"><span class='ocrx_word' id='word_1_622' title='bbox 1984 3661 2067 3705; x_wconf 88' lang='lat' dir='ltr'><strong>tur</strong></span> <span class='ocrx_word' id='word_1_623' title='bbox 2114 3636 2289 3719; x_wconf 83' lang='lat' dir='ltr'><strong>neque</strong></span> <span class='ocrx_word' id='word_1_624' title='bbox 2358 3647 2692 3710; x_wconf 73' lang='lat' dir='ltr'><strong>llllmlllt&#39;llll&#39;,</strong></span> <span class='ocrx_word' id='word_1_625' title='bbox 2739 3646 2830 3700; x_wconf 91' lang='lat' dir='ltr'><strong>sed</strong></span> <span class='ocrx_word' id='word_1_626' title='bbox 2869 3647 2922 3699; x_wconf 92' lang='lat' dir='ltr'><strong>in</strong></span> <span class='ocrx_word' id='word_1_627' title='bbox 2965 3660 3058 3699; x_wconf 90' lang='lat' dir='ltr'><strong>sua</strong></span> <span class='ocrx_word' id='word_1_628' title='bbox 3104 3646 3399 3715; x_wconf 77' lang='lat' dir='ltr'><strong>pertinacia</strong></span> <span class='ocrx_word' id='word_1_629' title='bbox 3431 3659 3565 3697; x_wconf 85' lang='lat' dir='ltr'><strong>con-</strong></span> 
     </span>
    </p>
   </div>
   <div class='ocr_carea' id='block_1_83' title="bbox 1979 3736 3565 3797">
    <p class='ocr_par' dir='ltr' id='par_1_83' title="bbox 1979 3736 3565 3797">
     <span class='ocr_line' id='line_1_83' title="bbox 1979 3736 3565 3797; baseline -0.004 -3"><span class='ocrx_word' id='word_1_630' title='bbox 1979 3750 2191 3794; x_wconf 87' lang='lat' dir='ltr'><strong>stanter</strong></span> <span class='ocrx_word' id='word_1_631' title='bbox 2242 3746 2475 3791; x_wconf 86' lang='lat' dir='ltr'><strong>maneat.</strong></span> <span class='ocrx_word' id='word_1_632' title='bbox 2527 3736 2840 3791; x_wconf 82' lang='lat' dir='ltr'><strong>Calefacere</strong></span> <span class='ocrx_word' id='word_1_633' title='bbox 2901 3746 3080 3789; x_wconf 87' lang='lat' dir='ltr'><strong>autem</strong></span> <span class='ocrx_word' id='word_1_634' title='bbox 3137 3750 3195 3790; x_wconf 86' lang='lat' dir='ltr'><strong>se</strong></span> <span class='ocrx_word' id='word_1_635' title='bbox 3227 3737 3447 3797; x_wconf 88' lang='lat' dir='ltr'><strong>dicitur,</strong></span> <span class='ocrx_word' id='word_1_636' title='bbox 3500 3750 3565 3788; x_wconf 83' lang='lat' dir='ltr'><strong>eo</strong></span> 
     </span>
    </p>
   </div>
   <div class='ocr_carea' id='block_1_84' title="bbox 1979 3832 3566 3907">
    <p class='ocr_par' dir='ltr' id='par_1_84' title="bbox 1979 3832 3566 3907">
     <span class='ocr_line' id='line_1_84' title="bbox 1979 3832 3566 3907; baseline -0.006 -16"><span class='ocrx_word' id='word_1_637' title='bbox 1979 3839 2121 3907; x_wconf 91' lang='lat' dir='ltr'><strong>quod</strong></span> <span class='ocrx_word' id='word_1_638' title='bbox 2148 3851 2258 3906; x_wconf 84' lang='lat' dir='ltr'><strong>prae</strong></span> <span class='ocrx_word' id='word_1_639' title='bbox 2289 3836 2499 3889; x_wconf 81' lang='lat' dir='ltr'><strong>fervore</strong></span> <span class='ocrx_word' id='word_1_640' title='bbox 2526 3842 2581 3888; x_wconf 87' lang='lat' dir='ltr'><strong>et</strong></span> <span class='ocrx_word' id='word_1_641' title='bbox 2609 3834 2751 3887; x_wconf 85' lang='lat' dir='ltr'><strong>fastu</strong></span> <span class='ocrx_word' id='word_1_642' title='bbox 2790 3833 3089 3902; x_wconf 73' lang='lat' dir='ltr'><strong>pertinacia</strong></span> <span class='ocrx_word' id='word_1_643' title='bbox 3120 3833 3346 3887; x_wconf 80' lang='lat' dir='ltr'><strong>laboret.</strong></span> <span class='ocrx_word' id='word_1_644' title='bbox 3374 3832 3566 3901; x_wconf 74' lang='lat' dir='ltr'><strong>Arguit</strong></span> 
     </span>
    </p>
   </div>
   <div class='ocr_carea' id='block_1_85' title="bbox 1981 3923 3566 3996">
    <p class='ocr_par' dir='ltr' id='par_1_85' title="bbox 1981 3923 3566 3996">
     <span class='ocr_line' id='line_1_85' title="bbox 1981 3923 3566 3996; baseline -0.004 -15"><span class='ocrx_word' id='word_1_645' title='bbox 1981 3937 2159 3982; x_wconf 89' lang='lat' dir='ltr'><strong>autem</strong></span> <span class='ocrx_word' id='word_1_646' title='bbox 2210 3942 2331 3981; x_wconf 89' lang='lat' dir='ltr'><strong>eum</strong></span> <span class='ocrx_word' id='word_1_647' title='bbox 2404 3925 2634 3989; x_wconf 88' lang='lat' dir='ltr'><strong>ancilla,</strong></span> <span class='ocrx_word' id='word_1_648' title='bbox 2690 3940 2854 3996; x_wconf 87' lang='lat' dir='ltr'><strong>parva</strong></span> <span class='ocrx_word' id='word_1_649' title='bbox 2916 3925 3163 3993; x_wconf 61' lang='lat' dir='ltr'><strong>quautam</strong></span> <span class='ocrx_word' id='word_1_650' title='bbox 3214 3923 3460 3992; x_wconf 87' lang='lat' dir='ltr'><strong>voluptas</strong></span> <span class='ocrx_word' id='word_1_651' title='bbox 3512 3932 3566 3975; x_wconf 79' lang='lat' dir='ltr'><strong>et</strong></span> 
     </span>
    </p>
   </div>
   <div class='ocr_carea' id='block_1_86' title="bbox 1978 4016 3561 4087">
    <p class='ocr_par' dir='ltr' id='par_1_86' title="bbox 1978 4016 3561 4087">
     <span class='ocr_line' id='line_1_86' title="bbox 1978 4016 3561 4087; baseline -0.006 -11"><span class='ocrx_word' id='word_1_652' title='bbox 1978 4020 2351 4077; x_wconf 78' lang='lat' dir='ltr'><strong>elfeminans:</strong></span> <span class='ocrx_word' id='word_1_653' title='bbox 2413 4020 2708 4086; x_wconf 88' lang='lat' dir='ltr'><strong>statimque</strong></span> <span class='ocrx_word' id='word_1_654' title='bbox 2758 4026 2917 4087; x_wconf 80' lang='lat' dir='ltr'><strong>negat</strong></span> <span class='ocrx_word' id='word_1_655' title='bbox 2977 4030 3331 4078; x_wconf 89' lang='lat' dir='ltr'><strong>sermonem,</strong></span> <span class='ocrx_word' id='word_1_656' title='bbox 3394 4024 3447 4067; x_wconf 91' lang='lat' dir='ltr'><strong>et</strong></span> <span class='ocrx_word' id='word_1_657' title='bbox 3508 4016 3561 4067; x_wconf 89' lang='lat' dir='ltr'><strong>in</strong></span> 
     </span>
    </p>
   </div>
   <div class='ocr_carea' id='block_1_87' title="bbox 1979 4108 3563 4178">
    <p class='ocr_par' dir='ltr' id='par_1_87' title="bbox 1979 4108 3563 4178">
     <span class='ocr_line' id='line_1_87' title="bbox 1979 4108 3563 4178; baseline -0.006 -8"><span class='ocrx_word' id='word_1_658' title='bbox 1979 4113 2374 4169; x_wconf 88' lang='lat' dir='ltr'><strong>absurditalem</strong></span> <span class='ocrx_word' id='word_1_659' title='bbox 2398 4111 2595 4165; x_wconf 82' lang='lat' dir='ltr'><strong>fertur.</strong></span> <span class='ocrx_word' id='word_1_660' title='bbox 2632 4110 2737 4164; x_wconf 87' lang='lat' dir='ltr'><strong>Sed</strong></span> <span class='ocrx_word' id='word_1_661' title='bbox 2766 4118 2820 4163; x_wconf 88' lang='lat' dir='ltr'><strong>et</strong></span> <span class='ocrx_word' id='word_1_662' title='bbox 2851 4111 3085 4178; x_wconf 81' lang='lat' dir='ltr'><strong>quadam</strong></span> <span class='ocrx_word' id='word_1_663' title='bbox 3122 4108 3349 4162; x_wconf 90' lang='lat' dir='ltr'><strong>adversa</strong></span> <span class='ocrx_word' id='word_1_664' title='bbox 3386 4118 3563 4160; x_wconf 88' lang='lat' dir='ltr'><strong>tenta-</strong></span> 
     </span>
    </p>
   </div>
   <div class='ocr_carea' id='block_1_88' title="bbox 1983 4202 3567 4275">
    <p class='ocr_par' dir='ltr' id='par_1_88' title="bbox 1983 4202 3567 4275">
     <span class='ocr_line' id='line_1_88' title="bbox 1983 4202 3567 4275; baseline -0.006 -14"><span class='ocrx_word' id='word_1_665' title='bbox 1983 4208 2128 4261; x_wconf 89' lang='lat' dir='ltr'><strong>tione</strong></span> <span class='ocrx_word' id='word_1_666' title='bbox 2155 4206 2419 4275; x_wconf 71' lang='lat' dir='ltr'><strong>arguitur,</strong></span> <span class='ocrx_word' id='word_1_667' title='bbox 2453 4207 2591 4259; x_wconf 87' lang='lat' dir='ltr'><strong>sicut</strong></span> <span class='ocrx_word' id='word_1_668' title='bbox 2628 4213 2757 4258; x_wconf 90' lang='lat' dir='ltr'><strong>tunc</strong></span> <span class='ocrx_word' id='word_1_669' title='bbox 2791 4202 2987 4258; x_wconf 87' lang='lat' dir='ltr'><strong>Petrus</strong></span> <span class='ocrx_word' id='word_1_670' title='bbox 3024 4202 3181 4272; x_wconf 67' lang='grc'><strong>741</strong></span> <span class='ocrx_word' id='word_1_671' title='bbox 3216 4217 3243 4254; x_wconf 89' lang='lat' dir='ltr'><strong>a</strong></span> <span class='ocrx_word' id='word_1_672' title='bbox 3288 4216 3480 4267; x_wconf 91' lang='lat' dir='ltr'><strong>servo,</strong></span> <span class='ocrx_word' id='word_1_673' title='bbox 3512 4212 3567 4255; x_wconf 84' lang='lat' dir='ltr'><strong>et</strong></span> 
     </span>
    </p>
   </div>
   <div class='ocr_carea' id='block_1_89' title="bbox 1980 4296 3567 4365">
    <p class='ocr_par' dir='ltr' id='par_1_89' title="bbox 1980 4296 3567 4365">
     <span class='ocr_line' id='line_1_89' title="bbox 1980 4296 3567 4365; baseline -0.004 -13"><span class='ocrx_word' id='word_1_674' title='bbox 1980 4299 2052 4353; x_wconf 91' lang='lat' dir='ltr'><strong>ita</strong></span> <span class='ocrx_word' id='word_1_675' title='bbox 2088 4298 2379 4352; x_wconf 81' lang='lat' dir='ltr'><strong>infirmitas</strong></span> <span class='ocrx_word' id='word_1_676' title='bbox 2409 4297 2528 4365; x_wconf 88' lang='lat' dir='ltr'><strong>ejus</strong></span> <span class='ocrx_word' id='word_1_677' title='bbox 2558 4296 3003 4363; x_wconf 76' lang='lat' dir='ltr'><strong>deprehenditur.</strong></span> <span class='ocrx_word' id='word_1_678' title='bbox 3052 4296 3156 4348; x_wconf 90' lang='lat' dir='ltr'><strong>Sed</strong></span> <span class='ocrx_word' id='word_1_679' title='bbox 3192 4308 3475 4363; x_wconf 81' lang='lat' dir='ltr'><strong>precemur</strong></span> <span class='ocrx_word' id='word_1_680' title='bbox 3508 4303 3567 4346; x_wconf 76' lang='lat' dir='ltr'><strong>ut</strong></span> 
     </span>
    </p>
   </div>
   <div class='ocr_carea' id='block_1_90' title="bbox 1979 4386 3570 4459">
    <p class='ocr_par' dir='ltr' id='par_1_90' title="bbox 1979 4386 3570 4459">
     <span class='ocr_line' id='line_1_90' title="bbox 1979 4386 3570 4459; baseline -0.004 -16"><span class='ocrx_word' id='word_1_681' title='bbox 1979 4390 2203 4459; x_wconf 82' lang='lat' dir='ltr'><strong>aspiciat</strong></span> <span class='ocrx_word' id='word_1_682' title='bbox 2250 4404 2346 4443; x_wconf 90' lang='lat' dir='ltr'><strong>nos</strong></span> <span class='ocrx_word' id='word_1_683' title='bbox 2385 4388 2541 4443; x_wconf 82' lang='lat' dir='ltr'><strong>Jesus</strong></span> <span class='ocrx_word' id='word_1_684' title='bbox 2586 4386 2823 4441; x_wconf 82' lang='lat' dir='ltr'><strong>Verbum</strong></span> <span class='ocrx_word' id='word_1_685' title='bbox 2858 4387 2973 4450; x_wconf 89' lang='lat' dir='ltr'><strong>Dei,</strong></span> <span class='ocrx_word' id='word_1_686' title='bbox 3007 4395 3062 4439; x_wconf 84' lang='lat' dir='ltr'><strong>et</strong></span> <span class='ocrx_word' id='word_1_687' title='bbox 3095 4388 3159 4438; x_wconf 89' lang='lat' dir='ltr'><strong>ad</strong></span> <span class='ocrx_word' id='word_1_688' title='bbox 3194 4386 3570 4451; x_wconf 81' lang='lat' dir='ltr'><strong>pmnitentiam</strong></span> 
     </span>
    </p>
   </div>
   <div class='ocr_carea' id='block_1_91' title="bbox 1980 4478 3569 4550">
    <p class='ocr_par' dir='ltr' id='par_1_91' title="bbox 1980 4478 3569 4550">
     <span class='ocr_line' id='line_1_91' title="bbox 1980 4478 3569 4550; baseline -0.005 -15"><span class='ocrx_word' id='word_1_689' title='bbox 1980 4490 2034 4536; x_wconf 83' lang='lat' dir='ltr'><strong>et</strong></span> <span class='ocrx_word' id='word_1_690' title='bbox 2066 4481 2335 4550; x_wconf 77' lang='lat' dir='ltr'><strong>lacrymas</strong></span> <span class='ocrx_word' id='word_1_691' title='bbox 2360 4489 2652 4548; x_wconf 82' lang='lat' dir='ltr'><strong>provocet:</strong></span> <span class='ocrx_word' id='word_1_692' title='bbox 2686 4479 2825 4545; x_wconf 83' lang='lat' dir='ltr'><strong>quod</strong></span> <span class='ocrx_word' id='word_1_693' title='bbox 2858 4478 2969 4543; x_wconf 80' lang='lat' dir='ltr'><strong>fiet,</strong></span> <span class='ocrx_word' id='word_1_694' title='bbox 3001 4479 3215 4547; x_wconf 82' lang='lat' dir='ltr'><strong>quando</strong></span> <span class='ocrx_word' id='word_1_695' title='bbox 3237 4478 3569 4531; x_wconf 75' lang='lat' dir='ltr'><strong>exiverinms</strong></span> 
     </span>
    </p>
   </div>
   <div class='ocr_carea' id='block_1_92' title="bbox 288 4545 1980 4642">
    <p class='ocr_par' dir='ltr' id='par_1_92' title="bbox 288 4545 1953 4630">
     <span class='ocr_line' id='line_1_92' title="bbox 288 4545 1953 4630; baseline -0.002 -15"><span class='ocrx_word' id='word_1_696' title='bbox 288 4562 453 4625; x_wconf 89' lang='grc' dir='ltr'>Θεοῦ,</span> <span class='ocrx_word' id='word_1_697' title='bbox 487 4562 579 4613; x_wconf 69' lang='grc' dir='ltr'><strong>καὶ</strong></span> <span class='ocrx_word' id='word_1_698' title='bbox 607 4561 686 4622; x_wconf 81' lang='grc' dir='ltr'>εἰς</span> <span class='ocrx_word' id='word_1_699' title='bbox 720 4559 1010 4628; x_wconf 84' lang='grc' dir='ltr'>μετάνοιαν</span> <span class='ocrx_word' id='word_1_700' title='bbox 1042 4559 1136 4612; x_wconf 68' lang='grc' dir='ltr'><strong>καὶ</strong></span> <span class='ocrx_word' id='word_1_701' title='bbox 1167 4559 1379 4628; x_wconf 78' lang='grc' dir='ltr'>δάκρυα</span> <span class='ocrx_word' id='word_1_702' title='bbox 1421 4559 1693 4630; x_wconf 81' lang='grc' dir='ltr'>ἐξεγείρῃ,</span> <span class='ocrx_word' id='word_1_703' title='bbox 1728 4560 1874 4624; x_wconf 71' lang='grc' dir='ltr'>ἐξελ-</span> <span class='ocrx_word' id='word_1_704' title='bbox 1900 4545 1953 4605; x_wconf 86' lang='grc' dir='ltr'>Ῑ)</span> 
     </span>
    </p>
   </div>
   <div class='ocr_carea' id='block_1_93' title="bbox 1874 4545 3566 4642">
    <p class='ocr_par' dir='ltr' id='par_1_93' title="bbox 1900 4545 3566 4642">
     <span class='ocr_line' id='line_1_93' title="bbox 1900 4545 3566 4642; baseline -0.005 -15"><span class='ocrx_word' id='word_1_705' title='bbox 1900 4545 1953 4605; x_wconf 82' lang='lat' dir='ltr'><strong>D</strong></span> <span class='ocrx_word' id='word_1_706' title='bbox 1982 4588 2045 4627; x_wconf 83' lang='lat' dir='ltr'><strong>ex</strong></span> <span class='ocrx_word' id='word_1_707' title='bbox 2082 4573 2221 4625; x_wconf 90' lang='lat' dir='ltr'><strong>atrio</strong></span> <span class='ocrx_word' id='word_1_708' title='bbox 2245 4573 2517 4641; x_wconf 79' lang='lat' dir='ltr'><strong>pontificis</strong></span> <span class='ocrx_word' id='word_1_709' title='bbox 2540 4572 2629 4642; x_wconf 90' lang='lat' dir='ltr'><strong>qui</strong></span> <span class='ocrx_word' id='word_1_710' title='bbox 2664 4572 2950 4625; x_wconf 86' lang='lat' dir='ltr'><strong>Dominum</strong></span> <span class='ocrx_word' id='word_1_711' title='bbox 2975 4570 3264 4635; x_wconf 65' lang='lat' dir='ltr'><strong>crucifigil,</strong></span> <span class='ocrx_word' id='word_1_712' title='bbox 3300 4579 3351 4622; x_wconf 88' lang='lat' dir='ltr'><strong>et</strong></span> <span class='ocrx_word' id='word_1_713' title='bbox 3387 4582 3566 4622; x_wconf 77' lang='lat' dir='ltr'><strong>rector</strong></span> 
     </span>
    </p>
   </div>
   <div class='ocr_carea' id='block_1_94' title="bbox 288 4651 1879 4723">
    <p class='ocr_par' dir='ltr' id='par_1_94' title="bbox 288 4651 1879 4723">
     <span class='ocr_line' id='line_1_94' title="bbox 288 4651 1879 4723; baseline 0 -17"><span class='ocrx_word' id='word_1_714' title='bbox 288 4655 486 4715; x_wconf 88' lang='grc' dir='ltr'>θόντας</span> <span class='ocrx_word' id='word_1_715' title='bbox 519 4654 668 4723; x_wconf 78' lang='grc' dir='ltr'>ἡμᾶς</span> <span class='ocrx_word' id='word_1_716' title='bbox 708 4651 812 4716; x_wconf 80' lang='grc' dir='ltr'><strong>ἔξω</strong></span> <span class='ocrx_word' id='word_1_717' title='bbox 844 4652 943 4720; x_wconf 81' lang='grc' dir='ltr'>τῆς</span> <span class='ocrx_word' id='word_1_718' title='bbox 975 4651 1149 4720; x_wconf 80' lang='grc' dir='ltr'>αὑλῆς</span> <span class='ocrx_word' id='word_1_719' title='bbox 1205 4652 1298 4704; x_wconf 88' lang='grc' dir='ltr'><strong>τοῦ</strong></span> <span class='ocrx_word' id='word_1_720' title='bbox 1324 4652 1417 4703; x_wconf 75' lang='grc' dir='ltr'>τὸν</span> <span class='ocrx_word' id='word_1_721' title='bbox 1465 4652 1670 4721; x_wconf 78' lang='grc' dir='ltr'>Κύριον</span> <span class='ocrx_word' id='word_1_722' title='bbox 1712 4670 1879 4706; x_wconf 88' lang='grc' dir='ltr'>σταυ-</span> 
     </span>
    </p>
   </div>
   <div class='ocr_carea' id='block_1_95' title="bbox 287 4744 1878 4816">
    <p class='ocr_par' dir='ltr' id='par_1_95' title="bbox 287 4744 1878 4816">
     <span class='ocr_line' id='line_1_95' title="bbox 287 4744 1878 4816; baseline 0.001 -21"><span class='ocrx_word' id='word_1_723' title='bbox 287 4745 516 4816; x_wconf 80' lang='grc' dir='ltr'>ροῦντος</span> <span class='ocrx_word' id='word_1_724' title='bbox 552 4744 877 4815; x_wconf 81' lang='grc' dir='ltr'>ἀρχιερέως,</span> <span class='ocrx_word' id='word_1_725' title='bbox 908 4746 966 4805; x_wconf 79' lang='grc' dir='ltr'>ὃς</span> <span class='ocrx_word' id='word_1_726' title='bbox 1005 4745 1150 4796; x_wconf 78' lang='grc' dir='ltr'>ἐστιν</span> <span class='ocrx_word' id='word_1_727' title='bbox 1183 4746 1210 4797; x_wconf 93' lang='lat'><strong>6</strong></span> <span class='ocrx_word' id='word_1_728' title='bbox 1253 4745 1674 4814; x_wconf 80' lang='grc' dir='ltr'>κοσμοκράτωρ.</span> <span class='ocrx_word' id='word_1_729' title='bbox 1706 4746 1878 4798; x_wconf 83' lang='grc' dir='ltr'>Ὅταν</span> 
     </span>
    </p>
   </div>
   <div class='ocr_carea' id='block_1_96' title="bbox 283 4834 1877 4906">
    <p class='ocr_par' dir='ltr' id='par_1_96' title="bbox 283 4834 1877 4906">
     <span class='ocr_line' id='line_1_96' title="bbox 283 4834 1877 4906; baseline 0 -17"><span class='ocrx_word' id='word_1_730' title='bbox 283 4843 398 4904; x_wconf 73' lang='grc' dir='ltr'><strong>γὰρ</strong></span> <span class='ocrx_word' id='word_1_731' title='bbox 450 4837 516 4887; x_wconf 84' lang='grc' dir='ltr'>ὲκ</span> <span class='ocrx_word' id='word_1_732' title='bbox 546 4836 639 4888; x_wconf 86' lang='grc' dir='ltr'><strong>τοῦ</strong></span> <span class='ocrx_word' id='word_1_733' title='bbox 675 4838 908 4906; x_wconf 86' lang='grc' dir='ltr'>κόσμου,</span> <span class='ocrx_word' id='word_1_734' title='bbox 941 4837 999 4898; x_wconf 78' lang='grc' dir='ltr'>ὃς</span> <span class='ocrx_word' id='word_1_735' title='bbox 1050 4838 1199 4887; x_wconf 78' lang='grc' dir='ltr'>ἐστιν</span> <span class='ocrx_word' id='word_1_736' title='bbox 1234 4835 1372 4906; x_wconf 84' lang='grc' dir='ltr'>αὑλὴ</span> <span class='ocrx_word' id='word_1_737' title='bbox 1429 4834 1523 4888; x_wconf 89' lang='grc' dir='ltr'><strong>τοῦ</strong></span> <span class='ocrx_word' id='word_1_738' title='bbox 1566 4837 1877 4906; x_wconf 83' lang='grc' dir='ltr'>κοσμοκρά-</span> 
     </span>
    </p>
   </div>
   <div class='ocr_carea' id='block_1_97' title="bbox 286 4926 1879 4997">
    <p class='ocr_par' dir='ltr' id='par_1_97' title="bbox 286 4926 1879 4997">
     <span class='ocr_line' id='line_1_97' title="bbox 286 4926 1879 4997; baseline -0.001 -17"><span class='ocrx_word' id='word_1_739' title='bbox 286 4946 473 4997; x_wconf 76' lang='grc' dir='ltr'>τορος,</span> <span class='ocrx_word' id='word_1_740' title='bbox 508 4926 836 4997; x_wconf 79' lang='grc' dir='ltr'>ἐξέλθωμεν,</span> <span class='ocrx_word' id='word_1_741' title='bbox 874 4928 994 4980; x_wconf 87' lang='grc' dir='ltr'>τότε</span> <span class='ocrx_word' id='word_1_742' title='bbox 1021 4928 1105 4997; x_wconf 81' lang='grc' dir='ltr'>δὴ,</span> <span class='ocrx_word' id='word_1_743' title='bbox 1159 4929 1279 4981; x_wconf 88' lang='grc' dir='ltr'>τότε</span> <span class='ocrx_word' id='word_1_744' title='bbox 1314 4930 1393 4991; x_wconf 85' lang='grc' dir='ltr'>εἰς</span> <span class='ocrx_word' id='word_1_745' title='bbox 1427 4929 1717 4995; x_wconf 82' lang='grc' dir='ltr'>μετάνοιαν</span> <span class='ocrx_word' id='word_1_746' title='bbox 1748 4928 1879 4979; x_wconf 86' lang='grc' dir='ltr'>εἰλι-</span> 
     </span>
    </p>
   </div>
   <div class='ocr_carea' id='block_1_98' title="bbox 289 5019 1873 5091">
    <p class='ocr_par' dir='ltr' id='par_1_98' title="bbox 289 5019 1873 5091">
     <span class='ocr_line' id='line_1_98' title="bbox 289 5019 1873 5091; baseline -0.001 -17"><span class='ocrx_word' id='word_1_747' title='bbox 289 5020 454 5089; x_wconf 76' lang='grc' dir='ltr'>κρινῆ</span> <span class='ocrx_word' id='word_1_748' title='bbox 484 5019 906 5089; x_wconf 81' lang='grc' dir='ltr'>ἀναστησόμεθα</span> <span class='ocrx_word' id='word_1_749' title='bbox 942 5036 954 5048; x_wconf 89' lang='grc'><strong>·</strong></span> <span class='ocrx_word' id='word_1_750' title='bbox 1006 5020 1147 5073; x_wconf 84' lang='grc' dir='ltr'><strong>καθά</strong></span> <span class='ocrx_word' id='word_1_751' title='bbox 1179 5022 1272 5073; x_wconf 77' lang='grc' dir='ltr'><strong>καὶ</strong></span> <span class='ocrx_word' id='word_1_752' title='bbox 1308 5022 1336 5073; x_wconf 88' lang='lat'><strong>6</strong></span> <span class='ocrx_word' id='word_1_753' title='bbox 1390 5020 1599 5083; x_wconf 85' lang='grc' dir='ltr'>Παῦλός</span> <span class='ocrx_word' id='word_1_754' title='bbox 1660 5039 1824 5091; x_wconf 84' lang='grc' dir='ltr'>φησιν</span> <span class='ocrx_word' id='word_1_755' title='bbox 1860 5039 1873 5051; x_wconf 90' lang='grc'><strong>·</strong></span> 
     </span>
    </p>
   </div>
   <div class='ocr_carea' id='block_1_99' title="bbox 292 5112 1873 5184">
    <p class='ocr_par' dir='ltr' id='par_1_99' title="bbox 292 5112 1873 5184">
     <span class='ocr_line' id='line_1_99' title="bbox 292 5112 1873 5184; baseline 0.003 -20"><span class='ocrx_word' id='word_1_756' title='bbox 292 5134 310 5164; x_wconf 74' lang='grc' dir='ltr'>σ</span> <span class='ocrx_word' id='word_1_757' title='bbox 362 5112 730 5181; x_wconf 79' lang='grc' dir='ltr'>Ἐξερχόμεθα</span> <span class='ocrx_word' id='word_1_758' title='bbox 756 5114 891 5183; x_wconf 82' lang='grc' dir='ltr'>πρὸς</span> <span class='ocrx_word' id='word_1_759' title='bbox 917 5116 1077 5165; x_wconf 73' lang='grc' dir='ltr'>αὑτὸν</span> <span class='ocrx_word' id='word_1_760' title='bbox 1102 5112 1206 5177; x_wconf 78' lang='grc' dir='ltr'><strong>ἔξω</strong></span> <span class='ocrx_word' id='word_1_761' title='bbox 1234 5115 1330 5184; x_wconf 82' lang='grc' dir='ltr'>τῆς</span> <span class='ocrx_word' id='word_1_762' title='bbox 1365 5116 1560 5182; x_wconf 82' lang='grc' dir='ltr'>πύλης,</span> <span class='ocrx_word' id='word_1_763' title='bbox 1605 5116 1873 5181; x_wconf 87' lang='grc' dir='ltr'>τουτέστι,</span> 
     </span>
    </p>
   </div>
   <div class='ocr_carea' id='block_1_100' title="bbox 286 5204 1654 5274">
    <p class='ocr_par' dir='ltr' id='par_1_100' title="bbox 286 5204 1654 5274">
     <span class='ocr_line' id='line_1_100' title="bbox 286 5204 1654 5274; baseline -0.001 -17"><span class='ocrx_word' id='word_1_764' title='bbox 286 5205 384 5257; x_wconf 70' lang='grc' dir='ltr'>το]</span> <span class='ocrx_word' id='word_1_765' title='bbox 417 5204 649 5271; x_wconf 87' lang='grc' dir='ltr'>κόσμου,</span> <span class='ocrx_word' id='word_1_766' title='bbox 672 5204 761 5255; x_wconf 71' lang='grc' dir='ltr'>τὸν</span> <span class='ocrx_word' id='word_1_767' title='bbox 785 5204 1089 5269; x_wconf 71' lang='grc' dir='ltr'>ὀνειδισμὸν</span> <span class='ocrx_word' id='word_1_768' title='bbox 1123 5206 1286 5257; x_wconf 82' lang='grc' dir='ltr'>αὑτοῦ</span> <span class='ocrx_word' id='word_1_769' title='bbox 1316 5207 1598 5274; x_wconf 85' lang='grc' dir='ltr'>φέροντες.</span> <span class='ocrx_word' id='word_1_770' title='bbox 1638 5226 1654 5256; x_wconf 73' lang='grc' dir='ltr'><strong>ι</strong></span> 
     </span>
    </p>
   </div>
   <div class='ocr_carea' id='block_1_101' title="bbox 370 5296 1875 5367">
    <p class='ocr_par' dir='ltr' id='par_1_101' title="bbox 370 5296 1875 5367">
     <span class='ocr_line' id='line_1_101' title="bbox 370 5296 1875 5367; baseline 0.005 -21"><span class='ocrx_word' id='word_1_771' title='bbox 370 5314 387 5345; x_wconf 86' lang='grc'><em>‹</em></span> <span class='ocrx_word' id='word_1_772' title='bbox 440 5297 667 5364; x_wconf 80' lang='grc' dir='ltr'>Ἀγουσι</span> <span class='ocrx_word' id='word_1_773' title='bbox 712 5296 805 5347; x_wconf 68' lang='grc' dir='ltr'>τὸν</span> <span class='ocrx_word' id='word_1_774' title='bbox 854 5296 1058 5365; x_wconf 81' lang='grc' dir='ltr'>Ἰησοῦν</span> <span class='ocrx_word' id='word_1_775' title='bbox 1113 5297 1219 5350; x_wconf 79' lang='grc' dir='ltr'><strong>ἀπὸ</strong></span> <span class='ocrx_word' id='word_1_776' title='bbox 1262 5297 1355 5350; x_wconf 85' lang='grc' dir='ltr'><strong>τοῦ</strong></span> <span class='ocrx_word' id='word_1_777' title='bbox 1410 5299 1635 5367; x_wconf 81' lang='grc' dir='ltr'>Καῖάφα</span> <span class='ocrx_word' id='word_1_778' title='bbox 1687 5300 1767 5362; x_wconf 87' lang='grc' dir='ltr'><strong>είς</strong></span> <span class='ocrx_word' id='word_1_779' title='bbox 1814 5301 1875 5353; x_wconf 77' lang='grc' dir='ltr'>τὸ</span> 
     </span>
    </p>
   </div>
   <div class='ocr_carea' id='block_1_102' title="bbox 290 5384 1875 5462">
    <p class='ocr_par' dir='ltr' id='par_1_102' title="bbox 290 5384 1875 5462">
     <span class='ocr_line' id='line_1_102' title="bbox 290 5384 1875 5462; baseline 0.001 -21"><span class='ocrx_word' id='word_1_780' title='bbox 290 5388 650 5459; x_wconf 75' lang='grc' dir='ltr'>πραιτώριον.</span> <span class='ocrx_word' id='word_1_781' title='bbox 682 5384 790 5441; x_wconf 82' lang='grc' dir='ltr'>Ἦν</span> <span class='ocrx_word' id='word_1_782' title='bbox 830 5390 887 5441; x_wconf 79' lang='grc' dir='ltr'>δὲ</span> <span class='ocrx_word' id='word_1_783' title='bbox 922 5391 1099 5459; x_wconf 84' lang='grc' dir='ltr'>πρωΐα</span> <span class='ocrx_word' id='word_1_784' title='bbox 1128 5407 1141 5419; x_wconf 80' lang='grc'><em>’</em></span> <span class='ocrx_word' id='word_1_785' title='bbox 1175 5391 1266 5442; x_wconf 78' lang='grc' dir='ltr'><strong>καὶ</strong></span> <span class='ocrx_word' id='word_1_786' title='bbox 1303 5392 1459 5443; x_wconf 76' lang='grc' dir='ltr'>αὑτοὶ</span> <span class='ocrx_word' id='word_1_787' title='bbox 1491 5392 1589 5443; x_wconf 82' lang='grc' dir='ltr'><strong>οὑκ</strong></span> <span class='ocrx_word' id='word_1_788' title='bbox 1624 5391 1875 5462; x_wconf 83' lang='grc' dir='ltr'>εἰσῆλθον</span> 
     </span>
    </p>
   </div>
   <div class='ocr_carea' id='block_1_103' title="bbox 286 5480 1871 5553">
    <p class='ocr_par' dir='ltr' id='par_1_103' title="bbox 286 5480 1871 5553">
     <span class='ocr_line' id='line_1_103' title="bbox 286 5480 1871 5553; baseline 0.004 -21"><span class='ocrx_word' id='word_1_789' title='bbox 286 5484 369 5543; x_wconf 78' lang='grc' dir='ltr'>εἰς</span> <span class='ocrx_word' id='word_1_790' title='bbox 409 5480 470 5533; x_wconf 81' lang='grc' dir='ltr'><strong>τὸ</strong></span> <span class='ocrx_word' id='word_1_791' title='bbox 508 5480 861 5550; x_wconf 73' lang='grc' dir='ltr'>πραιτώριον,</span> <span class='ocrx_word' id='word_1_792' title='bbox 903 5485 987 5535; x_wconf 73' lang='grc' dir='ltr'>ἵνα</span> <span class='ocrx_word' id='word_1_793' title='bbox 1027 5484 1099 5553; x_wconf 80' lang='grc' dir='ltr'>μὴ</span> <span class='ocrx_word' id='word_1_794' title='bbox 1146 5484 1466 5553; x_wconf 84' lang='grc' dir='ltr'>μιανθῶσιν,</span> <span class='ocrx_word' id='word_1_795' title='bbox 1500 5484 1614 5537; x_wconf 77' lang='grc' dir='ltr'>ἀλλ’</span> <span class='ocrx_word' id='word_1_796' title='bbox 1646 5486 1732 5538; x_wconf 84' lang='grc' dir='ltr'><strong>ἵνα</strong></span> <span class='ocrx_word' id='word_1_797' title='bbox 1770 5488 1871 5553; x_wconf 80' lang='grc' dir='ltr'>φά-</span> 
     </span>
    </p>
   </div>
   <div class='ocr_carea' id='block_1_104' title="bbox 284 5573 1872 5648">
    <p class='ocr_par' dir='ltr' id='par_1_104' title="bbox 284 5573 1872 5648">
     <span class='ocr_line' id='line_1_104' title="bbox 284 5573 1872 5648; baseline 0.004 -22"><span class='ocrx_word' id='word_1_798' title='bbox 284 5590 428 5642; x_wconf 80' lang='grc' dir='ltr'>γωσι</span> <span class='ocrx_word' id='word_1_799' title='bbox 458 5574 517 5626; x_wconf 77' lang='grc' dir='ltr'>τὸ</span> <span class='ocrx_word' id='word_1_800' title='bbox 542 5575 750 5643; x_wconf 82' lang='grc' dir='ltr'>Πάσχα.</span> <span class='ocrx_word' id='word_1_801' title='bbox 791 5576 1042 5644; x_wconf 75' lang='grc' dir='ltr'>Ἐξῆλθεν</span> <span class='ocrx_word' id='word_1_802' title='bbox 1065 5573 1157 5628; x_wconf 72' lang='grc' dir='ltr'>οὖν</span> <span class='ocrx_word' id='word_1_803' title='bbox 1186 5579 1212 5629; x_wconf 91' lang='lat'><strong>6</strong></span> <span class='ocrx_word' id='word_1_804' title='bbox 1234 5578 1461 5640; x_wconf 86' lang='grc' dir='ltr'>Πιλάτος</span> <span class='ocrx_word' id='word_1_805' title='bbox 1493 5579 1627 5648; x_wconf 82' lang='grc' dir='ltr'>πρὸς</span> <span class='ocrx_word' id='word_1_806' title='bbox 1654 5579 1872 5643; x_wconf 75' lang='grc' dir='ltr'>αὑτοὺς,</span> 
     </span>
    </p>
   </div>
   <div class='ocr_carea' id='block_1_105' title="bbox 287 5662 1877 5745">
    <p class='ocr_par' dir='ltr' id='par_1_105' title="bbox 287 5662 1877 5745">
     <span class='ocr_line' id='line_1_105' title="bbox 287 5662 1877 5745; baseline 0.004 -24"><span class='ocrx_word' id='word_1_807' title='bbox 287 5668 383 5721; x_wconf 74' lang='grc' dir='ltr'>καὶ</span> <span class='ocrx_word' id='word_1_808' title='bbox 414 5664 537 5720; x_wconf 72' lang='grc' dir='ltr'>εἷπε</span> <span class='ocrx_word' id='word_1_809' title='bbox 560 5686 571 5697; x_wconf 92' lang='grc'><strong>·</strong></span> <span class='ocrx_word' id='word_1_810' title='bbox 607 5666 740 5721; x_wconf 82' lang='grc' dir='ltr'>Τίνα</span> <span class='ocrx_word' id='word_1_811' title='bbox 774 5669 1111 5738; x_wconf 73' lang='grc' dir='ltr'>κατηγορίαν</span> <span class='ocrx_word' id='word_1_812' title='bbox 1147 5670 1341 5741; x_wconf 73' lang='grc' dir='ltr'>φέρετε</span> <span class='ocrx_word' id='word_1_813' title='bbox 1371 5672 1512 5725; x_wconf 82' lang='grc' dir='ltr'>κατὰ</span> <span class='ocrx_word' id='word_1_814' title='bbox 1543 5672 1634 5725; x_wconf 82' lang='grc' dir='ltr'><strong>τοῦ</strong></span> <span class='ocrx_word' id='word_1_815' title='bbox 1669 5662 1877 5745; x_wconf 77' lang='grc' dir='ltr'>ἀνθρώ-</span> 
     </span>
    </p>
   </div>
   <div class='ocr_carea' id='block_1_106' title="bbox 359 5850 1391 5919">
    <p class='ocr_par' dir='ltr' id='par_1_106' title="bbox 359 5850 1391 5919">
     <span class='ocr_line' id='line_1_106' title="bbox 359 5850 1391 5919; baseline 0.002 -15"><span class='ocrx_word' id='word_1_816' title='bbox 359 5851 428 5882; x_wconf 77' lang='grc'><strong>⁹⁷⁵</strong></span> <span class='ocrx_word' id='word_1_817' title='bbox 460 5850 646 5906; x_wconf 62' lang='lat' dir='ltr'><strong>)ladtb.</strong></span> <span class='ocrx_word' id='word_1_818' title='bbox 681 5867 753 5916; x_wconf 78' lang='lat' dir='ltr'><strong>ix,</strong></span> <span class='ocrx_word' id='word_1_819' title='bbox 780 5850 867 5905; x_wconf 69' lang='lat'><strong>‘22.</strong></span> <span class='ocrx_word' id='word_1_820' title='bbox 947 5852 990 5883; x_wconf 66' lang='lat'><strong>9‘</strong></span> <span class='ocrx_word' id='word_1_821' title='bbox 1022 5850 1185 5908; x_wconf 86' lang='lat' dir='ltr'><strong>llcbr.</strong></span> <span class='ocrx_word' id='word_1_822' title='bbox 1222 5867 1273 5919; x_wconf 85' lang='lat'><strong>.\,</strong></span> <span class='ocrx_word' id='word_1_823' title='bbox 1302 5852 1391 5906; x_wconf 71' lang='lat'><strong>58.</strong></span> 
     </span>
    </p>
   </div>
   <div class='ocr_carea' id='block_1_107' title="bbox 1981 4662 3565 4730">
    <p class='ocr_par' dir='ltr' id='par_1_107' title="bbox 1981 4662 3565 4730">
     <span class='ocr_line' id='line_1_107' title="bbox 1981 4662 3565 4730; baseline -0.005 -11"><span class='ocrx_word' id='word_1_824' title='bbox 1981 4675 2062 4719; x_wconf 84' lang='lat' dir='ltr'><strong>est</strong></span> <span class='ocrx_word' id='word_1_825' title='bbox 2099 4665 2305 4717; x_wconf 90' lang='lat' dir='ltr'><strong>mundi.</strong></span> <span class='ocrx_word' id='word_1_826' title='bbox 2349 4664 2575 4730; x_wconf 87' lang='lat' dir='ltr'><strong>Quando</strong></span> <span class='ocrx_word' id='word_1_827' title='bbox 2619 4666 2760 4719; x_wconf 84' lang='lat' dir='ltr'><strong>enim</strong></span> <span class='ocrx_word' id='word_1_828' title='bbox 2816 4673 2969 4719; x_wconf 75' lang='lat' dir='ltr'><strong>extra</strong></span> <span class='ocrx_word' id='word_1_829' title='bbox 3033 4666 3326 4723; x_wconf 83' lang='lat' dir='ltr'><strong>mundum,</strong></span> <span class='ocrx_word' id='word_1_830' title='bbox 3360 4662 3565 4729; x_wconf 86' lang='lat' dir='ltr'><strong>quiest</strong></span> 
     </span>
    </p>
   </div>
   <div class='ocr_carea' id='block_1_108' title="bbox 1982 4754 3566 4823">
    <p class='ocr_par' dir='ltr' id='par_1_108' title="bbox 1982 4754 3566 4823">
     <span class='ocr_line' id='line_1_108' title="bbox 1982 4754 3566 4823; baseline -0.006 -14"><span class='ocrx_word' id='word_1_831' title='bbox 1982 4758 2180 4811; x_wconf 90' lang='lat' dir='ltr'><strong>atrium</strong></span> <span class='ocrx_word' id='word_1_832' title='bbox 2210 4758 2439 4811; x_wconf 88' lang='lat' dir='ltr'><strong>rectoris</strong></span> <span class='ocrx_word' id='word_1_833' title='bbox 2474 4758 2682 4820; x_wconf 88' lang='lat' dir='ltr'><strong>nmndi,</strong></span> <span class='ocrx_word' id='word_1_834' title='bbox 2721 4772 2921 4823; x_wconf 72' lang='lat' dir='ltr'><strong>cgressr</strong></span> <span class='ocrx_word' id='word_1_835' title='bbox 2951 4754 3239 4817; x_wconf 84' lang='lat' dir='ltr'><strong>fuerimus,</strong></span> <span class='ocrx_word' id='word_1_836' title='bbox 3273 4764 3399 4807; x_wconf 89' lang='lat' dir='ltr'><strong>tunc</strong></span> <span class='ocrx_word' id='word_1_837' title='bbox 3434 4769 3566 4807; x_wconf 69' lang='lat' dir='ltr'><strong>sane</strong></span> 
     </span>
    </p>
   </div>
   <div class='ocr_carea' id='block_1_109' title="bbox 1982 4849 3564 4919">
    <p class='ocr_par' dir='ltr' id='par_1_109' title="bbox 1982 4849 3564 4919">
     <span class='ocr_line' id='line_1_109' title="bbox 1982 4849 3564 4919; baseline -0.003 -17"><span class='ocrx_word' id='word_1_838' title='bbox 1982 4851 2046 4903; x_wconf 87' lang='lat' dir='ltr'><strong>ad</strong></span> <span class='ocrx_word' id='word_1_839' title='bbox 2102 4850 2472 4919; x_wconf 70' lang='lat' dir='ltr'><strong>paenitentiam</strong></span> <span class='ocrx_word' id='word_1_840' title='bbox 2537 4851 2809 4904; x_wconf 88' lang='lat' dir='ltr'><strong>sinceram</strong></span> <span class='ocrx_word' id='word_1_841' title='bbox 2867 4864 3263 4918; x_wconf 80' lang='lat' dir='ltr'><strong>exsurgeums:</strong></span> <span class='ocrx_word' id='word_1_842' title='bbox 3323 4849 3463 4901; x_wconf 85' lang='lat' dir='ltr'><strong>sicut</strong></span> <span class='ocrx_word' id='word_1_843' title='bbox 3509 4858 3564 4898; x_wconf 83' lang='lat' dir='ltr'><strong>ct</strong></span> 
     </span>
    </p>
   </div>
   <div class='ocr_carea' id='block_1_110' title="bbox 1989 4943 3571 5013">
    <p class='ocr_par' dir='ltr' id='par_1_110' title="bbox 1989 4943 3571 5013">
     <span class='ocr_line' id='line_1_110' title="bbox 1989 4943 3571 5013; baseline -0.003 -16"><span class='ocrx_word' id='word_1_844' title='bbox 1989 4943 2191 4997; x_wconf 80' lang='lat' dir='ltr'><strong>Paulus</strong></span> <span class='ocrx_word' id='word_1_845' title='bbox 2229 4944 2393 4997; x_wconf 89' lang='lat' dir='ltr'><strong>dicit:</strong></span> <span class='ocrx_word' id='word_1_846' title='bbox 2434 4961 2451 4993; x_wconf 71' lang='grc' dir='ltr'><strong>ι</strong></span> <span class='ocrx_word' id='word_1_847' title='bbox 2487 4943 2839 5013; x_wconf 76' lang='lat' dir='ltr'><strong>Egredianiur</strong></span> <span class='ocrx_word' id='word_1_848' title='bbox 2886 4944 2951 4996; x_wconf 86' lang='lat' dir='ltr'><strong>ad</strong></span> <span class='ocrx_word' id='word_1_849' title='bbox 2981 4958 3101 4995; x_wconf 85' lang='lat' dir='ltr'><strong>eum</strong></span> <span class='ocrx_word' id='word_1_850' title='bbox 3148 4954 3297 4995; x_wconf 65' lang='lat' dir='ltr'><strong>crura</strong></span> <span class='ocrx_word' id='word_1_851' title='bbox 3329 4952 3571 5007; x_wconf 71' lang='lat' dir='ltr'><strong>portam.</strong></span> 
     </span>
    </p>
   </div>
   <div class='ocr_carea' id='block_1_111' title="bbox 1986 5033 3444 5107">
    <p class='ocr_par' dir='ltr' id='par_1_111' title="bbox 1986 5033 3444 5107">
     <span class='ocr_line' id='line_1_111' title="bbox 1986 5033 3444 5107; baseline -0.006 -16"><span class='ocrx_word' id='word_1_852' title='bbox 1986 5040 2087 5091; x_wconf 83' lang='lat' dir='ltr'><strong>hoc</strong></span> <span class='ocrx_word' id='word_1_853' title='bbox 2116 5047 2197 5091; x_wconf 88' lang='lat' dir='ltr'><strong>est</strong></span> <span class='ocrx_word' id='word_1_854' title='bbox 2226 5039 2504 5103; x_wconf 90' lang='lat' dir='ltr'><strong>mundum,</strong></span> <span class='ocrx_word' id='word_1_855' title='bbox 2531 5038 2893 5107; x_wconf 63' lang='lat' dir='ltr'><strong>opprobriung</strong></span> <span class='ocrx_word' id='word_1_856' title='bbox 2916 5036 3034 5095; x_wconf 75' lang='lat' dir='ltr'><strong>ejus</strong></span> <span class='ocrx_word' id='word_1_857' title='bbox 3069 5035 3300 5087; x_wconf 83' lang='lat' dir='ltr'><strong>ferentes</strong></span> <span class='ocrx_word' id='word_1_858' title='bbox 3325 5033 3395 5087; x_wconf 77' lang='grc'>’⁸.</span> <span class='ocrx_word' id='word_1_859' title='bbox 3426 5050 3444 5082; x_wconf 73' lang='grc' dir='ltr'><strong>ι</strong></span> 
     </span>
    </p>
   </div>
   <div class='ocr_carea' id='block_1_112' title="bbox 2054 5286 3567 5364">
    <p class='ocr_par' dir='ltr' id='par_1_112' title="bbox 2054 5286 3567 5364">
     <span class='ocr_line' id='line_1_112' title="bbox 2054 5286 3567 5364; baseline -0.008 -15"><span class='ocrx_word' id='word_1_860' title='bbox 2054 5296 2219 5352; x_wconf 74' lang='lat' dir='ltr'><strong>Vens.</strong></span> <span class='ocrx_word' id='word_1_861' title='bbox 2250 5296 2433 5352; x_wconf 64' lang='lat'><strong>‘28-&#39;52.</strong></span> <span class='ocrx_word' id='word_1_862' title='bbox 2478 5315 2495 5347; x_wconf 86' lang='grc'><strong>‹</strong></span> <span class='ocrx_word' id='word_1_863' title='bbox 2536 5290 2747 5349; x_wconf 88' lang='lat' dir='ltr'><strong>Ducunt</strong></span> <span class='ocrx_word' id='word_1_864' title='bbox 2779 5310 2908 5364; x_wconf 81' lang='lat' dir='ltr'><strong>ergo</strong></span> <span class='ocrx_word' id='word_1_865' title='bbox 2940 5293 3122 5348; x_wconf 85' lang='lat' dir='ltr'><strong>.lesum</strong></span> <span class='ocrx_word' id='word_1_866' title='bbox 3177 5307 3205 5343; x_wconf 89' lang='lat' dir='ltr'><strong>a</strong></span> <span class='ocrx_word' id='word_1_867' title='bbox 3242 5291 3444 5358; x_wconf 84' lang='lat' dir='ltr'><strong>Caipba</strong></span> <span class='ocrx_word' id='word_1_868' title='bbox 3508 5286 3567 5339; x_wconf 63' lang='lat' dir='ltr'><strong>in</strong></span> 
     </span>
    </p>
   </div>
   <div class='ocr_carea' id='block_1_113' title="bbox 1977 5380 3563 5460">
    <p class='ocr_par' dir='ltr' id='par_1_113' title="bbox 1977 5380 3563 5460">
     <span class='ocr_line' id='line_1_113' title="bbox 1977 5380 3563 5460; baseline -0.007 -19"><span class='ocrx_word' id='word_1_869' title='bbox 1977 5392 2311 5460; x_wconf 68' lang='lat' dir='ltr'><strong>pra-torium.</strong></span> <span class='ocrx_word' id='word_1_870' title='bbox 2337 5390 2463 5443; x_wconf 80' lang='lat' dir='ltr'><strong>Erat</strong></span> <span class='ocrx_word' id='word_1_871' title='bbox 2487 5398 2665 5442; x_wconf 88' lang='lat' dir='ltr'><strong>autem</strong></span> <span class='ocrx_word' id='word_1_872' title='bbox 2686 5403 2865 5451; x_wconf 86' lang='lat' dir='ltr'><strong>mane,</strong></span> <span class='ocrx_word' id='word_1_873' title='bbox 2892 5397 2942 5439; x_wconf 88' lang='lat' dir='ltr'><strong>et</strong></span> <span class='ocrx_word' id='word_1_874' title='bbox 2967 5387 3063 5456; x_wconf 86' lang='lat' dir='ltr'><strong>ipsi</strong></span> <span class='ocrx_word' id='word_1_875' title='bbox 3100 5400 3203 5437; x_wconf 89' lang='lat' dir='ltr'><strong>non</strong></span> <span class='ocrx_word' id='word_1_876' title='bbox 3236 5380 3563 5436; x_wconf 76' lang='lat' dir='ltr'><strong>introierunt</strong></span> 
     </span>
    </p>
   </div>
   <div class='ocr_carea' id='block_1_114' title="bbox 1978 5475 3560 5551">
    <p class='ocr_par' dir='ltr' id='par_1_114' title="bbox 1978 5475 3560 5551">
     <span class='ocr_line' id='line_1_114' title="bbox 1978 5475 3560 5551; baseline -0.009 -15"><span class='ocrx_word' id='word_1_877' title='bbox 1978 5484 2031 5536; x_wconf 94' lang='lat' dir='ltr'><strong>in</strong></span> <span class='ocrx_word' id='word_1_878' title='bbox 2068 5484 2402 5551; x_wconf 74' lang='lat' dir='ltr'><strong>pra-torium,</strong></span> <span class='ocrx_word' id='word_1_879' title='bbox 2436 5497 2503 5536; x_wconf 91' lang='lat' dir='ltr'><strong>ne</strong></span> <span class='ocrx_word' id='word_1_880' title='bbox 2529 5482 3060 5543; x_wconf 88' lang='lat' dir='ltr'><strong>contaminarentur,</strong></span> <span class='ocrx_word' id='word_1_881' title='bbox 3102 5478 3196 5531; x_wconf 90' lang='lat' dir='ltr'><strong>sed</strong></span> <span class='ocrx_word' id='word_1_882' title='bbox 3248 5485 3299 5526; x_wconf 89' lang='lat' dir='ltr'><strong>nt</strong></span> <span class='ocrx_word' id='word_1_883' title='bbox 3334 5475 3560 5528; x_wconf 87' lang='lat' dir='ltr'><strong>ederent</strong></span> 
     </span>
    </p>
   </div>
   <div class='ocr_carea' id='block_1_115' title="bbox 1981 5565 3555 5644">
    <p class='ocr_par' dir='ltr' id='par_1_115' title="bbox 1981 5565 3555 5644">
     <span class='ocr_line' id='line_1_115' title="bbox 1981 5565 3555 5644; baseline -0.007 -16"><span class='ocrx_word' id='word_1_884' title='bbox 1981 5574 2205 5630; x_wconf 70' lang='lat' dir='ltr'><strong>Pascha.</strong></span> <span class='ocrx_word' id='word_1_885' title='bbox 2253 5575 2431 5628; x_wconf 73' lang='lat' dir='ltr'><strong>Exivit</strong></span> <span class='ocrx_word' id='word_1_886' title='bbox 2454 5590 2584 5644; x_wconf 81' lang='lat' dir='ltr'><strong>ergo</strong></span> <span class='ocrx_word' id='word_1_887' title='bbox 2614 5574 2821 5628; x_wconf 81' lang='lat' dir='ltr'><strong>Pilatus</strong></span> <span class='ocrx_word' id='word_1_888' title='bbox 2856 5574 2920 5626; x_wconf 87' lang='lat' dir='ltr'><strong>ad</strong></span> <span class='ocrx_word' id='word_1_889' title='bbox 2956 5587 3048 5626; x_wconf 84' lang='lat' dir='ltr'><strong>eos</strong></span> <span class='ocrx_word' id='word_1_890' title='bbox 3079 5572 3244 5629; x_wconf 88' lang='lat' dir='ltr'><strong>foras,</strong></span> <span class='ocrx_word' id='word_1_891' title='bbox 3279 5576 3334 5621; x_wconf 89' lang='lat' dir='ltr'><strong>et</strong></span> <span class='ocrx_word' id='word_1_892' title='bbox 3372 5565 3501 5618; x_wconf 82' lang='lat' dir='ltr'><strong>dixit</strong></span> <span class='ocrx_word' id='word_1_893' title='bbox 3540 5580 3555 5617; x_wconf 88' lang='lat'><strong>:</strong></span> 
     </span>
    </p>
   </div>
   <div class='ocr_carea' id='block_1_116' title="bbox 1978 5658 3559 5735">
    <p class='ocr_par' dir='ltr' id='par_1_116' title="bbox 1978 5658 3559 5735">
     <span class='ocr_line' id='line_1_116' title="bbox 1978 5658 3559 5735; baseline -0.009 -11"><span class='ocrx_word' id='word_1_894' title='bbox 1978 5668 2148 5735; x_wconf 87' lang='lat' dir='ltr'><strong>Quam</strong></span> <span class='ocrx_word' id='word_1_895' title='bbox 2212 5668 2613 5723; x_wconf 73' lang='lat' dir='ltr'><strong>accusationem</strong></span> <span class='ocrx_word' id='word_1_896' title='bbox 2685 5664 2890 5720; x_wconf 74' lang='lat' dir='ltr'><strong>aliertis</strong></span> <span class='ocrx_word' id='word_1_897' title='bbox 2948 5665 3213 5719; x_wconf 84' lang='lat' dir='ltr'><strong>adversus</strong></span> <span class='ocrx_word' id='word_1_898' title='bbox 3284 5658 3559 5714; x_wconf 78' lang='lat' dir='ltr'><strong>hominem</strong></span> 
     </span>
    </p>
   </div>
  </div>
