4284 6450
795 403 902 465 263

1713 397 2290 458 THEOPHYLACTI
2321 400 2736 461 BULGARLE
2768 400 3128 460 ARCHIEP.

3931 407 4034 461 265

798 527 878 570 tcs
906 513 1054 569 :Non
1081 513 1242 574 hunc,
1271 511 1362 564 sed
1389 509 1710 563 Barabbam.
1741 510 1866 562 Erat
1890 521 2067 562 autem
2088 510 2364 565 Barabbas
2393 528 2438 580 Α
2467 533 2490 563 τ

2351 528 2364 565 5
2393 528 2438 580 Α
2467 532 2580 579 τον,
2615 513 2750 566 ἀλλὰ
2779 514 2869 564 τὸν
2899 511 3206 578 Βαραϐϐᾶν.
3239 507 3346 563 Ἦν
3367 510 3422 563 δὲ
3451 512 3475 564 ὁ
3506 509 3792 581 Βαραϐϐᾶς
3818 507 4043 577 λῃστής.

800 609 955 659 latro.
999 605 1148 657 Tunc
1200 618 1327 671 ergo
1382 603 1735 672 apprehendit
1792 601 1994 654 Pilatus
2041 601 2258 666 Jesutn,
2317 615 2368 655 et

798 699 1104 766 Πειειπιξειιὶι.
1143 695 1205 746 Et
1247 696 1446 748 milites
1478 696 1770 762 plet-tentes
1796 709 2048 747 coronam
2083 698 2148 748 de
2179 697 2367 762 Spinis,

802 791 1168 856 imposuerunt
1200 789 1361 854 capiti
1397 787 1532 852 ejus,
1564 795 1616 838 ct
1647 795 1795 838 veste
1831 799 2102 853 purpurea
2135 787 2370 839 circum-

801 881 1057 932 dederunt
1099 894 1243 937 eum,
1295 892 1354 928 ac
1401 876 1652 929 dicebant
1682 895 1694 928 :
1731 877 1862 940 Ave,
1892 891 1983 927 rex
2012 876 2317 930 Judaeorum
2354 897 2368 930 :

799 982 850 1024 et
876 971 1076 1022 dabant
1110 970 1156 1021 ei
1188 970 1392 1035 alapas.
1434 967 1610 1020 Exivit
1655 971 1847 1021 iterum
1881 967 2081 1021 Pilatus
2119 969 2281 1030 foras,
2318 979 2372 1021 et

802 1063 928 1114 dicit
963 1063 1040 1114 eis
1075 1060 1253 1112 :Ecce
1283 1063 1489 1112 adduco
1517 1061 1666 1111 vobis
1701 1074 1822 1112 eum
1859 1061 2024 1120 foras,
2065 1073 2120 1112 ut
2168 1077 2370 1128 cogno-

802 1154 964 1205 scatis
996 1155 1136 1216 Quod
1172 1151 1369 1203 nullam
1422 1151 1474 1202 in
1523 1164 1588 1202 eo
1632 1165 1850 1204 causam
1905 1151 2141 1204 invenio.
2194 1151 2373 1206 Exivit

803 1258 928 1312 ergo
963 1242 1121 1297 Jesus
1155 1244 1299 1296 foras
1321 1253 1539 1312 gestans
1576 1245 1815 1312 spineam
1849 1259 2130 1305 coronam,
2167 1257 2220 1297 ct
2247 1261 2372 1313 pur-

803 1352 1025 1403 pureum
1057 1336 1296 1404 pallium,
1323 1346 1374 1386 et
1403 1335 1534 1387 dicit
1561 1338 1639 1389 eis
1669 1353 1681 1386 :
1711 1333 1849 1388 Ecce
1874 1335 2061 1389 homo.
2086 1336 2217 1388 Cum
2245 1350 2371 1404 ergo

805 1429 1066 1481 v'idissetit
1098 1445 1217 1480 eum
1253 1429 1533 1494 pontiﬁces
1572 1439 1622 1480 et
1665 1429 1894 1481 ministri
1934 1427 2257 1490 clamabant,
2296 1429 2374 1480 di-

804 1529 988 1571 centes
1019 1537 1033 1571 :
1066 1517 1358 1588 Crucilige,
1388 1519 1642 1586 cruciﬁge
1671 1534 1813 1572 eum.
1845 1520 1984 1572 Dicit
2014 1522 2089 1571 eis
2117 1517 2324 1572 Ριιίιιιις
2355 1538 2368 1572 :

804 1609 1048 1676 Accipite
1080 1624 1200 1662 eum
1234 1624 1350 1672 vos,
1381 1619 1435 1662 et
1465 1609 1762 1678 cruciﬁgite
1791 1627 1805 1661 :
1841 1625 1940 1679 ego
1974 1612 2116 1663 enim
2152 1627 2256 1663 non
2291 1613 2373 1663 in.

808 1703 964 1756 venio
1009 1702 1062 1756 in
1108 1718 1172 1756 eo
1201 1718 1440 1755 causam.
1475 1700 1897 1769 Responderunt
1928 1703 1974 1755 ei
2010 1701 2178 1756 Judaj
2214 1723 2224 1755 :
2263 1703 2373 1756 Nos

808 1793 973 1862 legem
1005 1796 1287 1856 habemus,
1314 1805 1368 1846 et
1397 1793 1689 1847 secundum
1720 1794 1887 1863 legem
1921 1804 2163 1848 nostram
2214 1796 2372 1848 debet

809 1887 965 1946 mori,
1001 1886 1128 1952 quia
1165 1883 1362 1939 Filium
1401 1884 1494 1938 Dei
1531 1901 1588 1940 se
1623 1885 1768 1938 fecit.
1823 1904 1841 1936 ι
1895 1885 2030 1941 Vide
2076 1902 2171 1956 per
2211 1902 2371 1955 quam
2410 1892 2449 1945 Β

809 1978 974 2030 multa
1040 1988 1375 2032 monstratur
1425 1978 1730 2032 Judmrum
1793 1981 2018 2034 malitia.
2076 1980 2375 2033 Barabbam

807 2069 948 2121 enim
1011 2069 1443 2124 manifestarium
1508 2071 1771 2125 latronem
1825 2083 2031 2141 petunt,
2091 2075 2374 2128 Dominum

809 2175 937 2213 vero
975 2163 1216 2216 tradunt.
1247 2160 1505 2232 Flagellat
1546 2163 1712 2231 igitur
1743 2179 1865 2219 eum
1905 2164 2126 2227 Pilatus,
2166 2177 2221 2218 ut
2249 2181 2378 2219 cou—

809 2251 1012 2306 soletur
1039 2262 1092 2304 et
1123 2253 1331 2317 mitiget
1356 2267 1541 2306 eorum
1569 2253 1832 2308 furorem.
1864 2256 2001 2308 Nam
2043 2259 2166 2323 quia
2205 2259 2380 2311 verbis

812 2358 913 2393 non
967 2344 1140 2409 potuit
1171 2357 1291 2396 eum
1323 2344 1533 2413 eripere
1555 2387 1569 2411 ,
1619 2344 1885 2414 ﬂagellat,
1920 2349 2144 2401 studens
2182 2359 2235 2401 et
2268 2351 2380 2416 ipse

810 2433 892 2486 vel
939 2449 1032 2499 per
1065 2435 1167 2487 hoc
1196 2434 1458 2488 insaniam
1494 2452 1678 2490 eorum
1711 2439 1946 2506 placare.
1999 2439 2065 2492 Et
2113 2443 2381 2507 permittit

812 2534 866 2574 ut
898 2525 1138 2595 chlamys
1167 2536 1218 2578 et
1240 2541 1439 2579 corona
1463 2528 1513 2580 ei
1534 2529 2034 2597 circumponantur,
2054 2547 2162 2600 quo
2194 2547 2378 2586 eorum

815 2613 892 2663 ira
925 2612 1300 2666 exhauriatur.
1355 2613 1516 2686 746
1550 2615 1746 2670 Milites
1775 2633 1905 2673 vero
1934 2622 2111 2673 omnia
2151 2623 2217 2672 ad
2252 2638 2378 2690 gra-

815 2703 943 2754 tiam
990 2700 1300 2756 Judaaorutn
1347 2704 1572 2758 faciunt.
1606 2706 1736 2758 Nam
1771 2711 1894 2777 quia
1931 2711 2253 2764 audiverunt
2295 2712 2382 2764 Pi-

812 2792 977 2846 latum
1036 2795 1300 2849 dicentem
1337 2812 1350 2849 :
1391 2815 1408 2846 t
1450 2795 1648 2867 Regem
1683 2799 1830 2852 illum
1869 2799 2175 2855 Judaeorum
2211 2805 2384 2856 dimit-

818 2899 945 2951 tam,
985 2905 1004 2937 ι
1049 2888 1276 2942 irrident
1304 2905 1443 2943 nunc
1469 2905 1590 2945 eum
1622 2903 1681 2944 ut
1725 2907 1929 2961 regem.
1963 2893 2150 2963 Neque
2181 2898 2323 2949 enim
2352 2912 2381 2949 a

819 2977 992 3032 Pilato
1040 2981 1278 3049 instigati
1319 2981 1422 3036 hoc
1461 2982 1752 3045 faciebant,
1804 2987 1892 3052 qui
1929 2987 2093 3039 etiam
2135 3000 2191 3041 et
2227 3002 2383 3042 nocte

818 3071 1126 3123 invaserant
1164 3069 1349 3124 Jesum
1387 3081 1584 3141 praeter
1624 3078 1950 3128 sententiam
1983 3079 2250 3145 praesidis,
2291 3095 2384 3148 pe-

816 3161 1095 3214 cuniarum
1125 3164 1292 3228 gratia
1324 3162 1523 3218 Judzeis
1549 3167 1938 3233 gratiliCantes.
1964 3167 2214 3223 Placidus
2238 3173 2378 3224 enim

815 3263 933 3305 erat
967 3252 1193 3319 Pilatus,
1225 3266 1280 3307 et
1326 3271 1432 3309 non
1469 3256 1649 3310 eﬂeris
1704 3261 1965 3322 muribus,
2000 3263 2137 3315 sicut
2187 3260 2378 3316 Jmlazi.

819 3341 986 3395 Porro
1034 3345 1208 3396 educit
1242 3343 1446 3410 Jcsum,
1494 3349 1628 3401 iram
1671 3349 1880 3402 illorum
1914 3354 2255 3420 exstinguere
2289 3369 2383 3407 vo-

817 3439 970 3504 lens;
1008 3440 1101 3493 sed
1134 3440 1208 3493 illi
1244 3457 1414 3510 neque
1459 3445 1538 3498 sic
1568 3446 1919 3500 mansuefacti
1954 3459 2098 3501 sunl.
2137 3451 2382 3503 Clamant

817 3540 995 3584 autem
1030 3548 1042 3583 :
1085 3549 1103 3581 ι
1141 3532 1409 3603 Crucilige
1430 3550 1577 3591 eum.
1615 3554 1633 3587 ι
1670 3536 1802 3590 Cum
1828 3538 2048 3593 vidisset
2081 3551 2260 3594 autem
2289 3539 2382 3595 P'i-

821 3622 960 3676 latus
990 3623 1167 3676 omnia
1197 3623 1310 3678 hate
1335 3625 1535 3680 frustra
1569 3627 1703 3693 ﬁeri,
1732 3631 1860 3683 dicit
1891 3648 1904 3682 :
1944 3649 1963 3680 ι
1995 3633 2237 3701 Accipite
2262 3649 2380 3688 eum

822 3726 935 3775 vos,
960 3723 1012 3765 ct
1042 3716 1339 3783 crucitigite
1365 3734 1377 3770 :
1410 3733 1508 3786 ego
1531 3720 1670 3772 enim
1700 3737 1805 3774 non
1840 3723 2053 3777 invenio
2081 3725 2132 3777 in
2164 3740 2230 3779 eo
2257 3741 2383 3778 cauo

820 3817 957 3854 sam.
998 3821 1015 3853 ι
1060 3803 1213 3859 Facit
1241 3817 1420 3858 autem
1457 3809 1578 3873 hoc,
1623 3812 1900 3877 impellens
1931 3828 2024 3867 eos
2061 3815 2112 3866 in
2161 3829 2271 3869 rem
2305 3817 2384 3871 eis

820 3908 923 3945 non
957 3907 1296 3961 concessam,
1329 3899 1374 3951 si
1403 3898 1540 3953 forte
1575 3901 1655 3955 sic
1691 3904 2006 3957 absolvatur
2027 3904 2203 3960 Jesus.
2249 3907 2380 3960 Nam

821 3997 919 4049 ego
949 3983 1187 4052 quidem,
1243 3987 1436 4055 inquit,
1475 3990 1563 4055 qui
1611 3991 1782 4044 habeo
1819 4002 2136 4060 potestatem
2169 3998 2384 4052 cruciﬁ-

821 4076 1000 4142 gendi,
1038 4094 1054 4124 ι
1088 4077 1287 4129 nullam
1321 4080 1537 4134 invenio
1577 4097 1835 4137 causam:
1877 4105 1895 4137 ι
1942 4102 2034 4142 vos
2065 4099 2241 4143 autem
2276 4106 2382 4145 non

822 4164 1083 4218 habentes
1110 4177 1428 4234 potestatem
1456 4172 1804 4242 cruciﬁgendi
1833 4177 2012 4230 dicitis
2041 4193 2163 4233 eum
2196 4195 2343 4233 reum
2368 4200 2380 4235 :

827 4273 844 4304 ι
881 4257 1124 4325 Accipite
1157 4260 1318 4327 igitur
1337 4276 1481 4325 eum,
1513 4273 1566 4315 et
1598 4265 1936 4334 cruciﬁgite;
1971 4287 1987 4318 ι
2023 4272 2115 4322 sed
2148 4287 2253 4325 non
2290 4272 2384 4324 ha-

825 4348 960 4398 betis
986 4361 1331 4415 potestatem,
1364 4354 1667 4407 dimittatur
1701 4372 1829 4425 ergo
1863 4361 2020 4414 homo
2048 4362 2154 4416 ille.
2196 4363 2386 4431 Itaque

825 4436 948 4490 talis
983 4439 1199 4506 quidem
1230 4452 1348 4494 erat
1380 4459 1532 4498 mens
1561 4445 1740 4514 Pilati,
1777 4450 1961 4503 mitior
1991 4452 2258 4518 videlicet,
2288 4469 2379 4507 ne—

823 4543 925 4593 que
959 4541 1136 4582 tamen
1183 4533 1443 4585 severiter
1495 4549 1590 4600 pro
1640 4539 1865 4593 veritate
1913 4543 2139 4598 instans.
2192 4546 2263 4599 At
2310 4547 2381 4599 illi

819 4620 981 4673 etiam
1037 4623 1087 4674 in
1133 4623 1234 4675 hoc
1279 4627 1512 4692 confusi,
1565 4628 1751 4682 dicunt
1797 4635 1937 4699 quod
1994 4653 2012 4684 ι
2076 4635 2382 4691 Secundum

823 4719 1060 4762 nostram
1113 4711 1282 4780 legem
1330 4715 1486 4767 debet
1540 4719 1698 4779 mori,
1772 4722 1894 4787 quia
1939 4721 2129 4775 Filium
2184 4725 2273 4778 Dei
2327 4742 2384 4781 se

823 4799 966 4853 fecit.
1022 4821 1039 4851 ι
1093 4802 1226 4857 Vide
1261 4811 1528 4871 quomodo
1587 4809 1787 4861 malitia
1845 4813 1944 4864 sibi
1993 4829 2095 4865 non
2139 4828 2380 4870 constet.

826 4887 998 4955 Supra
1037 4892 1245 4943 dicebat
1279 4895 1356 4944 eis
1389 4891 1591 4948 Pilatus
1623 4914 1633 4947 :
1692 4915 1709 4946 ι
1744 4900 1985 4968 Accipite
2013 4918 2157 4966 eum,
2193 4915 2246 4958 et
2292 4923 2384 4960 se—

823 4981 1056 5034 cundnm
1091 4992 1321 5035 vestram
1357 4984 1526 5053 legem
1556 4987 1814 5055 judicale,
1856 5009 1873 5041 ι
1921 5003 1976 5044 et
2001 4995 2128 5048 illud
2157 5011 2261 5051 non
2295 5014 2385 5066 ap-

824 5074 1135 5138 probarunt.
1172 5073 1324 5128 Nunc
1367 5079 1560 5131 iterum
1590 5082 1795 5144 dicunt,
1837 5102 1855 5133 ‹
1889 5085 2190 5141 Secundum
2215 5089 2382 5156 legem

824 5173 1064 5215 nostram
1107 5166 1262 5218 debet
1299 5169 1454 5220 mori.
1496 5188 1512 5220 ι
1559 5170 1730 5238 Supra
1759 5176 2085 5229 accusabant
2126 5180 2266 5246 quod
2310 5180 2387 5234 fe-

822 5255 986 5308 cisset
1007 5268 1064 5307 se
1093 5270 1293 5322 regem,
1325 5273 1466 5311 nunc
1495 5262 1559 5314 de
1587 5263 1866 5317 mendacio
1900 5267 2193 5336 redarguti,
2224 5284 2384 5322 accu-

821 5355 940 5396 sant
972 5364 988 5394 ι
1030 5349 1173 5413 quod
1216 5348 1409 5401 Filium
1449 5348 1538 5403 Dei
1575 5367 1631 5404 se
1676 5354 1880 5407 fecerit.
1922 5375 1938 5405 ι
1972 5357 2110 5421 Quid
2148 5361 2246 5413 hoc
2276 5361 2382 5413 cri-

823 5436 951 5485 mini
978 5437 1236 5488 vertitur?
1275 5439 1328 5489 Si
1365 5453 1524 5506 Opera
1559 5441 1650 5493 Dei
1693 5442 1842 5505 facit,
1885 5443 2080 5497 Filium
2126 5445 2217 5498 Dei
2264 5463 2383 5502 esse

819 5526 946 5595 quid
977 5528 1255 5594 prohibet?
1286 5528 1413 5583 Vide
1439 5541 1620 5586 autem
1649 5535 1882 5587 divinam
1906 5538 2381 5605 dispensationem,

821 5622 1088 5684 quomodo
1117 5621 1188 5673 illi
1214 5624 1425 5689 quidem
1458 5626 1522 5678 ad
1549 5626 1743 5679 multos
1768 5628 1978 5693 judices
2001 5631 2249 5683 duxerint
2280 5631 2382 5685 Do-

826 5709 1047 5774 minum,
1086 5723 1142 5763 ut
1191 5711 1520 5767 inlamarent
1551 5726 1603 5770 et
1637 5720 2065 5773 contaminarent
2112 5722 2227 5789 ejus
2267 5723 2382 5791 glo-

824 5802 978 5865 riam,
1033 5805 1125 5857 sed
1170 5806 1492 5862 contmnelia
1537 5808 1588 5862 in
1637 5818 1793 5880 caput
1832 5812 2066 5881 ipsorum
2101 5814 2379 5870 reciderit.

2408 4493 2460 4552 D

2474 611 2607 661 Τότε
2648 605 2739 660 οῦν
2769 607 2961 659 ἐλαϐεν
2991 608 3018 658 6
3054 606 3280 665 Πιλάτος
3304 605 3395 655 τον
3434 605 3643 673 Ἰησοῦν
3681 605 3771 654 καὶ
3820 604 4046 671 ἐμαστίο

2474 719 2639 768 γωσε.
2700 702 2809 752 Καὶ
2851 701 2899 751 οἱ
2958 699 3288 768 στρατιῶται
3340 697 3631 761 πλέξαντες
3686 696 3951 762 στέφανον
3991 695 4045 760 ἐξ

2469 792 2744 855 ἀκανθῶν,
2799 791 3075 857 ἐπέθηκαν
3109 790 3271 841 αὑτοῦ
3422 789 3656 856 κεφαλῇ,
3691 791 3785 838 καὶ
3830 787 4045 854 ἱμάτιον

2473 882 2788 950 πορφυροῦν
2821 881 3142 947 περιέϐαλον
3185 881 3368 942 αὑτὸν,
3398 881 3490 930 καὶ
3521 880 3727 944 ἔλεγον·
3775 880 3950 948 Χαῖρε
3972 918 3986 940 ,
4020 878 4046 927 6

2476 974 2727 1041 βασιλεῦς
2779 975 2887 1026 τῶν
2933 974 3234 1034 Ἰουδαίων,
3277 973 3370 1022 καί
3435 971 3640 1023 ἐδίδουν
3685 972 3833 1040 αὐτῷ
3879 971 4044 1040 ῥαπί-

2475 1082 2680 1133 σματα.
2729 1065 2983 1132 Ἐξῆλθεν
3015 1061 3107 1117 οῦν
3153 1065 3256 1126 ἔξω
3291 1063 3451 1115 πάλιν
3483 1065 3510 1114 ὁ
3541 1063 3800 1125 Πιλᾶτος,
3835 1067 3929 1114 καὶ
3958 1063 4046 1114 λέ-

2474 1175 2558 1224 γει
2609 1158 2824 1218 αὐτοῖς·
2878 1159 2982 1209 Ἴδε
3019 1158 3136 1223 ἄγω
3169 1157 3297 1224 ὑμῖν
3335 1155 3494 1206 ,τιῦτδν
3543 1154 3676 1218 ἐξω,
3731 1155 3814 1206 ἵνα
3850 1153 4047 1220 γνῶτε,

2469 1249 2553 1301 δτι
2585 1251 2640 1300 ἐν
2679 1249 2826 1318 αὐτῷ
2859 1249 3115 1315 οὐδεμίαν
3148 1248 3329 1298 αἰτίαν
3361 1248 3622 1314 εὑρίσκω.
3668 1245 3923 1312 Ἐξῆλθεν
3955 1239 4048 1295 οῦν

2474 1341 2502 1391 ὁ
2543 1340 2750 1402 Ἰησοῦς
2783 1341 2886 1403 ἔξω
2921 1340 3099 1408 σορών
3128 1341 3218 1390 τὸν
3246 1339 3533 1392 ἀκάνθινον
3559 1340 3840 1407 στέφανον,
3867 1340 3961 1389 καὶ
3990 1337 4048 1388 τὸ

2476 1433 2789 1501 πορσυροῦν
2823 1433 3050 1500 ἱμάτιον.
3081 1433 3188 1484 Καὶ
3222 1432 3365 1497 λέγει
3396 1433 3579 1492 αὑτοῖς
3601 1448 3616 1462 ο
3645 1431 3748 1482 Ἴδε
3777 1433 3804 1482 ὁ
3833 1429 4048 1499 ἄνθρω-

2475 1541 2597 1584 πος.
2637 1526 2763 1575 Ὅτε
2794 1522 2887 1574 οὖν
2921 1519 3059 1574 εἶδον
3089 1523 3250 1575 αὑτὸν
3282 1524 3329 1574 οί
3365 1525 3641 1590 ἀρχιερεῖς
3699 1521 3793 1573 καὶ
3824 1523 3872 1573 οί
3910 1522 4049 1588 ὑπη-

2478 1616 2650 1685 ρέται,
2680 1616 3032 1682 ἐκραύγασαν
3059 1614 3328 1680 λέγοντες·
3355 1614 3697 1682 Σταύρωσον,
3736 1612 4049 1682 σταύρωσον

2476 1707 2656 1758 αὑτὸν.
2690 1707 2851 1772 Λέγει
2884 1705 3065 1767 αὐτοῖς
3087 1707 3114 1757 ὁ
3144 1705 3371 1767 Πιλάτος
3399 1721 3411 1733 ·
3443 1705 3651 1758 Λάϐετε
3682 1705 3846 1756 αὑτὸν
3869 1705 4046 1773 ὑμεῖς,

2478 1798 2569 1849 καὶ
2607 1795 2986 1866 σταυρώσατε’
3024 1796 3138 1862 ἐγὼ
3171 1800 3279 1865 γάρ
3307 1797 3402 1863 οὑχ
3433 1796 3670 1865 εὑρίσκω
3696 1800 3752 1848 ἐν
3779 1795 3932 1864 αὑτῷ
3963 1798 4046 1848 αξ-

2477 1889 2617 1941 τίαν.
2665 1889 3067 1957 Ἀπεκρίθησαν
3092 1889 3238 1956 αὑτῷ
3271 1890 3320 1939 oi.
3363 1889 3620 1940 Ἰουδαῖοιο
3665 1889 3858 1957 Ἡμεῖς
3887 1889 4048 1956 νόμον

2480 1980 2695 2047 ἔχομεν,
2733 1981 2824 2030 καὶ
2852 1979 2994 2030 κατὰ
3018 1979 3108 2031 τὸν
3132 1979 3293 2047 νόμον
3323 1980 3476 2047 ἡμῶν
3505 1979 3708 2046 ὀφείλει
3733 1979 4045 2038 ἀποθανεῖν,

2479 2076 2561 2126 δτι
2597 2074 2787 2124 ἑαυτὸν
2819 2072 2953 2124 Θεοῦ
2987 2071 3115 2124 Υίὺν
3145 2072 3418 2140 ἐποίησεν.
3457 2090 3474 2120 ι
3507 2072 3650 2140 Ὀρα
3682 2071 3771 2123 διὰ
3804 2072 3987 2123 πόσων
4015 2073 4046 2138 ἡ

2480 2163 2648 2214 κακία
2686 2163 2794 2212 τῶν
2838 2161 3109 2214 Ἰουδαίων
3138 2162 3433 2214 δείκνυται.
3470 2163 3572 2214 Τὸν
3607 2163 3711 2232 γάρ
3757 2161 4048 2232 Βαραὸ6Ξν

2479 2256 2929 2325 ὁμολογουμένως
2959 2253 3162 2325 λῃστὴν
3205 2254 3564 2319 ἐξαιτοῦνται,
3614 2255 3699 2305 τον
3734 2255 3790 2305 δὲ
3841 2256 4048 2322 Κύριον

2481 2346 2858 2414 παραδιδόασι,
2902 2346 3177 2412 Μαστιγοῖ
3206 2341 3298 2397 οὖν
3335 2346 3497 2397 αὑτὸν
3527 2347 3554 2397 6
3588 2345 3836 2407 Πιλάτος,
3873 2363 4049 2414 παρα-

2478 2437 2828 2507 μυθήσασθαι
2880 2437 3018 2498 τέως
3077 2439 3172 2490 καὶ
3245 2437 3471 2489 ἐκλῦσαι
3515 2437 3603 2488 τὸν
3653 2437 3821 2505 θυμον
3870 2438 4050 2488 αὐτῶν

2483 2529 2824 2598 βουλόμενος.
2881 2529 3097 2598 Ἐπειδὴ
3131 2529 3239 2597 γάρ
3270 2529 3358 2581 διὰ
3405 2531 3665 2598 ῥημάτων
3698 2530 3796 2580 οὑκ
3829 2529 4050 2597 ἴσχυσεν

2482 2620 2644 2671 αὑτὸν
2699 2618 3012 2683 ἐξελέσθαι,
3059 2620 3332 2688 μαστίζει,
3385 2620 3627 2671 σπεύδων
3677 2619 3805 2687 ᾶχρι
3856 2619 4050 2672 τούτου

2485 2712 2675 2777 στῆσαι
2710 2712 2809 2780 τὴν
2847 2711 3044 2780 μανίαν
3099 2710 3301 2776 αὐτῶν,
3353 2709 3444 2762 καὶ
3491 2711 3587 2774 τὴν
3639 2711 3911 2778 χλαμύδα,
3959 2709 4053 2761 καὶ

2483 2800 2572 2851 τὸν
2625 2802 2888 2868 στέφανον
2947 2804 3222 2869 συγχωρεῖ
3273 2800 3628 2870 περιτεθῆναι
3680 2801 3859 2869 αὐτῷ,
3911 2801 4051 2853 ὥστε

2483 2892 2662 2942 αὐτῶν
2698 2893 2930 2960 χαλάσαι
2964 2894 3060 2960 τὴν
3091 2893 3261 2962 ὀργήν
3283 2909 3296 2920 ⁸
3330 2894 3379 2944 οί
3409 2893 3462 2944 δέ
3502 2894 3827 2961 στρατιῶται
3875 2897 4052 2948 πάντα

2485 2984 2620 3053 πρὸς
2665 2985 2824 3053 χάριν
2868 2984 2975 3034 τῶν
3031 2984 3298 3037 Ἰουδαίων
3345 2987 3692 3055 πράττουσιν.
3741 2987 3894 3038 Ἐπεὶ
3945 2989 4051 3055 γάρ

2484 3078 2724 3145 ἦκουσαν
2757 3076 2850 3127 τοῦ
2884 3076 3117 3129 Πιλάτου
3148 3077 3416 3144 λέγοντος.
3465 3097 3482 3128 t
3519 3078 3622 3130 Τὸν
3675 3078 3896 3146 βασιλέα
3944 3080 4052 3131 τῶν

2498 3168 2763 3221 Ἰουδαίων
2810 3169 3086 3230 ἀπολύσω,
3140 3187 3158 3220 ι
3205 3169 3535 3236 ἐμπαίζουσι
3578 3169 3765 3222 λοιπὸν
3799 3169 3950 3238 αὑτῷ
3980 3170 4054 3233 ώς

2485 3258 2714 3329 βασιλεῖ.
2753 3261 2826 3312 Οὐ
2859 3262 2963 3329 γὰρ
2990 3261 3052 3329 δὴ
3090 3261 3193 3313 ὑπο
3222 3259 3314 3312 τοῦ
3357 3259 3595 3313 Πιλάτου
3623 3264 4050 3331 προτραπέντες,

2483 3352 2700 3402 ἐποίουν
2735 3351 2928 3414 ταῦτα,
2962 3352 3016 3403 οῖ
3040 3368 3102 3419 γε
3136 3352 3230 3403 καὶ
3273 3351 3465 3414 νυκτὸς
3498 3352 3731 3420 ἐπῆλθον
3760 3353 3838 3421 τῷ
3878 3353 4052 3420 Ἰησοῦ

2485 3443 2632 3513 παρα
2671 3442 2897 3512 γνώμην
2929 3443 3024 3495 τοῦ
3054 3443 3341 3512 ἡγεμόνος,
3370 3445 3481 3506 τοῖς
3520 3444 3796 3508 Ἰουδαίοις
3828 3448 4052 3514 χαριζό-

2487 3551 2638 3604 μενοι
2661 3551 2765 3603 χρη
2775 3535 2960 3600 μάτων
2982 3536 3165 3587 ἕνεκα.
3188 3535 3481 3597 Μαλθακὸς
3508 3536 3604 3604 μὲν
3631 3536 3722 3588 οὑν
3745 3538 3773 3587 6
3799 3537 4053 3600 Πιλάτος,

2483 3626 2542 3677 οὑ
2572 3626 2850 3695 κακοήθης
2893 3626 2950 3678 δὲ
2997 3625 3136 3678 κατά
3173 3628 3300 3689 τοὺς
3353 3626 3660 3690 Ἰουδαίους.
3706 3627 3923 3695 Ἐξάγει
3955 3630 4053 3698 μὲν

2484 3717 2592 3786 γάρ
2614 3716 2704 3769 τὸν
2741 3716 2970 3784 Ἰησοῦν,
3007 3717 3196 3770 σδέσαι
3226 3718 3390 3771 πάλιν
3416 3719 3593 3770 αὐτῶν
3619 3721 3710 3770 τὸν
3739 3719 3908 3789 θυμὸν
3931 3721 4055 3789 βου-

2482 3809 2727 3876 λόμενος,
2763 3809 2879 3861 ἀλλ’
2907 3811 3105 3861 ἐκεῖνοι
3140 3810 3259 3861 οὑδὲ
3299 3810 3472 3872 οὑτως
3519 3813 3718 3881 ἥμεροι
3758 3814 4050 3880 γεγόνασι,

2486 3902 2650 3970 βοῶσι
2673 3903 2730 3954 δέ
2749 3918 2764 3932 °
2791 3922 2809 3952 ι
2842 3902 3182 3970 Σταύρωσον,
3211 3903 3519 3972 σταύρωσον
3546 3907 3725 3959 αὑτὸν.
3765 3924 3782 3955 ι
3827 3904 3974 3957 Ἰδὼν
3997 3905 4053 3958 δὲ

2483 3995 2511 4044 ὁ
2541 3992 2770 4055 Πιλάτος
2815 3993 2995 4060 μάτην
3061 3993 3236 4044 πάντα
3284 3994 3562 4062 γινόμενα,
3599 3996 3750 4062 φησί·
3789 4012 3806 4044 ι
3844 3996 4051 4048 Λάϐετε

2485 4083 2645 4137 αὑτὸν
2672 4083 2850 4150 ὑμεῖς,
2878 4086 2972 4135 καὶ
2999 4085 3348 4152 σταυρώσατε
3367 4103 3382 4117 ⁸
3419 4086 3530 4153 ἐγὼ
3556 4088 3662 4156 γάρ
3690 4089 3784 4155 οὑχ
3814 4087 4056 4156 εὑρίσκω

2485 4175 2542 4226 ἐν
2576 4175 2724 4243 αὑτῷ
2762 4175 2958 4227 αἰτίαν.
2997 4195 3014 4226 ι
3067 4177 3216 4227 Ποιεῖ
3257 4178 3314 4228 δὲ
3343 4176 3521 4239 τοῦτο,
3561 4177 3816 4229 συνωθῶν
3857 4179 4056 4240 αὑτοὺς

2486 4268 2566 4330 εἰς
2596 4269 2827 4335 πρᾶγμα
2859 4267 2934 4336 μὴ
2961 4268 3447 4337 συγκεχωρημένον
3474 4269 3681 4330 αὑτοῖς,
3715 4268 3786 4328 ώς
3822 4270 3886 4321 ἂν
3917 4272 4057 4320 ἀπο-

2486 4358 2619 4427 λυθῇ
2657 4361 2684 4410 6
2728 4358 2953 4429 Ἰησοῦς.
3004 4359 3144 4426 Ἐγὼ
3171 4361 3269 4428 μὲν
3308 4360 3438 4430 γάρ,
3469 4363 3652 4428 φησὶν,
3681 4364 3708 4412 ὁ
3735 4362 3873 4429 ἔχων
3905 4362 4056 4424 ἐξου-

2488 4450 2609 4500 σίαν
2639 4450 2973 4518 σταυρῶσαι,
3009 4469 3026 4501 ι
3065 4451 3323 4517 οὐδεμίαν
3354 4454 3531 4504 αἰτίαν
3553 4453 3810 4520 εὑρίσκω·
3852 4471 3868 4502 ι
3901 4454 4056 4513 ὑμεῖς

2491 4539 2547 4590 δὲ
2578 4540 2624 4591 οἱ
2654 4540 2728 4608 μὴ
2762 4542 2975 4606 ἔχοντες
3010 4540 3255 4605 ἐξουσίαν
3290 4542 3578 4610 σταυροῦν,
3624 4543 3758 4609 φατὲ
3802 4543 4057 4594 ὑπαίτιον

2491 4627 2631 4682 εἶναι
2657 4632 2862 4683 τοῦτον.
2894 4649 2910 4680 ι
2946 4632 3150 4683 Λάϐετε
3173 4628 3264 4684 οὖν
3291 4634 3477 4695 αὑτὸν,
3497 4637 3589 4686 καὶ
3621 4636 3994 4704 σταυρώσατε.
4033 4654 4051 4686 ι

2501 4724 2642 4776 Ἀλλ’
2678 4725 2776 4775 οὑκ
2811 4724 2964 4792 ἔχετε
2992 4724 3268 4788 ἐξουσίαν;
3307 4727 3502 4778 οὐκοῦν
3535 4728 3858 4796 ἁπολυθήτω
3889 4731 3918 4780 6
3959 4730 4056 4781 άν-

2489 4814 2725 4884 θρωπος.
2769 4815 3020 4876 Τοιοῦτος
3071 4818 3169 4884 μὲν
3221 4814 3370 4885 οὖνΠὸ
3413 4819 3610 4880 σκοπὸς
3651 4819 3744 4871 τοῦ
3781 4820 4054 4876 Πιλάτου.

2488 4909 2896 4983 ἐπιεικέστερρς
2929 4907 3161 4977 δηλαδὴ,
3200 4909 3259 4960 ού
3295 4909 3402 4977 μὴν
3431 4911 3741 4972 ὲνστατικὸς
3770 4912 3908 4978 ὑπὲρ
3957 4914 4054 4977 τῆς

2488 4998 2767 5066 ἀληθείας.
2806 4999 2871 5051 Ol
2906 4998 2959 5050 δὲ
2993 5000 3086 5049 καὶ
3117 5001 3177 5050 ἐν
3215 5000 3389 5068 τούτῳ
3425 5003 3908 5069 καταισχυνθέντες
3965 5001 4058 5055 λέν

2488 5105 2696 5155 γουσιν,
2748 5090 2830 5140 δτι
2886 5108 2903 5138 ι
2953 5089 3107 5142 Κατὰ
3156 5091 3246 5141 τὸν
3283 5090 3445 5158 νόμον
3487 5091 3644 5158 ἡμῶν
3675 5091 3876 5156 ὀφείλει
3915 5094 4056 5144 άποο

2491 5181 2695 5244 θανεῖν,
2721 5181 2801 5232 ὃτι
2845 5181 2970 5232 ne»
3000 5180 3133 5234 Θεοῦ
3161 5182 3349 5234 ἐαυτὸν
3384 5183 3662 5251 ἐποίησεν.
3703 5201 3720 5233 ι
3771 5184 3911 5250 Ὀρα
3950 5184 4055 5253 τὴν

2487 5273 2689 5325 κακίαν
2736 5272 3066 5340 ἀσύμφωνον
3105 5274 3294 5342 ἑαυτῇ.
3369 5276 3518 5326 Ἀνω
3562 5276 3747 5339 ἔλεγεν
3795 5274 3977 5332 αὐτοῖς
4031 5277 4057 5325 δ

2488 5364 2749 5424 Πιλάτος’
2807 5381 2824 5412 ι
2875 5363 3082 5414 Λάϐετε
3134 5364 3294 5415 αὑτὸν
3354 5364 3544 5434 ὑμεῖς,
3601 5366 3694 5414 καὶ
3759 5365 3898 5414 κατὰ
3960 5364 4054 5415 τὶν

2487 5453 2650 5521 νόμον
2696 5453 2848 5520 ὑμῶν
2899 5453 3157 5521 κρίνατεο
3202 5473 3221 5505 ι
3272 5455 3367 5506 καὶ
3411 5455 3509 5505 οὑκ
3565 5454 3810 5516 ἐδέξαντο
3866 5452 4052 5506 τοῦτο.

2487 5546 2599 5599 Νῦν
2647 5547 2830 5609 πάλιν,
2885 5547 2966 5598 ὅτι
3024 5565 3040 5597 ι
3097 5547 3254 5599 Κατὰ
3303 5548 3393 5598 τὸν
3439 5548 3602 5616 νόμον
3647 5547 3804 5616 ἡμῶν
3848 5546 4058 5614 ὀφείλει

2487 5639 2797 5706 ἀποθανεῖν,
2849 5657 2867 5690 ι
2908 5639 3295 5708 προφέρουσιν.
3336 5641 3505 5703 Ἀνω,
3547 5641 3628 5693 ὅτι
3667 5639 3901 5691 Βασιλέα
3931 5640 4060 5690 ἐαυο

2487 5729 2578 5779 τὸν
2612 5731 2774 5789 ποιεῖ.
2806 5729 3122 5782 ἐνεκάλουν’
3159 5729 3250 5781 νῦν
3281 5731 3489 5782 ἐκείνου
3508 5727 3734 5798 ψευδοῦς
3765 5728 4060 5796 ἐλεγχθέν-

2487 5834 2597 5884 τος,
2647 5837 2665 5869 t
2723 5819 2845 5872 Ὀτι
2881 5820 3006 5872 Υίὺν
3037 5818 3172 5873 Θεοῦ
3212 5821 3404 5874 ἑαυτὸν
3456 5822 3616 5881 ποιεῖ,
3663 5838 3680 5871 ι
3736 5821 4056 5882 ἐγκαλοῦσι.
