4284 6450
784 416 892 478 283

1702 407 2281 470 THEOPHYLACTI
2308 408 2725 472 BULGARLE
2756 406 3119 469 ARCHIEP.

3918 412 4029 468 264

787 538 868 583 tes
895 524 1045 581 :Nou
1070 524 1233 586 hunc,
1260 521 1353 577 sed
1378 519 1701 576 Barabham.
1730 520 1857 573 Erat
1879 530 2057 573 autem
2078 520 2354 576 Barabbas
2383 536 2428 589 Α
2456 541 2479 573 τ

2346 538 2354 575 ἱ
2383 536 2428 589 Α
2456 540 2569 589 τον,
2603 521 2740 576 ἀλλὰ
2768 522 2858 574 τὸν
2887 518 3196 587 Βαραϐϐᾶν.
3229 513 3338 571 Ἦν
3358 516 3414 570 δὲ
3441 518 3467 570 6
3496 515 3785 589 Βαραϐϐᾶς
3808 513 4038 585 λῃστής.

789 620 946 672 latro.
988 616 1138 669 Tunc
1190 629 1318 684 ergo
1372 613 1726 684 apprehendit
1780 610 1985 665 Pilatus
2031 610 2249 677 Jesum,
2306 623 2359 667 et

787 708 1094 779 llagellavit.
1132 705 1195 759 Et
1237 707 1438 760 milites
1468 705 1761 773 plet-tentes
1786 719 2039 759 coronam
2073 707 2139 758 de
2168 706 2357 772 spinis,

791 802 1158 868 imposuerunt
1190 799 1351 866 capiti
1387 796 1522 864 ejus,
1554 805 1608 849 et
1636 803 1786 849 veste
1820 808 2093 864 purpurea
2126 796 2361 850 circum-

792 892 1049 944 dederunt
1090 904 1234 950 eum,
1285 903 1346 940 ac
1391 886 1643 940 dicebant
1672 904 1686 940 :
1721 886 1853 951 Ave,
1882 900 1975 938 rex
2002 885 2308 940 Judreorum
2344 905 2359 941 :

789 993 841 1036 et
866 982 1067 1035 dabant
1101 980 1147 1033 ei
1178 980 1383 1047 alapas.
1424 978 1602 1031 Exivit
1645 980 1839 1032 iterum
1871 977 2072 1032 Pilatus
2110 978 2273 1042 foras,
2308 987 2364 1031 et

792 1074 919 1127 dicit
953 1074 1032 1126 eis
1065 1071 1245 1124 :Ecce
1274 1073 1480 1124 adduco
1506 1070 1657 1123 vobis
1691 1084 1814 1122 eum
1849 1070 2016 1132 foras,
2056 1081 2112 1122 ut
2159 1086 2361 1139 cogno-

793 1165 955 1218 scatis
986 1164 1128 1228 quod
1163 1161 1361 1215 nullam
1413 1161 1465 1214 in
1514 1174 1579 1214 eo
1623 1176 1842 1214 causam
1895 1160 2133 1214 invenio.
2185 1160 2365 1215 Exivit

793 1269 919 1325 ergo
954 1253 1112 1309 Jesus
1146 1254 1291 1307 foras
1313 1264 1530 1324 gestans
1567 1254 1807 1323 spineam
1840 1268 2123 1315 coronam,
2158 1265 2212 1307 et
2238 1270 2363 1323 pur-

792 1363 1017 1416 pureum
1047 1347 1288 1416 pallium,
1314 1355 1367 1398 et
1394 1345 1527 1399 dicit
1551 1347 1631 1400 eis
1659 1362 1673 1397 :
1702 1343 1841 1399 Ecce
1865 1345 2054 1400 homo.
2077 1344 2209 1398 Cum
2236 1358 2363 1414 ergo

796 1440 1058 1494 vidissent
1089 1455 1210 1493 eum
1244 1439 1525 1507 pontiﬁces
1562 1448 1615 1491 et
1656 1438 1887 1491 ministri
1925 1436 2249 1500 clamabant,
2287 1437 2367 1490 di-

796 1540 980 1584 centes
1010 1547 1025 1584 z
1058 1527 1350 1599 Crucilige,
1379 1529 1634 1597 cruciﬁge
1663 1543 1805 1583 eum.
1832 1529 1976 1582 Dicit
2006 1531 2083 1581 eis
2106 1527 2316 1582 Pilatus
2346 1546 2361 1582 :

796 1619 1040 1688 Accipite
1072 1634 1192 1675 eum
1225 1634 1343 1685 vos,
1373 1628 1427 1674 et
1457 1619 1755 1688 cruciﬁgite
1780 1636 1798 1672 ς
1833 1634 1933 1689 ego
1965 1620 2109 1673 enim
2143 1635 2249 1673 non
2283 1620 2365 1673 in.

798 1714 957 1768 venio
1001 1713 1055 1768 in
1099 1729 1165 1768 eo
1193 1728 1433 1767 causam.
1466 1710 1890 1780 Responderunt
1919 1711 1967 1765 ei
2003 1710 2171 1766 Judaei
2205 1730 2217 1765 :
2254 1711 2366 1766 Nos

800 1805 965 1874 legem
997 1806 1279 1868 habemus,
1305 1815 1361 1858 et
1388 1803 1682 1858 secundum
1712 1804 1881 1873 legem
1912 1812 2156 1858 nostram
2206 1804 2365 1858 debet

2463 619 2596 671 Τότε
2636 612 2729 670 οὖν
2758 614 2952 668 ἐλαϐεν
2980 614 3008 666 6
3043 612 3271 673 Πιλᾶτος
3294 610 3387 663 τὸν
3424 610 3636 681 Ἰησοῦν
3672 610 3764 662 καὶ
3811 609 4042 679 ἐμαστί-

2463 726 2628 778 γωσε.
2688 708 2799 762 Καὶ
2840 709 2889 761 οί
2947 706 3279 777 στρατιῶται
3330 702 3624 768 πλέξαντες
3679 702 3940 769 στέφανον
3980 701 4041 767 ἐξ

2458 800 2735 865 ἀκανθῶν,
2789 798 3066 867 ἐπέθηκαν
3098 796 3262 849 αὑτοῦ
3296 798 3361 865 τῇ
3412 794 3648 864 κεφαλῇ,
3683 796 3779 845 καὶ
3821 792 4039 862 ἱμάτιον

2463 890 2779 960 πορφυροῦν
2810 888 3133 956 περιέϐαλον
3175 886 3359 951 αὑτὸν,
3389 887 3482 938 καὶ
3512 886 3720 952 ἔλεγον·
3768 886 3941 955 Χαῖρε
3961 924 3977 948 ,
4012 884 4040 935 6

2466 982 2718 1051 βασιλεὺς
2768 982 2877 1035 τῶν
2923 980 3225 1042 Ἰουδαίων,
3267 979 3362 1031 καί
3426 977 3633 1030 ἐδίδουν
3676 977 3826 1048 αὑτῷ
3870 976 4039 1047 ῥαπί-

2465 1090 2670 1143 σματα.
2718 1072 2974 1141 Ἐξῆλθεν
3005 1068 3097 1125 οὖν
3142 1070 3247 1135 ἔξω
3282 1070 3443 1123 πάλιν
3474 1071 3502 1121 ὀ
3534 1068 3793 1132 Πιλᾶτος,
3827 1072 3920 1121 καὶ
3948 1069 4041 1121 λέ-

2464 1183 2550 1235 γει
2598 1166 2781 1227 αὑτοῖς
2803 1182 2814 1194 ·
2868 1165 2973 1217 Ἴδε
3009 1164 3127 1231 ἄγω
3160 1164 3289 1233 ὑμῖν
3326 1162 3486 1215 αὑτὸν
3534 1160 3669 1225 ἔξω,
3723 1162 3807 1213 ἵνα
3842 1160 4039 1227 γνῶτε,

2458 1257 2545 1310 ὄτι
2575 1258 2631 1309 ὲν
2669 1256 2817 1327 αὑτῷ
2848 1255 3106 1324 οὐδεμίαν
3138 1254 3321 1307 αἰτίαν
3352 1254 3615 1322 εὑρίσκω.
3660 1251 3915 1321 Ἐξῆλθεν
3947 1246 4040 1303 οὖν

2464 1349 2493 1401 6
2533 1348 2741 1417 Ἰησοῦς
2773 1348 2877 1411 ἔξω
2910 1346 3091 1417 φορῶν
3118 1347 3210 1398 τὸν
3236 1345 3525 1400 ἀκάνθινον
3550 1346 3833 1414 στέφανον,
3860 1346 3953 1396 καὶ
3981 1343 4041 1396 τὸ

2466 1440 2780 1510 πορφυροῦν
2813 1440 3041 1509 ἱμάτιον.
3072 1439 3180 1492 Καὶ
3213 1438 3358 1506 λέγει
3388 1439 3571 1500 αὐτοῖς
3593 1455 3609 1469 ·
3637 1436 3743 1491 ’Ἰδε
3770 1439 3798 1489 ὀ
3826 1435 4040 1506 ἄνθρω-

2466 1548 2588 1593 πος.
2626 1532 2754 1583 Ὅτε
2784 1530 2877 1582 οῦν
2911 1525 3051 1582 εἶδον
3079 1528 3242 1583 αὑτὸν
3273 1530 3322 1581 οί
3357 1530 3635 1598 ἀρχιερεῖς
3692 1527 3786 1581 καὶ
3816 1529 3865 1581 οί
3900 1528 4042 1596 ὑπη-

2468 1623 2641 1694 ρέται,
2670 1623 3024 1690 ἐκραύγασαν
3049 1621 3320 1688 λέγοντες
3348 1620 3691 1689 Σταύρωσον,
3728 1618 4042 1690 σταύρωσον

2466 1714 2647 1767 αὑτὸν.
2681 1713 2843 1780 Λέγει
2875 1713 3057 1775 αὑτοῖς
3077 1713 3105 1765 6
3134 1710 3364 1774 Πιλᾶτος
3391 1726 3405 1741 ’
3435 1711 3645 1765 Λάϐετε
3676 1711 3840 1763 αὑτὸν
3860 1710 4039 1781 ὑμεῖς,

2469 1805 2561 1858 καὶ
2597 1802 2978 1875 σταυρώσατε’
3015 1802 3129 1872 ἐγὼ
3161 1806 3271 1873 γὰρ
3299 1802 3395 1871 οὑχ
3426 1802 3664 1873 εὑρίσκω
3690 1806 3747 1855 ἐν
3772 1802 3924 1871 αὑτῷ
3953 1804 4039 1855 ai-

800 1898 957 1959 mori,
993 1896 1120 1965 quia
1157 1894 1355 1951 Filium
1393 1894 1487 1950 Dei
1523 1911 1581 1951 se
1614 1894 1761 1949 fecit.
1812 1913 1835 1946 ι
1886 1894 2023 1951 Vide
2068 1911 2164 1966 per
2203 1910 2363 1964 quam
2401 1900 2440 1954 Β
2467 1912 2492 1947 τ

2348 1912 2363 1948 ι
2401 1900 2440 1954 Β
2467 1896 2609 1950 τίαν.
2656 1896 3059 1966 Ἀπεκρίθησαν
3082 1894 3231 1965 αὑτῷ
3263 1896 3312 1947 οἱ
3355 1896 3615 1948 Ἰουδαῖον
3659 1895 3852 1965 Ἡμεῖς
3877 1895 4040 1964 νόμον

801 1989 967 2043 multa
1032 1997 1369 2044 monstratur
1417 1989 1724 2043 Judazorum
1785 1990 2012 2045 malitia.
2069 1988 2367 2044 Barabbam

800 2080 941 2134 enim
1004 2079 1437 2135 manifestarium
1501 2081 1764 2136 latronem
1816 2092 2025 2151 petunt,
2083 2084 2366 2137 Dominum

800 2186 929 2225 vero
967 2173 1210 2227 tradunt.
1240 2170 1499 2243 Flagellat
1539 2173 1706 2242 igitur
1736 2189 1859 2229 eum
1897 2173 2120 2237 Pilatus,
2158 2184 2214 2228 ut
2240 2189 2371 2229 eou—

802 2262 1005 2318 soletur
1030 2272 1085 2316 et
1116 2263 1325 2329 mitiget
1349 2277 1535 2317 eorum
1562 2263 1826 2318 furorem.
1857 2265 1995 2318 Nam
2035 2267 2160 2333 quia
2196 2267 2372 2320 verbis

804 2369 907 2405 non
959 2354 1134 2421 p0tuit
1164 2368 1285 2407 eum
1316 2354 1527 2424 eripere
1548 2396 1563 2422 ,
1612 2352 1879 2425 ﬂagellat,
1912 2357 2137 2411 studens
2174 2367 2229 2411 et
2260 2358 2373 2425 ipse

803 2444 886 2497 vel
932 2460 1026 2511 per
1058 2445 1161 2499 hoc
1188 2444 1452 2499 insaniam
1487 2461 1673 2501 eorum
1704 2448 1941 2517 placare.
1992 2448 2059 2502 Et
2106 2450 2374 2516 permittit

805 2544 860 2586 ut
890 2536 1132 2607 chlamys
1160 2546 1212 2589 et
1233 2551 1433 2590 corona
1456 2537 1508 2591 ei
1527 2538 2028 2607 circumpouantur,
2047 2555 2157 2609 quo
2186 2555 2372 2595 eorum

808 2624 886 2676 ira
918 2623 1294 2677 exhauriatur.
1347 2622 1510 2696 746
1544 2624 1740 2680 Milites
1769 2642 1899 2683 vero
1927 2629 2106 2682 omnia
2144 2631 2211 2682 ad
2244 2646 2371 2700 gra-

808 2714 937 2767 tiam
983 2711 1294 2768 Judmorutn
1340 2714 1567 2769 faciunt.
1600 2715 1730 2769 Nam
1765 2719 1889 2787 quia
1924 2719 2246 2773 audiverunt
2288 2720 2376 2774 Pi-

806 2803 971 2858 latum
1030 2806 1295 2861 dicentem
1330 2822 1344 2859 :
1384 2824 1402 2857 ι
1443 2804 1642 2878 Regem
1677 2808 1825 2863 illum
1863 2808 2168 2865 Judaeorum
2204 2812 2379 2865 dimit-

812 2909 939 2963 tam,
979 2916 999 2949 ι
1042 2898 1271 2953 irrident
1297 2914 1438 2954 nunc
1463 2914 1585 2955 cum
1615 2912 1676 2955 ut
1719 2917 1924 2971 regem.
1956 2902 2145 2972 Neque
2174 2906 2316 2959 enim
2345 2920 2375 2959 a

814 2989 987 3045 Pilato
1034 2991 1273 3061 instigati
1312 2991 1417 3047 boc
1454 2991 1747 3056 faciebant.
1798 2996 1887 3062 qui
1923 2996 2087 3048 etiam
2129 3008 2185 3050 et
2220 3009 2377 3051 nocte

812 3081 1120 3135 invaserant
1158 3080 1343 3135 Jesum
1380 3090 1579 3153 printer
1619 3086 1944 3138 Sententiam
1976 3088 2243 3154 praesidis,
2284 3102 2378 3156 pe-

810 3171 1090 3227 cuniarum
1119 3174 1287 3240 gratia
1318 3172 1518 3229 Judzcis
1543 3176 1933 3245 gratiﬁcantes.
1957 3174 2208 3232 Placidus
2231 3181 2373 3233 enim

810 3274 928 3318 erat
961 3263 1188 3331 Pilatus,
1220 3276 1275 3319 et
1320 3281 1426 3320 non
1463 3266 1645 3321 elieris
1699 3269 1960 3332 muribus,
1993 3271 2131 3324 sicut
2181 3268 2373 3324 Judaei.

812 3351 981 3407 Porro
1029 3355 1204 3407 educit
1236 3354 1441 3422 Jcsum,
1488 3359 1623 3411 iram
1665 3358 1876 3412 illorum
1908 3361 2250 3430 exstinguere
2282 3376 2377 3416 vo-

812 3450 965 3516 lens;
1002 3451 1097 3505 sed
1128 3451 1204 3505 illi
1238 3466 1409 3522 neque
1454 3455 1533 3509 sic
1562 3455 1915 3510 mansuefacti
1948 3467 2093 3510 sunt.
2130 3458 2377 3512 Clamant

813 3551 990 3595 autem
1025 3558 1038 3594 :
1080 3560 1098 3592 ι
1135 3542 1405 3614 Crucilige
1425 3560 1572 3602 eum.
1608 3564 1628 3597 ι
1664 3546 1797 3601 Cum
1822 3545 2043 3602 vidisset
2075 3558 2255 3602 autem
2282 3547 2377 3604 Pi-

816 3634 956 3687 latus
984 3634 1163 3687 omnia
1192 3633 1306 3690 haec
1329 3636 1530 3692 fruStra
1563 3636 1699 3703 ﬁeri,
1726 3639 1856 3693 dicit
1886 3657 1899 3692 :
1938 3657 1958 3690 ι
1989 3641 2233 3711 Accipite
2256 3657 2375 3697 eum

816 3737 930 3788 vos,
955 3734 1008 3777 ct
1037 3726 1335 3793 cruciligite
1360 3744 1373 3782 :
1405 3743 1505 3796 ego
1525 3728 1666 3782 enim
1694 3745 1800 3784 non
1835 3732 2049 3787 invenio
2075 3732 2128 3786 in
2158 3748 2225 3788 eo
2252 3748 2378 3787 cau-

815 3827 953 3866 sam.
992 3832 1011 3865 ›
1054 3813 1209 3871 Facit
1237 3826 1415 3869 autem
1452 3818 1574 3884 hoc,
1618 3820 1896 3888 impellens
1925 3836 2019 3877 eos
2055 3823 2107 3876 in
2155 3838 2266 3878 rem
2300 3824 2379 3879 eis

815 3918 919 3957 non
952 3918 1292 3973 concessam,
1324 3909 1371 3962 si
1399 3907 1536 3963 forte
1569 3910 1650 3966 sic
1686 3912 2001 3967 absolvatur
2021 3912 2199 3970 Jesus.
2243 3914 2376 3969 Nam

816 4008 915 4061 ego
944 3994 1183 4063 quidem,
1238 3996 1432 4066 inquit,
1470 3999 1559 4066 qui
1606 4000 1777 4054 habeo
1813 4010 2131 4069 potestatem
2163 4006 2380 4061 cruciﬁ-

816 4087 996 4153 gendi,
1033 4105 1050 4136 ι
1083 4088 1283 4141 nullam
1316 4090 1533 4145 invenio
1572 4106 1831 4147 causam:
1871 4113 1890 4147 ι
1937 4111 2030 4152 vos
2060 4108 2236 4153 autem
2270 4115 2377 4154 non

817 4174 1079 4230 habentes
1106 4187 1425 4246 potestatem
1451 4181 1801 4252 cruciﬁgendi
1828 4186 2008 4240 dicitis
2036 4201 2159 4243 eum
2190 4203 2338 4243 reum
2362 4208 2375 4244 :

824 4284 840 4316 ι
877 4267 1120 4336 Accipite
1153 4270 1315 4339 igitur
1333 4286 1478 4336 eum,
1508 4282 1563 4326 et
1593 4274 1931 4345 cruciﬁgite;
1966 4296 1983 4328 ι
2018 4280 2111 4332 sed
2142 4295 2249 4335 non
2284 4280 2380 4334 ha-

820 4358 956 4410 hetis
982 4370 1327 4426 potestatem,
1359 4364 1664 4417 dimittatur
1697 4381 1825 4435 ergo
1858 4370 2016 4424 homo
2043 4370 2150 4426 ille.
2191 4371 2382 4440 Itaque

821 4447 944 4501 talis
979 4449 1195 4517 quidem
1226 4462 1346 4505 erat
1375 4469 1529 4509 meus
1556 4454 1736 4524 Pilati,
1773 4459 1957 4513 mitior
1986 4460 2254 4529 videlicet,
2283 4478 2375 4517 ne—

819 4553 923 4605 que
955 4551 1134 4593 tamen
1179 4542 1440 4596 severiter
1490 4560 1586 4611 pro
1636 4548 1861 4602 veritate
1907 4550 2135 4607 instans.
2186 4555 2259 4609 At
2304 4555 2377 4609 illi

815 4630 978 4684 etiam
1033 4633 1084 4686 in
1129 4633 1232 4687 hoc
1276 4637 1508 4703 confusi,
1561 4637 1748 4693 dicunt
1793 4643 1934 4709 quod
1989 4660 2008 4694 ι
2071 4644 2378 4701 Secundum

819 4729 1056 4775 nostram
1109 4722 1279 4791 legem
1327 4724 1484 4779 debet
1536 4727 1695 4790 mori,
1768 4731 1891 4797 quia
1934 4729 2125 4785 Filium
2180 4733 2269 4787 Dei
2322 4750 2380 4790 se

819 4810 963 4865 fecit.
1018 4831 1036 4863 ι
1088 4812 1223 4869 Vide
1258 4820 1525 4882 quomodo
1582 4818 1785 4871 malitia
1840 4821 1941 4874 sibi
1988 4837 2092 4875 non
2135 4836 2376 4880 constet.

822 4898 995 4966 Supra
1033 4902 1243 4955 dicebat
1276 4906 1355 4956 eis
1385 4902 1588 4959 Pilatus
1619 4922 1631 4958 :
1687 4924 1705 4956 ι
1739 4908 1982 4978 Accipite
2009 4926 2154 4976 eum,
2189 4922 2242 4968 et
2287 4930 2379 4969 se-

820 4992 1054 5045 cundum
1087 5002 1318 5047 vestram
1354 4994 1523 5063 legem
1552 4997 1811 5065 iudicate,
1851 5017 1870 5050 ι
1917 5010 1973 5054 et
1997 5002 2125 5058 illud
2153 5020 2257 5059 nou
2290 5022 2381 5076 ap-

821 5084 1133 5150 probarunt.
1168 5083 1323 5139 Nunc
1364 5088 1558 5142 iterum
1586 5091 1792 5153 dicunt,
1833 5110 1852 5143 ι
1885 5093 2187 5151 Secundum
2211 5097 2379 5165 legem

821 5183 1061 5227 nostram
1104 5176 1259 5230 debet
1296 5178 1452 5232 mori.
1493 5198 1510 5231 ι
1555 5180 1727 5249 Supra
1755 5184 2081 5238 accusabant
2122 5188 2263 5255 quod
2304 5188 2384 5243 fe-

819 5264 984 5320 cisset
1005 5279 1062 5319 se
1091 5281 1290 5334 regem,
1320 5284 1463 5323 nunc
1491 5271 1557 5325 de
1583 5272 1863 5327 mendacio
1897 5277 2189 5346 redarguti,
2220 5292 2381 5332 aecu-

818 5366 939 5409 sant
970 5375 987 5407 ι
1028 5360 1171 5426 quod
1214 5358 1407 5412 Filium
1444 5358 1536 5414 Dei
1572 5376 1629 5414 se
1672 5363 1877 5417 fecerit.
1918 5383 1935 5415 ι
1968 5366 2107 5431 Quid
2144 5370 2243 5423 hoc
2272 5370 2380 5423 cri-

820 5446 950 5498 mini
976 5448 1234 5500 vertitur?
1272 5449 1325 5500 Si
1362 5463 1522 5517 opera
1555 5451 1647 5503 Dei
1689 5452 1840 5516 facit,
1882 5452 2077 5508 Filium
2121 5454 2215 5509 Dei
2261 5471 2381 5513 esse

817 5537 945 5608 quid
974 5538 1253 5606 prohibet?
1283 5538 1411 5594 Vide
1436 5551 1618 5596 autem
1645 5544 1879 5597 divinam
1903 5547 2378 5615 dispensationem,

819 5632 1087 5697 quomodo
1115 5632 1187 5685 illi
1211 5634 1423 5700 quidem
1455 5636 1519 5688 ad
1545 5635 1741 5690 multos
1764 5636 1975 5704 judiccs
1999 5640 2247 5694 duxerint
2276 5641 2380 5695 Do-

824 5720 1045 5786 minum,
1083 5733 1140 5775 ut
1188 5722 1518 5778 inlamareut
1548 5735 1601 5780 et
1633 5730 2062 5784 contaminarent
2108 5731 2225 5799 ejus
2264 5732 2379 5801 glo-

822 5814 976 5877 riam,
1031 5815 1123 5869 sed
1166 5816 1491 5873 contumelia
1533 5818 1585 5873 in
1634 5828 1791 5891 caput
1829 5821 2065 5892 ipsorum
2098 5824 2377 5881 reciderit.

2470 1987 2687 2057 ἔχομεν,
2725 1988 2817 2040 καὶ
2844 1986 2986 2039 κατὰ
3009 1986 3101 2040 τὸν
3124 1986 3286 2057 νόμον
3315 1986 3469 2056 ἡμῶν
3498 1985 3703 2054 ὀφείλει
3728 1985 4039 2047 ἀποθανεῖν,

2471 2084 2553 2135 ὅτι
2588 2081 2779 2134 ἑαυτὸν
2811 2079 2945 2132 Θεοῦ
2978 2078 3107 2132 Υίδν
3137 2078 3412 2148 ἐποίησεν.
3450 2096 3467 2129 ι
3500 2079 3646 2149 Ὅρα
3676 2077 3766 2131 διά
3798 2079 3979 2131 πόσων
4007 2079 4040 2146 ὴ

2472 2170 2641 2223 κακία
2676 2170 2786 2222 τῶν
2830 2168 3101 2222 Ἰουδαίων
3130 2170 3426 2223 δείκνυται.
3462 2170 3567 2222 Τὸν
3600 2169 3707 2240 γὰρ
3751 2168 4042 2240 Βαραϐϐᾶν

2470 2263 2922 2335 ὁμολογουμένως
2950 2260 3155 2334 λῃστὴν
3196 2260 3559 2327 ἐξαιτοῦνται,
3607 2262 3695 2313 τὸν
3729 2261 3785 2313 δὲ
3836 2263 4041 2331 Κύριον

2473 2354 2850 2424 παραδιδόασι.
2894 2354 3170 2421 Μαστιγοῖ
3198 2349 3291 2406 οῦν
3327 2353 3491 2406 αὑτὸν
3521 2354 3548 2406 6
3581 2351 3831 2416 Πιλᾶτος,
3865 2369 4042 2423 παρα-

2470 2444 2820 2516 μυθήσασθαι
2872 2444 3010 2508 τέως
3069 2445 3165 2498 καὶ
3238 2444 3465 2498 ἐκλῦσαι
3508 2443 3598 2497 τὸν
3648 2444 3817 2513 θυμὸν
3863 2444 4043 2497 αὐτῶν

2476 2537 2817 2607 βουλόμενος.
2874 2536 3091 2607 Ἐπειδὴ
3123 2536 3233 2606 γὰρ
3263 2536 3352 2590 διὰ
3398 2538 3660 2607 ῥημάτων
3692 2537 3793 2589 οὑκ
3824 2536 4045 2606 ἴσχυσεν

2474 2627 2637 2680 αὑτὸν
2691 2625 3005 2692 ἐξελέσθαι,
3052 2627 3326 2697 μαστίζει,
3378 2626 3622 2679 σπεύδων
3672 2626 3801 2696 ἄχρι
3850 2626 4043 2680 τούτου

2478 2719 2668 2787 στῆσαι
2703 2719 2803 2789 τὴν
2840 2718 3038 2789 μανίαν
3091 2717 3295 2785 αὑτῶν,
3346 2717 3439 2770 καὶ
3483 2718 3581 2783 τὴν
3633 2718 3904 2787 χλαμύδα,
3950 2716 4048 2769 καὶ

2476 2808 2566 2861 τὸν
2618 2809 2881 2877 στέφανον
2940 2811 3217 2878 συγχωρεῖ
3264 2808 3623 2879 περιτεθῆναι
3674 2808 3853 2878 αὐτῷ,
3903 2808 4045 2861 ὥστε

2477 2899 2656 2952 αὑτῶν
2690 2900 2923 2969 χαλάσαι
2956 2900 3053 2969 τὴν
3084 2900 3255 2970 ὀργήν
3277 2916 3289 2929 ·
3323 2901 3373 2953 οἱ
3403 2900 3459 2952 δὲ
3495 2901 3823 2970 στρατιῶται
3868 2904 4047 2956 πάντα

2478 2991 2615 3062 πρὸς
2657 2991 2817 3061 χάριν
2861 2990 2969 3043 τῶν
3023 2990 3292 3045 Ἰουδαίων
3338 2993 3688 3063 πράττουσιν.
3736 2994 3889 3046 Ἐπεὶ
3937 2995 4045 3063 γὰρ

2477 3084 2717 3154 ἥκουσαν
2749 3083 2844 3135 τοῦ
2876 3083 3111 3137 Πιλάτου
3141 3084 3411 3152 λέγοντος.
3460 3103 3477 3136 ι
3512 3085 3618 3138 Τὸν
3669 3084 3891 3155 βασιλέα
3936 3086 4046 3139 τῶν

2492 3175 2757 3229 Ἰουδαίων
2803 3175 3080 3238 ἀπολύσω,
3134 3193 3152 3228 ι
3198 3175 3530 3244 ὲμπαίζουσι
3574 3176 3760 3230 λοιπὸν
3794 3176 3942 3247 αὑτῷ
3972 3176 4049 3240 ὡς

2479 3265 2708 3337 βασιλεῖ.
2746 3268 2819 3321 Οὑ
2850 3269 2957 3336 γὰρ
2984 3268 3047 3337 δὴ
3084 3268 3187 3321 ὑπὸ
3215 3266 3309 3320 τοῦ
3351 3266 3591 3324 Πιλᾶτού
3617 3270 4045 3340 προτραπέντες,

2476 3359 2695 3411 ἐποίουν
2728 3358 2921 3423 ταῦτα,
2955 3359 3010 3411 οἵ
3033 3375 3097 3427 γε
3130 3358 3225 3412 καὶ
3266 3358 3461 3422 νυκτὸς
3493 3359 3727 3429 ἐπῆλθον
3754 3360 3833 3430 τῷ
3871 3360 4047 3429 Ἰησοῦ

2477 3450 2627 3521 παρὰ
2664 3449 2890 3520 γνώμην
2923 3451 3019 3503 τοῦ
3048 3450 3336 3521 ἡγεμόνος,
3364 3451 3477 3515 τοῖς
3515 3451 3792 3516 Ἰουδαίοις
3823 3455 4046 3523 χαριζό-

2481 3558 2633 3612 μενοι
2655 3542 2954 3611 χρημάτων
2976 3542 3160 3595 ἕνεκα.
3182 3542 3477 3606 Μαλθακὸς
3503 3543 3601 3612 μὲν
3628 3543 3718 3596 οὑν
3740 3545 3769 3596 6
3795 3544 4047 3609 Πιλᾶτος,

2476 3633 2537 3686 οὑ
2566 3632 2845 3703 κακοήθης
2886 3633 2945 3686 δὲ
2990 3632 3131 3686 κατὰ
3167 3635 3296 3697 τοὺς
3347 3634 3656 3698 Ἰουδαίους.
3702 3634 3917 3703 Ἐξάγει
3948 3636 4047 3706 μὲν

2478 3724 2587 3795 γὰρ
2608 3723 2699 3778 τὸν
2735 3723 2965 3793 Ἰησοῦν,
3000 3724 3191 3778 σϐέσαι
3221 3725 3386 3779 πάλιν
3411 3727 3589 3779 αὑτῶν
3615 3727 3707 3779 τὸν
3735 3726 3904 3797 θυμὸν
3924 3728 4049 3797 βου-

2476 3816 2722 3886 λόμενος,
2758 3816 2874 3870 ἀλλ’
2901 3818 3100 3870 ἐκεῖνοι
3134 3818 3255 3871 οὑδὲ
3293 3817 3468 3880 οὑτως
3514 3820 3714 3889 ἣμεροι
3752 3820 4044 3888 γεγόνασι,

2480 3909 2646 3979 βοῶσι
2668 3910 2725 3962 δέ
2744 3926 2759 3940 ·
2785 3929 2804 3961 ‹
2836 3910 3178 3979 Σταύρωσον,
3206 3910 3516 3981 σταύρωσον
3541 3913 3722 3967 αὑτόν.
3761 3931 3779 3964 ι
3822 3911 3967 3965 Ἰδὼν
3988 3912 4047 3965 δὲ

2478 4002 2506 4053 6
2535 4000 2765 4064 Πιλᾶτος
2809 4000 2990 4070 μάτην
3055 4000 3233 4054 πάντα
3279 4002 3557 4071 γινόμενα,
3594 4003 3746 4071 φησί·
3785 4020 3803 4053 ι
3838 4003 4045 4056 Λάϐετε

2479 4090 2640 4147 αὑτὸν
2666 4091 2845 4160 ὑμεῖς,
2872 4093 2967 4144 καὶ
2993 4092 3343 4161 σταυρώσατε
3363 4110 3378 4126 ο
3414 4094 3525 4162 ἐγὼ
3551 4095 3659 4164 γὰρ
3685 4096 3781 4163 οὑχ
3808 4094 4049 4164 εὑρίσκω

2478 4184 2537 4236 ἐν
2571 4182 2719 4252 αὑτῷ
2756 4182 2953 4237 αἰτίαν.
2992 4202 3010 4235 ι
3062 4185 3212 4236 Ποιεῖ
3252 4185 3309 4237 δὲ
3338 4184 3517 4249 τοῦτο,
3556 4184 3811 4238 συνωθῶν
3850 4185 4050 4249 αὑτοὺς

2481 4276 2562 4341 εἰς
2590 4277 2823 4344 πρᾶγμα
2854 4274 2929 4345 μὴ
2955 4275 3444 4346 συγκεχωρημένον
3469 4277 3677 4339 αὐτοῖς,
3711 4276 3784 4337 ὡς
3816 4277 3881 4330 ἂν
3910 4279 4049 4329 ἀπο-

2481 4367 2615 4437 λυθῇ
2651 4368 2680 4419 6
2722 4366 2949 4438 Ἰησοῦς.
2999 4367 3141 4435 Ἐγὼ
3166 4369 3265 4437 μὲν
3303 4368 3435 4438 γὰρ,
3464 4370 3648 4438 φησὶν,
3677 4372 3705 4421 6
3730 4369 3868 4438 ἔχων
3898 4370 4049 4432 ἐξουο

2483 4458 2604 4510 σίαν
2633 4458 2968 4527 σταυρῶσαι,
3003 4477 3022 4510 ι
3061 4458 3319 4526 οὐδεμίαν
3350 4460 3528 4513 αἰτίαν
3549 4460 3807 4529 εὑρίσκω*
3846 4478 3863 4510 ι
3894 4460 4048 4521 ὑμεῖς

2486 4547 2543 4600 δὲ
2574 4548 2620 4600 οἱ
2649 4548 2724 4617 μὴ
2756 4549 2972 4616 ἔχοντες
3005 4548 3251 4614 ἐξουσίαν
3285 4549 3574 4619 σταυροῦν,
3620 4550 3755 4618 φατὲ
3798 4550 4049 4602 ὑπαίτιον

2486 4636 2627 4692 εἶναι
2651 4640 2858 4692 τοῦτον.
2889 4657 2906 4690 ι
2940 4640 3147 4692 Λάϐετε
3168 4636 3261 4693 οὖν
3287 4641 3474 4704 αὑτὸν,
3494 4644 3585 4695 καὶ
3617 4643 3989 4713 σταυρώσατε.
4022 4660 4042 4693 ι

2497 4731 2638 4784 Ἀλλ’
2673 4733 2773 4784 οὑκ
2806 4732 2960 4801 ἔχετε
2988 4732 3265 4798 ὲξουσίανς
3303 4734 3499 4787 οὑκοῦν
3531 4736 3854 4805 ἀπολυθήτω
3884 4738 3912 4788 6
3952 4736 4048 4789 ἄν·

2484 4822 2721 4893 θρωπος.
2764 4823 3017 4884 Τοιοῦτος
3067 4826 3166 4894 μὲν
3216 4823 3368 4894 οὖνσὸ
3408 4827 3607 4889 σκοπὸς
3646 4826 3741 4880 τοῦ
3777 4828 4044 4886 Πιλάτου,

2484 4916 2892 4992 ἑπιεικὲστερρς
2924 4916 3124 4986 δηλαδὴ
3145 4956 3158 4980 ,
3196 4917 3256 4969 οὑ
3291 4917 3399 4986 μὴν
3427 4919 3738 4981 ὲνστατικὸς
3766 4919 3902 4988 ὑπὲρ
3950 4921 4044 4986 τῆς

2484 5006 2763 5075 ἀληθείας.
2801 5007 2867 5061 Ol
2902 5006 2956 5059 δὲ
2989 5008 3082 5059 καὶ
3113 5009 3173 5060 ὲν
3211 5008 3387 5077 τούτῳ
3421 5010 3903 5078 καταισχυνθέντες
3959 5008 4047 5063 λέ-

2484 5114 2692 5165 γουσιν,
2744 5098 2827 5150 ὅτι
2882 5115 2899 5147 ι
2948 5098 3103 5152 Κατὰ
3152 5098 3242 5150 τὸν
3279 5098 3442 5168 νόμον
3484 5099 3641 5167 ὴμῶν
3671 5098 3873 5166 ὀφείλει
3910 5102 4045 5153 ἀπο.

2487 5189 2692 5253 θανεῖν,
2716 5189 2797 5242 ὃτι
2840 5189 2967 5242 Υίδν
2996 5188 3130 5244 Θεοῦ
3157 5190 3347 5243 ἑαυτὸν
3381 5190 3659 5260 ἐποίησεν.
3699 5209 3717 5242 ι
3766 5192 3907 5260 Ὅρα
3944 5191 4043 5261 τὴν

2483 5282 2686 5335 κακίαν
2732 5280 3062 5350 ἀσύμφωνον
3102 5283 3291 5352 ἑαυτῇ.
3366 5284 3515 5335 Ἀνω
3559 5283 3744 5348 ἔλεγεν
3791 5283 3972 5341 αὐτοῖς
4019 5283 4045 5332 ὁ

2484 5372 2746 5433 Πιλᾶτος·
2804 5390 2822 5422 ι
2872 5372 3080 5424 Λάϐετε
3130 5373 3292 5424 αὑτὸν
3350 5372 3541 5443 ὑμεῖς,
3598 5374 3692 5423 καὶ
3755 5373 3894 5423 κατα
3954 5370 4043 5423 τὸν

2484 5461 2647 5536 νομον
2692 5461 2845 5530 ὑμῶν
2896 5462 3154 5531 κρίνατε·
3199 5480 3218 5514 ι
3268 5463 3365 5515 καὶ
3408 5463 3506 5515 οὑκ
3562 5462 3807 5525 ἐδέξαντο
3862 5460 4041 5515 τοῦτο.

2484 5555 2597 5609 Νῦν
2644 5555 2827 5619 πάλιν,
2881 5556 2963 5607 ὃτι
3020 5574 3038 5607 ι
3094 5556 3252 5608 Κατὰ
3300 5557 3390 5608 τὸν
3436 5556 3600 5626 νόμον
3644 5556 3802 5626 ἡμῶν
3844 5554 4047 5623 ὀφείλει

2483 5648 2795 5715 ἀποθανεῖν,
2846 5666 2865 5699 ι
2904 5648 3293 5719 προφέρουσιν.
3333 5650 3503 5713 Ἀνω,
3543 5649 3627 5702 ὅτι
3665 5647 3897 5701 Βασιλέα
3924 5648 4048 5698 tau.

2484 5739 2576 5789 τὸν
2608 5740 2772 5799 ποιεῖ.
2803 5738 3119 5792 ἐνεκάλουν·
3155 5738 3248 5791 νῦν
3278 5740 3487 5791 ἐκείνου
3505 5736 3733 5807 ψευδοῦς
3763 5735 4048 5805 ἐλεγχθέν-

2484 5844 2595 5894 τος,
2644 5846 2663 5880 ι
2720 5829 2843 5883 Ὅτι
2878 5829 3004 5883 Υίὺν
3034 5827 3170 5884 Θεοῦ
3209 5830 3403 5885 ἑαυτὸν
3453 5831 3615 5890 ποιεῖ,
3660 5847 3678 5881 ι
3733 5828 4045 5892 ἐγκαλοῦσι.
