4284 6450
723 390 825 450 ΞϋἸ

1647 385 1952 445 ΤΠΕΟΡΗ
1964 384 2224 444 YLACTI
2262 385 2673 446 BULGARIIE
2715 385 3071 447 ARCHIEP.

3866 381 3976 445 268

713 502 957 554 audisset
1005 499 1145 550 hunc
1183 509 1530 559 sermonem,
1579 496 1831 563 produxit
1883 496 2028 551 foras
2087 496 2295 561 .lesuni,
2325 494 2405 565 ΑΞ

2286 539 2295 561 ,
2325 509 2371 565 Α
2400 494 2559 557 λάτος
2598 494 2835 558 ἀκούσας
2886 495 3077 547 τοῦτον
3122 493 3213 547 τὸν
3255 493 3446 563 λόγον,
3484 494 3692 565 ἤγαγεν
3739 493 3845 560 ἔξω
3884 495 3978 548 τὸν

715 594 964 661 seditque
998 603 1093 658 pro
1120 587 1370 641 tribunali
1406 588 1458 640 in
1490 585 1607 641 loco
1637 589 1727 656 qui
1767 588 1965 641 dicitur
1995 589 2295 644 LilltOslt‘O-

720 696 822 744 tos,
857 682 1110 734 hebraice
1162 688 1345 732 autem
1392 676 1698 732 Gabbalha.
1754 679 1877 731 Erat
1920 689 2098 734 autem
2138 697 2295 747 para-

717 789 877 829 sceve
914 770 1157 835 Paschm,
1211 770 1344 823 hora
1388 767 1560 823 ferme
1595 778 1770 821 sexta.
1812 786 1831 820 ι
1864 769 2156 839 Postquam
2191 771 2295 822 ὓ.»-

718 865 899 919 minus
928 861 1248 933 perstrinxit
1295 858 1529 913 Pilatum
1558 874 1652 925 per
1681 860 1866 923 verba,
1910 869 1964 913 et
1991 863 2296 915 excusatio-

719 973 844 1013 nrtn
880 958 995 1010 sive
1024 950 1389 1007 defensionem
1417 950 1687 1015 adhibuit,
1713 952 1855 1020 quod
1888 950 2002 1007 Nisi
2051 954 2298 1007 volunta-

719 1052 833 1104 rius
853 1062 955 1118 ego
990 1046 1254 1114 meipsum
1288 1045 1493 1110 darem,
1521 1052 1575 1097 et
1606 1044 1767 1099 Pater
1815 1050 2162 1111 concederet,
2191 1064 2295 1103 non

720 1143 951 1197 haberes
981 1147 1303 1210 potestatem
1338 1147 1530 1192 contra
1584 1152 1690 1199 me,
1732 1146 1785 1192 et
1822 1138 1965 1206 quod
2014 1151 2296 1208 peccatum

717 1234 920 1289 habeas
944 1242 999 1287 et
1030 1243 1104 1295 tu,
1143 1240 1197 1286 et
1226 1228 1396 1285 ludas
1431 1241 1608 1285 tamen
1645 1232 1841 1299 majus,
1868 1231 1958 1299 qui
2001 1247 2086 1285 me
2131 1231 2300 1285 tradi-

719 1329 821 1391 dit,
885 1327 968 1379 vel
1009 1327 1173 1379 etiam
1227 1324 1487 1394 pupulas,
1514 1340 1578 1377 eo
1607 1326 1750 1390 quod
1784 1340 1802 1373 ι
1842 1321 2017 1393 Super
2055 1324 2296 1377 dolorem

721 1421 1005 1472 vulnerum
1038 1431 1277 1470 meorum
1307 1414 1510 1467 addidit
1543 1415 1585 1479 ³,
1629 1423 1682 1468 et
1723 1430 1829 1467 non
1861 1425 1942 1468 est
1986 1415 2299 1468 recordatus

721 1513 959 1566 ntfaciat
987 1508 1415 1564 misericordiam
1450 1507 1490 1575 ³,
1525 1526 1543 1558 ι
1579 1506 1672 1561 sed
1703 1523 1823 1562 enm
1877 1506 2170 1561 invenisset
2216 1522 2300 1560 me

718 1601 1021 1673 patrocinio
1058 1610 1111 1653 et
1140 1600 1414 1670 adjutorio
1462 1598 1803 1662 destitutum,
1854 1597 2001 1650 crnci
2054 1597 2295 1660 tradidit,

718 1707 772 1750 et
800 1706 974 1765 neque
1009 1694 1134 1747 talia
1156 1693 1362 1762 judicia
1399 1692 1449 1745 in
1477 1690 1673 1759 quibus
1710 1688 1964 1743 innoxius
1994 1688 2300 1742 declaratus

718 1806 859 1853 sum,
905 1804 1027 1842 eum
1084 1787 1388 1857 placarunt,
1442 1786 1536 1837 sed
1595 1782 1903 1847 elauubat,
1938 1800 1957 1833 ι
2005 1781 2296 1849 Crueilige,

2412 585 2642 654 Ἰησοῦν,
2670 589 2771 639 καὶ
2796 586 3045 638 ἐκάθισεν
3079 585 3171 638 ἐπὶ
3193 585 3287 638 τοῦ
3322 585 3561 655 βήματος
3584 586 3663 648 εἰς
3696 586 3861 638 τόπον
3888 586 3979 638 λε-

2399 678 2630 747 γόμενον
2648 677 3048 746 Λιθόστρωτον,
3101 679 3381 749 Ἐϐραϊστὶ
3414 679 3471 732 δὲ
3498 678 3771 732 Γαϐϐαθά.
3795 675 3903 732 Ἦν
3921 679 3982 731 δὲ

2401 770 2723 840 παρασκευὴ
2747 770 2839 822 τοῦ
2864 770 3076 840 Πάσχα,
3102 770 3220 839 ὥρα
3252 771 3309 822 δέ
3340 770 3470 823 ὡσεὶ
3499 772 3654 837 ἓκτη.
3695 788 3712 821 i
3761 770 3981 838 Ἐπειδὴ

2400 861 2705 929 κατέπληξε
2742 862 2831 915 τὸν
2884 863 3155 915 Πιλάτονό
3187 862 3389 933 Κύριος
3419 862 3506 916 διὰ
3543 864 3654 915 τῶν
3690 864 3978 933 ῥημάτων,

2398 948 2494 1001 καὶ
2528 951 2672 1018 σσφῆ
2702 951 3005 1020 παρέσχετο
3028 952 3127 1021 τὴν
3165 953 3464 1020 ἀπολογίαν
3484 995 3499 1019 ,
3534 954 3615 1005 ὅτι
3647 954 3707 1005 Εἰ
3741 954 3815 1024 μὴ
3838 952 3983 1006 ἑκὼν

2399 1037 2509 1105 ἐγὼ
2535 1040 2771 1110 ἐμαυτὸν
2808 1042 3033 1103 ἐδίδουν,
3088 1044 3182 1095 καὶ
3211 1046 3239 1096 ὁ
3287 1044 3477 1113 Πατὴρ
3506 1046 3804 1113 συνεχώρει
3824 1084 3839 1107 ,
3880 1045 3983 1098 οὐκ

2400 1127 2544 1203 εἶχες
2575 1134 2824 1197 ἐξουσίαν
2856 1135 2979 1188 κατ’
3006 1136 3165 1204 ἐμοῦ,
3194 1138 3287 1189 καὶ
3319 1137 3400 1189 ὅτι
3425 1138 3703 1208 ἁμαρτίαν
3721 1139 3865 1208 ἔχεις
3890 1141 3985 1191 καὶ

2401 1225 2489 1288 σὺ,
2531 1227 2626 1277 καὶ
2661 1227 2885 1295 μείζονα
2933 1228 3136 1292 Ἰούδας
3176 1232 3205 1283 ό
3249 1231 3579 1302 παραδιδούς
3614 1250 3681 1302 με
3705 1274 3722 1298 ,
3755 1234 3788 1303 ἢ
3835 1234 3928 1285 καὶ
3955 1236 3987 1286 ὁ

2400 1315 2547 1380 λαὸς,
2572 1316 2704 1368 διότι
2726 1336 2743 1367 ι
2786 1317 2909 1369 Ἐπὶ
2934 1318 2991 1370 τὸ
3011 1319 3175 1385 ἄλγος
3191 1321 3299 1372 τῶν
3328 1322 3660 1390 τραυμάτων
3684 1340 3785 1391 μου
3810 1340 3983 1391 προσ-

2401 1406 2587 1477 ἐθηκε,
2619 1409 2712 1461 καὶ
2755 1411 2856 1462 οὐκ
2882 1410 3126 1480 ἐμνήσθη
3156 1411 3381 1473 ποιῆσαι
3411 1413 3576 1477 ἕλεος,
3604 1433 3622 1464 ι
3664 1414 3777 1468 ἀλλ’
3804 1417 3987 1485 εὑρών

2405 1514 2470 1566 με
2496 1500 2907 1569 ὰσυνηγόρητον
2948 1502 3044 1553 καὶ
3068 1502 3396 1574 ἀϐοήθητον,
3430 1507 3650 1575 σταυρῷ
3674 1509 3983 1577 παρέδωκε,

2403 1592 2498 1643 καὶ
2528 1592 2646 1644 οὐδὲ
2674 1594 2907 1646 τοσαῦτα
2939 1597 3288 1666 δικαστήρια,
3326 1598 3385 1663 ἐξ
3408 1592 3484 1651 ὧν
3513 1601 3805 1666 ἁνεύθυνις
3834 1602 3985 1672 ἐξῆλ-

2403 1682 2515 1747 θον,
2541 1684 2993 1757 κατεδυσωπήθη,
3023 1688 3136 1740 ἀλλ’
3161 1689 3313 1756 ἐϐόα,
3360 1709 3378 1741 ι
3411 1692 3734 1763 Σταύρωσον
3760 1736 3773 1758 ,
3817 1695 3983 1748 σταύ-

2406 1792 2579 1844 ρωσον
2606 1790 2619 1804 ’
2657 1795 2675 1826 ι
2719 1779 2840 1829 ἐπεὶ
2865 1777 2958 1831 οὖν
2984 1779 3157 1832 ταῦτα
3189 1782 3358 1834 εἰπὼν
3388 1784 3417 1835 ό
3442 1785 3646 1854 Κύριος
3674 1788 3984 1857 κατέπληξε

716 1881 973 1949 crncilige
1005 1896 1017 1932 :
1056 1897 1072 1930 ι
1109 1892 1232 1930 cum
1272 1878 1357 1939 iis,
1388 1878 1633 1943 inquam,
1669 1876 1825 1927 dictis
1868 1874 2128 1927 Dominus
2172 1889 2287 1941 per-
2329 1866 2408 1923 B'

2329 1866 2373 1923 Β
2402 1866 2490 1918 τὸν
2532 1866 2782 1929 Πιλάτον,
2822 1887 2839 1919 ι
2873 1871 3055 1939 ἐζήτει
3082 1873 3145 1923 ἐκ
3165 1872 3356 1925 τούτου
3381 1893 3400 1926 ι
3435 1875 3638 1944 μᾶλλον
3670 1895 3686 1927 ι
3713 1879 3984 1932 ἀπολῦσαι

717 1973 1029 2027 strinxisset
1064 1970 1318 2031 Pilatum,
1347 1987 1387 2019 .‹
1424 1969 1699 2035 quaerebat
1725 1981 1789 2019 ex
1822 1966 1923 2019 hoc
1961 1983 1981 2016 ›
2021 1964 2111 2017 ille
2133 1965 2302 2033 magis

726 2086 745 2117 ι
781 2064 1054 2119 dimittere
1100 2078 1245 2117 cum.
1281 2081 1298 2113 ι
1334 2058 1502 2115 ,Ιυύαξὶ
1546 2069 1723 2111 autem
1760 2073 1880 2111 cum
1915 2057 2087 2127 ipsum
2142 2072 2300 2112 accu-

718 2167 932 2211 sassenl
971 2156 1119 2224 quod
1145 2153 1309 2205 Deum
1344 2170 1401 2207 se
1435 2155 1633 2207 laceret
1656 2191 1669 2215 ,
1711 2150 1875 2221 748
1902 2166 1965 2204 ac
1994 2150 2165 2218 legem
2202 2151 2304 2204 ob-

714 2250 997 2318 jecisscnt,
1020 2263 1077 2300 se
1109 2245 1281 2299 refelli
1318 2244 1577 2313 putabant
1637 2245 1722 2314 (ex
1758 2246 1859 2297 hoc
1889 2241 2093 2297 Pilatus
2134 2243 2305 2311 magis

724 2341 921 2405 tirnuil,
941 2350 995 2393 et
1028 2338 1484 2391 voluitdimittere
1507 2352 1654 2401 cum,
1676 2352 1742 2390 ne
1775 2335 1913 2390 forte
1944 2334 2112 2388 Deum
2138 2334 2308 2389 oiIen-

727 2433 923 2499 deret),
961 2431 1159 2484 iterum
1207 2430 1523 2499 confugiunt
1560 2431 1624 2481 ad
1674 2440 1928 2482 externas
1962 2427 2128 2493 leges,
2161 2437 2210 2480 et
2250 2434 2307 2480 ut

726 2524 1102 2579 meticulosum
1160 2531 1363 2576 terrent
1418 2521 1667 2574 Pilatum.
1708 2522 1838 2573 Nam
1892 2522 2021 2588 quia
2063 2521 2307 2573 viderant

723 2632 846 2670 enm
871 2616 1069 2683 pietate
1097 2614 1328 2676 moveri,
1364 2627 1431 2666 ne
1463 2610 1654 2665 Filium
1678 2610 1769 2665 Dei
1802 2611 2096 2666 occidendo
2119 2609 2307 2665 Jesum

726 2710 930 2770 peccet,
963 2713 1163 2756 metum
1198 2699 1429 2755 Cat-saris
1453 2701 1746 2766 incutiunt,
1772 2710 1827 2754 et
1853 2710 2172 2755 accusantes
2205 2699 2307 2753 Du-

725 2796 932 2850 minum
976 2797 1041 2849 de
1065 2792 1371 2865 tyrannide,
1409 2792 1637 2846 Pilatum
1676 2793 1846 2862 magis
1893 2803 2098 2847 terrent
2152 2790 2305 2862 quasi

726 2886 1062 2941 ollensurum
1087 2888 1381 2949 Caesarem,
1411 2884 1455 2938 si
1492 2882 1748 2937 rebellem
1777 2883 1928 2937 illum
1965 2882 2223 2936 dimittat.
2248 2883 2310 2935 Et

729 2979 821 3033 ubi
854 2976 941 3033 ille
963 2978 1016 3032 in
1036 2978 1329 3049 tyrannide
1359 2976 1773 3044 deprehensus?
1811 2973 1965 3029 Unde
1996 2986 2174 3028 autem
2206 2975 2311 3028 hoc

727 3070 1058 3126 ostendetis?
1090 3086 1215 3123 num
1240 3085 1267 3120 a
1304 3066 1574 3137 purpura?
1602 3083 1725 3120 nunt
1747 3080 1779 3118 a
1812 3064 2151 3119 diademate?
2181 3081 2307 3118 num

730 3182 759 3216 a
806 3164 1128 3217 militaribus
1180 3161 1396 3231 signis?
1442 3174 1619 3214 nonne
1664 3159 1845 3212 omnia
1886 3173 2007 3229 quae
2056 3158 2307 3223 habebat,

2406 1958 2588 2013 αὺτὸν.
2627 1978 2646 2013 ι
2693 1960 2934 2013 Ἰουδαῖοι
2962 1963 3019 2014 δὲ
3042 2004 3055 2026 ,
3090 1964 3216 2016 ἐπεὶ
3246 1965 3321 2027 ὡς
3339 1966 3471 2019 Θεὸν
3507 1968 3761 2021 ποιοῦντα
3792 1972 3987 2024 ἐαυτὸν

2405 2050 2800 2118 διαϐάλλοντες,
2863 2058 2955 2107 καὶ
2993 2055 3085 2108 τὸν
3124 2057 3288 2133 νόμον
3322 2063 3779 2129 προσενεγκὸνεες
3822 2064 3987 2133 ὴλέγ-

2408 2143 2617 2216 χθησαν
2645 2147 2693 2215 (ὁ
2728 2147 2836 2216 γὰρ
2867 2148 3118 2211 Πιλάτος,
3142 2130 3217 2203 ἐκ
3260 2152 3453 2205 τούτου
3488 2155 3686 2223 μᾶλλον
3718 2130 3985 2227 ἐφοϐήθη,

2407 2238 2502 2289 καὶ
2518 2236 2769 2291 ἐϐούλετο
2784 2240 3053 2294 ἀπολῦσαι
3077 2242 3262 2307 αὐτὸν,
3301 2236 3639 2315 μήπωξθεῷ
3676 2249 3987 2318 προσκρού-

2409 2330 2498 2400 σῃ)
2524 2346 2536 2358 '
2571 2330 2736 2383 πάλιν
2763 2332 2856 2383 ἐπὶ
2882 2334 3009 2394 τοὺς
3043 2332 3148 2399 ἔξω
3176 2334 3374 2404 νόμους
3409 2338 3823 2405 καταφεύγουσι
3852 2383 3866 2403 ,
3894 2343 3989 2391 καὶ

2407 2420 2482 2483 ὡς
2510 2421 2748 2491 ψοφοδεῆ
2780 2423 3078 2490 ἐκφοϐοὖσι
3138 2425 3229 2477 τὸν
3287 2426 3536 2482 Πιλάτον.
3584 2430 3671 2491 Ὠς
3713 2430 3820 2499 γάρ
3850 2425 3991 2482 εἶδον

2408 2511 2571 2564 αὑτὸν
2601 2512 3025 2583 εὐλαϐούμενον,
3051 2514 3124 2585 μὴ
3156 2516 3284 2569 Υἱὸν
3314 2517 3449 2570 Θεοῦ
3477 2517 3607 2573 ὄντα
3644 2521 3992 2587 κατακρίνων

2407 2602 2496 2655 τὸν
2537 2603 2745 2672 Ἰησοῦν
2797 2605 3039 2675 ἁμάρτῃ,
3074 2606 3166 2659 τὸν
3193 2607 3360 2675 φόϐον
3403 2607 3500 2662 τοῦ
3546 2610 3822 2679 Καίσαρος
3871 2614 3992 2664 ἐπι-

2410 2696 2643 2748 σείουσιν
2674 2697 2842 2767 αὐτῷ,
2873 2700 2964 2750 καὶ
2996 2699 3088 2751 ἐπὶ
3117 2701 3391 2769 τυραννίδι
3425 2702 3515 2754 τὸν
3539 2703 3741 2773 Κύριον
3769 2704 3991 2758 διαϐάλ-

2409 2788 2613 2851 λοντες,
2643 2789 3020 2859 ἐκδειματοῦσι
3057 2793 3148 2845 τὸν
3199 2793 3464 2857 Πιλάτου,
3504 2795 3577 2856 ὡς
3628 2797 3991 2864 προσκρούειν

2412 2881 2676 2948 μέλλοντα
2712 2881 2985 2952 Καίσαρι,
3030 2884 3083 2935 εί
3126 2898 3189 2951 γε
3230 2883 3495 2937 ἀπολύσει
3534 2886 3628 2937 τὸν
3668 2886 3992 2956 ἀνταίροντα

2411 2975 2583 3042 αὐτῷ.
2639 2976 2746 3027 Καὶ
2780 2976 2885 3027 ποῦ
2932 2976 3244 3045 τυραννίδος
3285 2970 3441 3037 οὗτος
3477 2978 3656 3043 edim;
3712 2978 3877 3031 ποθεν
3935 2980 3993 3031 δὲ

2410 3066 2568 3120 τοῦτο
2598 3066 2800 3131 δείξετε
2824 3084 2839 3131 ;
2884 3067 3016 3120 Ἀπὸ
3042 3068 3142 3137 τῆς
3177 3069 3495 3139 ἀλουργίδος
3520 3086 3535 3135 ;
3561 3071 3669 3122 ἀπὸ
3695 3069 3789 3122 τοῦ
3809 3070 3994 3138 διαδή-

2416 3176 2617 3229 ματος;
2651 3161 2759 3212 ἀπὸ
2786 3160 2893 3211 τῶν
2924 3162 3372 3228 στρατιωτικῶν;
3410 3164 3485 3216 Οὐ
3516 3163 3693 3215 πάντα
3724 3162 3873 3231 αὐτῷ
3898 3162 3991 3214 s6-

732 3255 898 3309 vilia?
927 3266 981 3331 et
1013 3254 1171 3319 stola,
1205 3261 1260 3307 et
1283 3254 1464 3313 cibus,
1496 3259 1550 3305 et
1581 3250 1823 3304 domus?
1869 3251 1981 3305 lino
2002 3251 2049 3305 ei
2084 3266 2184 3304 nec
2216 3251 2308 3303 do-
2337 3226 2378 3282 (ἶ
2412 3269 2424 3298 π

2299 3280 2308 3289 -
2337 3226 2378 3282 C
2412 3252 2538 3320 τελῆ
2569 3251 2698 3315 ςκαὶ
2743 3253 2924 3321 στολὴ,
2951 3253 3046 3306 καὶ
3070 3253 3268 3323 τροφὴ,
3302 3255 3397 3306 καὶ
3426 3250 3605 3318 οἶκος,
3638 3255 3730 3306 καὶ
3766 3254 3889 3307 οὐδέ
3912 3249 3991 3305 οἷ-

733 3362 854 3401 mus
883 3356 1020 3401 erat.
1055 3346 1159 3400 Sed
1187 3360 1221 3399 ο
1256 3343 1486 3397 Pilatum
1507 3359 1696 3411 parum
1720 3342 1964 3396 virilem!
2000 3342 2301 3395 Periclitari

732 3440 832 3495 sibi
857 3440 1003 3493 visus
1025 3449 1128 3502 est,
1168 3437 1212 3491 si
1243 3438 1459 3505 quidem
1505 3438 1644 3489 hanc
1680 3448 1900 3488 causam
1952 3435 2310 3489 indiscussain

738 3533 1058 3603 negligeret.
1084 3527 1219 3583 Nam
1265 3528 1415 3582 vadit
1450 3529 1666 3597 quidem
1705 3526 1857 3595 quasi
1906 3525 2314 3580 exaininaturus

738 3625 1037 3696 negetium,
1071 3622 1174 3677 hoc
1207 3621 1353 3675 enim
1396 3619 1567 3674 sessio
1596 3616 1889 3688 significat.
1936 3616 2089 3672 Nulla
2135 3627 2313 3670 autem

736 3716 1140 3773 examinatione
1169 3713 1335 3778 facta,
1372 3713 1536 3766 ltadil
1587 3711 1760 3775 illum,
1792 3709 2111 3765 existimans
2144 3721 2203 3761 se
2237 3707 2317 3760 sic

739 3809 861 3864 illos
893 3810 1251 3878 placaturum.
1302 3804 1586 3871 Quomodo
1645 3813 1850 3865 autem,
1887 3801 2068 3855 Marco
2108 3800 2318 3855 dicente

741 3903 959 3956 tertiam
1012 3901 1202 3954 horam
1248 3900 1464 3965 quando
1509 3896 1760 3950 Christus
1809 3893 2234 3961 cruciligebatur
2272 3889 2314 3954 ’⁵,

740 3991 978 4047 Joannes
1009 3998 1216 4045 sextam
1238 3990 1371 4042 dicit
1397 3988 1459 4039 ‘?
1486 3987 1652 4056 Igitur
1686 3985 1789 4039 hoc
1813 3984 2030 4038 solvunt
2072 3983 2315 4051 quidam,

743 4085 885 4153 quod
909 4083 1191 4150 Scriptum
1208 4095 1362 4134 error
1385 4079 1475 4132 sit.
1510 4078 1641 4131 Nam
1665 4076 1843 4130 littera
1870 4075 2084 4144 quidem
2107 4090 2318 4145 gamma

746 4175 961 4229 tertiani
988 4174 1179 4227 horam
1211 4168 1503 4239 signiﬁcat,
1536 4178 1589 4222 et
1615 4168 1997 4221 estcharacter
2025 4165 2142 4231 ejus
2174 4163 2318 4226 talis,

744 4267 819 4332 I‘;
859 4268 1035 4319 littera
1062 4274 1240 4317 autem
1271 4277 1390 4330 quae
1430 4268 1634 4315 sextam
1674 4261 1874 4327 signat,
1929 4257 2088 4311 habet
2128 4257 2323 4310 chara-

747 4369 949 4412 cterem
975 4356 1157 4419 talem,
1187 4356 1265 4420 (ἶ.
1294 4351 1601 4407 Verisimile
1638 4351 1802 4419 igitur
1838 4349 2077 4403 litteram
2108 4362 2320 4416 gamma

748 4468 775 4505 a
817 4449 1174 4518 scriptoribus
1205 4462 1310 4501 non
1355 4445 1574 4500 attentis
1610 4443 1869 4497 transisse
1904 4457 1965 4496 ea
2021 4451 2174 4510 parte
2205 4453 2324 4508 quae

749 4546 800 4595 in
830 4540 1219 4611 longitudinem
1258 4548 1459 4593 rectam
1496 4536 1903 4605 producebatur
1935 4533 2216 4587 incurvata
2268 4533 2318 4584 in
2349 4557 2441 4636 D1

2314 4552 2318 4583 I
2349 4577 2401 4636 Β
2428 4540 2696 4609 τωθείσης
2734 4540 2833 4606 τῆς
2869 4541 3283 4611 ἀποτεταμὲνης
3307 4542 3524 4605 εὐθείας
3576 4547 3653 4604 εἰς
3697 4543 3893 4611 μῆκος,
3928 4548 4006 4605 είς

747 4636 1117 4687 characterem
1149 4629 1395 4697 episcmi,
1420 4644 1526 4696 quo
1556 4637 1746 4682 sextus
1766 4640 2025 4679 numerus
2050 4624 2321 4693 signatur,

749 4734 802 4778 et
826 4725 905 4778 sic
925 4736 1166 4789 errorem
1215 4721 1356 4774 hunc
1392 4728 1591 4772 ortmn.
1626 4718 1779 4783 Quod
1808 4727 1988 4769 autem
2040 4715 2142 4768 hoc
2177 4715 2319 4767 veri-

749 4815 925 4873 simile
958 4814 1026 4867 sit
1066 4810 1262 4865 factum
1300 4825 1441 4874 eSSe,
1471 4821 1525 4871 et
1570 4809 1786 4864 tertiam
1820 4809 2007 4862 horam
2062 4807 2321 4875 scriptam

748 4922 870 4962 esse
928 4906 1091 4959 etiam
1135 4908 1274 4972 apud
1321 4902 1607 4965 Joannem,
1650 4912 1702 4954 et
1746 4915 1851 4955 non
1907 4910 2137 4962 sextam,
2183 4901 2323 4950 sicut

750 5015 914 5061 nunc,
951 4994 1296 5050 manifestum
1331 4995 1454 5048 hinc
1480 5002 1582 5048 est.
1619 4992 1750 5047 Nam
1784 5008 1905 5046 cum
1953 5001 2059 5045 tres
2092 5005 2324 5059 evange-

752 5094 920 5153 lista},
962 5087 1278 5151 Matthreus,
1334 5087 1542 5139 Marcus
1594 5097 1649 5140 et
1719 5084 1890 5138 Lucas
1955 5093 2320 5137 consonanter

754 5182 939 5234 dicant
979 5182 1117 5249 quod
1157 5199 1174 5231 ι
1212 5195 1241 5233 a
1273 5192 1424 5233 sexta
1459 5180 1588 5231 hora
1612 5174 2027 5230 tenebrzelacta:
2058 5186 2185 5228 sunt
2232 5188 2324 5227 su-

756 5288 855 5340 per
896 5274 1201 5325 universam
1234 5284 1430 5325 tcrram
1480 5284 1647 5337 usque
1689 5268 1753 5320 ad
1784 5269 1971 5320 horam
2002 5283 2195 5319 nonani
2222 5267 2260 5327 ⁸,
2300 5284 2319 5316 ι

758 5366 1106 5421 manifestum
1140 5366 1279 5434 quod
1307 5364 1566 5417 Dominus
1609 5371 1794 5416 noster
1826 5370 1948 5414 ante
1991 5368 2197 5412 sextam
2232 5358 2330 5411 ho-

759 5474 896 5521 ram,
946 5460 1259 5526 priusquam
1320 5459 1511 5509 lierent
1567 5454 1845 5519 tenebrae,
1884 5452 2180 5506 crueilixus
2235 5452 2326 5513 sit,

755 5555 965 5609 scilicet
999 5553 1217 5607 circiter
1244 5552 1431 5605 horam
1464 5549 1700 5612 tertiam,
1721 5549 1861 5601 sicut
1888 5545 2097 5599 Marcus
2127 5546 2324 5614 prodit,

756 5642 1062 5700 etJoannes
1118 5641 1391 5706 similiter,
1450 5642 1695 5710 quamvis
1758 5638 2111 5692 scribentium
2169 5650 2327 5689 error

829 5822 851 5856 ³
882 5821 1027 5882 Psal.
1061 5836 1251 5891 uvtn,
1280 5820 1373 5876 27.
1452 5821 1471 5853 ³
1510 5819 1655 5879 Psal.
1710 5834 1861 5886 cvttt,
1904 5818 1990 5876 l6.

2070 5820 2091 5851 ‘
2147 5819 2315 5876 Marc.
2342 5834 2430 5885 xv,
2470 5818 2560 5875 9.5.

2416 3358 2541 3405 κοςς
2575 3342 2714 3394 Ἀλλ’
2739 3340 2783 3393 ὣ
2805 3344 2900 3410 τῆς
2929 3343 3218 3413 ἀνανδρίας
3247 3344 3342 3396 τοῦ
3373 3344 3604 3397 Πιλάτου
3628 3346 3639 3397 !
3667 3346 3995 3397 κινδυνεύειν

2414 3434 2754 3502 νομίσαντος,
2781 3437 2829 3487 εί
2880 3435 3113 3503 περιίδοι
3147 3436 3406 3505 τοιαύτην
3455 3437 3709 3491 ὑπόθεσιι
3742 3437 3995 3502 ἀνεξέτα-

2417 3542 2561 3578 στον.
2614 3526 2922 3596 Ἑξέρχεται
2951 3527 3071 3596 μὲν,
3107 3528 3182 3590 ὡς
3212 3528 3486 3593 ἐξετάσων
3548 3530 3609 3582 τὸ
3648 3532 3879 3599 πρᾶγμα
3913 3533 3996 3599 (τὸ

2417 3616 2526 3687 γὰρ
2581 3618 2803 3671 καθίσαι
2859 3619 3015 3672 τοῦτο
3059 3621 3303 3692 ἐδήλου),
3340 3622 3598 3692 οὐδεμίαν
3643 3625 3700 3677 δὲ
3751 3626 3997 3687 ἐξέτασιν

2422 3709 2815 3779 ποιησάμενος,
2848 3712 3215 3781 παραδίδωσιν
3263 3714 3448 3777 αὐτὸν,
3483 3716 3719 3783 νομίζων
3745 3717 3997 3785 δυσωπήσ

2421 3817 2533 3853 σειν
2562 3800 2780 3864 αὐτούς.
2832 3803 2954 3865 Πῶς
3010 3804 3065 3855 δὲ
3120 3806 3213 3857 τοῦ
3251 3807 3477 3875 Μάρκου
3529 3808 3685 3875 λέγον
3720 3825 3773 3869 ος
3807 3809 3999 3878 τρίτην

2420 3892 2567 3963 ὥραν
2615 3889 2751 3946 εἶναι
2779 3934 2792 3959 ,
2843 3895 2931 3946 ὅτε
2969 3898 2995 3947 ὁ
3026 3896 3259 3964 Χριστὸς
3290 3899 3620 3967 ἐσταυροῦτο
3640 3941 3653 3961 ,
3684 3901 3712 3951 ό
3747 3901 3999 3968 Ἰωάννης

2420 3991 2585 4059 ἐίκτην
2619 3991 2785 4059 criti;
2830 3992 3063 4045 Λύουσιν
3088 3990 3180 4047 οὖν
3206 3996 3385 4059 τοῦτο,
3417 3996 3562 4056 τινὲς
3606 3995 3723 4065 μὲν,
3752 3998 3833 4047 ὅτι
3867 4015 4005 4065 γρα-

2423 4082 2579 4149 φικὸν
2613 4083 2671 4133 τὸ
2689 4082 2928 4150 σφάλμα·
2963 4084 3020 4135 τὸ
3046 4086 3142 4152 μὲν
3168 4086 3274 4152 γάρ
3301 4086 3498 4153 γάμμα
3524 4086 3621 4151 τὴν
3648 4086 3836 4153 τρίτην
3852 4085 4002 4153 ῶραν

2425 4176 2714 4243 σημαίνει,
2758 4176 2850 4225 καὶ
2881 4174 3025 4226 ἔστιν
3060 4178 3086 4228 ὀ
3118 4176 3403 4246 χαρακτὴρ
3434 4177 3597 4229 αὑτοῦ
3630 4177 3891 4240 τοιοῦτος,
3919 4178 3957 4231 Γ
3984 4194 4000 4207 ·

2424 4266 2483 4317 τὸ
2516 4266 2571 4318 δὲ
2601 4267 2934 4336 καλούμενον
2962 4268 3259 4337 ἐπίσημον,
3286 4270 3382 4338 τὴν
3412 4269 3578 4338 ἕκτην
3600 4311 3613 4329 ,
3644 4271 3736 4322 κ;“ι
3766 4270 3876 4339 ἔχει
3912 4272 4005 4321 τὴν

2424 4359 2750 4428 χαρακτῆρα
2805 4360 3030 4424 τοιόνδε,
3068 4359 3162 4425 εἶ’.
3195 4361 3354 4422 Εἰκὸς
3395 4358 3487 4413 οὖν
3524 4362 3585 4413 τὸ
3613 4363 3811 4430 γάμμα
3853 4378 4004 4414 στοι-

2427 4452 2570 4520 χεῖον
2598 4450 2704 4501 ἀπὸ
2736 4452 2834 4519 τῆς
2859 4448 3193 4519 ἀπροσεξίας
3221 4452 3329 4503 τῶν
3374 4454 3833 4521 μετα-γραφόντων
3864 4471 4004 4522 κυρ-

3962 4548 4004 4580 ἶ»-

3962 4582 4004 4605 δ’

2430 4630 2517 4682 τὸν
2539 4630 2633 4682 τοῦ
2659 4632 2929 4701 ἐπισήμου
2959 4632 3348 4701 μεταχωρῆσαι
3378 4637 3729 4701 χαρακτῆρα,
3754 4632 3848 4684 καὶ
3864 4632 4008 4684 οὕτω

2428 4719 2527 4789 τὴν
2577 4719 2784 4790 πλάνην
2818 4719 3023 4791 ταύτην
3070 4721 3343 4788 γενέσθαι.
3374 4722 3496 4774 Ὅτι
3554 4723 3610 4774 δὲ
3658 4722 3816 4774 τοῦτο
3861 4724 4007 4783 είκθις

2430 4809 2709 4878 γενέσθαι,
2744 4812 2837 4864 καὶ
2870 4810 3061 4880 τρίτην
3100 4811 3251 4880 ὥραν
3276 4812 3689 4880 ἀναγράφεσθαι
3725 4813 3817 4863 καὶ
3858 4814 4009 4881 παρᾶ

2430 4901 2508 4970 τῷ
2553 4902 2790 4974 Ἰωάννῃ,
2823 4902 2937 4954 ἀλλ’
2968 4903 3088 4971 οὑχί
3120 4904 3286 4973 ἓιιτην
3334 4904 3521 4975 ὥσπερ
3548 4906 3662 4968 νῦν,
3708 4906 3869 4974 δῆλον
3921 4908 4009 4956 ἐν-

2432 4994 2639 5048 τεῦθεν.
2666 4995 2788 5046 Τῶν
2825 4996 2931 5063 γὰρ
2962 4995 3130 5065 τριῶν
3168 4997 3592 5063 εύαγγελιστῶν,
3631 4997 3723 5050 τοῦ
3754 5014 3812 5049 τε
3858 4998 4011 5051 Ματ-

2434 5088 2607 5150 θαίου,
2635 5089 2729 5141 καὶ
2768 5088 2861 5141 τοῦ
2910 5090 3164 5159 Μάρκου,
3208 5090 3299 5141 καὶ
3340 5088 3433 5141 τοῦ
3487 5092 3673 5144 Λουκᾶ
3702 5090 4010 5159 συμφώνως

2433 5180 2720 5246 λεγόντων,
2769 5179 2844 5242 ὡς
2894 5181 3003 5233 ἀπὸ
3054 5180 3216 5249 ἕκτης
3269 5179 3419 5251 ὥρας
3454 5183 3643 5244 σκότος
3683 5182 3900 5249 ἐγένετο
3923 5180 4011 5247 ἐφ’

2434 5270 2561 5340 ὅλην
2590 5270 2689 5342 τὴν
2723 5270 2848 5339 γῆν,
2897 5271 3001 5333 ἕως
3056 5270 3205 5341 ὧρας
3260 5272 3508 5340 ὲννάτης,
3546 5273 3834 5341 πρόδηλον,
3877 5272 3950 5333 ὡς
3986 5276 4012 5323 ὀ

2438 5362 2639 5431 Κύριος
2667 5362 2824 5433 ἡμῶν
2856 5363 2959 5433 πρὸ
2983 5364 3080 5431 τῆς
3115 5364 3277 5431 ’ἐκτης
3310 5363 3479 5431 ὧρας,
3509 5365 3613 5430 πρὸ
3637 5364 3729 5415 τοῦ
3763 5364 4012 5430 γενέσθαι

2437 5454 2495 5505 τὸ
2526 5454 2738 5517 σκότος,
2763 5454 3093 5525 ἐσταύρωτο,
3114 5454 3311 5522 δηλαδὴ
3332 5458 3471 5506 κατὰ
3511 5456 3605 5524 τὴν
3628 5455 3818 5523 τρίτην
3839 5452 4008 5522 ὤραν,

2434 5544 2509 5606 ὼς
2541 5547 2569 5598 ό
2600 5545 2829 5614 Μάρκος
2876 5561 2935 5598 τε
2982 5546 3255 5616 ἱστόρησε,
3298 5548 3392 5598 καὶ
3434 5548 3463 5597 ό
3505 5546 3757 5614 Ἰωάννης
3786 5548 4007 5612 ὁμοίως,

2434 5637 2484 5688 εί
2516 5638 2610 5689 καὶ
2634 5639 2666 5705 ὴ
2698 5637 2872 5706 πλάνη
2901 5636 3009 5689 τῶν
3036 5637 3357 5707 γραφόντων
3383 5639 3443 5689 τὸ
3475 5636 3673 5707 γάμμα
3710 5638 4010 5708 μετέθηκεν

2636 5819 2656 5850 ⁸
2698 5818 2861 5887 Joan.
2899 5835 3011 5883 xu,
3048 5817 3139 5875 27.
3218 5821 3237 5852 ⁸
3284 5819 3475 5876 Matth.
3519 5836 3683 5885 xxvii,
3728 5820 3817 5876 45.
