4284 6450
297 423 408 485 269

983 423 1423 488 ENARRATIO
1463 424 1544 486 IN
1584 425 2084 487 EVANGELIUM
2125 425 2465 490 JOANNIS.
2491 428 2734 492 “CAP.
2775 431 2915 491 XIX

3445 436 3548 498 Ξῖο

293 546 378 605 είς
410 556 501 594 τον
550 542 645 595 τοῦ
695 541 968 612 ὲπισῆμου
1001 541 1347 608 χαρακτῆρα.
1411 535 1569 598 Τινὲς
1626 537 1725 606 μὲν
1781 533 1874 590 οὖν
1905 553 1985 606 ΑΙ

1849 556 1874 588 ν
1905 553 1945 606 Α
1980 539 2264 590 mutaverit
2291 554 2502 608 gamma
2547 540 2598 594 in
2641 542 2861 610 cpisemi
2892 543 3281 599 characterem.
3317 546 3380 600 Et
3407 564 3541 603 non-

295 634 436 687 οὕτω
462 635 645 686 λύουσι
670 633 846 688 τοῦτο.
881 634 1092 701 ’Ἑτεροι
1115 630 1171 683 δέ
1194 647 1374 699 φασιν,
1406 630 1488 681 ὅτι
1517 629 1544 680 6
1587 628 1683 697 μὲν
1714 628 1872 699 Μάρ-

296 745 390 789 κος
410 727 510 794 τὴν
540 725 691 795 ὤραν
721 728 818 795 τῆς
846 726 1198 793 ἀποφάσεως,
1219 723 1314 790 τῆς
1350 723 1478 791 περὶ
1503 721 1595 773 τοῦ
1626 737 1870 790 σταυρω-

295 819 457 888 θῆναι
486 820 577 871 τὸν
604 819 826 888 Κύριον,
869 819 1139 871 ἐκτίθεται
1177 816 1361 883 σαφῶς
1425 815 1519 866 καὶ
1568 813 1873 882 ἀναμφιδό-

294 911 424 971 λως.
466 911 617 964 Ἐπεὶ
643 909 734 962 οῦν
759 910 943 962 ἔκτοτε
995 909 1305 976 σταυρῶσαι
1347 908 1440 958 καὶ
1478 906 1793 974 τιμωρῆσαι
1823 906 1870 956 oi

294 1002 549 1054 δικασταὶ
578 1001 848 1068 λέγονται,
878 1002 970 1069 ἀφ’
1005 994 1064 1054 οὗ
1089 1001 1185 1072 τὴν
1218 999 1492 1066 ἀπόφασιν
1521 997 1868 1064 ἐξενέγκωσι,

295 1094 382 1145 δῐά
419 1095 480 1146 τὸ
513 1096 611 1166 τὴν
649 1094 879 1162 δύναμιν
897 1095 993 1162 τῆς
1024 1093 1295 1162 τιμωρίας
1325 1092 1418 1143 καὶ
1450 1089 1541 1142 τοῦ
1568 1090 1793 1141 θανάτου
1812 1092 1870 1142 ὲν

291 1189 412 1246 ταῖς
443 1185 714 1251 γλώσσαις
753 1186 1093 1252 κεκτῆσθαι·
1135 1184 1328 1235 τούτου
1376 1183 1532 1250 χάριν
1565 1183 1592 1233 6
1644 1183 1870 1252 Μάρκος

295 1283 362 1346 τῇ
389 1279 550 1349 τρίτῃ
590 1278 710 1348 ὥρᾳ
753 1279 1130 1347 σταυρωθῆναι
1189 1277 1348 1327 αὑτὸν
1391 1275 1563 1340 λέγει,
1597 1275 1689 1342 ἀφ’
1734 1270 1802 1345 ἦς
1841 1278 1868 1327 6

296 1370 527 1430 Πιλάτος
559 1371 654 1439 τὴν
686 1371 957 1437 ἀπόφασιν
991 1368 1300 1437 ἐξήνεγκεν.
1368 1366 1619 1434 Ἰωάννης
1665 1367 1741 1431 δὲ,
1791 1366 1867 1428 ὡς

294 1461 581 1529 εἰρηκότος
621 1463 714 1514 τοῦ
748 1463 975 1531 Μάρκου
1025 1463 1115 1514 τὸν
1163 1460 1354 1528 καιρὶν
1388 1460 1482 1526 τῆς
1512 1461 1864 1526 ἀποφάσεως,

291 1553 453 1612 αὐτὸς
495 1553 590 1618 τὴν
628 1552 795 1620 ὥραν,
823 1555 877 1603 ὲν
975 1551 1062 1604 τὸν
1099 1550 1298 1619 Κύριον
1321 1550 1695 1620 ἐσταύρωσαν,
1726 1551 1826 1620 ἔφη
1850 1567 1863 1580 ·

291 1644 416 1694 ἐπεὶ
448 1646 541 1695 καὶ
576 1647 786 1705 σκόπει,
825 1645 963 1695 πόσα
991 1642 1191 1710 μεταξὺ
1224 1642 1325 1710 τῆς
1343 1643 1490 1710 παρὰ
1518 1643 1610 1695 τοῦ
1635 1644 1864 1696 Πιλάτου

294 1734 426 1804 περὶ
454 1735 548 1786 τοῦ
579 1734 812 1804 σταυροῦ
843 1735 1188 1802 ἀποφάσεως,
1222 1736 1314 1785 καὶ
1349 1735 1446 1802 τῆς
1462 1734 1607 1801 ὥρας
1637 1732 1862 1801 ταύτης,

294 1827 353 1877 ὲν
388 1820 524 1895 ᾗείς
555 1826 646 1876 τὸν
680 1827 936 1895 σταυρδνσ
961 1829 988 1877 6
1035 1825 1234 1891 Κύριος
1291 1823 1484 1894 ἀνέϐη,
1526 1825 1860 1893 πέπρακται.

302 1916 605 1976 Ἀπολύσας
633 1916 724 1968 τὸν
745 1916 1056 1984 Βαραῦϐᾶν,
1099 1915 1476 1984 ἐφραγέλλωσε
1508 1917 1598 1967 τὸν
1633 1915 1858 1984 Ἰησοῦν,
1897 1905 1935 1957 Β
1969 1927 1994 1963 c

601 1933 605 1971 ῖ
633 1916 724 1968 τὸν
745 1916 1056 1984 Βαραῦϐᾶν,
1099 1915 1476 1984 ἐφραγέλλωσε
1508 1917 1598 1967 τὸν
1633 1915 1858 1984 Ἰησοῦν,
1897 1905 1935 1957 Β
1969 1913 2293 1981 ciligerelttt'.

288 2006 382 2057 καὶ
413 2007 699 2075 παρέδωκε
730 2007 947 2070 πάντως
969 2007 1129 2058 αὐτὸν
1166 2009 1246 2068 είς
1277 2006 1336 2057 1:6
1362 2007 1759 2076 σταυρωῖἦναι.
1799 2007 1862 2058 'H

287 2102 398 2167 γὰρ
429 2099 523 2150 τοῦ
557 2100 815 2168 Βαραὸϐᾶ
841 2100 1125 2163 ἀπόλυσις,
1163 2099 1486 2170 κατάκρισις
1533 2096 1601 2169 ἦν
1629 2099 1719 2151 τοῦ
1754 2101 1863 2152 Κυ-

290 2192 428 2258 ρίου.
480 2192 868 2261 Ἑμπαίζουσιν
893 2194 941 2243 oi
989 2193 1354 2263 στρατιῶται·
1386 2193 1479 2244 καὶ
1509 2192 1728 2256 σκόπει,
1763 2192 1861 2244 πό-

287 2297 380 2342 σος
402 2282 591 2351 χρόνος
618 2282 867 2350 ἀνηλώθη
897 2283 961 2333 ἂν
993 2284 1071 2343 εἰς
1096 2283 1185 2334 τὸν
1211 2283 1492 2351 φιλότιμον
1521 2282 1858 2351 ἐμπαιγμόν.

297 2370 623 2441 Ἐξήνεγκεν
651 2371 810 2422 αὑτὸν
833 2374 858 2422 ὁ
886 2373 1130 2437 Πιλάτος,
1167 2375 1260 2425 καὶ
1297 2371 1541 2441 διελέχθη
1572 2374 1681 2435 τοῖς
1729 2372 1860 2426 Ἰου-

283 2460 477 2522 δαίοις·
515 2463 675 2514 πάλιν
705 2462 960 2514 είσελθὼν
992 2463 1271 2530 ἀνακρίνει
1311 2463 1400 2514 τὸν
1441 2464 1664 2530 Ἰησοῦνο
1701 2464 1861 2516 πάλιν

282 2552 520 2614 ἐξελθὼν
565 2553 871 2619 διαλέγεται
925 2557 1036 2617 τοῖς
1100 2555 1395 2616 Ἰουδαίοις.
1445 2555 1632 2607 Ταῦτα
1684 2555 1861 2607 πάντα.

285 2642 450 2694 ἰκανά
485 2637 552 2711 ἦν
597 2643 871 2696 ἀναλῶσαι
917 2644 1006 2695 τὸν
1041 2645 1147 2697 ἀπὸ
1183 2646 1280 2714 τῆς
1319 2644 1506 2715 τρίτης
1543 2645 1689 2714 ὧρας
1733 2645 1860 2714 ἄχρι

281 2734 567 2801 τῆςὲκτης
593 2735 800 2804 χρόνον,
830 2735 971 2804 ἅπερ
1007 2738 1257 2806 Ἰωάννης
1280 2737 1568 2806 ἐκθέμενος
1595 2737 1856 2806 ἀκριϐῶς,

281 2826 381 2877 ἆτε
413 2827 546 2878 πᾶσι
582 2826 1099 2896 παρηκολουθηκὼς,
1134 2826 1234 2895 τῆς
1270 2827 1434 2893 ἕκτης
1465 2826 1611 2894 ὥρας
1651 2845 1856 2896 μνημοο

278 2916 468 2978 νεύει,
497 2917 586 2969 ὅτε
627 2920 718 2970 καὶ
752 2918 1070 2987 παρέδωκεν
1107 2918 1266 2970 αὒτὺν
1300 2917 1548 2979 τελείως,
1580 2918 1665 2968 ἶνα
1699 2936 1856 2970 σταυ-

284 3004 454 3074 ρωθῇ.
487 3005 586 3057 οὐκ
619 3006 697 3056 ἔτι
734 3006 1116 3074 διαλεγόμενος
1158 3009 1267 3069 τοῖς
1311 3007 1620 3068 Ἰουδαίοις,
1655 3007 1685 3076 ἢ
1725 3010 1853 3059 ἁνα-

280 3093 483 3158 κρίνων
514 3093 603 3145 τὸν
646 3094 873 3162 Ἰησοῦν,
903 3096 1036 3148 ἀλλὰ
1082 3096 1177 3166 τὴν
1213 3096 1554 3165 τελειοτάτην
1585 3100 1854 3166 ἀπόφασιν

278 3184 406 3235 κατ’
440 3186 603 3237 αὑτοῦ
653 3186 974 3253 ἐξενεγκὼν.
1024 3186 1085 3239 Εἰ
1119 3188 1175 3239 δέ
1222 3205 1303 3250 τις
1335 3188 1510 3256 λέγει’
1558 3190 1666 3241 Καὶ
1710 3191 1852 3252 τίνος

1977 630 2108 683 nulli
2131 630 2346 697 quidem
2373 635 2450 683 sic
2479 635 2682 687 dicunt.
2708 634 2808 686 Alii
2840 646 3018 687 autem
3047 637 3196 691 aiunt
3221 641 3362 706 quod
3405 640 3546 693 Mar-

1974 736 2071 775 cus
2101 721 2317 790 quidem
2352 723 2539 777 horam
2579 743 2682 794 qua
2726 728 2830 779 lata
2864 737 2945 781 est
2967 732 3230 783 sententia
3266 733 3332 785 de
3365 737 3544 787 cruci-

1976 812 2187 880 ﬁgendo
2228 814 2474 876 Domino,
2528 816 2810 869 manifeste
2858 828 2911 870 et
2958 818 3159 886 absque
3210 822 3543 876 dubitatione

1973 914 2140 972 ponat
2165 921 2180 958 :
2215 906 2399 973 utique
2430 906 2552 974 quia
2581 910 2892 977 crucillgere
2913 919 2968 963 et
2998 911 3190 978 punire
3223 913 3290 966 ab
3313 927 3377 966 eo
3403 923 3542 968 tem-

1972 1009 2103 1062 pore
2129 994 2338 1061 judices
2376 997 2652 1062 dicuntur,
2706 1014 2814 1066 quo
2857 1002 3184 1055 sententiam
3234 1004 3536 1070 proferunt.

1971 1098 2036 1139 eo
2091 1087 2232 1153 quod
2286 1088 2364 1140 vis
2421 1102 2592 1155 paena:
2634 1098 2690 1140 et
2737 1092 2924 1145 mortis
2976 1092 3027 1145 in
3082 1093 3277 1162 linguis
3324 1111 3536 1164 ίιιιοιμιο

1971 1177 2060 1230 sit.
2118 1177 2244 1244 Ejus
2284 1180 2455 1248 gratia
2492 1180 2704 1235 Marcus
2740 1182 2896 1235 tertia
2952 1186 3080 1238 hora
3116 1189 3358 1256 cruciligi
3413 1204 3534 1244 eum

1973 1271 2119 1336 dicit,
2161 1286 2188 1322 a
2221 1287 2324 1339 qua
2364 1273 2565 1327 Pilatus
2623 1276 2945 1328 sententiam
2984 1280 3249 1345 exposuit.
3299 1280 3538 1336 Joannes

1971 1373 2172 1424 autem,
2205 1376 2324 1414 cum
2374 1363 2585 1417 Marcus
2617 1364 2841 1420 dixisset
2881 1377 3086 1434 tempus
3118 1374 3415 1435 sententiae,
3439 1376 3533 1427 lio-

1971 1467 2085 1506 ram
2136 1453 2190 1506 in
2223 1468 2324 1520 qua
2375 1454 2660 1508 Dominum
2722 1459 3110 1514 crucilixerunt
3164 1463 3310 1516 dicit.
3361 1464 3534 1520 Caete-

1969 1559 2125 1608 rum,
2163 1547 2444 1600 considera
2479 1557 2682 1615 quanta
2728 1558 2842 1602 acta
2878 1552 2989 1604 sint
3037 1554 3178 1604 inter
3209 1559 3531 1609 sententiam

1968 1649 1998 1688 a
2033 1635 2207 1689 Pilato
2236 1637 2301 1690 de
2342 1652 2520 1704 cruce,
2556 1646 2610 1691 et
2642 1638 2830 1692 horam
2877 1641 3047 1708 ipsam
3082 1645 3133 1698 in
3172 1660 3273 1713 qua
3317 1646 3367 1699 in
3408 1663 3534 1701 cru-

1968 1742 2083 1779 cem
2135 1727 2391 1780 Dominns
2446 1732 2716 1782 ascendit.
2766 1731 2898 1784 Cum
2976 1734 3272 1790 dimisisset
3333 1738 3536 1794 Barab-

1969 1821 2132 1885 liam,
2181 1823 2469 1890 llagcllavit
2516 1822 2733 1888 Jcsum,
2785 1836 2839 1879 et
2888 1827 3107 1881 tradidit
3155 1830 3236 1884 eis
3282 1843 3341 1884 ut
3409 1850 3537 1888 cru-

2383 1915 2513 1969 Nam
2575 1915 2832 1970 Barabbas
2892 1919 3134 1973 ditnissio
3208 1925 3535 1980 condemna-

1970 2006 2041 2057 tio
2087 2004 2250 2075 ’149
2297 2015 2412 2060 erat
2460 2007 2692 2062 Domini.
2732 2006 2963 2062 lllttduut
3017 2011 3250 2078 milites,
3307 2025 3360 2068 et
3413 2018 3535 2071 vide

1966 2105 2224 2161 quantum
2261 2097 2518 2164 temporis
2550 2098 2746 2150 insumi
2771 2103 3002 2166 potuerit
3034 2102 3099 2154 ad
3132 2103 3385 2169 majorem
3418 2108 3534 2161 illit-

1965 2186 2190 2240 sionem.
2228 2189 2423 2240 Eduxit
2448 2204 2569 2241 eum
2601 2188 2826 2252 Pilatus,
2850 2202 2902 2244 et
2926 2192 3135 2246 locutus
3163 2206 3283 2247 cuitt
3308 2195 3526 2252 Judacis.

1966 2277 2164 2331 lterum
2199 2278 2476 2347 ingressus
2505 2281 2761 2347 diiudicat
2798 2279 2980 2336 Jesum
3003 2323 3017 2347 ,
3053 2283 3246 2337 iterum
3281 2302 3534 2354 egressus

1965 2370 2202 2438 loquitur
2236 2387 2358 2425 cum
2384 2371 2604 2427 Judzcis.
2631 2372 2753 2428 Htec
2781 2376 2960 2428 omnia
2995 2377 3328 2432 sulliciebant
3359 2385 3423 2434 ad
3452 2384 3530 2435 in-

1965 2462 2283 2514 sumendum
2311 2472 2521 2531 tempus
2553 2465 2619 2518 ab
2641 2465 2770 2517 hora
2805 2466 2959 2519 tertia
2986 2483 3154 2537 usque
3187 2471 3251 2524 ad
3279 2483 3482 2526 sextam
3514 2494 3526 2528 :

1963 2568 2080 2618 qua:
2113 2553 2344 2606 Joannes
2373 2569 2648 2622 exponens
2684 2558 2985 2626 diligenter,
3015 2569 3196 2629 utpote
3230 2564 3317 2631 qui
3353 2567 3532 2617 omni-

1964 2644 2062 2696 btts
2088 2645 2392 2699 individuus
2421 2662 2602 2700 comes
2625 2648 2879 2713 adfuerit,
2905 2653 3049 2705 liora:
3072 2665 3237 2706 sexue
3266 2657 3528 2720 meminit,

1959 2736 2173 2800 qnatttlo
2199 2746 2251 2789 et
2280 2736 2502 2791 tradidit
2529 2755 2649 2792 eum
2679 2741 2914 2808 perferte
2943 2753 2998 2797 ut
3021 2747 3386 2815 cruciﬁgatur,
3423 2766 3528 2803 non

1959 2827 2098 2877 ultra
2147 2827 2372 2894 loquens
2410 2843 2528 2880 cum
2581 2830 2801 2894 JlldiCiS,
2860 2834 2937 2886 vel
2985 2835 3284 2903 dijudicatts
3321 2835 3527 2899 Jesutn.

1958 2916 2048 2967 sed
2071 2928 2362 2969 extremam
2399 2918 2449 2970 itt
2483 2935 2602 2971 eunt
2634 2921 2914 2988 proferens
2946 2926 3295 2979 sententiam.
3337 2929 3391 2980 Si
3429 2945 3525 2981 au-

1958 3015 2062 3059 tem
2096 3008 2214 3075 quis
2247 3009 2427 3074 dicat,
2460 3011 2638 3076 Quare
2672 3015 2889 3068 circiter
2935 3017 3122 3071 horam
3162 3020 3372 3073 tertiam
3402 3037 3524 3075 cum

1956 3096 2166 3147 dicatur
2205 3098 2464 3168 cruciﬁgi,
2503 3108 2612 3154 vult
2644 3104 2836 3157 iternnt
2869 3107 3072 3161 absolvi
3109 3111 3303 3165 illum?
3345 3115 3522 3170 discat

1958 3187 2187 3253 primum
2222 3191 2473 3255 quidem,
2511 3194 2650 3260 quod
2681 3210 2710 3246 a
2743 3197 3089 3253 multitudine
3123 3215 3343 3258 coactus
3378 3206 3524 3260 dedit

277 3272 469 3324 ἕνεκεν
499 3275 637 3326 κατὰ
672 3276 767 3345 τὴν
808 3277 994 3344 τρίτην
1023 3275 1194 3346 ὥραν,
1229 3278 1302 3340 ὼς
1335 3278 1531 3346 λέγεις,
1568 3281 1848 3348 amoma.
1881 3253 1924 3311 C
1958 3294 1969 3330 ε

1834 3311 1848 3322 .
1881 3253 1924 3311 C
1958 3281 2318 3347 sententiam;
2376 3285 2565 3339 deinde
2623 3303 2650 3340 a
2704 3290 2916 3344 somnio
2969 3296 3211 3352 mulieris
3261 3300 3522 3370 impulsus

279 3379 442 3430 μενος
472 3366 869 3433 σταυρωθῆναι,
900 3366 1060 3418 πάλιν
1085 3369 1333 3422 ἐϐούλετο
1356 3371 1622 3423 ἀπολῦσαι
1651 3372 1847 3435 αύτόν;

279 3453 601 3522 μανθανέτω
636 3456 852 3523 πρῶτον
883 3458 1014 3526 μὲν,
1077 3460 1157 3511 ὅτι
1198 3460 1300 3511 ὑπὸ
1329 3460 1421 3512 τοῦ
1461 3462 1698 3529 πλήθους
1733 3462 1852 3531 βια-

278 3545 451 3608 σθεὶς,
482 3547 633 3599 ἔθετο
662 3550 758 3618 τὴν
782 3551 1054 3617 ἀπόφασιν
1075 3569 1086 3581 ·
1109 3550 1202 3602 ἐπε
1215 3569 1296 3603 ιτα
1321 3552 1415 3604 καὶ
1437 3551 1511 3622 τῷ
1535 3553 1728 3623 ὀνείρῳ
1755 3556 1850 3623 τῆς

275 3640 539 3704 γυναικὸς
597 3640 867 3692 αἰνίττετο
932 3639 1014 3712 [Ῑ.
1067 3641 1389 3714 ἐνύττετο]·
1442 3639 1508 3714 ἦν
1555 3646 1661 3714 γάρ
1706 3645 1850 3715 αὐτῷ

279 3731 568 3800 μηνύσασα
595 3748 608 3760 ⁸
645 3751 661 3782 t
689 3733 868 3799 Μηδὲν
900 3737 980 3785 σοὶ
1009 3736 1097 3786 καί
1123 3736 1200 3806 τῷ
1232 3737 1422 3808 δικαίῳ
1450 3741 1640 3810 τούτῳ.
1671 3761 1689 3794 ι
1730 3743 1852 3794 Ἐπὶ

278 3823 412 3872 πᾶσι
436 3821 488 3872 δὲ
521 3823 748 3884 τούτοις,
788 3824 975 3876 σκόπει
999 3829 1090 3877 καὶ
1120 3827 1209 3878 τὸν
1246 3828 1516 3898 Ἰωάννην,
1547 3831 1658 3894 πῶς
1677 3829 1849 3886 εἶπεν·

283 3931 302 3963 t
339 3914 478 3982 Ὥρα
507 3911 572 3983 ἦν
592 3915 724 3968 ὡσεὶ
743 3917 897 3985 ἓκτη.
925 3936 941 3967 ι
979 3919 1092 3971 υύκ
1123 3915 1242 3971 εἷπε
1268 3921 1397 3990 γὰρ,
1421 3922 1564 3992 Ὥρα
1592 3920 1659 3992 ἧν
1691 3926 1848 3997 ἕκτη,

275 4005 354 4067 ὡς
379 4008 812 4075 ἀποφαινόμενος
837 4050 852 4074 ,
876 4011 990 4061 ἀλλ’
1015 4010 1089 4072 ὡς
1151 4013 1509 4078 ἐπιδιστάζων
1551 4019 1646 4069 καὶ
1679 4020 1849 4088 ἀμφι-

278 4098 486 4163 γνοῶν,
544 4118 562 4148 t
617 4100 756 4152 Ὠσεὶ
804 4102 957 4167 ἕκτη.
1004 4123 1022 4152 ι
1087 4103 1247 4155 Ὥστε
1289 4105 1439 4157 οὐδὲν
1485 4107 1673 4160 διοίσει
1721 4112 1849 4178 ὑμῖν

281 4180 369 4251 [Ῑ.
406 4182 580 4253 ἡμῖν]
631 4185 692 4235 τὸ
740 4185 867 4254 περὶ
917 4186 1014 4253 τῆς
1044 4185 1191 4255 ὥρας
1239 4188 1523 4255 φαίνεσθαι
1567 4194 1640 4262 μὴ
1674 4195 1849 4263 πάντη

281 4274 675 4341 συντρέχοντας
745 4275 992 4343 ἀλλήλοις
1055 4279 1179 4339 τοὺς
1248 4280 1672 4347 εὐαγγελιστᾶς,
1739 4283 1848 4336 εἴτε

279 4359 357 4434 [Ι.
397 4366 451 4415 εἴ
476 4366 577 4438 γε]
603 4366 1014 4436 συγχωροίημεν
1040 4363 1178 4421 εἶναι
1205 4369 1518 4439 διαφωνίαν.
1553 4374 1720 4427 Τοῦτο
1743 4377 1847 4444 γὰρ

1959 3368 2136 3424 fuerit.
2181 3369 2475 3429 Nutttiabat
2505 3389 2683 3431 autent
2723 3379 2806 3432 illa
2833 3383 2902 3446 ci,
2941 3402 2959 3434 t
2996 3383 3140 3440 Nihil
3176 3390 3267 3443 tibi
3299 3368 3352 3445 et
3373 3392 3525 3462 justo

1959 3463 2104 3515 huic.
2149 3482 2166 3514 ›
2202 3462 2427 3533 Insuper
2455 3470 2734 3523 considera
2766 3471 3100 3529 etloanuem
3139 3479 3338 3534 dixisse
3380 3491 3525 3552 quod

1964 3573 1981 3605 t
2015 3554 2176 3610 fuerit
2204 3557 2334 3610 hora
2367 3557 2534 3612 ferme
2566 3574 2742 3626 sexta,
2781 3583 2799 3615 ι
2835 3567 2986 3633 quasi
3018 3585 3120 3622 non
3151 3572 3436 3640 deﬁniens,
3466 3587 3522 3633 et

1952 3644 2002 3697 in
2046 3648 2294 3717 ambiguo
2329 3650 2640 3719 relinquens
2666 3655 2820 3718 dixit,
2852 3674 2870 3707 t
2902 3655 3073 3713 ferme
3096 3672 3266 3717 sexta.
3298 3683 3315 3714 ι
3357 3665 3420 3719 Ει
3451 3669 3521 3720 ita

1949 3737 2083 3789 nihil
2115 3739 2357 3794 intererit
2379 3780 2394 3804 ,
2420 3746 2562 3811 quod
2596 3743 2663 3797 de
2701 3744 2830 3797 hora
2862 3763 2967 3800 non
3007 3750 3255 3805 videntur
3295 3770 3523 3822 prorsus

1949 3830 2236 3883 convenire
2257 3834 2621 3899 evangelista},
2649 3835 2691 3888 si
2716 3838 2930 3902 quidem
2958 3843 3379 3901 concederemus
3401 3865 3523 3904 esse

1950 3918 2327 3975 dilIcrettliant.
2366 3921 2501 3977 Vide
2542 3925 2686 3980 enim
2724 3929 2823 3982 hoc
2849 3968 2864 3994 ,
2901 3946 3026 3984 nunt
3061 3948 3249 3989 omnes
3283 3939 3521 3994 dixerint

1949 4013 2088 4078 quod
2114 4013 2403 4068 crucilixus
2431 4017 2521 4096 sit.
2554 4017 2623 4070 At
2669 4020 2769 4072 hoc
2799 4022 3014 4090 quidem
3046 4029 3113 4078 ah
3152 4031 3402 4083 onmibus
3435 4043 3520 4085 est

1946 4102 2248 4156 confessum
2283 4121 2296 4156 :
2331 4106 2397 4160 de
2448 4107 2578 4161 hora
2611 4121 2788 4163 autem
2824 4113 2870 4165 si
2905 4112 3043 4167 alius
3081 4116 3210 4171 dicit
3247 4135 3368 4174 esse
3412 4132 3520 4176 ter-

1948 4194 2098 4257 tiam,
2123 4195 2260 4250 alius
2287 4199 2438 4267 quasi
2494 4210 2725 4264 sextam,
2781 4204 2907 4272 quid
2930 4204 3032 4260 hoc
3082 4210 3237 4263 obest
3267 4213 3523 4267 veritati?

1949 4282 2332 4343 Verumtamen
2361 4292 2474 4345 hzec
2506 4294 2873 4350 demonstrata
2904 4309 3030 4351 sunt
3063 4315 3130 4354 ex
3164 4304 3517 4370 abundantia,

1947 4379 2086 4444 quod
2117 4380 2263 4433 nulla
2295 4384 2363 4435 sit
2389 4384 2698 4441 diversitas.

275 4459 491 4523 σκόπει,
521 4462 569 4511 εί
607 4461 681 4530 μὴ
709 4462 905 4525 πάντες
956 4458 1140 4529 εἷπον,
1190 4468 1271 4518 ὅτι
1312 4466 1664 4537 ἐσταυρώθη·
1705 4471 1753 4520 εί
1787 4469 1842 4521 δὲ
1881 4470 2038 4522 τοῦτο
2084 4473 2183 4542 μὲν
2251 4476 2403 4543 παρὰ
2447 4478 2666 4532 πάντων
2715 4481 3093 4550 ὡμολόγηται,
3164 4490 3292 4558 περὶ
3326 4491 3382 4544 δὲ
3416 4497 3517 4565 τῆς

272 4550 443 4619 ὧρας,
469 4555 516 4602 εἰ
545 4554 572 4604 6
594 4553 692 4621 μὲν
717 4557 904 4624 τρίτην
932 4552 1090 4620 εἶναι,
1111 4559 1137 4610 6
1163 4558 1219 4610 δὲ
1247 4558 1376 4610 ὡσεὶ
1405 4560 1571 4631 ἕκτην
1605 4563 1756 4629 φασὶ,
1787 4562 1838 4612 τί
1877 4562 2032 4614 τοῦτο
2077 4566 2374 4633 ὲπηρεάζει
2412 4572 2477 4640 τῇ
2525 4571 2784 4644 ἀληθείας
2863 4578 3006 4647 Πλὴν
3067 4578 3201 4632 ἀλλὰ
3239 4550 3517 4639 ’δέδεικτάί

272 4647 336 4698 ἐκ
367 4648 707 4716 περιουσίας,
735 4651 816 4701 ὅτι
844 4651 963 4703 οὐδὲ
999 4653 1260 4720 διαφωνία
1292 4653 1457 4709 ἐστίν.

350 4756 370 4788 ‹
408 4739 516 4789 Καὶ
545 4738 693 4804 λέγει
721 4742 831 4802 τοῖς
870 4741 1164 4804 Ἰουδαίοιςο
1201 4745 1304 4795 Ἴδε
1331 4745 1359 4795 6
1390 4744 1640 4812 βασιλεὺς
1666 4744 1839 4814 ὑμῶν.
1869 4754 1922 4812 1)
2021 4745 2042 4798 ἶ

1830 4785 1839 4799 .
1869 4754 1922 4812 1)
2021 4745 2184 4798 Vens.
2216 4747 2280 4799 14
2312 4747 2395 4801 18.
2436 4766 2453 4798 t
2495 4749 2560 4804 Et
2596 4752 2726 4806 dicit
2757 4752 2957 4812 Judteis
2995 4776 3007 4810 :
3038 4758 3174 4813 Ecce
3204 4777 3292 4814 rex
3321 4774 3522 4818 vester.

273 4829 336 4880 Οί
367 4829 422 4880 δὲ
456 4830 806 4896 ἐκραύγασαν
828 4847 841 4859 ο
873 4826 1040 4900 *Αρον
1064 4873 1078 4898 ,
1114 4829 1264 4903 ἆρον,
1304 4834 1615 4903 σταύρωσον
1654 4838 1836 4891 αὐτόν.

270 4921 440 4986 Λέγει
473 4921 653 4981 αὐτοῖς
686 4922 711 4970 6
758 4920 986 4982 Πιλάτος
1011 4937 1023 4949 ·
1058 4923 1160 4974 Τὸν
1211 4924 1435 4991 βασιλέα
1479 4925 1628 4993 ὑμῶν
1675 4943 1840 4978 σταυ-

273 5008 472 5079 ρώσως
515 5009 914 5079 Ἀπεκρίθησαν
951 5013 1000 5062 οἱ
1029 5013 1336 5082 ἀρχιερεῖς·
1371 5014 1483 5065 οὐκ
1517 5015 1711 5084 ἔχομεν
1743 5017 1840 5085 βα-

273 5101 451 5164 σιλέα,
488 5101 535 5150 εί
578 5102 650 5169 μὴ
692 5101 966 5169 Καίσαρα.
1016 5103 1148 5153 Τότε
1184 5103 1274 5155 οὖν
1324 5105 1640 5173 παρέδωκεν
1681 5107 1841 5159 αὑτὸν

271 5193 480 5253 αὐτοῖς,
519 5191 604 5242 ἴνα
636 5193 941 5260 σταυρωθῇ.
978 5193 1290 5263 Παρέλαϐον
1337 5192 1427 5247 οῦν
1468 5197 1556 5247 τὸν
1601 5196 1836 5265 Ἰησοῦν,

267 5284 364 5332 καὶ
387 5283 588 5350 ἡγαγον
628 5281 789 5335 αὐτὸν
821 5284 897 5344 είς
937 5283 996 5334 τὸ
1032 5286 1383 5350 σταυρῶσαι,
1433 5285 1527 5336 καὶ
1559 5285 1839 5353 βαστάζων

268 5373 364 5422 τὶν
399 5371 628 5439 σταυρὸν
675 5373 875 5436 αὐτοῦ,
925 5372 1142 5440 ἐξῆλθεν
1191 5376 1270 5436 είς
1300 5377 1497 5437 τόπον,
1550 5376 1839 5446 λεγόμενον

270 5464 508 5531 Κρανίου
539 5463 721 5525 τόπον,
749 5463 803 5525 ὃς
834 5464 1046 5528 λέγεται
1090 5465 1366 5533 Ἐϐραϊστὶ
1401 5467 1668 5532 Γολγοθᾶ·
1705 5469 1836 5520 ὅπου

269 5555 432 5605 αὑτὸν
461 5555 830 5624 ἐσταύρωσαν,
862 5558 955 5606 καί
987 5556 1102 5623 μετ’
1126 5555 1291 5608 αὑτοῦ
1323 5557 1514 5619 ἄλλους
1542 5558 1633 5610 δύο
1661 5559 1840 5612 ἐντεῦ-

270 5646 361 5694 υεν
391 5651 481 5697 καὶ
513 5646 781 5710 εντεῦθεν,
817 5649 980 5714 μέσον
1014 5646 1070 5698 δὲ
1111 5647 1202 5699 τὸν
1249 5647 1475 5717 Ἰησοῦν.
1517 5668 1536 5700 ι
1574 5651 1838 5712 Πολλάκις

267 5739 533 5804 εἴπομεν,
575 5739 648 5800 ὡς
685 5740 939 5807 ἄνανδρος
977 5739 1174 5808 μᾶλλον
1209 5741 1304 5793 καὶ
1351 5741 1618 5813 ψοφοδεὴς
1663 5747 1690 5796 ὁ
1743 5747 1838 5796 Πι-

267 5824 456 5888 λατος,
558 5829 850 5900 κακοήθης.
892 5831 1033 5898 Ὅρα
1066 5829 1218 5897 γοῦν,
1286 5832 1377 5885 καὶ
1419 5831 1513 5886 νῦν
1541 5833 1724 5904 σχῆμα
1757 5837 1839 5899 ἐξ·

1946 4835 2024 4888 llli
2044 4847 2222 4890 autem
2252 4839 2580 4906 clamabant,
2612 4841 2781 4909 Tolle,
2813 4848 2960 4911 tolle,
2983 4851 3235 4921 crncilige
3252 4870 3394 4911 eum.
3429 4857 3518 4909 Di-

1947 4927 2108 4980 citeis
2123 4926 2324 4982 Pilatus
2343 4945 2357 4982 :
2378 4928 2575 4999 Regem
2597 4946 2829 4989 vestrum
2851 4940 3157 5007 cruciligam
3176 4943 3196 4994 ‘3
3212 4943 3513 5011 Responde-

1948 5027 2073 5072 runt
2097 5020 2380 5088 pontiﬁces
2405 5039 2415 5075 :
2442 5021 2558 5076 Non
2587 5025 2846 5082 habemus
2872 5044 3069 5098 regem,
3100 5033 3200 5085 nisi
3222 5035 3508 5094 Ctesarem.

1949 5107 2097 5164 Tunc
2120 5124 2248 5179 ergo
2280 5113 2635 5169 tradiditeum
2665 5116 2788 5182 illis,
2816 5129 2870 5172 ut
2890 5122 3311 5189 cruciﬁgeretur.
3341 5130 3510 5180 Acce-

1946 5213 2141 5268 perunt
2180 5215 2358 5258 autem
2396 5205 2598 5272 Jesum,
2657 5219 2708 5262 et
2739 5211 3216 5268 adduxeruttteutn
3250 5227 3307 5269 ut
3333 5220 3509 5272 cruci-

1946 5294 2210 5360 ligerent:
2245 5304 2406 5364 atque
2438 5300 2483 5351 is
2519 5300 2762 5368 bajulans
2798 5317 3015 5357 crucem
3043 5320 3219 5371 suam,
3256 5307 3422 5361 exivit
3458 5311 3509 5362 in

1946 5396 2090 5448 eum,
2123 5386 2211 5451 qui
2245 5387 2440 5440 dicitur
2467 5388 2760 5458 CaIVarize,
2795 5392 3004 5457 locum,
3039 5394 3302 5450 Hebraice
3330 5408 3509 5453 autem

1945 5473 2210 5543 Golgotha
2241 5495 2254 5530 :
2293 5479 2378 5531 ubi
2408 5481 2789 5535 crucilixerunt
2824 5497 2967 5549 eum,
2993 5493 3045 5538 et
3082 5501 3202 5539 cum
3244 5504 3308 5542 eo
3354 5491 3516 5558 alios,

1947 5565 2080 5620 duos
2113 5567 2236 5621 hinc
2267 5578 2319 5623 et
2352 5572 2476 5624 hinc
2500 5612 2514 5636 ,
2561 5575 2796 5628 medium
2845 5588 3024 5630 autem
3061 5576 3265 5632 Jesutn.
3302 5600 3319 5630 ι
3359 5583 3512 5650 Sazpe

1948 5655 2182 5710 diximus
2212 5662 2354 5726 quod
2383 5659 2583 5716 Pilatus
2610 5667 2780 5733 magis
2812 5665 2974 5719 fuerit
2998 5668 3175 5721 mollis
3205 5680 3257 5721 et
3281 5681 3508 5723 meticu-

1948 5747 2113 5814 losus,
2147 5768 2308 5820 quam
2355 5756 2561 5822 asperis
2601 5758 2863 5811 moribus.
2906 5758 3039 5813 Vide
3084 5761 3228 5812 enim
3272 5773 3326 5814 ct
3370 5779 3512 5814 nunc

1947 5842 2090 5907 quod
2122 5841 2291 5895 forma
2321 5847 2537 5911 quidem
2584 5848 2851 5905 examinis
2890 5857 2943 5902 et
2985 5847 3169 5917 iudicii
3198 5853 3383 5919 utitur,
3420 5855 3511 5906 scd
