  <div class='ocr_page' id='page_1' title='image "/cluster/home/n/w/nwhite01/storage/ocr_20150623/124/nnc1.0046979735/148.png"; bbox 0 0 4284 6450; ppageno 0'>
   <div class='ocr_carea' id='block_1_1' title="bbox 288 444 392 505">
    <p class='ocr_par' dir='ltr' id='par_1_1' title="bbox 288 444 392 505">
     <span class='ocr_line' id='line_1_1' title="bbox 288 444 392 505; baseline 0 0"><span class='ocrx_word' id='word_1_1' title='bbox 288 444 392 505; x_wconf 77' lang='lat'><strong>277</strong></span> 
     </span>
    </p>
   </div>
   <div class='ocr_carea' id='block_1_2' title="bbox 913 436 2980 504">
    <p class='ocr_par' dir='ltr' id='par_1_2' title="bbox 913 436 2980 504">
     <span class='ocr_line' id='line_1_2' title="bbox 913 436 2980 504; baseline -0.001 0"><span class='ocrx_word' id='word_1_2' title='bbox 913 441 1364 504; x_wconf 64' lang='lat' dir='ltr'><strong>ENARBATIO</strong></span> <span class='ocrx_word' id='word_1_3' title='bbox 1401 441 1480 500; x_wconf 73' lang='grc' dir='ltr'><strong>ΙΝ</strong></span> <span class='ocrx_word' id='word_1_4' title='bbox 1537 436 2039 499; x_wconf 64' lang='lat' dir='ltr'><strong>E‘VANGELIUM</strong></span> <span class='ocrx_word' id='word_1_5' title='bbox 2081 438 2426 500; x_wconf 75' lang='lat' dir='ltr'><strong>JOANNIS.</strong></span> <span class='ocrx_word' id='word_1_6' title='bbox 2464 463 2533 474; x_wconf 85' lang='lat'><strong><em>—</em></strong></span> <span class='ocrx_word' id='word_1_7' title='bbox 2574 440 2733 501; x_wconf 61' lang='lat' dir='ltr'><strong>CAP.</strong></span> <span class='ocrx_word' id='word_1_8' title='bbox 2769 439 2931 501; x_wconf 81' lang='lat' dir='ltr'><strong>XIX.</strong></span> <span class='ocrx_word' id='word_1_9' title='bbox 2972 474 2980 486; x_wconf 85' lang='lat'><strong>-</strong></span> 
     </span>
    </p>
   </div>
   <div class='ocr_carea' id='block_1_3' title="bbox 3455 443 3564 505">
    <p class='ocr_par' dir='ltr' id='par_1_3' title="bbox 3455 443 3564 505">
     <span class='ocr_line' id='line_1_3' title="bbox 3455 443 3564 505; baseline 0.009 -1"><span class='ocrx_word' id='word_1_10' title='bbox 3455 443 3564 505; x_wconf 74' lang='lat' dir='ltr'><strong>Q78</strong></span> 
     </span>
    </p>
   </div>
   <div class='ocr_carea' id='block_1_4' title="bbox 294 554 1986 627">
    <p class='ocr_par' dir='ltr' id='par_1_4' title="bbox 294 555 1986 627">
     <span class='ocr_line' id='line_1_4' title="bbox 294 555 1986 627; baseline -0.004 -15"><span class='ocrx_word' id='word_1_11' title='bbox 294 562 456 627; x_wconf 72' lang='grc' dir='ltr'>μένου</span> <span class='ocrx_word' id='word_1_12' title='bbox 509 559 605 613; x_wconf 80' lang='grc' dir='ltr'><strong>τοῦ</strong></span> <span class='ocrx_word' id='word_1_13' title='bbox 662 561 881 627; x_wconf 86' lang='grc' dir='ltr'>πανίου,</span> <span class='ocrx_word' id='word_1_14' title='bbox 931 561 1024 614; x_wconf 67' lang='grc' dir='ltr'>καὶ</span> <span class='ocrx_word' id='word_1_15' title='bbox 1058 561 1231 623; x_wconf 76' lang='grc' dir='ltr'>οὕτως</span> <span class='ocrx_word' id='word_1_16' title='bbox 1279 559 1688 627; x_wconf 66' lang='grc' dir='ltr'>ἀναϐαίνοντος,</span> <span class='ocrx_word' id='word_1_17' title='bbox 1739 555 1875 607; x_wconf 73' lang='grc' dir='ltr'>ἀλλὰ</span> <span class='ocrx_word' id='word_1_18' title='bbox 1904 559 1986 616; x_wconf 66' lang='lat' dir='ltr'><strong>At</strong></span> 
     </span>
    </p>
   </div>
   <div class='ocr_carea' id='block_1_5' title="bbox 1867 554 3559 627">
    <p class='ocr_par' dir='ltr' id='par_1_5' title="bbox 1867 554 3559 622">
     <span class='ocr_line' id='line_1_5' title="bbox 1867 554 3559 622; baseline 0.003 -17"><span class='ocrx_word' id='word_1_19' title='bbox 1867 559 1952 616; x_wconf 74' lang='grc' dir='ltr'>ιΑ</span> <span class='ocrx_word' id='word_1_20' title='bbox 1981 566 2107 610; x_wconf 89' lang='lat' dir='ltr'><strong>suttt</strong></span> <span class='ocrx_word' id='word_1_21' title='bbox 2147 557 2256 622; x_wconf 82' lang='lat' dir='ltr'><strong>fila,</strong></span> <span class='ocrx_word' id='word_1_22' title='bbox 2303 559 2354 611; x_wconf 92' lang='lat' dir='ltr'><strong>in</strong></span> <span class='ocrx_word' id='word_1_23' title='bbox 2397 572 2612 614; x_wconf 89' lang='lat' dir='ltr'><strong>summo</strong></span> <span class='ocrx_word' id='word_1_24' title='bbox 2653 567 2833 611; x_wconf 89' lang='lat' dir='ltr'><strong>autem</strong></span> <span class='ocrx_word' id='word_1_25' title='bbox 2871 554 3182 611; x_wconf 83' lang='lat' dir='ltr'><strong>contexitur</strong></span> <span class='ocrx_word' id='word_1_26' title='bbox 3229 563 3514 611; x_wconf 81' lang='lat' dir='ltr'><strong>contextus</strong></span> <span class='ocrx_word' id='word_1_27' title='bbox 3547 577 3559 610; x_wconf 88' lang='lat'><strong>-.</strong></span> 
     </span>
    </p>
   </div>
   <div class='ocr_carea' id='block_1_6' title="bbox 290 648 1880 723">
    <p class='ocr_par' dir='ltr' id='par_1_6' title="bbox 290 648 1880 723">
     <span class='ocr_line' id='line_1_6' title="bbox 290 648 1880 723; baseline -0.003 -20"><span class='ocrx_word' id='word_1_28' title='bbox 290 651 627 715; x_wconf 74' lang='grc' dir='ltr'>τούναντίον,</span> <span class='ocrx_word' id='word_1_29' title='bbox 661 652 812 705; x_wconf 79' lang='grc' dir='ltr'>κάτω</span> <span class='ocrx_word' id='word_1_30' title='bbox 849 654 949 723; x_wconf 76' lang='grc' dir='ltr'>μέν</span> <span class='ocrx_word' id='word_1_31' title='bbox 978 656 1116 705; x_wconf 81' lang='grc' dir='ltr'>εἰσιν</span> <span class='ocrx_word' id='word_1_32' title='bbox 1156 656 1202 707; x_wconf 84' lang='grc' dir='ltr'><strong>οί</strong></span> <span class='ocrx_word' id='word_1_33' title='bbox 1241 655 1407 722; x_wconf 75' lang='grc' dir='ltr'>μίτοι,</span> <span class='ocrx_word' id='word_1_34' title='bbox 1434 653 1546 705; x_wconf 82' lang='grc' dir='ltr'><strong>ἀνω</strong></span> <span class='ocrx_word' id='word_1_35' title='bbox 1576 651 1629 702; x_wconf 77' lang='grc' dir='ltr'><strong>δὲ</strong></span> <span class='ocrx_word' id='word_1_36' title='bbox 1656 648 1880 715; x_wconf 70' lang='grc' dir='ltr'>ὑφαίνε-</span> 
     </span>
    </p>
   </div>
   <div class='ocr_carea' id='block_1_7' title="bbox 289 739 1875 815">
    <p class='ocr_par' dir='ltr' id='par_1_7' title="bbox 289 739 1875 815">
     <span class='ocr_line' id='line_1_7' title="bbox 289 739 1875 815; baseline -0.003 -20"><span class='ocrx_word' id='word_1_37' title='bbox 289 761 380 796; x_wconf 88' lang='grc' dir='ltr'><strong>ται</strong></span> <span class='ocrx_word' id='word_1_38' title='bbox 423 746 484 797; x_wconf 80' lang='grc' dir='ltr'><strong>τδ</strong></span> <span class='ocrx_word' id='word_1_39' title='bbox 550 744 803 815; x_wconf 56' lang='grc' dir='ltr'>ὕφασμα.</span> <span class='ocrx_word' id='word_1_40' title='bbox 861 746 1139 808; x_wconf 84' lang='grc' dir='ltr'>Τοιοῦτος,</span> <span class='ocrx_word' id='word_1_41' title='bbox 1201 749 1386 814; x_wconf 70' lang='grc' dir='ltr'>φησὶν,</span> <span class='ocrx_word' id='word_1_42' title='bbox 1425 740 1492 812; x_wconf 79' lang='grc' dir='ltr'>ἦν</span> <span class='ocrx_word' id='word_1_43' title='bbox 1527 746 1553 796; x_wconf 84' lang='grc' dir='ltr'>ὁ</span> <span class='ocrx_word' id='word_1_44' title='bbox 1590 743 1754 809; x_wconf 81' lang='grc' dir='ltr'>γιτὼν</span> <span class='ocrx_word' id='word_1_45' title='bbox 1783 739 1875 793; x_wconf 90' lang='grc' dir='ltr'><strong>τοῦ</strong></span> 
     </span>
    </p>
   </div>
   <div class='ocr_carea' id='block_1_8' title="bbox 290 832 1875 910">
    <p class='ocr_par' dir='ltr' id='par_1_8' title="bbox 290 832 1875 910">
     <span class='ocr_line' id='line_1_8' title="bbox 290 832 1875 910; baseline -0.005 -18"><span class='ocrx_word' id='word_1_46' title='bbox 290 840 501 908; x_wconf 70' lang='grc' dir='ltr'>Κυρίου</span> <span class='ocrx_word' id='word_1_47' title='bbox 526 861 536 870; x_wconf 63' lang='grc' dir='ltr'><strong>ε</strong></span> <span class='ocrx_word' id='word_1_48' title='bbox 574 841 878 910; x_wconf 66' lang='grc' dir='ltr'>μυστηρίου</span> <span class='ocrx_word' id='word_1_49' title='bbox 908 840 963 892; x_wconf 81' lang='grc' dir='ltr'>δὲ</span> <span class='ocrx_word' id='word_1_50' title='bbox 991 837 1057 908; x_wconf 70' lang='grc' dir='ltr'>[ί.</span> <span class='ocrx_word' id='word_1_51' title='bbox 1081 838 1169 909; x_wconf 75' lang='grc' dir='ltr'><strong>δὴ]</strong></span> <span class='ocrx_word' id='word_1_52' title='bbox 1204 841 1421 898; x_wconf 82' lang='grc' dir='ltr'>πάντως</span> <span class='ocrx_word' id='word_1_53' title='bbox 1454 838 1545 888; x_wconf 75' lang='grc' dir='ltr'><strong>καὶ</strong></span> <span class='ocrx_word' id='word_1_54' title='bbox 1575 836 1660 887; x_wconf 76' lang='grc' dir='ltr'>διὰ</span> <span class='ocrx_word' id='word_1_55' title='bbox 1684 832 1875 886; x_wconf 74' lang='grc' dir='ltr'>τούτου</span> 
     </span>
    </p>
   </div>
   <div class='ocr_carea' id='block_1_9' title="bbox 287 929 1875 1001">
    <p class='ocr_par' dir='ltr' id='par_1_9' title="bbox 287 929 1875 1001">
     <span class='ocr_line' id='line_1_9' title="bbox 287 929 1875 1001; baseline -0.003 -19"><span class='ocrx_word' id='word_1_56' title='bbox 287 931 648 999; x_wconf 72' lang='grc' dir='ltr'>δηλουμένου.</span> <span class='ocrx_word' id='word_1_57' title='bbox 696 932 770 985; x_wconf 83' lang='grc' dir='ltr'><strong>Τὸ</strong></span> <span class='ocrx_word' id='word_1_58' title='bbox 802 931 912 1001; x_wconf 84' lang='grc' dir='ltr'>γὰρ</span> <span class='ocrx_word' id='word_1_59' title='bbox 954 932 1116 999; x_wconf 88' lang='grc' dir='ltr'>σῶμα</span> <span class='ocrx_word' id='word_1_60' title='bbox 1156 930 1251 983; x_wconf 78' lang='grc' dir='ltr'><strong>τοῦ</strong></span> <span class='ocrx_word' id='word_1_61' title='bbox 1288 929 1492 998; x_wconf 80' lang='grc' dir='ltr'>Κυρίου</span> <span class='ocrx_word' id='word_1_62' title='bbox 1536 930 1744 981; x_wconf 78' lang='grc' dir='ltr'>ἀνωθεν</span> <span class='ocrx_word' id='word_1_63' title='bbox 1778 929 1875 995; x_wconf 66' lang='grc' dir='ltr'>μὲν</span> 
     </span>
    </p>
   </div>
   <div class='ocr_carea' id='block_1_10' title="bbox 286 1020 1875 1095">
    <p class='ocr_par' dir='ltr' id='par_1_10' title="bbox 286 1020 1875 1095">
     <span class='ocr_line' id='line_1_10' title="bbox 286 1020 1875 1095; baseline -0.003 -20"><span class='ocrx_word' id='word_1_64' title='bbox 286 1022 526 1094; x_wconf 77' lang='grc' dir='ltr'>ὑφάνθη.</span> <span class='ocrx_word' id='word_1_65' title='bbox 569 1024 801 1095; x_wconf 90' lang='grc' dir='ltr'>Πνεῦμα</span> <span class='ocrx_word' id='word_1_66' title='bbox 854 1026 962 1095; x_wconf 88' lang='grc' dir='ltr'>γὰρ</span> <span class='ocrx_word' id='word_1_67' title='bbox 1013 1024 1169 1090; x_wconf 78' lang='grc' dir='ltr'>ἅγιον</span> <span class='ocrx_word' id='word_1_68' title='bbox 1216 1021 1447 1091; x_wconf 76' lang='grc' dir='ltr'>ἐπῆλθε,</span> <span class='ocrx_word' id='word_1_69' title='bbox 1504 1024 1596 1073; x_wconf 74' lang='grc' dir='ltr'>καὶ</span> <span class='ocrx_word' id='word_1_70' title='bbox 1647 1020 1875 1088; x_wconf 62' lang='grc' dir='ltr'>δύναμις</span> 
     </span>
    </p>
   </div>
   <div class='ocr_carea' id='block_1_11' title="bbox 299 1114 1876 1188">
    <p class='ocr_par' dir='ltr' id='par_1_11' title="bbox 299 1114 1876 1188">
     <span class='ocr_line' id='line_1_11' title="bbox 299 1114 1876 1188; baseline -0.004 -17"><span class='ocrx_word' id='word_1_71' title='bbox 299 1116 560 1186; x_wconf 74' lang='grc' dir='ltr'>Ὑψίστου</span> <span class='ocrx_word' id='word_1_72' title='bbox 580 1119 878 1173; x_wconf 80' lang='grc' dir='ltr'>ὲπεσκίασε</span> <span class='ocrx_word' id='word_1_73' title='bbox 904 1123 969 1188; x_wconf 88' lang='grc' dir='ltr'>τῇ</span> <span class='ocrx_word' id='word_1_74' title='bbox 987 1117 1273 1188; x_wconf 75' lang='grc' dir='ltr'><strong>Παρθένῳ.</strong></span> <span class='ocrx_word' id='word_1_75' title='bbox 1314 1118 1372 1169; x_wconf 85' lang='grc' dir='ltr'><strong>Εἰ</strong></span> <span class='ocrx_word' id='word_1_76' title='bbox 1406 1120 1513 1188; x_wconf 64' lang='grc' dir='ltr'>γὲρ</span> <span class='ocrx_word' id='word_1_77' title='bbox 1545 1116 1641 1168; x_wconf 73' lang='grc' dir='ltr'><strong>καὶ</strong></span> <span class='ocrx_word' id='word_1_78' title='bbox 1667 1114 1876 1182; x_wconf 60' lang='grc' dir='ltr'>ἀνθρώ-</span> 
     </span>
    </p>
   </div>
   <div class='ocr_carea' id='block_1_12' title="bbox 288 1204 1872 1280">
    <p class='ocr_par' dir='ltr' id='par_1_12' title="bbox 288 1204 1872 1280">
     <span class='ocr_line' id='line_1_12' title="bbox 288 1204 1872 1280; baseline -0.003 -20"><span class='ocrx_word' id='word_1_79' title='bbox 288 1224 397 1260; x_wconf 87' lang='grc' dir='ltr'><strong>που</strong></span> <span class='ocrx_word' id='word_1_80' title='bbox 447 1206 612 1276; x_wconf 80' lang='grc' dir='ltr'>φύσιν</span> <span class='ocrx_word' id='word_1_81' title='bbox 651 1208 880 1261; x_wconf 79' lang='grc' dir='ltr'>ἀνέλαϐε</span> <span class='ocrx_word' id='word_1_82' title='bbox 906 1209 1007 1280; x_wconf 86' lang='grc' dir='ltr'>τὴν</span> <span class='ocrx_word' id='word_1_83' title='bbox 1046 1210 1199 1260; x_wconf 84' lang='grc' dir='ltr'>κάτω</span> <span class='ocrx_word' id='word_1_84' title='bbox 1246 1204 1412 1260; x_wconf 75' lang='grc' dir='ltr'>οὖσαν</span> <span class='ocrx_word' id='word_1_85' title='bbox 1445 1206 1537 1258; x_wconf 70' lang='grc' dir='ltr'><strong>καὶ</strong></span> <span class='ocrx_word' id='word_1_86' title='bbox 1576 1206 1872 1269; x_wconf 79' lang='grc' dir='ltr'>πεσοῦσαν,</span> 
     </span>
    </p>
   </div>
   <div class='ocr_carea' id='block_1_13' title="bbox 286 1298 1877 1369">
    <p class='ocr_par' dir='ltr' id='par_1_13' title="bbox 286 1298 1877 1369">
     <span class='ocr_line' id='line_1_13' title="bbox 286 1298 1877 1369; baseline -0.001 -18"><span class='ocrx_word' id='word_1_87' title='bbox 286 1298 426 1351; x_wconf 70' lang='grc' dir='ltr'>ἀλλὰ</span> <span class='ocrx_word' id='word_1_88' title='bbox 465 1302 533 1369; x_wconf 77' lang='grc' dir='ltr'>τῇ</span> <span class='ocrx_word' id='word_1_89' title='bbox 563 1299 770 1353; x_wconf 82' lang='grc' dir='ltr'>ἄνωθεν</span> <span class='ocrx_word' id='word_1_90' title='bbox 838 1299 929 1353; x_wconf 85' lang='grc' dir='ltr'><strong>τοῦ</strong></span> <span class='ocrx_word' id='word_1_91' title='bbox 965 1299 1120 1367; x_wconf 77' lang='grc' dir='ltr'>ἁγίου</span> <span class='ocrx_word' id='word_1_92' title='bbox 1161 1298 1475 1367; x_wconf 82' lang='grc' dir='ltr'>Πνεύματος</span> <span class='ocrx_word' id='word_1_93' title='bbox 1525 1300 1703 1368; x_wconf 83' lang='grc' dir='ltr'>χάριτι</span> <span class='ocrx_word' id='word_1_94' title='bbox 1748 1315 1877 1349; x_wconf 91' lang='grc' dir='ltr'>συν-</span> 
     </span>
    </p>
   </div>
   <div class='ocr_carea' id='block_1_14' title="bbox 289 1390 1875 1463">
    <p class='ocr_par' dir='ltr' id='par_1_14' title="bbox 289 1390 1875 1463">
     <span class='ocr_line' id='line_1_14' title="bbox 289 1390 1875 1463; baseline -0.001 -19"><span class='ocrx_word' id='word_1_95' title='bbox 289 1390 429 1461; x_wconf 84' lang='grc' dir='ltr'>έστη</span> <span class='ocrx_word' id='word_1_96' title='bbox 488 1393 584 1444; x_wconf 76' lang='grc' dir='ltr'>καὶ</span> <span class='ocrx_word' id='word_1_97' title='bbox 637 1394 917 1462; x_wconf 84' lang='grc' dir='ltr'><strong>συνεπάγη</strong></span> <span class='ocrx_word' id='word_1_98' title='bbox 963 1394 995 1463; x_wconf 89' lang='grc' dir='ltr'><strong>ή</strong></span> <span class='ocrx_word' id='word_1_99' title='bbox 1030 1392 1152 1445; x_wconf 85' lang='grc' dir='ltr'>θεία</span> <span class='ocrx_word' id='word_1_100' title='bbox 1183 1390 1342 1462; x_wconf 80' lang='grc' dir='ltr'>σάρξ.</span> <span class='ocrx_word' id='word_1_101' title='bbox 1373 1390 1447 1444; x_wconf 79' lang='grc' dir='ltr'><strong>Τὸ</strong></span> <span class='ocrx_word' id='word_1_102' title='bbox 1480 1392 1660 1443; x_wconf 83' lang='grc' dir='ltr'>τοίνυν</span> <span class='ocrx_word' id='word_1_103' title='bbox 1718 1391 1875 1458; x_wconf 76' lang='grc' dir='ltr'>ἅγιον</span> 
     </span>
    </p>
   </div>
   <div class='ocr_carea' id='block_1_15' title="bbox 289 1484 1874 1557">
    <p class='ocr_par' dir='ltr' id='par_1_15' title="bbox 289 1484 1874 1557">
     <span class='ocr_line' id='line_1_15' title="bbox 289 1484 1874 1557; baseline 0.001 -20"><span class='ocrx_word' id='word_1_104' title='bbox 289 1484 453 1555; x_wconf 85' lang='grc' dir='ltr'>σῶμα</span> <span class='ocrx_word' id='word_1_105' title='bbox 479 1486 575 1539; x_wconf 90' lang='grc' dir='ltr'><strong>τοῦ</strong></span> <span class='ocrx_word' id='word_1_106' title='bbox 622 1486 862 1556; x_wconf 77' lang='grc' dir='ltr'><strong>Χριστοῦ</strong></span> <span class='ocrx_word' id='word_1_107' title='bbox 922 1486 1223 1557; x_wconf 81' lang='grc' dir='ltr'>ἀμέριστόν</span> <span class='ocrx_word' id='word_1_108' title='bbox 1273 1490 1411 1553; x_wconf 74' lang='grc' dir='ltr'>ἐστι,</span> <span class='ocrx_word' id='word_1_109' title='bbox 1456 1488 1572 1549; x_wconf 77' lang='grc' dir='ltr'>τοῖς</span> <span class='ocrx_word' id='word_1_110' title='bbox 1611 1486 1874 1556; x_wconf 75' lang='grc' dir='ltr'>τέσσαρσι</span> 
     </span>
    </p>
   </div>
   <div class='ocr_carea' id='block_1_16' title="bbox 287 1578 1874 1651">
    <p class='ocr_par' dir='ltr' id='par_1_16' title="bbox 287 1578 1874 1651">
     <span class='ocr_line' id='line_1_16' title="bbox 287 1578 1874 1651; baseline 0.001 -21"><span class='ocrx_word' id='word_1_111' title='bbox 287 1578 384 1631; x_wconf 84' lang='grc' dir='ltr'><strong>τοῦ</strong></span> <span class='ocrx_word' id='word_1_112' title='bbox 424 1580 632 1647; x_wconf 78' lang='grc' dir='ltr'>κόσμου</span> <span class='ocrx_word' id='word_1_113' title='bbox 688 1580 883 1651; x_wconf 78' lang='grc' dir='ltr'>μέρεσι</span> <span class='ocrx_word' id='word_1_114' title='bbox 924 1578 1283 1651; x_wconf 77' lang='grc' dir='ltr'>μεριζόμενον</span> <span class='ocrx_word' id='word_1_115' title='bbox 1344 1583 1440 1633; x_wconf 74' lang='grc' dir='ltr'><strong>καὶ</strong></span> <span class='ocrx_word' id='word_1_116' title='bbox 1486 1579 1874 1649; x_wconf 77' lang='grc' dir='ltr'>διαδιδόμενον.</span> 
     </span>
    </p>
   </div>
   <div class='ocr_carea' id='block_1_17' title="bbox 288 1672 1878 1746">
    <p class='ocr_par' dir='ltr' id='par_1_17' title="bbox 288 1672 1878 1746">
     <span class='ocr_line' id='line_1_17' title="bbox 288 1672 1878 1746; baseline 0.002 -22"><span class='ocrx_word' id='word_1_117' title='bbox 288 1672 927 1743; x_wconf 72' lang='grc' dir='ltr'>Κατακερματιξόμενος</span> <span class='ocrx_word' id='word_1_118' title='bbox 960 1673 1068 1746; x_wconf 78' lang='grc' dir='ltr'><strong>γάρ</strong></span> <span class='ocrx_word' id='word_1_119' title='bbox 1099 1674 1159 1726; x_wconf 82' lang='grc' dir='ltr'>ὲν</span> <span class='ocrx_word' id='word_1_120' title='bbox 1195 1676 1307 1737; x_wconf 87' lang='grc' dir='ltr'>τοῖς</span> <span class='ocrx_word' id='word_1_121' title='bbox 1338 1673 1465 1726; x_wconf 81' lang='grc' dir='ltr'>καθ’</span> <span class='ocrx_word' id='word_1_122' title='bbox 1495 1674 1613 1737; x_wconf 70' lang='grc' dir='ltr'>ἕνα,</span> <span class='ocrx_word' id='word_1_123' title='bbox 1650 1674 1744 1727; x_wconf 74' lang='grc' dir='ltr'><strong>καὶ</strong></span> <span class='ocrx_word' id='word_1_124' title='bbox 1780 1676 1878 1745; x_wconf 73' lang='grc' dir='ltr'><strong>τὴν</strong></span> 
     </span>
    </p>
   </div>
   <div class='ocr_carea' id='block_1_18' title="bbox 287 1766 1879 1837">
    <p class='ocr_par' dir='ltr' id='par_1_18' title="bbox 287 1766 1879 1837">
     <span class='ocr_line' id='line_1_18' title="bbox 287 1766 1879 1837; baseline 0.002 -21"><span class='ocrx_word' id='word_1_125' title='bbox 287 1766 526 1819; x_wconf 78' lang='grc' dir='ltr'>ἑκάστου</span> <span class='ocrx_word' id='word_1_126' title='bbox 569 1768 750 1837; x_wconf 71' lang='grc' dir='ltr'>ψυχὴν</span> <span class='ocrx_word' id='word_1_127' title='bbox 788 1768 1033 1833; x_wconf 75' lang='grc' dir='ltr'><strong>ἁγιάζων</strong></span> <span class='ocrx_word' id='word_1_128' title='bbox 1062 1767 1201 1837; x_wconf 89' lang='grc' dir='ltr'>μετὰ</span> <span class='ocrx_word' id='word_1_129' title='bbox 1232 1766 1328 1820; x_wconf 91' lang='grc' dir='ltr'><strong>τοῦ</strong></span> <span class='ocrx_word' id='word_1_130' title='bbox 1362 1767 1616 1837; x_wconf 85' lang='grc' dir='ltr'>σώματος</span> <span class='ocrx_word' id='word_1_131' title='bbox 1646 1771 1674 1820; x_wconf 86' lang='grc' dir='ltr'>ὁ</span> <span class='ocrx_word' id='word_1_132' title='bbox 1705 1769 1879 1820; x_wconf 85' lang='grc' dir='ltr'>Μονο-</span> 
     </span>
    </p>
   </div>
   <div class='ocr_carea' id='block_1_19' title="bbox 285 1859 1874 1931">
    <p class='ocr_par' dir='ltr' id='par_1_19' title="bbox 285 1859 1874 1931">
     <span class='ocr_line' id='line_1_19' title="bbox 285 1859 1874 1931; baseline 0.003 -22"><span class='ocrx_word' id='word_1_133' title='bbox 285 1861 454 1926; x_wconf 71' lang='grc' dir='ltr'>γενὴς</span> <span class='ocrx_word' id='word_1_134' title='bbox 478 1859 568 1912; x_wconf 76' lang='grc' dir='ltr'><strong>διὰ</strong></span> <span class='ocrx_word' id='word_1_135' title='bbox 599 1860 695 1929; x_wconf 77' lang='grc' dir='ltr'>τῆς</span> <span class='ocrx_word' id='word_1_136' title='bbox 727 1860 863 1923; x_wconf 76' lang='grc' dir='ltr'>ἰδίας</span> <span class='ocrx_word' id='word_1_137' title='bbox 914 1862 1138 1931; x_wconf 76' lang='grc' dir='ltr'>σαρκὸς,</span> <span class='ocrx_word' id='word_1_138' title='bbox 1174 1861 1489 1931; x_wconf 78' lang='grc' dir='ltr'><strong>ὁλοκλήρως</strong></span> <span class='ocrx_word' id='word_1_139' title='bbox 1540 1863 1632 1914; x_wconf 75' lang='grc' dir='ltr'><strong>καὶ</strong></span> <span class='ocrx_word' id='word_1_140' title='bbox 1676 1861 1874 1930; x_wconf 86' lang='grc' dir='ltr'>ἀμερί-</span> 
     </span>
    </p>
   </div>
   <div class='ocr_carea' id='block_1_20' title="bbox 1983 649 3563 719">
    <p class='ocr_par' dir='ltr' id='par_1_20' title="bbox 1983 649 3563 719">
     <span class='ocr_line' id='line_1_20' title="bbox 1983 649 3563 719; baseline -0.002 -16"><span class='ocrx_word' id='word_1_141' title='bbox 1983 658 2037 703; x_wconf 92' lang='lat' dir='ltr'><strong>et</strong></span> <span class='ocrx_word' id='word_1_142' title='bbox 2067 649 2189 702; x_wconf 86' lang='lat' dir='ltr'><strong>talis</strong></span> <span class='ocrx_word' id='word_1_143' title='bbox 2233 665 2449 719; x_wconf 88' lang='lat' dir='ltr'><strong>quoque</strong></span> <span class='ocrx_word' id='word_1_144' title='bbox 2496 650 2598 705; x_wconf 87' lang='lat' dir='ltr'><strong>fuit</strong></span> <span class='ocrx_word' id='word_1_145' title='bbox 2651 650 2831 704; x_wconf 90' lang='lat' dir='ltr'><strong>tunica</strong></span> <span class='ocrx_word' id='word_1_146' title='bbox 2881 649 3113 703; x_wconf 82' lang='lat' dir='ltr'><strong>Domini.</strong></span> <span class='ocrx_word' id='word_1_147' title='bbox 3151 649 3563 703; x_wconf 81' lang='lat' dir='ltr'><strong>Sacramentunt</strong></span> 
     </span>
    </p>
   </div>
   <div class='ocr_carea' id='block_1_21' title="bbox 1982 740 3567 810">
    <p class='ocr_par' dir='ltr' id='par_1_21' title="bbox 1982 740 3567 810">
     <span class='ocr_line' id='line_1_21' title="bbox 1982 740 3567 810; baseline 0.002 -20"><span class='ocrx_word' id='word_1_148' title='bbox 1982 757 2197 808; x_wconf 82' lang='lat' dir='ltr'><strong>quoque</strong></span> <span class='ocrx_word' id='word_1_149' title='bbox 2241 752 2293 796; x_wconf 91' lang='lat' dir='ltr'><strong>et</strong></span> <span class='ocrx_word' id='word_1_150' title='bbox 2334 758 2428 809; x_wconf 90' lang='lat' dir='ltr'><strong>per</strong></span> <span class='ocrx_word' id='word_1_151' title='bbox 2474 743 2576 797; x_wconf 91' lang='lat' dir='ltr'><strong>hoc</strong></span> <span class='ocrx_word' id='word_1_152' title='bbox 2621 744 2776 797; x_wconf 85' lang='lat' dir='ltr'><strong>nobis</strong></span> <span class='ocrx_word' id='word_1_153' title='bbox 2810 742 3133 796; x_wconf 75' lang='lat' dir='ltr'><strong>insinuatur.</strong></span> <span class='ocrx_word' id='word_1_154' title='bbox 3184 740 3316 793; x_wconf 81' lang='lat' dir='ltr'><strong>Nam</strong></span> <span class='ocrx_word' id='word_1_155' title='bbox 3369 756 3567 810; x_wconf 84' lang='lat' dir='ltr'><strong>corpus</strong></span> 
     </span>
    </p>
   </div>
   <div class='ocr_carea' id='block_1_22' title="bbox 1983 834 3566 905">
    <p class='ocr_par' dir='ltr' id='par_1_22' title="bbox 1983 834 3566 905">
     <span class='ocr_line' id='line_1_22' title="bbox 1983 834 3566 905; baseline -0.001 -19"><span class='ocrx_word' id='word_1_156' title='bbox 1983 834 2193 888; x_wconf 75' lang='lat' dir='ltr'><strong>Domitii</strong></span> <span class='ocrx_word' id='word_1_157' title='bbox 2247 850 2481 904; x_wconf 85' lang='lat' dir='ltr'><strong>superne</strong></span> <span class='ocrx_word' id='word_1_158' title='bbox 2542 836 2757 905; x_wconf 86' lang='lat' dir='ltr'><strong>quidem</strong></span> <span class='ocrx_word' id='word_1_159' title='bbox 2805 845 3117 889; x_wconf 71' lang='lat' dir='ltr'><strong>contextum</strong></span> <span class='ocrx_word' id='word_1_160' title='bbox 3170 846 3272 891; x_wconf 89' lang='lat' dir='ltr'><strong>cst.</strong></span> <span class='ocrx_word' id='word_1_161' title='bbox 3330 834 3566 902; x_wconf 80' lang='lat' dir='ltr'><strong>Spiritus</strong></span> 
     </span>
    </p>
   </div>
   <div class='ocr_carea' id='block_1_23' title="bbox 1981 925 3565 1005">
    <p class='ocr_par' dir='ltr' id='par_1_23' title="bbox 1981 925 3565 1005">
     <span class='ocr_line' id='line_1_23' title="bbox 1981 925 3565 1005; baseline 0 -28"><span class='ocrx_word' id='word_1_162' title='bbox 1981 928 2123 1005; x_wconf 78' lang='lat' dir='ltr'><strong>enim</strong></span> <span class='ocrx_word' id='word_1_163' title='bbox 2160 940 2382 983; x_wconf 82' lang='lat' dir='ltr'><strong>sanctus</strong></span> <span class='ocrx_word' id='word_1_164' title='bbox 2414 931 2558 981; x_wconf 90' lang='lat' dir='ltr'><strong>venit</strong></span> <span class='ocrx_word' id='word_1_165' title='bbox 2586 945 2748 996; x_wconf 80' lang='lat' dir='ltr'><strong>super</strong></span> <span class='ocrx_word' id='word_1_166' title='bbox 2779 927 3080 996; x_wconf 75' lang='lat' dir='ltr'><strong>Virginem,</strong></span> <span class='ocrx_word' id='word_1_167' title='bbox 3113 936 3165 978; x_wconf 90' lang='lat' dir='ltr'><strong>et</strong></span> <span class='ocrx_word' id='word_1_168' title='bbox 3198 927 3369 978; x_wconf 86' lang='lat' dir='ltr'><strong>virtus</strong></span> <span class='ocrx_word' id='word_1_169' title='bbox 3401 925 3565 977; x_wconf 77' lang='lat' dir='ltr'><strong>Altis-</strong></span> 
     </span>
    </p>
   </div>
   <div class='ocr_carea' id='block_1_24' title="bbox 1981 1018 3567 1077">
    <p class='ocr_par' dir='ltr' id='par_1_24' title="bbox 1981 1018 3567 1077">
     <span class='ocr_line' id='line_1_24' title="bbox 1981 1018 3567 1077; baseline -0.003 -3"><span class='ocrx_word' id='word_1_170' title='bbox 1981 1021 2103 1075; x_wconf 86' lang='lat' dir='ltr'><strong>simi</strong></span> <span class='ocrx_word' id='word_1_171' title='bbox 2145 1024 2486 1075; x_wconf 88' lang='lat' dir='ltr'><strong>obumbravit</strong></span> <span class='ocrx_word' id='word_1_172' title='bbox 2518 1036 2634 1074; x_wconf 77' lang='lat' dir='ltr'><strong>eam</strong></span> <span class='ocrx_word' id='word_1_173' title='bbox 2671 1025 2736 1077; x_wconf 80' lang='lat'><strong>&quot;.</strong></span> <span class='ocrx_word' id='word_1_174' title='bbox 2771 1022 2923 1076; x_wconf 90' lang='lat' dir='ltr'><strong>Licet</strong></span> <span class='ocrx_word' id='word_1_175' title='bbox 2951 1020 3096 1075; x_wconf 88' lang='lat' dir='ltr'><strong>enim</strong></span> <span class='ocrx_word' id='word_1_176' title='bbox 3134 1018 3365 1072; x_wconf 89' lang='lat' dir='ltr'><strong>hominis</strong></span> <span class='ocrx_word' id='word_1_177' title='bbox 3410 1029 3567 1071; x_wconf 86' lang='lat' dir='ltr'><strong>natu-</strong></span> 
     </span>
    </p>
   </div>
   <div class='ocr_carea' id='block_1_25' title="bbox 1992 1112 3563 1185">
    <p class='ocr_par' dir='ltr' id='par_1_25' title="bbox 1992 1112 3563 1185">
     <span class='ocr_line' id='line_1_25' title="bbox 1992 1112 3563 1185; baseline -0.003 -17"><span class='ocrx_word' id='word_1_178' title='bbox 1992 1133 2102 1168; x_wconf 83' lang='lat' dir='ltr'><strong>ram</strong></span> <span class='ocrx_word' id='word_1_179' title='bbox 2159 1118 2484 1184; x_wconf 72' lang='lat' dir='ltr'><strong>susceperit,</strong></span> <span class='ocrx_word' id='word_1_180' title='bbox 2520 1131 2641 1185; x_wconf 75' lang='lat' dir='ltr'><strong>qua:</strong></span> <span class='ocrx_word' id='word_1_181' title='bbox 2677 1116 2905 1169; x_wconf 87' lang='lat' dir='ltr'><strong>inferior</strong></span> <span class='ocrx_word' id='word_1_182' title='bbox 2942 1124 2996 1168; x_wconf 73' lang='lat' dir='ltr'><strong>et</strong></span> <span class='ocrx_word' id='word_1_183' title='bbox 3038 1112 3212 1166; x_wconf 69' lang='lat' dir='ltr'><strong>laltilis</strong></span> <span class='ocrx_word' id='word_1_184' title='bbox 3244 1123 3346 1175; x_wconf 89' lang='lat' dir='ltr'><strong>est,</strong></span> <span class='ocrx_word' id='word_1_185' title='bbox 3386 1122 3563 1164; x_wconf 70' lang='lat' dir='ltr'><strong>tamen</strong></span> 
     </span>
    </p>
   </div>
   <div class='ocr_carea' id='block_1_26' title="bbox 1981 1208 3563 1279">
    <p class='ocr_par' dir='ltr' id='par_1_26' title="bbox 1981 1208 3563 1279">
     <span class='ocr_line' id='line_1_26' title="bbox 1981 1208 3563 1279; baseline -0.004 -16"><span class='ocrx_word' id='word_1_186' title='bbox 1981 1224 2212 1277; x_wconf 79' lang='lat' dir='ltr'><strong>superne</strong></span> <span class='ocrx_word' id='word_1_187' title='bbox 2237 1208 2475 1279; x_wconf 88' lang='lat' dir='ltr'><strong>Spiritus</strong></span> <span class='ocrx_word' id='word_1_188' title='bbox 2505 1210 2677 1264; x_wconf 81' lang='lat' dir='ltr'><strong>saneti</strong></span> <span class='ocrx_word' id='word_1_189' title='bbox 2709 1210 2883 1279; x_wconf 86' lang='lat' dir='ltr'><strong>gratia</strong></span> <span class='ocrx_word' id='word_1_190' title='bbox 2905 1209 3170 1269; x_wconf 85' lang='lat' dir='ltr'><strong>constitit,</strong></span> <span class='ocrx_word' id='word_1_191' title='bbox 3199 1216 3251 1260; x_wconf 92' lang='lat' dir='ltr'><strong>et</strong></span> <span class='ocrx_word' id='word_1_192' title='bbox 3282 1216 3563 1272; x_wconf 80' lang='lat' dir='ltr'><strong>compacta</strong></span> 
     </span>
    </p>
   </div>
   <div class='ocr_carea' id='block_1_27' title="bbox 1979 1297 3563 1370">
    <p class='ocr_par' dir='ltr' id='par_1_27' title="bbox 1979 1297 3563 1370">
     <span class='ocr_line' id='line_1_27' title="bbox 1979 1297 3563 1370; baseline -0.002 -18"><span class='ocrx_word' id='word_1_193' title='bbox 1979 1310 2060 1353; x_wconf 77' lang='lat' dir='ltr'><strong>est</strong></span> <span class='ocrx_word' id='word_1_194' title='bbox 2100 1300 2278 1352; x_wconf 81' lang='lat' dir='ltr'><strong>divina</strong></span> <span class='ocrx_word' id='word_1_195' title='bbox 2313 1317 2456 1354; x_wconf 85' lang='lat' dir='ltr'><strong>caro.</strong></span> <span class='ocrx_word' id='word_1_196' title='bbox 2488 1303 2653 1370; x_wconf 92' lang='lat' dir='ltr'><strong>Igitur</strong></span> <span class='ocrx_word' id='word_1_197' title='bbox 2688 1309 2936 1356; x_wconf 88' lang='lat' dir='ltr'><strong>sanctum</strong></span> <span class='ocrx_word' id='word_1_198' title='bbox 2966 1313 3164 1364; x_wconf 84' lang='lat' dir='ltr'><strong>corpus</strong></span> <span class='ocrx_word' id='word_1_199' title='bbox 3188 1298 3385 1351; x_wconf 81' lang='lat' dir='ltr'><strong>Christi</strong></span> <span class='ocrx_word' id='word_1_200' title='bbox 3426 1297 3563 1350; x_wconf 90' lang='lat' dir='ltr'><strong>indi-</strong></span> 
     </span>
    </p>
   </div>
   <div class='ocr_carea' id='block_1_28' title="bbox 1980 1391 3566 1457">
    <p class='ocr_par' dir='ltr' id='par_1_28' title="bbox 1980 1391 3566 1457">
     <span class='ocr_line' id='line_1_28' title="bbox 1980 1391 3566 1457; baseline -0.001 -14"><span class='ocrx_word' id='word_1_201' title='bbox 1980 1393 2189 1446; x_wconf 80' lang='lat' dir='ltr'><strong>visibile</strong></span> <span class='ocrx_word' id='word_1_202' title='bbox 2217 1402 2299 1447; x_wconf 87' lang='lat' dir='ltr'><strong>est</strong></span> <span class='ocrx_word' id='word_1_203' title='bbox 2336 1401 2386 1447; x_wconf 90' lang='lat' dir='ltr'><strong>et</strong></span> <span class='ocrx_word' id='word_1_204' title='bbox 2434 1392 2692 1447; x_wconf 83' lang='lat' dir='ltr'><strong>dividitur</strong></span> <span class='ocrx_word' id='word_1_205' title='bbox 2713 1403 2765 1447; x_wconf 90' lang='lat' dir='ltr'><strong>et</strong></span> <span class='ocrx_word' id='word_1_206' title='bbox 2787 1393 3227 1447; x_wconf 81' lang='lat' dir='ltr'><strong>communicatur</strong></span> <span class='ocrx_word' id='word_1_207' title='bbox 3258 1391 3309 1443; x_wconf 91' lang='lat' dir='ltr'><strong>in</strong></span> <span class='ocrx_word' id='word_1_208' title='bbox 3336 1400 3566 1457; x_wconf 76' lang='lat' dir='ltr'><strong>quatuor</strong></span> 
     </span>
    </p>
   </div>
   <div class='ocr_carea' id='block_1_29' title="bbox 1980 1485 3565 1552">
    <p class='ocr_par' dir='ltr' id='par_1_29' title="bbox 1980 1485 3565 1552">
     <span class='ocr_line' id='line_1_29' title="bbox 1980 1485 3565 1552; baseline 0.001 -18"><span class='ocrx_word' id='word_1_209' title='bbox 1980 1497 2158 1551; x_wconf 78' lang='lat' dir='ltr'><strong>partes</strong></span> <span class='ocrx_word' id='word_1_210' title='bbox 2185 1486 2356 1541; x_wconf 87' lang='lat' dir='ltr'><strong>orbis.</strong></span> <span class='ocrx_word' id='word_1_211' title='bbox 2393 1485 2723 1541; x_wconf 81' lang='lat' dir='ltr'><strong>Distributus</strong></span> <span class='ocrx_word' id='word_1_212' title='bbox 2753 1486 2895 1538; x_wconf 89' lang='lat' dir='ltr'><strong>cnim</strong></span> <span class='ocrx_word' id='word_1_213' title='bbox 2934 1486 3182 1552; x_wconf 70' lang='lat' dir='ltr'><strong>singulis,</strong></span> <span class='ocrx_word' id='word_1_214' title='bbox 3222 1496 3275 1538; x_wconf 92' lang='lat' dir='ltr'><strong>et</strong></span> <span class='ocrx_word' id='word_1_215' title='bbox 3308 1485 3565 1537; x_wconf 52' lang='lat' dir='ltr'><strong>uniuscu-</strong></span> 
     </span>
    </p>
   </div>
   <div class='ocr_carea' id='block_1_30' title="bbox 1975 1568 3564 1647">
    <p class='ocr_par' dir='ltr' id='par_1_30' title="bbox 1975 1568 3564 1647">
     <span class='ocr_line' id='line_1_30' title="bbox 1975 1568 3564 1647; baseline 0.009 -22"><span class='ocrx_word' id='word_1_216' title='bbox 1975 1579 2171 1647; x_wconf 78' lang='lat' dir='ltr'><strong>jusque</strong></span> <span class='ocrx_word' id='word_1_217' title='bbox 2203 1579 2437 1630; x_wconf 82' lang='lat' dir='ltr'><strong>animum</strong></span> <span class='ocrx_word' id='word_1_218' title='bbox 2468 1578 2835 1639; x_wconf 85' lang='lat' dir='ltr'><strong>sanctilicatts,</strong></span> <span class='ocrx_word' id='word_1_219' title='bbox 2861 1576 3023 1647; x_wconf 80' lang='lat'><strong>753</strong></span> <span class='ocrx_word' id='word_1_220' title='bbox 3057 1592 3179 1629; x_wconf 83' lang='lat' dir='ltr'><strong>cum</strong></span> <span class='ocrx_word' id='word_1_221' title='bbox 3202 1568 3442 1643; x_wconf 69' lang='lat' dir='ltr'><strong>corpore</strong></span> <span class='ocrx_word' id='word_1_222' title='bbox 3468 1590 3564 1639; x_wconf 65' lang='lat' dir='ltr'><strong>l‘C‘&quot;</strong></span> 
     </span>
    </p>
   </div>
   <div class='ocr_carea' id='block_1_31' title="bbox 1978 1668 3562 1737">
    <p class='ocr_par' dir='ltr' id='par_1_31' title="bbox 1978 1668 3562 1737">
     <span class='ocr_line' id='line_1_31' title="bbox 1978 1668 3562 1737; baseline -0.003 -14"><span class='ocrx_word' id='word_1_223' title='bbox 1978 1686 2131 1723; x_wconf 79' lang='lat' dir='ltr'><strong>sitam</strong></span> <span class='ocrx_word' id='word_1_224' title='bbox 2164 1686 2386 1723; x_wconf 85' lang='lat' dir='ltr'><strong>carnem</strong></span> <span class='ocrx_word' id='word_1_225' title='bbox 2423 1671 2748 1737; x_wconf 87' lang='lat' dir='ltr'><strong>Uuigenitus</strong></span> <span class='ocrx_word' id='word_1_226' title='bbox 2791 1683 2845 1725; x_wconf 74' lang='lat' dir='ltr'><strong>ct</strong></span> <span class='ocrx_word' id='word_1_227' title='bbox 2877 1672 3088 1737; x_wconf 78' lang='lat' dir='ltr'><strong>integer</strong></span> <span class='ocrx_word' id='word_1_228' title='bbox 3118 1679 3171 1723; x_wconf 88' lang='lat' dir='ltr'><strong>et</strong></span> <span class='ocrx_word' id='word_1_229' title='bbox 3210 1668 3472 1721; x_wconf 77' lang='lat' dir='ltr'><strong>indivisus</strong></span> <span class='ocrx_word' id='word_1_230' title='bbox 3510 1668 3562 1719; x_wconf 91' lang='lat' dir='ltr'><strong>in</strong></span> 
     </span>
    </p>
   </div>
   <div class='ocr_carea' id='block_1_32' title="bbox 1981 1760 3564 1831">
    <p class='ocr_par' dir='ltr' id='par_1_32' title="bbox 1981 1760 3564 1831">
     <span class='ocr_line' id='line_1_32' title="bbox 1981 1760 3564 1831; baseline -0.001 -18"><span class='ocrx_word' id='word_1_231' title='bbox 1981 1766 2231 1817; x_wconf 82' lang='lat' dir='ltr'><strong>omnibus</strong></span> <span class='ocrx_word' id='word_1_232' title='bbox 2260 1775 2365 1826; x_wconf 83' lang='lat' dir='ltr'><strong>est,</strong></span> <span class='ocrx_word' id='word_1_233' title='bbox 2409 1764 2679 1816; x_wconf 81' lang='lat' dir='ltr'><strong>exsistens</strong></span> <span class='ocrx_word' id='word_1_234' title='bbox 2718 1764 2938 1829; x_wconf 80' lang='lat' dir='ltr'><strong>ultique.</strong></span> <span class='ocrx_word' id='word_1_235' title='bbox 2986 1762 3270 1831; x_wconf 79' lang='lat' dir='ltr'><strong>Nunquam</strong></span> <span class='ocrx_word' id='word_1_236' title='bbox 3305 1762 3447 1814; x_wconf 91' lang='lat' dir='ltr'><strong>cnim</strong></span> <span class='ocrx_word' id='word_1_237' title='bbox 3482 1760 3564 1811; x_wconf 55' lang='lat' dir='ltr'><strong>div</strong></span> 
     </span>
    </p>
   </div>
   <div class='ocr_carea' id='block_1_33' title="bbox 1981 1855 3563 1920">
    <p class='ocr_par' dir='ltr' id='par_1_33' title="bbox 1981 1855 3563 1920">
     <span class='ocr_line' id='line_1_33' title="bbox 1981 1855 3563 1920; baseline -0.004 -10"><span class='ocrx_word' id='word_1_238' title='bbox 1981 1860 2128 1910; x_wconf 89' lang='lat' dir='ltr'><strong>visus</strong></span> <span class='ocrx_word' id='word_1_239' title='bbox 2161 1867 2262 1918; x_wconf 84' lang='lat' dir='ltr'><strong>est,</strong></span> <span class='ocrx_word' id='word_1_240' title='bbox 2301 1856 2441 1909; x_wconf 81' lang='lat' dir='ltr'><strong>sicut</strong></span> <span class='ocrx_word' id='word_1_241' title='bbox 2468 1865 2521 1909; x_wconf 85' lang='lat' dir='ltr'><strong>et</strong></span> <span class='ocrx_word' id='word_1_242' title='bbox 2555 1855 2751 1909; x_wconf 77' lang='lat' dir='ltr'><strong>Paulus</strong></span> <span class='ocrx_word' id='word_1_243' title='bbox 2786 1856 2986 1909; x_wconf 83' lang='lat' dir='ltr'><strong>clamat</strong></span> <span class='ocrx_word' id='word_1_244' title='bbox 3020 1856 3084 1911; x_wconf 78' lang='lat'><strong>”.</strong></span> <span class='ocrx_word' id='word_1_245' title='bbox 3117 1855 3254 1920; x_wconf 79' lang='lat' dir='ltr'><strong>Quia</strong></span> <span class='ocrx_word' id='word_1_246' title='bbox 3290 1862 3467 1905; x_wconf 82' lang='lat' dir='ltr'><strong>autem</strong></span> <span class='ocrx_word' id='word_1_247' title='bbox 3497 1868 3563 1905; x_wconf 74' lang='lat' dir='ltr'><strong>ex</strong></span> 
     </span>
    </p>
   </div>
   <div class='ocr_carea' id='block_1_34' title="bbox 288 1934 1980 2025">
    <p class='ocr_par' dir='ltr' id='par_1_34' title="bbox 288 1934 1956 2025">
     <span class='ocr_line' id='line_1_34' title="bbox 288 1934 1956 2025; baseline 0.004 -24"><span class='ocrx_word' id='word_1_248' title='bbox 288 1966 431 2012; x_wconf 82' lang='grc' dir='ltr'>στως</span> <span class='ocrx_word' id='word_1_249' title='bbox 457 1952 515 2003; x_wconf 85' lang='grc' dir='ltr'>ἐν</span> <span class='ocrx_word' id='word_1_250' title='bbox 547 1953 693 2016; x_wconf 85' lang='grc' dir='ltr'>ὅλοις</span> <span class='ocrx_word' id='word_1_251' title='bbox 726 1955 897 2019; x_wconf 67' lang='grc' dir='ltr'>ἐστὶν,</span> <span class='ocrx_word' id='word_1_252' title='bbox 951 1955 1216 2025; x_wconf 83' lang='grc' dir='ltr'>ὑπάρχων</span> <span class='ocrx_word' id='word_1_253' title='bbox 1265 1953 1566 2023; x_wconf 83' lang='grc' dir='ltr'>πανταχοῦ.</span> <span class='ocrx_word' id='word_1_254' title='bbox 1610 1956 1874 2025; x_wconf 78' lang='grc' dir='ltr'>Οὐδαμῶς</span> <span class='ocrx_word' id='word_1_255' title='bbox 1903 1934 1956 1996; x_wconf 74' lang='grc' dir='ltr'><strong>Β</strong></span> 
     </span>
    </p>
   </div>
   <div class='ocr_carea' id='block_1_35' title="bbox 1874 1934 3566 2025">
    <p class='ocr_par' dir='ltr' id='par_1_35' title="bbox 1903 1934 3566 2019">
     <span class='ocr_line' id='line_1_35' title="bbox 1903 1934 3566 2019; baseline -0.002 -17"><span class='ocrx_word' id='word_1_256' title='bbox 1903 1934 1956 1996; x_wconf 78' lang='grc' dir='ltr'><strong>Β</strong></span> <span class='ocrx_word' id='word_1_257' title='bbox 1981 1964 2210 2019; x_wconf 82' lang='lat' dir='ltr'><strong>quatuor</strong></span> <span class='ocrx_word' id='word_1_258' title='bbox 2238 1950 2520 2005; x_wconf 88' lang='lat' dir='ltr'><strong>elementis</strong></span> <span class='ocrx_word' id='word_1_259' title='bbox 2547 1951 2860 2003; x_wconf 79' lang='lat' dir='ltr'><strong>universum</strong></span> <span class='ocrx_word' id='word_1_260' title='bbox 2895 1950 3249 2002; x_wconf 86' lang='lat' dir='ltr'><strong>constitutum</strong></span> <span class='ocrx_word' id='word_1_261' title='bbox 3283 1957 3383 2011; x_wconf 75' lang='lat' dir='ltr'><strong>est,</strong></span> <span class='ocrx_word' id='word_1_262' title='bbox 3407 1946 3566 1999; x_wconf 84' lang='lat' dir='ltr'><strong>intel-</strong></span> 
     </span>
    </p>
   </div>
   <div class='ocr_carea' id='block_1_36' title="bbox 283 2044 1870 2120">
    <p class='ocr_par' dir='ltr' id='par_1_36' title="bbox 283 2044 1870 2120">
     <span class='ocr_line' id='line_1_36' title="bbox 283 2044 1870 2120; baseline 0.005 -26"><span class='ocrx_word' id='word_1_263' title='bbox 283 2044 396 2111; x_wconf 70' lang='grc' dir='ltr'><strong>γὰρ</strong></span> <span class='ocrx_word' id='word_1_264' title='bbox 438 2046 789 2114; x_wconf 77' lang='grc' dir='ltr'>μεμέρισται,</span> <span class='ocrx_word' id='word_1_265' title='bbox 842 2049 985 2103; x_wconf 80' lang='grc' dir='ltr'><strong>καθά</strong></span> <span class='ocrx_word' id='word_1_266' title='bbox 1038 2049 1131 2102; x_wconf 76' lang='grc' dir='ltr'>καὶ</span> <span class='ocrx_word' id='word_1_267' title='bbox 1184 2049 1393 2112; x_wconf 77' lang='grc' dir='ltr'>Παῦλος</span> <span class='ocrx_word' id='word_1_268' title='bbox 1439 2048 1555 2120; x_wconf 76' lang='grc' dir='ltr'>βοᾷ.</span> <span class='ocrx_word' id='word_1_269' title='bbox 1619 2050 1771 2103; x_wconf 78' lang='grc' dir='ltr'>Ἐπεὶ</span> <span class='ocrx_word' id='word_1_270' title='bbox 1816 2051 1870 2103; x_wconf 80' lang='grc' dir='ltr'>δὲ</span> 
     </span>
    </p>
   </div>
   <div class='ocr_carea' id='block_1_37' title="bbox 286 2132 1873 2212">
    <p class='ocr_par' dir='ltr' id='par_1_37' title="bbox 286 2132 1873 2212">
     <span class='ocr_line' id='line_1_37' title="bbox 286 2132 1873 2212; baseline 0.008 -30"><span class='ocrx_word' id='word_1_271' title='bbox 286 2132 353 2184; x_wconf 81' lang='grc' dir='ltr'>ἐκ</span> <span class='ocrx_word' id='word_1_272' title='bbox 387 2138 673 2206; x_wconf 71' lang='grc' dir='ltr'>τεσσάρων</span> <span class='ocrx_word' id='word_1_273' title='bbox 724 2140 1009 2209; x_wconf 84' lang='grc' dir='ltr'>στοιχείων</span> <span class='ocrx_word' id='word_1_274' title='bbox 1063 2141 1124 2194; x_wconf 84' lang='grc' dir='ltr'><strong>τὸ</strong></span> <span class='ocrx_word' id='word_1_275' title='bbox 1172 2143 1281 2194; x_wconf 78' lang='grc' dir='ltr'>πᾶν</span> <span class='ocrx_word' id='word_1_276' title='bbox 1317 2142 1623 2208; x_wconf 81' lang='grc' dir='ltr'>σύγκειται,</span> <span class='ocrx_word' id='word_1_277' title='bbox 1655 2144 1873 2212; x_wconf 82' lang='grc' dir='ltr'>νοητέον</span> 
     </span>
    </p>
   </div>
   <div class='ocr_carea' id='block_1_38' title="bbox 287 2226 1873 2307">
    <p class='ocr_par' dir='ltr' id='par_1_38' title="bbox 287 2226 1873 2307">
     <span class='ocr_line' id='line_1_38' title="bbox 287 2226 1873 2307; baseline 0.009 -32"><span class='ocrx_word' id='word_1_278' title='bbox 287 2226 510 2295; x_wconf 76' lang='grc' dir='ltr'>ἱμάτιον</span> <span class='ocrx_word' id='word_1_279' title='bbox 564 2230 654 2282; x_wconf 80' lang='grc' dir='ltr'><strong>τοῦ</strong></span> <span class='ocrx_word' id='word_1_280' title='bbox 689 2231 892 2303; x_wconf 77' lang='grc' dir='ltr'>Ἰησοῦ,</span> <span class='ocrx_word' id='word_1_281' title='bbox 950 2236 1049 2304; x_wconf 82' lang='grc' dir='ltr'>τὴν</span> <span class='ocrx_word' id='word_1_282' title='bbox 1128 2237 1465 2307; x_wconf 83' lang='grc' dir='ltr'>φαινομένην</span> <span class='ocrx_word' id='word_1_283' title='bbox 1516 2236 1723 2303; x_wconf 58' lang='grc' dir='ltr'>ταύτην</span> <span class='ocrx_word' id='word_1_284' title='bbox 1780 2236 1873 2289; x_wconf 76' lang='grc' dir='ltr'>καὶ</span> 
     </span>
    </p>
   </div>
   <div class='ocr_carea' id='block_1_39' title="bbox 285 2318 1871 2401">
    <p class='ocr_par' dir='ltr' id='par_1_39' title="bbox 285 2318 1871 2401">
     <span class='ocr_line' id='line_1_39' title="bbox 285 2318 1871 2401; baseline 0.009 -34"><span class='ocrx_word' id='word_1_285' title='bbox 285 2318 747 2393; x_wconf 75' lang='grc' dir='ltr'>προϐεϐλημένην</span> <span class='ocrx_word' id='word_1_286' title='bbox 797 2326 998 2391; x_wconf 84' lang='grc' dir='ltr'>κτίσιν,</span> <span class='ocrx_word' id='word_1_287' title='bbox 1039 2329 1104 2399; x_wconf 85' lang='grc' dir='ltr'>ἢν</span> <span class='ocrx_word' id='word_1_288' title='bbox 1151 2330 1200 2381; x_wconf 77' lang='grc' dir='ltr'>οἱ</span> <span class='ocrx_word' id='word_1_289' title='bbox 1233 2329 1487 2398; x_wconf 84' lang='grc' dir='ltr'>δαίμονες</span> <span class='ocrx_word' id='word_1_290' title='bbox 1539 2330 1871 2401; x_wconf 76' lang='grc' dir='ltr'>μερίζονται,</span> 
     </span>
    </p>
   </div>
   <div class='ocr_carea' id='block_1_40' title="bbox 284 2410 1872 2490">
    <p class='ocr_par' dir='ltr' id='par_1_40' title="bbox 284 2410 1872 2490">
     <span class='ocr_line' id='line_1_40' title="bbox 284 2410 1872 2490; baseline 0.008 -29"><span class='ocrx_word' id='word_1_291' title='bbox 284 2410 419 2462; x_wconf 74' lang='grc' dir='ltr'>ὅταν</span> <span class='ocrx_word' id='word_1_292' title='bbox 444 2414 537 2464; x_wconf 68' lang='grc' dir='ltr'>τὸν</span> <span class='ocrx_word' id='word_1_293' title='bbox 583 2416 640 2466; x_wconf 84' lang='grc' dir='ltr'>ὲν</span> <span class='ocrx_word' id='word_1_294' title='bbox 672 2418 805 2484; x_wconf 79' lang='grc' dir='ltr'>ἡμῖν</span> <span class='ocrx_word' id='word_1_295' title='bbox 863 2418 960 2488; x_wconf 80' lang='grc' dir='ltr'><strong>μὲν</strong></span> <span class='ocrx_word' id='word_1_296' title='bbox 1015 2419 1110 2471; x_wconf 89' lang='grc' dir='ltr'><strong>τοῦ</strong></span> <span class='ocrx_word' id='word_1_297' title='bbox 1158 2419 1295 2473; x_wconf 86' lang='grc' dir='ltr'>Θεοῦ</span> <span class='ocrx_word' id='word_1_298' title='bbox 1344 2420 1500 2488; x_wconf 86' lang='grc' dir='ltr'>λόγον</span> <span class='ocrx_word' id='word_1_299' title='bbox 1531 2422 1872 2490; x_wconf 80' lang='grc' dir='ltr'>νεκρώσωσι,</span> 
     </span>
    </p>
   </div>
   <div class='ocr_carea' id='block_1_41' title="bbox 288 2502 1875 2583">
    <p class='ocr_par' dir='ltr' id='par_1_41' title="bbox 288 2502 1875 2583">
     <span class='ocr_line' id='line_1_41' title="bbox 288 2502 1875 2583; baseline 0.011 -32"><span class='ocrx_word' id='word_1_300' title='bbox 288 2502 640 2568; x_wconf 78' lang='grc' dir='ltr'>σπουδάζωσι</span> <span class='ocrx_word' id='word_1_301' title='bbox 665 2507 721 2559; x_wconf 82' lang='grc' dir='ltr'><strong>δὲ</strong></span> <span class='ocrx_word' id='word_1_302' title='bbox 750 2508 847 2574; x_wconf 78' lang='grc' dir='ltr'>τῆς</span> <span class='ocrx_word' id='word_1_303' title='bbox 881 2510 1098 2577; x_wconf 79' lang='grc' dir='ltr'>μερίδος</span> <span class='ocrx_word' id='word_1_304' title='bbox 1125 2511 1333 2564; x_wconf 75' lang='grc' dir='ltr'>ἑαυτῶν</span> <span class='ocrx_word' id='word_1_305' title='bbox 1362 2513 1692 2581; x_wconf 79' lang='grc' dir='ltr'>ποιήσασθαι</span> <span class='ocrx_word' id='word_1_306' title='bbox 1729 2514 1875 2583; x_wconf 78' lang='grc' dir='ltr'>ἡμᾶς</span> 
     </span>
    </p>
   </div>
   <div class='ocr_carea' id='block_1_42' title="bbox 283 2595 1875 2672">
    <p class='ocr_par' dir='ltr' id='par_1_42' title="bbox 283 2595 1875 2672">
     <span class='ocr_line' id='line_1_42' title="bbox 283 2595 1875 2672; baseline 0.009 -27"><span class='ocrx_word' id='word_1_307' title='bbox 283 2595 376 2646; x_wconf 76' lang='grc' dir='ltr'>διὰ</span> <span class='ocrx_word' id='word_1_308' title='bbox 408 2596 505 2666; x_wconf 80' lang='grc' dir='ltr'>τῆς</span> <span class='ocrx_word' id='word_1_309' title='bbox 558 2599 695 2667; x_wconf 79' lang='grc' dir='ltr'>πρὸς</span> <span class='ocrx_word' id='word_1_310' title='bbox 744 2600 812 2651; x_wconf 87' lang='grc' dir='ltr'><strong>τά</strong></span> <span class='ocrx_word' id='word_1_311' title='bbox 843 2603 1085 2669; x_wconf 73' lang='grc' dir='ltr'>κοσμικὰ</span> <span class='ocrx_word' id='word_1_312' title='bbox 1122 2603 1515 2672; x_wconf 80' lang='grc' dir='ltr'>προσπαθείας.</span> <span class='ocrx_word' id='word_1_313' title='bbox 1568 2606 1728 2659; x_wconf 78' lang='grc' dir='ltr'>’Λλλά</span> <span class='ocrx_word' id='word_1_314' title='bbox 1783 2609 1875 2661; x_wconf 71' lang='grc' dir='ltr'>τὸν</span> 
     </span>
    </p>
   </div>
   <div class='ocr_carea' id='block_1_43' title="bbox 283 2688 1872 2767">
    <p class='ocr_par' dir='ltr' id='par_1_43' title="bbox 283 2688 1872 2767">
     <span class='ocr_line' id='line_1_43' title="bbox 283 2688 1872 2767; baseline 0.01 -29"><span class='ocrx_word' id='word_1_315' title='bbox 283 2688 493 2755; x_wconf 84' lang='grc' dir='ltr'>χιτῶνα</span> <span class='ocrx_word' id='word_1_316' title='bbox 521 2690 582 2742; x_wconf 79' lang='grc' dir='ltr'><strong>οὺ</strong></span> <span class='ocrx_word' id='word_1_317' title='bbox 611 2690 869 2746; x_wconf 73' lang='grc' dir='ltr'>δύνανται</span> <span class='ocrx_word' id='word_1_318' title='bbox 920 2697 1134 2763; x_wconf 81' lang='grc' dir='ltr'>τεμεῖν,</span> <span class='ocrx_word' id='word_1_319' title='bbox 1169 2696 1257 2749; x_wconf 78' lang='grc' dir='ltr'><strong>τὸν</strong></span> <span class='ocrx_word' id='word_1_320' title='bbox 1290 2700 1347 2749; x_wconf 78' lang='grc' dir='ltr'>ὲν</span> <span class='ocrx_word' id='word_1_321' title='bbox 1392 2700 1504 2760; x_wconf 76' lang='grc' dir='ltr'>τοῖς</span> <span class='ocrx_word' id='word_1_322' title='bbox 1536 2694 1656 2751; x_wconf 75' lang='grc' dir='ltr'>οὖσι</span> <span class='ocrx_word' id='word_1_323' title='bbox 1690 2700 1872 2767; x_wconf 81' lang='grc' dir='ltr'>λόγον,</span> 
     </span>
    </p>
   </div>
   <div class='ocr_carea' id='block_1_44' title="bbox 285 2780 1877 2862">
    <p class='ocr_par' dir='ltr' id='par_1_44' title="bbox 285 2780 1877 2862">
     <span class='ocr_line' id='line_1_44' title="bbox 285 2780 1877 2862; baseline 0.009 -31"><span class='ocrx_word' id='word_1_324' title='bbox 285 2780 412 2833; x_wconf 75' lang='grc' dir='ltr'>καθ’</span> <span class='ocrx_word' id='word_1_325' title='bbox 450 2782 509 2834; x_wconf 81' lang='grc' dir='ltr'>ὃν</span> <span class='ocrx_word' id='word_1_326' title='bbox 536 2785 605 2835; x_wconf 84' lang='grc' dir='ltr'><strong>τά</strong></span> <span class='ocrx_word' id='word_1_327' title='bbox 632 2783 807 2838; x_wconf 85' lang='grc' dir='ltr'>πάντα</span> <span class='ocrx_word' id='word_1_328' title='bbox 843 2786 1073 2857; x_wconf 77' lang='grc' dir='ltr'>ὑπέστη.</span> <span class='ocrx_word' id='word_1_329' title='bbox 1110 2787 1229 2841; x_wconf 81' lang='grc' dir='ltr'><strong>Κᾶν</strong></span> <span class='ocrx_word' id='word_1_330' title='bbox 1271 2789 1380 2858; x_wconf 78' lang='grc' dir='ltr'>γὰρ</span> <span class='ocrx_word' id='word_1_331' title='bbox 1430 2793 1688 2862; x_wconf 84' lang='grc' dir='ltr'>μυριάκις</span> <span class='ocrx_word' id='word_1_332' title='bbox 1730 2794 1877 2845; x_wconf 86' lang='grc' dir='ltr'>ἀπα-</span> 
     </span>
    </p>
   </div>
   <div class='ocr_carea' id='block_1_45' title="bbox 282 2873 1875 2950">
    <p class='ocr_par' dir='ltr' id='par_1_45' title="bbox 282 2873 1875 2950">
     <span class='ocr_line' id='line_1_45' title="bbox 282 2873 1875 2950; baseline 0.008 -25"><span class='ocrx_word' id='word_1_333' title='bbox 282 2873 469 2941; x_wconf 83' lang='grc' dir='ltr'>τῶμαι</span> <span class='ocrx_word' id='word_1_334' title='bbox 507 2875 614 2929; x_wconf 71' lang='grc' dir='ltr'><strong>ὑπὸ</strong></span> <span class='ocrx_word' id='word_1_335' title='bbox 639 2877 749 2930; x_wconf 87' lang='grc' dir='ltr'><strong>τῶν</strong></span> <span class='ocrx_word' id='word_1_336' title='bbox 810 2879 1076 2948; x_wconf 79' lang='grc' dir='ltr'>ρευστῶν,</span> <span class='ocrx_word' id='word_1_337' title='bbox 1128 2880 1263 2934; x_wconf 80' lang='grc' dir='ltr'>ἀλλὰ</span> <span class='ocrx_word' id='word_1_338' title='bbox 1320 2882 1482 2934; x_wconf 86' lang='grc' dir='ltr'>πάλιν</span> <span class='ocrx_word' id='word_1_339' title='bbox 1526 2884 1875 2950; x_wconf 82' lang='grc' dir='ltr'>ὲπιγινώσκω</span> 
     </span>
    </p>
   </div>
   <div class='ocr_carea' id='block_1_46' title="bbox 283 2966 1874 3048">
    <p class='ocr_par' dir='ltr' id='par_1_46' title="bbox 283 2966 1874 3048">
     <span class='ocr_line' id='line_1_46' title="bbox 283 2966 1874 3048; baseline 0.009 -31"><span class='ocrx_word' id='word_1_340' title='bbox 283 2966 429 3019; x_wconf 74' lang='grc' dir='ltr'>αὐτὰ</span> <span class='ocrx_word' id='word_1_341' title='bbox 457 2968 657 3035; x_wconf 68' lang='grc' dir='ltr'>ῥευστὰ</span> <span class='ocrx_word' id='word_1_342' title='bbox 677 2969 827 3033; x_wconf 66' lang='grc' dir='ltr'>ὄντα,</span> <span class='ocrx_word' id='word_1_343' title='bbox 855 2971 946 3024; x_wconf 79' lang='grc' dir='ltr'>καὶ</span> <span class='ocrx_word' id='word_1_344' title='bbox 984 2972 1077 3025; x_wconf 86' lang='grc' dir='ltr'>τὸν</span> <span class='ocrx_word' id='word_1_345' title='bbox 1112 2972 1270 3041; x_wconf 81' lang='grc' dir='ltr'>λόγον</span> <span class='ocrx_word' id='word_1_346' title='bbox 1304 2978 1398 3029; x_wconf 78' lang='grc' dir='ltr'><strong>καὶ</strong></span> <span class='ocrx_word' id='word_1_347' title='bbox 1428 2976 1525 3048; x_wconf 76' lang='grc' dir='ltr'><strong>τὴν</strong></span> <span class='ocrx_word' id='word_1_348' title='bbox 1556 2978 1747 3030; x_wconf 73' lang='grc' dir='ltr'>οὐσίαν</span> <span class='ocrx_word' id='word_1_349' title='bbox 1766 2978 1874 3031; x_wconf 89' lang='grc' dir='ltr'><strong>τῶν</strong></span> 
     </span>
    </p>
   </div>
   <div class='ocr_carea' id='block_1_47' title="bbox 282 3060 1513 3137">
    <p class='ocr_par' dir='ltr' id='par_1_47' title="bbox 282 3060 1513 3137">
     <span class='ocr_line' id='line_1_47' title="bbox 282 3060 1513 3137; baseline 0.011 -25"><span class='ocrx_word' id='word_1_350' title='bbox 282 3060 587 3131; x_wconf 80' lang='grc' dir='ltr'><strong>ἀπατηλῶν</strong></span> <span class='ocrx_word' id='word_1_351' title='bbox 617 3064 711 3116; x_wconf 76' lang='grc' dir='ltr'>καὶ</span> <span class='ocrx_word' id='word_1_352' title='bbox 738 3068 1162 3137; x_wconf 62' lang='grc' dir='ltr'>παραρρεόντων</span> <span class='ocrx_word' id='word_1_353' title='bbox 1187 3070 1284 3123; x_wconf 70' lang='grc' dir='ltr'>οὐκ</span> <span class='ocrx_word' id='word_1_354' title='bbox 1313 3070 1513 3137; x_wconf 81' lang='grc' dir='ltr'><strong>ἀγνοῶ.</strong></span> 
     </span>
    </p>
   </div>
   <div class='ocr_carea' id='block_1_48' title="bbox 366 3152 1875 3237">
    <p class='ocr_par' dir='ltr' id='par_1_48' title="bbox 366 3152 1875 3237">
     <span class='ocr_line' id='line_1_48' title="bbox 366 3152 1875 3237; baseline 0.01 -34"><span class='ocrx_word' id='word_1_355' title='bbox 366 3171 383 3202; x_wconf 80' lang='lat' dir='ltr'><strong>t</strong></span> <span class='ocrx_word' id='word_1_356' title='bbox 425 3154 488 3206; x_wconf 75' lang='lat' dir='ltr'><strong>Ol</strong></span> <span class='ocrx_word' id='word_1_357' title='bbox 532 3156 631 3232; x_wconf 86' lang='grc' dir='ltr'><strong>μὲν</strong></span> <span class='ocrx_word' id='word_1_358' title='bbox 663 3152 758 3209; x_wconf 79' lang='grc' dir='ltr'>οὖν</span> <span class='ocrx_word' id='word_1_359' title='bbox 792 3158 1129 3228; x_wconf 85' lang='grc' dir='ltr'>στρατιῶται</span> <span class='ocrx_word' id='word_1_360' title='bbox 1159 3162 1332 3214; x_wconf 88' lang='grc' dir='ltr'>ταῦτα</span> <span class='ocrx_word' id='word_1_361' title='bbox 1364 3163 1650 3231; x_wconf 67' lang='grc' dir='ltr'>ἐποίησαν.</span> <span class='ocrx_word' id='word_1_362' title='bbox 1683 3165 1875 3237; x_wconf 81' lang='grc' dir='ltr'>Εῐστή-</span> 
     </span>
    </p>
   </div>
   <div class='ocr_carea' id='block_1_49' title="bbox 1978 2040 3561 2112">
    <p class='ocr_par' dir='ltr' id='par_1_49' title="bbox 1978 2040 3561 2112">
     <span class='ocr_line' id='line_1_49' title="bbox 1978 2040 3561 2112; baseline -0.004 -15"><span class='ocrx_word' id='word_1_363' title='bbox 1978 2043 2144 2112; x_wconf 85' lang='lat' dir='ltr'><strong>ligere</strong></span> <span class='ocrx_word' id='word_1_364' title='bbox 2191 2043 2317 2095; x_wconf 92' lang='lat' dir='ltr'><strong>licet</strong></span> <span class='ocrx_word' id='word_1_365' title='bbox 2362 2056 2457 2109; x_wconf 82' lang='lat' dir='ltr'><strong>per</strong></span> <span class='ocrx_word' id='word_1_366' title='bbox 2486 2042 2807 2095; x_wconf 88' lang='lat' dir='ltr'><strong>vestimenta</strong></span> <span class='ocrx_word' id='word_1_367' title='bbox 2867 2040 2994 2095; x_wconf 81' lang='lat' dir='ltr'><strong>Jesu</strong></span> <span class='ocrx_word' id='word_1_368' title='bbox 3040 2040 3307 2093; x_wconf 85' lang='lat' dir='ltr'><strong>visibilem</strong></span> <span class='ocrx_word' id='word_1_369' title='bbox 3338 2049 3391 2092; x_wconf 89' lang='lat' dir='ltr'><strong>et</strong></span> <span class='ocrx_word' id='word_1_370' title='bbox 3438 2054 3561 2105; x_wconf 65' lang='grc' dir='ltr'>ιιι-οι</span> 
     </span>
    </p>
   </div>
   <div class='ocr_carea' id='block_1_50' title="bbox 1977 2133 3564 2212">
    <p class='ocr_par' dir='ltr' id='par_1_50' title="bbox 1977 2133 3564 2212">
     <span class='ocr_line' id='line_1_50' title="bbox 1977 2133 3564 2212; baseline -0.007 -16"><span class='ocrx_word' id='word_1_371' title='bbox 1977 2142 2207 2212; x_wconf 84' lang='lat' dir='ltr'><strong>positam</strong></span> <span class='ocrx_word' id='word_1_372' title='bbox 2239 2141 2737 2201; x_wconf 85' lang='lat' dir='ltr'><strong>hanccreatttram,</strong></span> <span class='ocrx_word' id='word_1_373' title='bbox 2762 2152 2924 2204; x_wconf 87' lang='lat' dir='ltr'><strong>quam</strong></span> <span class='ocrx_word' id='word_1_374' title='bbox 2958 2136 3232 2189; x_wconf 69' lang='lat' dir='ltr'><strong>daemones</strong></span> <span class='ocrx_word' id='word_1_375' title='bbox 3256 2133 3564 2203; x_wconf 79' lang='lat' dir='ltr'><strong>partiuntur</strong></span> 
     </span>
    </p>
   </div>
   <div class='ocr_carea' id='block_1_51' title="bbox 1978 2227 3562 2307">
    <p class='ocr_par' dir='ltr' id='par_1_51' title="bbox 1978 2227 3562 2307">
     <span class='ocr_line' id='line_1_51' title="bbox 1978 2227 3562 2307; baseline -0.004 -19"><span class='ocrx_word' id='word_1_376' title='bbox 1978 2236 2195 2307; x_wconf 82' lang='lat' dir='ltr'><strong>quando</strong></span> <span class='ocrx_word' id='word_1_377' title='bbox 2251 2234 2303 2286; x_wconf 91' lang='lat' dir='ltr'><strong>in</strong></span> <span class='ocrx_word' id='word_1_378' title='bbox 2358 2232 2514 2287; x_wconf 89' lang='lat' dir='ltr'><strong>nobis</strong></span> <span class='ocrx_word' id='word_1_379' title='bbox 2575 2246 2881 2286; x_wconf 87' lang='lat' dir='ltr'><strong>sermonem</strong></span> <span class='ocrx_word' id='word_1_380' title='bbox 2943 2231 3031 2282; x_wconf 86' lang='lat' dir='ltr'><strong>Dei</strong></span> <span class='ocrx_word' id='word_1_381' title='bbox 3085 2229 3363 2282; x_wconf 85' lang='lat' dir='ltr'><strong>occidunt.</strong></span> <span class='ocrx_word' id='word_1_382' title='bbox 3422 2227 3562 2281; x_wconf 88' lang='lat' dir='ltr'><strong>Dant</strong></span> 
     </span>
    </p>
   </div>
   <div class='ocr_carea' id='block_1_52' title="bbox 1976 2320 3565 2394">
    <p class='ocr_par' dir='ltr' id='par_1_52' title="bbox 1976 2320 3565 2394">
     <span class='ocr_line' id='line_1_52' title="bbox 1976 2320 3565 2394; baseline -0.005 -14"><span class='ocrx_word' id='word_1_383' title='bbox 1976 2328 2118 2380; x_wconf 89' lang='lat' dir='ltr'><strong>enim</strong></span> <span class='ocrx_word' id='word_1_384' title='bbox 2175 2339 2398 2394; x_wconf 83' lang='lat' dir='ltr'><strong>operam</strong></span> <span class='ocrx_word' id='word_1_385' title='bbox 2461 2332 2519 2377; x_wconf 94' lang='lat' dir='ltr'><strong>ut</strong></span> <span class='ocrx_word' id='word_1_386' title='bbox 2574 2338 2673 2377; x_wconf 92' lang='lat' dir='ltr'><strong>nos</strong></span> <span class='ocrx_word' id='word_1_387' title='bbox 2726 2338 2879 2375; x_wconf 87' lang='lat' dir='ltr'><strong>suam</strong></span> <span class='ocrx_word' id='word_1_388' title='bbox 2945 2320 3149 2374; x_wconf 77' lang='lat' dir='ltr'><strong>faciant</strong></span> <span class='ocrx_word' id='word_1_389' title='bbox 3202 2330 3407 2390; x_wconf 87' lang='lat' dir='ltr'><strong>partem</strong></span> <span class='ocrx_word' id='word_1_390' title='bbox 3469 2334 3565 2387; x_wconf 89' lang='lat' dir='ltr'><strong>per</strong></span> 
     </span>
    </p>
   </div>
   <div class='ocr_carea' id='block_1_53' title="bbox 1978 2415 3564 2480">
    <p class='ocr_par' dir='ltr' id='par_1_53' title="bbox 1978 2415 3564 2480">
     <span class='ocr_line' id='line_1_53' title="bbox 1978 2415 3564 2480; baseline -0.006 -8"><span class='ocrx_word' id='word_1_391' title='bbox 1978 2419 2289 2472; x_wconf 75' lang='lat' dir='ltr'><strong>affectiones</strong></span> <span class='ocrx_word' id='word_1_392' title='bbox 2327 2417 2393 2471; x_wconf 80' lang='lat' dir='ltr'><strong>ad</strong></span> <span class='ocrx_word' id='word_1_393' title='bbox 2427 2416 2738 2476; x_wconf 87' lang='lat' dir='ltr'><strong>mundana;</strong></span> <span class='ocrx_word' id='word_1_394' title='bbox 2770 2416 2864 2467; x_wconf 90' lang='lat' dir='ltr'><strong>sed</strong></span> <span class='ocrx_word' id='word_1_395' title='bbox 2908 2415 3142 2467; x_wconf 79' lang='lat' dir='ltr'><strong>tunicam</strong></span> <span class='ocrx_word' id='word_1_396' title='bbox 3189 2428 3294 2465; x_wconf 93' lang='lat' dir='ltr'><strong>non</strong></span> <span class='ocrx_word' id='word_1_397' title='bbox 3335 2422 3564 2480; x_wconf 86' lang='lat' dir='ltr'><strong>possunt</strong></span> 
     </span>
    </p>
   </div>
   <div class='ocr_carea' id='block_1_54' title="bbox 1977 2505 3559 2577">
    <p class='ocr_par' dir='ltr' id='par_1_54' title="bbox 1977 2505 3559 2577">
     <span class='ocr_line' id='line_1_54' title="bbox 1977 2505 3559 2577; baseline -0.006 -12"><span class='ocrx_word' id='word_1_398' title='bbox 1977 2512 2217 2565; x_wconf 83' lang='lat' dir='ltr'><strong>dividere</strong></span> <span class='ocrx_word' id='word_1_399' title='bbox 2248 2510 2298 2563; x_wconf 92' lang='lat' dir='ltr'><strong>in</strong></span> <span class='ocrx_word' id='word_1_400' title='bbox 2335 2510 2417 2563; x_wconf 90' lang='lat' dir='ltr'><strong>his</strong></span> <span class='ocrx_word' id='word_1_401' title='bbox 2451 2523 2573 2577; x_wconf 76' lang='lat' dir='ltr'><strong>quae</strong></span> <span class='ocrx_word' id='word_1_402' title='bbox 2605 2516 2733 2560; x_wconf 91' lang='lat' dir='ltr'><strong>sunt</strong></span> <span class='ocrx_word' id='word_1_403' title='bbox 2764 2506 3031 2559; x_wconf 90' lang='lat' dir='ltr'><strong>sermonis</strong></span> <span class='ocrx_word' id='word_1_404' title='bbox 3063 2520 3157 2572; x_wconf 88' lang='lat' dir='ltr'><strong>per</strong></span> <span class='ocrx_word' id='word_1_405' title='bbox 3190 2518 3350 2572; x_wconf 85' lang='lat' dir='ltr'><strong>quem</strong></span> <span class='ocrx_word' id='word_1_406' title='bbox 3376 2505 3559 2557; x_wconf 85' lang='lat' dir='ltr'><strong>omnia</strong></span> 
     </span>
    </p>
   </div>
   <div class='ocr_carea' id='block_1_55' title="bbox 1978 2595 3560 2662">
    <p class='ocr_par' dir='ltr' id='par_1_55' title="bbox 1978 2595 3560 2662">
     <span class='ocr_line' id='line_1_55' title="bbox 1978 2595 3560 2662; baseline -0.006 -7"><span class='ocrx_word' id='word_1_407' title='bbox 1978 2603 2268 2655; x_wconf 84' lang='lat' dir='ltr'><strong>constituta</strong></span> <span class='ocrx_word' id='word_1_408' title='bbox 2323 2608 2469 2653; x_wconf 92' lang='lat' dir='ltr'><strong>sunt.</strong></span> <span class='ocrx_word' id='word_1_409' title='bbox 2531 2599 2663 2651; x_wconf 84' lang='lat' dir='ltr'><strong>Nam</strong></span> <span class='ocrx_word' id='word_1_410' title='bbox 2725 2599 2846 2651; x_wconf 84' lang='lat' dir='ltr'><strong>licet</strong></span> <span class='ocrx_word' id='word_1_411' title='bbox 2912 2596 3175 2651; x_wconf 84' lang='lat' dir='ltr'><strong>infinities</strong></span> <span class='ocrx_word' id='word_1_412' title='bbox 3234 2595 3475 2662; x_wconf 87' lang='lat' dir='ltr'><strong>decipiar</strong></span> <span class='ocrx_word' id='word_1_413' title='bbox 3533 2613 3560 2646; x_wconf 86' lang='lat' dir='ltr'><strong>a</strong></span> 
     </span>
    </p>
   </div>
   <div class='ocr_carea' id='block_1_56' title="bbox 1979 2691 3556 2759">
    <p class='ocr_par' dir='ltr' id='par_1_56' title="bbox 1979 2691 3556 2759">
     <span class='ocr_line' id='line_1_56' title="bbox 1979 2691 3556 2759; baseline -0.005 -10"><span class='ocrx_word' id='word_1_414' title='bbox 1979 2695 2133 2749; x_wconf 77' lang='lat' dir='ltr'><strong>ﬂuxis</strong></span> <span class='ocrx_word' id='word_1_415' title='bbox 2159 2703 2212 2747; x_wconf 88' lang='lat' dir='ltr'><strong>et</strong></span> <span class='ocrx_word' id='word_1_416' title='bbox 2239 2691 2587 2756; x_wconf 87' lang='lat' dir='ltr'><strong>trausitoriis,</strong></span> <span class='ocrx_word' id='word_1_417' title='bbox 2621 2693 2815 2744; x_wconf 82' lang='lat' dir='ltr'><strong>iterum</strong></span> <span class='ocrx_word' id='word_1_418' title='bbox 2858 2700 3034 2743; x_wconf 86' lang='lat' dir='ltr'><strong>tamen</strong></span> <span class='ocrx_word' id='word_1_419' title='bbox 3068 2702 3309 2759; x_wconf 83' lang='lat' dir='ltr'><strong>agnosco</strong></span> <span class='ocrx_word' id='word_1_420' title='bbox 3345 2703 3404 2742; x_wconf 86' lang='lat' dir='ltr'><strong>ea</strong></span> <span class='ocrx_word' id='word_1_421' title='bbox 3433 2702 3556 2741; x_wconf 88' lang='lat' dir='ltr'><strong>esse</strong></span> 
     </span>
    </p>
   </div>
   <div class='ocr_carea' id='block_1_57' title="bbox 1979 2784 3557 2852">
    <p class='ocr_par' dir='ltr' id='par_1_57' title="bbox 1979 2784 3557 2852">
     <span class='ocr_line' id='line_1_57' title="bbox 1979 2784 3557 2852; baseline -0.006 -9"><span class='ocrx_word' id='word_1_422' title='bbox 1979 2788 2314 2852; x_wconf 86' lang='lat' dir='ltr'><strong>transitoria,</strong></span> <span class='ocrx_word' id='word_1_423' title='bbox 2348 2796 2404 2841; x_wconf 91' lang='lat' dir='ltr'><strong>et</strong></span> <span class='ocrx_word' id='word_1_424' title='bbox 2440 2786 2703 2839; x_wconf 87' lang='lat' dir='ltr'><strong>rationem</strong></span> <span class='ocrx_word' id='word_1_425' title='bbox 2738 2799 2801 2838; x_wconf 85' lang='lat' dir='ltr'><strong>ac</strong></span> <span class='ocrx_word' id='word_1_426' title='bbox 2832 2784 3191 2839; x_wconf 84' lang='lat' dir='ltr'><strong>substantiam</strong></span> <span class='ocrx_word' id='word_1_427' title='bbox 3224 2790 3557 2852; x_wconf 62' lang='lat' dir='ltr'><strong>praetereun-</strong></span> 
     </span>
    </p>
   </div>
   <div class='ocr_carea' id='block_1_58' title="bbox 1980 2879 2886 2948">
    <p class='ocr_par' dir='ltr' id='par_1_58' title="bbox 1980 2879 2886 2948">
     <span class='ocr_line' id='line_1_58' title="bbox 1980 2879 2886 2948; baseline -0.006 -10"><span class='ocrx_word' id='word_1_428' title='bbox 1980 2884 2110 2938; x_wconf 93' lang='lat' dir='ltr'><strong>tium</strong></span> <span class='ocrx_word' id='word_1_429' title='bbox 2138 2893 2190 2937; x_wconf 89' lang='lat' dir='ltr'><strong>ct</strong></span> <span class='ocrx_word' id='word_1_430' title='bbox 2222 2881 2490 2936; x_wconf 89' lang='lat' dir='ltr'><strong>fallacium</strong></span> <span class='ocrx_word' id='word_1_431' title='bbox 2534 2895 2639 2933; x_wconf 92' lang='lat' dir='ltr'><strong>non</strong></span> <span class='ocrx_word' id='word_1_432' title='bbox 2675 2879 2886 2948; x_wconf 89' lang='lat' dir='ltr'><strong>ignoro.</strong></span> 
     </span>
    </p>
   </div>
   <div class='ocr_carea' id='block_1_59' title="bbox 2050 3146 3559 3221">
    <p class='ocr_par' dir='ltr' id='par_1_59' title="bbox 2050 3146 3559 3221">
     <span class='ocr_line' id='line_1_59' title="bbox 2050 3146 3559 3221; baseline -0.005 -14"><span class='ocrx_word' id='word_1_433' title='bbox 2050 3153 2213 3207; x_wconf 73' lang='lat' dir='ltr'><strong>Vsus.</strong></span> <span class='ocrx_word' id='word_1_434' title='bbox 2245 3152 2438 3207; x_wconf 67' lang='lat'><strong>24-27.</strong></span> <span class='ocrx_word' id='word_1_435' title='bbox 2475 3169 2494 3202; x_wconf 70' lang='grc' dir='ltr'><strong>ε</strong></span> <span class='ocrx_word' id='word_1_436' title='bbox 2531 3151 2599 3205; x_wconf 90' lang='grc' dir='ltr'>Ει</span> <span class='ocrx_word' id='word_1_437' title='bbox 2641 3152 2841 3205; x_wconf 82' lang='lat' dir='ltr'><strong>milites</strong></span> <span class='ocrx_word' id='word_1_438' title='bbox 2874 3148 3093 3221; x_wconf 79' lang='lat' dir='ltr'><strong>quidem</strong></span> <span class='ocrx_word' id='word_1_439' title='bbox 3139 3149 3252 3203; x_wconf 71' lang='lat' dir='ltr'><strong>lucc</strong></span> <span class='ocrx_word' id='word_1_440' title='bbox 3289 3146 3559 3201; x_wconf 80' lang='lat' dir='ltr'><strong>fecerunt.</strong></span> 
     </span>
    </p>
   </div>
   <div class='ocr_carea' id='block_1_60' title="bbox 284 3240 1976 3344">
    <p class='ocr_par' dir='ltr' id='par_1_60' title="bbox 284 3248 1942 3344">
     <span class='ocr_line' id='line_1_60' title="bbox 284 3248 1942 3344; baseline 0.009 -47"><span class='ocrx_word' id='word_1_441' title='bbox 284 3263 483 3344; x_wconf 68' lang='grc' dir='ltr'>κεισαν</span> <span class='ocrx_word' id='word_1_442' title='bbox 545 3248 602 3344; x_wconf 66' lang='grc' dir='ltr'><strong>δε</strong></span> <span class='ocrx_word' id='word_1_443' title='bbox 982 3253 1203 3324; x_wconf 83' lang='grc' dir='ltr'>σταυρῷ</span> <span class='ocrx_word' id='word_1_444' title='bbox 1252 3253 1345 3307; x_wconf 88' lang='grc' dir='ltr'><strong>τοῦ</strong></span> <span class='ocrx_word' id='word_1_445' title='bbox 1399 3256 1577 3325; x_wconf 78' lang='grc' dir='ltr'>Ἰησοῦ</span> <span class='ocrx_word' id='word_1_446' title='bbox 1615 3258 1646 3325; x_wconf 90' lang='grc' dir='ltr'><strong>ή</strong></span> <span class='ocrx_word' id='word_1_447' title='bbox 1691 3260 1873 3328; x_wconf 83' lang='grc' dir='ltr'>μήτηρ</span> <span class='ocrx_word' id='word_1_448' title='bbox 1902 3288 1942 3344; x_wconf 74' lang='lat' dir='ltr'><strong><em>C</em></strong></span> 
     </span>
    </p>
   </div>
   <div class='ocr_carea' id='block_1_61' title="bbox 1867 3240 3559 3344">
    <p class='ocr_par' dir='ltr' id='par_1_61' title="bbox 1867 3240 3559 3344">
     <span class='ocr_line' id='line_1_61' title="bbox 1867 3240 3559 3344; baseline -0.008 -39"><span class='ocrx_word' id='word_1_449' title='bbox 1867 3279 1942 3344; x_wconf 57' lang='lat' dir='ltr'><strong>pc</strong></span> <span class='ocrx_word' id='word_1_450' title='bbox 1980 3247 2208 3301; x_wconf 82' lang='lat' dir='ltr'><strong>Stabant</strong></span> <span class='ocrx_word' id='word_1_451' title='bbox 2257 3258 2436 3300; x_wconf 82' lang='lat' dir='ltr'><strong>autem</strong></span> <span class='ocrx_word' id='word_1_452' title='bbox 2483 3246 2636 3312; x_wconf 68' lang='lat' dir='ltr'><strong>juxta</strong></span> <span class='ocrx_word' id='word_1_453' title='bbox 2686 3260 2905 3299; x_wconf 85' lang='lat' dir='ltr'><strong>erucem</strong></span> <span class='ocrx_word' id='word_1_454' title='bbox 2952 3242 3077 3295; x_wconf 76' lang='lat' dir='ltr'><strong>lesu</strong></span> <span class='ocrx_word' id='word_1_455' title='bbox 3128 3253 3299 3295; x_wconf 89' lang='lat' dir='ltr'><strong>mater</strong></span> <span class='ocrx_word' id='word_1_456' title='bbox 3329 3240 3466 3310; x_wconf 88' lang='lat' dir='ltr'><strong>ejus,</strong></span> <span class='ocrx_word' id='word_1_457' title='bbox 3507 3248 3559 3294; x_wconf 89' lang='lat' dir='ltr'><strong>et</strong></span> 
     </span>
    </p>
   </div>
   <div class='ocr_carea' id='block_1_62' title="bbox 283 3336 1871 3422">
    <p class='ocr_par' dir='ltr' id='par_1_62' title="bbox 283 3336 1871 3422">
     <span class='ocr_line' id='line_1_62' title="bbox 283 3336 1871 3422; baseline 0.011 -34"><span class='ocrx_word' id='word_1_458' title='bbox 283 3336 476 3400; x_wconf 65' lang='grc' dir='ltr'>αὑτοῦ,</span> <span class='ocrx_word' id='word_1_459' title='bbox 518 3339 613 3391; x_wconf 76' lang='grc' dir='ltr'>καὶ</span> <span class='ocrx_word' id='word_1_460' title='bbox 643 3342 676 3409; x_wconf 75' lang='grc' dir='ltr'>ἡ</span> <span class='ocrx_word' id='word_1_461' title='bbox 729 3340 935 3410; x_wconf 78' lang='grc' dir='ltr'>ἀδελφὴ</span> <span class='ocrx_word' id='word_1_462' title='bbox 1004 3347 1103 3414; x_wconf 82' lang='grc' dir='ltr'><strong>τῆς</strong></span> <span class='ocrx_word' id='word_1_463' title='bbox 1154 3346 1361 3415; x_wconf 80' lang='grc' dir='ltr'>μητρὸς</span> <span class='ocrx_word' id='word_1_464' title='bbox 1418 3348 1582 3401; x_wconf 83' lang='grc' dir='ltr'>αὐτοῦ</span> <span class='ocrx_word' id='word_1_465' title='bbox 1618 3350 1871 3422; x_wconf 85' lang='grc' dir='ltr'>Μαρίαή</span> 
     </span>
    </p>
   </div>
   <div class='ocr_carea' id='block_1_63' title="bbox 283 3432 1872 3513">
    <p class='ocr_par' dir='ltr' id='par_1_63' title="bbox 283 3432 1872 3513">
     <span class='ocr_line' id='line_1_63' title="bbox 283 3432 1872 3513; baseline 0.01 -31"><span class='ocrx_word' id='word_1_466' title='bbox 283 3432 381 3483; x_wconf 84' lang='grc' dir='ltr'><strong>τοῦ</strong></span> <span class='ocrx_word' id='word_1_467' title='bbox 421 3432 636 3497; x_wconf 71' lang='grc' dir='ltr'>Κλοπᾶ,</span> <span class='ocrx_word' id='word_1_468' title='bbox 681 3435 775 3487; x_wconf 76' lang='grc' dir='ltr'>καὶ</span> <span class='ocrx_word' id='word_1_469' title='bbox 833 3437 1085 3508; x_wconf 79' lang='grc' dir='ltr'>Μαρίαή</span> <span class='ocrx_word' id='word_1_470' title='bbox 1140 3441 1499 3513; x_wconf 83' lang='grc' dir='ltr'>Μαγδαληνή.</span> <span class='ocrx_word' id='word_1_471' title='bbox 1548 3442 1749 3513; x_wconf 77' lang='grc' dir='ltr'>Ἰησοῦς</span> <span class='ocrx_word' id='word_1_472' title='bbox 1782 3446 1872 3499; x_wconf 79' lang='grc' dir='ltr'><strong>οῦν</strong></span> 
     </span>
    </p>
   </div>
   <div class='ocr_carea' id='block_1_64' title="bbox 289 3524 1873 3602">
    <p class='ocr_par' dir='ltr' id='par_1_64' title="bbox 289 3524 1873 3602">
     <span class='ocr_line' id='line_1_64' title="bbox 289 3524 1873 3602; baseline 0.009 -27"><span class='ocrx_word' id='word_1_473' title='bbox 289 3524 417 3575; x_wconf 76' lang='grc' dir='ltr'>ἰδὼν</span> <span class='ocrx_word' id='word_1_474' title='bbox 477 3526 576 3595; x_wconf 82' lang='grc' dir='ltr'>τὴν</span> <span class='ocrx_word' id='word_1_475' title='bbox 620 3527 859 3597; x_wconf 83' lang='grc' dir='ltr'>μητέρα,</span> <span class='ocrx_word' id='word_1_476' title='bbox 917 3531 1009 3584; x_wconf 76' lang='grc' dir='ltr'><strong>καὶ</strong></span> <span class='ocrx_word' id='word_1_477' title='bbox 1049 3532 1141 3584; x_wconf 82' lang='grc' dir='ltr'><strong>τὸν</strong></span> <span class='ocrx_word' id='word_1_478' title='bbox 1177 3532 1428 3602; x_wconf 80' lang='grc' dir='ltr'>μαθητὴν</span> <span class='ocrx_word' id='word_1_479' title='bbox 1460 3539 1787 3602; x_wconf 78' lang='grc' dir='ltr'>παρεστῶτα</span> <span class='ocrx_word' id='word_1_480' title='bbox 1815 3538 1873 3590; x_wconf 81' lang='grc' dir='ltr'><strong>ὃν</strong></span> 
     </span>
    </p>
   </div>
   <div class='ocr_carea' id='block_1_65' title="bbox 283 3618 1872 3695">
    <p class='ocr_par' dir='ltr' id='par_1_65' title="bbox 283 3618 1872 3695">
     <span class='ocr_line' id='line_1_65' title="bbox 283 3618 1872 3695; baseline 0.009 -26"><span class='ocrx_word' id='word_1_481' title='bbox 283 3618 497 3684; x_wconf 71' lang='grc' dir='ltr'>ἠγάπα,</span> <span class='ocrx_word' id='word_1_482' title='bbox 537 3618 685 3686; x_wconf 82' lang='grc' dir='ltr'>λέγει</span> <span class='ocrx_word' id='word_1_483' title='bbox 724 3623 790 3691; x_wconf 82' lang='grc' dir='ltr'><strong>τῇ</strong></span> <span class='ocrx_word' id='word_1_484' title='bbox 834 3624 999 3691; x_wconf 75' lang='grc' dir='ltr'>μητρὶ</span> <span class='ocrx_word' id='word_1_485' title='bbox 1035 3622 1200 3675; x_wconf 79' lang='grc' dir='ltr'>αὐτοῦ</span> <span class='ocrx_word' id='word_1_486' title='bbox 1230 3639 1242 3652; x_wconf 87' lang='grc'><strong>·</strong></span> <span class='ocrx_word' id='word_1_487' title='bbox 1291 3624 1478 3690; x_wconf 74' lang='grc' dir='ltr'>Γύναι,</span> <span class='ocrx_word' id='word_1_488' title='bbox 1533 3629 1640 3680; x_wconf 82' lang='grc' dir='ltr'>ἰδοὺ</span> <span class='ocrx_word' id='word_1_489' title='bbox 1674 3632 1701 3682; x_wconf 89' lang='grc' dir='ltr'>ὁ</span> <span class='ocrx_word' id='word_1_490' title='bbox 1758 3632 1872 3695; x_wconf 83' lang='grc' dir='ltr'>υἱός</span> 
     </span>
    </p>
   </div>
   <div class='ocr_carea' id='block_1_66' title="bbox 286 3706 1866 3791">
    <p class='ocr_par' dir='ltr' id='par_1_66' title="bbox 286 3706 1866 3791">
     <span class='ocr_line' id='line_1_66' title="bbox 286 3706 1866 3791; baseline 0.009 -30"><span class='ocrx_word' id='word_1_491' title='bbox 286 3726 405 3762; x_wconf 78' lang='grc' dir='ltr'>σου.</span> <span class='ocrx_word' id='word_1_492' title='bbox 436 3706 569 3763; x_wconf 75' lang='grc' dir='ltr'>Εἶτα</span> <span class='ocrx_word' id='word_1_493' title='bbox 608 3712 758 3779; x_wconf 80' lang='grc' dir='ltr'>λέγει</span> <span class='ocrx_word' id='word_1_494' title='bbox 794 3713 872 3782; x_wconf 74' lang='grc' dir='ltr'><strong>τῷ</strong></span> <span class='ocrx_word' id='word_1_495' title='bbox 920 3714 1137 3786; x_wconf 76' lang='grc' dir='ltr'>μαθητῇ</span> <span class='ocrx_word' id='word_1_496' title='bbox 1168 3731 1181 3745; x_wconf 82' lang='grc'>⁶</span> <span class='ocrx_word' id='word_1_497' title='bbox 1246 3716 1377 3770; x_wconf 84' lang='grc' dir='ltr'>Ἰδοὺ</span> <span class='ocrx_word' id='word_1_498' title='bbox 1427 3720 1460 3790; x_wconf 86' lang='grc' dir='ltr'><strong>ή</strong></span> <span class='ocrx_word' id='word_1_499' title='bbox 1514 3722 1695 3791; x_wconf 85' lang='grc' dir='ltr'>μήτηρ</span> <span class='ocrx_word' id='word_1_500' title='bbox 1753 3741 1866 3778; x_wconf 91' lang='grc' dir='ltr'>σου.</span> 
     </span>
    </p>
   </div>
   <div class='ocr_carea' id='block_1_67' title="bbox 289 3800 1870 3885">
    <p class='ocr_par' dir='ltr' id='par_1_67' title="bbox 289 3800 1870 3885">
     <span class='ocr_line' id='line_1_67' title="bbox 289 3800 1870 3885; baseline 0.008 -32"><span class='ocrx_word' id='word_1_501' title='bbox 289 3802 399 3853; x_wconf 69' lang='grc' dir='ltr'><strong>Καὶ</strong></span> <span class='ocrx_word' id='word_1_502' title='bbox 431 3800 527 3852; x_wconf 83' lang='grc' dir='ltr'>ἀπ’</span> <span class='ocrx_word' id='word_1_503' title='bbox 567 3804 783 3870; x_wconf 81' lang='grc' dir='ltr'>ἐκείνης</span> <span class='ocrx_word' id='word_1_504' title='bbox 828 3806 926 3871; x_wconf 80' lang='grc' dir='ltr'>τῆς</span> <span class='ocrx_word' id='word_1_505' title='bbox 961 3804 1110 3875; x_wconf 90' lang='grc' dir='ltr'>ῶρας</span> <span class='ocrx_word' id='word_1_506' title='bbox 1141 3806 1333 3859; x_wconf 77' lang='grc' dir='ltr'>ἔλαϐεν</span> <span class='ocrx_word' id='word_1_507' title='bbox 1368 3810 1395 3862; x_wconf 85' lang='grc' dir='ltr'>ὁ</span> <span class='ocrx_word' id='word_1_508' title='bbox 1426 3810 1673 3882; x_wconf 75' lang='grc' dir='ltr'>μαθητὴς</span> <span class='ocrx_word' id='word_1_509' title='bbox 1702 3813 1870 3885; x_wconf 79' lang='grc' dir='ltr'>αὐτὴν</span> 
     </span>
    </p>
   </div>
   <div class='ocr_carea' id='block_1_68' title="bbox 288 3892 1869 3973">
    <p class='ocr_par' dir='ltr' id='par_1_68' title="bbox 288 3892 1869 3973">
     <span class='ocr_line' id='line_1_68' title="bbox 288 3892 1869 3973; baseline 0.013 -31"><span class='ocrx_word' id='word_1_510' title='bbox 288 3894 367 3954; x_wconf 80' lang='grc' dir='ltr'><strong>είς</strong></span> <span class='ocrx_word' id='word_1_511' title='bbox 398 3894 465 3944; x_wconf 75' lang='grc' dir='ltr'><strong>τά</strong></span> <span class='ocrx_word' id='word_1_512' title='bbox 494 3894 623 3946; x_wconf 83' lang='grc' dir='ltr'>ἴδια.</span> <span class='ocrx_word' id='word_1_513' title='bbox 670 3914 687 3944; x_wconf 73' lang='grc' dir='ltr'><strong>ι</strong></span> <span class='ocrx_word' id='word_1_514' title='bbox 725 3896 787 3947; x_wconf 89' lang='grc' dir='ltr'><strong>Οἱ</strong></span> <span class='ocrx_word' id='word_1_515' title='bbox 830 3897 927 3964; x_wconf 80' lang='grc' dir='ltr'>μὲν</span> <span class='ocrx_word' id='word_1_516' title='bbox 954 3892 1051 3950; x_wconf 84' lang='grc' dir='ltr'><strong>οῦν</strong></span> <span class='ocrx_word' id='word_1_517' title='bbox 1084 3901 1420 3970; x_wconf 84' lang='grc' dir='ltr'>στρατιῶται</span> <span class='ocrx_word' id='word_1_518' title='bbox 1442 3904 1510 3956; x_wconf 87' lang='grc' dir='ltr'>τὰ</span> <span class='ocrx_word' id='word_1_519' title='bbox 1533 3906 1629 3973; x_wconf 83' lang='grc' dir='ltr'><strong>τῆς</strong></span> <span class='ocrx_word' id='word_1_520' title='bbox 1664 3896 1869 3973; x_wconf 80' lang='grc' dir='ltr'>οἰκείας</span> 
     </span>
    </p>
   </div>
   <div class='ocr_carea' id='block_1_69' title="bbox 286 3983 1868 4069">
    <p class='ocr_par' dir='ltr' id='par_1_69' title="bbox 286 3983 1868 4069">
     <span class='ocr_line' id='line_1_69' title="bbox 286 3983 1868 4069; baseline 0.011 -35"><span class='ocrx_word' id='word_1_521' title='bbox 286 3983 549 4052; x_wconf 76' lang='grc' dir='ltr'>άνοησίας</span> <span class='ocrx_word' id='word_1_522' title='bbox 596 3986 846 4039; x_wconf 76' lang='grc' dir='ltr'><strong>ἐποίουν⁸</strong></span> <span class='ocrx_word' id='word_1_523' title='bbox 885 3990 1047 4053; x_wconf 79' lang='grc' dir='ltr'>αὐτὸς</span> <span class='ocrx_word' id='word_1_524' title='bbox 1087 3990 1144 4044; x_wconf 83' lang='grc' dir='ltr'>δὲ</span> <span class='ocrx_word' id='word_1_525' title='bbox 1193 3992 1292 4061; x_wconf 77' lang='grc' dir='ltr'>τῆς</span> <span class='ocrx_word' id='word_1_526' title='bbox 1329 3996 1535 4064; x_wconf 75' lang='grc' dir='ltr'>μητρὸς</span> <span class='ocrx_word' id='word_1_527' title='bbox 1569 4000 1868 4069; x_wconf 76' lang='grc' dir='ltr'>φροντίζει,</span> 
     </span>
    </p>
   </div>
   <div class='ocr_carea' id='block_1_70' title="bbox 286 4076 1869 4161">
    <p class='ocr_par' dir='ltr' id='par_1_70' title="bbox 286 4076 1869 4161">
     <span class='ocr_line' id='line_1_70' title="bbox 286 4076 1869 4161; baseline 0.013 -35"><span class='ocrx_word' id='word_1_528' title='bbox 286 4076 555 4147; x_wconf 69' lang='grc' dir='ltr'>διδάσκων</span> <span class='ocrx_word' id='word_1_529' title='bbox 586 4080 733 4144; x_wconf 75' lang='grc' dir='ltr'>ἡμᾶς</span> <span class='ocrx_word' id='word_1_530' title='bbox 767 4080 895 4150; x_wconf 74' lang='grc' dir='ltr'>ἄχρι</span> <span class='ocrx_word' id='word_1_531' title='bbox 951 4085 1045 4134; x_wconf 73' lang='grc' dir='ltr'>καὶ</span> <span class='ocrx_word' id='word_1_532' title='bbox 1086 4084 1183 4150; x_wconf 77' lang='grc' dir='ltr'><strong>τῆς</strong></span> <span class='ocrx_word' id='word_1_533' title='bbox 1233 4086 1550 4151; x_wconf 84' lang='grc' dir='ltr'>τελευταίας</span> <span class='ocrx_word' id='word_1_534' title='bbox 1594 4093 1869 4161; x_wconf 69' lang='grc' dir='ltr'>ἀναπνοῆς</span> 
     </span>
    </p>
   </div>
   <div class='ocr_carea' id='block_1_71' title="bbox 288 4168 1868 4249">
    <p class='ocr_par' dir='ltr' id='par_1_71' title="bbox 288 4168 1868 4249">
     <span class='ocr_line' id='line_1_71' title="bbox 288 4168 1868 4249; baseline 0.011 -32"><span class='ocrx_word' id='word_1_535' title='bbox 288 4168 474 4218; x_wconf 76' lang='grc' dir='ltr'>πᾶσαν</span> <span class='ocrx_word' id='word_1_536' title='bbox 508 4170 780 4221; x_wconf 79' lang='grc' dir='ltr'>ποιεῖσθαι</span> <span class='ocrx_word' id='word_1_537' title='bbox 809 4172 1127 4239; x_wconf 75' lang='grc' dir='ltr'>ἐπιμέλειαν</span> <span class='ocrx_word' id='word_1_538' title='bbox 1152 4175 1261 4227; x_wconf 86' lang='grc' dir='ltr'><strong>τῶν</strong></span> <span class='ocrx_word' id='word_1_539' title='bbox 1284 4180 1719 4249; x_wconf 86' lang='grc' dir='ltr'>γεγεννηκότων.</span> <span class='ocrx_word' id='word_1_540' title='bbox 1761 4184 1868 4235; x_wconf 75' lang='grc' dir='ltr'><strong>Καὶ</strong></span> 
     </span>
    </p>
   </div>
   <div class='ocr_carea' id='block_1_72' title="bbox 283 4258 1869 4346">
    <p class='ocr_par' dir='ltr' id='par_1_72' title="bbox 283 4258 1869 4346">
     <span class='ocr_line' id='line_1_72' title="bbox 283 4258 1869 4346; baseline 0.013 -36"><span class='ocrx_word' id='word_1_541' title='bbox 283 4258 409 4326; x_wconf 81' lang='grc' dir='ltr'>ὅρα,</span> <span class='ocrx_word' id='word_1_542' title='bbox 458 4258 575 4320; x_wconf 79' lang='grc' dir='ltr'><strong>πῶς</strong></span> <span class='ocrx_word' id='word_1_543' title='bbox 620 4261 795 4313; x_wconf 80' lang='grc' dir='ltr'>οὐσῶν</span> <span class='ocrx_word' id='word_1_544' title='bbox 834 4264 926 4314; x_wconf 75' lang='grc' dir='ltr'>καὶ</span> <span class='ocrx_word' id='word_1_545' title='bbox 965 4264 1140 4317; x_wconf 83' lang='grc' dir='ltr'>ἄλλων</span> <span class='ocrx_word' id='word_1_546' title='bbox 1194 4270 1490 4335; x_wconf 83' lang='grc' dir='ltr'>γυναικῶν,</span> <span class='ocrx_word' id='word_1_547' title='bbox 1555 4275 1721 4344; x_wconf 78' lang='grc' dir='ltr'>μόνης</span> <span class='ocrx_word' id='word_1_548' title='bbox 1768 4278 1869 4346; x_wconf 74' lang='grc' dir='ltr'>τῆς</span> 
     </span>
    </p>
   </div>
   <div class='ocr_carea' id='block_1_73' title="bbox 289 4352 1869 4439">
    <p class='ocr_par' dir='ltr' id='par_1_73' title="bbox 289 4352 1869 4439">
     <span class='ocr_line' id='line_1_73' title="bbox 289 4352 1869 4439; baseline 0.015 -40"><span class='ocrx_word' id='word_1_549' title='bbox 289 4352 496 4419; x_wconf 68' lang='grc' dir='ltr'>μητρὸς</span> <span class='ocrx_word' id='word_1_550' title='bbox 531 4357 859 4421; x_wconf 76' lang='grc' dir='ltr'>προνοεῖται.</span> <span class='ocrx_word' id='word_1_551' title='bbox 900 4358 992 4409; x_wconf 85' lang='grc' dir='ltr'>Δεῖ</span> <span class='ocrx_word' id='word_1_552' title='bbox 1039 4359 1148 4428; x_wconf 84' lang='grc' dir='ltr'>γὰρ</span> <span class='ocrx_word' id='word_1_553' title='bbox 1175 4360 1525 4429; x_wconf 78' lang='grc' dir='ltr'>ἐμποδίζουσι</span> <span class='ocrx_word' id='word_1_554' title='bbox 1578 4367 1679 4435; x_wconf 86' lang='grc' dir='ltr'><strong>μὲν</strong></span> <span class='ocrx_word' id='word_1_555' title='bbox 1732 4371 1869 4439; x_wconf 67' lang='grc' dir='ltr'>πρὸς</span> 
     </span>
    </p>
   </div>
   <div class='ocr_carea' id='block_1_74' title="bbox 287 4442 1866 4536">
    <p class='ocr_par' dir='ltr' id='par_1_74' title="bbox 287 4442 1866 4536">
     <span class='ocr_line' id='line_1_74' title="bbox 287 4442 1866 4536; baseline 0.015 -43"><span class='ocrx_word' id='word_1_556' title='bbox 287 4442 599 4495; x_wconf 71' lang='grc' dir='ltr'>Θεοτέϐειαν</span> <span class='ocrx_word' id='word_1_557' title='bbox 668 4450 779 4508; x_wconf 80' lang='grc' dir='ltr'>τοῖς</span> <span class='ocrx_word' id='word_1_558' title='bbox 852 4443 1208 4521; x_wconf 75' lang='grc' dir='ltr'>γεγεννηκόσι</span> <span class='ocrx_word' id='word_1_559' title='bbox 1270 4454 1344 4526; x_wconf 81' lang='grc' dir='ltr'>μὴ</span> <span class='ocrx_word' id='word_1_560' title='bbox 1395 4460 1720 4529; x_wconf 75' lang='grc' dir='ltr'>προσέχεινο</span> <span class='ocrx_word' id='word_1_561' title='bbox 1791 4465 1866 4536; x_wconf 82' lang='grc' dir='ltr'>μὴ</span> 
     </span>
    </p>
   </div>
   <div class='ocr_carea' id='block_1_75' title="bbox 282 4535 1863 4615">
    <p class='ocr_par' dir='ltr' id='par_1_75' title="bbox 282 4535 1863 4615">
     <span class='ocr_line' id='line_1_75' title="bbox 282 4535 1863 4615; baseline 0.015 -30"><span class='ocrx_word' id='word_1_562' title='bbox 282 4535 642 4603; x_wconf 78' lang='grc' dir='ltr'>ἐμποδίζουσι</span> <span class='ocrx_word' id='word_1_563' title='bbox 694 4538 774 4599; x_wconf 79' lang='grc' dir='ltr'>δὲ,</span> <span class='ocrx_word' id='word_1_564' title='bbox 806 4541 988 4593; x_wconf 70' lang='grc' dir='ltr'>πᾶσαν</span> <span class='ocrx_word' id='word_1_565' title='bbox 1032 4543 1211 4597; x_wconf 76' lang='grc' dir='ltr'>αὐτῶν</span> <span class='ocrx_word' id='word_1_566' title='bbox 1250 4549 1507 4615; x_wconf 79' lang='grc' dir='ltr'>φροντίδα</span> <span class='ocrx_word' id='word_1_567' title='bbox 1557 4535 1863 4607; x_wconf 61' lang='grc' dir='ltr'>ποιεῖσθαιέ</span> 
     </span>
    </p>
   </div>
   <div class='ocr_carea' id='block_1_76' title="bbox 1978 3331 3559 3410">
    <p class='ocr_par' dir='ltr' id='par_1_76' title="bbox 1978 3331 3559 3410">
     <span class='ocr_line' id='line_1_76' title="bbox 1978 3331 3559 3410; baseline -0.006 -17"><span class='ocrx_word' id='word_1_568' title='bbox 1978 3357 2132 3395; x_wconf 81' lang='lat' dir='ltr'><strong>soror</strong></span> <span class='ocrx_word' id='word_1_569' title='bbox 2168 3341 2356 3393; x_wconf 80' lang='lat' dir='ltr'><strong>matris</strong></span> <span class='ocrx_word' id='word_1_570' title='bbox 2384 3341 2500 3410; x_wconf 82' lang='lat' dir='ltr'><strong>ejus</strong></span> <span class='ocrx_word' id='word_1_571' title='bbox 2536 3338 2698 3391; x_wconf 80' lang='lat' dir='ltr'><strong>Maria</strong></span> <span class='ocrx_word' id='word_1_572' title='bbox 2734 3337 3006 3405; x_wconf 72' lang='lat' dir='ltr'><strong>Cleophze,</strong></span> <span class='ocrx_word' id='word_1_573' title='bbox 3041 3344 3094 3389; x_wconf 90' lang='lat' dir='ltr'><strong>et</strong></span> <span class='ocrx_word' id='word_1_574' title='bbox 3124 3334 3289 3389; x_wconf 84' lang='lat' dir='ltr'><strong>Maria</strong></span> <span class='ocrx_word' id='word_1_575' title='bbox 3326 3331 3559 3401; x_wconf 78' lang='lat' dir='ltr'><strong>Magda-</strong></span> 
     </span>
    </p>
   </div>
   <div class='ocr_carea' id='block_1_77' title="bbox 1980 3429 3555 3503">
    <p class='ocr_par' dir='ltr' id='par_1_77' title="bbox 1980 3429 3555 3503">
     <span class='ocr_line' id='line_1_77' title="bbox 1980 3429 3555 3503; baseline -0.005 -16"><span class='ocrx_word' id='word_1_576' title='bbox 1980 3435 2119 3487; x_wconf 89' lang='lat' dir='ltr'><strong>lene.</strong></span> <span class='ocrx_word' id='word_1_577' title='bbox 2161 3433 2296 3486; x_wconf 80' lang='lat' dir='ltr'><strong>Cum</strong></span> <span class='ocrx_word' id='word_1_578' title='bbox 2335 3435 2561 3486; x_wconf 80' lang='lat' dir='ltr'><strong>vidisset</strong></span> <span class='ocrx_word' id='word_1_579' title='bbox 2592 3446 2719 3497; x_wconf 73' lang='lat' dir='ltr'><strong>ergo</strong></span> <span class='ocrx_word' id='word_1_580' title='bbox 2751 3430 2908 3503; x_wconf 61' lang='lat' dir='ltr'><strong>Jesys</strong></span> <span class='ocrx_word' id='word_1_581' title='bbox 2948 3439 3174 3483; x_wconf 77' lang='lat' dir='ltr'><strong>matrem</strong></span> <span class='ocrx_word' id='word_1_582' title='bbox 3221 3445 3284 3483; x_wconf 88' lang='lat' dir='ltr'><strong>ac</strong></span> <span class='ocrx_word' id='word_1_583' title='bbox 3317 3429 3555 3495; x_wconf 88' lang='lat' dir='ltr'><strong>discipu-</strong></span> 
     </span>
    </p>
   </div>
   <div class='ocr_carea' id='block_1_78' title="bbox 1979 3521 3557 3593">
    <p class='ocr_par' dir='ltr' id='par_1_78' title="bbox 1979 3521 3557 3593">
     <span class='ocr_line' id='line_1_78' title="bbox 1979 3521 3557 3593; baseline -0.004 -14"><span class='ocrx_word' id='word_1_584' title='bbox 1979 3527 2085 3579; x_wconf 92' lang='lat' dir='ltr'><strong>lum</strong></span> <span class='ocrx_word' id='word_1_585' title='bbox 2129 3536 2393 3579; x_wconf 74' lang='lat' dir='ltr'><strong>astantem</strong></span> <span class='ocrx_word' id='word_1_586' title='bbox 2446 3538 2604 3593; x_wconf 89' lang='lat' dir='ltr'><strong>quem</strong></span> <span class='ocrx_word' id='word_1_587' title='bbox 2657 3524 2946 3591; x_wconf 70' lang='lat' dir='ltr'><strong>diligebat,</strong></span> <span class='ocrx_word' id='word_1_588' title='bbox 2997 3522 3132 3575; x_wconf 86' lang='lat' dir='ltr'><strong>dicit</strong></span> <span class='ocrx_word' id='word_1_589' title='bbox 3187 3521 3344 3574; x_wconf 88' lang='lat' dir='ltr'><strong>matri</strong></span> <span class='ocrx_word' id='word_1_590' title='bbox 3397 3535 3557 3573; x_wconf 65' lang='lat' dir='ltr'><strong>sum:</strong></span> 
     </span>
    </p>
   </div>
   <div class='ocr_carea' id='block_1_79' title="bbox 1978 3612 3553 3683">
    <p class='ocr_par' dir='ltr' id='par_1_79' title="bbox 1978 3612 3553 3683">
     <span class='ocr_line' id='line_1_79' title="bbox 1978 3612 3553 3683; baseline -0.004 -12"><span class='ocrx_word' id='word_1_591' title='bbox 1978 3620 2166 3673; x_wconf 86' lang='lat' dir='ltr'><strong>Mulier</strong></span> <span class='ocrx_word' id='word_1_592' title='bbox 2196 3658 2208 3678; x_wconf 83' lang='lat'><strong>,</strong></span> <span class='ocrx_word' id='word_1_593' title='bbox 2264 3632 2389 3672; x_wconf 74' lang='lat' dir='ltr'><strong>ecce</strong></span> <span class='ocrx_word' id='word_1_594' title='bbox 2435 3618 2574 3671; x_wconf 84' lang='lat' dir='ltr'><strong>ftlius</strong></span> <span class='ocrx_word' id='word_1_595' title='bbox 2626 3627 2765 3671; x_wconf 93' lang='lat' dir='ltr'><strong>tuus.</strong></span> <span class='ocrx_word' id='word_1_596' title='bbox 2822 3616 3023 3669; x_wconf 84' lang='lat' dir='ltr'><strong>Deinde</strong></span> <span class='ocrx_word' id='word_1_597' title='bbox 3067 3616 3199 3667; x_wconf 88' lang='lat' dir='ltr'><strong>dicit</strong></span> <span class='ocrx_word' id='word_1_598' title='bbox 3245 3612 3553 3683; x_wconf 86' lang='lat' dir='ltr'><strong>discipulo:</strong></span> 
     </span>
    </p>
   </div>
   <div class='ocr_carea' id='block_1_80' title="bbox 1976 3706 3559 3778">
    <p class='ocr_par' dir='ltr' id='par_1_80' title="bbox 1976 3706 3559 3778">
     <span class='ocr_line' id='line_1_80' title="bbox 1976 3706 3559 3778; baseline -0.003 -14"><span class='ocrx_word' id='word_1_599' title='bbox 1976 3711 2111 3766; x_wconf 85' lang='lat' dir='ltr'><strong>Ecce</strong></span> <span class='ocrx_word' id='word_1_600' title='bbox 2154 3720 2323 3764; x_wconf 81' lang='lat' dir='ltr'><strong>mater</strong></span> <span class='ocrx_word' id='word_1_601' title='bbox 2359 3722 2466 3765; x_wconf 89' lang='lat' dir='ltr'><strong>tua.</strong></span> <span class='ocrx_word' id='word_1_602' title='bbox 2516 3710 2664 3763; x_wconf 75' lang='lat' dir='ltr'><strong>Etex</strong></span> <span class='ocrx_word' id='word_1_603' title='bbox 2704 3710 2789 3762; x_wconf 88' lang='lat' dir='ltr'><strong>illa</strong></span> <span class='ocrx_word' id='word_1_604' title='bbox 2824 3710 2951 3762; x_wconf 85' lang='lat' dir='ltr'><strong>hora</strong></span> <span class='ocrx_word' id='word_1_605' title='bbox 3001 3708 3208 3778; x_wconf 76' lang='lat' dir='ltr'><strong>accepit</strong></span> <span class='ocrx_word' id='word_1_606' title='bbox 3246 3721 3364 3760; x_wconf 89' lang='lat' dir='ltr'><strong>eam</strong></span> <span class='ocrx_word' id='word_1_607' title='bbox 3397 3706 3559 3761; x_wconf 81' lang='lat' dir='ltr'><strong>disci-</strong></span> 
     </span>
    </p>
   </div>
   <div class='ocr_carea' id='block_1_81' title="bbox 1974 3799 3555 3874">
    <p class='ocr_par' dir='ltr' id='par_1_81' title="bbox 1974 3799 3555 3874">
     <span class='ocr_line' id='line_1_81' title="bbox 1974 3799 3555 3874; baseline -0.003 -19"><span class='ocrx_word' id='word_1_608' title='bbox 1974 3805 2130 3874; x_wconf 82' lang='lat' dir='ltr'><strong>pulus</strong></span> <span class='ocrx_word' id='word_1_609' title='bbox 2179 3805 2230 3856; x_wconf 90' lang='lat' dir='ltr'><strong>in</strong></span> <span class='ocrx_word' id='word_1_610' title='bbox 2280 3818 2397 3855; x_wconf 86' lang='lat' dir='ltr'><strong>sua.</strong></span> <span class='ocrx_word' id='word_1_611' title='bbox 2441 3821 2458 3853; x_wconf 75' lang='grc' dir='ltr'><strong>ι</strong></span> <span class='ocrx_word' id='word_1_612' title='bbox 2493 3801 2691 3855; x_wconf 82' lang='lat' dir='ltr'><strong>Milites</strong></span> <span class='ocrx_word' id='word_1_613' title='bbox 2732 3800 2950 3869; x_wconf 88' lang='lat' dir='ltr'><strong>quidem</strong></span> <span class='ocrx_word' id='word_1_614' title='bbox 3001 3799 3273 3854; x_wconf 61' lang='lat' dir='ltr'><strong>faciebant</strong></span> <span class='ocrx_word' id='word_1_615' title='bbox 3318 3812 3414 3869; x_wconf 91' lang='lat' dir='ltr'><strong>pro</strong></span> <span class='ocrx_word' id='word_1_616' title='bbox 3459 3812 3555 3851; x_wconf 90' lang='lat' dir='ltr'><strong>sua</strong></span> 
     </span>
    </p>
   </div>
   <div class='ocr_carea' id='block_1_82' title="bbox 1974 3891 3556 3966">
    <p class='ocr_par' dir='ltr' id='par_1_82' title="bbox 1974 3891 3556 3966">
     <span class='ocr_line' id='line_1_82' title="bbox 1974 3891 3556 3966; baseline -0.006 -15"><span class='ocrx_word' id='word_1_617' title='bbox 1974 3898 2313 3966; x_wconf 79' lang='lat' dir='ltr'><strong>insipientia.</strong></span> <span class='ocrx_word' id='word_1_618' title='bbox 2339 3898 2457 3964; x_wconf 87' lang='lat' dir='ltr'><strong>Ipse</strong></span> <span class='ocrx_word' id='word_1_619' title='bbox 2479 3905 2658 3948; x_wconf 89' lang='lat' dir='ltr'><strong>autem</strong></span> <span class='ocrx_word' id='word_1_620' title='bbox 2694 3894 2885 3947; x_wconf 83' lang='lat' dir='ltr'><strong>matris</strong></span> <span class='ocrx_word' id='word_1_621' title='bbox 2913 3908 3097 3947; x_wconf 88' lang='lat' dir='ltr'><strong>curam</strong></span> <span class='ocrx_word' id='word_1_622' title='bbox 3126 3892 3306 3955; x_wconf 81' lang='lat' dir='ltr'><strong>habet,</strong></span> <span class='ocrx_word' id='word_1_623' title='bbox 3355 3891 3556 3945; x_wconf 84' lang='lat' dir='ltr'><strong>docens</strong></span> 
     </span>
    </p>
   </div>
   <div class='ocr_carea' id='block_1_83' title="bbox 1976 3985 3557 4059">
    <p class='ocr_par' dir='ltr' id='par_1_83' title="bbox 1976 3985 3557 4059">
     <span class='ocr_line' id='line_1_83' title="bbox 1976 3985 3557 4059; baseline -0.004 -17"><span class='ocrx_word' id='word_1_624' title='bbox 1976 4005 2071 4043; x_wconf 88' lang='lat' dir='ltr'><strong>nos</strong></span> <span class='ocrx_word' id='word_1_625' title='bbox 2121 4005 2290 4059; x_wconf 64' lang='lat' dir='ltr'><strong>usque.</strong></span> <span class='ocrx_word' id='word_1_626' title='bbox 2332 3988 2398 4042; x_wconf 85' lang='lat' dir='ltr'><strong>ad</strong></span> <span class='ocrx_word' id='word_1_627' title='bbox 2430 3998 2732 4041; x_wconf 80' lang='lat' dir='ltr'><strong>extremum</strong></span> <span class='ocrx_word' id='word_1_628' title='bbox 2783 3988 3035 4057; x_wconf 86' lang='lat' dir='ltr'><strong>spiritum</strong></span> <span class='ocrx_word' id='word_1_629' title='bbox 3090 3998 3308 4039; x_wconf 90' lang='lat' dir='ltr'><strong>omnem</strong></span> <span class='ocrx_word' id='word_1_630' title='bbox 3355 3985 3557 4038; x_wconf 86' lang='lat' dir='ltr'><strong>habere</strong></span> 
     </span>
    </p>
   </div>
   <div class='ocr_carea' id='block_1_84' title="bbox 1943 4077 3557 4151">
    <p class='ocr_par' dir='ltr' id='par_1_84' title="bbox 1943 4077 3557 4151">
     <span class='ocr_line' id='line_1_84' title="bbox 1943 4077 3557 4151; baseline -0.007 -11"><span class='ocrx_word' id='word_1_631' title='bbox 1943 4086 2170 4140; x_wconf 84' lang='lat' dir='ltr'><strong>.dehere</strong></span> <span class='ocrx_word' id='word_1_632' title='bbox 2215 4099 2397 4136; x_wconf 84' lang='lat' dir='ltr'><strong>curam</strong></span> <span class='ocrx_word' id='word_1_633' title='bbox 2442 4097 2629 4136; x_wconf 87' lang='lat' dir='ltr'><strong>eorum</strong></span> <span class='ocrx_word' id='word_1_634' title='bbox 2680 4083 2769 4151; x_wconf 89' lang='lat' dir='ltr'><strong>qui</strong></span> <span class='ocrx_word' id='word_1_635' title='bbox 2819 4097 2917 4135; x_wconf 87' lang='lat' dir='ltr'><strong>nus</strong></span> <span class='ocrx_word' id='word_1_636' title='bbox 2960 4088 3279 4150; x_wconf 74' lang='lat' dir='ltr'><strong>genuerunt.</strong></span> <span class='ocrx_word' id='word_1_637' title='bbox 3329 4077 3391 4130; x_wconf 87' lang='lat' dir='ltr'><strong>Et</strong></span> <span class='ocrx_word' id='word_1_638' title='bbox 3434 4079 3557 4129; x_wconf 84' lang='lat' dir='ltr'><strong>vide</strong></span> 
     </span>
    </p>
   </div>
   <div class='ocr_carea' id='block_1_85' title="bbox 1973 4166 3554 4242">
    <p class='ocr_par' dir='ltr' id='par_1_85' title="bbox 1973 4166 3554 4242">
     <span class='ocr_line' id='line_1_85' title="bbox 1973 4166 3554 4242; baseline -0.005 -17"><span class='ocrx_word' id='word_1_639' title='bbox 1973 4171 2240 4242; x_wconf 80' lang='lat' dir='ltr'><strong>quomodo</strong></span> <span class='ocrx_word' id='word_1_640' title='bbox 2270 4186 2391 4224; x_wconf 92' lang='lat' dir='ltr'><strong>cum</strong></span> <span class='ocrx_word' id='word_1_641' title='bbox 2419 4180 2603 4224; x_wconf 87' lang='lat' dir='ltr'><strong>essent</strong></span> <span class='ocrx_word' id='word_1_642' title='bbox 2635 4180 2686 4223; x_wconf 90' lang='lat' dir='ltr'><strong>et</strong></span> <span class='ocrx_word' id='word_1_643' title='bbox 2716 4169 2833 4223; x_wconf 74' lang='lat' dir='ltr'><strong>alite</strong></span> <span class='ocrx_word' id='word_1_644' title='bbox 2865 4169 3141 4231; x_wconf 86' lang='lat' dir='ltr'><strong>mulieres,</strong></span> <span class='ocrx_word' id='word_1_645' title='bbox 3167 4167 3335 4221; x_wconf 85' lang='lat' dir='ltr'><strong>solius</strong></span> <span class='ocrx_word' id='word_1_646' title='bbox 3364 4166 3554 4218; x_wconf 79' lang='lat' dir='ltr'><strong>matris</strong></span> 
     </span>
    </p>
   </div>
   <div class='ocr_carea' id='block_1_86' title="bbox 1974 4264 3551 4338">
    <p class='ocr_par' dir='ltr' id='par_1_86' title="bbox 1974 4264 3551 4338">
     <span class='ocr_line' id='line_1_86' title="bbox 1974 4264 3551 4338; baseline -0.008 -9"><span class='ocrx_word' id='word_1_647' title='bbox 1974 4288 2158 4329; x_wconf 83' lang='lat' dir='ltr'><strong>Curam</strong></span> <span class='ocrx_word' id='word_1_648' title='bbox 2211 4282 2352 4338; x_wconf 85' lang='lat' dir='ltr'><strong>agat.</strong></span> <span class='ocrx_word' id='word_1_649' title='bbox 2404 4268 2538 4323; x_wconf 83' lang='lat' dir='ltr'><strong>Nam</strong></span> <span class='ocrx_word' id='word_1_650' title='bbox 2588 4279 2803 4335; x_wconf 90' lang='lat' dir='ltr'><strong>oportet</strong></span> <span class='ocrx_word' id='word_1_651' title='bbox 2859 4269 3075 4336; x_wconf 87' lang='lat' dir='ltr'><strong>quidem</strong></span> <span class='ocrx_word' id='word_1_652' title='bbox 3129 4265 3450 4335; x_wconf 85' lang='lat' dir='ltr'><strong>parentibus</strong></span> <span class='ocrx_word' id='word_1_653' title='bbox 3484 4264 3551 4317; x_wconf 82' lang='lat' dir='ltr'><strong>ad</strong></span> 
     </span>
    </p>
   </div>
   <div class='ocr_carea' id='block_1_87' title="bbox 1974 4358 3554 4434">
    <p class='ocr_par' dir='ltr' id='par_1_87' title="bbox 1974 4358 3554 4434">
     <span class='ocr_line' id='line_1_87' title="bbox 1974 4358 3554 4434; baseline -0.003 -20"><span class='ocrx_word' id='word_1_654' title='bbox 1974 4368 2225 4434; x_wconf 77' lang='lat' dir='ltr'><strong>pietatem</strong></span> <span class='ocrx_word' id='word_1_655' title='bbox 2275 4364 2665 4416; x_wconf 74' lang='lat' dir='ltr'><strong>obsistentibus</strong></span> <span class='ocrx_word' id='word_1_656' title='bbox 2716 4377 2818 4414; x_wconf 90' lang='lat' dir='ltr'><strong>non</strong></span> <span class='ocrx_word' id='word_1_657' title='bbox 2868 4376 3080 4427; x_wconf 83' lang='lat' dir='ltr'><strong>parere,</strong></span> <span class='ocrx_word' id='word_1_658' title='bbox 3131 4374 3235 4412; x_wconf 90' lang='lat' dir='ltr'><strong>nou</strong></span> <span class='ocrx_word' id='word_1_659' title='bbox 3289 4358 3554 4412; x_wconf 80' lang='lat' dir='ltr'><strong>obsisten-</strong></span> 
     </span>
    </p>
   </div>
   <div class='ocr_carea' id='block_1_88' title="bbox 1975 4451 3548 4521">
    <p class='ocr_par' dir='ltr' id='par_1_88' title="bbox 1975 4451 3548 4521">
     <span class='ocr_line' id='line_1_88' title="bbox 1975 4451 3548 4521; baseline -0.008 -9"><span class='ocrx_word' id='word_1_660' title='bbox 1975 4460 2115 4512; x_wconf 90' lang='lat' dir='ltr'><strong>tibus</strong></span> <span class='ocrx_word' id='word_1_661' title='bbox 2149 4467 2327 4509; x_wconf 88' lang='lat' dir='ltr'><strong>autent</strong></span> <span class='ocrx_word' id='word_1_662' title='bbox 2376 4456 2521 4507; x_wconf 90' lang='lat' dir='ltr'><strong>omni</strong></span> <span class='ocrx_word' id='word_1_663' title='bbox 2561 4470 2689 4507; x_wconf 91' lang='lat' dir='ltr'><strong>cura</strong></span> <span class='ocrx_word' id='word_1_664' title='bbox 2726 4455 2971 4516; x_wconf 87' lang='lat' dir='ltr'><strong>servire;</strong></span> <span class='ocrx_word' id='word_1_665' title='bbox 3006 4452 3147 4505; x_wconf 89' lang='lat' dir='ltr'><strong>sicut</strong></span> <span class='ocrx_word' id='word_1_666' title='bbox 3172 4462 3226 4504; x_wconf 88' lang='lat' dir='ltr'><strong>et</strong></span> <span class='ocrx_word' id='word_1_667' title='bbox 3266 4451 3381 4521; x_wconf 87' lang='lat' dir='ltr'><strong>ipse</strong></span> <span class='ocrx_word' id='word_1_668' title='bbox 3425 4466 3548 4505; x_wconf 88' lang='lat' dir='ltr'><strong>cum</strong></span> 
     </span>
    </p>
   </div>
   <div class='ocr_carea' id='block_1_89' title="bbox 1973 4545 3551 4621">
    <p class='ocr_par' dir='ltr' id='par_1_89' title="bbox 1973 4545 3551 4621">
     <span class='ocr_line' id='line_1_89' title="bbox 1973 4545 3551 4621; baseline -0.005 -17"><span class='ocrx_word' id='word_1_669' title='bbox 1973 4555 2233 4621; x_wconf 88' lang='lat' dir='ltr'><strong>migraret</strong></span> <span class='ocrx_word' id='word_1_670' title='bbox 2278 4566 2307 4602; x_wconf 91' lang='lat' dir='ltr'><strong>e</strong></span> <span class='ocrx_word' id='word_1_671' title='bbox 2341 4549 2472 4610; x_wconf 77' lang='lat' dir='ltr'><strong>vita,</strong></span> <span class='ocrx_word' id='word_1_672' title='bbox 2510 4548 2652 4616; x_wconf 91' lang='lat' dir='ltr'><strong>quod</strong></span> <span class='ocrx_word' id='word_1_673' title='bbox 2699 4547 2994 4601; x_wconf 83' lang='lat' dir='ltr'><strong>verisimile</strong></span> <span class='ocrx_word' id='word_1_674' title='bbox 3035 4554 3154 4599; x_wconf 89' lang='lat' dir='ltr'><strong>erat</strong></span> <span class='ocrx_word' id='word_1_675' title='bbox 3194 4557 3419 4600; x_wconf 88' lang='lat' dir='ltr'><strong>matrem</strong></span> <span class='ocrx_word' id='word_1_676' title='bbox 3451 4545 3551 4598; x_wconf 90' lang='lat' dir='ltr'><strong>do-</strong></span> 
     </span>
    </p>
   </div>
   <div class='ocr_carea' id='block_1_90' title="bbox 281 4627 1973 4718">
    <p class='ocr_par' dir='ltr' id='par_1_90' title="bbox 281 4627 1973 4718">
     <span class='ocr_line' id='line_1_90' title="bbox 281 4627 1973 4718; baseline 0.014 -39"><span class='ocrx_word' id='word_1_677' title='bbox 281 4630 474 4699; x_wconf 81' lang='grc' dir='ltr'>ῶσπερ</span> <span class='ocrx_word' id='word_1_678' title='bbox 528 4627 621 4683; x_wconf 82' lang='grc' dir='ltr'><strong>οῦν</strong></span> <span class='ocrx_word' id='word_1_679' title='bbox 655 4634 750 4685; x_wconf 70' lang='grc' dir='ltr'>καὶ</span> <span class='ocrx_word' id='word_1_680' title='bbox 804 4634 989 4697; x_wconf 80' lang='grc' dir='ltr'>αὐτὸς,</span> <span class='ocrx_word' id='word_1_681' title='bbox 1032 4638 1222 4709; x_wconf 80' lang='grc' dir='ltr'>ἐπειδὴ</span> <span class='ocrx_word' id='word_1_682' title='bbox 1268 4641 1546 4713; x_wconf 84' lang='grc' dir='ltr'>ἀπεδήμει</span> <span class='ocrx_word' id='word_1_683' title='bbox 1590 4647 1685 4700; x_wconf 88' lang='grc' dir='ltr'><strong>τοῦ</strong></span> <span class='ocrx_word' id='word_1_684' title='bbox 1724 4648 1861 4718; x_wconf 86' lang='grc' dir='ltr'>βίον,</span> <span class='ocrx_word' id='word_1_685' title='bbox 1898 4645 1973 4702; x_wconf 63' lang='lat' dir='ltr'><strong>Di</strong></span> 
     </span>
    </p>
   </div>
   <div class='ocr_carea' id='block_1_91' title="bbox 1858 4627 3550 4718">
    <p class='ocr_par' dir='ltr' id='par_1_91' title="bbox 1858 4636 3550 4711">
     <span class='ocr_line' id='line_1_91' title="bbox 1858 4636 3550 4711; baseline -0.008 -13"><span class='ocrx_word' id='word_1_686' title='bbox 1858 4692 1861 4708; x_wconf 75' lang='lat'><strong>,</strong></span> <span class='ocrx_word' id='word_1_687' title='bbox 1898 4648 1941 4702; x_wconf 91' lang='lat' dir='ltr'><strong>D</strong></span> <span class='ocrx_word' id='word_1_688' title='bbox 1970 4644 2082 4698; x_wconf 81' lang='lat' dir='ltr'><strong>lere</strong></span> <span class='ocrx_word' id='word_1_689' title='bbox 2115 4652 2169 4696; x_wconf 91' lang='lat' dir='ltr'><strong>et</strong></span> <span class='ocrx_word' id='word_1_690' title='bbox 2219 4641 2525 4711; x_wconf 62' lang='lat' dir='ltr'><strong>praesidium</strong></span> <span class='ocrx_word' id='word_1_691' title='bbox 2578 4639 2876 4706; x_wconf 75' lang='lat' dir='ltr'><strong>requirere,</strong></span> <span class='ocrx_word' id='word_1_692' title='bbox 2921 4637 3257 4691; x_wconf 90' lang='lat' dir='ltr'><strong>concredidit</strong></span> <span class='ocrx_word' id='word_1_693' title='bbox 3285 4636 3550 4705; x_wconf 81' lang='lat' dir='ltr'><strong>discipulo</strong></span> 
     </span>
    </p>
   </div>
   <div class='ocr_carea' id='block_1_92' title="bbox 284 4722 1866 4809">
    <p class='ocr_par' dir='ltr' id='par_1_92' title="bbox 284 4722 1866 4809">
     <span class='ocr_line' id='line_1_92' title="bbox 284 4722 1866 4809; baseline 0.013 -35"><span class='ocrx_word' id='word_1_694' title='bbox 284 4722 383 4774; x_wconf 78' lang='grc' dir='ltr'>καὶ</span> <span class='ocrx_word' id='word_1_695' title='bbox 411 4722 509 4789; x_wconf 78' lang='grc' dir='ltr'><strong>τὴν</strong></span> <span class='ocrx_word' id='word_1_696' title='bbox 550 4725 764 4793; x_wconf 83' lang='grc' dir='ltr'>μητέρα</span> <span class='ocrx_word' id='word_1_697' title='bbox 788 4725 934 4788; x_wconf 83' lang='grc' dir='ltr'>είκὸς</span> <span class='ocrx_word' id='word_1_698' title='bbox 960 4724 1027 4797; x_wconf 77' lang='grc' dir='ltr'>ἦν</span> <span class='ocrx_word' id='word_1_699' title='bbox 1052 4729 1239 4796; x_wconf 83' lang='grc' dir='ltr'>ἀλγεῖν</span> <span class='ocrx_word' id='word_1_700' title='bbox 1270 4734 1363 4786; x_wconf 77' lang='grc' dir='ltr'><strong>καὶ</strong></span> <span class='ocrx_word' id='word_1_701' title='bbox 1397 4734 1497 4807; x_wconf 81' lang='grc' dir='ltr'>τὴν</span> <span class='ocrx_word' id='word_1_702' title='bbox 1531 4743 1866 4809; x_wconf 86' lang='grc' dir='ltr'>προστασίαν</span> 
     </span>
    </p>
   </div>
   <div class='ocr_carea' id='block_1_93' title="bbox 280 4817 1865 4901">
    <p class='ocr_par' dir='ltr' id='par_1_93' title="bbox 280 4817 1865 4901">
     <span class='ocr_line' id='line_1_93' title="bbox 280 4817 1865 4901; baseline 0.013 -33"><span class='ocrx_word' id='word_1_703' title='bbox 280 4817 583 4884; x_wconf 71' lang='grc' dir='ltr'>ἐπιζητεῖν,</span> <span class='ocrx_word' id='word_1_704' title='bbox 625 4818 918 4887; x_wconf 72' lang='grc' dir='ltr'>ἐγχειρίζει</span> <span class='ocrx_word' id='word_1_705' title='bbox 968 4821 1045 4892; x_wconf 80' lang='grc' dir='ltr'>τῷ</span> <span class='ocrx_word' id='word_1_706' title='bbox 1095 4825 1316 4897; x_wconf 76' lang='grc' dir='ltr'>μαθητῇ</span> <span class='ocrx_word' id='word_1_707' title='bbox 1372 4829 1473 4895; x_wconf 70' lang='grc' dir='ltr'><strong>τὴν</strong></span> <span class='ocrx_word' id='word_1_708' title='bbox 1527 4835 1865 4901; x_wconf 85' lang='grc' dir='ltr'>προστασίαν</span> 
     </span>
    </p>
   </div>
   <div class='ocr_carea' id='block_1_94' title="bbox 280 4908 1864 4996">
    <p class='ocr_par' dir='ltr' id='par_1_94' title="bbox 280 4908 1864 4996">
     <span class='ocr_line' id='line_1_94' title="bbox 280 4908 1864 4996; baseline 0.015 -38"><span class='ocrx_word' id='word_1_709' title='bbox 280 4908 477 4976; x_wconf 74' lang='grc' dir='ltr'>αὐτῆς,</span> <span class='ocrx_word' id='word_1_710' title='bbox 528 4908 899 4981; x_wconf 76' lang='grc' dir='ltr'>Ἀποκρύπτει</span> <span class='ocrx_word' id='word_1_711' title='bbox 932 4912 987 4965; x_wconf 80' lang='grc' dir='ltr'>δὲ</span> <span class='ocrx_word' id='word_1_712' title='bbox 1017 4916 1079 4966; x_wconf 77' lang='grc' dir='ltr'>τὸ</span> <span class='ocrx_word' id='word_1_713' title='bbox 1117 4919 1317 4971; x_wconf 71' lang='grc' dir='ltr'>οἰκεῖον</span> <span class='ocrx_word' id='word_1_714' title='bbox 1352 4920 1524 4991; x_wconf 79' lang='grc' dir='ltr'>ὄνομα</span> <span class='ocrx_word' id='word_1_715' title='bbox 1578 4926 1864 4996; x_wconf 83' lang='grc' dir='ltr'>εὐαγγελι-</span> 
     </span>
    </p>
   </div>
   <div class='ocr_carea' id='block_1_95' title="bbox 280 5002 1863 5081">
    <p class='ocr_par' dir='ltr' id='par_1_95' title="bbox 280 5002 1863 5081">
     <span class='ocr_line' id='line_1_95' title="bbox 280 5002 1863 5081; baseline 0.013 -31"><span class='ocrx_word' id='word_1_716' title='bbox 280 5002 436 5065; x_wconf 80' lang='grc' dir='ltr'>στὴς,</span> <span class='ocrx_word' id='word_1_717' title='bbox 472 5002 807 5069; x_wconf 78' lang='grc' dir='ltr'>μετριάζων.</span> <span class='ocrx_word' id='word_1_718' title='bbox 853 5004 915 5057; x_wconf 79' lang='lat' dir='ltr'><strong>El</strong></span> <span class='ocrx_word' id='word_1_719' title='bbox 949 5005 1059 5075; x_wconf 84' lang='grc' dir='ltr'>γὰρ</span> <span class='ocrx_word' id='word_1_720' title='bbox 1090 5008 1346 5073; x_wconf 79' lang='grc' dir='ltr'>ὲὸούλετο</span> <span class='ocrx_word' id='word_1_721' title='bbox 1376 5013 1705 5081; x_wconf 78' lang='grc' dir='ltr'>κομπάζειν,</span> <span class='ocrx_word' id='word_1_722' title='bbox 1767 5018 1863 5070; x_wconf 84' lang='grc' dir='ltr'>καὶ</span> 
     </span>
    </p>
   </div>
   <div class='ocr_carea' id='block_1_96' title="bbox 279 5092 1862 5181">
    <p class='ocr_par' dir='ltr' id='par_1_96' title="bbox 279 5092 1862 5181">
     <span class='ocr_line' id='line_1_96' title="bbox 279 5092 1862 5181; baseline 0.013 -39"><span class='ocrx_word' id='word_1_723' title='bbox 279 5092 378 5160; x_wconf 71' lang='grc' dir='ltr'><strong>τὴν</strong></span> <span class='ocrx_word' id='word_1_724' title='bbox 410 5092 591 5181; x_wconf 72' lang='grc' dir='ltr'>αίτίαν</span> <span class='ocrx_word' id='word_1_725' title='bbox 628 5095 967 5163; x_wconf 76' lang='grc' dir='ltr'>προσέθηκεν</span> <span class='ocrx_word' id='word_1_726' title='bbox 995 5096 1082 5162; x_wconf 83' lang='grc' dir='ltr'><strong>ἂν,</strong></span> <span class='ocrx_word' id='word_1_727' title='bbox 1124 5098 1192 5152; x_wconf 88' lang='grc' dir='ltr'>δι’</span> <span class='ocrx_word' id='word_1_728' title='bbox 1225 5100 1292 5171; x_wconf 77' lang='grc' dir='ltr'>ἢν</span> <span class='ocrx_word' id='word_1_729' title='bbox 1316 5102 1590 5172; x_wconf 77' lang='grc' dir='ltr'>ἠγαπᾶτο.</span> <span class='ocrx_word' id='word_1_730' title='bbox 1623 5108 1732 5160; x_wconf 78' lang='grc' dir='ltr'><strong>Καὶ</strong></span> <span class='ocrx_word' id='word_1_731' title='bbox 1753 5110 1862 5181; x_wconf 82' lang='grc' dir='ltr'>γὰρ</span> 
     </span>
    </p>
   </div>
   <div class='ocr_carea' id='block_1_97' title="bbox 278 5180 1860 5273">
    <p class='ocr_par' dir='ltr' id='par_1_97' title="bbox 278 5180 1860 5273">
     <span class='ocr_line' id='line_1_97' title="bbox 278 5180 1860 5273; baseline 0.013 -38"><span class='ocrx_word' id='word_1_732' title='bbox 278 5183 428 5239; x_wconf 72' lang='grc' dir='ltr'>είκδς</span> <span class='ocrx_word' id='word_1_733' title='bbox 458 5180 527 5253; x_wconf 79' lang='grc' dir='ltr'>ἦν</span> <span class='ocrx_word' id='word_1_734' title='bbox 557 5186 801 5254; x_wconf 78' lang='grc' dir='ltr'>μεγάλην</span> <span class='ocrx_word' id='word_1_735' title='bbox 832 5189 955 5242; x_wconf 72' lang='grc' dir='ltr'>τινὰ</span> <span class='ocrx_word' id='word_1_736' title='bbox 985 5185 1123 5243; x_wconf 75' lang='grc' dir='ltr'>εἶναι</span> <span class='ocrx_word' id='word_1_737' title='bbox 1149 5193 1355 5265; x_wconf 74' lang='grc' dir='ltr'>ταύτην</span> <span class='ocrx_word' id='word_1_738' title='bbox 1390 5196 1486 5249; x_wconf 79' lang='grc' dir='ltr'>καὶ</span> <span class='ocrx_word' id='word_1_739' title='bbox 1516 5180 1860 5273; x_wconf 85' lang='grc' dir='ltr'>θαυμαστήν.</span> 
     </span>
    </p>
   </div>
   <div class='ocr_carea' id='block_1_98' title="bbox 279 5276 1861 5359">
    <p class='ocr_par' dir='ltr' id='par_1_98' title="bbox 279 5276 1861 5359">
     <span class='ocr_line' id='line_1_98' title="bbox 279 5276 1861 5359; baseline 0.013 -31"><span class='ocrx_word' id='word_1_740' title='bbox 279 5276 454 5331; x_wconf 69' lang='grc' dir='ltr'><strong>Βαὸαὶ</strong></span> <span class='ocrx_word' id='word_1_741' title='bbox 492 5280 549 5331; x_wconf 83' lang='grc' dir='ltr'>δὲ</span> <span class='ocrx_word' id='word_1_742' title='bbox 588 5279 703 5339; x_wconf 72' lang='grc' dir='ltr'><strong>πῶς</strong></span> <span class='ocrx_word' id='word_1_743' title='bbox 738 5281 901 5350; x_wconf 78' lang='grc' dir='ltr'>ἐτίμα</span> <span class='ocrx_word' id='word_1_744' title='bbox 939 5283 1031 5336; x_wconf 76' lang='grc' dir='ltr'>τὸν</span> <span class='ocrx_word' id='word_1_745' title='bbox 1066 5284 1336 5356; x_wconf 81' lang='grc' dir='ltr'>μαθητὴν,</span> <span class='ocrx_word' id='word_1_746' title='bbox 1383 5289 1613 5359; x_wconf 78' lang='grc' dir='ltr'>ἀδελφὸν</span> <span class='ocrx_word' id='word_1_747' title='bbox 1665 5293 1861 5349; x_wconf 76' lang='grc' dir='ltr'>ἑαυτοῦ</span> 
     </span>
    </p>
   </div>
   <div class='ocr_carea' id='block_1_99' title="bbox 276 5368 1863 5455">
    <p class='ocr_par' dir='ltr' id='par_1_99' title="bbox 276 5368 1863 5455">
     <span class='ocr_line' id='line_1_99' title="bbox 276 5368 1863 5455; baseline 0.011 -34"><span class='ocrx_word' id='word_1_748' title='bbox 276 5368 469 5421; x_wconf 80' lang='grc' dir='ltr'>τοῦτον</span> <span class='ocrx_word' id='word_1_749' title='bbox 500 5370 822 5438; x_wconf 76' lang='grc' dir='ltr'>ποιούμενος</span> <span class='ocrx_word' id='word_1_750' title='bbox 853 5373 864 5425; x_wconf 89' lang='lat'><strong>!</strong></span> <span class='ocrx_word' id='word_1_751' title='bbox 901 5374 1060 5427; x_wconf 80' lang='grc' dir='ltr'>Οὖτω</span> <span class='ocrx_word' id='word_1_752' title='bbox 1097 5376 1261 5429; x_wconf 76' lang='grc' dir='ltr'>καλὸν</span> <span class='ocrx_word' id='word_1_753' title='bbox 1285 5378 1361 5448; x_wconf 87' lang='grc' dir='ltr'>τῷ</span> <span class='ocrx_word' id='word_1_754' title='bbox 1396 5378 1462 5451; x_wconf 77' lang='grc'><strong>[1⁸.</strong></span> <span class='ocrx_word' id='word_1_755' title='bbox 1492 5380 1575 5453; x_wconf 80' lang='grc' dir='ltr'><strong>τὸ]</strong></span> <span class='ocrx_word' id='word_1_756' title='bbox 1612 5386 1863 5455; x_wconf 78' lang='grc' dir='ltr'>παραμέ-</span> 
     </span>
    </p>
   </div>
   <div class='ocr_carea' id='block_1_100' title="bbox 275 5460 1855 5546">
    <p class='ocr_par' dir='ltr' id='par_1_100' title="bbox 275 5460 1855 5546">
     <span class='ocr_line' id='line_1_100' title="bbox 275 5460 1855 5546; baseline 0.013 -35"><span class='ocrx_word' id='word_1_757' title='bbox 275 5479 392 5513; x_wconf 86' lang='grc' dir='ltr'>νειν</span> <span class='ocrx_word' id='word_1_758' title='bbox 425 5460 647 5531; x_wconf 81' lang='grc' dir='ltr'>Χριστῷ</span> <span class='ocrx_word' id='word_1_759' title='bbox 683 5463 971 5532; x_wconf 57' lang='grc' dir='ltr'>πάσχοντι·</span> <span class='ocrx_word' id='word_1_760' title='bbox 1026 5469 1105 5531; x_wconf 83' lang='grc' dir='ltr'>εἰς</span> <span class='ocrx_word' id='word_1_761' title='bbox 1154 5470 1492 5541; x_wconf 84' lang='grc' dir='ltr'>ἀδελφότητα</span> <span class='ocrx_word' id='word_1_762' title='bbox 1526 5477 1635 5546; x_wconf 71' lang='grc' dir='ltr'>γὰρ</span> <span class='ocrx_word' id='word_1_763' title='bbox 1690 5478 1855 5531; x_wconf 81' lang='grc' dir='ltr'>αὑτοῦ</span> 
     </span>
    </p>
   </div>
   <div class='ocr_carea' id='block_1_101' title="bbox 275 5554 1853 5637">
    <p class='ocr_par' dir='ltr' id='par_1_101' title="bbox 275 5554 1853 5637">
     <span class='ocr_line' id='line_1_101' title="bbox 275 5554 1853 5637; baseline 0.011 -30"><span class='ocrx_word' id='word_1_764' title='bbox 275 5555 423 5620; x_wconf 81' lang='grc' dir='ltr'>ἄγει.</span> <span class='ocrx_word' id='word_1_765' title='bbox 459 5554 752 5622; x_wconf 83' lang='grc' dir='ltr'>Θαύμασον</span> <span class='ocrx_word' id='word_1_766' title='bbox 777 5557 855 5623; x_wconf 89' lang='grc' dir='ltr'>δὲ,</span> <span class='ocrx_word' id='word_1_767' title='bbox 884 5559 1000 5621; x_wconf 76' lang='grc' dir='ltr'><strong>πῶς</strong></span> <span class='ocrx_word' id='word_1_768' title='bbox 1029 5563 1087 5613; x_wconf 82' lang='grc' dir='ltr'>ὲν</span> <span class='ocrx_word' id='word_1_769' title='bbox 1119 5562 1197 5632; x_wconf 86' lang='grc' dir='ltr'>τῷ</span> <span class='ocrx_word' id='word_1_770' title='bbox 1242 5566 1462 5637; x_wconf 89' lang='grc' dir='ltr'>σταυρῴ</span> <span class='ocrx_word' id='word_1_771' title='bbox 1508 5570 1685 5623; x_wconf 89' lang='grc' dir='ltr'>πάντα</span> <span class='ocrx_word' id='word_1_772' title='bbox 1715 5572 1853 5625; x_wconf 81' lang='grc' dir='ltr'>ἀτα-</span> 
     </span>
    </p>
   </div>
   <div class='ocr_carea' id='block_1_102' title="bbox 280 5645 1854 5731">
    <p class='ocr_par' dir='ltr' id='par_1_102' title="bbox 280 5645 1854 5731">
     <span class='ocr_line' id='line_1_102' title="bbox 280 5645 1854 5731; baseline 0.012 -34"><span class='ocrx_word' id='word_1_773' title='bbox 280 5645 465 5714; x_wconf 78' lang='grc' dir='ltr'>ράχως</span> <span class='ocrx_word' id='word_1_774' title='bbox 518 5650 683 5713; x_wconf 83' lang='grc' dir='ltr'>ποιεῖ,</span> <span class='ocrx_word' id='word_1_775' title='bbox 728 5649 825 5719; x_wconf 83' lang='grc' dir='ltr'>τῆς</span> <span class='ocrx_word' id='word_1_776' title='bbox 860 5653 1069 5721; x_wconf 76' lang='grc' dir='ltr'>μητρὸς</span> <span class='ocrx_word' id='word_1_777' title='bbox 1123 5658 1462 5726; x_wconf 72' lang='grc' dir='ltr'>φροντίζων,</span> <span class='ocrx_word' id='word_1_778' title='bbox 1515 5664 1854 5731; x_wconf 65' lang='grc' dir='ltr'>προφητείας</span> 
     </span>
    </p>
   </div>
   <div class='ocr_carea' id='block_1_103' title="bbox 275 5736 1851 5825">
    <p class='ocr_par' dir='ltr' id='par_1_103' title="bbox 275 5736 1851 5825">
     <span class='ocr_line' id='line_1_103' title="bbox 275 5736 1851 5825; baseline 0.013 -37"><span class='ocrx_word' id='word_1_779' title='bbox 275 5736 528 5807; x_wconf 76' lang='grc' dir='ltr'>πληρῶν,</span> <span class='ocrx_word' id='word_1_780' title='bbox 561 5740 637 5808; x_wconf 82' lang='grc' dir='ltr'><strong>τῷ</strong></span> <span class='ocrx_word' id='word_1_781' title='bbox 670 5739 841 5813; x_wconf 74' lang='grc' dir='ltr'>λῃστῇ</span> <span class='ocrx_word' id='word_1_782' title='bbox 882 5745 1211 5815; x_wconf 85' lang='grc' dir='ltr'>παράδεισον</span> <span class='ocrx_word' id='word_1_783' title='bbox 1235 5750 1465 5820; x_wconf 88' lang='grc' dir='ltr'>ἀνοίγων</span> <span class='ocrx_word' id='word_1_784' title='bbox 1493 5768 1506 5785; x_wconf 71' lang='grc'>⁸</span> <span class='ocrx_word' id='word_1_785' title='bbox 1539 5754 1640 5825; x_wconf 73' lang='grc' dir='ltr'><strong>πρὸ</strong></span> <span class='ocrx_word' id='word_1_786' title='bbox 1674 5753 1729 5807; x_wconf 83' lang='grc' dir='ltr'>δὲ</span> <span class='ocrx_word' id='word_1_787' title='bbox 1760 5755 1851 5809; x_wconf 89' lang='grc' dir='ltr'><strong>τοῦ</strong></span> 
     </span>
    </p>
   </div>
   <div class='ocr_carea' id='block_1_104' title="bbox 354 5920 1301 5997">
    <p class='ocr_par' dir='ltr' id='par_1_104' title="bbox 354 5920 1301 5997">
     <span class='ocr_line' id='line_1_104' title="bbox 354 5920 1301 5997; baseline 0.018 -24"><span class='ocrx_word' id='word_1_788' title='bbox 354 5922 395 5951; x_wconf 83' lang='grc'>¹¹</span> <span class='ocrx_word' id='word_1_789' title='bbox 433 5920 561 5977; x_wconf 85' lang='lat' dir='ltr'><strong>Luc.</strong></span> <span class='ocrx_word' id='word_1_790' title='bbox 608 5941 642 5991; x_wconf 86' lang='grc' dir='ltr'><strong>ι,</strong></span> <span class='ocrx_word' id='word_1_791' title='bbox 674 5927 767 5982; x_wconf 75' lang='lat'><strong>&#39;55.</strong></span> <span class='ocrx_word' id='word_1_792' title='bbox 850 5930 887 5961; x_wconf 68' lang='grc' dir='ltr'>’ί</span> <span class='ocrx_word' id='word_1_793' title='bbox 924 5927 940 5982; x_wconf 91' lang='grc' dir='ltr'><strong>Ι</strong></span> <span class='ocrx_word' id='word_1_794' title='bbox 974 5930 1098 5985; x_wconf 82' lang='lat' dir='ltr'><strong>Cur.</strong></span> <span class='ocrx_word' id='word_1_795' title='bbox 1137 5947 1172 5997; x_wconf 89' lang='grc' dir='ltr'><strong>ι,</strong></span> <span class='ocrx_word' id='word_1_796' title='bbox 1216 5932 1301 5991; x_wconf 78' lang='grc'><strong>15.</strong></span> 
     </span>
    </p>
   </div>
   <div class='ocr_carea' id='block_1_105' title="bbox 1972 4728 3547 4806">
    <p class='ocr_par' dir='ltr' id='par_1_105' title="bbox 1972 4728 3547 4806">
     <span class='ocr_line' id='line_1_105' title="bbox 1972 4728 3547 4806; baseline -0.005 -17"><span class='ocrx_word' id='word_1_797' title='bbox 1972 4733 2349 4806; x_wconf 64' lang='lat' dir='ltr'><strong>praefecturam</strong></span> <span class='ocrx_word' id='word_1_798' title='bbox 2387 4736 2520 4803; x_wconf 84' lang='lat' dir='ltr'><strong>ejus.</strong></span> <span class='ocrx_word' id='word_1_799' title='bbox 2558 4728 2804 4785; x_wconf 75' lang='lat' dir='ltr'><strong>Oet-uitat</strong></span> <span class='ocrx_word' id='word_1_800' title='bbox 2835 4739 3012 4783; x_wconf 92' lang='lat' dir='ltr'><strong>autem</strong></span> <span class='ocrx_word' id='word_1_801' title='bbox 3044 4730 3321 4801; x_wconf 87' lang='lat' dir='ltr'><strong>proprium</strong></span> <span class='ocrx_word' id='word_1_802' title='bbox 3354 4744 3547 4783; x_wconf 87' lang='lat' dir='ltr'><strong>nomen</strong></span> 
     </span>
    </p>
   </div>
   <div class='ocr_carea' id='block_1_106' title="bbox 1970 4819 3535 4895">
    <p class='ocr_par' dir='ltr' id='par_1_106' title="bbox 1970 4819 3535 4895">
     <span class='ocr_line' id='line_1_106' title="bbox 1970 4819 3535 4895; baseline -0.004 -15"><span class='ocrx_word' id='word_1_803' title='bbox 1970 4826 2326 4895; x_wconf 83' lang='lat' dir='ltr'><strong>evangelista,</strong></span> <span class='ocrx_word' id='word_1_804' title='bbox 2368 4823 2645 4878; x_wconf 64' lang='lat' dir='ltr'><strong>modestiae</strong></span> <span class='ocrx_word' id='word_1_805' title='bbox 2686 4821 2880 4890; x_wconf 89' lang='lat' dir='ltr'><strong>gratia.</strong></span> <span class='ocrx_word' id='word_1_806' title='bbox 2919 4819 3051 4874; x_wconf 77' lang='lat' dir='ltr'><strong>Nam</strong></span> <span class='ocrx_word' id='word_1_807' title='bbox 3085 4821 3126 4875; x_wconf 93' lang='lat' dir='ltr'><strong>si</strong></span> <span class='ocrx_word' id='word_1_808' title='bbox 3159 4822 3418 4875; x_wconf 86' lang='lat' dir='ltr'><strong>voluisset</strong></span> <span class='ocrx_word' id='word_1_809' title='bbox 3458 4834 3535 4873; x_wconf 87' lang='lat' dir='ltr'><strong>ar-</strong></span> 
     </span>
    </p>
   </div>
   <div class='ocr_carea' id='block_1_107' title="bbox 1969 4915 3546 4991">
    <p class='ocr_par' dir='ltr' id='par_1_107' title="bbox 1969 4915 3546 4991">
     <span class='ocr_line' id='line_1_107' title="bbox 1969 4915 3546 4991; baseline -0.008 -16"><span class='ocrx_word' id='word_1_810' title='bbox 1969 4935 2163 4991; x_wconf 84' lang='lat' dir='ltr'><strong>rogans</strong></span> <span class='ocrx_word' id='word_1_811' title='bbox 2188 4933 2332 4979; x_wconf 86' lang='lat' dir='ltr'><strong>esse,</strong></span> <span class='ocrx_word' id='word_1_812' title='bbox 2356 4930 2573 4971; x_wconf 89' lang='lat' dir='ltr'><strong>causam</strong></span> <span class='ocrx_word' id='word_1_813' title='bbox 2597 4918 2764 4969; x_wconf 90' lang='lat' dir='ltr'><strong>etiam</strong></span> <span class='ocrx_word' id='word_1_814' title='bbox 2789 4915 3125 4982; x_wconf 79' lang='lat' dir='ltr'><strong>apposuisset</strong></span> <span class='ocrx_word' id='word_1_815' title='bbox 3149 4921 3368 4981; x_wconf 81' lang='lat' dir='ltr'><strong>propter</strong></span> <span class='ocrx_word' id='word_1_816' title='bbox 3386 4926 3546 4980; x_wconf 88' lang='lat' dir='ltr'><strong>quam</strong></span> 
     </span>
    </p>
   </div>
   <div class='ocr_carea' id='block_1_108' title="bbox 1968 5004 3545 5072">
    <p class='ocr_par' dir='ltr' id='par_1_108' title="bbox 1968 5004 3545 5072">
     <span class='ocr_line' id='line_1_108' title="bbox 1968 5004 3545 5072; baseline -0.006 -7"><span class='ocrx_word' id='word_1_817' title='bbox 1968 5013 2158 5067; x_wconf 82' lang='lat' dir='ltr'><strong>fuisset</strong></span> <span class='ocrx_word' id='word_1_818' title='bbox 2206 5009 2455 5064; x_wconf 86' lang='lat' dir='ltr'><strong>dilectus.</strong></span> <span class='ocrx_word' id='word_1_819' title='bbox 2510 5007 2726 5062; x_wconf 87' lang='lat' dir='ltr'><strong>Etenim</strong></span> <span class='ocrx_word' id='word_1_820' title='bbox 2779 5004 3076 5059; x_wconf 79' lang='lat' dir='ltr'><strong>verisimile</strong></span> <span class='ocrx_word' id='word_1_821' title='bbox 3122 5014 3242 5059; x_wconf 87' lang='lat' dir='ltr'><strong>erat</strong></span> <span class='ocrx_word' id='word_1_822' title='bbox 3292 5018 3545 5072; x_wconf 81' lang='lat' dir='ltr'><strong>magnam</strong></span> 
     </span>
    </p>
   </div>
   <div class='ocr_carea' id='block_1_109' title="bbox 1966 5095 3548 5175">
    <p class='ocr_par' dir='ltr' id='par_1_109' title="bbox 1966 5095 3548 5175">
     <span class='ocr_line' id='line_1_109' title="bbox 1966 5095 3548 5175; baseline -0.005 -17"><span class='ocrx_word' id='word_1_823' title='bbox 1966 5104 2254 5175; x_wconf 88' lang='lat' dir='ltr'><strong>quamdam</strong></span> <span class='ocrx_word' id='word_1_824' title='bbox 2289 5102 2445 5157; x_wconf 86' lang='lat' dir='ltr'><strong>istam</strong></span> <span class='ocrx_word' id='word_1_825' title='bbox 2473 5115 2594 5155; x_wconf 85' lang='lat' dir='ltr'><strong>esse</strong></span> <span class='ocrx_word' id='word_1_826' title='bbox 2623 5111 2679 5155; x_wconf 87' lang='lat' dir='ltr'><strong>et</strong></span> <span class='ocrx_word' id='word_1_827' title='bbox 2711 5098 3037 5152; x_wconf 86' lang='lat' dir='ltr'><strong>mirabilem.</strong></span> <span class='ocrx_word' id='word_1_828' title='bbox 3066 5095 3184 5150; x_wconf 81' lang='lat' dir='ltr'><strong>Jam</strong></span> <span class='ocrx_word' id='word_1_829' title='bbox 3229 5112 3379 5166; x_wconf 78' lang='lat' dir='ltr'><strong>papa-</strong></span> <span class='ocrx_word' id='word_1_830' title='bbox 3410 5112 3548 5165; x_wconf 88' lang='lat' dir='ltr'><strong>quo-</strong></span> 
     </span>
    </p>
   </div>
   <div class='ocr_carea' id='block_1_110' title="bbox 1966 5190 3548 5264">
    <p class='ocr_par' dir='ltr' id='par_1_110' title="bbox 1966 5190 3548 5264">
     <span class='ocr_line' id='line_1_110' title="bbox 1966 5190 3548 5264; baseline -0.006 -11"><span class='ocrx_word' id='word_1_831' title='bbox 1966 5198 2124 5254; x_wconf 90' lang='lat' dir='ltr'><strong>modo</strong></span> <span class='ocrx_word' id='word_1_832' title='bbox 2156 5197 2385 5251; x_wconf 88' lang='lat' dir='ltr'><strong>honorat</strong></span> <span class='ocrx_word' id='word_1_833' title='bbox 2414 5195 2763 5264; x_wconf 90' lang='lat' dir='ltr'><strong>discipulum,</strong></span> <span class='ocrx_word' id='word_1_834' title='bbox 2789 5192 3013 5245; x_wconf 81' lang='lat' dir='ltr'><strong>fratrem</strong></span> <span class='ocrx_word' id='word_1_835' title='bbox 3049 5206 3206 5244; x_wconf 91' lang='lat' dir='ltr'><strong>suum</strong></span> <span class='ocrx_word' id='word_1_836' title='bbox 3232 5191 3380 5245; x_wconf 85' lang='lat' dir='ltr'><strong>illum</strong></span> <span class='ocrx_word' id='word_1_837' title='bbox 3414 5190 3548 5245; x_wconf 86' lang='lat' dir='ltr'><strong>faci-</strong></span> 
     </span>
    </p>
   </div>
   <div class='ocr_carea' id='block_1_111' title="bbox 1963 5284 3531 5358">
    <p class='ocr_par' dir='ltr' id='par_1_111' title="bbox 1963 5284 3531 5358">
     <span class='ocr_line' id='line_1_111' title="bbox 1963 5284 3531 5358; baseline -0.008 -10"><span class='ocrx_word' id='word_1_838' title='bbox 1963 5292 2103 5348; x_wconf 87' lang='lat' dir='ltr'><strong>ens?</strong></span> <span class='ocrx_word' id='word_1_839' title='bbox 2138 5291 2318 5358; x_wconf 87' lang='lat' dir='ltr'><strong>Usque</strong></span> <span class='ocrx_word' id='word_1_840' title='bbox 2358 5290 2495 5343; x_wconf 85' lang='lat' dir='ltr'><strong>adeo</strong></span> <span class='ocrx_word' id='word_1_841' title='bbox 2531 5289 2725 5341; x_wconf 89' lang='lat' dir='ltr'><strong>bonum</strong></span> <span class='ocrx_word' id='word_1_842' title='bbox 2769 5297 2853 5340; x_wconf 88' lang='lat' dir='ltr'><strong>est</strong></span> <span class='ocrx_word' id='word_1_843' title='bbox 2885 5300 3107 5340; x_wconf 81' lang='lat' dir='ltr'><strong>manere</strong></span> <span class='ocrx_word' id='word_1_844' title='bbox 3160 5284 3298 5352; x_wconf 88' lang='lat' dir='ltr'><strong>apud</strong></span> <span class='ocrx_word' id='word_1_845' title='bbox 3328 5285 3531 5354; x_wconf 85' lang='lat' dir='ltr'><strong>patien-</strong></span> 
     </span>
    </p>
   </div>
   <div class='ocr_carea' id='block_1_112' title="bbox 1962 5376 3538 5448">
    <p class='ocr_par' dir='ltr' id='par_1_112' title="bbox 1962 5376 3538 5448">
     <span class='ocr_line' id='line_1_112' title="bbox 1962 5376 3538 5448; baseline -0.009 -9"><span class='ocrx_word' id='word_1_846' title='bbox 1962 5393 2068 5439; x_wconf 90' lang='lat' dir='ltr'><strong>tem</strong></span> <span class='ocrx_word' id='word_1_847' title='bbox 2102 5382 2421 5448; x_wconf 87' lang='lat' dir='ltr'><strong>Christum;</strong></span> <span class='ocrx_word' id='word_1_848' title='bbox 2469 5395 2589 5434; x_wconf 91' lang='lat' dir='ltr'><strong>nam</strong></span> <span class='ocrx_word' id='word_1_849' title='bbox 2635 5380 2687 5433; x_wconf 92' lang='lat' dir='ltr'><strong>in</strong></span> <span class='ocrx_word' id='word_1_850' title='bbox 2740 5379 3139 5432; x_wconf 85' lang='lat' dir='ltr'><strong>fraternitatem</strong></span> <span class='ocrx_word' id='word_1_851' title='bbox 3195 5376 3334 5428; x_wconf 88' lang='lat' dir='ltr'><strong>illius</strong></span> <span class='ocrx_word' id='word_1_852' title='bbox 3369 5376 3538 5429; x_wconf 89' lang='lat' dir='ltr'><strong>ducit.</strong></span> 
     </span>
    </p>
   </div>
   <div class='ocr_carea' id='block_1_113' title="bbox 1961 5466 3537 5541">
    <p class='ocr_par' dir='ltr' id='par_1_113' title="bbox 1961 5466 3537 5541">
     <span class='ocr_line' id='line_1_113' title="bbox 1961 5466 3537 5541; baseline -0.008 -12"><span class='ocrx_word' id='word_1_853' title='bbox 1961 5477 2248 5529; x_wconf 88' lang='lat' dir='ltr'><strong>Admirare</strong></span> <span class='ocrx_word' id='word_1_854' title='bbox 2294 5483 2471 5526; x_wconf 88' lang='lat' dir='ltr'><strong>autem</strong></span> <span class='ocrx_word' id='word_1_855' title='bbox 2518 5470 2787 5541; x_wconf 91' lang='lat' dir='ltr'><strong>quomodo</strong></span> <span class='ocrx_word' id='word_1_856' title='bbox 2828 5470 2876 5522; x_wconf 93' lang='lat' dir='ltr'><strong>in</strong></span> <span class='ocrx_word' id='word_1_857' title='bbox 2916 5483 3079 5522; x_wconf 84' lang='lat' dir='ltr'><strong>cruce</strong></span> <span class='ocrx_word' id='word_1_858' title='bbox 3111 5466 3289 5521; x_wconf 86' lang='lat' dir='ltr'><strong>omnia</strong></span> <span class='ocrx_word' id='word_1_859' title='bbox 3336 5467 3537 5535; x_wconf 51' lang='lat' dir='ltr'><strong>absque</strong></span> 
     </span>
    </p>
   </div>
   <div class='ocr_carea' id='block_1_114' title="bbox 1965 5559 3541 5628">
    <p class='ocr_par' dir='ltr' id='par_1_114' title="bbox 1965 5559 3541 5628">
     <span class='ocr_line' id='line_1_114' title="bbox 1965 5559 3541 5628; baseline -0.007 -8"><span class='ocrx_word' id='word_1_860' title='bbox 1965 5567 2273 5621; x_wconf 88' lang='lat' dir='ltr'><strong>tutbatiouc</strong></span> <span class='ocrx_word' id='word_1_861' title='bbox 2322 5564 2471 5627; x_wconf 87' lang='lat' dir='ltr'><strong>facit,</strong></span> <span class='ocrx_word' id='word_1_862' title='bbox 2514 5563 2703 5617; x_wconf 80' lang='lat' dir='ltr'><strong>matris</strong></span> <span class='ocrx_word' id='word_1_863' title='bbox 2753 5575 2937 5615; x_wconf 90' lang='lat' dir='ltr'><strong>curam</strong></span> <span class='ocrx_word' id='word_1_864' title='bbox 2996 5573 3183 5628; x_wconf 81' lang='lat' dir='ltr'><strong>agens,</strong></span> <span class='ocrx_word' id='word_1_865' title='bbox 3230 5559 3541 5627; x_wconf 70' lang='lat' dir='ltr'><strong>propltetia..</strong></span> 
     </span>
    </p>
   </div>
   <div class='ocr_carea' id='block_1_115' title="bbox 1965 5650 3537 5729">
    <p class='ocr_par' dir='ltr' id='par_1_115' title="bbox 1965 5650 3537 5729">
     <span class='ocr_line' id='line_1_115' title="bbox 1965 5650 3537 5729; baseline -0.008 -14"><span class='ocrx_word' id='word_1_866' title='bbox 1965 5660 2216 5729; x_wconf 66' lang='lat' dir='ltr'><strong>implt‘ns,</strong></span> <span class='ocrx_word' id='word_1_867' title='bbox 2269 5657 2462 5712; x_wconf 89' lang='lat' dir='ltr'><strong>latroni</strong></span> <span class='ocrx_word' id='word_1_868' title='bbox 2500 5656 2811 5726; x_wconf 89' lang='lat' dir='ltr'><strong>paradisum</strong></span> <span class='ocrx_word' id='word_1_869' title='bbox 2852 5650 3125 5721; x_wconf 85' lang='lat' dir='ltr'><strong>aperiens,</strong></span> <span class='ocrx_word' id='word_1_870' title='bbox 3166 5659 3292 5705; x_wconf 88' lang='lat' dir='ltr'><strong>ante</strong></span> <span class='ocrx_word' id='word_1_871' title='bbox 3322 5665 3537 5704; x_wconf 78' lang='lat' dir='ltr'><strong>crucem</strong></span> 
     </span>
    </p>
   </div>
   <div class='ocr_carea' id='block_1_116' title="bbox 1964 5743 3533 5815">
    <p class='ocr_par' dir='ltr' id='par_1_116' title="bbox 1964 5743 3533 5815">
     <span class='ocr_line' id='line_1_116' title="bbox 1964 5743 3533 5815; baseline -0.01 -7"><span class='ocrx_word' id='word_1_872' title='bbox 1964 5766 2141 5809; x_wconf 80' lang='lat' dir='ltr'><strong>antem</strong></span> <span class='ocrx_word' id='word_1_873' title='bbox 2173 5752 2442 5815; x_wconf 66' lang='lat' dir='ltr'><strong>laborans,</strong></span> <span class='ocrx_word' id='word_1_874' title='bbox 2478 5748 2677 5803; x_wconf 81' lang='lat' dir='ltr'><strong>sudans</strong></span> <span class='ocrx_word' id='word_1_875' title='bbox 2709 5750 2898 5802; x_wconf 82' lang='lat' dir='ltr'><strong>anxius</strong></span> <span class='ocrx_word' id='word_1_876' title='bbox 2938 5765 2947 5800; x_wconf 95' lang='lat'><strong>:</strong></span> <span class='ocrx_word' id='word_1_877' title='bbox 2980 5756 3137 5815; x_wconf 83' lang='lat' dir='ltr'><strong>atque</strong></span> <span class='ocrx_word' id='word_1_878' title='bbox 3173 5746 3283 5798; x_wconf 59' lang='lat' dir='ltr'><strong>hinc</strong></span> <span class='ocrx_word' id='word_1_879' title='bbox 3320 5743 3533 5812; x_wconf 77' lang='lat' dir='ltr'><strong>quidem</strong></span> 
     </span>
    </p>
   </div>
  </div>
