  <div class='ocr_page' id='page_1' title='image "/cluster/home/n/w/nwhite01/storage/ocr_20150623/124/nnc1.0046979735/151.png"; bbox 0 0 4284 6450; ppageno 0'>
   <div class='ocr_carea' id='block_1_1' title="bbox 753 411 859 475">
    <p class='ocr_par' dir='ltr' id='par_1_1' title="bbox 753 411 859 475">
     <span class='ocr_line' id='line_1_1' title="bbox 753 411 859 475; baseline 0.019 -2"><span class='ocrx_word' id='word_1_1' title='bbox 753 411 859 475; x_wconf 74' lang='grc'><strong>283</strong></span> 
     </span>
    </p>
   </div>
   <div class='ocr_carea' id='block_1_2' title="bbox 1633 378 3063 479">
    <p class='ocr_par' dir='ltr' id='par_1_2' title="bbox 1633 378 3063 479">
     <span class='ocr_line' id='line_1_2' title="bbox 1633 378 3063 479; baseline 0.006 -8"><span class='ocrx_word' id='word_1_2' title='bbox 1633 411 2210 474; x_wconf 81' lang='lat' dir='ltr'><strong>THEOPIIYLACTI</strong></span> <span class='ocrx_word' id='word_1_3' title='bbox 2255 378 2666 476; x_wconf 69' lang='lat' dir='ltr'><strong>BULGAnt/s</strong></span> <span class='ocrx_word' id='word_1_4' title='bbox 2705 417 3063 479; x_wconf 83' lang='lat' dir='ltr'><strong>ARCHIEP.</strong></span> 
     </span>
    </p>
   </div>
   <div class='ocr_carea' id='block_1_3' title="bbox 3900 417 4011 479">
    <p class='ocr_par' dir='ltr' id='par_1_3' title="bbox 3900 417 4011 479">
     <span class='ocr_line' id='line_1_3' title="bbox 3900 417 4011 479; baseline 0 -1"><span class='ocrx_word' id='word_1_5' title='bbox 3900 417 4011 479; x_wconf 71' lang='grc'><strong>284</strong></span> 
     </span>
    </p>
   </div>
   <div class='ocr_carea' id='block_1_4' title="bbox 754 526 2446 605">
    <p class='ocr_par' dir='ltr' id='par_1_4' title="bbox 754 526 2446 597">
     <span class='ocr_line' id='line_1_4' title="bbox 754 526 2446 597; baseline 0.004 -20"><span class='ocrx_word' id='word_1_6' title='bbox 754 528 896 596; x_wconf 84' lang='lat' dir='ltr'><strong>quod</strong></span> <span class='ocrx_word' id='word_1_7' title='bbox 952 534 1200 581; x_wconf 77' lang='lat' dir='ltr'><strong>versatur</strong></span> <span class='ocrx_word' id='word_1_8' title='bbox 1230 526 1331 581; x_wconf 86' lang='lat' dir='ltr'><strong>nisi</strong></span> <span class='ocrx_word' id='word_1_9' title='bbox 1371 526 1497 597; x_wconf 90' lang='lat' dir='ltr'><strong>quid</strong></span> <span class='ocrx_word' id='word_1_10' title='bbox 1531 527 1759 582; x_wconf 85' lang='lat' dir='ltr'><strong>obsistat</strong></span> <span class='ocrx_word' id='word_1_11' title='bbox 1790 544 1895 583; x_wconf 93' lang='lat' dir='ltr'><strong>non</strong></span> <span class='ocrx_word' id='word_1_12' title='bbox 1939 529 2155 585; x_wconf 84' lang='lat' dir='ltr'><strong>absistit</strong></span> <span class='ocrx_word' id='word_1_13' title='bbox 2180 544 2210 583; x_wconf 87' lang='lat' dir='ltr'><strong>a</strong></span> <span class='ocrx_word' id='word_1_14' title='bbox 2238 544 2337 583; x_wconf 91' lang='lat' dir='ltr'><strong>suo</strong></span> <span class='ocrx_word' id='word_1_15' title='bbox 2365 540 2408 594; x_wconf 77' lang='grc' dir='ltr'>Α</span> <span class='ocrx_word' id='word_1_16' title='bbox 2443 554 2446 575; x_wconf 63' lang='grc' dir='ltr'><strong>η</strong></span> 
     </span>
    </p>
   </div>
   <div class='ocr_carea' id='block_1_5' title="bbox 2332 526 4024 605">
    <p class='ocr_par' dir='ltr' id='par_1_5' title="bbox 2332 530 4024 605">
     <span class='ocr_line' id='line_1_5' title="bbox 2332 530 4024 605; baseline 0.002 -24"><span class='ocrx_word' id='word_1_17' title='bbox 2332 540 2408 594; x_wconf 71' lang='grc' dir='ltr'>ιΑ</span> <span class='ocrx_word' id='word_1_18' title='bbox 2443 530 2779 599; x_wconf 86' lang='grc' dir='ltr'>στρατιώτου</span> <span class='ocrx_word' id='word_1_19' title='bbox 2830 533 2910 592; x_wconf 84' lang='grc' dir='ltr'>εἰς</span> <span class='ocrx_word' id='word_1_20' title='bbox 2955 532 3126 585; x_wconf 90' lang='grc' dir='ltr'>τύπον</span> <span class='ocrx_word' id='word_1_21' title='bbox 3173 533 3291 585; x_wconf 74' lang='grc' dir='ltr'>ἐστὶ</span> <span class='ocrx_word' id='word_1_22' title='bbox 3324 534 3419 604; x_wconf 78' lang='grc' dir='ltr'><strong>τῆς</strong></span> <span class='ocrx_word' id='word_1_23' title='bbox 3467 533 3845 605; x_wconf 70' lang='grc' dir='ltr'><strong>στρεφομένης</strong></span> <span class='ocrx_word' id='word_1_24' title='bbox 3888 536 4024 601; x_wconf 67' lang='grc' dir='ltr'><strong>(2ου-</strong></span> 
     </span>
    </p>
   </div>
   <div class='ocr_carea' id='block_1_6' title="bbox 755 616 2327 689">
    <p class='ocr_par' dir='ltr' id='par_1_6' title="bbox 755 616 2327 689">
     <span class='ocr_line' id='line_1_6' title="bbox 755 616 2327 689; baseline 0.002 -19"><span class='ocrx_word' id='word_1_25' title='bbox 755 632 944 680; x_wconf 79' lang='lat' dir='ltr'><strong>Cnrsu,</strong></span> <span class='ocrx_word' id='word_1_26' title='bbox 982 616 1240 673; x_wconf 85' lang='lat' dir='ltr'><strong>Dominus</strong></span> <span class='ocrx_word' id='word_1_27' title='bbox 1273 620 1567 672; x_wconf 85' lang='lat' dir='ltr'><strong>ostendens</strong></span> <span class='ocrx_word' id='word_1_28' title='bbox 1599 622 1741 689; x_wconf 90' lang='lat' dir='ltr'><strong>quod</strong></span> <span class='ocrx_word' id='word_1_29' title='bbox 1780 622 2145 689; x_wconf 73' lang='lat' dir='ltr'><strong>rhomphrcam</strong></span> <span class='ocrx_word' id='word_1_30' title='bbox 2183 621 2327 675; x_wconf 83' lang='lat' dir='ltr'><strong>illam</strong></span> 
     </span>
    </p>
   </div>
   <div class='ocr_carea' id='block_1_7' title="bbox 756 711 2331 780">
    <p class='ocr_par' dir='ltr' id='par_1_7' title="bbox 756 711 2331 780">
     <span class='ocr_line' id='line_1_7' title="bbox 756 711 2331 780; baseline 0.004 -18"><span class='ocrx_word' id='word_1_31' title='bbox 756 711 932 774; x_wconf 74' lang='lat' dir='ltr'><strong>sistat,</strong></span> <span class='ocrx_word' id='word_1_32' title='bbox 958 712 1213 778; x_wconf 76' lang='lat' dir='ltr'><strong>supponit</strong></span> <span class='ocrx_word' id='word_1_33' title='bbox 1233 712 1286 765; x_wconf 90' lang='lat' dir='ltr'><strong>in</strong></span> <span class='ocrx_word' id='word_1_34' title='bbox 1311 712 1477 780; x_wconf 90' lang='lat' dir='ltr'><strong>ﬁgura</strong></span> <span class='ocrx_word' id='word_1_35' title='bbox 1502 712 1639 766; x_wconf 90' lang='lat' dir='ltr'><strong>latus</strong></span> <span class='ocrx_word' id='word_1_36' title='bbox 1672 713 1889 766; x_wconf 72' lang='lat' dir='ltr'><strong>framea:</strong></span> <span class='ocrx_word' id='word_1_37' title='bbox 1914 715 2123 776; x_wconf 87' lang='lat' dir='ltr'><strong>militis,</strong></span> <span class='ocrx_word' id='word_1_38' title='bbox 2150 724 2331 768; x_wconf 86' lang='lat' dir='ltr'><strong>osten-</strong></span> 
     </span>
    </p>
   </div>
   <div class='ocr_carea' id='block_1_8' title="bbox 756 804 2327 874">
    <p class='ocr_par' dir='ltr' id='par_1_8' title="bbox 756 804 2327 874">
     <span class='ocr_line' id='line_1_8' title="bbox 756 804 2327 874; baseline 0.004 -20"><span class='ocrx_word' id='word_1_39' title='bbox 756 805 888 855; x_wconf 56' lang='lat' dir='ltr'><strong>deus</strong></span> <span class='ocrx_word' id='word_1_40' title='bbox 928 804 1081 855; x_wconf 84' lang='lat' dir='ltr'><strong>nobis</strong></span> <span class='ocrx_word' id='word_1_41' title='bbox 1115 804 1255 871; x_wconf 86' lang='lat' dir='ltr'><strong>quod</strong></span> <span class='ocrx_word' id='word_1_42' title='bbox 1284 805 1425 855; x_wconf 85' lang='lat' dir='ltr'><strong>sicut</strong></span> <span class='ocrx_word' id='word_1_43' title='bbox 1458 804 1659 857; x_wconf 80' lang='lat' dir='ltr'><strong>framea</strong></span> <span class='ocrx_word' id='word_1_44' title='bbox 1696 806 1885 858; x_wconf 75' lang='lat' dir='ltr'><strong>militis</strong></span> <span class='ocrx_word' id='word_1_45' title='bbox 1921 804 2141 874; x_wconf 82' lang='lat' dir='ltr'><strong>appulsa</strong></span> <span class='ocrx_word' id='word_1_46' title='bbox 2174 806 2327 861; x_wconf 87' lang='lat' dir='ltr'><strong>lateri</strong></span> 
     </span>
    </p>
   </div>
   <div class='ocr_carea' id='block_1_9' title="bbox 755 894 2327 957">
    <p class='ocr_par' dir='ltr' id='par_1_9' title="bbox 755 894 2327 957">
     <span class='ocr_line' id='line_1_9' title="bbox 755 894 2327 957; baseline 0.005 -13"><span class='ocrx_word' id='word_1_47' title='bbox 755 896 922 955; x_wconf 68' lang='lat' dir='ltr'><strong>stetit,</strong></span> <span class='ocrx_word' id='word_1_48' title='bbox 956 898 1026 946; x_wconf 88' lang='lat' dir='ltr'><strong>ita</strong></span> <span class='ocrx_word' id='word_1_49' title='bbox 1055 904 1101 948; x_wconf 90' lang='lat' dir='ltr'><strong>et</strong></span> <span class='ocrx_word' id='word_1_50' title='bbox 1132 894 1375 948; x_wconf 88' lang='lat' dir='ltr'><strong>ﬁamrnea</strong></span> <span class='ocrx_word' id='word_1_51' title='bbox 1409 897 1589 957; x_wconf 83' lang='lat' dir='ltr'><strong>stabit,</strong></span> <span class='ocrx_word' id='word_1_52' title='bbox 1619 908 1671 949; x_wconf 91' lang='lat' dir='ltr'><strong>et</strong></span> <span class='ocrx_word' id='word_1_53' title='bbox 1703 913 1807 949; x_wconf 92' lang='lat' dir='ltr'><strong>nou</strong></span> <span class='ocrx_word' id='word_1_54' title='bbox 1841 896 1980 950; x_wconf 88' lang='lat' dir='ltr'><strong>ultra</strong></span> <span class='ocrx_word' id='word_1_55' title='bbox 2012 898 2327 952; x_wconf 81' lang='lat' dir='ltr'><strong>intermitte-</strong></span> 
     </span>
    </p>
   </div>
   <div class='ocr_carea' id='block_1_10' title="bbox 756 988 2323 1057">
    <p class='ocr_par' dir='ltr' id='par_1_10' title="bbox 756 988 2323 1057">
     <span class='ocr_line' id='line_1_10' title="bbox 756 988 2323 1057; baseline 0.004 -22"><span class='ocrx_word' id='word_1_56' title='bbox 756 995 862 1050; x_wconf 91' lang='lat' dir='ltr'><strong>tur,</strong></span> <span class='ocrx_word' id='word_1_57' title='bbox 888 995 941 1039; x_wconf 91' lang='lat' dir='ltr'><strong>et</strong></span> <span class='ocrx_word' id='word_1_58' title='bbox 969 988 1213 1041; x_wconf 87' lang='lat' dir='ltr'><strong>versione</strong></span> <span class='ocrx_word' id='word_1_59' title='bbox 1238 1002 1331 1040; x_wconf 90' lang='lat' dir='ltr'><strong>sua</strong></span> <span class='ocrx_word' id='word_1_60' title='bbox 1358 996 1649 1050; x_wconf 79' lang='lat' dir='ltr'><strong>exterreat,</strong></span> <span class='ocrx_word' id='word_1_61' title='bbox 1670 990 2000 1057; x_wconf 85' lang='lat' dir='ltr'><strong>prohibendo</strong></span> <span class='ocrx_word' id='word_1_62' title='bbox 2025 988 2323 1057; x_wconf 87' lang='lat' dir='ltr'><strong>ingressum</strong></span> 
     </span>
    </p>
   </div>
   <div class='ocr_carea' id='block_1_11' title="bbox 755 1080 2323 1151">
    <p class='ocr_par' dir='ltr' id='par_1_11' title="bbox 755 1080 2323 1151">
     <span class='ocr_line' id='line_1_11' title="bbox 755 1080 2323 1151; baseline 0.004 -21"><span class='ocrx_word' id='word_1_63' title='bbox 755 1080 807 1131; x_wconf 89' lang='lat' dir='ltr'><strong>in</strong></span> <span class='ocrx_word' id='word_1_64' title='bbox 845 1080 1172 1147; x_wconf 83' lang='lat' dir='ltr'><strong>paradisum.</strong></span> <span class='ocrx_word' id='word_1_65' title='bbox 1216 1080 1627 1135; x_wconf 79' lang='lat' dir='ltr'><strong>Confundantur</strong></span> <span class='ocrx_word' id='word_1_66' title='bbox 1668 1082 1932 1144; x_wconf 82' lang='lat' dir='ltr'><strong>Armenii,</strong></span> <span class='ocrx_word' id='word_1_67' title='bbox 1966 1083 2058 1151; x_wconf 87' lang='lat' dir='ltr'><strong>qui</strong></span> <span class='ocrx_word' id='word_1_68' title='bbox 2091 1096 2197 1136; x_wconf 90' lang='lat' dir='ltr'><strong>non</strong></span> <span class='ocrx_word' id='word_1_69' title='bbox 2228 1081 2323 1136; x_wconf 87' lang='lat' dir='ltr'><strong>ad-</strong></span> 
     </span>
    </p>
   </div>
   <div class='ocr_carea' id='block_1_12' title="bbox 754 1172 2326 1243">
    <p class='ocr_par' dir='ltr' id='par_1_12' title="bbox 754 1172 2326 1243">
     <span class='ocr_line' id='line_1_12' title="bbox 754 1172 2326 1243; baseline 0.004 -21"><span class='ocrx_word' id='word_1_70' title='bbox 754 1172 981 1225; x_wconf 78' lang='lat' dir='ltr'><strong>miscent</strong></span> <span class='ocrx_word' id='word_1_71' title='bbox 1010 1172 1061 1225; x_wconf 89' lang='lat' dir='ltr'><strong>in</strong></span> <span class='ocrx_word' id='word_1_72' title='bbox 1092 1174 1362 1243; x_wconf 83' lang='lat' dir='ltr'><strong>mysteriis</strong></span> <span class='ocrx_word' id='word_1_73' title='bbox 1408 1188 1605 1243; x_wconf 89' lang='lat' dir='ltr'><strong>aquam</strong></span> <span class='ocrx_word' id='word_1_74' title='bbox 1661 1174 1803 1228; x_wconf 92' lang='lat' dir='ltr'><strong>vino.</strong></span> <span class='ocrx_word' id='word_1_75' title='bbox 1841 1172 1954 1226; x_wconf 83' lang='lat' dir='ltr'><strong>Non</strong></span> <span class='ocrx_word' id='word_1_76' title='bbox 2006 1177 2149 1228; x_wconf 88' lang='lat' dir='ltr'><strong>enim</strong></span> <span class='ocrx_word' id='word_1_77' title='bbox 2207 1190 2326 1228; x_wconf 88' lang='lat' dir='ltr'><strong>cre-</strong></span> 
     </span>
    </p>
   </div>
   <div class='ocr_carea' id='block_1_13' title="bbox 752 1263 2323 1338">
    <p class='ocr_par' dir='ltr' id='par_1_13' title="bbox 752 1263 2323 1338">
     <span class='ocr_line' id='line_1_13' title="bbox 752 1263 2323 1338; baseline 0.003 -23"><span class='ocrx_word' id='word_1_78' title='bbox 752 1263 904 1329; x_wconf 88' lang='lat' dir='ltr'><strong>dunt,</strong></span> <span class='ocrx_word' id='word_1_79' title='bbox 938 1274 992 1316; x_wconf 90' lang='lat' dir='ltr'><strong>ut</strong></span> <span class='ocrx_word' id='word_1_80' title='bbox 1030 1266 1261 1327; x_wconf 88' lang='lat' dir='ltr'><strong>videtur,</strong></span> <span class='ocrx_word' id='word_1_81' title='bbox 1307 1266 1450 1334; x_wconf 91' lang='lat' dir='ltr'><strong>quod</strong></span> <span class='ocrx_word' id='word_1_82' title='bbox 1506 1281 1645 1335; x_wconf 88' lang='lat' dir='ltr'><strong>aqua</strong></span> <span class='ocrx_word' id='word_1_83' title='bbox 1676 1282 1738 1320; x_wconf 81' lang='lat' dir='ltr'><strong>ex</strong></span> <span class='ocrx_word' id='word_1_84' title='bbox 1771 1265 1937 1321; x_wconf 88' lang='lat' dir='ltr'><strong>latere</strong></span> <span class='ocrx_word' id='word_1_85' title='bbox 1975 1281 2193 1338; x_wconf 88' lang='lat' dir='ltr'><strong>egressa</strong></span> <span class='ocrx_word' id='word_1_86' title='bbox 2231 1266 2323 1330; x_wconf 85' lang='lat' dir='ltr'><strong>sit,</strong></span> 
     </span>
    </p>
   </div>
   <div class='ocr_carea' id='block_1_14' title="bbox 752 1356 2328 1428">
    <p class='ocr_par' dir='ltr' id='par_1_14' title="bbox 752 1356 2328 1428">
     <span class='ocr_line' id='line_1_14' title="bbox 752 1356 2328 1428; baseline 0.001 -21"><span class='ocrx_word' id='word_1_87' title='bbox 752 1356 894 1420; x_wconf 86' lang='lat' dir='ltr'><strong>quod</strong></span> <span class='ocrx_word' id='word_1_88' title='bbox 929 1356 1325 1423; x_wconf 80' lang='lat' dir='ltr'><strong>admirabilius,</strong></span> <span class='ocrx_word' id='word_1_89' title='bbox 1375 1357 1540 1428; x_wconf 79' lang='lat'><strong>756</strong></span> <span class='ocrx_word' id='word_1_90' title='bbox 1578 1358 1671 1412; x_wconf 90' lang='lat' dir='ltr'><strong>sed</strong></span> <span class='ocrx_word' id='word_1_91' title='bbox 1722 1358 1943 1428; x_wconf 81' lang='lat' dir='ltr'><strong>sanguis</strong></span> <span class='ocrx_word' id='word_1_92' title='bbox 1996 1366 2227 1412; x_wconf 89' lang='lat' dir='ltr'><strong>tantum.</strong></span> <span class='ocrx_word' id='word_1_93' title='bbox 2263 1357 2328 1409; x_wconf 87' lang='lat' dir='ltr'><strong>Et</strong></span> 
     </span>
    </p>
   </div>
   <div class='ocr_carea' id='block_1_15' title="bbox 756 1448 2329 1522">
    <p class='ocr_par' dir='ltr' id='par_1_15' title="bbox 756 1448 2329 1522">
     <span class='ocr_line' id='line_1_15' title="bbox 756 1448 2329 1522; baseline 0.004 -23"><span class='ocrx_word' id='word_1_94' title='bbox 756 1448 855 1500; x_wconf 88' lang='lat' dir='ltr'><strong>hoc</strong></span> <span class='ocrx_word' id='word_1_95' title='bbox 876 1449 992 1502; x_wconf 82' lang='lat' dir='ltr'><strong>loco</strong></span> <span class='ocrx_word' id='word_1_96' title='bbox 1015 1451 1299 1504; x_wconf 89' lang='lat' dir='ltr'><strong>destruunt</strong></span> <span class='ocrx_word' id='word_1_97' title='bbox 1322 1451 1497 1521; x_wconf 90' lang='lat' dir='ltr'><strong>majus</strong></span> <span class='ocrx_word' id='word_1_98' title='bbox 1523 1452 1865 1506; x_wconf 88' lang='lat' dir='ltr'><strong>miraculum.</strong></span> <span class='ocrx_word' id='word_1_99' title='bbox 1898 1451 2082 1519; x_wconf 83' lang='lat' dir='ltr'><strong>Itaque</strong></span> <span class='ocrx_word' id='word_1_100' title='bbox 2107 1450 2329 1522; x_wconf 78' lang='lat' dir='ltr'><strong>sanguis</strong></span> 
     </span>
    </p>
   </div>
   <div class='ocr_carea' id='block_1_16' title="bbox 750 1540 2319 1613">
    <p class='ocr_par' dir='ltr' id='par_1_16' title="bbox 750 1540 2319 1613">
     <span class='ocr_line' id='line_1_16' title="bbox 750 1540 2319 1613; baseline 0.003 -22"><span class='ocrx_word' id='word_1_101' title='bbox 750 1540 1051 1607; x_wconf 69' lang='lat' dir='ltr'><strong>symbolum</strong></span> <span class='ocrx_word' id='word_1_102' title='bbox 1108 1545 1252 1611; x_wconf 91' lang='lat' dir='ltr'><strong>quod</strong></span> <span class='ocrx_word' id='word_1_103' title='bbox 1307 1542 1465 1597; x_wconf 86' lang='lat' dir='ltr'><strong>homo</strong></span> <span class='ocrx_word' id='word_1_104' title='bbox 1519 1544 1590 1597; x_wconf 90' lang='lat' dir='ltr'><strong>sit</strong></span> <span class='ocrx_word' id='word_1_105' title='bbox 1630 1544 1673 1597; x_wconf 89' lang='lat' dir='ltr'><strong>is</strong></span> <span class='ocrx_word' id='word_1_106' title='bbox 1702 1544 1794 1613; x_wconf 86' lang='lat' dir='ltr'><strong>qui</strong></span> <span class='ocrx_word' id='word_1_107' title='bbox 1838 1543 2135 1598; x_wconf 82' lang='lat' dir='ltr'><strong>cruciﬁxus</strong></span> <span class='ocrx_word' id='word_1_108' title='bbox 2194 1553 2319 1598; x_wconf 83' lang='lat' dir='ltr'><strong>est:</strong></span> 
     </span>
    </p>
   </div>
   <div class='ocr_carea' id='block_1_17' title="bbox 752 1636 2323 1707">
    <p class='ocr_par' dir='ltr' id='par_1_17' title="bbox 752 1636 2323 1707">
     <span class='ocr_line' id='line_1_17' title="bbox 752 1636 2323 1707; baseline 0.001 -17"><span class='ocrx_word' id='word_1_109' title='bbox 752 1650 889 1699; x_wconf 59' lang='lat' dir='ltr'><strong>aqua</strong></span> <span class='ocrx_word' id='word_1_110' title='bbox 929 1650 1084 1698; x_wconf 77' lang='lat' dir='ltr'><strong>vero,</strong></span> <span class='ocrx_word' id='word_1_111' title='bbox 1135 1640 1276 1705; x_wconf 87' lang='lat' dir='ltr'><strong>quod</strong></span> <span class='ocrx_word' id='word_1_112' title='bbox 1334 1636 1379 1690; x_wconf 89' lang='lat' dir='ltr'><strong>is</strong></span> <span class='ocrx_word' id='word_1_113' title='bbox 1426 1638 1497 1690; x_wconf 89' lang='lat' dir='ltr'><strong>sit</strong></span> <span class='ocrx_word' id='word_1_114' title='bbox 1553 1652 1717 1707; x_wconf 88' lang='lat' dir='ltr'><strong>super</strong></span> <span class='ocrx_word' id='word_1_115' title='bbox 1774 1637 2088 1703; x_wconf 87' lang='lat' dir='ltr'><strong>hominem,</strong></span> <span class='ocrx_word' id='word_1_116' title='bbox 2138 1636 2191 1691; x_wconf 90' lang='lat' dir='ltr'><strong>id</strong></span> <span class='ocrx_word' id='word_1_117' title='bbox 2240 1647 2323 1691; x_wconf 88' lang='lat' dir='ltr'><strong>est</strong></span> 
     </span>
    </p>
   </div>
   <div class='ocr_carea' id='block_1_18' title="bbox 759 1723 915 1776">
    <p class='ocr_par' dir='ltr' id='par_1_18' title="bbox 759 1723 915 1776">
     <span class='ocr_line' id='line_1_18' title="bbox 759 1723 915 1776; baseline 0.019 -3"><span class='ocrx_word' id='word_1_118' title='bbox 759 1723 915 1776; x_wconf 76' lang='lat' dir='ltr'><strong>hens.</strong></span> 
     </span>
    </p>
   </div>
   <div class='ocr_carea' id='block_1_19' title="bbox 2430 621 4024 694">
    <p class='ocr_par' dir='ltr' id='par_1_19' title="bbox 2430 621 4024 694">
     <span class='ocr_line' id='line_1_19' title="bbox 2430 621 4024 694; baseline 0.003 -23"><span class='ocrx_word' id='word_1_119' title='bbox 2430 621 2614 688; x_wconf 79' lang='grc' dir='ltr'>φαίας,</span> <span class='ocrx_word' id='word_1_120' title='bbox 2641 621 2735 673; x_wconf 74' lang='grc' dir='ltr'><strong>καὶ</strong></span> <span class='ocrx_word' id='word_1_121' title='bbox 2763 622 3080 692; x_wconf 76' lang='grc' dir='ltr'><strong>κωλυούσης</strong></span> <span class='ocrx_word' id='word_1_122' title='bbox 3108 625 3256 693; x_wconf 77' lang='grc' dir='ltr'>ἡμᾶς</span> <span class='ocrx_word' id='word_1_123' title='bbox 3277 624 3341 676; x_wconf 86' lang='grc' dir='ltr'>ὲκ</span> <span class='ocrx_word' id='word_1_124' title='bbox 3368 623 3460 677; x_wconf 88' lang='grc' dir='ltr'><strong>τοῦ</strong></span> <span class='ocrx_word' id='word_1_125' title='bbox 3488 624 3839 694; x_wconf 72' lang='grc' dir='ltr'><strong>παραδείσου.</strong></span> <span class='ocrx_word' id='word_1_126' title='bbox 3870 625 4024 677; x_wconf 76' lang='grc' dir='ltr'>Ἐπεὶ</span> 
     </span>
    </p>
   </div>
   <div class='ocr_carea' id='block_1_20' title="bbox 2427 711 4021 786">
    <p class='ocr_par' dir='ltr' id='par_1_20' title="bbox 2427 711 4021 786">
     <span class='ocr_line' id='line_1_20' title="bbox 2427 711 4021 786; baseline 0.002 -23"><span class='ocrx_word' id='word_1_127' title='bbox 2427 711 2483 765; x_wconf 85' lang='grc' dir='ltr'>δὲ</span> <span class='ocrx_word' id='word_1_128' title='bbox 2516 714 2625 764; x_wconf 82' lang='grc' dir='ltr'>πᾶν</span> <span class='ocrx_word' id='word_1_129' title='bbox 2656 713 2715 764; x_wconf 79' lang='grc' dir='ltr'><strong>τὸ</strong></span> <span class='ocrx_word' id='word_1_130' title='bbox 2749 716 3117 785; x_wconf 74' lang='grc' dir='ltr'><strong>στρεφόμενον</strong></span> <span class='ocrx_word' id='word_1_131' title='bbox 3154 717 3250 767; x_wconf 74' lang='grc' dir='ltr'>ἐὰν</span> <span class='ocrx_word' id='word_1_132' title='bbox 3294 718 3367 785; x_wconf 87' lang='grc' dir='ltr'>μή</span> <span class='ocrx_word' id='word_1_133' title='bbox 3407 733 3516 768; x_wconf 89' lang='grc' dir='ltr'>τινι</span> <span class='ocrx_word' id='word_1_134' title='bbox 3554 717 3889 786; x_wconf 78' lang='grc' dir='ltr'>συγκρούσῃ,</span> <span class='ocrx_word' id='word_1_135' title='bbox 3924 717 4021 784; x_wconf 64' lang='grc' dir='ltr'><strong>οἰχ</strong></span> 
     </span>
    </p>
   </div>
   <div class='ocr_carea' id='block_1_21' title="bbox 2431 803 4019 875">
    <p class='ocr_par' dir='ltr' id='par_1_21' title="bbox 2431 803 4019 875">
     <span class='ocr_line' id='line_1_21' title="bbox 2431 803 4019 875; baseline 0.003 -21"><span class='ocrx_word' id='word_1_136' title='bbox 2431 803 2646 857; x_wconf 81' lang='grc' dir='ltr'>ἵσταται</span> <span class='ocrx_word' id='word_1_137' title='bbox 2688 805 2783 856; x_wconf 88' lang='grc' dir='ltr'><strong>τοῦ</strong></span> <span class='ocrx_word' id='word_1_138' title='bbox 2833 806 2964 858; x_wconf 79' lang='grc' dir='ltr'>ἰδίου</span> <span class='ocrx_word' id='word_1_139' title='bbox 3022 806 3226 875; x_wconf 78' lang='grc' dir='ltr'>δρόμου</span> <span class='ocrx_word' id='word_1_140' title='bbox 3252 822 3264 835; x_wconf 74' lang='grc' dir='ltr'>ο</span> <span class='ocrx_word' id='word_1_141' title='bbox 3305 807 3332 857; x_wconf 90' lang='grc' dir='ltr'><strong>ό</strong></span> <span class='ocrx_word' id='word_1_142' title='bbox 3365 806 3891 873; x_wconf 44' lang='grc' dir='ltr'>Κύριοςνδεικνύων,</span> <span class='ocrx_word' id='word_1_143' title='bbox 3935 808 4019 859; x_wconf 68' lang='grc' dir='ltr'>ὅτι</span> 
     </span>
    </p>
   </div>
   <div class='ocr_carea' id='block_1_22' title="bbox 2432 895 4019 967">
    <p class='ocr_par' dir='ltr' id='par_1_22' title="bbox 2432 895 4019 967">
     <span class='ocr_line' id='line_1_22' title="bbox 2432 895 4019 967; baseline 0.003 -22"><span class='ocrx_word' id='word_1_144' title='bbox 2432 895 2533 964; x_wconf 80' lang='grc' dir='ltr'>τὴν</span> <span class='ocrx_word' id='word_1_145' title='bbox 2568 896 2842 966; x_wconf 71' lang='grc' dir='ltr'>ῥομφαίαν</span> <span class='ocrx_word' id='word_1_146' title='bbox 2886 898 3104 967; x_wconf 77' lang='grc' dir='ltr'>ἐκείνην</span> <span class='ocrx_word' id='word_1_147' title='bbox 3162 899 3375 966; x_wconf 79' lang='grc' dir='ltr'>στήσει,</span> <span class='ocrx_word' id='word_1_148' title='bbox 3413 898 3737 965; x_wconf 74' lang='grc' dir='ltr'>ὑποτίθησιν</span> <span class='ocrx_word' id='word_1_149' title='bbox 3778 901 3835 951; x_wconf 79' lang='grc' dir='ltr'>ὲν</span> <span class='ocrx_word' id='word_1_150' title='bbox 3868 899 4019 966; x_wconf 80' lang='grc' dir='ltr'>τόπῳ</span> 
     </span>
    </p>
   </div>
   <div class='ocr_carea' id='block_1_23' title="bbox 2431 987 4020 1062">
    <p class='ocr_par' dir='ltr' id='par_1_23' title="bbox 2431 987 4020 1062">
     <span class='ocr_line' id='line_1_23' title="bbox 2431 987 4020 1062; baseline 0.001 -22"><span class='ocrx_word' id='word_1_151' title='bbox 2431 987 2531 1059; x_wconf 84' lang='grc' dir='ltr'><strong>τὴν</strong></span> <span class='ocrx_word' id='word_1_152' title='bbox 2567 990 2805 1057; x_wconf 69' lang='grc' dir='ltr'>πλευρὰν</span> <span class='ocrx_word' id='word_1_153' title='bbox 2826 992 2888 1059; x_wconf 79' lang='grc' dir='ltr'>τῇ</span> <span class='ocrx_word' id='word_1_154' title='bbox 2914 990 3006 1042; x_wconf 88' lang='grc' dir='ltr'><strong>τοῦ</strong></span> <span class='ocrx_word' id='word_1_155' title='bbox 3046 995 3382 1061; x_wconf 80' lang='grc' dir='ltr'>στρατιώτου</span> <span class='ocrx_word' id='word_1_156' title='bbox 3416 992 3662 1062; x_wconf 64' lang='grc' dir='ltr'>ῥομφαίᾳ</span> <span class='ocrx_word' id='word_1_157' title='bbox 3683 1008 3697 1023; x_wconf 76' lang='grc' dir='ltr'><strong><em>ο</em></strong></span> <span class='ocrx_word' id='word_1_158' title='bbox 3727 993 3811 1044; x_wconf 74' lang='grc' dir='ltr'>ἵνα</span> <span class='ocrx_word' id='word_1_159' title='bbox 3834 991 4020 1061; x_wconf 75' lang='grc' dir='ltr'>δειχθῇ</span> 
     </span>
    </p>
   </div>
   <div class='ocr_carea' id='block_1_24' title="bbox 2432 1076 4018 1149">
    <p class='ocr_par' dir='ltr' id='par_1_24' title="bbox 2432 1076 4018 1149">
     <span class='ocr_line' id='line_1_24' title="bbox 2432 1076 4018 1149; baseline 0 -21"><span class='ocrx_word' id='word_1_160' title='bbox 2432 1078 2586 1145; x_wconf 82' lang='grc' dir='ltr'>ἡμῖν,</span> <span class='ocrx_word' id='word_1_161' title='bbox 2618 1078 2700 1130; x_wconf 81' lang='grc' dir='ltr'>ὅτι</span> <span class='ocrx_word' id='word_1_162' title='bbox 2756 1076 2945 1148; x_wconf 80' lang='grc' dir='ltr'>ὥσπερ</span> <span class='ocrx_word' id='word_1_163' title='bbox 2972 1081 3002 1147; x_wconf 79' lang='grc' dir='ltr'>ἡ</span> <span class='ocrx_word' id='word_1_164' title='bbox 3032 1078 3127 1131; x_wconf 85' lang='grc' dir='ltr'><strong>τοῦ</strong></span> <span class='ocrx_word' id='word_1_165' title='bbox 3178 1081 3514 1148; x_wconf 80' lang='grc' dir='ltr'>στρατιώτου</span> <span class='ocrx_word' id='word_1_166' title='bbox 3563 1078 4018 1149; x_wconf 74' lang='grc' dir='ltr'>προσερειεθεῖεα</span> 
     </span>
    </p>
   </div>
   <div class='ocr_carea' id='block_1_25' title="bbox 2431 1166 4021 1237">
    <p class='ocr_par' dir='ltr' id='par_1_25' title="bbox 2431 1166 4021 1237">
     <span class='ocr_line' id='line_1_25' title="bbox 2431 1166 4021 1237; baseline 0.001 -20"><span class='ocrx_word' id='word_1_167' title='bbox 2431 1169 2495 1235; x_wconf 84' lang='grc' dir='ltr'>τῇ</span> <span class='ocrx_word' id='word_1_168' title='bbox 2528 1166 2732 1237; x_wconf 82' lang='grc' dir='ltr'>πλευρᾷ</span> <span class='ocrx_word' id='word_1_169' title='bbox 2763 1167 2916 1235; x_wconf 73' lang='grc' dir='ltr'>ἔστη,</span> <span class='ocrx_word' id='word_1_170' title='bbox 2951 1167 3096 1221; x_wconf 78' lang='grc' dir='ltr'>οὕτω</span> <span class='ocrx_word' id='word_1_171' title='bbox 3141 1170 3233 1221; x_wconf 77' lang='grc' dir='ltr'>καὶ</span> <span class='ocrx_word' id='word_1_172' title='bbox 3263 1170 3294 1237; x_wconf 84' lang='grc' dir='ltr'>ἡ</span> <span class='ocrx_word' id='word_1_173' title='bbox 3328 1168 3555 1237; x_wconf 85' lang='grc' dir='ltr'>φλογίνη</span> <span class='ocrx_word' id='word_1_174' title='bbox 3602 1170 3880 1237; x_wconf 78' lang='grc' dir='ltr'>στήσεται,</span> <span class='ocrx_word' id='word_1_175' title='bbox 3922 1169 4021 1219; x_wconf 77' lang='grc' dir='ltr'><strong>καὶ</strong></span> 
     </span>
    </p>
   </div>
   <div class='ocr_carea' id='block_1_26' title="bbox 2429 1259 4018 1330">
    <p class='ocr_par' dir='ltr' id='par_1_26' title="bbox 2429 1259 4018 1330">
     <span class='ocr_line' id='line_1_26' title="bbox 2429 1259 4018 1330; baseline -0.001 -19"><span class='ocrx_word' id='word_1_176' title='bbox 2429 1260 2529 1311; x_wconf 86' lang='grc' dir='ltr'><strong>οὑκ</strong></span> <span class='ocrx_word' id='word_1_177' title='bbox 2559 1259 2639 1311; x_wconf 77' lang='grc' dir='ltr'>ἔτι</span> <span class='ocrx_word' id='word_1_178' title='bbox 2664 1259 2753 1313; x_wconf 83' lang='grc' dir='ltr'><strong>διὰ</strong></span> <span class='ocrx_word' id='word_1_179' title='bbox 2779 1260 2871 1313; x_wconf 86' lang='grc' dir='ltr'><strong>τοῦ</strong></span> <span class='ocrx_word' id='word_1_180' title='bbox 2905 1261 3235 1330; x_wconf 75' lang='grc' dir='ltr'>στρέφεσθαι</span> <span class='ocrx_word' id='word_1_181' title='bbox 3280 1261 3602 1325; x_wconf 82' lang='grc' dir='ltr'>ἀπειλοῦσα,</span> <span class='ocrx_word' id='word_1_182' title='bbox 3636 1260 3729 1313; x_wconf 70' lang='grc' dir='ltr'>καὶ</span> <span class='ocrx_word' id='word_1_183' title='bbox 3760 1260 4018 1327; x_wconf 71' lang='grc' dir='ltr'>ἐκδειμα-</span> 
     </span>
    </p>
   </div>
   <div class='ocr_carea' id='block_1_27' title="bbox 2428 1350 4020 1423">
    <p class='ocr_par' dir='ltr' id='par_1_27' title="bbox 2428 1350 4020 1423">
     <span class='ocr_line' id='line_1_27' title="bbox 2428 1350 4020 1423; baseline -0.002 -19"><span class='ocrx_word' id='word_1_184' title='bbox 2428 1350 2596 1405; x_wconf 79' lang='grc' dir='ltr'>τοῦσα</span> <span class='ocrx_word' id='word_1_185' title='bbox 2616 1353 2713 1421; x_wconf 76' lang='grc' dir='ltr'><strong>τὴν</strong></span> <span class='ocrx_word' id='word_1_186' title='bbox 2739 1352 2962 1411; x_wconf 75' lang='grc' dir='ltr'>εἴσοδον,</span> <span class='ocrx_word' id='word_1_187' title='bbox 2985 1352 3303 1405; x_wconf 83' lang='grc' dir='ltr'>ἀποκλείσει</span> <span class='ocrx_word' id='word_1_188' title='bbox 3324 1352 3416 1405; x_wconf 85' lang='grc' dir='ltr'><strong>τοῦ</strong></span> <span class='ocrx_word' id='word_1_189' title='bbox 3438 1351 3791 1423; x_wconf 83' lang='grc' dir='ltr'>παραδείσου.</span> <span class='ocrx_word' id='word_1_190' title='bbox 3819 1352 4020 1419; x_wconf 61' lang='grc' dir='ltr'><strong>Αἰσχυ-</strong></span> 
     </span>
    </p>
   </div>
   <div class='ocr_carea' id='block_1_28' title="bbox 2431 1442 4017 1515">
    <p class='ocr_par' dir='ltr' id='par_1_28' title="bbox 2431 1442 4017 1515">
     <span class='ocr_line' id='line_1_28' title="bbox 2431 1442 4017 1515; baseline -0.002 -18"><span class='ocrx_word' id='word_1_191' title='bbox 2431 1443 2710 1497; x_wconf 75' lang='grc' dir='ltr'>νέσθωσαν</span> <span class='ocrx_word' id='word_1_192' title='bbox 2776 1443 3077 1511; x_wconf 80' lang='grc' dir='ltr'><strong>Ἀρμένιοι,</strong></span> <span class='ocrx_word' id='word_1_193' title='bbox 3135 1444 3183 1496; x_wconf 92' lang='grc' dir='ltr'><strong>οί</strong></span> <span class='ocrx_word' id='word_1_194' title='bbox 3230 1445 3304 1514; x_wconf 82' lang='grc' dir='ltr'>μὴ</span> <span class='ocrx_word' id='word_1_195' title='bbox 3361 1444 3810 1515; x_wconf 82' lang='grc' dir='ltr'>παρακιρνῶντες</span> <span class='ocrx_word' id='word_1_196' title='bbox 3872 1442 4017 1511; x_wconf 73' lang='grc' dir='ltr'>ὕδωρ</span> 
     </span>
    </p>
   </div>
   <div class='ocr_carea' id='block_1_29' title="bbox 2432 1536 4019 1607">
    <p class='ocr_par' dir='ltr' id='par_1_29' title="bbox 2432 1536 4019 1607">
     <span class='ocr_line' id='line_1_29' title="bbox 2432 1536 4019 1607; baseline 0 -19"><span class='ocrx_word' id='word_1_197' title='bbox 2432 1536 2508 1606; x_wconf 84' lang='grc' dir='ltr'>τῷ</span> <span class='ocrx_word' id='word_1_198' title='bbox 2536 1537 2663 1605; x_wconf 79' lang='grc' dir='ltr'>οἴνῳ</span> <span class='ocrx_word' id='word_1_199' title='bbox 2694 1538 2751 1589; x_wconf 81' lang='grc' dir='ltr'>ἐν</span> <span class='ocrx_word' id='word_1_200' title='bbox 2782 1538 2895 1598; x_wconf 88' lang='grc' dir='ltr'>τοῖς</span> <span class='ocrx_word' id='word_1_201' title='bbox 2923 1538 3267 1606; x_wconf 80' lang='grc' dir='ltr'><strong>μυστηρίοις.</strong></span> <span class='ocrx_word' id='word_1_202' title='bbox 3294 1537 3365 1590; x_wconf 89' lang='grc' dir='ltr'>Ού</span> <span class='ocrx_word' id='word_1_203' title='bbox 3402 1537 3510 1607; x_wconf 80' lang='grc' dir='ltr'><strong>γὰρ</strong></span> <span class='ocrx_word' id='word_1_204' title='bbox 3546 1537 3918 1599; x_wconf 81' lang='grc' dir='ltr'><strong>πιστεύουσιν,</strong></span> <span class='ocrx_word' id='word_1_205' title='bbox 3941 1536 4019 1598; x_wconf 84' lang='grc' dir='ltr'>ὡς</span> 
     </span>
    </p>
   </div>
   <div class='ocr_carea' id='block_1_30' title="bbox 2430 1629 4015 1702">
    <p class='ocr_par' dir='ltr' id='par_1_30' title="bbox 2430 1629 4015 1702">
     <span class='ocr_line' id='line_1_30' title="bbox 2430 1629 4015 1702; baseline -0.003 -18"><span class='ocrx_word' id='word_1_206' title='bbox 2430 1633 2628 1696; x_wconf 74' lang='grc' dir='ltr'>ἔοικεν,</span> <span class='ocrx_word' id='word_1_207' title='bbox 2663 1630 2744 1683; x_wconf 83' lang='grc' dir='ltr'><strong>ὅτι</strong></span> <span class='ocrx_word' id='word_1_208' title='bbox 2777 1630 2870 1683; x_wconf 75' lang='grc' dir='ltr'>καὶ</span> <span class='ocrx_word' id='word_1_209' title='bbox 2917 1631 3060 1700; x_wconf 81' lang='grc' dir='ltr'>ὕδωρ</span> <span class='ocrx_word' id='word_1_210' title='bbox 3096 1630 3360 1701; x_wconf 76' lang='grc' dir='ltr'><strong>ἐξηνέχθη</strong></span> <span class='ocrx_word' id='word_1_211' title='bbox 3392 1631 3491 1700; x_wconf 89' lang='grc' dir='ltr'><strong>τῆς</strong></span> <span class='ocrx_word' id='word_1_212' title='bbox 3516 1631 3779 1702; x_wconf 80' lang='grc' dir='ltr'>πλευρᾶς,</span> <span class='ocrx_word' id='word_1_213' title='bbox 3818 1629 3879 1682; x_wconf 80' lang='grc' dir='ltr'>τὸ</span> <span class='ocrx_word' id='word_1_214' title='bbox 3906 1646 4015 1681; x_wconf 85' lang='grc' dir='ltr'>πα-</span> 
     </span>
    </p>
   </div>
   <div class='ocr_carea' id='block_1_31' title="bbox 2434 1716 4014 1792">
    <p class='ocr_par' dir='ltr' id='par_1_31' title="bbox 2434 1716 4014 1792">
     <span class='ocr_line' id='line_1_31' title="bbox 2434 1716 4014 1792; baseline -0.004 -16"><span class='ocrx_word' id='word_1_215' title='bbox 2434 1721 2807 1792; x_wconf 80' lang='grc' dir='ltr'>ραδοξότερον,</span> <span class='ocrx_word' id='word_1_216' title='bbox 2873 1721 3009 1774; x_wconf 85' lang='grc' dir='ltr'>ἀλλὰ</span> <span class='ocrx_word' id='word_1_217' title='bbox 3064 1721 3224 1790; x_wconf 88' lang='grc' dir='ltr'>μόνον</span> <span class='ocrx_word' id='word_1_218' title='bbox 3270 1716 3430 1790; x_wconf 75' lang='grc' dir='ltr'>αἷμα,</span> <span class='ocrx_word' id='word_1_219' title='bbox 3481 1720 3775 1776; x_wconf 70' lang='grc' dir='ltr'>κάντεῦθεν</span> <span class='ocrx_word' id='word_1_220' title='bbox 3819 1719 4014 1773; x_wconf 80' lang='grc' dir='ltr'>καθαι·</span> 
     </span>
    </p>
   </div>
   <div class='ocr_carea' id='block_1_32' title="bbox 749 1812 4013 1892">
    <p class='ocr_par' dir='ltr' id='par_1_32' title="bbox 749 1812 4013 1892">
     <span class='ocr_line' id='line_1_32' title="bbox 749 1812 4013 1892; baseline 0 -23"><span class='ocrx_word' id='word_1_221' title='bbox 749 1816 903 1887; x_wconf 86' lang='grc' dir='ltr'>ροῦσι</span> <span class='ocrx_word' id='word_1_222' title='bbox 948 1818 1009 1870; x_wconf 78' lang='grc' dir='ltr'>τὸ</span> <span class='ocrx_word' id='word_1_223' title='bbox 1062 1818 1243 1872; x_wconf 88' lang='grc' dir='ltr'>πλεῖον</span> <span class='ocrx_word' id='word_1_224' title='bbox 1316 1817 1410 1870; x_wconf 85' lang='grc' dir='ltr'><strong>τοῦ</strong></span> <span class='ocrx_word' id='word_1_225' title='bbox 1465 1819 1762 1888; x_wconf 80' lang='grc' dir='ltr'><strong>θαύματος.</strong></span> <span class='ocrx_word' id='word_1_226' title='bbox 1836 1820 1910 1874; x_wconf 85' lang='grc' dir='ltr'>Τὸ</span> <span class='ocrx_word' id='word_1_227' title='bbox 1962 1821 2061 1892; x_wconf 81' lang='grc' dir='ltr'><strong>μὲν</strong></span> <span class='ocrx_word' id='word_1_228' title='bbox 2114 1820 2209 1874; x_wconf 82' lang='grc' dir='ltr'><strong>οῦν</strong></span> <span class='ocrx_word' id='word_1_229' title='bbox 2255 1813 2395 1890; x_wconf 75' lang='grc' dir='ltr'>αἷμα</span> <span class='ocrx_word' id='word_1_230' title='bbox 2435 1817 2706 1888; x_wconf 81' lang='grc' dir='ltr'>σύμσολον</span> <span class='ocrx_word' id='word_1_231' title='bbox 2757 1817 2851 1871; x_wconf 90' lang='grc' dir='ltr'><strong>τοῦ</strong></span> <span class='ocrx_word' id='word_1_232' title='bbox 2901 1812 3041 1872; x_wconf 73' lang='grc' dir='ltr'>εἶναι</span> <span class='ocrx_word' id='word_1_233' title='bbox 3102 1816 3394 1887; x_wconf 76' lang='grc' dir='ltr'>ἄνθρωπον</span> <span class='ocrx_word' id='word_1_234' title='bbox 3443 1816 3534 1871; x_wconf 77' lang='grc' dir='ltr'>τὸν</span> <span class='ocrx_word' id='word_1_235' title='bbox 3592 1817 4013 1889; x_wconf 82' lang='grc' dir='ltr'>σταυρωθέντα,</span> 
     </span>
    </p>
   </div>
   <div class='ocr_carea' id='block_1_33' title="bbox 745 1912 2089 1985">
    <p class='ocr_par' dir='ltr' id='par_1_33' title="bbox 745 1912 2089 1985">
     <span class='ocr_line' id='line_1_33' title="bbox 745 1912 2089 1985; baseline 0.007 -22"><span class='ocrx_word' id='word_1_236' title='bbox 745 1914 806 1964; x_wconf 68' lang='grc' dir='ltr'>τὸ</span> <span class='ocrx_word' id='word_1_237' title='bbox 834 1914 889 1965; x_wconf 79' lang='grc' dir='ltr'>δὲ</span> <span class='ocrx_word' id='word_1_238' title='bbox 923 1912 1066 1983; x_wconf 73' lang='grc' dir='ltr'>ὕδωρ</span> <span class='ocrx_word' id='word_1_239' title='bbox 1123 1916 1265 1985; x_wconf 82' lang='grc' dir='ltr'>ὑπὲρ</span> <span class='ocrx_word' id='word_1_240' title='bbox 1300 1914 1609 1983; x_wconf 79' lang='grc' dir='ltr'>ἄνθρωπον,</span> <span class='ocrx_word' id='word_1_241' title='bbox 1637 1917 1732 1969; x_wconf 90' lang='grc' dir='ltr'><strong>τοῦ</strong></span> <span class='ocrx_word' id='word_1_242' title='bbox 1763 1912 1905 1971; x_wconf 84' lang='grc' dir='ltr'>εἶναι</span> <span class='ocrx_word' id='word_1_243' title='bbox 1932 1917 2089 1974; x_wconf 87' lang='grc' dir='ltr'>Θεόν.</span> 
     </span>
    </p>
   </div>
   <div class='ocr_carea' id='block_1_34' title="bbox 828 2005 2404 2077">
    <p class='ocr_par' dir='ltr' id='par_1_34' title="bbox 828 2005 2404 2077">
     <span class='ocr_line' id='line_1_34' title="bbox 828 2005 2404 2077; baseline 0.001 -19"><span class='ocrx_word' id='word_1_244' title='bbox 828 2005 991 2061; x_wconf 72' lang='lat' dir='ltr'><strong>Vsus.</strong></span> <span class='ocrx_word' id='word_1_245' title='bbox 1032 2006 1219 2060; x_wconf 78' lang='lat'><strong>55-57.</strong></span> <span class='ocrx_word' id='word_1_246' title='bbox 1258 2026 1275 2059; x_wconf 78' lang='grc' dir='ltr'><strong>ι</strong></span> <span class='ocrx_word' id='word_1_247' title='bbox 1322 2007 1384 2061; x_wconf 82' lang='lat' dir='ltr'><strong>Et</strong></span> <span class='ocrx_word' id='word_1_248' title='bbox 1415 2008 1505 2075; x_wconf 87' lang='lat' dir='ltr'><strong>qui</strong></span> <span class='ocrx_word' id='word_1_249' title='bbox 1554 2007 1709 2074; x_wconf 83' lang='lat' dir='ltr'><strong>vidit,</strong></span> <span class='ocrx_word' id='word_1_250' title='bbox 1740 2009 2104 2065; x_wconf 89' lang='lat' dir='ltr'><strong>testimonium</strong></span> <span class='ocrx_word' id='word_1_251' title='bbox 2150 2006 2330 2077; x_wconf 80' lang='lat' dir='ltr'><strong>perhi—</strong></span> <span class='ocrx_word' id='word_1_252' title='bbox 2361 2013 2404 2069; x_wconf 86' lang='grc' dir='ltr'>Β</span> 
     </span>
    </p>
   </div>
   <div class='ocr_carea' id='block_1_35' title="bbox 748 2098 2324 2172">
    <p class='ocr_par' dir='ltr' id='par_1_35' title="bbox 748 2098 2324 2172">
     <span class='ocr_line' id='line_1_35' title="bbox 748 2098 2324 2172; baseline 0.003 -20"><span class='ocrx_word' id='word_1_253' title='bbox 748 2098 881 2157; x_wconf 83' lang='lat' dir='ltr'><strong>buit,</strong></span> <span class='ocrx_word' id='word_1_254' title='bbox 917 2108 969 2151; x_wconf 88' lang='lat' dir='ltr'><strong>et</strong></span> <span class='ocrx_word' id='word_1_255' title='bbox 999 2114 1182 2152; x_wconf 90' lang='lat' dir='ltr'><strong>verum</strong></span> <span class='ocrx_word' id='word_1_256' title='bbox 1232 2110 1315 2153; x_wconf 89' lang='lat' dir='ltr'><strong>est</strong></span> <span class='ocrx_word' id='word_1_257' title='bbox 1372 2101 1735 2154; x_wconf 87' lang='lat' dir='ltr'><strong>testimonium</strong></span> <span class='ocrx_word' id='word_1_258' title='bbox 1789 2102 1925 2172; x_wconf 86' lang='lat' dir='ltr'><strong>ejus,</strong></span> <span class='ocrx_word' id='word_1_259' title='bbox 1976 2108 2031 2157; x_wconf 89' lang='lat' dir='ltr'><strong>et</strong></span> <span class='ocrx_word' id='word_1_260' title='bbox 2080 2102 2171 2156; x_wconf 90' lang='lat' dir='ltr'><strong>ille</strong></span> <span class='ocrx_word' id='word_1_261' title='bbox 2221 2103 2324 2157; x_wconf 91' lang='lat' dir='ltr'><strong>scit</strong></span> 
     </span>
    </p>
   </div>
   <div class='ocr_carea' id='block_1_36' title="bbox 746 2192 2321 2258">
    <p class='ocr_par' dir='ltr' id='par_1_36' title="bbox 746 2192 2321 2258">
     <span class='ocr_line' id='line_1_36' title="bbox 746 2192 2321 2258; baseline 0.005 -17"><span class='ocrx_word' id='word_1_262' title='bbox 746 2192 889 2258; x_wconf 89' lang='lat' dir='ltr'><strong>quod</strong></span> <span class='ocrx_word' id='word_1_263' title='bbox 919 2205 1046 2245; x_wconf 85' lang='lat' dir='ltr'><strong>vera</strong></span> <span class='ocrx_word' id='word_1_264' title='bbox 1078 2192 1225 2254; x_wconf 84' lang='lat' dir='ltr'><strong>dicit,</strong></span> <span class='ocrx_word' id='word_1_265' title='bbox 1261 2202 1393 2246; x_wconf 90' lang='lat' dir='ltr'><strong>utet</strong></span> <span class='ocrx_word' id='word_1_266' title='bbox 1419 2208 1513 2247; x_wconf 93' lang='lat' dir='ltr'><strong>vos</strong></span> <span class='ocrx_word' id='word_1_267' title='bbox 1540 2194 1794 2249; x_wconf 85' lang='lat' dir='ltr'><strong>credatis.</strong></span> <span class='ocrx_word' id='word_1_268' title='bbox 1825 2195 1991 2250; x_wconf 80' lang='lat' dir='ltr'><strong>Facta</strong></span> <span class='ocrx_word' id='word_1_269' title='bbox 2024 2203 2151 2250; x_wconf 90' lang='lat' dir='ltr'><strong>sunt</strong></span> <span class='ocrx_word' id='word_1_270' title='bbox 2177 2196 2321 2250; x_wconf 88' lang='lat' dir='ltr'><strong>enim</strong></span> 
     </span>
    </p>
   </div>
   <div class='ocr_carea' id='block_1_37' title="bbox 750 2284 2323 2354">
    <p class='ocr_par' dir='ltr' id='par_1_37' title="bbox 750 2284 2323 2354">
     <span class='ocr_line' id='line_1_37' title="bbox 750 2284 2323 2354; baseline 0.006 -19"><span class='ocrx_word' id='word_1_271' title='bbox 750 2286 864 2337; x_wconf 71' lang='lat' dir='ltr'><strong>haec</strong></span> <span class='ocrx_word' id='word_1_272' title='bbox 907 2293 962 2337; x_wconf 92' lang='lat' dir='ltr'><strong>ut</strong></span> <span class='ocrx_word' id='word_1_273' title='bbox 995 2284 1271 2350; x_wconf 88' lang='lat' dir='ltr'><strong>Scriptura</strong></span> <span class='ocrx_word' id='word_1_274' title='bbox 1316 2286 1671 2354; x_wconf 87' lang='lat' dir='ltr'><strong>impleretur:</strong></span> <span class='ocrx_word' id='word_1_275' title='bbox 1697 2286 1768 2342; x_wconf 88' lang='lat' dir='ltr'><strong>Os</strong></span> <span class='ocrx_word' id='word_1_276' title='bbox 1794 2303 1900 2342; x_wconf 93' lang='lat' dir='ltr'><strong>non</strong></span> <span class='ocrx_word' id='word_1_277' title='bbox 1925 2289 2323 2345; x_wconf 84' lang='lat' dir='ltr'><strong>comminuetur</strong></span> 
     </span>
    </p>
   </div>
   <div class='ocr_carea' id='block_1_38' title="bbox 752 2377 2321 2445">
    <p class='ocr_par' dir='ltr' id='par_1_38' title="bbox 752 2377 2321 2445">
     <span class='ocr_line' id='line_1_38' title="bbox 752 2377 2321 2445; baseline 0.006 -18"><span class='ocrx_word' id='word_1_278' title='bbox 752 2392 817 2428; x_wconf 76' lang='lat' dir='ltr'><strong>ex</strong></span> <span class='ocrx_word' id='word_1_279' title='bbox 844 2391 929 2430; x_wconf 90' lang='lat' dir='ltr'><strong>eo.</strong></span> <span class='ocrx_word' id='word_1_280' title='bbox 964 2377 1027 2430; x_wconf 84' lang='lat' dir='ltr'><strong>Et</strong></span> <span class='ocrx_word' id='word_1_281' title='bbox 1061 2392 1249 2432; x_wconf 89' lang='lat' dir='ltr'><strong>rursus</strong></span> <span class='ocrx_word' id='word_1_282' title='bbox 1295 2378 1398 2432; x_wconf 86' lang='lat' dir='ltr'><strong>alia</strong></span> <span class='ocrx_word' id='word_1_283' title='bbox 1453 2380 1731 2445; x_wconf 83' lang='lat' dir='ltr'><strong>Scriptura</strong></span> <span class='ocrx_word' id='word_1_284' title='bbox 1764 2382 1895 2435; x_wconf 92' lang='lat' dir='ltr'><strong>dicit</strong></span> <span class='ocrx_word' id='word_1_285' title='bbox 1925 2399 1939 2434; x_wconf 92' lang='lat'><strong>:</strong></span> <span class='ocrx_word' id='word_1_286' title='bbox 1970 2382 2243 2437; x_wconf 87' lang='lat' dir='ltr'><strong>Videbunt</strong></span> <span class='ocrx_word' id='word_1_287' title='bbox 2269 2383 2321 2437; x_wconf 91' lang='lat' dir='ltr'><strong>in</strong></span> 
     </span>
    </p>
   </div>
   <div class='ocr_carea' id='block_1_39' title="bbox 749 2469 2322 2543">
    <p class='ocr_par' dir='ltr' id='par_1_39' title="bbox 749 2469 2322 2543">
     <span class='ocr_line' id='line_1_39' title="bbox 749 2469 2322 2543; baseline 0.006 -25"><span class='ocrx_word' id='word_1_288' title='bbox 749 2483 908 2534; x_wconf 87' lang='lat' dir='ltr'><strong>quem</strong></span> <span class='ocrx_word' id='word_1_289' title='bbox 965 2478 1333 2538; x_wconf 85' lang='lat' dir='ltr'><strong>pupugernnt.</strong></span> <span class='ocrx_word' id='word_1_290' title='bbox 1379 2489 1397 2523; x_wconf 75' lang='grc' dir='ltr'><strong>ι</strong></span> <span class='ocrx_word' id='word_1_291' title='bbox 1438 2469 1551 2524; x_wconf 85' lang='lat' dir='ltr'><strong>Non</strong></span> <span class='ocrx_word' id='word_1_292' title='bbox 1589 2472 1657 2526; x_wconf 90' lang='lat' dir='ltr'><strong>ab</strong></span> <span class='ocrx_word' id='word_1_293' title='bbox 1691 2472 1834 2538; x_wconf 87' lang='lat' dir='ltr'><strong>aliis,</strong></span> <span class='ocrx_word' id='word_1_294' title='bbox 1882 2472 2078 2543; x_wconf 88' lang='lat' dir='ltr'><strong>inquit,</strong></span> <span class='ocrx_word' id='word_1_295' title='bbox 2122 2474 2322 2539; x_wconf 80' lang='lat' dir='ltr'><strong>audivi,</strong></span> 
     </span>
    </p>
   </div>
   <div class='ocr_carea' id='block_1_40' title="bbox 748 2560 2317 2630">
    <p class='ocr_par' dir='ltr' id='par_1_40' title="bbox 748 2560 2317 2630">
     <span class='ocr_line' id='line_1_40' title="bbox 748 2560 2317 2630; baseline 0.005 -17"><span class='ocrx_word' id='word_1_296' title='bbox 748 2560 838 2614; x_wconf 89' lang='lat' dir='ltr'><strong>sed</strong></span> <span class='ocrx_word' id='word_1_297' title='bbox 875 2561 987 2629; x_wconf 91' lang='lat' dir='ltr'><strong>ipse</strong></span> <span class='ocrx_word' id='word_1_298' title='bbox 1016 2576 1253 2630; x_wconf 72' lang='lat' dir='ltr'><strong>praesens</strong></span> <span class='ocrx_word' id='word_1_299' title='bbox 1282 2562 1410 2627; x_wconf 88' lang='lat' dir='ltr'><strong>vidi,</strong></span> <span class='ocrx_word' id='word_1_300' title='bbox 1448 2581 1466 2613; x_wconf 77' lang='grc' dir='ltr'><strong>ι</strong></span> <span class='ocrx_word' id='word_1_301' title='bbox 1496 2574 1551 2617; x_wconf 93' lang='lat' dir='ltr'><strong>et</strong></span> <span class='ocrx_word' id='word_1_302' title='bbox 1576 2578 1761 2619; x_wconf 89' lang='lat' dir='ltr'><strong>verum</strong></span> <span class='ocrx_word' id='word_1_303' title='bbox 1787 2574 1871 2619; x_wconf 89' lang='lat' dir='ltr'><strong>est</strong></span> <span class='ocrx_word' id='word_1_304' title='bbox 1897 2567 2317 2621; x_wconf 63' lang='lat' dir='ltr'><strong>testimonium.»</strong></span> 
     </span>
    </p>
   </div>
   <div class='ocr_carea' id='block_1_41' title="bbox 748 2652 2325 2723">
    <p class='ocr_par' dir='ltr' id='par_1_41' title="bbox 748 2652 2325 2723">
     <span class='ocr_line' id='line_1_41' title="bbox 748 2652 2325 2723; baseline 0.006 -19"><span class='ocrx_word' id='word_1_305' title='bbox 748 2652 957 2706; x_wconf 79' lang='lat' dir='ltr'><strong>lilerito.</strong></span> <span class='ocrx_word' id='word_1_306' title='bbox 995 2653 1251 2723; x_wconf 87' lang='lat' dir='ltr'><strong>lujuriam</strong></span> <span class='ocrx_word' id='word_1_307' title='bbox 1305 2655 1447 2708; x_wconf 88' lang='lat' dir='ltr'><strong>enim</strong></span> <span class='ocrx_word' id='word_1_308' title='bbox 1489 2666 1709 2710; x_wconf 88' lang='lat' dir='ltr'><strong>enarrat</strong></span> <span class='ocrx_word' id='word_1_309' title='bbox 1741 2655 1964 2723; x_wconf 81' lang='lat' dir='ltr'><strong>factam,</strong></span> <span class='ocrx_word' id='word_1_310' title='bbox 1997 2667 2049 2711; x_wconf 90' lang='lat' dir='ltr'><strong>et</strong></span> <span class='ocrx_word' id='word_1_311' title='bbox 2073 2673 2177 2714; x_wconf 93' lang='lat' dir='ltr'><strong>non</strong></span> <span class='ocrx_word' id='word_1_312' title='bbox 2206 2673 2325 2714; x_wconf 84' lang='lat' dir='ltr'><strong>ma-</strong></span> 
     </span>
    </p>
   </div>
   <div class='ocr_carea' id='block_1_42' title="bbox 750 2744 2325 2819">
    <p class='ocr_par' dir='ltr' id='par_1_42' title="bbox 750 2744 2325 2819">
     <span class='ocr_line' id='line_1_42' title="bbox 750 2744 2325 2819; baseline 0.006 -23"><span class='ocrx_word' id='word_1_313' title='bbox 750 2760 914 2814; x_wconf 89' lang='lat' dir='ltr'><strong>gnum</strong></span> <span class='ocrx_word' id='word_1_314' title='bbox 973 2744 1056 2800; x_wconf 90' lang='lat' dir='ltr'><strong>vel</strong></span> <span class='ocrx_word' id='word_1_315' title='bbox 1112 2746 1463 2800; x_wconf 87' lang='lat' dir='ltr'><strong>honorilicum</strong></span> <span class='ocrx_word' id='word_1_316' title='bbox 1528 2748 1751 2815; x_wconf 87' lang='lat' dir='ltr'><strong>aliquid,</strong></span> <span class='ocrx_word' id='word_1_317' title='bbox 1813 2757 1870 2803; x_wconf 90' lang='lat' dir='ltr'><strong>ut</strong></span> <span class='ocrx_word' id='word_1_318' title='bbox 1922 2760 2207 2819; x_wconf 87' lang='lat' dir='ltr'><strong>suspectus</strong></span> <span class='ocrx_word' id='word_1_319' title='bbox 2252 2752 2325 2808; x_wconf 85' lang='lat' dir='ltr'><strong>sit</strong></span> 
     </span>
    </p>
   </div>
   <div class='ocr_carea' id='block_1_43' title="bbox 747 2838 2327 2915">
    <p class='ocr_par' dir='ltr' id='par_1_43' title="bbox 747 2838 2327 2915">
     <span class='ocr_line' id='line_1_43' title="bbox 747 2838 2327 2915; baseline 0.008 -25"><span class='ocrx_word' id='word_1_320' title='bbox 747 2850 962 2901; x_wconf 87' lang='lat' dir='ltr'><strong>sermo;</strong></span> <span class='ocrx_word' id='word_1_321' title='bbox 1022 2838 1114 2891; x_wconf 89' lang='lat' dir='ltr'><strong>sed</strong></span> <span class='ocrx_word' id='word_1_322' title='bbox 1175 2849 1392 2907; x_wconf 85' lang='lat' dir='ltr'><strong>propter</strong></span> <span class='ocrx_word' id='word_1_323' title='bbox 1445 2838 1580 2905; x_wconf 86' lang='lat' dir='ltr'><strong>hoc,</strong></span> <span class='ocrx_word' id='word_1_324' title='bbox 1637 2839 1830 2909; x_wconf 91' lang='lat' dir='ltr'><strong>inquit,</strong></span> <span class='ocrx_word' id='word_1_325' title='bbox 1884 2842 2001 2899; x_wconf 68' lang='lat' dir='ltr'><strong>haec</strong></span> <span class='ocrx_word' id='word_1_326' title='bbox 2048 2844 2327 2915; x_wconf 83' lang='lat' dir='ltr'><strong>diligenter</strong></span> 
     </span>
    </p>
   </div>
   <div class='ocr_carea' id='block_1_44' title="bbox 747 2932 2323 3000">
    <p class='ocr_par' dir='ltr' id='par_1_44' title="bbox 747 2932 2323 3000">
     <span class='ocr_line' id='line_1_44' title="bbox 747 2932 2323 3000; baseline 0.008 -19"><span class='ocrx_word' id='word_1_327' title='bbox 747 2943 965 2992; x_wconf 87' lang='lat' dir='ltr'><strong>enarro,</strong></span> <span class='ocrx_word' id='word_1_328' title='bbox 996 2938 1050 2984; x_wconf 84' lang='lat' dir='ltr'><strong>et</strong></span> <span class='ocrx_word' id='word_1_329' title='bbox 1084 2945 1144 2984; x_wconf 90' lang='lat' dir='ltr'><strong>ea</strong></span> <span class='ocrx_word' id='word_1_330' title='bbox 1173 2946 1293 3000; x_wconf 69' lang='lat' dir='ltr'><strong>qua:</strong></span> <span class='ocrx_word' id='word_1_331' title='bbox 1339 2932 1694 2999; x_wconf 87' lang='lat' dir='ltr'><strong>ignominiosa</strong></span> <span class='ocrx_word' id='word_1_332' title='bbox 1730 2934 2056 2993; x_wconf 89' lang='lat' dir='ltr'><strong>videnturin</strong></span> <span class='ocrx_word' id='word_1_333' title='bbox 2090 2939 2323 2994; x_wconf 89' lang='lat' dir='ltr'><strong>medium</strong></span> 
     </span>
    </p>
   </div>
   <div class='ocr_carea' id='block_1_45' title="bbox 747 3020 2323 3094">
    <p class='ocr_par' dir='ltr' id='par_1_45' title="bbox 747 3020 2323 3094">
     <span class='ocr_line' id='line_1_45' title="bbox 747 3020 2323 3094; baseline 0.006 -20"><span class='ocrx_word' id='word_1_334' title='bbox 747 3020 940 3083; x_wconf 78' lang='lat' dir='ltr'><strong>aﬁero,</strong></span> <span class='ocrx_word' id='word_1_335' title='bbox 975 3031 1032 3075; x_wconf 93' lang='lat' dir='ltr'><strong>ut</strong></span> <span class='ocrx_word' id='word_1_336' title='bbox 1059 3031 1113 3075; x_wconf 94' lang='lat' dir='ltr'><strong>et</strong></span> <span class='ocrx_word' id='word_1_337' title='bbox 1144 3037 1238 3076; x_wconf 86' lang='lat' dir='ltr'><strong>vos</strong></span> <span class='ocrx_word' id='word_1_338' title='bbox 1278 3025 1539 3088; x_wconf 89' lang='lat' dir='ltr'><strong>credatis,</strong></span> <span class='ocrx_word' id='word_1_339' title='bbox 1592 3033 1847 3094; x_wconf 88' lang='lat' dir='ltr'><strong>tanquam</strong></span> <span class='ocrx_word' id='word_1_340' title='bbox 1894 3028 2118 3083; x_wconf 84' lang='lat' dir='ltr'><strong>omnino</strong></span> <span class='ocrx_word' id='word_1_341' title='bbox 2152 3028 2323 3094; x_wconf 86' lang='lat' dir='ltr'><strong>veris,</strong></span> 
     </span>
    </p>
   </div>
   <div class='ocr_carea' id='block_1_46' title="bbox 751 3112 2327 3188">
    <p class='ocr_par' dir='ltr' id='par_1_46' title="bbox 751 3112 2327 3188">
     <span class='ocr_line' id='line_1_46' title="bbox 751 3112 2327 3188; baseline 0.006 -23"><span class='ocrx_word' id='word_1_342' title='bbox 751 3122 803 3165; x_wconf 92' lang='lat' dir='ltr'><strong>et</strong></span> <span class='ocrx_word' id='word_1_343' title='bbox 834 3126 937 3164; x_wconf 93' lang='lat' dir='ltr'><strong>non</strong></span> <span class='ocrx_word' id='word_1_344' title='bbox 967 3112 1032 3165; x_wconf 88' lang='lat' dir='ltr'><strong>ad</strong></span> <span class='ocrx_word' id='word_1_345' title='bbox 1058 3112 1286 3179; x_wconf 82' lang='lat' dir='ltr'><strong>gratiam</strong></span> <span class='ocrx_word' id='word_1_346' title='bbox 1320 3113 1478 3168; x_wconf 89' lang='lat' dir='ltr'><strong>ﬁctis.</strong></span> <span class='ocrx_word' id='word_1_347' title='bbox 1512 3112 1645 3169; x_wconf 84' lang='lat' dir='ltr'><strong>Nam</strong></span> <span class='ocrx_word' id='word_1_348' title='bbox 1671 3116 1763 3186; x_wconf 91' lang='lat' dir='ltr'><strong>qui</strong></span> <span class='ocrx_word' id='word_1_349' title='bbox 1806 3117 1870 3171; x_wconf 87' lang='lat' dir='ltr'><strong>ad</strong></span> <span class='ocrx_word' id='word_1_350' title='bbox 1900 3118 2128 3185; x_wconf 80' lang='lat' dir='ltr'><strong>gratiam</strong></span> <span class='ocrx_word' id='word_1_351' title='bbox 2155 3118 2327 3188; x_wconf 87' lang='lat' dir='ltr'><strong>loqui-</strong></span> 
     </span>
    </p>
   </div>
   <div class='ocr_carea' id='block_1_47' title="bbox 751 3203 2328 3275">
    <p class='ocr_par' dir='ltr' id='par_1_47' title="bbox 751 3203 2328 3275">
     <span class='ocr_line' id='line_1_47' title="bbox 751 3203 2328 3275; baseline 0.008 -21"><span class='ocrx_word' id='word_1_352' title='bbox 751 3211 860 3266; x_wconf 88' lang='lat' dir='ltr'><strong>tur,</strong></span> <span class='ocrx_word' id='word_1_353' title='bbox 918 3203 1152 3272; x_wconf 89' lang='lat' dir='ltr'><strong>gloriosa</strong></span> <span class='ocrx_word' id='word_1_354' title='bbox 1206 3205 1378 3273; x_wconf 89' lang='lat' dir='ltr'><strong>magis</strong></span> <span class='ocrx_word' id='word_1_355' title='bbox 1425 3208 1594 3275; x_wconf 90' lang='lat' dir='ltr'><strong>ponit.</strong></span> <span class='ocrx_word' id='word_1_356' title='bbox 1644 3205 1779 3273; x_wconf 87' lang='lat' dir='ltr'><strong>Quia</strong></span> <span class='ocrx_word' id='word_1_357' title='bbox 1834 3218 2010 3264; x_wconf 90' lang='lat' dir='ltr'><strong>autem</strong></span> <span class='ocrx_word' id='word_1_358' title='bbox 2056 3220 2108 3265; x_wconf 95' lang='lat' dir='ltr'><strong>et</strong></span> <span class='ocrx_word' id='word_1_359' title='bbox 2154 3210 2328 3267; x_wconf 81' lang='lat' dir='ltr'><strong>Moses</strong></span> 
     </span>
    </p>
   </div>
   <div class='ocr_carea' id='block_1_48' title="bbox 754 3295 2321 3363">
    <p class='ocr_par' dir='ltr' id='par_1_48' title="bbox 754 3295 2321 3363">
     <span class='ocr_line' id='line_1_48' title="bbox 754 3295 2321 3363; baseline 0.009 -20"><span class='ocrx_word' id='word_1_360' title='bbox 754 3295 969 3363; x_wconf 83' lang='lat' dir='ltr'><strong>dignior</strong></span> <span class='ocrx_word' id='word_1_361' title='bbox 1001 3295 1104 3349; x_wconf 89' lang='lat' dir='ltr'><strong>ﬁde</strong></span> <span class='ocrx_word' id='word_1_362' title='bbox 1137 3310 1195 3350; x_wconf 90' lang='lat' dir='ltr'><strong>se</strong></span> <span class='ocrx_word' id='word_1_363' title='bbox 1227 3297 1532 3362; x_wconf 89' lang='lat' dir='ltr'><strong>videbatur,</strong></span> <span class='ocrx_word' id='word_1_364' title='bbox 1585 3300 1803 3355; x_wconf 88' lang='lat' dir='ltr'><strong>adducit</strong></span> <span class='ocrx_word' id='word_1_365' title='bbox 1850 3310 1904 3354; x_wconf 88' lang='lat' dir='ltr'><strong>et</strong></span> <span class='ocrx_word' id='word_1_366' title='bbox 1934 3301 2076 3356; x_wconf 89' lang='lat' dir='ltr'><strong>hunc</strong></span> <span class='ocrx_word' id='word_1_367' title='bbox 2108 3310 2321 3357; x_wconf 84' lang='lat' dir='ltr'><strong>testem.</strong></span> 
     </span>
    </p>
   </div>
   <div class='ocr_carea' id='block_1_49' title="bbox 752 3386 2322 3461">
    <p class='ocr_par' dir='ltr' id='par_1_49' title="bbox 752 3386 2322 3461">
     <span class='ocr_line' id='line_1_49' title="bbox 752 3386 2322 3461; baseline 0.008 -24"><span class='ocrx_word' id='word_1_368' title='bbox 752 3386 903 3450; x_wconf 90' lang='lat' dir='ltr'><strong>Quod</strong></span> <span class='ocrx_word' id='word_1_369' title='bbox 934 3390 1077 3442; x_wconf 92' lang='lat' dir='ltr'><strong>enim</strong></span> <span class='ocrx_word' id='word_1_370' title='bbox 1122 3389 1209 3443; x_wconf 91' lang='lat' dir='ltr'><strong>ille</strong></span> <span class='ocrx_word' id='word_1_371' title='bbox 1240 3389 1378 3443; x_wconf 78' lang='lat' dir='ltr'><strong>dixit</strong></span> <span class='ocrx_word' id='word_1_372' title='bbox 1416 3389 1483 3445; x_wconf 91' lang='lat' dir='ltr'><strong>de</strong></span> <span class='ocrx_word' id='word_1_373' title='bbox 1524 3406 1663 3460; x_wconf 89' lang='lat' dir='ltr'><strong>agno</strong></span> <span class='ocrx_word' id='word_1_374' title='bbox 1700 3392 1791 3461; x_wconf 90' lang='lat' dir='ltr'><strong>qui</strong></span> <span class='ocrx_word' id='word_1_375' title='bbox 1844 3392 2225 3449; x_wconf 87' lang='lat' dir='ltr'><strong>immolabatur</strong></span> <span class='ocrx_word' id='word_1_376' title='bbox 2271 3396 2322 3450; x_wconf 93' lang='lat' dir='ltr'><strong>in</strong></span> 
     </span>
    </p>
   </div>
   <div class='ocr_carea' id='block_1_50' title="bbox 755 3477 2325 3555">
    <p class='ocr_par' dir='ltr' id='par_1_50' title="bbox 755 3477 2325 3555">
     <span class='ocr_line' id='line_1_50' title="bbox 755 3477 2325 3555; baseline 0.007 -24"><span class='ocrx_word' id='word_1_377' title='bbox 755 3477 979 3538; x_wconf 80' lang='lat' dir='ltr'><strong>Pascha.</strong></span> <span class='ocrx_word' id='word_1_378' title='bbox 1015 3481 1154 3548; x_wconf 88' lang='lat' dir='ltr'><strong>quod</strong></span> <span class='ocrx_word' id='word_1_379' title='bbox 1188 3499 1205 3531; x_wconf 82' lang='grc' dir='ltr'><strong>ι</strong></span> <span class='ocrx_word' id='word_1_380' title='bbox 1242 3485 1312 3536; x_wconf 87' lang='lat' dir='ltr'><strong>Us</strong></span> <span class='ocrx_word' id='word_1_381' title='bbox 1336 3496 1441 3536; x_wconf 91' lang='lat' dir='ltr'><strong>non</strong></span> <span class='ocrx_word' id='word_1_382' title='bbox 1477 3482 1849 3554; x_wconf 79' lang='lat' dir='ltr'><strong>confringetur</strong></span> <span class='ocrx_word' id='word_1_383' title='bbox 1875 3486 1940 3552; x_wconf 85' lang='grc'>¹⁷,</span> <span class='ocrx_word' id='word_1_384' title='bbox 1980 3504 1998 3536; x_wconf 73' lang='grc' dir='ltr'><strong>ι</strong></span> <span class='ocrx_word' id='word_1_385' title='bbox 2025 3485 2126 3540; x_wconf 89' lang='lat' dir='ltr'><strong>hoc</strong></span> <span class='ocrx_word' id='word_1_386' title='bbox 2152 3486 2325 3555; x_wconf 88' lang='lat' dir='ltr'><strong>inquit</strong></span> 
     </span>
    </p>
   </div>
   <div class='ocr_carea' id='block_1_51' title="bbox 754 3572 2323 3647">
    <p class='ocr_par' dir='ltr' id='par_1_51' title="bbox 754 3572 2323 3647">
     <span class='ocr_line' id='line_1_51' title="bbox 754 3572 2323 3647; baseline 0.006 -25"><span class='ocrx_word' id='word_1_387' title='bbox 754 3572 1081 3641; x_wconf 78' lang='lat' dir='ltr'><strong>evangelista</strong></span> <span class='ocrx_word' id='word_1_388' title='bbox 1116 3572 1167 3626; x_wconf 94' lang='lat' dir='ltr'><strong>in</strong></span> <span class='ocrx_word' id='word_1_389' title='bbox 1202 3572 1420 3628; x_wconf 89' lang='lat' dir='ltr'><strong>Christo</strong></span> <span class='ocrx_word' id='word_1_390' title='bbox 1455 3574 1731 3641; x_wconf 89' lang='lat' dir='ltr'><strong>impletum</strong></span> <span class='ocrx_word' id='word_1_391' title='bbox 1781 3590 1899 3630; x_wconf 83' lang='lat' dir='ltr'><strong>esse</strong></span> <span class='ocrx_word' id='word_1_392' title='bbox 1930 3593 1942 3628; x_wconf 93' lang='lat'>:</span> <span class='ocrx_word' id='word_1_393' title='bbox 1974 3592 2144 3647; x_wconf 90' lang='lat' dir='ltr'><strong>agnus</strong></span> <span class='ocrx_word' id='word_1_394' title='bbox 2178 3579 2323 3632; x_wconf 90' lang='lat' dir='ltr'><strong>enim</strong></span> 
     </span>
    </p>
   </div>
   <div class='ocr_carea' id='block_1_52' title="bbox 756 3661 2325 3737">
    <p class='ocr_par' dir='ltr' id='par_1_52' title="bbox 756 3661 2325 3737">
     <span class='ocr_line' id='line_1_52' title="bbox 756 3661 2325 3737; baseline 0.007 -26"><span class='ocrx_word' id='word_1_395' title='bbox 756 3661 843 3713; x_wconf 89' lang='lat' dir='ltr'><strong>ille</strong></span> <span class='ocrx_word' id='word_1_396' title='bbox 875 3661 1032 3729; x_wconf 87' lang='lat' dir='ltr'><strong>hujus</strong></span> <span class='ocrx_word' id='word_1_397' title='bbox 1072 3674 1185 3715; x_wconf 89' lang='lat' dir='ltr'><strong>erat</strong></span> <span class='ocrx_word' id='word_1_398' title='bbox 1239 3662 1430 3729; x_wconf 73' lang='lat' dir='ltr'><strong>ﬁgura.</strong></span> <span class='ocrx_word' id='word_1_399' title='bbox 1463 3662 1527 3715; x_wconf 86' lang='lat' dir='ltr'><strong>Et</strong></span> <span class='ocrx_word' id='word_1_400' title='bbox 1560 3664 1725 3716; x_wconf 89' lang='lat' dir='ltr'><strong>multa</strong></span> <span class='ocrx_word' id='word_1_401' title='bbox 1759 3674 1840 3718; x_wconf 90' lang='lat' dir='ltr'><strong>est</strong></span> <span class='ocrx_word' id='word_1_402' title='bbox 1871 3667 2119 3732; x_wconf 75' lang='lat' dir='ltr'><strong>cognatio</strong></span> <span class='ocrx_word' id='word_1_403' title='bbox 2144 3667 2325 3737; x_wconf 66' lang='lat' dir='ltr'><strong>ﬁgurae</strong></span> 
     </span>
    </p>
   </div>
   <div class='ocr_carea' id='block_1_53' title="bbox 755 3752 2325 3828">
    <p class='ocr_par' dir='ltr' id='par_1_53' title="bbox 755 3752 2325 3828">
     <span class='ocr_line' id='line_1_53' title="bbox 755 3752 2325 3828; baseline 0.005 -23"><span class='ocrx_word' id='word_1_404' title='bbox 755 3752 821 3805; x_wconf 90' lang='lat' dir='ltr'><strong>ad</strong></span> <span class='ocrx_word' id='word_1_405' title='bbox 856 3754 1157 3806; x_wconf 79' lang='lat' dir='ltr'><strong>veritatem.</strong></span> <span class='ocrx_word' id='word_1_406' title='bbox 1193 3753 1445 3822; x_wconf 87' lang='lat' dir='ltr'><strong>lmplctur</strong></span> <span class='ocrx_word' id='word_1_407' title='bbox 1476 3765 1652 3809; x_wconf 91' lang='lat' dir='ltr'><strong>autem</strong></span> <span class='ocrx_word' id='word_1_408' title='bbox 1686 3768 1740 3809; x_wconf 91' lang='lat' dir='ltr'><strong>et</strong></span> <span class='ocrx_word' id='word_1_409' title='bbox 1772 3757 1871 3810; x_wconf 90' lang='lat' dir='ltr'><strong>alia</strong></span> <span class='ocrx_word' id='word_1_410' title='bbox 1900 3758 2174 3826; x_wconf 87' lang='lat' dir='ltr'><strong>prophetia</strong></span> <span class='ocrx_word' id='word_1_411' title='bbox 2207 3775 2325 3828; x_wconf 69' lang='lat' dir='ltr'><strong>quae</strong></span> 
     </span>
    </p>
   </div>
   <div class='ocr_carea' id='block_1_54' title="bbox 758 3843 2326 3918">
    <p class='ocr_par' dir='ltr' id='par_1_54' title="bbox 758 3843 2326 3918">
     <span class='ocr_line' id='line_1_54' title="bbox 758 3843 2326 3918; baseline 0.006 -21"><span class='ocrx_word' id='word_1_412' title='bbox 758 3845 905 3907; x_wconf 85' lang='lat' dir='ltr'><strong>dicit,</strong></span> <span class='ocrx_word' id='word_1_413' title='bbox 937 3864 955 3895; x_wconf 75' lang='grc' dir='ltr'><strong>ι</strong></span> <span class='ocrx_word' id='word_1_414' title='bbox 999 3843 1269 3899; x_wconf 86' lang='lat' dir='ltr'><strong>Videbunt</strong></span> <span class='ocrx_word' id='word_1_415' title='bbox 1315 3847 1366 3900; x_wconf 93' lang='lat' dir='ltr'><strong>in</strong></span> <span class='ocrx_word' id='word_1_416' title='bbox 1410 3863 1567 3913; x_wconf 87' lang='lat' dir='ltr'><strong>quem</strong></span> <span class='ocrx_word' id='word_1_417' title='bbox 1620 3858 1977 3918; x_wconf 83' lang='lat' dir='ltr'><strong>pupugerunt.</strong></span> <span class='ocrx_word' id='word_1_418' title='bbox 2029 3868 2047 3900; x_wconf 76' lang='grc' dir='ltr'><strong>ι</strong></span> <span class='ocrx_word' id='word_1_419' title='bbox 2100 3849 2326 3915; x_wconf 85' lang='lat' dir='ltr'><strong>Quando</strong></span> 
     </span>
    </p>
   </div>
   <div class='ocr_carea' id='block_1_55' title="bbox 754 3938 2323 4004">
    <p class='ocr_par' dir='ltr' id='par_1_55' title="bbox 754 3938 2323 4004">
     <span class='ocr_line' id='line_1_55' title="bbox 754 3938 2323 4004; baseline 0.003 -13"><span class='ocrx_word' id='word_1_420' title='bbox 754 3939 897 3991; x_wconf 86' lang='lat' dir='ltr'><strong>enim</strong></span> <span class='ocrx_word' id='word_1_421' title='bbox 948 3948 1207 3992; x_wconf 86' lang='lat' dir='ltr'><strong>venturus</strong></span> <span class='ocrx_word' id='word_1_422' title='bbox 1253 3949 1334 3991; x_wconf 80' lang='lat' dir='ltr'><strong>est</strong></span> <span class='ocrx_word' id='word_1_423' title='bbox 1364 3938 1627 4004; x_wconf 71' lang='lat' dir='ltr'><strong>judicare,</strong></span> <span class='ocrx_word' id='word_1_424' title='bbox 1662 3946 1793 3992; x_wconf 91' lang='lat' dir='ltr'><strong>tunc</strong></span> <span class='ocrx_word' id='word_1_425' title='bbox 1829 3940 2086 3995; x_wconf 88' lang='lat' dir='ltr'><strong>videbunt</strong></span> <span class='ocrx_word' id='word_1_426' title='bbox 2118 3955 2241 3994; x_wconf 91' lang='lat' dir='ltr'><strong>eum</strong></span> <span class='ocrx_word' id='word_1_427' title='bbox 2271 3942 2323 3996; x_wconf 91' lang='lat' dir='ltr'><strong>in</strong></span> 
     </span>
    </p>
   </div>
   <div class='ocr_carea' id='block_1_56' title="bbox 756 4030 2324 4104">
    <p class='ocr_par' dir='ltr' id='par_1_56' title="bbox 756 4030 2324 4104">
     <span class='ocr_line' id='line_1_56' title="bbox 756 4030 2324 4104; baseline 0.003 -21"><span class='ocrx_word' id='word_1_428' title='bbox 756 4044 981 4096; x_wconf 88' lang='lat' dir='ltr'><strong>corpore</strong></span> <span class='ocrx_word' id='word_1_429' title='bbox 1024 4030 1242 4085; x_wconf 90' lang='lat' dir='ltr'><strong>meliore</strong></span> <span class='ocrx_word' id='word_1_430' title='bbox 1273 4043 1325 4085; x_wconf 90' lang='lat' dir='ltr'><strong>et</strong></span> <span class='ocrx_word' id='word_1_431' title='bbox 1355 4030 1621 4084; x_wconf 89' lang='lat' dir='ltr'><strong>diviniore</strong></span> <span class='ocrx_word' id='word_1_432' title='bbox 1644 4072 1657 4093; x_wconf 94' lang='lat'><strong>,</strong></span> <span class='ocrx_word' id='word_1_433' title='bbox 1706 4042 1760 4086; x_wconf 91' lang='lat' dir='ltr'><strong>et</strong></span> <span class='ocrx_word' id='word_1_434' title='bbox 1794 4044 2121 4101; x_wconf 78' lang='lat' dir='ltr'><strong>cognoscent</strong></span> <span class='ocrx_word' id='word_1_435' title='bbox 2150 4035 2201 4088; x_wconf 90' lang='lat' dir='ltr'><strong>hi</strong></span> <span class='ocrx_word' id='word_1_436' title='bbox 2230 4035 2324 4104; x_wconf 90' lang='lat' dir='ltr'><strong>qui</strong></span> 
     </span>
    </p>
   </div>
   <div class='ocr_carea' id='block_1_57' title="bbox 758 4122 2323 4196">
    <p class='ocr_par' dir='ltr' id='par_1_57' title="bbox 758 4122 2323 4196">
     <span class='ocr_line' id='line_1_57' title="bbox 758 4122 2323 4196; baseline 0.007 -25"><span class='ocrx_word' id='word_1_437' title='bbox 758 4133 1092 4191; x_wconf 89' lang='lat' dir='ltr'><strong>pupugerunt</strong></span> <span class='ocrx_word' id='word_1_438' title='bbox 1126 4122 1202 4185; x_wconf 81' lang='grc'><strong>³⁸,</strong></span> <span class='ocrx_word' id='word_1_439' title='bbox 1230 4138 1291 4176; x_wconf 89' lang='lat' dir='ltr'><strong>ae</strong></span> <span class='ocrx_word' id='word_1_440' title='bbox 1336 4122 1610 4191; x_wconf 89' lang='lat' dir='ltr'><strong>lugebunt.</strong></span> <span class='ocrx_word' id='word_1_441' title='bbox 1662 4123 1886 4192; x_wconf 86' lang='lat' dir='ltr'><strong>Insuper</strong></span> <span class='ocrx_word' id='word_1_442' title='bbox 1910 4135 1963 4179; x_wconf 90' lang='lat' dir='ltr'><strong>et</strong></span> <span class='ocrx_word' id='word_1_443' title='bbox 1989 4127 2074 4180; x_wconf 89' lang='lat' dir='ltr'><strong>his</strong></span> <span class='ocrx_word' id='word_1_444' title='bbox 2097 4127 2186 4196; x_wconf 90' lang='lat' dir='ltr'><strong>qui</strong></span> <span class='ocrx_word' id='word_1_445' title='bbox 2216 4143 2323 4182; x_wconf 89' lang='lat' dir='ltr'><strong>non</strong></span> 
     </span>
    </p>
   </div>
   <div class='ocr_carea' id='block_1_58' title="bbox 757 4214 2324 4287">
    <p class='ocr_par' dir='ltr' id='par_1_58' title="bbox 757 4214 2324 4287">
     <span class='ocr_line' id='line_1_58' title="bbox 757 4214 2324 4287; baseline 0.005 -21"><span class='ocrx_word' id='word_1_446' title='bbox 757 4214 1011 4266; x_wconf 87' lang='lat' dir='ltr'><strong>credituri</strong></span> <span class='ocrx_word' id='word_1_447' title='bbox 1038 4224 1214 4275; x_wconf 89' lang='lat' dir='ltr'><strong>erant.</strong></span> <span class='ocrx_word' id='word_1_448' title='bbox 1249 4214 1368 4269; x_wconf 89' lang='lat' dir='ltr'><strong>ﬁdei</strong></span> <span class='ocrx_word' id='word_1_449' title='bbox 1408 4217 1570 4285; x_wconf 88' lang='lat' dir='ltr'><strong>janua</strong></span> <span class='ocrx_word' id='word_1_450' title='bbox 1602 4225 1657 4269; x_wconf 90' lang='lat' dir='ltr'><strong>et</strong></span> <span class='ocrx_word' id='word_1_451' title='bbox 1684 4216 1938 4272; x_wconf 88' lang='lat' dir='ltr'><strong>indicium</strong></span> <span class='ocrx_word' id='word_1_452' title='bbox 1969 4216 2074 4271; x_wconf 82' lang='lat' dir='ltr'><strong>fuit</strong></span> <span class='ocrx_word' id='word_1_453' title='bbox 2101 4219 2152 4272; x_wconf 92' lang='lat' dir='ltr'><strong>id</strong></span> <span class='ocrx_word' id='word_1_454' title='bbox 2181 4221 2324 4287; x_wconf 90' lang='lat' dir='ltr'><strong>quod</strong></span> 
     </span>
    </p>
   </div>
   <div class='ocr_carea' id='block_1_59' title="bbox 756 4306 2325 4379">
    <p class='ocr_par' dir='ltr' id='par_1_59' title="bbox 756 4306 2325 4379">
     <span class='ocr_line' id='line_1_59' title="bbox 756 4306 2325 4379; baseline 0.004 -22"><span class='ocrx_word' id='word_1_455' title='bbox 756 4306 824 4358; x_wconf 90' lang='lat' dir='ltr'><strong>ab</strong></span> <span class='ocrx_word' id='word_1_456' title='bbox 853 4306 1085 4359; x_wconf 90' lang='lat' dir='ltr'><strong>inimicis</strong></span> <span class='ocrx_word' id='word_1_457' title='bbox 1113 4317 1195 4359; x_wconf 89' lang='lat' dir='ltr'><strong>est</strong></span> <span class='ocrx_word' id='word_1_458' title='bbox 1222 4316 1569 4372; x_wconf 86' lang='lat' dir='ltr'><strong>attentatmn,</strong></span> <span class='ocrx_word' id='word_1_459' title='bbox 1596 4315 1655 4361; x_wconf 93' lang='lat' dir='ltr'><strong>ut</strong></span> <span class='ocrx_word' id='word_1_460' title='bbox 1685 4306 1926 4364; x_wconf 61' lang='lat' dir='ltr'><strong>Thomas.</strong></span> <span class='ocrx_word' id='word_1_461' title='bbox 1956 4309 2089 4363; x_wconf 84' lang='lat' dir='ltr'><strong>Nam</strong></span> <span class='ocrx_word' id='word_1_462' title='bbox 2118 4325 2213 4379; x_wconf 91' lang='lat' dir='ltr'><strong>per</strong></span> <span class='ocrx_word' id='word_1_463' title='bbox 2244 4312 2325 4365; x_wconf 83' lang='lat' dir='ltr'><strong>la-</strong></span> 
     </span>
    </p>
   </div>
   <div class='ocr_carea' id='block_1_60' title="bbox 760 4392 2322 4468">
    <p class='ocr_par' dir='ltr' id='par_1_60' title="bbox 760 4392 2322 4468">
     <span class='ocr_line' id='line_1_60' title="bbox 760 4392 2322 4468; baseline 0.007 -23"><span class='ocrx_word' id='word_1_464' title='bbox 760 4400 845 4446; x_wconf 88' lang='lat' dir='ltr'><strong>tus</strong></span> <span class='ocrx_word' id='word_1_465' title='bbox 897 4392 1054 4447; x_wconf 88' lang='lat' dir='ltr'><strong>ﬁdem</strong></span> <span class='ocrx_word' id='word_1_466' title='bbox 1099 4396 1514 4449; x_wconf 89' lang='lat' dir='ltr'><strong>resurrectionis</strong></span> <span class='ocrx_word' id='word_1_467' title='bbox 1551 4398 1779 4467; x_wconf 89' lang='lat' dir='ltr'><strong>accepit.</strong></span> <span class='ocrx_word' id='word_1_468' title='bbox 1811 4398 1885 4453; x_wconf 86' lang='lat' dir='ltr'><strong>Os</strong></span> <span class='ocrx_word' id='word_1_469' title='bbox 1932 4401 2152 4468; x_wconf 90' lang='lat' dir='ltr'><strong>quidem</strong></span> <span class='ocrx_word' id='word_1_470' title='bbox 2194 4399 2322 4456; x_wconf 87' lang='lat' dir='ltr'><strong>Jesu</strong></span> 
     </span>
    </p>
   </div>
   <div class='ocr_carea' id='block_1_61' title="bbox 759 4487 2323 4555">
    <p class='ocr_par' dir='ltr' id='par_1_61' title="bbox 759 4487 2323 4555">
     <span class='ocr_line' id='line_1_61' title="bbox 759 4487 2323 4555; baseline 0.004 -17"><span class='ocrx_word' id='word_1_471' title='bbox 759 4500 861 4538; x_wconf 93' lang='lat' dir='ltr'><strong>non</strong></span> <span class='ocrx_word' id='word_1_472' title='bbox 890 4487 1206 4550; x_wconf 89' lang='lat' dir='ltr'><strong>conteritur,</strong></span> <span class='ocrx_word' id='word_1_473' title='bbox 1243 4487 1379 4541; x_wconf 90' lang='lat' dir='ltr'><strong>latus</strong></span> <span class='ocrx_word' id='word_1_474' title='bbox 1412 4498 1589 4541; x_wconf 90' lang='lat' dir='ltr'><strong>autem</strong></span> <span class='ocrx_word' id='word_1_475' title='bbox 1625 4491 1741 4555; x_wconf 84' lang='lat' dir='ltr'><strong>ejus</strong></span> <span class='ocrx_word' id='word_1_476' title='bbox 1763 4492 1992 4545; x_wconf 90' lang='lat' dir='ltr'><strong>scaturit</strong></span> <span class='ocrx_word' id='word_1_477' title='bbox 2020 4494 2173 4546; x_wconf 79' lang='lat' dir='ltr'><strong>nobis</strong></span> <span class='ocrx_word' id='word_1_478' title='bbox 2200 4491 2323 4547; x_wconf 80' lang='lat' dir='ltr'><strong>fon-</strong></span> 
     </span>
    </p>
   </div>
   <div class='ocr_carea' id='block_1_62' title="bbox 759 4579 2321 4651">
    <p class='ocr_par' dir='ltr' id='par_1_62' title="bbox 759 4579 2321 4651">
     <span class='ocr_line' id='line_1_62' title="bbox 759 4579 2321 4651; baseline 0.005 -22"><span class='ocrx_word' id='word_1_479' title='bbox 759 4585 858 4638; x_wconf 74' lang='lat' dir='ltr'><strong>tes,</strong></span> <span class='ocrx_word' id='word_1_480' title='bbox 893 4579 1178 4632; x_wconf 90' lang='lat' dir='ltr'><strong>essentiam</strong></span> <span class='ocrx_word' id='word_1_481' title='bbox 1210 4589 1263 4632; x_wconf 90' lang='lat' dir='ltr'><strong>et</strong></span> <span class='ocrx_word' id='word_1_482' title='bbox 1290 4581 1453 4632; x_wconf 90' lang='lat' dir='ltr'><strong>vitam</strong></span> <span class='ocrx_word' id='word_1_483' title='bbox 1492 4579 1644 4634; x_wconf 87' lang='lat' dir='ltr'><strong>nobis</strong></span> <span class='ocrx_word' id='word_1_484' title='bbox 1673 4580 1880 4635; x_wconf 88' lang='lat' dir='ltr'><strong>dantes.</strong></span> <span class='ocrx_word' id='word_1_485' title='bbox 1918 4582 2070 4650; x_wconf 85' lang='lat' dir='ltr'><strong>Aqua</strong></span> <span class='ocrx_word' id='word_1_486' title='bbox 2101 4582 2321 4651; x_wconf 88' lang='lat' dir='ltr'><strong>quidem</strong></span> 
     </span>
    </p>
   </div>
   <div class='ocr_carea' id='block_1_63' title="bbox 758 4669 2402 4763">
    <p class='ocr_par' dir='ltr' id='par_1_63' title="bbox 758 4669 2402 4763">
     <span class='ocr_line' id='line_1_63' title="bbox 758 4669 2402 4763; baseline 0.008 -45"><span class='ocrx_word' id='word_1_487' title='bbox 758 4669 1044 4722; x_wconf 77' lang='lat' dir='ltr'><strong>essentiam</strong></span> <span class='ocrx_word' id='word_1_488' title='bbox 1088 4671 1265 4731; x_wconf 89' lang='lat' dir='ltr'><strong>dedit,</strong></span> <span class='ocrx_word' id='word_1_489' title='bbox 1298 4670 1424 4738; x_wconf 88' lang='lat' dir='ltr'><strong>quia</strong></span> <span class='ocrx_word' id='word_1_490' title='bbox 1458 4684 1553 4737; x_wconf 91' lang='lat' dir='ltr'><strong>per</strong></span> <span class='ocrx_word' id='word_1_491' title='bbox 1587 4685 1707 4724; x_wconf 90' lang='lat' dir='ltr'><strong>eam</strong></span> <span class='ocrx_word' id='word_1_492' title='bbox 1739 4674 2083 4740; x_wconf 85' lang='lat' dir='ltr'><strong>pervenimus</strong></span> <span class='ocrx_word' id='word_1_493' title='bbox 2114 4675 2181 4729; x_wconf 88' lang='lat' dir='ltr'><strong>ad</strong></span> <span class='ocrx_word' id='word_1_494' title='bbox 2220 4676 2322 4730; x_wconf 90' lang='lat' dir='ltr'><strong>hoc</strong></span> <span class='ocrx_word' id='word_1_495' title='bbox 2348 4702 2402 4763; x_wconf 81' lang='lat' dir='ltr'><strong>D</strong></span> 
     </span>
    </p>
   </div>
   <div class='ocr_carea' id='block_1_64' title="bbox 760 4757 2325 4836">
    <p class='ocr_par' dir='ltr' id='par_1_64' title="bbox 760 4757 2325 4836">
     <span class='ocr_line' id='line_1_64' title="bbox 760 4757 2325 4836; baseline 0.008 -26"><span class='ocrx_word' id='word_1_496' title='bbox 760 4767 818 4811; x_wconf 92' lang='lat' dir='ltr'><strong>ut</strong></span> <span class='ocrx_word' id='word_1_497' title='bbox 866 4757 1157 4813; x_wconf 86' lang='lat' dir='ltr'><strong>Christiani</strong></span> <span class='ocrx_word' id='word_1_498' title='bbox 1219 4761 1677 4829; x_wconf 81' lang='lat' dir='ltr'><strong>simuszsanguis</strong></span> <span class='ocrx_word' id='word_1_499' title='bbox 1743 4772 1933 4817; x_wconf 52' lang='lat' dir='ltr'><strong>autemi</strong></span> <span class='ocrx_word' id='word_1_500' title='bbox 1979 4765 2182 4832; x_wconf 89' lang='lat' dir='ltr'><strong>vitam;</strong></span> <span class='ocrx_word' id='word_1_501' title='bbox 2230 4782 2325 4836; x_wconf 87' lang='lat' dir='ltr'><strong>per</strong></span> 
     </span>
    </p>
   </div>
   <div class='ocr_carea' id='block_1_65' title="bbox 759 4848 2325 4920">
    <p class='ocr_par' dir='ltr' id='par_1_65' title="bbox 759 4848 2325 4920">
     <span class='ocr_line' id='line_1_65' title="bbox 759 4848 2325 4920; baseline 0.004 -20"><span class='ocrx_word' id='word_1_502' title='bbox 759 4848 934 4915; x_wconf 83' lang='lat' dir='ltr'><strong>ipsum</strong></span> <span class='ocrx_word' id='word_1_503' title='bbox 982 4848 1123 4901; x_wconf 90' lang='lat' dir='ltr'><strong>enim</strong></span> <span class='ocrx_word' id='word_1_504' title='bbox 1163 4848 1453 4916; x_wconf 80' lang='lat' dir='ltr'><strong>pascimur.</strong></span> <span class='ocrx_word' id='word_1_505' title='bbox 1506 4849 1637 4904; x_wconf 86' lang='lat' dir='ltr'><strong>Nam</strong></span> <span class='ocrx_word' id='word_1_506' title='bbox 1694 4849 1878 4917; x_wconf 81' lang='lat' dir='ltr'><strong>Agnus</strong></span> <span class='ocrx_word' id='word_1_507' title='bbox 1928 4853 2145 4920; x_wconf 89' lang='lat' dir='ltr'><strong>quidem</strong></span> <span class='ocrx_word' id='word_1_508' title='bbox 2188 4853 2325 4909; x_wconf 81' lang='lat' dir='ltr'><strong>Ver-</strong></span> 
     </span>
    </p>
   </div>
   <div class='ocr_carea' id='block_1_66' title="bbox 760 4936 2324 5009">
    <p class='ocr_par' dir='ltr' id='par_1_66' title="bbox 760 4936 2324 5009">
     <span class='ocr_line' id='line_1_66' title="bbox 760 4936 2324 5009; baseline 0.004 -18"><span class='ocrx_word' id='word_1_509' title='bbox 760 4938 886 4991; x_wconf 85' lang='lat' dir='ltr'><strong>bum</strong></span> <span class='ocrx_word' id='word_1_510' title='bbox 920 4947 1002 4992; x_wconf 88' lang='lat' dir='ltr'><strong>cst</strong></span> <span class='ocrx_word' id='word_1_511' title='bbox 1055 4936 1170 4999; x_wconf 83' lang='lat' dir='ltr'><strong>Dei,</strong></span> <span class='ocrx_word' id='word_1_512' title='bbox 1222 4938 1311 5006; x_wconf 91' lang='lat' dir='ltr'><strong>qui</strong></span> <span class='ocrx_word' id='word_1_513' title='bbox 1342 4952 1370 4989; x_wconf 86' lang='lat' dir='ltr'><strong>a</strong></span> <span class='ocrx_word' id='word_1_514' title='bbox 1404 4938 1582 5009; x_wconf 83' lang='lat' dir='ltr'><strong>capite</strong></span> <span class='ocrx_word' id='word_1_515' title='bbox 1628 4953 1797 5007; x_wconf 90' lang='lat' dir='ltr'><strong>usque</strong></span> <span class='ocrx_word' id='word_1_516' title='bbox 1835 4940 1901 4993; x_wconf 87' lang='lat' dir='ltr'><strong>ad</strong></span> <span class='ocrx_word' id='word_1_517' title='bbox 1943 4940 2107 5009; x_wconf 85' lang='lat' dir='ltr'><strong>pedes</strong></span> <span class='ocrx_word' id='word_1_518' title='bbox 2143 4955 2324 4997; x_wconf 80' lang='lat' dir='ltr'><strong>corne-</strong></span> 
     </span>
    </p>
   </div>
   <div class='ocr_carea' id='block_1_67' title="bbox 764 5027 2321 5099">
    <p class='ocr_par' dir='ltr' id='par_1_67' title="bbox 764 5027 2321 5099">
     <span class='ocr_line' id='line_1_67' title="bbox 764 5027 2321 5099; baseline 0.004 -19"><span class='ocrx_word' id='word_1_519' title='bbox 764 5027 970 5089; x_wconf 83' lang='lat' dir='ltr'><strong>dendus</strong></span> <span class='ocrx_word' id='word_1_520' title='bbox 1023 5039 1125 5082; x_wconf 90' lang='lat' dir='ltr'><strong>est.</strong></span> <span class='ocrx_word' id='word_1_521' title='bbox 1173 5029 1345 5096; x_wconf 82' lang='lat' dir='ltr'><strong>Caput</strong></span> <span class='ocrx_word' id='word_1_522' title='bbox 1396 5029 1608 5099; x_wconf 88' lang='lat' dir='ltr'><strong>quidem</strong></span> <span class='ocrx_word' id='word_1_523' title='bbox 1659 5028 1964 5099; x_wconf 86' lang='lat' dir='ltr'><strong>symbolum</strong></span> <span class='ocrx_word' id='word_1_524' title='bbox 1996 5041 2077 5085; x_wconf 87' lang='lat' dir='ltr'><strong>est</strong></span> <span class='ocrx_word' id='word_1_525' title='bbox 2107 5032 2321 5087; x_wconf 89' lang='lat' dir='ltr'><strong>deitatis</strong></span> 
     </span>
    </p>
   </div>
   <div class='ocr_carea' id='block_1_68' title="bbox 763 5120 2327 5193">
    <p class='ocr_par' dir='ltr' id='par_1_68' title="bbox 763 5120 2327 5193">
     <span class='ocr_line' id='line_1_68' title="bbox 763 5120 2327 5193; baseline 0.005 -24"><span class='ocrx_word' id='word_1_526' title='bbox 763 5121 897 5188; x_wconf 87' lang='lat' dir='ltr'><strong>(ipsa</strong></span> <span class='ocrx_word' id='word_1_527' title='bbox 931 5120 1071 5173; x_wconf 91' lang='lat' dir='ltr'><strong>enim</strong></span> <span class='ocrx_word' id='word_1_528' title='bbox 1101 5130 1184 5174; x_wconf 91' lang='lat' dir='ltr'><strong>est</strong></span> <span class='ocrx_word' id='word_1_529' title='bbox 1206 5121 1404 5190; x_wconf 87' lang='lat' dir='ltr'><strong>caput);</strong></span> <span class='ocrx_word' id='word_1_530' title='bbox 1433 5122 1595 5190; x_wconf 90' lang='lat' dir='ltr'><strong>pedes</strong></span> <span class='ocrx_word' id='word_1_531' title='bbox 1616 5133 1792 5177; x_wconf 89' lang='lat' dir='ltr'><strong>autem</strong></span> <span class='ocrx_word' id='word_1_532' title='bbox 1818 5124 2018 5187; x_wconf 88' lang='lat' dir='ltr'><strong>carnis,</strong></span> <span class='ocrx_word' id='word_1_533' title='bbox 2048 5124 2161 5193; x_wconf 81' lang='lat' dir='ltr'><strong>ipsa</strong></span> <span class='ocrx_word' id='word_1_534' title='bbox 2184 5125 2327 5179; x_wconf 90' lang='lat' dir='ltr'><strong>enim</strong></span> 
     </span>
    </p>
   </div>
   <div class='ocr_carea' id='block_1_69' title="bbox 764 5212 2325 5284">
    <p class='ocr_par' dir='ltr' id='par_1_69' title="bbox 764 5212 2325 5284">
     <span class='ocr_line' id='line_1_69' title="bbox 764 5212 2325 5284; baseline 0.004 -22"><span class='ocrx_word' id='word_1_535' title='bbox 764 5218 1005 5262; x_wconf 74' lang='lat' dir='ltr'><strong>extrema</strong></span> <span class='ocrx_word' id='word_1_536' title='bbox 1049 5220 1153 5267; x_wconf 82' lang='lat' dir='ltr'><strong>est.</strong></span> <span class='ocrx_word' id='word_1_537' title='bbox 1193 5212 1419 5281; x_wconf 86' lang='lat' dir='ltr'><strong>Insuper</strong></span> <span class='ocrx_word' id='word_1_538' title='bbox 1453 5224 1508 5266; x_wconf 92' lang='lat' dir='ltr'><strong>et</strong></span> <span class='ocrx_word' id='word_1_539' title='bbox 1537 5215 1787 5268; x_wconf 89' lang='lat' dir='ltr'><strong>intestina</strong></span> <span class='ocrx_word' id='word_1_540' title='bbox 1820 5214 1959 5282; x_wconf 87' lang='lat' dir='ltr'><strong>ejus,</strong></span> <span class='ocrx_word' id='word_1_541' title='bbox 1984 5215 2243 5284; x_wconf 85' lang='lat' dir='ltr'><strong>mysteria</strong></span> <span class='ocrx_word' id='word_1_542' title='bbox 2272 5223 2325 5269; x_wconf 90' lang='lat' dir='ltr'><strong>et</strong></span> 
     </span>
    </p>
   </div>
   <div class='ocr_carea' id='block_1_70' title="bbox 765 5302 2327 5370">
    <p class='ocr_par' dir='ltr' id='par_1_70' title="bbox 765 5302 2327 5370">
     <span class='ocr_line' id='line_1_70' title="bbox 765 5302 2327 5370; baseline 0.001 -13"><span class='ocrx_word' id='word_1_543' title='bbox 765 5302 972 5357; x_wconf 47' lang='lat' dir='ltr'><strong>occulta</strong></span> <span class='ocrx_word' id='word_1_544' title='bbox 1026 5314 1335 5360; x_wconf 84' lang='lat' dir='ltr'><strong>reverenter</strong></span> <span class='ocrx_word' id='word_1_545' title='bbox 1391 5306 1443 5359; x_wconf 93' lang='lat' dir='ltr'><strong>in</strong></span> <span class='ocrx_word' id='word_1_546' title='bbox 1496 5305 1673 5359; x_wconf 89' lang='lat' dir='ltr'><strong>cibum</strong></span> <span class='ocrx_word' id='word_1_547' title='bbox 1724 5307 2005 5370; x_wconf 88' lang='lat' dir='ltr'><strong>habentes,</strong></span> <span class='ocrx_word' id='word_1_548' title='bbox 2052 5321 2171 5360; x_wconf 85' lang='lat' dir='ltr'><strong>ossa</strong></span> <span class='ocrx_word' id='word_1_549' title='bbox 2223 5321 2327 5359; x_wconf 91' lang='lat' dir='ltr'><strong>non</strong></span> 
     </span>
    </p>
   </div>
   <div class='ocr_carea' id='block_1_71' title="bbox 767 5397 2331 5469">
    <p class='ocr_par' dir='ltr' id='par_1_71' title="bbox 767 5397 2331 5469">
     <span class='ocr_line' id='line_1_71' title="bbox 767 5397 2331 5469; baseline 0 -17"><span class='ocrx_word' id='word_1_550' title='bbox 767 5397 1178 5466; x_wconf 83' lang='lat' dir='ltr'><strong>confringimus,</strong></span> <span class='ocrx_word' id='word_1_551' title='bbox 1211 5400 1308 5453; x_wconf 88' lang='lat' dir='ltr'><strong>hoc</strong></span> <span class='ocrx_word' id='word_1_552' title='bbox 1337 5408 1421 5453; x_wconf 89' lang='lat' dir='ltr'><strong>est</strong></span> <span class='ocrx_word' id='word_1_553' title='bbox 1455 5398 1781 5453; x_wconf 87' lang='lat' dir='ltr'><strong>diﬁiciliores</strong></span> <span class='ocrx_word' id='word_1_554' title='bbox 1811 5411 1866 5453; x_wconf 91' lang='lat' dir='ltr'><strong>ct</strong></span> <span class='ocrx_word' id='word_1_555' title='bbox 1892 5400 2167 5469; x_wconf 79' lang='lat' dir='ltr'><strong>graviores</strong></span> <span class='ocrx_word' id='word_1_556' title='bbox 2205 5414 2331 5453; x_wconf 87' lang='lat' dir='ltr'><strong>sen-</strong></span> 
     </span>
    </p>
   </div>
   <div class='ocr_carea' id='block_1_72' title="bbox 773 5488 2330 5560">
    <p class='ocr_par' dir='ltr' id='par_1_72' title="bbox 773 5488 2330 5560">
     <span class='ocr_line' id='line_1_72' title="bbox 773 5488 2330 5560; baseline 0.001 -19"><span class='ocrx_word' id='word_1_557' title='bbox 773 5503 885 5542; x_wconf 88' lang='lat' dir='ltr'><strong>sus.</strong></span> <span class='ocrx_word' id='word_1_558' title='bbox 919 5488 1048 5554; x_wconf 69' lang='lat' dir='ltr'><strong>Quaa</strong></span> <span class='ocrx_word' id='word_1_559' title='bbox 1091 5490 1231 5543; x_wconf 87' lang='lat' dir='ltr'><strong>enim</strong></span> <span class='ocrx_word' id='word_1_560' title='bbox 1285 5506 1390 5544; x_wconf 93' lang='lat' dir='ltr'><strong>non</strong></span> <span class='ocrx_word' id='word_1_561' title='bbox 1443 5504 1730 5560; x_wconf 89' lang='lat' dir='ltr'><strong>possumus</strong></span> <span class='ocrx_word' id='word_1_562' title='bbox 1783 5490 2101 5559; x_wconf 81' lang='lat' dir='ltr'><strong>intelligere,</strong></span> <span class='ocrx_word' id='word_1_563' title='bbox 2135 5503 2197 5543; x_wconf 87' lang='lat' dir='ltr'><strong>ea</strong></span> <span class='ocrx_word' id='word_1_564' title='bbox 2227 5503 2330 5542; x_wconf 92' lang='lat' dir='ltr'><strong>non</strong></span> 
     </span>
    </p>
   </div>
   <div class='ocr_carea' id='block_1_73' title="bbox 771 5582 2337 5649">
    <p class='ocr_par' dir='ltr' id='par_1_73' title="bbox 771 5582 2337 5649">
     <span class='ocr_line' id='line_1_73' title="bbox 771 5582 2337 5649; baseline 0.003 -18"><span class='ocrx_word' id='word_1_565' title='bbox 771 5589 1114 5635; x_wconf 80' lang='lat' dir='ltr'><strong>conteremus</strong></span> <span class='ocrx_word' id='word_1_566' title='bbox 1143 5599 1155 5633; x_wconf 92' lang='lat'>:</span> <span class='ocrx_word' id='word_1_567' title='bbox 1191 5583 1290 5636; x_wconf 91' lang='lat' dir='ltr'><strong>hoc</strong></span> <span class='ocrx_word' id='word_1_568' title='bbox 1321 5594 1424 5645; x_wconf 89' lang='lat' dir='ltr'><strong>est,</strong></span> <span class='ocrx_word' id='word_1_569' title='bbox 1462 5598 1565 5636; x_wconf 92' lang='lat' dir='ltr'><strong>non</strong></span> <span class='ocrx_word' id='word_1_570' title='bbox 1591 5583 1835 5637; x_wconf 84' lang='lat' dir='ltr'><strong>dabimus</strong></span> <span class='ocrx_word' id='word_1_571' title='bbox 1865 5596 2082 5649; x_wconf 88' lang='lat' dir='ltr'><strong>operam</strong></span> <span class='ocrx_word' id='word_1_572' title='bbox 2113 5591 2170 5634; x_wconf 93' lang='lat' dir='ltr'><strong>ut</strong></span> <span class='ocrx_word' id='word_1_573' title='bbox 2191 5582 2337 5635; x_wconf 88' lang='lat' dir='ltr'><strong>male</strong></span> 
     </span>
    </p>
   </div>
   <div class='ocr_carea' id='block_1_74' title="bbox 2510 2004 4016 2076">
    <p class='ocr_par' dir='ltr' id='par_1_74' title="bbox 2510 2004 4016 2076">
     <span class='ocr_line' id='line_1_74' title="bbox 2510 2004 4016 2076; baseline -0.001 -18"><span class='ocrx_word' id='word_1_574' title='bbox 2510 2025 2528 2058; x_wconf 76' lang='grc' dir='ltr'><strong>ι</strong></span> <span class='ocrx_word' id='word_1_575' title='bbox 2557 2004 2664 2059; x_wconf 86' lang='lat' dir='ltr'><strong>Kal</strong></span> <span class='ocrx_word' id='word_1_576' title='bbox 2693 2008 2720 2058; x_wconf 89' lang='grc' dir='ltr'><strong>ό</strong></span> <span class='ocrx_word' id='word_1_577' title='bbox 2751 2005 3012 2075; x_wconf 76' lang='grc' dir='ltr'>ἑωρακὼς</span> <span class='ocrx_word' id='word_1_578' title='bbox 3048 2005 3469 2076; x_wconf 79' lang='grc' dir='ltr'><strong>μεμαρτύρηκε,</strong></span> <span class='ocrx_word' id='word_1_579' title='bbox 3496 2004 3589 2058; x_wconf 74' lang='grc' dir='ltr'><strong>καὶ</strong></span> <span class='ocrx_word' id='word_1_580' title='bbox 3620 2005 3846 2075; x_wconf 79' lang='grc' dir='ltr'>ἀληθινή</span> <span class='ocrx_word' id='word_1_581' title='bbox 3873 2008 4016 2059; x_wconf 75' lang='grc' dir='ltr'>ἐστιν</span> 
     </span>
    </p>
   </div>
   <div class='ocr_carea' id='block_1_75' title="bbox 2427 2094 4010 2167">
    <p class='ocr_par' dir='ltr' id='par_1_75' title="bbox 2427 2094 4010 2167">
     <span class='ocr_line' id='line_1_75' title="bbox 2427 2094 4010 2167; baseline 0.001 -18"><span class='ocrx_word' id='word_1_582' title='bbox 2427 2096 2461 2163; x_wconf 83' lang='grc' dir='ltr'>ἡ</span> <span class='ocrx_word' id='word_1_583' title='bbox 2502 2096 2778 2166; x_wconf 79' lang='grc' dir='ltr'>μαρτυρία</span> <span class='ocrx_word' id='word_1_584' title='bbox 2812 2094 2975 2150; x_wconf 86' lang='grc' dir='ltr'>αὑτοῦ</span> <span class='ocrx_word' id='word_1_585' title='bbox 2999 2112 3015 2126; x_wconf 75' lang='grc' dir='ltr'><strong>ο</strong></span> <span class='ocrx_word' id='word_1_586' title='bbox 3046 2098 3300 2159; x_wconf 83' lang='grc' dir='ltr'>κάκεῖνος</span> <span class='ocrx_word' id='word_1_587' title='bbox 3347 2094 3488 2151; x_wconf 83' lang='grc' dir='ltr'>οἶδεν</span> <span class='ocrx_word' id='word_1_588' title='bbox 3518 2098 3597 2150; x_wconf 67' lang='grc' dir='ltr'>ὅτι</span> <span class='ocrx_word' id='word_1_589' title='bbox 3629 2097 3803 2167; x_wconf 82' lang='grc' dir='ltr'>ἀληθῆ</span> <span class='ocrx_word' id='word_1_590' title='bbox 3845 2098 4010 2165; x_wconf 83' lang='grc' dir='ltr'>λέγει,</span> 
     </span>
    </p>
   </div>
   <div class='ocr_carea' id='block_1_76' title="bbox 2427 2185 4016 2257">
    <p class='ocr_par' dir='ltr' id='par_1_76' title="bbox 2427 2185 4016 2257">
     <span class='ocr_line' id='line_1_76' title="bbox 2427 2185 4016 2257; baseline 0.004 -21"><span class='ocrx_word' id='word_1_591' title='bbox 2427 2185 2512 2237; x_wconf 80' lang='grc' dir='ltr'>ἵνα</span> <span class='ocrx_word' id='word_1_592' title='bbox 2544 2186 2639 2238; x_wconf 81' lang='grc' dir='ltr'><strong>καὶ</strong></span> <span class='ocrx_word' id='word_1_593' title='bbox 2683 2186 2843 2256; x_wconf 86' lang='grc' dir='ltr'>ὑμεῖς</span> <span class='ocrx_word' id='word_1_594' title='bbox 2894 2187 3244 2257; x_wconf 84' lang='grc' dir='ltr'>πιστεύσητε.</span> <span class='ocrx_word' id='word_1_595' title='bbox 3298 2189 3549 2255; x_wconf 85' lang='grc' dir='ltr'>Ἐγένετο</span> <span class='ocrx_word' id='word_1_596' title='bbox 3595 2188 3650 2241; x_wconf 86' lang='grc' dir='ltr'><strong>δὲ</strong></span> <span class='ocrx_word' id='word_1_597' title='bbox 3690 2189 3882 2251; x_wconf 81' lang='grc' dir='ltr'>ταῦτα,</span> <span class='ocrx_word' id='word_1_598' title='bbox 3930 2190 4016 2243; x_wconf 83' lang='grc' dir='ltr'>ἵνα</span> 
     </span>
    </p>
   </div>
   <div class='ocr_carea' id='block_1_77' title="bbox 2425 2276 4012 2352">
    <p class='ocr_par' dir='ltr' id='par_1_77' title="bbox 2425 2276 4012 2352">
     <span class='ocr_line' id='line_1_77' title="bbox 2425 2276 4012 2352; baseline 0.004 -24"><span class='ocrx_word' id='word_1_599' title='bbox 2425 2278 2458 2345; x_wconf 78' lang='grc' dir='ltr'>ἡ</span> <span class='ocrx_word' id='word_1_600' title='bbox 2504 2276 2694 2347; x_wconf 81' lang='grc' dir='ltr'>Γραφὴ</span> <span class='ocrx_word' id='word_1_601' title='bbox 2745 2279 3043 2351; x_wconf 78' lang='grc' dir='ltr'>πληρωθῇ·</span> <span class='ocrx_word' id='word_1_602' title='bbox 3112 2281 3335 2333; x_wconf 78' lang='grc' dir='ltr'>Ὀστοῦν</span> <span class='ocrx_word' id='word_1_603' title='bbox 3365 2282 3425 2334; x_wconf 87' lang='grc' dir='ltr'><strong>οὑ</strong></span> <span class='ocrx_word' id='word_1_604' title='bbox 3460 2282 3877 2352; x_wconf 76' lang='grc' dir='ltr'>συντριϐήσεται</span> <span class='ocrx_word' id='word_1_605' title='bbox 3920 2283 4012 2334; x_wconf 78' lang='grc' dir='ltr'><strong>ἀπ’</strong></span> 
     </span>
    </p>
   </div>
   <div class='ocr_carea' id='block_1_78' title="bbox 2424 2367 4012 2444">
    <p class='ocr_par' dir='ltr' id='par_1_78' title="bbox 2424 2367 4012 2444">
     <span class='ocr_line' id='line_1_78' title="bbox 2424 2367 4012 2444; baseline 0.008 -23"><span class='ocrx_word' id='word_1_606' title='bbox 2424 2367 2612 2424; x_wconf 83' lang='grc' dir='ltr'>αὐτοῦ.</span> <span class='ocrx_word' id='word_1_607' title='bbox 2646 2371 2756 2423; x_wconf 87' lang='lat' dir='ltr'><strong>Kal</strong></span> <span class='ocrx_word' id='word_1_608' title='bbox 2782 2371 2947 2424; x_wconf 80' lang='grc' dir='ltr'>πάλιν</span> <span class='ocrx_word' id='word_1_609' title='bbox 2980 2372 3145 2442; x_wconf 77' lang='grc' dir='ltr'>ἑτέρα</span> <span class='ocrx_word' id='word_1_610' title='bbox 3181 2374 3377 2444; x_wconf 71' lang='grc' dir='ltr'>Γραιρὴ</span> <span class='ocrx_word' id='word_1_611' title='bbox 3414 2374 3589 2442; x_wconf 75' lang='grc' dir='ltr'>λέγει·</span> <span class='ocrx_word' id='word_1_612' title='bbox 3635 2375 3897 2443; x_wconf 63' lang='grc' dir='ltr'>Ὄψονται</span> <span class='ocrx_word' id='word_1_613' title='bbox 3935 2376 4012 2436; x_wconf 81' lang='grc' dir='ltr'><strong>εἰς</strong></span> 
     </span>
    </p>
   </div>
   <div class='ocr_carea' id='block_1_79' title="bbox 2427 2460 4008 2538">
    <p class='ocr_par' dir='ltr' id='par_1_79' title="bbox 2427 2460 4008 2538">
     <span class='ocr_line' id='line_1_79' title="bbox 2427 2460 4008 2538; baseline 0.003 -23"><span class='ocrx_word' id='word_1_614' title='bbox 2427 2460 2487 2515; x_wconf 78' lang='grc' dir='ltr'>ὃν</span> <span class='ocrx_word' id='word_1_615' title='bbox 2516 2462 2903 2535; x_wconf 78' lang='grc' dir='ltr'>ἐξεκέντησαν.</span> <span class='ocrx_word' id='word_1_616' title='bbox 2948 2483 2965 2516; x_wconf 72' lang='grc' dir='ltr'><strong>ι</strong></span> <span class='ocrx_word' id='word_1_617' title='bbox 3004 2466 3079 2517; x_wconf 85' lang='grc' dir='ltr'>Ού</span> <span class='ocrx_word' id='word_1_618' title='bbox 3117 2464 3249 2537; x_wconf 82' lang='grc' dir='ltr'>παρ’</span> <span class='ocrx_word' id='word_1_619' title='bbox 3297 2467 3520 2535; x_wconf 83' lang='grc' dir='ltr'>ἐτέρων,</span> <span class='ocrx_word' id='word_1_620' title='bbox 3552 2469 3738 2534; x_wconf 67' lang='grc' dir='ltr'>φησὶν,</span> <span class='ocrx_word' id='word_1_621' title='bbox 3779 2469 4008 2538; x_wconf 68' lang='grc' dir='ltr'>ἤκουσα,</span> 
     </span>
    </p>
   </div>
   <div class='ocr_carea' id='block_1_80' title="bbox 2423 2551 4008 2627">
    <p class='ocr_par' dir='ltr' id='par_1_80' title="bbox 2423 2551 4008 2627">
     <span class='ocr_line' id='line_1_80' title="bbox 2423 2551 4008 2627; baseline 0.003 -22"><span class='ocrx_word' id='word_1_622' title='bbox 2423 2552 2539 2605; x_wconf 80' lang='grc' dir='ltr'>ἀλλ’</span> <span class='ocrx_word' id='word_1_623' title='bbox 2568 2552 2732 2617; x_wconf 82' lang='grc' dir='ltr'>αὐτὸς</span> <span class='ocrx_word' id='word_1_624' title='bbox 2768 2553 2959 2623; x_wconf 87' lang='grc' dir='ltr'>παρὼν</span> <span class='ocrx_word' id='word_1_625' title='bbox 2993 2551 3153 2619; x_wconf 77' lang='grc' dir='ltr'>εἶδον,</span> <span class='ocrx_word' id='word_1_626' title='bbox 3192 2574 3210 2605; x_wconf 76' lang='grc' dir='ltr'><strong>ι</strong></span> <span class='ocrx_word' id='word_1_627' title='bbox 3253 2558 3349 2608; x_wconf 75' lang='grc' dir='ltr'><strong>καὶ</strong></span> <span class='ocrx_word' id='word_1_628' title='bbox 3382 2557 3588 2626; x_wconf 78' lang='grc' dir='ltr'>ἀληθής</span> <span class='ocrx_word' id='word_1_629' title='bbox 3620 2559 3768 2609; x_wconf 78' lang='grc' dir='ltr'>ἐστιν</span> <span class='ocrx_word' id='word_1_630' title='bbox 3800 2560 3831 2627; x_wconf 77' lang='grc' dir='ltr'><strong>ἡ</strong></span> <span class='ocrx_word' id='word_1_631' title='bbox 3864 2576 4008 2627; x_wconf 80' lang='grc' dir='ltr'>μαρ-</span> 
     </span>
    </p>
   </div>
   <div class='ocr_carea' id='block_1_81' title="bbox 2425 2644 4010 2719">
    <p class='ocr_par' dir='ltr' id='par_1_81' title="bbox 2425 2644 4010 2719">
     <span class='ocr_line' id='line_1_81' title="bbox 2425 2644 4010 2719; baseline 0.002 -21"><span class='ocrx_word' id='word_1_632' title='bbox 2425 2644 2604 2715; x_wconf 79' lang='grc' dir='ltr'>τυρία.</span> <span class='ocrx_word' id='word_1_633' title='bbox 2646 2663 2665 2697; x_wconf 75' lang='grc' dir='ltr'><strong>ι</strong></span> <span class='ocrx_word' id='word_1_634' title='bbox 2707 2645 2966 2709; x_wconf 80' lang='grc' dir='ltr'><strong>Εἰκότως.</strong></span> <span class='ocrx_word' id='word_1_635' title='bbox 3004 2647 3202 2717; x_wconf 78' lang='grc' dir='ltr'>’Υόριν</span> <span class='ocrx_word' id='word_1_636' title='bbox 3236 2648 3344 2718; x_wconf 87' lang='grc' dir='ltr'><strong>γὰρ</strong></span> <span class='ocrx_word' id='word_1_637' title='bbox 3385 2650 3685 2719; x_wconf 69' lang='grc' dir='ltr'>γενομένην</span> <span class='ocrx_word' id='word_1_638' title='bbox 3714 2648 4010 2716; x_wconf 65' lang='grc' dir='ltr'>ἐξηῖεῖτχε,</span> 
     </span>
    </p>
   </div>
   <div class='ocr_carea' id='block_1_82' title="bbox 2425 2736 4014 2811">
    <p class='ocr_par' dir='ltr' id='par_1_82' title="bbox 2425 2736 4014 2811">
     <span class='ocr_line' id='line_1_82' title="bbox 2425 2736 4014 2811; baseline 0.001 -19"><span class='ocrx_word' id='word_1_639' title='bbox 2425 2736 2540 2792; x_wconf 76' lang='grc' dir='ltr'>ἀλλ’</span> <span class='ocrx_word' id='word_1_640' title='bbox 2572 2737 2633 2790; x_wconf 90' lang='grc' dir='ltr'><strong>οὑ</strong></span> <span class='ocrx_word' id='word_1_641' title='bbox 2673 2738 2817 2808; x_wconf 83' lang='grc' dir='ltr'>μέγα</span> <span class='ocrx_word' id='word_1_642' title='bbox 2860 2755 2912 2791; x_wconf 89' lang='grc' dir='ltr'><strong>τι</strong></span> <span class='ocrx_word' id='word_1_643' title='bbox 2941 2740 3037 2791; x_wconf 74' lang='grc' dir='ltr'><strong>καὶ</strong></span> <span class='ocrx_word' id='word_1_644' title='bbox 3087 2739 3330 2808; x_wconf 74' lang='grc' dir='ltr'>ἔντιμον,</span> <span class='ocrx_word' id='word_1_645' title='bbox 3384 2741 3472 2794; x_wconf 77' lang='grc' dir='ltr'><strong>ἵνα</strong></span> <span class='ocrx_word' id='word_1_646' title='bbox 3521 2741 3871 2811; x_wconf 77' lang='grc' dir='ltr'>ὑποπτεύσῃς</span> <span class='ocrx_word' id='word_1_647' title='bbox 3922 2745 4014 2794; x_wconf 69' lang='grc' dir='ltr'>τὸν</span> 
     </span>
    </p>
   </div>
   <div class='ocr_carea' id='block_1_83' title="bbox 2427 2828 4010 2905">
    <p class='ocr_par' dir='ltr' id='par_1_83' title="bbox 2427 2828 4010 2905">
     <span class='ocr_line' id='line_1_83' title="bbox 2427 2828 4010 2905; baseline 0.002 -23"><span class='ocrx_word' id='word_1_648' title='bbox 2427 2828 2586 2897; x_wconf 86' lang='grc' dir='ltr'>λόγον</span> <span class='ocrx_word' id='word_1_649' title='bbox 2607 2844 2622 2860; x_wconf 73' lang='grc' dir='ltr'><strong>ο</strong></span> <span class='ocrx_word' id='word_1_650' title='bbox 2657 2829 2795 2884; x_wconf 85' lang='grc' dir='ltr'>ἀλλὰ</span> <span class='ocrx_word' id='word_1_651' title='bbox 2819 2831 2908 2884; x_wconf 79' lang='grc' dir='ltr'><strong>διὰ</strong></span> <span class='ocrx_word' id='word_1_652' title='bbox 2935 2830 3115 2897; x_wconf 88' lang='grc' dir='ltr'>τοῦτο,</span> <span class='ocrx_word' id='word_1_653' title='bbox 3154 2834 3308 2902; x_wconf 65' lang='grc' dir='ltr'>φησὶ,</span> <span class='ocrx_word' id='word_1_654' title='bbox 3331 2833 3501 2887; x_wconf 86' lang='grc' dir='ltr'>ταῦτα</span> <span class='ocrx_word' id='word_1_655' title='bbox 3525 2834 4010 2905; x_wconf 74' lang='grc' dir='ltr'>ἀκριὸοὶογοῦμαι,</span> 
     </span>
    </p>
   </div>
   <div class='ocr_carea' id='block_1_84' title="bbox 2426 2921 4010 2996">
    <p class='ocr_par' dir='ltr' id='par_1_84' title="bbox 2426 2921 4010 2996">
     <span class='ocr_line' id='line_1_84' title="bbox 2426 2921 4010 2996; baseline 0.002 -21"><span class='ocrx_word' id='word_1_656' title='bbox 2426 2922 2524 2975; x_wconf 71' lang='grc' dir='ltr'><strong>καὶ</strong></span> <span class='ocrx_word' id='word_1_657' title='bbox 2556 2921 2626 2975; x_wconf 84' lang='grc' dir='ltr'><strong>τὰ</strong></span> <span class='ocrx_word' id='word_1_658' title='bbox 2653 2921 2957 2991; x_wconf 74' lang='grc' dir='ltr'>ὲιρύϐριστα</span> <span class='ocrx_word' id='word_1_659' title='bbox 3001 2924 3263 2978; x_wconf 83' lang='grc' dir='ltr'>δοκοῦντα</span> <span class='ocrx_word' id='word_1_660' title='bbox 3296 2927 3375 2987; x_wconf 85' lang='grc' dir='ltr'><strong>είς</strong></span> <span class='ocrx_word' id='word_1_661' title='bbox 3422 2926 3587 2994; x_wconf 80' lang='grc' dir='ltr'>μέσον</span> <span class='ocrx_word' id='word_1_662' title='bbox 3625 2928 3882 2996; x_wconf 68' lang='grc' dir='ltr'>παράγει),</span> <span class='ocrx_word' id='word_1_663' title='bbox 3926 2929 4010 2978; x_wconf 72' lang='grc' dir='ltr'><strong>ἵνα</strong></span> 
     </span>
    </p>
   </div>
   <div class='ocr_carea' id='block_1_85' title="bbox 2429 3015 4011 3089">
    <p class='ocr_par' dir='ltr' id='par_1_85' title="bbox 2429 3015 4011 3089">
     <span class='ocr_line' id='line_1_85' title="bbox 2429 3015 4011 3089; baseline 0.001 -21"><span class='ocrx_word' id='word_1_664' title='bbox 2429 3015 2588 3084; x_wconf 87' lang='grc' dir='ltr'>ὑμεῖς</span> <span class='ocrx_word' id='word_1_665' title='bbox 2616 3015 2944 3087; x_wconf 86' lang='grc' dir='ltr'>πιστεύσητε</span> <span class='ocrx_word' id='word_1_666' title='bbox 2969 3016 3043 3081; x_wconf 79' lang='grc' dir='ltr'>ὡς</span> <span class='ocrx_word' id='word_1_667' title='bbox 3078 3017 3305 3089; x_wconf 80' lang='grc' dir='ltr'>ἀληθέσι</span> <span class='ocrx_word' id='word_1_668' title='bbox 3331 3019 3568 3080; x_wconf 78' lang='grc' dir='ltr'>πάντως,</span> <span class='ocrx_word' id='word_1_669' title='bbox 3600 3019 3692 3071; x_wconf 75' lang='grc' dir='ltr'><strong>καὶ</strong></span> <span class='ocrx_word' id='word_1_670' title='bbox 3722 3021 3841 3087; x_wconf 72' lang='grc' dir='ltr'>οὐχὶ</span> <span class='ocrx_word' id='word_1_671' title='bbox 3872 3021 4011 3088; x_wconf 63' lang='grc' dir='ltr'>πρὸς</span> 
     </span>
    </p>
   </div>
   <div class='ocr_carea' id='block_1_86' title="bbox 2428 3108 4013 3180">
    <p class='ocr_par' dir='ltr' id='par_1_86' title="bbox 2428 3108 4013 3180">
     <span class='ocr_line' id='line_1_86' title="bbox 2428 3108 4013 3180; baseline 0.002 -20"><span class='ocrx_word' id='word_1_672' title='bbox 2428 3108 2589 3179; x_wconf 81' lang='grc' dir='ltr'>χάριν</span> <span class='ocrx_word' id='word_1_673' title='bbox 2629 3108 2988 3164; x_wconf 88' lang='grc' dir='ltr'>συντεθεῖσιν.</span> <span class='ocrx_word' id='word_1_674' title='bbox 3060 3110 3122 3165; x_wconf 90' lang='grc' dir='ltr'><strong>Ὀ</strong></span> <span class='ocrx_word' id='word_1_675' title='bbox 3172 3111 3282 3180; x_wconf 87' lang='grc' dir='ltr'>γὰρ</span> <span class='ocrx_word' id='word_1_676' title='bbox 3328 3111 3460 3179; x_wconf 81' lang='grc' dir='ltr'>πρὸς</span> <span class='ocrx_word' id='word_1_677' title='bbox 3517 3110 3675 3180; x_wconf 81' lang='grc' dir='ltr'>χάριν</span> <span class='ocrx_word' id='word_1_678' title='bbox 3728 3112 3899 3178; x_wconf 84' lang='grc' dir='ltr'>λέγων</span> <span class='ocrx_word' id='word_1_679' title='bbox 3944 3114 4013 3163; x_wconf 66' lang='grc' dir='ltr'><strong>τὰ</strong></span> 
     </span>
    </p>
   </div>
   <div class='ocr_carea' id='block_1_87' title="bbox 2429 3199 4016 3275">
    <p class='ocr_par' dir='ltr' id='par_1_87' title="bbox 2429 3199 4016 3275">
     <span class='ocr_line' id='line_1_87' title="bbox 2429 3199 4016 3275; baseline 0.001 -20"><span class='ocrx_word' id='word_1_680' title='bbox 2429 3199 2615 3267; x_wconf 67' lang='grc' dir='ltr'>ἔνδοξα</span> <span class='ocrx_word' id='word_1_681' title='bbox 2650 3202 2850 3271; x_wconf 78' lang='grc' dir='ltr'>μᾶλλον</span> <span class='ocrx_word' id='word_1_682' title='bbox 2879 3203 3112 3275; x_wconf 88' lang='grc' dir='ltr'>τίθησιν.</span> <span class='ocrx_word' id='word_1_683' title='bbox 3150 3205 3303 3257; x_wconf 76' lang='grc' dir='ltr'>Ἐπεὶ</span> <span class='ocrx_word' id='word_1_684' title='bbox 3330 3205 3385 3257; x_wconf 86' lang='grc' dir='ltr'>δὲ</span> <span class='ocrx_word' id='word_1_685' title='bbox 3415 3208 3442 3257; x_wconf 86' lang='grc' dir='ltr'><strong>ό</strong></span> <span class='ocrx_word' id='word_1_686' title='bbox 3470 3207 3673 3274; x_wconf 75' lang='grc' dir='ltr'>Μωσῆς</span> <span class='ocrx_word' id='word_1_687' title='bbox 3704 3205 4016 3269; x_wconf 74' lang='grc' dir='ltr'>ἀξιοπιστό-</span> 
     </span>
    </p>
   </div>
   <div class='ocr_carea' id='block_1_88' title="bbox 2430 3296 4011 3369">
    <p class='ocr_par' dir='ltr' id='par_1_88' title="bbox 2430 3296 4011 3369">
     <span class='ocr_line' id='line_1_88' title="bbox 2430 3296 4011 3369; baseline 0.004 -22"><span class='ocrx_word' id='word_1_688' title='bbox 2430 3312 2586 3365; x_wconf 88' lang='grc' dir='ltr'>τερος</span> <span class='ocrx_word' id='word_1_689' title='bbox 2614 3296 2781 3350; x_wconf 88' lang='grc' dir='ltr'>αὑτοῦ</span> <span class='ocrx_word' id='word_1_690' title='bbox 2808 3296 3005 3365; x_wconf 78' lang='grc' dir='ltr'>ἐδόκει,</span> <span class='ocrx_word' id='word_1_691' title='bbox 3036 3298 3274 3368; x_wconf 84' lang='grc' dir='ltr'>παράγει</span> <span class='ocrx_word' id='word_1_692' title='bbox 3297 3300 3389 3351; x_wconf 67' lang='grc' dir='ltr'><strong>καὶ</strong></span> <span class='ocrx_word' id='word_1_693' title='bbox 3416 3298 3606 3351; x_wconf 86' lang='grc' dir='ltr'>τοῦτον</span> <span class='ocrx_word' id='word_1_694' title='bbox 3637 3302 3911 3369; x_wconf 71' lang='grc' dir='ltr'>μάρτυρα.</span> <span class='ocrx_word' id='word_1_695' title='bbox 3945 3303 4011 3354; x_wconf 78' lang='grc' dir='ltr'><strong>Ὀ</strong></span> 
     </span>
    </p>
   </div>
   <div class='ocr_carea' id='block_1_89' title="bbox 2430 3382 4011 3461">
    <p class='ocr_par' dir='ltr' id='par_1_89' title="bbox 2430 3382 4011 3461">
     <span class='ocr_line' id='line_1_89' title="bbox 2430 3382 4011 3461; baseline 0.003 -21"><span class='ocrx_word' id='word_1_696' title='bbox 2430 3388 2540 3457; x_wconf 82' lang='grc' dir='ltr'><strong>γὰρ</strong></span> <span class='ocrx_word' id='word_1_697' title='bbox 2574 3382 2731 3441; x_wconf 86' lang='grc' dir='ltr'>εἶπεν</span> <span class='ocrx_word' id='word_1_698' title='bbox 2784 3389 2992 3453; x_wconf 73' lang='grc' dir='ltr'>ἐκεῖνος</span> <span class='ocrx_word' id='word_1_699' title='bbox 3030 3391 3161 3460; x_wconf 81' lang='grc' dir='ltr'>περὶ</span> <span class='ocrx_word' id='word_1_700' title='bbox 3184 3391 3277 3442; x_wconf 89' lang='grc' dir='ltr'><strong>τοῦ</strong></span> <span class='ocrx_word' id='word_1_701' title='bbox 3305 3393 3362 3443; x_wconf 86' lang='grc' dir='ltr'>ὲν</span> <span class='ocrx_word' id='word_1_702' title='bbox 3390 3391 3464 3459; x_wconf 81' lang='grc' dir='ltr'>τῷ</span> <span class='ocrx_word' id='word_1_703' title='bbox 3504 3393 3695 3459; x_wconf 78' lang='grc' dir='ltr'>Πάσχα</span> <span class='ocrx_word' id='word_1_704' title='bbox 3746 3393 4011 3461; x_wconf 70' lang='grc' dir='ltr'>θυομένου</span> 
     </span>
    </p>
   </div>
   <div class='ocr_carea' id='block_1_90' title="bbox 2428 3479 4011 3554">
    <p class='ocr_par' dir='ltr' id='par_1_90' title="bbox 2428 3479 4011 3554">
     <span class='ocr_line' id='line_1_90' title="bbox 2428 3479 4011 3554; baseline 0.003 -23"><span class='ocrx_word' id='word_1_705' title='bbox 2428 3479 2628 3548; x_wconf 83' lang='grc' dir='ltr'>ἀμνοῦ,</span> <span class='ocrx_word' id='word_1_706' title='bbox 2669 3498 2688 3531; x_wconf 73' lang='grc' dir='ltr'><strong>ι</strong></span> <span class='ocrx_word' id='word_1_707' title='bbox 2736 3479 2961 3536; x_wconf 82' lang='grc' dir='ltr'>Ὀστοῦν</span> <span class='ocrx_word' id='word_1_708' title='bbox 2995 3483 3056 3534; x_wconf 86' lang='grc' dir='ltr'><strong>ού</strong></span> <span class='ocrx_word' id='word_1_709' title='bbox 3108 3483 3552 3552; x_wconf 70' lang='grc' dir='ltr'>συντριϐήσεται,</span> <span class='ocrx_word' id='word_1_710' title='bbox 3594 3502 3610 3533; x_wconf 69' lang='grc' dir='ltr'><strong>ι</strong></span> <span class='ocrx_word' id='word_1_711' title='bbox 3650 3485 3807 3537; x_wconf 88' lang='grc' dir='ltr'>τοῦτό</span> <span class='ocrx_word' id='word_1_712' title='bbox 3842 3502 4011 3554; x_wconf 81' lang='grc' dir='ltr'>φησιν</span> 
     </span>
    </p>
   </div>
   <div class='ocr_carea' id='block_1_91' title="bbox 2430 3570 4011 3643">
    <p class='ocr_par' dir='ltr' id='par_1_91' title="bbox 2430 3570 4011 3643">
     <span class='ocr_line' id='line_1_91' title="bbox 2430 3570 4011 3643; baseline 0.001 -20"><span class='ocrx_word' id='word_1_713' title='bbox 2430 3570 2877 3641; x_wconf 85' lang='grc' dir='ltr'>όεὺαγγελιστὴς</span> <span class='ocrx_word' id='word_1_714' title='bbox 2938 3571 3293 3641; x_wconf 81' lang='grc' dir='ltr'>πληρωθῆναι</span> <span class='ocrx_word' id='word_1_715' title='bbox 3339 3572 3429 3624; x_wconf 80' lang='grc' dir='ltr'>ἐπὶ</span> <span class='ocrx_word' id='word_1_716' title='bbox 3479 3572 3739 3641; x_wconf 83' lang='grc' dir='ltr'>Χριστοῦ.</span> <span class='ocrx_word' id='word_1_717' title='bbox 3787 3573 3847 3625; x_wconf 88' lang='grc' dir='ltr'>Ὀ</span> <span class='ocrx_word' id='word_1_718' title='bbox 3902 3573 4011 3643; x_wconf 67' lang='grc' dir='ltr'>γὰρ</span> 
     </span>
    </p>
   </div>
   <div class='ocr_carea' id='block_1_92' title="bbox 2427 3656 4011 3731">
    <p class='ocr_par' dir='ltr' id='par_1_92' title="bbox 2427 3656 4011 3731">
     <span class='ocr_line' id='line_1_92' title="bbox 2427 3656 4011 3731; baseline 0.001 -20"><span class='ocrx_word' id='word_1_719' title='bbox 2427 3660 2600 3728; x_wconf 82' lang='grc' dir='ltr'>ἀμνὸς</span> <span class='ocrx_word' id='word_1_720' title='bbox 2648 3660 2875 3725; x_wconf 76' lang='grc' dir='ltr'>ἐκεῖνος,</span> <span class='ocrx_word' id='word_1_721' title='bbox 2913 3660 3106 3713; x_wconf 89' lang='grc' dir='ltr'>τούτου</span> <span class='ocrx_word' id='word_1_722' title='bbox 3140 3661 3309 3723; x_wconf 87' lang='grc' dir='ltr'>τύπος</span> <span class='ocrx_word' id='word_1_723' title='bbox 3345 3656 3413 3729; x_wconf 85' lang='grc' dir='ltr'><strong>ῆν</strong></span> <span class='ocrx_word' id='word_1_724' title='bbox 3438 3678 3453 3693; x_wconf 81' lang='grc' dir='ltr'><strong><em>ο</em></strong></span> <span class='ocrx_word' id='word_1_725' title='bbox 3490 3666 3583 3713; x_wconf 69' lang='grc' dir='ltr'>καὶ</span> <span class='ocrx_word' id='word_1_726' title='bbox 3616 3662 3783 3731; x_wconf 77' lang='grc' dir='ltr'>πολλὴ</span> <span class='ocrx_word' id='word_1_727' title='bbox 3813 3663 3844 3731; x_wconf 77' lang='grc' dir='ltr'><strong>η</strong></span> <span class='ocrx_word' id='word_1_728' title='bbox 3880 3678 4011 3729; x_wconf 79' lang='grc' dir='ltr'>συγ-</span> 
     </span>
    </p>
   </div>
   <div class='ocr_carea' id='block_1_93' title="bbox 2428 3750 4010 3824">
    <p class='ocr_par' dir='ltr' id='par_1_93' title="bbox 2428 3750 4010 3824">
     <span class='ocr_line' id='line_1_93' title="bbox 2428 3750 4010 3824; baseline 0.003 -21"><span class='ocrx_word' id='word_1_729' title='bbox 2428 3752 2612 3817; x_wconf 86' lang='grc' dir='ltr'>γένεια</span> <span class='ocrx_word' id='word_1_730' title='bbox 2642 3750 2831 3804; x_wconf 87' lang='grc' dir='ltr'>τούτου</span> <span class='ocrx_word' id='word_1_731' title='bbox 2876 3752 3015 3824; x_wconf 76' lang='grc' dir='ltr'>πρὸς</span> <span class='ocrx_word' id='word_1_732' title='bbox 3052 3751 3153 3821; x_wconf 87' lang='grc' dir='ltr'><strong>τὴν</strong></span> <span class='ocrx_word' id='word_1_733' title='bbox 3183 3753 3468 3822; x_wconf 81' lang='grc' dir='ltr'>ἀλήθειαν.</span> <span class='ocrx_word' id='word_1_734' title='bbox 3503 3753 3808 3824; x_wconf 80' lang='grc' dir='ltr'>ηληροῦται</span> <span class='ocrx_word' id='word_1_735' title='bbox 3834 3754 3889 3806; x_wconf 79' lang='grc' dir='ltr'>δὲ</span> <span class='ocrx_word' id='word_1_736' title='bbox 3915 3757 4010 3807; x_wconf 65' lang='grc' dir='ltr'><strong>καὶ</strong></span> 
     </span>
    </p>
   </div>
   <div class='ocr_carea' id='block_1_94' title="bbox 2428 3842 4011 3913">
    <p class='ocr_par' dir='ltr' id='par_1_94' title="bbox 2428 3842 4011 3913">
     <span class='ocr_line' id='line_1_94' title="bbox 2428 3842 4011 3913; baseline -0.006 -19"><span class='ocrx_word' id='word_1_737' title='bbox 2428 3842 2590 3912; x_wconf 79' lang='grc' dir='ltr'>ἑτέρα</span> <span class='ocrx_word' id='word_1_738' title='bbox 2620 3843 2929 3913; x_wconf 79' lang='grc' dir='ltr'>προφητεία</span> <span class='ocrx_word' id='word_1_739' title='bbox 2959 3844 2992 3913; x_wconf 74' lang='grc' dir='ltr'>ὴ</span> <span class='ocrx_word' id='word_1_740' title='bbox 3044 3843 3309 3911; x_wconf 81' lang='grc' dir='ltr'>λέγουσα’</span> <span class='ocrx_word' id='word_1_741' title='bbox 3353 3862 3371 3894; x_wconf 80' lang='lat' dir='ltr'><strong>t</strong></span> <span class='ocrx_word' id='word_1_742' title='bbox 3415 3845 3672 3913; x_wconf 71' lang='grc' dir='ltr'>Ὄψονται</span> <span class='ocrx_word' id='word_1_743' title='bbox 3704 3846 3781 3906; x_wconf 83' lang='grc' dir='ltr'>εἰς</span> <span class='ocrx_word' id='word_1_744' title='bbox 3831 3844 3891 3897; x_wconf 80' lang='grc' dir='ltr'>ὃν</span> <span class='ocrx_word' id='word_1_745' title='bbox 3922 3844 4011 3909; x_wconf 78' lang='grc' dir='ltr'><strong>ἐξ-</strong></span> 
     </span>
    </p>
   </div>
   <div class='ocr_carea' id='block_1_95' title="bbox 2427 3932 4009 4003">
    <p class='ocr_par' dir='ltr' id='par_1_95' title="bbox 2427 3932 4009 4003">
     <span class='ocr_line' id='line_1_95' title="bbox 2427 3932 4009 4003; baseline 0.001 -19"><span class='ocrx_word' id='word_1_746' title='bbox 2427 3932 2783 3999; x_wconf 79' lang='grc' dir='ltr'>εκέντησαν.»</span> <span class='ocrx_word' id='word_1_747' title='bbox 2819 3932 2949 3985; x_wconf 87' lang='grc' dir='ltr'><strong>Ὅτε</strong></span> <span class='ocrx_word' id='word_1_748' title='bbox 2980 3932 3091 4003; x_wconf 79' lang='grc' dir='ltr'><strong>γὰρ</strong></span> <span class='ocrx_word' id='word_1_749' title='bbox 3126 3933 3342 4002; x_wconf 76' lang='grc' dir='ltr'>ἔρχεται</span> <span class='ocrx_word' id='word_1_750' title='bbox 3390 3936 3595 4003; x_wconf 84' lang='grc' dir='ltr'>κρῖναι,</span> <span class='ocrx_word' id='word_1_751' title='bbox 3631 3935 3753 3986; x_wconf 88' lang='grc' dir='ltr'>τότε</span> <span class='ocrx_word' id='word_1_752' title='bbox 3786 3934 4009 4003; x_wconf 61' lang='grc' dir='ltr'>ὄψονται</span> 
     </span>
    </p>
   </div>
   <div class='ocr_carea' id='block_1_96' title="bbox 2428 4024 4007 4094">
    <p class='ocr_par' dir='ltr' id='par_1_96' title="bbox 2428 4024 4007 4094">
     <span class='ocr_line' id='line_1_96' title="bbox 2428 4024 4007 4094; baseline 0 -17"><span class='ocrx_word' id='word_1_753' title='bbox 2428 4024 2591 4077; x_wconf 83' lang='grc' dir='ltr'>αὑτὸν</span> <span class='ocrx_word' id='word_1_754' title='bbox 2617 4026 2676 4076; x_wconf 80' lang='grc' dir='ltr'>ὲν</span> <span class='ocrx_word' id='word_1_755' title='bbox 2725 4024 2939 4093; x_wconf 84' lang='grc' dir='ltr'>σώματι</span> <span class='ocrx_word' id='word_1_756' title='bbox 2995 4024 3267 4093; x_wconf 85' lang='grc' dir='ltr'>κρείττονι</span> <span class='ocrx_word' id='word_1_757' title='bbox 3319 4026 3411 4076; x_wconf 80' lang='grc' dir='ltr'><strong>καὶ</strong></span> <span class='ocrx_word' id='word_1_758' title='bbox 3459 4026 3858 4094; x_wconf 79' lang='grc' dir='ltr'>θεοειὸεστέρῳ,</span> <span class='ocrx_word' id='word_1_759' title='bbox 3912 4028 4007 4077; x_wconf 73' lang='grc' dir='ltr'><strong>καὶ</strong></span> 
     </span>
    </p>
   </div>
   <div class='ocr_carea' id='block_1_97' title="bbox 2427 4114 4009 4185">
    <p class='ocr_par' dir='ltr' id='par_1_97' title="bbox 2427 4114 4009 4185">
     <span class='ocr_line' id='line_1_97' title="bbox 2427 4114 4009 4185; baseline 0.001 -20"><span class='ocrx_word' id='word_1_760' title='bbox 2427 4114 2754 4183; x_wconf 81' lang='grc' dir='ltr'>γνωριοῦσιν</span> <span class='ocrx_word' id='word_1_761' title='bbox 2782 4116 2832 4167; x_wconf 91' lang='grc' dir='ltr'>οί</span> <span class='ocrx_word' id='word_1_762' title='bbox 2863 4116 3313 4185; x_wconf 76' lang='grc' dir='ltr'>ὲκκεντήσαντες,</span> <span class='ocrx_word' id='word_1_763' title='bbox 3334 4116 3427 4168; x_wconf 83' lang='grc' dir='ltr'>καὶ</span> <span class='ocrx_word' id='word_1_764' title='bbox 3451 4115 3731 4183; x_wconf 67' lang='grc' dir='ltr'>κόψονται.</span> <span class='ocrx_word' id='word_1_765' title='bbox 3756 4117 3828 4169; x_wconf 89' lang='grc' dir='ltr'>Οὑ</span> <span class='ocrx_word' id='word_1_766' title='bbox 3850 4114 4009 4169; x_wconf 88' lang='grc' dir='ltr'>τοῦτο</span> 
     </span>
    </p>
   </div>
   <div class='ocr_carea' id='block_1_98' title="bbox 2425 4206 4008 4276">
    <p class='ocr_par' dir='ltr' id='par_1_98' title="bbox 2425 4206 4008 4276">
     <span class='ocr_line' id='line_1_98' title="bbox 2425 4206 4008 4276; baseline -0.002 -17"><span class='ocrx_word' id='word_1_767' title='bbox 2425 4207 2483 4260; x_wconf 69' lang='grc' dir='ltr'><strong>δὲ</strong></span> <span class='ocrx_word' id='word_1_768' title='bbox 2522 4214 2704 4275; x_wconf 85' lang='grc' dir='ltr'>μόνον,</span> <span class='ocrx_word' id='word_1_769' title='bbox 2732 4206 2847 4258; x_wconf 74' lang='grc' dir='ltr'>ἀλλ’</span> <span class='ocrx_word' id='word_1_770' title='bbox 2879 4208 2961 4261; x_wconf 86' lang='grc' dir='ltr'>ὃτι</span> <span class='ocrx_word' id='word_1_771' title='bbox 3030 4208 3127 4262; x_wconf 78' lang='grc' dir='ltr'><strong>καὶ</strong></span> <span class='ocrx_word' id='word_1_772' title='bbox 3164 4209 3277 4270; x_wconf 87' lang='grc' dir='ltr'>τοῖς</span> <span class='ocrx_word' id='word_1_773' title='bbox 3316 4208 3600 4276; x_wconf 77' lang='grc' dir='ltr'>μέλλουσιν</span> <span class='ocrx_word' id='word_1_774' title='bbox 3633 4210 3881 4261; x_wconf 84' lang='grc' dir='ltr'>ἀπιστεῖν</span> <span class='ocrx_word' id='word_1_775' title='bbox 3918 4211 4008 4260; x_wconf 78' lang='grc' dir='ltr'>πί-</span> 
     </span>
    </p>
   </div>
   <div class='ocr_carea' id='block_1_99' title="bbox 2429 4293 4005 4367">
    <p class='ocr_par' dir='ltr' id='par_1_99' title="bbox 2429 4293 4005 4367">
     <span class='ocr_line' id='line_1_99' title="bbox 2429 4293 4005 4367; baseline -0.003 -18"><span class='ocrx_word' id='word_1_776' title='bbox 2429 4311 2600 4358; x_wconf 87' lang='grc' dir='ltr'>στεως</span> <span class='ocrx_word' id='word_1_777' title='bbox 2626 4296 2765 4365; x_wconf 91' lang='grc' dir='ltr'>θύρα</span> <span class='ocrx_word' id='word_1_778' title='bbox 2802 4296 2899 4349; x_wconf 76' lang='grc' dir='ltr'>καὶ</span> <span class='ocrx_word' id='word_1_779' title='bbox 2952 4297 3228 4361; x_wconf 86' lang='grc' dir='ltr'>ἀπόδειξις</span> <span class='ocrx_word' id='word_1_780' title='bbox 3259 4293 3327 4367; x_wconf 80' lang='grc' dir='ltr'>ἦν</span> <span class='ocrx_word' id='word_1_781' title='bbox 3359 4298 3418 4350; x_wconf 80' lang='grc' dir='ltr'>τὸ</span> <span class='ocrx_word' id='word_1_782' title='bbox 3452 4298 3727 4367; x_wconf 80' lang='grc' dir='ltr'>τολμηθὲν</span> <span class='ocrx_word' id='word_1_783' title='bbox 3760 4299 3863 4351; x_wconf 76' lang='grc' dir='ltr'><strong>ὑπὸ</strong></span> <span class='ocrx_word' id='word_1_784' title='bbox 3899 4301 4005 4350; x_wconf 67' lang='grc' dir='ltr'>τῶν</span> 
     </span>
    </p>
   </div>
   <div class='ocr_carea' id='block_1_100' title="bbox 2428 4385 4005 4459">
    <p class='ocr_par' dir='ltr' id='par_1_100' title="bbox 2428 4385 4005 4459">
     <span class='ocr_line' id='line_1_100' title="bbox 2428 4385 4005 4459; baseline 0.005 -18"><span class='ocrx_word' id='word_1_785' title='bbox 2428 4389 2657 4459; x_wconf 77' lang='grc' dir='ltr'>ἐχθρῶν,</span> <span class='ocrx_word' id='word_1_786' title='bbox 2712 4385 2822 4441; x_wconf 77' lang='grc' dir='ltr'>οἷον</span> <span class='ocrx_word' id='word_1_787' title='bbox 2848 4389 2929 4459; x_wconf 82' lang='grc' dir='ltr'>τῷ</span> <span class='ocrx_word' id='word_1_788' title='bbox 2953 4389 3145 4459; x_wconf 77' lang='grc' dir='ltr'>Θωμᾷ.</span> <span class='ocrx_word' id='word_1_789' title='bbox 3196 4389 3307 4443; x_wconf 86' lang='lat' dir='ltr'><strong>Kal</strong></span> <span class='ocrx_word' id='word_1_790' title='bbox 3358 4390 3465 4458; x_wconf 82' lang='grc' dir='ltr'><strong>γὰρ</strong></span> <span class='ocrx_word' id='word_1_791' title='bbox 3503 4390 3591 4441; x_wconf 74' lang='grc' dir='ltr'>διὰ</span> <span class='ocrx_word' id='word_1_792' title='bbox 3620 4389 3718 4458; x_wconf 74' lang='grc' dir='ltr'><strong>τῆς</strong></span> <span class='ocrx_word' id='word_1_793' title='bbox 3769 4389 4005 4457; x_wconf 66' lang='grc' dir='ltr'>πλευρᾶς</span> 
     </span>
    </p>
   </div>
   <div class='ocr_carea' id='block_1_101' title="bbox 2428 4478 4004 4551">
    <p class='ocr_par' dir='ltr' id='par_1_101' title="bbox 2428 4478 4004 4551">
     <span class='ocr_line' id='line_1_101' title="bbox 2428 4478 4004 4551; baseline -0.001 -18"><span class='ocrx_word' id='word_1_794' title='bbox 2428 4481 2707 4551; x_wconf 81' lang='grc' dir='ltr'>ὲπιστώθη</span> <span class='ocrx_word' id='word_1_795' title='bbox 2760 4481 2936 4551; x_wconf 83' lang='grc' dir='ltr'>τούτῳ</span> <span class='ocrx_word' id='word_1_796' title='bbox 2962 4483 2995 4551; x_wconf 83' lang='grc' dir='ltr'>ὴ</span> <span class='ocrx_word' id='word_1_797' title='bbox 3030 4481 3347 4544; x_wconf 77' lang='grc' dir='ltr'>ἀνάστασις.</span> <span class='ocrx_word' id='word_1_798' title='bbox 3415 4480 3637 4535; x_wconf 85' lang='grc' dir='ltr'>Ὀστοῦν</span> <span class='ocrx_word' id='word_1_799' title='bbox 3694 4482 3793 4549; x_wconf 81' lang='grc' dir='ltr'>μὲν</span> <span class='ocrx_word' id='word_1_800' title='bbox 3819 4478 3912 4534; x_wconf 75' lang='grc' dir='ltr'><strong>οῦν</strong></span> <span class='ocrx_word' id='word_1_801' title='bbox 3944 4484 4004 4534; x_wconf 73' lang='grc' dir='ltr'>οὐ</span> 
     </span>
    </p>
   </div>
   <div class='ocr_carea' id='block_1_102' title="bbox 2433 4572 4005 4645">
    <p class='ocr_par' dir='ltr' id='par_1_102' title="bbox 2433 4572 4005 4645">
     <span class='ocr_line' id='line_1_102' title="bbox 2433 4572 4005 4645; baseline 0 -19"><span class='ocrx_word' id='word_1_802' title='bbox 2433 4574 2859 4645; x_wconf 81' lang='grc' dir='ltr'>συντριϐήσεται</span> <span class='ocrx_word' id='word_1_803' title='bbox 2888 4573 2967 4642; x_wconf 85' lang='grc' dir='ltr'>τῷ</span> <span class='ocrx_word' id='word_1_804' title='bbox 3008 4572 3214 4641; x_wconf 75' lang='grc' dir='ltr'>Ἰησοῦο</span> <span class='ocrx_word' id='word_1_805' title='bbox 3263 4572 3473 4643; x_wconf 76' lang='grc' dir='ltr'>πλευρὰ</span> <span class='ocrx_word' id='word_1_806' title='bbox 3510 4572 3567 4625; x_wconf 86' lang='grc' dir='ltr'><strong>δὲ</strong></span> <span class='ocrx_word' id='word_1_807' title='bbox 3607 4574 3773 4626; x_wconf 84' lang='grc' dir='ltr'>αὑτοῦ</span> <span class='ocrx_word' id='word_1_808' title='bbox 3821 4574 4005 4643; x_wconf 76' lang='grc' dir='ltr'>βλύζει</span> 
     </span>
    </p>
   </div>
   <div class='ocr_carea' id='block_1_103' title="bbox 2426 4663 4001 4733">
    <p class='ocr_par' dir='ltr' id='par_1_103' title="bbox 2426 4663 4001 4733">
     <span class='ocr_line' id='line_1_103' title="bbox 2426 4663 4001 4733; baseline 0 -17"><span class='ocrx_word' id='word_1_809' title='bbox 2426 4666 2558 4733; x_wconf 75' lang='grc' dir='ltr'>ἡμῖν</span> <span class='ocrx_word' id='word_1_810' title='bbox 2581 4665 2684 4726; x_wconf 83' lang='grc' dir='ltr'>τὰς</span> <span class='ocrx_word' id='word_1_811' title='bbox 2704 4664 2801 4732; x_wconf 84' lang='grc' dir='ltr'><strong>τῆς</strong></span> <span class='ocrx_word' id='word_1_812' title='bbox 2826 4663 3131 4727; x_wconf 86' lang='grc' dir='ltr'>οὑσιώσεως</span> <span class='ocrx_word' id='word_1_813' title='bbox 3156 4663 3314 4733; x_wconf 82' lang='grc' dir='ltr'>ἡμῶν</span> <span class='ocrx_word' id='word_1_814' title='bbox 3345 4664 3440 4717; x_wconf 80' lang='grc' dir='ltr'>καὶ</span> <span class='ocrx_word' id='word_1_815' title='bbox 3467 4665 3569 4732; x_wconf 90' lang='grc' dir='ltr'><strong>τῆς</strong></span> <span class='ocrx_word' id='word_1_816' title='bbox 3602 4665 3867 4728; x_wconf 77' lang='grc' dir='ltr'>ζιοιώσεως</span> <span class='ocrx_word' id='word_1_817' title='bbox 3900 4683 4001 4730; x_wconf 55' lang='grc' dir='ltr'>πη.</span> 
     </span>
    </p>
   </div>
   <div class='ocr_carea' id='block_1_104' title="bbox 2427 4755 4003 4826">
    <p class='ocr_par' dir='ltr' id='par_1_104' title="bbox 2427 4755 4003 4826">
     <span class='ocr_line' id='line_1_104' title="bbox 2427 4755 4003 4826; baseline 0 -17"><span class='ocrx_word' id='word_1_818' title='bbox 2427 4756 2564 4824; x_wconf 79' lang='grc' dir='ltr'>τάς·</span> <span class='ocrx_word' id='word_1_819' title='bbox 2603 4755 2746 4826; x_wconf 78' lang='grc' dir='ltr'>ὕδωρ</span> <span class='ocrx_word' id='word_1_820' title='bbox 2796 4757 2917 4824; x_wconf 76' lang='grc' dir='ltr'>μὲν,</span> <span class='ocrx_word' id='word_1_821' title='bbox 2973 4757 3073 4825; x_wconf 89' lang='grc' dir='ltr'><strong>τῆς</strong></span> <span class='ocrx_word' id='word_1_822' title='bbox 3121 4758 3330 4819; x_wconf 75' lang='grc' dir='ltr'>οὐσίας·</span> <span class='ocrx_word' id='word_1_823' title='bbox 3365 4755 3432 4809; x_wconf 78' lang='grc' dir='ltr'><strong>δι’</strong></span> <span class='ocrx_word' id='word_1_824' title='bbox 3464 4757 3628 4810; x_wconf 79' lang='grc' dir='ltr'>αὑτοῦ</span> <span class='ocrx_word' id='word_1_825' title='bbox 3681 4757 3787 4826; x_wconf 80' lang='grc' dir='ltr'><strong>γὰρ</strong></span> <span class='ocrx_word' id='word_1_826' title='bbox 3840 4760 3919 4819; x_wconf 86' lang='grc' dir='ltr'>εἰς</span> <span class='ocrx_word' id='word_1_827' title='bbox 3945 4758 4003 4809; x_wconf 76' lang='grc' dir='ltr'>τὺ</span> 
     </span>
    </p>
   </div>
   <div class='ocr_carea' id='block_1_105' title="bbox 2428 4842 3996 4917">
    <p class='ocr_par' dir='ltr' id='par_1_105' title="bbox 2428 4842 3996 4917">
     <span class='ocr_line' id='line_1_105' title="bbox 2428 4842 3996 4917; baseline 0.002 -18"><span class='ocrx_word' id='word_1_828' title='bbox 2428 4842 2566 4900; x_wconf 75' lang='grc' dir='ltr'>εἶναι</span> <span class='ocrx_word' id='word_1_829' title='bbox 2600 4847 2917 4915; x_wconf 74' lang='grc' dir='ltr'>Χριστιανοὶ</span> <span class='ocrx_word' id='word_1_830' title='bbox 2947 4847 3225 4917; x_wconf 73' lang='grc' dir='ltr'>ἐρχόμεθα</span> <span class='ocrx_word' id='word_1_831' title='bbox 3245 4864 3259 4878; x_wconf 90' lang='grc'><strong>·</strong></span> <span class='ocrx_word' id='word_1_832' title='bbox 3294 4846 3354 4899; x_wconf 80' lang='grc' dir='ltr'>τὸ</span> <span class='ocrx_word' id='word_1_833' title='bbox 3403 4847 3460 4899; x_wconf 83' lang='grc' dir='ltr'>δὲ</span> <span class='ocrx_word' id='word_1_834' title='bbox 3491 4844 3653 4916; x_wconf 76' lang='grc' dir='ltr'>αἷμα,</span> <span class='ocrx_word' id='word_1_835' title='bbox 3686 4849 3785 4917; x_wconf 89' lang='grc' dir='ltr'><strong>τῆς</strong></span> <span class='ocrx_word' id='word_1_836' title='bbox 3812 4848 3957 4917; x_wconf 80' lang='grc' dir='ltr'>ζωῆς</span> <span class='ocrx_word' id='word_1_837' title='bbox 3985 4866 3996 4877; x_wconf 65' lang='grc' dir='ltr'>δ</span> 
     </span>
    </p>
   </div>
   <div class='ocr_carea' id='block_1_106' title="bbox 2427 4938 4003 5010">
    <p class='ocr_par' dir='ltr' id='par_1_106' title="bbox 2427 4938 4003 5010">
     <span class='ocr_line' id='line_1_106' title="bbox 2427 4938 4003 5010; baseline 0.002 -18"><span class='ocrx_word' id='word_1_838' title='bbox 2427 4938 2494 4992; x_wconf 85' lang='grc' dir='ltr'><strong>δι’</strong></span> <span class='ocrx_word' id='word_1_839' title='bbox 2518 4938 2682 4992; x_wconf 82' lang='grc' dir='ltr'>αὑτοῦ</span> <span class='ocrx_word' id='word_1_840' title='bbox 2720 4942 2830 5010; x_wconf 86' lang='grc' dir='ltr'><strong>γὰρ</strong></span> <span class='ocrx_word' id='word_1_841' title='bbox 2858 4939 3191 5009; x_wconf 85' lang='grc' dir='ltr'>τρεφόμεθα.</span> <span class='ocrx_word' id='word_1_842' title='bbox 3246 4938 3441 5008; x_wconf 85' lang='grc' dir='ltr'>Ἀμνὺς</span> <span class='ocrx_word' id='word_1_843' title='bbox 3474 4940 3580 5007; x_wconf 73' lang='grc' dir='ltr'><strong>γάρ</strong></span> <span class='ocrx_word' id='word_1_844' title='bbox 3609 4942 3754 4992; x_wconf 80' lang='grc' dir='ltr'>ἐστιν</span> <span class='ocrx_word' id='word_1_845' title='bbox 3780 4943 3806 4993; x_wconf 87' lang='grc' dir='ltr'><em>ὀ</em></span> <span class='ocrx_word' id='word_1_846' title='bbox 3832 4941 4003 5008; x_wconf 75' lang='grc' dir='ltr'>Λόγος</span> 
     </span>
    </p>
   </div>
   <div class='ocr_carea' id='block_1_107' title="bbox 2425 5030 4000 5106">
    <p class='ocr_par' dir='ltr' id='par_1_107' title="bbox 2425 5030 4000 5106">
     <span class='ocr_line' id='line_1_107' title="bbox 2425 5030 4000 5106; baseline 0.002 -24"><span class='ocrx_word' id='word_1_847' title='bbox 2425 5030 2522 5084; x_wconf 86' lang='grc' dir='ltr'><strong>τοῦ</strong></span> <span class='ocrx_word' id='word_1_848' title='bbox 2548 5030 2707 5106; x_wconf 79' lang='grc' dir='ltr'>Θεοῦ,</span> <span class='ocrx_word' id='word_1_849' title='bbox 2737 5030 2796 5083; x_wconf 79' lang='grc' dir='ltr'>ὃν</span> <span class='ocrx_word' id='word_1_850' title='bbox 2828 5031 3103 5093; x_wconf 73' lang='grc' dir='ltr'>ἐσθίοντες</span> <span class='ocrx_word' id='word_1_851' title='bbox 3132 5030 3239 5082; x_wconf 82' lang='grc' dir='ltr'>ἀπὸ</span> <span class='ocrx_word' id='word_1_852' title='bbox 3270 5030 3511 5099; x_wconf 70' lang='grc' dir='ltr'>κεφαλῆς</span> <span class='ocrx_word' id='word_1_853' title='bbox 3535 5031 3661 5100; x_wconf 73' lang='grc' dir='ltr'>ἄχρι</span> <span class='ocrx_word' id='word_1_854' title='bbox 3690 5032 3884 5091; x_wconf 81' lang='grc' dir='ltr'>ποδῶν.</span> <span class='ocrx_word' id='word_1_855' title='bbox 3914 5051 4000 5085; x_wconf 83' lang='grc' dir='ltr'>κε-</span> 
     </span>
    </p>
   </div>
   <div class='ocr_carea' id='block_1_108' title="bbox 2430 5120 4003 5192">
    <p class='ocr_par' dir='ltr' id='par_1_108' title="bbox 2430 5120 4003 5192">
     <span class='ocr_line' id='line_1_108' title="bbox 2430 5120 4003 5192; baseline -0.008 -4"><span class='ocrx_word' id='word_1_856' title='bbox 2430 5122 2604 5192; x_wconf 81' lang='grc' dir='ltr'><strong>φαλῆς</strong></span> <span class='ocrx_word' id='word_1_857' title='bbox 2631 5124 2749 5192; x_wconf 81' lang='grc' dir='ltr'>μὲν.</span> <span class='ocrx_word' id='word_1_858' title='bbox 2776 5122 2877 5191; x_wconf 78' lang='grc' dir='ltr'>τῆς</span> <span class='ocrx_word' id='word_1_859' title='bbox 2912 5122 3160 5190; x_wconf 81' lang='grc' dir='ltr'>θεότητος</span> <span class='ocrx_word' id='word_1_860' title='bbox 3185 5136 3198 5150; x_wconf 77' lang='grc'><strong><em>⁸</em></strong></span> <span class='ocrx_word' id='word_1_861' title='bbox 3232 5120 3369 5190; x_wconf 80' lang='grc' dir='ltr'>αῦτη</span> <span class='ocrx_word' id='word_1_862' title='bbox 3392 5124 3498 5191; x_wconf 72' lang='grc' dir='ltr'><strong>γὰρ</strong></span> <span class='ocrx_word' id='word_1_863' title='bbox 3526 5122 3731 5191; x_wconf 63' lang='grc' dir='ltr'>κεφαλή</span> <span class='ocrx_word' id='word_1_864' title='bbox 3754 5141 3767 5154; x_wconf 89' lang='grc'><strong>·</strong></span> <span class='ocrx_word' id='word_1_865' title='bbox 3827 5125 4003 5176; x_wconf 70' lang='grc' dir='ltr'>ποδῶν</span> 
     </span>
    </p>
   </div>
   <div class='ocr_carea' id='block_1_109' title="bbox 2428 5212 4002 5284">
    <p class='ocr_par' dir='ltr' id='par_1_109' title="bbox 2428 5212 4002 5284">
     <span class='ocr_line' id='line_1_109' title="bbox 2428 5212 4002 5284; baseline -0.001 -18"><span class='ocrx_word' id='word_1_866' title='bbox 2428 5214 2507 5279; x_wconf 83' lang='grc' dir='ltr'>δὲ,</span> <span class='ocrx_word' id='word_1_867' title='bbox 2536 5215 2634 5284; x_wconf 87' lang='grc' dir='ltr'><strong>τῆς</strong></span> <span class='ocrx_word' id='word_1_868' title='bbox 2672 5214 2873 5282; x_wconf 84' lang='grc' dir='ltr'>σαρκός</span> <span class='ocrx_word' id='word_1_869' title='bbox 2894 5229 2908 5243; x_wconf 80' lang='grc'><em>’</em></span> <span class='ocrx_word' id='word_1_870' title='bbox 2943 5213 3078 5283; x_wconf 79' lang='grc' dir='ltr'>αὕτη</span> <span class='ocrx_word' id='word_1_871' title='bbox 3117 5215 3225 5281; x_wconf 76' lang='grc' dir='ltr'><strong>γὰρ</strong></span> <span class='ocrx_word' id='word_1_872' title='bbox 3253 5212 3323 5265; x_wconf 83' lang='grc' dir='ltr'><strong>τὰ</strong></span> <span class='ocrx_word' id='word_1_873' title='bbox 3349 5213 3574 5282; x_wconf 77' lang='grc' dir='ltr'>ἔσχατα.</span> <span class='ocrx_word' id='word_1_874' title='bbox 3615 5214 3733 5266; x_wconf 83' lang='grc' dir='ltr'>Ἔτι</span> <span class='ocrx_word' id='word_1_875' title='bbox 3776 5215 3881 5283; x_wconf 78' lang='grc' dir='ltr'><strong>μὴν</strong></span> <span class='ocrx_word' id='word_1_876' title='bbox 3908 5217 4002 5266; x_wconf 71' lang='grc' dir='ltr'><strong>καὶ</strong></span> 
     </span>
    </p>
   </div>
   <div class='ocr_carea' id='block_1_110' title="bbox 2429 5304 4000 5374">
    <p class='ocr_par' dir='ltr' id='par_1_110' title="bbox 2429 5304 4000 5374">
     <span class='ocr_line' id='line_1_110' title="bbox 2429 5304 4000 5374; baseline -0.001 -15"><span class='ocrx_word' id='word_1_877' title='bbox 2429 5308 2498 5359; x_wconf 78' lang='grc' dir='ltr'><strong>τὰ</strong></span> <span class='ocrx_word' id='word_1_878' title='bbox 2523 5306 2769 5359; x_wconf 79' lang='grc' dir='ltr'>ὲντόσθια</span> <span class='ocrx_word' id='word_1_879' title='bbox 2798 5306 2983 5369; x_wconf 89' lang='grc' dir='ltr'>αὑτοῦ,</span> <span class='ocrx_word' id='word_1_880' title='bbox 3011 5307 3077 5357; x_wconf 82' lang='grc' dir='ltr'>τὰ</span> <span class='ocrx_word' id='word_1_881' title='bbox 3108 5308 3381 5374; x_wconf 80' lang='grc' dir='ltr'>μυστήρια</span> <span class='ocrx_word' id='word_1_882' title='bbox 3405 5305 3497 5357; x_wconf 73' lang='grc' dir='ltr'><strong>καὶ</strong></span> <span class='ocrx_word' id='word_1_883' title='bbox 3525 5304 3730 5373; x_wconf 59' lang='grc' dir='ltr'>κρύφια</span> <span class='ocrx_word' id='word_1_884' title='bbox 3756 5306 4000 5367; x_wconf 68' lang='grc' dir='ltr'>εὐλαϐῶς</span> 
     </span>
    </p>
   </div>
   <div class='ocr_carea' id='block_1_111' title="bbox 2435 5394 4004 5466">
    <p class='ocr_par' dir='ltr' id='par_1_111' title="bbox 2435 5394 4004 5466">
     <span class='ocr_line' id='line_1_111' title="bbox 2435 5394 4004 5466; baseline 0.001 -19"><span class='ocrx_word' id='word_1_885' title='bbox 2435 5394 2999 5466; x_wconf 77' lang='grc' dir='ltr'>ὲμὸρωματιζόμενοι,</span> <span class='ocrx_word' id='word_1_886' title='bbox 3032 5397 3097 5448; x_wconf 76' lang='grc' dir='ltr'>τὰ</span> <span class='ocrx_word' id='word_1_887' title='bbox 3131 5396 3264 5447; x_wconf 82' lang='grc' dir='ltr'>όστᾶ</span> <span class='ocrx_word' id='word_1_888' title='bbox 3306 5396 3365 5447; x_wconf 81' lang='grc' dir='ltr'>οὐ</span> <span class='ocrx_word' id='word_1_889' title='bbox 3436 5397 3807 5463; x_wconf 75' lang='grc' dir='ltr'>συντρίϐομεν,</span> <span class='ocrx_word' id='word_1_890' title='bbox 3851 5413 4004 5449; x_wconf 80' lang='grc' dir='ltr'>τουτ-</span> 
     </span>
    </p>
   </div>
   <div class='ocr_carea' id='block_1_112' title="bbox 2438 5487 4001 5558">
    <p class='ocr_par' dir='ltr' id='par_1_112' title="bbox 2438 5487 4001 5558">
     <span class='ocr_line' id='line_1_112' title="bbox 2438 5487 4001 5558; baseline 0 -16"><span class='ocrx_word' id='word_1_891' title='bbox 2438 5488 2607 5553; x_wconf 81' lang='grc' dir='ltr'>έστιν,</span> <span class='ocrx_word' id='word_1_892' title='bbox 2635 5489 2703 5541; x_wconf 80' lang='grc' dir='ltr'>τὰ</span> <span class='ocrx_word' id='word_1_893' title='bbox 2747 5487 3120 5557; x_wconf 84' lang='grc' dir='ltr'>δυσκολώτερα</span> <span class='ocrx_word' id='word_1_894' title='bbox 3154 5489 3261 5540; x_wconf 85' lang='grc' dir='ltr'><strong>τῶν</strong></span> <span class='ocrx_word' id='word_1_895' title='bbox 3287 5490 3574 5557; x_wconf 69' lang='grc' dir='ltr'>νοημάτων</span> <span class='ocrx_word' id='word_1_896' title='bbox 3601 5489 3693 5540; x_wconf 74' lang='grc' dir='ltr'><strong>καὶ</strong></span> <span class='ocrx_word' id='word_1_897' title='bbox 3742 5488 4001 5558; x_wconf 76' lang='grc' dir='ltr'>ὲμῦριθέ-</span> 
     </span>
    </p>
   </div>
   <div class='ocr_carea' id='block_1_113' title="bbox 2442 5576 4003 5649">
    <p class='ocr_par' dir='ltr' id='par_1_113' title="bbox 2442 5576 4003 5649">
     <span class='ocr_line' id='line_1_113' title="bbox 2442 5576 4003 5649; baseline -0.003 -17"><span class='ocrx_word' id='word_1_898' title='bbox 2442 5596 2628 5649; x_wconf 90' lang='grc' dir='ltr'>στερα.</span> <span class='ocrx_word' id='word_1_899' title='bbox 2668 5581 2734 5633; x_wconf 76' lang='grc' dir='ltr'><strong>’Δ</strong></span> <span class='ocrx_word' id='word_1_900' title='bbox 2766 5579 2873 5649; x_wconf 74' lang='grc' dir='ltr'><strong>γὰρ</strong></span> <span class='ocrx_word' id='word_1_901' title='bbox 2902 5580 2963 5631; x_wconf 84' lang='grc' dir='ltr'><strong>οὑ</strong></span> <span class='ocrx_word' id='word_1_902' title='bbox 2998 5578 3272 5648; x_wconf 79' lang='grc' dir='ltr'>δυνάμεθα</span> <span class='ocrx_word' id='word_1_903' title='bbox 3312 5578 3522 5645; x_wconf 81' lang='grc' dir='ltr'>νοῆσαι,</span> <span class='ocrx_word' id='word_1_904' title='bbox 3578 5576 3749 5630; x_wconf 87' lang='grc' dir='ltr'>ταῦτα</span> <span class='ocrx_word' id='word_1_905' title='bbox 3782 5581 3840 5630; x_wconf 72' lang='grc' dir='ltr'><strong>οὑ</strong></span> <span class='ocrx_word' id='word_1_906' title='bbox 3887 5596 4003 5629; x_wconf 80' lang='grc' dir='ltr'>συν-</span> 
     </span>
    </p>
   </div>
   <div class='ocr_carea' id='block_1_114' title="bbox 767 5669 2459 5743">
    <p class='ocr_par' dir='ltr' id='par_1_114' title="bbox 767 5673 2459 5743">
     <span class='ocr_line' id='line_1_114' title="bbox 767 5673 2459 5743; baseline 0 -18"><span class='ocrx_word' id='word_1_907' title='bbox 767 5683 821 5725; x_wconf 90' lang='lat' dir='ltr'><strong>et</strong></span> <span class='ocrx_word' id='word_1_908' title='bbox 872 5673 1170 5740; x_wconf 88' lang='lat' dir='ltr'><strong>periculose</strong></span> <span class='ocrx_word' id='word_1_909' title='bbox 1221 5674 1597 5743; x_wconf 80' lang='lat' dir='ltr'><strong>intelligamus.</strong></span> <span class='ocrx_word' id='word_1_910' title='bbox 1662 5674 1874 5728; x_wconf 85' lang='lat' dir='ltr'><strong>Etenim</strong></span> <span class='ocrx_word' id='word_1_911' title='bbox 1938 5673 2154 5743; x_wconf 84' lang='lat' dir='ltr'><strong>quando</strong></span> <span class='ocrx_word' id='word_1_912' title='bbox 2206 5687 2339 5729; x_wconf 86' lang='lat' dir='ltr'><strong>sane</strong></span> <span class='ocrx_word' id='word_1_913' title='bbox 2438 5689 2459 5725; x_wconf 77' lang='grc' dir='ltr'>οι</span> 
     </span>
    </p>
   </div>
   <div class='ocr_carea' id='block_1_115' title="bbox 2314 5669 4006 5743">
    <p class='ocr_par' dir='ltr' id='par_1_115' title="bbox 2314 5669 4006 5743">
     <span class='ocr_line' id='line_1_115' title="bbox 2314 5669 4006 5743; baseline -0.004 -14"><span class='ocrx_word' id='word_1_914' title='bbox 2314 5689 2339 5729; x_wconf 83' lang='lat' dir='ltr'><strong>e</strong></span> <span class='ocrx_word' id='word_1_915' title='bbox 2438 5672 2723 5743; x_wconf 82' lang='grc' dir='ltr'>τρίψομεν,</span> <span class='ocrx_word' id='word_1_916' title='bbox 2755 5670 3051 5738; x_wconf 84' lang='grc' dir='ltr'>τουτέστιν,</span> <span class='ocrx_word' id='word_1_917' title='bbox 3081 5671 3140 5723; x_wconf 81' lang='grc' dir='ltr'>οὑ</span> <span class='ocrx_word' id='word_1_918' title='bbox 3178 5670 3552 5738; x_wconf 76' lang='grc' dir='ltr'>σπουδάσομεν</span> <span class='ocrx_word' id='word_1_919' title='bbox 3582 5669 3767 5738; x_wconf 71' lang='grc' dir='ltr'>νοῆσαι</span> <span class='ocrx_word' id='word_1_920' title='bbox 3817 5669 4006 5731; x_wconf 74' lang='grc' dir='ltr'>κακῶς</span> 
     </span>
    </p>
   </div>
   <div class='ocr_carea' id='block_1_116' title="bbox 842 5855 2271 5926">
    <p class='ocr_par' dir='ltr' id='par_1_116' title="bbox 842 5855 2271 5926">
     <span class='ocr_line' id='line_1_116' title="bbox 842 5855 2271 5926; baseline 0.013 -19"><span class='ocrx_word' id='word_1_921' title='bbox 842 5856 884 5889; x_wconf 66' lang='grc' dir='ltr'>ίν</span> <span class='ocrx_word' id='word_1_922' title='bbox 912 5857 1081 5911; x_wconf 75' lang='lat' dir='ltr'><strong>L&#39;xod.</strong></span> <span class='ocrx_word' id='word_1_923' title='bbox 1120 5874 1214 5921; x_wconf 78' lang='lat' dir='ltr'><strong>xu,</strong></span> <span class='ocrx_word' id='word_1_924' title='bbox 1263 5858 1350 5921; x_wconf 57' lang='lat'><strong>756;</strong></span> <span class='ocrx_word' id='word_1_925' title='bbox 1385 5855 1541 5911; x_wconf 78' lang='lat' dir='ltr'><strong>Nunt.</strong></span> <span class='ocrx_word' id='word_1_926' title='bbox 1580 5858 1632 5921; x_wconf 84' lang='lat'><strong>9,</strong></span> <span class='ocrx_word' id='word_1_927' title='bbox 1676 5857 1757 5912; x_wconf 73' lang='lat'><strong>1&#39;3.</strong></span> <span class='ocrx_word' id='word_1_928' title='bbox 1840 5858 1880 5889; x_wconf 80' lang='lat'><strong>&quot;&#39;</strong></span> <span class='ocrx_word' id='word_1_929' title='bbox 1932 5860 2097 5926; x_wconf 75' lang='grc' dir='ltr'>Αροε.</span> <span class='ocrx_word' id='word_1_930' title='bbox 2143 5870 2181 5921; x_wconf 73' lang='grc' dir='ltr'><strong>Ι»</strong></span> <span class='ocrx_word' id='word_1_931' title='bbox 2221 5855 2271 5911; x_wconf 80' lang='lat'><strong>7-</strong></span> 
     </span>
    </p>
   </div>
  </div>
