4284 6450
748 432 848 497 ειη

1595 416 2177 480 THEOPHYLACTI
2214 418 2628 479 BULGARL’E
2666 418 3023 480 ARCIIIEP.

3887 426 3999 487 292

749 543 972 601 clinavit
995 555 1055 596 se
1100 539 1155 594 in
1184 540 1620 596 monumentum,
1676 538 1731 584 et
1761 527 1905 581 videt
1931 527 2065 580 duos
2094 525 2313 592 angelos
2342 532 2387 587 Α
2421 547 2441 595 ι,

2287 540 2313 578 s
2342 532 2387 587 Α
2421 527 2711 595 μνημεῖον·
2748 527 2841 577 καὶ
2875 525 3071 596 θεωρεῖ
3103 524 3195 578 δύο
3209 526 3475 594 ἀγγέλους
3510 528 3567 581 ἐν
3599 527 3833 597 λευκοῖς,
3867 533 3977 585 καθ

753 635 981 690 amictos
1025 629 1183 696 albis,
1237 626 1487 682 sedentes
1520 636 1684 675 unum
1728 620 1795 673 ad
1833 626 2071 687 caputet
2097 617 2323 670 alterum

756 728 820 779 ad
852 725 1011 794 pedes
1034 721 1143 775 illic
1169 718 1256 773 ubi
1293 722 1586 786 posuerant
1614 727 1812 782 corpus
1843 710 1995 765 Jesu.
2055 709 2254 763 Dicunt
2274 708 2321 762 ei

753 819 828 873 illi
867 815 1115 879 :Mulier,
1163 812 1291 881 quid
1341 808 1573 881 ploras?
1624 806 1921 861 Dicitei'su
1980 803 2325 857 Sustulerunt

760 907 1041 961 Dominum
1078 918 1279 963 meum,
1313 911 1368 954 et
1403 900 1586 954 nescio
1617 900 1705 951 ubi
1764 909 2064 966 posuerunt
2118 910 2261 949 eum.
2297 912 2316 945 ι

755 1000 889 1056 Vide
920 999 1006 1054 hic
1038 1012 1199 1065 quan.
1226 994 1439 1048 alienus
1471 1006 1500 1045 a
1539 990 1677 1044 fastu
1704 990 1776 1044 sit
1798 988 2157 1058 evangelista,
2188 1003 2325 1056 quo-

753 1094 916 1147 modo
938 1097 1165 1143 testetur
1203 1085 1535 1155 diligentiam
1560 1081 1703 1136 Petri
1741 1082 1792 1135 in
1829 1083 2145 1137 scrutando.
2192 1079 2323 1133 Nam

749 1200 872 1239 cum
897 1183 1012 1251 ipse
1041 1178 1409 1251 praevenisset,
1445 1184 1498 1228 et
1524 1175 1746 1228 vidisset
1775 1194 1793 1226 ι
1830 1174 2061 1243 jacentia
2091 1173 2277 1237 lintea,
2303 1191 2320 1221 ι

747 1292 854 1331 non
891 1275 1030 1328 ultra
1084 1275 1298 1327 curiose
1364 1271 1558 1338 qnazrit
1598 1309 1612 1331 ,
1648 1270 1741 1322 sed
1798 1277 2074 1337 exspectat
2122 1267 2270 1320 illum
2307 1285 2321 1320 :

750 1368 945 1421 Petrus
1008 1376 1186 1419 autem
1247 1364 1682 1416 ferventissimus
1730 1362 2093 1427 introgressus
2145 1358 2323 1411 omnia

746 1460 1031 1526 diligenter
1068 1454 1395 1524 exploravit,
1420 1462 1547 1506 tunc
1573 1452 1656 1504 hic
1687 1459 1811 1519 post
1847 1450 1995 1503 illum
2051 1451 2324 1518 ingressus

749 1568 768 1600 ι
800 1549 932 1602 vidit
958 1567 975 1599 ›
997 1546 1316 1616 ερρυιονιιιίε
1342 1546 1635 1610 separatim
1657 1544 1853 1613 posita,
1876 1560 1894 1592 ι
1922 1558 1985 1595 ac
2008 1543 2269 1595 credidit:
2299 1560 2317 1591 ι

747 1657 852 1693 non
884 1642 1023 1707 quod
1052 1639 1379 1693 surrexisset
1403 1637 1688 1698 Dominus,
1719 1636 1812 1689 sed
1842 1634 1981 1702 quod
2010 1632 2150 1685 furto
2175 1631 2324 1686 abla-

749 1746 833 1787 tus
868 1743 1031 1786 esset.
1068 1729 1311 1784 Credidit
1366 1729 1511 1783 enim
1559 1726 1739 1779 Maria:
1773 1725 1993 1788 dicenti,
2022 1741 2039 1774 ι
2073 1722 2320 1777 Sustule-

750 1834 872 1875 runt
904 1821 1213 1874 Dowinnm.
1244 1839 1261 1871 ι
1303 1819 1483 1884 Quare
1529 1830 1708 1870 autem
1773 1816 2004 1868 credidit
2034 1813 2214 1867 Mat-im
2264 1821 2319 1867 et

2430 617 2739 686 εζομένους,
2777 617 2871 669 ἕνα
2938 619 3075 687 πρὸς
3111 621 3177 689 τῇ
3220 619 3452 688 κεφαλῇ,
3484 622 3581 673 καὶ
3608 621 3705 675 ἕνα
3730 622 3865 691 πρὸς
3893 626 4009 684 τοῖς

2430 710 2609 770 ποσὶν,
2638 708 2770 761 ὅπου
2802 708 2978 761 ἔκειτο
3004 708 3063 761 τὸ
3096 708 3254 778 σῶμα
3299 709 3391 761 τοῦ
3439 710 3640 780 Ἰησοῦ.
3676 713 3784 763 Kal.
3812 712 4008 779 λέγου-

2431 816 2516 851 σιν
2547 802 2685 870 αὐτῇ
2717 802 2915 852 ἐκείνοι
2940 818 2955 831 ”
2992 801 3180 862 Γύναι,
3217 800 3269 853 τί
3313 800 3550 864 κλαίειςς
3582 804 3746 870 Λέγει
3784 805 4001 867 αὐτοῖς’

2431 890 2553 942 ’Ότι
2581 886 2724 960 ἦραν
2766 893 2857 943 τὸν
2892 892 3094 961 Κύριόν
3126 908 3248 960 μου,
3283 895 3376 947 καὶ
3405 895 3505 946 οὐκ
3528 891 3644 946 οἴδα
3675 895 3776 947 ποῦ
3800 894 4008 962 ἐ;ηκαν

2428 983 2611 1033 αὐτόν.
2654 1000 2672 1033 ι
2724 982 2922 1035 Σκόπει
2969 999 3061 1052 μοι
3090 982 3151 1036 τὸ
3188 983 3285 1035 τοῦ
3330 984 3716 1052 εὐαγγελιστοῦ
3778 985 4003 1054 ἄτυφον,

2429 1074 2545 1133 πῶς
2576 1075 2674 1142 τὴν
2702 1074 2986 1144 ἀκρίόειαν
3008 1076 3103 1143 τῆς
3128 1074 3356 1144 ἐρεύνης
3384 1076 3461 1143 τῷ
3498 1076 3688 1146 Πέτρῳ
3718 1092 4007 1147 προσμαρ-

2429 1168 2601 1235 τυρεῖ.
2648 1165 2975 1235 Προφθάσας
3006 1166 3115 1236 γὰρ
3158 1167 3340 1228 αὐτὸς,
3379 1169 3472 1218 καὶ
3505 1165 3627 1219 ίδὼν
3671 1185 3691 1217 ι
3731 1170 3799 1219 τὰ
3822 1166 4007 1220 ὀθόνια

2428 1258 2677 1325 κείμενα,
2723 1277 2741 1309 ι
2781 1259 2932 1311 οὐδὲν
2972 1259 3134 1310 πλέον
3179 1259 3647 1329 πολυπραγμονεῖ,
3684 1258 3821 1312 ἀλλά
3869 1260 4002 1312 ἀνα-

2432 1348 2579 1417 μένει
2612 1350 2839 1403 ἐκεῖνον.
2883 1351 3086 1418 Πέτρος
3114 1350 3172 1403 δὲ
3204 1351 3232 1401 6
3260 1351 3591 1422 θερμότατος
3620 1350 3883 1421 ἐνδοτέρω
3908 1367 4003 1418 γε-

2429 1444 2674 1512 νόμενος,
2724 1442 2942 1495 ἅπαντα
2983 1446 3374 1497 κατώπτευσεν
3432 1444 3698 1513 ἀκριϐῶς,
3757 1446 3851 1497 καὶ
3882 1445 4003 1496 τότε

2426 1530 2578 1596 οὗτος
2622 1536 2739 1603 μετ’
2789 1537 2996 1588 ἐκεῖνον
3046 1537 3325 1597 είσελθὼν,
3372 1556 3389 1587 ι
3450 1535 3558 1589 εἶδε
3598 1556 3615 1587 ι
3668 1538 3736 1590 τά
3768 1536 4000 1604 ἐντάφια

2425 1627 2764 1696 διῃρημένως
2805 1627 3051 1695 κείμενα,
3115 1645 3133 1677 ι
3177 1629 3272 1680 καὶ
3316 1627 3660 1693 ἐπίστευσεν,
3706 1647 3725 1679 ι
3762 1629 3861 1698 οὐχ
3916 1629 4001 1681 ὃτι

2425 1718 2622 1787 ἀνέστη
2672 1717 2702 1767 6
2736 1716 2958 1786 Κύριος,
2991 1716 3108 1769 ἀλλ’
3153 1718 3235 1770 ὅτι
3274 1718 3507 1787 ἐκλάπη.
3536 1717 3859 1771 Ἑπίστευσε
3890 1716 4000 1786 γὰρ

2423 1808 2502 1877 τῷ
2548 1808 2647 1876 τῆς
2688 1808 2903 1877 Μαρίας
2963 1808 3106 1878 λόγῳ
3169 1808 3465 1879 εἰπούσης·
3510 1828 3527 1861 ι
3567 1810 3687 1863 Ὀτι
3735 1805 3879 1880 ἦραν
3908 1811 4001 1862 τὸν

752 1865 872 1875 ......
1244 1865 1258 1871 ,
1310 1865 1482 1884 ιη--
1531 1865 1707 1870 -__--___
2275 1865 2312 1867 _,

745 1932 849 1968 non
880 1912 1138 1982 cogitavit
1167 1911 1311 1978 quod
1363 1908 1740 1965 surrexisset?
1796 1926 1816 1958 ι
1866 1906 2111 1959 Nondum
2172 1906 2314 1959 enim
2350 1865 2437 1953 Β]

2310 1926 2314 1957 ι
2350 1865 2395 1925 Β
2426 1900 2649 1970 Κύριον.
2692 1919 2711 1952 ι
2746 1902 2845 1953 Διά
2877 1901 2930 1953 τί
2956 1903 3245 1955 ἐπίστευσε
3270 1905 3336 1973 τῇ
3392 1904 3599 1973 Μαρίᾳ,
3633 1904 3727 1957 καὶ
3755 1903 3854 1956 οὐκ
3886 1903 4002 1956 ἐλο-

743 2007 1016 2060 Sciveraut
1039 2001 1397 2068 Seripturam,
1417 2001 1560 2070 quod
1583 1999 1867 2067 oportebat
1887 2014 2009 2052 cum
2037 2012 2066 2050 a
2091 1997 2316 2051 mortuis

744 2105 1045 2159 resurgere,
1084 2109 1103 2141 ι
1144 2102 1199 2144 ει
1229 2099 1509 2158 propterea
1537 2087 1882 2141 crediderunt
1916 2088 2114 2152 Mariae,
2141 2088 2318 2155 suspi-

744 2193 1044 2250 canturque
1074 2180 1275 2234 furtum
1308 2190 1360 2234 et
1393 2181 1740 2233 ablatiouem.
1792 2177 1959 2248 Igitur
1987 2180 2036 2231 Ιιί
2102 2181 2315 2247 quidem

748 2292 767 2324 ι
803 2273 1049 2327 abierunt
1079 2273 1144 2325 ad
1196 2273 1423 2340 seipsos,
1468 2289 1487 2322 ι
1522 2271 1572 2326 id
1604 2280 1685 2325 est
1712 2286 1808 2341 per
1845 2271 2069 2339 seipsus,
2103 2281 2155 2323 et
2184 2269 2314 2324 nihil

744 2368 884 2418 ultra
953 2364 1228 2418 curiosius
1284 2365 1639 2430 inquirentes.
1704 2367 1771 2417 At
1828 2364 1994 2415 Maria
2032 2363 2316 2432 (muliebre

739 2458 881 2510 enim
939 2471 1107 2524 genus
1139 2455 1514 2509 affectionibus
1566 2455 1737 2523 magis
1791 2456 2083 2508 obnoxium
2139 2465 2194 2508 et
2245 2456 2312 2509 ad

740 2551 1006 2615 laerymas
1085 2548 1434 2616 propensum)
1500 2554 1625 2599 ante
1677 2547 1981 2614 sepulcrum
2070 2556 2205 2609 stat,
2261 2556 2315 2600 et

746 2640 943 2707 plorat.
993 2639 1126 2704 Quia
1177 2640 1321 2692 enim
1357 2654 1461 2692 non
1517 2639 1748 2692 habebat
1784 2637 1991 2701 Jesum,
2026 2638 2106 2692 vel
2138 2639 2313 2693 lorum

742 2733 929 2785 videns
956 2734 1005 2784 in
1043 2747 1148 2799 quo
1196 2731 1374 2785 fuerat
1431 2733 1661 2799 positum
1709 2732 2064 2786 desiderabile
2095 2748 2312 2802 corpus,

738 2840 803 2879 ex
846 2824 949 2878 hoc
980 2824 1094 2879 solo
1149 2824 1577 2878 consolationem
1611 2824 1819 2878 invenit
1850 2839 1865 2876 :
1920 2826 2062 2879 unde
2091 2836 2145 2880 et
2201 2842 2312 2878 nia-

739 2919 914 2984 jorem
988 2926 1223 2970 meretur
1288 2918 1551 2969 visionem
1624 2931 1785 2985 quam
1846 2916 2118 2986 discipuli.
2183 2917 2313 2983 Qua:

738 3012 883 3062 cnim
919 3008 992 3061 illi
1026 3022 1130 3061 non
1171 3007 1440 3073 viderunt,
1480 3021 1543 3061 ea
1573 3007 1687 3063 haec
1716 3008 2026 3077 conspicata
2052 3018 2153 3075 est,
2178 3009 2314 3064 duos

740 3099 961 3168 angelos
1000 3115 1019 3148 ι
1054 3097 1295 3167 inquam.
1338 3097 1583 3151 Maxima:
1640 3107 1817 3153 autem
1848 3099 2202 3154 consolationi
2264 3100 2314 3155 ei

2423 1992 2633 2059 γίσατο,
2665 1994 2747 2045 ὅτι
2795 1995 3029 2063 ἀνέστης
3075 2012 3093 2044 ι
3124 1993 3291 2047 Οὔπω
3314 1995 3420 2064 γὰρ
3458 1996 3678 2065 ⁴ᾔδεισαν
3711 1995 3809 2065 τὴν
3860 1996 4001 2062 Γρα-

2423 2084 2549 2154 φὴν,
2584 2086 2667 2137 ὅτι
2710 2085 2791 2138 δεῖ
2820 2085 2981 2139 αὑτὸν
3018 2088 3083 2138 ἐκ
3111 2086 3323 2156 νεκρῶν
3352 2088 3675 2157 ἀναστῆναι,
3708 2105 3726 2138 ι
3773 2088 3867 2139 καὶ
3906 2086 3997 2139 διὰ

2420 2178 2580 2231 τοῦτο
2608 2180 2935 2231 ἐπίστευσαν
2968 2182 3034 2250 τῇ
3078 2179 3289 2249 Μαρίᾳ..
3341 2181 3547 2250 κλοπὴν
3582 2180 3673 2231 καὶ
3708 2178 3999 2249 μετάθεσιν

2421 2270 2515 2323 τοῦ
2551 2269 2803 2336 σώματος
2829 2270 3226 2342 θποπτευούσῃ.
3259 2265 3419 2325 Οὗτοι
3453 2273 3551 2342 μὲν
3580 2270 3674 2324 οὖν
3703 2289 3721 2321 ι
3757 2269 3999 2341 ἀπῆλθον

2423 2362 2558 2431 πρὸς
2588 2362 2806 2428 αὐτοις,
2848 2382 2866 2413 ι
2902 2365 3171 2427 τουτέστι,
3216 2365 3339 2417 καθ’
3373 2365 3619 2427 ἑαυτοὺς,
3653 2363 3804 2417 οὐδὲν
3833 2362 3997 2413 πλέον

2426 2454 2945 2523 περιεργασάμενοι.
2978 2456 3163 2523 Μαρία
3207 2458 3264 2509 δέ
3300 2456 3380 2527 (τὸ
3412 2457 3517 2526 γὰρ
3553 2458 3864 2523 γυναικεῖον
3901 2454 3996 2519 γέ-

2423 2563 2511 2609 νος
2560 2549 2858 2617 περιπαθὲς
2922 2554 3012 2602 καὶ
3052 2551 3372 2623 τιλόδακρυ)
3425 2552 3561 2622 πρὸς
3612 2550 3671 2603 τὸ
3732 2551 3999 2619 μνημεῖον

2422 2636 2635 2689 ἵσταται
2662 2641 2756 2690 καὶ
2786 2639 2985 2694 κλαίει.
3029 2642 3180 2693 Ἐπεὶ
3223 2642 3331 2711 γὰρ
3365 2642 3465 2694 οὐκ
3495 2637 3609 2711 εἶχε
3638 2642 3730 2693 τὸν
3765 2639 3994 2708 Ἰησοῦν,

2421 2728 2511 2781 τὸν
2558 2730 2722 2783 τόπον
2763 2731 2949 2799 βλέπει
2993 2734 3121 2787 ἔνθα
3158 2735 3219 2788 τὸ
3271 2735 3606 2804 ποθούμενον
3641 2735 3801 2804 σῶμα
3864 2750 3998 2785 κατ-

2423 2822 2612 2889 ετέθη,
2662 2824 2725 2875 ἐκ
2773 2825 2963 2877 τούτου
3022 2826 3184 2895 μόνου
3246 2826 3597 2897 παραμυθίαν
3632 2825 3995 2894 εὑρίσκουσαο

2422 2914 2544 2967 ὃθεν
2583 2918 2675 2968 καὶ
2718 2914 2960 2980 ἀξιοῦται
2996 2920 3238 2986 μείζονος
3264 2918 3553 2984 ὀπτασίας,
3589 2919 3621 2989 ἢ
3651 2919 3701 2970 oi
3734 2916 3994 2987 μαθηταί.

2428 3008 2493 3059 Ἃ
2542 3007 2651 3078 γὰρ
2696 3009 2893 3061 ἐκεῖνοι
2937 3011 3037 3062 οὐκ
3085 3007 3243 3075 εἶδον,
3297 3011 3469 3064 ταῦτα
3519 3012 3658 3079 αὑτὴ
3714 3008 3993 3071 τεθέαται,

2428 3115 2445 3147 ι
2479 3097 2571 3149 δύο
2611 3098 2875 3166 ἀγγέλους
2919 3120 2938 3152 ι
2985 3101 3146 3170 φημί.
3202 3101 3292 3164 lii;
3326 3102 3590 3171 μεγίστην
3624 3102 3680 3154 δέ
3713 3101 3851 3169 αὐτῇ
3886 3116 3996 3152 πα-

737 3202 860 3249 erat
915 3191 1230 3259 angelorum
1296 3200 1639 3259 conspectus,
1677 3201 1732 3244 et
1790 3189 2028 3261 fulgidns
2103 3192 2311 3247 illorum
2342 3217 2429 3286 Ci

2303 3210 2311 3246 I
2342 3226 2386 3286 Ο
2423 3191 2694 3260 ραμυθίαν
2724 3192 2757 3262 η
2788 3192 2897 3244 τῶν
2934 3194 3183 3261 ἀγγέλων
3211 3194 3333 3263 ὄψις
3364 3195 3601 3263 ἐγένετο.
3644 3195 3753 3247 Καὶ
3782 3194 3893 3262 γὰρ
3932 3193 3995 3245 τὸ

740 3284 979 3337 habitus.
1012 3301 1031 3334 ι
1067 3282 1266 3337 Sedere
1283 3290 1458 3335 autem
1488 3297 1652 3335 unum
1684 3282 1750 3335 ad
1777 3294 1938 3351 caput
1987 3291 2041 3337 et
2084 3283 2310 3338 alterum

738 3380 806 3431 ad
837 3377 1021 3445 pedes,
1082 3394 1099 3427 ι
1140 3375 1451 3428 manifestat
1475 3377 1619 3441 quod
1649 3376 1829 3428 sciant
1888 3377 2015 3445 quid
2060 3377 2314 3446 amplius,

736 3480 793 3524 et
824 3470 869 3524 si
901 3478 1179 3537 rogentur,
1207 3481 1369 3536 posse
1394 3466 1613 3522 docere.
1656 3466 1830 3523 Porro
1855 3467 2103 3534 dicendo,
2145 3487 2165 3519 ι
2204 3467 2316 3523 Cur

735 3560 959 3631 ploras?
991 3578 1010 3611 ›
1031 3573 1222 3627 magna
1245 3559 1624 3627 eompassione
1648 3558 1859 3628 plenum
1884 3568 1984 3613 est.
2009 3558 2142 3613 Nam
2171 3569 2228 3614 ut
2253 3576 2319 3616 ne

742 3653 992 3707 turbetur
1024 3651 1221 3704 mulier
1253 3651 1678 3719 interrogatione
1708 3653 1830 3715 hac,
1857 3654 2314 3720 perturbationem

739 3745 978 3797 mulieris
1012 3746 1332 3810 reprimunt,
1368 3754 1647 3797 mansuete
1676 3759 1740 3797 ac
1802 3744 2009 3810 placide
2064 3746 2314 3810 dicendo,

746 3839 990 3904 «Mulier,
1018 3839 1143 3907 quid
1173 3839 1393 3908 ploras?
1422 3858 1440 3890 ι
1477 3838 1567 3892 Illa
1599 3853 1775 3892 autem
1814 3856 2001 3907 magna
2041 3840 2317 3895 aﬂectione

738 3942 793 3984 et
823 3945 1006 3983 amore
1039 3932 1190 3995 dicit,
1246 3950 1265 3981 ι
1305 3931 1651 3986 Sustulerunt
1703 3934 1988 3986 Dominum
2052 3950 2251 3998 meum,
2293 3953 2311 3985 ι

738 4032 1129 4092 preptereaque
1163 4023 1314 4090 ploro
1348 4038 1362 4074 :
1398 4026 1580 4077 nescio
1609 4025 1753 4077 enim
1795 4040 1901 4093 quo
1942 4025 2318 4078 transtulerint

736 4129 881 4179 etim,
906 4123 963 4165 nt
980 4128 1044 4167 eo
1073 4117 1273 4167 vadens
1294 4116 1544 4184 iuungam
1564 4130 1782 4183 corpus,
1803 4126 1856 4170 et
1880 4118 1961 4169 vel
1987 4119 2311 4170 mediocrem

740 4222 806 4259 ex
834 4220 901 4258 eo
932 4206 1349 4259 consolationem
1384 4210 1675 4262 inveniam.
1724 4210 1802 4261 Tn
1853 4224 1980 4261 vero
2040 4212 2186 4263 disce
2228 4209 2317 4263 hic

740 4298 956 4354 Petrum
1010 4300 1304 4367 practicum
1357 4308 1411 4353 et
1458 4300 1745 4367 fervidum,
1804 4301 2065 4357 Joannem
2138 4311 2315 4356 autem

740 4390 1221 4457 contemplativqu
1272 4404 1326 4446 et
1357 4394 1421 4445 ad
1455 4393 1763 4446 divinorum
1805 4394 2167 4462 cognitionem
2209 4395 2319 4447 ido'

740 4496 922 4535 neum.
955 4482 1164 4551 Smpius
1209 4484 1371 4551 igitur
1428 4484 1878 4551 contemplativus
1906 4485 2216 4553 cognitione
2261 4496 2317 4540 et

2422 3285 2606 3351 σχῆμα
2633 3283 2814 3336 αὐτῶν
2847 3284 3091 3355 φαιδρὸν,
3126 3286 3220 3338 καὶ
3264 3286 3325 3339 τὸ
3354 3287 3622 3356 καθῆσθαι
3651 3287 3709 3339 δέ
3756 3286 3955 3348 αὐτοῦς
3975 3323 3992 3347 ,

2427 3392 2445 3425 ι
2486 3373 2582 3426 ἕνα
2630 3374 2766 3444 πρὸς
2793 3378 2858 3444 τῇ
2890 3377 3121 3447 κεφαλῇ.
3162 3377 3258 3430 καὶ
3284 3378 3382 3432 ἐνα
3418 3379 3554 3447 πρὸς
3598 3380 3709 3441 τοῖς
3746 3380 3925 3439 ποσὶν,
3969 3394 3989 3427 ι

2417 3463 2664 3534 ἐμφαίνει
2700 3467 2897 3530 αὐτοὺς
2932 3467 3137 3530 εἰδότας
3182 3486 3236 3521 τι
3263 3469 3443 3535 πλέον,
3478 3473 3572 3524 καὶ
3629 3470 3724 3523 ἐὰν
3782 3470 3994 3539 ἐρωτὴι⁸

2419 3555 2574 3620 θῶσι,
2614 3558 2821 3622 διδάξαι
2860 3559 3209 3628 δυναμένους.
3259 3563 3370 3615 Καὶ
3418 3562 3478 3616 τδ
3519 3564 3692 3615 εἰπεῖν
3724 3562 3803 3626 δέ,
3861 3580 3879 3613 ι
3926 3560 3992 3614 Τί

2419 3644 2655 3710 κλαίεις,
2700 3666 2719 3699 ι
2762 3649 3106 3719 συμπαθείας
3142 3650 3342 3721 πολλῆς
3396 3653 3574 3722 γέμει.
3614 3652 3726 3705 Ἵνα
3778 3658 3881 3721 γὰρ
3918 3651 3992 3722 μὴ

2416 3739 2661 3809 ταραχθῇ
2702 3740 2778 3803 ὡς
2813 3741 2972 3811 γυνὴ,
3027 3742 3114 3794 διὰ
3153 3742 3250 3812 τῆς
3299 3747 3617 3814 ἐρωτήσεως
3654 3744 3859 3814 ταύτης
3888 3761 3989 3797 κα-

2417 3830 2799 3882 ταστέλλουσιν
2845 3831 3017 3901 αὐτῆς
3070 3832 3167 3903 τὴν
3201 3836 3470 3903 ταραχὴν,
3514 3834 3815 3903 συμπαθῶς
3851 3836 3992 3886 οὕτω

2421 3920 2514 3971 καὶ
2551 3923 2736 3989 πράως
2768 3923 3173 3993 ἐρωτήσαντες·
3213 3941 3231 3975 ι
3272 3925 3458 3991 Γύναι,
3490 3926 3542 3978 τί
3575 3926 3818 3992 κλαίεις;
3862 3944 3881 3977 ι
3926 3926 3993 3980 Ἦ

2418 4013 2472 4064 δὲ
2518 4017 2833 4084 περιπαθῶς
2882 4017 2999 4086 ἅμα
3046 4021 3140 4073 καὶ
3174 4021 3565 4090 φιλοστόργως,
3605 4040 3625 4073 ι
3665 4023 3810 4074 Διότι
3847 4017 3991 4091 ἦραν

2418 4106 2509 4156 τῖν
2544 4107 2750 4175 Κυριόν.
2785 4124 2906 4176 μου,
2950 4128 2967 4160 ι
3026 4114 3180 4179 φησι,
3215 4112 3301 4165 διὰ
3356 4113 3514 4165 τοῦτο
3562 4113 3756 4165 κλαίιιν
3788 4114 3849 4165 οὐ
3882 4111 3990 4182 γὰρ

2417 4190 2531 4247 οἶδα
2571 4196 2673 4248 ποῦ
2726 4198 3032 4267 μετέθηκαν
3083 4202 3267 4265 αὐτὸν,
3317 4202 3402 4255 ἴνα
3439 4204 3616 4255 ἐκεῖσε
3654 4202 3987 4263 ἀπελθοῦσα,

2420 4288 2702 4356 περιχυθῶ
2732 4288 2810 4358 τῷ
2846 4290 3081 4359 σώματι,
3134 4293 3229 4345 καὶ
3264 4294 3615 4364 παραμυθίαν
3648 4295 3866 4362 εὑρήσω
3892 4309 3990 4361 με·

2416 4381 2575 4449 τρίαν
2602 4381 2754 4447 γοῦν.
2786 4384 2858 4435 Σὺ
2884 4383 2940 4435 δέ
2971 4401 3059 4452 μοι
3089 4386 3198 4437 νόει
3225 4386 3428 4455 Πέτρον
3457 4387 3579 4456 μὲν,
3604 4386 3664 4438 τὸ
3689 4385 3991 4456 πρακτικὸν

2418 4473 2512 4525 καὶ
2543 4472 2741 4543 θερμόν
2763 4489 2776 4503 ⁸
2822 4476 3075 4545 Ἰωάννην
3108 4478 3183 4540 δὲ,
3212 4479 3273 4529 τὸ
3300 4479 3630 4548 θεωρητικὸν
3659 4480 3752 4530 καὶ
3791 4477 3991 4544 sitpch

740 4574 958 4639 ingenio
1008 4577 1289 4639 praevenit,
1339 4577 1612 4637 practicus
1677 4586 1855 4629 autem
1903 4578 2170 4644 posterior
2208 4586 2311 4640 est,
2346 4580 2432 4635 D‘l

2298 4618 2311 4640 ’
2346 4580 2389 4635 ι)
2418 4565 2547 4635 περί
2584 4566 2683 4635 τὴν
2711 4566 2819 4618 τῶν
2851 4568 3011 4619 θείων
3040 4569 3261 4637 γνῶσιν.
3306 4571 3569 4632 Πολλάκις
3595 4566 3687 4622 οὖν
3736 4573 3990 4640 προλαμ-

738 4673 975 4717 attamen
1012 4664 1226 4717 fervore
1259 4680 1321 4719 ac
1349 4665 1529 4719 studio
1580 4665 1723 4720 illius
1756 4667 1924 4720 vincit
1952 4682 2199 4721 acumen.
2242 4668 2311 4722 Et

736 4755 886 4809 videt
909 4756 1057 4825 prior
1089 4758 1328 4810 divinum
1362 4758 1630 4825 quoddam
1658 4759 1973 4828 mysterium
2018 4761 2307 4828 praeticus.

738 4848 823 4899 An
861 4862 967 4899 non
988 4846 1093 4900 tale
1119 4848 1375 4914 quiddam
1412 4849 1675 4917 contingit
1702 4850 1754 4901 in
1813 4849 2151 4919 disciplinis?
2193 4849 2313 4904 Ete-

744 4938 854 4991 nim
876 4954 999 4992 cum
1027 4942 1134 4993 duo
1164 4941 1313 5007 pueri
1340 4950 1483 5004 sunt,
1503 4956 1640 4995 unus
1675 4941 1891 5010 ingenio
1915 4944 2143 5007 acutior,
2177 4941 2314 4995 alter

745 5029 970 5092 tardior,
1008 5041 1347 5099 przeoccupat
1373 5033 1457 5085 hic
1471 5048 1568 5087 suo
1590 5034 1772 5087 studio
1797 5033 2130 5087 velocitatem
2156 5040 2315 5087 natu—

745 5136 818 5174 rae
850 5121 1090 5177 alterius.
1120 5123 1331 5176 Etenim
1359 5126 1408 5177 in
1439 5126 1807 5192 spiritualibus
1848 5140 1993 5192 saepe
2024 5127 2315 5193 practicus,

744 5220 800 5267 el.
831 5215 1284 5277 sermoneidiota,
1314 5231 1472 5271 sensu
1500 5219 1750 5287 quiddam
1781 5218 2065 5272 sublimius
2094 5219 2321 5287 percipit

745 5306 1183 5374 contemplativa.
1217 5308 1319 5359 Sed
1366 5316 1418 5359 et
1443 5310 1617 5361 omnis
1649 5310 1825 5362 anima
1867 5324 1983 5377 quae
2014 5310 2323 5361 dominatur

747 5391 1142 5457 affectionibus,
1175 5394 1339 5448 Maria
1377 5396 1595 5450 dicitur.
1654 5399 1886 5463 Purgata
1938 5397 2093 5467 761
2154 5399 2316 5466 igitur

745 5499 842 5553 per
868 5484 1210 5538 an'ertionmn
1238 5486 1622 5552 depositioncm
1657 5526 1672 5550 ,
1727 5487 1871 5541 videt
1922 5487 2104 5541 Jesum
2156 5489 2314 5541 simul

748 5576 913 5629 Deum
944 5587 1000 5628 et
1028 5576 1321 5629 hominem.
1370 5578 1502 5631 Nam
1551 5579 1860 5648 angelorum
1897 5595 2032 5633 unus
2066 5582 2153 5647 qui
2191 5598 2209 5630 ι
2249 5581 2314 5633 ad

752 5674 911 5734 caput
954 5684 973 5718 ι
1008 5668 1178 5731 sedet,
1215 5669 1428 5723 deitatis
1453 5671 1751 5738 symbolum
1805 5684 1907 5735 est,
1945 5670 2081 5724 alter
2135 5680 2313 5723 autem

759 5775 777 5806 ι
811 5759 873 5811 ad
908 5759 1071 5825 pedes
1106 5778 1124 5813 ι
1160 5760 1549 5814 incarnationis
1582 5760 1765 5825 Verbi,
1797 5778 1914 5831 qua:
1941 5772 2021 5815 cst
2050 5771 2312 5816 extrema.

2419 4655 2569 4708 ϐάνει
2593 4659 2691 4725 μὲν
2713 4660 2741 4710 ὁ
2761 4658 3086 4728 θεωρητικὸς
3114 4664 3178 4731 τῇ
3210 4662 3407 4729 γνώσει
3456 4664 3549 4715 καὶ
3586 4666 3649 4732 τῇ
3702 4664 3897 4732 εὐφυΐᾳ
3918 4678 3932 4692 ⁸
3959 4665 3990 4715 6

2419 4748 2475 4799 δέ
2508 4750 2826 4818 πρακτικὸς,
2873 4753 3111 4821 ὑστερεῖ,
3142 4755 3257 4806 ἀλλ’
3284 4756 3429 4823 ὅμως
3461 4758 3524 4824 τῇ
3565 4755 3855 4825 θερμότητι
3893 4758 3991 4809 καὶ

2417 4840 2584 4911 πολλῇ
2617 4845 2820 4914 σπουδῇ
2862 4848 2989 4916 νικᾷ
3019 4847 3117 4916 τὴν
3158 4848 3367 4900 ἐκείνου
3394 4849 3646 4917 ὀξύτητα,
3674 4838 3766 4901 καί
3800 4849 3989 4919 βλέπει

2417 4934 2633 5002 πρῶτος
2676 4935 2822 4988 θεῖόν
2872 4954 2925 4989 τι
2976 4941 3272 5008 μυστήριον
3311 4943 3339 4991 6
3393 4944 3713 5009 πρακτικός.
3755 4944 3821 4993 Ἦ
3866 4943 3991 5011 οὐχὶ

2418 5029 2654 5080 τοιοῦτόν
2679 5046 2731 5080 τι
2773 5030 2867 5081 καὶ
2901 5033 2958 5083 ἐν
2996 5034 3108 5093 τοῖς
3152 5032 3437 5102 μαθήματι
3468 5034 3702 5100 γίνεται;
3740 5035 3849 5087 Καὶ
3877 5036 3990 5103 γὰρ

2415 5120 2472 5171 ἐν
2503 5120 2713 5182 τούτοις
2743 5122 2836 5173 δύο
2883 5123 3088 5175 παίδων
3117 5125 3305 5188 ὄντων,
3341 5128 3369 5178 6
3394 5127 3729 5197 ἀφυέστερος
3763 5127 3859 5179 καὶ
3895 5132 3992 5194 ἀρ·

2417 5212 2639 5283 γὸτερος
2690 5214 3064 5284 προλαμϐάνει
3103 5221 3167 5287 τῇ
3218 5219 3419 5288 σπουδῇ
3462 5220 3521 5271 τὸ
3556 5221 3716 5287 τάχος
3758 5220 3854 5281 τῆς
3889 5221 3990 5273 τοῦ

2420 5302 2609 5373 ἐτέρου
2646 5307 2881 5371 φύσεως.
2932 5308 3048 5358 Κάν
3077 5311 3188 5370 τοῖς
3216 5314 3604 5378 πνευματικοῖς
3634 5312 3687 5363 δέ
3724 5312 3991 5376 πολλάκις

2421 5400 2447 5448 6
2475 5398 2777 5466 πρακτικὸς
2808 5400 2902 5452 καὶ
2933 5400 3146 5469 ἰδιώτης
3177 5401 3252 5470 τῷ
3278 5403 3437 5471 λόγῳ,
3470 5404 3647 5472 νόημά
3683 5421 3732 5455 τι
3769 5406 3994 5468 ἐδέξατο

2423 5491 2667 5557 κρεῖττον
2720 5490 2813 5540 τοῦ
2867 5489 3226 5561 θεωρητικοῦ.
3295 5494 3454 5547 Ἀλλὰ
3505 5498 3598 5547 καὶ
3645 5498 3793 5547 πᾶσα
3838 5497 3994 5565 ψυχὴ

2420 5583 2756 5650 κυριεύσασα
2782 5583 2889 5634 τῶν
2915 5584 3101 5637 παθῶν
3150 5588 3335 5656 Μαρία
3361 5587 3600 5654 λέγεται.
3634 5588 3995 5658 Καθαρθεῖσα

2420 5670 2511 5725 οὖν
2560 5673 2646 5724 διὰ
2693 5674 2792 5742 τῆς
2851 5677 3141 5740 ἀπαθείας,
3173 5679 3273 5749 ὁρᾷ
3302 5680 3393 5732 τὸν
3436 5680 3640 5749 Ἰησοῦν
3683 5680 3813 5732 Θεὶν
3848 5682 3994 5749 ἐμοῦ

2422 5759 2517 5811 καὶ
2556 5761 2863 5828 ἄνθρωπον.
2886 5765 2949 5817 Oi
2972 5767 3081 5836 γὰρ
3100 5768 3339 5835 ἄγγελοι,
3359 5771 3386 5821 6
3420 5772 3516 5838 μὲν
3538 5789 3556 5821 ι
3579 5770 3713 5840 πρὸς
3735 5774 3799 5841 τῇ
3822 5790 3999 5838 κείρε-

755 5846 819 5915 λῇ
856 5866 875 5901 ι
907 5850 1217 5919 καθήμενος
1240 5852 1339 5921 τῆς
1382 5853 1632 5923 θεότητός
1668 5858 1783 5908 ἐστι
1819 5856 2113 5926 σύμϐολονο
2158 5858 2185 5907 6
2207 5855 2261 5907 δέ
2300 5872 2317 5905 ι
2362 5854 2497 5922 πρδς
2520 5858 2629 5918 τοῖς
2665 5862 2809 5922 ποσὶ,
2850 5876 2867 5898 π
2891 5858 2991 5922 τῆς
3020 5861 3253 5927 ἐσχάτης
3302 5862 3394 5914 τοῦ
3426 5862 3601 5928 Λόγου
3632 5862 3993 5930 σαρκώσεωξ.
