4284 6450
242 414 350 478 293

245 615 338 666 καὶ
381 614 577 683 θεωρεῖ
617 615 709 665 τὸν
773 613 982 682 Ἰησοῦν
1030 615 1264 676 ἑστῶτα,
1308 614 1402 665 καὶ
1452 612 1550 664 οὐκ
1598 611 1714 680 ᾔδει
1748 612 1829 662 ὃτι

261 707 471 775 Ἰησοῦς
529 710 667 758 ἐστι.
722 707 884 773 Λέγει
935 706 1071 775 αὐτῇ
1126 707 1152 758 6
1216 704 1458 772 Ἰησοῦςο
1536 705 1722 766 Γύναι,
1778 702 1829 754 τί

249 800 499 861 κλαῖεις;
531 801 652 850 τίνα
683 800 902 868 ζητεῖς;
944 800 1158 867 Ἐκείνη
1191 799 1243 848 δὲ
1280 796 1532 860 δοκοῦσα,
1564 797 1642 848 ὅτι
1667 798 1695 846 6
1725 812 1829 860 κη-

246 894 446 964 πουρὸς
481 895 614 953 ἐστι,
637 893 782 959 λέγει
815 892 962 961 αὐτῷ
988 908 1000 920 °
1031 891 1224 960 Κύριε,
1245 893 1292 942 εἰ
1313 891 1375 941 σὺ
1408 890 1713 950 ἐϐάστασας
1737 891 1830 940 αύ-

247 988 360 1047 τδν,
404 986 524 1037 εἰπέ
561 1003 674 1053 μοι,
708 985 811 1036 ποῦ
846 985 1048 1052 ἔθηκας
1084 986 1268 1047 αὑτὸν,
1314 983 1466 1050 κάγὼ
1498 985 1657 1034 αὑτὸν
1693 984 1827 1050 ἀρῶ.

249 1079 417 1144 Λέγει
467 1079 604 1146 αὐτῇ
659 1080 686 1128 6
722 1078 970 1146 Ἰησοῦς·
1025 1077 1232 1144 Μαρία.
1297 1077 1602 1144 Στραφεῖσα
1649 1075 1828 1144 ἐκείνη

246 1169 570 1238 λέγειαὺτῷ
599 1185 614 1200 ο
663 1169 936 1232 Ῥαὸουνὶ,
971 1170 998 1220 ὃ
1032 1169 1270 1234 λέγεται,
1313 1168 1624 1220 διδάσκαλε.
1668 1168 1830 1232 Λέγει

247 1266 384 1332 αὐτῇ
415 1267 442 1316 ὀ
477 1263 716 1332 Ἰησοῦς·
763 1265 853 1330 Μή
894 1281 995 1332 μου
1031 1265 1203 1316 ἆπτου
1229 1280 1242 1293 ·
1288 1262 1438 1314 οῠπω
1472 1263 1580 1331 γάρ
1630 1261 1829 1315 ἀναϐέ-

255 1359 402 1425 6ηκα
432 1356 566 1424 πρὸς
598 1357 688 1406 τὸν
728 1356 948 1422 Πατέρα
993 1373 1113 1424 μου.
1162 1355 1400 1422 Πορεύου
1447 1355 1502 1406 δὲ
1542 1354 1675 1423 πρὸς
1706 1355 1830 1416 τοὺς

248 1450 514 1516 ἀδελφούς
552 1467 673 1517 μου,
715 1453 810 1501 καὶ
835 1452 954 1501 εἰπὲ
983 1452 1162 1512 αὐτοῖς
1186 1467 1198 1480 ·
1243 1449 1546 1500 Ἀναϐαίνω
1577 1449 1712 1518 πρὸς
1743 1447 1832 1499 τὸν

253 1540 478 1606 Πατέρα
516 1558 639 1607 μου,
679 1543 771 1592 καὶ
805 1542 1022 1609 Πατέρα
1060 1541 1235 1608 ὑμῶν,
1283 1543 1377 1594 καὶ
1416 1541 1549 1592 Θεὸν
1581 1558 1701 1610 μου,
1739 1541 1830 1591 καὶ

249 1631 384 1681 Θεὸν
429 1632 602 1697 ὑμῶν.
640 1632 894 1698 Ἔρχεται
937 1631 1123 1697 Μαρία
1166 1631 1583 1701 ήΜαγδαληνὴ,
1638 1632 1830 1698 ἀπαγ-

247 1721 518 1788 γέλλουσα
547 1725 658 1781 τοῖς
687 1723 985 1789 μαθηταῖς,
1014 1724 1092 1772 ὃτι
1122 1723 1331 1790 ἑώρακε
1361 1723 1453 1773 τὸν
1483 1721 1707 1791 Κύριον,
1739 1722 1830 1772 καὶ

249 1813 426 1864 ΙΙἀὕτα
482 1809 636 1863 εἶπεν
670 1815 832 1881 αὐτῇ.
873 1831 889 1862 ι
937 1814 1091 1875 Τίνος
1133 1815 1318 1864 ἓνεκεν
1362 1814 1608 1884 ἐστράφη
1641 1817 1719 1874 εἰς
1765 1813 1831 1864 τὰ

888 411 1334 474 ENARRATIO
1375 413 1451 472 IN
1486 413 1983 473 EVANGELIUM
2027 414 2367 475 JOANNIS.
2409 441 2476 454 —
2510 417 2669 480 CAP.
2711 419 2842 478 XX.

324 541 342 574 t
404 523 515 575 Καὶ
565 521 738 575 ταῦτα
780 521 1032 585 εἰποῦσα,
1093 522 1340 591 ἐστράφη
1392 524 1470 583 εἰς
1540 521 1606 573 τὰ
1654 521 1830 573 ὀπίσω
1861 527 1900 580 Α

3399 425 3504 486 294

2005 523 2169 575 Vens.
2211 525 2394 578 M-l8.
2433 544 2450 576 t
2491 525 2612 578 Ιιεεο
2648 541 2766 579 cum
2818 528 3077 592 dixisset,
3119 544 3378 586 conversa
3423 548 3506 588 est

1937 627 2255 678 reirei-sum,
2311 626 2364 668 et
2415 617 2559 669 videt
2603 615 2785 670 Jesum
2831 629 3085 681 stantem,
3133 632 3185 674 et
3231 625 3508 679 nesciebat

1935 707 2072 772 quod
2104 704 2258 758 Jesus
2293 717 2456 759 esset.
2497 708 2630 760 Dicit
2664 709 2710 760 ei
2742 709 2901 762 Jesns
2941 727 2952 761 :
2987 709 3192 778 Mulier,
3236 715 3362 782 quid
3392 714 3506 783 plo-

1937 813 2022 850 ras
2055 799 2076 848 ?
2104 799 2270 861 Quem
2307 799 2549 865 qumris?
2583 800 2671 850 Illa
2723 802 3045 854 existimans
3088 807 3230 871 quod
3269 807 3508 859 hortula-

1936 905 2034 942 nus
2068 901 2232 951 esset,
2271 889 2393 942 dit-it
2428 891 2474 943 ei
2507 907 2521 942 τ
2559 891 2799 955 Domine,
2839 894 2883 946 si
2927 903 2978 947 ttt
3025 899 3312 963 asportasti
3357 913 3500 964 cum,

1934 983 2100 1036 dit-ito
2138 983 2264 1036 mihi
2320 984 2406 1036 ubi
2442 984 2685 1048 posueris
2731 1001 2875 1049 eum,
2922 995 2978 1039 et
3020 1002 3118 1053 ego
3149 987 3327 1040 tollam
3359 1004 3504 1042 eum.

1936 1075 2073 1126 Dicit
2106 1076 2154 1127 ei
2190 1074 2346 1128 vaus
2380 1092 2392 1127 :
2428 1074 2618 1130 Maria.
2655 1075 2925 1129 Conversa
2962 1077 3052 1130 illa
3083 1077 3213 1130 dicit
3245 1079 3324 1132 ei:
3359 1080 3506 1133 Rab-

1935 1167 2079 1228 lioni,
2133 1169 2276 1234 quod
2310 1168 2508 1220 dicitur
2556 1169 2832 1234 magister.
2881 1167 3018 1221 Dicit
3068 1171 3115 1223 ei
3166 1170 3354 1226 Jesus:
3389 1171 3506 1228 Noli

1935 1272 2020 1309 me
2070 1266 2315 1324 tangere.
2386 1255 2632 1310 Nondum
2695 1260 2838 1311 enim
2897 1260 3114 1312 ascendi
3167 1267 3231 1312 ad
3289 1261 3505 1316 Patrem

1935 1361 2132 1398 meum.
2196 1346 2298 1397 Sed
2353 1350 2486 1398 vade
2543 1350 2608 1400 ad
2663 1346 2857 1401 fratres
2907 1364 3076 1414 meos,
3133 1360 3184 1402 et
3242 1352 3326 1404 dic
3381 1353 3502 1405 eis:

1932 1435 2180 1489 Ascendo
2223 1435 2286 1488 ad
2344 1436 2560 1488 Patrem
2598 1452 2774 1490 meum
2819 1449 2872 1490 et
2907 1439 3124 1490 Patrem
3161 1452 3420 1502 vestrum,
3455 1451 3510 1496 et

1935 1527 2098 1578 Deum
2151 1544 2324 1579 meum
2369 1538 2420 1580 et
2463 1528 2624 1580 Deum
2663 1539 2920 1580 vestrum.
2967 1528 3125 1582 Venit
3190 1531 3356 1583 Maria
3399 1532 3508 1584 Ma-

1934 1619 2174 1686 gdaleue,
2209 1619 2539 1670 annuntians
2573 1619 2851 1686 discipulis
2880 1623 3023 1687 quod
3070 1621 3291 1673 vidisset
3333 1621 3509 1674 Domi-

1935 1727 2085 1772 num,
2147 1721 2198 1763 et
2249 1726 2309 1762 ea
2361 1711 2586 1764 dixisset
2635 1713 2756 1764 sibi.
2809 1731 2824 1762 ι
2881 1713 3059 1776 Quare
3108 1727 3368 1767 conversa
3420 1724 3504 1768 est

1936 1813 2230 1854 retrorsum
2293 1802 2494 1866 Maria,
2541 1818 2664 1855 cum
2722 1803 3032 1871 loqueretur
3098 1817 3217 1857 cum
3261 1805 3508 1872 angelis?

251 1904 430 1954 ὀπίσω
469 1905 696 1970 Mapia;
728 1879 857 1971 πρὸς
885 1908 992 1972 γάρ
1016 1905 1138 1965 τοὺς
1170 1904 1436 1971 ἀγγέλους
1463 1879 1747 1972 ομιλοῦσα,
1780 1905 1830 1954 τί
1867 1879 1907 1932 Β
1940 1921 1943 1940 ι

1816 1905 1830 1953 ί
1867 1879 1907 1932 Β
1940 1896 2064 1962 quid
2097 1895 2294 1947 accidit
2319 1895 2364 1946 ei
2401 1896 2541 1962 quod
2568 1909 2826 1946 conversa
2862 1904 2942 1948 est
2977 1905 3270 1948 retrorsum
3299 1897 3320 1948 ‘I
3348 1895 3508 1950 Vide-

251 1994 546 2055 πέπονθεν,
581 1995 667 2046 ἵνα
701 1999 908 2063 στραιφῇ
938 1998 1013 2055 εἰς
1049 1996 1118 2045 τὰ
1159 1997 1366 2059 ὀπίσω;
1403 1997 1622 2047 Ἔοικεν
1649 1995 1740 2048 οὖν
1773 1997 1829 2045 ἐν

251 2086 364 2154 ὅσῳ
391 2084 529 2154 αὕτη
565 2089 673 2146 τοῖς
713 2087 965 2153 ἀγγέλοις
1011 2088 1223 2155 ὡμίλει,
1274 2090 1301 2139 6
1350 2087 1556 2155 Ἰησοῦς
1604 2088 1829 2149 ἐπιστὰς

255 2177 483 2228 δπισθεν
513 2179 701 2244 αὐτῆς,
744 2180 1010 2248 ἐκπλῆξαι
1044 2181 1264 2241 αὐτοὺς,
1308 2181 1592 2242 κάκείνους
1630 2181 1827 2233 θεασα-

262 2271 461 2338 μένους
495 2270 584 2320 τὶν
625 2271 924 2336 Δεσπότῆν,
964 2274 1056 2322 καὶ
1098 2269 1176 2338 τῷ
1214 2271 1471 2339 σχήματι,
1517 2272 1606 2320 καὶ
1635 2270 1710 2338 τῷ
1745 2287 1831 2320 κι-

255 2366 483 2428 νήματι,
523 2364 617 2414 καὶ
651 2362 726 2430 τῷ
763 2363 1034 2432 βλέμματι
1087 2365 1324 2431 ἐμφῆναι
1365 2365 1584 2421 εὐθέως.
1631 2364 1710 2413 ὅτι
1739 2362 1827 2413 τὸν

255 2454 463 2520 Κύριον
508 2449 666 2514 εἶδον,
719 2454 992 2506 καὶτοῦτο
1024 2456 1122 2524 τὴν
1167 2458 1403 2522 γυναῖκα
1451 2452 1660 2504 ἰδοῦσαν
1705 2455 1826 2506 ἐπι-

256 2543 568 2612 στραφῆναι
616 2547 694 2605 si;
746 2550 815 2599 τὰ
858 2547 1054 2599 ὀπίσω.
1105 2547 1229 2610 Τοῖς
1285 2545 1384 2614 μὲν
1433 2544 1526 2596 οὖν
1580 2544 1829 2612 ἀγγέλοις

251 2636 416 2703 τυχὸν
447 2639 504 2687 ἐν
550 2637 907 2706 ἐκπλήττοντι
948 2638 1186 2707 σχήματι
1215 2637 1410 2704 ἐφάνη,
1446 2638 1511 2703 τῇ
1547 2636 1601 2687 δὲ
1638 2635 1827 2703 Μαρία

250 2729 354 2778 οὐκ
387 2727 487 2792 ἐτι,
520 2729 633 2780 αλλ’
685 2732 740 2780 ἐν
783 2729 990 2780 εὐτελεῖ
1021 2730 1114 2781 καὶ
1154 2728 1340 2795 κοινῷ.
1379 2729 1469 2778 Διὸ
1499 2733 1585 2778 καὶ
1617 2744 1827 2794 κηπου-

255 2819 352 2887 ρὸν
402 2819 562 2870 αὑτὸν
617 2819 866 2887 ἐνόμισεν
900 2815 1060 2879 εἶναι,
1095 2817 1188 2868 τοῦ
1235 2820 1410 2885 κήπου
1440 2817 1639 2886 δηίαδὴ
1684 2817 1825 2868 ὲκεί-

250 2926 374 2970 νου,
410 2912 466 2960 ἐν
489 2903 532 2975 ᾧ
566 2909 626 2960 τὸ
655 2913 917 2979 μνημεῖον
946 2905 1034 2978 ἦν.
1067 2910 1230 2960 ’Ὁθεν
1257 2909 1349 2960 καί
1381 2926 1515 2977 φησι
1543 2927 1551 2936 ’
1583 2929 1599 2958 ι
1635 2908 1824 2978 Κύριε,

249 2998 300 3048 εἰ
341 3000 403 3050 σὺ
435 3000 744 3062 ἐϐάστασας
779 3001 940 3051 αὐτόν
967 3015 980 3029 ·
1023 3019 1040 3050 ι
1063 3000 1358 3062 τουτέστιν,
1395 3001 1534 3051 Εἱσῦ
1559 3000 1788 3067 ἔκλεψας
1809 3017 1824 3032 ·

250 3089 350 3139 καὶ
385 3090 444 3140 οὑ
486 3090 632 3157 λέγει
668 3092 759 3142 τὶν
817 3090 1046 3153 Ἰησοῦν,
1081 3091 1217 3152 ἀλλ’,
1255 3110 1272 3141 t
1307 3091 1486 3155 αὑτὸν,
1531 3111 1547 3141 ι
1589 3093 1662 3154 ὡς
1689 3093 1824 3160 πρὸς

249 3180 434 3232 εἰδότα
469 3181 764 3248 ποιουμένη
789 3181 880 3232 τὸν
914 3181 1090 3246 λόγον.
1139 3200 1156 3231 ι
1198 3182 1257 3232 Et
1299 3182 1362 3233 σὺ
1393 3183 1570 3233 τοίνυν
1593 3182 1823 3234 ἐϐάστα-

251 3287 377 3332 σας,
419 3289 436 3321 ›
475 3273 592 3340 ἦτοι
621 3267 781 3342 ἤρας,
815 3273 909 3324 καὶ
955 3272 1184 3340 ἔκλεψας
1217 3272 1487 3334 ἐντεῦθεν,
1527 3291 1544 3322 t
1583 3275 1701 3325 εἰπέ
1738 3291 1827 3341 μοι

249 3361 359 3412 ποῦ
396 3363 598 3431 ἔθηκας
654 3365 837 3426 αὑτὸν,
871 3363 1027 3430 καγὼ
1073 3366 1236 3417 αὑτὸν
1264 3366 1402 3434 ἀρῶ,
1449 3383 1466 3415 ι
1518 3364 1613 3416 καὶ
1668 3383 1832 3434 μετα-

249 3454 403 3520 θήσω
441 3457 517 3516 εἰς
560 3456 746 3524 ἕτερον
780 3457 965 3516 τόπον,
1021 3455 1147 3506 ἔνθα
1183 3455 1617 3524 μεγαλοπρεπῶς
1652 3457 1829 3525 ταφή-

239 3563 428 3598 εσται.
468 3549 627 3609 Ἴσως
661 3548 767 3614 γὰρ
812 3546 1060 3613 ἐφοϐεῖτο
1114 3549 1307 3616 μήπως
1357 3549 1408 3599 οῖ
1448 3548 1688 3599 Ἰουδαῖοι
1738 3549 1830 3600 καὶ

248 3637 433 3706 νεκρῷ
489 3637 566 3706 τῷ
625 3637 839 3704 σώματι
887 3640 1352 3707 ἐμπαροινήσωσι,
1405 3641 1501 3692 καὶ
1543 3639 1630 3692 διὰ
1677 3638 1831 3691 τοῦτο

248 3728 509 3779 ἐϐούλετο
574 3730 651 3790 εἰς
711 3730 896 3797 ἕτερον
948 3731 1110 3781 τόπον
1168 3733 1442 3796 ἄγνωστον
1517 3732 1830 3800 μεταθεῖναι

246 3823 802 3888 τοίτο.ιι“.λύστοργος
841 3823 938 3890 μὲν
971 3819 1061 3874 οὖν
1095 3825 1125 3890 ἠ
1174 3825 1366 3892 γνώμη
1405 3824 1503 3893 τῆς
1534 3826 1814 3891 γυναικὸς,

249 3917 309 3965 οὶ
343 3917 451 3982 μὴν
485 3915 688 3981 ὑψηλόν
721 3932 772 3966 τι
802 3918 1174 3983 φαντασθῆναι
1207 3917 1500 3986 δυναμένη.
1552 3917 1640 3968 Διὸ
1671 3918 1764 3968 καὶ
1803 3919 1830 3968 6

250 4003 479 4072 Κύριος,
534 4007 657 4056 ἐπεὶ
707 4005 780 4074 μὴ
832 4008 922 4072 ἀφ’
985 4008 1183 4074 ἑαυτῆς
1234 4008 1475 4076 ἠδυνήθη
1535 4008 1738 4075 ὑψηλόν
1773 4026 1824 4061 τι

249 4096 466 4163 νοῆσαι,
517 4096 623 4146 ἀπὸ
655 4098 750 4164 τῆς
799 4097 964 4148 αὐτοῦ
1003 4099 1482 4166 φωνῆςιγνωρίζει
1512 4101 1646 4165 αὐτῇ
1703 4100 1830 4149 ἐαυ-

245 4188 360 4237 τον.
395 4187 648 4246 Καλέσας
677 4188 784 4252 γὰρ
831 4188 988 4256 μόνον
1015 4189 1076 4239 τὸ
1108 4189 1294 4256 ὄνομα,
1345 4189 1479 4257 αὐτῇ
1513 4189 1710 4254 γνῶσιν
1745 4189 1832 4240 διὰ

248 4277 442 4328 τούτου
487 4276 813 4330 εντέθεικεν.
855 4278 1063 4348 Ὥσπερ
1097 4281 1206 4341 τοῖς
1249 4279 1524 4341 Ἰουδαίοις
1571 4281 1698 4330 ποτὲ
1735 4279 1830 4347 μὲν

255 4369 608 4437 ἐγνωρεζετο,
641 4371 768 4421 ποτὲ
797 4370 851 4422 δὲ
876 4371 1068 4440 ἄδηλος
1094 4367 1160 4440 ἦν
1188 4373 1278 4422 καὶ
1314 4371 1502 4438 παρών
1527 4386 1539 4398 °
1569 4372 1710 4422 οὕτω
1738 4374 1830 4421 καὶ

256 4459 651 4526 φθεγγόμενος,
685 4461 847 4528 ἡνίκα
873 4461 1144 4523 ἐϐούλετο,
1172 4461 1294 4510 τότε
1334 4460 1608 4528 γνώριμον
1639 4461 1826 4512 ἐαυτὸν

1941 1999 2025 2038 tur
2077 1988 2272 2055 igitur,
2335 1987 2458 2038 dum
2515 1987 2601 2039 illa
2657 1987 3058 2053 colloqueretur
3107 2003 3226 2041 cum
3277 1989 3505 2055 angelis,

1936 2076 2118 2131 Jesmn
2167 2081 2384 2131 Stetisse
2429 2089 2547 2145 post
2599 2093 2743 2138 eam,
2795 2085 2848 2128 et
2886 2077 3005 2130 illos
3049 2081 3330 2143 terruisse,
3380 2082 3506 2149 quia

1936 2180 2314 2239 spectaverant
2379 2170 2683 2232 Dotninutn,
2729 2182 2781 2223 et
2842 2171 3049 2234 habitu,
3107 2183 3160 2224 et
3207 2173 3400 2231 forma.
3453 2181 3508 2225 et

1939 2271 2181 2330 aspectu,
2201 2265 2381 2314 statim
2409 2262 2716 2314 tlcclarasse
2741 2260 2885 2329 quod
2913 2263 3143 2313 viderint
3177 2262 3459 2313 Dominum
3490 2280 3503 2315 :

1938 2369 2170 2422 cumque
2228 2355 2327 2406 hoc
2387 2354 2969 2428 vidisset,mulierem
3023 2367 3339 2406 cooversam
3387 2367 3508 2406 esse

1937 2463 2253 2502 retrorsum.
2292 2447 2421 2500 Nam
2450 2449 2656 2516 angelis
2687 2449 2902 2515 quidem
2939 2449 2990 2499 in
3020 2448 3204 2501 habitu
3231 2447 3368 2500 forte
3401 2461 3509 2514 quo

1938 2541 2172 2594 terrebat
2223 2540 2475 2607 apparuit
2507 2555 2520 2591 :
2550 2539 2728 2593 Maria:
2762 2549 2942 2592 autem
2982 2554 3091 2592 non
3141 2541 3289 2602 item,
3323 2540 3414 2592 sed
3452 2540 3502 2594 in

1936 2634 2165 2700 simplici
2217 2645 2267 2684 et
2313 2635 2610 2686 c0tnmnni.
2665 2633 2788 2685 ldt'o
2832 2640 2886 2686 et
2939 2631 3086 2685 illuttt
3133 2631 3342 2699 putavit
3386 2645 3508 2684 esse

1915 2715 2305 2788 ἸιοιηιυΙειιιυιιι,
2341 2727 2479 2778 horti
2511 2727 2754 2778 videlicet
2784 2726 2928 2777 illius
2959 2726 3008 2779 in
3051 2739 3157 2791 quo
3187 2723 3505 2790 sepulcrum

1935 2829 2049 2872 erat
2082 2836 2095 2871 :
2130 2821 2268 2871 unde
2298 2827 2350 2870 et
2378 2817 2526 2879 dicit,
2562 2835 2578 2866 t
2612 2817 2855 2878 Domine,
2891 2817 2932 2868 si
2959 2814 3248 2883 asportasti
3274 2828 3395 2866 eum
3428 2830 3440 2866 :
3480 2831 3498 2863 ι

1936 2911 2034 2964 hoc
2061 2921 2162 2971 est,
2206 2910 2249 2963 si
2286 2920 2337 2962 tu
2383 2908 2590 2961 furatus
2621 2924 2678 2961 es
2717 2929 2728 2962 :
2761 2917 2813 2960 et
2856 2923 2959 2959 non
2994 2907 3126 2960 dicit
3173 2904 3379 2968 Jesmn,
3411 2905 3504 2959 sed

1939 3019 1956 3050 ι
1995 3015 2116 3053 eum
2167 3017 2186 3049 ι
2224 3001 2376 3067 quasi
2421 3000 2488 3051 ad
2537 3012 2658 3051 eum
2706 2997 2795 3064 qui
2827 2997 3012 3059 sciret,
3058 2996 3264 3049 fatiens
3301 3011 3507 3049 sermo-

1933 3107 2076 3145 nem.
2115 3109 2134 3142 ι
2175 3091 2230 3143 Si
2262 3090 2423 3158 igitur
2453 3099 2508 3142 tu
2536 3088 2762 3156 portasti
2802 3104 2820 3137 ι
2857 3097 2950 3138 aut
2974 3085 3242 3139 abstulisti
3264 3102 3325 3139 ac
3355 3085 3507 3137 fura-

1934 3190 2018 3234 tns
2038 3196 2097 3235 es
2119 3196 2240 3234 eum
2273 3195 2335 3232 ex
2368 3180 2468 3233 hoc
2493 3179 2631 3242 loco,
2660 3196 2676 3228 ι
2708 3178 2791 3231 dic
2817 3179 2947 3229 milii
2975 3192 3081 3244 quo
3106 3179 3330 3246 posuisti
3359 3192 3504 3243 eum,

1935 3283 1989 3326 et
2019 3287 2118 3337 ego
2143 3272 2289 3324 illum
2324 3270 2526 3333 toilam,
2559 3288 2577 3321 ι
2603 3279 2655 3324 et
2683 3269 3001 3322 transferam
3035 3270 3084 3322 in
3110 3270 3284 3323 locum
3317 3270 3506 3332 alium,

1937 3366 2027 3420 tibi
2080 3364 2364 3432 magniﬁce
2399 3364 2710 3430 sepelietur.
2758 3361 3010 3416 Fortasse
3044 3363 3188 3415 enim
3239 3362 3508 3415 metuebat

1933 3474 1998 3512 ne
2041 3455 2182 3510 forte
2210 3456 2380 3510 Judai
2425 3465 2478 3508 et
2529 3456 2581 3508 in
2625 3461 2900 3507 mortuum
2933 3468 3130 3521 corpus
3164 3455 3503 3519 desaevircnt,

1932 3560 1985 3603 et
2034 3559 2318 3617 prolitcrea
2371 3547 2584 3601 volebat
2636 3548 2687 3598 in
2729 3546 2892 3598 alium
2946 3545 3276 3614 incognitum
3326 3546 3501 3598 locum

1934 3656 2056 3695 eum
2097 3639 2411 3693 transferre.
2453 3637 2617 3691 Plena
2659 3637 2801 3690 enim
2832 3634 3174 3690 aﬂ‘eetionnm
3201 3646 3315 3688 erat
3353 3651 3504 3691 tuens

1933 3734 2212 3797 mulieris,
2277 3747 2381 3785 non
2432 3732 2618 3783 valens
2664 3730 2891 3784 sublime
2939 3731 3190 3798 quiddam
3243 3729 3500 3798 cogitare.

1933 3825 2050 3878 Ideo
2087 3835 2139 3878 et
2176 3825 2450 3886 Dominus,
2502 3823 2624 3892 quia
2679 3837 2708 3875 a
2753 3823 2925 3890 seipsa
2977 3822 3204 3874 sublime
3243 3823 3502 3890 quiddam

1933 3918 2236 3986 intelligere
2271 3918 2544 3983 nequibat.
2581 3931 2678 3969 sua
2713 3931 2842 3969 voce
2869 3931 2928 3969 se
2964 3915 3036 3968 illi
3081 3923 3265 3968 notum
3303 3914 3498 3967 reddit.

1931 4008 2062 4059 (lum
2091 4008 2234 4059 enim
2261 4007 2373 4060 solo
2402 4007 2615 4060 nomine
2646 4014 2889 4060 vocasset
2914 4021 3052 4069 eam,
3087 4008 3291 4069 dicens,
3335 4024 3352 4054 ι
3389 4005 3501 4058 Ma-

1935 4097 2035 4159 tia,
2083 4115 2100 4146 i
2139 4097 2219 4148 sui
2255 4097 2496 4149 notitiam
2531 4097 2603 4150 illi
2637 4099 2924 4150 concessit.
2950 4096 3083 4149 Nam
3134 4097 3274 4150 sicut
3301 4095 3500 4150 Juda-is

1932 4190 2220 4257 aliquando
2268 4190 2658 4254 itmotescebat,
2710 4189 2998 4258 aliquando
3044 4191 3208 4243 etiam
3263 4206 3500 4258 praesens

1933 4282 2240 4348 ilict-guttus
2276 4292 2391 4335 erat
2425 4299 2439 4334 :
2478 4283 2546 4334 ita
2580 4283 2740 4334 etiam
2772 4282 3018 4348 loquens,
3051 4283 3267 4350 quando
3311 4283 3497 4345 voluit,

1931 4375 2168 4437 Seipsum
2208 4375 2311 4426 illis
2348 4383 2532 4426 notum
2573 4371 2824 4437 faciebat,
2860 4375 2998 4427 sicut
3029 4385 3080 4426 et
3114 4390 3253 4427 nunc
3284 4376 3499 4442 quando

1933 4463 2117 4525 voluit,
2167 4464 2583 4532 cognoscibilem
2625 4479 2681 4516 se
2728 4463 2854 4516 fecit
2903 4464 3084 4516 Maria:
3130 4478 3224 4529 per
3265 4479 3496 4517 vocem:

255 4551 466 4600 ἐποίει·
514 4549 703 4617 ὧσπερ
739 4550 830 4603 οὖν
865 4553 957 4602 καὶ⁸
990 4551 1103 4613 νῦν,
1160 4552 1246 4603 ὅτε
1291 4551 1580 4620 ἐϐουλήθη,
1611 4555 1725 4603 τ-ίτε
1760 4557 1823 4622 τῇ
1854 4571 1904 4629 D
1934 4571 1947 4604 t

1800 4557 1823 4622 ᾖ
1854 4571 1904 4629 ι)
1934 4556 2205 4622 quietiam
2232 4558 2273 4608 si
2301 4557 2512 4609 locutus
2538 4555 2782 4616 dixisset,
2819 4574 2836 4605 ι
2866 4555 3074 4617 Mulier,
3101 4572 3194 4607 cur
3220 4555 3442 4622 ploras?
3475 4574 3492 4605 ι

251 4642 442 4710 Μαρια
486 4642 782 4710 ἐγνώρισεν
814 4642 1107 4693 ἑαυτὸ-ιδιὰ
1136 4643 1232 4710 τῆς
1265 4643 1466 4710 φωνῆς.
1501 4645 1648 4694 Ἐπεὶ
1693 4646 1823 4694 πάν.

248 4750 357 4795 ’.ως
418 4735 510 4785 καὶ
582 4735 842 4803 πρότερον
913 4735 1190 4801 ἐφώνησεν
1245 4735 1424 4802 αύτῇ’
1475 4754 1491 4784 ι
1529 4737 1711 4800 Γύναι,
1773 4737 1822 4788 τί

249 4825 453 4884 κλαίεις
483 4839 496 4881 ς
539 4823 676 4874 ’Λλλ’
707 4824 804 4874 οὐκ
830 4826 1042 4889 ἐπέγνω
1067 4827 1097 4889 ἡ
1133 4827 1266 4893 γυνή
1293 4843 1304 4854 ’
1345 4827 1402 4875 οὐ
1439 4827 1547 4894 γὰρ
1578 4828 1766 4896 ἤθελεν
1797 4831 1822 4878 6

244 4915 473 4981 Ἰησοῦς.
515 4916 641 4966 Ὅτε
671 4916 726 4967 δὲ
756 4915 1008 4983 ἠθέλησε,
1042 4917 1163 4967 τότε
1210 4917 1298 4967 διὰ
1337 4917 1436 4982 τῆς
1495 4919 1677 4984 φωνῆς
1728 4923 1844 4970 ἐπ-.

243 5008 513 5076 ἐγνώσθη.
544 5027 561 5058 t
599 5011 905 5078 Στραφεῑσα
934 5009 1138 5077 ἐκείνη,
1165 5009 1312 5076 λέγει
1344 5010 1564 5079 abuit.)
1605 5013 1666 5063 Τί
1699 5015 1822 5063 τοῦ-

241 5117 338 5164 το;
383 5101 524 5167 Πρὸς
558 5102 716 5151 αιτὺν
750 5100 1042 5167 διελέγετο,
1090 5103 1183 5154 κα)⁵
1220 5102 1440 5167 ἔλεγεν⁹
1474 5123 1489 5153 t
1539 5104 1670 5156 Εἰπέ
1706 5123 1816 5172 μοι,

245 5193 348 5243 ποῦ
396 5194 596 5261 ἔθηκας
641 5194 837 5256 α·ζιτόν;
875 5195 980 5245 Καὶ
1017 5193 1110 5244 νῦν
1137 5196 1163 5246 6
1207 5195 1592 5264 εὑαγγελιστὴς
1645 5197 1812 5262 λέγει,

241 5287 321 5336 ὅτι
366 5304 382 5334 ι
427 5289 748 5352 στραφεῖσα.
791 5305 808 5336 ι
853 5288 1008 5337 Δοκεῖ
1051 5284 1142 5338 οὖν
1176 5289 1311 5353 μετὰ
1344 5289 1402 5338 τὸ
1447 5291 1618 5340 εἰπεῖν
1650 5292 1817 5359 αὐτὴν

239 5384 321 5441 τὸ,
357 5400 372 5428 t
422 5380 532 5432 ιιοῦ
591 5381 823 5450 ἐθηκαςς
869 5401 886 5431 ι
939 5383 1344 5450 ἐπιστραφῆναι
1382 5383 1516 5450 πρὸς
1567 5387 1688 5447 τοὺς
1719 5387 1816 5451 ἁγ-

237 5474 456 5538 γέλους,
486 5473 864 5540 ἐρωτήσουσαν
905 5472 1042 5539 τάχα
1069 5472 1117 5522 τί
1147 5467 1694 5538 ἐξεπλάγησανηεῖτα
1726 5475 1814 5525 τὸν

238 5562 477 5633 Χριστὶν
511 5564 813 5614 καλέσαντα
841 5566 1030 5631 αὐτὴν,
1067 5564 1265 5631 πλῆξαι
1288 5583 1341 5616 τε
1369 5569 1454 5620 διὰ
1482 5569 1578 5634 τῆς
1609 5572 1810 5637 φωνῆς,

238 5657 337 5708 καὶ
357 5654 689 5723 ἐπιστρέψαι
726 5654 862 5722 πρὸς
899 5655 1088 5706 ἑαυτὸν
1121 5657 1214 5706 ἀπ’
1242 5658 1485 5718 ἐκείνων,
1519 5665 1609 5711 καὶ
1639 5660 1810 5722 οὕτως

238 5745 596 5812 ἐπιγνοῦσαν,
653 5762 669 5794 t
723 5745 993 5805 'Pa‘o'wv‘,
1062 5764 1077 5794 ι
1135 5749 1328 5808 εἰπεῖν,
1389 5748 1482 5799 καὶ
1530 5749 1810 5818 βούλεσθαι

241 5834 342 5906 μὲν
373 5835 694 5902 προσελθεῖν
729 5833 896 5902 αύτῷ,
937 5837 1027 5886 καὶ
1057 5837 1294 5890 συνεῖναι
1332 5839 1477 5907 αύιῴ
1501 5839 1688 5910 ὤσπερ
1718 5844 1807 5893 καὶ

1934 4666 2036 4701 non
2065 4650 2280 4714 agnovit
2322 4657 2496 4700 tamen
2535 4662 2656 4700 eum
2691 4647 2882 4698 mulier
2915 4663 2926 4698 :
2960 4663 3062 4700 non
3103 4646 3245 4698 enim
3290 4647 3500 4699 volebat

1928 4741 2099 4794 Jesus.
2140 4745 2206 4794 At
2244 4742 2456 4808 quando
2501 4739 2698 4801 voluit,
2748 4749 2872 4791 tunc
2924 4753 3017 4806 per
3051 4753 3232 4791 vocem
3287 4742 3499 4806 agnitus

1931 4834 2052 4885 luit.
2109 4851 2126 4882 t
2171 4833 2442 4885 Conversa
2517 4831 2708 4883 mulier
2757 4830 2887 4883 dicit
2938 4830 3009 4882 ei.
3085 4847 3102 4878 ι
3149 4828 3288 4893 Quid
3349 4829 3498 4882 hoc?

1929 4926 2058 4974 tium
2100 4922 2214 4989 ipso
2244 4921 2504 4972 collocuta
2544 4931 2646 4984 est,
2689 4929 2741 4972 et
2783 4919 3017 4982 dicebat,
3053 4939 3069 4970 t
3105 4919 3198 4971 Die
3227 4919 3353 4972 mihi
3391 4937 3498 4987 quo

1928 5015 2148 5081 posuisti
2199 5013 2362 5064 eum?
2440 5030 2456 5062 ι
2511 5019 2563 5063 et
2610 5027 2753 5064 nunc
2801 5012 3130 5079 evangelista
3179 5012 3310 5064 dicit
3351 5013 3497 5080 quod

1935 5123 1949 5153 ι
1985 5120 2262 5157 conversa.
2306 5122 2323 5153 ι
2371 5103 2530 5172 762
2566 5102 2784 5154 Videtur
2818 5104 2998 5171 itaque
3033 5103 3175 5170 quod
3217 5113 3494 5171 postquam

1929 5199 2038 5264 ipsa
2088 5198 2246 5259 dixit,
2284 5215 2300 5246 t
2343 5196 2459 5260 Quo
2492 5195 2714 5261 posuisti
2741 5210 2862 5248 eum
2893 5198 2913 5246 ?
2969 5214 2988 5246 ι
3024 5210 3338 5248 conversam
3374 5211 3496 5249 esse

1925 5295 1990 5347 ad
2043 5294 2260 5361 angelos
2294 5295 2744 5360 interrogaturam
2794 5292 3016 5344 forsitan
3066 5307 3230 5359 quare
3260 5307 3497 5358 expave-

1923 5385 2048 5437 fat-ti
2080 5385 2326 5447 fuissent,
2361 5385 2551 5437 deinde
2585 5394 2828 5436 vocatam
2863 5400 2888 5434 a
2920 5383 3161 5447 Christo,
3195 5385 3492 5451 perculs.un

1924 5493 2019 5545 per
2047 5492 2251 5536 vocent,
2286 5487 2335 5528 et
2375 5491 2692 5529 conversam
2733 5477 2798 5527 ad
2847 5475 2993 5528 illum
3039 5478 3105 5529 ab
3149 5477 3283 5540 istis,
3325 5486 3378 5528 et
3418 5480 3493 5530 ita

1921 5567 2209 5636 agnovisse
2261 5581 2322 5619 ac
2375 5568 2596 5627 dixisse,
2665 5584 2684 5616 ‹
2735 5565 2977 5618 ltzibboni
3039 5585 3050 5620 :
3099 5587 3116 5616 ι
3155 5579 3202 5619 et
3254 5569 3492 5620 Voluisse

1920 5663 2133 5728 quidem
2189 5659 2441 5712 accedere
2486 5661 2550 5710 ad
2611 5675 2752 5721 eum,
2803 5669 2856 5710 et
2903 5675 3023 5711 esse
3059 5676 3178 5711 cum
3235 5674 3297 5710 eo
3355 5660 3492 5712 sicut

1922 5754 2106 5817 prius.
2177 5759 2230 5800 et
2291 5747 2535 5799 fortassis
2587 5760 2642 5799 ιιι
2702 5751 3109 5801 ili-siderabilent
3174 5751 3488 5817 amplexari.

1921 5845 1989 5898 At
2055 5841 2140 5895 ille
2211 5841 2382 5893 eri-ait
2455 5841 2570 5908 ejus
2629 5853 2898 5906 mentem,
2969 5851 3022 5892 ttt
3083 5841 3272 5894 melius
3335 5842 3493 5908 quid-
