4284 6450
307 413 408 474 Ξθῖ

983 415 1423 478 ENARRATIO
1458 415 1538 477 ΙΝ
1578 409 2072 478 EVANGELIUM
2110 409 2452 470 JOANNIS.
2484 431 2558 446 -
2580 409 2734 472 CAP.
2770 411 2896 472 XX.

3464 419 3570 481 298

307 529 386 578 ὅτι
412 523 586 585 οὕτως
616 522 835 591 ἀηδέα-τη,
869 525 960 576 καὶ
993 525 1085 575 τοῦ
1138 525 1286 576 λίθου
1316 525 1662 595 ἐπικειμένου
1689 521 1763 591 τῷ
1789 521 1882 573 τά·
1907 521 1958 580 Α
1986 533 1999 569 t

1876 521 1958 580 -A
1986 519 2126 588 quod
2167 519 2236 570 ita
2285 519 2520 573 surrexit
2567 523 2910 588 supraposito
2977 521 3151 586 lapide
3200 535 3363 589 s'tper
3398 534 3568 592 sepul-

307 637 411 688 φῳ.
448 615 569 678 Πῶς
601 616 656 667 Et
696 617 991 683 φάντασμα
1031 617 1194 668 αὐτὸν
1221 617 1319 669 οῦκ
1352 617 1633 684 ἐνόμισαν,
1672 613 1857 681 θαυμά

311 727 457 762 σειεν
484 708 550 762 ἄν
588 725 695 770 τις.
736 707 990 761 Μάλιστα
1022 709 1120 777 μὲν
1149 707 1240 762 οὖν
1276 711 1309 779 ή
1352 708 1490 777 γυνὴ
1536 705 1884 777 προλαϐοῦσα

305 800 507 869 πολλὴν
535 799 638 867 τὴν
662 797 847 850 πίστιν
865 798 1184 866 είργάσατο,
1249 799 1424 863 ἄλλως
1453 798 1530 860 δὲ,
1565 797 1658 850 καὶ
1678 792 1897 866 ἥμερον

305 895 490 954 αὐτοῖς
519 890 620 962 τὴν
669 880 800 960 ὄψιν
826 889 1048 956 ἔδειξεν,
1081 892 1196 960 ἃμα
1227 891 1282 943 δὲ
1318 892 1413 943 καὶ
1454 891 1542 943 διὰ
1574 889 1670 959 τῆς
1702 888 1884 957 φωνῆς

303 985 580 1051 ἐπράῦνεν
610 981 791 1034 αὐτῶν
833 980 934 1050 τὴν
985 980 1225 1032 διάνοιαν
1274 980 1672 1050 κυμαίνουσαν,
1716 981 1886 1030 εἰπὼν

302 1077 384 1137 τὸ,
435 1093 451 1125 ι
520 1072 728 1144 Εἰρήνη
777 1073 934 1142 ὑμῖν·
995 1090 1012 1122 ι
1067 1072 1358 1124 τουτέστι·
1389 1072 1479 1141 Μὴ
1534 1071 1882 1140 Opp-.6330:-

301 1165 420 1235 ἅμα
449 1167 526 1228 δὲ,
585 1168 996 1233 ἀναμιμνήσκει
1047 1166 1242 1228 αὐτοὺς
1291 1168 1383 1218 καὶ
1408 1165 1501 1218 τοῦ
1559 1167 1828 1234 ῥήματος,
1860 1164 1886 1216 ὃ

304 1259 411 1326 πρὸ
438 1257 532 1308 τοῦ
566 1257 802 1325 σταυροῦ
834 1251 985 1308 εἶπεν
1015 1259 1201 1320 αὐτοῖς
1229 1271 1244 1286 θ
1292 1276 1310 1309 ι
1345 1257 1584 1327 Εἰρήνην
1619 1256 1717 1328 τὴν
1745 1255 1884 1326 ἐμὴν

301 1349 496 1416 δίδωμι
548 1350 698 1416 ὑμῖν.
745 1367 760 1397 ι
803 1349 1114 1418 Ἐχάρησαν
1143 1349 1198 1402 δὲ
1231 1348 1432 1411 ἰδόντες
1464 1349 1554 1400 τὸν
1596 1350 1818 1418 Κύριοι.
1861 1369 1879 1398 ι

303 1442 412 1492 Καὶ
464 1442 570 1510 γὰρ
605 1442 696 1493 καὶ
735 1439 894 1494 τοῦτο
942 1443 1172 1509 προεῖπε
1217 1442 1324 1510 πρὸ
1368 1441 1460 1494 τοῦ
1500 1441 1756 1509 σταυροῦ,
1802 1443 1883 1494 ὃτι

309 1551 326 1582 ι
375 1532 615 1600 Ὄψομαι
652 1535 817 1602 ὑμᾶς,
867 1534 961 1584 καὶ
991 1535 1286 1604 χαρήσεται
1319 1533 1473 1601 ὑμῶν
1505 1536 1538 1604 ἡ
1592 1535 1814 1603 καρδία.
1861 1553 1877 1582 ι

316 1626 539 1696 Ἐπειδὴ
575 1627 630 1680 δὲ
664 1627 799 1695 πρὸς
823 1625 1113 1688 Ἰουδαίους
1144 1627 1378 1697 πόλεμον
1408 1622 1555 1696 εἶχον
1583 1628 1868 1691 ἄσπονδον,

304 1721 472 1772 πάλιν
504 1720 687 1777 αὐτοῖς
721 1736 854 1788 φησι
887 1719 967 1779 τὸ,
1004 1737 1022 1770 ι
1055 1718 1285 1790 Εἰρήνη.
1326 1738 1344 1770 ι
1380 1720 1591 1790 Ὠσπερ
1624 1721 1733 1790 γὰρ
1762 1721 1884 1779 ταῖς

301 1811 555 1877 γυναιξὶν
607 1805 754 1873 εἶπε,
809 1829 826 1861 ι
864 1810 1122 1881 Χαίρετε,
1161 1830 1180 1862 ι
1214 1812 1351 1864 διότι
1390 1812 1449 1864 ἐν
1495 1809 1691 1874 λύπαις
1726 1807 1792 1880 ἦν
1825 1812 1885 1864 τὸ

302 1903 464 1967 γένος
489 1919 502 1931 ο
535 1899 676 1953 οὕτω
715 1899 926 1962 τούτοις
951 1901 1051 1970 τὴν
1082 1900 1307 1972 εἰρήνην
1341 1901 1524 1953 δίδωσι
1555 1901 1642 1955 διὰ
1668 1903 1759 1953 τὸν
1786 1901 1882 1953 πό-

301 1991 359 2042 λε
369 2010 493 2062 μον,
524 1991 585 2043 ὃν
621 1990 759 2061 πρὸς
784 1992 982 2054 αὐτοὺς
1029 1987 1173 2062 εἰχον
1202 1991 1295 2044 καὶ
1329 1995 1474 2063 σχεῖν
1497 1992 1720 2062 ἔμελλον
1749 1994 1881 2046 πάν-

302 2099 422 2146 τες.
465 2080 832 2151 Καταλλήλως
868 2081 962 2134 οῦν
1000 2082 1280 2145 κάκείναις
1318 2083 1416 2153 μὲν
1443 2082 1522 2147 τὸ,
1555 2102 1573 2134 ι
1619 2085 1820 2152 Χαῖρε·
1860 2102 1877 2132 ι

304 2177 366 2226 ἐν
384 2172 492 2244 γὰρ
515 2173 713 2235 λύπαις
737 2173 944 2224 τίκτειν
977 2172 1370 2242 κατηράθησαν
1396 2191 1406 2201 ·
1438 2176 1550 2235 τοῖς
1576 2170 1631 2223 δὲ
1660 2171 1881 2241 ἀνδράσι

302 2264 366 2316 τὸ
394 2263 720 2334 εἰρηνεύειν,
745 2263 830 2316 διὰ
859 2265 986 2326 τοὺς
1017 2264 1289 2334 πολέμους
1321 2264 1446 2326 τοὺς
1475 2265 1636 2316 ἕνεκα
1660 2265 1751 2316 τοῦ
1783 2282 1882 2333 κη-

309 2347 800 2425 ρ·3γματος.“”Δμα
849 2355 904 2406 δὲ
939 2356 1196 2423 ἐμφαίνει
1232 2358 1328 2410 καὶ
1373 2357 1440 2408 τὰ
1485 2357 1883 2427 κατορθώματα

303 2445 400 2499 τοῦ
442 2445 710 2517 σταυροῦ·
733 2448 904 2500 ταῦτα
934 2446 988 2500 δὲ
1020 2443 1087 2517 ἦν
1119 2449 1150 2518 ή
1185 2449 1399 2518 εἰρήνη.
1433 2449 1522 2502 Διὸ
1556 2449 1678 2513 κακέ
1707 2449 1879 2511 Ἐπεὶ,

307 2541 465 2609 φησὶ,
495 2539 584 2590 διὰ
616 2538 711 2590 τοῦ
749 2538 982 2606 σταυροῦ
1025 2540 1213 2608 εἰρήνη
1258 2540 1640 2612 κατώρθωται,
1676 2541 1882 2610 πέμπω

312 2632 460 2700 ὑμᾶς
495 2632 586 2683 ἐπὶ
626 2631 687 2684 τὸ
714 2633 997 2701 κήρυγμα.
1036 2633 1539 2703 Παραμυθοῦμενος
1568 2633 1622 2684 δὲ
1663 2633 1879 2693 αὐτοὺς,

306 2727 402 2777 καὶ
442 2724 902 2794 παραθαρρύνων,
939 2724 1091 2796 φησί·
1126 2741 1145 2774 ι
1188 2723 1384 2785 Καθὼς
1411 2721 1722 2775 ἀπίστει),κὲ
1761 2740 1825 2790 με
1857 2725 1883 2774 ὁ

310 2816 517 2886 Πατὴρ,
568 2816 723 2884 καγὼ
782 2815 986 2884 πέμπω
1049 2816 1216 2885 ὑμᾶς.
1282 2834 1301 2867 ι
1341 2815 1414 2867 Τὸ
1471 2815 1579 2884 γὰρ
1627 2815 1785 2883 ἔργον
1824 2814 1883 2869 τὸ

306 2907 463 2975 ιμὸν,
497 2908 662 2976 φησὶν
691 2947 706 2969 ,
749 2905 1095 2976 ἀναδέχεσθε,
1137 2905 1275 2959 ὥστε
1323 2907 1376 2958 θ;
1394 2909 1571 2977 ρῤεῖτε
1644 2909 1724 2958 ὅτι
1761 2922 1883 2956 συν-

306 2996 500 3066 έσομαι
530 2996 677 3066 ὑμῖν.
713 2996 859 3067 Ὅρα
886 2997 943 3049 δέ
973 2995 1069 3067 τὴν
1102 2996 1387 3050 αῦθεντίαν
1413 3013 1426 3026 ·
1461 2997 1560 3050 οὐκ
1588 2993 1758 3057 εἶπεν,
1801 2998 1882 3050 ὅτι

308 3088 687 3158 Παρακαλέσω
733 3090 822 3140 τὸν
870 3089 1088 3158 Πατέρα
1144 3106 1269 3158 μου,
1303 3091 1397 3142 καὶ
1464 3089 1670 3159 πέμψει
1711 3090 1874 3159 ὑμᾶς,

310 3178 446 3240 ἀλλ’,
486 3197 504 3228 ι
561 3177 703 3244 Ἐγὼ
744 3180 949 3247 πέμπω
984 3180 1148 3249 ὑμᾶς.
1195 3200 1212 3231 ι
1268 3179 1520 3250 Ἐμφυσᾷ
1552 3181 1626 3243 δὲ,
1667 3183 1758 3232 καὶ
1802 3181 1879 3234 δί-

309 3269 475 3323 δωσιν
503 3271 686 3334 αὐτοῖς
727 3272 951 3341 Πνεῦμα
997 3272 1174 3341 ἅγιον,
1213 3274 1274 3326 οὐ
1304 3273 1402 3344 τὴν
1433 3274 1644 3326 τελείαν
1673 3273 1878 3345 δωρεὰν

308 3359 404 3413 τοῦ
433 3361 590 3428 ἁγίου
616 3363 931 3433 Πνεῦματος
961 3364 1053 3415 νῦν
1084 3364 1266 3426 αὐτοῖς
1299 3363 1481 3433 νέμων
1514 3364 1741 3434 (ταύτην
1772 3367 1878 3436 γὰρ

313 3454 373 3505 ἐν
404 3457 466 3523 τῇ
515 3456 866 3526 Πεντηκοστῇ
900 3456 1127 3524 ἔμελλεν
1157 3455 1384 3525 δοῦναι),
1415 3457 1550 3508 ἀλλὰ
1585 3457 1719 3525 πρὸς
1751 3457 1878 3510 ὑπο-

308 3547 472 3616 δοχὴν
499 3545 592 3598 τοῦ
623 3546 937 3616 Πνεῦματος
967 3549 1304 3617 ἐπ.τηδείου;
1340 3550 1536 3612 αὐτοὺς
1582 3550 1768 3602 ποιῶν.
1809 3550 1881 3602 Τὸ

279 3639 439 3708 γὰρ,
487 3656 506 3690 ι
549 3638 756 3692 Λάϐετε
801 3639 1028 3708 Πνεῦμα
1075 3643 1249 3708 ἆγιον,
1296 3658 1314 3692 ι
1351 3641 1472 3694 ἀντὶ
1508 3641 1623 3706 τπιῦ,
1663 3642 1879 3695 Γίνεσθε

309 3729 605 3798 ἐπιτήδειοι
648 3731 781 3802 πρὸς
812 3731 874 3784 τὸ
899 3731 1084 3784 λαϐεῖν
1121 3731 1368 3802 Πνεῦμα.
1406 3734 1562 3786 Ἐστι
1588 3733 1644 3787 δὲ
1683 3736 1876 3799 εἰπεῖν,

308 3822 392 3873 ὅτι
424 3821 675 3886 ἐξουσίαν
723 3821 846 3874 τινὰ
883 3823 973 3874 καὶ
1021 3823 1182 3892 χάριν
1227 3823 1602 3892 πνευματικὴν
1651 3823 1880 3876 δέδωκεν

309 3913 515 3975 αὐταῖς,
571 3913 668 3982 οὐχ
706 3911 846 3965 ὥστε
901 3916 1127 3982 νεκροὺς
1187 3913 1422 3984 ἐγείρειν
1478 3915 1574 3966 καὶ
1627 3915 1881 3984 δυνάμεις

310 4006 508 4068 πῑιείν,
536 4003 650 4056 ἀλλ’
678 4003 817 4056 ὥστε
854 4005 1071 4074 ἀφιέναι
1107 4004 1173 4056 τὰ
1220 4005 1617 4076 ἁμαρτήματα.
1665 4006 1756 4058 Διδ
1791 4007 1882 4058 καὶ

310 4096 588 4161 ἐπήγαγεν
615 4112 628 4125 ·
667 4114 684 4146 ι
723 4096 820 4148 'Av
846 4113 1008 4149 τινων
1040 4096 1210 4165 agit-re
1241 4095 1336 4157 τὰς
1377 4097 1669 4166 ἁμαρτίας,
1703 4098 1881 4166 ἀφίεν-

308 4204 399 4239 ται
427 4188 606 4248 αὐτοῖς
633 4203 646 4216 ·
684 4207 702 4238 ι
733 4187 943 4249 δεικνὺς
973 4188 1051 4240 ὅτι
1079 4185 1239 4240 τοῦτο
1257 4187 1318 4240 τὸ
1340 4184 1477 4252 εἶδος
1508 4189 1614 4240 τῶν
1640 4207 1882 4258 πνευμα-

308 4278 477 4330 τικῶν
526 4280 883 4348 χαρισμάτων
919 4280 1101 4341 αὐτοῖς
1132 4279 1349 4340 δέδωκε,
1390 4280 1451 4332 τὸ
1492 4283 1594 4350 τῆς
1633 4281 1880 4346 ἀφέσεως

309 4368 420 4420 τῶν
446 4370 759 4437 ἁμαρτιῶν
795 4369 932 4438 μετὰ
957 4370 1012 4427 δὲ
1040 4370 1137 4438 τὴν
1160 4371 1447 4439 ἀνάληψιν,
1473 4372 1606 4423 αὐτὸ
1634 4373 1694 4424 τὸ
1715 4370 1880 4423 Uva-5-

313 4475 387 4525 μα
419 4458 694 4522 κατελθὸν,
728 4458 820 4510 καὶ
856 4459 963 4510 τῶν
995 4459 1236 4529 σημείων
1259 4458 1352 4510 καὶ
1379 4466 1573 4520 παντὸς
1603 4459 1762 4511 ἄλλου
1783 4477 1880 4528 χα-

1989 627 2164 666 erutn.
2197 611 2480 674 Quomodo
2511 626 2692 666 autem
2728 628 2832 664 non
2872 617 3183 680 putaverint
3218 618 3362 672 illum
3395 622 3566 686 pilan-

1993 713 2185 766 tasma,
2227 703 2584 756 admirabitur
2615 705 2904 772 quispiam.
2959 703 3149 758 Mulier
3184 710 3333 774 prius
3369 727 3561 781 magna

1989 810 2083 849 eos
2109 797 2209 849 title
2237 796 2500 859 tirtnarat,
2541 806 2592 850 et
2623 807 2880 864 pratcrca
2909 810 3240 853 mansuetam
3266 803 3344 856 eis
3377 805 3564 858 faciem

1987 887 2252 948 exhibuit,
2285 898 2336 940 et
2367 902 2494 942 voce
2522 886 2942 944 ﬂuctuabundas
2984 906 3170 944 eorum
3201 905 3405 948 mentes
3440 897 3565 963 pla—

1986 980 2148 1032 cavit.
2184 979 2316 1031 Cum
2360 991 2537 1049 autegn
2573 981 2820 1043 dixisset,
2861 1001 2878 1033 ι
2914 983 3016 1036 l'ax
3061 985 3233 1050 Vobis,
3276 1006 3295 1038 ι
3324 988 3423 1041 hoc
3458 1003 3564 1054 e52,

1990 1069 2069 1125 Ne
2099 1072 2386 1124 turbemiui
2418 1090 2431 1125 :
2469 1088 2736 1128 memores
2769 1088 2861 1126 eos
2883 1075 3007 1128 fecit
3044 1079 3188 1132 verbi
3260 1081 3402 1148 quod
3440 1092 3565 1134 ante.

1995 1179 2211 1216 crucem
2261 1164 2473 1217 dixerat
2507 1166 2586 1217 eis
2614 1206 2625 1216 .
2677 1183 2695 1215 ι
2747 1165 2940 1219 Pacem
2983 1183 3160 1222 meam
3209 1172 3273 1224 do
3309 1173 3460 1226 vobis
3495 1174 3561 1228 ³⁸.

1996 1274 2013 1306 ι
2051 1254 2230 1309 Gavisi
2274 1266 2588 1309 antemsnnt
2632 1257 2745 1311 viso
2778 1257 3022 1313 Domino.
3063 1280 3079 1310 ι
3107 1261 3167 1313 Ει
3219 1263 3318 1316 hoc
3353 1281 3564 1333 quoque

1990 1350 2310 1418 praedixerat
2349 1350 2428 1402 eis
2478 1361 2600 1401 ante
2647 1364 2885 1413 crucem,
2936 1354 3123 1405 dicens
3166 1357 3234 1417 ",
3296 1374 3314 1407 ι
3359 1356 3560 1412 \"idcbo

1991 1454 2100 1501 vos,
2153 1449 2206 1491 et
2251 1441 2501 1505 gaudebit
2544 1456 2636 1493 cor
2672 1456 2924 1495 vestrum.
2970 1463 2988 1494 ι
3047 1444 3180 1509 Quia
3209 1459 3385 1502 antem
3436 1467 3557 1502 CUI"

1987 1527 2189 1582 Juda-is
2252 1530 2592 1595 implacabile
2648 1534 2906 1599 gerebant
2967 1535 3186 1598 bellum,
3236 1538 3426 1590 iterum
3481 1541 3560 1592 eis

1988 1618 2141 1680 dicit,
2183 1636 2200 1668 ι
2242 1619 2370 1671 ['ax.
2414 1638 2432 1669 ι
2475 1621 2626 1672 Sicut
2659 1623 2799 1674 enim
2830 1623 3144 1679 mulieribus
3176 1628 3330 1692 dixit,
3363 1648 3380 1680 ι
3420 1628 3560 1681 Gan-

1988 1711 2129 1771 dete,
2177 1728 2195 1760 ι
2231 1725 2295 1762 eo
2326 1711 2466 1778 quod
2500 1711 2550 1764 itt
2594 1711 2737 1765 luctu
2770 1725 2923 1766 crant
2959 1733 2970 1767 :
3006 1717 3076 1768 ita
3111 1718 3218 1773 illis
3246 1736 3428 1788 pacem
3471 1725 3561 1776 dat

1986 1812 2206 1868 propter
2250 1802 2444 1855 bellum
2475 1804 2616 1870 quod
2649 1820 2769 1858 cum
2809 1805 3005 1861 Judaris
3046 1810 3314 1864 habebant
3346 1828 3555 1876 omnes,

1917 1885 1955 1939 Β
1988 1903 2038 1947 et
2073 1894 2302 1946 habituri
2349 1903 2524 1948 erant.
2563 1895 2810 1965 Congrue
2845 1899 3006 1968 igitur
3038 1902 3142 1956 illis
3186 1906 3464 1973 gaudium,
3501 1922 3558 1962 ut

1989 1983 2362 2060 maerentibus,
2398 1995 2452 2037 et
2497 1985 2799 2040 maledictis
2842 1989 2968 2041 olim
3015 2001 3072 2043 ut
3111 1992 3161 2044 in
3197 1994 3416 2048 tristitia
3459 2015 3556 2065 pa-

1989 2076 2167 2128 riant:
2229 2075 2360 2130 viris
2405 2087 2584 2131 autem
2648 2093 2837 2146 pacem
2884 2083 3013 2136 dit-it
3060 2096 3278 2154 pr0pter
3319 2093 3554 2157 pericula

1988 2167 2405 2234 prmdicationis.
2437 2165 2656 2223 Interim
2687 2183 2740 2224 et
2770 2175 2950 2228 crucis
2983 2178 3117 2230 bena
3154 2180 3410 2247 declarat,
3437 2203 3555 2253 quae

1986 2261 2132 2327 pacis
2163 2269 2307 2313 sunt.
2343 2259 2466 2314 Ideo
2501 2263 2625 2330 quia
2676 2278 2770 2331 per
2819 2281 3057 2333 crncctn,
3108 2271 3302 2341 inquit,
3339 2293 3436 2342 pax
3477 2278 3554 2331 fa-

1989 2363 2095 2415 cta,
2135 2353 2290 2407 mitto
2321 2369 2416 2410 vos
2456 2357 2520 2409 ad
2561 2359 3015 2425 praedicationem.
3047 2364 3550 2424 Consolansautem

1985 2458 2076 2497 eos
2098 2452 2152 2497 et
2183 2446 2450 2509 animans,
2496 2448 2687 2517 inquit,
2726 2468 2742 2499 ι
2781 2449 2932 2506 Sicut
2966 2456 3112 2510 misit
3149 2475 3233 2513 me
3264 2459 3445 2525 Pater,
3481 2466 3552 2520 ita

1985 2546 2036 2590 et
2069 2551 2167 2606 ego
2202 2538 2357 2591 mitto
2392 2555 2502 2593 vos.
2548 2560 2565 2590 ι
2611 2541 2782 2594 Meum
2823 2560 2980 2614 opus.
3029 2551 3222 2617 inquit,
3272 2558 3550 2626 suscipite,

1983 2637 2038 2680 et
2065 2628 2318 2682 conﬁdite
2343 2631 2482 2696 quod
2515 2633 2793 2686 vobiscum
2820 2636 2919 2688 sim
2953 2637 3187 2697 futurus.
3219 2644 3346 2700 Vide
3371 2660 3551 2704 autent

1984 2727 2037 2770 et
2061 2719 2463 2773 auctoritatem.
2481 2721 2592 2775 Non
2611 2723 2763 2786 dixit,
2784 2723 3089 2784 Obsecrabo
3112 2732 3321 2788 Patrem
3354 2753 3552 2804 meum,

1983 2820 2036 2863 et
2070 2811 2246 2865 mittet
2292 2826 2422 2865 vos:
2455 2816 2570 2880 sed,
2614 2833 2632 2865 ι
2668 2816 2822 2871 Mitto
2861 2835 2976 2875 vos.
3029 2841 3047 2873 ι
3085 2824 3317 2880 lusumat
3351 2841 3551 2898 autem,

1984 2913 2040 2957 et
2069 2903 2159 2956 dat
2194 2904 2273 2958 eis
2310 2903 2566 2971 Spiritum
2603 2919 2871 2976 sanctum,
2903 2929 3006 2968 non
3039 2918 3336 2984 perfectum
3356 2924 3555 2980 donum

1987 2993 2223 3062 Spiritus
2245 3000 2418 3052 sancti
2454 3014 2597 3054 nunc
2623 3001 2702 3056 eis
2735 3005 2978 3062 tribuens
3009 3010 3135 3075 (hoc
3161 3014 3303 3066 enim
3336 3016 3385 3068 in
3418 3016 3557 3073 Pcu-

1987 3098 2186 3144 tecoste
2217 3091 2442 3145 daturus
2470 3094 2631 3161 erat),
2658 3096 2750 3149 sed
2798 3099 2864 3152 ad
2900 3103 3294 3170 susceptionem
3321 3108 3556 3174 Spiritus

1987 3183 2208 3239 idoneos
2240 3198 2335 3239 eos
2379 3186 2631 3242 reddens.
2680 3207 2697 3239 ι
2745 3189 3015 3260 Accipite,
3061 3195 3254 3266 inquit,
3297 3199 3552 3266 Spiritum

1985 3287 2229 3329 sanctum
2257 3291 2272 3329 :
2302 3296 2320 3328 ι
2353 3279 2450 3332 hoc
2499 3279 2805 3344 est,Estote
2841 3284 3015 3340 idonei
3050 3286 3115 3340 ad
3153 3291 3552 3359 suscipiendum

1987 3367 2266 3436 Spiritum.
2322 3368 2618 3426 Dicendum
2673 3383 2849 3429 autem
2912 3380 3052 3446 quod
3118 3389 3172 3435 et
3236 3395 3554 3453 petestatem

1985 3458 2272 3524 quamdam
2316 3467 2370 3514 et
2419 3461 2621 3516 donum
2673 3465 2960 3534 spirituale
3011 3472 3157 3527 dedit
3200 3474 3301 3540 eis,
3339 3493 3442 3532 non
3498 3493 3558 3535 nt.

1987 3559 2229 3603 mortuos
2272 3551 2556 3617 suscitent,
2602 3564 2656 3609 et
2703 3557 2930 3614 virtutes
2970 3560 3189 3627 faciant.
3241 3568 3334 3622 scd
3379 3579 3435 3623 ut
3469 3587 3555 3626 re-

1989 3640 2205 3693 mittant
2230 3654 2471 3710 peccata.
2511 3644 2632 3701 Ideo
2655 3657 2709 3702 et
2743 3651 2944 3718 subdit,
2979 3671 2997 3703 ι
3044 3655 3284 3721 Quorum
3326 3662 3552 3716 remise-

1987 3727 2107 3783 ritis
2156 3743 2399 3798 peceata,
2447 3738 2788 3793 remittentur
2842 3744 2942 3807 eis,
3007 3764 3024 3796 ι
3087 3729 3378 3807 ostendens
3407 3757 3552 3824 quod

1983 3836 2150 3890 genus
2203 3826 2560 3894 spiritualium
2620 3831 2883 3886 donorum
2935 3837 3014 3890 eis
3071 3839 3301 3906 dederit,
3355 3848 3550 3902 remis-

1983 3911 2187 3968 sionem
2238 3917 2484 3971 videlicet
2531 3931 2898 3988 peccatornm.
2952 3925 3078 3982 Post
3125 3938 3550 4003 assumptionem

1984 4012 2163 4058 autem
2196 4006 2306 4075 ipse
2346 4008 2583 4077 Spiritus
2611 4027 2730 4065 cum
2765 4013 3152 4084 descemlissct,
3189 4035 3239 4078 et
3271 4027 3550 4096 sigtmrunt

1955 4104 2038 4150 ’et
2068 4097 2295 4151 aliorum
2328 4102 2714 4156 charismatum
2750 4107 3000 4162 virtutem
3048 4115 3128 4166 eis
3179 4115 3406 4184 largitus
3442 4133 3550 4178 est.

1982 4184 2150 4257 Digna
2177 4203 2354 4242 antem
2384 4193 2631 4260 quasue,
2668 4211 2836 4262 quare
2871 4215 2973 4252 non
3027 4203 3078 4255 itt
3133 4203 3351 4262 Galilaza
3385 4213 3551 4268 disci—

1984 4279 2121 4345 pulis
2154 4291 2394 4347 apparet,
2441 4284 2535 4336 sed
2588 4285 2638 4338 in
2688 4285 3042 4356 Hierusalem,
3078 4309 3198 4349 cum
3238 4297 3452 4356 Marcus
3492 4317 3551 4360 et

1985 4365 2266 4423 Mattbaeus
2293 4372 2475 4427 dicant
2520 4376 2833 4442 promisisse
2860 4397 2982 4434 eum
3027 4384 3132 4440 illis
3162 4403 3222 4443 se
3263 4392 3547 4448 videndum

1984 4462 2034 4514 in
2058 4460 2273 4517 Galilma
2297 4465 2363 4518 ".
2391 4465 2670 4530 Quomodo
2710 4488 2836 4540 ergo
2856 4475 2905 4526 in
2930 4475 3261 4534 Hierusalem
3288 4489 3551 4554 apparet?

313 4553 577 4617 ρῖσματος
653 4549 750 4610 τὰς
815 4549 1072 4617 δυνάμεις
1143 4550 1326 4613 αὐτοῖς
1401 4550 1871 4619 ἐπεδαψιλεύσατο.
1901 4572 1954 4632 D

1859 4593 1871 4603 .
1901 4572 1954 4632 D
1988 4556 2178 4610 Dicunt
2215 4559 2376 4626 igitur
2406 4561 2646 4628 quidam,
2685 4563 2822 4629 Quid
2866 4566 3004 4621 hoc?
3031 4568 3144 4623 Non
3204 4549 3547 4644 enim-dixit,

313 4642 377 4690 '.\
390 4639 496 4701 ξιον
510 4639 565 4691 δὲ
584 4638 839 4709 ζητῆσαι,
860 4640 1002 4702 τίνος
1015 4639 1202 4692 ἕνεκεν
1220 4642 1320 4693 οῦκ
1343 4643 1398 4693 ἐν
1416 4644 1479 4711 τῇ
1494 4641 1750 4712 Γαλιλαίᾳ
1767 4644 1875 4705 τοῖς

312 4730 583 4798 μαθηταῖς
600 4731 967 4797 ἐπιφαίνεται,
991 4731 1105 4783 ἀλλ’
1124 4733 1180 4783 ἐν
1200 4734 1263 4801 τῇ
1281 4731 1642 4801 Ἰερουσαλήμ
1664 4748 1676 4761 ·
1703 4733 1878 4785 καίτοι

314 4824 336 4871 5
372 4821 648 4883 Matinio;
673 4823 766 4874 καὶ
788 4822 816 4873 ὀ
838 4822 1059 4891 Μάρκος
1076 4822 1408 4892 ὑποσχέσθαι
1431 4823 1591 4876 αὑτὸν
1615 4824 1796 4886 αὐτοῖς
1823 4826 1880 4876 ἐν

312 4912 574 4981 Γαλιλαία
597 4912 934 4983 ὀφθήσεσθαί
958 4930 1090 4981 φασι
1115 4931 1130 4946 ·
1160 4914 1276 4976 πῶς
1311 4909 1403 4968 οὖν
1431 4918 1487 4968 ἐν
1519 4915 1872 4986 Ἰερουσαλὴμ

314 5006 588 5072 1εαίνεταις
623 5005 789 5058 Φασὶν
820 5003 911 5058 οῦν
941 5022 1104 5078 τινες,
1135 5006 1345 5060 ὃτιΚαὶ
1372 5006 1423 5058 τί
1446 5007 1637 5074 τοῦτο;
1670 5009 1745 5060 Οὺ
1769 5009 1874 5078 γὰρ

313 5096 493 5159 εἶπεν,
554 5100 635 5152 ὅτι
698 5099 788 5153 Ἐν
831 5100 1090 5172 Γαλιλαίᾳ
1143 5101 1303 5170 μόνον
1362 5103 1670 5173 ὀφθήσομαι
1721 5106 1870 5174 ὑμῖν,

312 5198 366 5240 εν
416 5189 472 5241 δὲ
549 5187 899 5260 Ἰερουσαλὴμ
963 5193 1064 5244 οὐκ
1123 5191 1461 5262 ὀφθήσομαι’
1521 5194 1660 5248 ὥστε
1726 5196 1875 5263 φιλο-

313 5281 492 5347 τιμίας
537 5280 694 5333 τοῦτο
724 5281 972 5345 πλοῦτος,
1003 5283 1065 5336 οὐ
1099 5282 1326 5355 ψεύδους
1363 5284 1475 5355 ἔχει
1519 5290 1871 5358 κατηγορίαν.

311 5374 541 5425 Ἔπειτα
593 5373 653 5424 τὸ
697 5373 925 5441 ὃψεσθαι
963 5374 1125 5428 αὑτὸν
1167 5377 1224 5428 ἐν
1269 5376 1527 5446 Γαλιλαία
1580 5381 1690 5440 τοῖς
1743 5382 1873 5432 πᾶσι

309 5465 600 5532 μαθηταῖς,
663 5467 783 5533 οὐχὶ
825 5467 936 5527 τοῖς
975 5465 1203 5528 δώδεκα,
1235 5468 1372 5521 ἀλλὰ
1419 5469 1513 5521 καὶ
1559 5473 1670 5533 τοῖς
1728 5473 1874 5525 £650-

307 5561 554 5626 pr’_xovra
608 5559 966 5626 ὑπισχνεῖται.
1027 5560 1083 5610 ἐν
1157 5557 1509 5630 Ἰερουσαλὴμ
1569 5563 1624 5615 δὲ
1688 5566 1872 5632 μόνοις

301 5652 414 5711 τοῖς
458 5647 664 5700 δώδεκα
711 5647 890 5719 ὤφθη.
946 5646 1186 5718 Οὒδεμία
1228 5649 1321 5703 οῦν
1373 5652 1638 5722 διαφωνία
1690 5657 1872 5709 ἐντεῦ-

382 5831 430 5863 ²⁶
459 5829 622 5885 Jnan.
681 5849 792 5896 xlv,
842 5833 932 5891 27.
1011 5836 1052 5866 ’⁸
1088 5833 1246 5891 Joan.
1293 5855 1403 5907 ut,
1443 5838 1533 5894 22.

529 5925 799 5984 Parnm"
840 5925 956 5989 Gn.
1020 5928 1302 5993 CXXIV.

1981 4645 2143 4718 765,
2172 4645 2228 4700 In
2251 4648 2468 4704 Galilaaa
2494 4650 2755 4705 duntaxat
2780 4656 2968 4710 videbo
2992 4675 3104 4721 vos.
3131 4665 3182 4716 in
3215 4663 3547 4724 Hierusalem

1981 4749 2160 4792 autent
2196 4755 2297 4791 non
2333 4741 2524 4795 videbo
2554 4758 2567 4796 :
2602 4755 2655 4796 et
2700 4746 2770 4796 ita
2820 4750 3051 4815 amplius
3080 4767 3320 4822 apparet,
3359 4769 3412 4813 rt
3441 4777 3546 4816 non

1983 4832 2343 4884 meudaciutn.
2397 4831 2596 4888 Deinde
2631 4850 2750 4889 cum
2793 4839 3077 4895 videndum
3136 4847 3276 4901 sein
3325 4848 3545 4908 Galilaaa

1983 4922 2050 4973 ab
2080 4923 2330 4975 omnibus
2363 4924 2666 4990 discipulis,
2708 4938 2761 4979 et
2791 4946 2895 4983 non
2930 4947 2958 4984 a
2997 4934 3278 4992 duodecim
3315 4950 3546 5011 tantum,

1983 5018 2145 5100 sedet
2184 5033 2211 5067 a
2252 5020 2591 5085 septuaginta
2647 5023 2933 5088 promittit,
2975 5025 3025 5078 in
3074 5027 3406 5088 Hierusalem
3445 5052 3547 5091 au-

1985 5111 2088 5156 tem
2139 5105 2268 5158 solis
2339 5107 2616 5160 duodecim
2659 5110 2808 5164 visus
2863 5111 2983 5166 fuit.
3060 5115 3211 5172 Nulla
3248 5121 3409 5192 igitur
3459 5129 3548 5182 bic

1984 5195 2285 5248 diversitas.
2323 5196 2478 5252 Visus
2501 5199 2644 5253 enim
2676 5213 2759 5255 est
2788 5203 2857 5258 ab
2887 5208 3138 5264 omnibus
3171 5213 3221 5266 in
3255 5213 3488 5282 Galiliea.
3516 5239 3545 5274 a

1983 5286 2268 5340 duodecim
2323 5302 2502 5344 autem
2539 5294 2589 5345 in
2636 5293 3002 5351 Hierusalem:
3061 5318 3181 5355 nam
3227 5307 3405 5373 plures
3463 5314 3544 5364 vi-

1980 5379 2163 5432 siones
2199 5381 2450 5435 l'uerunt:
2482 5385 2619 5438 unde
2652 5386 2740 5439 alii
2775 5388 2891 5450 lias,
2926 5390 3012 5442 alii
3050 5392 3164 5446 illas
3188 5397 3541 5470 scripserunt.

1980 5469 2253 5527 Fortassis
2312 5486 2487 5528 autem
2541 5479 2606 5530 de
2677 5479 2864 5534 eadem
2929 5487 3154 5539 materia
3211 5491 3546 5550 tradentibus

1981 5567 2190 5621 duobus
2225 5571 2589 5636 cvangelistis.
2637 5572 2818 5641 implet
2851 5589 2968 5643 qua:
3019 5592 3046 5628 a
3094 5584 3276 5651 priore
3329 5589 3545 5644 concise

1982 5658 2122 5711 dicta
2185 5669 2332 5722 sunt,
2387 5660 2668 5726 posterior.
2739 5662 2867 5717 Vide
2930 5666 3150 5737 insuper
3201 5678 3542 5733 sacerdonun

1611 5839 1654 5869 ³³
1679 5835 1867 5892 Matth.
1895 5855 2040 5910 uri,
2075 5841 2184 5908 δὶς
2229 5842 2392 5898 Marc.
2425 5861 2538 5900 xw.
2568 5849 2658 5906 38.

3153 5946 3222 6005 10
