4284 6450
710 426 819 491 299

1594 422 2177 486 TliEUI‘HYLACTl
2230 422 2643 484 BULGARI/E
2682 425 3039 493 ARCHIEP.

3860 434 3971 497 300

709 543 1046 611 dignitatem,
1078 539 1222 609 quod
1252 537 1430 593 divina
1464 537 1554 592 sit.
1601 539 1691 591 l)ci
1732 537 1876 591 enim
1911 547 1991 590 est
2024 535 2298 589 rcmi'lcre
2328 536 2373 595 A

2285 535 2514 595 :AOav.
2568 536 2708 588 Πᾶει
2778 537 2878 606 μὲν
2942 541 3052 610 γὰρ
3097 542 3153 595 ἐν
3208 542 3465 614 Γαλιλαίᾳ
3507 542 3685 615 ὤφθη,
3748 547 3853 605 τοῖς
3921 546 3977 599 δὲ

709 645 952 702 peccata.
994 631 1083 685 Sic
1135 632 1303 702 igitur
1349 631 1421 685 illi
1468 628 1768 683 honorandi
1825 636 1951 679 sunt
2008 637 2064 679 ut
2120 625 2282 681 Deus.

713 727 839 776 .'\am
877 727 1126 792 quamvis
1177 723 1383 792 indigni
1433 723 1562 783 sitit,
1604 720 1730 789 quid
1777 720 1917 775 hoc?
1969 720 2282 772 Divinorum

711 817 977 869 donortlltt
1011 814 1244 868 ministri
1282 822 1427 875 sunt,
1453 822 1505 864 et
1537 810 1708 881 gratia
1745 817 2002 877 operatur
2044 821 2138 874 per
2168 821 2284 866 eos,

708 911 849 962 sicut
895 920 944 963 et
986 924 1079 977 per
1123 909 1330 962 asinam
1380 905 1597 958 Balaam
1644 904 1853 957 locutus
1903 910 1985 955 est
2042 900 2124 954 "z
2178 914 2285 953 non

706 1000 849 1054 enim
889 1002 1181 1066 indignitas
1215 1010 1400 1053 nostra
1435 999 1664 1064 gratiam
1698 994 1988 1064 prohibet;
2021 1001 2183 1062 alque
2213 993 2284 1045 ila

707 1094 833 1160 quia
882 1109 973 1160 per
1008 1092 1317 1145 sacerdotes
1342 1091 1514 1159 gratia
1551 1085 1950 1156 suppeditatur,
1979 1082 2282 1138 honorandi

706 1194 852 1236 blllil.

2391 628 2599 681 δώδεκα
2633 629 2691 681 ἐν
2750 630 3134 704 Ἰερουσαλήμ.
3197 634 3471 689 Πλειόνων
3518 638 3627 707 γὰρ
3670 640 3979 708 γενομένων

2392 719 2692 782 ὀπτασιών,
2724 723 2773 773 οἱ
2810 722 2909 792 μὲν
2941 723 3127 787 τάσδε,
3178 727 3226 778 oi
3272 727 3329 780 δὲ
3372 728 3533 781 τάσδε
3574 729 3974 798 ἁνεγράψιντο.

2396 810 2549 864 Ἔστι
2583 811 2627 864 δ’
2661 813 2747 864 ὅτε
2780 817 2873 867 καὶ
2906 816 3035 885 περὶ
3064 814 3159 868 τοῦ
3194 817 3361 871 αὑτοῦ
3395 820 3692 887 κεφαλαίου
3735 821 3829 873 δύο
3858 824 3975 875 δια·

2394 899 2767 969 λαμϐάνοντες
2817 905 3228 973 εύαγγελισταὶ,
3271 910 3577 980 ἀναπληροῖ
3615 911 3683 963 τὰ
3732 913 3834 965 ὑπὸ
3880 913 3975 967 τοῦ

2395 993 2615 1060 πρώτου
2662 996 2919 1067 λεχθέντα
2962 1001 3080 1052 κατ’
3120 1000 3377 1070 ἔλλειψιν,
3411 1004 3438 1055 6
3471 1002 3741 1075 δεύτερος.
3775 1004 3974 1059 Σκόπει

2394 1085 2450 1139 δέ
2468 1104 2557 1156 μοι
2576 1088 2685 1142 τῶν
2705 1090 2897 1160 ἱερέων
2921 1091 3019 1162 τὴν
3040 1091 3221 1159 ἀξίαν,
3250 1094 3332 1146 ὅτι
3363 1093 3481 1147 θεία
3506 1097 3621 1149 ὲστί
3683 1096 3819 1149 Θεοῦ
3841 1102 3971 1166 γαρ,

2394 1188 2455 1231 τὸ
2489 1181 2712 1249 ἀφιέναι
2772 1183 3069 1253 ἁμαρτίας.
3118 1185 3302 1247 Οὕτως
3350 1186 3546 1251 αὐτοὺς
3597 1190 3855 1260 τιμητέον
3898 1188 3975 1253 ὼς

706 1278 859 1329 Θεέ-ν.
911 1277 1032 1329 Κᾶν
1066 1276 1173 1346 γὰρ
1208 1275 1415 1341 ἀνάξιοι
1455 1268 1580 1339 ὦσι,
1638 1274 1690 1327 τί
1726 1272 1918 1339 τοῦτο;
1968 1270 2091 1329 Τῶν
2166 1271 2328 1325 θείων
2368 1277 2726 1345 χαρισμάτων
2772 1279 2881 1332 είσὶ
2922 1280 3181 1347 διάκονοι,
3235 1282 3391 1352 καὶὴ
3440 1284 3600 1353 χάρις
3657 1286 3875 1355 ἐνεργεῖ
3907 1282 3971 1338 δι’

708 1373 910 1435 αὐτῶν,
959 1372 1147 1443 ὥσπερ
1199 1371 1291 1426 οὖν
1368 1373 1460 1426 καὶ
1512 1373 1600 1427 διὰ
1645 1371 1742 1440 τῆς
1819 1370 1941 1423 ὄνου
1986 1369 2082 1423 τοῦ
2137 1370 2367 1441 Βαλαὰμ
2403 1370 2708 1440 ἐλάλησεν·
2768 1373 2965 1429 οὔκουν
3017 1377 3050 1444 ἡ
3107 1375 3397 1444 ἁναξιότης
3447 1376 3604 1446 ἡμῶν
3663 1377 3761 1447 τὴν
3813 1378 3972 1448 χάρ.ν

708 1466 927 1518 κωλύει.
962 1465 1124 1516 Ὥστε
1166 1466 1288 1517 ἐπεὶ
1321 1465 1387 1517 δι’
1432 1464 1623 1534 ἱερέων
1660 1466 1692 1534 ἡ
1722 1462 1883 1534 χάρις
1932 1464 2276 1533 χορηγετται,
2316 1464 2578 1533 τιμητέον
2609 1465 2830 1530 αύτούς.

785 1562 944 1613 Vsus.
978 1558 1163 1611 Eii—9.9.
1201 1578 1217 1609 ι
1274 1556 1515 1611 Thomas
1563 1568 1743 1612 autem
1792 1573 1930 1611 unus
1973 1556 2281 1621 duodecim,

707 1653 795 1719 qui
832 1653 1022 1705 dicitur
1047 1650 1325 1718 Didymus,
1366 1659 1605 1704 uouerat
1636 1665 1756 1703 cum
1782 1650 1862 1703 eis
1895 1651 2110 1719 quando
2135 1649 2285 1703 venit

2479 1575 2496 1606 ι
2532 1557 2733 1628 Θωμᾶς
2760 1560 2815 1613 δὲ
2850 1554 2929 1623 εἷς
2958 1562 3020 1614 ὲκ
3050 1562 3155 1615 τῶν
3185 1563 3415 1627 δώδεκα,
3444 1564 3472 1617 6
3504 1564 3793 1635 λεγόμενος
3819 1565 3971 1619 Δίδυ-

2394 1665 2515 1719 μος,
2548 1652 2648 1704 οὐκ
2679 1648 2746 1723 ἦν
2781 1653 2896 1722 μετ’
2938 1654 3139 1721 αὐτῶν,
3186 1658 3272 1709 ὅτε
3304 1653 3465 1728 ἦλθεν
3498 1661 3525 1711 6
3562 1658 3789 1727 Ἰησοῦς.
3822 1659 3971 1712 Ἕλε-

706 1743 880 1798 Jcsus.
956 1742 1217 1795 Dixerunt
1266 1756 1394 1809 ergo
1442 1741 1492 1794 ci
1533 1739 1621 1793 alii
1686 1740 1932 1809 discipuli
1985 1738 2283 1795 :Vidimus
2323 1758 2398 1828 B'

2279 1759 2283 1788 ι
2323 1774 2362 1828 Β
2392 1758 2488 1809 γον
2534 1742 2627 1795 οὖν
2661 1744 2812 1815 αύτῷ
2852 1747 2900 1798 oi
2947 1746 3094 1801 ἄλλοι
3131 1747 3370 1818 μαθηταί
3395 1765 3407 1779 ⁸
3472 1750 3834 1819 Ἑωράκαμεν
3882 1750 3971 1803 τὸν

707 1836 1011 1889 Dominum.
1038 1835 1126 1888 Ille
1150 1846 1327 1888 autem
1364 1833 1497 1885 dixit
1528 1833 1646 1887 eis:
1679 1831 1790 1887 Nisi
1825 1831 2007 1886 videro
2040 1833 2091 1886 in
2124 1833 2294 1886 mani-

707 1932 804 1983 bus
819 1930 933 1999 ejus
952 1930 1229 1996 reseigiuai
1252 1928 1551 1990 clavorum,
1572 1938 1625 1980 et
1650 1928 1846 1979 misero
1869 1926 2093 1996 digitum
2114 1941 2290 1980 meum

708 2015 759 2075 in
790 2023 1067 2091 vestigium
1089 2022 1381 2082 clavorum,
1404 2031 1457 2074 et
1481 2022 1677 2075 misero
1698 2020 2109 2086 manumlmeam
2138 2019 2190 2071 iu
2216 2018 2292 2072 la-

707 2128 791 2169 tus
814 2115 950 2182 ejus,
978 2132 1078 2167 nou
1106 2116 1337 2166 credam.
1375 2113 1435 2165 Et
1460 2122 1582 2181 post
1616 2113 1731 2166 dies
1759 2123 1882 2165 octo
1911 2111 2109 2166 iterum
2133 2122 2291 2164 erant

705 2209 949 2275 discipuli
983 2211 1096 2269 ejus
1127 2209 1291 2269 intus,
1324 2218 1377 2260 ct
1410 2205 1648 2260 Thomas
1681 2221 1803 2260 cum
1825 2206 1903 2258 eis
1941 2223 1952 2257 :
1984 2207 2132 2259 venit
2154 2220 2283 2275 ergo

704 2302 1083 2370 .Iesus,jauuis
1118 2305 1334 2366 clausis,
1366 2311 1418 2353 et
1447 2300 1597 2355 stetit
1643 2300 1693 2351 in
1733 2298 1910 2351 medio
1951 2297 2191 2363 illorum,
2237 2308 2291 2350 et

705 2397 843 2449 dixit
868 2414 879 2449 :
913 2395 1016 2448 l'ax
1048 2394 1214 2448 vehis.
1235 2393 1437 2447 Deinde
1463 2393 1592 2446 dicit
1619 2390 1837 2444 Thomas
1866 2390 2041 2443 :hil'er
2063 2390 2287 2458 digitum

710 2502 855 2540 luunt
902 2488 1021 2549 huc,
1055 2497 1106 2538 et
1140 2486 1259 2539 vide
1290 2501 1479 2537 tuanus
1514 2499 1681 2547 meas,
1709 2492 1763 2535 et
1806 2484 2033 2535 admove
2072 2495 2287 2533 manum

707 2590 876 2643 tuam,
913 2590 967 2632 et
998 2579 1226 2633 immitte
1253 2579 1305 2633 in
1338 2579 1477 2631 latus
1505 2592 1704 2641 mcmu,
1735 2584 1787 2629 et
1820 2577 1928 2628 noli
1957 2590 2080 2630 esse
2114 2574 2289 2628 incre-

708 2677 886 2735 d-ilus,
920 2675 1012 2726 sed
1072 2674 1318 2725 credens.
1369 2670 1674 2740 Respondit
1721 2668 1981 2730 Thomas,
2024 2677 2078 2721 et
2106 2667 2285 2720 dixit:

710 2764 969 2817 Dominus
1003 2778 1151 2815 ntelts
1185 2770 1239 2816 et
1281 2764 1420 2816 Deus
1450 2775 1621 2815 meus.
1654 2757 1800 2813 Dixit
1832 2759 1881 2812 ei
1912 2757 2071 2812 Jcsus
2101 2776 2112 2808 :
2146 2755 2284 2822 Quia

710 2859 886 2911 iidisti
924 2872 1027 2919 me,
1057 2856 1287 2918 Thema,
1330 2853 1606 2908 credidisti
1646 2871 1662 2908 :
1702 2852 1844 2906 beati
1867 2852 1956 2919 qui
1989 2864 2097 2904 non
2134 2851 2286 2903 vide-

708 2956 856 3006 l‘unt.
916 2955 971 2999 et
1033 2945 1406 2999 crediderunt.
1475 2961 1494 2995 ι
1551 2941 1667 2995 Non
1714 2950 1833 2995 erat
1863 2940 2099 2995 Thomas
2162 2954 2285 2993 cum

709 3038 1039 3108 IiiSCiPIIIiS:
1104 3036 1397 3090 verisimile
1443 3036 1587 3089 enim
1636 3034 1780 3086 illum
1829 3048 1893 3087 ex
1946 3032 2285 3100 dispersione

2399 1834 2624 1905 Κύριον.
2676 1835 2734 1889 Ὀ
2770 1836 2827 1889 δὲ
2856 1833 3015 1889 εἶπεν
3048 1839 3233 1900 αὐτοῖς
3260 1855 3273 1869 ⁸
3322 1840 3447 1892 Ἐὰν
3492 1840 3565 1910 μὴ
3602 1841 3696 1893 ίδω
3745 1840 3801 1891 ὲν
3852 1842 3970 1905 ταῖς

2395 1928 2586 1997 χερσὶν
2629 1928 2794 1982 αὑτοῦ
2847 1930 2936 1981 τὸν
2965 1931 3136 1982 τύπον
3183 1930 3293 1983 τῶν
3340 1931 3507 2001 ἥλων,
3562 1932 3654 1984 καὶ
3704 1931 3850 2001 βάλω
3880 1933 3971 1985 τὸν

2394 2019 2654 2073 δάκτυλόν
2693 2038 2793 2089 μου
2850 2022 2927 2083 είς
2985 2022 3075 2074 τὸν
3114 2022 3280 2075 τύπον
3326 2023 3433 2075 τῶν
3484 2024 3653 2093 ἥλων,
3691 2026 3783 2077 καὶ
3824 2024 3971 2093 βάλω

2394 2112 2492 2182 τὴν
2535 2114 2695 2182 χεῖρά
2745 2130 2847 2181 μου
2885 2116 2962 2177 είς
3005 2116 3104 2183 τὴν
3137 2115 3378 2184 πλευρὰν
3431 2115 3616 2178 αὑτοῦ,
3666 2118 3725 2168 ού
3769 2118 3843 2186 μὴ
3880 2134 3970 2168 πι-

2396 2204 2624 2258 στεύσω.
2670 2207 2776 2258 Καὶ
2813 2207 2932 2273 μεθ’
2969 2208 3179 2278 ἡμέρας
3220 2208 3365 2261 ὀκτὼ
3402 2209 3565 2262 πάλιν
3595 2204 3736 2279 ἦσαν
3786 2210 3893 2261 ἔσω
3922 2210 3973 2262 oi

2396 2298 2634 2368 μαθηταὶ
2659 2298 2847 2363 αὑτοῦ,
2885 2302 2979 2352 καὶ
3009 2301 3210 2370 Θωμᾶς
3252 2306 3370 2372 μετ’
3407 2302 3609 2356 αὐτῶν.
3651 2304 3912 2373 Ἔρχεται
3943 2305 3971 2356 6

2406 2390 2612 2459 Ἰησοῦς
2656 2392 2759 2445 τῶν
2799 2392 2977 2461 θυρῶν
3025 2395 3446 2464 κεκλεισμένων,
3482 2397 3574 2447 καὶ
3618 2397 3751 2466 ἔστη
3790 2399 3868 2458 είς
3909 2396 3972 2447 τὸ

2394 2481 2580 2549 μέσον,
2623 2481 2719 2533 καὶ
2748 2478 2901 2534 εἶπεν
2929 2498 2941 2509 ⁸
2973 2484 3181 2553 Εἰρήνη
3210 2486 3357 2553 ὑμῖν.
3393 2481 3522 2537 Εἶτα
3554 2486 3701 2552 λέγει
3739 2485 3815 2555 τῷ
3853 2485 3973 2538 Θω-

2395 2574 2472 2642 μᾷ
2498 2590 2512 2603 ·
2541 2575 2677 2641 Φέρε
2708 2574 2798 2627 τὸν
2828 2574 3092 2628 δάκτυλόν
3129 2592 3222 2626 σου
3268 2569 3392 2637 ὦδε,
3430 2575 3522 2628 καὶ
3549 2578 3623 2630 ἴδε
3658 2578 3756 2637 τας
3784 2577 3969 2645 χεῖράς

2394 2681 2520 2733 μου.
2548 2667 2640 2716 καὶ
2669 2666 2801 2734 ςέρε
2828 2666 2926 2734 τὴν
2958 2668 3113 2736 χεῖρά
3150 2684 3263 2727 σου,
3287 2667 3379 2718 καὶ
3411 2668 3537 2735 βάλε
3566 2670 3643 2730 εἱς
3676 2669 3775 2737 τὴν
3807 2668 3970 2719 πλευ-

2394 2756 2493 2825 ράν
2528 2774 2652 2825 μου,
2686 2756 2881 2827 καὶμὴ
2911 2759 3061 2825 γίνου
3092 2759 3344 2822 ἄπιστος,
3377 2760 3511 2811 ἁ).λά
3549 2761 3761 2813 πιστός.
3839 2761 3972 2811 ’Λπ-

2390 2849 2583 2917 εκρίθη
2608 2850 2831 2918 Θωμᾶς,
2852 2853 2943 2903 καὶ
2968 2847 3121 2903 εἶπεν
3147 2867 3159 2879 ⁸
3199 2852 3255 2904 '0
3287 2852 3484 2921 Κύριός
3514 2869 3635 2919 μου,
3672 2856 3762 2904 και
3784 2855 3810 2905 6
3836 2852 3968 2916 Θεὸς

2392 2959 2513 3009 μου.
2543 2943 2705 3009 Λέγει
2738 2942 2886 3011 αὐτῷ
2927 2944 2955 2995 6
3010 2942 3211 3011 Ἰησοῦς
3238 2961 3251 2975 ⁸
3284 2946 3410 2995 ’Ὅτι
3446 2945 3696 3013 ἑώρακάς
3739 2962 3829 3013 με,
3870 2962 3973 2997 πε·-

2390 3039 2686 3094 πίστευκας
2714 3050 2725 3061 ⁸
2774 3035 3036 3104 μακάριοι
3062 3036 3111 3088 οἱ
3145 3035 3219 3104 μὴ
3263 3036 3485 3099 ίδόντες,
3522 3043 3613 3088 και
3652 3034 3973 3088 πιστεύσαν-

710 3130 946 3183 noudum
976 3126 1144 3180 l'uiSse
1174 3138 1581 3192 congregatum.
1610 3122 1745 3188 Quid
1775 3132 1953 3175 autem
2003 3131 2110 3182 eSt,
2147 3138 2166 3171 ι
2191 3120 2290 3185 Qui
2318 3128 2362 3191 C
2399 3146 2402 3154 ι

2278 3121 2362 3191 iC
2399 3145 2507 3189 τες.
2545 3147 2562 3179 ι
2611 3127 2725 3182 Οὐκ
2753 3124 2819 3196 ἧν
2864 3130 2891 3181 ὀ
2919 3129 3118 3196 Θωμᾶς
3155 3130 3290 3198 μετὰ
3328 3129 3434 3180 τῶν
3488 3129 3744 3198 μαθητῶν
3772 3143 3786 3157 ⁸
3824 3127 3970 3189 εἰκὸς

707 3222 901 3277 dicitur
924 3220 1177 3291 Didymus
1194 3220 1243 3272 ?i
1275 3217 1650 3285 interpretatio
1667 3226 1747 3268 est
1773 3214 2006 3267 nominis
2029 3211 2285 3265 Thomas.

709 3314 1167 3378 Quemadmodum
1193 3310 1335 3364 cnim
1363 3308 1576 3377 Ccphas
1600 3308 2019 3375 interpretamur
2050 3302 2289 3365 Petrum,

708 3423 787 3461 sic
817 3416 871 3461 et
932 3404 1168 3459 Thomas
1208 3403 1430 3465 dicitur,
1482 3402 1581 3467 hoc
1640 3410 1744 3464 est,
1813 3400 1856 3453 si
1897 3395 2289 3465 interpreteris,

710 3508 867 3553 sonat
910 3497 1165 3568 Didymus
1208 3514 1225 3548 :
1265 3496 1454 3549 Ilerito
1502 3505 1685 3547 autem
1722 3490 1967 3545 meminit
2022 3488 2291 3555 interpre—

712 3592 931 3647 tationis
963 3590 1082 3658 ejus
1111 3588 1366 3650 nominis,
1402 3595 1458 3639 ιιι
1496 3585 1744 3639 ostendat
1773 3583 1927 3637 nobis
1958 3582 2097 3648 quod
2132 3578 2289 3632 dubi-

711 3692 853 3735 titor
878 3679 1097 3749 quidam
1127 3679 1217 3741 sil,
1262 3689 1315 3731 et
1339 3678 1389 3731 id
1421 3677 1539 3731 vitii
1572 3691 1601 3729 a
1634 3676 1898 3744 principio
1923 3674 2191 3735 habuerit,
2230 3680 2289 3724 ut

711 3784 763 3825 i-t
789 3790 984 3827 nomen
1020 3773 1242 3827 indicat.
1292 3769 1602 3824 Dicentibus
1634 3780 1810 3821 autem
1855 3766 1977 3819 aliis
2005 3765 2289 3832 discipulis

715 3872 780 3922 de
808 3869 1051 3927 Domino,
1092 3880 1195 3916 non
1244 3864 1415 3917 credit
1445 3880 1457 3916 :
1482 3876 1584 3915 non
1632 3860 1755 3912 illos
1786 3859 2069 3912 mendaces
2097 3857 2308 3911 existi-'

714 3976 887 4024 matis,
940 3959 1035 4012 sed
1091 3953 1544 4010 risurreclionem
1593 3950 1973 4019 impossibilem
2036 3961 2281 4018 putans:

709 4046 831 4102 ideo
860 4056 909 4098 et
945 4043 1210 4113 arguitur,
1265 4050 1320 4094 ut
1367 4055 1526 4109 supra
1563 4039 1777 4093 modum
1820 4038 2087 4092 curiosus.
2150 4036 2283 4092 Nam

708 4134 1160 4207 quemadmodum
1190 4132 1346 4187 facile
1372 4133 1614 4191 credere.
1640 4129 1872 4184 levitatis
1892 4139 2004 4182 est:
2031 4126 2104 4181 ita
2132 4127 2283 4182 Valde

709 4227 996 4289 obluctari,
1062 4223 1380 4277 rusticitatis
1432 4230 1516 4275 est
1568 4220 1891 4274 crassitudo.
1954 4216 2082 4272 Vide
2136 4218 2282 4270 enim

711 4318 982 4383 quomodo
1034 4328 1211 4382 neque
1264 4311 1440 4366 oculis
1491 4310 1701 4365 dicebat
1730 4324 1788 4363 se
1814 4310 2061 4370 credere,
2089 4310 2180 4361 sed
2210 4317 2281 4373 ct,

715 4430 733 4458 ι
762 4412 875 4463 Nisi
909 4409 1107 4461 misero
1136 4419 1353 4457 manum
1382 4418 1578 4470 meam,
1605 4421 1623 4452 ι
1656 4402 1880 4457 addidit.
1919 4402 2069 4457 Unde
2102 4414 2281 4455 autem

710 4503 912 4554 sciebat
928 4500 1067 4552 latus
1089 4497 1343 4551 habuisse
1366 4495 1629 4564 vestigia?
1647 4494 1907 4548 Audierat
1929 4508 1959 4546 a
1978 4488 2280 4564 discipulis.

711 4597 889 4657 Quare
935 4606 1039 4645 nou
1090 4589 1272 4642 statim
1314 4595 1534 4654 apparet
1568 4587 1641 4650 ei,
1690 4590 1783 4640 sed
1810 4598 1930 4655 post
1963 4586 2082 4640 dies
2131 4585 2286 4639 octo?

714 4693 770 4736 ut
800 4698 921 4735 cum
959 4680 1282 4734 edocerctur
1328 4694 1356 4730 a
1386 4676 1791 4745 condiscipulis,
1824 4687 1878 4731 et
1918 4677 2003 4729 his
2033 4690 2151 4743 qute
2184 4690 2283 4727 au-

710 4778 907 4834 dieral,
946 4773 997 4825 iit
1032 4772 1202 4835 majus
1226 4768 1387 4841 765
1418 4770 1741 4823 desiderium
1773 4772 2183 4830 accenderetur,
2231 4775 2286 4821 et

713 4864 921 4916 ildclit)!‘
954 4861 1007 4914 iu
1062 4859 1305 4914 futurum
1348 4861 1521 4913 lierel.
1554 4858 1853 4913 OSIendere
1890 4868 2070 4910 autem
2101 4859 2286 4909 volens

715 4956 973 5008 Dominus
1008 4952 1149 5023 quod
1172 4962 1226 5005 et
1267 4962 1393 5005 tunc
1421 4957 1607 5005 aderat
1635 4951 1853 5019 quando
1883 4949 2286 5004 incredulitatis

712 5048 875 5100 verba
911 5062 1031 5099 cum
1058 5043 1341 5113 discipulis
1370 5042 1619 5098 tractarit
1648 5040 1907 5109 Tuomas,
1943 5057 2049 5101 non
2085 5057 2275 5110 exspe-

710 5142 875 5192 ctavit
915 5147 971 5190 ut
1000 5141 1147 5191 abeo
1187 5137 1289 5190 tale
1312 5138 1564 5205 quiddam
1591 5136 1823 5198 audiret,
1858 5138 1949 5188 sed
1984 5135 2097 5202 ipse
2118 5136 2282 5199 prior,

715 5248 835 5300 qua:
864 5229 1223 5291 desiderabat,
1252 5228 1454 5297 implet.
1482 5228 1692 5281 Etenim
1726 5228 1906 5281 verbis
1940 5227 2131 5281 iisdem
2158 5241 2285 5279 usus

712 5334 813 5376 est.
854 5319 919 5373 Et
950 5320 1069 5374 vide
1109 5320 1375 5389 quomodo
1405 5320 1654 5385 loquatur
1684 5319 1914 5386 primum
1966 5319 2284 5384 increpans,

718 5434 737 5466 ι
780 5411 926 5467 Mler
948 5428 1164 5467 mauuai
1201 5424 1342 5465 tuam
1368 5410 1653 5475 :vietdeiu
1681 5413 1995 5475 admonens,
2034 5429 2052 5460 ι
2086 5409 2161 5463 Ne
2190 5411 2285 5474 sis,

720 5506 922 5575 inquit,
955 5506 1287 5571 incredulus,
1320 5504 1413 5559 sed
1440 5504 1632 5560 fidelis.
1675 5522 1693 5555 ι
1726 5502 1890 5558 Vides
1944 5502 2285 5556 manifestam

716 5616 779 5652 ex
818 5597 1133 5651 inﬁdelitate
1172 5599 1341 5652 fuisse
1366 5596 1778 5657 dubitationem,
1804 5608 1854 5649 ct
1887 5595 2084 5647 liustra
2123 5609 2258 5662 quos

716 5692 838 5744 dam
883 5689 1178 5758 gratificari
1220 5690 1461 5756 'l'homm,
1492 5689 1736 5744 dicentes
1785 5689 1925 5755 quod
1957 5688 2076 5741 data
2122 5702 2286 5757 Opera

785 5878 833 5911 ’³
859 5874 1020 5931 Νυιιι.
1056 5891 1188 5944 uti,
1220 5877 1313 5932 Q8.

2396 3221 2504 3290 γὰρ
2534 3220 2700 3273 αὐτὸν
2734 3222 2797 3272 ὲκ
2850 3220 2948 3289 τῆς
2984 3220 3283 3289 διασπορᾶς
3321 3223 3487 3290 μήπω
3520 3220 3969 3288 ἐπισυναχοῆναι.

2394 3311 2458 3363 Τί
2486 3311 2540 3363 δέ
2571 3314 2740 3377 ἐστιν,
2766 3330 2782 3361 ι
2806 3312 2863 3363 Ὀ
2878 3311 3164 3381 λεγόμενος
3185 3311 3410 3378 Δίδυμος
3434 3330 3479 3376 ;i
3516 3313 3685 3363 Τοῦτο
3704 3312 3972 3380 ἑρμηνεία

2394 3402 2510 3453 ἐστὶ
2544 3401 2657 3465 τοῦ,
2715 3422 2732 3453 ι
2779 3404 3000 3472 Θωμᾶς.
3043 3422 3060 3454 ι
3118 3404 3328 3471 ’Ὥσπερ
3380 3403 3487 3472 γὰρ
3538 3403 3596 3453 τὸ
3631 3404 3827 3471 Κηφᾶς
3877 3403 3969 3470 ἑρ-

2395 3494 2691 3562 μηνεύεται
2741 3497 2987 3561 Πέτρος,
3040 3495 3183 3547 οὓτω
3235 3494 3423 3547 καὶτὸ
3472 3495 3671 3563 Θωμᾶς
3728 3496 3966 3562 λέγεται,

2396 3588 2717 3650 τουτέστιν,
2800 3586 3168 3656 ἑρμηνεύεται
3243 3585 3518 3654 Δίδυμος.
3596 3587 3834 3649 Εὲκότως
3904 3586 3962 3639 δὲ

2392 3680 2723 3747 μνημονεύει
2752 3682 2848 3748 τῆς
2874 3682 3169 3751 ἑρμηνείας
3202 3681 3404 3750 ταύτης
3433 3680 3525 3731 τού
3560 3679 3843 3748 ὀνόματος,
3881 3680 3967 3731 ἵνα

2390 3770 2539 3841 δείξῃ
2587 3771 2741 3840 ἡμῖν,
2773 3772 2854 3824 ὅτι
2887 3771 3233 3832 διστακτικός
3264 3788 3348 3833 τις
3382 3766 3471 3839 ἦν,
3506 3771 3599 3822 καὶ
3635 3769 3843 3822 ἄνωθεν
3878 3773 3970 3822 καὶ

2389 3861 2486 3913 ἀπ’
2515 3862 2689 3931 ἀρχῆς
2733 3860 2974 3912 τοιοῦτον
3026 3857 3138 3930 εἶχε
3175 3860 3264 3912 τὸν
3295 3859 3517 3929 τρόπον,
3567 3860 3643 3921 ὼς
3691 3858 3841 3929 δηλοῖ
3874 3862 3967 3911 καὶ

2387 3952 2651 4021 τοῦνομα.
2682 3952 2917 4019 Λέγουσι
2950 3951 3004 4003 δὲ
3036 3954 3149 4013 τοῖς
3192 3951 3371 4014 ἄλλοις
3407 3951 3678 4020 μαθηταῖς
3707 3953 3837 4019 περὶ
3868 3950 3961 4003 τού

2391 4046 2595 4115 Κυρίου
2658 4043 2896 4113 ἠπίστει,
2922 4043 3018 4111 οὐχ
3043 4043 3119 4105 ὡς
3148 4044 3364 4112 ψευδεῖς
3412 4044 3609 4105 αὐτοὺς
3639 4044 3964 4111 ἡγούμενος,

2388 4135 2525 4189 ἀλλὰ
2583 4134 2645 4187 τδ
2685 4134 2919 4202 πρᾶγμα
2966 4134 3065 4202 τῆς
3112 4133 3459 4195 ἀναστάσεως
3516 4134 3782 4191 ἀδύνατον
3828 4129 3967 4185 εἶναι

2389 4226 2625 4295 νομίζων
2652 4241 2666 4255 ⁸
2697 4224 2779 4277 διὸ
2809 4226 2903 4277 καὶ
2938 4223 3279 4290 ἐγκαλεῖται,
3316 4224 3392 4287 ὠς
3429 4225 3571 4294 πέρα
3600 4224 3696 4276 τού
3742 4224 3965 4293 μετρίαν

2391 4317 2703 4387 περίεργος.
2739 4316 2954 4384 Ὠσπερ
2985 4316 3091 4384 γὰρ
3120 4315 3179 4367 τὸ
3205 4315 3400 4385 ῥᾳδίως
3432 4315 3732 4379 πιστεύειν,
3766 4316 3966 4383 κουφό-

2388 4422 2581 4476 τητος⁸
2622 4405 2762 4457 οὕτω
2802 4404 2862 4457 τὸ
2909 4404 3115 4473 σφόδρα
3159 4405 3502 4467 ἀντιτείνειν,
3539 4404 3825 4472 ἀγροικίας
3874 4408 3965 4455 καὶ

2392 4498 2726 4567 παχύτητος.
2764 4496 2910 4565 Ὅρα
2940 4496 3020 4559 δὲ,
3054 4498 3199 4558 ὅπως
3240 4496 3360 4548 οὐδὲ
3398 4499 3508 4558 τοῖς
3541 4497 3835 4565 ὀφθαλμοῖς
3863 4497 3965 4564 ἔφη

2394 4586 2694 4649 πιστεύειν,
2738 4586 2875 4638 ἀλλὰ
2922 4587 3015 4637 καὶ
3063 4586 3142 4650 τὸ,
3188 4604 3204 4634 ι
3232 4586 3355 4639 Ἐὰν
3398 4586 3473 4655 μὴ
3506 4586 3652 4655 βάλω
3683 4588 3782 4655 τὴν
3810 4589 3967 4655 χεῖρα

2396 4694 2519 4745 μου,
2558 4696 2575 4728 ι
2615 4676 2945 4747 προεὲθηκε.
2998 4676 3168 4727 Πόθεν
3194 4675 3251 4728 δὲ
3285 4675 3422 4744 ᾔηίει,
3468 4677 3548 4728 ὅτι
3578 4676 3779 4739 τύπους
3819 4673 3965 4743 εἶχεν

2394 4772 2427 4839 ἡ
2466 4769 2704 4838 πλευρά;
2737 4768 3003 4831 Ἀκούσας
3051 4771 3202 4838 παρὰ
3248 4768 3355 4820 τῶν
3400 4769 3675 4838 μαθητῶν.
3718 4771 3871 4829 ἰ’ίνος
3908 4770 3965 4821 δὲ

2394 4862 2582 4915 ἕνεκεν
2606 4863 2706 4914 οὐκ
2728 4861 2929 4924 εὐθέως
2963 4861 3213 4927 φαίνεται
3236 4860 3405 4930 αὐτῷ,
3438 4860 3575 4913 ἀλλὰ
3605 4861 3726 4930 μεθ’
3749 4861 3965 4929 ἡμέρας

2395 4953 2539 5006 ὀκτώ
2561 4972 2576 5019 ;
2605 4954 2769 5005 Ὥστε
2802 4953 3211 5022 κατηχούμενον
3232 4953 3395 5005 αὑτὸν
3419 4953 3522 5005 ὑπὸ
3541 4954 3648 5005 τῶν
3672 4952 3963 5021 συμμαθη-

2392 5047 2519 5110 τῶν,
2542 5048 2633 5097 καὶ
2662 5046 2728 5097 τὰ
2756 5046 2895 5098 αὐτὰ
2922 5045 3207 5107 ἀκούοντα,
3228 5048 3320 5099 καὶ
3339 5047 3416 5108 εἰς
3438 5046 3658 5098 πλείονα
3687 5046 3851 5098 πόθον
3874 5048 3964 5097 ix-

2390 5138 2612 5205 καῆναι,
2665 5136 2758 5187 καὶ
2796 5137 3113 5203 πιστότερον
3149 5136 3280 5203 πρὸς
3335 5134 3394 5187 τὸ
3444 5134 3634 5204 μέλλον
3682 5134 3957 5199 γενὲειοαι.

2391 5231 2570 5293 Δείξαι
2605 5227 2661 5280 δὲ
2715 5228 2883 5279 θέλων
2934 5230 2961 5279 6
2995 5229 3288 5297 Δεσπότης,
3330 5229 3408 5280 ὃτι
3448 5229 3542 5280 καὶ
3587 5228 3705 5280 τότε
3757 5224 3963 5296 π-ρῆν,

2402 5322 2563 5388 ἡνίκα
2597 5319 2663 5371 τὰ
2688 5319 2783 5389 τῆς
2814 5320 3071 5382 ἀπιστίας
3113 5320 3334 5389 ῥήματα
3366 5318 3501 5388 πρὸς
3522 5318 3642 5381 τοὺς
3675 5317 3965 5386 συμμαθηο

2388 5413 2484 5472 τας
2521 5410 2820 5478 ἐφθέγγετο
2844 5413 2870 5460 ό
2894 5409 3115 5479 Θωμᾶς,
3155 5409 3215 5459 ού
3248 5411 3531 5478 περιμένει
3587 5411 3715 5477 παρ’
3752 5409 3963 5461 ἐκείνου

2388 5502 2619 5557 ἀκοῦσαί
2660 5521 2711 5555 τι
2763 5499 3037 5564 τοιοῦτον,
3097 5501 3211 5553 ἀλλ’
3257 5502 3417 5564 αὐτὸς
3461 5500 3768 5569 προλαεὼν,
3817 5499 3967 5569 ἅπερ

2391 5596 2656 5666 ἐπεθύμει
2694 5596 2891 5664 πληροῖ
2917 5610 2930 5624 ⁸
2972 5596 3065 5647 καὶ
3104 5590 3212 5664 γὰρ
3262 5596 3371 5657 τοῖς
3410 5597 3651 5663 ῥήμασιν
3691 5594 3966 5662 ἐχρήσατο

2389 5692 2501 5750 τοῖς
2539 5690 2725 5742 αὐτοῦ.
2764 5690 2873 5741 Καὶ
2901 5689 3020 5757 ὅρα,
3050 5686 3107 5737 τδ
3142 5686 3241 5753 μὲν
3273 5686 3487 5755 πρῶτον
3519 5684 3919 5753 ἐπιτιμητιιὼς
3950 5700 3963 5711 ⁸
