4284 6450
286 399 391 462 309
972 390 1412 455 ENARRATIO
1451 390 1534 452 IN
1574 387 2072 452 EVANGELIUM
2108 390 2444 455 JOANNIS.
2481 421 2549 431 -
2580 397 2737 457 CAP.
2780 396 2962 458 XXI.‘
3438 396 3550 460 310

286 513 469 580 Σίμων
537 510 708 570 Ἰωνᾶ,
762 507 930 576 ςιλεῖς
988 524 1093 576 με;
1139 505 1413 576 Ἐλυπῇθη
1449 508 1473 558 ὁ
1523 506 1746 574 Πέτρος,
1786 504 1866 557 ὅτι
1896 503 1978 563 Α]

1853 521 1866 555 ι
1896 505 1943 563 Α
1974 503 2184 571 Petrus,
2209 511 2350 576 quod
2391 510 2613 565 dixisset
2640 512 2740 566 sibi
2771 514 2949 574 tertio,
2976 513 3132 563 Amas
3159 510 3276 563 me?
3305 510 3545 578 dixitque

290 600 441 655 εἶπεν
473 602 622 669 αὐτῷ
653 603 712 653 τὸ
748 601 926 668 τρίτον
953 615 965 626 ’
1003 600 1179 660 Φιλεῖς
1213 615 1315 667 με;
1350 599 1442 648 καὶ
1492 595 1644 649 εἶπεν
1674 595 1820 663 αὐτῷ
1850 611 1863 622 ·
1971 614 1982 649 t

1850 611 1863 622 ·
1971 597 2018 650 ei
2054 615 2067 650 :
2102 596 2343 662 Domine,
2378 609 2431 652 ιιι
2465 603 2646 655 omnia
2665 603 2823 667 nosti,
2861 612 2912 655 tn
2954 603 3059 656 scis
3095 603 3234 669 quod
3267 617 3441 655 amem
3475 612 3541 655 to.

294 695 578 764 Κύριε,σῦ
614 694 787 745 πάντα
823 689 988 753 οἶδας.
1041 692 1104 744 σὺ
1137 691 1446 757 γινώσκεις,
1474 692 1555 742 ὅτι
1604 690 1739 756 φιλῶ
1786 706 1898 761 σε..
1976 690 1986 740 |

1857 729 1865 742 .
1894 757 1898 761 _
1976 689 2112 742 Dicit
2148 690 2195 744 ei
2225 689 2386 745 Jesus
2419 709 2433 746 :
2463 693 2629 749 Pasce
2659 709 2786 747 oves
2812 708 2982 747 meas.
3032 697 3221 757 Amen,
3248 708 3403 747 amen
3429 693 3549 743 dico

293 789 458 854 Λέγει
474 787 623 855 αὐτῷ
646 788 673 837 ὁ
708 787 912 853 Ἰησοῦς
939 803 948 814 ⁸
979 786 1144 837 Βόσκε
1170 786 1234 838 τὰ
1256 784 1501 852 πρόϐατά
1523 802 1642 853 μου.
1674 785 1864 853 Ἀμὴν,
1974 793 1985 833 t

1858 825 1864 843 ,
1974 781 2087 845 tibi,
2116 797 2237 835 cum
2268 797 2416 836 esses
2450 784 2652 851 junior,
2700 788 2955 856 cingebas
3009 796 3080 847 te,
3127 795 3174 837 et
3235 784 3550 839 atnbnlabas

290 879 441 947 ἀμὴν
465 878 607 945 λέγω
649 893 750 938 σοι,
780 879 867 926 ὅτε
922 871 987 945 ἧς
1019 874 1302 946 νεώτερος.
1324 873 1590 937 ἐζώννυες
1620 876 1866 935 σεαυτὸν,
1971 889 1982 924 ι

1858 913 1866 935 ,
1971 887 2078 941 quo
2112 873 2330 928 volebas
2364 893 2376 928 :
2407 890 2526 928 eum
2564 887 2739 930 autem
2773 878 3040 937 senueris,
3071 877 3327 929 extendes
3360 889 3550 927 manus

292 969 386 1019 καὶ
443 967 794 1036 περιεπάτεις
831 968 963 1019 ὅπου
1005 966 1215 1037 ἤθελες,
1239 967 1365 1019 ὅταν
1393 966 1449 1019 δὲ
1482 968 1753 1036 γηράσῃς,
1779 969 1867 1018 ἐκ·
1976 975 1984 1019 l

1859 997 1867 1007 -
1976 975 2111 1029 tuas,
2143 975 2194 1019 et
2229 968 2362 1021 alius
2399 979 2449 1022 te
2481 969 2681 1036 cinget,
2718 981 2769 1022 et
2799 972 2956 1024 ducet
2994 985 3099 1038 quo
3148 983 3253 1021 non
3287 969 3384 1021 vis.
3439 967 3551 1020 lloc

290 1064 468 1123 τενεῖς
498 1060 595 1120 τὰς
633 1061 823 1131 χεῖρας
860 1078 971 1125 σου,
1009 1061 1102 1114 καὶ
1132 1060 1289 1124 ἄλλος
1320 1077 1376 1113 σε
1405 1060 1587 1123 ζώσει,
1612 1064 1703 1113 καὶ
1735 1061 1868 1113 οἴσει
1975 1070 1982 1107 1

1859 1079 1868 1113 ι
1975 1065 2153 1108 autem
2199 1057 2352 1122 dixit,
2409 1059 2719 1126 signiﬁcans
2776 1075 2877 1125 qna
2929 1071 3101 1112 morte
3155 1057 3551 1126 gku-iticaturus

293 1153 429 1204 ὅπου
464 1153 524 1204 οὐ
556 1153 750 1214 θέλεις.
776 1153 946 1205 Τοῦτο
976 1154 1029 1205 δὲ
1062 1150 1203 1218 εῖπε,
1238 1154 1518 1224 σημαίνων
1549 1153 1686 1221 ποίῳ
1709 1151 1872 1204 Θανὰ-
1975 1164 1985 1200 t

1862 1180 1872 1190 -
1975 1157 2116 1202 esset
2151 1150 2338 1203 Deum.
2374 1170 2392 1202 ι
2431 1152 2561 1206 Cum
2593 1152 2797 1221 prandii
2844 1152 3003 1206 linem
3030 1154 3139 1220 ipse
3193 1152 3427 1214 fecisset,
3476 1159 3554 1200 to-

291 1256 371 1308 τῳ
404 1240 620 1302 δοξάσει
650 1243 740 1292 τὸν
771 1241 922 1293 Θεὸν.
953 1262 969 1292 ι
1015 1241 1232 1312 Ἐπειδὴ
1266 1243 1419 1304 τέλος
1452 1238 1596 1311 εἶχεν
1626 1241 1772 1312 αὑτῴ
1805 1242 1872 1294 τά
1978 1255 1983 1294 1

1858 1260 1872 1294 ι
1978 1243 2080 1296 lius
2105 1242 2251 1297 orbis
2287 1243 2464 1296 ovium
2496 1246 2870 1312 praefecturam
2908 1245 3067 1298 Petro
3094 1246 3418 1297 committit:
3446 1258 3550 1295 nou

291 1328 387 1379 τοῦ
419 1329 662 1398 ἁρέστου,
705 1328 781 1397 τῷ
835 1330 1026 1399 Πέτρῳ
1079 1329 1174 1399 τὴν
1223 1328 1560 1398 προστασίαν
1607 1328 1714 1379 τῶν
1773 1327 1872 1394 τῆς
1978 1353 1983 1386 ;

1858 1344 1872 1387 :
1978 1344 2156 1387 autem
2183 1334 2295 1394 alii,
2328 1337 2420 1388 sed
2459 1334 2582 1389 huic
2625 1336 2813 1398 tradit,
2869 1335 3100 1403 primum
3164 1337 3379 1402 quidem
3429 1337 3550 1399 quia

294 1421 622 1489 οἰκουμένης
653 1423 936 1492 προϐάτων
971 1423 1284 1492 ἐγχειρίζει·
1315 1422 1413 1473 οὐκ
1447 1421 1591 1494 ἄλλῳ
1618 1422 1694 1484 δὲ,
1737 1421 1872 1474 ἀλλὰ
1978 1445 1986 1478 ι

1860 1440 1872 1474 ι
1978 1442 2166 1482 omnes
2203 1429 2561 1496 przecellebat,
2596 1438 2649 1482 et
2682 1429 2847 1482 totius
2883 1439 3053 1482 coetus
3082 1443 3144 1482 os
3173 1439 3289 1481 erat
3315 1444 3329 1491 ;
3356 1427 3552 1481 deinde

293 1513 474 1583 τούτῳ
503 1516 707 1585 ταύτην
733 1515 941 1580 δίδωσι,
981 1517 1194 1586 πρῶτον
1230 1517 1327 1585 μὲν
1364 1557 1377 1578 ,
1420 1517 1499 1568 ὅτι
1530 1517 1746 1569 πάντων
1782 1515 1870 1567 ἕκ-
1977 1539 1985 1572 t

1863 1545 1870 1556 -
1977 1523 2267 1576 ostendens
2304 1523 2424 1591 ipsi,
2456 1522 2702 1577 ﬁduciam
2731 1537 2853 1575 esse
2885 1521 3228 1585 sumendam,
3271 1523 3555 1589 negatione

297 1623 506 1672 κριτος,
551 1606 641 1674 καὶ
675 1607 847 1674 στόμα
880 1607 973 1660 τοῦ
1004 1606 1163 1678 χοροῦ
1197 1608 1417 1669 παντός’
1444 1608 1630 1660 ἔπειτα
1664 1607 1874 1670 δεικνὺς
1979 1629 1989 1658 ι

1863 1625 1874 1670 ῖ
1979 1613 2124 1665 velut
2152 1611 2345 1674 deleta,
2371 1623 2424 1666 et
2448 1613 2699 1666 oblivioni
2735 1614 2966 1678 tradita;
2992 1623 3042 1666 et
3073 1615 3412 1681 negationem
3437 1613 3555 1677 qni-

300 1698 472 1766 αὖτῷ,
501 1701 582 1751 ὅτι
614 1701 715 1769 χρὴ
752 1700 994 1772 Θαρρεῖν,
1045 1705 1117 1764 ὡς
1146 1703 1243 1770 τῆς
1293 1704 1574 1772 ἀρνήσεως
1615 1701 1871 1773 ἐξειλημ-
1980 1725 1992 1758 ι

1860 1733 1871 1743 ·
1980 1707 2096 1761 dem
2133 1720 2235 1758 non
2293 1706 2519 1775 profert,
2574 1723 2745 1775 neque
2797 1711 3107 1773 exprobrat,
3156 1705 3248 1759 sed
3299 1705 3448 1769 dicit,
3497 1704 3552 1756 Si

305 1789 473 1857 μένης
499 1789 560 1861 [Ῑ.
601 1792 936 1864 ἐξηλειμ;ι.]·
964 1795 1055 1846 καὶ
1101 1797 1197 1864 τὴν
1249 1794 1345 1863 μὲν
1387 1796 1611 1864 ἄρνησιν
1637 1796 1696 1847 οὗ
1742 1812 1872 1864 προ-
1908 1858 1943 1866 _
1984 1815 1997 1849 ι

1864 1825 1872 1834 -
1908 1858 1943 1866 _
1984 1815 2004 1849 ι
2041 1798 2216 1866 diligis
2261 1814 2364 1861 me,
2406 1816 2424 1847 ι
2457 1797 2685 1851 fratrum
2726 1814 2908 1852 curam
2931 1799 3227 1865 suscipito;
3266 1810 3317 1850 et
3344 1799 3556 1851 ferven-

301 1884 481 1952 φέρει,
526 1883 646 1936 οὐδέ
697 1884 964 1948 ὀνειδίζει’
1011 1887 1159 1953 λέγει
1207 1887 1283 1951 δὲ,
1325 1888 1404 1939 ὅτι
1450 1888 1509 1938 El
1558 1888 1730 1955 φιλεῖς
1783 1905 1871 1957 με,
1908 1858 1991 1940 Βι

1866 1933 1871 1952 ,
1908 1858 1948 1911 Β
1981 1901 2084 1944 tem
2117 1890 2255 1942 iliam
2283 1889 2622 1953 charitatem,
2646 1905 2808 1958 quam
2835 1905 2958 1959 erga
2986 1905 3069 1944 me
3099 1892 3316 1943 dicebas
3360 1889 3558 1941 habere

300 1975 600 2043 προῖστασο
633 1977 737 2029 τῶν
769 1979 1032 2044 ἀδελφῶν,
1081 1979 1170 2031 καὶ
1223 1979 1317 2048 τὴν
1362 1979 1569 2049 Θερμὴν
1616 1979 1860 2048 ἀγάπην,
1979 1992 1992 2033 l

1979 1992 2050 2042 te,
2073 1982 2143 2034 ita
2179 1991 2233 2033 ut
2274 1994 2370 2048 pro
2401 1996 2486 2034 me
2517 1983 2647 2034 mori
2673 1991 2892 2050 paratus
2935 1997 3104 2043 esses,
3136 1998 3274 2035 nunc
3304 1982 3553 2035 ostende.

302 2066 375 2133 ἢν
436 2066 617 2132 ἔλεγες
660 2069 802 2136 ἔχειν
849 2070 984 2137 πρός
1035 2086 1125 2137 με,
1178 2069 1317 2122 ὥστε
1372 2070 1877 2140 ὑπεραποονήσκειν
1979 2070 1994 2123 'l

1867 2089 1877 2118 ρ
1979 2070 2084 2124 Ter
2118 2080 2296 2124 autem
2327 2086 2446 2124 eum
2480 2073 2777 2137 interrogat
2813 2114 2826 2138 ,
2857 2075 3013 2128 simul
3035 2075 3250 2141 quidem
3283 2073 3559 2127 declarans

307 2172 433 2224 μου,
484 2157 578 2207 νῦν
629 2158 818 2224 δεῖξον.
859 2161 1066 2231 Ἐρωτᾷ
1099 2161 1154 2213 δὲ
1184 2160 1346 2212 αὐτὸν
1396 2161 1460 2211 ἐκ
1512 2159 1717 2228 τρίτου,
1764 2161 1878 2226 ἅμα
1980 2179 1999 2230 ι,

1867 2177 1878 2209 ι
1980 2173 2236 2231 quantam
2269 2164 2605 2217 t't‘edculium
2633 2179 2816 2217 curam
2855 2167 3067 2229 habeat,
3105 2176 3157 2218 et
3207 2168 3348 2230 quod
3390 2178 3559 2232 usque

305 2247 408 2314 μὲν
423 2247 633 2310 ξεικνὺς
657 2249 786 2317 ὅσην
822 2252 1053 2303 ποιεῖται
1079 2250 1334 2319 φροντίδα
1365 2250 1470 2301 τῶν
1495 2249 1877 2312 πιστευόντων,
1979 2272 1997 2307 gi

1867 2290 1877 2312 ›
1979 2258 2114 2310 adeo
2139 2270 2266 2310 oves
2292 2257 2479 2325 diligat
2526 2265 2584 2308 ut
2631 2258 2932 2311 dilectionis
2977 2274 3102 2322 erga
3149 2274 3206 2310 se
3247 2257 3348 2308 huc
3397 2266 3559 2326 ponat

305 2342 396 2390 καὶ
427 2341 504 2392 ὅτι
539 2341 790 2393 τοσοῦτον
834 2343 1022 2412 ἀγαπᾷ
1054 2343 1121 2395 τὰ
1154 2340 1422 2410 πρόϐατα.
1455 2341 1597 2392 ὥστε
1630 2340 1722 2392 καὶ
1776 2342 1872 2409 τῆς
1982 2349 1994 2399 i

1865 2358 1872 2397 :
1982 2347 2259 2412 indicium,
2289 2347 2335 2399 si
2365 2349 2543 2399 ovium
2582 2362 2764 2400 curam
2828 2350 3087 2416 suscipiat
3139 2367 3151 2402 :
3196 2349 3355 2400 simul
3395 2348 3557 2402 etiam

305 2431 386 2490 εἰς
450 2433 610 2481 αὑτὸν
668 2435 886 2501 ἀγάπης
955 2434 1111 2485 τοῦτο
1158 2435 1391 2485 ποιεῖται
1456 2433 1773 2501 τεκμήριον,
1820 2431 1881 2484 τὸ
1982 2452 1997 2504 ι

1868 2447 1881 2483 >
1982 2451 2075 2504 per
2107 2437 2298 2490 trinam
2325 2437 2802 2506 intermgationem
2837 2447 2889 2491 et
2943 2437 3361 2500 confessioiiem,
3408 2437 3560 2490 triuze

304 2521 418 2574 τῶν
456 2522 740 2590 προϐάτιον
797 2525 1155 2593 προῖστασοαι
1188 2541 1201 2555 ·
1228 2525 1346 2593 ἅμα
1394 2525 1451 2578 δὲ
1499 2525 1591 2577 καὶ
1621 2522 1697 2593 τῷ
1728 2541 1880 2592 τρισ-
1985 2543 1996 2579 ι

1866 2555 1880 2565 -
1985 2527 2248 2595 negationi
2284 2528 2546 2593 medetur,
2577 2540 2630 2581 et
2658 2529 2831 2583 verbis
2867 2530 3088 2598 corrigit
3120 2543 3238 2594 qum
3281 2544 3374 2594 per
3399 2529 3558 2580 verba

308 2613 390 2680 σῷ
423 2615 520 2681 τῆς
563 2617 882 2684 ἐρωτήσεως
937 2617 1027 2668 καὶ
1071 2617 1376 2684 ὁμολογίας,
1416 2619 1475 2670 τὸ
1519 2619 1736 2686 τρισσὸν
1783 2619 1881 2685 τῆς
1983 2634 1996 2667 t

1869 2637 1881 2680 ;
1983 2617 2267 2668 cotntttissa
2295 2615 2506 2670 fuerant
2529 2629 2769 2684 peccata.
2796 2617 2930 2670 lliuc
2960 2635 3075 2670 mos
3101 2617 3345 2679 invaluit,
3369 2626 3427 2670 ιιι
3453 2624 3561 2670 tres

309 2705 590 2772 ἀρνήσεως
641 2706 952 2775 Θεραπειὶει,
988 2710 1080 2761 καὶ
1111 2709 1288 2775 λόγοις
1339 2709 1630 2778 ἐπανοροοῖ
1679 2711 1747 2762 τὰ
1795 2710 1884 2762 διὰ
1985 2721 2001 2758 ι

1869 2716 1884 2762 ι
1985 2705 2356 2760 confessiones
2407 2721 2436 2758 a
2497 2706 2830 2772 baptizandis
2896 2711 3135 2776 exigant.
3197 2706 3561 2776 Interrogatus

311 2793 470 2860 λόγου
490 2789 766 2864 ’γενόμενα
798 2799 1140 2868 πταίσματα.
1167 2799 1329 2861 Ἐθος
1379 2799 1596 2867 γέγονεν
1648 2802 1712 2851 ἐκ
1754 2799 1879 2852 τού·
1989 2813 1998 2860 i

1871 2828 1879 2837 -
1989 2799 2148 2865 igitur
2175 2797 2338 2851 semel
2378 2806 2541 2866 atque
2590 2798 2807 2860 iterum,
2861 2799 3033 2868 ipsum
3059 2799 3148 2867 qui
3190 2800 3352 2854 corda
3415 2799 3563 2851 novit

312 2902 428 2949 τοι),
473 2891 622 2956 τρεῖς
669 2889 959 2957 ὁμολογίας
1006 2891 1352 2943 ἀπαιτεῖσθαι
1411 2893 1536 2952 τοὺς
1594 2891 1885 2959 μέλλοντας
1990 2897 2004 2940 ι

1869 2908 1885 2954 ς
1990 2897 2175 2941 ιιιειοιη
2220 2890 2465 2954 advocat,
2492 2904 2594 2942 non
2626 2889 2856 2959 amplius
2902 2891 3233 2943 conﬁdenter
3280 2905 3451 2954 neque
3481 2900 3561 2944 te-

316 2977 700 3046 βαπτισῦῆναι.
765 2980 1090 3050 Ἐρωτηθεὶς
1141 2977 1232 3035 οὖν
1276 2981 1422 3046 ama
1478 2983 1570 3034 καὶ
1612 2982 1882 3051 δεύτερον,
1989 2994 2008 3031 r

1873 3023 1882 3048 ,
1989 2992 2138 3033 mere
2168 2979 2422 3047 l0qnens;
2453 2982 2546 3035 sed
2577 2980 2728 3044 illud,
2769 3001 2788 3033 ι
2827 2981 2905 3035 Τιι
2941 2983 3067 3044 scis,
3104 3002 3120 3033 ι
3155 2983 3349 3048 ubique
3379 2982 3565 3048 adjun-

313 3069 477 3122 αὒτδν
505 3070 594 3121 τὸν
623 3071 721 3133 τὰς
769 3072 994 3143 καρδίας
1028 3073 1201 3126 εἰδότα
1256 3075 1508 3144 μάρτυρα
1548 3075 1883 3139 ἐπεκαλεῖτο,
1988 3088 2005 3138 ε

1871 3116 1883 3139 ,
1988 3086 2140 3138 gens.
2175 3071 2307 3124 Cum
2330 3073 2490 3125 etiam
2541 3074 2698 3127 tertio
2745 3073 3107 3139 interrogatus
3156 3084 3298 3128 esset
3354 3073 3563 3136 l‘ttrns,

314 3161 415 3212 οὒκ
462 3162 542 3213 ἐτι
590 3163 1103 3231 αὑθαδειαζόμενος,
1145 3163 1263 3218 οὖδέ
1313 3164 1601 3235 προπετῶς
1652 3165 1883 3232 φθεγγό-
1916 3174 2006 3267 Ct

1873 3192 1883 3203 -
1916 3210 1960 3267 ε
1995 3164 2238 3216 turbatus
2266 3171 2370 3225 est,
2404 3175 2646 3219 metuens
2680 3179 2743 3218 nc
2779 3165 2913 3218 forte
2960 3167 3073 3232 ipse
3118 3167 3329 3234 quidem
3372 3167 3565 3220 existi-

321 3267 502 3319 μενος,
538 3252 672 3305 ἀλλὰ
699 3255 779 3316 τὸ,
819 3272 837 3305 ι
870 3255 940 3307 Σὺ
971 3252 1141 3317 οἶδας,
1180 3273 1198 3305 ι
1246 3256 1522 3325 πανταχοῦ
1554 3256 1884 3325 προστιθείς.
1920 3252 1960 3267 ν
1996 3271 2008 3307 t

1882 3252 1960 3307 .“
1996 3265 2166 3308 ntaret
2209 3268 2267 3308 se
2310 3255 2553 3324 diligere,
2613 3270 2716 3310 non
2770 3257 3013 3325 diligeret
3063 3269 3262 3311 tamen.
3324 3257 3455 3311 Nam
3513 3265 3574 3311 ct-

332 3344 486 3396 Ἐπεὶ
521 3348 614 3396 καὶ
643 3345 827 3414 τρίτον
857 3347 1140 3416 ἠρωτήθη,
1184 3346 1459 3418 ἐταράχθη
1491 3348 1518 3399 ὁ
1554 3349 1772 3417 Πέτρος,
1814 3347 1886 3417 μή
1995 3359 2024 3410 Ρ

1876 3349 1886 3417 ’1
1995 3345 2142 3410 prius
2166 3360 2286 3398 cum
2317 3345 2480 3398 multa
2524 3359 2582 3398 se
2606 3360 2760 3412 posse
2809 3347 3164 3399 arbitraretur
3219 3355 3379 3413 atque
3418 3361 3568 3400 asse-

320 3453 449 3488 ποτε
502 3435 662 3499 αὐτὸς
720 3437 818 3506 μὲν
863 3440 1056 3508 νομίζῃ
1110 3438 1302 3504 φιλεῖν,
1354 3439 1414 3492 οὐ
1464 3438 1608 3507 φιλεῖ
1644 3438 1892 3491 δέοέπεὶ
1996 3450 2012 3488 ι

1872 3439 1892 3491 ι
1996 3445 2228 3498 veraret,
2260 3446 2442 3504 postea
2499 3435 2779 3488 convictus
2833 3446 2937 3488 est.
2997 3434 3124 3488 lilud
3175 3436 3353 3504 itaque
3403 3439 3564 3491 ctiam

323 3532 416 3580 καὶ
473 3530 735 3599 πρότερον
787 3531 956 3581 πολλὰ
1002 3531 1237 3600 νομίζων
1259 3532 1353 3584 καὶ
1399 3531 1890 3601 διισχυριζόμενος,
1998 3541 2015 3578 Ι

1875 3572 1890 3595 ,
1998 3541 2138 3579 nunc
2170 3526 2460 3591 metuebat,
2493 3535 2546 3580 et
2588 3537 2868 3594 proittcrea
2920 3528 3221 3582 verecunde
3260 3529 3566 3595 respondet.

321 3620 585 3687 ἠλέγχετο
618 3621 862 3692 ὕστερον,
887 3620 1044 3673 τοῦτο
1070 3621 1133 3692 δὴ
1160 3624 1253 3676 καὶ
1277 3623 1371 3677 νῦν
1398 3623 1658 3692 ἐφοὸήοηο
1688 3624 1768 3676 διὸ
1799 3625 1895 3676 καὶ
1999 3634 2013 3670 t

1875 3625 1895 3676 ι
1999 3618 2185 3672 dicens
2215 3631 2230 3669 :
2257 3635 2274 3668 ι
2309 3617 2553 3680 Domine,
2587 3629 2637 3671 tu
2673 3621 2848 3672 omnia
2872 3621 3034 3682 nosti,
3063 3639 3080 3670 ι
3109 3621 3271 3689 770
3295 3631 3403 3672 tum
3433 3636 3567 3687 prae-

321 3716 566 3773 εὐλεόὠς
591 3717 963 3783 ἀποκρίνεται·
995 3733 1012 3764 ι
1045 3713 1238 3782 Κύριε,
1260 3715 1323 3767 σὺ
1354 3715 1530 3767 πάντα
1557 3712 1723 3776 οἶδας,
1757 3733 1773 3766 ι
1802 3714 1896 3768 καὶ
2001 3722 2013 3760 ε

1871 3714 1896 3767 ,1
2001 3708 2171 3760 sentin
2205 3717 2314 3760 tum
2348 3706 2525 3761 futura
2555 3725 2567 3760 :
2599 3725 2616 3757 ι
2645 3717 2699 3760 ιιι
2761 3709 2868 3763 scis
2901 3710 3040 3776 quod
3077 3724 3218 3763 nunc
3242 3719 3294 3762 te
3317 3723 3513 3772 ament,
3546 3728 3563 3760 ι

321 3826 351 3860 τ
368 3810 392 3857 it
415 3809 680 3877 παρόντα,
706 3807 880 3859 καὶτά
909 3807 1190 3875 μέλλοντα,
1218 3827 1235 3857 ι
1264 3809 1327 3860 σὺ
1344 3803 1510 3871 οἶδας,
1531 3807 1763 3876 ὅτιφιλῶ
1788 3825 1844 3860 σε
1872 3827 1889 3859 ι
2003 3815 2013 3850 |

1879 3827 1889 3858 ,
2003 3809 2058 3850 ιιι
2101 3799 2228 3852 milii
2280 3800 2492 3866 quidem
2557 3802 2783 3854 videtur.
2846 3801 3132 3864 (la-terum,
3180 3817 3247 3854 an
3299 3802 3460 3856 etiam
3519 3805 3571 3857 iu

323 3901 442 3962 νῦν,
467 3899 538 3962 ὡς
566 3901 688 3967 ἐμοὶ
723 3899 988 3966 φαίνεται.
1019 3899 1081 3951 Et
1127 3899 1184 3951 δὲ
1235 3901 1328 3952 καὶ
1379 3900 1435 3961 ἐς
1487 3899 1548 3951 τὸ
1607 3899 1898 3969 μετέπειτα
2002 3906 2015 3959 1

1883 3917 1898 3951 ι
2002 3900 2275 3959 posterum
2318 3906 2666 3958 permansura
2713 3893 2781 3944 sit
2819 3893 3157 3955 amicitia,et
3209 3892 3310 3946 hoc
3361 3909 3575 3962 quoque

326 3993 636 4061 παραμενεί
666 3991 699 4056 ἡ
734 3989 906 4056 φιλία,
933 3989 1030 4042 καὶ
1074 3988 1231 4042 τοῦτο
1284 3992 1348 4042 σὺ
1396 3985 1564 4053 οἶδας,
1611 3991 1722 4059 ἐγὼ
1770 3991 1900 4062 περὶ
2004 3995 2016 4035 ι

1880 3991 1900 4043 ὶ
2004 3995 2058 4036 ιιι
2085 3984 2220 4036 nosti
2249 4000 2261 4036 :
2290 3999 2388 4051 ego
2419 3984 2487 4037 de
2520 3999 2603 4036 me
2636 3998 2738 4036 non
2786 3984 3010 4036 :ttlirmo.
3066 3984 3352 4052 Postquam
3413 3987 3572 4038 verba

329 4082 571 4152 ἐμαυτοῦ
633 4084 729 4135 οὐκ
775 4081 1292 4150 ἐνίσταμαι.Είπὼν
1329 4081 1384 4134 δὲ
1431 4082 1460 4134 ὁ
1504 4083 1706 4151 Κύριος
1752 4082 1900 4151 αὑτῷ
1988 4068 2016 4126 ’ί

1879 4082 1900 4151 ῥ
1988 4068 2102 4143 ipsi
2135 4073 2346 4129 fecisset
2383 4074 2638 4128 Dominus
2679 4077 2744 4128 de
2769 4077 2850 4128 sui
2894 4076 3202 4138 dilectione,
3253 4077 3571 4146 martyrium

330 4175 462 4243 περὶ
488 4175 586 4241 τῆς
614 4175 690 4235 είς
709 4173 871 4225 αὑτὸν
895 4173 1133 4242 ἀγάπης,
1163 4173 1528 4244 προαγορεύει
1556 4173 1704 4243 αὑτῷ
1722 4176 1816 4228 καὶ
1840 4174 1902 4227 τὸ
2003 4182 2022 4221 ε

1885 4176 1902 4227 5
2003 4167 2164 4221 etiam
2187 4169 2328 4236 quod
2356 4167 2590 4221 futurum
2613 4179 2727 4221 erat
2758 4176 2815 4220 ιιι
2841 4171 3151 4233 sustineret,
3179 4169 3276 4236 ipsi
3311 4170 3577 4236 praedicit.

339 4267 663 4335 μαρτύριον,
687 4266 821 4334 ὅπερ
849 4264 1072 4330 ἔμελλεν
1102 4265 1415 4335 ὑπομένειν.
1447 4267 1608 4333 Λέγει
1640 4266 1697 4318 δὲ
1723 4246 1913 4329 τοῦτο,
2007 4262 2031 4316 Ι

1886 4246 1913 4329 ,’
2007 4261 2147 4316 Dicit
2174 4273 2349 4315 autem
2387 4265 2506 4324 hoc,
2531 4263 2815 4315 ostendere
2845 4263 3026 4313 volens
3058 4263 3201 4326 quod
3234 4262 3397 4314 etiam
3435 4263 3576 4314 istud

333 4360 592 4409 δεικνύων
625 4357 712 4410 διὰ
742 4358 954 4419 τούτου,
977 4359 1056 4410 ὅτι
1092 4359 1184 4410 καὶ
1215 4357 1373 4410 τοῦτο
1421 4358 1556 4425 ὅπερ
1591 4359 1770 4428 ἐρωτᾷ
1809 4359 1905 4410 αὑ·
2007 4372 2025 4410 t

1881 4389 1905 4398 -
2007 4355 2147 4423 quod
2176 4356 2241 4409 de
2269 4355 2555 4408 dilectione
2596 4356 2985 4422 interrogabat.
3029 4370 3132 4406 non
3174 4355 3412 4406 dilﬁdens
3450 4354 3573 4422 ipsi.

334 4453 428 4504 τὸν
474 4451 603 4518 περὶ
656 4448 749 4501 τοῦ
804 4449 1044 4518 ἀγαπᾷν,
1071 4448 1170 4500 οὐκ
1223 4449 1465 4502 ἀπιστῶν
1520 4447 1689 4517 αὐτῷ.
1726 4449 1906 4520 ἐρωτᾷ
2007 4449 2022 4502 ἱ

1888 4450 1906 4520 ᾖ
2007 4449 2366 4517 interrogaret
2389 4463 2535 4509 eum,
2580 4449 2673 4500 sed
2726 4447 2883 4514 plane
2925 4445 3101 4500 sciens
3149 4447 3286 4507 quod
3335 4445 3580 4512 diligeret

336 4539 518 4601 αὑτὸν,
549 4538 687 4592 ἀλλά
718 4541 812 4591 καὶ
839 4537 1042 4607 σφόδρα
1070 4537 1246 4600 εἰδὼς,
1270 4538 1352 4591 ὅτι
1401 4537 1591 4608 ἀγαπᾷ
1613 4554 1626 4568 ο
1650 4537 1766 4600 πῶς
1795 4539 1904 4608 γὰρ
1937 4558 1982 4618 ο
2010 4553 2028 4588 r

1887 4554 1904 4589 3
1937 4558 1982 4618 ο
2010 4538 2100 4605 ιιιιί
2135 4553 2230 4606 pro
2259 4539 2373 4605 ipso
2403 4537 2715 4607 martyrium
2741 4546 2880 4589 esset
2912 4537 3212 4599 subiturus,
3248 4536 3338 4590 sed
3375 4544 3430 4588 ut
3465 4551 3579 4590 nta—

337 4631 438 4683 οὐκ
464 4630 653 4700 ἀγαπᾷ
681 4629 738 4691 ὃς
767 4632 860 4681 καὶ
897 4629 1266 4699 μαρτυρήσειν
1299 4628 1480 4696 μέλλει
1528 4631 1658 4698 περὶ
1685 4630 1845 4683 αὐτοῦ
1884 4646 1899 4695 ;
2012 4646 2029 4700 ε

1887 4646 1899 4695 ;
2012 4632 2095 4700 gis
2124 4632 2429 4685 ostenderet
2453 4631 2618 4699 ipsius
2648 4629 2786 4681 Petri
2831 4628 3168 4682 dilectionem
3188 4668 3202 4691 ,
3229 4644 3290 4682 ac
3338 4644 3431 4682 nos
3460 4642 3579 4681 om-

341 4723 456 4777 ἀλλ’
483 4723 570 4774 ἴνα
599 4723 795 4790 μᾶλλον
816 4720 960 4790 δείξῃ
988 4720 1086 4789 τὴν
1111 4719 1276 4772 αὐτοῦ
1300 4719 1392 4773 τοῦ
1424 4721 1629 4789 Πέτρου
1661 4723 1903 4791 ἀγάπην,
2017 4739 2029 4774 ι

1889 4762 1903 4785 ,
2017 4738 2112 4775 nes
2148 4723 2381 4778 doceat:
2435 4722 2575 4789 quod
2623 4721 2666 4775 si
2715 4721 2941 4775 velimus
2995 4721 3167 4789 ipsum
3210 4720 3452 4783 diligere,
3502 4719 3580 4772 sic

343 4817 436 4869 καὶ
467 4817 594 4876 τοὺς
624 4813 814 4875 ἄλλους
855 4812 1095 4873 ἅπαντας
1134 4811 1341 4883 διδάξῃ,
1373 4813 1455 4865 ὅτι
1516 4813 1618 4864 ἐὰν
1666 4813 1909 4883 Θέλωμεν
2017 4829 2035 4867 ε

1889 4833 1909 4867 ν
2017 4816 2327 4867 Studeamus
2350 4815 2518 4882 ipsum
2548 4813 2790 4880 diligere.
2830 4812 3081 4865 nimirum
3117 4813 3166 4864 in
3205 4812 3429 4864 fratrum
3453 4825 3581 4864 cura

341 4909 506 4962 αὐτὸν
558 4907 797 4976 ἀγαπᾷν,
833 4904 974 4957 οὕτω
1019 4901 1407 4973 σπουδάζωμεν
1456 4905 1615 4957 αὑτὸν
1669 4907 1909 4976 ἀγαπᾷν,
2019 4922 2033 4959 ε

1895 4950 1909 4972 ,
2019 4907 2378 4972 suscipienda.
2437 4905 2570 4957 Audi
2622 4915 2796 4960 autem
2843 4903 3111 4971 quomodo
3159 4903 3206 4956 ei
3265 4901 3580 4970 martyrium

341 5004 400 5052 ἐν
431 5000 507 5066 τῷ
543 4997 651 5048 τῶν
695 4996 937 5063 ἀδελφῶν
982 4996 1360 5064 προΐστασθαι.
1405 4996 1530 5058 Πῶς
1583 4996 1640 5049 δὲ
1669 5014 1908 5066 προαγο-
2020 5013 2032 5062 ι

1887 5026 1908 5038 -
2020 4997 2273 5062 prazdicat
2303 5014 2316 5048 :
2351 5015 2368 5046 ι
2409 4996 2635 5062 Quando
2657 5010 2804 5049 esses
2831 4994 3014 5060 junior
3042 4992 3294 5060 cingebas
3326 4999 3398 5049 te,
3426 5009 3444 5041 ι
3474 5000 3579 5044 etc.

347 5091 493 5160 ρεὺει
527 5087 676 5156 αὑτῷ
701 5087 762 5140 τὸ
793 5087 1105 5157 μαρτύριον,
1149 5087 1331 5140 ἄκουε·
1366 5105 1385 5139 t
1440 5087 1570 5141 Ὅτε
1600 5083 1666 5158 ἧς
1712 5089 1908 5141 νεώτε-
2016 5089 2039 5151 (

1885 5119 1908 5130 -
2016 5087 2457 5156 Quandoquidem
2492 5089 2656 5149 enim,
2685 5087 2878 5155 inquit,
2912 5099 2997 5138 me
3029 5084 3240 5152 diligas,
3285 5093 3340 5135 et
3370 5091 3421 5136 te
3460 5083 3577 5134 aui--

348 5199 460 5252 ρος,
503 5180 760 5242 ἐζώννυες
805 5179 1053 5239 σεαυτὸν,
1089 5198 1106 5230 ι
1142 5179 1237 5231 καὶ
1259 5179 1325 5230 τὰ
1354 5179 1500 5248 ἐξῆς.
1538 5178 1756 5249 Ἐπειδὴ
1782 5181 1910 5250 γὰρ,
2021 5196 2040 5231 t1

1898 5221 1910 5243 ,
2021 5194 2158 5231 niam
2187 5187 2331 5231 tuam
2364 5179 2416 5232 in
2454 5177 2704 5247 periculis
2732 5191 2827 5244 pro
2860 5191 2945 5230 me
2985 5175 3280 5244 positurum
3335 5174 3583 5241 frequen-

348 5277 538 5343 φησιν,
559 5275 772 5344 ἀγαπᾷς
813 5290 900 5336 με,
928 5273 1021 5326 καὶ
1055 5272 1314 5335 πολλάκις
1344 5274 1400 5325 ἐν
1444 5274 1557 5334 τοῖς
1596 5273 1734 5343 ὑπὲρ
1778 5273 1912 5343 ἐμοῦ
2022 5280 2034 5320 1

1886 5273 1912 5325 ὖ
2022 5280 2101 5323 ter
2136 5269 2212 5323 sis
2241 5269 2509 5336 pollicitus
2539 5308 2553 5332 ,
2598 5285 2616 5318 ι
2654 5268 2814 5331 bono,
2859 5267 3050 5334 inquit,
3097 5275 3212 5318 esto
3260 5265 3438 5316 animo
3455 5264 3520 5316 ".
3562 5283 3578 5313 ι

349 5366 614 5427 κινδύνοις
652 5364 752 5431 τὴν
782 5365 960 5433 ψυχήν
991 5381 1082 5416 σου
1122 5363 1292 5416 Θεῖναι
1323 5364 1758 5433 κατεπηγγείλω,
1790 5365 1893 5435 Θάῤ
2021 5362 2041 5416 'l

1891 5392 1893 5409 ι
2021 5362 2194 5417 Τυιιιιι
2229 5363 2299 5417 ita
2335 5364 2557 5430 explebo
2589 5361 2936 5420 desiderium.
2979 5370 3036 5412 ut
3073 5373 3193 5427 quae
3232 5358 3442 5423 juvenis
3481 5371 3583 5409 non

355 5457 839 5526 ρει,φησίν.υῦτω
885 5457 992 5526 γὰρ
1041 5456 1306 5525 ἐμπλήσω
1338 5473 1429 5509 σου
1456 5456 1554 5525 τὴν
1598 5456 1913 5525 ἐπιθυμίανο
2022 5469 2047 5511 e

1889 5473 1913 5497 ι’
2022 5469 2082 5511 es
2107 5470 2316 5524 passus,
2348 5470 2408 5509 ea
2446 5470 2607 5508 senex
2658 5455 2900 5522 patiaris.
2937 5450 3352 5506 Commoncfacit
3407 5457 3581 5502 autem

354 5549 494 5602 ὥστε
527 5551 666 5618 ἆπερ
696 5550 793 5601 οὐκ
814 5548 1010 5610 ἔπαθες
1041 5548 1158 5609 νέος
1187 5548 1286 5613 ὢν,
1312 5547 1483 5602 ταῦτὰ
1506 5565 1563 5601 σε
1597 5548 1788 5601 παθεῖν
1816 5565 1913 5616 γε-
2024 5547 2046 5600 ἱ

1889 5578 1913 5589 -
2024 5547 2200 5608 ipsum
2249 5545 2442 5614 prioris
2480 5544 2600 5596 vita:
2631 5545 2949 5598 :osteudens
2984 5543 3121 5609 quod
3163 5541 3277 5595 vice
3309 5554 3458 5594 versa
3480 5540 3581 5604 spi-

355 5643 655 5716 γηρακᾴτα.
715 5643 1142 5712 ’Λναμιμνήσκει
1187 5642 1242 5695 δὲ
1298 5642 1458 5696 αὐτὸν
1505 5641 1598 5696 τοῦ
1648 5642 1913 5712 προτέρου
2027 5654 2047 5692 r

1895 5662 1913 5695 δ
2027 5639 2238 5692 ritualia
2292 5635 2600 5691 carnalibus
2668 5635 3042 5701 respondeant.
3095 5632 3151 5687 In
3217 5632 3587 5700 corporalibus

429 5825 475 5856 ⁸⁷
517 5820 652 5876 Tob.
685 5839 738 5887 ν,
775 5822 838 5876 15
873 5838 888 5888 ;
929 5824 1049 5877 Act.
1083 5837 1251 5884 xsvn,
1283 5825 1371 5878 νδ.
