4284 6450
753 425 858 488 315

1663 415 1968 477 ΤΗΕΟΡΗ
1982 412 2241 474 YLACTI
2282 412 2583 474 BULGAIl
2599 412 2691 472 UE
2736 412 3089 473 ARCHIEP.

3888 405 3994 471 315

751 539 928 607 ipsum
955 533 1094 590 sicut
1127 542 1194 587 te.
1226 529 1452 596 Quidam
1488 536 1666 583 autem
1693 530 1773 583 sic
1811 528 2112 596 intelligunt
2150 545 2162 579 :
2191 526 2324 580 C-uu
2356 529 2398 583 Α
2427 543 2443 577 1

2314 541 2324 578 I
2356 529 2398 583 Α
2427 526 2534 578 τόν.
2570 527 2642 579 Τὸ
2659 528 2734 590 δὲ,
2777 529 2950 591 «Ἕως
2984 528 3238 597 ἔρχομαι,
3283 547 3301 578 ›
3336 528 3633 590 τουτέστιν,
3661 525 3805 589 "Eoi;
3842 527 4006 579 πάλιν

753 629 1011 689 audisset,
1041 626 1235 695 inquit,
1268 624 1479 684 Petrus,
1503 622 1646 689 quod
1675 621 1939 673 moriatur
1963 636 2059 689 pro
2083 619 2321 676 Christo.

754 720 928 773 dixit:
957 715 1019 768 Et
1053 716 1289 769 Joannes
1317 713 1447 781 quid
1482 712 1506 765 ?
1550 728 1675 764 nmn
1735 712 2002 764 morietur
2058 721 2111 764 et
2170 710 2324 779 ipse?

758 812 1007 865 CliriStus
1041 820 1214 861 autem
1242 808 1341 860 hoc
1371 820 1476 858 non
1540 804 1761 868 rejecit:
1814 803 2003 858 Omnis
2050 804 2192 856 enim
2232 802 2323 871 qui

758 914 913 956 natus
934 911 1034 959 est.
1062 900 1221 951 etiam
1248 898 1525 952 morietur.
1556 896 1891 951 Dixitautem
1925 913 1938 949 :
1977 914 1994 947 ι
2021 895 2074 949 Si
2111 896 2325 950 voluero

761 1008 994 1055 manere,
1028 1010 1044 1042 ι
1084 991 1134 1045 id
1164 999 1245 1043 est
1271 990 1450 1042 vivere
1472 1003 1594 1043 eum
1615 1004 1785 1057 usque
1807 988 1870 1040 ad
1903 988 2326 1041 consummatio-

760 1102 877 1141 nem
897 1084 1099 1147 smculi,
1119 1094 1177 1137 ut
1202 1094 1254 1137 et
1276 1094 1400 1135 tunc
1430 1081 1493 1136 de
1519 1097 1601 1135 me
1625 1088 1869 1134 testetur.
1898 1079 2045 1134 Unde
2062 1090 2116 1133 et
2142 1081 2328 1133 dicunt

756 1179 938 1229 vivere
967 1191 1109 1239 eum,
1136 1183 1187 1226 et
1217 1177 1282 1226 ab
1304 1171 1640 1225 Antichristo
1685 1170 2037 1224 occidendum
2062 1185 2182 1222 cum
2209 1168 2325 1221 Elia

758 1270 1135 1338 prazdicautem
1154 1265 1448 1319 Christum.
1471 1263 1727 1329 Quamvis
1749 1273 1923 1315 autem
1944 1271 1995 1312 et
2015 1276 2329 1314 monumen-

760 1373 872 1417 tum
907 1362 1021 1426 ejus
1056 1360 1392 1419 ostendatur,
1420 1358 1542 1426 quid
1572 1358 1671 1409 hoc
1700 1354 1873 1409 ?Nam
1899 1354 2085 1408 vivens
2114 1356 2325 1421 quidem

760 1456 1033 1523 ingressus
1059 1462 1141 1507 est
1174 1452 1225 1504 in
1260 1452 1407 1511 illud,
1439 1459 1492 1503 et
1513 1451 1704 1502 deinde
1738 1449 2055 1509 translatus,
2091 1449 2230 1502 sicut
2275 1458 2327 1502 et

762 1544 945 1597 Euorh
1000 1551 1053 1597 ct
1098 1543 1261 1595 Elias.
1295 1540 1459 1612 Igitur
1507 1541 1834 1609 evangelista
1894 1543 2086 1595 evertit
2142 1540 2326 1592 falsam

762 1639 1069 1705 Opinionem
1095 1635 1518 1688 existimantium
1548 1635 1687 1702 quod
1721 1650 1825 1687 non
1865 1635 2126 1685 moriatur
2161 1632 2326 1686 disci-

763 1732 917 1796 pulus
942 1730 1047 1792 hic,
1078 1728 1168 1781 sed
1200 1727 1516 1779 immortalis
1540 1726 1628 1779 sit.
1666 1724 1799 1778 Vere
1818 1725 1960 1779 enim
1991 1724 2327 1777 mendacium

765 1831 871 1880 est.
926 1821 1282 1871 immortalem
1335 1832 1456 1871 esse
1522 1817 1814 1870 hominem.
1875 1817 2128 1881 Quamvis
2186 1818 2327 1871 cnim

767 1912 949 1966 Euorli
979 1922 1032 1963 et
1063 1909 1242 1963 Helias
1265 1926 1367 1963 non
1401 1910 1503 1963 sint
1538 1911 1753 1968 mortui,
1804 1920 2039 1961 attamen
2079 1912 2332 1963 mortales

764 2014 912 2056 sunt.
943 2004 1014 2055 lta
1038 2012 1092 2057 et
1115 2003 1200 2056 hic
1230 2017 1444 2069 quoque
1476 2001 1721 2068 quamvis
1741 2016 1843 2053 non
1886 2000 2043 2053 fuerit
2068 2012 2331 2066 mortuus,

765 2104 942 2146 Luncu
974 2094 1252 2147 morietur.
1282 2091 1446 2159 Igitur
1472 2091 1613 2160 quod
1659 2110 1678 2142 ι
1726 2105 1826 2144 non
1848 2091 2095 2153 moritur,
2122 2109 2140 2140 ι
2170 2088 2221 2143 id
2248 2098 2331 2142 est

767 2186 1086 2239 immortalis
1145 2187 1236 2247 sit,
1284 2183 1477 2239 falsmn
1514 2194 1619 2239 est.
1669 2183 1771 2236 Alii
1836 2193 2013 2236 autem
2065 2182 2332 2236 afﬁrmant

766 2280 907 2343 quod
972 2286 1212 2331 mortuus
1276 2274 1478 2330 fuerit:
1536 2274 1767 2344 etquod
1825 2274 1970 2340 dicit,
2008 2292 2025 2324 ι
2070 2272 2126 2328 Si
2208 2289 2327 2326 eum

770 2368 992 2420 voluero
1046 2379 1281 2428 manere,
1348 2382 1366 2415 ι
1432 2364 1733 2433 intelligunt
1782 2364 1919 2415 sicut
1997 2363 2329 2430 interpretati

767 2476 974 2513 SlllllllS.
999 2459 1197 2511 Outnes
1220 2456 1500 2524 opiniooes
1525 2455 1789 2507 diximus:
1824 2469 1887 2506 ne
1906 2469 2063 2521 quam
2090 2454 2337 2523 ignorent

766 2553 1013 2606 studiosi.
1033 2549 1198 2603 Nobis
1229 2559 1408 2602 autem
1452 2548 1645 2614 placet,
1682 2545 1841 2615 7'73
1872 2556 1951 2607 ut,
1988 2564 2008 2597 ι
2040 2545 2216 2599 donec
2244 2561 2337 2597 ve-

771 2640 937 2700 niam,
962 2658 978 2687 ι
1002 2637 1132 2690 intel
1156 2636 1330 2704 igatur
1348 2637 1486 2688 sicut
1500 2635 1891 2705 Chrysostomo
1904 2635 2085 2688 divino
2098 2646 2159 2688 ett
2172 2650 2335 2688 aureo

768 2732 842 2785 illi
861 2732 939 2782 ori
966 2727 1196 2791 videtur,
1229 2729 1417 2783 nonde
1439 2730 1566 2793 vita,
1592 2728 1685 2783 sed
1704 2728 1844 2797 quod
1865 2742 1970 2781 non
2005 2728 2076 2781 sit
2104 2728 2337 2797 jungen-

766 2823 868 2875 dus
900 2822 1078 2874 Petro.

2428 617 2523 670 καὶ
2555 618 2717 671 αὐτὸν
2746 619 3021 687 εὐδοκὴσω
3051 620 3186 687 πρὸς
3212 618 3271 671 το
3305 621 3565 688 κήρυγμα
3594 618 3902 686 ἐξαγαγεῖν.
3936 620 4002 670 Σὲ

2431 709 2530 777 μὲν
2567 710 2673 778 γάρ
2711 708 2803 762 νῦν
2841 710 3017 777 ἐξάγω
3057 711 3149 763 ἐπὶ
3183 711 3283 779 τὴν
3321 712 3656 780 προστασίαν
3692 711 3789 779 τῆς
3826 712 4004 762 οἰκου-

2432 801 2623 871 μένης,
2656 804 2748 854 καὶ
2783 820 2801 851 ι
2841 802 3125 855 ἀκολούθει
3163 821 3290 872 μοι·
3333 822 3350 853 ι
3387 803 3547 865 αὐτὸς
3582 802 3638 855 δὲ
3674 804 3883 871 μενέτω
3920 804 4006 854 ὲν-

2427 894 2599 949 ταῦθα
2622 939 2637 962 ,
2669 896 2771 958 ἓως
2800 888 2860 948 οῦ
2893 899 3058 949 πάλιν
3088 897 3228 949 ἔλθω
3249 937 3263 959 ,
3296 897 3389 950 καὶ
3421 896 3596 962 ἐξάξω
3626 896 3786 948 αὑτὸν
3815 895 4006 961 ὥσπερ

2430 987 2523 1040 καὶ
2563 988 2643 1041 σέ.
2682 988 2837 1050 Τινὲς
2874 988 2928 1042 δὲ
2951 990 3123 1053 οὕτως
3156 990 3332 1042 νοοῦσι
3361 1005 3372 1016 ·
3412 989 3709 1053 Ἀκούσας,
3746 990 3942 1058 φασὶν,
3976 990 4005 1041 ὀ

2432 1079 2663 1147 Πέτρος,
2696 1081 2776 1132 ὅτι
2808 1081 3046 1135 θανεῖται
3079 1083 3216 1153 ὑπὲρ
3246 1082 3516 1153 Χριστοῦ,
3546 1078 3728 1149 εἶπεν,
3757 1085 3838 1136 ὅτι
3892 1085 4004 1135 Καὶ

2443 1172 2694 1240 Ἰωάννης
2729 1174 2780 1225 τί
2800 1190 2813 1238 ;
2847 1174 2908 1225 οὑ
2947 1173 3189 1227 θανεῖται
3226 1176 3318 1228 καὶ
3354 1176 3547 1239 αὑτός;
3583 1174 3643 1229 '0
3678 1174 3735 1229 δὲ
3770 1176 4001 1245 Χριστὸς

2430 1263 2529 1314 οὐκ
2555 1264 2905 1335 ἀπηγόρευσε
2937 1266 3033 1333 μὲν
3056 1266 3214 1319 τοῦτο
3239 1268 3369 1336 (πᾶς
3396 1268 3504 1337 γάρ
3531 1271 3557 1320 ὁ
3586 1268 3887 1337 γεννηθεὶς,
3912 1269 4005 1320 καὶ

2432 1354 2715 1427 θανεῖται),
2754 1352 2875 1410 εἷπε
2918 1359 2973 1410 δὲ
3004 1359 3084 1421 τὸ,
3123 1378 3140 1409 ι
3184 1360 3310 1411 Ἐάν
3345 1360 3482 1413 θέλω
3522 1360 3685 1413 αὑτὸν
3722 1363 3936 1428 μένειν·
3982 1379 4000 1410 ι

2430 1450 2711 1511 τουτέστι,
2743 1450 2849 1518 Ζῇν
2882 1449 3008 1519 ἄχρι
3038 1451 3135 1517 τῆς
3164 1449 3258 1503 τοῦ
3296 1452 3502 1519 κόσμου
3538 1450 3881 1515 συντελείας,
3914 1452 4008 1503 καὶ

2431 1539 2551 1591 τότε
2583 1538 2931 1609 μαρτυρῆσαι
2963 1541 3090 1610 περὶ
3120 1539 3275 1611 ἐμοῦ.
3302 1540 3464 1594 Ὅθεν
3491 1541 3585 1595 καί
3618 1558 3748 1610 φασι
3782 1542 3878 1608 ζῇν
3910 1542 4006 1593 αὖ·

2431 1633 2553 1698 τὸν,
2591 1634 2696 1686 ὑπὸ
2736 1634 2792 1687 δὲ
2826 1634 2918 1686 τοῦ
2954 1634 3324 1705 Ἀντιχρίστου
3373 1637 3585 1705 μέλλειν
3623 1637 4006 1705 ἀναιρεθῆναι,

2434 1724 2532 1777 σὺν
2579 1724 2850 1795 τῷἬλίᾳ
2896 1726 3233 1796 κηρύττοντα
3277 1728 3369 1781 τὸν
3410 1728 3663 1797 Χριστόν.
3713 1729 3771 1780 Εἰ
3817 1729 3870 1781 δὲ
3919 1734 4011 1781 καὶ

2438 1816 2627 1885 μνῆμα
2659 1817 2823 1870 αὐτοῦ
2844 1817 3138 1879 δείκνυται,
3171 1821 3222 1872 τί
3252 1820 3441 1885 τοῦτο;
3477 1821 3592 1873 Ζῶν
3624 1822 3721 1890 μὲν
3752 1821 3861 1889 γάρ
3896 1824 4007 1873 εἰσ-

2434 1906 2595 1974 ῆλθεν
2622 1910 2680 1960 ἐν
2709 1909 2875 1978 αὐτῷ,
2909 1907 3027 1962 εἷτα
3061 1911 3317 1981 μετέστη,
3373 1913 3559 1981 ὥσπερ
3590 1916 3683 1965 καὶ
3717 1913 3887 1983 Ἑνὼχ
3921 1915 4011 1964 καὶ

2432 2000 2640 2062 Ἥλίας.
2680 2001 3005 2069 Ἀνατρὲπει
3036 2003 3211 2055 τοίνυν
3238 2007 3264 2055 ὁ
3294 2004 3681 2072 εὑαγγελιστὴς
3714 2005 3813 2073 τὴν
3840 2005 4009 2071 ψευδῆ

2434 2091 2591 2156 δόξαν
2622 2092 2732 2142 τῶν
2760 2094 3021 2159 οἰομένων
3044 2135 3057 2155 ,
3088 2095 3169 2147 ὅτι
3204 2097 3301 2147 οὐκ
3335 2096 3669 2164 ἀποθνήσκει
3701 2099 3727 2148 ὸ
3763 2096 4008 2165 μαθητὴς

2434 2178 2609 2246 οὗτος,
2658 2183 2770 2236 ἀλλ’
2794 2185 3061 2247 ἀθάνατος
3106 2185 3278 2239 ἔσται.
3322 2188 3527 2250 Ψευδὲς
3571 2190 3679 2258 γάρ
3721 2190 3911 2251 ὅντως,
3953 2190 4011 2239 τὸ

2433 2271 2698 2325 ἀθάνατον
2726 2269 2865 2327 εἶναι
2896 2274 3199 2344 ἄνθρωπον.
3232 2275 3347 2328 Κᾶν
3372 2278 3481 2346 γὰρ
3511 2276 3678 2346 Ἑνὼχ
3707 2279 3795 2328 καὶ
3824 2279 4011 2337 ΊΙἏΞας

2433 2364 2530 2414 οὐκ
2562 2363 2832 2417 ἀπέθανον
2853 2407 2867 2429 ,
2900 2366 3016 2418 ἀλλ’
3038 2368 3185 2435 ὅμως
3219 2368 3424 2438 θνητοί.
3459 2369 3642 2430 Οὕτως
3677 2368 3769 2421 οὖν
3800 2371 3893 2420 καὶ
3925 2366 4015 2419 οἶ-

2433 2471 2543 2515 τος,
2596 2455 2695 2506 κᾶν
2737 2457 2835 2507 οὐκ
2881 2458 3175 2519 ἀπέθανεν,
3222 2460 3336 2512 ἀλλ’
3364 2461 3734 2513 ἀποθανεῖται.
3777 2462 3849 2511 Τὸ
3895 2458 4007 2519 οἷν,

2443 2565 2461 2596 ι
2516 2546 2631 2600 Οὐκ
2682 2550 3033 2617 ἀποθνήσκει,
3097 2570 3113 2601 ι
3169 2554 3469 2616 τουτέστιν,
3523 2554 3788 2617 ἀθάνατος
3837 2555 4009 2615 ἔσται,

2442 2638 2655 2707 ψευδές.
2679 2641 2767 2691 ’Δὶ
2781 2642 2858 2693 λοι
2885 2643 2935 2694 δὲ
2963 2642 3415 2707 διαϐεϐαιοῦνται,
3445 2647 3525 2697 ὃτι
3554 2646 3811 2698 ἀπέθανε.
3837 2647 3909 2696 Τὸ
3935 2647 4010 2707 δὲ,

2450 2747 2468 2779 ι
2512 2731 2638 2783 Ἐὰν
2670 2732 2808 2785 θέλω
2841 2736 3000 2787 αὺτὸν
3032 2738 3233 2803 μένειν,
3275 2757 3292 2788 ι
3326 2737 3401 2800 ὡς
3434 2738 3638 2789 ἄνωθεν
3666 2739 4015 2807 ήρμηνεύαα-

2452 2837 2567 2889 μεν,
2596 2822 2739 2877 οὕτω
2762 2826 2962 2880 νοοῦσι.
2998 2828 3178 2891 Πάσας
3207 2830 3262 2882 δὲ
3290 2830 3382 2889 τὰς
3410 2829 3566 2894 δόξας
3598 2833 3845 2897 εἴπομεν,
3878 2830 4015 2897 ὑπὲρ

767 2911 865 2964 τοῦ
899 2911 1166 2980 μηδεμίαν
1196 2907 1505 2975 ἀγνοεῖσθαι
1532 2912 1641 2971 τοῖς
1673 2908 2055 2977 φιλομαθέσιν·
2092 2909 2166 2973 ὡς
2198 2910 2328 2978 ἡμῖν
2370 2928 2430 2977 γε
2459 2911 2553 2974 τὸ,
2594 2932 2611 2963 ι
2650 2917 2877 2977 Μένειν,
2908 2916 3011 2978 ἕως
3044 2918 3293 2987 ἔρχομαι,
3352 2938 3371 2969 ι
3409 2920 3580 2981 οὓτως
3621 2921 3844 2987 ἀρέσκει
3877 2922 4013 2971 νοεῖ-

771 3007 929 3066 σθαι,
962 3004 1036 3066 ὼς
1072 3002 1148 3072 τῷ
1185 3001 1313 3070 θείῳ
1350 3001 1444 3054 καὶ
1480 3001 1665 3070 χρυσῷ
1700 3000 1797 3070 τὴν
1832 3001 2078 3069 γλῶτταν
2113 3004 2334 3072 Ἰωάννη
2375 3003 2555 3069 δοκεῖ,
2588 3008 2708 3076 οὐχὶ
2745 3012 2868 3079 περὶ
2904 3011 2999 3080 τῆς
3037 3013 3179 3083 ζωῆς
3202 3053 3216 3075 ,
3279 3014 3414 3068 ἀλλὰ
3452 3018 3579 3085 περὶ
3646 3014 3740 3066 τοῦ
3782 3016 3856 3084 μὴ
3892 3032 4010 3069 συν.

745 3148 747 3150 .
772 3099 1028 3169 εζεῦχθαι
1058 3097 1132 3166 τῷ
1168 3098 1377 3169 Πέτρῳ.

846 3192 1006 3245 Vens.
1039 3190 1130 3254 24,
1156 3190 1249 3243 25.
1283 3208 1300 3241 ι
1340 3189 1435 3242 llic
1460 3192 1553 3259 {est
1583 3189 1876 3258 discipulus
1923 3190 2011 3246 ille
2054 3192 2144 3260 qui
2192 3191 2345 3247 testi-‘
2369 3195 2412 3255 C

774 3285 1015 3337 monium
1051 3284 1296 3349 perhibet
1327 3283 1392 3335 de
1424 3283 1528 3348 Itis,
1558 3291 1611 3336 et
1643 3283 1858 3350 scripsit
1889 3285 2026 3349 lucc,
2057 3294 2111 3338 et
2139 3286 2342 3338 Scimus

775 3376 919 3444 quod
965 3389 1148 3427 verum
1182 3384 1263 3428 est
1308 3374 1673 3428 testimonium
1724 3374 1859 3439 ejus.
1898 3374 2035 3428 Sunt
2078 3385 2345 3429 autemet

778 3467 883 3520 alia
938 3466 1099 3519 multa
1149 3480 1269 3534 qua:
1310 3466 1437 3518 fecit
1472 3463 1647 3523 Jesus.
1685 3479 1803 3534 quae
1832 3466 1875 3519 si
1923 3465 2225 3519 scribanth
2252 3481 2347 3535 per

774 3558 1003 3627 singula,
1037 3572 1135 3611 nec
1175 3558 1309 3625 ipse,
1332 3557 1550 3627 Opinor,
1578 3559 1811 3614 mundus
1852 3570 2067 3625 caperet
2099 3572 2193 3611 eos
2246 3570 2347 3625 qui

774 3650 1146 3704 scriberentur
1191 3647 1380 3702 libros.
1430 3666 1448 3699 ι
1498 3647 1678 3713 Quare
1724 3664 1843 3701 cum
1890 3646 2064 3701 nullus
2116 3662 2350 3717 evange-

775 3742 1022 3795 listarmu
1079 3739 1213 3793 alius
1259 3740 1325 3793 de
1374 3740 1550 3808 seipse
1598 3739 1909 3809 perhiberet
1955 3739 2344 3803 testimonium,

779 3832 870 3886 hic
899 3832 964 3885 de
994 3832 1175 3898 seipso
1216 3830 1485 3884 testatur?
1518 3831 1723 3884 Dicitur
1764 3840 2066 3896 postrenms
2110 3829 2175 3881 ad
2212 3830 2347 3882 scri-

777 3922 1010 3975 bendum
1058 3922 1374 3983 accessisse,
1423 3935 1544 3973 cum
1582 3929 1757 3973 motus
1798 3929 1850 3973 et
1903 3921 2169 3974 excitatus
2203 3930 2347 3974 esset

780 4014 845 4065 ad
872 4012 921 4064 id
950 4027 1046 4078 per
1072 4011 1370 4067 Christum.
1398 4011 1461 4064 Et
1494 4018 1708 4079 propter
1733 4011 1836 4064 hoc
1870 4026 2011 4079 saape
2046 4012 2349 4065 dilectionis

786 4106 1051 4165 meminit,
1084 4103 1377 4157 ostendens
1407 4116 1625 4155 causam
1662 4111 1877 4170 propter
1911 4116 2067 4169 quam
2099 4105 2167 4155 ad
2207 4100 2345 4155 scri-

780 4198 1009 4250 bendum
1063 4195 1369 4258 accesserit,
1398 4194 1539 4261 quod
1568 4192 1817 4246 Christus
1867 4191 2206 4245 commiserit
2244 4192 2347 4246 hoc

778 4303 913 4357 Opus
945 4288 1033 4349 ei,
1074 4287 1162 4354 qui
1211 4302 1320 4355 pra:
1352 4286 1470 4339 aliis
1499 4285 1667 4353 magis
1708 4285 2050 4354 diligebatur.
2095 4284 2160 4339 Et
2189 4285 2302 4339 scio
2329 4324 2344 4351 ,

780 4382 975 4448 inquit,
1027 4379 1167 4447 quod
1210 4393 1334 4432 vera
1386 4379 1535 4442 dicit,
1593 4378 1696 4431 hoc
1741 4385 1843 4439 est,
1881 4377 2060 4431 Certis
2131 4377 2347 4430 iudiciis

781 4485 1117 4539 cmnpertum
1154 4471 1379 4536 habens,
1416 4470 1606 4539 scripsi
1645 4486 1765 4539 qua:
1800 4470 2016 4536 scripsi,
2043 4478 2226 4536 utpote
2255 4470 2343 4537 qui

2519 3210 2538 3243 ι
2584 3188 2752 3254 Οὗτός
2792 3196 2937 3245 ἐστιν
2974 3197 3001 3247 ό
3045 3194 3291 3267 μαθητὴς
3327 3196 3356 3247 ὁ
3398 3200 3693 3265 μαρτυρῶν
3725 3198 3856 3266 περὶ
3889 3199 4013 3249 τοῦ·

2446 3300 2575 3344 των,
2618 3286 2710 3335 καὶ
2755 3285 2971 3354 γράψας
3010 3284 3182 3339 ταῦτα
3209 3301 3221 3314 ·
3268 3287 3362 3337 καὶ
3404 3286 3643 3355 οἴδαμεν,
3687 3288 3767 3339 ὃτι
3813 3288 4014 3356 ἀληθής

2446 3375 2593 3427 ἐστιν
2628 3378 2659 3443 ἡ
2702 3378 2974 3445 μαρτυρία
3011 3376 3197 3430 αὑτοῦ.
3226 3378 3382 3429 Ἐστι
3416 3379 3472 3430 δὲ
3506 3380 3599 3431 καὶ
3632 3379 3769 3431 ἄλλα
3805 3380 3975 3429 πολλὰ
4001 3425 4014 3441 ,

2445 3466 2544 3517 ὅσα
2577 3467 2829 3535 ἐποίησεν
2856 3471 2883 3519 ό
2912 3468 3139 3536 Ἰησοῦς,
3166 3470 3323 3522 άτινα
3355 3472 3449 3522 ὲάν
3480 3472 3757 3540 γράφηται
3788 3473 3909 3523 καλιῖ
3936 3474 4012 3522 ἓν-

2446 3558 2563 3612 οὐδὲ
2595 3560 2756 3610 αὐτὸν
2786 3555 2938 3627 οἶμαι
2969 3562 3061 3612 τὸν
3092 3562 3294 3630 κόσμον
3326 3563 3570 3631 χωρῆσαι
3602 3564 3668 3614 τὶ
3697 3564 4017 3631 γραφόμενα

2450 3651 2650 3719 βιϐλία.
2696 3670 2714 3701 ι
2753 3652 2908 3714 Τίνος
2949 3652 3135 3705 ἕνεκεν
3173 3655 3399 3721 μηδενὸς
3431 3653 3538 3706 τῶν
3573 3655 3747 3708 ἄλλων
3783 3658 3976 3722 εὖαγ-τῖ

2447 3741 2641 3793 λιστῶν
2681 3744 3125 3811 μαρτυρήσαντος
3158 3743 3357 3811 ἐαυτῷ,
3395 3740 3547 3806 οὗτος
3586 3749 3852 3814 μαρτυρεῖ
3886 3751 4003 3814 περ·

2447 3830 2647 3898 αὐτοῦς
2679 3834 2911 3900 Λέγεται
2944 3834 3167 3904 ὕστερον
3194 3834 3329 3901 πρὸς
3355 3835 3413 3885 τὸ
3439 3836 3673 3904 γράφειν
3704 3838 3896 3897 ἐλθεῖν,
3928 3839 4018 3889 το)

2449 3922 2683 3993 Χριστοῦ
2740 3926 3063 3994 κινήσαντος
3120 3926 3280 3977 αὑτὸν
3332 3928 3425 3978 καὶ
3479 3928 3863 3997 διεγείραντος.
3924 3933 4020 3981 At}:

2447 4010 2603 4063 τοῦτο
2643 4012 2736 4063 καὶ
2783 4013 3051 4082 μέμνηται
3099 4015 3335 4083 συνεχῶς
3373 4017 3470 4083 τῆς
3519 4016 3757 4083 ἀγάπης,
3806 4019 4021 4069 δεικ·ι;;

2446 4103 2544 4172 τὴν
2569 4103 2746 4156 αἰτίαν
2773 4104 2865 4171 ἀφ’
2902 4100 2967 4173 ἦς
2999 4107 3090 4155 ἐπὶ
3113 4105 3171 4156 τὸ
3196 4106 3425 4174 γράςειν
3448 4102 3630 4174 ἦλθεν,
3658 4109 3750 4159 καὶ
3778 4110 3857 4159 ὅτι
3887 4110 4023 4171 ἀγα-

2450 4194 2686 4263 πωμένῳ
2738 4195 2845 4245 τῶν
2896 4194 3071 4248 ἄλλων
3131 4195 3361 4261 μάλιστα
3417 4198 3709 4265 ἐνεχείρισε
3756 4197 3912 4247 τοῦτο
3960 4199 4022 4248 τὸ

2448 4284 2606 4354 ἔργον
2636 4288 2663 4337 ὀ
2694 4284 2947 4351 Χριστός.
2978 4285 3087 4337 Καὶ
3120 4280 3235 4338 οἶδα
3259 4327 3275 4347 ,
3307 4287 3473 4354 φησὶ,
3506 4289 3587 4337 ὅτι
3623 4287 3795 4354 ἀληθῆ
3832 4287 3976 4353 λέγει
4007 4305 4016 4311 ⁴

2446 4378 2711 4440 τουτέστι,
2770 4376 3217 4445 Πληροφορηθεὶς
3264 4376 3499 4445 ἔγραψα,
3552 4376 3586 4430 ὃ.
3640 4378 3870 4446 ἐγραςνα,
3921 4379 4019 4431 ἅτε

2449 4469 2581 4520 πᾶσι
2607 4467 2816 4537 παρὼν,
2844 4468 2939 4519 καὶ
2964 4470 3075 4527 τοῖς
3104 4467 3284 4535 ἔργοις
3312 4470 3403 4519 καὶ
3428 4470 3542 4529 τοῖς
3568 4468 3763 4533 λόγοις,
3792 4470 3882 4520 καὶ
3909 4474 4019 4530 ταῖς

781 4564 1001 4616 interfui
1039 4563 1292 4617 omnibus
1331 4563 1690 4627 sermonibus,
1739 4572 1794 4614 et
1839 4560 2090 4629 operibus
2132 4573 2186 4613 et
2228 4576 2347 4628 pas-
2378 4555 2424 4611 D
2452 4574 2473 4608 τ

2329 4588 2347 4599 -
2378 4555 2424 4611 D
2452 4557 2667 4619 πάθεσι,
2696 4559 2790 4610 καὶ
2817 4560 2928 4619 τοῖς
2957 4559 3095 4627 μετά
3118 4557 3215 4627 τὴν
3242 4559 3554 4611 ἀνάστασιν.
3588 4558 3882 4627 Ἀγαπητὶς
3914 4562 4021 4625 γὰρ

780 4656 1024 4710 sionibus
1053 4666 1105 4709 et
1132 4657 1215 4710 his
1238 4671 1356 4725 qua:
1387 4665 1505 4724 post
1526 4655 1978 4717 resurrectionem
2005 4652 2341 4707 acciderunt.

783 4746 1015 4801 Dilectus
1046 4747 1189 4800 enim
1230 4762 1399 4811 eram,
1448 4756 1501 4800 et
1539 4761 1642 4800 non
1690 4746 2039 4807 excludebar,
2074 4756 2236 4811 atque
2273 4744 2345 4797 ita

786 4837 1017 4891 lidenter
1044 4847 1098 4891 et
1126 4838 1192 4891 de
1223 4838 1427 4904 meipso
1453 4837 1571 4891 dico
1595 4840 1735 4906 quod
1761 4852 1884 4891 vera
1918 4836 2058 4902 dico,
2088 4850 2349 4905 provoca-

786 4941 871 4984 tus
892 4938 951 4983 ut
976 4930 1315 4997 exquirerem
1347 4943 1463 4997 qua:
1488 4928 1625 4982 facta
1658 4936 1805 4994 sunt,
1830 4937 1884 4983 et
1908 4927 2115 4995 singula
2144 4926 2350 4981 exami-

787 5036 992 5075 narem.
1023 5020 1248 5074 Prorsus
1263 5030 1443 5073 autem
1466 5019 1701 5073 solemus
1724 5034 1822 5073 nos
1858 5019 2106 5073 homines
2132 5017 2348 5085 quando

786 5113 923 5166 bene
951 5112 1163 5167 fidimus
1198 5112 1411 5166 veritati
1449 5126 1782 5179 nequaquam
1817 5109 2126 5164 testimonia
2161 5116 2346 5162 nostra

789 5216 1093 5256 recusare:
1130 5205 1180 5255 id
1237 5204 1376 5270 quod
1428 5211 1484 5257 et
1549 5201 1774 5270 apostoli
1829 5201 2124 5255 dicehant:
2182 5218 2199 5251 ‹
2245 5199 2351 5254 Nos

786 5308 972 5347 sumus
1000 5301 1164 5348 testes
1190 5308 1371 5347 eorum
1401 5308 1520 5361 qua:
1546 5292 1791 5354 dicimus,
1822 5302 1875 5346 et
1928 5291 2162 5361 Spiritus
2192 5307 2349 5361 quem

788 5384 937 5439 dedit
977 5386 1349 5439 obedientibus
1376 5385 1498 5437 sibi.
1536 5402 1555 5435 ι
1591 5382 1743 5437 Unde
1774 5393 1949 5437 autem
1984 5384 2351 5447 manifestum,

792 5474 987 5542 inquit,
1021 5476 1158 5541 quod
1184 5490 1309 5529 vera
1339 5474 1539 5535 dicam,
1568 5483 1620 5528 et
1650 5489 1752 5526 nou
1785 5473 1968 5526 aduler
1992 5473 2353 5543 praeceptori?

795 5564 871 5618 Ex
914 5579 979 5618 eo
1022 5565 1162 5632 quod
1198 5565 1362 5618 multa
1407 5564 1779 5633 pnetcrmitto,
1826 5566 1965 5618 unde
2012 5569 2350 5633 pcr~picuum

794 5656 932 5724 quod
975 5671 1078 5709 non
1116 5655 1319 5708 aduler.
1354 5656 1450 5721 Qui
1503 5659 1645 5709 enim
1695 5655 2043 5721 ignominiosa
2088 5657 2265 5709 omnia
2300 5657 2349 5708 iu

796 5746 1026 5800 medium
1063 5747 1281 5815 protuli,
1306 5756 1486 5800 etnon
1511 5746 1784 5808 abscondi,
1818 5747 1957 5812 quod
1985 5760 2103 5798 eum
2136 5757 2188 5799 et
2221 5762 2353 5812 pra:-

802 5836 1150 5894 varicatorem
1186 5839 1350 5908 legis,
1390 5848 1442 5891 et
1471 5840 1804 5893 seductorem
1838 5836 2267 5899 noniiuavcrunt,
2303 5847 2355 5890 ιι

2450 4650 2617 4718 ἥμην,
2654 4650 2747 4701 καὶ
2788 4650 2888 4701 οὐκ
2926 4650 3407 4719 ἀπελιμπανόμην.
3437 4651 3602 4701 Ὥστε
3645 4652 4021 4719 παρῤηαιάζνιο

2453 4759 2549 4809 μαι
2570 4782 2583 4805 ,
2620 4742 2713 4794 καὶ
2744 4743 2871 4809 περὶ
2903 4741 3138 4810 ἐμαυτοῦ
3174 4742 3347 4808 λέγω,
3380 4744 3461 4794 ὅτι
3495 4741 3743 4811 ἀληθεύω
3764 4781 3777 4799 ,
3814 4758 4019 4809 1:90:41-

2449 4834 2707 4903 λούμενος
2744 4833 3018 4896 ἐξετάζειν
3053 4834 3121 4887 τά
3160 4835 3535 4902 γεγενημένα,
3577 4834 3670 4887 καὶ
3709 4833 4019 4901 βασανίζειν

2450 4924 2572 4977 καθ’
2602 4925 2847 4977 ἕκαστον.
2897 4923 3180 4991 Εἱώθαμεν
3226 4924 3283 4977 δὲ
3333 4925 3549 4985 πάντως
3598 4924 3647 4976 οἱ
3694 4925 4011 4991 ἄνθρωποι,

2449 5018 2577 5069 ὅταν
2621 5015 2825 5085 σφόδρα
2864 5015 3153 5086 θαρρῶμεν
3194 5015 3287 5067 ἐπὶ
3326 5017 3393 5084 τῇ
3439 5012 3694 5083 ἀληθεία,
3745 5015 4013 5081 μηδέποτε

2450 5110 2547 5178 τὴν
2580 5109 2787 5162 ἑαυτῶν
2822 5109 3122 5178 μαρτυρίαν
3151 5107 3464 5175 ἀρνεῖσθαι,
3495 5107 3631 5174 ὅπερ
3667 5107 3759 5158 καὶ⁸
3792 5108 3841 5157 οἱ
3878 5109 4014 5158 ἀπό-

2455 5202 2628 5252 στολοι
2670 5201 2852 5264 ἔλεγον
2879 5216 2892 5227 ·
2936 5218 2954 5250 ι
2994 5200 3182 5269 Ἡμεῖς
3223 5202 3390 5267 ἐσμεν
3432 5199 3707 5267 μάρτυρες
3747 5193 3821 5249 ὧν
3859 5197 4011 5263 λέγο-

2457 5310 2586 5362 μεν,
2622 5293 2713 5343 καὶ
2742 5293 2801 5344 τὸ
2834 5292 3086 5359 Πνεῦμα,
3118 5291 3328 5342 ὂὲδωκε
3360 5293 3472 5351 τοῖς
3505 5288 3889 5357 πειθαρχοῦσιν
3917 5290 4013 5339 αὖ·

2452 5385 2550 5453 τῷ.
2585 5403 2601 5434 ι
2639 5384 2804 5435 Πόθεν
2827 5384 2882 5435 δὲ
2906 5382 3082 5452 δῆλον,
3110 5382 3191 5433 ὃτι
3220 5381 3439 5451 Ἀληθῆ,
3468 5382 3621 5449 φησι,
3651 5380 3810 5447 λέγω,
3837 5380 3930 5431 καὶ
3958 5381 4017 5430 οὐ

2457 5475 2747 5543 χαρίζομαι
2776 5474 2851 5543 τῷ
2882 5473 3214 5540 διδασκάλῳ;
3251 5474 3357 5524 Καὶ
3391 5474 3452 5524 ἐκ
3484 5471 3575 5522 τοῦ
3607 5471 3673 5522 τά
3707 5468 3876 5521 πολλά
3909 5485 4015 5519 πα-

2460 5566 2726 5635 ραλιπεῖν,
2753 5566 2872 5616 ὅθεν
2898 5565 3072 5633 δῆλον,
3103 5565 3183 5615 ὅτι
3213 5565 3310 5615 οὐκ
3340 5563 3404 5616 ἂν
3432 5562 3793 5631 ἐχαρισάμην.
3822 5560 3882 5613 ’0
3912 5561 4018 5627 γάρ

2456 5658 2523 5711 τά
2552 5658 2885 5710 ἐπονείδιστα
2916 5658 3087 5708 πάντα
3118 5659 3194 5718 εἰς
3228 5656 3293 5722 μέ
3307 5673 3391 5707 πον
3415 5656 3549 5717 θεὶς,
3580 5656 3670 5705 καὶ
3702 5652 3835 5719 μηδὲ
3861 5649 4016 5703 τοῦτο

2458 5745 2934 5813 ἀποκρυψάμενος,
2966 5745 3047 5796 ὅτι
3082 5744 3172 5795 καὶ
3208 5745 3402 5812 ἄνομον
3439 5744 3593 5795 αὐτὶν
3628 5742 3891 5793 ἐκάλεσαν
3926 5744 4014 5791 καὶ

2459 5838 2519 5887 π)
2538 5837 2686 5900 ανον,
2720 5838 2811 5890 καὶ
2840 5837 3174 5906 δαιμονῶκοντα
3195 5877 3207 5901 ,
3239 5835 3453 5906 εῦόηὶον
3479 5837 3556 5889 ὅτι
3587 5836 3685 5888 οὐκ
3712 5833 3775 5886 ἂν
3836 5833 4017 5901 ἐχαριο
