4284 6450
757 372 865 439 319
1428 372 1529 431 AD
1560 368 2143 433 TIIEOPIIYL.\CT1
2191 366 2767 427 EXPOSlTlONE-M
2816 367 2893 426 IN
2932 369 2999 427 D.
3034 367 3348 428 PAULUM
3906 358 4017 423 3‘30

764 517 3989 553 Mm

2275 538 2601 549 ——_——.

1638 721 3149 882 THEOPHYLACTI

1909 996 2283 1055 BULGARIAS
2340 996 2865 1053 ARCIIIEPISCOPI

1014 1178 1176 1304 IN
1276 1178 1795 1307 OMNES
1889 1178 2229 1309 DIVI
2304 1177 2782 1306 PAULI
2867 1170 3742 1304 EPISTOLAS

1795 1436 2973 1552 COMMENTARIUS.

1433 1833 1980 1923 PHILIPPI
2061 1832 2619 1924 MONTANI
2701 1830 3337 1922 PIUEFATIO

2044 2020 2197 2086 (ean.
2227 2022 2377 2074 Basil.
2410 2026 2525 2073 anni
2555 2022 2797 2087 MDLIV.)

1568 540 1951 549 -———.————_—.—

1958 540 2259 549 ————-——-—_

853 2343 1039 2418 Quod
1103 2342 1165 2402 in
1229 2339 1837 2401 commentariorum
1900 2340 2365 2419 recognitione,
2431 2355 2596 2417 quos
2661 2339 2726 2399 in
2785 2337 3131 2415 Evangelia
3187 2336 3708 2415 'l‘heOphylactus
3766 2338 4006 2399 diserte

769 2440 1135 2515 scripserat,
1172 2453 1362 2513 supra
1414 2435 1659 2513 aliquot
1699 2451 1902 2495 annos
1950 2434 2243 2507 fecimus,
2274 2435 2446 2496 idem
2485 2453 2746 2513 quoque
2782 2452 2950 2497 nunc
2983 2434 3188 2497 facere
3222 2435 3283 2495 in
3327 2434 3406 2494 iis
3441 2451 3607 2512 quos
3676 2434 3739 2494 in
3784 2452 4006 2495 omnes

770 2534 903 2595 divi
943 2534 1116 2595 Pauli
1157 2530 1469 2609 Epistolas
1503 2530 1727 2602 edidit,
1763 2547 1973 2608 eperte
2011 2533 2283 2608 pretium
2314 2530 2644 2603 duximus,
2696 2530 2967 2591 candide
3018 2534 3275 2592 Lector:
3341 2538 3407 2591 ut
3440 2530 3735 2590 videlicet
3790 2531 4004 2607 aliqua

770 2630 991 2690 saltem
1030 2646 1109 2689 ex
1169 2635 1338 2703 parte
1382 2626 1728 2699 intelligas,
1765 2626 1918 2686 dum
1975 2627 2305 2687 emendata
2334 2628 2620 2705 quaedam
2652 2625 3056 2703 proferimus,
3081 2635 3390 2705 quantum
3422 2625 3829 2687 commodum
3882 2625 4007 2686 tuis

770 2724 1002 2783 stusliis
1029 2723 1255 2783 afferre
1292 2722 1499 2781 conati
1560 2721 1807 2782 simus:
1846 2739 1948 2792 ne,
1994 2723 2165 2800 quod
2204 2724 2582 2801 plerumque
2653 2724 2740 2793 ﬁt,
2787 2722 3149 2799 Splendidis
3202 2722 3745 2801 typograpliorum
3800 2722 4009 2781 titulis

773 2820 885 2880 tibi
918 2820 1020 2880 hic
1051 2835 1313 2898 quoque
1343 2818 1559 2879 fucum
1593 2818 1727 2879 fieri
1756 2827 1962 2895 putes,
2004 2826 2192 2896 atque
2225 2820 2307 2879 ita
2346 2838 2456 2897 per
2490 2818 3017 2897 imprudentiam,
3051 2818 3602 2896 qualiumcunque
3636 2824 4002 2878 nostrorum

771 2915 1059 2976 laborum
1105 2916 1317 2976 fructu
1353 2916 1669 2992 priveris:
1731 2916 1903 2993 quod
1960 2914 2296 2975 Germanis
2322 2916 2383 2977 in
2409 2916 2849 2993 recognitione
2884 2915 3503 2974 Commentariorum
3569 2914 4005 2990 Chrysostomi

769 3012 935 3087 apud
968 3012 1286 3091 ‘Carolum
1334 3012 1626 3072 Guillard
1687 3012 1807 3071 sub
1851 3010 1991 3070 Sole
2033 3028 2224 3069 aureo
2277 3010 2739 3089 impressorum
2814 3026 3042 3089 magno
3099 3010 3543 3071 studiosorum
3598 3008 4007 3069 incommodo

767 3098 1113 3182 contigisse
1146 3107 1748 3168 animadvertimus:
1784 3123 1927 3167 cum
1958 3123 2036 3166 ne
2068 3122 2138 3165 ea
2185 3107 2448 3184 quidem
2479 3125 2620 3186 qum
2676 3109 2746 3169 D.
2780 3108 3081 3168 Erasmus
3128 3123 3159 3167 a
3205 3105 3391 3165 nobis
3435 3104 3805 3165 admonitus
3869 3106 4007 3181 ipse

768 3204 1156 3274 emendaret,
1190 3202 1281 3273 illi
1319 3201 1523 3262 secuti
1570 3200 1851 3262 fuerint:
1917 3218 2080 3279 quos
2104 3197 2387 3279 ‘quidem
2425 3202 2670 3263 labores
2703 3220 2827 3263 non
2866 3220 3091 3279 parvos
3153 3204 3216 3263 in
3251 3210 3420 3262 tuam
3473 3208 3534 3261 et
3567 3201 4005 3261 studiosorum

770 3296 1063 3356 omnium
1102 3297 1437 3357 utilitatem
1484 3297 1646 3356 haud
1683 3299 1987 3373 gravatim
2039 3300 2465 3376 suscepimus,
2500 3298 2635 3360 fore
2672 3310 3027 3377 sperantes,
3073 3307 3141 3360 ut
3183 3300 3316 3359 Deo
3384 3298 3447 3358 in
3516 3298 3739 3373 primis
3769 3298 4009 3373 Optimo

770 3391 1050 3452 maximo
1090 3392 1180 3473 (in
1215 3392 1402 3470 cujus
1455 3393 1721 3470 gloriam
1768 3409 1993 3453 omnes
2032 3402 2296 3455 conatus
2325 3397 2524 3455 nostri
2574 3396 2979 3473 potissimum
3020 3395 3399 3456 incumbere
3442 3394 3700 3462 debent,
3735 3403 3789 3451 et
3825 3393 4009 3467 cujus

772 3488 1021 3549 auxilio
1052 3487 1221 3562 freti,
1254 3487 1423 3547 istud
1457 3488 1771 3567 quidquid
1797 3496 1890 3549 est
1920 3490 2135 3565 operis
2198 3492 2609 3571 tentavimus)
2675 3493 3166 3571 haudquaquam
3209 3492 3440 3569 ingrati
3494 3498 3734 3561 essent,
3776 3489 4007 3555 ettibi,

766 3584 1036 3646 candide
1090 3587 1311 3645 Lector
1342 3628 1359 3657 ,
1409 3584 1575 3644 haud
1610 3584 1817 3645 cuivis
1878 3602 2071 3646 sacrae
2122 3588 2459 3664 Scriptura:
2491 3588 2785 3650 studioso
2820 3607 2943 3649 non
3004 3586 3415 3650 infructuosi.
3468 3587 3585 3647 Sed
3622 3603 3700 3647 ne
3760 3585 4009 3645 diutius

769 3689 830 3741 te
860 3698 1161 3747 remorer,
1197 3697 1267 3741 ea
1305 3680 1521 3757 paucis
1543 3681 1756 3756 accipe
1815 3700 2089 3759 quorum
2132 3693 2188 3745 te
2224 3686 2669 3760 prwunonitum
2703 3686 3020 3762 cupimus.

848 3779 974 3836 Nos
1006 3777 1202 3838 erci
1244 3776 1511 3849 corticis,
1556 3792 1686 3854 quo
1736 3793 1895 3836 usus
1929 3787 2024 3838 est
2056 3778 2407 3857 aliquando
2442 3784 2513 3841 D.
2550 3784 2874 3853 Erasmus,
2912 3782 3098 3843 ﬁdem
3129 3797 3318 3861 quam
3361 3779 3691 3857 potuimus
3724 3776 4007 3853 diligen-

776 3872 1024 3933 tissime
1064 3889 1176 3947 pro
1205 3878 1420 3933 nostra
1475 3872 1939 3950 qualicumque
1995 3876 2433 3939 mediocritate
2487 3877 2691 3940 secuti
2746 3894 2995 3947 sumus,
3054 3878 3180 3937 nisi
3230 3875 3439 3938 sicubi
3505 3873 3711 3935 scriba
3761 3869 4007 3932 dormi-

777 3978 945 4028 tasse
978 3967 1303 4028 videretur
1337 3984 1349 4026 :
1409 3968 1875 4045 perabsurdum
1921 3972 2093 4031 enim
2155 3972 2350 4033 fuerit
2389 3975 2633 4053 ubique
2674 3973 2946 4035 scribam
2986 3974 3255 4035 nimium
3293 3974 3457 4033 bona
3509 3970 3629 4030 fide
3685 3966 4007 4044 amplecti,

770 4063 888 4124 hoc
927 4070 1044 4135 est,
1082 4080 1205 4123 una
1239 4080 1382 4124 cum
1426 4063 1613 4140 .ipsis
1656 4065 1909 4138 erratis,
1936 4068 2109 4143 quod
2183 4070 2534 4131 Lonicerus
2586 4071 2825 4149 szepius
2888 4068 3207 4130 factitasse
3249 4066 3781 4146 deprehenditur.
3840 4064 4008 4125 Usus

769 4167 864 4219 est
926 4168 1161 4232 autem,
1198 4160 1258 4245 ni
1306 4159 1512 4231 fallor,
1544 4161 1767 4221 eodem
1810 4169 2026 4222 nostro
2059 4164 2445 4242 exemplari:
2496 4168 2560 4227 in
2601 4184 2730 4244 quo
2778 4166 2911 4226 divi
2964 4164 3144 4227 Pauli
3190 4171 3528 4227 contextus
3576 4177 3610 4222 a
3668 4158 4009 4236 'l‘hcollhy-

772 4254 913 4315 lacti
967 4256 1174 4330 glossa
1207 4264 1313 4315 aut
1351 4257 1552 4332 capita
1587 4256 1725 4332 ipsa
1756 4256 2129 4336 frequenter
2164 4262 2323 4324 male
2364 4263 2879 4341 distinguuntur,
2922 4272 2982 4323 et
3017 4279 3481 4341 nonnunquam
3516 4260 3831 4321 dictiones
3862 4260 4005 4317 athe

769 4367 881 4424 pro
914 4350 1061 4411 aliis
1092 4352 1579 4412 substituuntur
1616 4352 1783 4429 (qum
1822 4370 1921 4413 res
1955 4357 2142 4415 nobis
2176 4374 2301 4416 non
2359 4377 2579 4437 parum
2648 4360 2942 4421 exhibuit
2994 4359 3298 4437 negotii);
3332 4358 3570 4437 quibus
3618 4373 3771 4416 sane
3824 4356 4008 4415 resti-

767 4446 1023 4506 tuendis
1086 4463 1208 4523 qua
1246 4447 1449 4505 simus
1485 4447 1583 4505 usi
1613 4448 1908 4509 cautione
1981 4450 2133 4511 dum
2188 4453 2535 4530 diligenter
2566 4457 2995 4533 expendimus
3056 4455 3212 4535 quid
3272 4456 3413 4529 ipse
3458 4461 3678 4513 auctor
3724 4453 3788 4511 in
3854 4469 4008 4527 prm-

765 4541 1143 4601 cedentibus
1174 4549 1280 4601 aut
1320 4542 1872 4619 subsequentibus
1907 4546 2205 4607 eumdem
2247 4550 2453 4610 locum
2514 4551 2998 4627 attingentibus,
3041 4550 3282 4629 quidve
3316 4550 3817 4626 Chrysostomus
3850 4565 4000 4606 eum

770 4636 977 4696 locum
1026 4643 1299 4696 tractans
1325 4644 1432 4696 aut
1463 4638 1905 4698 OEcumeoius
1956 4642 2442 4718 scripserit,aut
2512 4650 2703 4708 etiam
2772 4650 3095 4708 Porsenna
3135 4654 3322 4709 vetus
3382 4648 3701 4724 interpres
3759 4647 4005 4723 legent,

765 4732 833 4792 in
869 4731 1154 4808 margine
1186 4732 1391 4792 Graaci
1447 4733 1710 4806 codicis,
1739 4751 1932 4812 quem
1966 4742 2402 4816 typographus
2435 4743 2608 4804 brevi
2657 4743 2824 4819 typis
2862 4743 3185 4804 excudere
3220 4744 3467 4816 statuit,
3500 4744 3637 4803 suis
3702 4742 3860 4803 locis
3894 4760 4005 4801 ex-

764 4824 1141 4904 posuimus:
1190 4833 1257 4885 ul
1293 4828 1313 4886 l
1344 4826 1419 4887 ad
1458 4827 1742 4889 Corinth.
1778 4847 1906 4901 nv,
1940 4841 2259 4906 ἀπόστολοις
2315 4838 2456 4915 dep:

2315 4838 2653 4915 depravata
2682 4839 2989 4913 scriptum
3044 4836 3251 4900 fuerat
3313 4856 3425 4916 pro
3474 4850 3744 4911 ἀπίστοις,
3805 4845 3865 4898 et
3928 4842 4003 4898 ad

762 4921 960 4982 Galat.
1009 4938 1064 4991 v,
1105 4919 1465 4981 scandalum
1496 4922 1757 4997 Christi,
1792 4941 1905 5003 pro
1929 4930 2229 4992 seandalo
2260 4936 2454 4995 crucis

2310 4936 2508 5005 rucis;
2542 4953 2683 5013 quaa
2713 4936 2975 5014 quidem
3037 4936 3371 5013 scriptoris
3404 4954 3623 4998 errore
3657 4936 4002 5013 contigisse

766 5018 1183 5077 vehementer
1220 5018 1504 5078 admiror
1534 5020 1915 5081 Lonicerum
1953 5039 2081 5085 non
2133 5029 2703 5093 animadvertisse:
2739 5049 2883 5093 cum
2921 5032 3019 5093 vel
3057 5049 3133 5092 ex
3162 5049 3307 5094 mox
3357 5033 3784 5112 sequentibus
3812 5032 4002 5094 facile

764 5133 795 5174 a
832 5113 1236 5174 mediocriter
1259 5113 1516 5175 erudito
1547 5122 1608 5175 et
1637 5123 1879 5178 attento
1903 5136 2080 5181 error
2110 5124 2501 5199 deprehendi
2532 5131 2831 5204 potuerit.
2869 5130 3025 5189 Item
3062 5130 3137 5189 ad
3169 5128 3399 5203 Ephes.
3446 5146 3467 5188 ι
3518 5128 3863 5205 depravate
3901 5133 3996 5189 le-

764 5211 1053 5289 gebatur,
1086 5210 1319 5271 divitia:
1348 5210 1527 5283 datae,
1561 5228 1703 5272 cum
1748 5212 2092 5292 legendum
2130 5221 2347 5295 fuerit,
2371 5221 2605 5282 divitia:
2631 5223 2879 5300 gloriae;
2916 5232 3074 5300 δόξης
3113 5224 3307 5289 enim,
3349 5239 3473 5283 non
3495 5231 3693 5295 δόσεως
3722 5226 4006 5286 scriben-

764 5308 917 5366 dum
946 5304 1170 5367 fuerat.
1206 5305 1445 5377 Quinto
1464 5316 1675 5367 autem
1730 5312 1934 5387 capite
1971 5315 2189 5390 primae
2234 5319 2311 5379 ad
2367 5318 2772 5379 Timotheum
2811 5319 3127 5395 Epistolze,
3166 5318 3372 5379 locum
3407 5319 3472 5379 in
3505 5322 3744 5380 ercis
3787 5330 3849 5379 et
3886 5322 3997 5379 La-

767 5401 916 5460 tinis
949 5401 1245 5461 mutilum
1284 5417 1362 5461 ex
1392 5402 1732 5462 Porsenna;
1768 5404 2049 5482 scriptis,
2100 5428 2241 5488 quae
2277 5430 2353 5474 eo
2385 5414 2646 5492 quidem
2694 5413 2831 5475 loco
2872 5415 3109 5475 rectius
3160 5414 3391 5475 habere
3430 5416 3835 5489 videbantur,
3894 5436 3998 5477 re-

765 5496 1126 5568 stituimus;
1172 5496 1290 5557 hoc
1335 5496 1507 5556 enim
1542 5496 1681 5559 lono
1712 5500 1865 5576 quid
1927 5504 2444 5585 TheOphylactus
2480 5512 2843 5589 scripsisset
2876 5529 2999 5573 non
3058 5514 3209 5572 satis
3250 5512 3436 5574 nobis
3502 5518 3853 5585 constabat,
3890 5516 3999 5574 sed

763 5609 907 5687 illm?
968 5590 1148 5651 illinc
1178 5592 1665 5687 “sumpsimus:
1703 5594 1802 5656 his
1848 5602 2013 5661 notis
2047 5601 2090 5680 ()
2122 5603 2629 5679 interclusimus,
2674 5626 2749 5669 ne
2784 5610 2940 5687 quid
2973 5618 3210 5669 temere
3272 5617 3498 5687 praeter
3538 5611 3737 5671 Graeci
3762 5611 3999 5671 codicis

767 5686 951 5789 tidem
986 5686 1065 5789 de
1130 5695 1346 5748 nostro
1383 5686 1708 5789 addidisse
1739 5690 2127 5758 videremur.
2174 5702 2513 5764 Porsennae
2538 5712 2748 5763 autem
2786 5686 2901 5765 viri
2942 5704 3204 5779 eruditi,
3234 5686 3298 5764 ut
3329 5705 3579 5781 opinor,
3611 5714 3670 5765 rt
3698 5704 4001 5783 oloiuen-

769 5781 845 5842 tis
880 5784 1195 5857 versione,
1232 5791 1297 5845 ut
1333 5781 1601 5845 multum
1666 5801 1698 5847 a
1742 5788 1975 5853 Graecis
2030 5793 2443 5879 discedente,’_
2488 5817 2565 5862 ne
2593 5800 2793 5862 dica=n
2864 5799 3242 5877 plerumque
3276 5802 3655 5878 dissidente,
3725 5812 3794 5866 ut
3829 5781 4002 5885 quae
