4284 6450
762 406 872 472 323
1472 407 1573 467 AD
1608 402 2185 466 THEOPHYLACTI
2222 400 2790 462 EXPOSITIONEM
2831 401 2910 461 ΙΝ
2955 402 3021 463 D.
3062 402 3377 465 PAULUM
3902 407 4006 469 32$

763 529 1049 575 sensus:
1114 512 1530 589 Evangelium
1572 513 1691 573 hoc
1721 528 1848 573 non
1896 528 2039 572 esse
2094 512 2173 570 de
2207 525 2284 569 eo
2335 508 2445 586 qui
2476 519 2718 569 tantum
2757 510 2841 569 sit
2875 509 3089 581 homo,
3147 519 3256 573 aut
3313 521 3559 573 tantum
3623 514 3818 587 Deus,
3884 521 4002 578 sed

765 611 877 686 qui
918 608 1083 667 idem
1113 615 1173 666 et
1218 608 1387 667 Deus
1417 607 1499 667 sit
1528 614 1590 667 et
1630 607 1840 667 homo.
1902 607 2127 666 Eodem
2165 605 2369 682 primo
2400 620 2536 681 cap.
2575 603 2689 673 ibi,
2726 605 2844 665 (‘ui
2874 608 3077 666 servio
3108 609 3178 667 in
3208 609 3447 686 spiritu
3480 628 3611 669 meo
3663 611 3730 672 in
3790 613 4004 673 Evan-

767 707 950 784 gelio,
993 712 1111 763 etc.
1176 704 1265 764 sic
1304 705 1481 781 prius
1512 703 1860 764 habebatur
1890 727 1904 763 :
1945 727 1972 757 α
2004 705 2155 763 Nam
2188 702 2517 763 servitutis
2555 704 2881 780 Evangelii
2915 713 3181 769 conatus
3228 724 3493 770 necesse
3528 709 3739 784 habet,
3778 732 3807 767 ιν
3834 720 3953 774 etc.
3987 730 4005 787 ;

769 818 886 861 nos
943 817 1091 860 vero
1122 800 1357 861 clarius
1390 800 1461 860 ad
1496 798 1667 859 hunc
1697 800 1992 859 modum:
2028 823 2053 851 α
2092 798 2209 859 Cui
2242 797 2413 857 enim
2472 799 2804 875 Evangelii
2840 802 3266 861 annuntiandi
3330 804 3607 864 servitus
3665 813 3759 866 est
3822 824 4005 870 com-

771 898 988 963 missa,
1027 895 1122 955 illi
1166 912 1426 957 necesse
1461 904 1554 954 est
1610 904 1697 965 ut,
1736 919 1762 949 υ
1794 904 1911 954 etc.
1952 897 2022 954 Et
2055 895 2119 954 in
2151 895 2373 955 Glossa
2407 894 2705 972 sequenti
2734 894 2839 954 ubi
2878 895 3003 956 ait:
3042 917 3069 950 α
3112 898 3299 975 Atqui
3334 900 3410 960 D.
3443 900 3679 962 Paulus
3708 902 3861 963 dum
3894 922 4005 966 as-

767 992 953 1051 sidue
988 999 1122 1053 orat
1162 1000 1458 1067 tanquam
1493 992 1759 1051 vidisset
1814 1006 1925 1051 eos
1960 1014 2016 1063 ι,
2050 1000 2196 1061 etc.,
2255 989 2467 1066 potius
2539 990 2751 1051 dicere
2822 991 3069 1066 debuit,
3098 1016 3125 1047 α
3162 994 3471 1057 Cteterum
3532 999 3708 1077 quod
3765 1001 4005 1063 Paulus

767 1090 1169 1149 continenter
1202 1088 1415 1147 orabat
1444 1096 1509 1147 ut
1540 1104 1650 1148 eos
1712 1086 1978 1155 videret,
2011 1087 2147 1146 sive
2187 1086 2402 1146 videre
2433 1086 2857 1165 contingeret,
2891 1105 2964 1148 ex
2996 1087 3266 1151 ferventi
3303 1089 3421 1152 hoc
3459 1091 3763 1156 charitate
3800 1096 4004 1160 facie~

779 1186 877 1242 bat
910 1204 926 1254 ;
968 1209 992 1237 υ
1053 1191 1113 1242 et
1154 1182 1343 1259 paulo
1375 1191 1540 1261 pOst,
1578 1183 1681 1244 ubi
1717 1182 2003 1244 hortatur
2038 1194 2102 1242 ut
2133 1190 2495 1243 constantes
2526 1182 2732 1244 simus
2761 1183 2827 1245 in
2861 1187 3265 1249 orationibus
3298 1189 3559 1263 nostris,
3612 1191 3705 1254 sic
3728 1191 4005 1257 habeba-

770 1289 911 1339 tur:
953 1303 975 1332 α
1013 1281 1231 1358 Neque
1266 1281 1436 1340 enim
1470 1280 1661 1339 Paulo
1692 1296 1914 1339 sumus
1959 1279 2265 1357 potiores,
2291 1279 2538 1357 quipro
2577 1296 2767 1341 cruce
2824 1282 3017 1343 etiam
3083 1298 3198 1344 sua
3257 1284 3647 1347 removenda
3708 1299 4003 1365 precatus

768 1385 888 1435 est.
924 1400 951 1432 η
987 1380 1197 1437 Graece
1254 1385 1463 1437 autem
1524 1376 1753 1438 εἰωοὺ
1786 1386 1894 1455 γάρ
1947 1386 2115 1454 ἐσμεν
2140 1384 2352 1436 Παύλου
2384 1383 2645 1452 βελτίους,
2679 1383 2736 1446 ὃς
2761 1385 2855 1436 καὶ
2896 1386 3035 1454 ὑπὲρ
3077 1386 3171 1440 τοῦ
3214 1387 3474 1451 σκόλοπος
3500 1392 3622 1461 τρὶς
3658 1392 3750 1445 τὶν
3800 1395 4006 1466 Κύριον

768 1483 1129 1551 παρεκάλεσε,
1200 1473 1313 1533 hoc
1344 1480 1459 1543 est,
1500 1496 1525 1525 α
1558 1477 1773 1551 Neque
1836 1472 2005 1532 enim
2044 1474 2236 1531 Paulo
2295 1488 2520 1531 sumus
2564 1472 2889 1545 meliores,
2922 1473 3037 1551 qui
3064 1492 3175 1552 pro
3212 1476 3598 1540 stimuloter
3657 1482 4000 1545 Dominum

770 1581 1061 1647 precatus
1090 1577 1207 1638 est,
1247 1591 1274 1623 ι
1309 1569 1413 1629 ubi
1448 1568 1793 1630 dictionem
1829 1578 1922 1627 ter
1957 1568 2198 1639 omisit,
2238 1584 2381 1644 quea
2415 1568 2823 1646 potissimum
2857 1571 2933 1631 ad
2969 1572 3279 1633 orationis
3302 1577 3721 1638 constantiam
3762 1590 3823 1641 et
3856 1599 4003 1659 per—

770 1666 1192 1724 severentiam
1231 1664 1577 1741 pertinebat
1611 1688 1627 1735 ;
1673 1673 1733 1725 et
1764 1681 2016 1725 crucem
2050 1665 2241 1723 etiam
2277 1679 2388 1739 pro
2445 1680 2462 1723 ε

2309 1679 2388 1723 lr0
2445 1663 2707 1724 stimulo
2766 1666 3000 1743 posuit.
3046 1670 3119 1727 Et
3152 1684 3338 1738 mox,
3392 1681 3567 1751 ὲπὶτῇ
3626 1684 3723 1753 τῆς
3771 1687 4001 1751 πίστεως

768 1769 1026 1827 ἐπιδόσει,
1065 1761 1274 1830 vertit,
1323 1785 1349 1814 ι
1376 1762 1532 1838 Erga
1599 1760 1740 1821 lidei
1770 1759 2441 1831 communicationem,
2469 1781 2493 1813 η
2528 1776 2699 1833 cum,
2736 1782 2765 1815 at
2801 1761 2882 1821 ob
2961 1763 3105 1823 fidei
3153 1764 3644 1841 incrementum,
3682 1795 3709 1826 ι
3790 1775 4003 1851 potius

770 1859 1148 1916 vertemlum
1182 1865 1371 1916 esset.
1413 1858 1644 1917 Eodem
1685 1856 1889 1932 primo
1923 1854 2153 1931 capite,
2184 1854 2250 1914 in
2301 1854 2487 1929 illud,
2536 1857 3055 1932 Quemadmodum
3082 1872 3138 1921 et
3170 1863 3236 1921 in
3266 1865 3530 1944 reliquis
3551 1868 3859 1945 gentibus,
3917 1875 4000 1936 ita

769 1955 1141 2031 scripserat:
1172 1976 1197 2005 «
1222 1954 1862 2013 Committensautem
1884 1952 2081 2029 ipsos,
2104 1952 2338 2029 inquit,
2363 1955 2905 2031 quemadmodum
2923 1957 3058 2018 etin
3089 1960 3359 2037 reliquis
3384 1964 3707 2039 gentibus.
3732 1988 3759 2019 ιι
3784 1970 3985 2025 Semel

770 2062 875 2111 λων
924 2061 980 2111 δὲ
1032 2059 1123 2109 καὶ
1180 2058 1398 2120 αὐτοὺς,
1454 2060 1607 2127 φησὶ,
1676 2050 1880 2116 καθώς.
1938 2057 2079 2117 etc.,
2139 2050 2257 2109 hoc
2315 2058 2431 2117 CSt,

2315 2058 2431 2117 est,
2497 2072 2524 2103 α
2562 2050 2822 2111 Illorum
2895 2061 3109 2113 autem
3167 2053 3398 2117 fastum
3472 2060 3660 2121 etiam
3721 2063 4000 2139 compri-

774 2165 975 2216 mens,
1032 2145 1267 2221 inquit.
1320 2146 1886 2221 quemadmodum,
1934 2155 2112 2203 nete.
2170 2145 2354 2215 Quod
2409 2145 2577 2205 enim
2632 2148 2723 2205 sic
2800 2146 3075 2225 intelligi
3147 2151 3393 2224 uibrat,
3459 2156 3615 2215 satis
3680 2157 4002 2221 declarari

771 2255 1131 2320 sequentia.
1200 2244 1429 2299 liodem
1506 2241 1739 2315 capite,
1814 2241 1917 2298 ubi
1983 2243 2255 2315 ωίιιιὶςίιι
2330 2240 2534 2301 locum
2596 2245 2807 2303 Pauli:
2877 2244 3165 2305 Tradidit
3199 2265 3301 2306 eos
3358 2252 3425 2309 in
3471 2251 3802 2325 desideria,
3850 2266 4000 2329 etc.,

772 2339 857 2399 ibi
934 2338 1444 2414 'l‘lieophylactus
1508 2344 1725 2401 notat.
1780 2336 1973 2395 tradit
2048 2335 2199 2405 dici,
2274 2355 2383 2411 pro
2440 2338 2668 2397 deserit
2721 2356 2856 2411 eos,
2915 2349 2976 2400 et
3031 2344 3364 2419 permittit.
3441 2348 3787 2410 Lonicerus
3850 2369 4003 2413 vero

775 2458 885 2516 ,ιι-υ
942 2448 1033 2496 και
1078 2445 1163 2513 ἐᾷ,
1216 2437 1272 2494 με
1328 2444 1445 2505 εει,
1501 2444 1555 2494 et
1612 2435 1943 2510 permittit,
2014 2442 2334 2507 posuerat,
2391 2433 2622 2492 amice:
2692 2433 2889 2511 idque
2967 2435 3237 2497 fortasse
3307 2439 3388 2499 ob
3449 2442 3785 2519 scripturis
3832 2446 4000 2509 (ΠίῙὶ-

774 2536 1070 2594 cn!tatem
1112 2553 1127 2607 ;
1172 2539 1329 2593 mire
1394 2532 1566 2591 enim
1634 2532 1837 2589 scriba
1864 2547 1888 2580 ε
1922 2547 2063 2588 cum
2092 2551 2127 2587 α.
2156 2530 2393 2589 calamo
2453 2529 2649 2590 veluti
2688 2529 3055 2591 luxuriante
3113 2534 3559 2611 conjunxerat,
3590 2539 3866 2618 ideoque
3899 2543 4002 2605 in-

773 2642 1015 2708 terpres
1047 2633 1120 2691 ad
1177 2640 1343 2698 ὼτάν,
1379 2646 1487 2705 pro
1516 2630 1560 2687 ὡ
1590 2637 1716 2688 ὲτάν
1752 2626 1906 2687 forte
1939 2627 2242 2703 reSpexit.
2288 2628 2442 2687 Item
2500 2626 2691 2703 paulo
2724 2635 2861 2702 post
2897 2645 3039 2688 cum
3077 2631 3345 2692 declarat
3376 2635 3549 2709 quod
3583 2634 3729 2697 aliis
3778 2638 4005 2715 impel-

773 2727 1047 2786 lentibus
1114 2744 1237 2786 non
1293 2725 1628 2784 habuerint
1681 2741 1842 2797 opus
1880 2740 1893 2777 :
1937 2722 2109 2781 «Sed
2166 2722 2313 2797 ipsi,
2373 2722 2604 2798 inquit,
2664 2739 2733 2782 se
2766 2724 3154 2786 contumelia
3191 2727 3564 2791 affecerunt.
3613 2733 4000 2810 Hujusmodi

772 2824 942 2882 enim
970 2832 1117 2883 sunt
1153 2822 1383 2898 impuri
1425 2821 1515 2879 illi
1552 2820 1854 2889 all‘ectus;
1909 2843 1933 2871 ››
1973 2819 2078 2878 ubi
2105 2820 2290 2894 longe
2327 2817 2448 2877 alia
2482 2818 2661 2894 prius
2695 2818 3043 2881 habebatur
3070 2825 3411 2897 sententia,
3447 2835 3516 2887 ut
3548 2829 3737 2889 etiam
3765 2828 3825 2891 in
3858 2848 4002 2891 mox

773 2920 1225 2994 sequentibus,
1271 2919 1379 2981 ibi.
1407 2917 1581 2976 Sicut
1619 2934 1741 2974 non
1770 2915 2194 2992 probaverunt
2221 2916 2649 2975 Deumhabere
2680 2916 2747 2975 in
2772 2918 3040 2987 notitia;
3081 2920 3191 2980 ubi
3231 2921 3783 3002 TheOphylactus:
3824 2949 3853 2982 cr
3902 2931 4004 2991 ln-

764 3015 960 3093 juria,
1016 3014 1245 3092 inquit,
1286 3032 1407 3091 qua
1456 3016 1657 3073 Deum
1694 3014 2066 3078 atl'eccrunl,
2098 3027 2224 3070 non
2282 3028 2357 3070 ex
2409 3010 2765 3087 ignorantia
2828 3018 3160 3089 processit,
3215 3018 3324 3079 sed
3377 3035 3409 3078 a
3467 3022 3882 3085 meditatione
3939 3035 4001 3087 et

773 3111 1013 3182 studio,
1045 3133 1071 3165 ι
1111 3112 1198 3170 uti
1236 3130 1348 3171 nos
1385 3109 1803 3169 restituimus.
1872 3107 1994 3179 Qui
2041 3106 2218 3182 plura
2254 3105 2419 3165 volet
2454 3107 2517 3166 in
2566 3108 2684 3168 hoc
2724 3113 2951 3169 eodem
3020 3113 3224 3187 primo
3254 3115 3457 3192 capite
3488 3119 3822 3179 emendata
3885 3137 4003 3181 no-

772 3215 927 3277 tare,
963 3208 1021 3265 id
1051 3225 1125 3267 ex
1164 3209 1500 3283 utriusque
1540 3206 1880 3265 collatione
1930 3206 2109 3264 facile
2147 3204 2397 3280 poterit.
2434 3206 2561 3263 Nec
2608 3203 2668 3263 id
2717 3213 2923 3264 tamen
2949 3207 3116 3278 dico,
3169 3217 3236 3268 ut
3274 3207 3581 3271 Lonicero
3630 3210 3997 3273 detraham:

775 3307 1120 3379 plurimum
1178 3304 1347 3363 enim
1380 3304 1469 3361 illi
1517 3302 1750 3362 debere
1786 3320 1881 3361 me
1948 3303 2225 3377 ingenue
2284 3299 2665 3360 l'ateor:nisi
2701 3300 2870 3360 enim
2904 3300 3112 3377 ipsius
3172 3304 3468 3365 versione
3496 3303 3763 3367 fuissem
3820 3310 4000 3387 adju-

774 3410 896 3469 tus,
934 3400 1097 3459 haud
1133 3398 1315 3459 facile
1351 3399 1674 3475 plerisque
1714 3398 1775 3457 in
1807 3396 1960 3457 locis
2002 3404 2396 3474 pervetustos
2428 3397 2817 3457 characteres
2861 3399 3289 3474 agnovissem,
3328 3408 3396 3460 ut
3434 3400 3687 3461 interim
3716 3403 3794 3462 de
3829 3405 4003 3478 ipso—

774 3516 911 3556 rum
948 3498 1140 3573 ﬁgura
1176 3496 1330 3555 mihi
1375 3495 1639 3573 quidem
1678 3496 1931 3554 insueta
1959 3494 2185 3553 sileam
2229 3512 2245 3560 ;
2282 3493 2393 3552 sed
2460 3509 2539 3551 ne
2591 3490 2892 3563 studiosi,
2939 3500 3005 3551 ut
3042 3493 3353 3566 diximus,
3392 3496 3444 3555 si
3484 3503 3588 3555 aut
3646 3508 3999 3573 pauca,aut

772 3596 1021 3654 nullius
1053 3594 1354 3654 momenti
1418 3593 1549 3651 loca
1608 3591 1711 3650 hic
1761 3592 2092 3651 emendata
2152 3589 2355 3649 fuisse
2414 3595 2658 3665 putent,
2688 3604 2765 3647 eo
2797 3586 3009 3648 fructu
3073 3590 3429 3664 priventur,
3490 3608 3679 3668 quem
3738 3611 3819 3652 (ιι
3885 3593 3997 3657 hac

775 3690 1029 3767 rewgni
1068 3690 1214 3749 ione
1245 3688 1419 3767 ipsos
1452 3697 1547 3748 σὺν
1572 3695 1690 3763 θεῷ
1721 3694 2179 3747 consecuturos
2210 3702 2569 3764 speramus.
2595 3688 2751 3747 Sunt
2782 3684 3051 3747 fortasse
3081 3690 3388 3750 nonnulla
3429 3709 3574 3767 quas
3603 3696 3996 3770 typographo

775 3787 985 3860 potius
1018 3802 1206 3865 quam
1248 3785 1579 3862 interpreti
1614 3783 1987 3843 ascribenda
2021 3791 2196 3852 sunt,
2225 3791 2293 3842 ut
2324 3782 2495 3860 quod
2529 3781 2843 3842 Christum
2888 3797 3000 3857 pro
3024 3800 3267 3841 crucem
3297 3797 3738 3863 expresserat;
3770 3791 3879 3849 sed
3914 3806 3995 3852 ne

770 3881 1097 3942 fastidium
1159 3880 1420 3957 pariam,
1457 3896 1527 3941 ea
1564 3896 1707 3939 cum
1768 3878 2091 3956 plerisque
2123 3878 2264 3937 aliis
2328 3886 2672 3955 prmtereo:
2722 3877 2996 3952 ideoque
3032 3896 3107 3937 ex
3132 3878 3278 3939 aliis
3333 3883 3649 3958 capitibus
3695 3887 3992 3959 pauciora

776 3976 896 4035 huc
932 3975 1369 4036 ll'allSt'l'tttillll.
1402 3976 1616 4051 Capite
1659 3975 1943 4033 secundo
1976 3976 2038 4032 in
2079 3973 2235 4032 illud
2265 3974 2466 4046 Pauli,
2504 3973 2625 4047 Qui
2656 3975 2855 4050 igitur
2883 3973 3071 4032 alium
3101 3973 3301 4046 doces,
3337 3981 3597 4055 teipsum
3634 3997 3756 4038 non
3780 3980 3991 4054 ἀοι-ες,

771 4073 892 4131 ibi:
935 4097 965 4126 α
1002 4075 1060 4131 Si
1113 4089 1384 4148 namque
1418 4081 1661 4148 gentes,
1701 4092 1728 4123 ι)
1755 4078 1871 4130 etc.
1899 4070 2169 4129 multum
2199 4074 2276 4129 ab
2321 4072 2595 4129 auctoris
2636 4082 2841 4128 mente
2873 4071 3164 4129 aberrare
3223 4076 3492 4144 vnletur,
3533 4085 3592 4134 et
3636 4078 3824 4151 paulo
3848 4090 3992 4140 ante

772 4173 1026 4248 negatio
1059 4187 1182 4229 non
1226 4167 1428 4229 fuerat
1458 4169 1737 4239 omissa;
1768 4166 1919 4226 etin
1954 4166 2161 4244 glossa
2187 4166 2508 4240 sequenti,
2547 4178 2682 4240 post
2724 4167 2840 4223 ista
2879 4167 3090 4236 verba,
3121 4167 3235 4226 Sin
3260 4170 3485 4235 minus.
3521 4171 3637 4231 ista
3666 4174 3992 4232 desidera-

771 4269 996 4326 bantur
1022 4287 1036 4324 :
1064 4266 1203 4327 Non
1236 4264 1425 4333 dixit,
1459 4263 1600 4325 Non
1627 4268 1905 4342 prodest,
1936 4281 2011 4321 ne
2038 4264 2233 4340 ipsam
2248 4260 2616 4320 contumelia
2632 4260 2874 4336 afﬁcere
2902 4262 3208 4333 videatur,
3240 4262 3345 4321 sed
3367 4262 3650 4323 Iudicum
3668 4284 3736 4324 ea
3767 4268 3987 4339 nudat,

769 4362 1013 4421 dicens:
1050 4384 1074 4414 α
1108 4361 1544 4428 Circumcisio,
1580 4364 1863 4425 s‘etc..et
1897 4375 2040 4419 mox
2067 4358 2173 4417 ubi
2213 4360 2341 4417 duo
2370 4357 2669 4431 pra‘putia
2703 4357 3049 4433 posuisset,
3085 4374 3284 4417 unum
3318 4361 3671 4421 secundum
3708 4380 3986 4433 carnem,

768 4460 1037 4515 alterum
1069 4457 1421 4515 secundum
1455 4454 1753 4532 spiritum
1788 4453 1924 4514 sive
1962 4452 2376 4525 voluntatem,
2410 4455 2486 4513 de
2529 4454 2645 4514 hoc
2703 4454 3060 4527 posteriore
3122 4452 3415 4531 loquens,
3475 4458 3569 4518 sic
3630 4460 3989 4520 reddiderat

770 4551 1142 4611 Lonirerus:
1199 4574 1225 4605 α
1260 4550 1416 4622 Quas
1444 4567 1585 4611 sese
1620 4550 1847 4610 habent
1872 4549 1962 4610 uti
2001 4558 2558 4610 commemoratum
2612 4559 2727 4618 est,
2768 4549 3023 4627 quando
3059 4548 3216 4608 nihil
3256 4551 3602 4611 carnalium
3639 4555 3979 4630 quisquam

766 4649 1107 4708 altertuutn
1142 4648 1500 4717 habuerint,
1544 4647 1743 4723 utqui
1796 4647 1925 4707 sint
1966 4646 2235 4706 ablati.»
2312 4649 2458 4715 Graii

2312 4649 2518 4715 Grmca
2587 4660 2733 4704 vero
2766 4645 2857 4705 sic
2913 4642 3180 4703 habent:
3220 4645 3377 4709 Ἤτις
3424 4651 3591 4708 ἐστὶν,
3621 4648 3695 4711 ὡς
3740 4650 3984 4717 εἴρηται.

764 4753 891 4803 ὅταν
922 4770 1004 4814 τις
1026 4752 1192 4821 μηδὲν
1218 4750 1456 4819 ἕχειτῶν
1487 4750 1764 4819 σαρκικῶν
1791 4750 1978 4803 παθῶν
2012 4750 2435 4821 περιῃρημένα-δ’
2478 4741 2586 4801 ubi
2625 4741 2818 4800 dictio
2848 4740 2988 4809 ἣτις.
3046 4739 3238 4799 refert
3299 4745 3663 4815 ἀκροϐυστίαν
3690 4748 3751 4797 ὲκ
3798 4768 3985 4820 ιιτροειι⁴

770 4841 991 4908 ρέσεως.
1046 4855 1189 4913 qua:
1218 4855 1333 4897 nos
1364 4838 1457 4897 sic
1513 4837 1934 4907 restituimus,
1977 4840 2146 4916 quod
2176 4838 2437 4915 quidem
2489 4844 2604 4904 est,
2640 4844 2707 4896 ut
2732 4836 2968 4895 dictum
2994 4841 3112 4904 est,
3146 4836 3406 4909 quando
3437 4834 3585 4911 quis
3629 4841 3982 4901 carnalium

764 4938 1105 4995 all'ectuum
1131 4934 1377 4994 nullum
1410 4933 1597 4994 habet
1624 4932 2070 4994 circumcisum
2112 4943 2220 4993 aut
2253 4940 2679 5008 amputatum;
2749 4946 2890 5008 quae
2920 4930 3234 4990 sententia
3270 4927 3432 4989 belle
3459 4930 3611 4993 huic
3644 4930 3780 4994 loco
3830 4952 3987 4992 con-

766 5042 960 5101 vemt,
1009 5030 1110 5090 cui
1148 5030 1319 5108 prior
1344 5030 1833 5103 contradicebat,
1870 5032 2084 5091 etsub
2146 5031 2329 5090 tinem
2391 5028 2582 5104 hujus
2640 5025 2861 5103 capitis
2918 5024 2995 5083 ab
3064 5023 3343 5085 auctoris
3367 5034 3598 5095 mente,
3666 5028 3725 5086 ni
3775 5030 3983 5101 fallor,

765 5129 1033 5188 multum
1077 5126 1424 5187 aberrabat.
1460 5126 1580 5187 Sed
1617 5126 1873 5205 longum
1898 5134 2066 5185 esset
2106 5124 2357 5203 singula
2389 5124 2588 5199 capita
2622 5129 2954 5189 excutere;
2990 5120 3065 5181 ad
3096 5130 3347 5181 sextum
3414 5123 3605 5199 igitur
3668 5127 3979 5185 transitio.

764 5228 832 5285 In
866 5224 1023 5284 illtid
1056 5223 1278 5283 Pauli:
1313 5222 1453 5283 Non
1512 5234 1727 5300 regnet
1756 5235 2074 5298 peccatum
2112 5221 2177 5279 in
2200 5219 2467 5284 mortali.
2500 5226 2646 5287 etc.,
2704 5217 2813 5276 ubi
2852 5215 3100 5276 extollit
3155 5216 3385 5276 Christi
3449 5221 3734 5294 gratiam,
3775 5221 3865 5279 sic
3896 5226 3983 5282 ait

765 5318 1317 5397 'l‘beOphylactus:
1355 5340 1383 5371 σι
1421 5320 1637 5395 ltaque
1666 5334 1897 5393 corpus
1925 5333 2038 5375 sua
2074 5325 2288 5374 natura
2327 5315 2489 5375 haud
2561 5324 2768 5383 nocet,
2829 5315 2936 5372 sed
2989 5311 3248 5373 obedire
3300 5323 3572 5389 peccato,
3613 5314 3768 5376 illud
3832 5335 3980 5377 vero

765 5415 1108 5491 plurimum
1142 5419 1341 5473 obest.
1376 5412 1648 5471 Observa
1682 5411 1782 5472 hic
1803 5410 2033 5471 Chrisii
2069 5412 2355 5487 gratiam,
2386 5411 2707 5487 quomodo
2740 5410 2932 5468 Adam
2960 5410 3251 5485 peccarit,
3281 5425 3424 5469 cum
3462 5416 3663 5470 tamen
3692 5412 3977 5473 nondum

765 5511 1022 5570 mortale
1055 5526 1283 5583 corpus
1315 5510 1567 5568 haberet
1607 5525 1620 5562 :
1660 5526 1773 5566 nos
1802 5526 1949 5568 vero
1998 5509 2057 5566 in
2096 5508 2336 5567 mortali
2364 5522 2626 5581 corpore
2681 5517 3004 5583 peccatum
3063 5504 3377 5565 vincimus
3412 5515 3471 5565 et
3532 5523 3978 5584 superamus.»

765 5609 1081 5667 Hactenus
1112 5605 1393 5666 auctoris
1429 5606 1612 5665 verba
1649 5604 1724 5664 ad
1767 5607 2052 5664 Grtecum
2111 5604 2435 5680 exemplar
2494 5605 2810 5673 restituta,
2866 5620 3011 5680 qute
3057 5605 3235 5681 prius
3282 5603 3467 5683 longe
3504 5605 3817 5666 diversam
3871 5616 3979 5667 aut

762 5701 1136 5761 contrariam
1181 5717 1305 5777 prie
1338 5718 1405 5760 se
1439 5698 1725 5760 ferebant
1756 5701 2157 5769 sententiam,
2225 5709 2330 5759 aut
2370 5702 2757 5761 conferendo
2794 5698 3065 5776 patebit;
3092 5698 3261 5776 quod
3306 5699 3588 5760 sitamcn
3620 5703 3692 5761 ad
3720 5702 3975 5761 alteram

764 5799 1108 5858 editionem
1171 5815 1500 5859 recurrere
1537 5799 1845 5874 graveris,
1892 5797 1976 5857 ibi
2028 5804 2100 5855 ad
2160 5796 2351 5855 istum
2423 5796 2816 5856 SCI‘ttH'tu’Hlll‘
2876 5796 3170 5856 modum:
3215 5820 3241 5849 '(
3274 5798 3487 5874 ltaque
3520 5817 3747 5874 corpus
3809 5797 3973 5857 haud
