4284 6450
257 384 367 446 325
1594 371 2168 434 PRIEFATIONES.
3411 374 3521 437 δρα

259 499 446 555 nocet
476 496 739 558 naturae,
770 486 879 545 sed
914 482 1479 560 obedirepeccato,
1514 483 1672 544 illud
1713 499 1863 544 vero
1905 485 2257 561 plurimum
2294 486 2497 545 obest.
2530 486 2815 545 Observa
2840 487 2941 547 hic
2980 488 3214 547 Christi
3250 493 3518 564 gratiam

257 586 587 669 quomodo
618 584 819 646 Adam
888 581 1183 660 peccarit,
1218 596 1361 641 cum
1400 590 1605 641 tamen
1644 579 1931 641 nondum
1993 582 2260 641 mortale
2295 599 2529 658 corpus
2568 581 2852 653 haberet,
2911 601 3027 645 nos
3063 603 3213 646 vero
3278 587 3338 647 in
3388 606 3526 649 cor-

262 703 414 765 pore
461 678 712 743 mortali
750 686 1007 758 peccato
1039 674 1820 754 exuberamus,adeoque
1857 676 1918 736 in
1962 678 2235 753 peciatis
2277 679 2622 739 nascimur.
2668 701 2695 733 ιι
2732 680 2924 740 \‘ides
2966 683 3212 749 Lector.
3258 694 3325 745 ut
3356 685 3524 745 haud

249 790 432 843 nocet
464 788 731 850 natura,
767 792 881 856 pro
914 794 1026 835 sua
1076 782 1311 835 natura
1350 772 1518 835 haud
1563 783 1777 841 nocet;
1811 781 1893 843 et,
1925 784 2180 850 peccato
2214 774 2651 846 exuberamus,
2687 791 2799 851 pro
2830 787 3152 852 peccatum
3190 780 3521 855 vincimus,

248 876 490 939 dixerit
532 872 793 935 diverso
830 881 893 933 et
917 870 1238 934 contrario
1291 871 1534 932 sensu?
1565 869 1782 947 Capite
1818 869 2010 931 etiam
2043 870 2343 949 sequenti
2375 870 2436 929 in
2468 871 2923 931 annotatioue:
2960 874 3040 931 Et
3063 874 3378 933 inventum
3402 889 3515 949 est,

248 974 433 1050 [item
466 971 531 1033 in
562 968 709 1044 alia,
744 968 928 1030 Nunc
958 977 1162 1027 autem
1179 967 1313 1047 jam
1336 985 1463 1026 non
1493 983 1601 1044 ego
1630 967 1882 1044 operor]
1924 966 2121 1029 fmdos
2165 970 2378 1044 lapsus
2412 966 2859 1042 deprehendes
2892 967 2946 1027 si
2983 972 3275 1031 conferre
3317 974 3517 1048 lubet,

250 1079 323 1132 ut
361 1077 423 1130 et
454 1084 591 1146 cap.
618 1084 709 1137 ix,
759 1083 823 1126 xi
863 1073 924 1126 et
959 1082 1091 1125 xm.
1140 1064 1208 1124 In
1246 1062 1365 1124 huc
1396 1062 1504 1123 ubi
1562 1061 1796 1124 Paulus
1829 1064 1953 1124 ait:
1985 1062 2058 1123 Ut
2096 1063 2163 1121 in
2195 1062 2291 1122 die
2322 1063 2575 1123 honeste
2606 1061 3011 1125 ambulemus.
3048 1066 3139 1125 lhi
3177 1068 3521 1148 'l‘heOphy-

252 1169 459 1228 lactus
523 1164 601 1225 de
635 1161 942 1225 Romanis
973 1161 1239 1223 honoris
1273 1167 1334 1221 et
1368 1158 1593 1238 gloria)
1623 1160 1936 1221 studiosis

1826 1161 1936 1220 isis
1964 1160 2081 1221 hoc
2112 1162 2302 1220 modo
2331 1159 2597 1219 scribit:
2650 1158 2868 1229 Ἐπειδὴ
2928 1165 3035 1229 γὰρ
3100 1163 3269 1226 πολὺς
3334 1167 3518 1229 αὐτοῖς

247 1266 353 1333 τῆς
382 1261 534 1332 παρὰ
566 1259 673 1314 τῶν
702 1258 912 1311 πολλῶν
950 1256 1109 1325 δόξης
1146 1260 1174 1309 ὁ
1202 1256 1379 1324 λόγος,
1405 1257 1692 1324 ἐφέλκεται
1721 1257 1917 1320 αὐτοὺς

1803 1258 1917 1320 τοὺς
1960 1257 2067 1310 ἀπὸ
2106 1257 2208 1323 τῆς
2233 1257 2673 1325 εὑσιημοπύνης,
2721 1249 2840 1311 hoc
2865 1259 2983 1319 est,
3019 1272 3044 1294 α
3081 1252 3495 1330 Quandoqui-

253 1354 402 1413 dem
441 1352 559 1425 ipsi
600 1348 773 1427 vulgi
807 1346 1073 1425 gloriam
1106 1344 1242 1408 sive
1277 1344 1613 1418 honorem,
1644 1345 1752 1423 qui
1788 1362 1818 1406 a
1858 1346 2080 1405 multis
2107 1344 2478 1413 exhibetur,
2521 1347 3038 1423 niagnit'acerent,
3086 1347 3163 1405 ab
3190 1348 3519 1411 honestate

252 1466 369 1510 eos
401 1447 647 1518 allicit;
687 1467 714 1499 ιο
750 1447 927 1521 prius
958 1450 1171 1504 autem
1203 1442 1295 1501 sic
1328 1442 1651 1502 redditum
1692 1441 1929 1503 fuerat:
1961 1464 1987 1495 «
2026 1441 2181 1502 Cum
2208 1443 2377 1501 enim
2412 1440 2532 1517 ipsi
2578 1444 2842 1503 ltoniani
2883 1444 3078 1504 multa
3122 1445 3307 1504 verba
3342 1444 3516 1506 face-

256 1552 425 1616 rent,
464 1570 489 1597 »
520 1551 665 1616 etc.,
714 1541 825 1603 ubi
850 1541 1015 1603 πολὺς
1052 1541 1228 1609 λόγος,
1268 1554 1393 1598 ηοη
1422 1541 1620 1599 multa
1674 1540 1884 1612 verba,
1916 1540 2027 1602 sed
2059 1540 2321 1600 multam
2368 1557 2610 1611 curam,
2649 1543 2960 1603 rationem
2996 1543 3132 1602 sive
3160 1552 3517 1620 reSpectum

259 1643 499 1703 habere
551 1639 772 1719 glorim
798 1645 858 1698 et
889 1653 1061 1697 aura}
1115 1636 1442 1712 potiularis
1477 1638 1689 1713 potius
1722 1639 2058 1717 significat.
2093 1637 2341 1699 Deinde
2381 1640 2552 1717 quod
2618 1641 2942 1717 adjectum
3006 1649 3125 1710 est,
3158 1663 3185 1695 ‹‹
3211 1640 3521 1705 abstrahit

258 1757 372 1801 eos
405 1738 484 1799 ab
515 1753 587 1798 ea
619 1732 1292 1812 gloriaturpitudiue,
1330 1755 1357 1787 n
1400 1733 1672 1794 multum
1700 1744 1831 1796 erat
1864 1752 1895 1797 a
1941 1734 2119 1796 Pauli
2167 1742 2226 1793 et
2260 1734 2723 1812 'l'heOphylacti
2791 1737 3122 1814 preposito
3188 1739 3519 1815 alienum;

259 1836 563 1911 suspicor
593 1833 1009 1909 interpretem
1045 1828 1449 1889 existimasse
1486 1845 1598 1906 pro
1626 1831 1951 1901 εὖσχημοσύ

1824 1833 2045 1901 tostivo
2080 1828 2422 1908 legendum
2448 1848 2590 1892 esse
2630 1835 3037 1905 ἀσχημοσύνης.
3080 1832 3211 1893 Sub
3245 1851 3315 1894 ea
3342 1838 3516 1895 enim

257 1933 544 1993 dictione
583 1931 768 1990 ducta
800 1932 933 1988 erat
963 1925 1159 1999 linea,
1196 1923 1382 2003 quasi
1420 1932 1717 2003 suspecta
1744 1933 1910 1985 esset
1960 1926 2294 2005 scriptura,
2330 1944 2475 2006 qua)
2518 1937 2726 1989 tamen
2781 1926 2944 1989 belle
2985 1929 3195 2002 habet,
3255 1939 3323 1992 ut
3377 1949 3524 2011 quas

258 2030 533 2090 Paulino
566 2024 770 2088 textui
808 2022 1179 2101 respondet,
1235 2021 1340 2080 ubi
1394 2023 1774 2091 εὐσχημόνως.

341 2132 464 2193 Sed
518 2132 595 2191 de
642 2130 755 2189 hac
793 2143 916 2187 una
965 2125 1136 2186 Pauli
1190 2124 1475 2203 Epistola
1543 2126 1814 2184 nimium
1851 2126 2089 2197 multa;
2136 2128 2430 2204 pauciora
2465 2129 2661 2206 igitur
2693 2146 2773 2189 ex
2816 2131 3085 2208 reliquis
3118 2131 3377 2193 afferam
3409 2154 3425 2204 ;
3459 2144 3521 2195 et

260 2245 342 2289 ne
373 2226 636 2304 longius
669 2225 997 2297 abeamus,
1030 2222 1219 2282 initio
1254 2219 1559 2298 Episton
1588 2222 1944 2294 sequentis,
1980 2224 2085 2282 ubi
2127 2226 2364 2285 Paulus
2398 2224 2508 2297 ait,
2546 2225 2669 2284 Per
2698 2226 3077 2285 voluntatem
3106 2228 3239 2293 Dei.
3277 2228 3337 2288 in
3373 2246 3519 2288 eum

259 2327 474 2386 lucum
519 2324 869 2383 Lonicerus
908 2337 919 2379 :
963 2344 992 2376 α
1027 2319 1479 2380 Animadverte
1528 2317 1627 2376 hic
1666 2320 1921 2378 deitatis
1954 2320 2330 2380 vocabulum
2365 2321 2439 2381 ad
2484 2324 2724 2381 Patrem
2763 2324 3125 2398 pertinere;
3164 2347 3189 2377 υ
3224 2325 3506 2401 egregia,

260 2422 511 2482 Scilicet
545 2418 1049 2489 animadversio,
1101 2414 1287 2492 quasi
1342 2431 1490 2475 vero
1528 2432 1798 2491 usquam
1846 2427 2135 2492 negarint
2173 2417 2393 2477 Ariani
2446 2416 2701 2477 deitatis
2740 2420 3120 2479 vocabulum
3160 2422 3233 2478 ad
3272 2422 3518 2481 Patrem

265 2517 617 2593 pertinere.
663 2514 877 2574 Graeca
921 2513 1014 2573 sic
1057 2512 1295 2573 habent
1339 2534 1353 2571 :
1405 2519 1717 2588 Σημείωσαι
1744 2518 1799 2570 δὲ
1835 2522 1957 2583 τὸ,ὲ

1835 2522 1911 2583 τὸ,
1942 2521 2039 2574 διὰ
2075 2524 2164 2574 ἐπὶ
2198 2525 2409 2593 Harpe;
2443 2526 2714 2590 κείμενον,
2757 2514 2874 2575 hoc
2904 2528 3023 2583 est,
3065 2539 3093 2571 α
3122 2517 3275 2577 Nota
3309 2527 3521 2577 autem

266 2614 429 2675 hanc
456 2613 803 2673 dictionem
834 2627 948 2687 per
980 2608 1141 2671 Patri
1175 2607 1557 2685 appositam,
1586 2630 1613 2661 ››
1649 2608 1782 2667 sive
1812 2611 1889 2667 de
1922 2615 2101 2671 Patre
2134 2614 2277 2673 dici.
2316 2612 2423 2672 Ubi
2465 2612 2761 2689 'l‘he0phj
2787 2614 2984 2671 lactus
3018 2623 3232 2673 contra
3257 2616 3522 2675 Arianos

268 2712 443 2772 hunc
478 2710 689 2771 locum
732 2704 997 2785 profert,
1049 2703 1383 2765 declarans
1429 2705 1604 2783 quod
1644 2705 1772 2765 haec
1806 2709 2170 2782 praepesitio
2208 2726 2343 2785 per,
2383 2708 2884 2767 diminutionem
2927 2725 3053 2769 non
3098 2708 3418 2783 importet,
3456 2720 3522 2770 ut

270 2809 393 2885 ipsi
432 2806 728 2867 volebant
763 2826 777 2864 :
810 2819 954 2865 cum
987 2803 1179 2863 etiam
1211 2800 1317 2863 hic
1342 2810 1703 2880 apponatur
1740 2802 1927 2872 Patri,
1954 2802 2063 2862 ubi
2096 2804 2333 2863 dicitur
2368 2821 2481 2881 per
2517 2804 2901 2862 voluntatem
2936 2806 3065 2876 Uei,
3092 2813 3158 2865 ut
3194 2806 3407 2865 fusius
3435 2807 3525 2871 ait

270 2908 441 2966 idem
472 2902 991 2981 Tlieophylactus
1025 2901 1087 2961 in
1122 2916 1270 2960 eum
1302 2898 1511 2961 locum
1549 2901 1839 2971 Joannis,
1875 2898 2096 2959 Omnia
2124 2918 2238 2978 per
2270 2902 2475 2977 ipsum
2507 2903 2677 2979 facta
2714 2912 2889 2971 sunt,
2928 2902 3034 2960 ubi
3091 2903 3312 2961 Ariani
3352 2905 3523 2963 vole-

268 3005 423 3066 bant
471 3000 709 3062 Filium
754 2997 963 3060 facere
1015 2999 1195 3059 Patre
1234 2996 1579 3069 minorem,
1612 2996 1782 3074 quod
1824 3014 1931 3073 per
1969 2999 2176 3073 ipsum
2218 3002 2383 3058 sicut
2426 3016 2537 3076 per
2572 2998 3077 3058 instrumentum
3116 3009 3225 3059 aut
3258 3018 3519 3061 servum

268 3103 453 3161 Pater
483 3098 604 3159 alia
629 3096 885 3157 fecisset
923 3117 938 3156 :
968 3103 1185 3157 contra
1214 3109 1377 3174 quos
1408 3093 1493 3154 ibi
1531 3095 1789 3155 adducit
1824 3094 1989 3153 hunc
2024 3094 2233 3170 ipsum
2269 3095 2506 3166 locum,
2543 3094 2663 3152 Per
2687 3095 3071 3153 voluntatem
3101 3095 3248 3160 Dei;
3278 3108 3337 3155 et
3369 3097 3519 3155 item

269 3196 470 3258 alium
521 3214 602 3255 ex
636 3194 754 3253 hoc
784 3193 1009 3254 eodem
1050 3193 1255 3269 capite
1306 3209 1320 3251 :
1366 3191 1602 3252 Fidelis
1640 3192 1801 3251 Deus
1834 3209 1949 3266 per
1978 3210 2152 3268 quem
2198 3192 2401 3251 uocati
2435 3210 2645 3250 sumus
2692 3193 2757 3251 in
2797 3201 3154 3251 serietatem
3195 3193 3353 3253 Filii
3395 3194 3522 3265 sui,

271 3292 384 3355 ubi
436 3290 633 3368 dictio
675 3307 817 3367 per,
862 3288 1290 3366 Patrijuncta,
1336 3305 1738 3367 nequaquam
1791 3288 2103 3366 signiticet
2155 3288 2399 3347 Patrem
2448 3286 2612 3346 Filio
2669 3288 3010 3348 minorem.
3074 3289 3258 3347 Hunc
3310 3291 3520 3349 locum

270 3387 575 3465 pluribus
625 3385 882 3445 tractavi
944 3384 1116 3463 quod
1173 3384 1501 3460 plerisque
1553 3384 1994 3444 subobscurus
2050 3386 2415 3455 videretur,
2469 3395 2529 3444 et
2588 3401 2617 3443 a
2677 3385 2985 3444 Lonicero
3033 3384 3296 3463 quidem
3359 3388 3523 3446 male

274 3501 526 3556 versus,
565 3492 631 3542 ut
663 3484 771 3561 qui
808 3500 885 3541 ex
923 3484 1375 3559 praepositione
1408 3490 1503 3543 διά
1533 3483 1837 3542 deitatem
1877 3479 2147 3551 fecerit;
2181 3497 2210 3538 a
2257 3483 2578 3540 Porsenna
2623 3496 2770 3540 vero
2818 3480 3004 3556 plane
3041 3483 3323 3541 omissus
3358 3483 3524 3541 fuis-

272 3588 373 3642 set
414 3597 430 3641 :
477 3587 642 3641 so.ct
674 3578 846 3639 enim
886 3578 1005 3637 iste
1053 3578 1104 3638 si
1142 3579 1294 3655 quid
1336 3577 1573 3654 placeat
1607 3578 1875 3639 liberius
1906 3586 2168 3636 tractare
2229 3593 2298 3635 ac
2335 3575 2528 3635 multa
2563 3577 2638 3635 de
2673 3592 2793 3635 suo
2832 3576 3171 3646 infercire;
3212 3586 3270 3637 et
3303 3587 3519 3639 contra

272 3681 324 3737 si
359 3678 515 3757 quid
552 3692 678 3736 non
708 3674 1010 3744 arrideat,
1044 3673 1205 3734 illud
1260 3691 1521 3750 prorsus
1569 3675 1864 3735 omittere
1902 3696 1915 3732 :
1956 3673 2128 3750 quod
2167 3672 2267 3731 hic
2298 3672 2647 3747 contigisse
2694 3672 2968 3742 videtur,
3002 3674 3053 3731 si
3094 3676 3279 3733 modo
3316 3675 3524 3748 ipsius

272 3771 602 3849 exemplar
634 3788 777 3831 cum
813 3779 1031 3831 nostro
1062 3770 1490 3843 consenserit,
1518 3788 1595 3832 eo
1626 3788 1780 3831 sane
1816 3778 2202 3847 pervetusto.
2230 3770 2356 3829 Nec
2386 3769 2576 3829 video
2602 3787 2715 3827 cur
2745 3767 2848 3828 hic
2880 3770 2957 3829 de
2988 3784 3287 3845 germana
3314 3770 3523 3831 'l'heo-

276 3868 553 3947 phylacti
612 3868 933 3942 Scriptura
991 3867 1285 3927 dubitare
1338 3868 1713 3937 debeamus,
1766 3886 1907 3927 cum
1958 3865 2152 3943 hujus
2206 3864 2323 3923 loci
2385 3864 2773 3923 mentionem
2830 3864 2966 3940 ipse
3017 3864 3203 3924 faciat
3254 3868 3520 3925 Joannis

276 3966 511 4045 primo,
556 3973 622 4023 ut
665 3963 975 4023 diximus.
1024 3964 1207 4035 Quod
1255 3971 1467 4023 autem
1518 3965 1862 4023 Lonicerus
1893 3962 2165 4039 glossam
2202 3967 2393 4019 totam
2444 3975 2910 4037 nonnunquam
2948 3977 3091 4020 cum
3132 3969 3303 4021 textu
3342 3961 3519 4022 Pauli

279 4058 784 4139 praetermiserit,
816 4074 943 4118 non
985 4057 1189 4135 ipsius
1222 4058 1549 4120 voluntate
1584 4057 1815 4119 factum
1849 4076 1990 4119 esse
2023 4056 2319 4129 arbitror,
2353 4058 2463 4116 sed
2502 4055 2709 4133 ipsius
2744 4065 2851 4117 aut
2896 4056 3121 4117 scriba:
3154 4060 3364 4133 potius
3401 4076 3518 4118 ne-

276 4156 589 4236 gligentia
626 4162 975 4213 auterrore
1010 4152 1383 4231 contigisse.

360 4254 480 4313 Hic
528 4252 714 4312 linem
759 4250 971 4311 facere
1011 4248 1282 4310 fortasse
1320 4250 1654 4325 expediret
1691 4272 1705 4311 :
1748 4267 1891 4311 nam
1941 4268 2019 4311 ex
2074 4248 2443 4327 hujusmodi
2481 4248 2635 4308 locis
2674 4265 2783 4325 pro
2821 4257 3030 4307 nostra
3076 4250 3520 4326 qualicunque

280 4350 717 4411 mediocritate
757 4344 1067 4407 restitutis
1115 4345 1296 4406 facile
1321 4347 1630 4407 candidus
1674 4349 1897 4408 Lector
1929 4347 2007 4406 de
2044 4346 2310 4423 reliquis
2344 4343 2658 4421 conjicere
2694 4355 2927 4418 posset,
2981 4362 3095 4403 nec
3134 4347 3339 4419 plura,
3381 4347 3521 4418 opi—

278 4460 423 4515 nor,
458 4444 849 4505 desideraret
889 4457 901 4499 :
937 4439 1019 4501 ob
1056 4442 1446 4502 morosiores
1482 4451 1715 4513 tamen,
1750 4443 1955 4503 adhuc
1994 4442 2259 4518 paucula
2297 4441 2631 4501 ascrihaui.
2674 4452 2737 4497 ut
2780 4442 2950 4515 quiid
2994 4442 3183 4517 hujus
3225 4443 3522 4515 liliistolm

278 4542 487 4617 capite
518 4548 771 4616 quarto,
802 4536 888 4597 ibi
926 4559 939 4597 :
976 4537 1219 4615 Magaw
1247 4538 1397 4598 mihi
1425 4538 1665 4615 glorier,
1698 4540 2069 4598 contrariam
2106 4546 2403 4610 posuerat
2461 4540 2890 4607 sententiam;
2932 4545 2990 4596 et
3025 4538 3229 4611 capite
3264 4538 3520 4612 quinto,

282 4639 350 4698 in
384 4654 530 4697 eum
562 4637 737 4694 Pauli
778 4636 983 4693 locum
1018 4654 1033 4693 :
1068 4635 1146 4692 In
1182 4633 1503 4693 interitum
1540 4636 1771 4703 carnis,
1809 4636 2114 4711 scriptum
2152 4642 2311 4693 erat:
2348 4656 2375 4688 αι
2413 4634 2543 4691 Hoc
2585 4644 2701 4701 rst,
2739 4641 2805 4691 ut
2851 4649 2882 4691 a
2920 4632 3138 4691 inorbo
3172 4650 3317 4691 eum
3356 4634 3519 4691 libe-

284 4742 404 4803 ret,
438 4730 663 4801 solvat,
704 4753 731 4785 ι
760 4746 874 4789 nos
902 4729 994 4789 sic
1029 4730 1515 4789 einenilavimus
1542 4750 1554 4786 :
1586 4752 1614 4785 α
1652 4732 1784 4790 Hoc
1815 4741 1929 4803 est,
1959 4745 2025 4792 ut
2062 4735 2279 4793 morbo
2312 4750 2459 4791 eum
2495 4741 2769 4791 maceret
2805 4740 2863 4790 et
2892 4731 3215 4790 tabescere
3248 4730 3453 4800 faciat,
3489 4755 3518 4786 ι

281 4832 361 4889 de
394 4827 807 4904 castigatione
839 4826 1008 4885 enim
1040 4826 1327 4902 corporis
1364 4824 1670 4903 loquitur,
1708 4839 1773 4887 ut
1804 4841 2136 4903 sequentia
2171 4830 2322 4890 satis
2356 4830 2700 4887 declarant.
2738 4829 2955 4902 Capite
2991 4836 3203 4887 autem
3243 4828 3518 4903 septimo

282 4926 589 5003 pleraque
621 4924 980 4998 depravata,
1013 4930 1073 4983 et
1107 4938 1233 4983 non
1279 4940 1470 5000 pauca
1502 4926 1737 4985 omissa
1771 4925 1995 4995 fuisse,
2031 4928 2141 5005 qui
2173 4935 2374 4986 totum
2410 4927 2525 4985 hoc
2556 4935 2745 5001 caput
2782 4924 3078 4985 conferre
3115 4924 3302 4993 volet,
3331 4923 3517 4984 facile

280 5020 762 5095 deprehendet;
799 5018 968 5096 quod
1004 5019 1261 5097 quidem
1304 5020 1397 5080 vel
1445 5038 1643 5081 unum
1678 5030 1865 5097 caput
1899 5039 2151 5083 moroso
2182 5024 2370 5081 etiam
2408 5022 2677 5091 Lectori,
2715 5022 2763 5080 si
2802 5030 3008 5079 tamen
3040 5022 3322 5081 veritatis
3362 5029 3502 5079 stu-

280 5120 508 5178 diosus
544 5116 760 5187 fuerit,
792 5114 950 5175 hanc
988 5123 1266 5175 nostram
1297 5132 1552 5191 operam
1594 5125 1659 5177 ut
1696 5119 1958 5179 minime
1992 5135 2552 5197 supervacaneam,
2596 5124 3046 5177 commendare
3091 5117 3316 5177 valeat.
3359 5120 3515 5176 Pos-

280 5231 418 5276 sem
454 5230 529 5274 ex
561 5229 695 5289 cap,
732 5230 821 5281 ix,
874 5230 934 5271 xi
966 5220 1025 5271 et
1068 5229 1171 5285 xv,
1214 5212 1547 5273 manifeste
1585 5215 1945 5291 depravata,
1978 5225 2037 5276 et
2087 5215 2463 5275 contrariam
2505 5214 2888 5273 sententiam
2937 5214 3328 5275 continentia
3366 5230 3516 5290 proo

280 5310 470 5381 ferre,
522 5309 631 5371 sed
676 5309 736 5371 in
782 5310 893 5369 hac
932 5310 1140 5387 priore
1189 5312 1265 5371 ad
1302 5311 1668 5373 Corinthios
1705 5312 1987 5389 Epistola
2022 5313 2270 5371 diutius
2304 5327 2493 5388 quam
2540 5318 2885 5370 statueram
2925 5326 3063 5369 sum
3112 5314 3509 5370 muneratus.

282 5408 352 5468 In
388 5407 687 5468 secunda:
720 5423 871 5466 vero
908 5408 983 5466 ad
1018 5405 1384 5468 Corinthios
1419 5407 1715 5482 Epistolee
1752 5410 1955 5486 capite
1993 5409 2220 5485 primo,
2258 5407 2338 5466 ibi
2393 5429 2407 5466 :
2471 5408 2551 5465 Et
2598 5425 2735 5483 spes
2770 5418 2985 5465 nostra
3038 5406 3215 5482 ﬁrma
3265 5416 3351 5463 est
3396 5423 3513 5481 pro

278 5504 476 5574 vobis,
529 5501 743 5579 glossa
798 5501 990 5578 hujus
1037 5511 1247 5562 textus
1294 5519 1437 5564 cum
1498 5513 1673 5565 textu
1726 5505 2023 5583 sequenti
2083 5502 2290 5565 fuerat
2342 5503 2624 5573 omissa;
2677 5512 2867 5579 atque
2918 5503 2998 5561 ita
3041 5502 3252 5579 glossa
3304 5510 3514 5561 textus

280 5599 619 5677 sequentis
655 5598 805 5659 huic
850 5607 982 5658 erat
1018 5598 1281 5675 adjecta,
1314 5598 1484 5676 quod
1521 5602 1711 5659 etiam
1757 5598 1989 5661 factum
2022 5611 2112 5660 est
2158 5601 2231 5661 ad
2272 5602 2592 5659 Romanos
2636 5617 2770 5667 xm,
2821 5598 2986 5659 {cedo
3025 5614 3176 5657 sane
3210 5598 3415 5670 lapsu,
3447 5605 3514 5655 ut

278 5697 442 5757 alios
466 5695 755 5772 ejusdem
786 5694 1010 5772 capitis
1044 5706 1432 5772 praeteream.
1464 5696 1759 5756 Secundo
1782 5705 1991 5758 autem
2024 5699 2227 5777 capite
2255 5698 2351 5757 bis
2380 5700 2755 5757 contrariam
2786 5697 3067 5757 reddidit
3099 5695 3506 5753 sententiain.

284 5794 565 5855 Primum
610 5791 673 5852 in
710 5790 867 5854 illud
906 5792 1077 5854 Pauli
1114 5814 1127 5851 :
1168 5793 1239 5855 Ui
1271 5810 1345 5851 ne
1367 5793 1927 5856 circumveniamur
1958 5816 1993 5853 a
2032 5797 2287 5869 Salaria,
2324 5796 2609 5855 dixerat:
2651 5818 2676 5847 ι(
2723 5796 2855 5853 Non
2894 5793 3063 5854 enim
3095 5809 3124 5849 a
3166 5810 3231 5849 se
3262 5792 3511 5849 discre-
