4284 6450
745 391 848 457 32⁵1
1404 397 1506 456 AD
1537 394 2111 458 THEOPIIYLACTI
2147 395 2718 456 EXPOSITIONENI
2751 397 2829 457 IN
2874 398 2939 456 D.
2981 397 3299 459 PAULUM
3896 397 4001 458 328

743 512 957 592 pantia
1003 515 1262 574 Satanas
1310 514 1563 590 accipit,
1616 528 1836 574 verum
1882 524 1942 572 et
2001 521 2213 573 nostra
2267 515 2452 590 rapit,
2501 537 2528 568 ι»
2582 531 2723 574 cum
2776 512 2991 575 dicere
3049 513 3407 583 debuisset,
3455 534 3482 568 α
3531 513 3666 572 Non
3721 513 3894 572 enim
3921 514 3998 574 ad

743 626 814 670 se
851 608 1229 686 pertinentia
1263 609 1543 680 Satanas,
1584 632 1613 666 ι
1647 609 1993 670 etc.Grtece
2031 610 2201 669 enim
2234 618 2328 670 est
2366 631 2380 668 :

2311 618 2328 667 l
2366 631 2380 668 :
2446 621 2487 669 0
2517 619 2624 685 γὰρ
2663 616 2906 679 διάϐολος
2932 617 3052 686 οὐχὶ
3077 617 3144 668 τὰ
3174 616 3322 686 αὑτῷ
3351 617 3677 687 διαφέροντα
3705 617 3998 687 λαμϐάνει.

744 701 993 761 Deinde
1031 703 1221 778 paulo
1256 709 1395 775 post
1440 701 1504 761 in
1541 701 1700 762 illud
1738 707 1913 766 Pauli
1953 729 1966 767 :
2000 707 2162 769 Aliis
2205 706 2452 787 quidem
2484 705 2639 764 odor
2668 704 2890 763 mortis
2926 705 2994 763 in
3030 714 3315 777 mortem,
3350 721 3487 781 pro,
3531 706 3667 766 Deo
3694 715 3991 784 accepte-

743 796 908 858 biles
961 813 1131 868 esse,
1187 796 1460 870 dixerat,
1489 815 1631 859 esse
1679 802 1992 876 reprobos
2040 812 2100 865 et
2134 804 2395 864 minime
2438 811 2647 880 gratos
2697 801 2864 878 apud
2907 802 3134 863 Deum.
3187 802 3307 861 Sed
3362 800 3775 879 hic'quodam
3808 807 3999 863 modo

745 894 1151 953 excusandus
1197 893 1392 966 venit,
1434 895 1603 971 quod
1651 897 1907 959 Graecus
1950 900 2160 960 codex
2199 900 2429 961 fuisset
2460 906 2826 972 corruptus,
2862 915 3054 976 quem
3091 907 3353 959 secutus
3386 906 3480 959 est
3518 899 3665 969 ﬁde,
3709 908 3776 958 ut
3819 899 3998 959 dixi-

749 1005 922 1058 mus,
961 990 1230 1050 nimium
1273 992 1438 1051 bona
1475 1011 1492 1062 ;
1527 1007 1672 1052 nam
1731 993 1869 1055 loco
1907 1003 2271 1073 άττρόσδεκτοι
2319 997 2441 1076 legi

2319 997 2664 1076 legendum
2713 1003 2809 1055 est
2851 1002 3266 1072 εὐπρόσδεκτοι,
3333 1003 3400 1055 ut
3459 1005 3626 1068 patet
3674 1013 3748 1056 ex
3801 996 4000 1074 Chry-

746 1096 1029 1148 sostomo
1061 1097 1121 1148 et
1153 1089 1348 1148 veteri
1381 1088 1752 1166 interprete.
1786 1093 1906 1152 Sed
1940 1095 2017 1153 ad
2050 1094 2170 1154 alia
2201 1110 2548 1171 prOperans
2599 1091 2848 1170 reliqua
2882 1091 3072 1168 hujus
3130 1092 3430 1169 Epistolas
3451 1093 3652 1170 capita
3677 1093 3991 1154 transilio.

743 1183 940 1244 luitio
977 1195 1186 1245 autem
1240 1186 1466 1262 capitis
1514 1189 1699 1263 primi
1751 1189 1825 1248 ad
1861 1191 2132 1260 Galatas,
2167 1192 2250 1251 ibi
2297 1213 2310 1251 :
2356 1187 2477 1250 Sed
2506 1205 2619 1266 per
2651 1189 2866 1248 Jesum
2916 1187 3254 1256 Christum,
3292 1188 3807 1267 Theophylactus
3843 1190 3994 1250 huic

751 1283 888 1341 loco
915 1281 1134 1359 objicit
1166 1285 1339 1359 quod
1373 1291 1468 1343 est
1503 1282 1564 1341 in
1601 1283 1773 1344 Actis
1810 1289 2245 1362 apostolorum
2280 1303 2415 1362 cap.

2302 1303 2415 1362 τδρ.
2451 1304 2595 1357 XIII,
2631 1286 2878 1356 dicens,
2917 1294 3024 1344 Καὶ
3059 1293 3166 1362 μὴν
3205 1292 3260 1345 αἱ
3295 1292 3528 1361 Πράξεις
3557 1295 3661 1346 ὑπὸ
3691 1295 3785 1347 τοῦ
3827 1296 3994 1346 Ilvati-

750 1405 919 1456 ματος
947 1387 1197 1457 δηλοῦσιν
1229 1390 1388 1442 αὑτὸν
1409 1389 1789 1460 ἀφορισθῆναι·
1833 1382 1894 1445 id
1927 1391 2020 1445 est
2047 1403 2062 1442 :
2121 1409 2145 1438 α
2186 1383 2379 1462 Atqui
2429 1420 2442 1442 λ

2301 1383 2379 1462 μή
2429 1386 2582 1443 Acta
2627 1381 3061 1458 apostotorum
3099 1398 3131 1441 a
3160 1381 3402 1457 Spiritu
3444 1389 3663 1442 saneto
3710 1382 3993 1443 indicant

747 1492 895 1535 eum
928 1487 1330 1556 segregatum
1366 1495 1532 1550 esse,
1570 1503 1598 1535 ιο
1636 1491 1784 1556 etc.,
1818 1484 2169 1544 Lonicerus
2214 1497 2383 1549 vero,
2420 1480 2498 1540 de
2544 1480 2719 1539 Pauli
2753 1479 3066 1556 Operibus
3105 1478 3502 1556 intelligens,
3540 1481 3633 1540 sic
3667 1491 3940 1542 verterat
3976 1505 3991 1544 :

749 1594 778 1627 α
818 1575 974 1650 Ipsae
1010 1592 1109 1633 res
1154 1584 1348 1652 gesta:
1375 1587 1433 1636 et
1461 1593 1650 1651 Opera
1682 1595 1714 1638 a
1748 1582 1987 1656 Spiritu
2020 1587 2237 1640 sancto
2271 1576 2545 1657 profecta
2589 1577 2893 1648 indicant,
2923 1599 2950 1631 »
2977 1583 3125 1645 etc.,
3167 1593 3309 1653 quae
3349 1576 3497 1638 huic
3545 1575 3686 1639 loco
3725 1578 3992 1641 minime

748 1672 1142 1731 conveniunt
1203 1694 1216 1730 :
1282 1689 1397 1731 nec
1462 1690 1605 1751 qua:
1663 1676 1875 1735 statim
1932 1683 2296 1755 sequuntur
2356 1675 2516 1735 hanc
2565 1671 2910 1732 admittunt
2966 1671 3614 1749 interpretationem;
3667 1677 3993 1738 subnectit

747 1771 918 1829 enim
958 1790 970 1828 :
1023 1789 1052 1825 ς(
1101 1768 1514 1843 Perspicuum
1554 1779 1646 1830 est
1687 1773 1880 1849 igitur
1920 1773 2091 1850 quod
2137 1773 2217 1832 sit
2254 1789 2378 1834 una
2426 1781 2485 1833 et
2527 1771 2750 1831 eadem
2792 1775 3066 1846 potestas
3112 1775 3173 1828 et
3215 1769 3418 1828 Patris
3468 1778 3527 1830 et
3566 1770 3713 1830 Filii
3751 1781 3810 1832 et
3856 1774 3993 1847 Spi-

747 1867 908 1927 ritus
942 1866 1524 1926 sancti.».Similem
1559 1867 1985 1946 objectionem
2027 1869 2174 1931 facit
2209 1870 2287 1930 ad
2317 1871 2499 1931 Rom.
2537 1868 2767 1946 primo,
2801 1867 2891 1928 ibi
2926 1890 2940 1928 :
2973 1867 3097 1927 Per
3126 1885 3296 1945 quem
3326 1870 3674 1947 accepimus
3696 1874 3986 1949 gratiam.

748 1966 868 2024 Sed
924 1962 1194 2023 nimium
1239 1962 1338 2021 his
1384 1963 1716 2025 immorer.
1770 1965 1831 2024 Si
1876 1967 2023 2044 quis
2064 1975 2270 2026 tamen
2326 1984 2405 2027 ex
2446 1965 2591 2025 aliis
2638 1965 2941 2041 Epistolis
2979 1967 3266 2043 qumdam
3327 1967 3676 2041 desideret,
3709 1967 3990 2029 conferat

752 2063 1030 2136 primum
1084 2069 1272 2136 caput
1328 2060 1404 2120 ad
1462 2060 1932 2137 Philippenses,
1983 2063 2090 2123 ubi
2142 2079 2268 2123 non
2330 2079 2525 2141 pauca
2579 2059 2782 2122 fuisse
2839 2059 3110 2122 multum
3170 2075 3469 2139 corrupta
3521 2063 3984 2141 deprehendet.

751 2158 1081 2235 Expendat
1132 2159 1282 2219 item
1343 2174 1485 2236 qua)
1538 2158 2055 2235 'l'lieOphylaetus
2104 2160 2169 2219 in
2214 2177 2361 2221 eum
2417 2158 2593 2218 Pauli
2655 2157 2861 2218 locum
2915 2155 2990 2215 ad
3040 2151 3653 2222 'l'hessalonicenses
3704 2171 3988 2239 quarto:

750 2255 893 2316 Non
936 2256 1241 2314 hominem
1288 2255 1555 2331 spernit,
1595 2253 1699 2313 sed
1745 2255 1956 2328 Deum,
2008 2257 2432 2333 pulcherrima
2482 2254 2845 2332 scripserat,
2884 2261 2946 2312 et
2992 2251 3344 2330 plurimum
3399 2254 3602 2317 fuisse
3643 2257 3988 2319 deformata

752 2355 1101 2429 comperiet
1138 2373 1152 2408 :
1198 2360 1259 2410 et
1305 2357 1592 2428 quasdam
1637 2353 1758 2412 sub
1803 2352 1987 2413 ﬁnem
2029 2353 2316 2432 ejusdem
2367 2351 2589 2426 capitis
2625 2348 2861 2410 omissa
2903 2345 3108 2410 fuisse
3149 2350 3520 2427 perspiciet.
3558 2356 3765 2430 Atque
3810 2353 3988 2415 i'linc

759 2456 1035 2508 transeat
1067 2448 1142 2507 ad
1178 2446 1400 2523 prima;
1444 2448 1519 2506 ad
1568 2447 1974 2508 Timotheum
2014 2459 2199 2526 caput
2240 2449 2514 2526 primum
2559 2468 2574 2506 :
2609 2456 2668 2507 et
2701 2446 2974 2522 glossam
3023 2446 3089 2506 in
3135 2445 3296 2508 illud
3339 2449 3544 2524 Pauli,
3582 2449 3704 2510 Sed
3746 2452 3988 2512 miseri-

750 2543 1028 2604 eordiam
1058 2553 1425 2602 consecutus
1447 2561 1602 2614 sum,
1629 2545 1776 2622 quia
1798 2545 2095 2621 ignorans
2125 2547 2266 2625 feci,
2301 2546 2598 2616 excutiat,
2634 2552 2693 2602 et
2722 2542 2786 2602 in
2820 2559 2944 2602 una
2993 2551 3053 2602 et
3085 2544 3303 2603 eadem
3337 2544 3549 2622 glossa
3609 2563 3736 2608 non
3781 2549 3981 2608 semel

755 2642 998 2716 lapsum
1033 2639 1445 2716 interpretem
1477 2640 1741 2700 notabit.
1772 2642 1839 2701 In
1877 2642 2155 2717 Epistola
2194 2658 2340 2702 vero
2377 2643 2451 2702 ad
2487 2639 2922 2700 Philemonem
2954 2638 3130 2716 quod
3164 2649 3383 2700 contra
3419 2641 3607 2701 etiam
3649 2643 3988 2704 Porsennae

756 2737 1122 2797 versionem
1175 2734 1364 2796 faciat
1415 2736 1717 2812 reperiet,
1773 2737 1879 2796 ubi
1942 2759 1954 2795 :
2000 2740 2361 2814 lmperaudi
2414 2739 2586 2815 quod
2646 2737 2721 2796 ad
2786 2752 2918 2794 rem
2979 2738 3300 2812 pertinet;
3362 2739 3742 2798 contrariam
3799 2738 3986 2801 habet

752 2838 1157 2898 sententiam.
1192 2837 1539 2896 Porsennaa
1581 2836 1754 2896 enim
1801 2839 2125 2912 accepisse.
2175 2838 2425 2896 videtur
2454 2845 2514 2893 τὸ
2549 2843 2774 2910 ἀνῆκον,
2810 2836 2992 2916 quasi
3030 2851 3063 2884 α
3092 2835 3398 2910 privativa
3441 2838 3749 2912 particula
3791 2846 3987 2908 esset,

752 2952 896 2997 cum
951 2934 1235 3000 verterit,
1290 2930 1454 3010 quod
1497 2931 1577 2991 ad
1625 2950 1754 2991 rem
1806 2951 1933 2991 non
1980 2933 2296 3011 pertinet;
2350 2948 2480 3010 quo
2531 2949 2592 2992 in
2649 2950 2865 2993 errore
2933 2947 3225 3009 pergens,
3279 2937 3470 2990 totam
3527 2931 3986 3010 Theophylacti

757 3034 1057 3108 pervertit
1093 3030 1616 3108 explicationem,
1650 3046 1793 3089 cum
1826 3035 2035 3106 potius
2069 3029 2462 3090 contrarium
2498 3029 2876 3103 signiﬁcaret
2911 3038 2969 3090 τὸ
3009 3039 3234 3103 ἀνῆκον,
3271 3045 3500 3105 nempe
3535 3032 3706 3108 quod
3740 3033 3815 3090 ad
3855 3049 3983 3090 rem

757 3133 1055 3206 pertinet,
1089 3129 1225 3190 sive
1253 3140 1312 3191 τὸ
1340 3141 1570 3210 πρέπον,
1605 3142 1670 3193 ut
1715 3133 1800 3191 ait
1837 3130 2089 3196 Suidas,
2128 3130 2243 3187 hoc
2286 3134 2379 3186 est
2421 3147 2449 3201 q

2289 3134 2379 3186 est
2421 3127 2592 3201 quod
2637 3128 2852 3199 decet,
2886 3125 3057 3204 quod
3091 3125 3614 3210 convenitpsicut
3644 3137 3702 3189 τὸ
3738 3137 3981 3205 καθῆκον

756 3227 1030 3304 ofﬁc-ium
1071 3227 1330 3291 dicitur.
1368 3240 1579 3308 Ἀνήκω
1611 3230 1779 3289 enim
1812 3239 1902 3288 est
1942 3227 2202 3296 attineo,
2249 3225 2448 3301 pertin

2298 3225 2554 3293 ertineo,
2591 3233 2822 3300 specto,
2861 3225 3026 3282 sicut
3062 3229 3308 3299 κιθήκω,
3347 3233 3633 3302 προσὴκω,
3666 3228 3982 3296 convenio,

765 3333 1214 3384 consentaneus
1267 3345 1424 3386 sum.
1481 3329 1583 3388 Sic
1641 3322 2103 3385 Demosthenes
2162 3323 2268 3392 ait,
2310 3329 2379 3380 τὰ
2422 3329 2457 3377 ei

2310 3329 2379 3380 τὰ
2422 3327 2501 3389 εις
2543 3329 2740 3396 ἀρετὴν
2786 3329 3079 3397 ἀνήκοντα,
3120 3325 3195 3385 ad
3259 3319 3556 3380 virtutem
3613 3319 3982 3399 spectantia,

759 3420 1104 3496 interprete
1153 3423 1422 3496 Budteo;
1458 3440 1601 3500 quas
1648 3419 2027 3498 signiﬁcatio
2071 3417 2222 3478 huic
2276 3418 2412 3476 loco
2471 3414 2742 3475 maxime
2786 3420 3109 3482 convenit.
3153 3422 3269 3483 Sed
3320 3422 3397 3481 de
3443 3419 3635 3496 hujus
3689 3417 3986 3476 versione

755 3516 1029 3592 eleganti
1081 3519 1374 3596 quidem,
1429 3521 1542 3579 sed
1602 3535 1821 3596 parum
1881 3517 2027 3588 ﬁda,
2076 3515 2230 3574 satis
2287 3523 2470 3573 antea
2527 3513 2763 3572 dictum
2827 3526 3029 3589 puto;
3091 3520 3280 3579 tinem
3338 3519 3554 3596 itaque
3609 3515 3810 3587 iacio,
3871 3531 3989 3574 nec

761 3615 1018 3672 verbum
1061 3614 1224 3675 addo
1275 3638 1289 3676 :
1344 3618 1453 3692 qui
1498 3614 1678 3693 plura
1725 3614 2068 3684 desiderat,
2123 3619 2323 3671 totum
2357 3626 2549 3688 Opus,
2595 3607 2649 3666 si
2686 3607 2882 3681 lubet,
2915 3611 3222 3688 conferat,
3254 3625 3337 3688 et,
3390 3615 3449 3674 ni
3498 3611 3702 3684 fallor,
3738 3610 3987 3672 labores

757 3721 1008 3771 nostros
1039 3710 1191 3772 boni
1223 3711 1541 3774 consulet.
1579 3713 1747 3771 Bene
1783 3712 1945 3782 vale,
1983 3709 2252 3770 candide
2286 3709 2527 3777 Lector,
2564 3713 2623 3765 et
2662 3705 2750 3766 tui
2789 3707 3067 3772 Montani
3105 3719 3369 3774 conatus
3403 3711 3531 3772 tuis
3566 3708 3802 3772 studiis
3836 3721 3988 3786 pro-

757 3805 945 3868 desse
977 3807 1301 3884 cupientis
1335 3807 1399 3867 in
1433 3807 1666 3868 bonam
1700 3814 1962 3883 partem,
1995 3817 2241 3883 qumso,
2282 3805 2523 3887 accipe.

836 3924 1126 3997 Lutetiaa,
1166 3943 1200 3987 e
1235 3941 1459 3987 museo
1499 3930 1716 3987 nostro
1743 3921 2158 3993 Tornacensi,
2191 3939 2283 3983 xu
2314 3925 2633 3994 Octobris,
2667 3943 2837 3986 anno
2871 3945 3071 3988 IIDLII.

2027 4298 2332 4413 MON
2351 4301 2706 4416 [TUM

1288 4570 1398 4656 Τ.
1476 4568 1857 4658 BAILII
1934 4566 2512 4660 EDITORIS
2589 4571 3446 4660 LONDINENSIS.

833 4842 1198 4895 Prmmaturus
1244 4839 1684 4893 doctissimorum
1729 4837 1908 4891 obitus
1955 4851 2115 4906 quam
2167 4838 2315 4905 gravi
2363 4833 2614 4889 Ecclesiae
2665 4832 3071 4898 studiorumque
3134 4831 3472 4885 incommodo
3513 4832 3730 4886 evenire
3772 4834 3987 4901 assolet,

763 4928 1136 4983 romloceiecit
1183 4943 1418 4997 unperus
1452 4927 1885 4981 reverendissimi
1913 4927 2037 4986 viri,
2080 4933 2240 4992 atque
2277 4924 2421 4976 omni
2465 4921 2763 4973 litterarum
2805 4932 3002 4986 genere
3039 4917 3415 4981 excultissimi,
3462 4920 3661 4972 domini
3699 4922 3989 4987 Augustini

764 5017 1042 5078 Lindselli,
1079 5015 1318 5084 episcopi
1369 5013 1803 5076 Herefordensis,
1853 5014 1995 5066 inter
2038 5013 2210 5065 media
2257 5011 2474 5080 optimae
2523 5007 2688 5074 frtigis
2732 5006 3005 5059 molimina
3047 5006 3278 5073 abrepti.
3325 5005 3493 5071 Quem
3547 5007 3616 5058 ita
3662 5008 3988 5060 exsﬁnctmn

762 5107 920 5160 etiam
971 5104 1136 5174 ἰαυοιί
1173 5101 1395 5156 ﬂebunt.
1431 5101 1502 5154 At
1542 5116 1671 5154 vero
1695 5103 1799 5155 mei
1842 5097 2080 5154 muneris
2117 5113 2236 5153 esse
2269 5097 2394 5150 duxi
2435 5097 2546 5164 (qui
2578 5096 2631 5148 in
2668 5093 2966 5147 istiusmodi
3011 5095 3200 5146 studiis
3246 5093 3318 5146 illi
3352 5094 3712 5157 iuservieritu)
3751 5105 3988 5156 nontam

767 5194 1072 5246 defunctum
1123 5194 1313 5261 ignavo
1357 5202 1549 5259 questu
1600 5190 1873 5258 prosequi,
1921 5203 2081 5256 quam
2131 5203 2249 5254 qua:
2290 5187 2541 5245 voluerit,
2592 5184 2944 5244 meminisse;
2991 5195 3108 5249 quae
3158 5182 3510 5242 mandaverit,
3559 5183 3802 5249 exsequi.
3855 5180 3989 5235 llmc

766 5283 979 5333 animus
1007 5281 1136 5332 mihi
1186 5280 1600 5342 accendebatur,
1635 5277 1796 5330 hosce
1826 5275 2220 5344 TheOphylacti
2262 5272 2717 5335 Commentarios,
2749 5287 2885 5340 quos
2923 5272 3009 5323 ille
3039 5273 3177 5324 bono
3224 5271 3437 5338 publico
3469 5271 3864 5332 destinaverat,
3893 5286 3991 5338 pro

769 5371 1139 5423 mettioeritate
1191 5384 1308 5421 mea
1353 5368 1529 5435 potius
1579 5366 1848 5427 excolere,
1893 5379 2050 5432 quam
2101 5380 2204 5417 una
2259 5379 2379 5417 cum
2430 5363 2545 5430 ipso
2596 5362 2844 5429 sepelire.
2912 5358 3127 5413 Priores
3180 5359 3346 5426 ipsius
3396 5373 3555 5413 curas
3608 5369 3771 5427 atque
3825 5360 3987 5413 etiam

767 5457 1032 5508 secundas
1071 5458 1275 5519 experti
1311 5467 1466 5506 erant
1504 5471 1516 5505 :
1558 5469 1747 5504 nianus
1778 5463 1981 5502 tantum
2012 5453 2196 5503 deerat
2221 5465 2496 5516 suprema.
2533 5450 2683 5505 Unde
2723 5451 2844 5502 licet
2885 5448 3130 5502 fortassis
3168 5450 3305 5501 haud
3335 5464 3501 5517 usque
3533 5448 3662 5502 adeo
3689 5448 3986 5512 absolutos,

770 5558 872 5596 non
905 5552 1083 5593 tamen
1119 5541 1336 5592 omnino
1368 5541 1640 5605 neglectos
1675 5540 1888 5605 prodire
1923 5539 2243 5604 coutperies.
2295 5538 2749 5591 Describebautur
2790 5556 2818 5588 e
2863 5547 3071 5590 vetusto
3107 5538 3291 5589 codice
3329 5537 3694 5603 manustripto
3739 5536 3989 5588 illustris-

768 5645 886 5682 snni
919 5627 1133 5681 comitis
1172 5628 1539 5690 Arundeliaui,
1572 5628 1774 5692 Angli-.1:
1809 5627 2185 5690 Inareschnlli,
2236 5627 2334 5678 viri
2372 5637 2427 5677 ut
2487 5627 2710 5690 antiquo
2756 5632 3059 5687 stemmate,
3103 5623 3173 5675 ita
3219 5624 3394 5692 polita:
3442 5625 3774 5688 antiquitatis
3812 5625 3992 5676 studio

771 5718 802 5768 d
839 5719 1059 5770 cuitali.
1090 5715 1215 5768 Post
1248 5716 1593 5782 apographon
1624 5727 1743 5765 cum
1771 5723 2055 5780 protmypo
2086 5710 2314 5765 ﬁdeliter
2344 5713 2713 5769 eummissum.
2749 5715 2813 5762 ad
2849 5726 3010 5760 unum
3043 5721 3096 5762 et
3123 5709 3349 5762 alterum
3379 5711 3654 5777 exemplar
3680 5708 3992 5762 Omnia-rue

769 5804 1015 5858 institqu
1055 5816 1136 5857 (ἐι
1161 5802 1462 5871 castigatio.
1511 5799 1627 5864 Qua
1668 5801 1718 5852 in
1761 5817 1815 5853 re
1856 5811 2112 5867 quantum
2154 5800 2238 5854 ille
2275 5799 2394 5851 ﬁdei
2437 5801 2820 5868 industriaeque
2866 5801 3143 5867 praestitit,
3178 5800 3421 5852 testando
3459 5808 3618 5854 erunt
3651 5800 3747 5851 \‘iri
3784 5800 3850 5852 ad
3879 5797 3992 5853 ele-
