4284 6450
328 425 435 495 329
1630 410 2192 476 PREFATIONES.
3460 418 3561 489 330

327 541 631 610 gmniorem
661 531 964 588 doctrinam
1000 527 1150 592 lacti,
1187 524 1426 580 Thomas
1453 523 1677 592 Triplet,
1717 525 1927 577 amicus
1971 524 2100 575 mihi
2143 523 2357 586 tltliCUS,
2398 531 2449 576 et
2495 519 2738 578 Joannes
2767 524 3103 595 Gregorius;
3135 542 3269 596 quas
3301 528 3354 581 in
3383 542 3561 598 posm-

333 603 496 680 rioris
526 621 850 689 exemplaris
879 616 1166 670 collatione
1188 613 1290 667 sibi
1326 603 1624 681 συνεργοὺς
1664 611 1876 665 ascivit.
1917 609 2022 663 Cll‘i

1867 649 1876 663 .
1917 609 2241 663 therarum
2286 610 2488 664 scilicet
2521 612 2661 665 illius
2705 627 2955 667 curarum
3003 631 3100 685 ego
3129 618 3243 685 ipse
3287 619 3559 678 οοηεεὶιιδ.

331 712 626 766 editionem
671 710 830 761 istam
864 703 930 758 ad
963 709 1197 758 meutem
1235 699 1373 766 ejus,
1405 709 1666 770 quantum
1696 707 1838 766 pote,
1871 697 2149 752 adornavi.
2188 695 2568 766 Discrepantes
2608 701 2855 757 codicum
2889 703 3168 770 lectiones,
3200 706 3558 775 appinguntur

319 813 461 853 arex
496 795 798 866 marginali.
833 794 1139 848 Asteriscus
1161 791 1451 846 dictionem
1483 785 1728 855 loquitur
1758 787 1824 839 ab
1859 795 1964 838 nn‘o
1998 794 2092 839 aut
2120 785 2292 840 altero
2317 788 2501 842 codice
2529 791 2825 858 absentem,
2853 801 3017 860 atque
3050 795 3166 846 sine
3199 811 3391 864 magno
3425 812 3552 850 seu-

319 887 506 941 ιεηιίπ
535 883 860 938 detrimento
889 878 1194 935 delebilem.
1231 879 1356 932 'Iv‘.
1394 884 1596 928 tessera
1637 881 1720 928 est
1749 872 2094 954 conjecturae,
2137 874 2221 927 cui
2259 876 2473 944 parcius
2501 877 2840 942 indulsimus,
2871 896 2977 948 quo
3013 881 3105 935 tibi
3134 881 3359 938 facultas
3390 886 3558 953 magis

328 977 537 1040 integra
575 970 876 1039 iudicandi.
924 967 1113 1022 Latina
1153 966 1370 1035 quidem
1410 963 1588 1017 versio
1621 971 1708 1016 est
1749 962 1973 1030 Philippi
2022 960 2299 1029 Montani;
2343 978 2528 1018 verum
2567 964 2762 1034 ubique
2800 971 2931 1023 adeo
2970 985 2999 1023 a
3037 971 3193 1025 nobis
3236 972 3555 1042 interpolata

326 1073 490 1126 atque
523 1059 591 1112 ad
625 1058 937 1112 Graecorum
973 1054 1255 1109 veritatem
1287 1058 1573 1114 revocata,
1605 1058 1661 1104 ut
1694 1049 1774 1120 (si
1815 1063 1909 1116 per
1932 1062 2123 1115 operas
2155 1054 2568 1121 typograpbicas
2606 1055 2849 1110 licuisset
2881 1058 3181 1126 importune
3221 1059 3557 1117 festinam...

325 1136 466 1218 das)
503 1148 683 1199 minus
708 1142 923 1198 taedium
953 1143 1092 1198 lorct
1117 1154 1269 1196 novae
1299 1135 1519 1210 prorsus
1551 1137 1872 1194 condendae.
1905 1135 1959 1188 ld
1983 1138 2126 1206 quod
2166 1139 2631 1198 committentibus
2662 1144 2907 1213 liquebit.
2944 1144 3093 1203 Vale.

1342 1338 1672 1354 *σι-αι

2344 1340 2700 1355 -ι-

1612 1510 2249 1602 ANNOTATA

1080 1709 1232 1769 PRO
1263 1708 1620 1770 SINGULIS
1651 1705 2216 1768 EPISTOLARUM
2266 1711 2805 1777 ARGUMENTIS.

393 2043 475 2096 Ad
515 2039 873 2094 Romanosiex
911 2031 1164 2091 Corintho
1210 2032 1391 2086 scribit
1430 2030 1726 2100 Apostolus,
1753 2045 1883 2094 quos
1916 2041 1959 2096 Α
1990 2032 2319 2099 mysterium,
2345 2030 2435 2083 sed
2459 2041 2689 2098 perstare
2716 2049 2745 2084 a
2777 2032 2968 2085 sicculo
2999 2049 3018 2087 :
3045 2046 3089 2087 et
3118 2035 3226 2090 alia
3253 2039 3419 2094 multa
3445 2057 3562 2111 qua:

322 2132 554 2188 nondum
581 2130 804 2192 viderat,
851 2125 1047 2180 uisendi
1082 2123 1621 2192 tamen'percupidus,
1668 2123 1790 2191 quia
1823 2121 1888 2174 de

322 2229 402 2279 his
443 2226 606 2278 multa
637 2228 927 2286 acceperat,
951 2233 1170 2287 quorum
1199 2226 1246 2270 et
1284 2216 1576 2283 suscipit/et
1607 2212 1792 2267 laudat
1817 2215 1886 2283 ﬁ-

321 2316 458 2376 dem,
498 2321 550 2363 ut
587 2325 741 2377 quan;
772 2308 922 2362 sciret
953 2307 1094 2375 fama
1120 2316 1166 2359 et
1201 2305 1403 2357 nomine
1430 2303 1675 2357 celebrem
1698 2313 1746 2357 et
1769 2303 1887 2356 ubi-

323 2421 420 2473 que
449 2403 707 2470 vulgatam
741 2415 758 2452 :
791 2409 837 2452 et
887 2402 963 2466 (ut
1017 2408 1202 2450 cratera
1254 2379 1516 2466 omittam)
1556 2397 1620 2448 de
1659 2396 1887 2466 gentium

323 2495 587 2547 vocatione
621 2493 876 2560 copiosius
901 2491 1129 2543 disserit.

397 2607 509 2661 Nec
541 2622 688 2659 secus
720 2621 784 2658 ex
810 2604 1013 2672 Epheso
1046 2606 1116 2658 ad
1138 2603 1435 2660 Corinthios
1457 2608 1638 2660 scribit
1680 2605 1890 2675 Episto-

323 2701 451 2762 lam,
479 2699 598 2750 illos
629 2698 908 2765 objurgans
954 2697 1092 2765 quod
1140 2697 1420 2763 plurimum
1461 2699 1596 2751 inter
1625 2715 1680 2751 se
1724 2700 1884 2752 dissi-

322 2793 524 2853 derent,
555 2799 604 2842 et
641 2789 958 2856 primarium
989 2791 1265 2854 quemdam
1307 2804 1334 2841 e
1361 2790 1472 2843 suis
1500 2807 1606 2844 rem
1649 2807 1766 2844 cum
1799 2808 1889 2846 no-

323 2897 470 2933 uerca
528 2879 800 2932 habentem
852 2879 982 2932 satis
1031 2877 1382 2946 negligerent,
1442 2880 1721 2950 vellentque
1791 2882 1886 2936 sub

321 2971 590 3024 ca'libatus
619 2977 873 3038 pra'textu
905 2969 1142 3021 nonnulli
1163 2969 1380 3022 divortia
1404 2970 1598 3037 facere.
1622 2983 1669 3025 et
1698 2988 1886 3026 uxores

323 3062 607 3130 relinquere
634 3075 652 3112 :
687 3070 733 3112 et
774 3060 922 3112 multi
961 3061 1260 3128 idolothytis
1305 3072 1674 3116 uescerentur:
1700 3073 1746 3117 et
1793 3066 1888 3118 alii

321 3155 521 3207 exteris
554 3153 707 3222 plane
729 3154 1157 3222 contemptis,eos
1189 3154 1447 3205 duntaxat
1477 3155 1884 3222 demirarentur,

320 3252 413 3320 qui
457 3261 626 3305 essent
661 3250 955 3319 linguarum
990 3251 1218 3318 gratiam
1264 3255 1525 3304 consecuti
1553 3267 1574 3306 :
1603 3262 1650 3305 et
1679 3293 1693 3317 ,
1747 3253 1883 3322 quod

320 3354 432 3394 erat
463 3340 843 3405 detestabilius,
875 3356 1198 3409 nequaquam
1225 3342 1490 3394 crederent
1522 3342 1748 3395 humana
1774 3359 1888 3396 cor-
1914 3357 1962 3416 Β
2062 3361 2451 3416 colonum“,
2491 3363 2645 3415 ειίηνη
2702 3380 2766 3417 επ
2824 3363 2961 3419 Urbe
2988 3367 3188 3422 ιίιιεηη

321 3449 452 3495 pora
490 3439 602 3496 post
635 3442 850 3483 mortem
891 3440 1267 3484 resurrectura.
1300 3431 1379 3483 Ad
1408 3433 1612 3484 eosdem
1652 3435 1890 3501 deinceps

320 3533 372 3575 et
403 3524 566 3575 aliam
612 3539 676 3575 ex
725 3521 1032 3575 Macedonia
1080 3521 1280 3587 scribit,
1327 3522 1536 3589 quando
1578 3523 1784 3592 quidem
1829 3541 1894 3578 ex

321 3616 496 3681 priore
528 3614 812 3680 plurimum
844 3613 1181 3680 profecissent
1207 3628 1228 3666 :
1253 3613 1439 3682 quippe
1468 3631 1597 3683 quos
1623 3616 1892 3682 paeniteret

321 3705 509 3757 tandiu
548 3705 883 3771 fornicantem
931 3703 1079 3756 illum
1121 3704 1327 3768 tulisse,
1366 3707 1455 3757 sed
1488 3707 1680 3774 arrepti
1707 3707 1891 3762 deinde

320 3796 836 3849 seditiosissimorum
864 3796 1128 3847 hominum
1162 3810 1436 3862 persuasu,
1461 3795 1587 3864 legis
1621 3797 1886 3851 duntaxat

322 3888 513 3940 litteris
533 3886 865 3950 iuhwserunt,
883 3886 1264 3953 indi/ferentem
1280 3889 1637 3943 existimantes
1661 3895 1890 3960 gratiam

323 3994 440 4044 quis
473 3995 504 4028 a
530 3977 737 4030 Christo
763 3988 893 4030 esset
925 3978 982 4034 in
1013 3978 1206 4031 multos
1241 3979 1436 4032 collata
1460 3995 1479 4034 :
1501 3981 1624 4049 quin
1653 3985 1810 4036 etiam
1841 3995 1889 4038 et

323 4079 669 4136 pra-ceptores
709 4071 994 4122 admodum
1026 4069 1372 4137 jactitabant,
1417 4082 1465 4125 et
1513 4073 1693 4143 gloria:
1732 4078 1892 4130 duce-

325 4160 472 4224 bant,
500 4176 620 4213 cum
650 4161 834 4228 Apollo
865 4161 1044 4215 rellent
1075 4162 1151 4214 vel
1182 4160 1377 4232 Cephie-
1408 4175 1581 4231 partes
1621 4169 1804 4230 tutari,
1838 4169 1892 4222 id

323 4262 395 4304 est
409 4266 564 4303 suum
579 4251 796 4320 quisque
813 4267 961 4317 quem
985 4261 1272 4306 sectaretur
1286 4257 1555 4318 extollere,
1572 4260 1708 4311 unde
1727 4259 1891 4313 multa
1912 4284 1918 4290 ·

323 4351 468 4391 erant
497 4341 634 4392 inter
663 4344 755 4392 hos
785 4339 964 4392 oborta
991 4340 1212 4394 dissidia
1237 4358 1258 4396 :
1276 4345 1486 4412 alioqui
1513 4348 1568 4399 in
1591 4357 1887 4402 sanctorum

325 4430 629 4482 alimoniam
668 4432 873 4483 abunde
904 4441 951 4483 et
981 4428 1266 4486 liberaliter
1295 4437 1645 4502 conferebant.

396 4540 481 4594 Ex
503 4539 673 4594 Roma
706 4545 773 4592 ad
801 4541 1020 4596 Galatas
1047 4543 1251 4598 litteras
1276 4545 1440 4600 dedit.
1469 4545 1580 4600 Hos
1609 4549 1746 4602 enim
1771 4567 1885 4604 cum

323 4643 480 4686 antea
517 4635 586 4686 ad
614 4633 768 4702 ﬁdem
805 4650 961 4705 quam
1002 4637 1191 4702 Optime
1230 4637 1598 4703 instruxisset,
1633 4651 1680 4693 et
1715 4643 1886 4696 credi-

322 4727 515 4780 disserit
546 4743 606 4780 eo
633 4729 948 4796 pra'dicunte
976 4730 1030 4782 in
1060 4729 1327 4784 Christum
1366 4729 1552 4785 Jesum
1577 4773 1592 4797 ,
1622 4744 1736 4800 post
1773 4737 1885 4804 ejus

323 4818 606 4868 discessum
641 4832 760 4868 mox
803 4816 961 4884 lapsi,
1000 4818 1349 4886 improborum
1392 4824 1659 4877 hominum
1703 4843 1886 4895 sugge-

325 4911 492 4957 stione
519 4916 573 4958 ut
609 4923 663 4958 se
693 4907 1122 4961 circumciderent
1151 4911 1401 4978 compulsi
1423 4921 1564 4965 sunt.
1603 4916 1754 4979 Quod
1785 4917 1888 4969 uti-

321 5010 419 5061 que
451 4993 654 5047 Paulus
680 5011 816 5061 irgre
843 4995 1033 5061 ferens,
1066 4998 1188 5061 quia
1214 5009 1402 5062 printer
1425 5017 1572 5054 suam
1597 5003 1885 5058 institutio-

325 5102 438 5138 nem
472 5086 714 5153 egissent,
748 5088 955 5140 incusat
997 5089 1170 5141 acrius
1201 5093 1340 5158 quod
1377 5109 1430 5145 se
1456 5093 1723 5149 celerrime
1754 5097 1882 5151 adeo

323 5181 700 5229 immutassenl.

395 5289 480 5342 Ex
517 5288 654 5344 Urbe
693 5302 946 5359 pra'terea
994 5303 1042 5346 et
1081 5296 1150 5347 ad
1197 5295 1447 5365 Ephesios
1486 5303 1685 5365 scribit,
1743 5306 1882 5358 haud

322 5382 447 5432 dum
482 5390 654 5431 tamen
677 5396 766 5445 per
791 5397 843 5432 se
872 5383 1061 5445 adstas,
1103 5385 1194 5435 sed
1217 5387 1481 5440 auditione
1508 5388 1674 5441 solum
1705 5407 1877 5456 perce-

321 5481 434 5536 ptas
472 5469 648 5537 ﬁdeles
682 5486 809 5536 esse,
849 5479 896 5522 et
931 5469 1194 5525 Christum
1221 5473 1400 5527 Jesunt
1430 5477 1619 5540 Optime
1649 5481 1872 5545 credere,

315 5577 363 5616 et
396 5564 531 5615 mira
571 5564 798 5626 quadam
833 5564 884 5616 in
931 5576 1137 5617 sanctos
1182 5582 1356 5620 omnes
1409 5569 1541 5636 aﬁici
1590 5571 1876 5637 charitate,

317 5657 518 5722 alioqui
556 5672 587 5706 a
619 5672 672 5708 se
701 5671 976 5724 percupere
1009 5658 1060 5709 in
1089 5658 1190 5722 [ide
1213 5660 1309 5710 hac
1339 5662 1584 5714 stabiliri.
1622 5663 1877 5725 Quocirca

314 5760 361 5800 et
416 5749 508 5799 hos
555 5762 646 5815 per
695 5748 894 5800 litteras
945 5749 1194 5814 instruit,
1249 5753 1422 5817 aitque
1477 5755 1874 5825 haudquaquam

313 5838 726 5892 Commentitium
756 5854 888 5901 esse,
930 5849 1020 5892 aut
1067 5859 1228 5909 nupcr
1255 5844 1511 5897 inventum
1548 5848 1641 5900 hoc
1683 5850 1876 5905 Cluinti

685 5939 946 5997 Pnnon.
992 5942 1103 5999 Gn.
1153 5941 1416 6002 CXXIV.

1994 2125 2064 2174 ad
2097 2122 2189 2173 hos
2222 2122 2273 2172 in
2304 2120 2409 2187 ﬁde
2437 2120 2721 2186 ﬁrmandos
2764 2124 2989 2177 maxime
3027 2125 3254 2192 faciunt.

2065 2236 2145 2288 Ad
2186 2233 2545 2304 Philippenses
2587 2237 2797 2305 insuper
2834 2239 3037 2294 litteras
3087 2245 3245 2296 mittit
3285 2261 3349 2298 ex
3390 2245 3560 2312 Urbe,

1993 2344 2121 2394 quos
2160 2329 2365 2380 adierat
2399 2343 2544 2392 sane,
2578 2338 2625 2380 et
2663 2330 2729 2381 ad
2760 2330 2914 2394 [idem
2953 2334 3303 2388 instruxerat.
3335 2336 3430 2390 Uis
3463 2340 3565 2390 ita-

1993 2435 2089 2489 que
2127 2418 2299 2471 I’aulo
2345 2418 2445 2486 ipsi
2495 2429 2544 2471 et
2602 2419 2796 2472 sanctis
2845 2422 3106 2475 nonnullis
3148 2425 3564 2480 ministrantibus

1995 2512 2314 2573 necessaria,
2340 2513 2507 2563 exorti
2537 2522 2658 2564 sunt
2676 2513 2909 2580 quidam,
2943 2516 3032 2582 qui
3057 2518 3231 2581 pravis
3257 2522 3564 2587 persuasio.

1993 2605 2165 2665 nibus,
2199 2613 2245 2656 et
2285 2603 2377 2656 sub
2407 2603 2534 2670 legis
2564 2606 2748 2656 umbra
2788 2615 2834 2657 et
2865 2606 3258 2662 circuncisionis
3308 2612 3519 2665 obtentu
3545 2653 3561 2673 ,

1992 2695 2306 2760 simplicium
2335 2697 2681 2764 quorumdam
2713 2712 3092 2765 corrumperent
3130 2719 3304 2767 aures,
3330 2721 3567 2758 asseren-

1993 2799 2066 2841 tes
2101 2790 2352 2840 neminem
2388 2803 2534 2847 posse
2562 2788 2806 2858 sinealege
2827 2791 3145 2859 justiﬁcari.
3179 2794 3333 2858 Quod
3361 2794 3564 2850 Paulus

1993 2883 2237 2944 audiens,
2265 2879 2681 2947 Philippensium
2705 2888 2868 2949 primo
2891 2884 3044 2950 ﬁdem
3079 2888 3284 2954 probat,
3310 2898 3359 2940 et
3386 2906 3565 2941 eorum

1995 2992 2046 3030 se
2071 2977 2371 3028 memoriam
2401 2977 2586 3029 habere
2611 2977 2746 3030 inter
2773 2981 3085 3044 precandum
3117 2981 3313 3047 fatetur
3339 2999 3564 3035 comme-

1995 3078 2268 3137 moratque
2293 3069 2728 3137 quemadmodum
2752 3069 2929 3123 Itonia:
2957 3088 3066 3124 sese
3090 3089 3150 3124 ac
3182 3071 3378 3125 Christi
3404 3073 3561 3141 ﬁdem

1995 3168 2189 3212 tutatus
2228 3161 2317 3222 sit,
2357 3169 2404 3212 et
2452 3161 2540 3227 qui
2573 3171 2820 3227 praeterea
2852 3163 3051 3216 molesti
3086 3166 3186 3216 sibi
3235 3165 3289 3218 in
3341 3165 3562 3220 vinculis

1992 3251 2205 3320 fuerint.

3237 3370 3558 3439 impertitur,

1994 3453 2180 3518 quippe
2198 3469 2326 3522 quos
2353 3464 2577 3506 cerneret
2600 3469 2689 3522 per
2718 3457 2946 3510 homines
2964 3461 3223 3526 captioso:
3250 3469 3297 3514 et
3315 3462 3562 3516 subdolae

1995 3544 2143 3612 falsis
2183 3547 2496 3614 quibusdam
2549 3549 2867 3616 argumentis
2900 3551 3303 3607 circumventum
3348 3557 3436 3619 iri,
3469 3558 3561 3626 qui

1994 3637 2191 3691 Christi
2220 3639 2370 3706 ﬁdem
2405 3643 2729 3704 apertissime
2771 3640 2967 3696 Cra‘cis
3014 3648 3234 3713 argutiis
3282 3649 3559 3719 impugna-

1995 3737 2130 3792 rent,
2158 3745 2275 3781 cum
2307 3731 2434 3799 legis
2482 3732 2717 3784 umbram
2760 3746 2808 3787 et
2843 3752 2988 3789 escas
3029 3729 3562 3797 vetitai'sectarentur

1993 3831 2037 3872 et
2064 3822 2509 3874 rircumcisionem
2536 3824 2796 3892 eﬁ'errcnl.

2064 3937 2148 3987 Ex
2178 3935 2394 3988 Athenis
2421 3952 2539 3989 vero
2572 3925 3115 3994 Thessalonicensibus
3156 3941 3333 3996 scribit
3360 3983 3374 4008 ,
3419 3948 3562 4014 apud

1992 4039 2119 4093 quos
2153 4037 2306 4078 antea
2337 4026 2508 4094 fuerat
2560 4031 2758 4083 diutius
2800 4045 3150 4087 commoratus
3182 4045 3278 4089 :et
3313 4039 3560 4106 quoniam

1991 4106 2159 4170 multa
2199 4135 2313 4170 cum
2347 4120 2399 4171 in
2449 4120 2653 4180 Verria.
2701 4133 2808 4176 tum
2845 4124 3165 4181 Macedonia:
3199 4130 3407 4184 civitate
3433 4131 3559 4185 Plii-

1991 4207 2167 4276 lippis,
2195 4221 2302 4262 tum
2332 4209 2572 4263 Corinthi
2594 4222 2641 4264 et
2664 4211 3042 4270 Thessalonicae
3062 4218 3232 4285 fuerat
3261 4233 3552 4287 perpessus,

1991 4299 2182 4352 veritus
2221 4315 2283 4351 ne
2317 4298 2392 4351 rel
2421 4316 2483 4352 ex
2511 4303 2619 4354 suis
2654 4307 2907 4368 pressaris
2937 4307 3017 4359 illi
3044 4309 3224 4374 o/fensi
3257 4313 3398 4364 haud
3425 4317 3558 4367 satis

1991 4390 2204 4442 stabiles
2244 4390 2436 4456 forent,
2469 4393 2540 4444 rel
2574 4410 2787 4449 mmora
2818 4399 2980 4450 nimio
3023 4400 3083 4451 ob
3119 4415 3330 4454 suarum
3378 4421 3405 4457 e
3454 4407 3558 4458 vita

1989 4485 2272 4535 discessum
2302 4483 2698 4549 conﬁcerentur,
2731 4506 2831 4556 quo
2858 4493 3033 4557 patrio
3071 4509 3212 4548 more
3233 4512 3280 4548 ci
3294 4510 3367 4550 rte
3394 4499 3560 4563 pluri-

1988 4590 2128 4627 mum
2169 4581 2516 4645 angebantur,
2566 4577 2887 4632 Timotheum
2941 4598 3054 4634 cum
3105 4587 3324 4648 epistola
3369 4591 3441 4641 ad
3468 4607 3554 4643 eos

1990 4665 2212 4730 dimisit,
2253 4681 2303 4720 ut
2337 4669 2388 4722 in
2417 4669 2518 4736 ﬁde
2559 4668 2979 4736 obﬁrmarcntur,
3022 4689 3084 4725 ne
3110 4689 3368 4743 quoquam
3403 4694 3554 4744 pacto

1992 4759 2054 4810 ab
2089 4774 2147 4810 ea
2176 4761 2544 4823 desciscerent,
2575 4761 2680 4812 sive
2715 4762 2818 4827 ipsi
2846 4762 3240 4830 aﬁlictarentur,
3275 4770 3381 4820 sire
3421 4772 3550 4822 alios

1990 4860 2256 4902 cernerent
2295 4851 2533 4918 aﬁ‘lictari
2578 4854 2967 4921 :hortaturque
3011 4867 3066 4908 ut
3115 4859 3360 4912 ducerent
3394 4863 3550 4918 ritam

1989 4941 2422 5006 quemadmodum
2458 4958 2487 4993 a
2515 4958 2570 4995 se
2597 4945 2928 5009 accepissent.
2964 4945 3370 5016 Commonefacit
3403 4953 3549 5004 insu-

1988 5047 2096 5098 per,
2133 5047 2193 5083 ne
2230 5035 2461 5101 graviter
2509 5034 2678 5096 ferant
2730 5039 3058 5089 morientium
3097 5056 3271 5091 castam
3299 5077 3313 5103 ,
3359 5054 3403 5094 et
3441 5045 3547 5094 alia

1987 5125 2246 5192 pleraque.
2282 5124 2360 5176 Ad
2390 5128 2596 5180 eosdem
2623 5129 2817 5181 idcirco
2846 5146 2908 5181 ex
2937 5129 3070 5184 Urbe
3099 5142 3146 5184 et
3179 5135 3340 5185 aliam
3365 5137 3544 5188 scribit

1996 5216 2307 5284 lfpistolam,
2331 5218 2455 5284 quia
2489 5224 2628 5287 apud
2649 5237 2732 5273 eos
2763 5234 2908 5274 erant
2930 5225 3164 5278 nonnulli
3191 5229 3448 5296 segniores
3477 5233 3544 5283 ad

1987 5306 2195 5371 bonum,
2237 5318 2283 5360 et
2313 5311 2507 5362 nullius
2536 5313 2779 5364 momenti
2814 5315 2928 5375 riri,
2969 5317 3054 5383 qui
3085 5317 3217 5370 alios
3258 5323 3391 5371 mira
3433 5334 3546 5375 artc

1980 5398 2248 5466 fallebant,
2293 5409 2584 5452 astruentes
2612 5402 2841 5470 jumjam
2891 5410 3086 5457 instare
3117 5406 3308 5460 Citriin
3347 5410 3544 5462 adcen-

1985 5500 2112 5550 tum,
2143 5491 2293 5558 cujus
2325 5502 2369 5544 et
2398 5490 2618 5544 Paulum
2648 5493 2781 5559 falso
2827 5501 3151 5550 testabantur
3182 5511 3464 5566 auctorem,
3497 5509 3546 5556 et

1986 5596 2094 5632 sese
2125 5582 2258 5634 idem
2289 5585 2582 5652 cognovisse
2606 5601 2695 5652 per
2721 5587 2975 5652 Spiritum
3009 5591 3358 5657 afﬁrmabant.
3385 5596 3547 5661 Cujus

1989 5673 2062 5724 rei
2089 5674 2278 5725 certior
2312 5673 2478 5741 [uetus
2511 5675 2810 5741 Apostolus,
2845 5695 2933 5745 per
2974 5679 3175 5734 litteras
3218 5681 3548 5734 Thessalum-

1987 5762 2212 5813 rensium
2240 5765 2408 5827 primo
2441 5766 2722 5820 adauctam
2758 5767 2911 5835 ﬁdem
2952 5771 3242 5839 collaudat,
3285 5786 3330 5826 et
3377 5775 3546 5841 gloria

1985 5856 2125 5906 ducit
2160 5857 2297 5923 quod
2333 5856 2523 5911 Christi
2565 5863 2626 5914 ob
2669 5865 2890 5930 gratiam
2935 5864 3150 5918 viriliter
3181 5865 3370 5932 ferrent
3408 5882 3548 5936 pres-

3113 5965 3172 6021 11
