4284 6450
287 412 392 474 333
1615 401 2175 461 PREFATIONES.
3407 389 3506 458 335

287 521 612 586 versionis
651 525 937 580 tenorem
989 516 1298 577 intactum
1348 513 1739 592 relinquant.
1782 516 2120 576 Nonnulla:
2164 524 2372 576 tamen
2423 521 2571 574 sunt
2609 513 2797 587 paulo
2855 510 3185 582 fusiores;
3240 526 3512 588 quarum

287 619 573 680 Latinam
629 613 997 675 versionem
1050 627 1082 671 a
1132 611 1300 670 dicto
1347 610 1674 670 Bonifacio
1715 611 1945 668 Finetli
2005 613 2224 668 ιἐιριεξιη
2270 629 2391 669 non
2441 609 3040 686 praetermittimus;
3091 615 3199 668 sed
3254 624 3389 667 eam
3437 625 3509 667 au

285 719 522 776 calcem
561 713 806 789 paginas
846 708 1174 786 ponimus,
1225 723 1306 766 ne
1339 706 1621 781 ipsarum
1673 707 2052 765 variantium
2113 708 2456 766 iti-tzitinlim
2504 706 2737 764 seriem
2799 705 3163 782 initumque
3218 706 3509 765 ordinem

286 811 845 884 abrumperemus.
901 804 991 863 Ex
1022 800 1379 863 fusioribus
1428 800 1603 862 hisce
1639 802 2035 862 variantibus
2085 805 2468 863 lectionibus
2501 802 2640 860 aliae
2677 809 2827 861 sunt
2883 800 3054 860 velut
3084 803 3372 876 quaedam
3409 805 3516 863 ad-

285 909 660 975 ditamenta,
697 919 840 981 quae
877 899 1000 979 ipsi
1038 901 1250 960 textui
1295 900 1466 959 edito
1519 899 1720 960 inseri
1775 915 2056 967 possem,
2095 917 2372 974 cursuque.
2426 897 2776 974 pleniorem
2833 898 3139 970 reddere;
3191 898 3333 959 alim
3365 915 3516 961 vero

289 1008 438 1061 sunt
494 999 706 1076 potius
745 997 1017 1056 diversa)
1061 994 1522 1069 expositiones,
1566 1003 1673 1054 aut
1707 1012 1941 1053 ('iﬂtitllli
1985 1006 2172 1054 et:..ru
2226 996 2430 1059 nuoad
2482 1010 2767 1062 sensum,
2821 995 2926 1052 sed
2984 995 3193 1054 verbis
3239 995 3515 1056 diversis

291 1111 653 1170 expressas;
690 1101 749 1152 et
787 1092 1046 1170 quidem
1085 1091 1272 1150 modo
1302 1090 1648 1167 ampliores
1691 1089 2210 1164 expositionibus
2250 1100 2460 1148 textus
2509 1089 2700 1157 editi;
2754 1089 2940 1146 modo
2987 1090 3336 1160 breviores,
3375 1108 3517 1168 quae

289 1191 541 1250 scilicet
603 1196 841 1248 textum
901 1185 1143 1246 editum
1214 1185 1409 1246 veluti
1475 1185 1856 1262 compendio
1911 1193 2237 1245 exhibent.
2302 1185 2714 1261 Persiiicuutn
2784 1183 3020 1244 idcirco
3082 1195 3199 1258 est,
3267 1187 3515 1248 codices

291 1288 637 1363 plerosque
669 1284 781 1362 qui
821 1283 938 1344 hos
971 1283 1476 1345 Commentarios
1511 1283 1867 1348 continent.
1908 1282 2421 1359 interpolatrices
2462 1301 2684 1343 manus
2724 1292 3019 1360 expertos
3054 1303 3193 1345 esse
3232 1308 3243 1345 :
3293 1303 3508 1365 neque

293 1382 468 1441 enim
530 1382 665 1442 ﬁeri
723 1387 932 1459 potest
974 1388 1042 1440 ut
1100 1387 1222 1439 tam
1277 1378 1604 1439 breviores
1648 1395 1836 1454 quam
1903 1378 2181 1439 fusiores
2241 1380 2676 1457 expositiones
2734 1379 3102 1457 hujusmodi
3165 1382 3241 1440 ab
3295 1385 3515 1441 eadem

294 1477 761 1554 TheOphylacti
817 1492 1008 1536 manu
1067 1473 1450 1536 efﬂuxerint.
1505 1475 1622 1534 Sed
1679 1490 1971 1550 quasnam
2039 1475 2514 1556 Theophylacto
2569 1477 2695 1537 sint
2752 1478 3166 1546 ascribendm,
3222 1498 3515 1554 quasnam

294 1572 741 1651 interpolatori
797 1572 1014 1641 alicui,
1055 1588 1266 1643 nemo,
1302 1586 1443 1629 meo
1477 1570 1744 1647 judicio,
1787 1572 2052 1632 debuire
2095 1583 2324 1650 potest,
2365 1576 2466 1634 cui
2513 1592 2640 1652 prce
2682 1575 2973 1634 manibus
3010 1593 3134 1636 non
3178 1577 3260 1638 sit
3305 1579 3516 1653 ipsum

293 1669 758 1747 Theopbylacti
806 1666 1297 1744 antegraphum.
1335 1667 1555 1743 Neque
1596 1666 1767 1723 enim
1806 1667 1876 1725 ad
1917 1667 1975 1725 id
2011 1667 2162 1725 satis
2204 1684 2343 1726 esse
2381 1676 2701 1742 putamus,
2741 1668 3038 1742 majorem
3074 1669 3310 1729 codicis
3343 1681 3520 1730 vetu-

300 1774 561 1834 statem;
602 1773 730 1826 tum
765 1764 935 1841 quod
983 1761 1238 1824 difﬁcile
1273 1762 1375 1830 sit,
1417 1778 1552 1820 eam
1591 1761 1978 1838 exploratam
2017 1762 2169 1820 satis
2206 1762 2460 1833 habere,
2501 1779 2642 1822 cum
2692 1779 2857 1838 saepe
2894 1766 3226 1824 vetustatis
3264 1767 3522 1827 incertzn

296 1864 430 1923 sint
461 1872 626 1924 notae
660 1886 673 1921 :
711 1869 840 1922 tum
881 1862 1052 1939 quod
1090 1859 1405 1920 recentior
1436 1860 1632 1919 codex
1672 1859 1993 1918 sincerum
2031 1876 2172 1916 esse
2214 1859 2409 1933 possit
2453 1859 2823 1918 vetustioris
2856 1876 2924 1920 ac
2965 1861 3249 1937 purioris
3281 1863 3518 1923 codicis

300 1961 765 2040 apograpbum.
823 1960 883 2020 Si
930 1959 1070 2036 quis
1118 1965 1329 2018 tamen
1370 1956 1699 2017 breviores
1746 1963 1992 2030 cxposnt

1831 1955 2180 2030 posntiorles
2222 1953 2436 2031 potius
2487 1971 2675 2032 quam
2720 1955 3019 2026 fusiores,
3055 1955 3515 2034 TilCOpiiyiﬂfli

305 2075 446 2117 esse
508 2056 686 2126 velit,
733 2073 846 2116 nec
878 2055 985 2114 ille
1029 2071 1156 2112 rem
1207 2052 1356 2112 satis
1391 2051 1807 2112 verisimilem
1846 2051 2218 2122 omnesut,
2260 2060 2477 2128 utpote
2519 2052 2997 2120 compendiario
3047 2054 3519 2114 commentandi

298 2154 521 2231 generi
572 2171 701 2230 quo
733 2153 1169 2213 delectabatur
1219 2148 1735 2226 'l‘heOphylactus
1781 2156 1838 2207 et
1884 2146 2228 2222 ιῖιιωδωὶίω
2271 2146 2334 2206 in
2384 2146 2555 2206 bisce
2593 2149 3105 2221 Commentariis,
3145 2148 3254 2226 qui
3301 2150 3364 2210 in
3405 2151 3521 2209 ali-

299 2252 539 2327 quibus
572 2249 902 2310 codicibus
943 2256 1231 2323 Ἐξήγησις
1270 2257 1328 2305 ὲν
1352 2256 1605 2322 ἐπιτομῇ,
1641 2244 1991 2320 Compe-ndii

1913 2242 2118 2301 diaria
2160 2244 2498 2319 Expositio
2536 2244 3000 2318 inscribuntur,
3035 2248 3324 2326 apprime
3363 2264 3517 2310 con-
3599 2307 3603 2312 .

298 2355 693 2408 sentaneam.
729 2343 913 2418 Quod
951 2344 1004 2403 si
1034 2343 1153 2405 hoc
1189 2357 1410 2403 verum
1446 2342 1550 2412 sit,
1585 2340 1780 2402 habes
1816 2339 2123 2418 profecto,
2157 2339 2470 2400 benevole
2499 2340 2819 2411 Lector,in
2851 2341 3264 2404 Variantibus
3298 2343 3523 2406 lectio-

301 2443 496 2504 nibus
551 2441 792 2504 nostris
867 2439 1307 2519 expositiones
1371 2439 1617 2516 aliquot
1676 2437 1774 2508 iis,
1833 2454 1977 2515 qum
2040 2436 2104 2496 in
2162 2436 2332 2496 edito
2393 2445 2566 2497 textu
2637 2436 2993 2511 habentur,
3059 2439 3174 2500 hoc
3232 2439 3520 2515 nomine,

304 2539 755 2618 praferendas.
803 2537 1284 2599 Animadt'ertas
1335 2535 1436 2596 hic
1469 2551 1641 2605 vero,
1679 2549 1817 2604 nos,
1854 2552 1994 2602 cum
2044 2535 2211 2597 edita
2259 2537 2389 2596 loca
2424 2536 2960 2614 respondentibus
3012 2537 3135 2599 sibi
3184 2537 3249 2601 in
3303 2548 3522 2605 nostro

304 2637 522 2699 codice
568 2637 850 2697 textibus
902 2634 1214 2712 ampliora
1264 2639 1439 2706 sunt,
1492 2649 1900 2710 nequaquam
1959 2633 2200 2710 integra
2248 2632 2511 2703 referre,
2573 2649 2652 2692 ne
2710 2632 2904 2691 nimis
2939 2633 3119 2694 vacui
3170 2649 3204 2693 e
3259 2637 3522 2715 regione

307 2732 724 2810 respondeat;
765 2731 874 2792 sed
921 2729 1198 2806 demptis
1237 2729 1321 2791 iis
1352 2745 1497 2806 quea
1530 2729 1596 2790 in
1647 2728 1860 2789 medio
1893 2740 2073 2801 sunt,
2109 2747 2330 2791 eorum
2371 2730 2722 2792 absentiam
2779 2731 3028 2808 punctis
3076 2734 3321 2812 aliquot
3350 2739 3526 2800 ordi‘

303 2831 499 2892 natim
537 2829 765 2909 positis
795 2829 1174 2891 indicamus.
1213 2828 1429 2890 Codex
1454 2830 1624 2889 unde
1653 2826 1751 2889 hie
1783 2825 2096 2888 variantes
2133 2827 2433 2889 lectiones
2462 2829 2814 2905 desumpta-3
2844 2837 3018 2901 sunt,
3053 2830 3142 2891 nil
3201 2832 3525 2910 peculiare

309 2927 496 2988 habet
528 2933 695 3004 quod
735 2925 837 2987 hic
871 2931 1431 2988 commemoretur.
1460 2924 1840 2986 Chartaceus
1875 2923 1928 2982 is
1963 2931 2078 2992 est,
2118 2932 2177 2983 et
2215 2942 2317 2984 xrv
2352 2925 2605 2985 circiter
2635 2926 2871 2986 saaculo
2909 2927 3186 3004 scriptus
3221 2941 3526 2994 censetur

309 3042 340 3084 a
397 3023 547 3083 clar.
613 3023 766 3082 viris
817 3022 929 3100 qui
982 3022 1570 3098 Manuacriptorum
1621 3018 1982 3081 Grecorum
2030 3019 2416 3082 bibliothecae
2453 3023 2518 3082 S.
2569 3020 2780 3084 Marci
2822 3023 3189 3104 Catalogum
3239 3026 3524 3089 edidere.

310 3120 645 3180 Variantes
687 3119 996 3180 lectiones
1042 3123 1289 3181 nostras
1337 3115 1672 3194 excipiunt
1720 3117 2218 3178 Observationes
2269 3119 2474 3180 Latini
2518 3120 2784 3191 Latinii,
2851 3136 3010 3199 quas
3064 3129 3133 3182 ut
3195 3123 3262 3184 in
3315 3123 3527 3202 primo

308 3226 505 3287 tome,
543 3216 626 3275 ita
663 3221 723 3275 et
766 3215 829 3275 in
874 3215 996 3275 isto
1029 3213 1458 3291 apponimus,
1495 3228 1575 3272 ne
1622 3211 1776 3288 quid
1821 3213 1894 3273 ad
1942 3215 2246 3278 editionis
2285 3225 2518 3276 nostrae
2555 3227 3006 3279 ornamentum
3059 3218 3465 3283 desideretur
3511 3244 3527 3282 :

309 3329 433 3388 qua
499 3319 576 3370 de
636 3327 825 3371 causa
897 3309 1350 3387 praemittimus
1426 3308 1615 3368 etiam
1685 3325 1813 3370 non
1873 3310 2079 3371 solum
2151 3311 2431 3390 Philippi
2507 3314 2791 3375 Montani
2866 3315 3349 3393 Prasfationem,
3415 3335 3530 3381 ve-

309 3427 449 3470 rum
502 3410 691 3470 etiam
743 3409 1085 3481 Adnotata,
1135 3406 1322 3486 queis
1365 3406 1706 3485 cujuslibet
1754 3407 2055 3485 Epistolas
2102 3418 2549 3485 argumentum
2602 3413 2820 3489 paucis
2864 3413 3226 3488 exhibetur,
3258 3422 3318 3477 et
3360 3417 3529 3479 unde

306 3505 583 3583 singulm
639 3505 893 3583 scriptas
949 3507 1119 3576 sint,
1183 3503 1538 3575 indicatur,
1598 3520 1741 3582 quas
1803 3523 1946 3566 cum
2025 3513 2271 3567 exsteut
2328 3507 2396 3569 in
2459 3507 2857 3571 editionibus
2922 3511 3225 3573 omnibus
3289 3512 3530 3576 Latinis

309 3618 468 3678 quas
518 3602 822 3672 vidimus,
850 3599 1225 3662 Cbristofori
1261 3597 1621 3673 Porsenna,
1676 3601 1786 3677 qui
1847 3601 2098 3680 primus
2138 3601 2329 3665 hosce
2389 3606 2894 3667 Commentarios
2952 3608 3168 3670 Latine
3208 3610 3533 3674 transtulit

309 3710 502 3775 atque
561 3697 876 3772 vulgavit,
922 3715 1061 3758 esse
1112 3706 1432 3774 putamus.
1482 3699 1749 3758 Tomum
1799 3699 2081 3776 denique
2129 3699 2435 3762 claudunt
2486 3703 2614 3762 duo
2672 3701 2945 3777 Indices,
3005 3704 3268 3768 Latinus
3335 3724 3530 3780 unus,

309 3797 570 3856 Oramus
627 3795 819 3864 alter;
889 3804 1187 3871 uterque,
1243 3793 1788 3872 locupletissimus
1849 3818 1863 3856 :
1917 3811 2048 3873 quo
2095 3795 2190 3856 vel
2232 3796 2849 3862 solo~additamento
2905 3799 3071 3863 haud
3127 3808 3533 3880 parum'sese

310 3891 514 3952 editio
561 3897 773 3951 nostra
825 3906 1018 3968 supra
1063 3898 1318 3952 caeteras
1362 3890 1788 3952 commendat.
1823 3891 1941 3953 Sed
1990 3907 2118 3954 non
2161 3902 2254 3955 est
2287 3911 2400 3956 cur
2429 3895 2724 3973 pluribus
2765 3904 2823 3960 te
2859 3897 3284 3974 detineamus,
3329 3901 3533 3965 amice

310 3990 558 4049 Lector.
593 3988 727 4048 Jam
766 3987 980 4048 fruere
1014 3987 1332 4065 preclaris
1375 3987 1550 4048 hisce
1587 3987 2081 4052 Commentariis
2135 4012 2148 4049 :
2201 4004 2262 4050 et
2294 3997 2533 4053 tomum
2589 3994 2877 4070 tertium,
2924 3998 3038 4075 qui
3077 3997 3384 4078 pleraque
3433 4000 3530 4060 vel

310 4101 577 4162 prorsus
610 4084 870 4156 inedita,
900 4084 995 4145 vel
1037 4085 1358 4147 rarissima
1393 4086 1871 4164 complectetur,
1908 4083 2081 4149 brevi
2119 4087 2460 4150 intervallo
2495 4093 2800 4170 temporis
2824 4099 3224 4171 secuturum,
3260 4109 3530 4160 securus

309 4189 630 4258 exspecta.
669 4179 932 4240 Interim
969 4181 1130 4242 vale.
