  <div class='ocr_page' id='page_1' title='image "/cluster/home/n/w/nwhite01/storage/ocr_20150623/124/nnc1.0046979735/178.png"; bbox 0 0 4284 6450; ppageno 0'>
   <div class='ocr_carea' id='block_1_1' title="bbox 349 391 454 458">
    <p class='ocr_par' dir='ltr' id='par_1_1' title="bbox 349 391 454 458">
     <span class='ocr_line' id='line_1_1' title="bbox 349 391 454 458; baseline -0.01 0"><span class='ocrx_word' id='word_1_1' title='bbox 349 391 454 458; x_wconf 85' lang='lat'><strong>337</strong></span> 
     </span>
    </p>
   </div>
   <div class='ocr_carea' id='block_1_2' title="bbox 1209 393 2742 463">
    <p class='ocr_par' dir='ltr' id='par_1_2' title="bbox 1209 393 2742 463">
     <span class='ocr_line' id='line_1_2' title="bbox 1209 393 2742 463; baseline 0.005 -9"><span class='ocrx_word' id='word_1_2' title='bbox 1209 393 1611 455; x_wconf 85' lang='lat' dir='ltr'><strong>EXPOSITIO</strong></span> <span class='ocrx_word' id='word_1_3' title='bbox 1652 393 1734 452; x_wconf 81' lang='lat' dir='ltr'><strong>IN</strong></span> <span class='ocrx_word' id='word_1_4' title='bbox 1777 395 1868 454; x_wconf 86' lang='grc' dir='ltr'><strong>ΕΡ</strong></span> <span class='ocrx_word' id='word_1_5' title='bbox 1884 395 2016 457; x_wconf 91' lang='lat' dir='ltr'><strong>[ST.</strong></span> <span class='ocrx_word' id='word_1_6' title='bbox 2055 395 2154 455; x_wconf 86' lang='lat' dir='ltr'><strong>AD</strong></span> <span class='ocrx_word' id='word_1_7' title='bbox 2190 395 2371 456; x_wconf 73' lang='lat' dir='ltr'><strong>ROM.</strong></span> <span class='ocrx_word' id='word_1_8' title='bbox 2412 423 2479 434; x_wconf 87' lang='grc'><strong><em>--</em></strong></span> <span class='ocrx_word' id='word_1_9' title='bbox 2513 401 2671 463; x_wconf 82' lang='lat' dir='ltr'><strong>CAP.</strong></span> <span class='ocrx_word' id='word_1_10' title='bbox 2700 403 2742 461; x_wconf 89' lang='lat' dir='ltr'><strong>I.</strong></span> 
     </span>
    </p>
   </div>
   <div class='ocr_carea' id='block_1_3' title="bbox 3497 402 3602 476">
    <p class='ocr_par' dir='ltr' id='par_1_3' title="bbox 3497 402 3602 476">
     <span class='ocr_line' id='line_1_3' title="bbox 3497 402 3602 476; baseline 0.019 -2"><span class='ocrx_word' id='word_1_11' title='bbox 3497 402 3602 476; x_wconf 74' lang='lat'><strong>338</strong></span> 
     </span>
    </p>
   </div>
   <div class='ocr_carea' id='block_1_4' title="bbox 3209 569 3559 586">
    <p class='ocr_par' dir='ltr' id='par_1_4' title="bbox 3209 569 3559 586">
     <span class='ocr_line' id='line_1_4' title="bbox 3209 569 3559 586; baseline 0.006 -6"><span class='ocrx_word' id='word_1_12' title='bbox 3209 569 3559 586; x_wconf 63' lang='lat'><strong>_——‘</strong></span> 
     </span>
    </p>
   </div>
   <div class='ocr_carea' id='block_1_5' title="bbox 816 741 3144 864">
    <p class='ocr_par' dir='ltr' id='par_1_5' title="bbox 816 741 3144 864">
     <span class='ocr_line' id='line_1_5' title="bbox 816 741 3144 864; baseline -0 -1"><span class='ocrx_word' id='word_1_13' title='bbox 816 741 1937 863; x_wconf 79' lang='lat' dir='ltr'><strong>THEOPHYLACTI‘</strong></span> <span class='ocrx_word' id='word_1_14' title='bbox 2012 745 3144 864; x_wconf 79' lang='lat' dir='ltr'><strong>COMMENTARIUS</strong></span> 
     </span>
    </p>
   </div>
   <div class='ocr_carea' id='block_1_6' title="bbox 1067 985 2864 1082">
    <p class='ocr_par' dir='ltr' id='par_1_6' title="bbox 1067 985 2864 1082">
     <span class='ocr_line' id='line_1_6' title="bbox 1067 985 2864 1082; baseline -0.001 -3"><span class='ocrx_word' id='word_1_15' title='bbox 1067 989 1196 1079; x_wconf 85' lang='lat' dir='ltr'><strong>IN</strong></span> <span class='ocrx_word' id='word_1_16' title='bbox 1278 985 1952 1080; x_wconf 83' lang='lat' dir='ltr'><strong>EPISTOLAM</strong></span> <span class='ocrx_word' id='word_1_17' title='bbox 2034 991 2178 1076; x_wconf 86' lang='lat' dir='ltr'><strong>AD</strong></span> <span class='ocrx_word' id='word_1_18' title='bbox 2257 990 2864 1082; x_wconf 79' lang='lat' dir='ltr'><strong>ROMANOS.</strong></span> 
     </span>
    </p>
   </div>
   <div class='ocr_carea' id='block_1_7' title="bbox 774 1345 1502 1402">
    <p class='ocr_par' dir='ltr' id='par_1_7' title="bbox 774 1345 1502 1402">
     <span class='ocr_line' id='line_1_7' title="bbox 774 1345 1502 1402; baseline 0.003 -4"><span class='ocrx_word' id='word_1_19' title='bbox 774 1346 1172 1402; x_wconf 79' lang='grc' dir='ltr'><strong>ΚΕΦΔΛΑῙΟΝ</strong></span> <span class='ocrx_word' id='word_1_20' title='bbox 1207 1345 1502 1400; x_wconf 85' lang='grc' dir='ltr'><strong>ΠΡΩΤΟΝ.</strong></span> 
     </span>
    </p>
   </div>
   <div class='ocr_carea' id='block_1_8' title="bbox 438 1458 1916 1530">
    <p class='ocr_par' dir='ltr' id='par_1_8' title="bbox 438 1458 1916 1530">
     <span class='ocr_line' id='line_1_8' title="bbox 438 1458 1916 1530; baseline 0.001 -20"><span class='ocrx_word' id='word_1_21' title='bbox 438 1478 455 1510; x_wconf 81' lang='grc' dir='ltr'>ι</span> <span class='ocrx_word' id='word_1_22' title='bbox 495 1458 729 1523; x_wconf 79' lang='grc' dir='ltr'>Παῦλος.</span> <span class='ocrx_word' id='word_1_23' title='bbox 764 1477 786 1512; x_wconf 73' lang='grc' dir='ltr'>ι</span> <span class='ocrx_word' id='word_1_24' title='bbox 815 1459 954 1514; x_wconf 75' lang='grc' dir='ltr'><strong>Οὔτε</strong></span> <span class='ocrx_word' id='word_1_25' title='bbox 981 1460 1008 1513; x_wconf 73' lang='grc' dir='ltr'><strong>ὁ</strong></span> <span class='ocrx_word' id='word_1_26' title='bbox 1036 1461 1262 1530; x_wconf 82' lang='grc' dir='ltr'><strong>Μωσῆς,</strong></span> <span class='ocrx_word' id='word_1_27' title='bbox 1291 1460 1413 1514; x_wconf 73' lang='grc' dir='ltr'>οὔτε</span> <span class='ocrx_word' id='word_1_28' title='bbox 1451 1460 1636 1512; x_wconf 77' lang='grc' dir='ltr'>πολλοὶ</span> <span class='ocrx_word' id='word_1_29' title='bbox 1659 1461 1767 1511; x_wconf 84' lang='grc' dir='ltr'><strong>τῶν</strong></span> <span class='ocrx_word' id='word_1_30' title='bbox 1799 1461 1916 1526; x_wconf 77' lang='grc' dir='ltr'>μετ’</span> 
     </span>
    </p>
   </div>
   <div class='ocr_carea' id='block_1_9' title="bbox 345 1551 1916 1623">
    <p class='ocr_par' dir='ltr' id='par_1_9' title="bbox 345 1551 1916 1623">
     <span class='ocr_line' id='line_1_9' title="bbox 345 1551 1916 1623; baseline -0.002 -17"><span class='ocrx_word' id='word_1_31' title='bbox 345 1555 527 1618; x_wconf 74' lang='grc' dir='ltr'>αὐτὸν,</span> <span class='ocrx_word' id='word_1_32' title='bbox 554 1553 670 1607; x_wconf 79' lang='grc' dir='ltr'>ἀλλ’</span> <span class='ocrx_word' id='word_1_33' title='bbox 703 1553 824 1606; x_wconf 76' lang='grc' dir='ltr'>οὐδὲ</span> <span class='ocrx_word' id='word_1_34' title='bbox 852 1555 900 1606; x_wconf 82' lang='grc' dir='ltr'>οἱ</span> <span class='ocrx_word' id='word_1_35' title='bbox 922 1555 1330 1623; x_wconf 72' lang='grc' dir='ltr'>εὐαγγελισταὶ,</span> <span class='ocrx_word' id='word_1_36' title='bbox 1366 1555 1434 1607; x_wconf 75' lang='grc' dir='ltr'><strong>τὰ</strong></span> <span class='ocrx_word' id='word_1_37' title='bbox 1465 1553 1704 1621; x_wconf 79' lang='grc' dir='ltr'>ὀνόματα</span> <span class='ocrx_word' id='word_1_38' title='bbox 1739 1551 1916 1604; x_wconf 78' lang='grc' dir='ltr'>αὐτῶν</span> 
     </span>
    </p>
   </div>
   <div class='ocr_carea' id='block_1_10' title="bbox 348 1645 1916 1717">
    <p class='ocr_par' dir='ltr' id='par_1_10' title="bbox 348 1645 1916 1717">
     <span class='ocr_line' id='line_1_10' title="bbox 348 1645 1916 1717; baseline -0.001 -17"><span class='ocrx_word' id='word_1_39' title='bbox 348 1648 735 1715; x_wconf 73' lang='grc' dir='ltr'>προτεθείκασι</span> <span class='ocrx_word' id='word_1_40' title='bbox 788 1648 894 1700; x_wconf 84' lang='grc' dir='ltr'><strong>τῶν</strong></span> <span class='ocrx_word' id='word_1_41' title='bbox 943 1647 1408 1717; x_wconf 81' lang='grc' dir='ltr'>συγγραμμάτων.</span> <span class='ocrx_word' id='word_1_42' title='bbox 1446 1647 1504 1700; x_wconf 86' lang='grc' dir='ltr'><strong>Ὀ</strong></span> <span class='ocrx_word' id='word_1_43' title='bbox 1536 1647 1592 1699; x_wconf 78' lang='grc' dir='ltr'>δὲ</span> <span class='ocrx_word' id='word_1_44' title='bbox 1651 1645 1916 1717; x_wconf 84' lang='grc' dir='ltr'>μακάριος</span> 
     </span>
    </p>
   </div>
   <div class='ocr_carea' id='block_1_11' title="bbox 344 1732 1916 1810">
    <p class='ocr_par' dir='ltr' id='par_1_11' title="bbox 344 1732 1916 1810">
     <span class='ocr_line' id='line_1_11' title="bbox 344 1732 1916 1810; baseline -0.001 -17"><span class='ocrx_word' id='word_1_45' title='bbox 344 1732 520 1805; x_wconf 70' lang='grc' dir='ltr'>οὗτος,</span> <span class='ocrx_word' id='word_1_46' title='bbox 554 1740 828 1810; x_wconf 79' lang='grc' dir='ltr'><strong>πανταχοῦ</strong></span> <span class='ocrx_word' id='word_1_47' title='bbox 859 1740 966 1794; x_wconf 82' lang='grc' dir='ltr'>τῶν</span> <span class='ocrx_word' id='word_1_48' title='bbox 1012 1739 1360 1802; x_wconf 83' lang='grc' dir='ltr'><strong>Ἐπιστολῶν,</strong></span> <span class='ocrx_word' id='word_1_49' title='bbox 1389 1739 1448 1792; x_wconf 78' lang='grc' dir='ltr'>τὸ</span> <span class='ocrx_word' id='word_1_50' title='bbox 1493 1737 1688 1793; x_wconf 79' lang='grc' dir='ltr'>ἑαυτοῦ</span> <span class='ocrx_word' id='word_1_51' title='bbox 1748 1740 1916 1809; x_wconf 72' lang='grc' dir='ltr'>ὄνομα</span> 
     </span>
    </p>
   </div>
   <div class='ocr_carea' id='block_1_12' title="bbox 344 1831 1916 1902">
    <p class='ocr_par' dir='ltr' id='par_1_12' title="bbox 344 1831 1916 1902">
     <span class='ocr_line' id='line_1_12' title="bbox 344 1831 1916 1902; baseline 0 -18"><span class='ocrx_word' id='word_1_52' title='bbox 344 1833 667 1902; x_wconf 74' lang='grc' dir='ltr'>προτίθησιο</span> <span class='ocrx_word' id='word_1_53' title='bbox 714 1833 846 1885; x_wconf 75' lang='grc' dir='ltr'>διότι</span> <span class='ocrx_word' id='word_1_54' title='bbox 893 1834 1090 1885; x_wconf 79' lang='grc' dir='ltr'><strong>ἐκεῖνοι</strong></span> <span class='ocrx_word' id='word_1_55' title='bbox 1129 1833 1226 1900; x_wconf 78' lang='grc' dir='ltr'><strong>μὲν</strong></span> <span class='ocrx_word' id='word_1_56' title='bbox 1280 1831 1417 1902; x_wconf 70' lang='grc' dir='ltr'>πρὸς</span> <span class='ocrx_word' id='word_1_57' title='bbox 1460 1833 1586 1893; x_wconf 81' lang='grc' dir='ltr'>τοὺς</span> <span class='ocrx_word' id='word_1_58' title='bbox 1642 1832 1916 1902; x_wconf 79' lang='grc' dir='ltr'><strong>παρόντας</strong></span> 
     </span>
    </p>
   </div>
   <div class='ocr_carea' id='block_1_13' title="bbox 345 1917 1918 1993">
    <p class='ocr_par' dir='ltr' id='par_1_13' title="bbox 345 1917 1918 1993">
     <span class='ocr_line' id='line_1_13' title="bbox 345 1917 1918 1993; baseline -0.001 -17"><span class='ocrx_word' id='word_1_59' title='bbox 345 1925 584 1991; x_wconf 70' lang='grc' dir='ltr'>ἔγραφον</span> <span class='ocrx_word' id='word_1_60' title='bbox 614 1941 626 1955; x_wconf 89' lang='grc'><strong>·</strong></span> <span class='ocrx_word' id='word_1_61' title='bbox 657 1917 811 1984; x_wconf 68' lang='grc' dir='ltr'>οὗτος</span> <span class='ocrx_word' id='word_1_62' title='bbox 861 1924 916 1974; x_wconf 85' lang='grc' dir='ltr'><strong>δὲ</strong></span> <span class='ocrx_word' id='word_1_63' title='bbox 971 1924 1057 1976; x_wconf 75' lang='grc' dir='ltr'>διὰ</span> <span class='ocrx_word' id='word_1_64' title='bbox 1103 1922 1317 1993; x_wconf 82' lang='grc' dir='ltr'><strong>μακροῦ</strong></span> <span class='ocrx_word' id='word_1_65' title='bbox 1357 1922 1426 1975; x_wconf 74' lang='grc' dir='ltr'><strong>τὰ</strong></span> <span class='ocrx_word' id='word_1_66' title='bbox 1488 1924 1791 1992; x_wconf 86' lang='grc' dir='ltr'>γράμματα</span> <span class='ocrx_word' id='word_1_67' title='bbox 1843 1923 1918 1975; x_wconf 90' lang='grc' dir='ltr'><strong>δι-</strong></span> 
     </span>
    </p>
   </div>
   <div class='ocr_carea' id='block_1_14' title="bbox 347 2013 1913 2082">
    <p class='ocr_par' dir='ltr' id='par_1_14' title="bbox 347 2013 1913 2082">
     <span class='ocr_line' id='line_1_14' title="bbox 347 2013 1913 2082; baseline 0 -17"><span class='ocrx_word' id='word_1_68' title='bbox 347 2019 650 2081; x_wconf 80' lang='grc' dir='ltr'>επέμπετο,</span> <span class='ocrx_word' id='word_1_69' title='bbox 679 2015 769 2065; x_wconf 70' lang='grc' dir='ltr'>καὶ</span> <span class='ocrx_word' id='word_1_70' title='bbox 814 2014 1038 2076; x_wconf 83' lang='grc' dir='ltr'><strong>εἰκότως</strong></span> <span class='ocrx_word' id='word_1_71' title='bbox 1089 2014 1180 2065; x_wconf 73' lang='grc' dir='ltr'><strong>τὸν</strong></span> <span class='ocrx_word' id='word_1_72' title='bbox 1234 2015 1396 2082; x_wconf 75' lang='grc' dir='ltr'>νόμον</span> <span class='ocrx_word' id='word_1_73' title='bbox 1424 2013 1518 2065; x_wconf 75' lang='grc' dir='ltr'><strong>τοῦ</strong></span> <span class='ocrx_word' id='word_1_74' title='bbox 1570 2013 1913 2065; x_wconf 80' lang='grc' dir='ltr'>ἐπιστολικοῦ</span> 
     </span>
    </p>
   </div>
   <div class='ocr_carea' id='block_1_15' title="bbox 344 2105 1911 2176">
    <p class='ocr_par' dir='ltr' id='par_1_15' title="bbox 344 2105 1911 2176">
     <span class='ocr_line' id='line_1_15' title="bbox 344 2105 1911 2176; baseline 0 -20"><span class='ocrx_word' id='word_1_75' title='bbox 344 2108 691 2174; x_wconf 72' lang='grc' dir='ltr'>χαρακτῆρος</span> <span class='ocrx_word' id='word_1_76' title='bbox 718 2107 976 2176; x_wconf 83' lang='grc' dir='ltr'><strong>ἐπλήρου.</strong></span> <span class='ocrx_word' id='word_1_77' title='bbox 1022 2106 1108 2158; x_wconf 86' lang='grc' dir='ltr'><strong>Ἐν</strong></span> <span class='ocrx_word' id='word_1_78' title='bbox 1141 2105 1323 2175; x_wconf 82' lang='grc' dir='ltr'>μέντοι</span> <span class='ocrx_word' id='word_1_79' title='bbox 1346 2109 1410 2174; x_wconf 84' lang='grc' dir='ltr'><strong>τῇ</strong></span> <span class='ocrx_word' id='word_1_80' title='bbox 1443 2105 1577 2175; x_wconf 78' lang='grc' dir='ltr'>πρὸς</span> <span class='ocrx_word' id='word_1_81' title='bbox 1609 2105 1911 2174; x_wconf 77' lang='grc' dir='ltr'>Ἐϐραίους,</span> 
     </span>
    </p>
   </div>
   <div class='ocr_carea' id='block_1_16' title="bbox 338 2190 1913 2268">
    <p class='ocr_par' dir='ltr' id='par_1_16' title="bbox 338 2190 1913 2268">
     <span class='ocr_line' id='line_1_16' title="bbox 338 2190 1913 2268; baseline -0.001 -20"><span class='ocrx_word' id='word_1_82' title='bbox 338 2198 403 2248; x_wconf 73' lang='grc' dir='ltr'><strong>οὐ</strong></span> <span class='ocrx_word' id='word_1_83' title='bbox 427 2200 571 2248; x_wconf 86' lang='grc' dir='ltr'>ποιεῖ</span> <span class='ocrx_word' id='word_1_84' title='bbox 597 2199 772 2251; x_wconf 77' lang='grc' dir='ltr'>τοῦτο.</span> <span class='ocrx_word' id='word_1_85' title='bbox 820 2197 1053 2268; x_wconf 82' lang='grc' dir='ltr'>Ἐπειδὴ</span> <span class='ocrx_word' id='word_1_86' title='bbox 1101 2199 1207 2266; x_wconf 76' lang='grc' dir='ltr'><strong>γὰρ</strong></span> <span class='ocrx_word' id='word_1_87' title='bbox 1273 2195 1528 2265; x_wconf 79' lang='grc' dir='ltr'><strong>ἀπεχθῶς</strong></span> <span class='ocrx_word' id='word_1_88' title='bbox 1574 2190 1725 2264; x_wconf 79' lang='grc' dir='ltr'>εἶχον</span> <span class='ocrx_word' id='word_1_89' title='bbox 1777 2196 1913 2265; x_wconf 69' lang='grc' dir='ltr'>πρδς</span> 
     </span>
    </p>
   </div>
   <div class='ocr_carea' id='block_1_17' title="bbox 343 2286 1913 2357">
    <p class='ocr_par' dir='ltr' id='par_1_17' title="bbox 343 2286 1913 2357">
     <span class='ocr_line' id='line_1_17' title="bbox 343 2286 1913 2357; baseline -0.001 -17"><span class='ocrx_word' id='word_1_90' title='bbox 343 2287 526 2344; x_wconf 64' lang='grc' dir='ltr'>αὑτὸν.</span> <span class='ocrx_word' id='word_1_91' title='bbox 564 2287 650 2340; x_wconf 84' lang='grc' dir='ltr'><strong>ἵνα</strong></span> <span class='ocrx_word' id='word_1_92' title='bbox 694 2288 764 2357; x_wconf 84' lang='grc' dir='ltr'><strong>μὴ</strong></span> <span class='ocrx_word' id='word_1_93' title='bbox 797 2287 890 2340; x_wconf 78' lang='grc' dir='ltr'><strong>τοῦ</strong></span> <span class='ocrx_word' id='word_1_94' title='bbox 927 2289 1189 2357; x_wconf 86' lang='grc' dir='ltr'>ὀνόματος</span> <span class='ocrx_word' id='word_1_95' title='bbox 1220 2287 1381 2349; x_wconf 82' lang='grc' dir='ltr'>εὐθὺς</span> <span class='ocrx_word' id='word_1_96' title='bbox 1411 2286 1742 2349; x_wconf 80' lang='grc' dir='ltr'>ἀκούσαντες</span> <span class='ocrx_word' id='word_1_97' title='bbox 1779 2287 1913 2338; x_wconf 81' lang='grc' dir='ltr'><strong>ἀπο·</strong></span> 
     </span>
    </p>
   </div>
   <div class='ocr_carea' id='block_1_18' title="bbox 343 2379 1911 2450">
    <p class='ocr_par' dir='ltr' id='par_1_18' title="bbox 343 2379 1911 2450">
     <span class='ocr_line' id='line_1_18' title="bbox 343 2379 1911 2450; baseline -0.001 -18"><span class='ocrx_word' id='word_1_98' title='bbox 343 2381 654 2447; x_wconf 69' lang='grc' dir='ltr'>πηδήσωσι,</span> <span class='ocrx_word' id='word_1_99' title='bbox 707 2381 940 2450; x_wconf 76' lang='grc' dir='ltr'><strong>κρύπτει</strong></span> <span class='ocrx_word' id='word_1_100' title='bbox 971 2381 1130 2432; x_wconf 74' lang='grc' dir='ltr'>τοῦτο</span> <span class='ocrx_word' id='word_1_101' title='bbox 1180 2383 1237 2432; x_wconf 88' lang='grc' dir='ltr'><strong>ὲν</strong></span> <span class='ocrx_word' id='word_1_102' title='bbox 1286 2381 1614 2450; x_wconf 77' lang='grc' dir='ltr'><strong>προοιμίοις.</strong></span> <span class='ocrx_word' id='word_1_103' title='bbox 1646 2380 1802 2442; x_wconf 87' lang='grc' dir='ltr'>Τίνος</span> <span class='ocrx_word' id='word_1_104' title='bbox 1855 2379 1911 2432; x_wconf 86' lang='grc' dir='ltr'>δὲ</span> 
     </span>
    </p>
   </div>
   <div class='ocr_carea' id='block_1_19' title="bbox 340 2470 1911 2540">
    <p class='ocr_par' dir='ltr' id='par_1_19' title="bbox 340 2470 1911 2540">
     <span class='ocr_line' id='line_1_19' title="bbox 340 2470 1911 2540; baseline 0.001 -17"><span class='ocrx_word' id='word_1_105' title='bbox 340 2472 505 2523; x_wconf 70' lang='grc' dir='ltr'>ἕνεκα</span> <span class='ocrx_word' id='word_1_106' title='bbox 541 2473 647 2524; x_wconf 79' lang='grc' dir='ltr'><strong>ἀπὸ</strong></span> <span class='ocrx_word' id='word_1_107' title='bbox 665 2472 868 2524; x_wconf 73' lang='grc' dir='ltr'>Σαύλου</span> <span class='ocrx_word' id='word_1_108' title='bbox 898 2470 1105 2533; x_wconf 76' lang='grc' dir='ltr'>Παῦλος</span> <span class='ocrx_word' id='word_1_109' title='bbox 1138 2471 1343 2540; x_wconf 76' lang='grc' dir='ltr'><strong>ἐκλήθη</strong></span> <span class='ocrx_word' id='word_1_110' title='bbox 1374 2489 1388 2536; x_wconf 89' lang='lat'><strong>;</strong></span> <span class='ocrx_word' id='word_1_111' title='bbox 1433 2472 1547 2524; x_wconf 85' lang='grc' dir='ltr'><strong>Ἵνα</strong></span> <span class='ocrx_word' id='word_1_112' title='bbox 1597 2471 1730 2540; x_wconf 84' lang='grc' dir='ltr'>μηδὲ</span> <span class='ocrx_word' id='word_1_113' title='bbox 1770 2470 1911 2524; x_wconf 83' lang='grc' dir='ltr'>κατὰ</span> 
     </span>
    </p>
   </div>
   <div class='ocr_carea' id='block_1_20' title="bbox 339 2562 1911 2633">
    <p class='ocr_par' dir='ltr' id='par_1_20' title="bbox 339 2562 1911 2633">
     <span class='ocr_line' id='line_1_20' title="bbox 339 2562 1911 2633; baseline 0.001 -21"><span class='ocrx_word' id='word_1_114' title='bbox 339 2562 501 2614; x_wconf 76' lang='grc' dir='ltr'>τοῦτο</span> <span class='ocrx_word' id='word_1_115' title='bbox 537 2562 814 2633; x_wconf 77' lang='grc' dir='ltr'>ὲλαττωοῇ</span> <span class='ocrx_word' id='word_1_116' title='bbox 843 2563 937 2616; x_wconf 79' lang='grc' dir='ltr'>τοῦ</span> <span class='ocrx_word' id='word_1_117' title='bbox 974 2564 1270 2632; x_wconf 82' lang='grc' dir='ltr'>κορυφαίου</span> <span class='ocrx_word' id='word_1_118' title='bbox 1288 2563 1396 2615; x_wconf 83' lang='grc' dir='ltr'>τῶν</span> <span class='ocrx_word' id='word_1_119' title='bbox 1431 2563 1762 2627; x_wconf 78' lang='grc' dir='ltr'><strong>ἀποστόλων,</strong></span> <span class='ocrx_word' id='word_1_120' title='bbox 1795 2565 1911 2614; x_wconf 84' lang='grc' dir='ltr'><strong>ὲπι-</strong></span> 
     </span>
    </p>
   </div>
   <div class='ocr_carea' id='block_1_21' title="bbox 340 2651 1909 2722">
    <p class='ocr_par' dir='ltr' id='par_1_21' title="bbox 340 2651 1909 2722">
     <span class='ocr_line' id='line_1_21' title="bbox 340 2651 1909 2722; baseline 0.003 -22"><span class='ocrx_word' id='word_1_121' title='bbox 340 2651 636 2720; x_wconf 71' lang='grc' dir='ltr'><strong>κληθέντος</strong></span> <span class='ocrx_word' id='word_1_122' title='bbox 693 2655 878 2720; x_wconf 82' lang='grc' dir='ltr'>Κηφᾶ,</span> <span class='ocrx_word' id='word_1_123' title='bbox 954 2653 982 2704; x_wconf 87' lang='grc' dir='ltr'><strong>δ</strong></span> <span class='ocrx_word' id='word_1_124' title='bbox 1020 2653 1380 2722; x_wconf 72' lang='grc' dir='ltr'><strong>ἑρμηνεύεται</strong></span> <span class='ocrx_word' id='word_1_125' title='bbox 1410 2673 1426 2703; x_wconf 77' lang='grc' dir='ltr'>ι</span> <span class='ocrx_word' id='word_1_126' title='bbox 1461 2653 1700 2722; x_wconf 81' lang='grc' dir='ltr'><strong>Πέτρος,</strong></span> <span class='ocrx_word' id='word_1_127' title='bbox 1749 2670 1768 2703; x_wconf 73' lang='grc' dir='ltr'>ι</span> <span class='ocrx_word' id='word_1_128' title='bbox 1816 2655 1909 2705; x_wconf 73' lang='grc' dir='ltr'><strong>καὶ</strong></span> 
     </span>
    </p>
   </div>
   <div class='ocr_carea' id='block_1_22' title="bbox 336 2742 1908 2814">
    <p class='ocr_par' dir='ltr' id='par_1_22' title="bbox 336 2742 1908 2814">
     <span class='ocr_line' id='line_1_22' title="bbox 336 2742 1908 2814; baseline 0.003 -21"><span class='ocrx_word' id='word_1_129' title='bbox 336 2742 450 2795; x_wconf 83' lang='grc' dir='ltr'><strong>τῶν</strong></span> <span class='ocrx_word' id='word_1_130' title='bbox 483 2743 613 2794; x_wconf 84' lang='grc' dir='ltr'><strong>υἱῶν</strong></span> <span class='ocrx_word' id='word_1_131' title='bbox 647 2744 954 2809; x_wconf 74' lang='grc' dir='ltr'>Ζεϐεδαίου,</span> <span class='ocrx_word' id='word_1_132' title='bbox 1002 2743 1480 2814; x_wconf 72' lang='grc' dir='ltr'>ὲπονομασθέντων</span> <span class='ocrx_word' id='word_1_133' title='bbox 1515 2744 1838 2814; x_wconf 74' lang='grc' dir='ltr'>Βυανεργὲς,</span> <span class='ocrx_word' id='word_1_134' title='bbox 1881 2745 1908 2798; x_wconf 85' lang='grc' dir='ltr'><strong>ὃ</strong></span> 
     </span>
    </p>
   </div>
   <div class='ocr_carea' id='block_1_23' title="bbox 337 2836 1028 2907">
    <p class='ocr_par' dir='ltr' id='par_1_23' title="bbox 337 2836 1028 2907">
     <span class='ocr_line' id='line_1_23' title="bbox 337 2836 1028 2907; baseline 0 -19"><span class='ocrx_word' id='word_1_135' title='bbox 337 2837 479 2898; x_wconf 62' lang='grc' dir='ltr'>ἔστι,</span> <span class='ocrx_word' id='word_1_136' title='bbox 521 2855 539 2886; x_wconf 82' lang='grc' dir='ltr'><strong>ι</strong></span> <span class='ocrx_word' id='word_1_137' title='bbox 579 2837 684 2888; x_wconf 73' lang='grc' dir='ltr'>υἱοὶ</span> <span class='ocrx_word' id='word_1_138' title='bbox 723 2836 972 2907; x_wconf 80' lang='grc' dir='ltr'><strong>βροντῆς.</strong></span> <span class='ocrx_word' id='word_1_139' title='bbox 1009 2855 1028 2888; x_wconf 73' lang='grc' dir='ltr'>ο</span> 
     </span>
    </p>
   </div>
   <div class='ocr_carea' id='block_1_24' title="bbox 415 2923 1913 2999">
    <p class='ocr_par' dir='ltr' id='par_1_24' title="bbox 415 2923 1913 2999">
     <span class='ocr_line' id='line_1_24' title="bbox 415 2923 1913 2999; baseline 0.006 -24"><span class='ocrx_word' id='word_1_140' title='bbox 415 2942 432 2975; x_wconf 79' lang='grc' dir='ltr'>ι</span> <span class='ocrx_word' id='word_1_141' title='bbox 462 2923 676 2987; x_wconf 83' lang='grc' dir='ltr'><strong>Δοῦλος.</strong></span> <span class='ocrx_word' id='word_1_142' title='bbox 722 2944 739 2975; x_wconf 75' lang='grc' dir='ltr'>ι</span> <span class='ocrx_word' id='word_1_143' title='bbox 790 2927 979 2979; x_wconf 76' lang='grc' dir='ltr'>Πολλοὶ</span> <span class='ocrx_word' id='word_1_144' title='bbox 1022 2927 1263 2991; x_wconf 85' lang='grc' dir='ltr'><strong>δουλείας</strong></span> <span class='ocrx_word' id='word_1_145' title='bbox 1306 2928 1518 2999; x_wconf 68' lang='grc' dir='ltr'>τρόποι.</span> <span class='ocrx_word' id='word_1_146' title='bbox 1565 2930 1622 2983; x_wconf 88' lang='grc' dir='ltr'><strong>Ὀ</strong></span> <span class='ocrx_word' id='word_1_147' title='bbox 1663 2931 1771 2983; x_wconf 79' lang='grc' dir='ltr'>ἀπὸ</span> <span class='ocrx_word' id='word_1_148' title='bbox 1815 2931 1913 2999; x_wconf 76' lang='grc' dir='ltr'>τῆς</span> 
     </span>
    </p>
   </div>
   <div class='ocr_carea' id='block_1_25' title="bbox 335 3018 1914 3088">
    <p class='ocr_par' dir='ltr' id='par_1_25' title="bbox 335 3018 1914 3088">
     <span class='ocr_line' id='line_1_25' title="bbox 335 3018 1914 3088; baseline 0.005 -19"><span class='ocrx_word' id='word_1_149' title='bbox 335 3018 723 3088; x_wconf 80' lang='grc' dir='ltr'><strong>δημιουργίας,</strong></span> <span class='ocrx_word' id='word_1_150' title='bbox 774 3020 896 3073; x_wconf 79' lang='grc' dir='ltr'>καθ’</span> <span class='ocrx_word' id='word_1_151' title='bbox 944 3022 1036 3085; x_wconf 78' lang='grc' dir='ltr'><strong>ὃν,</strong></span> <span class='ocrx_word' id='word_1_152' title='bbox 1089 3040 1106 3073; x_wconf 80' lang='grc' dir='ltr'><strong>ι</strong></span> <span class='ocrx_word' id='word_1_153' title='bbox 1143 3022 1223 3075; x_wconf 83' lang='grc' dir='ltr'><strong>Τὰ</strong></span> <span class='ocrx_word' id='word_1_154' title='bbox 1259 3022 1437 3077; x_wconf 82' lang='grc' dir='ltr'>πάντα</span> <span class='ocrx_word' id='word_1_155' title='bbox 1467 3023 1627 3076; x_wconf 66' lang='grc' dir='ltr'><strong>δοῦζπι</strong></span> <span class='ocrx_word' id='word_1_156' title='bbox 1668 3025 1768 3078; x_wconf 81' lang='grc' dir='ltr'>σα’</span> <span class='ocrx_word' id='word_1_157' title='bbox 1828 3044 1845 3077; x_wconf 81' lang='grc'>›</span> <span class='ocrx_word' id='word_1_158' title='bbox 1886 3027 1914 3077; x_wconf 97' lang='lat'><strong>6</strong></span> 
     </span>
    </p>
   </div>
   <div class='ocr_carea' id='block_1_26' title="bbox 335 3113 1911 3185">
    <p class='ocr_par' dir='ltr' id='par_1_26' title="bbox 335 3113 1911 3185">
     <span class='ocr_line' id='line_1_26' title="bbox 335 3113 1911 3185; baseline 0.004 -21"><span class='ocrx_word' id='word_1_159' title='bbox 335 3114 446 3164; x_wconf 64' lang='grc' dir='ltr'><strong>ἀπὸ</strong></span> <span class='ocrx_word' id='word_1_160' title='bbox 478 3113 573 3180; x_wconf 81' lang='grc' dir='ltr'>τῆς</span> <span class='ocrx_word' id='word_1_161' title='bbox 620 3115 873 3176; x_wconf 77' lang='grc' dir='ltr'>πίστεως,</span> <span class='ocrx_word' id='word_1_162' title='bbox 916 3115 1037 3167; x_wconf 84' lang='grc' dir='ltr'><strong>καθ’</strong></span> <span class='ocrx_word' id='word_1_163' title='bbox 1077 3114 1136 3167; x_wconf 83' lang='grc' dir='ltr'><strong>ὃν</strong></span> <span class='ocrx_word' id='word_1_164' title='bbox 1164 3115 1412 3184; x_wconf 71' lang='grc' dir='ltr'>εἴρηται·</span> <span class='ocrx_word' id='word_1_165' title='bbox 1458 3136 1475 3168; x_wconf 82' lang='grc' dir='ltr'>ι</span> <span class='ocrx_word' id='word_1_166' title='bbox 1517 3117 1637 3169; x_wconf 72' lang='grc' dir='ltr'><strong>Ὀτι</strong></span> <span class='ocrx_word' id='word_1_167' title='bbox 1673 3118 1911 3185; x_wconf 71' lang='grc' dir='ltr'>ὑπηκού-</span> 
     </span>
    </p>
   </div>
   <div class='ocr_carea' id='block_1_27' title="bbox 337 3207 1912 3280">
    <p class='ocr_par' dir='ltr' id='par_1_27' title="bbox 337 3207 1912 3280">
     <span class='ocr_line' id='line_1_27' title="bbox 337 3207 1912 3280; baseline 0.004 -24"><span class='ocrx_word' id='word_1_168' title='bbox 337 3222 468 3257; x_wconf 82' lang='grc' dir='ltr'>σατε</span> <span class='ocrx_word' id='word_1_169' title='bbox 513 3207 593 3268; x_wconf 81' lang='grc' dir='ltr'><strong>είς</strong></span> <span class='ocrx_word' id='word_1_170' title='bbox 626 3207 684 3259; x_wconf 83' lang='grc' dir='ltr'><strong>ὃν</strong></span> <span class='ocrx_word' id='word_1_171' title='bbox 736 3208 1068 3279; x_wconf 79' lang='grc' dir='ltr'>παρεδόθητε</span> <span class='ocrx_word' id='word_1_172' title='bbox 1119 3209 1288 3262; x_wconf 87' lang='grc' dir='ltr'>τύπον</span> <span class='ocrx_word' id='word_1_173' title='bbox 1318 3210 1538 3278; x_wconf 84' lang='grc' dir='ltr'>διδαχῆς</span> <span class='ocrx_word' id='word_1_174' title='bbox 1564 3227 1577 3240; x_wconf 78' lang='grc'><em>’</em></span> <span class='ocrx_word' id='word_1_175' title='bbox 1611 3213 1637 3263; x_wconf 91' lang='lat'><strong>6</strong></span> <span class='ocrx_word' id='word_1_176' title='bbox 1671 3212 1777 3262; x_wconf 63' lang='grc' dir='ltr'><strong>ἀπὺ</strong></span> <span class='ocrx_word' id='word_1_177' title='bbox 1813 3212 1912 3280; x_wconf 80' lang='grc' dir='ltr'><strong>τῆς</strong></span> 
     </span>
    </p>
   </div>
   <div class='ocr_carea' id='block_1_28' title="bbox 336 3300 1908 3373">
    <p class='ocr_par' dir='ltr' id='par_1_28' title="bbox 336 3300 1908 3373">
     <span class='ocr_line' id='line_1_28' title="bbox 336 3300 1908 3373; baseline 0.006 -26"><span class='ocrx_word' id='word_1_178' title='bbox 336 3300 633 3363; x_wconf 82' lang='grc' dir='ltr'>πολιτείας,</span> <span class='ocrx_word' id='word_1_179' title='bbox 656 3301 776 3353; x_wconf 83' lang='grc' dir='ltr'>καθ’</span> <span class='ocrx_word' id='word_1_180' title='bbox 799 3301 858 3355; x_wconf 84' lang='grc' dir='ltr'><strong>ὃν</strong></span> <span class='ocrx_word' id='word_1_181' title='bbox 905 3301 1000 3356; x_wconf 75' lang='grc' dir='ltr'>καὶ</span> <span class='ocrx_word' id='word_1_182' title='bbox 1029 3303 1233 3373; x_wconf 82' lang='grc' dir='ltr'><strong>Μωσῆς</strong></span> <span class='ocrx_word' id='word_1_183' title='bbox 1264 3303 1521 3373; x_wconf 73' lang='grc' dir='ltr'>θεράπων</span> <span class='ocrx_word' id='word_1_184' title='bbox 1552 3303 1710 3358; x_wconf 71' lang='grc' dir='ltr'>Θεοῦ.</span> <span class='ocrx_word' id='word_1_185' title='bbox 1748 3305 1908 3356; x_wconf 85' lang='grc' dir='ltr'>Κατὰ</span> 
     </span>
    </p>
   </div>
   <div class='ocr_carea' id='block_1_29' title="bbox 336 3392 1859 3466">
    <p class='ocr_par' dir='ltr' id='par_1_29' title="bbox 336 3392 1859 3466">
     <span class='ocr_line' id='line_1_29' title="bbox 336 3392 1859 3466; baseline 0.006 -24"><span class='ocrx_word' id='word_1_186' title='bbox 336 3393 544 3455; x_wconf 66' lang='grc' dir='ltr'>πάντας</span> <span class='ocrx_word' id='word_1_187' title='bbox 561 3392 652 3446; x_wconf 84' lang='grc' dir='ltr'><strong>οὖν</strong></span> <span class='ocrx_word' id='word_1_188' title='bbox 673 3394 896 3459; x_wconf 85' lang='grc' dir='ltr'>τούτους</span> <span class='ocrx_word' id='word_1_189' title='bbox 922 3395 1051 3459; x_wconf 80' lang='grc' dir='ltr'>τοὺς</span> <span class='ocrx_word' id='word_1_190' title='bbox 1075 3398 1330 3466; x_wconf 86' lang='grc' dir='ltr'>τρόπους,</span> <span class='ocrx_word' id='word_1_191' title='bbox 1354 3398 1541 3460; x_wconf 77' lang='grc' dir='ltr'>δοῦλος</span> <span class='ocrx_word' id='word_1_192' title='bbox 1571 3400 1598 3450; x_wconf 89' lang='lat'><strong>6</strong></span> <span class='ocrx_word' id='word_1_193' title='bbox 1631 3399 1859 3460; x_wconf 85' lang='grc' dir='ltr'><strong>Παῦλος.</strong></span> 
     </span>
    </p>
   </div>
   <div class='ocr_carea' id='block_1_30' title="bbox 411 3657 1905 3735">
    <p class='ocr_par' dir='ltr' id='par_1_30' title="bbox 411 3657 1905 3735">
     <span class='ocr_line' id='line_1_30' title="bbox 411 3657 1905 3735; baseline 0.009 -28"><span class='ocrx_word' id='word_1_194' title='bbox 411 3676 429 3707; x_wconf 74' lang='grc' dir='ltr'>ι</span> <span class='ocrx_word' id='word_1_195' title='bbox 481 3657 658 3724; x_wconf 82' lang='grc' dir='ltr'>Ἰησοῦ</span> <span class='ocrx_word' id='word_1_196' title='bbox 704 3658 963 3721; x_wconf 76' lang='grc' dir='ltr'>Χριστοῦ.</span> <span class='ocrx_word' id='word_1_197' title='bbox 1003 3679 1022 3712; x_wconf 77' lang='grc' dir='ltr'>ι</span> <span class='ocrx_word' id='word_1_198' title='bbox 1061 3661 1141 3714; x_wconf 82' lang='grc' dir='ltr'><strong>Τὰ</strong></span> <span class='ocrx_word' id='word_1_199' title='bbox 1178 3662 1275 3731; x_wconf 81' lang='grc' dir='ltr'>τῆς</span> <span class='ocrx_word' id='word_1_200' title='bbox 1321 3665 1634 3734; x_wconf 83' lang='grc' dir='ltr'>οἰκονομιας</span> <span class='ocrx_word' id='word_1_201' title='bbox 1667 3666 1905 3735; x_wconf 82' lang='grc' dir='ltr'>ὀνόματα</span> 
     </span>
    </p>
   </div>
   <div class='ocr_carea' id='block_1_31' title="bbox 335 3750 1906 3830">
    <p class='ocr_par' dir='ltr' id='par_1_31' title="bbox 335 3750 1906 3830">
     <span class='ocr_line' id='line_1_31' title="bbox 335 3750 1906 3830; baseline 0.008 -28"><span class='ocrx_word' id='word_1_202' title='bbox 335 3750 716 3820; x_wconf 75' lang='grc' dir='ltr'>προϐάλλεται,</span> <span class='ocrx_word' id='word_1_203' title='bbox 744 3752 852 3806; x_wconf 76' lang='grc' dir='ltr'><strong>ἀπὸ</strong></span> <span class='ocrx_word' id='word_1_204' title='bbox 878 3753 984 3806; x_wconf 82' lang='grc' dir='ltr'><strong>τῶν</strong></span> <span class='ocrx_word' id='word_1_205' title='bbox 1029 3754 1272 3807; x_wconf 81' lang='grc' dir='ltr'><strong>κάτωθεν</strong></span> <span class='ocrx_word' id='word_1_206' title='bbox 1303 3757 1394 3808; x_wconf 71' lang='grc' dir='ltr'><strong>ἐπὶ</strong></span> <span class='ocrx_word' id='word_1_207' title='bbox 1419 3756 1485 3811; x_wconf 83' lang='grc' dir='ltr'><strong>τὰ</strong></span> <span class='ocrx_word' id='word_1_208' title='bbox 1535 3757 1648 3811; x_wconf 78' lang='grc' dir='ltr'>ἄνω</span> <span class='ocrx_word' id='word_1_209' title='bbox 1681 3761 1906 3830; x_wconf 84' lang='grc' dir='ltr'><strong>ἀνατρέ-</strong></span> 
     </span>
    </p>
   </div>
   <div class='ocr_carea' id='block_1_32' title="bbox 333 3844 1904 3922">
    <p class='ocr_par' dir='ltr' id='par_1_32' title="bbox 333 3844 1904 3922">
     <span class='ocr_line' id='line_1_32' title="bbox 333 3844 1904 3922; baseline 0.007 -28"><span class='ocrx_word' id='word_1_210' title='bbox 333 3859 464 3912; x_wconf 77' lang='grc' dir='ltr'>χων.</span> <span class='ocrx_word' id='word_1_211' title='bbox 507 3844 615 3896; x_wconf 78' lang='grc' dir='ltr'>Καὶ</span> <span class='ocrx_word' id='word_1_212' title='bbox 645 3847 756 3913; x_wconf 75' lang='grc' dir='ltr'><strong>γὰρ</strong></span> <span class='ocrx_word' id='word_1_213' title='bbox 786 3846 921 3914; x_wconf 77' lang='grc' dir='ltr'>μετὰ</span> <span class='ocrx_word' id='word_1_214' title='bbox 950 3846 1048 3916; x_wconf 77' lang='grc' dir='ltr'><strong>τὴν</strong></span> <span class='ocrx_word' id='word_1_215' title='bbox 1079 3849 1377 3916; x_wconf 78' lang='grc' dir='ltr'>σάρκωσιν,</span> <span class='ocrx_word' id='word_1_216' title='bbox 1416 3849 1624 3917; x_wconf 87' lang='grc' dir='ltr'>Ἰησοῦς</span> <span class='ocrx_word' id='word_1_217' title='bbox 1656 3851 1748 3903; x_wconf 76' lang='grc' dir='ltr'>καὶ</span> <span class='ocrx_word' id='word_1_218' title='bbox 1774 3854 1904 3922; x_wconf 82' lang='grc' dir='ltr'><strong>Χρι-</strong></span> 
     </span>
    </p>
   </div>
   <div class='ocr_carea' id='block_1_33' title="bbox 337 3934 1904 4011">
    <p class='ocr_par' dir='ltr' id='par_1_33' title="bbox 337 3934 1904 4011">
     <span class='ocr_line' id='line_1_33' title="bbox 337 3934 1904 4011; baseline 0.007 -27"><span class='ocrx_word' id='word_1_219' title='bbox 337 3934 480 3994; x_wconf 81' lang='grc' dir='ltr'>στός.</span> <span class='ocrx_word' id='word_1_220' title='bbox 540 3934 798 4005; x_wconf 83' lang='grc' dir='ltr'>Ἐχρίσθη</span> <span class='ocrx_word' id='word_1_221' title='bbox 839 3937 967 4006; x_wconf 85' lang='grc' dir='ltr'>γὰρ,</span> <span class='ocrx_word' id='word_1_222' title='bbox 1023 3937 1186 4007; x_wconf 79' lang='grc' dir='ltr'>ἐλαίῳ</span> <span class='ocrx_word' id='word_1_223' title='bbox 1242 3939 1340 4007; x_wconf 83' lang='grc' dir='ltr'>μὲν</span> <span class='ocrx_word' id='word_1_224' title='bbox 1398 3939 1670 4008; x_wconf 82' lang='grc' dir='ltr'>οὐδαμῶς,</span> <span class='ocrx_word' id='word_1_225' title='bbox 1717 3942 1794 4011; x_wconf 83' lang='grc' dir='ltr'>τῷ</span> <span class='ocrx_word' id='word_1_226' title='bbox 1849 3943 1904 3995; x_wconf 82' lang='grc' dir='ltr'>δὲ</span> 
     </span>
    </p>
   </div>
   <div class='ocr_carea' id='block_1_34' title="bbox 334 4025 1982 4116">
    <p class='ocr_par' dir='ltr' id='par_1_34' title="bbox 334 4025 1982 4116">
     <span class='ocr_line' id='line_1_34' title="bbox 334 4025 1982 4116; baseline 0.007 -40"><span class='ocrx_word' id='word_1_227' title='bbox 334 4025 477 4094; x_wconf 79' lang='grc' dir='ltr'><strong>ἁτῐῳ</strong></span> <span class='ocrx_word' id='word_1_228' title='bbox 530 4027 846 4095; x_wconf 76' lang='grc' dir='ltr'>Πνεῦματι·</span> <span class='ocrx_word' id='word_1_229' title='bbox 899 4029 927 4082; x_wconf 86' lang='grc' dir='ltr'><strong>δ</strong></span> <span class='ocrx_word' id='word_1_230' title='bbox 992 4030 1084 4081; x_wconf 80' lang='grc' dir='ltr'><strong>καὶ</strong></span> <span class='ocrx_word' id='word_1_231' title='bbox 1141 4031 1470 4100; x_wconf 78' lang='grc' dir='ltr'>κυριώτερον</span> <span class='ocrx_word' id='word_1_232' title='bbox 1531 4033 1748 4097; x_wconf 75' lang='grc' dir='ltr'>πάντως</span> <span class='ocrx_word' id='word_1_233' title='bbox 1808 4036 1902 4087; x_wconf 83' lang='grc' dir='ltr'>τοῦ</span> <span class='ocrx_word' id='word_1_234' title='bbox 1929 4060 1982 4116; x_wconf 66' lang='grc' dir='ltr'>ρ,</span> 
     </span>
    </p>
   </div>
   <div class='ocr_carea' id='block_1_35' title="bbox 335 4118 1897 4194">
    <p class='ocr_par' dir='ltr' id='par_1_35' title="bbox 335 4118 1897 4194">
     <span class='ocr_line' id='line_1_35' title="bbox 335 4118 1897 4194; baseline 0.006 -24"><span class='ocrx_word' id='word_1_235' title='bbox 335 4118 541 4171; x_wconf 72' lang='grc' dir='ltr'>ἐλαίου.</span> <span class='ocrx_word' id='word_1_236' title='bbox 577 4120 700 4172; x_wconf 88' lang='grc' dir='ltr'><strong>Ὅτι</strong></span> <span class='ocrx_word' id='word_1_237' title='bbox 733 4121 789 4172; x_wconf 75' lang='grc' dir='ltr'>δὲ</span> <span class='ocrx_word' id='word_1_238' title='bbox 819 4120 911 4172; x_wconf 73' lang='grc' dir='ltr'>καὶ</span> <span class='ocrx_word' id='word_1_239' title='bbox 950 4121 1117 4190; x_wconf 77' lang='grc' dir='ltr'>χωρὶς</span> <span class='ocrx_word' id='word_1_240' title='bbox 1144 4121 1236 4173; x_wconf 86' lang='grc' dir='ltr'><strong>τοῦ</strong></span> <span class='ocrx_word' id='word_1_241' title='bbox 1288 4124 1469 4176; x_wconf 75' lang='grc' dir='ltr'>ἐλαίου</span> <span class='ocrx_word' id='word_1_242' title='bbox 1514 4126 1694 4194; x_wconf 84' lang='grc' dir='ltr'>χρίσις</span> <span class='ocrx_word' id='word_1_243' title='bbox 1730 4128 1897 4192; x_wconf 65' lang='grc' dir='ltr'>ἐστὶν,</span> 
     </span>
    </p>
   </div>
   <div class='ocr_carea' id='block_1_36' title="bbox 334 4214 1902 4287">
    <p class='ocr_par' dir='ltr' id='par_1_36' title="bbox 334 4214 1902 4287">
     <span class='ocr_line' id='line_1_36' title="bbox 334 4214 1902 4287; baseline 0.006 -23"><span class='ocrx_word' id='word_1_244' title='bbox 334 4214 394 4264; x_wconf 76' lang='grc' dir='ltr'><strong>ἐν</strong></span> <span class='ocrx_word' id='word_1_245' title='bbox 420 4214 564 4283; x_wconf 85' lang='grc' dir='ltr'><strong>μόνῳ</strong></span> <span class='ocrx_word' id='word_1_246' title='bbox 595 4215 670 4282; x_wconf 84' lang='grc' dir='ltr'><strong>τῷ</strong></span> <span class='ocrx_word' id='word_1_247' title='bbox 703 4215 998 4284; x_wconf 86' lang='grc' dir='ltr'>Πνεύματι,</span> <span class='ocrx_word' id='word_1_248' title='bbox 1031 4217 1263 4269; x_wconf 75' lang='grc' dir='ltr'>ἄκουσον</span> <span class='ocrx_word' id='word_1_249' title='bbox 1290 4234 1302 4247; x_wconf 87' lang='grc'>·</span> <span class='ocrx_word' id='word_1_250' title='bbox 1348 4235 1366 4268; x_wconf 81' lang='grc' dir='ltr'><strong>ι</strong></span> <span class='ocrx_word' id='word_1_251' title='bbox 1401 4219 1489 4287; x_wconf 85' lang='grc' dir='ltr'><strong>Μὴ</strong></span> <span class='ocrx_word' id='word_1_252' title='bbox 1525 4219 1760 4272; x_wconf 76' lang='grc' dir='ltr'>ἅπτεσθε</span> <span class='ocrx_word' id='word_1_253' title='bbox 1796 4221 1902 4273; x_wconf 72' lang='grc' dir='ltr'>τῶν</span> 
     </span>
    </p>
   </div>
   <div class='ocr_carea' id='block_1_37' title="bbox 334 4307 1899 4384">
    <p class='ocr_par' dir='ltr' id='par_1_37' title="bbox 334 4307 1899 4384">
     <span class='ocr_line' id='line_1_37' title="bbox 334 4307 1899 4384; baseline 0.006 -28"><span class='ocrx_word' id='word_1_254' title='bbox 334 4307 574 4375; x_wconf 71' lang='grc' dir='ltr'>χριστῶν</span> <span class='ocrx_word' id='word_1_255' title='bbox 602 4324 703 4374; x_wconf 90' lang='grc' dir='ltr'><strong>μου</strong></span> <span class='ocrx_word' id='word_1_256' title='bbox 724 4322 738 4337; x_wconf 79' lang='grc'><strong><em>⁸</em></strong></span> <span class='ocrx_word' id='word_1_257' title='bbox 767 4325 784 4356; x_wconf 72' lang='grc' dir='ltr'>ι</span> <span class='ocrx_word' id='word_1_258' title='bbox 816 4309 943 4378; x_wconf 82' lang='grc' dir='ltr'>περὶ</span> <span class='ocrx_word' id='word_1_259' title='bbox 965 4309 1072 4360; x_wconf 83' lang='grc' dir='ltr'><strong>τῶν</strong></span> <span class='ocrx_word' id='word_1_260' title='bbox 1091 4309 1194 4379; x_wconf 76' lang='grc' dir='ltr'><strong>πρὸ</strong></span> <span class='ocrx_word' id='word_1_261' title='bbox 1219 4309 1313 4362; x_wconf 83' lang='grc' dir='ltr'>τοῦ</span> <span class='ocrx_word' id='word_1_262' title='bbox 1341 4311 1507 4380; x_wconf 85' lang='grc' dir='ltr'>νόμου</span> <span class='ocrx_word' id='word_1_263' title='bbox 1538 4315 1645 4384; x_wconf 78' lang='grc' dir='ltr'><strong>γὰρ</strong></span> <span class='ocrx_word' id='word_1_264' title='bbox 1674 4316 1701 4368; x_wconf 93' lang='lat'><strong>6</strong></span> <span class='ocrx_word' id='word_1_265' title='bbox 1725 4315 1899 4382; x_wconf 84' lang='grc' dir='ltr'>λόγος,</span> 
     </span>
    </p>
   </div>
   <div class='ocr_carea' id='block_1_38' title="bbox 331 4397 1615 4475">
    <p class='ocr_par' dir='ltr' id='par_1_38' title="bbox 331 4397 1615 4475">
     <span class='ocr_line' id='line_1_38' title="bbox 331 4397 1615 4475; baseline 0.008 -27"><span class='ocrx_word' id='word_1_266' title='bbox 331 4398 419 4448; x_wconf 82' lang='grc' dir='ltr'>ὅτε</span> <span class='ocrx_word' id='word_1_267' title='bbox 447 4398 567 4449; x_wconf 68' lang='grc' dir='ltr'>οὐδὲ</span> <span class='ocrx_word' id='word_1_268' title='bbox 597 4398 766 4468; x_wconf 76' lang='grc' dir='ltr'>ὄνομα</span> <span class='ocrx_word' id='word_1_269' title='bbox 798 4400 894 4468; x_wconf 78' lang='grc' dir='ltr'>τῆς</span> <span class='ocrx_word' id='word_1_270' title='bbox 927 4397 1025 4452; x_wconf 78' lang='grc' dir='ltr'><strong>τοῦ</strong></span> <span class='ocrx_word' id='word_1_271' title='bbox 1057 4400 1238 4453; x_wconf 74' lang='grc' dir='ltr'>ἐλαίου</span> <span class='ocrx_word' id='word_1_272' title='bbox 1273 4403 1505 4471; x_wconf 86' lang='grc' dir='ltr'>χρίσεως</span> <span class='ocrx_word' id='word_1_273' title='bbox 1529 4401 1615 4475; x_wconf 81' lang='grc' dir='ltr'><strong>ἦν.</strong></span> 
     </span>
    </p>
   </div>
   <div class='ocr_carea' id='block_1_39' title="bbox 406 4571 1898 4651">
    <p class='ocr_par' dir='ltr' id='par_1_39' title="bbox 406 4571 1898 4651">
     <span class='ocr_line' id='line_1_39' title="bbox 406 4571 1898 4651; baseline 0.012 -29"><span class='ocrx_word' id='word_1_274' title='bbox 406 4589 426 4622; x_wconf 78' lang='grc' dir='ltr'>ι</span> <span class='ocrx_word' id='word_1_275' title='bbox 466 4571 699 4642; x_wconf 72' lang='grc' dir='ltr'>Κλητός.</span> <span class='ocrx_word' id='word_1_276' title='bbox 738 4592 757 4625; x_wconf 76' lang='grc' dir='ltr'>ι</span> <span class='ocrx_word' id='word_1_277' title='bbox 795 4574 1306 4647; x_wconf 84' lang='grc' dir='ltr'>Ταπεινοφροσύνης</span> <span class='ocrx_word' id='word_1_278' title='bbox 1347 4581 1406 4632; x_wconf 85' lang='grc' dir='ltr'>τὺ</span> <span class='ocrx_word' id='word_1_279' title='bbox 1440 4581 1622 4651; x_wconf 79' lang='grc' dir='ltr'>ῥῆμα·</span> <span class='ocrx_word' id='word_1_280' title='bbox 1656 4583 1898 4640; x_wconf 87' lang='grc' dir='ltr'>δείκνυσι</span> 
     </span>
    </p>
   </div>
   <div class='ocr_carea' id='block_1_40' title="bbox 328 4661 1898 4745">
    <p class='ocr_par' dir='ltr' id='par_1_40' title="bbox 328 4661 1898 4745">
     <span class='ocr_line' id='line_1_40' title="bbox 328 4661 1898 4745; baseline 0.012 -31"><span class='ocrx_word' id='word_1_281' title='bbox 328 4661 456 4732; x_wconf 81' lang='grc' dir='ltr'><strong>γὰρ.</strong></span> <span class='ocrx_word' id='word_1_282' title='bbox 494 4664 574 4715; x_wconf 82' lang='grc' dir='ltr'><strong>ὃτι</strong></span> <span class='ocrx_word' id='word_1_283' title='bbox 604 4664 704 4716; x_wconf 75' lang='grc' dir='ltr'><strong>οὐκ</strong></span> <span class='ocrx_word' id='word_1_284' title='bbox 734 4664 896 4729; x_wconf 72' lang='grc' dir='ltr'>αὐτὸς</span> <span class='ocrx_word' id='word_1_285' title='bbox 927 4667 1167 4737; x_wconf 78' lang='grc' dir='ltr'>ζητήσας</span> <span class='ocrx_word' id='word_1_286' title='bbox 1183 4663 1362 4740; x_wconf 73' lang='grc' dir='ltr'>εὗρεν,</span> <span class='ocrx_word' id='word_1_287' title='bbox 1389 4674 1760 4745; x_wconf 77' lang='grc' dir='ltr'><strong>ἁλλὰ’κληθεὶς</strong></span> <span class='ocrx_word' id='word_1_288' title='bbox 1790 4695 1898 4733; x_wconf 89' lang='grc' dir='ltr'><strong>πα-</strong></span> 
     </span>
    </p>
   </div>
   <div class='ocr_carea' id='block_1_41' title="bbox 329 4750 613 4818">
    <p class='ocr_par' dir='ltr' id='par_1_41' title="bbox 329 4750 613 4818">
     <span class='ocr_line' id='line_1_41' title="bbox 329 4750 613 4818; baseline 0.014 -18"><span class='ocrx_word' id='word_1_289' title='bbox 329 4750 613 4818; x_wconf 84' lang='grc' dir='ltr'>ρεγένετο.</span> 
     </span>
    </p>
   </div>
   <div class='ocr_carea' id='block_1_42' title="bbox 407 4842 1899 4931">
    <p class='ocr_par' dir='ltr' id='par_1_42' title="bbox 407 4842 1899 4931">
     <span class='ocr_line' id='line_1_42' title="bbox 407 4842 1899 4931; baseline 0.015 -39"><span class='ocrx_word' id='word_1_290' title='bbox 407 4861 426 4891; x_wconf 71' lang='grc' dir='ltr'><strong>ι</strong></span> <span class='ocrx_word' id='word_1_291' title='bbox 475 4842 813 4907; x_wconf 84' lang='grc' dir='ltr'>Ἀπόστολος.</span> <span class='ocrx_word' id='word_1_292' title='bbox 845 4865 864 4897; x_wconf 74' lang='grc' dir='ltr'>ι</span> <span class='ocrx_word' id='word_1_293' title='bbox 895 4846 1061 4900; x_wconf 85' lang='grc' dir='ltr'>Τοῦτο</span> <span class='ocrx_word' id='word_1_294' title='bbox 1084 4848 1296 4903; x_wconf 82' lang='grc' dir='ltr'>τέθεικε</span> <span class='ocrx_word' id='word_1_295' title='bbox 1322 4853 1458 4919; x_wconf 74' lang='grc' dir='ltr'>πρὸς</span> <span class='ocrx_word' id='word_1_296' title='bbox 1496 4856 1899 4931; x_wconf 84' lang='grc' dir='ltr'>άντιδιαστολὴν</span> 
     </span>
    </p>
   </div>
   <div class='ocr_carea' id='block_1_43' title="bbox 325 4931 1895 5018">
    <p class='ocr_par' dir='ltr' id='par_1_43' title="bbox 325 4931 1895 5018">
     <span class='ocr_line' id='line_1_43' title="bbox 325 4931 1895 5018; baseline 0.015 -34"><span class='ocrx_word' id='word_1_297' title='bbox 325 4931 436 4984; x_wconf 81' lang='grc' dir='ltr'>τῶν</span> <span class='ocrx_word' id='word_1_298' title='bbox 461 4935 664 5003; x_wconf 81' lang='grc' dir='ltr'>ἑτέρων</span> <span class='ocrx_word' id='word_1_299' title='bbox 698 4936 930 5006; x_wconf 85' lang='grc' dir='ltr'>κλητῶν.</span> <span class='ocrx_word' id='word_1_300' title='bbox 978 4941 1085 4992; x_wconf 81' lang='grc' dir='ltr'><strong>Καὶ</strong></span> <span class='ocrx_word' id='word_1_301' title='bbox 1128 4941 1326 5005; x_wconf 82' lang='grc' dir='ltr'>πάντες</span> <span class='ocrx_word' id='word_1_302' title='bbox 1355 4945 1452 5012; x_wconf 84' lang='grc' dir='ltr'><strong>μὲν</strong></span> <span class='ocrx_word' id='word_1_303' title='bbox 1477 4946 1582 5017; x_wconf 82' lang='grc' dir='ltr'><strong>γὰρ</strong></span> <span class='ocrx_word' id='word_1_304' title='bbox 1615 4951 1664 5001; x_wconf 86' lang='grc' dir='ltr'><strong>οἱ</strong></span> <span class='ocrx_word' id='word_1_305' title='bbox 1695 4955 1895 5018; x_wconf 79' lang='grc' dir='ltr'>πιστοὶ,</span> 
     </span>
    </p>
   </div>
   <div class='ocr_carea' id='block_1_44' title="bbox 328 5023 1899 5112">
    <p class='ocr_par' dir='ltr' id='par_1_44' title="bbox 328 5023 1899 5112">
     <span class='ocr_line' id='line_1_44' title="bbox 328 5023 1899 5112; baseline 0.015 -37"><span class='ocrx_word' id='word_1_306' title='bbox 328 5023 518 5093; x_wconf 78' lang='grc' dir='ltr'>κλητοί</span> <span class='ocrx_word' id='word_1_307' title='bbox 540 5041 552 5054; x_wconf 77' lang='grc' dir='ltr'><strong><em>ο</em></strong></span> <span class='ocrx_word' id='word_1_308' title='bbox 585 5026 699 5078; x_wconf 85' lang='grc' dir='ltr'>ἀλλ’</span> <span class='ocrx_word' id='word_1_309' title='bbox 732 5030 929 5081; x_wconf 77' lang='grc' dir='ltr'>ἐκεῖνοι</span> <span class='ocrx_word' id='word_1_310' title='bbox 949 5031 1065 5099; x_wconf 85' lang='grc' dir='ltr'>μὲν,</span> <span class='ocrx_word' id='word_1_311' title='bbox 1089 5033 1249 5103; x_wconf 83' lang='grc' dir='ltr'>μέχρι</span> <span class='ocrx_word' id='word_1_312' title='bbox 1287 5035 1380 5087; x_wconf 83' lang='grc' dir='ltr'><strong>τοῦ</strong></span> <span class='ocrx_word' id='word_1_313' title='bbox 1425 5040 1720 5096; x_wconf 84' lang='grc' dir='ltr'>πιστεῦσαι</span> <span class='ocrx_word' id='word_1_314' title='bbox 1749 5060 1763 5074; x_wconf 78' lang='grc' dir='ltr'><strong>ο</strong></span> <span class='ocrx_word' id='word_1_315' title='bbox 1789 5045 1899 5112; x_wconf 74' lang='grc' dir='ltr'><strong>ἐγὼ</strong></span> 
     </span>
    </p>
   </div>
   <div class='ocr_carea' id='block_1_45' title="bbox 323 5115 1898 5202">
    <p class='ocr_par' dir='ltr' id='par_1_45' title="bbox 323 5115 1898 5202">
     <span class='ocr_line' id='line_1_45' title="bbox 323 5115 1898 5202; baseline 0.013 -35"><span class='ocrx_word' id='word_1_316' title='bbox 323 5115 403 5176; x_wconf 84' lang='grc' dir='ltr'>δὲ,</span> <span class='ocrx_word' id='word_1_317' title='bbox 433 5117 586 5184; x_wconf 62' lang='grc' dir='ltr'>φησι,</span> <span class='ocrx_word' id='word_1_318' title='bbox 617 5117 713 5171; x_wconf 76' lang='grc' dir='ltr'>καὶ</span> <span class='ocrx_word' id='word_1_319' title='bbox 745 5120 842 5188; x_wconf 83' lang='grc' dir='ltr'><strong>τὴν</strong></span> <span class='ocrx_word' id='word_1_320' title='bbox 865 5121 1168 5191; x_wconf 83' lang='grc' dir='ltr'>ἀποστολὴν</span> <span class='ocrx_word' id='word_1_321' title='bbox 1201 5126 1592 5198; x_wconf 78' lang='grc' dir='ltr'>ὲνεχειρίσθην,</span> <span class='ocrx_word' id='word_1_322' title='bbox 1630 5135 1695 5202; x_wconf 80' lang='grc' dir='ltr'><strong>ἢν</strong></span> <span class='ocrx_word' id='word_1_323' title='bbox 1745 5135 1839 5187; x_wconf 66' lang='grc' dir='ltr'><strong>καὶ</strong></span> <span class='ocrx_word' id='word_1_324' title='bbox 1871 5139 1898 5187; x_wconf 89' lang='lat'><strong>6</strong></span> 
     </span>
    </p>
   </div>
   <div class='ocr_carea' id='block_1_46' title="bbox 324 5206 1898 5290">
    <p class='ocr_par' dir='ltr' id='par_1_46' title="bbox 324 5206 1898 5290">
     <span class='ocr_line' id='line_1_46' title="bbox 324 5206 1898 5290; baseline 0.014 -32"><span class='ocrx_word' id='word_1_325' title='bbox 324 5206 560 5272; x_wconf 71' lang='grc' dir='ltr'>Χριστὸς</span> <span class='ocrx_word' id='word_1_326' title='bbox 607 5210 1008 5281; x_wconf 77' lang='grc' dir='ltr'>ἐγκεχείριστο,</span> <span class='ocrx_word' id='word_1_327' title='bbox 1056 5215 1207 5283; x_wconf 81' lang='grc' dir='ltr'>παρὰ</span> <span class='ocrx_word' id='word_1_328' title='bbox 1260 5217 1353 5269; x_wconf 84' lang='grc' dir='ltr'>τοῦ</span> <span class='ocrx_word' id='word_1_329' title='bbox 1402 5219 1614 5290; x_wconf 82' lang='grc' dir='ltr'>Πατρδς</span> <span class='ocrx_word' id='word_1_330' title='bbox 1657 5224 1898 5279; x_wconf 83' lang='grc' dir='ltr'>ἀποστα-</span> 
     </span>
    </p>
   </div>
   <div class='ocr_carea' id='block_1_47' title="bbox 323 5296 459 5358">
    <p class='ocr_par' dir='ltr' id='par_1_47' title="bbox 323 5296 459 5358">
     <span class='ocr_line' id='line_1_47' title="bbox 323 5296 459 5358; baseline 0.015 -13"><span class='ocrx_word' id='word_1_331' title='bbox 323 5296 459 5358; x_wconf 73' lang='grc' dir='ltr'>Αείς.</span> 
     </span>
    </p>
   </div>
   <div class='ocr_carea' id='block_1_48' title="bbox 2496 1351 3145 1421">
    <p class='ocr_par' dir='ltr' id='par_1_48' title="bbox 2496 1351 3145 1421">
     <span class='ocr_line' id='line_1_48' title="bbox 2496 1351 3145 1421; baseline 0.009 -16"><span class='ocrx_word' id='word_1_332' title='bbox 2496 1351 2547 1421; x_wconf 85' lang='lat'><strong>3</strong></span> <span class='ocrx_word' id='word_1_333' title='bbox 2582 1352 2806 1409; x_wconf 76' lang='lat' dir='ltr'><strong>CAPUT</strong></span> <span class='ocrx_word' id='word_1_334' title='bbox 2856 1352 3145 1412; x_wconf 74' lang='lat' dir='ltr'><strong>PRIMUM.</strong></span> 
     </span>
    </p>
   </div>
   <div class='ocr_carea' id='block_1_49' title="bbox 2089 1461 3589 1548">
    <p class='ocr_par' dir='ltr' id='par_1_49' title="bbox 2089 1461 3589 1548">
     <span class='ocr_line' id='line_1_49' title="bbox 2089 1461 3589 1548; baseline 0.013 -34"><span class='ocrx_word' id='word_1_335' title='bbox 2089 1461 2256 1515; x_wconf 71' lang='lat' dir='ltr'><strong>Vens.</strong></span> <span class='ocrx_word' id='word_1_336' title='bbox 2288 1463 2308 1516; x_wconf 78' lang='grc'>1</span> <span class='ocrx_word' id='word_1_337' title='bbox 2359 1484 2374 1514; x_wconf 84' lang='grc' dir='ltr'><strong>ι</strong></span> <span class='ocrx_word' id='word_1_338' title='bbox 2404 1463 2598 1519; x_wconf 80' lang='lat' dir='ltr'><strong>Paulus</strong></span> <span class='ocrx_word' id='word_1_339' title='bbox 2665 1487 2681 1519; x_wconf 73' lang='grc' dir='ltr'>ι</span> <span class='ocrx_word' id='word_1_340' title='bbox 2717 1468 2904 1539; x_wconf 84' lang='lat' dir='ltr'><strong>Neque</strong></span> <span class='ocrx_word' id='word_1_341' title='bbox 2930 1473 3123 1538; x_wconf 81' lang='lat' dir='ltr'><strong>Moses,</strong></span> <span class='ocrx_word' id='word_1_342' title='bbox 3151 1489 3325 1545; x_wconf 90' lang='lat' dir='ltr'><strong>neque</strong></span> <span class='ocrx_word' id='word_1_343' title='bbox 3344 1477 3589 1548; x_wconf 86' lang='lat' dir='ltr'><strong>plerique</strong></span> 
     </span>
    </p>
   </div>
   <div class='ocr_carea' id='block_1_50' title="bbox 2025 1551 3590 1637">
    <p class='ocr_par' dir='ltr' id='par_1_50' title="bbox 2025 1551 3590 1637">
     <span class='ocr_line' id='line_1_50' title="bbox 2025 1551 3590 1637; baseline 0.013 -33"><span class='ocrx_word' id='word_1_344' title='bbox 2025 1551 2136 1614; x_wconf 87' lang='lat' dir='ltr'><strong>alii,</strong></span> <span class='ocrx_word' id='word_1_345' title='bbox 2180 1552 2270 1621; x_wconf 85' lang='lat' dir='ltr'><strong>qui</strong></span> <span class='ocrx_word' id='word_1_346' title='bbox 2308 1555 2455 1608; x_wconf 93' lang='lat' dir='ltr'><strong>illum</strong></span> <span class='ocrx_word' id='word_1_347' title='bbox 2484 1567 2610 1610; x_wconf 89' lang='lat' dir='ltr'><strong>sunt</strong></span> <span class='ocrx_word' id='word_1_348' title='bbox 2647 1561 2946 1626; x_wconf 80' lang='lat' dir='ltr'><strong>subsecuti,</strong></span> <span class='ocrx_word' id='word_1_349' title='bbox 2998 1564 3104 1618; x_wconf 89' lang='lat' dir='ltr'><strong>imo</strong></span> <span class='ocrx_word' id='word_1_350' title='bbox 3138 1582 3309 1634; x_wconf 86' lang='lat' dir='ltr'><strong>neque</strong></span> <span class='ocrx_word' id='word_1_351' title='bbox 3355 1584 3590 1637; x_wconf 70' lang='lat' dir='ltr'><strong>evange-</strong></span> 
     </span>
    </p>
   </div>
   <div class='ocr_carea' id='block_1_51' title="bbox 2025 1644 3593 1726">
    <p class='ocr_par' dir='ltr' id='par_1_51' title="bbox 2025 1644 3593 1726">
     <span class='ocr_line' id='line_1_51' title="bbox 2025 1644 3593 1726; baseline 0.013 -30"><span class='ocrx_word' id='word_1_352' title='bbox 2025 1644 2160 1698; x_wconf 69' lang='lat' dir='ltr'><strong>listtn</strong></span> <span class='ocrx_word' id='word_1_353' title='bbox 2195 1647 2407 1700; x_wconf 89' lang='lat' dir='ltr'><strong>nomina</strong></span> <span class='ocrx_word' id='word_1_354' title='bbox 2440 1665 2534 1701; x_wconf 86' lang='lat' dir='ltr'><strong>sua</strong></span> <span class='ocrx_word' id='word_1_355' title='bbox 2566 1653 2779 1719; x_wconf 87' lang='lat' dir='ltr'><strong>scriptis</strong></span> <span class='ocrx_word' id='word_1_356' title='bbox 2806 1656 2920 1709; x_wconf 89' lang='lat' dir='ltr'><strong>suis</strong></span> <span class='ocrx_word' id='word_1_357' title='bbox 2958 1673 3382 1726; x_wconf 74' lang='lat' dir='ltr'><strong>prteposuerunt.</strong></span> <span class='ocrx_word' id='word_1_358' title='bbox 3426 1661 3593 1717; x_wconf 74' lang='lat' dir='ltr'><strong>Divus</strong></span> 
     </span>
    </p>
   </div>
   <div class='ocr_carea' id='block_1_52' title="bbox 2024 1738 3586 1821">
    <p class='ocr_par' dir='ltr' id='par_1_52' title="bbox 2024 1738 3586 1821">
     <span class='ocr_line' id='line_1_52' title="bbox 2024 1738 3586 1821; baseline 0.01 -31"><span class='ocrx_word' id='word_1_359' title='bbox 2024 1745 2198 1790; x_wconf 84' lang='lat' dir='ltr'><strong>autem</strong></span> <span class='ocrx_word' id='word_1_360' title='bbox 2232 1738 2350 1803; x_wconf 84' lang='lat' dir='ltr'><strong>iste,</strong></span> <span class='ocrx_word' id='word_1_361' title='bbox 2383 1740 2578 1808; x_wconf 90' lang='lat' dir='ltr'><strong>ubique</strong></span> <span class='ocrx_word' id='word_1_362' title='bbox 2612 1742 2867 1811; x_wconf 86' lang='lat' dir='ltr'><strong>Epistolis</strong></span> <span class='ocrx_word' id='word_1_363' title='bbox 2890 1748 3003 1801; x_wconf 90' lang='lat' dir='ltr'><strong>suis</strong></span> <span class='ocrx_word' id='word_1_364' title='bbox 3029 1766 3220 1803; x_wconf 86' lang='lat' dir='ltr'>nomen</span> <span class='ocrx_word' id='word_1_365' title='bbox 3254 1767 3411 1805; x_wconf 89' lang='lat' dir='ltr'><strong>suum</strong></span> <span class='ocrx_word' id='word_1_366' title='bbox 3445 1769 3586 1821; x_wconf 68' lang='lat' dir='ltr'><strong>prat-</strong></span> 
     </span>
    </p>
   </div>
   <div class='ocr_carea' id='block_1_53' title="bbox 2023 1831 3591 1910">
    <p class='ocr_par' dir='ltr' id='par_1_53' title="bbox 2023 1831 3591 1910">
     <span class='ocr_line' id='line_1_53' title="bbox 2023 1831 3591 1910; baseline 0.012 -29"><span class='ocrx_word' id='word_1_367' title='bbox 2023 1831 2211 1894; x_wconf 90' lang='lat' dir='ltr'><strong>ponit:</strong></span> <span class='ocrx_word' id='word_1_368' title='bbox 2257 1832 2396 1899; x_wconf 87' lang='lat' dir='ltr'><strong>quod</strong></span> <span class='ocrx_word' id='word_1_369' title='bbox 2427 1833 2499 1885; x_wconf 83' lang='lat' dir='ltr'><strong>illi</strong></span> <span class='ocrx_word' id='word_1_370' title='bbox 2547 1835 2758 1900; x_wconf 81' lang='lat' dir='ltr'><strong>quidem</strong></span> <span class='ocrx_word' id='word_1_371' title='bbox 2806 1839 2869 1890; x_wconf 88' lang='lat' dir='ltr'><strong>ad</strong></span> <span class='ocrx_word' id='word_1_372' title='bbox 2932 1853 3221 1907; x_wconf 70' lang='lat' dir='ltr'><strong>prtescntes</strong></span> <span class='ocrx_word' id='word_1_373' title='bbox 3255 1847 3591 1910; x_wconf 84' lang='lat' dir='ltr'><strong>scribebant,</strong></span> 
     </span>
    </p>
   </div>
   <div class='ocr_carea' id='block_1_54' title="bbox 2025 1921 3586 2004">
    <p class='ocr_par' dir='ltr' id='par_1_54' title="bbox 2025 1921 3586 2004">
     <span class='ocr_line' id='line_1_54' title="bbox 2025 1921 3586 2004; baseline 0.011 -31"><span class='ocrx_word' id='word_1_374' title='bbox 2025 1921 2110 1974; x_wconf 87' lang='lat' dir='ltr'><strong>hic</strong></span> <span class='ocrx_word' id='word_1_375' title='bbox 2145 1937 2267 1974; x_wconf 77' lang='lat' dir='ltr'><strong>vero</strong></span> <span class='ocrx_word' id='word_1_376' title='bbox 2293 1938 2321 1976; x_wconf 88' lang='lat' dir='ltr'><strong>e</strong></span> <span class='ocrx_word' id='word_1_377' title='bbox 2347 1924 2634 1993; x_wconf 83' lang='lat' dir='ltr'><strong>longinquo</strong></span> <span class='ocrx_word' id='word_1_378' title='bbox 2661 1927 2866 1983; x_wconf 85' lang='lat' dir='ltr'><strong>litteras</strong></span> <span class='ocrx_word' id='word_1_379' title='bbox 2885 1933 3147 1996; x_wconf 85' lang='lat' dir='ltr'><strong>mittebat,</strong></span> <span class='ocrx_word' id='word_1_380' title='bbox 3183 1944 3234 1987; x_wconf 91' lang='lat' dir='ltr'><strong>et</strong></span> <span class='ocrx_word' id='word_1_381' title='bbox 3260 1947 3433 2004; x_wconf 84' lang='lat' dir='ltr'><strong>utpar</strong></span> <span class='ocrx_word' id='word_1_382' title='bbox 3454 1950 3586 2004; x_wconf 46' lang='lat' dir='ltr'><strong>erat.</strong></span> 
     </span>
    </p>
   </div>
   <div class='ocr_carea' id='block_1_55' title="bbox 2022 2015 3590 2098">
    <p class='ocr_par' dir='ltr' id='par_1_55' title="bbox 2022 2015 3590 2098">
     <span class='ocr_line' id='line_1_55' title="bbox 2022 2015 3590 2098; baseline 0.015 -35"><span class='ocrx_word' id='word_1_383' title='bbox 2022 2015 2351 2069; x_wconf 82' lang='lat' dir='ltr'><strong>characteris</strong></span> <span class='ocrx_word' id='word_1_384' title='bbox 2383 2018 2683 2083; x_wconf 72' lang='lat' dir='ltr'><strong>epistolaris</strong></span> <span class='ocrx_word' id='word_1_385' title='bbox 2713 2019 2877 2087; x_wconf 80' lang='lat' dir='ltr'><strong>legem</strong></span> <span class='ocrx_word' id='word_1_386' title='bbox 2913 2027 3234 2091; x_wconf 84' lang='lat' dir='ltr'><strong>complebat.</strong></span> <span class='ocrx_word' id='word_1_387' title='bbox 3262 2028 3317 2081; x_wconf 89' lang='lat' dir='ltr'><strong>ln</strong></span> <span class='ocrx_word' id='word_1_388' title='bbox 3353 2029 3590 2098; x_wconf 79' lang='lat' dir='ltr'><strong>Epistota</strong></span> 
     </span>
    </p>
   </div>
   <div class='ocr_carea' id='block_1_56' title="bbox 2024 2102 3587 2186">
    <p class='ocr_par' dir='ltr' id='par_1_56' title="bbox 2024 2102 3587 2186">
     <span class='ocr_line' id='line_1_56' title="bbox 2024 2102 3587 2186; baseline 0.015 -36"><span class='ocrx_word' id='word_1_389' title='bbox 2024 2111 2199 2152; x_wconf 70' lang='lat' dir='ltr'><strong>unnen</strong></span> <span class='ocrx_word' id='word_1_390' title='bbox 2232 2102 2294 2153; x_wconf 87' lang='lat' dir='ltr'><strong>ad</strong></span> <span class='ocrx_word' id='word_1_391' title='bbox 2347 2102 2598 2158; x_wconf 78' lang='lat' dir='ltr'><strong>Hebrzeos</strong></span> <span class='ocrx_word' id='word_1_392' title='bbox 2651 2107 2793 2161; x_wconf 86' lang='lat' dir='ltr'><strong>istud</strong></span> <span class='ocrx_word' id='word_1_393' title='bbox 2848 2124 2949 2162; x_wconf 90' lang='lat' dir='ltr'><strong>non</strong></span> <span class='ocrx_word' id='word_1_394' title='bbox 2995 2112 3137 2167; x_wconf 80' lang='lat' dir='ltr'><strong>facit.</strong></span> <span class='ocrx_word' id='word_1_395' title='bbox 3167 2114 3298 2170; x_wconf 76' lang='lat' dir='ltr'><strong>Nam</strong></span> <span class='ocrx_word' id='word_1_396' title='bbox 3331 2122 3587 2186; x_wconf 81' lang='lat' dir='ltr'><strong>quoniam</strong></span> 
     </span>
    </p>
   </div>
   <div class='ocr_carea' id='block_1_57' title="bbox 2022 2193 3592 2273">
    <p class='ocr_par' dir='ltr' id='par_1_57' title="bbox 2022 2193 3592 2273">
     <span class='ocr_line' id='line_1_57' title="bbox 2022 2193 3592 2273; baseline 0.015 -28"><span class='ocrx_word' id='word_1_397' title='bbox 2022 2193 2214 2247; x_wconf 80' lang='lat' dir='ltr'><strong>infesto</strong></span> <span class='ocrx_word' id='word_1_398' title='bbox 2247 2209 2370 2263; x_wconf 80' lang='lat' dir='ltr'><strong>erga</strong></span> <span class='ocrx_word' id='word_1_399' title='bbox 2408 2197 2580 2263; x_wconf 91' lang='lat' dir='ltr'><strong>ipsum</strong></span> <span class='ocrx_word' id='word_1_400' title='bbox 2634 2209 2790 2253; x_wconf 85' lang='lat' dir='ltr'><strong>erant</strong></span> <span class='ocrx_word' id='word_1_401' title='bbox 2822 2203 3024 2266; x_wconf 88' lang='lat' dir='ltr'><strong>animo,</strong></span> <span class='ocrx_word' id='word_1_402' title='bbox 3060 2220 3126 2258; x_wconf 89' lang='lat' dir='ltr'><strong>ne</strong></span> <span class='ocrx_word' id='word_1_403' title='bbox 3171 2209 3373 2273; x_wconf 85' lang='lat' dir='ltr'><strong>statim,</strong></span> <span class='ocrx_word' id='word_1_404' title='bbox 3409 2213 3592 2269; x_wconf 90' lang='lat' dir='ltr'><strong>audito</strong></span> 
     </span>
    </p>
   </div>
   <div class='ocr_carea' id='block_1_58' title="bbox 2018 2286 3590 2372">
    <p class='ocr_par' dir='ltr' id='par_1_58' title="bbox 2018 2286 3590 2372">
     <span class='ocr_line' id='line_1_58' title="bbox 2018 2286 3590 2372; baseline 0.013 -34"><span class='ocrx_word' id='word_1_405' title='bbox 2018 2286 2136 2353; x_wconf 89' lang='lat' dir='ltr'><strong>ejus</strong></span> <span class='ocrx_word' id='word_1_406' title='bbox 2175 2289 2407 2348; x_wconf 88' lang='lat' dir='ltr'><strong>nomine,</strong></span> <span class='ocrx_word' id='word_1_407' title='bbox 2452 2291 2694 2357; x_wconf 88' lang='lat' dir='ltr'><strong>protinus</strong></span> <span class='ocrx_word' id='word_1_408' title='bbox 2731 2296 3018 2364; x_wconf 89' lang='lat' dir='ltr'><strong>resilirent,</strong></span> <span class='ocrx_word' id='word_1_409' title='bbox 3055 2299 3195 2356; x_wconf 89' lang='lat' dir='ltr'><strong>istud</strong></span> <span class='ocrx_word' id='word_1_410' title='bbox 3245 2302 3294 2356; x_wconf 92' lang='lat' dir='ltr'><strong>in</strong></span> <span class='ocrx_word' id='word_1_411' title='bbox 3329 2308 3590 2372; x_wconf 77' lang='lat' dir='ltr'><strong>prommio</strong></span> 
     </span>
    </p>
   </div>
   <div class='ocr_carea' id='block_1_59' title="bbox 2019 2377 3589 2456">
    <p class='ocr_par' dir='ltr' id='par_1_59' title="bbox 2019 2377 3589 2456">
     <span class='ocr_line' id='line_1_59' title="bbox 2019 2377 3589 2456; baseline 0.014 -26"><span class='ocrx_word' id='word_1_412' title='bbox 2019 2377 2274 2431; x_wconf 81' lang='lat' dir='ltr'><strong>occultat.</strong></span> <span class='ocrx_word' id='word_1_413' title='bbox 2318 2378 2483 2445; x_wconf 86' lang='lat' dir='ltr'><strong>Cujus</strong></span> <span class='ocrx_word' id='word_1_414' title='bbox 2522 2393 2703 2437; x_wconf 87' lang='lat' dir='ltr'><strong>autem</strong></span> <span class='ocrx_word' id='word_1_415' title='bbox 2733 2387 2807 2439; x_wconf 85' lang='lat' dir='ltr'><strong>rei</strong></span> <span class='ocrx_word' id='word_1_416' title='bbox 2844 2391 3014 2456; x_wconf 82' lang='lat' dir='ltr'><strong>gratia</strong></span> <span class='ocrx_word' id='word_1_417' title='bbox 3068 2406 3134 2446; x_wconf 81' lang='lat' dir='ltr'><strong>ex</strong></span> <span class='ocrx_word' id='word_1_418' title='bbox 3179 2392 3343 2449; x_wconf 91' lang='lat' dir='ltr'><strong>Saulo</strong></span> <span class='ocrx_word' id='word_1_419' title='bbox 3391 2397 3589 2453; x_wconf 81' lang='lat' dir='ltr'><strong>Paulus</strong></span> 
     </span>
    </p>
   </div>
   <div class='ocr_carea' id='block_1_60' title="bbox 2018 2468 3590 2549">
    <p class='ocr_par' dir='ltr' id='par_1_60' title="bbox 2018 2468 3590 2549">
     <span class='ocr_line' id='line_1_60' title="bbox 2018 2468 3590 2549; baseline 0.014 -29"><span class='ocrx_word' id='word_1_420' title='bbox 2018 2468 2193 2522; x_wconf 85' lang='lat' dir='ltr'><strong>dictus</strong></span> <span class='ocrx_word' id='word_1_421' title='bbox 2224 2470 2343 2523; x_wconf 89' lang='lat' dir='ltr'><strong>est?</strong></span> <span class='ocrx_word' id='word_1_422' title='bbox 2389 2470 2455 2524; x_wconf 89' lang='lat' dir='ltr'><strong>Ut</strong></span> <span class='ocrx_word' id='word_1_423' title='bbox 2493 2487 2666 2541; x_wconf 88' lang='lat' dir='ltr'><strong>neque</strong></span> <span class='ocrx_word' id='word_1_424' title='bbox 2729 2476 2780 2529; x_wconf 90' lang='lat' dir='ltr'><strong>in</strong></span> <span class='ocrx_word' id='word_1_425' title='bbox 2812 2479 2932 2545; x_wconf 85' lang='lat' dir='ltr'><strong>hoc,</strong></span> <span class='ocrx_word' id='word_1_426' title='bbox 2971 2483 3334 2549; x_wconf 85' lang='lat' dir='ltr'><strong>apostolorum</strong></span> <span class='ocrx_word' id='word_1_427' title='bbox 3385 2491 3590 2542; x_wconf 87' lang='lat' dir='ltr'><strong>antesi—</strong></span> 
     </span>
    </p>
   </div>
   <div class='ocr_carea' id='block_1_61' title="bbox 2018 2560 3585 2642">
    <p class='ocr_par' dir='ltr' id='par_1_61' title="bbox 2018 2560 3585 2642">
     <span class='ocr_line' id='line_1_61' title="bbox 2018 2560 3585 2642; baseline 0.015 -33"><span class='ocrx_word' id='word_1_428' title='bbox 2018 2573 2214 2624; x_wconf 82' lang='lat' dir='ltr'><strong>gnano,</strong></span> <span class='ocrx_word' id='word_1_429' title='bbox 2245 2561 2332 2627; x_wconf 92' lang='lat' dir='ltr'><strong>qui</strong></span> <span class='ocrx_word' id='word_1_430' title='bbox 2360 2560 2573 2631; x_wconf 81' lang='lat' dir='ltr'><strong>Cephus</strong></span> <span class='ocrx_word' id='word_1_431' title='bbox 2610 2567 2909 2634; x_wconf 85' lang='lat' dir='ltr'><strong>appellatus</strong></span> <span class='ocrx_word' id='word_1_432' title='bbox 2938 2583 3037 2638; x_wconf 89' lang='grc' dir='ltr'>εει,</span> <span class='ocrx_word' id='word_1_433' title='bbox 3067 2576 3208 2642; x_wconf 90' lang='lat' dir='ltr'><strong>quod</strong></span> <span class='ocrx_word' id='word_1_434' title='bbox 3241 2580 3398 2642; x_wconf 80' lang='lat' dir='ltr'><strong>valet,</strong></span> <span class='ocrx_word' id='word_1_435' title='bbox 3423 2581 3464 2632; x_wconf 83' lang='lat' dir='ltr'><strong>si</strong></span> <span class='ocrx_word' id='word_1_436' title='bbox 3493 2580 3585 2634; x_wconf 80' lang='lat' dir='ltr'><strong>iu-</strong></span> 
     </span>
    </p>
   </div>
   <div class='ocr_carea' id='block_1_62' title="bbox 2021 2655 3586 2728">
    <p class='ocr_par' dir='ltr' id='par_1_62' title="bbox 2021 2655 3586 2728">
     <span class='ocr_line' id='line_1_62' title="bbox 2021 2655 3586 2728; baseline 0.015 -24"><span class='ocrx_word' id='word_1_437' title='bbox 2021 2655 2346 2720; x_wconf 87' lang='lat' dir='ltr'><strong>terpreteris,</strong></span> <span class='ocrx_word' id='word_1_438' title='bbox 2393 2673 2412 2707; x_wconf 81' lang='grc' dir='ltr'>ι</span> <span class='ocrx_word' id='word_1_439' title='bbox 2452 2655 2639 2711; x_wconf 81' lang='lat' dir='ltr'><strong>Petrus</strong></span> <span class='ocrx_word' id='word_1_440' title='bbox 2679 2678 2728 2721; x_wconf 77' lang='grc' dir='ltr'><strong>ι,</strong></span> <span class='ocrx_word' id='word_1_441' title='bbox 2786 2663 2965 2718; x_wconf 89' lang='lat' dir='ltr'><strong>minor</strong></span> <span class='ocrx_word' id='word_1_442' title='bbox 2995 2677 3177 2722; x_wconf 81' lang='lat' dir='ltr'><strong>esset:</strong></span> <span class='ocrx_word' id='word_1_443' title='bbox 3221 2679 3312 2723; x_wconf 88' lang='lat' dir='ltr'><strong>aut</strong></span> <span class='ocrx_word' id='word_1_444' title='bbox 3346 2671 3468 2726; x_wconf 84' lang='lat' dir='ltr'><strong>ﬁliis</strong></span> <span class='ocrx_word' id='word_1_445' title='bbox 3485 2673 3586 2728; x_wconf 83' lang='lat' dir='ltr'><strong>Ze-</strong></span> 
     </span>
    </p>
   </div>
   <div class='ocr_carea' id='block_1_63' title="bbox 2017 2745 3586 2826">
    <p class='ocr_par' dir='ltr' id='par_1_63' title="bbox 2017 2745 3586 2826">
     <span class='ocr_line' id='line_1_63' title="bbox 2017 2745 3586 2826; baseline 0.015 -31"><span class='ocrx_word' id='word_1_446' title='bbox 2017 2745 2202 2808; x_wconf 71' lang='lat' dir='ltr'><strong>bellaci,</strong></span> <span class='ocrx_word' id='word_1_447' title='bbox 2234 2746 2318 2812; x_wconf 88' lang='lat' dir='ltr'><strong>qui</strong></span> <span class='ocrx_word' id='word_1_448' title='bbox 2357 2746 2679 2819; x_wconf 79' lang='lat' dir='ltr'><strong>Boanerges,</strong></span> <span class='ocrx_word' id='word_1_449' title='bbox 2711 2752 2761 2807; x_wconf 90' lang='lat' dir='ltr'><strong>id</strong></span> <span class='ocrx_word' id='word_1_450' title='bbox 2797 2763 2900 2821; x_wconf 90' lang='lat' dir='ltr'><strong>est,</strong></span> <span class='ocrx_word' id='word_1_451' title='bbox 2933 2775 2950 2807; x_wconf 76' lang='grc' dir='ltr'>ι</span> <span class='ocrx_word' id='word_1_452' title='bbox 2989 2756 3108 2813; x_wconf 88' lang='lat' dir='ltr'><strong>Filii</strong></span> <span class='ocrx_word' id='word_1_453' title='bbox 3159 2761 3398 2826; x_wconf 87' lang='lat' dir='ltr'><strong>tonitrui,</strong></span> <span class='ocrx_word' id='word_1_454' title='bbox 3439 2784 3457 2816; x_wconf 72' lang='grc' dir='ltr'><strong>ι</strong></span> <span class='ocrx_word' id='word_1_455' title='bbox 3497 2782 3586 2818; x_wconf 83' lang='lat' dir='ltr'><strong>co-</strong></span> 
     </span>
    </p>
   </div>
   <div class='ocr_carea' id='block_1_64' title="bbox 2016 2837 2515 2905">
    <p class='ocr_par' dir='ltr' id='par_1_64' title="bbox 2016 2837 2515 2905">
     <span class='ocr_line' id='line_1_64' title="bbox 2016 2837 2515 2905; baseline 0.01 -18"><span class='ocrx_word' id='word_1_456' title='bbox 2016 2837 2314 2905; x_wconf 76' lang='lat' dir='ltr'><strong>gnominati</strong></span> <span class='ocrx_word' id='word_1_457' title='bbox 2348 2838 2515 2894; x_wconf 81' lang='lat' dir='ltr'><strong>fuere.</strong></span> 
     </span>
    </p>
   </div>
   <div class='ocr_carea' id='block_1_65' title="bbox 2093 2928 3583 3006">
    <p class='ocr_par' dir='ltr' id='par_1_65' title="bbox 2093 2928 3583 3006">
     <span class='ocr_line' id='line_1_65' title="bbox 2093 2928 3583 3006; baseline 0.017 -27"><span class='ocrx_word' id='word_1_458' title='bbox 2093 2948 2108 2979; x_wconf 81' lang='grc' dir='ltr'>ι</span> <span class='ocrx_word' id='word_1_459' title='bbox 2151 2928 2368 2985; x_wconf 82' lang='lat' dir='ltr'><strong>Servus.</strong></span> <span class='ocrx_word' id='word_1_460' title='bbox 2413 2951 2430 2984; x_wconf 78' lang='grc' dir='ltr'>ι</span> <span class='ocrx_word' id='word_1_461' title='bbox 2473 2933 2759 2990; x_wconf 82' lang='lat' dir='ltr'><strong>Servilutis</strong></span> <span class='ocrx_word' id='word_1_462' title='bbox 2811 2939 2967 2995; x_wconf 87' lang='lat' dir='ltr'><strong>multi</strong></span> <span class='ocrx_word' id='word_1_463' title='bbox 3022 2953 3147 2998; x_wconf 86' lang='lat' dir='ltr'><strong>sunt</strong></span> <span class='ocrx_word' id='word_1_464' title='bbox 3210 2949 3372 3002; x_wconf 87' lang='lat' dir='ltr'><strong>modi.</strong></span> <span class='ocrx_word' id='word_1_465' title='bbox 3432 2951 3583 3006; x_wconf 78' lang='lat' dir='ltr'><strong>Alius</strong></span> 
     </span>
    </p>
   </div>
   <div class='ocr_carea' id='block_1_66' title="bbox 2015 3023 3581 3110">
    <p class='ocr_par' dir='ltr' id='par_1_66' title="bbox 2015 3023 3581 3110">
     <span class='ocr_line' id='line_1_66' title="bbox 2015 3023 3581 3110; baseline 0.015 -38"><span class='ocrx_word' id='word_1_466' title='bbox 2015 3023 2226 3086; x_wconf 85' lang='lat' dir='ltr'><strong>quidem</strong></span> <span class='ocrx_word' id='word_1_467' title='bbox 2251 3025 2550 3092; x_wconf 81' lang='lat' dir='ltr'><strong>abopihcio</strong></span> <span class='ocrx_word' id='word_1_468' title='bbox 2579 3039 2633 3080; x_wconf 90' lang='lat' dir='ltr'><strong>et</strong></span> <span class='ocrx_word' id='word_1_469' title='bbox 2663 3031 2958 3097; x_wconf 87' lang='lat' dir='ltr'><strong>creatione,</strong></span> <span class='ocrx_word' id='word_1_470' title='bbox 2989 3038 3280 3092; x_wconf 88' lang='lat' dir='ltr'><strong>secundum</strong></span> <span class='ocrx_word' id='word_1_471' title='bbox 3314 3057 3472 3110; x_wconf 86' lang='lat' dir='ltr'><strong>quem</strong></span> <span class='ocrx_word' id='word_1_472' title='bbox 3503 3048 3581 3098; x_wconf 70' lang='lat' dir='ltr'><strong>di-</strong></span> 
     </span>
    </p>
   </div>
   <div class='ocr_carea' id='block_1_67' title="bbox 2014 3113 3579 3199">
    <p class='ocr_par' dir='ltr' id='par_1_67' title="bbox 2014 3113 3579 3199">
     <span class='ocr_line' id='line_1_67' title="bbox 2014 3113 3579 3199; baseline 0.015 -33"><span class='ocrx_word' id='word_1_473' title='bbox 2014 3114 2150 3166; x_wconf 88' lang='lat' dir='ltr'><strong>citur</strong></span> <span class='ocrx_word' id='word_1_474' title='bbox 2185 3132 2196 3167; x_wconf 93' lang='lat'><strong>:</strong></span> <span class='ocrx_word' id='word_1_475' title='bbox 2245 3133 2262 3165; x_wconf 84' lang='grc' dir='ltr'>ι</span> <span class='ocrx_word' id='word_1_476' title='bbox 2300 3113 2488 3169; x_wconf 90' lang='lat' dir='ltr'><strong>Omnia</strong></span> <span class='ocrx_word' id='word_1_477' title='bbox 2517 3119 2608 3172; x_wconf 85' lang='lat' dir='ltr'><strong>tibi</strong></span> <span class='ocrx_word' id='word_1_478' title='bbox 2631 3122 2867 3176; x_wconf 88' lang='lat' dir='ltr'><strong>serviunt</strong></span> <span class='ocrx_word' id='word_1_479' title='bbox 2900 3128 2970 3188; x_wconf 73' lang='lat' dir='ltr'><strong>n‘;</strong></span> <span class='ocrx_word' id='word_1_480' title='bbox 3001 3144 3019 3177; x_wconf 74' lang='grc' dir='ltr'>ι</span> <span class='ocrx_word' id='word_1_481' title='bbox 3048 3128 3184 3183; x_wconf 83' lang='lat' dir='ltr'><strong>alius</strong></span> <span class='ocrx_word' id='word_1_482' title='bbox 3225 3143 3252 3184; x_wconf 83' lang='grc' dir='ltr'>ιι</span> <span class='ocrx_word' id='word_1_483' title='bbox 3282 3133 3403 3196; x_wconf 83' lang='lat' dir='ltr'><strong>ﬁde,</strong></span> <span class='ocrx_word' id='word_1_484' title='bbox 3431 3134 3579 3199; x_wconf 78' lang='lat' dir='ltr'><strong>juxta</strong></span> 
     </span>
    </p>
   </div>
   <div class='ocr_carea' id='block_1_68' title="bbox 2012 3210 3577 3296">
    <p class='ocr_par' dir='ltr' id='par_1_68' title="bbox 2012 3210 3577 3296">
     <span class='ocr_line' id='line_1_68' title="bbox 2012 3210 3577 3296; baseline 0.013 -37"><span class='ocrx_word' id='word_1_485' title='bbox 2012 3223 2169 3276; x_wconf 89' lang='lat' dir='ltr'><strong>quem</strong></span> <span class='ocrx_word' id='word_1_486' title='bbox 2199 3210 2401 3263; x_wconf 91' lang='lat' dir='ltr'><strong>dictum</strong></span> <span class='ocrx_word' id='word_1_487' title='bbox 2432 3221 2513 3264; x_wconf 89' lang='lat' dir='ltr'><strong>est</strong></span> <span class='ocrx_word' id='word_1_488' title='bbox 2548 3231 2560 3264; x_wconf 92' lang='lat'><strong>:</strong></span> <span class='ocrx_word' id='word_1_489' title='bbox 2611 3232 2628 3264; x_wconf 78' lang='grc' dir='ltr'><strong>ι</strong></span> <span class='ocrx_word' id='word_1_490' title='bbox 2668 3213 2932 3279; x_wconf 88' lang='lat' dir='ltr'><strong>Quoniam</strong></span> <span class='ocrx_word' id='word_1_491' title='bbox 2963 3221 3275 3287; x_wconf 88' lang='lat' dir='ltr'><strong>obediistis,</strong></span> <span class='ocrx_word' id='word_1_492' title='bbox 3315 3225 3366 3278; x_wconf 93' lang='lat' dir='ltr'><strong>in</strong></span> <span class='ocrx_word' id='word_1_493' title='bbox 3419 3243 3577 3296; x_wconf 85' lang='lat' dir='ltr'><strong>quam</strong></span> 
     </span>
    </p>
   </div>
   <div class='ocr_carea' id='block_1_69' title="bbox 2015 3300 3574 3376">
    <p class='ocr_par' dir='ltr' id='par_1_69' title="bbox 2015 3300 3574 3376">
     <span class='ocr_line' id='line_1_69' title="bbox 2015 3300 3574 3376; baseline 0.015 -25"><span class='ocrx_word' id='word_1_494' title='bbox 2015 3300 2194 3352; x_wconf 90' lang='lat' dir='ltr'><strong>traditi</strong></span> <span class='ocrx_word' id='word_1_495' title='bbox 2225 3301 2374 3366; x_wconf 88' lang='lat' dir='ltr'><strong>estis,</strong></span> <span class='ocrx_word' id='word_1_496' title='bbox 2406 3301 2632 3357; x_wconf 78' lang='lat' dir='ltr'><strong>formam</strong></span> <span class='ocrx_word' id='word_1_497' title='bbox 2670 3310 2927 3362; x_wconf 69' lang='lat' dir='ltr'><strong>doctrina:</strong></span> <span class='ocrx_word' id='word_1_498' title='bbox 2962 3311 3012 3376; x_wconf 78' lang='lat' dir='ltr'><strong>b;</strong></span> <span class='ocrx_word' id='word_1_499' title='bbox 3052 3330 3068 3362; x_wconf 70' lang='grc' dir='ltr'>ι</span> <span class='ocrx_word' id='word_1_500' title='bbox 3096 3314 3234 3369; x_wconf 85' lang='lat' dir='ltr'><strong>alius</strong></span> <span class='ocrx_word' id='word_1_501' title='bbox 3263 3330 3291 3368; x_wconf 89' lang='lat' dir='ltr'><strong>a</strong></span> <span class='ocrx_word' id='word_1_502' title='bbox 3324 3317 3450 3372; x_wconf 75' lang='lat' dir='ltr'><strong>vita:</strong></span> <span class='ocrx_word' id='word_1_503' title='bbox 3486 3319 3574 3373; x_wconf 92' lang='lat' dir='ltr'><strong>in-</strong></span> 
     </span>
    </p>
   </div>
   <div class='ocr_carea' id='block_1_70' title="bbox 2011 3393 3577 3465">
    <p class='ocr_par' dir='ltr' id='par_1_70' title="bbox 2011 3393 3577 3465">
     <span class='ocr_line' id='line_1_70' title="bbox 2011 3393 3577 3465; baseline 0.013 -22"><span class='ocrx_word' id='word_1_504' title='bbox 2011 3393 2230 3446; x_wconf 87' lang='lat' dir='ltr'><strong>stituto:</strong></span> <span class='ocrx_word' id='word_1_505' title='bbox 2285 3407 2390 3460; x_wconf 90' lang='lat' dir='ltr'><strong>quo</strong></span> <span class='ocrx_word' id='word_1_506' title='bbox 2418 3395 2576 3450; x_wconf 88' lang='lat' dir='ltr'><strong>modo</strong></span> <span class='ocrx_word' id='word_1_507' title='bbox 2609 3395 2786 3452; x_wconf 81' lang='lat' dir='ltr'><strong>Moses</strong></span> <span class='ocrx_word' id='word_1_508' title='bbox 2840 3401 3016 3456; x_wconf 91' lang='lat' dir='ltr'><strong>dictus</strong></span> <span class='ocrx_word' id='word_1_509' title='bbox 3069 3413 3151 3458; x_wconf 82' lang='lat' dir='ltr'><strong>est</strong></span> <span class='ocrx_word' id='word_1_510' title='bbox 3196 3405 3428 3463; x_wconf 77' lang='lat' dir='ltr'><strong>famulus</strong></span> <span class='ocrx_word' id='word_1_511' title='bbox 3463 3409 3577 3465; x_wconf 85' lang='lat' dir='ltr'><strong>Dei.</strong></span> 
     </span>
    </p>
   </div>
   <div class='ocr_carea' id='block_1_71' title="bbox 2011 3483 3579 3555">
    <p class='ocr_par' dir='ltr' id='par_1_71' title="bbox 2011 3483 3579 3555">
     <span class='ocr_line' id='line_1_71' title="bbox 2011 3483 3579 3555; baseline 0.013 -19"><span class='ocrx_word' id='word_1_512' title='bbox 2011 3483 2243 3540; x_wconf 83' lang='lat' dir='ltr'><strong>Proinde</strong></span> <span class='ocrx_word' id='word_1_513' title='bbox 2305 3487 2477 3542; x_wconf 88' lang='lat' dir='ltr'><strong>modis</strong></span> <span class='ocrx_word' id='word_1_514' title='bbox 2535 3488 2616 3543; x_wconf 88' lang='lat' dir='ltr'><strong>his</strong></span> <span class='ocrx_word' id='word_1_515' title='bbox 2674 3491 2924 3548; x_wconf 88' lang='lat' dir='ltr'><strong>omnibus</strong></span> <span class='ocrx_word' id='word_1_516' title='bbox 3001 3493 3196 3551; x_wconf 85' lang='lat' dir='ltr'><strong>Paulus</strong></span> <span class='ocrx_word' id='word_1_517' title='bbox 3269 3501 3579 3555; x_wconf 85' lang='lat' dir='ltr'><strong>nominatur</strong></span> 
     </span>
    </p>
   </div>
   <div class='ocr_carea' id='block_1_72' title="bbox 2009 3589 2219 3632">
    <p class='ocr_par' dir='ltr' id='par_1_72' title="bbox 2009 3589 2219 3632">
     <span class='ocr_line' id='line_1_72' title="bbox 2009 3589 2219 3632; baseline 0.014 -5"><span class='ocrx_word' id='word_1_518' title='bbox 2009 3589 2219 3632; x_wconf 85' lang='lat' dir='ltr'><strong>servus.</strong></span> 
     </span>
    </p>
   </div>
   <div class='ocr_carea' id='block_1_73' title="bbox 2083 3665 3576 3748">
    <p class='ocr_par' dir='ltr' id='par_1_73' title="bbox 2083 3665 3576 3748">
     <span class='ocr_line' id='line_1_73' title="bbox 2083 3665 3576 3748; baseline 0.015 -32"><span class='ocrx_word' id='word_1_519' title='bbox 2083 3685 2100 3716; x_wconf 74' lang='grc' dir='ltr'>ι</span> <span class='ocrx_word' id='word_1_520' title='bbox 2134 3665 2261 3721; x_wconf 68' lang='lat' dir='ltr'><strong>Jcsu</strong></span> <span class='ocrx_word' id='word_1_521' title='bbox 2289 3669 2508 3725; x_wconf 83' lang='lat' dir='ltr'><strong>Christi.</strong></span> <span class='ocrx_word' id='word_1_522' title='bbox 2544 3691 2562 3725; x_wconf 68' lang='grc' dir='ltr'>ι</span> <span class='ocrx_word' id='word_1_523' title='bbox 2592 3673 2934 3731; x_wconf 75' lang='lat' dir='ltr'><strong>(Economia:</strong></span> <span class='ocrx_word' id='word_1_524' title='bbox 2955 3687 3011 3732; x_wconf 90' lang='lat' dir='ltr'><strong>et</strong></span> <span class='ocrx_word' id='word_1_525' title='bbox 3034 3677 3453 3748; x_wconf 75' lang='lat' dir='ltr'><strong>dispensationis</strong></span> <span class='ocrx_word' id='word_1_526' title='bbox 3478 3701 3576 3739; x_wconf 90' lang='lat' dir='ltr'><strong>no-</strong></span> 
     </span>
    </p>
   </div>
   <div class='ocr_carea' id='block_1_74' title="bbox 2010 3760 3578 3839">
    <p class='ocr_par' dir='ltr' id='par_1_74' title="bbox 2010 3760 3578 3839">
     <span class='ocr_line' id='line_1_74' title="bbox 2010 3760 3578 3839; baseline 0.015 -30"><span class='ocrx_word' id='word_1_527' title='bbox 2010 3760 2150 3812; x_wconf 82' lang='lat' dir='ltr'><strong>mina</strong></span> <span class='ocrx_word' id='word_1_528' title='bbox 2183 3765 2465 3832; x_wconf 76' lang='lat' dir='ltr'><strong>praeponit,</strong></span> <span class='ocrx_word' id='word_1_529' title='bbox 2505 3767 2572 3819; x_wconf 83' lang='lat' dir='ltr'><strong>ab</strong></span> <span class='ocrx_word' id='word_1_530' title='bbox 2601 3765 2944 3824; x_wconf 79' lang='lat' dir='ltr'><strong>inferioribus</strong></span> <span class='ocrx_word' id='word_1_531' title='bbox 2975 3772 3039 3824; x_wconf 90' lang='lat' dir='ltr'><strong>ad</strong></span> <span class='ocrx_word' id='word_1_532' title='bbox 3081 3775 3357 3839; x_wconf 84' lang='lat' dir='ltr'><strong>superiora</strong></span> <span class='ocrx_word' id='word_1_533' title='bbox 3394 3791 3578 3831; x_wconf 87' lang='lat' dir='ltr'><strong>recur-</strong></span> 
     </span>
    </p>
   </div>
   <div class='ocr_carea' id='block_1_75' title="bbox 2008 3854 3576 3929">
    <p class='ocr_par' dir='ltr' id='par_1_75' title="bbox 2008 3854 3576 3929">
     <span class='ocr_line' id='line_1_75' title="bbox 2008 3854 3576 3929; baseline 0.013 -27"><span class='ocrx_word' id='word_1_534' title='bbox 2008 3865 2155 3905; x_wconf 88' lang='lat' dir='ltr'><strong>rens.</strong></span> <span class='ocrx_word' id='word_1_535' title='bbox 2204 3854 2411 3907; x_wconf 84' lang='lat' dir='ltr'><strong>Etenim</strong></span> <span class='ocrx_word' id='word_1_536' title='bbox 2469 3866 2588 3921; x_wconf 84' lang='lat' dir='ltr'><strong>post</strong></span> <span class='ocrx_word' id='word_1_537' title='bbox 2636 3858 3079 3929; x_wconf 82' lang='lat' dir='ltr'><strong>incarnationem,</strong></span> <span class='ocrx_word' id='word_1_538' title='bbox 3108 3863 3284 3928; x_wconf 85' lang='lat' dir='ltr'><strong>Jesus,</strong></span> <span class='ocrx_word' id='word_1_539' title='bbox 3321 3878 3374 3921; x_wconf 90' lang='lat' dir='ltr'><strong>et</strong></span> <span class='ocrx_word' id='word_1_540' title='bbox 3415 3869 3576 3923; x_wconf 87' lang='lat' dir='ltr'><strong>Chri-</strong></span> 
     </span>
    </p>
   </div>
   <div class='ocr_carea' id='block_1_76' title="bbox 2008 3944 3571 4026">
    <p class='ocr_par' dir='ltr' id='par_1_76' title="bbox 2008 3944 3571 4026">
     <span class='ocr_line' id='line_1_76' title="bbox 2008 3944 3571 4026; baseline 0.012 -32"><span class='ocrx_word' id='word_1_541' title='bbox 2008 3951 2143 4002; x_wconf 87' lang='lat' dir='ltr'><strong>stus,</strong></span> <span class='ocrx_word' id='word_1_542' title='bbox 2183 3944 2230 3996; x_wconf 88' lang='lat' dir='ltr'><strong>id</strong></span> <span class='ocrx_word' id='word_1_543' title='bbox 2269 3955 2371 4010; x_wconf 82' lang='lat' dir='ltr'><strong>est,</strong></span> <span class='ocrx_word' id='word_1_544' title='bbox 2416 3946 2638 4012; x_wconf 87' lang='lat' dir='ltr'><strong>Unctus,</strong></span> <span class='ocrx_word' id='word_1_545' title='bbox 2666 3949 2838 4005; x_wconf 91' lang='lat' dir='ltr'><strong>dictus</strong></span> <span class='ocrx_word' id='word_1_546' title='bbox 2861 3960 2943 4006; x_wconf 87' lang='lat' dir='ltr'><strong>est</strong></span> <span class='ocrx_word' id='word_1_547' title='bbox 2983 3966 3219 4011; x_wconf 86' lang='lat' dir='ltr'><strong>:unctus</strong></span> <span class='ocrx_word' id='word_1_548' title='bbox 3267 3959 3410 4012; x_wconf 90' lang='lat' dir='ltr'><strong>enim</strong></span> <span class='ocrx_word' id='word_1_549' title='bbox 3470 3973 3571 4026; x_wconf 87' lang='grc' dir='ltr'>εει,</span> 
     </span>
    </p>
   </div>
   <div class='ocr_carea' id='block_1_77' title="bbox 2008 4032 3574 4117">
    <p class='ocr_par' dir='ltr' id='par_1_77' title="bbox 2008 4032 3574 4117">
     <span class='ocr_line' id='line_1_77' title="bbox 2008 4032 3574 4117; baseline 0.013 -33"><span class='ocrx_word' id='word_1_550' title='bbox 2008 4032 2418 4104; x_wconf 72' lang='lat' dir='ltr'><strong>haudquaquam</strong></span> <span class='ocrx_word' id='word_1_551' title='bbox 2453 4039 2601 4105; x_wconf 92' lang='lat' dir='ltr'><strong>oleo,</strong></span> <span class='ocrx_word' id='word_1_552' title='bbox 2638 4044 2731 4096; x_wconf 90' lang='lat' dir='ltr'><strong>sed</strong></span> <span class='ocrx_word' id='word_1_553' title='bbox 2761 4043 2960 4112; x_wconf 89' lang='lat' dir='ltr'><strong>Spiritu</strong></span> <span class='ocrx_word' id='word_1_554' title='bbox 2991 4056 3196 4112; x_wconf 80' lang='lat' dir='ltr'><strong>sancto,</strong></span> <span class='ocrx_word' id='word_1_555' title='bbox 3227 4049 3314 4117; x_wconf 91' lang='lat' dir='ltr'><strong>qui</strong></span> <span class='ocrx_word' id='word_1_556' title='bbox 3339 4049 3455 4104; x_wconf 84' lang='lat' dir='ltr'><strong>oleo</strong></span> <span class='ocrx_word' id='word_1_557' title='bbox 3494 4066 3574 4106; x_wconf 84' lang='grc' dir='ltr'><strong>εει</strong></span> 
     </span>
    </p>
   </div>
   <div class='ocr_carea' id='block_1_78' title="bbox 2006 4127 3572 4204">
    <p class='ocr_par' dir='ltr' id='par_1_78' title="bbox 2006 4127 3572 4204">
     <span class='ocr_line' id='line_1_78' title="bbox 2006 4127 3572 4204; baseline 0.012 -27"><span class='ocrx_word' id='word_1_558' title='bbox 2006 4127 2222 4178; x_wconf 88' lang='lat' dir='ltr'><strong>omnino</strong></span> <span class='ocrx_word' id='word_1_559' title='bbox 2249 4129 2550 4195; x_wconf 89' lang='lat' dir='ltr'><strong>pretiosior.</strong></span> <span class='ocrx_word' id='word_1_560' title='bbox 2596 4133 2759 4187; x_wconf 77' lang='lat' dir='ltr'><strong>l’orro</strong></span> <span class='ocrx_word' id='word_1_561' title='bbox 2808 4137 2949 4204; x_wconf 87' lang='lat' dir='ltr'><strong>quod</strong></span> <span class='ocrx_word' id='word_1_562' title='bbox 2995 4139 3178 4193; x_wconf 91' lang='lat' dir='ltr'><strong>unctio</strong></span> <span class='ocrx_word' id='word_1_563' title='bbox 3229 4140 3394 4194; x_wconf 86' lang='lat' dir='ltr'><strong>etiam</strong></span> <span class='ocrx_word' id='word_1_564' title='bbox 3455 4145 3572 4196; x_wconf 80' lang='lat' dir='ltr'><strong>sine</strong></span> 
     </span>
    </p>
   </div>
   <div class='ocr_carea' id='block_1_79' title="bbox 2006 4213 3574 4301">
    <p class='ocr_par' dir='ltr' id='par_1_79' title="bbox 2006 4213 3574 4301">
     <span class='ocr_line' id='line_1_79' title="bbox 2006 4213 3574 4301; baseline 0.014 -36"><span class='ocrx_word' id='word_1_565' title='bbox 2006 4213 2121 4267; x_wconf 88' lang='lat' dir='ltr'><strong>oleo</strong></span> <span class='ocrx_word' id='word_1_566' title='bbox 2150 4217 2240 4279; x_wconf 88' lang='lat' dir='ltr'><strong>sit,</strong></span> <span class='ocrx_word' id='word_1_567' title='bbox 2280 4233 2372 4285; x_wconf 87' lang='lat' dir='ltr'><strong>per</strong></span> <span class='ocrx_word' id='word_1_568' title='bbox 2420 4219 2677 4287; x_wconf 84' lang='lat' dir='ltr'><strong>Spiritum</strong></span> <span class='ocrx_word' id='word_1_569' title='bbox 2725 4224 2921 4288; x_wconf 92' lang='lat' dir='ltr'><strong>solum,</strong></span> <span class='ocrx_word' id='word_1_570' title='bbox 2958 4227 3080 4280; x_wconf 85' lang='lat' dir='ltr'><strong>audi</strong></span> <span class='ocrx_word' id='word_1_571' title='bbox 3120 4245 3133 4281; x_wconf 89' lang='lat'><strong>:</strong></span> <span class='ocrx_word' id='word_1_572' title='bbox 3177 4246 3194 4279; x_wconf 83' lang='grc' dir='ltr'>ι</span> <span class='ocrx_word' id='word_1_573' title='bbox 3235 4226 3310 4284; x_wconf 86' lang='grc' dir='ltr'>Νε</span> <span class='ocrx_word' id='word_1_574' title='bbox 3343 4233 3574 4301; x_wconf 71' lang='lat' dir='ltr'><strong>tangatis</strong></span> 
     </span>
    </p>
   </div>
   <div class='ocr_carea' id='block_1_80' title="bbox 2006 4312 3573 4389">
    <p class='ocr_par' dir='ltr' id='par_1_80' title="bbox 2006 4312 3573 4389">
     <span class='ocr_line' id='line_1_80' title="bbox 2006 4312 3573 4389; baseline 0.012 -32"><span class='ocrx_word' id='word_1_575' title='bbox 2006 4318 2195 4362; x_wconf 89' lang='lat' dir='ltr'><strong>unctos</strong></span> <span class='ocrx_word' id='word_1_576' title='bbox 2227 4324 2373 4363; x_wconf 81' lang='lat' dir='ltr'><strong>meos</strong></span> <span class='ocrx_word' id='word_1_577' title='bbox 2402 4323 2448 4365; x_wconf 73' lang='grc' dir='ltr'>ε.</span> <span class='ocrx_word' id='word_1_578' title='bbox 2491 4331 2508 4363; x_wconf 79' lang='grc' dir='ltr'>ι</span> <span class='ocrx_word' id='word_1_579' title='bbox 2546 4312 2695 4377; x_wconf 88' lang='lat' dir='ltr'><strong>Quod</strong></span> <span class='ocrx_word' id='word_1_580' title='bbox 2726 4316 2967 4382; x_wconf 84' lang='lat' dir='ltr'><strong>verbum,</strong></span> <span class='ocrx_word' id='word_1_581' title='bbox 3003 4318 3068 4372; x_wconf 88' lang='lat' dir='ltr'><strong>de</strong></span> <span class='ocrx_word' id='word_1_582' title='bbox 3101 4319 3186 4383; x_wconf 87' lang='lat' dir='ltr'><strong>iis,</strong></span> <span class='ocrx_word' id='word_1_583' title='bbox 3206 4321 3297 4389; x_wconf 90' lang='lat' dir='ltr'><strong>qui</strong></span> <span class='ocrx_word' id='word_1_584' title='bbox 3333 4332 3461 4376; x_wconf 83' lang='lat' dir='ltr'><strong>ante</strong></span> <span class='ocrx_word' id='word_1_585' title='bbox 3494 4323 3573 4377; x_wconf 87' lang='lat' dir='ltr'><strong>le-.</strong></span> 
     </span>
    </p>
   </div>
   <div class='ocr_carea' id='block_1_81' title="bbox 2003 4398 3572 4480">
    <p class='ocr_par' dir='ltr' id='par_1_81' title="bbox 2003 4398 3572 4480">
     <span class='ocr_line' id='line_1_81' title="bbox 2003 4398 3572 4480; baseline 0.014 -33"><span class='ocrx_word' id='word_1_586' title='bbox 2003 4411 2121 4464; x_wconf 78' lang='lat' dir='ltr'><strong>gem</strong></span> <span class='ocrx_word' id='word_1_587' title='bbox 2153 4398 2318 4463; x_wconf 82' lang='lat' dir='ltr'><strong>fuere,</strong></span> <span class='ocrx_word' id='word_1_588' title='bbox 2353 4403 2721 4471; x_wconf 84' lang='lat' dir='ltr'><strong>accipiendum</strong></span> <span class='ocrx_word' id='word_1_589' title='bbox 2757 4416 2862 4471; x_wconf 88' lang='lat' dir='ltr'><strong>est,</strong></span> <span class='ocrx_word' id='word_1_590' title='bbox 2894 4423 3000 4476; x_wconf 91' lang='lat' dir='ltr'><strong>quo</strong></span> <span class='ocrx_word' id='word_1_591' title='bbox 3032 4417 3273 4480; x_wconf 86' lang='lat' dir='ltr'><strong>tempore</strong></span> <span class='ocrx_word' id='word_1_592' title='bbox 3305 4414 3572 4469; x_wconf 86' lang='lat' dir='ltr'><strong>unctionis</strong></span> 
     </span>
    </p>
   </div>
   <div class='ocr_carea' id='block_1_82' title="bbox 2003 4490 3121 4565">
    <p class='ocr_par' dir='ltr' id='par_1_82' title="bbox 2003 4490 3121 4565">
     <span class='ocr_line' id='line_1_82' title="bbox 2003 4490 3121 4565; baseline 0.013 -25"><span class='ocrx_word' id='word_1_593' title='bbox 2003 4503 2096 4554; x_wconf 83' lang='lat' dir='ltr'><strong>per</strong></span> <span class='ocrx_word' id='word_1_594' title='bbox 2118 4490 2292 4544; x_wconf 87' lang='lat' dir='ltr'><strong>oleum</strong></span> <span class='ocrx_word' id='word_1_595' title='bbox 2321 4507 2388 4547; x_wconf 90' lang='lat' dir='ltr'><strong>ne</strong></span> <span class='ocrx_word' id='word_1_596' title='bbox 2417 4511 2605 4549; x_wconf 88' lang='lat' dir='ltr'><strong>nomen</strong></span> <span class='ocrx_word' id='word_1_597' title='bbox 2630 4498 2844 4565; x_wconf 86' lang='lat' dir='ltr'><strong>quidem</strong></span> <span class='ocrx_word' id='word_1_598' title='bbox 2868 4502 3121 4555; x_wconf 80' lang='lat' dir='ltr'><strong>innotuit.</strong></span> 
     </span>
    </p>
   </div>
   <div class='ocr_carea' id='block_1_83' title="bbox 2077 4579 3566 4653">
    <p class='ocr_par' dir='ltr' id='par_1_83' title="bbox 2077 4579 3566 4653">
     <span class='ocr_line' id='line_1_83' title="bbox 2077 4579 3566 4653; baseline 0.015 -24"><span class='ocrx_word' id='word_1_599' title='bbox 2077 4597 2096 4629; x_wconf 80' lang='grc' dir='ltr'>ι</span> <span class='ocrx_word' id='word_1_600' title='bbox 2140 4579 2389 4636; x_wconf 78' lang='lat' dir='ltr'><strong>Vocatus.</strong></span> <span class='ocrx_word' id='word_1_601' title='bbox 2431 4604 2448 4635; x_wconf 77' lang='grc' dir='ltr'>ι</span> <span class='ocrx_word' id='word_1_602' title='bbox 2502 4585 2726 4643; x_wconf 86' lang='lat' dir='ltr'><strong>Humilis</strong></span> <span class='ocrx_word' id='word_1_603' title='bbox 2760 4599 2814 4643; x_wconf 86' lang='lat' dir='ltr'><strong>et</strong></span> <span class='ocrx_word' id='word_1_604' title='bbox 2844 4593 3070 4646; x_wconf 86' lang='lat' dir='ltr'><strong>modesti</strong></span> <span class='ocrx_word' id='word_1_605' title='bbox 3103 4594 3266 4648; x_wconf 89' lang='lat' dir='ltr'><strong>animi</strong></span> <span class='ocrx_word' id='word_1_606' title='bbox 3311 4595 3412 4650; x_wconf 89' lang='lat' dir='ltr'><strong>hoc</strong></span> <span class='ocrx_word' id='word_1_607' title='bbox 3446 4611 3566 4653; x_wconf 80' lang='lat' dir='ltr'><strong>vcr-</strong></span> 
     </span>
    </p>
   </div>
   <div class='ocr_carea' id='block_1_84' title="bbox 2002 4669 3558 4754">
    <p class='ocr_par' dir='ltr' id='par_1_84' title="bbox 2002 4669 3558 4754">
     <span class='ocr_line' id='line_1_84' title="bbox 2002 4669 3558 4754; baseline 0.014 -31"><span class='ocrx_word' id='word_1_608' title='bbox 2002 4669 2126 4723; x_wconf 91' lang='lat' dir='ltr'><strong>bum</strong></span> <span class='ocrx_word' id='word_1_609' title='bbox 2160 4684 2263 4727; x_wconf 91' lang='lat' dir='ltr'><strong>est.</strong></span> <span class='ocrx_word' id='word_1_610' title='bbox 2297 4672 2496 4729; x_wconf 88' lang='lat' dir='ltr'><strong>Iudicat</strong></span> <span class='ocrx_word' id='word_1_611' title='bbox 2527 4678 2670 4732; x_wconf 88' lang='lat' dir='ltr'><strong>enim</strong></span> <span class='ocrx_word' id='word_1_612' title='bbox 2695 4681 2838 4748; x_wconf 85' lang='lat' dir='ltr'><strong>quod</strong></span> <span class='ocrx_word' id='word_1_613' title='bbox 2871 4697 2978 4736; x_wconf 90' lang='lat' dir='ltr'><strong>non</strong></span> <span class='ocrx_word' id='word_1_614' title='bbox 3008 4683 3123 4752; x_wconf 89' lang='lat' dir='ltr'><strong>ipse</strong></span> <span class='ocrx_word' id='word_1_615' title='bbox 3162 4686 3450 4754; x_wconf 72' lang='lat' dir='ltr'><strong>quaerendo</strong></span> <span class='ocrx_word' id='word_1_616' title='bbox 3485 4689 3558 4744; x_wconf 86' lang='lat' dir='ltr'><strong>in-</strong></span> 
     </span>
    </p>
   </div>
   <div class='ocr_carea' id='block_1_85' title="bbox 2003 4766 2937 4829">
    <p class='ocr_par' dir='ltr' id='par_1_85' title="bbox 2003 4766 2937 4829">
     <span class='ocr_line' id='line_1_85' title="bbox 2003 4766 2937 4829; baseline 0.019 -18"><span class='ocrx_word' id='word_1_617' title='bbox 2003 4766 2229 4829; x_wconf 74' lang='lat' dir='ltr'><strong>venerit,</strong></span> <span class='ocrx_word' id='word_1_618' title='bbox 2260 4770 2352 4820; x_wconf 85' lang='lat' dir='ltr'><strong>sed</strong></span> <span class='ocrx_word' id='word_1_619' title='bbox 2388 4781 2606 4824; x_wconf 78' lang='lat' dir='ltr'><strong>vocatus</strong></span> <span class='ocrx_word' id='word_1_620' title='bbox 2629 4775 2937 4829; x_wconf 82' lang='lat' dir='ltr'><strong>accesserit.</strong></span> 
     </span>
    </p>
   </div>
   <div class='ocr_carea' id='block_1_86' title="bbox 2077 4857 3564 4932">
    <p class='ocr_par' dir='ltr' id='par_1_86' title="bbox 2077 4857 3564 4932">
     <span class='ocr_line' id='line_1_86' title="bbox 2077 4857 3564 4932; baseline 0.013 -24"><span class='ocrx_word' id='word_1_621' title='bbox 2077 4876 2094 4908; x_wconf 89' lang='grc'><strong><em>‹</em></strong></span> <span class='ocrx_word' id='word_1_622' title='bbox 2140 4857 2451 4924; x_wconf 82' lang='lat' dir='ltr'><strong>Apostolus.</strong></span> <span class='ocrx_word' id='word_1_623' title='bbox 2486 4881 2502 4913; x_wconf 70' lang='grc' dir='ltr'>ι</span> <span class='ocrx_word' id='word_1_624' title='bbox 2541 4861 2652 4918; x_wconf 88' lang='lat' dir='ltr'><strong>Hoc</strong></span> <span class='ocrx_word' id='word_1_625' title='bbox 2686 4867 2865 4932; x_wconf 89' lang='lat' dir='ltr'><strong>posuit</strong></span> <span class='ocrx_word' id='word_1_626' title='bbox 2903 4870 2969 4922; x_wconf 88' lang='lat' dir='ltr'><strong>ad</strong></span> <span class='ocrx_word' id='word_1_627' title='bbox 3011 4869 3238 4926; x_wconf 85' lang='lat' dir='ltr'><strong>aliorum</strong></span> <span class='ocrx_word' id='word_1_628' title='bbox 3273 4872 3564 4928; x_wconf 81' lang='lat' dir='ltr'><strong>discrimen</strong></span> 
     </span>
    </p>
   </div>
   <div class='ocr_carea' id='block_1_87' title="bbox 2001 4948 3568 5031">
    <p class='ocr_par' dir='ltr' id='par_1_87' title="bbox 2001 4948 3568 5031">
     <span class='ocr_line' id='line_1_87' title="bbox 2001 4948 3568 5031; baseline 0.013 -32"><span class='ocrx_word' id='word_1_629' title='bbox 2001 4948 2088 5016; x_wconf 91' lang='lat' dir='ltr'><strong>qui</strong></span> <span class='ocrx_word' id='word_1_630' title='bbox 2118 4953 2288 5004; x_wconf 85' lang='lat' dir='ltr'><strong>vocati</strong></span> <span class='ocrx_word' id='word_1_631' title='bbox 2325 4964 2466 5008; x_wconf 90' lang='lat' dir='ltr'><strong>sunt.</strong></span> <span class='ocrx_word' id='word_1_632' title='bbox 2517 4956 2728 5011; x_wconf 89' lang='lat' dir='ltr'><strong>Etenim</strong></span> <span class='ocrx_word' id='word_1_633' title='bbox 2772 4959 2955 5016; x_wconf 85' lang='lat' dir='ltr'><strong>ﬁdeles</strong></span> <span class='ocrx_word' id='word_1_634' title='bbox 2990 4977 3202 5031; x_wconf 87' lang='lat' dir='ltr'><strong>omnes,</strong></span> <span class='ocrx_word' id='word_1_635' title='bbox 3244 4966 3424 5020; x_wconf 80' lang='lat' dir='ltr'><strong>vocati</strong></span> <span class='ocrx_word' id='word_1_636' title='bbox 3467 4977 3568 5021; x_wconf 89' lang='lat' dir='ltr'><strong>:at</strong></span> 
     </span>
    </p>
   </div>
   <div class='ocr_carea' id='block_1_88' title="bbox 2002 5041 3566 5126">
    <p class='ocr_par' dir='ltr' id='par_1_88' title="bbox 2002 5041 3566 5126">
     <span class='ocr_line' id='line_1_88' title="bbox 2002 5041 3566 5126; baseline 0.013 -33"><span class='ocrx_word' id='word_1_637' title='bbox 2002 5041 2074 5093; x_wconf 90' lang='lat' dir='ltr'><strong>illi</strong></span> <span class='ocrx_word' id='word_1_638' title='bbox 2101 5042 2167 5094; x_wconf 88' lang='lat' dir='ltr'><strong>ad</strong></span> <span class='ocrx_word' id='word_1_639' title='bbox 2195 5045 2523 5100; x_wconf 88' lang='lat' dir='ltr'><strong>credendum</strong></span> <span class='ocrx_word' id='word_1_640' title='bbox 2550 5047 2848 5106; x_wconf 77' lang='lat' dir='ltr'><strong>duntaxat:</strong></span> <span class='ocrx_word' id='word_1_641' title='bbox 2884 5053 3012 5107; x_wconf 80' lang='lat' dir='ltr'><strong>Mihi</strong></span> <span class='ocrx_word' id='word_1_642' title='bbox 3037 5071 3186 5121; x_wconf 86' lang='lat' dir='ltr'><strong>vero,</strong></span> <span class='ocrx_word' id='word_1_643' title='bbox 3215 5058 3412 5126; x_wconf 89' lang='lat' dir='ltr'><strong>inquit,</strong></span> <span class='ocrx_word' id='word_1_644' title='bbox 3445 5073 3566 5111; x_wconf 94' lang='lat' dir='ltr'><strong>mu-</strong></span> 
     </span>
    </p>
   </div>
   <div class='ocr_carea' id='block_1_89' title="bbox 2001 5131 3562 5210">
    <p class='ocr_par' dir='ltr' id='par_1_89' title="bbox 2001 5131 3562 5210">
     <span class='ocr_line' id='line_1_89' title="bbox 2001 5131 3562 5210; baseline 0.012 -29"><span class='ocrx_word' id='word_1_645' title='bbox 2001 5131 2146 5183; x_wconf 89' lang='lat' dir='ltr'><strong>neris</strong></span> <span class='ocrx_word' id='word_1_646' title='bbox 2183 5135 2461 5200; x_wconf 85' lang='lat' dir='ltr'><strong>apostolici</strong></span> <span class='ocrx_word' id='word_1_647' title='bbox 2495 5134 2722 5201; x_wconf 79' lang='lat' dir='ltr'><strong>functio,</strong></span> <span class='ocrx_word' id='word_1_648' title='bbox 2746 5155 2841 5194; x_wconf 85' lang='lat' dir='ltr'><strong>seu</strong></span> <span class='ocrx_word' id='word_1_649' title='bbox 2875 5141 3072 5210; x_wconf 78' lang='lat' dir='ltr'><strong>legatio</strong></span> <span class='ocrx_word' id='word_1_650' title='bbox 3117 5148 3408 5201; x_wconf 85' lang='lat' dir='ltr'><strong>commissa</strong></span> <span class='ocrx_word' id='word_1_651' title='bbox 3439 5157 3562 5209; x_wconf 83' lang='lat' dir='ltr'><strong>est,</strong></span> 
     </span>
    </p>
   </div>
   <div class='ocr_carea' id='block_1_90' title="bbox 1999 5225 3562 5301">
    <p class='ocr_par' dir='ltr' id='par_1_90' title="bbox 1999 5225 3562 5301">
     <span class='ocr_line' id='line_1_90' title="bbox 1999 5225 3562 5301; baseline 0.013 -29"><span class='ocrx_word' id='word_1_652' title='bbox 1999 5235 2118 5287; x_wconf 73' lang='lat' dir='ltr'><strong>quae</strong></span> <span class='ocrx_word' id='word_1_653' title='bbox 2141 5233 2195 5276; x_wconf 90' lang='lat' dir='ltr'><strong>et</strong></span> <span class='ocrx_word' id='word_1_654' title='bbox 2218 5225 2452 5288; x_wconf 75' lang='lat' dir='ltr'><strong>Christo,</strong></span> <span class='ocrx_word' id='word_1_655' title='bbox 2490 5241 2608 5280; x_wconf 92' lang='lat' dir='ltr'><strong>cum</strong></span> <span class='ocrx_word' id='word_1_656' title='bbox 2637 5245 2666 5284; x_wconf 88' lang='lat' dir='ltr'><strong>a</strong></span> <span class='ocrx_word' id='word_1_657' title='bbox 2704 5230 2862 5286; x_wconf 81' lang='lat' dir='ltr'><strong>Patre</strong></span> <span class='ocrx_word' id='word_1_658' title='bbox 2897 5235 3223 5301; x_wconf 86' lang='lat' dir='ltr'><strong>mitteretur,</strong></span> <span class='ocrx_word' id='word_1_659' title='bbox 3251 5237 3562 5292; x_wconf 83' lang='lat' dir='ltr'><strong>concredita</strong></span> 
     </span>
    </p>
   </div>
   <div class='ocr_carea' id='block_1_91' title="bbox 1999 5322 2132 5367">
    <p class='ocr_par' dir='ltr' id='par_1_91' title="bbox 1999 5322 2132 5367">
     <span class='ocr_line' id='line_1_91' title="bbox 1999 5322 2132 5367; baseline 0.015 -2"><span class='ocrx_word' id='word_1_660' title='bbox 1999 5322 2132 5367; x_wconf 86' lang='lat' dir='ltr'><strong>erat.</strong></span> 
     </span>
    </p>
   </div>
   <div class='ocr_carea' id='block_1_92' title="bbox 408 5387 2100 5486">
    <p class='ocr_par' dir='ltr' id='par_1_92' title="bbox 408 5387 2096 5472">
     <span class='ocr_line' id='line_1_92' title="bbox 408 5387 2096 5472; baseline 0.015 -37"><span class='ocrx_word' id='word_1_661' title='bbox 408 5403 426 5436; x_wconf 78' lang='grc' dir='ltr'>ι</span> <span class='ocrx_word' id='word_1_662' title='bbox 478 5387 880 5458; x_wconf 72' lang='grc' dir='ltr'>Ἀφωρισμένος</span> <span class='ocrx_word' id='word_1_663' title='bbox 902 5392 982 5455; x_wconf 91' lang='grc' dir='ltr'><strong>είς</strong></span> <span class='ocrx_word' id='word_1_664' title='bbox 1000 5392 1327 5461; x_wconf 83' lang='grc' dir='ltr'>Εὑαγγέλιον</span> <span class='ocrx_word' id='word_1_665' title='bbox 1346 5398 1499 5451; x_wconf 81' lang='grc' dir='ltr'><strong>Θεοῦ.</strong></span> <span class='ocrx_word' id='word_1_666' title='bbox 1534 5421 1552 5451; x_wconf 74' lang='grc' dir='ltr'>ι</span> <span class='ocrx_word' id='word_1_667' title='bbox 1579 5403 1885 5472; x_wconf 82' lang='grc' dir='ltr'>Τουτέστιν,</span> <span class='ocrx_word' id='word_1_668' title='bbox 1918 5388 1970 5448; x_wconf 85' lang='grc' dir='ltr'>Ῑ)</span> <span class='ocrx_word' id='word_1_669' title='bbox 2077 5425 2096 5455; x_wconf 78' lang='grc' dir='ltr'>ι</span> 
     </span>
    </p>
   </div>
   <div class='ocr_carea' id='block_1_93' title="bbox 1874 5387 3566 5486">
    <p class='ocr_par' dir='ltr' id='par_1_93' title="bbox 1874 5388 3566 5486">
     <span class='ocr_line' id='line_1_93' title="bbox 1874 5388 3566 5486; baseline 0.002 -14"><span class='ocrx_word' id='word_1_670' title='bbox 1874 5388 1970 5472; x_wconf 74' lang='grc' dir='ltr'><strong>ιῙ)</strong></span> <span class='ocrx_word' id='word_1_671' title='bbox 2077 5425 2096 5455; x_wconf 78' lang='grc' dir='ltr'>ι</span> <span class='ocrx_word' id='word_1_672' title='bbox 2142 5409 2527 5479; x_wconf 77' lang='lat' dir='ltr'><strong>Segregatusin</strong></span> <span class='ocrx_word' id='word_1_673' title='bbox 2563 5413 2911 5486; x_wconf 62' lang='lat' dir='ltr'><strong>Eva-agellum</strong></span> <span class='ocrx_word' id='word_1_674' title='bbox 2958 5420 3071 5472; x_wconf 79' lang='lat' dir='ltr'><strong>Dei.</strong></span> <span class='ocrx_word' id='word_1_675' title='bbox 3115 5438 3132 5471; x_wconf 83' lang='grc'>›</span> <span class='ocrx_word' id='word_1_676' title='bbox 3172 5419 3283 5474; x_wconf 85' lang='grc' dir='ltr'>Ηοε</span> <span class='ocrx_word' id='word_1_677' title='bbox 3315 5431 3417 5484; x_wconf 83' lang='grc' dir='ltr'>εει,</span> <span class='ocrx_word' id='word_1_678' title='bbox 3465 5422 3566 5475; x_wconf 74' lang='grc' dir='ltr'>δε·-</span> 
     </span>
    </p>
   </div>
   <div class='ocr_carea' id='block_1_94' title="bbox 333 5474 1888 5558">
    <p class='ocr_par' dir='ltr' id='par_1_94' title="bbox 333 5474 1888 5558">
     <span class='ocr_line' id='line_1_94' title="bbox 333 5474 1888 5558; baseline 0.015 -31"><span class='ocrx_word' id='word_1_679' title='bbox 333 5474 890 5548; x_wconf 77' lang='grc' dir='ltr'>Ἀποκεκληρωμένος</span> <span class='ocrx_word' id='word_1_680' title='bbox 913 5484 993 5547; x_wconf 84' lang='grc' dir='ltr'><strong>είς</strong></span> <span class='ocrx_word' id='word_1_681' title='bbox 1011 5485 1106 5553; x_wconf 83' lang='grc' dir='ltr'><strong>τὴν</strong></span> <span class='ocrx_word' id='word_1_682' title='bbox 1127 5488 1220 5540; x_wconf 83' lang='grc' dir='ltr'>τοῦ</span> <span class='ocrx_word' id='word_1_683' title='bbox 1240 5489 1569 5558; x_wconf 78' lang='grc' dir='ltr'>Εὑαγγελίου</span> <span class='ocrx_word' id='word_1_684' title='bbox 1595 5495 1888 5552; x_wconf 87' lang='grc' dir='ltr'>διακονίαν.</span> 
     </span>
    </p>
   </div>
   <div class='ocr_carea' id='block_1_95' title="bbox 324 5569 1888 5654">
    <p class='ocr_par' dir='ltr' id='par_1_95' title="bbox 324 5569 1888 5654">
     <span class='ocr_line' id='line_1_95' title="bbox 324 5569 1888 5654; baseline 0.013 -34"><span class='ocrx_word' id='word_1_685' title='bbox 324 5569 437 5620; x_wconf 69' lang='grc' dir='ltr'><strong>Καὶ</strong></span> <span class='ocrx_word' id='word_1_686' title='bbox 485 5569 658 5631; x_wconf 77' lang='grc' dir='ltr'>ἄλλως</span> <span class='ocrx_word' id='word_1_687' title='bbox 710 5570 804 5636; x_wconf 87' lang='grc' dir='ltr'><strong>δὲ,</strong></span> <span class='ocrx_word' id='word_1_688' title='bbox 857 5573 954 5638; x_wconf 80' lang='grc' dir='ltr'>τὸ,</span> <span class='ocrx_word' id='word_1_689' title='bbox 993 5594 1010 5625; x_wconf 77' lang='grc' dir='ltr'>ι</span> <span class='ocrx_word' id='word_1_690' title='bbox 1058 5577 1498 5649; x_wconf 75' lang='grc' dir='ltr'>Ἀφωρισμένος,</span> <span class='ocrx_word' id='word_1_691' title='bbox 1537 5601 1553 5633; x_wconf 83' lang='grc'>›</span> <span class='ocrx_word' id='word_1_692' title='bbox 1589 5586 1707 5639; x_wconf 67' lang='grc' dir='ltr'>ἀντὶ</span> <span class='ocrx_word' id='word_1_693' title='bbox 1756 5589 1849 5640; x_wconf 82' lang='grc' dir='ltr'><strong>τοῦ</strong></span> <span class='ocrx_word' id='word_1_694' title='bbox 1875 5633 1888 5654; x_wconf 90' lang='grc'><strong>,</strong></span> 
     </span>
    </p>
   </div>
   <div class='ocr_carea' id='block_1_96' title="bbox 322 5657 1892 5746">
    <p class='ocr_par' dir='ltr' id='par_1_96' title="bbox 322 5657 1892 5746">
     <span class='ocr_line' id='line_1_96' title="bbox 322 5657 1892 5746; baseline 0.012 -36"><span class='ocrx_word' id='word_1_695' title='bbox 322 5657 739 5728; x_wconf 73' lang='grc' dir='ltr'>ιίροωρισμένος</span> <span class='ocrx_word' id='word_1_696' title='bbox 765 5664 843 5726; x_wconf 84' lang='grc' dir='ltr'><strong>είς</strong></span> <span class='ocrx_word' id='word_1_697' title='bbox 870 5664 1027 5719; x_wconf 83' lang='grc' dir='ltr'>τοῦτο</span> <span class='ocrx_word' id='word_1_698' title='bbox 1047 5683 1058 5697; x_wconf 83' lang='grc'><em>’</em></span> <span class='ocrx_word' id='word_1_699' title='bbox 1082 5667 1158 5731; x_wconf 82' lang='grc' dir='ltr'>ὡς</span> <span class='ocrx_word' id='word_1_700' title='bbox 1183 5670 1274 5722; x_wconf 85' lang='grc' dir='ltr'>καὶ</span> <span class='ocrx_word' id='word_1_701' title='bbox 1304 5672 1438 5741; x_wconf 83' lang='grc' dir='ltr'>πρὸς</span> <span class='ocrx_word' id='word_1_702' title='bbox 1483 5673 1545 5726; x_wconf 82' lang='grc' dir='ltr'>ἰε</span> <span class='ocrx_word' id='word_1_703' title='bbox 1558 5677 1748 5744; x_wconf 84' lang='grc' dir='ltr'>ρεμίαν</span> <span class='ocrx_word' id='word_1_704' title='bbox 1784 5696 1857 5746; x_wconf 78' lang='grc' dir='ltr'>φη</span> <span class='ocrx_word' id='word_1_705' title='bbox 1876 5701 1892 5708; x_wconf 95' lang='grc'><strong>-</strong></span> 
     </span>
    </p>
   </div>
   <div class='ocr_carea' id='block_1_97' title="bbox 397 5811 1412 5893">
    <p class='ocr_par' dir='ltr' id='par_1_97' title="bbox 397 5811 1412 5893">
     <span class='ocr_line' id='line_1_97' title="bbox 397 5811 1412 5893; baseline 0.014 -28"><span class='ocrx_word' id='word_1_706' title='bbox 397 5817 446 5852; x_wconf 67' lang='grc' dir='ltr'><strong>δ’</strong></span> <span class='ocrx_word' id='word_1_707' title='bbox 467 5811 605 5867; x_wconf 81' lang='lat' dir='ltr'><strong>Psal.</strong></span> <span class='ocrx_word' id='word_1_708' title='bbox 629 5829 814 5882; x_wconf 62' lang='grc' dir='ltr'>εει-ιιι,</span> <span class='ocrx_word' id='word_1_709' title='bbox 836 5819 923 5878; x_wconf 80' lang='lat' dir='ltr'><strong>9i.</strong></span> <span class='ocrx_word' id='word_1_710' title='bbox 1003 5824 1028 5863; x_wconf 71' lang='grc' dir='ltr'>δ</span> <span class='ocrx_word' id='word_1_711' title='bbox 1054 5822 1205 5879; x_wconf 80' lang='lat' dir='ltr'><strong>Rom.</strong></span> <span class='ocrx_word' id='word_1_712' title='bbox 1231 5843 1299 5893; x_wconf 66' lang='grc' dir='ltr'><strong>τι,</strong></span> <span class='ocrx_word' id='word_1_713' title='bbox 1334 5827 1412 5880; x_wconf 82' lang='lat' dir='ltr'><strong>t7.</strong></span> 
     </span>
    </p>
   </div>
   <div class='ocr_carea' id='block_1_98' title="bbox 1495 5829 1910 5895">
    <p class='ocr_par' dir='ltr' id='par_1_98' title="bbox 1495 5829 1910 5895">
     <span class='ocr_line' id='line_1_98' title="bbox 1495 5829 1910 5895; baseline 0.017 -14"><span class='ocrx_word' id='word_1_714' title='bbox 1495 5841 1512 5861; x_wconf 62' lang='grc' dir='ltr'><strong>ν</strong></span> <span class='ocrx_word' id='word_1_715' title='bbox 1556 5829 1694 5884; x_wconf 79' lang='lat' dir='ltr'><strong>Psal.</strong></span> <span class='ocrx_word' id='word_1_716' title='bbox 1739 5833 1910 5895; x_wconf 49' lang='lat'><strong>3315.</strong></span> 
     </span>
    </p>
   </div>
   <div class='ocr_carea' id='block_1_99' title="bbox 2002 5497 3566 5572">
    <p class='ocr_par' dir='ltr' id='par_1_99' title="bbox 2002 5497 3566 5572">
     <span class='ocr_line' id='line_1_99' title="bbox 2002 5497 3566 5572; baseline 0.01 -23"><span class='ocrx_word' id='word_1_717' title='bbox 2002 5497 2171 5552; x_wconf 83' lang='lat' dir='ltr'><strong>lectus</strong></span> <span class='ocrx_word' id='word_1_718' title='bbox 2213 5502 2279 5554; x_wconf 85' lang='lat' dir='ltr'><strong>ad</strong></span> <span class='ocrx_word' id='word_1_719' title='bbox 2323 5502 2593 5572; x_wconf 81' lang='lat' dir='ltr'><strong>Evangelii</strong></span> <span class='ocrx_word' id='word_1_720' title='bbox 2639 5508 3022 5564; x_wconf 87' lang='lat' dir='ltr'><strong>ministerium.</strong></span> <span class='ocrx_word' id='word_1_721' title='bbox 3071 5512 3240 5564; x_wconf 87' lang='lat' dir='ltr'><strong>Aliter</strong></span> <span class='ocrx_word' id='word_1_722' title='bbox 3288 5522 3466 5567; x_wconf 85' lang='lat' dir='ltr'><strong>autem</strong></span> <span class='ocrx_word' id='word_1_723' title='bbox 3515 5524 3566 5566; x_wconf 92' lang='lat' dir='ltr'><strong>et</strong></span> 
     </span>
    </p>
   </div>
   <div class='ocr_carea' id='block_1_100' title="bbox 2006 5591 3559 5668">
    <p class='ocr_par' dir='ltr' id='par_1_100' title="bbox 2006 5591 3559 5668">
     <span class='ocr_line' id='line_1_100' title="bbox 2006 5591 3559 5668; baseline 0.01 -29"><span class='ocrx_word' id='word_1_724' title='bbox 2006 5607 2023 5638; x_wconf 83' lang='grc' dir='ltr'><strong>ι</strong></span> <span class='ocrx_word' id='word_1_725' title='bbox 2063 5591 2404 5660; x_wconf 81' lang='lat' dir='ltr'><strong>Segregatus,</strong></span> <span class='ocrx_word' id='word_1_726' title='bbox 2438 5613 2454 5644; x_wconf 74' lang='grc' dir='ltr'>ι</span> <span class='ocrx_word' id='word_1_727' title='bbox 2496 5611 2591 5663; x_wconf 89' lang='lat' dir='ltr'><strong>pro</strong></span> <span class='ocrx_word' id='word_1_728' title='bbox 2638 5612 2720 5662; x_wconf 88' lang='lat' dir='ltr'><strong>eo,</strong></span> <span class='ocrx_word' id='word_1_729' title='bbox 2752 5597 2806 5668; x_wconf 70' lang='grc'><strong>4</strong></span> <span class='ocrx_word' id='word_1_730' title='bbox 2847 5604 2988 5667; x_wconf 91' lang='lat' dir='ltr'><strong>quod</strong></span> <span class='ocrx_word' id='word_1_731' title='bbox 3016 5609 3098 5654; x_wconf 87' lang='lat' dir='ltr'><strong>est</strong></span> <span class='ocrx_word' id='word_1_732' title='bbox 3131 5598 3559 5655; x_wconf 73' lang='lat' dir='ltr'><strong>Prtedestinatns</strong></span> 
     </span>
    </p>
   </div>
   <div class='ocr_carea' id='block_1_101' title="bbox 2000 5681 3559 5753">
    <p class='ocr_par' dir='ltr' id='par_1_101' title="bbox 2000 5681 3559 5753">
     <span class='ocr_line' id='line_1_101' title="bbox 2000 5681 3559 5753; baseline 0.008 -21"><span class='ocrx_word' id='word_1_733' title='bbox 2000 5681 2062 5732; x_wconf 87' lang='lat' dir='ltr'><strong>ad</strong></span> <span class='ocrx_word' id='word_1_734' title='bbox 2103 5682 2222 5745; x_wconf 85' lang='lat' dir='ltr'><strong>hoc,</strong></span> <span class='ocrx_word' id='word_1_735' title='bbox 2261 5687 2554 5753; x_wconf 80' lang='lat' dir='ltr'><strong>accipitur;</strong></span> <span class='ocrx_word' id='word_1_736' title='bbox 2599 5699 2653 5741; x_wconf 91' lang='lat' dir='ltr'><strong>ut</strong></span> <span class='ocrx_word' id='word_1_737' title='bbox 2682 5705 2802 5743; x_wconf 88' lang='lat' dir='ltr'><strong>cum</strong></span> <span class='ocrx_word' id='word_1_738' title='bbox 2849 5692 2912 5744; x_wconf 89' lang='lat' dir='ltr'><strong>ad</strong></span> <span class='ocrx_word' id='word_1_739' title='bbox 2945 5689 3232 5746; x_wconf 85' lang='lat' dir='ltr'><strong>Jcremiam</strong></span> <span class='ocrx_word' id='word_1_740' title='bbox 3269 5692 3407 5746; x_wconf 86' lang='lat' dir='ltr'><strong>Deus</strong></span> <span class='ocrx_word' id='word_1_741' title='bbox 3453 5693 3559 5744; x_wconf 81' lang='lat' dir='ltr'><strong>ait:</strong></span> 
     </span>
    </p>
   </div>
  </div>
