4284 6450
325 432 427 495 341

1188 416 1592 479 EXPOSl'l'lO
1626 418 1698 474 ΙΝ
1759 416 1995 474 EPIST.
2045 413 2136 470 Al)
2182 410 2359 469 ROM.
2397 435 2455 443 -
2483 410 2639 469 CAP.
2676 409 2719 467 Ι.

1890 416 1995 474 ST.
2045 413 2136 470 At)
2182 410 2359 469 ROM.
2397 435 2455 443 —
2483 410 2639 469 CAP.
2676 409 2719 467 Ι.
3473 402 3580 466 5η

324 545 600 613 γέννησιν.
633 539 744 592 Καὶ
777 537 884 606 γὰρ
907 535 999 587 καὶ
1022 533 1182 595 αὐτὸς
1217 535 1244 584 ὁ
1276 530 1475 600 Κύριος
1502 529 1716 597 πρῶτον
1752 526 1905 595 ὤφθη
1937 533 1981 589 Α

1889 545 1905 595 η
1937 533 1981 589 Α
2017 523 2151 575 lisuu
2189 540 2199 574 :
2230 532 2280 573 ut
2321 525 2385 573 ah
2418 525 2514 575 hac
2551 520 2824 576 auditores
2872 521 2934 571 ad
2991 531 3278 587 supernam
3314 517 3452 570 illam
3491 537 3581 586 gn-

326 637 634 707 ἄνθρωπος,
672 625 790 684 εἶτα
813 625 1061 697 ἐγνώσθη
1089 624 1241 685 Θεός.

409 923 427 955 ι
468 902 576 955 Τοῦ
626 898 936 970 ὁρισθέντος
982 891 1112 946 Υἱοῦ
1175 888 1310 943 Θεοῦ
1361 889 1418 939 ὲν
1464 886 1715 953 δυνάμει,
1766 879 1906 932 κατᾶ

326 997 553 1067 Πνεῦμα
585 991 902 1061 ἁγιωσύνης
924 1029 938 1051 ,
973 986 1033 1050 ἐξ
1070 983 1420 1043 ἀναστάσεως
1455 977 1684 1045 νεκρῶν,
1734 972 1904 1041 Ἰησοῦ

327 1089 565 1162 Χριστοῦ
601 1086 693 1139 τοῦ
730 1082 936 1152 Κυρίου
973 1078 1148 1149 ἡμῶν.
1198 1095 1215 1122 ι
1256 1070 1422 1126 Εἶπεν
1453 1071 1586 1131 ἄνω,
1613 1070 1690 1121 ὃτι
1719 1086 1735 1118 ι
1779 1067 1906 1135 περὶ

326 1184 422 1237 τοῦ
462 1180 590 1234 Υίοῦ
625 1176 789 1232 αὐτοῦ
827 1195 846 1228 ι
884 1176 998 1227 ἐστι
1023 1173 1085 1224 τὸ
1117 1167 1468 1236 Εὑαγγὲλιον·
1504 1162 1598 1216 νῦν
1627 1158 1718 1214 οὖν
1740 1177 1910 1214 κατα-

331 1276 627 1339 σκευάζειῆ
676 1269 793 1333 πῶς
823 1265 1068 1336 ὲγνὼσθη
1101 1263 1227 1324 Υἱὸς
1277 1260 1370 1314 τοῦ
1421 1256 1579 1318 Θεοῦ,
1613 1253 1706 1309 καί
1739 1270 1905 1323 φησι,

337 1388 353 1419 ι
391 1368 486 1421 τοῦ
523 1363 852 1436 ὁρισθέντος,
892 1381 909 1411 ι
945 1357 1243 1414 τουτέστιν,
1278 1351 1686 1420 ἀποδειχθέντος
1711 1348 1780 1410 ’⁸,
1814 1346 1900 1415 βε-

331 1459 676 1518 ϐαιωθὲντος,
699 1453 1001 1524 κριθέντος.
1042 1450 1208 1519 Ὅρος
1258 1447 1366 1514 γὰρ
1413 1445 1447 1513 ἡ
1492 1441 1704 1512 κρίσις,
1753 1439 1907 1506 καὶὴ

331 1556 534 1621 ψῆφος,
571 1551 666 1604 καὶ
697 1551 729 1619 ή
777 1547 1072 1613 ἀπόφασις.
1117 1543 1320 1601 Πάντες
1358 1538 1465 1608 γὰρ
1499 1535 1774 1605 ὡρίσαντο
1817 1536 1910 1588 καὶ

333 1644 670 1714 ἐψηφίσαντο
705 1640 865 1692 αὑτὸν
893 1633 1032 1690 εἶναι
1061 1635 1188 1688 Υίὸν
1216 1631 1376 1684 Θεοῦ.
1401 1629 1608 1693 Πόθενς
1638 1629 1726 1680 Ἐν
1755 1628 1910 1714 δονά-

338 1755 450 1807 μει,
473 1735 772 1795 τουτέστιν,
806 1731 913 1784 ἀπὸ
933 1729 1035 1799 τῆς
1057 1726 1339 1795 δυνάμεως
1362 1722 1474 1775 τῶν
1508 1721 1750 1790 σημείων
1774 1713 1847 1774 ὧν
1869 1720 1909 1750 ¹¹

335 1830 528 1882 ἐποίει.
563 1827 726 1879 Ἀλλὰ
747 1825 840 1877 καὶ
899 1840 919 1874 ι
947 1821 1089 1874 κατὰ
1107 1818 1335 1886 Πνεῦμα
1351 1813 1682 1884 ἁγιωσύνης,
1712 1833 1729 1864 ι
1756 1829 1910 1865 τουτ-

2013 617 2347 668 perationem
2406 616 2558 682 quasi
2617 628 2777 666 manu
2838 614 3016 665 ducat.
3073 610 3349 678 Siquidem
3382 619 3434 662 et
3468 611 3580 674 ipse

2013 706 2523 772 Dominusprimum
2574 706 2717 759 visus
2747 714 2827 758 est
2867 704 3046 766 homo,
3084 702 3278 754 deinde
3335 702 3581 770 cognitus

2011 806 2089 847 est
2119 795 2274 847 Deus.

2083 886 2244 941 νειμ.
2283 888 2334 940 4.
2371 908 2387 939 ι
2428 886 2527 953 Qui
2572 885 2819 940 deﬁnitus
2850 894 2930 938 est
2963 882 3128 936 Filius
3162 883 3250 936 Dci
3296 883 3346 935 in
3387 883 3584 933 virtute

2012 981 2300 1036 secumlum
2328 980 2583 1048 Spiritum
2610 979 3070 1035 sanctiﬁcationis.
3097 991 3160 1028 ex
3185 976 3582 1030 resurrectione

2013 1085 2377 1136 mortuorum,
2421 1072 2546 1127 Jesu
2599 1072 2797 1128 Christi
2851 1071 3055 1123 Domini
3106 1069 3297 1124 nostri.
3334 1087 3350 1117 ι
3406 1069 3579 1136 Supra

2013 1167 2165 1229 dixit,
2193 1165 2538 1234 Evangelium
2569 1179 2687 1218 esse
2713 1180 2731 1214 ι
2762 1163 2829 1216 de
2860 1162 2996 1216 Filio
3022 1177 3116 1215 suo
3147 1180 3159 1213 :
3203 1180 3220 1212 ι
3252 1175 3396 1213 nunc
3422 1159 3583 1228 igitur

2013 1260 2229 1322 astruit,
2263 1274 2493 1326 quanam
2530 1258 2734 1310 ratione
2767 1256 3014 1326 c0gnitus
3044 1254 3116 1308 sit
3148 1252 3312 1306 Filius
3347 1252 3472 1315 Dei,
3505 1251 3584 1303 in-

2011 1352 2230 1417 quiens,
2269 1367 2286 1399 ι
2330 1347 2602 1411 definitus,
2648 1366 2664 1398 ι
2704 1348 2804 1400 hoc
2844 1358 2954 1411 est,
2990 1347 3408 1404 demonstratus,
3448 1358 3580 1396 cou-

2012 1440 2280 1504 tirmatus,
2301 1439 2595 1507 judicatus.
2622 1437 2871 1492 Delinitio
2892 1439 3035 1492 enim
3064 1450 3143 1491 est
3168 1438 3279 1504 ipsa
3301 1435 3582 1501 judicatio,

2011 1532 2322 1601 suffragium
2372 1548 2462 1586 seu
2503 1518 2746 1587 calculus
2793 1543 2846 1585 et
2883 1533 3172 1585 sententia.
3223 1520 3361 1581 Nam
3405 1528 3582 1582 cuncti

2013 1626 2336 1680 deﬁnierunt
2378 1625 2798 1693 judicaruntque
2849 1627 3019 1691 ipsum
3070 1638 3188 1677 esse
3216 1621 3414 1676 Filium
3468 1620 3583 1673 Dei.

2016 1718 2330 1774 Undenam?
2383 1737 2406 1770 ο
2454 1718 2510 1772 ιιι
2545 1719 2759 1781 virtute,
2794 1737 2811 1769 ι
2853 1719 2956 1770 hoc
2988 1727 3100 1778 est,
3149 1730 3209 1768 ex
3247 1714 3481 1784 potentia
3535 1723 3590 1765 et

2014 1810 2250 1865 cllicacia
2285 1812 2702 1879 signorumque
2735 1809 2982 1862 faciebat.
3019 1808 3280 1862 Par-terea
3344 1825 3362 1858 ι
3399 1820 3587 1858 secun-

335 1923 504 1984 ἐστιν,
523 1921 586 1971 ὲκ
611 1917 706 1971 τοῦ
731 1915 1070 1985 Πνεύματος,
1090 1911 1158 1965 δι’
1189 1905 1248 1964 οῦ
1264 1909 1455 1979 ἠγίαζε
1475 1909 1599 1969 τοὺς
1629 1905 1910 1960 πιστεύον·
1948 1891 1987 1946 Β
2018 1920 2027 1957 t

1897 1935 1910 1944 -
1948 1891 1987 1946 Β
2018 1904 2144 1958 dum
2180 1903 2437 1972 Spiritum
2468 1904 2935 1964 sanctiﬁcationis,
2978 1921 2993 1951 ι
3030 1904 3128 1954 hoc
3161 1912 3262 1963 est.
3295 1915 3357 1954 ex
3384 1897 3585 1967 Spiritu

335 2031 462 2078 τας·
496 2013 632 2067 Θεοῦ
663 2014 770 2082 γὰρ
798 2011 858 2063 τὸ
886 2007 1109 2062 τοιαῦτα
1135 2002 1478 2075 χαρίζεσθαι.
1499 2002 1657 2054 Ἀλλὰ
1690 2002 1783 2052 καὶ
1810 1998 1911 2062 εὲξ

335 2107 683 2167 ἀναστάσεως
715 2103 948 2172 νεκρῶν·
981 2119 998 2152 ι
1026 2099 1238 2170 πρῶτος
1282 2098 1390 2165 γὰρ
1413 2088 1597 2158 οὗτος,
1617 2094 1711 2146 καὶ
1729 2095 1908 2163 μόνος,

338 2203 536 2255 ἑαυτὸν
564 2201 777 2270 ἡγειρε.
818 2197 926 2249 Καὶ
958 2196 1022 2246 ὲκ
1057 2193 1156 2261 τῆς
1183 2190 1534 2249 ἀναστάσεως
1566 2182 1656 2240 οὖν
1703 2186 1911 2255 ὡρίσθη
1946 2223 1952 2229 .

337 2297 431 2350 καὶ
470 2293 763 2360 ἀπεφάνθη
808 2290 935 2350 Υἱὸς
969 2286 1134 2340 Θεοῦ·
1181 2283 1323 2354 μέγα
1353 2282 1462 2352 γὰρ
1492 2282 1587 2332 καὶ
1627 2279 1806 2343 τοῦτο,
1837 2279 1913 2341 ὡς

338 2391 434 2443 καί
463 2387 630 2451 αὐτὸς
657 2386 806 2453 λέγει
827 2402 839 2414 ·
880 2401 898 2434 ι
941 2383 1111 2434 Ὅταν
1140 2377 1397 2448 ὑψώσητὲ
1430 2392 1496 2446 με
1531 2374 1636 2427 ἀπὺ
1665 2374 1763 2442 τῆς
1786 2371 1913 2440 γῆς,

339 2482 461 2535 τότε
491 2478 789 2548 γνώσεσθε,
819 2476 904 2529 ὅτι
930 2473 1040 2542 ἐγώ
1067 2475 1204 2542 είμι.
1237 2489 1255 2520 ι

421 2678 437 2708 ι
479 2656 556 2709 Δι’
590 2649 650 2708 οῦ
682 2653 947 2719 ἐλάϐομεν
989 2650 1147 2720 χάριν
1202 2647 1296 2701 καὶ
1361 2644 1665 2714 ἀποστολὴν
1704 2645 1780 2706 εἰς
1816 2643 1917 2695 ὑπ-

340 2750 512 2818 ακοὴν
539 2748 791 2806 πίστεως.
808 2764 826 2797 ι
879 2745 1017 2813 Ὅρα
1045 2739 1485 2811 εὐγνωμοσύνην.
1511 2737 1697 2800 Οὐδὲν,
1731 2735 1915 2804 φησιν,

343 2841 637 2910 ἡμέτερον,
669 2838 803 2890 ἀλλὰ
833 2837 1011 2889 πάντα
1035 2833 1307 2902 ἐλάϐομεν
1327 2831 1416 2884 διὰ
1440 2830 1533 2884 τοῦ
1569 2829 1694 2881 Υίοῦ
1713 2829 1778 2883 ¹⁸.
1811 2829 1918 2880 Καὶ

347 2935 453 3004 μὴν
483 2933 572 2984 διὰ
613 2930 708 2984 τοῦ
747 2930 1068 2998 Πνεύματος
1112 2926 1304 2979 ἐλαόον
1332 2927 1431 2995 τὴν
1477 2923 1784 2991 ἀποστολὴν
1827 2923 1922 2975 καὶ

355 3027 456 3096 τὴν
477 3025 658 3096 χάριν.
700 3043 718 3074 ι
761 3024 998 3083 Ἐκεῖνος
1026 3023 1156 3091 γὰρ,
1187 3021 1369 3089 φησιν,
1405 3018 1661 3086 ὁδηγῇσει
1684 3017 1853 3084 ὑμᾶς·
1899 3031 1917 3064 ι

347 3119 443 3172 καὶ
477 3119 538 3170 τὸ
567 3116 792 3186 Πνεῦμά
824 3132 1007 3185 φησιν,
1044 3133 1060 3164 ι
1097 3110 1421 3180 ’Δφορίσατὲ
1465 3127 1554 3179 μοι
1591 3109 1680 3161 τὸν
1712 3106 1922 3159 Παῦλον

349 3212 567 3265 καὶτὸν
600 3201 936 3280 Βαρνάϐαν·
987 3205 1102 3269 καὶ,
1141 3223 1158 3256 ι
1206 3203 1305 3256 Διὰ
1351 3202 1443 3255 τοῦ
1497 3201 1811 3270 Πνεῦματος
1853 3199 1923 3251 δίο

347 3304 499 3356 δοται
532 3303 687 3370 λόγος
729 3300 940 3368 σοφίας.
980 3318 996 3349 ι
1032 3298 1141 3352 Καὶ
1167 3297 1220 3348 τί
1254 3294 1440 3358 τοῦτο,
1479 3293 1559 3345 Τὰ
1607 3292 1698 3345 τοῦ
1750 3290 1922 3345 Πνεῦ-

352 3411 546 3463 ματος,
593 3393 687 3447 τοῦ
723 3393 855 3445 Υἱοῦ
899 3393 1037 3456 εἰσι,
1073 3389 1166 3442 καὶ
1194 3388 1253 3440 τὸ
1277 3387 1536 3455 ἔμπαλιν.
1581 3404 1599 3435 ι
1638 3385 1810 3456 Χάριν
1838 3382 1915 3446 δὲ,

352 3485 820 3554 φησ“ιν,ὲλάῦομεν
847 3485 942 3537 καὶ
975 3482 1298 3550 ἀποστολὴν,
1327 3499 1344 3531 ι
1375 3479 1805 3541 τουτέστιν,οὑκ
1824 3475 1922 3528 αὑ-

351 3580 436 3630 τοὶ
468 3575 911 3648 κατωρθώσαμεν
955 3575 1014 3627 τὸ
1044 3573 1298 3642 γενέσθαι
1343 3571 1665 3636 ἀπόστολοι,
1697 3569 1811 3622 ἀλλ’
1860 3571 1924 3622 ὲκ

351 3669 452 3737 τῆς
501 3667 711 3721 ἄνωθεν
759 3667 979 3737 χάριτος
1027 3664 1204 3718 τοῦτο.
1243 3664 1403 3716 Ἀλλὰ
1457 3664 1552 3715 καὶ
1596 3663 1655 3716 τὸ
1691 3662 1922 3727 πείθειν,

353 3759 452 3828 τῆς
480 3759 704 3830 χάριτος
725 3776 738 3789 ο
785 3759 845 3810 τὸ
892 3758 990 3826 μὲν
1023 3757 1131 3827 γὰρ
1161 3757 1436 3825 περιιέναι
1472 3756 1566 3806 καὶ
1611 3755 1921 3825 κηρύττειν,

354 3850 462 3905 τῶν
497 3849 812 3905 ἀποστόλων
834 3866 846 3880 ·
877 3849 939 3902 τὸ
967 3849 1024 3901 δὲ
1049 3848 1258 3901 πείθειν
1287 3848 1412 3910 τοὺς
1443 3847 1761 3909 ἀκούοντας,
1806 3847 1925 3900 ὅλον

352 3942 448 3994 τοῦ
488 3940 650 3994 Θεοῦ.
683 3959 701 3991 ι
744 3941 836 4002 Εἰς
877 3939 1123 4007 ὑπακοὴν
1155 3939 1412 4000 πίστεως.
1467 3957 1485 3989 ι
1523 3939 1636 3990 Οὐκ
1667 3939 1747 4000 εἰς
1777 3938 1927 4004 λογο-

361 4035 561 4104 μαχίας
596 4034 689 4088 καὶ
720 4035 1000 4103 ζητήσεις,
1049 4033 1082 4102 ἢ
1113 4032 1483 4094 κατασκευὰς,
1514 4031 1924 4100 ἀπεστάλημεν,
1981 4092 1988 4099 ι

358 4130 541 4196 φησιν,
572 4127 684 4179 ἀλλ’
711 4129 789 4187 εἰς
820 4124 1066 4194 ὑπακοὴν
1097 4124 1335 4186 πίστεως
1359 4141 1371 4154 ·
1409 4123 1516 4186 ἵνα,
1549 4124 1739 4194 φησιν,
1774 4123 1822 4175 οἱ
1851 4124 1930 4174 δι·

354 4218 681 4288 δασκόμενοι
713 4215 1081 4281 ὑπακούωσιν,
1113 4216 1520 4285 άναντιῤῥήτως
1554 4216 1925 4277 πιστεύοντες.

438 4498 461 4532 c
493 4479 586 4532 Ἐν
605 4482 738 4532 πᾶσι
761 4483 868 4542 τοῖς
893 4480 1100 4533 ἔθνεσιν
1127 4480 1266 4549 ὑπὲρ
1287 4479 1379 4532 τοῦ
1403 4481 1662 4549 ὀνόματος
1684 4481 1868 4535 αὑτοῦ.
1905 4501 1922 4532 ι

2016 2010 2114 2064 per
2152 2009 2310 2065 quem
2364 1993 2740 2047 sanctiﬁcabat
2789 1994 3089 2046 credentes.
3144 1991 3234 2044 Dei
3277 1990 3418 2044 cnim
3469 1997 3586 2049 est,

2015 2088 2220 2142 donare
2251 2087 2399 2139 talia.
2427 2085 2735 2151 Quinetiam
2768 2103 2797 2135 «ι
2823 2100 2886 2139 ex
2922 2085 3317 2138 resurrectione
3346 2089 3590 2135 mortuo-

2018 2195 2138 2234 rum
2173 2198 2186 2233 :
2230 2199 2247 2230 ι
2283 2194 2404 2233 nam
2435 2180 2643 2246 primus
2676 2177 2787 2240 ille,
2816 2187 2870 2230 et
2897 2177 3063 2240 solus,
3092 2191 3149 2228 se
3179 2175 3292 2243 ipse
3313 2171 3585 2227 excitavit.

2019 2272 2206 2341 Itaque
2231 2287 2296 2326 ex
2330 2253 2729 2326 resurrectione
2776 2270 3030 2324 deﬁnitus
3063 2279 3144 2324 est
3192 2282 3255 2321 ac
3285 2265 3591 2320 declaratus

2016 2365 2186 2420 Filius
2217 2365 2332 2418 Dei.
2371 2366 2624 2435 Magnum
2655 2364 2797 2416 enim
2829 2372 2884 2416 et
2912 2363 3012 2416 hoc
3036 2371 3136 2424 est.
3173 2358 3395 2428 perinde
3425 2368 3589 2423 atque

2018 2462 2132 2528 ipse
2179 2461 2300 2514 ait:
2357 2478 2376 2510 ι
2433 2460 2565 2513 Cum
2617 2457 2985 2511 exaltaveritis
3020 2471 3106 2508 me
3157 2469 3186 2506 a
3241 2463 3417 2515 terra,
3478 2462 3588 2504 tum

2018 2553 2354 2622 cognoscetis
2378 2551 2520 2621 quod
2550 2565 2648 2620 ego
2671 2567 2787 2604 sum
2819 2552 2859 2602 ἱ.
2902 2569 2917 2599 ι

2097 2643 2255 2698 Vens.
2292 2644 2345 2698 5.
2381 2661 2399 2693 ι
2443 2642 2544 2698 Per
2571 2657 2728 2710 quem
2762 2643 3066 2707 accepimus
3107 2639 3332 2708 gratiam
3363 2646 3417 2690 ct
3461 2649 3593 2702 apo-

2021 2735 2274 2789 stolatum
2314 2735 2381 2790 ad
2427 2735 2782 2789 obediendum
2836 2733 2980 2787 ﬁtlei.
3034 2752 3051 2784 ι
3106 2732 3240 2787 Vide
3275 2729 3589 2784 modestiam

2019 2839 2075 2884 et
2110 2829 2273 2882 animi
2309 2828 2596 2882 candorem
2635 2844 2650 2883 :
2695 2825 2880 2888 Nihil,
2924 2825 3130 2894 inquit,
3167 2831 3410 2878 nostrum
3435 2861 3450 2886 ,
3499 2819 3590 2874 sed

2021 2920 2204 2973 omnia
2240 2935 2336 2989 per
2386 2919 2580 2972 Filium
2617 2921 2945 2987 accepimus.
2995 2918 3157 2985 Atqui
3208 2931 3302 2986 per
3333 2914 3592 2983 Spiritum

2026 3028 2286 3085 accepere
2315 3013 2675 3083 apostolatum
2699 3024 2752 3066 et
2773 3014 3055 3081 gratianu
3085 3011 3176 3064 Ille
3201 3010 3366 3072 enim,
3399 3009 3591 3075 inquit,

2027 3107 2240 3162 docebit
2273 3121 2367 3160 vos
2396 3105 2443 3158 i.
2482 3125 2500 3156 ι
2542 3105 2608 3158 Ει
2637 3103 2868 3172 Spiritus
2898 3104 2970 3157 ait
3016 3116 3029 3160 :
3067 3121 3084 3153 ι
3127 3101 3420 3169 Segregate
3462 3099 3591 3152 mihi

2030 3197 2249 3250 l‘aulum
2282 3207 2334 3250 et
2361 3195 2658 3249 Barnabam
2683 3192 2741 3259 ll;
2778 3214 2794 3244 ι
2832 3210 2914 3258 ac,
2952 3210 2974 3246 ι
3019 3193 3121 3247 Pcr
3150 3189 3408 3261 Spiritum
3439 3189 3597 3241 datur

2029 3302 2206 3341 sermo
2223 3285 2500 3354 sapientia:
2523 3283 2565 3339 ι.
2602 3303 2619 3334 ι
2649 3284 2849 3353 Ecquid
2877 3282 3012 3336 hoc?
3036 3283 3163 3347 Qua:
3190 3280 3423 3350 Spiritus
3448 3287 3594 3338 sunt,

2027 3379 2145 3432 Filii
2182 3379 2380 3447 pariter
2408 3386 2559 3439 sunt,
2589 3386 2642 3429 et
2677 3386 2883 3429 contra.
2918 3374 3196 3427 «Gratiam
3223 3390 3241 3422 ρ
3281 3379 3479 3428 autem,
3512 3369 3596 3420 iu-

2027 3468 2161 3537 quit.
2198 3484 2216 3517 ι
2259 3465 2567 3535 accepimus
2597 3474 2650 3517 et
2685 3463 3071 3531 apostolatum,
3125 3479 3143 3511 ι
3181 3459 3282 3512 hoc
3308 3467 3420 3520 est,
3471 3453 3591 3509 Non

2029 3561 2127 3628 ipsi
2162 3559 2359 3613 virtute
2409 3566 2623 3624 nostra,
2673 3566 2729 3609 ut
2763 3554 2989 3623 apostoli
3019 3551 3372 3614 elliceremur,
3425 3549 3599 3617 impe-

2031 3654 2319 3715 travimus,
2373 3651 2468 3704 sed
2529 3651 2630 3703 hoc
2704 3663 2731 3702 a
2808 3660 3040 3715 superna
3119 3644 3314 3716 gratia.
3381 3643 3490 3696 lmo
3546 3651 3602 3694 ct

2028 3742 2378 3814 persuadere,
2414 3740 2600 3810 gratiae
2631 3749 2734 3793 est.
2767 3738 3008 3792 Circuire
3035 3715 3253 3790 enim'et
3284 3733 3596 3803 praedicare.

2029 3833 2396 3904 apostolorum
2431 3846 2625 3886 munus
2652 3839 2733 3885 est
2765 3849 2776 3882 :
2811 3831 3143 3899 persuadere
3178 3843 3308 3883 vero
3339 3826 3599 3881 auditori-

2030 3925 2165 3989 bus,
2194 3932 2366 3977 totum
2416 3933 2499 3975 est
2528 3921 2642 3974 Dei.
2684 3939 2702 3971 ι
2741 3923 2820 3974 Ad
2864 3919 3216 3973 obedientlum
3248 3917 3394 3971 ﬁdei.
3430 3936 3450 3968 ›
3482 3913 3597 3970 Non

2035 4017 2100 4070 ad
2135 4018 2346 4069 inanem
2391 4015 2676 4068 verborum
2709 4027 2962 4082 pugnam,
3003 4027 3107 4065 non
3153 4012 3217 4065 ad
3251 4009 3600 4079 quaestiones,

2035 4118 2127 4161 aut
2160 4109 2226 4161 ad
2253 4107 2598 4160 artiﬁciosam
2639 4105 2905 4158 orationis
2954 4113 3282 4157 structuram
3311 4101 3457 4155 missi
3508 4115 3598 4153 su-

2037 4214 2175 4263 mus,
2202 4199 2409 4266 inquit;
2436 4211 2620 4250 verum
2652 4213 2670 4246 ‹
2711 4195 2778 4249 ad
2802 4195 3158 4249 obedientium
3190 4194 3332 4256 ﬁdei.
3371 4212 3391 4243 ι
3430 4203 3486 4246 ιιι
3512 4193 3602 4262 qui

2035 4291 2264 4344 instituti
2298 4289 2516 4352 fuerint,
2547 4287 2824 4344 credentes
2845 4327 2862 4352 ,
2895 4287 3100 4355 inquit,
3134 4287 3272 4340 citra
3325 4285 3602 4340 contradi-

2032 4383 2264 4435 ctionem
2286 4381 2553 4436 obedient.

2111 4490 2130 4523 ο
2164 4471 2219 4525 lu
2243 4471 2490 4526 omnibus
2513 4471 2785 4540 gentibus,
2807 4486 2904 4540 pro
2926 4471 3142 4524 nomine
3172 4470 3304 4539 ejus.
3349 4489 3367 4522 ι
3391 4499 3459 4510 -
3489 4487 3508 4521 ι
3548 4469 3602 4522 lu

360 4602 431 4613 --
463 4591 482 4622 ι
513 4571 602 4623 Ἐν
654 4572 788 4622 πᾶσι
817 4570 874 4622 δὲ
894 4573 1003 4631 τοῖς
1030 4569 1236 4622 ἔθνεσιν
1272 4589 1290 4621 ι
1332 4570 1594 4639 ὲλάὀομεν
1619 4573 1797 4640 χάριν,
1829 4572 1929 4623 οὐκ
1963 4591 2005 4647 ο
2033 4580 2052 4620 (

1908 4590 1929 4623 ι
1963 4591 2005 4647 ο
2033 4564 2284 4620 omnibus
2329 4580 2484 4632 porro
2521 4564 2767 4634 gentibus
2804 4583 2821 4615 ο
2868 4564 3172 4632 accepimus
3193 4562 3421 4630 gratiam
3445 4601 3459 4626 ,
3493 4577 3600 4615 nou

363 4663 476 4731 ἐγὼ
503 4663 682 4730 μόνος,
715 4659 851 4713 ἀλλὰ
871 4662 965 4713 καὶ
985 4663 1032 4713 oi
1060 4661 1238 4714 λοιποὶ
1277 4661 1585 4716 ἀπόστολοι.
1614 4664 1688 4714 Ut)
1729 4664 1837 4730 γὰρ
1867 4663 1930 4730 δὴ

363 4754 575 4817 Παῦλος
607 4755 786 4806 πάντα
809 4753 876 4806 τὰ
919 4751 1044 4822 ἔθνη
1072 4753 1365 4823 περιῆλθεν
1404 4767 1420 4783 ο
1446 4755 1495 4805 εἰ
1547 4755 1619 4823 μή
1655 4770 1738 4816 τις
1770 4753 1927 4823 εἴπῃ,

361 4848 446 4899 ὅτι
475 4849 524 4899 εί
551 4846 646 4899 καὶ
676 4845 751 4916 μὴ
775 4843 903 4910 ζῶν,
936 4845 1049 4898 ἀλλ’
1072 4845 1163 4898 οῦν
1194 4845 1330 4915 μετὰ
1353 4845 1631 4915 τελευτὴν,
1655 4850 1731 4908 είς
1756 4849 1931 4900 πάντα

361 4942 432 4993 τὰ
469 4940 596 5010 Εθνη
629 4940 889 5008 περιίεισι
924 4938 1011 4990 διὰ
1050 4937 1159 4989 τῶν
1190 4938 1540 4990 Ἐπιστολῶν.
1577 4938 1694 4989 ’Ὶνα
1737 4939 1792 4990 δὲ
1837 4953 1928 4988 πι-

365 5032 628 5086 στεύωσιν
651 5031 936 5092 ἀκούοντες
955 5031 998 5061 ⁸⁵
1017 5032 1142 5098 περὶ
1163 5030 1256 5082 τοῦ
1278 5030 1540 5097 ὀνόματος
1559 5028 1650 5081 τοῦ
1674 5030 1927 5100 Χριστοῦ,

362 5125 549 5193 οὐχ“ι¹⁶
587 5123 844 5192 περὶτῆς
885 5123 1071 5184 οὐσίας
1121 5121 1308 5176 αὑτοῦ.
1369 5123 1440 5172 Τὸ
1472 5125 1579 5189 γὰρ
1621 5123 1787 5190 ὖνομα
1837 5122 1930 5173 τοῦ

365 5215 602 5286 Χριστοῦ
640 5211 726 5284 ἦν,
767 5214 795 5266 ὃ
830 5215 1023 5266 καὶτὰ
1062 5215 1261 5282 σημεῖα
1300 5214 1491 5266 ἐποίει.
1538 5215 1642 5266 Καὶ
1675 5214 1832 5265 τοῦτο
1888 5214 1942 5266 δὲ

366 5311 603 5371 πίστεως
642 5308 842 5359 δεῖται⁸
874 5306 997 5358 οὐδὲ
1045 5308 1175 5376 γάρ,
1206 5305 1313 5357 οὐδ’
1342 5306 1472 5356 αὐτὸ
1503 5306 1745 5374 λογισμῴ
1775 5322 1934 5358 κατα⁸

369 5398 593 5469 ληπτόν.
629 5400 766 5466 Ὀρα
794 5398 849 5450 δὲ
885 5399 987 5466 ’τὴν
1019 5397 1236 5466 ςδωρεὰν
1283 5396 1377 5447 τοῦ
1435 5395 1786 5464 Εὑαγγελίου,
1838 5397 1937 5449 οὐκ

371 5490 454 5542 ἑνὶ
481 5491 642 5552 ἔθνει,
673 5489 748 5551 ὡς
780 5490 812 5556 ἡ
848 5488 1076 5553 Παλαιὰ,
1109 5489 1245 5540 ἀλλὰ
1288 5491 1422 5540 πᾶσι
1455 5489 1719 5540 δοθεῖσαν.

1532 5688 1556 5727 ιι
1579 5689 1694 5743 Art.
1728 5702 1845 5751 xm,
1865 5686 1919 5738 2.

453 5689 468 5728 ί
503 5685 658 5742 Joan.
685 5703 803 5750 vm,
831 5685 922 5741 28.
1001 5687 1014 5736 i
1053 5686 1210 5742 Joan.
1237 5703 1346 5754 ινι,
1369 5689 1453 5742 l3.

2040 4672 2137 4728 ego
2178 4657 2343 4716 solus,
2378 4671 2562 4709 verum
2597 4656 2783 4724 reliqui
2817 4655 2978 4710 etiam
3009 4654 3235 4723 apostoli
3264 4671 3276 4705 :
3323 4668 3426 4709 non
3455 4653 3601 4707 enim

2034 4749 2143 4817 jam
2196 4749 2390 4802 Paulus
2426 4762 2614 4802 omnes
2645 4757 2833 4814 gentes
2882 4747 3248 4801 circumierat.
3273 4745 3387 4800 Nisi
3454 4744 3604 4814 quis-

2040 4843 2181 4909 piam
2210 4841 2348 4894 dicat
2369 4841 2532 4908 quod,
2562 4839 2770 4893 etiamsi
2791 4854 2895 4892 non
2925 4839 3096 4900 vivus,
3131 4848 3249 4904 post
3271 4844 3494 4891 mortem
3525 4845 3607 4890 ta-

2042 4947 2161 4986 men
2185 4935 2250 4986 ad
2279 4947 2468 4986 omnes
2497 4941 2680 5002 gentes
2703 4939 2943 4984 transeat
2972 4945 3068 4999 per
3095 4929 3383 4998 Epistolas.
3412 4929 3606 4984 Utau-

2044 5036 2146 5079 tem
2181 5023 2420 5089 credant,
2457 5024 2738 5077 audientes
2768 5022 2835 5076 de
2884 5024 3098 5075 nomine
3129 5021 3360 5087 Christi,
3387 5035 3492 5073 non
3542 5021 3608 5072 de

2042 5115 2277 5169 essentia
2315 5116 2505 5184 ipsius.
2547 5115 2750 5168 Nomen
2781 5115 2925 5167 enim
2957 5114 3156 5167 Christi
3206 5122 3343 5177 erat,
3377 5113 3518 5182 quod
3554 5123 3608 5165 et

2045 5207 2197 5276 signa
2229 5205 2482 5260 faciebat.
2514 5207 2687 5273 Atque
2719 5205 2857 5258 istuc
2896 5204 2997 5258 ﬁde
3026 5218 3158 5271 opus
3187 5205 3345 5257 habet
3374 5219 3390 5255 :
3436 5217 3608 5270 neque

2042 5298 2187 5352 enim
2217 5300 2422 5352 ratione
2449 5298 2827 5365 comprehendi
2865 5305 3061 5365 potest.
3097 5295 3479 5349 Animadverte
3524 5297 3608 5344 hic

2040 5390 2315 5458 Evangelii
2360 5392 2588 5451 donum,
2636 5403 2740 5441 non
2785 5389 2873 5442 uni
2921 5385 3167 5440 videlicet
3215 5386 3396 5452 genti.
3459 5384 3613 5436 Ven-.-

2043 5483 2117 5538 ris
2138 5482 2194 5552 6
2217 5481 2543 5534 Testameuti
2571 5483 2620 5533 in
2654 5495 2894 5544 morem,
2918 5481 3009 5532 sed
3035 5478 3284 5531 omnibus
3313 5478 3613 5530 communis

2043 5584 2244 5627 calum.

2003 5684 2019 5723 ι
2058 5684 2222 5739 lCor.
2255 5699 2351 5748 ιιι,
2376 5685 2428 5738 8.

1703 5781 1900 5841 Variae
1927 5779 2256 5840 lectiones.

454 5879 495 5912 “
525 5880 926 5951 ἀναδειχθέντος
960 5898 1031 5939 nt.
1111 5884 1152 5914 "
1183 5882 1215 5935 ἃ
1251 5895 1304 5936 ο.
1386 5884 1426 5915 ¹³
1463 5881 1566 5937 ἀπὸ
1605 5881 1696 5935 τοῦ
1732 5879 1866 5935 Θεοῦ
1900 5897 1951 5938 n.

2029 5883 2069 5914 ιδ
2097 5883 2147 5933 ot
2171 5881 2458 5942 ἀκούοντες
2491 5895 2561 5932 ιιι.
2643 5879 2681 5910 ³⁸
2713 5877 2772 5928 οὐ
2804 5875 2908 5945 γὰρ
2941 5889 2993 5929 ο.
