4284 6450
757 408 866 474 323
1467 409 1567 469 AD
1603 404 2179 468 THEOPHYLACTI
2216 402 2784 464 EXPOSITIONEM
2825 404 2905 463 IN
2949 406 3016 466 D.
3057 405 3371 468 PAULUM
3897 410 3999 472 32$

757 531 1043 577 sensus:
1108 514 1524 591 Evangelium
1567 515 1685 575 hoc
1715 530 1842 575 non
1891 530 2034 574 esse
2090 515 2168 572 de
2202 527 2279 571 eo
2329 511 2440 589 qui
2471 521 2712 571 tantum
2751 513 2835 572 sit
2870 512 3083 584 homo,
3142 522 3250 576 aut
3308 523 3552 577 tantum
3617 517 3812 590 Deus,
3879 524 3995 581 sed

759 613 871 689 qui
912 611 1077 669 idem
1107 616 1167 669 et
1212 610 1381 669 Deus
1412 609 1493 670 sit
1522 616 1585 670 et
1624 608 1834 669 homo.
1897 610 2122 669 Eodem
2160 608 2364 685 primo
2394 623 2531 683 cap.
2568 606 2683 676 ibi,
2720 608 2837 668 Cui
2868 611 3071 669 servio
3104 611 3172 671 in
3203 612 3441 689 spiritu
3475 631 3605 673 meo
3657 614 3723 675 in
3785 615 3997 675 Evan-

760 709 944 786 gelio,
987 714 1106 766 etc.
1170 706 1259 766 sic
1298 707 1475 784 prius
1506 705 1855 767 habebatur
1885 728 1899 766 :
1940 729 1967 760 α
1999 707 2149 765 Nam
2183 705 2512 766 servitutis
2549 706 2875 783 Evangelii
2909 716 3176 771 conatus
3222 726 3487 773 necesse
3523 712 3733 787 habet,
3772 734 3801 770 ι
3828 723 3947 777 etc.
3980 733 3997 790 ;

763 820 880 864 nos
936 819 1085 862 vero
1115 802 1351 862 clarius
1384 802 1455 862 ad
1491 801 1660 861 hunc
1691 802 1987 861 modum:
2022 825 2048 854 α
2086 800 2204 862 Cui
2237 800 2407 860 enim
2466 801 2797 877 Evangelii
2834 804 3261 864 annuntiandi
3323 806 3600 867 servitus
3658 817 3753 870 est
3816 828 3997 873 com-

764 899 982 965 missa,
1020 898 1116 957 illi
1160 914 1420 959 necesse
1454 906 1549 957 est
1603 907 1692 968 ut,
1728 922 1756 952 ιι
1789 906 1905 957 etc.
1946 899 2017 956 Et
2050 898 2113 957 in
2146 898 2367 958 Glossa
2401 897 2698 975 sequenti
2728 898 2833 957 ubi
2872 898 2997 959 ait:
3035 920 3063 953 α
3106 901 3293 979 Atqui
3328 902 3404 963 D.
3437 903 3673 965 Paulus
3702 906 3855 967 dum
3888 925 3996 969 as-

761 994 946 1054 sidue
982 1000 1116 1055 orat
1157 1002 1451 1070 tanquam
1487 994 1753 1054 vidisset
1808 1009 1919 1053 eos
1954 1016 2011 1066 ν,
2045 1002 2190 1064 etc.,
2249 991 2462 1069 potius
2533 993 2745 1054 dicere
2815 994 3063 1069 debuit,
3092 1019 3119 1051 α
3155 996 3465 1061 Cmterum
3527 1002 3702 1080 quod
3759 1005 3996 1067 Paulus

760 1092 1163 1151 continenter
1196 1090 1410 1149 orabat
1438 1099 1502 1149 ut
1534 1107 1644 1151 eos
1706 1089 1972 1158 videret,
2006 1089 2141 1149 sive
2181 1089 2396 1149 videre
2428 1089 2851 1167 contingeret,
2885 1108 2958 1151 ex
2990 1090 3260 1154 ferventi
3296 1092 3416 1155 hoc
3453 1095 3757 1159 charitate
3793 1099 3996 1163 facie-

772 1189 871 1244 bat
904 1206 919 1256 ;
961 1211 985 1240 υ
1046 1194 1106 1245 et
1147 1185 1337 1262 [mulo
1370 1194 1534 1264 post,
1572 1186 1676 1247 ubi
1711 1185 1997 1247 hortatur
2032 1196 2097 1245 ut
2127 1193 2489 1245 constantes
2520 1185 2726 1247 simus
2756 1186 2821 1249 in
2855 1190 3259 1252 orationibus
3291 1192 3553 1267 neStris,
3606 1194 3700 1257 sic
3722 1195 3997 1259 habeba-

763 1291 904 1342 tur:
946 1305 969 1335 α
1004 1283 1225 1361 Neque
1260 1284 1431 1343 enim
1464 1284 1655 1342 Paulo
1685 1300 1907 1342 sumus
1953 1282 2259 1360 potiores,
2284 1282 2532 1360 quipro
2571 1298 2760 1344 cruce
2818 1285 3011 1345 etiam
3077 1302 3192 1347 sua
3251 1288 3639 1350 removenda
3703 1302 3994 1367 precatus

761 1387 881 1438 CSl.
917 1402 945 1435 io
980 1382 1191 1440 Graece
1248 1388 1457 1440 autem
1518 1379 1747 1441 siczoo
1780 1389 1887 1458 γάρ
1941 1390 2109 1457 ἔσμεν
2134 1386 2346 1439 Παύλου
2377 1386 2453 1455 βε]

2306 1405 2346 1439 »υ
2377 1386 2639 1455 βελτίους,
2674 1386 2731 1449 ὃς
2755 1388 2849 1439 καὶ
2890 1389 3029 1457 ὑπὲρ
3071 1389 3165 1443 τοῦ
3208 1391 3467 1455 σκόλοπος
3494 1394 3615 1464 τρὶς
3651 1395 3743 1449 τὸν
3793 1398 3998 1470 Κύριον

761 1486 1123 1553 παρεκάλεσε,
1193 1476 1307 1535 hoc
1338 1483 1453 1546 est,
1494 1498 1519 1529 α
1552 1480 1767 1554 Neque
1830 1476 1999 1535 enim
2037 1476 2229 1534 Paulo
2289 1490 2514 1535 sumus
2558 1475 2883 1548 meliores,
2917 1476 3031 1554 qui
3058 1495 3169 1555 pro
3206 1480 3591 1543 stimuloter
3650 1485 3992 1548 Dominum

764 1584 1055 1649 precatus
1083 1580 1201 1641 est,
1241 1594 1268 1626 ι
1303 1572 1406 1631 ubi
1442 1571 1787 1633 dictionem
1822 1581 1915 1631 ter
1951 1571 2191 1641 omisit,
2231 1588 2374 1647 qum
2408 1571 2816 1649 potissimum
2851 1574 2927 1634 ad
2963 1576 3272 1636 orationis
3295 1580 3715 1641 constantiam
3756 1593 3815 1645 et
3850 1602 3996 1663 per-

763 1668 1186 1727 severentiam
1224 1667 1570 1744 pertinebat
1604 1690 1620 1738 ;
1666 1676 1727 1728 et
1758 1684 2009 1728 crucem
2044 1668 2235 1727 etiam
2270 1682 2382 1742 pro
2439 1683 2455 1726 ε

2302 1682 2382 1727 ’το
2439 1666 2700 1727 stimulo
2760 1668 2993 1746 posuit.
3039 1673 3113 1731 Ει
3146 1687 3331 1741 mox,
3385 1685 3560 1754 ἐπὶτῇ
3620 1687 3717 1756 τῆς
3765 1690 3994 1755 πίστεως

761 1771 1020 1830 ἐπιδόσει,
1059 1764 1268 1833 vertit,
1317 1788 1343 1817 ι
1370 1765 1525 1840 Erga
1593 1764 1733 1823 lidei
1764 1762 2434 1835 communicationem,

2310 1778 2434 1835 em,
2462 1785 2487 1816 ιο
2522 1780 2692 1835 cum,
2730 1786 2758 1819 α
2794 1764 2875 1825 ob
2954 1766 3098 1827 ﬁdei
3146 1767 3637 1844 incrementum,
3676 1798 3703 1829 υ
3783 1778 3995 1855 potius

763 1861 1141 1919 vertendum
1176 1869 1363 1918 esset.
1406 1861 1637 1920 Eodem
1678 1859 1883 1935 primo
1916 1858 2146 1935 capite,
2178 1857 2244 1918 in
2294 1857 2481 1932 illud,
2529 1860 3048 1935 Quemadmodum
3076 1875 3131 1925 et
3164 1866 3229 1924 in
3260 1868 3523 1947 reliquis
3544 1872 3852 1949 gentibus,
3910 1879 3994 1940 ita

762 1957 1134 2033 scripserat:
1166 1978 1191 2008 α
1215 1957 1856 2017 Committensautem
1878 1955 2074 2033 ipsos,
2096 1956 2331 2032 inquit,
2357 1958 2899 2034 quemadmodum
2916 1960 3051 2021 etin
3082 1963 3352 2040 reliquis
3377 1967 3753 2042 gentibus.»
3776 1974 3979 2029 Συστέλ

763 2064 868 2114 λωδ
918 2063 973 2113 δὲ
1026 2061 1116 2112 καὶ
1174 2061 1392 2123 αὐτοὺς,
1447 2063 1600 2129 φησὶ,
1670 2053 1873 2119 καθώς.
1932 2060 2072 2121 ttlt:.,
2132 2053 2250 2112 hOC
2309 2062 2425 2121 est,

2309 2062 2425 2121 est,
2491 2076 2517 2106 α
2556 2054 2815 2114 Illorum
2888 2064 3101 2117 autem
3160 2056 3390 2121 fastum
3465 2064 3654 2125 etiam
3714 2067 3995 2143 compri-

767 2168 969 2218 mens,
1026 2148 1260 2223 inquit.
1314 2150 1879 2223 quemadmodum,
1928 2158 2106 2206 ut‘iC.
2163 2148 2347 2219 Quod
2402 2149 2571 2209 enim
2625 2150 2716 2209 sic
2794 2150 3069 2228 intelligi
3140 2154 3386 2227 dtLt'ili,
3452 2160 3608 2219 satis
3674 2161 3997 2225 (fctlaratt

765 2248 1124 2323 sequentia.
1194 2246 1423 2301 liodem
1499 2244 1732 2318 capite,
1808 2244 1911 2301 ubi
1976 2245 2248 2318 cXplicat
2323 2244 2528 2305 locum
2589 2248 2801 2307 Pauli:
2870 2248 3158 2309 Tradidit
3192 2268 3295 2310 eos
3351 2255 3418 2313 in
3464 2254 3795 2329 desideria,
3843 2270 3996 2333 etc.,

765 2341 850 2401 ibi
928 2340 1438 2415 'l‘heuphylactus
1502 2347 1718 2404 notat,
1773 2338 1967 2398 trudit
2040 2338 2193 2408 dici,
2266 2358 2376 2414 pro
2434 2341 2661 2401 deserit
2715 2360 2849 2414 eos,
2908 2352 2969 2404 et
3024 2349 3356 2423 permittit.
3435 2352 3780 2414 Lonicerus
3844 2373 3999 2416 vero

768 2460 879 2518 pro
936 2450 1026 2498 καὶ
1072 2447 1157 2515 ἐᾷ,
1209 2438 1265 2497 id
1321 2446 1439 2508 est,
1494 2446 1548 2496 et
1605 2437 1936 2513 permittit,
2007 2446 2327 2510 posuerat,
2384 2436 2615 2496 amice:
2686 2436 2882 2515 idque
2960 2439 3230 2501 fortasse
3300 2443 3381 2503 ob
3442 2446 3778 2523 scripturas
3826 2450 3996 2513 difﬁ-

767 2537 1063 2597 cu!tatem
1106 2555 1120 2609 ;
1165 2542 1323 2595 inire
1388 2535 1559 2594 enim
1628 2534 1830 2592 scriba
1857 2549 1881 2582 ε
1915 2550 2056 2591 cum
2085 2554 2121 2589 α.
2149 2532 2387 2592 calamo
2446 2532 2642 2593 veluti
2682 2533 3048 2595 luxuriante
3105 2538 3553 2616 conjunxerat,
3584 2544 3858 2622 ideoque
3891 2547 3997 2608 in-

766 2644 1008 2710 terpres
1040 2636 1113 2693 ad
1170 2642 1336 2701 ὡτὰν,
1373 2650 1481 2707 pro
1510 2633 1553 2690 ὦ
1583 2640 1709 2692 irate
1745 2629 1899 2691 forte
1932 2630 2235 2706 respexit.
2281 2631 2435 2689 ltcm
2494 2630 2684 2705 paulo
2717 2638 2854 2705 post
2891 2648 3033 2692 cum
3070 2635 3338 2695 declarat
3369 2639 3543 2713 quod
3576 2638 3722 2700 aliis
3772 2642 4000 2719 impel-

766 2730 1040 2788 lentibus
1108 2747 1231 2789 non
1285 2727 1621 2787 habuerint
1674 2744 1835 2801 opus
1873 2743 1887 2780 :
1930 2725 2102 2784 «Sed
2158 2724 2306 2801 ipsi,
2366 2725 2597 2801 inquit,
2657 2742 2726 2786 se
2759 2728 3147 2790 contumelia
3184 2730 3557 2795 aﬂ‘ecerunt.
3606 2736 3993 2814 Hujusmodi

766 2825 936 2885 enim
964 2834 1111 2886 sunt
1146 2825 1377 2901 impuri
1418 2824 1509 2881 illi
1545 2822 1847 2891 alfcctus;
1902 2846 1927 2874 »
1966 2822 2071 2881 ubi
2098 2822 2283 2897 longe
2321 2820 2441 2880 alia
2475 2820 2655 2897 prius
2689 2822 3036 2885 habebatur
3063 2828 3403 2900 sententia,
3439 2839 3509 2890 ut
3541 2832 3731 2892 etiam
3758 2832 3818 2894 in
3850 2852 3996 2895 mox

767 2922 1218 2997 sequentibus,
1264 2921 1372 2984 ibi,
1400 2920 1574 2979 Sicut
1612 2936 1734 2977 non
1761 2918 2188 2995 probaverunt
2214 2919 2403 2975 Deum
2421 2918 2642 2978 habere
2673 2919 2741 2978 in
2765 2922 3033 2991 notitia;
3074 2923 3183 2984 ubi
3223 2924 3776 3005 TheOphylactus:
3817 2952 3845 2986 α
3893 2934 3997 2995 Ιη-

758 3017 954 3095 juria,
1009 3017 1238 3095 inquit,
1279 3034 1400 3094 qua
1448 3019 1650 3076 Deum
1687 3017 2059 3081 all'eccrunt,
2092 3030 2217 3073 non
2274 3030 2350 3073 ex
2402 3013 2759 3091 ignorantia
2821 3021 3152 3093 processit,
3208 3022 3316 3082 sed
3370 3039 3401 3081 a
3460 3025 3873 3087 meditatione
3932 3038 3996 3091 et

767 3113 1006 3185 studio,
1038 3136 1064 3169 ιθ
1104 3115 1190 3174 uti
1230 3131 1341 3173 nos
1378 3112 1796 3171 restituimus.
1865 3110 1988 3181 Qui
2034 3109 2212 3185 plura
2247 3108 2412 3167 volet
2447 3110 2510 3169 in
2558 3110 2677 3172 hoc
2717 3116 2944 3172 eodem
3013 3116 3217 3190 primo
3247 3118 3450 3195 capite
3481 3122 3815 3182 emendata
3877 3140 3996 3185 no-

766 3217 921 3279 tare,
956 3211 1014 3268 id
1044 3228 1119 3269 ex
1156 3211 1493 3286 utriusque
1533 3208 1872 3267 collatione
1923 3208 2101 3267 facile
2139 3207 2390 3282 poterit.
2427 3209 2554 3267 Nec
2602 3206 2661 3265 id
2710 3216 2916 3267 tamen
2942 3210 3108 3281 dico,
3162 3221 3227 3271 ut
3266 3210 3573 3274 Lonicero
3623 3213 3991 3277 detraham:

768 3309 1112 3382 plurimum
1171 3307 1340 3365 enim
1373 3306 1463 3363 illi
1510 3304 1743 3365 debere
1778 3322 1873 3364 me
1941 3306 2218 3380 ingenue
2277 3302 2658 3363 t'ateorznisi
2694 3304 2863 3363 enim
2898 3304 3105 3380 ipsius
3165 3307 3460 3368 versione
3488 3306 3756 3370 fuissem
3812 3313 3994 3390 adju-

767 3413 889 3471 tus,
926 3403 1090 3462 haud
1126 3401 1308 3461 facile
1344 3402 1667 3478 plerisque
1706 3401 1767 3459 in
1800 3399 1953 3459 locis
1994 3407 2389 3476 pervetustos
2420 3400 2811 3459 characteres
2854 3402 3281 3477 agnovissem,
3320 3412 3389 3463 ut
3426 3403 3680 3465 interim
3709 3407 3786 3466 de
3822 3408 3997 3481 ipso-

767 3518 904 3558 rum
940 3501 1133 3575 ﬁgura
1168 3498 1323 3557 mihi
1368 3498 1631 3575 quidem
1672 3498 1923 3557 insueta
1951 3496 2178 3557 sileam
2221 3514 2237 3564 ;
2274 3496 2385 3555 sed
2452 3511 2531 3553 ne
2584 3493 2885 3565 studiosi,
2931 3502 2998 3554 ut
3035 3496 3345 3569 diximus,
3384 3499 3436 3559 si
3476 3506 3580 3559 aut
3638 3512 3993 3576 pauca,aut

765 3598 1013 3657 nullius
1045 3597 1347 3656 momenti
1411 3595 1541 3653 loca
1602 3594 1703 3653 hic
1754 3594 2085 3654 emendata
2145 3592 2347 3652 fuisse
2407 3598 2651 3667 putent,
2681 3606 2758 3650 eo
2790 3588 3002 3651 fructu
3066 3593 3421 3667 priventur,
3481 3611 3671 3672 quem
3731 3615 3811 3655 ex
3877 3596 3992 3661 hac

768 3692 1022 3769 recogni
1061 3693 1207 3753 ione
1238 3691 1411 3770 ipsos
1444 3700 1540 3751 σὺν
1564 3698 1682 3766 Θεῷ
1713 3697 2171 3749 consecuturos
2202 3705 2561 3766 speramus.
2587 3691 2744 3749 Sunt
2775 3687 3043 3750 fortasse
3074 3693 3380 3753 nonnulla
3421 3712 3565 3771 quas
3595 3699 3990 3774 typographo

768 3790 977 3863 potius
1010 3805 1198 3867 quam
1240 3787 1572 3865 interpreti
1606 3786 1980 3846 ascribenda
2014 3793 2188 3855 sunt,
2217 3794 2285 3845 nt
2316 3785 2488 3863 quod
2521 3784 2835 3845 Christum
2881 3800 2993 3859 pro
3017 3803 3259 3844 crucem
3289 3801 3729 3866 expresserat;
3762 3795 3871 3853 sed
3906 3811 3988 3857 ne

762 3883 1089 3944 fastidium
1152 3882 1413 3959 pariam,
1450 3899 1520 3943 ea
1556 3899 1699 3942 cum
1760 3881 2084 3959 plerisque
2115 3881 2257 3940 aliis
2320 3888 2664 3958 praetereo:
2714 3880 2989 3955 ideoque
3024 3899 3099 3941 ex
3123 3881 3270 3943 aliis
3325 3887 3641 3961 capitibus
3687 3891 3985 3963 pauciora

768 3978 890 4038 huc
924 3978 1362 4038 transrribam.
1395 3979 1608 4053 Capite
1651 3978 1935 4036 secundo
1968 3979 2030 4036 in
2071 3977 2227 4035 illud
2258 3976 2458 4049 Pauli,
2496 3976 2618 4050 Qui
2650 3978 2848 4053 igitur
2875 3976 3063 4036 alium
3094 3977 3293 4049 doces,
3329 3984 3589 4058 teipsum
3626 4001 3749 4042 non
3772 3984 3984 4059 dOI'CS,

764 4075 885 4134 ibi:
928 4100 958 4129 or
994 4078 1052 4134 Si
1105 4092 1376 4151 namque
1410 4084 1653 4151 gentes,
1694 4094 1720 4125 ιο
1747 4081 1864 4133 etc.
1892 4074 2161 4132 multum
2192 4077 2268 4131 ab
2313 4076 2588 4132 aucturis
2628 4086 2833 4131 mente
2866 4073 3156 4132 aberrare
3215 4080 3484 4147 videtur,
3526 4089 3584 4138 et
3628 4082 3817 4155 paulo
3840 4093 3985 4144 ante

763 4174 1019 4250 negatio
1051 4190 1175 4231 non
1218 4170 1421 4231 fuerat
1450 4172 1729 4241 omissa;
1760 4179 1822 4229 et
1851 4169 1911 4227 in
1946 4168 2153 4247 glossa
2178 4170 2500 4243 sequenti,
2539 4181 2675 4244 post
2716 4170 2832 4227 ista
2871 4170 3081 4239 verba,
3113 4171 3226 4229 Sin
3251 4173 3477 4239 minus,
3512 4174 3629 4234 ista
3658 4177 3983 4236 desidera-

763 4271 988 4328 bantur
1014 4290 1029 4326 :
1057 4268 1195 4329 Non
1228 4268 1417 4336 dixit,
1451 4266 1592 4328 Non
1619 4271 1897 4344 prodest,
1928 4284 2004 4324 ne
2030 4267 2224 4343 ipsum
2240 4264 2607 4324 contumelia
2624 4264 2866 4340 afﬁcere
2895 4264 3199 4335 videatur,
3232 4265 3337 4324 sed
3359 4266 3641 4327 Judwum
3660 4287 3728 4328 ea
3759 4271 3979 4343 nudat,

761 4364 1006 4423 dicens:
1042 4386 1066 4416 α
1100 4363 1536 4430 Circumcisio,
1573 4367 1856 4428 a‘etc..et
1890 4378 2033 4421 mox
2060 4360 2165 4420 ubi
2205 4362 2332 4420 duo
2361 4360 2661 4434 pra‘ptttiu
2695 4360 3041 4437 posuisset,
3077 4377 3276 4420 unum
3310 4364 3664 4424 secundum
3700 4384 3977 4437 carnem,

760 4462 1029 4517 alterum
1061 4459 1414 4517 secundum
1448 4456 1746 4534 spiritum
1781 4456 1916 4517 sive
1955 4454 2367 4527 voluntatem,
2402 4458 2478 4516 de
2521 4457 2637 4517 hoc
2695 4458 3051 4530 posteriore
3114 4456 3407 4534 loquens,
3468 4462 3562 4521 sic
3623 4464 3981 4524 reddiderat

763 4554 1135 4613 Lnnirerus:
1191 4575 1218 4607 ‹‹
1252 4552 1408 4624 Quae
1436 4569 1577 4613 sese
1612 4552 1839 4613 habent
1864 4552 1954 4613 uti
1992 4560 2550 4613 commemoratum
2604 4561 2720 4621 esl,
2760 4553 3014 4629 quando
3050 4551 3207 4611 nihil
3247 4554 3594 4615 carnalium
3632 4559 3970 4634 quisquam

758 4651 1100 4710 alfectuum
1134 4650 1492 4719 habuerint,
1535 4649 1736 4725 utqui
1788 4650 1916 4709 sint
1957 4648 2227 4709 ablati.»
2304 4651 2450 4717 Graii

2304 4651 2509 4717 Grmea
2578 4663 2725 4708 vero
2758 4647 2849 4707 sic
2903 4645 3171 4706 habent:
3212 4648 3368 4713 Ἤτις
3416 4654 3582 4712 ἐστὶν,
3613 4651 3687 4714 ὡς
3732 4653 3976 4721 εἴρηται,

756 4755 883 4805 ὅταν
914 4772 995 4817 τις
1018 4754 1185 4822 μηδὲν
1210 4752 1447 4821 ἔχειτῶν
1479 4752 1757 4821 σαρκικῶν
1783 4752 1970 4805 παθῶν
2003 4752 2427 4823 περιῃρημένον
2470 4745 2577 4804 ubi
2616 4744 2810 4803 dictio
2839 4743 2979 4813 ἥτις.
3037 4742 3230 4803 refert
3290 4749 3655 4818 ἀκροϐυστίαν
3682 4751 3743 4800 ὲκ
3789 4772 3979 4823 προαι-

763 4844 984 4910 ρέσεωξ.
1038 4857 1181 4915 qum
1210 4858 1325 4899 nos
1357 4840 1448 4899 sic
1504 4839 1925 4908 restituimus,
1968 4842 2139 4918 quod
2168 4840 2430 4917 quidem
2482 4848 2595 4907 est,
2631 4848 2697 4899 ut
2723 4840 2959 4898 dictum
2985 4845 3103 4907 est,
3136 4839 3397 4913 quando
3429 4837 3577 4914 quis
3621 4844 3973 4901 carnalium

756 4940 1097 4998 all‘ectuum
1124 4935 1369 4996 nullum
1402 4934 1588 4995 habet
1616 4934 2062 4996 circumcisum
2104 4944 2212 4995 aut
2245 4942 2670 5010 amputatum;
2740 4949 2882 5011 quae
2911 4934 3225 4993 sententia
3260 4931 3423 4993 belle
3450 4934 3602 4996 huic
3636 4933 3771 4997 loco
3822 4955 3978 4996 eon-

758 5044 952 5103 venit,
1001 5032 1102 5091 cui
1139 5032 1311 5109 prior
1337 5031 1825 5105 contradicebat,
1862 5039 1923 5091 et
1954 5034 2075 5093 sub
2137 5033 2321 5092 tinem
2384 5030 2574 5106 hujus
2632 5028 2852 5105 capitis
2909 5027 2987 5086 ab
3056 5028 3333 5089 auctoris
3358 5038 3589 5099 mente,
3657 5032 3717 5089 ni
3766 5032 3973 5105 fallor,

756 5131 1025 5190 multum
1069 5127 1417 5188 aberrabat.
1453 5128 1572 5188 Sed
1608 5128 1865 5206 longum
1889 5136 2057 5187 esset
2097 5126 2349 5205 singula
2381 5125 2581 5201 capita
2613 5131 2946 5191 excutere;
2982 5123 3056 5183 ad
3088 5134 3337 5184 sextum
3405 5128 3596 5203 igitur
3658 5130 3969 5189 transitio.

756 5229 823 5286 In
857 5225 1015 5285 illud
1049 5224 1225 5284 Pauli
1256 5241 1270 5278 :
1304 5223 1445 5284 Non
1504 5235 1719 5302 regnet
1747 5236 2065 5300 peccatum
2103 5223 2169 5282 in
2192 5222 2459 5286 mortali.
2492 5228 2638 5289 etc.,
2696 5218 2806 5277 ubi
2844 5218 3092 5279 extollit
3147 5218 3375 5278 Christi
3440 5224 3725 5298 gratiam,
3766 5224 3855 5284 sic
3887 5229 3973 5285 ait

757 5319 1309 5399 'l‘heOphylactus:
1347 5342 1375 5372 ιι
1413 5322 1628 5396 Itaque
1658 5336 1888 5395 corpus
1916 5334 2029 5377 sua
2064 5327 2280 5377 natura
2318 5318 2481 5377 haud
2553 5325 2760 5385 nocet,
2821 5317 2928 5375 sed
2980 5314 3240 5375 obedire
3292 5327 3562 5391 peccato,
3603 5318 3759 5379 illud
3823 5338 3971 5381 vero

756 5416 1099 5493 plurimum
1133 5419 1333 5474 obest.
1368 5413 1640 5473 Observa
1674 5413 1774 5474 hic
1795 5413 2024 5473 Chrisii
2060 5414 2346 5489 gratiam,
2377 5413 2699 5489 quomodo
2732 5412 2924 5471 Adam
2951 5412 3243 5488 peccarit,
3273 5426 3415 5471 cum
3453 5419 3654 5472 tamen
3682 5416 3967 5475 nondum

756 5512 1014 5571 mortale
1046 5527 1275 5585 corpus
1308 5511 1560 5570 haberet
1599 5527 1613 5564 :
1651 5528 1765 5568 nos
1793 5528 1941 5570 vero
1990 5512 2049 5568 in
2087 5510 2328 5569 mortali
2356 5525 2617 5584 corpore
2672 5519 2995 5585 peccatum
3054 5507 3369 5567 vincimus
3404 5518 3463 5567 ct
3522 5525 3969 5586 superamus.-

756 5610 1073 5669 Hactenus
1103 5607 1385 5668 auctoris
1420 5608 1604 5667 verba
1641 5606 1716 5666 ad
1758 5609 2044 5666 Graecum
2102 5606 2427 5683 exemplar
2486 5608 2802 5676 restituta,
2857 5622 3002 5683 quae
3048 5608 3226 5684 prius
3273 5606 3457 5685 longe
3494 5607 3808 5668 diversam
3861 5618 3970 5669 aut

754 5702 1128 5763 contrariam
1173 5719 1297 5779 pra)
1330 5720 1397 5762 se
1431 5701 1716 5763 ferebant
1748 5703 2149 5772 sententiam,
2216 5711 2320 5762 aut
2361 5703 2748 5763 conferendo
2785 5701 3252 5779 patebit;quod
3297 5701 3578 5762 sitamen
3611 5706 3682 5763 ad
3710 5705 3967 5764 alteram

755 5800 1100 5861 editionem
1163 5817 1491 5861 recurrere
1528 5802 1837 5876 graveris,
1882 5800 1968 5859 ibi
2020 5806 2091 5857 ad
2152 5799 2341 5858 istum
2414 5799 2807 5859 scribebatur
2867 5799 3161 5859 modum:
3206 5823 3231 5852 ’ί
3264 5800 3478 5877 Itaque
3511 5820 3737 5877 corpus
3799 5800 3965 5860 haud
