4284 6450
264 370 375 433 325
1602 357 2176 420 PR.‘EFATIONES.
3420 361 3529 423 326

266 484 454 542 nocet
484 482 746 545 naturae,
779 473 888 532 sed
923 468 1187 532 obedire
1205 477 1487 547 peccato,
1521 470 1680 531 illud
1721 486 1871 531 vero
1913 471 2264 547 plurimum
2302 472 2504 531 obest.
2539 472 2823 532 Observa
2848 473 2949 533 hic
2987 474 3221 533 Christi
3259 479 3525 551 gratiam

265 573 594 657 quomodo
626 570 827 633 Adam
896 567 1192 646 peccarit,
1226 582 1369 627 cum
1408 576 1614 627 tamen
1652 566 1939 627 nonduin
2001 568 2268 627 mortale
2303 584 2536 644 corpus
2575 567 2859 639 haberet,
2918 587 3035 631 nos
3070 589 3221 633 vero
3285 572 3347 633 in
3396 591 3534 634 cor-

270 690 423 751 pore
469 665 720 730 mortali
758 672 1015 744 peccato
1047 661 1828 740 exuberamus,adeoquo
1864 662 1926 722 in
1971 664 2243 739 peci-atis
2285 665 2629 725 nascimur.
2676 688 2703 719 ι)
2739 667 2932 726 \‘ides
2974 669 3220 739 Lector,
3265 680 3334 731 ut
3364 671 3531 731 haud

258 776 441 831 nocet
472 774 739 836 naturw,
776 780 889 843 pro
922 780 1035 822 sua
1084 770 1320 822 natura
1358 759 1527 821 haud
1571 770 1786 828 nocet;
1818 768 1901 830 et,
1933 771 2188 836 peccato
2221 760 2659 833 exuberamus,
2694 777 2807 837 pro
2837 773 3160 838 peccatum
3198 766 3529 841 vincimus,

257 862 498 926 dixerit
541 859 802 922 diverso
838 868 901 920 et
925 857 1246 921 contrario
1300 858 1541 918 sensu?
1574 856 1791 934 Capite
1826 856 2019 917 etiam
2051 857 2351 935 sequenti
2383 856 2445 915 in
2476 857 2932 917 annotatione:
2967 860 3048 917 Et
3071 860 3387 919 inventum
3410 876 3523 935 est,

257 961 442 1037 [item
473 957 539 1019 in
570 954 718 1031 alia,
754 955 936 1017 Nunc
966 963 1171 1013 autem
1187 954 1323 1033 jam
1344 971 1471 1012 non
1501 970 1609 1030 ego
1638 954 1890 1030 operor]
1932 952 2129 1015 fmdos
2172 956 2386 1030 lapsus
2420 952 2867 1028 deprehendes
2900 953 2955 1014 si
2990 958 3283 1017 conferre
3325 960 3525 1035 lubet,

259 1066 334 1119 ut
369 1064 432 1117 et
462 1071 599 1133 cap.
627 1071 717 1123 Ix,
768 1070 833 1113 ιι
871 1058 932 1113 et
967 1069 1099 1112 xm.
1149 1050 1216 1111 ιιι
1255 1048 1374 1110 hoc
1404 1048 1513 1110 ubi
1570 1048 1804 1110 Paulus
1837 1051 1961 1110 ait:
1993 1049 2066 1109 Ut
2104 1050 2171 1108 in
2203 1049 2299 1108 die
2330 1050 2583 1109 honeste
2614 1048 3020 1111 ambulemus.
3057 1053 3147 1111 lbi
3185 1054 3529 1134 'l‘heOphy-

262 1155 467 1214 lactus
532 1151 611 1211 de
643 1147 951 1211 Romanis
981 1147 1247 1230 honoris
1282 1154 1342 1207 et
1377 1145 1600 1225 glorim
1632 1146 1944 1208 studiosis

1834 1147 1944 1207 isis
1972 1145 2089 1207 hoc
2121 1148 2309 1206 modo
2338 1145 2605 1206 scribit:
2658 1144 2876 1215 Ἐπειδὴ
2937 1151 3044 1216 γὰρ
3108 1148 3276 1212 πολὺς
3342 1153 3526 1215 αὐτοῖς

258 1252 361 1320 τῆς
391 1248 542 1319 παρὰ
574 1246 681 1301 τῶν
711 1244 921 1297 πολλῶν
959 1243 1117 1311 δόξης
1155 1246 1182 1296 ὁ
1210 1243 1387 1310 λόγος,
1414 1243 1700 1310 ἐφέλκεται
1729 1242 1926 1306 αὐτοὺς
1968 1244 2075 1297 ἀπὸ
2114 1243 2216 1310 τῆς
2241 1243 2681 1311 εὐσχημοσύνης,
2730 1236 2849 1297 hoc
2873 1246 2991 1305 est,
3027 1258 3052 1281 ι·
3088 1238 3505 1316 Ουδηάυψιίν

263 1341 412 1400 dem
448 1338 568 1412 ipsi
608 1334 782 1413 volgi
815 1333 1081 1411 gloriam
1115 1332 1250 1394 sive
1285 1330 1621 1404 honorem,
1652 1332 1760 1409 qui
1796 1348 1826 1393 a
1866 1332 2088 1392 multis
2115 1330 2486 1400 exhibetur,
2529 1334 3046 1410 magnil‘acci-ent,
3094 1334 3171 1390 ab
3198 1334 3527 1397 honestate

263 1452 377 1497 eos
410 1434 655 1504 allicit;
696 1454 723 1486 υ
759 1434 936 1508 prius
967 1437 1180 1491 autem
1212 1428 1303 1487 sic
1336 1428 1659 1489 redditum
1700 1427 1937 1489 fuerat:
1969 1450 1996 1481 ‹‹
2034 1427 2189 1489 Cum
2216 1430 2385 1487 enim
2420 1426 2541 1504 ipsi
2586 1431 2850 1489 Romani
2892 1430 3086 1490 multa
3130 1431 3315 1490 verba
3350 1430 3524 1492 face-

266 1540 433 1603 rent,
473 1556 497 1583 υ
528 1537 674 1603 etc.,
723 1527 834 1590 ubi
858 1527 1024 1590 πολὺς
1060 1528 1236 1595 λόγος,
1277 1540 1401 1585 non
1430 1528 1628 1586 multa
1682 1526 1892 1598 verba,
1923 1526 2035 1588 sed
2068 1526 2330 1586 multam
2376 1544 2618 1597 curam,
2656 1529 2968 1589 rationem
3004 1529 3140 1589 sive
3168 1538 3525 1607 reSpectum

269 1629 507 1691 habere
559 1626 781 1706 gloria:
806 1631 867 1685 et
898 1639 1069 1683 aura:
1123 1622 1451 1698 p0pularis
1486 1625 1697 1700 potius
1729 1625 2066 1704 significat.
2101 1623 2349 1685 Deinde
2389 1626 2561 1703 quod
2625 1627 2950 1703 adjectum
3014 1636 3132 1696 est,
3166 1649 3193 1680 ι(
3219 1625 3529 1690 abstrahit

268 1744 381 1788 eos
415 1724 493 1786 ab
522 1740 595 1785 ea
627 1718 1300 1799 glorimturpitudine,
1338 1742 1366 1773 ι)
1408 1720 1681 1780 multum
1709 1730 1839 1783 erat
1872 1739 1904 1783 a
1950 1720 2128 1782 Pauli
2175 1729 2234 1780 et
2269 1720 2732 1798 'l‘heOphylacti
2798 1722 3129 1800 pr0posito
3196 1725 3527 1801 alienum;

269 1822 571 1897 suspicor
602 1820 1017 1897 interpretem
1053 1814 1458 1876 existimasse
1494 1832 1606 1892 pro
1635 1818 1961 1888 εὐσχημοσὺ

1831 1820 2053 1888 ιοσύνης
2088 1815 2430 1894 legendum
2456 1834 2598 1878 esse
2638 1821 3045 1892 ἀσχημοσύνης.
3088 1819 3219 1880 Sub
3254 1838 3324 1880 ea
3351 1824 3523 1881 enim

268 1920 552 1979 dictione
592 1918 777 1977 ducta
809 1920 941 1974 erat
971 1912 1168 1985 linea,
1204 1910 1391 1990 quasi
1428 1919 1725 1990 suspecta
1752 1919 1918 1971 esset
1968 1913 2302 1991 scriptura,
2338 1931 2483 1992 quae
2526 1923 2733 1975 tamen
2788 1912 2952 1975 belle
2993 1915 3202 1989 habet,
3263 1925 3331 1977 ut
3385 1934 3532 1998 qua)

268 2016 541 2077 Paulino
575 2010 779 2075 textui
815 2008 1187 2088 respondet,
1243 2007 1348 2067 ubi
1402 2009 1781 2077 εὐσχημόνως.

350 2119 473 2179 Sed
526 2119 604 2177 de
650 2116 764 2177 hac
802 2130 925 2174 una
974 2111 1145 2173 Pauli
1198 2111 1483 2189 Epistola
1550 2113 1823 2170 nimium
1860 2112 2051 2173 multa
2083 2131 2097 2184 ;
2145 2114 2438 2190 pauciora
2473 2114 2669 2192 igitur
2700 2132 2781 2176 ex
2824 2117 3094 2194 reliquis
3127 2118 3385 2178 afferam
3417 2140 3433 2190 ;
3467 2130 3530 2181 et

270 2231 352 2275 ne
382 2212 645 2290 longius
677 2212 1005 2284 abeamus,
1038 2208 1228 2269 initio
1262 2205 1567 2285 Epistulae
1596 2208 1953 2281 sequentis,
1989 2210 2094 2268 ubi
2137 2213 2372 2271 Paulus
2406 2210 2516 2284 ait,
2554 2211 2677 2270 Per
2706 2212 3084 2271 voluntatem
3114 2214 3246 2280 Dei.
3286 2214 3345 2274 in
3381 2233 3527 2275 eum

271 2313 483 2372 lecum
528 2310 878 2370 Lonicerus
917 2324 928 2367 :
972 2331 1001 2363 ci
1035 2305 1487 2367 Animadverte
1536 2304 1635 2363 hic
1675 2306 1929 2365 deitatis
1962 2306 2338 2366 Vocabulum
2374 2307 2446 2366 ad
2493 2310 2733 2367 Patrem
2771 2309 3134 2384 pertinere;
3172 2333 3197 2363 υ
3232 2311 3514 2387 egregia,

272 2408 521 2469 scilicet
554 2404 1058 2477 animadversio,
1110 2400 1296 2478 quasi
1350 2418 1498 2461 vero
1536 2419 1807 2477 usquam
1854 2406 2143 2479 negarint
2181 2403 2401 2464 Ariani
2454 2403 2709 2463 deitatis
2749 2406 3128 2465 vocabulum
3168 2408 3241 2465 ad
3280 2408 3526 2467 Patrem

277 2504 626 2580 pertinere.
672 2500 885 2561 Graeca
930 2499 1023 2561 sic
1067 2498 1303 2559 habent
1347 2521 1362 2558 :
1413 2505 1725 2574 Σημείωσαι
1753 2505 1807 2557 δὲ
1844 2507 1969 2569 τὸ,ἐ

1844 2508 1920 2569 τὸ,
1951 2507 2049 2560 διὰ
2084 2511 2172 2560 ἐπὶ
2206 2511 2417 2579 Harpe;
2451 2512 2722 2577 κείμενον,
2766 2500 2882 2561 hoc
2912 2514 3031 2570 est,
3074 2525 3101 2557 tt
3129 2504 3283 2563 Nota
3317 2513 3530 2563 autem

276 2601 438 2661 hanc
466 2599 813 2660 dictionem
843 2614 957 2675 per
990 2594 1149 2657 Patri
1184 2594 1565 2673 appositam,
1594 2616 1622 2648 ii
1657 2595 1790 2654 sive
1821 2597 1897 2653 de
1931 2601 2108 2657 Patro
2142 2600 2285 2659 dici.
2323 2598 2432 2658 L’bi
2473 2598 2769 2675 'l‘hCOphj
2795 2600 2992 2658 lactus
3027 2608 3241 2659 contra
3266 2602 3530 2661 Arianos

280 2698 453 2758 hunc
488 2696 698 2757 locum
742 2691 1005 2772 profert,
1058 2690 1391 2751 declarans
1437 2692 1612 2769 quod
1652 2692 1780 2752 haec
1815 2695 2178 2768 [trthOslliO
2215 2712 2351 2771 per,
2391 2694 2892 2754 diminutionem
2935 2711 3061 2755 non
3106 2694 3426 2769 importet,
3464 2706 3530 2756 ut

282 2795 403 2872 ipsi
443 2792 737 2853 volebant
771 2813 785 2851 :
819 2806 963 2851 cum
995 2789 1188 2849 etiam
1220 2787 1326 2849 hic
1351 2796 1711 2867 apponatur
1748 2788 1936 2858 Patri,
1962 2789 2072 2849 ubi
2105 2790 2341 2849 dicitur
2376 2808 2490 2867 per
2525 2790 2908 2848 voluntatem
2944 2792 3073 2863 Dei,
3100 2799 3167 2851 ut
3203 2791 3415 2851 fusius
3443 2793 3533 2857 ait

280 2894 451 2952 idem
483 2889 1000 2967 TlieOphylactus
1033 2887 1096 2947 in
1131 2902 1279 2947 eum
1311 2885 1519 2947 locum
1557 2888 1848 2958 Joannis,
1883 2884 2105 2946 Omnia
2132 2904 2246 2964 per
2278 2888 2484 2964 ipsum
2516 2889 2685 2965 facta
2722 2898 2897 2957 sunt,
2936 2888 3043 2947 ubi
3100 2888 3321 2948 Ariani
3360 2890 3532 2950 vole-

279 2991 434 3053 bant
480 2986 718 3049 Filium
764 2983 972 3046 facere
1024 2984 1204 3045 Patre
1243 2982 1587 3056 minorem,
1620 2982 1791 3060 quod
1832 3000 1940 3059 per
1977 2986 2185 3060 ipsum
2226 2988 2392 3045 sicut
2434 3002 2545 3062 per
2581 2984 3085 3044 instrumentum
3124 2995 3234 3044 aut
3266 3003 3528 3046 servum

279 3090 463 3148 Pater
493 3084 612 3145 alia
638 3082 893 3143 fecisset
931 3103 947 3142 :
976 3090 1194 3144 contra
1224 3096 1386 3160 quos
1417 3080 1502 3140 ibi
1540 3081 1797 3140 adducit
1832 3080 1997 3140 hunc
2032 3081 2241 3157 ipsum
2277 3081 2514 3152 locum,
2551 3080 2671 3139 Per
2695 3082 3080 3139 voluntatem
3108 3082 3256 3145 Dei.-
3286 3094 3346 3141 et
3377 3082 3527 3141 item

280 3183 481 3244 alium
530 3200 611 3241 ex
646 3180 763 3240 hoc
793 3180 1017 3240 eodem
1060 3179 1264 3256 capite
1315 3195 1329 3237 :
1375 3176 1611 3238 Fidelis
1648 3178 1809 3236 Deus
1842 3195 1957 3253 per
1987 3196 2160 3255 quem
2206 3178 2410 3237 avocati
2443 3196 2654 3236 sumus
2700 3178 2766 3236 in
2805 3187 3163 3236 serietatem
3204 3179 3362 3239 Filii
3403 3179 3530 3251 sui,

282 3279 394 3341 ubi
447 3276 641 3353 dictio
684 3294 826 3353 per,
871 3274 1299 3352 Patrijuncta,
1345 3291 1747 3353 nequaquam
1799 3275 2112 3352 signiticet
2162 3275 2407 3333 Patrem
2456 3272 2621 3333 Filio
2677 3274 3018 3334 minorem.
3082 3276 3266 3334 Hunc
3319 3276 3528 3335 locum

281 3372 584 3452 pluribus
634 3371 891 3431 tractavi
953 3370 1125 3449 quod
1182 3370 1510 3447 plerisque
1562 3370 2003 3431 subobscurus
2058 3372 2423 3441 videretur,
2477 3380 2537 3431 et
2596 3387 2626 3429 a
2686 3371 2993 3430 Lonicero
3041 3371 3304 3449 quidem
3367 3373 3531 3432 male

284 3487 535 3543 versus,
574 3470 781 3548 utqui
817 3486 894 3528 ex
932 3469 1384 3545 prmpositione
1416 3477 1512 3529 διά.
1541 3468 1846 3528 deitatem
1885 3465 2155 3537 fecerit;
2188 3483 2218 3523 a
2265 3469 2586 3525 Porsenna
2631 3483 2779 3526 vero
2827 3466 3012 3542 plane
3049 3470 3331 3527 omissus
3365 3469 3532 3527 fuis-

282 3574 381 3628 set
423 3584 440 3628 :
486 3573 651 3627 so.ct
683 3564 854 3625 enim
896 3564 1013 3624 iste
1062 3564 1113 3624 si
1150 3564 1303 3641 quid
1345 3563 1582 3640 placeat
1616 3564 1885 3625 liberius
1916 3572 2175 3622 tractare
2237 3579 2306 3621 ac
2343 3562 2536 3621 multa
2572 3563 2647 3621 de
2681 3578 2801 3621 suo
2840 3562 3179 3631 inl'arcire;
3221 3570 3278 3623 ct
3312 3573 3528 3624 contra

283 3666 334 3724 si
369 3663 525 3744 quid
561 3679 687 3722 non
718 3660 1019 3730 arrideat,
1054 3659 1214 3720 illud
1269 3677 1529 3735 prorsus
1578 3660 1873 3721 omittere
1911 3681 1923 3717 :
1965 3658 2135 3736 quod
2174 3657 2275 3716 hic
2307 3658 2655 3733 contigisse
2702 3658 2977 3728 videtur,
3010 3659 3061 3717 si
3102 3662 3287 3719 modo
3325 3661 3532 3734 ipsius

283 3757 611 3836 exemplar
642 3774 787 3818 cum
822 3765 1040 3817 nostro
1071 3756 1499 3829 consenserit,
1527 3773 1604 3818 eo
1635 3774 1789 3817 sane
1825 3764 2210 3833 pervetusto.
2237 3756 2365 3814 Nec
2394 3754 2584 3814 video
2610 3772 2723 3812 cur
2754 3753 2856 3814 hic
2888 3756 2965 3815 de
2996 3768 3295 3831 germana
3322 3756 3531 3817 'l‘heo-

286 3854 563 3933 plu-lacti
622 3854 943 3929 Scriptura
1000 3852 1295 3913 dubitare
1346 3854 1721 3923 debeamus,
1775 3871 1916 3913 cum
1967 3851 2161 3928 hujus
2214 3850 2331 3909 loci
2393 3850 2781 3909 mentionem
2839 3850 2974 3926 ipse
3025 3850 3211 3910 faciat
3263 3853 3529 3911 Joannis

286 3953 520 4031 primo,
565 3959 631 4010 ut
674 3949 983 4009 diximus.
1033 3950 1216 4021 Quod
1264 3956 1476 4009 autem
1527 3951 1871 4009 Lonicerus
1901 3946 2173 4025 glossam
2210 3952 2402 4004 totam
2452 3961 2918 4023 nonnunquam
2957 3962 3100 4005 cum
3140 3954 3312 4006 textu
3350 3947 3527 4007 Pauli

289 4044 793 4125 praetermiserit,
826 4060 951 4104 non
994 4042 1198 4122 ipsius
1230 4044 1559 4106 voluntate
1593 4043 1824 4105 factum
1858 4061 1999 4105 esse
2031 4041 2327 4115 arbitror,
2361 4043 2471 4101 sed
2511 4041 2717 4119 ipsius
2753 4051 2860 4102 aut
2905 4041 3129 4103 scriba)
3162 4045 3372 4119 potius
3409 4062 3526 4104 ne-

286 4143 599 4223 gligentia
635 4148 984 4200 auterrore
1018 4138 1392 4217 contigisse.

368 4241 489 4300 Hic
538 4238 724 4299 finem
769 4237 979 4297 facere
1020 4234 1292 4296 fortasse
1329 4236 1663 4312 expediret
1700 4258 1714 4297 :
1757 4253 1901 4297 nam
1950 4254 2028 4297 ex
2082 4233 2451 4313 hujusmodi
2489 4233 2643 4294 locis
2682 4250 2792 4311 pro
2829 4243 3039 4293 nostra
3085 4236 3528 4312 qualicunque

290 4336 726 4398 mediocritate
766 4330 1076 4393 restitutis
1124 4331 1306 4393 facile
1330 4334 1639 4394 candidus
1683 4334 1905 4393 Lector
1937 4332 2015 4392 de
2052 4332 2318 4409 reliquis
2352 4329 2666 4407 conjicere.
2702 4341 2935 4404 posset,
2989 4348 3104 4389 nec
3143 4333 3347 4405 plura,
3390 4333 3530 4405 opi-

289 4447 431 4500 nor,
467 4430 858 4491 desideraret
897 4444 909 4485 :
946 4426 1028 4487 ob
1066 4428 1455 4489 morosiores
1491 4438 1724 4499 tamen,
1759 4429 1964 4489 adhuc
2002 4427 2267 4503 paucula
2305 4427 2639 4488 ascritiain.
2682 4437 2745 4483 ut
2788 4428 2959 4501 qttiid
3003 4427 3191 4503 hujus
3232 4429 3531 4502 lipistolm

288 4528 497 4604 capite
528 4534 780 4602 quarto,
812 4523 897 4583 ibi
934 4545 948 4583 :
985 4524 1228 4601 Magna
1256 4525 1406 4584 mihi
1434 4524 1673 4601 gloria',
1707 4525 2078 4584 contrariam
2115 4532 2412 4596 posuerat
2469 4526 2898 4593 Sententiam;
2940 4530 2998 4581 et
3034 4524 3236 4597 capite
3272 4523 3528 4598 quinto,

292 4625 359 4684 in
393 4640 540 4683 eum
572 4622 747 4680 Pauli
787 4622 993 4680 locum
1028 4641 1042 4679 :
1077 4621 1155 4679 In
1190 4620 1512 4680 interitum
1549 4622 1780 4689 carnis,
1818 4621 2123 4696 scriptum
2160 4628 2319 4679 erat:
2356 4642 2384 4674 ιι
2421 4620 2552 4677 Hoc
2593 4629 2709 4687 i-st,
2748 4627 2814 4676 ut
2859 4635 2891 4677 a
2929 4619 3147 4677 morbo
3181 4636 3325 4677 eum
3364 4620 3528 4679 libe-

294 4729 412 4789 ret,
447 4717 672 4787 solvat,
713 4739 741 4771 ι
769 4732 882 4776 nos
911 4715 1004 4775 sic
1039 4717 1563 4776 emenilavimus:
1595 4738 1623 4771 α
1661 4718 1793 4776 Hoc
1823 4726 1938 4789 est,
1968 4731 2034 4778 ut
2071 4720 2287 4779 morbo
2320 4736 2467 4777 eum
2504 4726 2777 4777 maceret
2813 4726 2872 4776 et
2900 4716 3223 4776 tabescere
3257 4716 3462 4787 faciat,
3498 4741 3527 4772 ιι

290 4819 371 4875 de
403 4814 816 4891 castigatione
848 4812 1017 4871 enim
1050 4812 1337 4888 corporis
1373 4811 1679 4890 loquitur,
1717 4825 1782 4874 ut
1812 4818 2145 4889 sequentia
2180 4816 2331 4876 satis
2364 4816 2708 4874 declarant.
2746 4815 2964 4889 Capite
3000 4822 3212 4872 autem
3251 4814 3527 4889 septimo

292 4912 598 4990 pleraque
630 4910 989 4984 depravata,
1023 4917 1083 4969 et
1116 4924 1243 4969 non
1289 4926 1479 4986 pauca
1510 4912 1747 4971 omissa
1781 4911 2004 4983 fuisse,
2039 4913 2151 4991 qui
2182 4922 2383 4972 totum
2418 4913 2533 4971 hoc
2565 4920 2755 4987 caput
2790 4910 3086 4971 conferre
3123 4910 3311 4978 volet,
3339 4909 3525 4970 facile

290 5007 771 5082 deprehendet;
808 5004 978 5083 quod
1013 5005 1270 5083 quidem
1313 5006 1406 5066 vel
1453 5024 1652 5066 unum
1688 5017 1874 5083 caput
1908 5026 2159 5069 moroso
2191 5010 2379 5067 etiam
2416 5008 2686 5077 Lcctori,
2724 5008 2773 5066 si
2812 5016 3017 5065 tamen
3049 5008 3330 5066 veritatis
3370 5015 3511 5066 stu-

291 5106 517 5165 diosus
553 5102 769 5173 fuerit,
801 5100 960 5161 hanc
998 5109 1275 5161 nostram
1306 5118 1561 5177 operam
1604 5111 1669 5163 ut
1706 5105 1966 5166 minime
2001 5121 2560 5183 supervacaneam,
2604 5110 3054 5164 commendare
3099 5103 3324 5163 valeat”.
3368 5106 3524 5162 Pos-

290 5217 427 5262 sem
463 5217 538 5260 ex
570 5215 706 5275 cap-
741 5216 831 5267 ix,
883 5216 944 5257 xi
976 5206 1034 5257 et
1076 5215 1181 5271 xv,
1224 5198 1556 5259 manifeste
1594 5201 1954 5277 depravata,
1987 5211 2047 5263 et
2096 5202 2472 5263 contrariam
2513 5202 2897 5261 sententiain
2945 5200 3337 5261 continentia
3375 5216 3525 5276 pro—

290 5296 479 5368 ferre,
530 5296 641 5357 sed
685 5296 747 5357 in
791 5296 902 5356 hac
941 5296 1150 5373 priore
1199 5299 1275 5357 ad
1312 5298 1678 5359 Corinthios
1714 5299 1996 5376 Epistola
2032 5299 2280 5358 diutius
2312 5314 2502 5374 quam
2549 5306 2893 5357 statueraru
2932 5312 3071 5355 sum
3120 5300 3517 5356 imuioratus.

292 5394 362 5454 In
398 5393 697 5454 secunda:
729 5408 881 5452 vero
918 5394 992 5452 ad
1028 5392 1393 5455 Corinthios
1427 5394 1725 5469 EpiStOltB
1762 5396 1964 5472 capite
2002 5396 2229 5472 primo,
2267 5393 2348 5453 ibi
2402 5415 2416 5452 :
2480 5394 2559 5451 Et
2606 5412 2743 5470 spes
2778 5404 2994 5452 nostra
3046 5392 3223 5468 ﬁrma
3274 5402 3359 5449 est
3403 5409 3522 5467 pro

288 5489 486 5561 vobis,
539 5487 752 5565 glossa
808 5487 1000 5564 hujus
1047 5498 1257 5549 textus
1304 5505 1447 5549 cum
1508 5499 1683 5551 textu
1736 5492 2031 5569 sequenti
2092 5488 2299 5553 fuerat
2352 5489 2632 5560 omissa;
2685 5498 2875 5566 atque
2926 5490 3005 5547 ita
3049 5488 3260 5565 glossa
3311 5496 3522 5547 textus

290 5585 629 5663 sequentis
665 5584 815 5646 huic
861 5594 992 5644 erat
1028 5585 1291 5662 adjecta,
1324 5584 1493 5662 quod
1531 5588 1721 5645 etiam
1768 5585 1998 5647 factum
2032 5598 2121 5646 est
2167 5588 2241 5647 ad
2282 5590 2601 5647 Romanos
2644 5604 2779 5655 xm,
2830 5584 2994 5645 fcedo
3033 5600 3184 5644 sane
3217 5583 3422 5655 lapsu,
3455 5590 3522 5641 ut

289 5682 451 5743 alios
476 5682 765 5758 ejusdem
796 5680 1020 5757 capitis
1054 5692 1442 5758 praeteream.
1474 5682 1768 5743 Secundo
1792 5692 2001 5743 autem
2033 5686 2237 5763 capite
2264 5685 2360 5743 bis
2389 5686 2764 5744 contrariam
2795 5684 3076 5743 reddidit
3107 5681 3514 5740 sententiam.

295 5780 574 5841 Primum
619 5777 683 5838 in
720 5776 877 5840 illud
916 5778 1088 5840 Pauli
1124 5800 1138 5837 :
1178 5779 1249 5842 Ut
1281 5797 1355 5838 ne
1377 5779 1937 5842 circumveniamur
1967 5802 2003 5840 a
2041 5784 2297 5855 Satana,
2332 5782 2618 5841 dixerat:
2659 5803 2685 5833 ‹‹
2731 5782 2863 5839 Non
2902 5779 3071 5839 enim
3103 5794 3132 5834 a
3174 5796 3237 5835 se
3269 5777 3519 5835 discre—
