4284 6450
770 411 873 477 327
1429 417 1530 476 AD
1561 414 2136 478 THEOPIIYLACTI
2172 415 2743 476 EXPOSITIONENI
2775 416 2854 477 IN
2898 418 2963 476 D.
3006 416 3323 479 PAULUM
3919 416 4025 476 328

768 533 982 612 pantia
1029 535 1287 595 Satanas
1335 534 1587 611 accipit,
1641 549 1860 594 verum
1907 544 1966 591 et
2025 540 2237 593 nostra
2291 534 2476 610 rapit,
2525 558 2552 588 ››
2606 551 2748 594 cum
2801 532 3015 594 dicere
3073 533 3432 603 debuisset,
3479 554 3506 588 ι
3556 533 3691 592 Non
3746 533 3917 592 enim
3945 534 4022 593 ad

767 647 838 690 se
875 629 1253 707 pertinentia
1288 629 1567 700 Satanas,
1608 653 1638 686 ι
1672 630 2018 690 etc.Grtece
2055 630 2225 689 enim
2258 637 2352 689 est
2390 651 2404 687 :

2335 637 2352 686 l
2390 651 2404 687 :
2471 640 2511 689 0
2541 639 2648 706 γὰρ
2687 635 2930 698 διὰὅοὶος
2956 636 3076 707 οὐχὶ
3101 637 3168 688 τὰ
3199 636 3347 706 αὐτῷ
3376 637 3702 707 διαφέροντα
3730 637 4021 707 λαμϐάνει.

768 720 1018 781 Deinde
1057 723 1246 798 paulo
1281 729 1420 795 post
1465 721 1529 781 in
1565 721 1724 783 illud
1763 728 1937 786 Pauli
1977 749 1990 788 :
2024 727 2186 789 Aliis
2229 725 2477 806 quidem
2508 725 2663 784 odor
2693 725 2914 784 mortis
2951 725 3018 783 in
3055 734 3340 797 mortem,
3374 741 3511 801 pro,
3556 726 3692 786 Deo
3719 735 4014 803 accepte-

768 816 933 878 biles
985 833 1156 888 esse,
1212 816 1485 890 dixerat,
1513 835 1656 879 esse
1704 823 2016 896 reprobos
2064 832 2124 885 et
2158 824 2419 885 minime
2463 831 2671 900 gratos
2721 821 2888 898 apud
2931 823 3158 883 Deum.
3211 823 3332 882 Sed
3387 820 3800 899 hic‘quodam
3833 826 4022 883 modo

769 914 1176 973 excusandus
1222 913 1417 986 venit,
1459 915 1627 992 quod
1675 917 1932 979 Grmcus
1974 920 2184 981 codex
2223 919 2454 981 fuisset
2485 926 2850 992 corruptus,
2886 936 3079 996 quem
3116 927 3377 980 secutus
3411 926 3504 979 est
3543 919 3690 989 ﬁde,
3734 928 3801 978 ut
3844 920 4022 979 dixi-

773 1025 947 1078 mus,
985 1010 1256 1070 nimium
1298 1011 1462 1071 bona
1500 1030 1516 1082 ;
1551 1027 1696 1071 nam
1755 1013 1894 1075 loco
1931 1023 2296 1094 ἀπρόσδεκτοι
2344 1017 2465 1096 legi

2344 1017 2688 1096 legendum
2738 1023 2833 1074 est
2875 1021 3291 1092 εὐπρόσδεκτοι,
3357 1023 3424 1076 ut
3483 1025 3651 1088 patet
3699 1033 3773 1076 ex
3825 1016 4024 1094 Chry-

771 1116 1053 1168 sostomo
1086 1119 1145 1168 et
1177 1109 1372 1168 veteri
1405 1107 1776 1186 interprete.
1810 1113 1930 1173 Sed
1964 1115 2040 1173 ad
2074 1114 2194 1174 alia
2225 1130 2572 1191 prOperans
2624 1111 2872 1190 reliqua
2906 1111 3097 1188 hujus
3154 1112 3454 1190 Epistolae
3475 1113 3677 1190 capita
3702 1113 4016 1174 transilio.

768 1203 965 1264 Initio
1001 1216 1210 1265 autem
1265 1206 1490 1283 capitis
1538 1208 1723 1283 primi
1775 1209 1850 1268 ad
1885 1210 2156 1280 Galatas,
2190 1212 2274 1271 ibi
2321 1233 2334 1271 :
2380 1208 2502 1270 Sed
2531 1225 2644 1286 per
2676 1209 2890 1268 Jesum
2940 1207 3278 1277 Christum,
3317 1208 3832 1287 Tlieophylactus
3868 1210 4021 1270 huic

775 1301 913 1362 loco
939 1301 1158 1379 objicit
1191 1305 1363 1379 quod
1397 1312 1492 1363 est
1527 1303 1589 1361 in
1627 1303 1798 1364 Actis
1834 1309 2268 1382 apostolorum
2304 1323 2440 1382 cap.

2329 1323 2440 1382 :ap.
2476 1324 2619 1376 XIII,
2655 1307 2903 1376 dicens,
2942 1313 3049 1364 Καὶ
3083 1313 3191 1382 μὴν
3230 1313 3285 1365 αἱ
3320 1312 3552 1381 Πράξεις
3581 1315 3686 1366 ὑπὸ
3715 1315 3810 1368 τοῦ
3852 1316 4021 1367 [Ινεὺ-

776 1424 943 1476 ματος
972 1407 1222 1477 δηλοῦσιν
1253 1410 1412 1461 αὑτὸν
1433 1409 1813 1480 ἀφορισθῆναιο
1857 1402 1918 1465 id
1951 1411 2044 1464 est
2071 1423 2086 1462 τ
2145 1429 2169 1458 α
2210 1403 2404 1482 Atqui
2454 1439 2468 1463 Α

2327 1403 2404 1481 lui
2454 1407 2606 1463 Acta
2651 1401 3086 1479 apostolorum
3124 1418 3156 1460 a
3186 1401 3427 1477 Spiritu
3469 1410 3688 1463 sancto
3735 1403 4019 1464 indicant

773 1511 920 1554 eum
953 1507 1354 1576 segregatum
1391 1515 1556 1570 esse,
1595 1523 1622 1556 ιο
1661 1511 1808 1576 etc.,
1843 1504 2193 1564 Lonicerus
2237 1517 2407 1569 vero,
2444 1501 2522 1560 de
2567 1499 2744 1560 Pauli
2778 1500 3090 1576 Operibus
3130 1499 3527 1576 intelligens,
3565 1501 3658 1561 sic
3691 1511 3962 1562 verterat
4001 1525 4017 1564 :

773 1613 802 1647 α
843 1594 999 1669 Ipsa:
1035 1612 1133 1653 res
1178 1604 1371 1671 gestae
1399 1607 1457 1656 et
1485 1613 1674 1671 Opera
1707 1615 1738 1657 a
1772 1602 2010 1676 Spiritu
2045 1608 2261 1661 sancto
2295 1596 2569 1676 profecta
2614 1597 2917 1668 indicant,
2948 1619 2975 1651 ι
3002 1603 3150 1666 etc.,
3192 1612 3334 1673 quas
3373 1596 3522 1658 huic
3569 1595 3711 1659 loco
3749 1597 4018 1661 minime

774 1692 1167 1751 conveniunt
1227 1714 1240 1750 :
1306 1709 1421 1751 nec
1487 1710 1629 1771 quae
1687 1695 1898 1754 statim
1957 1703 2320 1775 sequuntur
2380 1695 2540 1756 hanc
2589 1691 2934 1752 admittunt
2991 1691 3639 1768 interpretationem;
3693 1697 4019 1758 subnectit

772 1790 943 1849 enim
983 1809 996 1847 :
1049 1810 1076 1844 ς(
1126 1789 1538 1863 Perspicuum
1578 1800 1671 1850 est
1711 1793 1904 1869 igitur
1944 1793 2116 1870 quod
2161 1793 2242 1852 sit
2279 1810 2402 1854 una
2450 1801 2510 1853 et
2552 1791 2774 1851 eadem
2817 1795 3091 1866 potestas
3137 1795 3198 1848 et
3240 1789 3442 1848 Patris
3493 1798 3551 1850 et
3591 1791 3738 1851 Filii
3775 1801 3834 1852 et
3880 1794 4019 1866 Spi-

771 1887 934 1947 ritus
967 1887 1548 1947 sancti.»-Similem
1583 1888 2009 1966 objectionem
2051 1889 2198 1951 facit
2234 1891 2310 1951 ad
2342 1891 2522 1951 Rom.
2561 1888 2792 1966 primo,
2826 1888 2916 1948 ibi
2951 1909 2964 1948 :
2999 1888 3122 1947 Per
3150 1905 3321 1965 quem
3351 1890 3698 1966 accepimus
3721 1894 4012 1969 gratiam.

773 1986 893 2044 Sed
949 1983 1218 2043 nimium
1264 1982 1362 2041 liis
1410 1984 1740 2045 immoror.
1794 1986 1854 2044 Si
1900 1988 2046 2064 quis
2088 1995 2295 2047 tamen
2350 2003 2429 2047 ex
2470 1985 2614 2046 aliis
2662 1985 2966 2060 Epistolis
3003 1987 3290 2063 qumdam
3352 1987 3701 2061 desideret,
3735 1988 4016 2050 conferat

778 2083 1055 2156 primum
1109 2089 1297 2157 caput
1353 2081 1428 2140 ad
1487 2080 1956 2157 Pliilippenses,
2007 2084 2114 2143 ubi
2166 2099 2292 2144 non
2353 2100 2550 2162 pauca
2603 2080 2806 2141 fuisse
2863 2079 3135 2142 multum
3195 2095 3492 2158 corrupta
3545 2083 4010 2161 deprehendet.

778 2177 1105 2254 EXpeudat
1157 2178 1307 2238 item
1367 2194 1510 2256 qum
1562 2178 2080 2256 'I'lieOphylactus
2128 2180 2193 2240 in
2238 2197 2384 2241 eum
2440 2177 2617 2238 Pauli
2679 2177 2886 2238 locum
2940 2175 3015 2236 ad
3065 2171 3678 2242 'I‘hessalonicenses
3729 2192 3955 2258 quarto
3998 2204 4014 2239 :

775 2276 918 2336 Non
961 2275 1265 2333 hominem
1313 2275 1579 2351 spernit,
1619 2273 1723 2333 sed
1769 2276 1980 2347 Deum,
2032 2276 2455 2352 pulcherrima
2506 2274 2870 2352 scripserat,
2909 2281 2971 2332 et
3017 2271 3368 2350 plurimum
3424 2275 3627 2337 fuisse
3667 2278 4016 2339 deformata

777 2374 1126 2448 comperiet
1163 2393 1177 2428 :
1223 2381 1284 2429 et
1330 2385 1616 2448 quaedam
1662 2373 1782 2431 sub
1827 2373 2011 2433 linem
2053 2374 2339 2452 ejusdem
2390 2371 2613 2447 capitis
2649 2369 2886 2430 omissa
2929 2365 3132 2430 fuisse
3173 2371 3545 2448 perspiciet.
3583 2376 3789 2451 Atque
3837 2374 4015 2436 illinc

784 2476 1060 2528 transeat
1092 2468 1166 2527 ad
1203 2466 1424 2543 primae
1469 2469 1543 2526 ad
1593 2467 1998 2528 Timotheum
2038 2479 2222 2546 caput
2264 2469 2538 2545 primum
2583 2488 2598 2527 :
2634 2476 2692 2528 et
2725 2466 2999 2542 glossam
3049 2467 3114 2526 in
3159 2465 3320 2528 illud
3364 2469 3569 2544 Pauli,
3607 2470 3729 2531 Sed
3770 2473 4015 2532 miseri-

776 2563 1052 2624 eordiam
1082 2572 1449 2622 consecutus
1471 2581 1626 2633 sum,
1653 2565 1800 2641 quia
1822 2565 2119 2641 ignorans
2148 2567 2289 2644 feci,
2325 2566 2622 2637 excutiat,
2658 2572 2718 2623 et
2747 2562 2811 2622 in
2845 2579 2970 2622 una
3018 2571 3078 2623 et
3109 2565 3328 2624 eadem
3362 2564 3574 2642 glossa
3633 2584 3761 2628 non
3806 2570 4007 2628 semel

780 2662 1023 2735 lapsum
1057 2660 1470 2736 interpretem
1502 2661 1765 2719 notabit.
1795 2663 1863 2721 In
1900 2662 2178 2737 Epistola
2218 2679 2363 2722 vero
2401 2663 2475 2723 ad
2511 2659 2947 2720 Philemonem
2979 2658 3154 2736 quod
3189 2669 3408 2720 contra
3444 2661 3632 2722 etiam
3675 2663 4014 2724 POrsenna)

781 2757 1147 2817 versionem
1199 2755 1388 2815 faciat
1439 2756 1741 2831 reperiet,
1797 2757 1903 2816 ubi
1966 2779 1978 2815 :
2025 2760 2385 2835 lmperandi
2438 2759 2610 2836 quod
2671 2758 2747 2816 ad
2811 2773 2942 2814 rem
3005 2758 3325 2832 pertinet;
3387 2760 3767 2818 contrariam
3825 2758 4012 2820 habet

777 2857 1181 2917 sententiam.
1217 2857 1564 2916 Pnrsennm
1606 2856 1778 2916 enim
1825 2859 2149 2932 accepisse
2199 2858 2449 2917 videtur
2478 2865 2539 2914 τὸ
2574 2864 2798 2930 ἀνῆκον.
2835 2856 3017 2936 quasi
3055 2871 3088 2904 α
3117 2855 3423 2930 privativa
3466 2858 3774 2932 particula
3816 2866 4011 2928 esset,

776 2972 922 3017 cum
975 2954 1260 3020 verterit,
1315 2950 1479 3030 quod
1521 2951 1602 3011 ad
1649 2970 1778 3011 rem
1829 2971 1957 3012 non
2005 2954 2320 3031 pertinet;
2374 2969 2504 3031 quo
2557 2970 2618 3011 In
2675 2971 2890 3013 errore
2957 2967 3250 3030 pergens,
3305 2957 3495 3011 totam
3553 2951 4010 3030 'l‘heophj'lacti

782 3053 1081 3128 pervertit
1118 3050 1640 3128 explicationem,
1674 3066 1816 3109 cum
1850 3055 2060 3126 potius
2094 3050 2486 3110 contrarium
2522 3050 2900 3123 signiﬁcaret
2935 3059 2994 3111 τὸ
3035 3059 3259 3124 ἀνῆκον,
3296 3065 3525 3125 nempe
3560 3052 3730 3128 quod
3764 3053 3839 3111 ad
3879 3069 4007 3110 rem

782 3153 1079 3226 pertinet,
1114 3150 1250 3211 sive
1278 3159 1337 3212 τὸ
1364 3161 1594 3230 πρέπον,
1629 3162 1694 3212 ut
1739 3152 1824 3210 ait
1861 3150 2113 3215 Suidus,
2152 3150 2267 3206 hoc
2310 3154 2403 3206 est
2446 3167 2474 3221 q

2314 3154 2403 3206 est
2446 3147 2616 3222 quod
2662 3149 2877 3220 decet,
2911 3146 3081 3225 quod
3115 3145 3639 3230 convenit,’sicut
3669 3158 3727 3210 τὸ
3762 3157 4006 3226 καθῆκον

781 3247 1054 3324 o/‘ﬁrium
1095 3247 1355 3310 dicitur.
1393 3261 1603 3329 ’Λνήκω
1636 3250 1803 3309 enim
1836 3260 1925 3308 est
1967 3247 2226 3315 attineo,
2274 3246 2473 3322 pertin

2313 3246 2578 3314 ertineo,
2615 3254 2847 3320 specto,
2886 3245 3050 3303 sicut
3087 3250 3333 3320 κιθήκω,
3372 3253 3658 3322 προσήκω,
3691 3249 4005 3318 convenio,

789 3353 1238 3404 consentaneus
1291 3365 1448 3407 sum.
1505 3348 1606 3408 Sic
1665 3342 2128 3405 Demosthenes
2186 3343 2293 3412 ait,
2335 3350 2404 3400 τὰ
2447 3351 2481 3397 εἰ

2335 3350 2404 3400 τὰ
2447 3348 2525 3410 εις
2568 3350 2765 3416 ἀρετὴν
2811 3349 3103 3418 ἀνήκοντα,
3144 3346 3219 3405 ad
3283 3341 3581 3401 virtutem
3637 3339 4006 3419 spectantia,

784 3440 1129 3516 interprete
1177 3443 1445 3517 Budteo;
1481 3460 1625 3521 qum
1672 3439 2052 3518 signiﬁcatio
2097 3437 2247 3498 huic
2301 3439 2437 3496 loco
2496 3435 2766 3495 maxime
2811 3441 3133 3502 convenit.
3177 3443 3294 3504 Sed
3344 3443 3422 3502 de
3467 3439 3659 3517 hujus
3713 3438 4009 3496 versione

780 3537 1052 3612 eleganti
1106 3539 1399 3617 quidem,
1453 3541 1566 3599 sed
1626 3555 1845 3616 parum
1904 3537 2052 3607 ﬁda,
2101 3535 2255 3594 satis
2312 3543 2495 3594 antea
2552 3535 2788 3592 dictum
2852 3547 3054 3610 puto;
3115 3541 3304 3600 finem
3362 3540 3578 3617 itaque
3634 3535 3834 3607 iacio,
3895 3552 4011 3595 nec

786 3635 1042 3693 verbum
1085 3635 1248 3695 addo
1299 3659 1314 3697 :
1368 3639 1477 3712 qui
1522 3635 1701 3714 plura
1749 3635 2093 3703 desiderat,
2147 3639 2348 3691 totum
2382 3646 2574 3708 Opus,
2620 3628 2673 3686 si
2711 3629 2907 3701 lubet,
2941 3631 3246 3708 conferat,
3278 3646 3361 3708 et,
3414 3636 3474 3694 ni
3522 3632 3726 3704 fallor,
3763 3631 4010 3692 labores

782 3741 1033 3792 nostros
1064 3731 1215 3793 boni
1247 3731 1564 3794 consulet.
1603 3733 1770 3791 Bene
1807 3733 1969 3803 vale,
2008 3728 2277 3790 candide
2311 3730 2552 3798 Lector,
2589 3734 2647 3785 et
2686 3725 2774 3786 tui
2813 3728 3092 3793 Montani
3129 3739 3393 3793 conatus
3427 3731 3556 3793 tuis
3591 3729 3826 3792 studiis
3860 3742 4012 3806 pro-

782 3825 969 3889 desse
1002 3828 1325 3905 cupientis
1359 3828 1423 3888 in
1458 3827 1690 3889 bonam
1724 3835 1986 3904 partem,
2020 3838 2266 3903 quaaso,
2307 3825 2547 3907 accipe.

861 3944 1150 4018 Lutetite,
1190 3964 1224 4008 e
1259 3961 1484 4008 musco
1523 3951 1740 4008 nostro
1767 3941 2182 4013 Tornacensi,
2217 3959 2308 4003 xu
2339 3946 2657 4015 Octobris.
2692 3963 2862 4006 anno
2897 3965 3095 4008 ιωωι.

2050 4319 2731 4436 MONITUM

1313 4590 1422 4676 Τ.
1501 4589 1881 4679 BAILII
1959 4586 2536 4680 EDITORIS
2613 4591 3471 4680 LONDINENSIS.

858 4862 1222 4914 Prmmaturus
1269 4859 1709 4914 doctissimorum
1753 4857 1932 4910 obitus
1979 4871 2140 4926 quam
2191 4858 2338 4925 gravi
2388 4853 2639 4909 Ecclesia:
2689 4853 3095 4918 studiorumque
3158 4851 3496 4905 incommodo
3538 4851 3754 4906 evenire
3795 4854 4010 4921 assolet,

787 4948 1161 5004 romlocelecit
1208 4963 1442 5016 nuperus
1475 4946 1910 5001 reverendissimi
1938 4947 2061 5007 viri,
2105 4952 2264 5012 atque
2301 4945 2445 4996 omni
2489 4941 2788 4994 litterarum
2829 4951 3026 5006 genere
3063 4937 3440 5002 excultissimi,
3486 4940 3685 4992 domini
3723 4943 4012 5008 Augustini

788 5037 1066 5098 Limtselli,
1104 5035 1342 5104 episcopi
1393 5033 1828 5097 Herelordensis,
1878 5033 2019 5086 inter
2062 5033 2234 5085 media
2281 5030 2498 5100 optimae
2547 5027 2713 5094 frugis
2757 5026 3028 5078 molimina
3072 5026 3303 5094 abrepti.
3349 5026 3517 5092 Quem
3571 5027 3640 5079 ita
3686 5028 4012 5081 exsdnctum

786 5128 945 5181 etiam
996 5124 1161 5194 igu0ti
1197 5121 1419 5176 ﬂebunt.
1455 5121 1525 5174 At
1565 5137 1695 5174 vero
1720 5123 1824 5175 mei
1867 5117 2104 5174 muneris
2141 5133 2260 5172 esse
2293 5117 2419 5170 duxi
2459 5118 2570 5184 (qui
2603 5116 2655 5168 in
2693 5113 2991 5168 istiusmodi
3035 5115 3224 5167 studiis
3270 5113 3342 5166 illi
3377 5115 3736 5178 iuservieritu)
3775 5125 4012 5176 nontam

791 5215 1096 5267 defunctum
1148 5214 1338 5282 ignavo
1381 5222 1573 5280 questu
1624 5210 1898 5279 prosequi,
1945 5223 2106 5276 quam
2155 5223 2274 5274 quae
2315 5207 2564 5266 voluerit,
2615 5204 2968 5265 meminisse;
3015 5216 3132 5269 qua:
3183 5203 3534 5263 mandaverit,
3583 5203 3826 5270 exsequi.
3877 5201 4012 5256 llinc

791 5304 1004 5353 animus
1032 5301 1160 5352 mihi
1210 5300 1624 5362 accendebatur,
1659 5298 1820 5351 hosce
1851 5295 2244 5364 Theopliylacti
2287 5293 2741 5356 Couuneutarios,
2774 5306 2909 5361 quos
2948 5292 3034 5343 ille
3063 5293 3201 5344 bono
3248 5291 3461 5359 publico
3494 5293 3886 5354 destinaverat,
3917 5307 4014 5359 pro

793 5392 1164 5442 mediocritate
1215 5404 1332 5440 mea
1377 5389 1554 5454 potius
1603 5387 1872 5447 excolere,
1918 5400 2074 5452 quam
2125 5400 2229 5437 una
2284 5399 2404 5437 cum
2455 5383 2569 5450 ipso
2620 5383 2868 5449 sepelire.
2937 5378 3152 5433 Priores
3204 5379 3371 5446 ipsius
3421 5394 3579 5433 curas
3633 5389 3794 5448 atque
3847 5381 4010 5434 etiam

791 5477 1057 5528 SCCIIIHLIS
1096 5478 1300 5539 experti
1337 5487 1490 5526 erant
1529 5491 1540 5525 :
1583 5489 1771 5524 luamus
1802 5483 2004 5522 tantum
2036 5473 2220 5523 deerat
2246 5485 2520 5536 suprema.
2558 5470 2706 5524 Untlc
2747 5471 2868 5522 licet
2909 5469 3154 5522 fortassis
3192 5469 3330 5521 haud
3360 5485 3526 5537 usque
3557 5469 3686 5522 adeo
3713 5468 4008 5532 absolutos,

795 5578 896 5616 no-n
930 5573 1107 5613 tamen
1143 5561 1361 5612 omnino
1392 5561 1664 5625 neglectos
1699 5560 1912 5625 prodire
1947 5558 2268 5624 comperies.
2320 5557 2774 5610 Desri-ibebautur
2814 5576 2841 5608 e
2888 5567 3095 5610 vetusto
3131 5559 3316 5609 codice
3354 5557 3718 5623 manusrripto
3763 5556 4012 5608 illustris-

793 5653 911 5702 Silllt
944 5648 1157 5701 comitis
1197 5648 1563 5710 Aruudeliani,
1597 5647 1798 5712 Anglia:
1833 5647 2209 5709 Illal'eSClI-Illi,
2261 5646 2359 5698 viri
2397 5657 2452 5696 ut
2511 5646 2734 5710 antiquo
2780 5652 3083 5706 stemmate,
3127 5643 3198 5695 ita
3244 5644 3418 5712 polita:
3467 5644 3798 5709 antiquitatis
3835 5645 4015 5695 studi.»

796 5739 828 5788 d
864 5739 1084 5790 cuitali.
1115 5735 1239 5788 Post
1273 5736 1617 5802 apograplion
1648 5747 1767 5784 cum
1795 5743 2080 5800 protmypo
2110 5729 2338 5784 ﬁdeliter
2368 5732 2738 5788 commissum,
2773 5735 2837 5782 ad
2873 5746 3034 5780 utinm
3067 5741 3120 5782 et
3148 5729 3374 5782 alterum
3403 5732 3679 5797 exemplar
3704 5727 4015 5781 Omnivine

793 5825 1040 5878 instituta
1080 5835 1160 5877 est
1185 5821 1487 5890 castigatio.
1535 5819 1651 5883 Qua
1692 5821 1742 5871 in
1784 5836 1839 5873 re
1880 5831 2137 5886 quantum
2179 5819 2263 5874 ille
2299 5818 2420 5871 lidei
2461 5821 2844 5887 industriaeque
2890 5821 3168 5887 praestitit,
3203 5821 3445 5872 testando
3483 5829 3642 5873 erunt
3675 5820 3770 5871 viri
3807 5819 3872 5872 ad
3901 5816 4016 5872 ele-
