4284 6450
322 435 430 506 329
1625 420 2187 486 PREFATIONES.
3455 427 3557 498 330

323 551 627 621 astutiorem
656 542 960 600 doctrinam
996 538 1145 603 lacti,
1183 534 1421 590 Thomas
1448 533 1672 604 Triplet,
1711 535 1922 587 amicus
1966 534 2094 586 mihi
2138 533 2352 596 utiicus,
2393 540 2445 586 et
2490 529 2732 588 Joannes
2762 534 3098 605 Gregorius;
3129 551 3264 606 quos
3296 538 3349 591 in
3377 552 3556 607 poste-

329 615 492 690 riuris
521 631 846 700 exemplaris
875 626 1160 681 collatione
1183 624 1285 678 sibi
1321 615 1619 692 συνεργοὺς
1659 621 1871 675 ascivit.
1912 619 2236 673 Cmterarum
2281 620 2482 674 scilicet
2517 622 2655 675 illius
2700 637 2950 676 curarum
2998 640 3094 695 ego
3124 628 3238 695 ipse
3281 629 3556 689 conscius,

327 723 622 777 editionem
666 720 825 772 istam
860 714 925 768 ad
960 720 1193 768 mentem
1230 708 1368 777 ejus,
1400 719 1661 780 quantum
1691 717 1833 776 pote,
1867 707 2144 762 adornari.
2183 706 2563 776 Discrepantes
2604 710 2850 766 codicum
2884 712 3163 780 lectiones,
3196 715 3553 784 appinguntur

313 825 458 864 sarem
493 806 794 877 marginali.
828 805 1134 859 Asteriscus
1157 801 1446 856 dictionem
1479 796 1724 866 loquitur
1753 797 1819 849 ab
1854 805 1960 849 un‘o
1994 803 2088 849 aut
2115 795 2287 850 altero
2311 798 2496 851 codice
2524 800 2820 868 absentem,
2847 811 3012 869 atque
3045 805 3161 856 sine
3194 821 3386 873 magno
3420 821 3547 860 seu-

317 898 502 951 tentia:
531 894 856 949 detrimento
885 889 1189 946 delebilem.
1227 889 1352 942 'Ia.
1390 894 1592 938 tessera
1632 890 1716 938 est
1743 882 2089 963 conjecturae.
2131 884 2216 937 cui
2253 886 2468 954 parcius
2496 886 2834 952 indulsimus,
2866 905 2972 957 quo
3008 890 3101 944 tibi
3129 890 3354 947 facultas
3385 895 3553 962 magis

325 987 534 1052 integra
571 981 871 1050 iudicandi.
919 978 1108 1032 Latina
1149 977 1364 1046 quidem
1406 973 1583 1027 versio
1617 982 1702 1027 est
1744 972 1968 1040 Philippi
2017 970 2294 1039 Montani;
2339 988 2523 1028 verum
2561 974 2757 1043 ubique
2796 980 2926 1033 adeo
2965 994 2994 1032 a
3032 980 3188 1034 nobis
3231 982 3550 1051 interpolata

325 1085 487 1136 atque
520 1070 587 1122 ad
621 1069 934 1122 Graecorum
969 1064 1250 1120 veritatem
1283 1068 1568 1124 revocata,
1600 1068 1657 1114 ut
1689 1059 1770 1130 (si
1811 1073 1904 1126 per
1927 1072 2118 1125 operas
2150 1065 2563 1131 typographicas
2601 1064 2844 1119 licuisset
2876 1068 3176 1135 importune
3217 1069 3552 1126 festinabatu-

324 1147 463 1229 das)
500 1158 679 1210 minus
704 1153 919 1208 taedium
949 1153 1088 1208 iuret
1111 1164 1264 1206 novae
1293 1144 1513 1220 prorsus
1546 1147 1867 1204 condendae.
1901 1145 1954 1199 Id
1978 1148 2120 1217 quod
2162 1149 2626 1208 committentibus
2657 1153 2902 1223 liquebit.
2939 1154 3088 1212 Vale.

1337 1347 1668 1364 *ἡ

2338 1350 2695 1364 *ι*

1607 1520 2244 1612 ANNOTATA

1077 1719 1228 1779 PRO
1259 1719 1616 1780 SINGULIS
1647 1715 2212 1779 EPISTOLARUM
2262 1720 2800 1786 ARGUMENTIS.

389 2053 470 2106 Ad
511 2049 869 2104 Romanos-ex
908 2042 1160 2101 Corintho
1207 2041 1387 2096 scribit
1426 2040 1722 2110 Apostolus,
1749 2055 1879 2104 quos
1912 2051 1955 2106 Α
1986 2042 2315 2109 mysterium,
2342 2040 2431 2092 sed
2455 2051 2684 2108 perstare
2711 2059 2740 2093 a
2773 2041 2963 2095 sa’culo
2995 2059 3013 2096 :
3041 2056 3085 2097 et
3114 2045 3222 2099 alia
3249 2049 3415 2103 multa
3440 2066 3558 2121 qua:

317 2142 550 2198 nondum
579 2140 800 2203 uiderat,
847 2135 1043 2191 visendi
1079 2133 1617 2202 tamen'percupidus,
1664 2133 1786 2201 quia
1819 2131 1884 2185 de

317 2240 399 2290 his
438 2237 603 2288 multa
633 2238 923 2297 acceperat,
947 2243 1167 2298 quorum
1195 2236 1243 2280 et
1281 2226 1572 2294 suscipit/et
1604 2223 1788 2277 laudat
1813 2225 1882 2294 ﬁ-

316 2327 454 2388 dem,
495 2331 547 2374 ut
583 2336 738 2387 quam
769 2319 918 2372 sciret
949 2317 1090 2385 fama
1117 2326 1162 2369 et
1197 2315 1399 2367 nomine
1427 2313 1671 2367 celebrem
1695 2323 1743 2367 et
1765 2313 1883 2366 ubi-

317 2432 416 2484 que
445 2413 704 2481 vulgatam
737 2425 755 2463 :
787 2420 833 2463 et
883 2411 960 2477 (ut
1013 2418 1198 2460 cratera
1251 2389 1512 2476 omittam)
1552 2407 1617 2459 de
1655 2406 1883 2476 gentium

318 2506 584 2558 vocatione
619 2504 872 2571 copiosius
897 2501 1126 2554 disserit.

391 2618 505 2672 Nec
537 2633 684 2670 secus
718 2632 781 2669 ex
806 2615 1009 2683 Epheso
1042 2616 1112 2669 ad
1134 2614 1432 2670 Corinthios
1453 2618 1635 2670 scribit
1676 2615 1886 2685 Episto-

318 2713 447 2773 lam,
476 2710 594 2761 illos
626 2708 904 2776 objurgans
950 2709 1088 2776 quod
1136 2707 1416 2773 plurimum
1458 2709 1593 2761 inter
1621 2725 1676 2762 se
1721 2710 1880 2762 dissi-

317 2803 521 2864 derent,
552 2810 601 2853 et
638 2801 954 2867 primarium
985 2802 1262 2864 quemdam
1303 2815 1330 2852 e
1358 2800 1468 2854 suis
1497 2817 1602 2853 rem
1645 2817 1762 2854 cum
1794 2817 1885 2855 no-

318 2908 468 2944 verca
525 2890 796 2943 habentem
849 2889 979 2942 satis
1027 2887 1378 2957 negligerent,
1439 2890 1717 2960 vellentque
1787 2893 1882 2947 sub

318 2983 586 3034 ca'libatus
616 2989 870 3050 prwtextu
902 2980 1139 3032 nonnulli
1158 2980 1377 3032 divortia
1401 2980 1594 3046 facere,
1619 2993 1666 3035 et
1694 2998 1882 3036 uxores

319 3074 648 3141 relinquere:
684 3081 729 3124 et
770 3071 918 3124 multi
957 3072 1256 3139 idolothytis
1301 3081 1670 3127 vescerentur:
1697 3084 1742 3128 et
1789 3075 1884 3128 alii

318 3166 518 3218 ceteris
551 3164 703 3233 plane
726 3165 1153 3233 contemptis,eos
1185 3165 1444 3216 duntaxat
1473 3164 1880 3232 demirarentur,

317 3263 411 3331 qui
454 3272 622 3316 essent
657 3261 951 3330 linguarum
987 3261 1215 3329 gratiam
1261 3265 1522 3314 consecuti
1550 3277 1571 3317 :
1600 3272 1690 3327 et,
1743 3263 1880 3331 quod

1990 2134 2060 2184 ad
2093 2131 2185 2183 hos
2217 2132 2269 2182 in
2299 2130 2405 2196 ﬁde
2432 2129 2717 2196 ﬁrmandos
2760 2134 2985 2186 maxime
3023 2135 3250 2201 faciunt.

2061 2246 2141 2298 Ad
2181 2243 2540 2314 Philippenses
2583 2248 2792 2314 insuper
2829 2249 3033 2303 litteras
3083 2241 3241 2305 mittit
3280 2270 3345 2307 ex
3386 2255 3556 2321 Urbe,

1989 2354 2117 2404 quos
2156 2338 2360 2389 adierat
2395 2353 2540 2402 sane,
2574 2348 2620 2390 et
2658 2339 2725 2391 ad
2757 2339 2910 2404 ﬁdem
2949 2343 3298 2398 instruxerat.
3331 2345 3426 2399 llis
3459 2349 3560 2399 ita-

1989 2445 2086 2498 que
2122 2428 2295 2481 Paulo
2341 2427 2441 2496 ipsi
2491 2438 2540 2480 et
2598 2429 2791 2482 sanctis
2841 2431 3101 2484 nonnullis
3144 2435 3560 2489 ministrantibus

1991 2522 2310 2582 necessaria,
2336 2522 2503 2572 exorti
2533 2532 2653 2574 sunt
2672 2522 2906 2590 quidam,
2939 2526 3028 2592 qui
3053 2528 3227 2591 pravis
3253 2531 3561 2596 persuasio.

1989 2616 2161 2674 nibus,
2195 2623 2241 2665 et
2281 2613 2374 2665 sub
2404 2612 2530 2679 legis
2560 2615 2744 2666 umbra
2785 2625 2830 2666 et
2862 2616 3254 2672 circuncisionis
3303 2621 3515 2674 obtentu
3541 2661 3557 2682 ,

1988 2705 2301 2771 simplicium
2331 2706 2678 2774 quorumdam
2709 2722 3088 2775 corrumperent
3127 2728 3300 2777 aures,
3326 2730 3563 2767 asseren-

1989 2808 2062 2851 tes
2097 2799 2349 2850 neminem
2384 2813 2530 2857 posse
2559 2799 2803 2866 sinealege
2823 2800 3142 2868 justiﬁcari.
3176 2804 3328 2867 Quod
3357 2804 3560 2860 Paulus

1989 2893 2233 2954 audiens,
2261 2888 2679 2957 Philippenstum
2701 2897 2865 2958 primo
2887 2893 3040 2959 ﬁdem
3075 2897 3280 2963 probat,
3307 2908 3355 2950 et
3382 2915 3561 2950 eorum

1990 3003 2043 3040 se
2067 2987 2367 3038 memoriam
2397 2987 2583 3039 habere
2608 2987 2742 3040 inter
2769 2990 3082 3054 precandum
3113 2990 3309 3058 fatetur
3335 3009 3560 3045 comme-

1991 3088 2264 3146 moratque
2289 3079 2725 3148 quemadmodum
2747 3079 2925 3133 Ilomw
2954 3097 3062 3133 sese
3086 3099 3146 3134 ac
3178 3081 3374 3135 Christi
3401 3083 3557 3150 ﬁdem

1991 3178 2186 3222 tutatus
2225 3171 2312 3232 sit,
2354 3178 2400 3223 et
2448 3170 2536 3237 qui
2570 3181 2817 3237 prceterea
2848 3172 3048 3226 molesti
3083 3175 3182 3226 sibi
3232 3175 3285 3227 in
3337 3175 3558 3230 uinculis

1989 3261 2202 3330 fuerint.

319 3366 430 3405 erat
461 3351 840 3416 detestabilius,
872 3367 1195 3420 nequaquam
1222 3352 1487 3405 crederent
1518 3352 1744 3405 humana
1770 3369 1885 3406 cor—
1911 3367 1959 3426 Β

1862 3367 1959 3426 ’Β
2058 3369 2448 3426 Colossensibus
2487 3372 2642 3425 etiam
2699 3390 2762 3427 ex
2820 3372 2958 3429 Urbe
2985 3377 3185 3432 litteras
3233 3379 3554 3449 impertitur,

319 3459 450 3507 pora
487 3450 600 3508 post
631 3453 847 3494 mortem
888 3450 1263 3494 resurrectura.
1297 3441 1376 3493 Ad
1405 3443 1608 3494 eosdem
1649 3445 1888 3510 deinceps

319 3543 370 3586 et
401 3535 564 3586 aliam
609 3549 672 3586 ex
721 3532 1029 3586 Macedonia
1077 3532 1277 3597 scribit,
1323 3533 1534 3599 quando
1575 3534 1781 3602 quidem
1826 3551 1892 3588 ex

320 3627 493 3692 priore
525 3624 810 3691 plurimunt
841 3623 1178 3691 profecissent
1204 3638 1225 3676 :
1251 3624 1436 3693 quippe
1465 3641 1594 3693 quos
1619 3626 1889 3692 paeniteret

320 3716 506 3768 tandiu
545 3716 880 3782 fornicantem
928 3714 1075 3768 illum
1117 3715 1324 3779 tulisse,
1362 3717 1451 3767 sed
1484 3718 1677 3784 arrepti
1703 3718 1888 3772 deinde

319 3807 834 3859 settitiosissimurum
862 3807 1125 3858 hominum
1158 3821 1432 3872 persuasu,
1458 3806 1584 3875 legis
1618 3808 1883 3861 duntaxat

320 3899 510 3950 litterae
531 3897 862 3961 inIueserunt,
881 3897 1260 3964 indi/ferentem
1277 3899 1634 3953 existimantes
1657 3906 1888 3971 gratiam

320 4005 438 4055 quae
471 4006 502 4040 a
528 3989 735 4041 Christo
761 3999 890 4041 esset
923 3989 978 4046 in
1010 3988 1202 4043 multos
1238 3990 1432 4043 collata
1457 4007 1476 4045 .°
1497 3992 1620 4060 quin
1651 3996 1807 4047 etiam
1838 4006 1886 4048 et

321 4091 666 4147 praceptores
707 4082 991 4133 admodum
1023 4081 1368 4148 jactitabant,
1413 4093 1462 4136 et
1509 4084 1690 4154 gloria:
1729 4089 1888 4141 duce-

323 4171 469 4236 bant,
498 4187 617 4224 cum
648 4172 832 4239 Apollo
862 4172 1042 4225 rellent
1072 4174 1148 4226 vel
1179 4171 1374 4243 Cephte
1404 4186 1578 4242 partes
1619 4180 1801 4241 tutari,
1835 4180 1889 4232 id

322 4273 392 4315 est
407 4277 561 4314 suum
577 4262 794 4330 quisque
811 4278 958 4328 quem
983 4272 1270 4316 sectaretur
1283 4268 1552 4330 extollere,
1569 4270 1705 4322 unde
1724 4269 1888 4323 multa
1908 4294 1915 4300 -

322 4363 466 4402 erant
495 4352 632 4403 inter
660 4355 753 4403 hos
783 4350 961 4403 oborta
987 4350 1209 4404 dissidia
1235 4356 1482 4423 {alioqui
1510 4359 1564 4410 in
1588 4367 1884 4412 sanctorum

324 4442 626 4494 alimoniam
665 4443 871 4494 abunde
901 4453 948 4494 et
978 4439 1263 4497 liberaliter
1292 4447 1642 4513 conferebant.

394 4551 478 4606 Ex
502 4551 671 4606 Roma
703 4555 772 4604 ad
799 4552 1018 4606 Galatas
1045 4554 1249 4609 litteras
1273 4556 1437 4610 dedit.
1466 4556 1577 4612 Hos
1605 4560 1743 4613 enim
1767 4578 1882 4616 cum

322 4655 478 4698 antea
516 4646 584 4698 ad
611 4645 766 4714 ﬁdem
802 4661 958 4715 quam
999 4648 1189 4713 Optime
1228 4648 1595 4714 instruxisset,
1629 4661 1676 4704 et
1711 4655 1882 4706 credi-

321 4739 514 4791 disserit
544 4755 603 4791 eo
630 4740 946 4807 pra’dicante
973 4741 1028 4792 in
1058 4739 1325 4794 Christum
1364 4740 1549 4796 Jesum
1574 4783 1589 4808 ,
1620 4755 1733 4810 post
1770 4747 1882 4814 ejus

322 4829 604 4879 discessum
638 4843 757 4879 mox
800 4827 959 4894 lapsi,
997 4829 1346 4897 improborum
1391 4834 1656 4888 hominum
1701 4854 1883 4906 sugge-

323 4922 489 4969 stione
516 4927 570 4969 ut
607 4934 660 4969 se
690 4917 1120 4971 circumciderent
1148 4921 1398 4988 compulsi
1421 4932 1561 4976 sunt.
1601 4926 1751 4988 Quod
1781 4929 1885 4979 uti-

318 5021 416 5073 que
449 5004 651 5058 Paulus
678 5021 812 5072 trgre
841 5006 1030 5072 ferens,
1063 5009 1185 5073 quia
1212 5019 1400 5073 prmter
1423 5022 1570 5065 suam
1595 5013 1882 5068 instizutio-

322 5113 438 5148 nem
469 5098 712 5164 egissent,
746 5098 953 5151 incusat
995 5100 1169 5152 acrius
1199 5104 1338 5169 quod
1374 5119 1427 5156 se
1453 5103 1722 5159 celerrime
1752 5107 1879 5161 adeo

321 5191 387 5239 im
396 5205 440 5239 nt
449 5195 697 5241 ulassenl.

394 5299 478 5354 Ex
514 5300 651 5354 Urbe
691 5313 944 5369 praterea
991 5314 1039 5356 et
1079 5307 1148 5358 ad
1195 5305 1445 5375 Ephesios
1484 5313 1682 5376 scribit,
1741 5316 1880 5368 haud

319 5393 444 5444 dum
480 5401 652 5442 tamen
676 5407 764 5456 per
789 5409 841 5444 se
869 5394 1059 5456 adrtos,
1101 5395 1192 5446 sed
1215 5397 1478 5451 auditione
1505 5399 1672 5451 solum
1703 5417 1875 5467 perce-

317 5493 432 5548 ptas
470 5480 646 5548 fideles
680 5497 807 5548 esse,
842 5491 894 5534 et
929 5480 1191 5536 Christum
1219 5484 1399 5538 Jesum
1427 5489 1617 5552 Optime
1647 5492 1869 5556 credere,

313 5588 362 5628 et
394 5576 528 5626 mira
570 5575 796 5636 quadam
831 5575 882 5627 in
929 5587 1134 5628 sanctos
1180 5593 1354 5630 omnes
1407 5580 1539 5648 affici
1588 5582 1874 5648 charitate,

316 5668 516 5733 alioqui
554 5683 586 5717 a
617 5683 670 5719 se
699 5681 973 5735 percupere
1007 5669 1059 5720 in
1087 5670 1188 5734 [ide
1211 5671 1307 5721 hac
1338 5674 1582 5725 stabiliri.
1620 5674 1875 5736 Quocirca

313 5770 361 5811 et
414 5760 507 5810 hos
553 5774 644 5826 per
692 5759 892 5816 litteras
942 5760 1192 5825 instruit,
1248 5764 1420 5829 aitque
1474 5766 1871 5837 haudquaquam

313 5849 724 5904 commentitium
753 5865 886 5913 esse,
927 5860 1018 5903 aut
1065 5869 1226 5919 nupcr
1254 5855 1509 5908 inventum
1546 5859 1639 5911 hoc
1681 5861 1873 5916 Chiixti

683 5950 944 6008 Ριτκοί..
990 5953 1100 6010 Gn,
1151 5952 1415 6012 CXXIV.

1990 3463 2176 3528 quippe
2194 3479 2322 3532 quos
2350 3474 2574 3516 cerneret
2596 3479 2686 3532 per
2715 3466 2943 3520 homines
2961 3471 3219 3536 captioso:
3246 3479 3293 3523 et
3311 3471 3558 3526 subdolos

1991 3554 2141 3622 falsis
2180 3557 2492 3624 quibusdam
2546 3559 2863 3625 argumentis
2897 3561 3299 3617 circumventum
3344 3567 3432 3629 iri,
3465 3568 3557 3636 qui

1991 3647 2188 3701 Christi
2216 3649 2367 3716 fidem
2402 3652 2726 3714 apertissime
2768 3650 2964 3706 Cra'cis
3011 3658 3231 3723 argutiis
3278 3659 3555 3728 impugna-

1991 3748 2126 3803 rent,
2155 3755 2271 3792 cum
2303 3740 2430 3810 legis
2478 3742 2713 3794 umbram
2757 3756 2804 3797 et
2840 3762 2985 3799 escas
3026 3739 3557 3806 vetitai'sectarentur

1989 3841 2034 3882 et
2060 3833 2506 3885 circumcisionem
2533 3834 2793 3902 efferrent.

2060 3947 2144 3998 Ex
2175 3946 2391 3999 Athenis
2418 3963 2536 4000 vero
2569 3937 3131 4003 Thessalonicensibus’
3153 3949 3330 4005 scribit
3357 3993 3370 4017 ,
3415 3958 3558 4023 apud

1989 4049 2116 4103 quos
2149 4047 2302 4088 antea
2333 4037 2505 4104 fuerat
2557 4041 2755 4093 diutius
2796 4054 3146 4096 commoratus
3179 4054 3274 4098 :et
3309 4049 3556 4115 quoniam

1989 4117 2156 4180 inulta
2196 4145 2309 4180 cum
2343 4130 2396 4180 in
2446 4130 2649 4190 Verria.
2698 4143 2805 4186 tum
2840 4133 3162 4191 Macedoniae
3195 4139 3403 4193 civitate
3429 4141 3555 4194 Phi-

1988 4217 2164 4286 lippis,
2192 4231 2298 4271 tum
2328 4219 2569 4273 Corinthi
2591 4231 2638 4274 et
2661 4221 3038 4280 Thessalonica:
3059 4228 3228 4295 fuerat
3258 4243 3548 4296 perpessus,

1988 4309 2178 4362 veritus
2218 4324 2280 4360 ne
2314 4308 2388 4361 vel
2418 4326 2480 4362 ex
2507 4313 2616 4364 suis
2650 4316 2904 4377 pressaris
2933 4316 3014 4368 illi
3041 4319 3220 4384 offensi
3253 4322 3394 4373 haud
3421 4326 3554 4376 satis

1988 4400 2201 4452 stabiles
2241 4399 2433 4466 forent,
2465 4402 2537 4454 vel
2571 4419 2784 4458 rnmrore
2815 4408 2977 4460 nimio
3020 4409 3080 4460 ob
3115 4425 3327 4463 suorum
3375 4430 3401 4466 e
3450 4416 3554 4467 vita

1986 4495 2269 4546 discessum
2299 4493 2696 4558 conﬁcerentur,
2727 4515 2828 4565 quo
2855 4502 3030 4566 patrio
3067 4518 3208 4557 more
3229 4522 3276 4558 cr
3291 4519 3363 4559 rte
3390 4508 3556 4571 pluri-

1985 4601 2124 4637 mum
2166 4590 2512 4655 angebantur,
2562 4586 2884 4641 Timotheum
2938 4607 3051 4643 cunt
3101 4596 3320 4658 epistola
3365 4599 3437 4650 ad
3465 4616 3551 4652 eos

1986 4675 2209 4741 dimisit,
2249 4691 2300 4730 ut
2334 4679 2384 4731 in
2414 4678 2514 4746 ﬁde
2556 4677 2976 4746 obﬁrmarentur,
3019 4699 3080 4735 ne
3107 4699 3363 4752 quoquam
3399 4703 3550 4752 pacto

1989 4769 2052 4821 ab
2085 4785 2144 4820 ea
2173 4772 2540 4833 desciscerent,
2572 4772 2676 4822 sive
2712 4772 2814 4838 ipsi
2843 4773 3236 4840 aﬂlictarentur,
3271 4779 3377 4829 sire
3417 4781 3546 4831 alios

1987 4871 2252 4912 cernerent
2292 4861 2530 4928 aﬁiictari
2575 4863 2964 4931 :hortaturque
3008 4876 3063 4917 ut
3111 4867 3356 4921 ducerent
3390 4872 3546 4927 vitam

1985 4951 2418 5016 quemadmodum
2454 4969 2484 5004 a
2513 4969 2567 5006 se
2594 4956 2924 5019 accepissent.
2961 4955 3366 5026 Commonefacit
3399 4962 3546 5012 insu—

1985 5057 2094 5109 per,
2130 5057 2190 5093 ne
2227 5046 2457 5111 graviter
2506 5045 2674 5107 ferant
2727 5048 3055 5098 morientium
3093 5065 3268 5101 casum
3295 5086 3310 5112 ,
3355 5064 3400 5102 et
3437 5055 3544 5104 alia

1984 5135 2244 5203 pleraque.
2279 5135 2357 5187 Ad
2387 5140 2594 5191 eosdem
2620 5140 2814 5192 idcirco
2843 5157 2904 5192 cx
2934 5139 3067 5194 Urbe
3095 5152 3142 5194 et
3175 5145 3336 5195 aliam
3361 5147 3541 5197 scribit

1995 5226 2306 5295 lipistolam,
2329 5229 2452 5295 quia
2487 5235 2625 5298 apud
2646 5247 2729 5283 eos
2760 5244 2904 5284 erant
2926 5235 3160 5288 nonnulli
3188 5239 3445 5305 segniores
3474 5241 3541 5292 ad

1986 5317 2193 5382 bonum,
2235 5329 2280 5370 et
2311 5321 2504 5372 nullius
2534 5323 2776 5374 momenti
2811 5325 2924 5383 viri,
2965 5327 3051 5392 qui
3081 5327 3214 5379 alios
3254 5332 3387 5380 mira
3430 5342 3542 5384 arte

1978 5408 2246 5476 fallebant,
2291 5419 2582 5462 astruentes
2610 5411 2839 5479 jumjam
2888 5419 3083 5467 instare
3113 5416 3304 5470 Christi
3344 5419 3540 5470 adi-cn-

1983 5510 2111 5560 tum,
2141 5500 2290 5568 cujus
2322 5512 2366 5554 et
2395 5499 2615 5554 Paulum
2645 5502 2778 5568 falso
2824 5510 3147 5559 testabantur
3178 5521 3461 5574 auctorem,
3493 5518 3542 5565 ct

1984 5606 2092 5643 sese
2123 5592 2256 5645 idem
2286 5594 2580 5662 cognovisse
2603 5610 2692 5662 per
2718 5597 2972 5662 Spiritum
3005 5600 3353 5666 affirmabant.
3381 5605 3542 5670 Cujus

1987 5683 2060 5734 rei
2087 5684 2275 5735 certior
2310 5684 2476 5752 factus
2508 5686 2807 5750 Apostolus,
2841 5705 2930 5754 per
2972 5689 3172 5744 litteras
3214 5690 3544 5744 ΤΙεωθαΙυηὸ-

1984 5772 2209 5824 censium
2238 5776 2406 5837 primo
2439 5777 2718 5830 adauctam
2755 5777 2908 5845 [idem
2949 5781 3238 5848 collaudat,
3281 5794 3327 5834 et
3373 5784 3542 5850 gloria

1983 5867 2123 5918 ducit
2158 5867 2296 5933 quod
2331 5867 2520 5922 Christi
2562 5873 2622 5924 ob
2666 5875 2887 5940 gratiam
2932 5874 3148 5927 viriliter
3179 5874 3367 5941 ferrent
3405 5891 3545 5946 pres-

3110 5974 3169 6030 11
