4284 6450
297 383 402 445 333
1625 372 2186 432 PREFATIONES.
3418 363 3519 431 335-

297 493 622 557 versionis
661 497 948 551 tenorem
999 487 1309 548 intactum
1359 485 1750 563 relinquant.
1793 488 2130 548 Nonnuitze
2174 496 2382 548 tamen
2433 494 2582 546 sunt
2619 486 2807 560 paulo
2866 483 3196 556 fusiores;
3251 499 3523 561 quarum

297 590 584 651 Latinam
640 584 1008 645 versionem
1061 599 1093 642 a
1143 583 1310 642 dicto
1357 581 1685 642 Bonifacio
1725 583 1956 641 Fine'ui
2015 585 2234 640 factam
2281 601 2402 642 non
2451 581 3050 659 praetemnittimus;
3101 588 3209 641 sed
3264 597 3400 641 eam
3447 598 3520 640 au

295 689 532 747 calcem
570 684 818 760 paginas
857 679 1185 757 ponimus,
1236 695 1316 737 ne
1349 678 1632 752 ipsarum
1684 679 2063 737 variantium
2124 680 2467 738 it'lttUnill’D
2514 679 2748 737 seriem
2809 678 3173 755 initumque
3229 679 3519 738 ordinem

296 781 856 854 abrumperemus.
912 775 1002 834 Ex
1033 771 1390 834 fusioribus
1438 772 1613 834 hisce
1649 774 2046 835 variantibus
2096 777 2478 836 lectionibus
2511 774 2649 834 aliis
2688 782 2837 834 sunt
2894 773 3064 832 velut
3095 776 3382 850 quaedam
3420 779 3526 836 atl-

295 879 671 946 ditamenta,
707 891 851 952 quae
887 870 1011 950 ipsi
1048 872 1261 932 textui
1305 871 1476 930 edito
1529 870 1730 932 inseri
1786 887 2067 939 possent,
2105 890 2382 948 curvique.
2436 870 2786 947 pleniorem
2843 871 3150 943 reddere;
3201 871 3343 933 alia;
3375 889 3526 934 vero

299 979 447 1032 sunt
503 969 717 1047 potius
756 968 1028 1027 diversae
1071 966 1532 1040 expositiones,
1576 975 1684 1026 aut
1718 984 1951 1025 rzemmi
1995 978 2182 1027 etmn;
2236 969 2439 1032 quoad
2492 984 2777 1035 sensum,
2831 968 2936 1025 sed
2994 967 3203 1026 verbis
3249 968 3526 1029 diversis

302 1081 663 1141 expressae;
701 1071 760 1124 et
797 1063 1057 1140 quidem
1095 1062 1282 1121 modo
1312 1062 1658 1138 ampliores
1702 1061 2220 1137 expositionibus
2260 1073 2470 1121 textus
2519 1061 2710 1131 editi;
2765 1062 2950 1119 modo
2997 1064 3346 1134 breviores,
3385 1081 3527 1142 quze

300 1161 551 1221 scilicet
613 1167 852 1220 textum
911 1157 1154 1218 editum
1223 1157 1419 1218 veluti
1485 1158 1866 1233 compendio
1922 1166 2247 1218 exhibent.
2311 1158 2724 1233 Perspicuum
2793 1157 3030 1218 idcirco
3091 1168 3209 1232 est,
3277 1161 3525 1221 codices

303 1259 647 1334 plerosque
680 1255 792 1333 qui
831 1254 948 1316 hos
981 1255 1486 1316 Commentarios
1521 1255 1877 1320 continent.
1918 1254 2431 1331 interpolatrices
2472 1274 2694 1316 manus
2734 1265 3029 1333 expertos
3064 1276 3202 1318 esse
3241 1281 3253 1319 :
3303 1277 3518 1339 neque

303 1353 476 1412 enim
539 1353 675 1413 ﬁeri
733 1358 942 1430 potest
985 1359 1052 1412 ut
1110 1359 1232 1411 tam
1287 1350 1614 1410 breviores
1658 1367 1847 1427 quam
1913 1350 2191 1411 fusiores
2251 1353 2686 1430 expositiones
2744 1352 3112 1430 liujnsmodi
3175 1356 3251 1414 ab
3304 1358 3524 1415 eadem

305 1449 772 1526 Tlie0pliylacti
827 1463 1019 1508 manu
1077 1444 1460 1508 efﬂuxerint.
1515 1447 1633 1506 Sed
1689 1462 1981 1522 quaenam
2049 1447 2524 1528 'l‘heophylacto
2579 1449 2705 1510 sint
2762 1451 3176 1520 ascribendm,
3231 1471 3524 1528 quasnam

305 1544 750 1623 interpolatori
806 1543 1023 1613 alicui,
1065 1559 1276 1615 nemo,
1312 1558 1454 1601 meo
1487 1541 1754 1619 judicio,
1798 1544 2062 1604 delinire
2105 1555 2334 1622 potest,
2375 1548 2476 1606 cui
2523 1564 2650 1624 prm
2692 1548 2982 1608 manibus
3019 1566 3143 1609 non
3187 1551 3270 1611 sit
3315 1552 3526 1627 ipsum

304 1641 768 1718 Theopliylacti
816 1638 1307 1715 autOgraphum.
1345 1639 1565 1714 Neque
1606 1638 1777 1695 enim
1816 1639 1885 1697 ad
1928 1639 1984 1697 id
2021 1639 2172 1697 satis
2214 1656 2352 1698 esse
2391 1648 2711 1715 putamus,
2750 1640 3048 1716 majorem
3084 1643 3319 1702 codicis
3353 1656 3530 1704 vetu-

310 1745 570 1806 statem;
611 1744 741 1797 tum
774 1735 946 1812 quod
992 1733 1248 1795 difﬁcile
1283 1733 1385 1802 sit,
1426 1749 1562 1792 eam
1601 1733 1987 1810 exploratam
2027 1735 2179 1792 satis
2215 1733 2470 1806 habere,
2510 1751 2652 1794 cum
2702 1752 2866 1811 smpe
2904 1739 3235 1798 vetustatis
3274 1740 3531 1801 incertzn

307 1835 438 1895 sint
468 1843 636 1895 notas
670 1857 684 1892 :
720 1840 850 1893 tum
892 1833 1062 1910 quod
1100 1831 1414 1892 recentior
1446 1832 1641 1890 codex
1681 1831 2003 1890 sincerum
2041 1848 2182 1888 esse
2224 1831 2419 1906 possit
2462 1831 2832 1891 vetustioris
2866 1849 2934 1893 ac
2975 1834 3258 1910 purioris
3291 1837 3527 1896 codicis

218 1933 221 1935 “
310 1932 774 2011 apographum.
832 1931 893 1991 Si
939 1930 1080 2007 quis
1127 1937 1339 1989 tamen
1379 1927 1708 1988 breviores
1756 1926 2190 2002 CXpOStltOt-C-S
2231 1926 2446 2004 potius
2497 1943 2685 2004 quam
2729 1928 3028 1998 fusiores,
3065 1929 3525 2007 Tlieopliylacti

313 2046 454 2088 esse
516 2027 695 2098 velit,
743 2043 856 2087 nec
888 2026 995 2085 ille
1038 2043 1167 2084 rem
1217 2024 1366 2084 satis
1400 2023 1816 2084 verisimilem
1855 2022 2186 2083 afﬁrmem“.
2215 2070 2228 2095 ,
2270 2032 2486 2101 utpote
2529 2025 3007 2100 compendiario
3057 2027 3528 2089 commentandi

308 2125 530 2203 generi
581 2142 711 2201 quo
743 2124 1178 2184 delectabatur
1229 2119 1744 2198 TheOpbylaclus
1790 2128 1848 2179 et
1893 2119 2237 2194 oleastrum
2281 2119 2343 2178 in
2393 2119 2564 2179 liisce
2602 2122 3114 2194 Commentariis,
3154 2122 3264 2199 qui
3311 2124 3374 2183 in
3414 2125 3530 2182 ali-

308 2223 547 2299 quibus
581 2220 912 2282 codicibus
952 2228 1241 2295 Ἐξήγησις
1279 2228 1337 2277 ὲν
1361 2228 1614 2294 ἐπιτομῇ,
1650 2216 2000 2292 Compendit

1923 2215 2127 2273 diaria
2169 2216 2507 2292 Expositio
2545 2217 3010 2291 inscribuntur,
3045 2221 3333 2298 apprime
3372 2237 3526 2284 con-
3609 2282 3612 2286 .

307 2326 702 2379 sentaneam.
738 2314 923 2389 Quod
961 2315 1014 2375 si
1044 2315 1163 2376 hoc
1199 2329 1419 2375 verum
1455 2313 1559 2385 sit,
1595 2312 1790 2374 habes
1825 2311 2132 2390 profectu,
2167 2311 2479 2374 benevole
2509 2313 2828 2384 Lector,in
2861 2314 3272 2377 Variantibus
3307 2317 3531 2380 lectioo

309 2414 504 2476 nibus
559 2412 801 2475 nostris
877 2410 1316 2490 expositiones
1380 2411 1626 2488 aliquot
1685 2409 1783 2480 iis,
1842 2426 1986 2487 qum
2049 2409 2114 2468 in
2171 2409 2342 2468 edito
2402 2417 2575 2470 textu
2645 2409 3002 2484 habentur,
3068 2412 3184 2473 hoc
3241 2412 3528 2489 nomine,

312 2511 765 2590 praeferendas.
813 2509 1293 2570 Animadvertas
1343 2507 1444 2568 hic
1477 2523 1650 2578 vero,
1687 2521 1826 2576 nos,
1863 2524 2003 2574 cum
2053 2507 2221 2569 edita
2268 2509 2398 2568 loca
2433 2509 2969 2587 respondentibus
3021 2510 3144 2572 sibi
3193 2510 3258 2574 in
3312 2521 3531 2578 nostro

312 2607 530 2670 codice
577 2608 860 2669 textibus
911 2605 1223 2684 ampliora
1273 2611 1447 2678 sunt,
1501 2621 1909 2682 nequaquam
1967 2605 2209 2682 integra
2257 2604 2520 2676 reterre,
2582 2622 2662 2665 ne
2719 2605 2912 2665 nimis
2948 2606 3128 2667 vacui
3179 2623 3212 2666 e
3269 2610 3530 2688 regione

314 2703 732 2782 respondeat;
773 2703 883 2763 sed
930 2701 1208 2778 demptis
1247 2701 1330 2762 iis
1361 2718 1505 2778 quas
1539 2701 1604 2762 in
1655 2700 1868 2761 medio
1902 2712 2082 2774 sunt,
2119 2719 2340 2764 eorum
2380 2703 2730 2764 absentiam
2787 2705 3037 2780 punctis
3085 2707 3329 2786 aliquot
3359 2711 3534 2772 ordi«

311 2802 507 2863 natim
545 2800 774 2880 positis
804 2799 1183 2862 indicamus.
1222 2799 1438 2861 Codex
1463 2801 1632 2861 unde
1662 2798 1760 2861 lite
1792 2798 2104 2861 variantes
2142 2799 2442 2862 lectiones
2472 2801 2823 2878 desumpta;
2853 2810 3027 2874 sunt,
3062 2804 3150 2864 nil
3209 2805 3533 2884 peculiare

316 2899 504 2959 habet
537 2905 704 2975 quod
743 2897 846 2958 hic
879 2903 1440 2959 commemoretur.
1469 2896 1849 2958 Chartaceus
1883 2895 1937 2955 is
1972 2904 2086 2965 est,
2127 2905 2186 2956 et
2224 2915 2326 2957 xiv
2361 2897 2614 2958 circiter
2644 2899 2880 2960 smculo
2918 2900 3195 2978 scriptus
3230 2915 3534 2967 censetur

316 3013 350 3054 a
405 2995 556 3055 clar.
622 2993 774 3054 viris
826 2994 938 3071 qui
991 2993 1578 3069 Manuacriptorum
1629 2990 1991 3053 Graecorum
2039 2991 2426 3055 bibliotheca:
2461 2995 2526 3055 S.
2578 2993 2789 3057 Marci
2831 2996 3197 3078 Catalogum
3248 3000 3532 3063 edidere.

317 3091 654 3152 Variantes
695 3090 1004 3151 lectiones
1051 3094 1298 3153 nostras
1346 3087 1680 3166 excipiunt
1729 3089 2226 3150 Observationes
2277 3092 2482 3153 Latini
2526 3093 2792 3164 Latinii,
2860 3109 3019 3172 quas
3073 3102 3141 3156 ut
3202 3096 3271 3158 in
3323 3097 3535 3175 primo

315 3197 514 3258 tomo,
552 3187 635 3246 ita
671 3193 732 3246 et
774 3187 838 3246 in
882 3186 1004 3246 isto
1038 3185 1467 3263 appunimus,
1504 3200 1584 3244 ne
1631 3183 1786 3260 quid
1829 3185 1902 3246 ad
1950 3186 2254 3250 editionis
2293 3197 2526 3250 nostras
2564 3200 3014 3252 ornamentum
3067 3192 3473 3256 desideretur
3519 3218 3535 3256 ι

317 3299 442 3359 qua
507 3289 585 3342 de
645 3298 833 3342 causa
907 3280 1358 3358 praemittimus
1435 3279 1623 3340 etiam
1693 3297 1822 3342 non
1881 3282 2088 3344 solum
2159 3283 2440 3363 Philippi
2515 3287 2799 3347 Montani
2874 3288 3357 3366 Prmfationem,
3424 3309 3538 3354 ve-

317 3398 458 3441 rum
511 3381 698 3440 etiam
752 3381 1093 3452 Adnotata,
1143 3377 1330 3456 queis
1374 3378 1714 3457 cujuslibet
1761 3380 2063 3457 Epistolas
2111 3391 2557 3458 argumentum
2611 3385 2828 3462 paucis
2873 3386 3234 3462 exhibetur,
3266 3396 3326 3450 et
3367 3391 3536 3452 unde

315 3476 591 3554 singulm
647 3475 902 3554 scriptas
958 3478 1128 3547 sint,
1193 3475 1546 3547 indicatur,
1606 3492 1750 3554 qum
1812 3495 1955 3538 cum
2032 3485 2279 3539 exstent
2335 3479 2405 3541 in
2467 3480 2865 3543 editionibus
2930 3484 3233 3547 omnibus
3297 3486 3538 3549 Latinis

319 3589 476 3648 quas
527 3572 830 3643 vidimus,
858 3570 1234 3633 Cbristofori
1270 3568 1629 3644 Porsenna,
1684 3573 1794 3649 qui
1855 3574 2106 3652 primus
2146 3574 2336 3637 hosce
2397 3578 2902 3640 Commentarios
2960 3581 3176 3643 Latine
3216 3583 3540 3647 transtulit

318 3681 511 3746 atque
569 3668 885 3743 vulgavit,
931 3686 1069 3729 esse
1120 3677 1440 3745 putamus.
1491 3669 1757 3729 Tomum
1808 3670 2089 3749 denique
2137 3672 2443 3735 claudunt
2494 3675 2622 3735 duo
2680 3674 2953 3750 indices,
3013 3677 3276 3741 Latinus
3342 3697 3538 3754 unus,

319 3768 577 3826 Graecus
636 3767 826 3836 alter;
897 3775 1196 3842 uterque,
1251 3764 1796 3844 locupletissimus
1857 3790 1872 3827 :
1926 3783 2056 3845 quo
2103 3767 2198 3828 vel
2240 3768 2857 3835 solo~additamento
2913 3772 3079 3836 haud
3135 3783 3542 3853 parum'aese

319 3861 522 3923 editio
568 3868 781 3922 nostra
833 3877 1027 3939 supra
1071 3869 1326 3923 casteras
1370 3861 1795 3924 commendat.
1831 3863 1949 3925 Sed
1998 3880 2126 3926 non
2169 3874 2262 3927 est
2294 3883 2408 3928 cur
2437 3867 2732 3945 pluribus
2773 3877 2831 3932 te
2867 3870 3292 3947 detineamus,
3336 3875 3540 3937 amice

320 3960 566 4020 Lector.
601 3959 735 4019 Jam
773 3957 988 4018 fruere
1022 3958 1340 4036 preclaris
1383 3959 1559 4020 hisce
1594 3959 2089 4023 Commentariis
2143 3984 2155 4022 :
2208 3977 2269 4022 et
2301 3969 2540 4025 tomum
2597 3966 2886 4042 tertium,
2932 3971 3046 4048 qui
3085 3971 3392 4052 pleraque
3441 3973 3538 4033 vel

321 4071 585 4133 prorsus
618 4055 878 4127 inedita,
908 4055 1003 4115 vel
1045 4056 1366 4118 rarissima
1401 4057 1879 4135 complectetur,
1915 4055 2089 4121 br'evi
2127 4059 2467 4122 intervallo
2503 4066 2808 4142 temporis
2832 4072 3232 4144 secuturum,
3267 4082 3538 4133 securus

318 4159 638 4229 exapecta.
677 4150 941 4211 Interim
978 4152 1138 4213 vale.
