4284 6450
345 406 448 473 33⁵1

1203 403 1604 465 EXPOSITIO
1645 402 1727 462 IN
1770 402 2009 466 EPIST.
2048 402 2148 462 AD
2184 401 2365 462 ROM.
2407 428 2472 439 --
2506 406 2665 467 CAP.
2694 406 2736 466 Ι.

3491 402 3595 475 338

3203 570 3552 585 ——.—‘

812 750 1931 875 THEOPHYLACTI‘
2007 752 3140 867 COMMENTARIUS

1063 1001 1193 1090 IN
1275 994 1948 1089 EPIS'I‘OLAM
2031 999 2175 1084 AD
2253 994 2861 1086 ROMANOS.

772 1359 1170 1414 ΚΕΦΔΛΑΙΟΝ
1205 1355 1500 1411 ΠΡΩΤΟΝ.

437 1493 455 1525 ι
494 1471 728 1536 Παῦλος.
763 1490 784 1526 ι
814 1471 952 1526 Οὔτε
980 1472 1007 1525 0
1036 1472 1262 1541 Μωσῆς,
1290 1471 1412 1524 οὔτε
1450 1469 1634 1522 πολλοὶ
1658 1469 1766 1520 τῶν
1798 1469 1914 1534 μετ’

345 1569 527 1632 αὑτὸν,
555 1566 670 1622 ἀλλ’
703 1566 824 1619 οὐδὲ
851 1567 900 1618 οί
921 1565 1329 1634 εὐαγγελισταὶ,
1366 1565 1433 1617 τὰ
1465 1563 1703 1631 ὀνόματα
1738 1559 1915 1612 αὐτῶν

348 1662 736 1729 προτεθείκασι
788 1661 894 1713 τῶν
943 1658 1409 1729 συγγραμμάτων.
1445 1657 1504 1709 '0
1536 1657 1592 1708 δὲ
1651 1653 1916 1725 μακάριος

345 1747 520 1820 οὗτος,
555 1753 828 1823 πανταχοῦ
859 1753 966 1806 τῶν
1012 1750 1360 1813 Ἐπιστολῶν,
1389 1749 1448 1802 τὸ
1493 1746 1688 1802 ἑαυτοῦ
1748 1749 1917 1816 ὄνομα

346 1847 668 1916 προτίθησι·
715 1846 848 1898 διότι
893 1846 1092 1897 ἐκεῖνοι
1130 1844 1227 1912 μὲν
1280 1841 1418 1912 πρὸς
1460 1843 1586 1902 τοὺς
1643 1841 1917 1910 παρόντας

347 1940 586 2006 ἔγραφον
615 1955 628 1968 ·
659 1931 813 1998 οὗτος
862 1936 916 1987 δὲ
972 1936 1058 1988 διὰ
1105 1933 1318 2004 μακροῦ
1358 1932 1427 1985 τὰ
1489 1933 1793 2001 γράμματα
1843 1931 1919 1982 δι-

350 2033 652 2096 επέμπετο,
681 2028 771 2079 καὶ
816 2027 1040 2088 εἰκότως
1091 2025 1182 2076 τὸν
1236 2025 1397 2093 νόμον
1425 2023 1520 2076 τοῦ
1571 2021 1914 2074 ὲπιστολικοῦ

347 2122 692 2189 χαρακτῆρος
721 2121 978 2189 ἐπλήρου.
1024 2118 1110 2169 Ἐν
1143 2117 1325 2186 μέντοι
1349 2119 1412 2184 τῇ
1445 2115 1580 2184 πρὸς
1611 2113 1914 2183 Ἐϐραίους,

342 2213 406 2264 οὐ
431 2214 573 2263 ποιεῖ
599 2212 775 2264 τοῦτο.
822 2209 1056 2279 Ἐπειδὴ
1103 2210 1210 2277 γὰρ
1275 2205 1530 2275 ἀπεχθῶς
1577 2199 1727 2274 εἶχον
1779 2203 1915 2274 πρὸς

347 2303 529 2359 αὐτὸν,
567 2301 653 2354 ἵνα
697 2301 768 2371 μὴ
799 2300 893 2352 τοῦ
930 2300 1191 2369 ὀνόματος
1223 2297 1384 2359 εὐθὺς
1415 2295 1745 2357 ἀκούσαντες
1782 2295 1916 2346 01:0-

347 2395 657 2462 πηδήσωσι,
710 2394 942 2464 κρύπτει
975 2392 1134 2444 τοῦτο
1183 2394 1240 2443 ὲν
1290 2390 1617 2460 προοιμίοις.
1649 2389 1805 2450 Τίνος
1859 2387 1914 2439 δὲ

345 2488 509 2538 ἕνεκα
545 2487 651 2538 ἀπὸ
669 2485 871 2537 Σαύλου
901 2482 1109 2545 Παῦλος
1142 2482 1347 2551 ἐκλήθη
1378 2499 1392 2546 ;
1436 2482 1550 2534 Ἵνα
1601 2479 1734 2549 μηδὲ
1773 2478 1914 2531 κατὰ

345 2577 506 2628 τοῦτο
541 2576 819 2646 ὲλαττωθῇ
847 2576 941 2629 τοῦ
977 2575 1275 2644 κορυφαίου
1292 2574 1400 2625 τῶν
1435 2572 1766 2634 ἀποστόλων,
1799 2573 1915 2622 ἑπι-

347 2666 640 2734 κ).ηθέντος
696 2668 883 2733 Κηφᾶ,
959 2666 986 2716 0
1025 2663 1384 2734 ἑρμηνεύεται
1414 2683 1431 2714 ι
1466 2663 1704 2732 Πέτρος,
1753 2679 1772 2711 ι
1821 2662 1914 2713 καὶ

344 2757 455 2809 τῶν
488 2757 617 2808 υἱῶν
651 2756 959 2821 Ζεϐεδαίου,
1007 2754 1486 2824 ἑπονομασθέντων
1520 2753 1843 2822 Βοανεργὲς,
1885 2753 1912 2806 ὃ

345 2852 484 2912 ἐστι,
527 2869 544 2900 ι
584 2851 689 2901 υἱοὶ
728 2849 978 2920 βροντῆς.
1015 2867 1034 2900 ι

421 2957 438 2990 ι
468 2937 682 3001 Δοῦλος.
728 2957 745 2988 ι
796 2939 986 2991 Πολλοὶ
1028 2938 1269 3002 δουλείας
1312 2938 1525 3009 τρόποι.
1571 2939 1628 2992 Ὀ
1669 2939 1777 2992 ἀπὸ
1821 2939 1918 3007 τῆς

344 3032 729 3103 δημιουργίας,
780 3033 903 3086 καθ’
950 3035 1043 3096 ὃν,
1095 3052 1113 3084 ι
1150 3033 1230 3086 Τὰ
1266 3033 1444 3086 πάντα
1474 3032 1634 3085 δοῦίτι
1674 3034 1774 3086 σά·
1834 3052 1851 3084 ι
1893 3035 1920 3085 0

343 3128 453 3179 ἀπό
485 3128 579 3194 τῆς
627 3129 881 3189 πίστεως,
923 3127 1044 3179 καθ’
1084 3125 1143 3178 δν
1171 3126 1419 3195 εἴρηται·
1465 3146 1482 3177 ι
1523 3127 1644 3178 Ὀτι
1681 3125 1918 3192 ὑπηκού-

346 3237 475 3272 σατε
521 3221 601 3282 είς
633 3221 691 3273 ὃν
742 3219 1076 3290 παρεδόθητε
1126 3219 1294 3273 τύπον
1325 3220 1546 3288 διδαχῆς
1571 3236 1584 3249 ο
1617 3222 1644 3272 0
1677 3219 1784 3271 ἀπὺ
1821 3219 1919 3287 τῆς

345 3314 641 3377 πολιτείας,
663 3314 783 3367 καθ’
808 3313 866 3368 ὃν
913 3314 1007 3368 καὶ
1037 3315 1241 3384 Μωσῆς
1272 3313 1529 3384 θεράπων
1559 3313 1718 3366 Θεοῦ.
1756 3313 1915 3364 Κατὰ.

345 3407 552 3469 πάντας
569 3407 659 3460 οὖν
681 3407 904 3471 τούτους
931 3407 1059 3470 τοὺς
1083 3409 1338 3477 τρόπους,
1363 3408 1549 3470 δοῦλος
1580 3409 1606 3459 0
1639 3408 1867 3468 Παῦλος.

421 3691 439 3721 ι
491 3671 668 3739 Ἰησοῦ
713 3670 973 3734 Χριστοῦ.
1013 3690 1032 3724 ι
1071 3671 1151 3725 Τὰ
1187 3673 1285 3741 τῆς
1331 3675 1643 3742 οἰκονομιας
1677 3675 1915 3744 ὀνόματα

346 3764 726 3834 προὸἀλλιται,
755 3765 862 3818 ἀπὸ
888 3765 995 3818 τῶν
1039 3765 1282 3818 κάτωθεν
1314 3767 1404 3819 ἐπὶ
1429 3766 1495 3821 τὰ
1546 3767 1659 3820 ἄνω
1691 3769 1916 3838 ἀνατρέ-

345 3874 475 3927 χων.
518 3858 627 3910 Καὶ
657 3859 766 3926 γὰρ
796 3858 932 3926 μετὰ
960 3857 1059 3928 τὴν
1089 3859 1388 3927 σάρκωσιν,
1427 3858 1635 3926 Ἰησοῦς
1667 3859 1759 3912 καὶ
1784 3862 1915 3930 Χρι-

349 3948 491 4010 στός.
552 3947 809 4018 Ἐχρίσθη
849 3950 978 4018 γὰρ,
1035 3948 1198 4018 ἐλαίῳ
1254 3950 1351 4018 μὲν
1409 3949 1682 4018 οὐδαμῶς,
1729 3951 1805 4020 τῷ
1861 3951 1915 4004 δὲ

347 4040 488 4109 ἁγῖῳ
542 4041 857 4108 Πνεύματιο
911 4042 939 4094 0
1003 4041 1095 4092 καὶ
1152 4042 1482 4110 κυριώτερον
1543 4043 1760 4105 πάντως
1820 4044 1993 4124 τοῦς,

347 4133 553 4186 ἐλαίου.
589 4135 712 4186 Ὅτι
744 4134 802 4185 δὲ
831 4133 923 4185 καὶ
962 4133 1130 4202 χωρὶς
1156 4132 1248 4184 τοῦ
1300 4135 1481 4186 ἐλαίου
1526 4136 1706 4204 χρίσις
1742 4137 1909 4200 ἐστὶν,

347 4229 406 4280 ὲν
433 4229 578 4296 μόνῳ
607 4228 682 4296 τῷ
716 4228 1010 4296 Πνεύματι,
1044 4228 1275 4280 ἄκουσον
1303 4244 1315 4257 ·
1361 4246 1378 4279 ι
1413 4230 1502 4298 Μὴ
1538 4228 1773 4281 ἅπτεσθε
1809 4229 1914 4281 τῶν

347 4321 587 4390 χριστῶν
615 4337 716 4389 μου
737 4335 751 4351 °
780 4339 797 4370 ι
828 4321 1086 4390 περὶτῶν
1104 4321 1208 4390 πρὸ
1233 4320 1326 4373 τοῦ
1354 4321 1520 4390 νόμου
1551 4324 1659 4393 γὰρ
1687 4325 1715 4376 0
1738 4323 1912 4390 λόγος,

345 4414 432 4463 ὅτε
460 4413 581 4464 οὐδὲ
610 4413 780 4482 ὄνομα
811 4413 908 4481 τῆς
940 4410 1038 4464 τοῦ
1071 4411 1252 4465 ἐλαίου
1286 4414 1518 4482 χρίσεως
1543 4410 1629 4484 ἦν.

421 4604 440 4637 ι
481 4586 713 4657 Κλητός.
752 4605 772 4639 ι
809 4587 1322 4658 Ταπεινοφροσύνης
1361 4591 1420 4642 τὸ
1455 4591 1637 4660 ῥῆμαο
1671 4592 1912 4648 δείκνυσι

345 4677 472 4746 γὰρ.
509 4679 590 4730 ὃτι
619 4678 718 4730 οὐκ
749 4678 910 4742 αὐτὸς
942 4679 1182 4749 ζητήσας
1198 4675 1377 4752 εὗρεν,
1405 4684 1774 4754 ἀλλὰκληθεὶς
1805 4703 1913 4741 πα-

347 4765 628 4835 ρεγένετο.

423 4876 442 4906 ι
491 4857 828 4921 ’Λπόστολος.
861 4878 879 4910 ι
910 4858 1077 4913 Τοῦτο
1099 4860 1312 4914 τέθεικε
1338 4863 1474 4930 πρὸς
1511 4865 1914 4938 ἁντιδιαστολὴν

342 4947 453 5000 τῶν
478 4949 679 5018 ἑτέρων
714 4949 946 5020 κλητῶν.
994 4953 1102 5004 Καὶ
1144 4953 1343 5016 πάντες
1371 4955 1469 5022 μὲν
1493 4956 1599 5026 γὰρ
1632 4959 1680 5010 οἱ
1712 4962 1911 5025 πιστοὶ,

347 5039 535 5108 κλητοί
557 5056 568 5068 ο
601 5041 714 5092 ἀλλ’
749 5044 945 5094 ἐκείνοι
966 5043 1082 5112 μὲν,
1106 5044 1266 5115 μέχρι
1303 5045 1396 5098 τοῦ
1441 5049 1736 5105 πιστεῦσαι
1765 5067 1778 5082 ·
1805 5053 1916 5120 ἐγὼ

342 5131 420 5191 δὲ,
449 5132 603 5198 φησὶ,
633 5132 729 5185 καὶ
761 5133 858 5202 τὴν
881 5134 1186 5204 ἀποστολὴν
1218 5137 1609 5208 ἐνεχειρίσθη-ι,
1647 5143 1712 5212 ἢν
1761 5143 1856 5195 καὶ
1889 5147 1915 5196 0

344 5221 578 5287 Χριστὸς
624 5224 1026 5294 ἐγκεχείριστο,
1074 5226 1224 5295 παρὰ
1278 5227 1371 5279 τοῦ
1419 5229 1631 5300 Πατρὸς
1675 5233 1915 5287 ἀποστα-

343 5311 478 5372 Αείς.

2494 1355 2545 1426 3
2581 1357 2804 1413 CAPUT
2854 1355 3143 1415 PRIMUM.

2088 1467 2255 1522 Vsus.
2287 1469 2307 1522 l
2358 1489 2373 1520 ι
2403 1468 2596 1524 Paulus
2664 1491 2680 1523 ι
2717 1472 2903 1542 Neque
2929 1475 3121 1540 Moses,
3150 1491 3323 1546 neque
3342 1477 3588 1547 plerique

2024 1558 2135 1621 alii,
2179 1559 2269 1627 qui
2308 1561 2454 1612 illum
2484 1571 2610 1614 sunt
2647 1565 2945 1629 subsecuti,
2997 1566 3103 1619 into
3137 1583 3308 1636 neque
3353 1585 3589 1636 cvange-

2025 1651 2159 1704 listm
2195 1653 2407 1705 nomina
2439 1669 2533 1706 sua
2566 1656 2778 1723 scriptis
2806 1659 2919 1712 suis
2957 1672 3382 1727 praeposuerunt.
3425 1661 3593 1716 Divus

2024 1752 2198 1797 autem
2232 1744 2350 1808 iste,
2383 1745 2578 1813 ubique
2613 1746 2868 1815 Epistolis
2890 1751 3003 1804 suis
3029 1767 3219 1804 nomen
3254 1767 3411 1806 suum
3445 1770 3584 1821 pra:-

2024 1837 2212 1901 pouit:
2257 1837 2398 1905 quod
2428 1838 2500 1890 illi
2548 1839 2759 1905 quidem
2807 1841 2870 1893 ad
2933 1854 3221 1909 pr:esentes
3256 1847 3592 1910 scribebant,

2027 1927 2111 1980 hic
2145 1943 2268 1980 vero
2294 1943 2322 1981 e
2349 1930 2635 1997 longinquo
2662 1931 2868 1985 litteras
2887 1936 3148 1998 mittebat,
3183 1945 3235 1988 et
3261 1948 3433 2004 utpar
3454 1949 3587 2003 erat_

2023 2021 2352 2074 characteris
2385 2022 2685 2087 epistolaris
2715 2023 2878 2090 legem
2914 2028 3236 2093 complebat.
3263 2029 3318 2082 lu
3355 2029 3592 2098 Epistula

2027 2117 2201 2158 tamen
2234 2108 2296 2158 ad
2349 2108 2601 2162 llebrzeos
2653 2111 2796 2163 istud
2850 2127 2951 2165 nou
2996 2114 3139 2168 facit.
3168 2116 3299 2170 Nam
3332 2122 3589 2186 quoniam

2025 2199 2216 2253 infesto
2249 2215 2372 2269 erga
2411 2201 2583 2268 ipsum
2637 2212 2792 2256 erant
2825 2205 3026 2268 animo,
3062 2222 3127 2260 ne
3173 2209 3375 2274 statim,
3411 2213 3594 2268 audito

2021 2293 2139 2360 ejus
2177 2294 2410 2353 nomine,
2455 2295 2697 2362 protinus
2734 2299 3021 2366 resilirent,
3058 2301 3198 2357 istud
3248 2303 3297 2357 iu
3333 2308 3593 2373 prommio

2022 2383 2277 2437 occultat.
2321 2382 2486 2450 Cujus
2525 2396 2706 2440 autem
2737 2389 2810 2442 rei
2847 2392 3017 2459 gratia
3071 2407 3136 2447 ex
3182 2393 3346 2450 Saulo
3395 2397 3592 2452 Paulus

2021 2475 2196 2528 dictus
2228 2475 2346 2528 est?
2392 2475 2458 2530 Ut
2496 2492 2670 2545 neque
2733 2479 2784 2532 in
2816 2481 2936 2547 hoc,
2975 2485 3337 2551 apostolorum
3390 2491 3594 2542 antesi-

2022 2580 2218 2631 gnano,
2249 2567 2336 2633 qui
2364 2565 2577 2636 Cephas
2614 2570 2913 2637 appellatus
2943 2585 3041 2640 est,
3071 2577 3212 2644 quod
3245 2581 3402 2642 valet,
3427 2581 3468 2632 si
3497 2581 3589 2634 iu-

2025 2661 2350 2727 terpreteris,
2398 2679 2416 2712 ι
2456 2660 2644 2715 Petrus
2685 2681 2732 2725 ι,
2791 2666 2970 2721 minor
2999 2679 3182 2723 esset:
3226 2681 3317 2724 aut
3351 2672 3592 2728 ﬁliisle-

2023 2751 2207 2814 ὺειιεεῑ,
2239 2752 2323 2818 qui
2361 2751 2684 2824 Boanerges,
2716 2756 2766 2810 id
2802 2766 2905 2824 est,
2938 2778 2955 2810 ι
2995 2759 3114 2815 Filii
3163 2763 3404 2826 tonitrui,
3445 2784 3462 2816 ι
3502 2783 3592 2819 c0-

2022 2844 2319 2912 guominati
2353 2843 2520 2898 fuere.

2098 2955 2114 2986 ι
2156 2934 2373 2990 Servus.
2419 2957 2436 2989 ι
2479 2937 2765 2994 Servitutis
2818 2942 2973 2998 multi
3029 2955 3154 3000 sunt
3217 2950 3378 3003 modi.
3438 2951 3590 3005 Alius

2021 3029 2232 3093 quidem
2257 3031 2322 3082 ab
2340 3029 2555 3097 Opiﬁcio
2585 3043 2639 3084 et
2669 3035 2964 3100 creatione,
2995 3040 3286 3093 secundum
3321 3058 3479 3111 quem
3510 3047 3588 3098 di-

2020 3122 2157 3173 citur
2192 3138 2202 3173 :
2251 3139 2268 3172 ι
2307 3118 2496 3174 Omnia
2524 3123 2615 3176 tibi
2638 3125 2875 3178 serviunt
2907 3132 2977 3191 n';
3008 3147 3026 3180 ι
3055 3130 3191 3184 alius
3232 3144 3260 3184 ι
3289 3134 3410 3197 (ide,
3438 3135 3586 3200 juxta

2020 3230 2176 3283 quem
2207 3216 2408 3269 dictum
2440 3225 2520 3269 est
2555 3235 2567 3269 :
2618 3237 2636 3268 ι
2675 3217 2939 3283 Quoniam
2970 3224 3283 3288 obediistis,
3323 3226 3374 3279 in
3425 3244 3585 3297 quam

2022 3307 2201 3359 traditi
2232 3308 2382 3372 estis,
2414 3307 2640 3362 formam
2678 3313 2934 3365 doctrinae
2969 3314 3019 3379 b;
3059 3332 3075 3364 ι
3103 3315 3242 3370 alius
3271 3331 3299 3369 a
3332 3318 3457 3372 vitae
3494 3320 3582 3373 in-

2019 3399 2238 3452 stituto:
2293 3414 2398 3466 quo
2426 3400 2584 3454 modo
2618 3400 2795 3456 Moses
2848 3403 3025 3460 dictus
3077 3415 3159 3460 est
3204 3407 3437 3463 famulus
3471 3409 3585 3466 Dei.

2021 3489 2252 3546 Proinde
2313 3493 2486 3547 modis
2543 3492 2624 3547 his
2683 3495 2932 3550 omnibus
3009 3496 3204 3553 Paulus
3278 3501 3588 3555 nominatur

2018 3597 2228 3638 servus.

2092 3692 2110 3723 ι
2144 3672 2270 3727 Jcsu
2299 3675 2517 3730 Christi.
2554 3695 2572 3729 ι
2602 3677 2942 3734 (Εεοηοηιίεε
2964 3689 3020 3734 ει
3043 3679 3463 3750 dispensationis
3488 3701 3586 3738 uo-

2020 3767 2160 3818 mina
2193 3771 2475 3838 praeponit,
2516 3771 2583 3824 ab
2611 3769 2954 3826 inferioribus
2985 3773 3048 3826 ad
3091 3777 3367 3842 superiora
3404 3792 3588 3832 recur-

2019 3873 2166 3912 rens.
2214 3860 2422 3913 Etenim
2480 3871 2598 3926 post
2647 3862 3089 3931 incarnationem,
3118 3865 3294 3929 Jesus,
3332 3879 3384 3922 et
3427 3869 3587 3923 Chri-

2019 3958 2154 4008 stus,
2193 3951 2241 4002 id
2279 3961 2382 4016 est,
2427 3952 2649 4015 chtus,
2677 3953 2849 4009 dictus
2872 3963 2954 4009 est
2994 3973 3006 4009 :
3038 3967 3229 4012 unctus
3278 3960 3421 4012 enim
3481 3973 3582 4025 εει,

2019 4039 2430 4109 haudquaquam
2465 4044 2613 4110 oleo,
2650 4048 2742 4100 sed
2773 4046 2971 4115 Spiritu
3001 4058 3206 4114 sancto,
3239 4050 3326 4118 qui
3350 4050 3466 4104 oleo
3505 4065 3585 4105 est

2018 4133 2234 4185 omnino
2261 4135 2562 4201 pretiosior.
2608 4138 2771 4191 l’orro
2820 4139 2961 4207 quod
3007 4142 3190 4195 unctio
3241 4141 3406 4195 etiam
3467 4145 3584 4197 sine

2018 4221 2133 4274 oleo
2163 4224 2252 4286 sit,
2292 4239 2385 4291 per
2433 4225 2690 4292 Spiritum
2739 4229 2933 4291 solum,
2970 4229 3092 4282 audi
3132 4246 3145 4282 :
3189 4247 3207 4280 ι
3247 4228 3322 4285 Νε
3355 4233 3586 4301 tangatis

2019 4325 2208 4369 unctos
2239 4331 2386 4370 meos
2415 4329 2460 4371 ε.
2504 4337 2522 4368 ›
2559 4318 2708 4383 Quod
2739 4319 2979 4384 verbum,
3016 4320 3080 4374 de
3113 4321 3199 4385 iis,
3218 4322 3310 4390 qui
3345 4333 3474 4376 aute
3507 4323 3586 4376 le-.

2017 4419 2134 4472 gem
2167 4405 2332 4469 fuere,
2367 4409 2734 4476 accipiendqu
2770 4419 2874 4475 est,
2907 4425 3013 4479 quo
3045 4420 3286 4482 tempore
3317 4414 3584 4469 unctionis

2017 4511 2110 4561 per
2132 4497 2305 4550 oleum
2335 4513 2402 4552 ne
2431 4516 2619 4554 nomen
2644 4502 2857 4569 quidem
2881 4505 3135 4558 innotuit.

2093 4604 2111 4636 ι
2155 4585 2403 4642 Vocatus.
2445 4609 2462 4640 ι
2516 4590 2740 4646 Humilis
2774 4603 2828 4646 et
2857 4596 3085 4649 modesti
3117 4595 3281 4649 animi
3325 4596 3426 4650 hoc
3460 4611 3580 4654 ver-

2017 4677 2141 4730 bum
2175 4690 2278 4732 est.
2311 4678 2510 4734 Iudicat
2542 4682 2684 4735 enim
2709 4684 2853 4752 quod
2885 4700 2992 4738 non
3022 4686 3137 4754 ipse
3177 4687 3465 4755 quaerendo
3499 4689 3571 4744 in-

2019 4773 2244 4835 venerit,
2275 4775 2367 4826 sed
2403 4785 2621 4828 vocatus
2644 4779 2953 4832 accesserit.

2093 4882 2110 4914 ι
2156 4863 2467 4930 Apostolus.
2502 4885 2518 4918 ι
2555 4866 2667 4922 lloe
2701 4870 2880 4936 posuit
2919 4873 2984 4925 ad
3027 4872 3253 4928 aliorum
3288 4873 3579 4929 discrimen

2018 4955 2104 5022 qui
2135 4958 2304 5010 vocati
2341 4968 2482 5012 sunt.
2533 4960 2744 5014 Etenim
2788 4961 2971 5018 ﬁdeles
3005 4979 3218 5032 omnes,
3260 4967 3440 5020 vocati
3483 4977 3584 5021 :at

2018 5048 2092 5100 illi
2118 5048 2184 5101 ad
2211 5051 2539 5104 credendum
2566 5051 2864 5109 duntaxat:
2901 5055 3028 5110 Mihi
3054 5073 3203 5123 vero,
3232 5059 3429 5127 inquit,
3463 5073 3582 5111 mu-

2019 5137 2163 5190 neris
2200 5140 2478 5206 apostolici
2511 5139 2740 5204 functio.
2763 5158 2858 5198 seu
2892 5144 3090 5212 legatio
3134 5148 3424 5202 commissa
3456 5157 3538 5201 est
3565 5187 3578 5208 .

2017 5242 2135 5294 quae
2159 5239 2212 5283 et
2235 5230 2469 5293 Christo,
2507 5245 2625 5285 cum
2655 5248 2684 5287 a
2722 5233 2880 5289 Patre
2913 5238 3241 5302 mitteretur,
3269 5237 3580 5293 concredita

2017 5329 2150 5374 erat.

427 5418 445 5450 ι
495 5401 898 5472 Ἀφωρισμένος
921 5404 1000 5466 είς
1019 5404 1346 5472 Εὑαγγέλιον
1365 5408 1518 5461 Θεοῦ.
1553 5430 1571 5460 ι
1597 5412 1904 5479 Τουτέστιν,
1937 5395 1988 5456 D
2095 5432 2114 5462 ι

1892 5455 1904 5479 i
1937 5395 1988 5456 D
2095 5432 2114 5462 ι
2161 5415 2545 5484 Segregatusin
2581 5418 2929 5490 Emungenum
2977 5423 3090 5474 Dei.
3133 5440 3150 5472 ι
3190 5421 3302 5475 Hoc
3333 5432 3435 5484 est,
3483 5421 3584 5475 Se-

353 5489 908 5562 Ἀποκεκληρωμένος
933 5497 1011 5558 είς
1029 5496 1126 5564 τὴν
1146 5499 1239 5551 τοῦ
1259 5500 1588 5568 Εὑαγγελίου
1614 5504 1906 5560 διακονίαν.

346 5584 456 5636 Καὶ
504 5583 676 5646 ἄλλως
728 5584 822 5650 δὲ,
876 5586 973 5651 τὸ,
1011 5605 1030 5638 ι
1077 5589 1517 5660 Ἀφωρισμένος,
1557 5611 1572 5643 ι
1608 5595 1726 5647 ἀντὶ
1775 5597 1868 5648 τοῦ
1895 5641 1907 5661 ,

342 5673 758 5744 Προωρισμένος
783 5678 862 5740 είς
889 5676 1046 5730 τοῦτο
1067 5695 1079 5708 '
1103 5678 1178 5742 ὡς
1203 5681 1294 5733 καὶ
1324 5682 1458 5752 πρὸς
1503 5683 1768 5753 Ἱερεμίαν
1803 5704 1876 5754 φη
1896 5708 1912 5716 -

416 5833 466 5868 θ’
486 5826 624 5882 Psal.
649 5844 834 5895 σει-ιιι,
856 5832 943 5890 9i.
1023 5837 1049 5875 δ
1075 5834 1225 5890 Rom.
1252 5854 1320 5904 τι,
1354 5838 1433 5890 l7.

1515 5850 1532 5870 "
1576 5838 1714 5894 Psal.
1759 5841 1931 5904 3.315.

2020 5504 2190 5559 lectus
2233 5509 2298 5560 ad
2342 5507 2611 5577 Evangelii
2657 5512 3040 5566 ministerium.
3091 5513 3258 5566 Aliter
3307 5523 3486 5568 autem
3534 5525 3585 5566 et

2025 5614 2042 5645 ι
2082 5598 2424 5666 Segregatus,
2457 5618 2474 5649 ι
2515 5616 2610 5668 pro
2656 5617 2740 5666 eo,
2771 5601 2825 5672 4
2865 5607 3007 5670 quod
3035 5611 3117 5656 est
3150 5600 3578 5655 Prmdestiuatus

2020 5688 2082 5740 ad
2123 5689 2242 5750 hoc,
2282 5692 2574 5758 accipitur;
2617 5703 2822 5747 utcqu
2869 5695 2932 5748 ad
2965 5693 3252 5748 Jcremiam
3288 5693 3427 5747 Deus
3473 5693 3579 5744 ait:
