4284 6450
361 427 462 490 341

1225 418 1627 479 EXPOSI'I'IO
1661 420 1734 476 IN
1795 419 2030 478 EPIST.
2079 417 2172 474 Al)
2216 415 2394 474 BOM.
2433 441 2489 449 -—
2518 417 2674 476 CAP.
2711 417 2755 474 Ι.

1925 419 2030 478 ST.
2079 417 2172 474 Al)
2216 415 2394 474 BOM.
2433 441 2489 449 -—
2518 417 2674 476 CAP.
2711 417 2755 474 Ι.
3509 415 3615 478 342

359 541 635 608 γέννησιν,
669 536 777 588 Καὶ
812 535 919 603 γὰρ
941 533 1034 585 καὶ
1056 532 1216 594 αὐτὸς
1252 535 1279 585 ὁ
1311 531 1510 600 Κύριος
1538 531 1750 599 πρῶτον
1787 529 1940 599 ὤφθη
1972 537 2016 593 Α

1924 548 1940 599 γ
1972 537 2016 593 Α
2052 527 2185 580 lisuu
2224 545 2234 579 :
2265 537 2315 578 ιιι
2355 530 2420 578 ah
2453 530 2549 582 hac
2586 527 2858 584 auditores
2906 530 2970 581 ad
3026 542 3312 596 supernam
3349 529 3486 582 illam
3525 549 3616 598 ge-

360 632 669 702 ἀνθρωπος,
706 622 824 680 εἶτα
847 623 1095 695 ἐγνώσθη
1123 623 1276 685 Θεός.

442 919 460 951 ι
501 899 609 952 Τοῦ
659 895 969 968 ὁρισθέντος
1015 890 1145 944 Υίοῦ
1208 888 1343 942 Θεοῦ
1393 890 1451 940 ἐν
1497 887 1748 956 δυνάμει,
1798 883 1938 935 κατὰ

360 993 586 1063 Πνεῦμα
618 988 934 1058 ἁγιωσύνης
956 1027 970 1050 ,
1005 985 1065 1048 ἐξ
1102 984 1452 1044 ἀναστάσεως
1487 979 1716 1047 νεκρῶν,
1766 975 1936 1043 Ἰησοῦ

360 1085 597 1158 Χριστοῦ
633 1083 725 1136 τοῦ
761 1080 968 1150 Κυρίου
1004 1077 1179 1147 ἡμῶν.
1229 1095 1246 1121 ι
1288 1070 1453 1127 Εἶπεν
1485 1072 1617 1133 ἀνω,
1645 1071 1722 1123 ὅτι
1750 1089 1767 1120 ι
1811 1070 1938 1138 περὶ

359 1179 454 1232 τοῦ
494 1177 621 1230 Υίοῦ
657 1173 821 1229 αὐτοῦ
858 1192 877 1226 ι
915 1174 1028 1225 ἐστι
1054 1172 1116 1222 τὸ
1149 1168 1499 1236 Εὑαγγέλιον·
1535 1163 1630 1218 νῦν
1658 1160 1749 1217 οὖν
1772 1180 1940 1217 mta-

362 1272 658 1335 σκευάζει’,
707 1267 823 1330 πῶς
853 1264 1099 1335 ἐγνώσθη
1131 1262 1257 1324 Υἱὸς
1307 1261 1401 1314 τοῦ
1451 1258 1609 1320 Θεοῦ,
1643 1256 1736 1311 καί
1769 1273 1935 1326 φησι,

367 1383 383 1414 ι
422 1363 516 1416 τοῦ
553 1360 882 1432 ὁρισθέντος,
922 1378 940 1409 ι
975 1356 1274 1414 τουτέστιν,
1308 1352 1716 1421 ἀποδειχθέντος
1741 1351 1810 1413 ¹¹,
1844 1349 1929 1418 βεο

361 1450 1031 1521 ϐαιωθὲντος,κριθέντος.
1072 1449 1238 1518 Ὄρος
1287 1448 1396 1515 γὰρ
1443 1447 1476 1514 ὴ
1522 1443 1734 1514 κρίσις,
1783 1443 1876 1494 καὶ
1904 1443 1936 1509 ἡ

360 1551 563 1616 ψῆφος,
601 1547 694 1600 καὶ
726 1547 757 1616 ἡ
806 1545 1101 1611 ἀπόφασις.
1147 1543 1349 1602 Πάντες
1387 1539 1494 1608 γὰρ
1528 1537 1802 1607 ὡρίσαντο
1845 1540 1938 1591 καὶ

361 1639 699 1708 ἐψηφίσαντο
733 1637 893 1689 αὑτὸν
921 1631 1061 1688 εἶναι
1090 1635 1216 1686 Υίὸν
1245 1631 1404 1684 Θεοῦ.
1430 1630 1636 1695 Πόθενς
1667 1631 1754 1683 Ἐν
1782 1631 1937 1684 δυνά-

365 1751 478 1802 μει,
501 1731 800 1792 τουτέστιν,
834 1729 941 1782 ἀπὸ
962 1727 1062 1797 τῆς
1085 1727 1367 1795 δυνάμεως
1390 1723 1502 1776 τῶν
1536 1723 1778 1792 σημείων
1802 1716 1875 1777 ὧν
1897 1723 1936 1754 ¹¹

361 1825 555 1877 ἐποίει.
592 1823 753 1875 Ἀλλά
775 1822 867 1874 καὶ
927 1838 947 1872 ι
974 1820 1116 1873 κατά
1134 1817 1362 1886 Πνεῦμα
1379 1815 1709 1886 ἁγιωσύνης,
1739 1835 1756 1867 ι
1783 1831 1936 1867 τουτ-

2047 622 2381 673 neratinncm
2440 623 2593 688 quasi
2652 636 2811 673 manu
2872 623 3050 674 ducat.
3107 620 3383 688 Siquidem
3417 632 3468 673 et
3503 623 3614 686 ipse

2048 710 2302 763 Dominus
2327 712 2556 778 primum
2607 713 2751 766 visus
2781 723 2860 766 est
2901 713 3080 775 homo,
3117 712 3311 764 deinde
3369 714 3615 782 cngnitus

2044 811 2122 851 est
2153 800 2307 852 Deus.

2115 891 2276 946 Vsus.
2315 895 2367 946 4.
2404 914 2420 946 ι
2461 893 2559 959 Qui
2605 893 2850 947 deﬁnitus
2883 903 2963 947 est
2997 892 3160 945 Filius
3195 894 3283 946 Dei
3330 895 3378 946 in
3420 895 3616 946 virtuti-

2044 987 2332 1041 secundum
2360 987 2616 1055 Spiritum
2641 988 3102 1045 sanctiﬁcationis.
3129 1002 3193 1040 ex
3218 988 3615 1041 resurrectione

2044 1090 2408 1141 mortuorum,
2453 1079 2578 1133 Jesu
2629 1080 2828 1135 Christi
2883 1081 3086 1132 Domini
3137 1081 3328 1134 nostri.
3366 1098 3381 1129 ι
3438 1082 3611 1149 Supra

2043 1172 2196 1234 dixit,
2224 1171 2568 1240 Evangelium
2601 1187 2717 1226 esse
2744 1188 2761 1223 ι
2793 1171 2860 1224 de
2891 1171 3028 1224 Filiu
3052 1187 3147 1225 suo
3179 1191 3189 1223 :
3234 1192 3251 1223 ι
3283 1187 3427 1225 nunc
3454 1172 3615 1241 igitur

2043 1264 2259 1327 astruit,
2293 1280 2524 1331 quanam
2560 1265 2765 1318 ratione
2798 1265 3044 1335 c0gnitus
3075 1265 3147 1319 sit
3179 1263 3343 1318 Filius
3379 1264 3503 1327 Dei,
3535 1264 3615 1316 in-

2040 1356 2260 1421 quiens,
2299 1372 2316 1404 ι
2359 1354 2633 1419 deﬁnitus,
2678 1374 2694 1405 ι
2734 1357 2833 1408 hnc
2874 1367 2984 1420 est,
3020 1358 3438 1416 demonstralus,
3479 1371 3610 1409 cou-

2042 1445 2308 1509 ﬁrmatus,
2330 1445 2624 1513 judicatus.
2651 1445 2900 1501 Deﬁnitio
2922 1449 3065 1501 enim
3093 1461 3172 1502 est
3198 1449 3309 1515 ipsa
3330 1447 3611 1512 judicatin,

2040 1537 2350 1607 suffragium
2400 1555 2491 1593 seu
2531 1525 2774 1596 calculus
2823 1552 2875 1593 et
2912 1543 3200 1594 sententia.
3259 1539 3390 1592 Nam
3434 1542 3611 1595 cuncti

2041 1631 2364 1684 deﬁnierunt
2406 1632 2827 1700 judicaruntque
2877 1635 3047 1700 ipsum
3099 1649 3216 1688 esse
3245 1633 3443 1687 Filium
3497 1632 3610 1686 Dei.

2044 1723 2357 1778 Undenam?
2411 1743 2433 1776 ε
2481 1725 2538 1779 in
2572 1726 2787 1788 virtute,
2822 1745 2838 1778 ι
2881 1728 2984 1780 hoc
3015 1737 3128 1789 est,
3177 1741 3237 1779 ex
3276 1726 3509 1795 potentia
3563 1735 3618 1778 et

2041 1815 2277 1870 eﬁicacia
2312 1818 2587 1886 signorum
2610 1834 2729 1886 quae
2762 1818 3009 1872 faciebat.
3046 1819 3308 1872 [λείοισι-εει
3371 1837 3389 1869 ι
3425 1833 3615 1871 secun-

360 1918 532 1979 ἐστιν,
550 1917 613 1967 ὲκ
638 1914 733 1967 τοῦ
758 1913 1096 1982 Πνεῦματος,
1117 1910 1184 1964 δι’
1215 1906 1274 1964 οῦ
1290 1910 1481 1980 ἡγίαζε
1501 1911 1626 1970 τοὺς
1656 1909 1937 1962 πιστεύον-
1975 1895 2014 1949 Β
2045 1927 2052 1960 l

1923 1939 1937 1948 -
1975 1895 2014 1949 Β
2045 1908 2170 1962 dum
2206 1908 2464 1977 Spiritum
2494 1912 2962 1974 sanctiﬁcationis,
3004 1931 3020 1960 ι
3056 1914 3155 1964 hac
3188 1924 3289 1974 ρει,
3322 1926 3384 1965 ex
3411 1910 3612 1980 Spiritu

360 2029 460 2074 τας
478 2026 490 2040 ⁸
523 2009 658 2063 Θεοῦ
690 2011 797 2079 γὰρ
824 2009 884 2060 τὸ
912 2006 1135 2060 τοιαῦτα
1161 2002 1504 2074 χαρίζεσθαι.
1525 2003 1683 2056 Ἀλλά
1715 2004 1810 2054 καὶ
1837 2001 1937 2066 de

360 2104 708 2164 ἀναστάσεως
741 2101 974 2170 νεκρῶνο
1007 2117 1024 2150 ι
1051 2098 1264 2168 πρῶτος
1307 2098 1415 2166 γὰρ
1438 2089 1622 2160 οὗτος,
1643 2096 1736 2148 καὶ
1755 2098 1934 2165 μόνος,

362 2197 562 2250 ἑαυτὸν
589 2197 802 2265 ἡγειρε.
843 2195 951 2246 Καὶ
983 2194 1046 2244 ὲκ
1082 2191 1182 2259 τῆς
1209 2189 1559 2250 ἀναστάσεως
1591 2184 1682 2241 οῦν
1728 2189 1936 2258 ὡρίσθη
1971 2227 1977 2233 .

361 2293 456 2345 καὶ
495 2289 786 2357 ἀπεφάνθη
834 2287 960 2348 Υἱὸς
994 2285 1158 2338 Θεοῦ·
1205 2283 1347 2353 μέγα
1378 2283 1486 2352 γὰρ
1517 2283 1611 2334 καὶ
1652 2282 1830 2345 τοῦτο,
1862 2283 1938 2344 ὡς

362 2387 458 2438 καὶ
489 2383 654 2447 αὐτὸς
682 2383 830 2449 λέγει
852 2399 864 2412 ο
903 2399 922 2432 ε
965 2381 1135 2431 Ὅταν
1164 2377 1420 2447 ὑψώσητὲ
1453 2393 1520 2446 με
1556 2376 1660 2428 ἀπὸ
1689 2376 1787 2445 τῆς
1811 2374 1936 2443 γῆς,

362 2477 484 2529 τότε
515 2474 812 2543 γνώσεσθε,
842 2473 928 2526 ὅτι
953 2472 1063 2539 ἐγώ
1090 2473 1226 2541 είμι.
1261 2489 1278 2520 ι

444 2673 460 2703 ι
502 2652 579 2704 Δι’
612 2645 672 2705 οῦ
704 2649 970 2717 ἐλάϐομεν
1011 2649 1169 2719 χάριν
1224 2647 1318 2700 καὶ
1383 2646 1687 2715 ἀποστολὴν
1726 2647 1802 2709 εἰς
1839 2646 1940 2698 ὐπ-

363 2745 535 2813 ακοὴν
562 2743 812 2802 πίστεως.
831 2761 848 2794 ι
901 2743 1038 2811 Ὅρα
1067 2739 1507 2810 εὐγνωμοσύνην.
1533 2739 1719 2802 Οὐδὲν,
1753 2739 1937 2807 φησὶν,

365 2837 658 2905 ἡμέτερον,
690 2835 824 2888 ἀλλὰ
855 2836 1033 2886 πάντα
1057 2832 1328 2901 ἐλάϐομεν
1348 2831 1438 2885 διὰ
1461 2831 1554 2884 τοῦ
1590 2831 1715 2883 Υίοῦ
1735 2831 1800 2886 ¹⁸.
1832 2832 1939 2883 Kal.

369 2929 474 2999 μὴν
504 2928 592 2980 διὰ
635 2927 728 2980 τοῦ
767 2928 1088 2995 Πνεῦματος
1133 2925 1325 2978 ἔλαϐον
1353 2927 1451 2995 τὴν
1497 2925 1804 2993 ἀποστολὴν
1849 2926 1942 2978 καὶ

377 3023 477 3090 τὴν
497 3021 678 3092 χάριν.
720 3039 738 3070 ε
782 3021 1019 3081 Ἐκεῖνος
1047 3022 1176 3089 γὰρ,
1208 3021 1389 3089 φησὶν,
1425 3019 1681 3087 ὁδηγητει
1704 3019 1873 3086 ὑμᾶς·
1919 3034 1937 3067 ι

368 3114 463 3167 καὶ
497 3115 559 3166 τὸ
587 3112 812 3183 Πνεῦμά
843 3130 1026 3182 φησιν,
1063 3132 1080 3162 ι
1117 3110 1441 3180 Ἀφορίσατε
1484 3127 1574 3180 μοι
1610 3111 1700 3162 τὶν
1732 3109 1942 3162 Παῦλον

369 3207 586 3260 καὶτὸν
640 3207 956 3276 Βαρνάϐαν
1006 3204 1122 3268 καὶ,
1161 3223 1178 3254 ι
1225 3202 1324 3256 Διὰ
1370 3202 1462 3255 τοῦ
1516 3202 1830 3271 Πνεῦματος
1873 3202 1942 3254 δίο

367 3299 518 3351 δοται
551 3299 706 3366 λόγος
747 3297 959 3364 σοφίας.
998 3316 1014 3347 ι
1051 3297 1160 3350 Καὶ
1186 3296 1239 3347 τί
1273 3294 1458 3358 τοῦτο;
1497 3294 1577 3346 Τὰ
1625 3294 1716 3346 τοῦ
1770 3294 1940 3347 Πνεῦ-

370 3407 564 3458 ματος,
611 3389 705 3443 τοῦ
741 3390 872 3441 Υίοῦ
917 3391 1055 3454 είσι,
1091 3388 1184 3441 καὶ
1212 3387 1272 3440 τ’)
1295 3387 1554 3455 ἔμπαλιν.
1599 3405 1618 3437 ι
1657 3388 1828 3457 Χάριν
1856 3385 1934 3450 δὲ,

370 3482 837 3551 φησ“ιν.ὲλάϐομεν
864 3483 960 3534 καὶ
992 3481 1316 3550 ἀποστολὴν,
1345 3499 1362 3531 θ
1392 3481 1823 3544 τουτέστιν,οὐκ
1843 3479 1940 3531 αὑ-

368 3575 454 3625 τοὶ
484 3572 928 3644 κατωρθώσαμεν
971 3573 1031 3625 τὸ
1061 3572 1315 3640 γενέσθαι
1359 3573 1647 3625 ἀπόστολοι
1667 3612 1682 3637 ,
1715 3572 1829 3625 ἀλλ’
1877 3573 1941 3626 ὲκ

369 3665 469 3732 τῆς
518 3663 727 3716 ἀνωθεν
777 3664 994 3734 χάριτος
1043 3663 1220 3716 τοῦτο.
1260 3664 1420 3716 Ἀλλά
1474 3665 1568 3716 καὶ
1613 3665 1672 3717 τὸ
1709 3664 1939 3731 πείθειν,

369 3755 469 3823 τῆς
498 3755 719 3826 χάριτος
741 3772 754 3786 ο
800 3756 861 3808 τὸ
908 3755 1006 3824 μὲν
1039 3756 1147 3825 γάρ
1178 3757 1452 3825 περιιέναι
1488 3757 1582 3808 καὶ
1627 3757 1937 3827 κηρύττειν,

369 3845 478 3900 τῶν
514 3846 826 3901 ἀποστόλων
849 3863 861 3877 ο
891 3847 954 3900 τὺ
982 3847 1038 3900 δὲ
1064 3847 1274 3900 πείθειν
1304 3848 1429 3911 τοὺς
1459 3849 1776 3912 ἀκούοντας,
1821 3850 1940 3903 ὅλον

368 3937 464 3990 τοῦ
503 3937 665 3990 Θεοῦ.
697 3956 716 3988 ι
758 3938 849 4000 Εἰς
891 3937 1138 4006 ὑπακοὴν
1170 3939 1427 4000 πίστεως.
1482 3958 1500 3990 ι
1539 3941 1651 3991 Οὐκ
1683 3942 1762 4002 εἰς
1792 3941 1942 4007 λογο-

375 4030 575 4099 μαχίας
611 4031 704 4085 καὶ
733 4032 1013 4100 ζητήσεις,
1064 4033 1096 4101 ἢ
1127 4033 1497 4096 κατασκευὰς,
1529 4033 1938 4103 ἀπεστάλημεν,
1996 4097 2003 4102 ,

371 4125 555 4191 φησὶν,
586 4124 697 4176 ἀλλ’
724 4127 802 4184 είς
833 4123 1080 4193 ὑπακοὴν
1111 4123 1349 4186 πίστεως
1373 4141 1386 4155 ο
1423 4124 1530 4187 ἵνα,
1564 4126 1752 4196 φησιν,
1787 4127 1837 4178 οἱ
1865 4127 1944 4178 δι-

367 4213 694 4284 δασκόμενοι
725 4213 1094 4280 ὑπακούωσιν,
1126 4217 1535 4286 summam;
1567 4219 1938 4281 πιστεύοντες.

450 4494 474 4527 ε
506 4476 598 4529 Ἐν
616 4479 749 4529 πᾶσι
772 4480 880 4540 τοῖς
905 4478 1111 4531 ἔθνεσιν
1139 4479 1277 4549 ὑπὲρ
1299 4480 1392 4533 τοῦ
1415 4482 1675 4550 ὀνόματος
1696 4485 1880 4539 αὑτοῦ.
1917 4505 1934 4536 ι

2042 2015 2140 2068 per
2178 2015 2336 2070 quem
2390 2001 2766 2056 sanctiﬁcabat
2815 2004 3115 2056 credentes.
3171 2003 3260 2056 Dei
3303 2001 3444 2056 enim
3496 2011 3612 2062 est,

2041 2092 2245 2146 donare
2276 2093 2424 2145 talia.
2453 2092 2761 2158 Quinetiam
2794 2112 2810 2144 ι
2849 2109 2912 2147 ex
2948 2095 3343 2148 resurrectione
3372 2102 3616 2148 mortuo—

2043 2199 2163 2238 rum
2198 2203 2210 2238 :
2254 2205 2272 2236 ι
2308 2201 2429 2238 nam
2461 2187 2668 2254 primus
2701 2186 2812 2248 ille,
2842 2196 2895 2239 et
2922 2187 3088 2250 solus,
3117 2201 3174 2240 se
3205 2188 3317 2254 ipse
3337 2184 3611 2239 excitavit.

2043 2277 2230 2346 Itaque
2255 2292 2320 2332 ex
2355 2261 2754 2333 resurrectione
2800 2281 3054 2333 deﬁnitus
3087 2290 3168 2334 est
3217 2293 3279 2332 ac
3309 2278 3616 2332 declaratus

2039 2369 2209 2425 Filius
2241 2370 2356 2424 Dei.
2395 2373 2647 2442 Magnum
2679 2372 2820 2425 enim
2853 2382 2908 2426 et
2936 2373 3035 2426 hnc
3059 2381 3160 2434 est,
3197 2370 3420 2440 perinde
3449 2380 3614 2436 atque

2042 2466 2156 2533 ipse
2203 2466 2324 2520 ait:
2381 2485 2399 2517 ι
2456 2466 2589 2520 Cum
2640 2466 3009 2520 exaltavcritis
3043 2481 3129 2518 me
3180 2480 3210 2518 a
3265 2475 3440 2528 terra,
3502 2475 3612 2516 tum

2041 2558 2376 2626 cognoscetis
2401 2558 2543 2627 quod
2573 2573 2671 2627 ego
2694 2575 2810 2612 sum
2841 2561 2882 2610 ί.
2925 2579 2940 2608 ι

2119 2647 2276 2703 Vsus.
2314 2650 2367 2703 5.
2404 2667 2422 2699 ι
2465 2649 2566 2704 Per
2594 2665 2750 2718 quem
2784 2652 3089 2715 accepimus
3129 2650 3355 2718 gratiam
3386 2659 3440 2702 et
3483 2663 3616 2716 apo-

2043 2740 2296 2794 stolatum
2336 2741 2403 2795 ad
2449 2741 2804 2796 obediendum
2858 2742 3002 2796 ﬁdei.
3056 2763 3072 2794 ι
3128 2743 3262 2798 Vide
3297 2741 3611 2796 modestiam

2041 2843 2096 2888 et
2131 2834 2294 2887 animi
2331 2834 2617 2888 candorem
2656 2852 2671 2890 :
2717 2833 2862 2888 Nihil
2887 2874 2901 2897 ,
2947 2835 3151 2904 inquit,
3189 2843 3432 2888 nostrum
3456 2874 3472 2898 ,
3521 2833 3612 2887 sed

2042 2925 2224 2978 omnia
2261 2940 2357 2994 per
2407 2925 2601 2980 Filium
2639 2929 2966 2996 accepimus.
3016 2929 3178 2995 Atqui
3229 2943 3323 2996 per
3354 2926 3612 2995 Spiritum

2046 3034 2306 3089 accepere
2335 3021 2696 3089 apostolatum
2719 3032 2772 3074 et
2794 3023 3076 3089 gr:ttiam.r
3106 3021 3196 3075 Ille
3222 3022 3386 3084 enim,
3419 3022 3611 3087 inquit,

2047 3113 2260 3167 docebit
2293 3127 2386 3166 vos
2415 3111 2463 3165 i.
2502 3131 2520 3163 ι
2562 3112 2628 3165 Ει
2657 3111 2887 3180 Spiritus
2918 3113 2989 3166 ait
3036 3125 3048 3170 :
3087 3132 3104 3164 ι
3147 3113 3439 3180 Segregatc
3483 3113 3610 3164 mihi

2049 3202 2268 3255 Paulum
2302 3213 2353 3256 et
2381 3201 2677 3255 Barnabam
2703 3201 2761 3267 l;
2797 3223 2814 3253 ι
2851 3219 2934 3267 ac,
2973 3220 2994 3255 ε
3039 3203 3141 3257 Per
3169 3200 3427 3272 Spiritum
3458 3203 3617 3254 datur

2047 3307 2224 3346 sermo
2242 3292 2520 3361 sapientize
2543 3290 2584 3346 ι.
2621 3311 2638 3342 ι
2667 3293 2868 3361 Ecquid
2896 3291 3031 3346 hoc?
3055 3294 3182 3357 Qua:
3209 3291 3442 3362 Spiritus
3467 3300 3612 3350 sunt,

2045 3384 2164 3437 Filii
2200 3385 2398 3452 pariter
2426 3394 2577 3446 sunt,
2608 3393 2661 3437 et
2695 3395 2902 3437 contra.
2937 3384 3215 3438 «Gratiam
3241 3401 3260 3434 ρ
3300 3391 3497 3439 autem.
3531 3382 3614 3433 iu-

2045 3473 2179 3542 quit,
2216 3490 2234 3523 ι
2277 3472 2585 3542 accepimus
2615 3483 2668 3525 et
2703 3473 3089 3540 apostolatuzu,
3143 3489 3160 3522 ι
3200 3471 3300 3524 hoc
3326 3479 3438 3533 est,
3489 3466 3608 3522 Non

2046 3566 2145 3633 ipsi
2179 3565 2376 3619 virtute
2427 3574 2639 3631 nostra,
2690 3574 2746 3618 ut
2780 3563 3006 3632 apostoli
3036 3562 3389 3626 elﬁceremur,
3443 3561 3616 3630 impe-

2048 3659 2336 3721 travimus,
2389 3659 2484 3712 sed
2546 3659 2647 3711 hoc
2720 3671 2748 3710 a
2825 3671 3056 3724 superna
3137 3655 3331 3722 gratia.
3398 3655 3506 3708 Imo
3563 3665 3618 3707 et

2045 3749 2394 3818 persuadere,
2429 3748 2617 3817 gratia:
2647 3757 2750 3801 est.
2784 3747 3024 3800 Circuire
3051 3727 3270 3800 enim'e't
3300 3745 3612 3815 praedicare,

2046 3838 2411 3908 apostolorum
2447 3854 2640 3893 munus
2667 3847 2748 3893 est
2780 3857 2792 3891 :
2827 3841 3158 3908 persuadere
3194 3854 3324 3894 vero
3355 3838 3614 3893 auditori-

2046 3929 2180 3994 bus,
2209 3938 2381 3983 totum
2431 3939 2514 3983 est
2543 3929 2657 3982 Dei.
2699 3947 2717 3979 ι
2756 3931 2834 3984 Ad
2879 3930 3231 3983 obedientium
3263 3929 3408 3984 ﬁdei.
3446 3948 3465 3980 ι
3498 3926 3612 3983 Non

2050 4021 2116 4074 ad
2151 4023 2360 4075 inanem
2407 4022 2690 4076 verborum
2723 4036 2976 4091 pugnam,
3017 4038 3121 4075 non
3167 4023 3232 4076 ad
3265 4022 3614 4091 quaestiones,

2049 4124 2142 4166 aut
2175 4113 2240 4167 ad
2268 4113 2612 4167 artiﬁciosam
2653 4114 2919 4167 orationis
2967 4123 3296 4168 structuram
3325 4114 3470 4168 missi
3522 4128 3612 4166 su-

2051 4219 2188 4268 mus,
2216 4204 2422 4272 inquit;
2450 4218 2634 4257 verum
2665 4221 2684 4254 ‹
2725 4203 2791 4257 ad
2815 4205 3171 4259 obedientium
3203 4206 3345 4268 ﬁdei,
3385 4224 3404 4256 ι
3443 4216 3500 4258 ιιι
3525 4207 3615 4275 qui

2048 4297 2277 4350 instituti
2311 4295 2528 4360 fuerint,
2561 4295 2874 4361 credentes,
2908 4297 3113 4365 inquit,
3147 4298 3285 4351 citra
3338 4298 3615 4352 contradi-

2045 4388 2276 4440 ctionem
2299 4387 2565 4442 obediant.

2123 4495 2142 4528 ι
2177 4477 2232 4530 In
2256 4477 2502 4533 omnibus
2525 4479 2796 4548 gentibus,
2819 4495 2914 4549 pro
2938 4481 3153 4535 nomine
3183 4481 3316 4550 ejus.
3360 4502 3378 4534 ι
3403 4511 3471 4523 -
3501 4501 3520 4534 ι
3560 4483 3614 4536 lu

373 4597 442 4608 -—
475 4586 493 4618 ι
524 4567 612 4618 Ἐν
665 4569 798 4620 πᾶσι
827 4569 884 4620 δὲ
905 4572 1014 4630 τοῖς
1041 4569 1247 4622 ἔθνεσιν
1283 4589 1301 4621 ι
1343 4571 1605 4641 ἐλάϐομεν
1631 4575 1808 4642 χάριν,
1841 4576 1941 4627 οὑκ
1975 4596 2016 4651 ο
2045 4585 2065 4624 ε

1919 4594 1941 4627 ιι
1975 4596 2016 4651 ο
2045 4570 2296 4624 omnibus
2340 4587 2496 4638 porro
2532 4573 2778 4640 gentibus
2815 4592 2832 4624 ι
2879 4574 3183 4641 accepimus
3204 4574 3433 4642 gratiam
3456 4615 3470 4639 ,
3504 4591 3611 4629 non

375 4658 487 4726 ἐγὼ
514 4659 692 4727 μόνος,
726 4657 861 4711 ἀλλὰ
883 4660 974 4711 καὶ
995 4662 1043 4712 οί
1071 4661 1248 4713 λοιποὶ
1288 4663 1596 4718 ἀπόστολοι.
1625 4666 1698 4716 υὺ
1740 4667 1848 4734 γὰρ
1879 4667 1941 4734 δὴ

375 4749 585 4813 Παῦλος
617 4752 795 4802 πάντα
820 4751 885 4804 τὰ
928 4750 1053 4820 ἔθνη
1083 4753 1376 4822 περιῆλθεν
1414 4768 1430 4784 ·
1456 4755 1506 4806 εί
1557 4757 1629 4825 μή
1665 4773 1748 4818 τις
1781 4757 1938 4827 εἴπῃ,

373 4843 456 4894 ὅτι
485 4845 534 4894 εί
561 4843 656 4895 καὶ
685 4843 760 4913 μὴ
784 4841 912 4909 ζῶν,
945 4843 1059 4895 ἀλλ’
1082 4844 1173 4896 οὖν
1204 4845 1340 4915 μετὰ
1363 4845 1640 4917 τελευτὴν,
1666 4852 1741 4911 εἰς
1766 4851 1941 4903 πάντα

372 4936 442 4988 τὰ
479 4935 606 5006 ἔθνη
639 4938 898 5004 περιίεισι
932 4936 1020 4989 διὰ
1059 4936 1168 4988 τῶν
1199 4938 1550 4992 Ἐπιστολῶν.
1587 4940 1703 4991 ’Ὶνα
1746 4942 1802 4993 δὲ
1846 4957 1938 4992 πι-

375 5028 638 5080 στεύωσιν
660 5028 945 5091 ἀκούοντες
963 5030 1007 5060 ’δ
1026 5031 1151 5098 περὶ
1171 5030 1264 5082 τοῦ
1287 5032 1549 5097 ὀνόματος
1568 5031 1660 5083 τοῦ
1683 5034 1936 5103 Χριστοῦ,

373 5120 559 5188 οὐχὶη
596 5121 852 5189 περὶτῆς
893 5122 1078 5183 οὐσίας
1130 5121 1316 5176 αὑτοῦ.
1377 5124 1448 5174 Τὸ
1481 5128 1587 5191 γὰρ
1629 5125 1796 5193 ὄνομα
1845 5127 1938 5178 τοῦ

376 5211 611 5280 Χριστοῦ
649 5207 734 5280 ἦν,
774 5211 802 5263 ὃ
837 5215 930 5264 καὶ
958 5213 1030 5264 τά
1069 5215 1269 5282 σημεῖα
1309 5214 1498 5268 ὲποίει.
1545 5217 1650 5268 Καὶ
1683 5216 1840 5268 τοῦτο
1895 5217 1950 5270 δὲ

376 5305 612 5366 πίστεως
651 5304 849 5355 δεῖται·
881 5305 1004 5356 οὐδὲ
1052 5307 1182 5375 γὰρ,
1213 5305 1320 5357 οὐδ’
1349 5306 1479 5357 αὐτὸ
1511 5307 1752 5376 λογισμῴ
1783 5326 1941 5361 κατα·

378 5393 601 5464 ληπτόν.
637 5397 774 5462 Ὀρα
801 5396 856 5446 δὲ
892 5397 993 5462 τὴν
1025 5396 1243 5464 ςδωρεὰν
1291 5397 1383 5448 τοῦ
1442 5398 1793 5466 Εὑαγγελίου,
1845 5400 1944 5452 οὐκ

379 5485 460 5538 ἑνὶ
487 5487 648 5548 ἔθνει,
680 5486 754 5548 ὡς
787 5487 818 5553 ἡ
855 5486 1083 5551 Παλαιὰ,
1116 5488 1252 5540 ἀλλὰ
1294 5491 1428 5541 πᾶσι
1461 5490 1725 5542 δοθεῖσαν.

458 5685 474 5723 ι
509 5681 664 5737 Joan.
691 5699 808 5746 vnt,
836 5683 927 5738 28.

1007 5685 1020 5734 ἱ
1059 5685 1215 5742 Joan.
1243 5703 1352 5754 ινι,
1375 5690 1458 5744 i5.
1538 5691 1561 5729 ιι
1584 5691 1700 5746 Art.
1733 5689 1924 5754 xm,2.

2051 4677 2149 4733 ego
2189 4663 2353 4723 solus,
2390 4678 2573 4716 verum
2608 4663 2794 4732 reliqui
2827 4665 2989 4719 etiam
3019 4666 3245 4734 apostoli
3275 4683 3286 4717 :
3333 4681 3437 4721 non
3466 4667 3612 4721 enim

2044 4754 2154 4822 jam
2207 4754 2400 4808 Paulus
2436 4770 2624 4809 omnes
2656 4767 2843 4822 gentes
2892 4757 3258 4811 circumierat.
3283 4757 3397 4813 Nisi
3464 4759 3614 4828 quis-

2050 4847 2191 4914 piam
2221 4847 2358 4900 dicat
2379 4848 2543 4914 quod,
2572 4847 2779 4900 etiamsi
2801 4863 2905 4901 non
2935 4848 3106 4911 vivus,
3140 4859 3259 4915 post
3281 4857 3504 4904 mortem
3535 4859 3617 4903 ta-

2052 4953 2171 4992 men
2195 4941 2259 4992 ad
2289 4953 2477 4993 omnes
2506 4949 2688 5008 gentes
2713 4948 2953 4994 transeat
2981 4955 3077 5009 per
3103 4940 3392 5009 Epistolas.
3422 4942 3494 4997 Ut
3518 4957 3616 4996 au-

2053 5041 2155 5084 tem
2190 5029 2429 5095 credant,
2466 5031 2746 5085 audientes
2777 5031 2844 5084 de
2893 5034 3107 5084 nomine
3137 5033 3368 5098 Christi,
3396 5048 3500 5086 non
3551 5035 3616 5086 de

2051 5121 2285 5175 essentia
2323 5122 2514 5190 ipsius.
2555 5122 2758 5176 Nomen
2790 5124 2934 5176 enim
2965 5124 3164 5178 Christi
3214 5134 3350 5190 erat,
3385 5127 3526 5194 quod
3563 5137 3616 5178 et

2053 5212 2205 5281 signa
2236 5211 2490 5266 faciebat.
2521 5214 2695 5280 Atque
2728 5213 2866 5267 istuc
2904 5214 3005 5268 ﬁde
3033 5229 3166 5282 opus
3194 5216 3352 5268 habet
3382 5231 3398 5267 :
3444 5230 3615 5283 neque

2050 5304 2194 5357 enim
2224 5305 2429 5358 ratione
2456 5306 2835 5373 comprehendi
2873 5316 3068 5374 potest.
3104 5306 3486 5360 Animadverte
3531 5310 3615 5358 hic

2047 5395 2322 5464 Evangelii
2367 5399 2594 5458 donum,
2644 5412 2747 5450 non
2793 5398 2880 5450 uni
2928 5396 3174 5451 videlicet
3222 5397 3402 5464 genti.
3466 5397 3619 5449 Vete-

2050 5488 2123 5542 ris
2145 5488 2200 5557 6
2223 5487 2549 5541 Testamenti
2577 5491 2626 5540 in
2661 5504 2862 5542 morem
2884 5527 2900 5553 ,
2924 5491 3015 5542 sed
3041 5489 3290 5543 omnibus
3318 5491 3618 5542 communi-

2049 5589 2250 5632 catum.

2009 5689 2024 5728 ¹
2063 5692 2077 5744 l
2103 5690 2227 5743 Cor.
2261 5706 2356 5754 ιιι,
2381 5692 2433 5744 8.

1709 5784 1904 5844 Variae
1932 5784 2260 5845 lectiones.

459 5875 500 5908 “
530 5875 931 5948 ἀναδειχθέντος
964 5897 1035 5938 nt.
1116 5883 1157 5914 "
1188 5881 1220 5934 ἃ
1257 5896 1308 5936 ο.

1391 5885 1430 5915 ¹³
1467 5883 1570 5938 ἀπὸ
1609 5884 1700 5937 τοῦ
1736 5883 1870 5938 Θεοῦ
1904 5901 1955 5941 n.
2033 5887 2072 5918 “
2102 5888 2151 5938 οῖ
2175 5886 2462 5950 ἀκούοντες
2495 5902 2565 5940 ιιι.

2647 5887 2686 5918 ’⁸
2718 5885 2776 5937 οὺ
2809 5885 2912 5954 γὰρ
2945 5899 2997 5939 0.
