4284 6450
329 455 436 518 345

1209 453 1614 514 EXPOSlTlO
1660 455 1737 514 IN
1790 453 2027 515 EPIST.
2075 454 2169 511 Μ)
2209 454 2386 514 ROM.
2423 477 2483 488 -
2514 456 2667 513 CA1".
2705 457 2749 513 ῐ.

3475 454 3577 514 346

333 568 513 621 αὐτῶν
545 565 874 634 ὠφελεῖσθαι
908 563 1150 626 πάντας,
1198 566 1277 624 είς
1329 564 1488 630 ζῆλον
1535 564 1628 617 καὶ
1681 565 1910 634 μίμησιν
1943 575 1983 627 Α
2020 575 2025 615 ι

1884 583 1910 616 ν
1943 575 1983 627 Α
2020 573 2166 618 tanta
2204 565 2452 618 libertate
2482 573 2536 618 ct
2568 567 2758 618 fiducia
2794 566 3163 628 crediderunt,
3204 574 3257 616 ut
3286 564 3416 616 fides
3461 565 3576 615 illo-

332 661 430 725 τῆς
477 656 747 726 βασιλίδος
787 656 994 717 πόλεως
1037 656 1446 724 ὲκκαιομὲνους.
1501 657 1692 708 Καίτοι
1730 658 1782 708 δὲ
1815 658 1907 708 τοῦ

334 749 542 817 Πέτρου
565 746 901 817 κηρύξαντος
932 748 991 798 ὲν
1034 745 1244 818 Ῥώμῃ,
1286 747 1432 812 ὅμως
1456 747 1524 798 τὰ
1566 748 1797 810 ἐκείνου,
1829 747 1904 797 0l~

333 842 451 890 κεῐα
493 839 816 908 ἡγούμενος,
863 840 1179 908 εὐχαριστεῖ
1227 840 1363 909 ὑπὲρ
1396 840 1496 906 τῆς
1523 840 1760 901 πίστεως
1800 840 1907 890 τῶν

331 932 424 983 τοῦ
459 932 667 1001 Πέτρου
704 931 962 1001 μαθητῶν
984 949 996 961 ·
1024 932 1163 984 οὓτω
1196 932 1493 1001 βασκανίας
1538 931 1875 998 ἀπήλλακτο.

2012 672 2125 708 rum
2159 656 2209 708 in
2247 657 2498 710 universo
2548 657 2746 710 mundo
2796 658 3134 724 praedicetur,
3197 658 3437 724 adeoque
3487 674 3580 723 ιιρι·

2009 749 2155 814 ipsos
2206 748 2294 800 alii
2333 763 2520 802 oumes
2566 749 2850 802 utilitatem
2905 751 3236 817 percipiant,
3290 751 3355 803 ad
3418 752 3578 818 regie

2013 841 2221 894 si-ilieet
2262 843 2408 894 urbis
2440 842 2838 895 a-mulationcm
2870 852 2922 894 et
2957 843 3310 895 imitationem
3345 845 3576 895 accensi.

2019 935 2128 986 lmo
2173 950 2293 988 cum
2343 935 2533 988 Petrus
2584 935 2762 987 llonme
2817 934 3160 1001 Evangelium
3215 934 3580 1001 ptuttlicassm,

326 1042 453 1095 qua:
485 1025 627 1080 illius
654 1035 832 1090 erant,
867 1039 963 1079 sua
993 1035 1278 1094 reputans,
1310 1041 1404 1092 pro
1439 1026 1538 1078 ﬁde
1578 1024 1718 1078 Petri
1747 1028 2127 1095 discipulorum
2163 1034 2361 1098 gratias
2392 1030 2532 1099 agit:
2604 1029 2739 1082 adeo
2775 1031 2840 1082 ab
2896 1030 3100 1082 invidia
3165 1030 3379 1098 quidem
3451 1029 3577 1081 alic-

332 1135 434 1176 IIUS
463 1129 600 1171 erat.

406 1234 425 1266 ι
464 1216 689 1285 Μάρτυς
716 1216 823 1284 γάρ
869 1213 967 1285 μού
1002 1216 1146 1267 ἐστιν
1180 1216 1207 1267 ὁ
1230 1213 1380 1276 Θεὸς,
1413 1208 1455 1282 ᾧ
1482 1214 1727 1283 λατρεύω
1753 1217 1809 1268 ὲν
1839 1216 1915 1286 τῷ

334 1307 608 1374 πνεύματί
660 1324 785 1375 μου,
824 1308 886 1358 ὲν
919 1306 994 1374 τῷ
1042 1305 1357 1375 Εὑαγγελίῳ
1399 1306 1491 1358 τοῦ
1543 1307 1671 1359 Υίοῦ
1725 1308 1910 1372 αὑτοῦ,

334 1399 408 1459 ὡς
464 1397 827 1459 ἀδιαλείπτως
882 1397 1074 1465 μνείαν
1120 1396 1274 1465 ὑμῶν
1341 1397 1602 1465 ποιοῦμαι
1654 1399 1910 1463 πάντοτε,

335 1491 427 1542 ἐπὶ
488 1488 597 1544 τῶν
650 1489 967 1559 προσευχῶν
1033 1505 1155 1558 μου.
1215 1507 1233 1541 ι
1308 1490 1524 1560 Ἐπειδὴ
1586 1491 1796 1542 οὐδέπω
1845 1486 1913 1561 ἦν

2088 1215 2248 1270 Vens.
2279 1215 2331 1268 9.
2373 1233 2388 1265 ι
2432 1213 2609 1268 Testis
2649 1213 2793 1266 enim
2835 1212 2960 1264 mihi
2993 1222 3073 1265 est
3106 1211 3263 1276 Deus,
3292 1211 3377 1264 cui
3408 1213 3581 1264 servio

2014 1310 2066 1363 in
2099 1309 2287 1375 Spiritu
2324 1323 2464 1371 meo,
2522 1307 2573 1359 in
2610 1305 2902 1373 Evangelia
2939 1302 3058 1356 Filii
3097 1304 3233 1369 ejus,
3267 1305 3407 1372 quod
3467 1303 3581 1355 sine

2012 1399 2415 1453 intermissione
2464 1397 2786 1450 mentionem
2824 1394 2988 1448 vesu'i
3042 1393 3235 1446 faciam
3283 1408 3496 1460 semper
3529 1393 3577 1444 in

2011 1496 2345 1550 orationibus
2402 1493 2556 1546 meis.
2598 1510 2614 1540 ι
2675 1490 2807 1553 Quia
2869 1504 3144 1557 nunquam
3202 1501 3294 1539 eos
3350 1487 3580 1548 viderat,

336 1583 533 1645 αὐτοὺς
562 1583 844 1654 ἑωρακὼς,
876 1582 1067 1650 ἔμελλε
1100 1583 1154 1634 δὲ
1178 1584 1375 1648 εἰπεῖν,
1401 1584 1479 1635 ὅτι
1519 1601 1535 1631 σ
1561 1583 1675 1635 Ἀεὶ
1703 1583 1911 1652 μέμνη-
1944 1611 1984 1664 Β
2012 1611 2028 1642 ι

1888 1613 1911 1623 -
1944 1611 1984 1664 Β
2012 1590 2254 1642 dicturus
2306 1595 2484 1639 autem
2525 1595 2659 1645 erat,
2704 1602 2719 1633 ι
2761 1580 2988 1647 Semper
3040 1580 3366 1633 mentionem
3416 1577 3580 1630 vestri

339 1697 438 1746 μαι
469 1680 674 1746 ὑμῶν,ι
716 1680 966 1749 μάρτυρα
999 1681 1154 1733 καλεῖ
1178 1680 1268 1732 τὸν
1306 1682 1404 1742 τὰς
1450 1681 1678 1750 καρδίας
1710 1679 1909 1733 εἰδότα.

339 1775 480 1844 Ὀροι
506 1776 560 1828 δὲ
588 1777 890 1845 σπλάγχνα,
912 1777 1044 1842 εἴγε
1070 1777 1294 1828 πάντοτε
1319 1776 1590 1846 ἐμέμνητο
1613 1775 1914 1846 ἀνθρώπων

340 1867 474 1935 μηδὲ
500 1867 804 1934 ὁραθέντων
837 1867 1006 1935 αύτῷ.
1049 1868 1157 1920 Καὶ
1206 1866 1307 1918 ποῦ
1337 1884 1349 1931 ;
1399 1865 1488 1919 Ἐν
1520 1868 1639 1927 ταῖς
1680 1883 1912 1936 προσευσ

337 1963 482 2031 χαίς,
518 1965 612 2014 καὶ
633 1963 756 2014 τότε
802 1962 1182 2024 ἀδιαλείπτως.
1213 1962 1474 2031 Δατρεύω
1499 1962 1554 2013 δὲ
1595 1961 1667 2031 τῷ
1711 1961 1852 2030 Θεῷ,
1885 1963 1913 2014 ὃ

339 2055 476 2118 ἐστι,
512 2053 766 2106 δουλεύω·
805 2075 821 2105 ι
857 2057 912 2107 ὲν
940 2053 1015 2122 τῷ
1043 2055 1313 2123 πνεύματί
1340 2071 1464 2123 μου,
1512 2074 1528 2105 ι
1570 2054 1715 2106 τοῦτ’
1744 2055 1910 2118 ἔστιν,

337 2146 400 2197 οῦ
421 2149 690 2217 σαρκικὴν
719 2147 996 2216 λατρείαν,
1035 2148 1173 2199 ἀλλὰ
1191 2148 1586 2216 πνευματικήν.
1604 2146 1668 2199 ’Π
1688 2146 1784 2214 μὲν
1806 2146 1912 2214 γὰρ

349 2236 640 2306 Ἐλληνικη
678 2238 923 2305 λατρεέα,
967 2239 1058 2288 καὶ
1091 2239 1326 2308 σαρκικὴ
1360 2238 1451 2289 καί
1479 2239 1870 2306 πεπλανημένη
1899 2253 1912 2266 ’

337 2333 370 2398 ἡ
410 2330 469 2382 δὲ
508 2330 793 2400 Ἰουδαῖκὴ,
838 2331 1082 2400 ἀπλανὴς
1139 2331 1258 2400 μὲν,
1313 2331 1446 2384 ἀλλὰ
1500 2331 1785 2399 σωματικὴ
1822 2331 1912 2382 καὶ

337 2422 478 2493 αῦτη
505 2439 519 2452 ⁸
551 2424 584 2491 ἡ
616 2423 670 2476 δὲ
704 2423 844 2476 κατὰ
868 2425 1098 2493 Χριστὸν
1131 2423 1378 2492 λατρεία,
1412 2425 1506 2475 καὶ
1537 2422 1786 2490 ἀληθινὴ,
1821 2423 1912 2473 καὶ

344 2516 691 2580 πνευματική
722 2532 734 2546 ·
767 2516 794 2567 ὃ
825 2517 917 2567 καὶ
951 2517 979 2566 ὁ
1013 2516 1215 2585 Κύριος
1251 2518 1314 2584 τῇ
1347 2514 1698 2583 Σαμαρείτιδί
1727 2532 1912 2582 φησιν,

337 2607 418 2658 ὅτι
450 2625 466 2656 t
495 2607 556 2657 Οἱ
584 2608 826 2673 ἀληθινοὶ
863 2607 1254 2674 προσκυνηταὶ,
1277 2607 1332 2657 ὲν
1364 2606 1634 2672 πνεύματι
1661 2605 1752 2656 καὶ
1781 2604 1914 2670 ἁλη-

340 2697 462 2764 Οεια
488 2698 975 2766 προσκυνήσουσιν.
993 2721 1008 2746 ι
1035 2698 1185 2748 Ἐπεὶ
1207 2698 1260 2748 δὲ
1285 2695 1468 2747 πολλοὶ
1486 2697 1580 2763 τῆς
1601 2695 1848 2762 λατρείας
1874 2695 1910 2724 ²¹

342 2789 391 2839 οἱ
425 2789 618 2857 τρόποι
669 2791 720 2853 (ὁ
753 2789 848 2854 μὲν
882 2788 987 2856 γὰρ
1018 2789 1268 2854 λατρεύει
1308 2788 1402 2840 καὶ
1434 2789 1669 2840 δουλεύει
1702 2789 1818 2856 Θεῷ
1858 2790 1912 2842 ἐν

338 2880 415 2948 τῷ
443 2881 510 2932 τὰ
545 2882 665 2933 καθ’
696 2883 886 2932 εαυτὸν
925 2899 1057 2952 μονα
1092 2883 1395 2948 οἰκονομεῖν
1421 2897 1434 2910 ⁶
1470 2883 1496 2932 ὁ
1521 2882 1567 2932 δι
1609 2883 1664 2932 ἐν
1715 2881 1791 2948 τῷ
1823 2883 1913 2934 καὶ

343 2972 509 3035 ξένων
551 2973 948 3041 ἐπιμελεῖσθαι,
981 2974 1074 3024 καὶ
1106 2974 1288 3043 χηρῶν
1341 2973 1726 3042 προϊστεισοαι,
1759 2974 1833 3035 ὡς
1863 2976 1910 3026 οἱ
1942 2950 1980 3005 c
2017 2962 2173 3016 “lC-“‘0
2230 2975 2406 3013 "3mm
2467 2958 2864 3026 ἀίενειιδειίοηθ
2923 2971 2936 3006 ³

340 3065 472 3133 περὶ
499 3065 800 3132 Στέφανον·
845 3068 872 3116 ὁ
917 3066 974 3117 δὲ
1009 3067 1064 3116 ὲν
1099 3068 1162 3134 τῇ
1194 3065 1285 3116 τοῦ
1306 3066 1465 3132 λόγου
1506 3066 1795 3135 διακονία),
1827 3066 1913 3118 διὰ

339 3156 496 3207 τοῦτό
531 3174 692 3225 φησιν
720 3157 746 3208 ὁ
779 3156 1007 3220 Παῦλος,
1044 3158 1122 3210 ὅτι
1153 3175 1171 3208 ι
1206 3150 1276 3227 ’ῼ
1311 3157 1420 3223 ἐγὼ
1461 3157 1710 3226 λατρεύω
1753 3160 1808 3210 ὲν
1838 3158 1912 3228 τῷ

345 3251 653 3317 Ιτζύαγγελίῳ
671 3250 762 3302 τοῦ
781 3251 908 3304 Υίοῦ
932 3254 996 3304 ".
1033 3271 1049 3302 ι
1079 3252 1268 3303 Καίτοι
1296 3251 1389 3303 τοῦ
1413 3252 1624 3321 Πατρὸς
1649 3251 1848 3320 ἔφησεν
1868 3253 1912 3282 ’³

342 3339 478 3394 εἶναι
510 3342 570 3394 τὸ
596 3343 929 3410 Εὑαγγέλιον
955 3343 1090 3396 ἄνω⁸
1128 3344 1243 3396 ἀλλ’
1275 3345 1427 3395 οὐδὲν
1461 3344 1645 3394 καινόν
1667 3361 1680 3373 ·
1719 3344 1783 3395 τὰ
1807 3344 1912 3412 γὰρ

343 3434 437 3486 τοῦ
468 3434 701 3502 Πατρὸς,
731 3435 824 3486 τοῦ
857 3434 986 3486 Υἰοῦ
1013 3453 1024 3464 ·
1050 3437 1143 3487 καὶ
1171 3435 1238 3487 τὰ
1255 3435 1345 3489 τοῦ
1374 3434 1526 3497 Υἱοῦ,
1549 3434 1641 3486 τοῦ
1661 3435 1872 3504 Πατρός
1894 3475 1908 3488 .

348 3526 510 3591 Λέγει
561 3526 616 3577 δὲ
669 3526 847 3587 τοῦτο,
899 3527 1157 3578 δεικνύων
1237 3528 1544 3593 ἀναγκαίαν
1601 3528 1757 3593 αὐτῷ
1814 3528 1910 3595 τὴν

344 3616 598 3687 τοιαύτην
627 3617 768 3686 ὑπὲρ
798 3617 976 3670 αὐτῶν
1003 3620 1280 3688 φροντίδα.
1329 3621 1384 3672 ὐ
1408 3621 1514 3691 γὰρ
1543 3622 1640 3690 τὴν
1670 3622 1912 3674 δουλείαν

342 3707 436 3759 τοῦ
473 3708 807 3775 Εὐαγγελίου
845 3713 1339 3782 ἐγκεχειρισμένος,
1365 3714 1608 3784 ἀνάγκην
1633 3716 1745 3782 ἔχει
1777 3715 1911 3768 πάν-

342 3818 449 3851 των
483 3801 787 3869 φροντίζειν
822 3803 928 3854 τῶν
957 3803 1046 3855 τὸν
1075 3804 1232 3872 λόγον
1268 3805 1748 3876 παραδεχομένων.

422 4084 439 4115 ι
484 4064 743 4133 Δεόμενος
773 4068 826 4118 ετ
855 4083 970 4128 πως
1002 4069 1102 4138 ὴδη
1138 4070 1262 4120 ποτὲ
1301 4070 1710 4140 εὐοδωθήσομαι
1746 4073 1802 4124 ὲν
1832 4071 1908 4142 τῷ

340 4154 608 4224 θελήματι
639 4155 734 4209 τοῦ
772 4158 931 4221 Θεοῦ,
961 4159 1134 4210 ἐλθεῖν
1168 4161 1303 4229 πρὸς
1343 4163 1505 4230 ὑμᾶς.
1547 4181 1565 4213 ο
1603 4163 1717 4214 Νῦν
1741 4180 1909 4232 προσ-

341 4245 524 4314 τίθησι
555 4251 649 4300 καὶ
681 4249 819 4319 ὑπὲρ
868 4251 1009 4311 τίνος
1037 4251 1214 4304 αὐτῶν
1249 4254 1557 4321 μέμνηται·
1606 4254 1773 4323 ’Υπὲρ
1814 4254 1905 4306 τοῦ

347 4359 363 4386 ι
392 4337 585 4402 ἐλθεῖν,
615 4359 632 4389 ι
661 4342 812 4407 φησι,
841 4343 1006 4411 «πρὸς
1028 4343 1375 4412 ὑμᾶς.›”ορα
1408 4344 1464 4396 δὲ
1482 4345 1595 4406 πῶς
1617 4345 1786 4413 ἐφίλει
1808 4347 1905 4413 μὲν

341 4429 557 4494 αὐτοὺς,
591 4432 686 4482 καὶ
737 4431 996 4484 ἔσπευδεν
1033 4435 1192 4484 ἰδεῖν·
1249 4435 1310 4485 ού
1373 4437 1479 4504 μὴν
1527 4437 1673 4506 παρὰ
1712 4437 1769 4488 τὸ
1817 4435 1893 4504 τῷ

340 4519 460 4587 Θεῷ
501 4519 710 4573 δοκοῦν.
776 4523 914 4573 Ἀλλ’
973 4525 1164 4593 ἡμεῖς,
1220 4526 1250 4595 ῆ
1295 4528 1482 4580 οὐδένα
1541 4527 1822 4597 φιλοῦμεν,
1873 4530 1903 4598 ἦ

339 4610 560 4662 ἐπειδὰν
599 4612 910 4683 φιλήσωμέν
945 4634 1095 4681 ποτε,
1135 4619 1283 4685 παρὰ
1317 4619 1378 4670 τὸ
1431 4621 1621 4672 δοκοῦν
1666 4623 1750 4690 τῷ
1789 4619 1907 4687 Θεῷ

340 4702 501 4754 τοῦτο
551 4705 833 4773 ποιοῦμεν.
880 4707 942 4758 '0
1004 4709 1059 4760 δὲ
1110 4711 1338 4773 Παῦλος,
1392 4713 1452 4764 τὸ
1507 4714 1605 4782 μὲν
1657 4713 1908 4782 εὔχεσθαι

338 4791 600 4858 διηνεκῶς
628 4794 702 4860 ὡς
729 4795 794 4847 ἂν
845 4799 1042 4861 αὖτοὺς
1093 4800 1196 4869 ἴδῃ,
1236 4803 1340 4853 ἀπὸ
1399 4804 1617 4873 ἀγάπης
1675 4805 1908 4873 σφοδρᾶς

338 4886 616 4937 ἐποιεῖτο*
653 4888 711 4939 τὸ
746 4888 802 4941 δὲ
832 4891 1074 4943 ὑπείκειν
1107 4894 1182 4961 τῷ
1229 4893 1319 4944 τοῦ
1347 4896 1478 4946 Θεοῦ
1517 4896 1764 4964 νεύματι,
1801 4897 1908 4949 ἀπὸ

339 4978 623 5041 εύλαὸεεας
670 4981 868 5051 πολλῆς
911 4986 1138 5040 ἐδείκνυ.
1184 4987 1292 5038 Καὶ
1337 4989 1494 5056 ἡμεῖς
1539 4993 1594 5040 ἐν
1625 4991 1701 5058 τῷ
1741 4993 1908 5043 αἰτεῖν

338 5071 830 5140 ἀποτυγχάνοντες,
895 5075 968 5145 μὴ
1021 5077 1394 5147 ἀσχάλλωμεν.
1450 5081 1524 5133 Οὐ
1583 5081 1690 5148 γάρ
1742 5084 1907 5151 ἐσμεν

343 5161 556 5214 Παύλου
587 5163 845 5232 βελτίους,
885 5167 941 5229 ὃς
973 5169 1067 5221 καὶ
1095 5171 1234 5240 ὑπὲρ
1267 5170 1357 5221 τοῦ
1395 5174 1656 5234 σκόλοπος
1682 5176 1795 5244 τρὶς
1817 5176 1906 5226 τὸν

342 5253 546 5322 Κύριον
576 5259 922 5325 παρεκάλεσε,
970 5262 1063 5314 καὶ
1114 5261 1212 5315 οὐκ
1243 5261 1436 5332 ἔτυχε·
1486 5264 1642 5316 τοῦτο
1694 5265 1800 5335 γὰρ
1849 5267 1907 5319 τὸ

345 5347 644 5416 συμφέρον.

418 5535 439 5569 ι
481 5517 756 5575 Ἐπιποθῶ
806 5523 914 5595 γὰρ
952 5526 1079 5580 ἰδεῖν
1119 5529 1283 5599 ὑμᾶς,
1319 5531 1403 5584 ἴνα
1453 5550 1504 5586 τι
1551 5535 1764 5605 μεταδῶ
1806 5538 1906 5606 χά-

410 5661 438 5689 ﬂ
461 5648 617 5711 Joan.
639 5671 713 5721 ιν,
736 5659 824 5714 ‘25.

2016 1681 2178 1743 iacio,
2206 1697 2221 1728 ι
2259 1686 2443 1729 teSIem
2485 1675 2694 1725 invocat
2734 1686 2852 1723 eum
2889 1670 2978 1736 qui
3014 1668 3381 1722 cordisabdita
3416 1667 3584 1718 novit.

2016 1773 2224 1826 Intuere
2268 1785 2392 1823 vero
2447 1769 2532 1820 hic
2577 1766 2864 1832 apostolica
2915 1763 3160 1822 viscera,
3217 1758 3581 1826 allectumque

2014 1863 2358 1930 singularem,
2407 1856 2672 1924 siquidem
2727 1856 2924 1921 passim
2980 1852 3225 1905 meminit.
3281 1850 3578 1912 hominum,

2014 1971 2148 2023 quos
2177 1955 2337 2004 ctiam
2392 1966 2494 2002 non
2541 1955 2914 2013 conspexerat.
2956 1944 3056 1997 Ubi
3110 1943 3251 1996 hoc?
3288 1953 3344 1994 to
3398 1955 3584 2008 prcca-

2012 2045 2268 2102 tionibus,
2300 2043 2458 2108 idque
2492 2041 2846 2091 incessanter.
2881 2038 3010 2090 Coto
3035 2049 3212 2088 autem
3260 2048 3451 2095 meum,
3483 2033 3582 2085 hoc

2013 2147 2114 2200 est,
2157 2134 2332 2188 st-rvio
2389 2134 2532 2194 Deo;
2575 2149 2592 2179 ι
2649 2131 2700 2182 in
2738 2129 2928 2195 spiritu
2993 2143 3134 2188 meo,
3196 2146 3212 2176 ι
3253 2127 3302 2178 iu
3338 2135 3438 2184 est,
3477 2139 3578 2174 non

2010 2227 2215 2283 carnali
2247 2226 2429 2286 cultu;
2489 2223 2580 2276 sed
2613 2221 2900 2288 spirituali.
2957 2219 3184 2272 Gentilis
3236 2218 3378 2270 enim
3407 2216 3583 2268 cultus

2014 2329 2069 2375 et
2100 2317 2331 2371 carnalis
2360 2325 2413 2367 et
2447 2327 2710 2366 erroneus
2743 2319 2829 2364 est
2869 2329 2879 2363 :
2913 2309 3172 2363 Judaicus
3202 2321 3401 2369 autem,
3428 2320 3582 2358 erro-

2021 2414 2093 2465 ris
2132 2412 2347 2468 quidem
2379 2422 2596 2475 expers,
2633 2415 2870 2458 attamen
2919 2412 2972 2456 et
3003 2404 3116 2470 ipse
3150 2399 3448 2468 corporalis
3475 2408 3577 2452 est.

2017 2502 2359 2558 Christianus
2395 2509 2570 2551 autem
2602 2498 2798 2557 cultus,
2839 2505 2892 2548 et
2929 2509 3086 2548 verus
3129 2502 3210 2544 est
3245 2501 3300 2545 et
3335 2490 3580 2555 spiritua-

2019 2597 2081 2648 lis
2123 2613 2134 2645 :
2170 2593 2308 2643 ouod
2345 2601 2396 2645 et
2450 2589 2702 2642 Dominus
2756 2587 3111 2639 Samaritanze
3146 2584 3279 2637 dicit
3320 2601 3333 2636 :
3376 2600 3393 2632 ι
3455 2579 3576 2634 Veri

2017 2690 2327 2737 adoratores
2368 2682 2422 2734 in
2474 2681 2665 2748 spiritu
2718 2688 2770 2732 et
2807 2678 3034 2730 veritate
3082 2677 3380 2728 adorabunt
3440 2683 3488 2724 ιι.
3557 2693 3574 2723 ο

2015 2777 2283 2841 Quoniam
2344 2790 2504 2836 vero,
2562 2771 2713 2824 multi
2769 2773 2874 2824 sint
2967 2769 3145 2821 cultus
3206 2766 3345 2819 modi
3419 2765 3580 2832 (alius

2019 2870 2162 2922 enim
2192 2866 2527 2925 Denmcolit,
2557 2863 2738 2930 illique
2762 2858 2980 2914 inservit
3013 2860 3062 2910 in
3093 2871 3312 2910 suarum
3349 2866 3580 2908 tantum-

2992 2953 3127 3006 alius
3169 2951 3469 3019 IIOSpllibus
3528 2963 3581 3000 et

2017 3055 2314 3125 peregrinis
2368 3051 2674 3105 adhibendo
2718 3064 2928 3110 curam,
2974 3061 3036 3098 ac
3067 3045 3348 3096 viduarum
3384 3039 3578 3108 prurie-

2013 3161 2222 3203 cturam
2277 3161 2450 3214 neque
2487 3159 2592 3198 non
2649 3140 3066 3195 sollicitudinem
3104 3138 3358 3204 gerendo,
3396 3133 3578 3185 itidem

2015 3251 2070 3293 ut
2111 3239 2414 3308 Stephanus
2447 3255 2458 3289 :
2520 3234 2655 3288 alius
2710 3236 2760 3287 in
2792 3232 2939 3286 verbi
2980 3227 3330 3292 ministerio),
3363 3233 3580 3292 propter

2014 3335 2113 3386 hoc
2141 3336 2310 3400 ipsum
2334 3332 2528 3385 Paulus
2558 3329 2728 3398 inquit
2758 3346 2768 3379 :
2805 3345 2821 3377 ι
2859 3325 2957 3378 Cui
2989 3336 3086 3390 ego
3114 3321 3289 3372 servio
3322 3320 3373 3369 in
3409 3315 3580 3368 Evan’

2012 3427 2149 3493 gelio
2185 3424 2323 3478 Filii.
2381 3442 2394 3473 ι
2439 3424 2596 3490 Atqui
2647 3437 2809 3488 supra
2851 3419 3015 3478 dixit,
3065 3411 3410 3476 Evangeliutn
3463 3421 3581 3458 esse

2014 3519 2231 3582 l‘atris;
2269 3520 2360 3571 sed
2391 3516 2523 3570 nihil
2579 3515 2797 3566 mirum.
2847 3512 2974 3575 Quae
3024 3507 3164 3560 enim
3227 3502 3404 3557 Patris
3435 3509 3578 3557 sunt,

2013 3612 2133 3666 Filii
2170 3613 2329 3664 etiam
2381 3619 2535 3672 sunt;
2566 3616 2615 3661 et
2651 3621 2769 3674 quze
2797 3603 2942 3666 Filii,
2985 3599 3180 3654 Patris.
3230 3596 3351 3648 "'ch
3400 3602 3577 3644 autem

2013 3718 2463 3764 commemorans,
2491 3698 2853 3753 necessariam
2886 3710 3038 3748 suam
3072 3705 3232 3758 super
3271 3689 3372 3740 illis
3397 3699 3578 3738 curam

2012 3795 2371 3848 demonstrat.
2407 3790 2500 3844 Cui
2535 3790 2674 3842 enim
2719 3785 2991 3851 Evangelii
3020 3777 3370 3835 annuntiantli
3407 3774 3578 3827 servi-

2015 3898 2097 3938 tus
2130 3893 2213 3937 est
2259 3883 2568 3944 commissa,
2619 3878 2691 3930 illi
2741 3889 2960 3929 necesse
2988 3882 3089 3935 est,
3131 3881 3181 3921 ut
3219 3868 3455 3921 omnium
3487 3861 3576 3931 qui

2015 3979 2238 4031 verbum
2277 3983 2625 4042 except-runt,
2663 3983 2846 4023 curam
2887 3973 3051 4034 gerat.

2089 4071 2250 4122 Vens.
2300 4067 2383 4120 lO.
2428 4084 2445 4114 ε
2487 4063 2790 4118 Οιιεοςιοειηε
2821 4061 2862 4112 si
2900 4073 3004 4124 quo
3040 4053 3195 4107 modo
3235 4049 3446 4104 tandem
3477 4046 3575 4099 ali-

2012 4162 2226 4230 quando
2259 4173 2573 4228 prospcrum
2628 4157 2728 4206 iter
2776 4153 3000 4206 habeam
3047 4150 3097 4200 in
3150 4147 3426 4198 voluntate
3460 4140 3574 4199 Dei.

2015 4263 2071 4307 ut
2122 4253 2330 4306 veniam
2367 4252 2432 4301 ad
2483 4264 2586 4300 vos.
2644 4264 2660 4295 ι
2699 4244 2850 4297 Nunc
2906 4241 3107 4308 adjicit,
3144 4253 3246 4306 qua
3298 4236 3365 4289 de
3413 4248 3577 4287 causa

2015 4348 2224 4400 illorum
2253 4342 2576 4403 meminerit,
2607 4353 2815 4405 nempe,
2865 4355 2881 4386 ι
2923 4335 2991 4388 Ut
3038 4332 3269 4391 veniam,
3310 4347 3327 4380 ι
3379 4325 3573 4395 inquit,

2018 4457 2035 4489 ι
2086 4439 2150 4491 ad
2190 4452 2302 4489 vos.
2351 4455 2368 4484 ι
2408 4435 2537 4486 Vide
2566 4442 2741 4484 autem
2775 4444 2934 4497 quam
2970 4428 3209 4494 impense
3238 4419 3454 4490 quidem
3485 4432 3577 4470 eos

2013 4530 2227 4582 amabat
2257 4542 2318 4578 ac
2358 4526 2538 4576 videre
2571 4521 2886 4583 festinabat;
2914 4533 3016 4570 non
3054 4527 3228 4568 tamen
3260 4521 3454 4581 praeter
3482 4523 3575 4561 vo-

2015 4622 2271 4673 luntatem
2307 4618 2416 4670 Dei.
2447 4615 2549 4669 Nos
2585 4629 2735 4676 vero,
2768 4623 2857 4664 aut
2897 4610 3165 4664 neminem
3200 4619 3384 4657 amore
3431 4616 3578 4653 com-

2014 4712 2315 4781 plectimur,
2348 4719 2437 4761 attt
2469 4708 2511 4761 si
2542 4721 2699 4773 quem
2733 4716 2964 4771 unquam
2989 4698 3253 4764 complexi
3293 4695 3571 4751 fuerimus,

2013 4806 2113 4856 hoc
2150 4814 2340 4870 prazter
2372 4800 2699 4853 voluntatem
2746 4796 2836 4848 Dei
2877 4795 3104 4862 agimus.
3133 4791 3398 4844 Cietcrum
3432 4783 3573 4852 quod

2013 4896 2214 4949 Paulus
2234 4896 2289 4964 8
2309 4894 2512 4962 iugiter
2535 4893 2723 4944 Orabat
2742 4890 3018 4942 utvideret
3036 4901 3150 4948 eos,
3169 4898 3230 4936 ex
3265 4876 3567 4933 vehementi

2014 4989 2113 5041 hoc
2140 4987 2400 5038 charitate
2426 4985 2656 5037 faciebat
2691 4999 2702 5036 :
2740 4983 2878 5049 quod
2913 4995 3039 5033 vero
3072 4976 3159 5031 Dei
3187 4972 3335 5027 nutui
3366 4971 3576 5024 obtem-

2013 5088 2187 5149 perat,
2211 5077 2488 5142 religionis
2509 5085 2622 5129 erat
2643 5075 2917 5126 indicium.
2942 5072 3045 5124 Nos
3074 5072 3272 5135 itaque,
3298 5067 3340 5119 si
3362 5064 3574 5132 quando

2013 5185 2229 5240 precum
2289 5182 2590 5220 nostrarum
2651 5181 2752 5218 non
2807 5166 3102 5218 cﬁiciamur
3155 5174 3452 5228 compotes,
3509 5172 3572 5206 ne

2011 5277 2151 5326 arere
2183 5263 2438 5314 feramus.
2477 5260 2658 5327 Neque
2693 5260 2837 5312 enim
2886 5258 3050 5310 l’aulo
3090 5272 3275 5308 sumus
3302 5255 3568 5316 meliores,

2010 5356 2097 5422 qtti
2139 5370 2235 5422 pro
2274 5355 2493 5407 stimulo
2528 5364 2607 5406 ter
2656 5352 2816 5405 Deum
2848 5361 3095 5420 precatus
3125 5361 3222 5410 est,
3264 5364 3362 5400 nec
3398 5359 3570 5399 tamen

2010 5444 2152 5514 quod
2192 5444 2357 5517 voluit
2390 5453 2470 5497 est
2503 5453 2783 5496 assecutus
2815 5459 2827 5493 :
2865 5442 2964 5494 hoc
2992 5441 3132 5493 enim
3167 5440 3237 5491 illi
3264 5437 3482 5506 profuit.

2082 5535 2247 5592 Vens.
2280 5537 2365 5592 il.
2402 5555 2418 5586 ι
2460 5536 2713 5592 Desidcro
2741 5535 2880 5591 enim
2920 5537 3099 5588 videre
3129 5549 3245 5596 vos,
3275 5543 3329 5584 ut
3359 5531 3570 5598 aliquod

1663 5780 1856 5841 Varize
1887 5781 2212 5847 iectiones.

409 5891 453 5922 ⁸³
488 5889 729 5957 δουλείας
753 5910 804 5950 ο.
880 5897 923 5930 ³⁸
948 5897 1078 5967 φησι
1102 5899 1498 5969 παρακλήσεως
1525 5918 1596 5958 ιιι.

1677 5904 1720 5936 ³³
1750 5899 1901 5956 εἶπεν
1929 5919 1978 5959 ο.
