4284 6450
730 419 825 478 367

1639 417 2218 477 THEOPHYLACTI
2267 415 2679 476 BULGARL'E
2717 411 3076 474 ARCHIEP.

3874 407 3980 470 348

733 526 884 574 ma.-
932 521 1129 574 donum
1177 519 1461 589 impertiar
1503 522 1802 591 spirituale.
1852 542 1869 574 ι
1907 523 2009 576 Alii
2050 538 2145 592 pro
2183 524 2302 575 aliis
2339 534 2373 582 Α
2409 541 2425 591 ρ

2289 539 2302 575 5
2339 534 2373 582 Α
2409 540 2576 591 ρισμα
2608 524 2734 591 ὑμῖν
2765 522 3152 590 πνευματικόν.
3213 538 3232 572 ι
3288 518 3470 571 ’Λλλοι
3506 521 3601 586 μὲν
3635 518 3774 587 ὑπὲρ
3805 518 3981 571 ἄλλων

733 616 950 682 quidem
981 615 1140 666 rebus
1179 613 1389 682 longam
1421 613 1806 681 profectionem
1831 616 2130 682 suscipiunt
2161 633 2170 663 .-
2203 631 2299 680 ego

734 720 881 766 vero,
931 704 1124 772 inquit,
1181 721 1198 753 t
1238 713 1294 756 ut
1337 705 1486 757 vobis
1543 706 1741 772 aliquil
1784 707 2085 771 impertiar.
2131 724 2144 749 ι
2191 706 2299 756 lloc

731 807 908 849 autem
953 797 1104 855 dicit,
1152 795 1468 849 modestiam
1501 797 1731 864 spirans.
1781 795 1894 848 Non
1929 798 2070 848 enim
2104 799 2197 859 ait,
2232 796 2299 849 Ut

739 890 1017 940 instituam
1051 903 1166 951 vos,
1201 891 1313 952 sed,
1349 889 1414 942 Ut
1455 892 1594 958 quod
1644 893 1849 958 accepi,
1882 890 2295 944 communicem.

732 982 791 1032 l'lt
834 983 930 1033 hoc
951 996 1163 1050 quoque
1179 985 1428 1049 exiguum
1461 993 1512 1034 et
1548 985 1866 1036 modestum.
1896 983 2082 1046 Porro,
2111 985 2305 1036 donum

729 1072 840 1124 sive
878 1073 1069 1139 gratia,
1103 1086 1257 1125 omne
1294 1073 1342 1124 id
1378 1084 1478 1136 est,
1521 1075 1659 1140 quod
1687 1077 1749 1126 ad
1791 1075 2122 1128 audientium
2164 1090 2310 1126 com-

732 1161 1037 1214 molitatem
1080 1165 1326 1215 doctores
1357 1164 1627 1216 .udicant:
1665 1180 1784 1215 nam
1848 1164 2058 1216 etiamsi
2102 1173 2304 1217 rectum

728 1253 982 1315 olliciu:n,
1007 1265 1059 1306 et
1090 1270 1150 1308 ex
1183 1256 1382 1307 virtute
1405 1255 1600 1306 factmn
1623 1270 1743 1308 esse
1769 1257 2044 1323 videatur,
2073 1266 2308 1310 attamen

2411 615 2718 682 ὀῗοεπορίας
2762 615 2804 644 ’³
2867 615 3083 683 μακρὰς
3133 612 3461 676 στέλλονται,
3503 610 3615 678 ἐγὼ
3652 610 3730 672 δὲ,
3792 610 3980 676 φησὶν,

2417 709 2533 758 «ἵνα
2563 726 2610 758 τι
2642 707 2852 774 μεταδὼ
2878 708 3057 774 ὑμῖν.)
3085 704 3507 774 Μετριοφρονῶν
3540 702 3763 755 δὲτοῦτο
3797 700 3943 764 λέγει
3965 715 3978 727 ⁸

2408 801 2467 849 ού
2510 799 2615 866 γὰρ
2650 799 2820 858 εἶπεν,
2856 799 2974 848 ’Ίνα
3002 796 3215 859 διδάξω,
3260 795 3399 858 ἀλλ’,
3437 794 3558 845 Ἵνα
3591 794 3726 859 ὅπερ
3767 787 3981 849 ἔλαϐον,

2413 887 2644 954 μεταδῶ.
2677 886 2784 938 Καὶ
2815 886 2972 938 τοῦτο
3000 886 3192 956 μικρὸν
3225 886 3318 937 καὶ
3349 884 3686 953 σύμμετρον.
3721 882 3981 948 Χαρισμα

2408 980 2462 1029 δέ
2495 980 2539 1008 ’⁵
2583 981 2699 1030 ἐστι
2739 978 2868 1039 πᾶν,
2922 980 3060 1046 ὅπερ
3089 980 3136 1030 υἱ
3169 976 3476 1030 διδάσκαλοι
3521 978 3599 1036 εἰς
3640 975 3684 1004 ¹⁶
3714 973 3982 1039 ὠφέλειαν

2406 1069 2514 1121 τῶν
2544 1068 2853 1122 ἀκουόντων
2882 1069 3269 1120 ἐνδείκνυνται.
3297 1069 3358 1120 Εί
3393 1066 3499 1135 γὰρ
3531 1065 3624 1118 καὶ
3649 1063 3984 1133 κατόρθωμα

2407 1160 2573 1221 δοκεῖ,
2601 1159 2714 1240 ἀλλ’
2743 1156 2834 1212 οὖν
2866 1162 2960 1213 καὶ
2981 1159 3048 1211 τὰ
3069 1159 3469 1228 κατορθώματα
3489 1157 3644 1228 ήμῶν
3668 1153 3985 1225 χαρίσματά

2409 1256 2531 1317 εἰσι,
2570 1253 2656 1305 διὰ
2691 1254 2749 1306 τὺ
2778 1257 2874 1322 τῆς
2902 1253 3106 1306 ἄνωθεν
3132 1252 3337 1305 δεῖσθαι
3375 1251 3568 1320 ῥοπῆς.

733 1358 874 1399 ιϊριυ
905 1363 964 1402 ac
993 1348 1244 1414 praeclare
1276 1365 1302 1398 a
1329 1349 1479 1401 nobis
1511 1348 1671 1412 facta,
1700 1359 1978 1418 propterea
2017 1351 2157 1418 quod
2199 1363 2430 1417 superno
2453 1363 2585 1415 opus
2647 1349 2879 1401 habeant
2940 1347 3161 1408 auxilio,
3208 1347 3347 1398 dona
3399 1356 3526 1398 sunt
3550 1355 3602 1398 et
3632 1346 3980 1399 charismata'

803 1440 963 1492 Vens.
1005 1438 1088 1491 ιε.
1144 1457 1161 1487 ι
1223 1440 1298 1490 Ad
1357 1440 1757 1494 confirmandos
1806 1456 1898 1494 vos
1934 1461 1945 1494 :
1981 1444 2082 1496 hoc
2121 1451 2298 1494 autem

733 1544 836 1590 t‘~‘l,
870 1542 922 1583 ut
970 1547 1308 1583 communem
1359 1533 1565 1601 capiam
1601 1533 2020 1586 consolationem
2063 1534 2114 1586 in
2147 1534 2300 1585 vobis

2489 1459 2505 1488 ι
2548 1441 2637 1500 Εἰς
2670 1441 2728 1492 τὸ
2762 1438 3120 1509 στηριχθῆναι
3173 1440 3352 1508 ὑμᾶς’
3391 1437 3548 1489 τοῦτο
3583 1438 3640 1490 δέ
3673 1439 3811 1499 ἐστι,
3848 1454 3983 1504 συμ-

2409 1529 2830 1598 παρακληοῆναι
2879 1531 2935 1582 ὲν
2998 1531 3148 1597 ὑμῖν,
3195 1529 3282 1580 διὰ
3332 1529 3429 1598 τῆς
3483 1531 3538 1582 ἐν
3591 1528 3841 1598 ἀλλήλοις
3899 1529 3986 1579 πί-

735 1639 827 1679 [ιι-ιι
869 1633 1104 1673 nmtuam
1134 1623 1293 1675 Iidem
1324 1634 1552 1676 vestram
1579 1624 1734 1676 simul
1770 1634 1823 1676 et
1853 1639 2050 1678 meam.
2093 1643 2111 1674 ι
2139 1624 2300 1677 Clan-
2330 1659 2373 1714 Β
2409 1640 2427 1673 ε

2289 1653 2373 1714 -Β
2409 1640 2573 1681 στεως
2629 1622 2782 1690 ὑμῶν
2831 1640 2889 1674 τε
2942 1623 3037 1676 καὶ
3098 1620 3251 1691 ἐμοῦ.
3308 1641 3326 1671 ι
3377 1621 3764 1682 Λανθανόντως
3816 1620 3981 1682 ἔδειξε

735 1715 909 1764 ι·ιιΙιιιιι
944 1713 1202 1766 indicavit
1229 1712 1390 1764 multa
1441 1713 1572 1781 ipsis
1614 1729 1747 1779 opus
1782 1709 1902 1768 esse
1941 1718 2295 1769 correctione.

737 1808 1022 1870 I'tistqttzttlt
1049 1817 1223 1859 autetn
1252 1815 1305 1860 et
1331 1805 1432 1858 hoc
1453 1807 1603 1860 valde
1626 1807 1906 1861 molestum
1929 1818 2045 1861 erat
2097 1809 2300 1876 (dicere

734 1915 968 1963 namque
1029 1899 1332 1966 potuissent
1365 1898 1540 1963 :Quid
1582 1899 1699 1952 ais?
1732 1898 2128 1953 Concutimur?
2181 1900 2298 1953 Cir-

733 1988 1082 2041 t’llmfr’l‘illllll'
1112 1990 1134 2040 ?
1199 2003 1388 2054 tuaque
1421 1999 1474 2040 ut
1509 1990 1890 2044 coniirmemur
1922 2006 2079 2058 opera
2101 1990 2299 2060 indige-

738 2096 852 2132 mus
874 2081 914 2148 ?)
968 2080 1149 2146 infert,
1203 2100 1219 2131 t
1258 2081 1371 2134 Hoc
1401 2092 1579 2134 autem
1635 2091 1737 2145 est,
1773 2090 1830 2134 ut
1877 2081 2297 2136 consolationem

734 2172 894 2224 simul
941 2173 1177 2240 capiam.
1215 2192 1232 2223 ι
1272 2173 1422 2238 Quod
1471 2188 1598 2226 vero
1647 2173 1744 2239 ait,
1796 2172 2100 2241 hujusmodi
2161 2184 2244 2228 est
2282 2193 2294 2226 :

740 2265 933 2318 Multas
965 2265 1304 2318 sustinuistis
1333 2262 1652 2318 aillictiones
1682 2283 1698 2318 :
1734 2284 1753 2316 ι
1794 2264 2105 2319 Desiderari
2139 2266 2301 2332 igitur

738 2372 832 2406 vos
865 2357 1062 2417 videre,
1104 2375 1123 2407 ι
1159 2366 1214 2408 ιιι
1245 2357 1614 2424 quadantenus
1667 2371 1762 2410 vos
1800 2356 2137 2420 consolarer,
2191 2358 2300 2411 imo

741 2451 937 2516 politts,
974 2458 1030 2502 ut
1057 2459 1110 2502 et
1162 2451 1275 2517 ipse
1309 2449 1731 2503 consolationem
1763 2450 2062 2517 acciperem
2097 2471 2108 2505 :
2145 2464 2297 2502 com-

735 2556 897 2592 mune
932 2540 1073 2592 enint
1109 2541 1207 2592 hoc
1258 2540 1464 2593 lucrum
1500 2550 1600 2592 est.
1635 2539 1797 2604 Quasi
1841 2541 1984 2593 enim
2024 2541 2078 2593 in
2131 2541 2304 2608 capti-

736 2633 904 2682 \‘itatc
942 2631 1218 2698 degentes,
1255 2631 1344 2698 qui
1379 2641 1490 2684 tum
1533 2630 1717 2684 fideles
1746 2641 1917 2693 erant,
1967 2647 2102 2699 opus
2138 2631 2302 2686 habe-

737 2723 865 2774 bant
918 2731 1106 2776 mutuo
1137 2730 1423 2785 conventu,
1455 2737 1561 2788 quo
1601 2723 1842 2788 impense
1891 2723 2022 2775 alter
2071 2723 2301 2777 alterum

737 2813 1173 2868 consolarentur.
1208 2813 1346 2878 Quid
1391 2813 1557 2868 inde?
1601 2813 1738 2867 Num
1769 2823 1822 2867 et
1865 2815 2058 2870 Paulus
2090 2815 2302 2869 illorum

741 2905 941 2957 auxilio
971 2905 1282 2971 indigebat?
1316 2905 1468 2958 Absit
1499 2921 1526 2957 a
1574 2916 1625 2960 te
1663 2905 1830 2970 istud,
1866 2921 1897 2959 ο
1925 2906 2176 2960 Ecclesia:
2210 2922 2304 2962 co-

2417 1715 2616 1782 πολλῆς
2663 1715 2948 1782 δεομένους
2996 1714 3361 1785 διορθώσεως.
3409 1715 3564 1766 Ἐπεὶ
3599 1714 3655 1766 δὲ
3701 1713 3794 1765 καὶ
3827 1712 3986 1764 τοῦτο

2416 1805 2622 1874 σφόδρα
2665 1806 2919 1874 φορτικὸν
2989 1801 3057 1874 ἦν
3114 1801 3290 1875 (εἷπον
3339 1805 3445 1874 γὰρ
3508 1805 3609 1858 ἄν·
3649 1805 3712 1855 Τί
3763 1804 3982 1869 λέγειςς

2411 1898 2755 1967 Σαλευόμεθα
2796 1915 2809 1963 ;
2848 1899 3300 1969 περιφερόμεθα;
3353 1897 3448 1950 καὶ
3481 1896 3573 1950 σοῦ
3619 1896 3853 1966 δεόμεθα
3907 1899 3986 1958 εἰς

2411 1990 2471 2042 1:“;
2504 1989 2922 2059 στηριχθῆναις)
2957 1990 3153 2056 ἐπάγει
3183 2006 3192 2017 ·
3236 2009 3252 2039 t
3297 1988 3468 2041 Τοῦτο
3496 1987 3553 2040 δέ
3597 1988 3734 2047 ἐστι,
3772 2005 3987 2051 συμπα-

2417 2083 2769 2152 ρακληθῆναι.
2819 2103 2836 2135 ι
2879 2085 2945 2135 Ὃ
2984 2083 3211 2150 δὲξλὲγει
3268 2080 3507 2134 τοιοῦτόν
3571 2084 3717 2133 ἐστι·
3781 2082 3984 2139 Πολλὰς

2412 2174 2740 2244 ὑπεμείνατε
2772 2174 2979 2243 θλίψεις
3005 2193 3016 2204 ·
3067 2173 3393 2244 ἐπεθύμησα
3429 2175 3610 2225 τοίνυν
3645 2174 3774 2226 ἰδεῖν
3817 2175 3983 2240 ὑμᾶς,

2411 2266 2499 2318 ἴνα
2531 2284 2582 2318 τι
2632 2267 3028 2336 παρακαλέσωο
3080 2267 3281 2335 μᾶλλον
3311 2266 3389 2328 δὲ,
3431 2265 3518 2317 ἵνα
3555 2265 3648 2317 καὶ
3680 2265 3838 2327 αὐτὸς
3880 2282 3984 2316 7.:-

2415 2357 2679 2427 ρὰκλησιν
2739 2358 3014 2427 δέξωμαι·
3075 2357 3253 2410 κοινὸν
3314 2357 3422 2426 γάρ
3473 2359 3589 2408 ἐστι
3655 2357 3714 2408 τὸ
3775 2356 3980 2426 κέρδος.

2415 2451 2625 2518 Ὥσπερ
2661 2450 2770 2519 γὰρ
2802 2452 2858 2502 ὲν
2897 2450 3249 2519 αίχμαλωσία
3280 2449 3433 2512 ὄντες
3463 2489 3477 2513 ,
3523 2451 3569 2500 oi
3609 2450 3727 2501 τότε
3784 2449 3984 2508 πιστοὶ,

2412 2543 2622 2596 ἐδέοντο
2652 2543 2749 2611 τῆς
2782 2543 2918 2613 πρὸς
2946 2543 3206 2611 ἀλλήλους
3234 2541 3582 2608 συναγωγῆς,
3611 2541 3701 2592 καὶ
3737 2543 3987 2608 μεγάλως

2416 2632 2851 2701 παρεμυθοῦντο.
2886 2632 2950 2685 Τί
2978 2628 3105 2694 οὖνς
3141 2633 3249 2685 Καὶ
3282 2632 3493 2693 Παῦλος
3524 2633 3694 2684 ἐδεῖτο
3723 2632 3819 2697 τῆς
3857 2633 3986 2700 παρ’

2413 2723 2638 2775 ἐκείνων
2686 2725 3043 2794 συμμαχίας;
3104 2727 3351 2791 Ἀπαγε,
3412 2725 3440 2776 ὁ
3499 2724 3598 2792 τῆς
3662 2723 3987 2791 Ἐκκλησῖα;

2415 2815 2641 2876 στύλοςι
2688 2816 2826 2868 Ἀλλ’
2876 2817 2962 2868 ἵνα
3018 2818 3094 2886 μὴ
3143 2817 3508 2888 καταφορικδν
3560 2818 3604 2847 ’⁷
3638 2817 3841 2887 ποιήσῃ
3897 2816 3989 2867 τὸν

2414 2907 2604 2974 λόγον,
2667 2909 2762 2960 καὶ
2814 2908 3012 2978 πλήξῃ,
3072 2909 3145 2973 ὡς
3205 2912 3453 2979 εἴπομεν,
3509 2909 3726 2970 αὐτοὺς,
3797 2907 3986 2959 τούτου

740 2993 951 3044 lamna!
1011 2992 1205 3046 Verum
1255 3008 1322 3047 ne
1373 2995 1733 3062 impetuosum
1775 3010 2078 3050 sermonem
2119 2998 2312 3063 faciat,
2341 3021 2383 3083 ρ
2417 2999 2432 3050 ἓ

2295 3037 2312 3063 ,
2341 3021 2383 3083 C
2417 2999 2603 3051 ἕνεκεν
2638 3000 2734 3052 καὶ
2776 3001 2934 3062 αὑτὸς
2965 3001 3009 3032 ’⁸
3041 3001 3247 3056 δεῖσθαι
3295 3004 3390 3071 τῆς
3420 3002 3549 3072 παρ’
3570 3001 3792 3053 ἐκείνων
3815 3018 3987 3066 7.1;:-

742 3099 874 3134 neve
926 3083 1045 3137 illos
1098 3083 1253 3138 feriat
1307 3100 1401 3139 seu
1440 3086 1713 3154 percellat,
1796 3086 1870 3139 uti
1926 3088 2182 3154 diximus,
2248 3106 2308 3143 ea
2417 3110 2434 3143 δ

2293 3106 2308 3142 ι
2417 3092 2660 3161 κλήσεως
2687 3091 2812 3160 ἔφη.
2851 3093 2909 3143 El
2939 3093 2995 3144 δέ
3050 3111 3131 3154 τις
3177 3094 3408 3146 ἐνταῦθα
3460 3093 3805 3163 παράκλησιν
3850 3088 3985 3143 εἶ-ιῖι

743 3187 961 3243 propter
1000 3187 1054 3230 et
1087 3192 1212 3231 sese
1263 3192 1448 3230 eorum
1505 3179 1892 3233 consolationis
1922 3180 2161 3248 indigere
2213 3183 2308 3237 ait.

749 3269 844 3319 Sin
872 3277 1052 3321 autem
1085 3269 1352 3338 quispiam
1390 3271 1817 3326 consolationem
1852 3273 1938 3326 hic
1967 3274 2162 3327 dixerit
2191 3290 2310 3329 esse

746 3358 1008 3422 ltetitiam,
1043 3375 1201 3428 quam
1234 3363 1303 3416 ob
1341 3361 1463 3415 ﬁdei
1515 3360 1882 3417 Romanorum
1918 3365 2308 3419 incrementum

745 3451 1014 3517 habuerit,
1068 3461 1226 3521 atque
1286 3468 1347 3507 ea
1401 3454 1642 3523 indigere
1690 3453 1938 3518 Paulum,
1998 3467 2145 3510 recte
2197 3471 2313 3511 mea

743 3548 958 3613 quidem
988 3548 1254 3601 sententia
1304 3547 1503 3601 dixerit
1539 3568 1551 3602 :
1586 3549 1728 3618 quod
1758 3560 1811 3602 et
1863 3550 2200 3617 perspicuum
2233 3559 2315 3604 est

746 3653 810 3689 cx
836 3652 902 3690 eo
936 3638 1076 3705 quod
1109 3637 1204 3701 ait,
1241 3655 1258 3688 t
1298 3637 1401 3691 Per
1435 3645 1679 3691 mutuam
1713 3638 1869 3692 fidem
1897 3650 2130 3693 vestram
2156 3641 2314 3695 simul

745 3737 798 3778 et
830 3742 1038 3793 meam;
1080 3746 1099 3779 ι
1135 3736 1192 3782 ut
1214 3729 1286 3783 sit
1315 3728 1428 3782 haec
1452 3729 1719 3784 sententia
1748 3749 1760 3784 :
1801 3729 1910 3800 Ego
1940 3732 2150 3800 quidem
2187 3747 2312 3787 con-

745 3831 928 3885 spema
969 3821 1073 3874 tide
1104 3832 1280 3876 vestra
1326 3823 1564 3877 solamen
1621 3822 1855 3891 capiam,
1895 3833 2056 3892 atque
2092 3824 2316 3880 lzetabor

747 3925 812 3963 ex
847 3911 1029 3964 animo
1061 3930 1074 3965 :
1113 3927 1207 3966 vos
1249 3927 1377 3967 vero
1408 3928 1504 3982 per
1543 3928 1719 3968 meam
1771 3915 1925 3967 ﬁdem
1963 3915 2312 3970 confirmabi-

749 4002 916 4065 tnini,
962 4003 1334 4058 consolatione
1392 4014 1612 4074 accepta
1664 4005 1730 4060 de
1782 4006 1848 4060 iis
1888 4007 2069 4070 rebus,
2119 4008 2315 4075 quibus

2416 3181 2586 3250 λέγει,
2622 3182 2720 3251 τὴν
2775 3184 3137 3254 εὐφροσύνην,
3189 3185 3288 3252 τὴν
3355 3184 3446 3237 ἐπὶ
3484 3188 3548 3254 τῇ
3600 3184 3699 3252 τῆς

2416 3277 2522 3326 τῶν
2580 3277 2867 3346 Ῥωμαίων
2917 3278 3152 3329 ἐπιδόσει
3191 3319 3204 3339 ,
3262 3279 3353 3330 καὶ
3409 3277 3612 3346 ταύτης
3657 3277 3862 3329 δεῖσθαι
3902 3276 3989 3327 τὶ)

2419 3367 2653 3429 Παῦλον,
2690 3368 2868 3430 καλῶς
2895 3369 2960 3421 ἂν
2995 3369 3137 3420 εῐποι
3155 3385 3166 3398 ·
3192 3369 3220 3421 ὃ
3245 3369 3423 3438 δῆλον,
3449 3369 3545 3420 καὶ
3568 3371 3630 3421 ἐκ
3658 3370 3754 3419 τοῦ
3776 3368 3954 3433 λέγειν
3978 3385 3987 3394 ·

2430 3479 2445 3510 ι
2482 3459 2583 3512 Διά
2604 3460 2703 3528 τῆς
2732 3462 2788 3512 ὲν
2815 3459 3062 3529 ἀλλήλοις
3093 3461 3326 3523 πίστεως
3362 3460 3514 3529 ὑμῶν
3543 3477 3599 3512 τε
3632 3461 3724 3511 καὶ
3756 3458 3925 3527 ὲμοῦ’
3971 3477 3986 3503 ι

3757 3201 3987 3243 πίστεως

2421 3553 2494 3615 ὡς
2521 3549 2662 3606 εἶναι
2691 3555 2782 3606 τὸν
2811 3556 2966 3622 λόγον
2997 3556 3267 3609 τοιοῦτον
3298 3557 3406 3608 Καὶ
3439 3555 3547 3622 ἐγὼ
3590 3555 3710 3624 μὲν,
3744 3554 3864 3605 ἰδὼν
3896 3553 3993 3621 τὴν

2423 3649 2604 3699 πίστιν
2641 3648 2814 3717 ὑμῶν,
2850 3649 3349 3718 παρακληθήσομαι
3380 3649 3474 3701 καὶ
3505 3647 3954 3717 εὑφρανθήσομαι
3976 3663 3988 3674 ·

2423 3740 2517 3792 καὶ
2550 3741 2708 3809 ὑμεῖς
2739 3741 2818 3802 δὲ,
2850 3740 3076 3809 ὑπὸτῆς
3130 3743 3187 3793 ὲν
3240 3742 3362 3808 ἐμοὶ
3417 3740 3655 3801 πίστεως
3699 3739 3995 3807 στηριχθήο

2422 3831 2606 3894 σεσθε,
2646 3831 3137 3902 παραμυθηθέντες
3172 3835 3256 3899 ἐφ’
3290 3827 3367 3894 οἷς
3411 3832 3542 3894 ἴσως
3579 3832 3665 3884 δια
3726 3832 3991 3908 {impositi-

2419 3923 2540 3991 χίαν
2575 3924 2886 3978 σαλεύεσθε.
2931 3923 3070 3975 ’Λλλ’
3101 3926 3160 3976 οὗ
3204 3925 3375 3977 ταῦτα
3391 3924 3537 3990 λέγει
3561 3923 3828 3990 φανερῶς,
3865 3924 3994 3973 ἀλλὰ

2421 4015 2700 4082 μεθοδεύει
2733 4019 2821 4070 τὸν
2860 4019 3042 4085 λόγον,
3074 4019 3146 4082 ὡς
3177 4020 3417 4087 εἴρηται.

747 4099 975 4152 fortasse
1020 4113 1128 4168 pm
1193 4098 1633 4167 pusillanimitate
1683 4101 2050 4155 concutimini.
2107 4100 2303 4157 Verum
2346 4107 2455 4160 haec
2482 4125 2585 4164 non
2613 4123 2798 4180 aperte
2822 4114 2968 4179 dicit,
3001 4115 3093 4167 sed
3152 4114 3451 4166 orationem
3530 4112 3819 4164 artiﬁcioso
3860 4126 3991 4160 cm-

748 4190 901 4253 tcxit,
930 4191 1006 4243 uti
1038 4191 1235 4245 dictum
1263 4199 1365 4245 est.

819 4283 981 4337 Vens.
1025 4285 1109 4336 15.
1158 4303 1175 4334 t
1235 4283 1366 4338 Nolo
1410 4293 1587 4338 autem
1638 4299 1736 4338 vos
1790 4285 2061 4355 ignorare,
2096 4286 2309 4349 fratres,
2349 4293 2390 4348 ί)

749 4375 890 4440 quod
934 4387 1074 4440 s:cpe
1123 4376 1376 4443 proposui
1413 4378 1596 4429 venire
1649 4376 1715 4429 ad
1748 4391 1864 4438 vos,
1914 4387 1965 4429 et
2014 4378 2314 4445 prohibitus

751 4481 867 4518 Stttl‘t
901 4465 1200 4531 hucusque.
1247 4486 1263 4516 ι
1313 4466 1600 4535 Postquam
1670 4483 1830 4535 supra
1889 4468 2122 4533 dixerat,
2178 4469 2314 4538 Opto

750 4556 935 4609 venire
961 4558 1025 4610 ad
1054 4573 1164 4618 vos,
1229 4574 1290 4610 ac
1357 4559 1644 4612 verisimile
1701 4571 1816 4612 erat
1866 4563 2127 4628 quosdam
2165 4563 2315 4631 cogi-

752 4654 868 4699 tare
891 4662 1090 4711 secum,
1134 4647 1189 4702 Si
1228 4659 1380 4716 optas
1407 4659 1457 4703 et
1489 4650 1829 4718 concupiscis
1857 4649 1911 4718 9
1936 4651 2222 4713 consolari,
2262 4661 2314 4705 et

750 4741 1173 4795 consolationem
1214 4757 1399 4796 rursus
1421 4743 1685 4811 accipere,
1729 4743 1856 4810 quid
1895 4751 1977 4796 est
2009 4745 2150 4812 quod
2187 4758 2312 4812 pro-

752 4831 956 4891 hibeat,
1016 4848 1119 4899 quo
1179 4836 1355 4887 minus
1400 4835 1619 4888 venias?
1678 4835 1984 4896 subintulit,
2057 4835 2311 4902 quoniam

757 4941 775 4972 ι
823 4922 1132 4976 Prohibitus
1161 4939 1277 4977 sum
1319 4945 1336 4974 ι
1375 4941 1401 4977 a
1444 4926 1572 4979 Deo.
1598 4925 1981 4980 Animadverte
2005 4942 2152 4989 vero,
2177 4942 2313 4994 quo-
2356 4941 2364 4948 ’

755 5015 910 5067 modo
942 5031 1045 5067 non
1078 5016 1289 5068 curiose
1317 5017 1552 5085 inquirat
1578 5034 1675 5070 cur
1721 5019 1788 5072 sit
1821 5018 2146 5085 prohibitus.
2181 5018 2314 5071 Nam

756 5105 1054 5159 Dominicis
1107 5109 1374 5161 mandatis
1403 5109 1558 5177 plane
1597 5111 1932 5179 obsequitur,
1963 5111 2216 5164 erudiens
2267 5119 2321 5163 et

762 5213 882 5262 nos,
922 5213 990 5252 ne
1025 5199 1242 5252 curiose
1275 5199 1590 5268 indagemus
1615 5217 1678 5254 ea
1711 5219 1832 5270 qua:
1866 5203 2005 5256 Deus
2033 5201 2180 5256 facit.
2215 5201 2320 5254 De-

760 5289 972 5342 nuntiat
1000 5289 1184 5358 itaque
1228 5289 1509 5357 Romanis,
1536 5294 1676 5361 quod
1730 5309 1833 5347 non
1890 5310 1984 5362 per
2015 5294 2317 5349 socordiam

761 5391 852 5432 aut
884 5393 1258 5450 contemptum
1296 5400 1400 5437 non
1439 5387 1669 5440 venerit.
1701 5387 1850 5440 Adeo
1882 5388 2024 5441 enim
2073 5389 2326 5439 ardenter

756 5484 857 5524 vos
875 5473 1055 5540 diligo,
1080 5475 1270 5544 inquit,
1298 5489 1354 5530 ut
1377 5492 1550 5545 neque
1571 5479 1869 5547 prohibitus
1893 5479 2216 5545 destiterim,
2234 5477 2324 5532 sed

2496 4312 2514 4341 ι
2549 4294 2622 4345 0-3
2661 4293 2799 4344 θέλω
2822 4293 2876 4344 δὲ
2907 4293 3044 4358 ὒμίς
3072 4292 3310 4355 ἀγνοεῖν,
3340 4289 3579 4356 ἀδελφοὶ,
3618 4288 3700 4340 ὃτι
3735 4287 3994 4347 πολὶακες

2424 4385 2734 4452 προεθέμην
2762 4385 2894 4452 πρὸς
2919 4384 3061 4450 ὑμᾶς
3096 4382 3289 4443 ἐλθεῖν,
3324 4382 3418 4434 καὶ
3440 4380 3722 4448 ἐκωλύθην
3746 4380 3873 4448 ἄχρι
3902 4382 3994 4430 τοι]

2422 4475 2600 4544 δεῦρο.
2647 4494 2663 4524 ι
2711 4473 2927 4542 Ἐπειδὴ
2957 4475 3218 4542 ἀνωτέρω
3243 4471 3415 4529 εἶπεν.
3436 4473 3517 4524 ὅτι
3551 4471 3796 4541 Εὑχομαι
3822 4473 3995 4522 ἐλθεῖν

2424 4563 2559 4632 πρὸς
2598 4563 2760 4630 ὑμᾶς,
2800 4561 2945 4623 εἰκὸς
2982 4561 3036 4612 δὲ
3087 4557 3154 4630 ἦν
3204 4579 3353 4624 τινας
3410 4563 3743 4630 ὑπονοῆσαι,
3803 4562 3882 4613 δτι
3937 4563 3996 4612 lii

2422 4655 2553 4723 εὓχῃ
2596 4655 2689 4707 καὶ
2736 4653 3021 4721 ἐπιθυμεῖς
3056 4653 3460 4721 παρακαλέσαι,
3514 4653 3608 4705 καὶ
3641 4651 3996 4720 παρακληθῆο

2419 4764 2525 4806 ναι,
2551 4748 2599 4796 τί
2621 4747 2678 4797 τὸ
2706 4746 2912 4799 κωλύον
2943 4744 3147 4809 ὲλθεῖν;
3174 4748 3474 4815 ἐπήγαγεν,
3500 4747 3579 4798 ὅτι
3609 4763 3626 4795 t
3652 4743 3992 4810 Ἑκωλύθηνι

2421 4838 2593 4889 ὲλθεῖν
2627 4837 2728 4890 ὑπὸ
2755 4836 2889 4889 Θεοῦ
2915 4839 2978 4891 ⁸⁸.
3016 4839 3161 4908 Ὅρα
3204 4838 3279 4900 δὲ,
3320 4838 3437 4900 πῶς
3481 4838 3540 4888 οὐ
3577 4837 3994 4904 περιεργαζεταε

2423 4929 2509 4980 διίι
2551 4931 2600 4979 τί
2637 4929 2907 4997 ἐκωλύθη,
2960 4928 3073 4979 ἀλλ’
3116 4929 3329 4980 ὑπείκει
3390 4929 3432 4959 ³ο
3478 4931 3588 4989 τοῖς
3645 4930 3996 4983 Δεσποτικιῖς

2427 5018 2835 5086 προστάγμασι,
2863 5018 3133 5070 παιδεύων
3166 5021 3258 5070 καὶ
3289 5020 3456 5088 ἡμᾶς,
3482 5019 3565 5069 ἵνα
3593 5021 3666 5085 μὴ
3699 5033 3997 5084 περιεργα-

2425 5109 2644 5175 ζώμεθα
2664 5109 2699 5162 ἆ
2722 5113 2748 5160 ὁ
2776 5111 2906 5172 Θεὲς
2937 5113 3099 5164 ποιεῖ.
3131 5111 3412 5162 Δείκνυσιν
3434 5106 3525 5160 οὗν
3545 5111 3654 5170 τοῖς
3681 5107 3994 5174 ⁹ῐὐ›μαίοι;,

2429 5203 2508 5253 δτι
2539 5203 2598 5253 οὑ
2627 5202 2714 5252 διὰ.
2761 5202 3055 5271 ρᾳθυμίαν,
3096 5203 3128 5271 ἢ
3161 5201 3590 5269 καταφρόνησιν,
3644 5199 3745 5249 οὐκ
3777 5200 3993 5266 ὴρχετο.

2431 5293 2695 5344 Τοσοῦτον
2726 5292 2832 5362 γὰρ
2865 5293 3220 5360 περικαίομαι
3254 5292 3429 5359 ὑμῶν,
3458 5290 3540 5340 ὅτι
3568 5289 3686 5339 οὐδὲ
3722 5285 3997 5352 κωλυόμε-

2433 5402 2519 5446 νος
2553 5385 2888 5451 ὰφιστὰμην,
2949 5385 3084 5436 ἀλλὰ
3115 5383 3276 5435 πάλιν
3315 5382 3407 5432 καὶ
3455 5381 3614 5430 πάλιν
3676 5376 3995 5447 ἐπεχείρυυι

2435 5475 2628 5539 ἐλθεῖν,
2669 5475 2755 5526 διὰ
2781 5475 2879 5544 τὴν
2908 5474 3140 5544 σφοδρὰν
3178 5473 3305 5542 περὶ
3328 5472 3469 5540 ὑμᾶς
3498 5471 3736 5538 ἀγάπην.

765 5561 961 5616 iterum
990 5577 1153 5635 atque
1190 5569 1381 5623 iterum
1421 5579 1644 5624 conatus
1667 5585 1785 5624 sum
1821 5570 2024 5636 venire,
2058 5572 2124 5624 ob
2159 5572 2530 5624 vehementem
2558 5584 2680 5635 erga
2718 5583 2813 5620 \US
2845 5566 3206 5619 d.|cctiouetn.

2083 5730 2280 5790 Variae
2314 5730 2639 5792 lectiones.

839 5853 885 5884 τίν
910 5848 1210 5915 subruta;
1232 5872 1284 5908 υ,
1363 5855 1405 5886 ³³
1438 5855 1546 5920 γὰο
1575 5873 1624 5911 o.
1699 5857 1744 5888 “
1765 5855 1898 5923 πρὸς
1924 5875 1974 5911 o.

2054 5860 2097 5890 ³⁷
2130 5859 2439 5922 κατάιρορον
2463 5874 2512 5914 ο.

2595 5860 2639 5890 ’⁸
2677 5859 2763 5910 ἵσ.
2803 5856 2987 5910 αὑτόν.
3031 5857 3076 5888 ⁸⁸
3109 5854 3258 5923 παρὰ
3288 5852 3424 5906 Θεοῦ
3447 5869 3499 5908 o.
3577 5853 3624 5887 ³⁸
3657 5852 3915 5906 ὑπέκειτο
3946 5870 4000 5906 ι).
