4284 6450
315 389 420 452 31.9

318 591 376 642 ἐν
405 592 515 653 τοῖς
548 591 755 654 λοιποῖς
788 591 1016 646 ἔθνεσιν.
1061 611 1076 642 ι
1130 592 1348 663 Ἐπειδὴ
1380 592 1738 662 περίϐλεπτος
1765 588 1832 664 ἦν
1867 596 1898 662 ἡ

321 683 496 747 πόλις,
535 684 626 735 καὶ
682 686 883 747 πάντες
926 685 1060 751 πρὸς
1105 684 1273 752 αὐτὴν
1327 687 1637 755 συνέρρεον,
1691 688 1778 740 διὰ
1834 688 1903 740 τὰ

322 774 376 823 ἐν
401 774 534 842 αύτῇ
566 775 608 803 ³¹
642 774 915 843 Θαύματα,
947 775 1040 826 καὶ
1069 773 1165 844 τὴν
1193 775 1349 840 δόξαν
1380 776 1572 843 αὐτῆς,
1599 778 1688 830 ἵνα
1717 780 1788 846 μή
1822 772 1920 838 τις

322 864 514 933 νομίσῃ
563 865 652 916 τὸν
685 866 894 917 Παῦλον
933 865 1019 918 δια
1070 867 1166 932 τὴν
1199 868 1369 934 αὐτὴν
1398 867 1576 920 αἰτίαν
1620 869 1902 937 ἐπιθυμεῖν

321 959 419 1026 τῆς
445 959 572 1020 θέας
613 959 815 1021 αὐτῶν,
843 961 974 1028 φησί
995 974 1008 986 ·
1044 960 1140 1010 Διὰ
1181 959 1335 1011 τοῦτο
1366 961 1673 1028 ἐπεθύμουν
1706 963 1898 1028 ἐλθεῖν,

341 1070 356 1099 ι
382 1051 469 1102 ἵνα
500 1052 620 1102 τινα
652 1051 862 1119 καρπὸν
899 1051 1034 1119 σχῶ.
1078 1051 1256 1119 »Ἅμα
1285 1051 1339 1101 δὲ
1359 1051 1450 1101 καὶ
1469 1052 1562 1119 τὴν
1580 1051 1743 1120 ἄλλην
1768 1053 1902 1106 ὑπό-

323 1159 470 1193 νοιαν
525 1142 673 1194 λύειο
718 1143 846 1205 ἴσως
886 1143 993 1212 γὰρ
1028 1138 1178 1193 εἶπεν
1230 1141 1292 1194 ἄν
1328 1157 1435 1204 τις,
1479 1143 1559 1193 ὅτι
1599 1143 1696 1194 Διὰ
1743 1142 1902 1194 τοῦτο

326 1235 588 1294 ἐκωλύον,
623 1236 756 1288 διότι
790 1237 849 1286 ού
885 1236 1023 1287 κατὰ
1056 1236 1186 1286 Θεὸν
1221 1232 1395 1284 ἐλθεῖν
1441 1233 1680 1287 ἐϐούλου.
1734 1236 1901 1304 Φησὶν

325 1327 440 1388 (ὗν,
473 1330 551 1378 ὅτι
580 1329 804 1396 Καρπὸν
848 1331 991 1397 σχεῖν
1019 1329 1340 1398 ἐϐουλόμην.
1382 1330 1497 1383 Οὐκ
1530 1324 1650 1381 εἷπε
1675 1327 1752 1390 δὲ,
1787 1328 1902 1378 Ἵνα

327 1424 645 1489 κατηχήσω,
688 1422 773 1472 ἵνα
817 1421 1044 1484 διδάξω·
1076 1423 1211 1474 ἀλλὰ
1264 1421 1689 1493 μετριοφρονῶν,
1722 1443 1738 1470 ι
1787 1422 1903 1473 Ἱνα

324 1516 445 1564 τινὰ
490 1513 700 1582 καρπον
736 1514 847 1582 σχῶ
872 1528 886 1542 ο
930 1532 947 1562 ι
983 1514 1170 1582 ὥσπερ
1197 1517 1289 1567 καὶ
1323 1514 1594 1582 ἀνωτέρω,
1636 1531 1654 1564 ι
1693 1513 1808 1564 Ἵνα
1849 1529 1902 1564 τι

330 1605 542 1674 μεταδῶ
573 1604 836 1674 χάρισμα.
867 1625 884 1655 ι
917 1606 1223 1657 Συστέλλων
1249 1606 1303 1657 δὲ
1335 1607 1428 1658 καὶ
1474 1606 1691 1668 αότοὺς,
1727 1603 1896 1673 φησί·

332 1715 349 1745 ι
388 1697 579 1757 Καθὼς
605 1699 697 1750 καὶ
729 1699 784 1748 ἐν
816 1700 926 1758 τοῖς
951 1698 1158 1757 λοιποῖς
1181 1696 1379 1748 ἔθνεσι.
1412 1714 1428 1745 ›
1461 1696 1551 1765 Μὴ
1580 1696 1686 1762 γὰρ
1715 1694 1900 1762 ἐπειδὴ

329 1788 663 1856 βασιλεύετε,
710 1791 964 1858 νομίσητε
1021 1791 1302 1856 κρείττους
1349 1783 1485 1840 εἶναι
1542 1789 1651 1838 τῶν
1697 1785 1897 1839 λοιπῶν

327 1880 527 1932 ἐθνῶνο
565 1882 622 1932 ἐν
652 1881 740 1951 ἴση
764 1883 873 1950 γὰρ
905 1879 1055 1943 τάξει
1087 1879 1328 1934 ἵστασθε.

330 2086 554 2123 Citlllllll.

404 2180 422 2211 ι
463 2162 688 2229 Ἕλλησί
739 2178 795 2212 τε
829 2163 920 2214 καὶ
953 2161 1281 2231 Βαρὸἀροις,
1323 2165 1501 2228 σοφοῖς
1529 2178 1587 2212 τε
1623 2161 1711 2212 καὶ
1748 2160 1906 2228 ἀνοή-

326 2271 440 2315 τοις
469 2253 752 2322 ὀφειλέτης
783 2255 918 2322 εἰμί.
952 2253 1107 2306 Οὕτω
1144 2255 1202 2305 τὸ
1232 2254 1347 2305 κατ’
1376 2255 1471 2324 ἐμὲ
1510 2254 1785 2323 πρόθυμον
1812 2253 1905 2304 καὶ

327 2347 455 2412 ὑμῖν
483 2349 587 2402 τοῖς
618 2347 671 2396 ἐν
719 2347 900 2414 Ῥώμῃ
930 2345 1404 2412 εὐαγγελίσασθαι.
1444 2365 1460 2396 i
1493 2346 1601 2397 Καὶ
1623 2346 1779 2396 τοῦτο
1806 2361 1903 2414 με·

326 2438 750 2507 τριοφροσύνης.
793 2438 960 2494 Ούδέν
1016 2440 1142 2507 γὰρ,
1188 2437 1372 2504 φησὶν,
1430 2435 1537 2503 ἐγὼ
1585 2436 1898 2506 χαρίζομαι,

331 2531 446 2583 ἀλλ’
509 2530 789 2595 ἐπίταγμα
848 2529 1036 2595 πληρῶ
1099 2529 1444 2592 Δεσποτικὸν,
1507 2533 1602 2580 καὶ
1658 2527 1734 2595 τῷ
1785 2529 1903 2597 Θεῷ

329 2620 670 2687 εὐχαριστεῖν
719 2619 798 2669 δεῖ
855 2620 1025 2688 ὑμᾶς’
1085 2621 1288 2680 ἐκεῖνος
1341 2619 1448 2686 γὰρ
1496 2621 1522 2669 ό
1576 2619 1899 2689 εὐεργετῶν,

331 2714 440 2779 ἐγὼ
462 2713 514 2764 δὲ
538 2713 817 2779 ὀφειλέτης
849 2714 983 2779 εἰμὶ,
1011 2713 1102 2763 καί
1129 2713 1499 2780 ἀπαραίτητον
1528 2714 1684 2782 γρέος
1707 2712 1812 2781 ἔχω
1840 2713 1900 2764 τὸ

329 2805 619 2875 κηρύττειν
650 2822 662 2834 ν
691 2805 717 2856 ὃ
753 2805 844 2856 καὶ
895 2805 1005 2865 τοῖς
1056 2803 1357 2873 Κορινθίοις
1388 2804 1490 2872 ἔφη
1513 2821 1525 2834 ·
1564 2823 1579 2853 ‹
1643 2804 1776 2855 Οὐαί
1815 2820 1901 2872 μοι

331 2897 426 2947 ἐὰν
478 2897 550 2965 μὴ
596 2894 1052 2963 εὐαγγελίζωμαι.
1109 2913 1126 2944 ι
1168 2895 1448 2963 Πρόθυμος
1497 2894 1587 2946 οἷον
1644 2895 1756 2964 είμι
1812 2897 1902 2947 καὶ

331 2990 460 3056 ὑμῖν
489 2989 740 3057 κηρύξαι,
774 2989 874 3039 κᾶν
905 2987 1134 3038 κίνδυνοι
1171 2987 1514 3056 προορῶνται
1536 3003 1547 3015 ·
1583 2986 1749 3049 οὕτως
1785 2986 1898 3049 ἔζεε

329 3083 395 3149 τῇ
427 3082 562 3150 ὑπὲρ
598 3079 690 3132 τοῦ
725 3079 960 3148 Χριστοῦ
996 3078 1220 3148 σπουδῇ.

411 3371 428 3401 ι
469 3349 544 3402 Οὐ
594 3349 698 3419 γὰρ
732 3349 1129 3419 ἐπαισχύνομαι
1177 3349 1236 3401 τὸ
1277 3349 1608 3416 Εὐαγγὲλιον
1639 3347 1730 3401 τοῦ
1767 3348 1900 3419 Χρι-

1139 388 1551 451 EXPOSITIO
1590 392 1667 451 ΙΝ
1700 391 1937 454 EPIST.
1983 395 2081 455 AD
2127 397 2309 457 ROM.
2345 423 2410 433 -·
2441 401 2602 461 CAP.
2638 402 2682 460 Ι.

394 519 413 551 ι
453 498 568 553 Ἰνα
612 500 732 553 τινὰ
774 502 984 573 καρπὸν
1033 502 1145 572 σχῶ
1177 505 1271 555 καλ⁸
1303 505 1360 554 ἐν
1392 505 1539 574 ὑμῖν,
1570 503 1750 567 καθὼς
1797 507 1891 558 καὶ
1925 515 1966 569 Α

3471 415 3572 472 350

2073 528 2091 560 ι
2130 508 2200 564 Ut
2234 511 2466 564 fructum
2487 515 2733 580 ‘aiiqnem
2768 512 2989 567 habeam
3023 516 3074 569 in
3117 517 3281 579 vobis,
3315 524 3572 586 quemad-

2013 603 2227 655 modum
2261 613 2314 656 ct
2345 604 2395 656 in
2439 605 2659 673 reliquis
2694 606 2962 673 gentibus.
3002 626 3019 658 ι
3060 608 3192 672 Quia
3230 611 3576 664 celeberrima

2005 701 2123 746 erat
2153 698 2299 758 urbs,
2331 703 2387 748 et
2436 711 2626 748 omnes
2671 700 2736 748 ad
2794 713 2911 751 eam
2961 698 3299 753 conﬂuebant
3357 714 3574 770 propter

2007 785 2244 836 miranda
2265 802 2382 852 qua:
2409 786 2459 838 in
2493 788 2608 854 ipsa
2635 793 3031 852 Spectaliantur,
3053 801 3105 842 et
3129 794 3575 858 magnificentiam

2003 874 2142 942 ejus,
2180 891 2245 928 ne
2290 877 2409 942 quis
2459 878 2752 937 existimet,
2802 882 2941 945 quod
2996 881 3190 935 Paulus
3229 883 3296 936 ob
3335 886 3577 937 eamdem

2005 981 2219 1019 causam
2263 981 2356 1020 eos
2408 970 2585 1022 videre
2639 969 2940 1034 desideret,
2979 972 3203 1041 Propter
3238 975 3356 1036 hoc,
3389 977 3577 1043 inquit,

2002 1058 2373 1112 desiderabam
2396 1062 2597 1124 venire,
2631 1081 2644 1110 ι
2684 1062 3002 1116 utfructum
3026 1065 3252 1132 aliquem
3276 1067 3524 1121 habeam.
3559 1089 3574 1119 ι

2003 1148 2169 1203 Simul
2201 1162 2374 1205 autem
2434 1163 2487 1206 et
2536 1155 2695 1207 aliam
2728 1155 3088 1230 suspicionem
3144 1158 3316 1212 diluit.
3373 1159 3578 1214 Forsan

2002 1243 2140 1295 enini
2181 1244 2401 1297 dixisset
2437 1246 2720 1312 quispiam,
2774 1246 2900 1299 Eam
2936 1249 3003 1300 ob
3032 1252 3578 1315 causamprohibelia-

2006 1334 2098 1398 ris,
2124 1336 2263 1404 quod
2314 1352 2418 1387 non
2463 1337 2758 1390 secundum
2789 1336 2878 1391 Dei
2909 1339 3234 1394 voluntatem
3272 1344 3456 1396 venire
3483 1360 3577 1396 vo-

2003 1425 2164 1479 lueris
2208 1443 2220 1478 :
2251 1427 2380 1480 dicit
2416 1428 2578 1491 igitur
2601 1468 2615 1490 ,
2652 1430 2908 1482 Fructum
2940 1433 3134 1486 habere
3162 1435 3425 1491 volebam.
3467 1435 3579 1490 Non

2002 1527 2177 1569 autem
2202 1517 2297 1580 ait,
2328 1517 2391 1569 Ut
2412 1519 2706 1584 instituam,
2735 1532 2790 1573 ut
2816 1521 3054 1587 doceam,
3086 1539 3269 1577 verum
3304 1528 3580 1582 moderate

2004 1607 2249 1676 loquens,
2294 1625 2310 1658 ι
2356 1605 2424 1660 Ut
2452 1609 2686 1675 aliquem
2743 1610 2972 1666 fructum
3009 1615 3260 1670 habeam.
3304 1635 3322 1666 ι
3358 1616 3580 1671 Perinde

2001 1712 2063 1749 ac
2094 1711 2275 1762 supra,
2323 1717 2339 1747 ι
2382 1695 2454 1750 Ut
2482 1699 2694 1767 aliquod
2726 1704 2918 1754 donum
2950 1704 3273 1772 impertiam.
3310 1724 3328 1757 ι
3370 1706 3580 1760 Illorum

2005 1797 2182 1839 autem
2209 1788 2398 1841 fastum
2426 1806 2792 1858 compescens,
2828 1793 3020 1860 inquit,
3061 1813 3078 1845 ι
3114 1796 3574 1860 Quemadmodum

1931 1861 1972 1914 Β
2003 1887 2051 1930 et
2102 1878 2152 1930 in
2203 1879 2420 1948 reliquis
2448 1882 2710 1946 gentibus.
2750 1900 2768 1932 ι
2804 1880 2918 1935 Non
2952 1885 3092 1936 enim
3127 1887 3250 1952 quia
3293 1889 3574 1954 imperium

325 1978 474 2029 orbis
507 1991 671 2044 penes
710 1991 799 2029 \US
829 1982 930 2037 est,
964 1974 1296 2027 arbitremini
1342 1985 1435 2026 vos
1477 1970 1695 2038 reliquis
1728 1971 1975 2040 gentibus
2007 1974 2407 2038 pnestantiores
2487 1988 2604 2028 esse
2636 1991 2649 2025 :

2725 1977 2914 2043 aequali
2979 1978 3120 2031 enim
3162 1980 3347 2034 ordine
3411 1981 3580 2034 colli.-

2079 2153 2243 2206 Vens.
2279 2153 2364 2216 M,
2396 2153 2481 2207 15.
2517 2138 2549 2205 ἐι
2599 2153 2799 2210 Graecis
2844 2165 2896 2208 et
2934 2157 3210 2220 Barbaris,
3253 2159 3580 2228 sapientibus

2007 2259 2060 2302 et
2100 2246 2472 2314 insipientibus
2519 2248 2727 2300 debitor
2781 2265 2921 2302 sum.
2972 2250 3049 2303 lla
3094 2264 3353 2320 quantum
3397 2254 3446 2306 in
3497 2271 3582 2308 me

2008 2349 2111 2403 est,
2147 2345 2366 2407 paratus
2395 2353 2510 2391 sum
2545 2349 2598 2391 ct
2627 2340 2793 2403 vobis,
2829 2341 2918 2408 qui
2952 2339 3135 2396 Roma:
3164 2344 3313 2406 estis,
3347 2359 3580 2412 evange-

2009 2431 2190 2483 lizare.
2230 2448 2248 2480 ι
2286 2428 2397 2483 Hoc
2427 2430 2587 2482 etiam
2619 2445 2681 2482 ex
2713 2431 2966 2484 modestia
3002 2444 3205 2488 manat.
3243 2433 3382 2487 Nihil
3413 2436 3575 2498 enim,

2008 2522 2198 2589 inquit,
2252 2535 2350 2589 ego
2412 2521 2573 2586 dono,
2614 2536 2796 2573 verum
2843 2521 3052 2574 Domini
3108 2525 3211 2577 mei
3263 2525 3572 2578 mandatum

2005 2613 2289 2681 adimpleo,
2319 2611 2530 2679 Deoque
2549 2627 2643 2666 vos
2669 2614 2870 2681 gratias
2891 2628 3050 2682 agere
3080 2616 3330 2668 convenit
3362 2633 3375 2670 :
3410 2618 3578 2686 siqni-

2005 2704 2125 2756 dem
2175 2703 2260 2755 ille
2295 2704 2606 2756 benefactor
2635 2715 2734 2764 est,
2764 2719 2860 2769 ego
2892 2719 3018 2757 vero
3052 2722 3070 2754 ι
3122 2704 3330 2758 debitor
3367 2723 3509 2774 sum,
3559 2728 3575 2758 ι

2005 2808 2056 2849 et
2085 2794 2428 2848 irrecusabile
2450 2794 2686 2848 debitum
2717 2795 2886 2849 habeo
2913 2796 3259 2864 praedicandi,
3278 2799 3448 2864 ipsum
3474 2803 3578 2852 sri-

2005 2888 2124 2957 licet
2182 2902 2421 2939 munus:
2459 2888 2597 2953 quod
2651 2897 2704 2938 et
2757 2887 3051 2941 Corinthiis
3105 2891 3368 2944 dicebat:
3424 2909 3443 2942 ι
3491 2892 3576 2943 Vze

2003 2979 2155 3042 inihi,
2181 2979 2225 3031 si
2258 2993 2359 3029 non
2385 2977 2876 3045 evangelizaver0°.
2911 2998 2928 3029 ι
2954 2978 3185 3034 Proinde
3203 2996 3332 3034 sane
3361 2994 3575 3049 paratus

2003 3087 2119 3123 sum
2151 3079 2202 3123 ct
2246 3070 2395 3122 vobis
2434 3068 2778 3137 Evangelinm
2822 3072 3162 3132 annuntiare.
3195 3073 3403 3126 etiamsi
3430 3076 3572 3141 peri-

2006 3161 2120 3214 cula
2170 3161 2341 3214 oculis
2382 3161 2753 3217 observentur.
2793 3161 2964 3215 Tanto
2996 3162 3048 3216 in
3086 3165 3358 3218 Christum
3381 3164 3576 3234 ﬂagra-

2009 3252 2094 3304 bat
2117 3252 2312 3304 studio.

2078 3342 2241 3396 Vsus.
2271 3342 2356 3396 16.
2389 3363 2406 3394 ι
2443 3343 2553 3395 Non
2579 3343 2720 3396 enim
2747 3344 2906 3412 pudet
2929 3359 3014 3397 me
3043 3343 3316 3412 Evangelii
3359 3344 3577 3399 Christi.

334 3440 496 3492 στοῦ·
529 3439 754 3510 δύναμις
789 3440 896 3509 γὰρ
939 3439 1074 3492 Θεοῦ
1110 3442 1255 3492 ἐστιν
1295 3440 1374 3502 είς
1425 3439 1693 3509 σωτηρίαν
1740 3439 1899 3491 παντὶ
1928 3435 1969 3492 C
2005 3432 2026 3483 Ἰ

1880 3435 1969 3492 XC
2005 3431 2191 3486 Virtus
2239 3434 2380 3486 enim
2419 3432 2508 3486 Dei
2561 3443 2645 3487 est
2683 3434 2748 3486 ad
2799 3435 3025 3488 salutem
3061 3437 3208 3490 omni
3255 3436 3520 3490 credenti.
3555 3453 3572 3486 ι

333 3531 406 3598 τῷ
431 3531 757 3583 πιστεύοντι.
805 3549 822 3581 ι
877 3529 1090 3610 Ἐπειδὴ
1136 3531 1183 3581 oi
1226 3529 1480 3598 Ῥωμαῖοι
1524 3529 1725 3599 σφόδρα
1758 3526 1898 3600 ἦσαν

333 3623 654 3692 ἐπτοημένοι
707 3621 835 3690 περὶ
888 3621 985 3690 τὴν
1033 3621 1127 3673 τοῦ
1181 3622 1384 3688 κόσμου
1429 3620 1607 3686 δόξαν,
1656 3622 1816 3684 αὐτὸς
1842 3623 1899 3675 δὲ

333 3713 522 3782 ἔμελλε
552 3715 842 3784 κηρύττειν
874 3713 963 3764 τὸν
997 3713 1173 3765 πάντα
1203 3712 1268 3764 τὰ
1299 3711 1398 3780 τῆς
1429 3713 1649 3782 ἀτιμίας
1691 3712 1733 3743 ³⁸
1767 3715 1899 3766 ὐπο-

337 3809 594 3875 μεξναντα
646 3806 871 3876 Ἰησοῦν,
905 3807 995 3858 καὶ
1027 3805 1172 3867 εἰκὸς
1212 3801 1280 3875 ἦν
1330 3807 1526 3868 αὐτοὺς
1573 3805 1900 3875 ἐπαισχύνε-

335 3905 457 3953 σθαι
506 3899 728 3967 τοιούτῳ
786 3899 1029 3950 δοκοῦντι
1075 3896 1319 3966 Σωτῆρι·
1367 3897 1452 3949 διὰ
1497 3898 1652 3949 τοῦτό
1701 3914 1893 3966 φησιν·

339 4013 355 4042 ς
406 3995 516 4046 Ούκ
563 3993 958 4062 ἐπαισχύνομαι
984 4007 997 4022 ο
1040 4009 1057 4041 ι
1095 3991 1332 4052 ἐκείνους
1364 3992 1496 4052 τέως
1530 3990 1791 4043 διδάσκων
1823 3991 1894 4060 μή

335 4083 774 4151 ἐπαισχύνεσθαι,
817 4083 1020 4134 ἑπείτοι
1052 4099 1114 4148 γε
1150 4082 1308 4143 αὐτὸς
1363 4083 1423 4133 ού
1462 4083 1620 4149 μόνον
1655 4083 1755 4133 οὐκ
1803 4085 1898 4134 ἐπ-

331 4173 772 4247 ῃσχύνετο,ίάλ).ὰ
799 4174 893 4224 καὶ
924 4173 1378 4236 ἐνεκαλλωπίζετο
1407 4173 1482 4241 τῷ
1503 4175 1898 4243 ἐσταυρωμένῳ

333 4269 426 4318 καὶ
458 4267 801 4334 ἐνεκαυχᾶτο.
837 4266 988 4334 "Ago.
1017 4265 1072 4316 δὲ
1105 4267 1194 4316 καὶ
1224 4267 1406 4335 ἐπειδὴ
1434 4267 1585 4317 αὐτοὶ
1616 4269 1706 4319 ἐπὶ
1740 4269 1897 4336 σοφία

333 4359 666 4428 ἐκόμπαζον,
705 4357 864 4423 Ἐγὼ,
895 4360 1046 4426 φησὶ,
1081 4360 1310 4426 σταυρὸν
1337 4360 1563 4427 ἔρχομαι
1593 4361 1873 4429 κηρύττων

334 4453 425 4503 καὶ
448 4451 507 4501 οὐ
533 4450 620 4502 διὰ
644 4449 798 4502 τοῦτο
821 4448 1162 4517 αἰσχύνομαι·
1190 4450 1454 4517 «Δύναμις
1471 4451 1577 4518 γὰρ
1599 4450 1732 4502 Θεοῦ
1752 4453 1897 4503 ἐστιν

333 4543 414 4602 εἰς
448 4540 719 4608 σωτηρίαν
747 4539 1014 4592 ³³.»Ἐστι
1051 4540 1142 4592 καὶ
1176 4539 1404 4609 δύναμις
1442 4543 1517 4602 εἰς
1545 4541 1788 4607 κόλασιν,
1824 4542 1898 4605 ὡς

332 4635 444 4693 τοῖς
475 4631 786 4698 Αίγυπτίοις
817 4631 1147 4684 ἐνεδείκνυτο
1177 4633 1205 4683 ὁ
1230 4633 1359 4695 Θεὸς
1389 4633 1486 4700 τὴν
1534 4633 1698 4685 αὑτοῦ
1741 4635 1898 4687 δύνα-

337 4739 452 4792 μιν,
483 4723 723 4783 κολάζων
741 4721 956 4784 αὐτούς.
980 4722 1136 4774 Ἔστι
1165 4725 1259 4775 καὶ
1286 4725 1364 4786 εἰς
1397 4724 1692 4788 ἀπώλειαν,
1725 4724 1797 4786 ὡς
1816 4725 1893 4788 τὸ,

2004 3526 2136 3579 Cum
2163 3524 2387 3578 Romani
2419 3525 2484 3578 ad
2513 3525 2694 3578 mundi
2720 3525 2875 3590 hujus
2900 3525 3121 3595 gloriam
3151 3526 3374 3580 mirifice
3404 3528 3585 3580 obstu-

2001 3618 2196 3687 pefacti
2243 3626 2444 3679 essent,
2483 3619 2592 3684 ipse
2625 3631 2750 3671 vero
2788 3617 3173 3685 praedicaturus
3199 3629 3334 3683 erat,
3362 3619 3451 3688 qui
3492 3620 3573 3672 ni-

2004 3712 2075 3765 hil
2125 3725 2226 3763 non
2266 3711 2570 3778 ignominiae
2603 3709 2914 3778 pertulerat,
2950 3710 3165 3776 Jesum;
3199 3727 3261 3764 ac
3284 3712 3579 3765 verisimile

2001 3809 2116 3853 erat
2161 3800 2292 3868 ipsis
2337 3799 2521 3867 pudori
2579 3803 2680 3852 hoc
2738 3800 2870 3864 fore,
2910 3802 2954 3854 si
3010 3802 3130 3855 talis
3174 3803 3579 3856 existimaretur

2001 3891 2256 3945 Servator
2288 3908 2301 3943 :
2333 3903 2642 3958 propterea,
2710 3909 2728 3942 ι
2779 3891 2892 3944 Non
2941 3907 3024 3946 me
3072 3893 3253 3961 pudet,
3299 3910 3316 3942 ι
3347 3892 3566 3961 inquit:

2001 3985 2118 4038 illos
2150 3985 2299 4054 juxta
2335 3987 2550 4048 docens,
2585 4000 2650 4038 ne
2702 3986 2974 4053 pudeﬁant
3008 4003 3019 4037 :
3050 3987 3479 4053 quandoquidem
3511 3995 3568 4036 et

2000 4077 2113 4143 ipse
2173 4079 2363 4132 nedum
2403 4092 2506 4129 non
2536 4077 2861 4145 pudeliebat,
2899 4077 3027 4144 quin
3076 4079 3251 4142 potius
3297 4077 3578 4142 pulchrum

1998 4166 2102 4220 sibi
2132 4176 2374 4234 putauat,
2408 4175 2460 4220 et
2494 4164 2823 4233 gloriabatur
2856 4181 2918 4219 eo
2945 4167 3183 4218 nomine.
3212 4165 3344 4229 Quia
3379 4181 3505 4218 vero
3530 4180 3582 4220 et

1999 4258 2099 4324 ipsi
2153 4258 2429 4324 sapientia:
2480 4258 2694 4309 nomine
2753 4256 2945 4324 turgidi
2994 4267 3168 4319 erant,
3221 4255 3351 4321 Ego,
3390 4256 3579 4322 inquit,

1999 4364 2212 4403 crucem
2274 4349 2376 4416 ιο
2411 4350 2565 4402 venio
2598 4350 3004 4416 praedicaturus,
3041 4361 3139 4399 ncc
3172 4357 3451 4413 propterea
3483 4361 3580 4412 pti-

1999 4442 2126 4494 dore
2157 4441 2438 4494 suﬂundor
2469 4458 2482 4493 :
2512 4457 2653 4504 nam,
2689 4459 2705 4491 ι
2744 4441 2920 4492 Virtus
2953 4441 3042 4494 Dei
3069 4450 3150 4490 est
3182 4440 3231 4490 in
3256 4440 3502 4492 salutem.
3548 4457 3563 4488 ι

1996 4529 2267 4596 Εειςειίοιη
2292 4530 2458 4582 virtus
2482 4528 2615 4597 (sive
2635 4528 2894 4597 potentia)
2923 4527 2986 4580 ad
3016 4527 3369 4595 punitioneni,
3395 4542 3581 4593 quem-

1997 4621 2280 4672 admodum
2334 4618 2596 4688 Egyptiis
2652 4633 2802 4670 suam
2864 4616 3003 4670 Deus
3040 4617 3327 4684 potentiam
3357 4617 3583 4668 demon-

2001 4713 2226 4775 strabat,
2260 4711 2399 4780 ipsos
2426 4725 2580 4778 pmna
2606 4710 2863 4764 alliciens.
2895 4707 2988 4762 Est
3019 4718 3276 4776 praeterea
3312 4717 3366 4761 et
3399 4712 3464 4760 ad
3496 4709 3574 4758 in-

338 4775 357 4865 ;
393 4775 666 4884 Φοϐήθητε
701 4815 790 4865 τὸν
818 4775 1111 4882 δυναμενον
1142 4775 1402 4868 ἀπολέσαι
1433 4817 1489 4868 ἐν
1519 4775 1732 4887 γεέννη.
1832 4775 1896 4870 'A'
1931 4775 1972 4829 ο
2005 4815 2030 4855 υ

1885 4775 1896 4869 ί
1931 4775 1972 4829 D
2005 4803 2239 4864 teritum,
2275 4775 2330 4854 ut
2364 4775 2484 4855 cum
2511 4804 2586 4876 ait
2616 4820 2629 4856 :
2666 4819 2684 4852 ι
2720 4802 2926 4855 Timete
2956 4815 3097 4864 eum,
3130 4800 3219 4868 qui
3249 4808 3420 4867 potest
3461 4814 3577 4866 per-

331 4908 506 4958 τιίνυν
540 4904 650 4972 ἐγὼ
677 4907 704 4957 ό
737 4905 940 4967 Παῦλος
975 4907 1241 4975 κηρύττω,
1299 4907 1358 4958 ού
1391 4908 1607 4960 κόλασιν
1665 4910 1759 4961 καὶ
1792 4910 1898 4961 ἁπ-

330 4998 527 5048 ώλειαν
557 4996 813 5067 περιέχει,
836 4996 968 5048 ἀλλὰ
989 4997 1278 5066 σωτηρίαν.
1306 4997 1423 5050 Τίνι
1453 4998 1540 5062 se;
1579 5017 1596 5050 ι
1629 4999 1796 5050 Παντὶ
1824 4999 1915 5068 τῷ·

334 5083 694 5138 πιστεύοντι.»
727 5085 801 5137 Οὐ
830 5085 937 5154 γὰρ
970 5086 1150 5147 ἁπλῶς
1178 5086 1342 5138 πᾶσίν
1370 5088 1601 5150 ἐστινείς
1633 5087 1901 5157 σωτηρίαν

331 5177 394 5226 τὸ
430 5174 778 5242 Εὐαγγέλιον,
810 5175 945 5228 ἀλλὰ
969 5177 1077 5238 τοῖς
1105 5175 1580 5246 παραδεχομένοις.

410 5371 428 5402 ι
479 5351 710 5420 Ἰουδαίῳ
732 5367 791 5403 τε
814 5353 1025 5421 πρῶτον
1047 5351 1139 5405 καὶ
1163 5349 1385 5421 Ἕλληνι
1405 5370 1424 5402 ι
1443 5349 1535 5416 Τὸ,
1562 5369 1580 5401 ι
1607 5350 1845 5421 Πρῶτον,
1871 5370 1888 5402 ›

335 5440 586 5506 ἐνταῦθα,
617 5440 820 5505 τάξεώς
850 5443 968 5493 ἐστι
992 5441 1150 5510 τιμὴ,
1180 5443 1239 5493 οὑ
1289 5443 1509 5511 χάριτος
1542 5445 1893 5512 πλεονασμός.

406 5583 432 5610 °
470 5576 486 5629 I
523 5575 646 5630 Cor.
678 5594 753 5641 l\',
783 5577 867 5632 16.
946 5589 973 5628 P
998 5577 1187 5632 Matth.
1217 5594 1269 5643 ς,
1295 5578 1385 5634 ‘28.

2001 4896 2127 4948 dere
2159 4895 2209 4947 in
2231 4895 2474 4962 gelienna
2506 4905 2553 4948 ρ.
2589 4912 2606 4944 ι
2633 4893 2759 4958 Qua:
2786 4893 2947 4961 igitur
2971 4906 3068 4959 ego
3102 4891 3299 4943 Paulus
3322 4889 3571 4957 praedico,

2001 5001 2107 5040 non
2133 5001 2343 5054 pinnam
2375 5001 2547 5053 neque
2575 4985 2850 5038 interitum
2881 4984 3180 5046 continent,
3205 4983 3297 5034 sed
3321 4980 3568 5034 salutem.

2001 5082 2093 5135 (lui
2120 5081 2335 5134 autem?
2370 5097 2387 5130 ι
2431 5078 2587 5133 Omni
2624 5077 2917 5132 credenti.»
2943 5075 3056 5128 Non
3083 5075 3224 5128 enim
3261 5071 3576 5140 simpliciter

2005 5173 2212 5225 cunctis
2233 5170 2578 5241 Evangelium
2610 5171 2748 5224 cedit
2780 5170 2844 5222 ad
2887 5169 3135 5232 salutem,
3172 5166 3262 5220 sed
3299 5162 3569 5231 accipien-

2011 5264 2149 5317 tilms
2170 5263 2316 5316 illud.

2079 5355 2306 5409 «Judazo
2327 5357 2584 5423 primum,
2634 5362 2689 5406 et
2738 5352 2946 5407 Graeco.
2981 5368 2999 5401 ι
3052 5348 3289 5401 Primum
3346 5347 3432 5400 hic
3494 5356 3575 5398 est

2013 5449 2222 5503 ordinis
2271 5453 2457 5514 honos,
2493 5464 2596 5502 non
2635 5447 2820 5516 gratiae
2867 5441 3239 5499 exuberantia.
3270 5439 3385 5493 Non
3423 5437 3566 5491 enim

1653 5672 1852 5735 Varie:
1877 5674 2180 5737 lectiones
2198 5722 2203 5727 .

408 5795 448 5825 "
490 5793 724 5848 ἐνταῦθα
750 5812 802 5851 o.
880 5798 924 5828 ³³
957 5794 1169 5860 ἀδοξίας
1194 5811 1247 5850 o.
1326 5796 1370 5830 ³⁸
1403 5797 1435 5866 ἠ
1463 5795 1705 5865 σωτηρία
1736 5812 1806 5848 ni.
