4284 6450
724 411 822 475 351

1601 406 2174 467 THEOPIIYLACTI
2216 408 2621 467 BULGAlile
2661 408 3012 467 AllCl'llEl’.

3889 407 3995 471 352

729 530 849 592 plus
883 523 1039 575 habet
1074 519 1288 574 Indicus
1319 521 1450 589 (aut
1493 520 1857 590 prmferendus
1908 521 2029 591 est)
2061 538 2125 576 eo
2166 527 2307 590 quod
2342 528 2379 580 Α
2413 530 2421 570 t

2304 528 2307 574 l
2342 528 2379 580 Α
2413 524 2485 574 Οῦ
2514 523 2622 593 γὰρ
2656 524 2815 576 πλέον
2847 522 2959 592 ἔχει
2987 524 3017 574 ό
3055 521 3329 587 Ἰουδαῖος,
3361 522 3420 573 ἐν
3452 539 3532 591 τῳ
3559 522 3780 593 μείζονα
3810 523 3996 576 λαϐειν

730 614 988 685 majorem
1024 612 1285 679 justitiam
1318 611 1588 680 acceperit
1643 629 1657 666 :
1689 628 1876 666 verum
1918 613 2058 680 quod
2095 613 2302 683 primus

726 720 847 760 eam
881 704 1165 773 acceperit,
1208 704 1500 758 honoratus
1547 715 1631 758 est
1665 720 1680 758 :
1730 705 1894 759 solius
1927 703 2129 758 idcirco
2158 706 2300 759 verbi

730 808 813 854 est
839 798 1029 851 honor.

804 888 962 942 Visus.
1007 887 1094 942 17.
1129 906 1147 939 ι
1184 885 1400 942 Justitia
1443 887 1584 941 enim
1626 885 1720 941 Dei
1762 888 1815 939 in
1874 888 1991 958 ipso
2037 888 2305 943 revelatur

728 998 791 1035 ex
828 982 931 1035 ﬁde
967 983 1017 1034 in
1062 979 1244 1043 ﬁdem,
1276 982 1414 1035 sicut
1448 978 1709 1047 scriptum
1739 989 1823 1036 est
1855 1000 1868 1035 :
1898 980 2085 1036 Justus
2122 991 2301 1036 autem

729 1092 794 1130 ex
821 1074 923 1127 ﬁde
957 1073 1098 1127 vivet
1125 1082 1176 1129 (ι.
1214 1092 1232 1124 ι
1269 1072 1402 1127 Cum
1428 1072 1621 1126 dixerit
1643 1073 1785 1143 quod
1819 1074 1885 1127 ad
1910 1073 2133 1129 salutem
2164 1084 2308 1130 esset

730 1165 1109 1235 Evangelinm,
1166 1165 1403 1232 exponit,
1455 1165 1545 1232 qui
1593 1164 1696 1219 hoc
1753 1165 1813 1219 ﬁt
1856 1182 1869 1218 :
1928 1180 2115 1235 nempe
2162 1171 2303 1236 quod

729 1266 907 1311 μεῖνα-ι
933 1272 1028 1311 nos
1064 1276 1081 1309 ι
1113 1256 1320 1327 justitia
1346 1256 1465 1320 Dei,
1503 1273 1522 1307 ι
1558 1272 1663 1312 non
1695 1272 1825 1313 sane
1849 1271 2050 1313 nosua.
2086 1259 2304 1326 Qualem

729 1351 869 1403 cnim
897 1350 1157 1420 justitiam
1198 1363 1295 1404 nos
1318 1349 1641 1404 haberemus
1679 1350 1943 1405 exsecrati
1982 1352 2233 1419 operibus
2252 1362 2308 1406 et

730 1441 1005 1509 t'nrt'ttpli?
1032 1442 1099 1494 At
1134 1456 1264 1495 vero
1288 1440 1767 1510 Deusjustiﬁcavit
1798 1456 1918 1503 nos,
1950 1457 2054 1496 non
2083 1458 2148 1498 ex
2179 1458 2307 1513 ope-

732 1533 902 1597 riLus,
937 1534 1030 1589 sed
1063 1549 1127 1589 ex
1169 1532 1292 1600 ﬁde,
1328 1548 1445 1601 qua:
1486 1534 1551 1585 ad
1587 1533 1744 1587 ﬁdem
1779 1534 2081 1588 uberiorem
2111 1542 2165 1589 et
2189 1549 2304 1589 ma-

729 1627 902 1691 jorem
944 1626 1232 1694 procedere
1268 1624 1447 1680 debet.
1475 1622 1587 1678 Nec
1627 1626 1772 1678 enim
1801 1627 1934 1681 satis
1967 1636 2048 1681 est
2077 1629 2303 1697 primum

733 1716 1047 1781 credidisse,
1122 1716 1215 1771 sed
1292 1731 1359 1772 ex
1449 1716 1841 1773 introductoria
1915 1718 2018 1772 ﬁde
2096 1729 2308 1788 oportet

735 1822 831 1861 nos
864 1808 1157 1863 ascendere
1194 1811 1260 1863 ad
1298 1810 1807 1863 eonsummatiorem
1838 1808 2017 1872 ﬁdem,
2058 1810 2304 1863 immobi-

734 1898 834 1951 lem
869 1914 1059 1966 nempe
1091 1907 1145 1951 et
1189 1896 1398 1951 ﬁrmam
1430 1900 1633 1964 sedem,
1684 1913 1779 1952 seu
1832 1899 2255 1953 stabilimentqu
2293 1919 2304 1953 :

732 1992 873 2043 sicut
906 2000 959 2044 et
992 1990 1215 2058 apOStoli
1258 1989 1509 2044 dixerunt
1548 1991 1613 2044 ad
1652 1991 1932 2045 Dominum
1965 2008 1978 2043 :
2024 2010 2043 2042 ι
2091 1991 2310 2060 Adauge

734 2079 888 2134 nobis
935 2080 1091 2133 ﬁdem
1121 2087 1161 2131 τ.
1200 2097 1218 2131 ι
1255 2079 1554 2135 Conﬁrmat
1588 2090 1765 2135 autem
1800 2081 1940 2149 quod
1974 2082 2066 2144 ait,
2096 2098 2306 2151 nempe,

733 2171 874 2241 quod
913 2187 977 2226 ex
1015 2172 1117 2225 ﬁde
1142 2171 1418 2240 justiﬁcati
1467 2187 1674 2238 sumus,
1708 2188 1770 2227 ex
1811 2174 2088 2243 prophetia
2128 2174 2312 2229 Haha-

736 2280 834 2319 cnc
869 2282 882 2317 :
922 2283 939 2316 ι
981 2262 1166 2319 Justus
1213 2264 1382 2327 enim,
1427 2265 1619 2333 inquit,
1672 2279 1739 2318 ex
1769 2266 1874 2319 ﬁde
1922 2266 2084 2320 vivet.
2121 2287 2140 2319 ι
2177 2266 2309 2322 Cum

735 2355 882 2410 enim
915 2371 976 2410 ea
1008 2372 1126 2424 quae
1163 2357 1317 2411 nobis
1346 2372 1441 2423 per
1469 2358 1698 2425 gratiam
1743 2373 1893 2413 suam
1942 2357 2082 2414 Deus
2113 2364 2312 2430 imper-

740 2448 842 2512 tiit,
888 2449 1150 2503 humanas
1200 2450 1552 2519 COgitationes
1599 2450 1887 2514 excedant,
1941 2453 2131 2506 merito
2162 2453 2313 2507 nobis

737 2538 841 2592 lide
874 2552 1007 2607 opus
1041 2548 1142 2592 est.
1180 2537 1311 2591 Nam
1344 2539 1389 2594 si
1420 2540 1743 2609 coeperimus
1771 2542 1969 2597 curiosi
2004 2543 2309 2598 divinarum

743 2642 921 2683 rerum
955 2637 1286 2685 scrutatores
1310 2644 1451 2694 esse,
1486 2630 1795 2687 universum
1827 2634 2180 2702 perdidimus.

811 2798 974 2853 Vens.
1008 2799 1093 2853 l8.
1126 2820 1144 2853 ε
1182 2800 1467 2856 Revelatur
1488 2803 1629 2857 enim
1663 2803 1740 2858 ira
1768 2803 1863 2859 Dei
1894 2806 1959 2861 de
1986 2806 2125 2863 caelo
2156 2822 2315 2876 super

738 2905 951 2944 omnem
988 2891 1315 2962 impietatem
1351 2903 1405 2948 et
1451 2894 1764 2964 injustitiam
1808 2898 2083 2953 hominum
2112 2940 2127 2965 ,
2160 2901 2316 2954 veri-

741 2988 904 3034 tatem
945 2981 996 3034 in
1052 2983 1312 3052 injustitia
1362 2985 1742 3040 detinentium.
1781 3006 1799 3040 ι
1837 2988 1969 3042 Cum
2004 3005 2033 3042 a
2076 3006 2313 3045 commo-

739 3069 983 3125 dioribus
1006 3086 1162 3129 orsus
1196 3083 1361 3139 esset,
1397 3076 1733 3146 dixissetque
1777 3078 2040 3146 justitiam
2092 3081 2183 3135 Dei
2220 3098 2315 3151 per

2407 616 2778 685 δικαιοσύνην,
2810 617 2923 670 ἀλλ’
2967 619 3025 669 ὲν
3064 615 3143 685 τῷ
3169 615 3385 684 πρῶτον
3418 615 3588 685 αὐτὴν
3614 617 3820 683 λαϐεῖν,
3849 616 3994 669 τετί-

2416 727 2614 780 ιεηται⁸
2652 712 2894 782 ῥήματος
2922 707 3016 763 οῦν
3037 710 3155 762 ἐστι
3180 709 3316 779 τιμὴ
3350 712 3530 778 μόνον.

2484 909 2503 941 ‹
2547 891 2870 959 Δικαιοσύνη
2922 890 3031 959 γὰρ
3062 887 3197 942 Θεοῦ
3248 889 3305 941 ὲν
3354 886 3503 957 αύτῷ
3539 884 3992 939 ἀποκαλύπτεται

2406 983 2472 1036 ὲκ
2501 982 2735 1046 πίστεως
2767 984 2845 1045 είς
2878 983 3083 1043 πίστιν,
3130 979 3310 1042 καθὼς
3341 980 3679 1049 γέγραπται·
3736 979 3794 1031 '0
3832 977 3889 1029 δὲ
3917 977 3990 1029 δί-

2409 1092 2562 1137 καιος
2608 1077 2672 1127 ἐκ
2723 1074 2958 1136 πίστεως
2995 1074 3242 1143 ζήσεται.
3297 1092 3313 1125 ο
3349 1071 3555 1137 Εἰπὼν,
3591 1074 3674 1126 ὅτι
3706 1072 3785 1134 είς
3822 1089 3995 1139 σωτη-

2412 1166 2534 1237 ρίαν
2565 1165 2683 1219 ἐστὶ
2713 1165 2773 1218 τὸ
2796 1166 3151 1234 Εὑαγγέλιον,
3190 1165 3337 1234 λέγει
3372 1166 3465 1218 καὶ
3501 1163 3619 1227 πῶς
3656 1166 3774 1216 ἐστι
3811 1162 3989 1215 τοῦτο.

2410 1262 2588 1329 Ὀτιή
2643 1259 2957 1328 δικαιοσύνη
3005 1258 3099 1311 τοῦ
3140 1259 3277 1311 Θεοῦ
3332 1258 3497 1321 σώζει
3547 1259 3738 1327 ἡμᾶς’
3792 1257 3851 1309 ού
3886 1256 3992 1323 γὰρ

2411 1352 2676 1423 ἡμετέρα.
2738 1352 2905 1404 Ποίαν
2936 1351 3045 1419 γάρ
3087 1349 3306 1422 εἴχομεν
3341 1350 3387 1381 ³⁸
3419 1349 3770 1418 δικαιοσύνην
3833 1350 3994 1417 ἡμεῖς

2408 1440 2784 1510 ἑϐδελυγμένοι
2815 1444 2925 1503 τοῖς
2956 1441 3137 1511 ἔργοις
3184 1442 3279 1495 καὶ
3330 1440 3751 1510 διεφθαρμένοι;
3799 1439 3943 1492 Ἀλλ’
3967 1441 3996 1490 ό

2407 1529 2539 1592 Θεὸς
2579 1532 2895 1585 ἐδικαίωσεν
2944 1534 3111 1601 ἡμᾶς,
3140 1532 3238 1585 οὐκ
3291 1532 3351 1596 ἐξ
3396 1531 3594 1602 ἔργων,
3642 1529 3758 1584 ἀλλ’
3794 1533 3859 1583 ὲκ
3907 1531 3996 1582 πί-

2410 1640 2600 1686 στεως.
2647 1625 2770 1693 ἥτις
2801 1625 2879 1687 είς
2918 1625 3101 1677 πίστιν
3132 1622 3303 1677 πλείω
3331 1625 3426 1677 καὶ
3453 1626 3623 1693 μείζω
3666 1624 3996 1692 προκόπτειν

2409 1714 2636 1783 ὀφείλει.
2678 1715 2753 1768 Οὐ
2802 1715 2909 1785 γὰρ
2963 1716 3123 1786 ἀρκεῖ
3155 1716 3215 1767 τὸ
3251 1714 3482 1785 πρώτως
3532 1712 3839 1778 πιστεῦσαι,
3880 1712 3997 1766 ἀλλ’

2412 1809 2473 1860 ix
2520 1806 2620 1876 τῆς
2670 1807 3039 1875 είσαγωγικῆς
3084 1808 3320 1870 πίστεως
3363 1807 3441 1859 δεῖ
3488 1809 3638 1877 ἡμᾶς
3683 1805 3997 1860 ἀναϐαίνειν

2412 1899 2493 1961 είς
2550 1900 2648 1967 τὴν
2722 1899 3058 1968 τελεωτέραν
3141 1900 3357 1961 πίστιν,
3430 1897 3527 1967 τὴν
3608 1897 3997 1966 ἀμετάσειστον

2413 1991 2614 2061 δηλαδὴ
2684 1992 2779 2045 καὶ
2836 1991 3059 2060 βεϐαίαν
3120 1990 3350 2058 ἵδρυσιν,
3403 1990 3539 2042 καθὸ
3583 1991 3680 2043 καὶ
3746 1992 3794 2041 οί
3860 1989 3995 2041 ἀπόο

2414 2085 2591 2137 στολοι
2652 2081 2803 2134 εἷπον
2861 2084 2997 2152 πρὸς
3053 2083 3145 2135 τὸν
3190 2082 3423 2150 Κύριονδ
3455 2101 3473 2134 ι
3518 2082 3759 2150 Πρόσθες
3794 2083 3839 2113 ³⁸
3862 2083 3993 2152 ἡμῖν

2415 2176 2618 2229 πίστιν.
2670 2193 2688 2225 ι
2728 2173 2945 2227 Βεϐαιοί
2977 2173 3034 2226 δὲ
3083 2173 3112 2225 ὃ
3143 2174 3311 2242 λέγει,
3348 2175 3493 2244 φημὶ
3541 2173 3617 2238 δὲ,
3652 2175 3734 2227 ὅτι
3787 2174 3852 2227 ὲκ
3904 2176 3996 2225 πῖ-

2416 2282 2583 2329 στεως
2637 2264 3055 2335 ὲδικαιὼθημεν,
3107 2264 3214 2318 ἀπὸ
3238 2265 3337 2334 τῆς
3364 2266 3456 2318 τοῦ
3510 2264 3777 2318 Ἀϐϐακού
3787 2283 3825 2335 μ
3852 2281 3865 2293 ⁸
3892 2284 3911 2318 ι
3934 2265 3993 2317 '0

2412 2359 2614 2420 δίκαιος
2634 2357 2759 2428 γάρ,
2786 2356 2971 2426 φησὶν,
3000 2358 3062 2409 ὲκ
3091 2357 3325 2418 πίστεως
3343 2356 3617 2427 ζήσεται.»
3640 2357 3861 2427 Ἐπειδὴ
3885 2358 3994 2427 γὰρ

2416 2450 2559 2515 ἅπερ
2582 2450 2714 2517 ἡμῖν
2739 2450 2766 2500 ό
2791 2446 2922 2509 Θεὸς
2948 2448 3256 2517 ἐχαρίσατο,
3285 2449 3607 2518 ὑπερϐαίνει
3642 2450 3766 2509 τοὺς
3785 2449 3993 2517 ἀνθρω-

2416 2542 2601 2603 πίνους
2623 2540 2935 2609 λογισμοὺς,
2962 2540 3183 2602 εἰκότως
3212 2542 3309 2608 τῆς
3335 2541 3568 2603 πίστεως
3608 2542 3687 2593 δεῖ
3717 2541 3851 2610 ἡμῖν
3874 2555 3888 2567 '
3921 2541 3995 2602 ὡς

2414 2633 2509 2686 ἐὰν
2535 2649 2595 2698 γε
2645 2630 2937 2701 ἀρξώμεθα
2965 2631 3447 2700 περιεργάζεσθαι,
3499 2633 3559 2685 τὸ
3600 2635 3706 2685 πᾶν
3759 2630 3946 2685 ἀπωλέ
3974 2659 3985 2669 ο

2419 2740 2485 2775 σα
2495 2739 2612 2793 μεν.

2493 2836 2511 2868 ι
2560 2813 3028 2869 Ἀποκαλύπτεται
3082 2813 3191 2882 γὰρ
3238 2814 3375 2885 ὀργὴ
3414 2813 3547 2866 Θεοῦ
3599 2815 3644 2845 ³⁸
3690 2813 3782 2866 ἐπὶ
3814 2814 3996 2866 πᾶσαν

2416 2906 2668 2958 ἀσέϐειαν
2698 2905 2792 2957 καὶ
2838 2905 3052 2958 ἀδικίαν
3101 2904 3406 2973 ἀνθρώπων
3450 2907 3558 2957 τῶν
3605 2906 3704 2973 τὴν
3736 2905 3997 2973 ἀλήθειαν

2416 2998 2473 3049 ὲν
2494 2998 2674 3067 ἀδικίᾳ
2704 2998 3060 3065 κατεχόντων.
3089 3016 3106 3047 ι
3150 2998 3281 3049 Ἀπὸ
3303 2997 3408 3050 τῶν
3429 2995 3807 3067 χρηστοτέρών
3830 2998 3874 3028 ³⁷
3893 2999 3994 3068 ἀρο

2417 3087 2667 3155 ξάμενος,
2700 3091 2793 3139 καὶ
2823 3088 3011 3153 εἰπὼν,
3036 3089 3117 3139 ὃτι
3138 3088 3453 3157 δικαιοσύνη
3481 3088 3616 3140 Θεοῦ
3638 3090 3694 3140 ἐν
3718 3088 3795 3156 τῷ
3821 3088 3995 3155 Εὐαγ-

741 3159 1090 3233 Evangelium
1133 3166 1383 3232 revelari,
1423 3184 1561 3221 nunc
1605 3182 1665 3221 ea
1715 3168 1919 3238 profert
1954 3186 2073 3239 qua:
2110 3183 2311 3227 terrere
2343 3203 2386 3261 ο
2419 3197 2433 3240 τ

2304 3192 2386 3261 :c
2419 3180 2581 3248 γελίῳ
2636 3179 3098 3240 ἀποκαλύπτεται,
3148 3180 3245 3231 νῦν
3303 3180 3448 3246 λέγει
3500 3180 3595 3231 καὶ
3648 3180 3713 3231 τὰ
3763 3180 3996 3248 φοϐῆσαι

741 3266 940 3324 queant
974 3273 987 3308 :
1021 3258 1170 3312 novit
1216 3260 1357 3311 enim
1393 3262 1532 3327 quod
1575 3261 1751 3329 plures
1781 3271 1924 3315 metu
1956 3262 2021 3315 ad
2060 3263 2310 3318 virtutem

742 3350 1055 3403 trahuntur.
1090 3348 1244 3405 Hunc
1271 3351 1324 3405 in
1363 3353 1579 3405 modum
1622 3353 1760 3407 Deus
1800 3355 1947 3422 regni
1991 3357 2312 3413 mentionem

742 3442 970 3506 faciens,
1015 3441 1172 3495 simul
1225 3444 1484 3510 gehennae
1532 3446 1815 3500 meminit:
1858 3446 2142 3517 Propheta:
2188 3453 2311 3506 item

742 3534 979 3600 primum
1018 3535 1154 3587 bona
1204 3546 1541 3603 praaponunt,
1582 3537 1775 3592 deinde
1818 3540 1955 3592 mala
2006 3543 2313 3612 subjiciunt.

742 3623 873 3677 Nam
906 3626 992 3678 illa
1032 3626 1246 3694 quidem
1288 3636 1411 3681 sunt
1445 3630 1794 3696 praecedentis
1822 3643 1877 3685 et
1904 3634 2189 3701 praecipuae
2219 3652 2315 3691 vo-

739 3718 963 3771 luntatis
994 3720 1105 3783 Dei,
1144 3718 1257 3772 haec
1285 3729 1462 3773 autem
1502 3733 1697 3776 nostrae
1744 3723 1988 3792 ignaviae.
2022 3725 2314 3783 Considera

741 3822 921 3867 autem
964 3813 1050 3866 hic
1074 3812 1335 3868 orationis
1371 3815 1846 3870 consecutionem:
1891 3816 2066 3883 Venit,
2109 3820 2308 3889 inquit,

745 3905 1009 3959 Dominus
1028 3905 1296 3975 justitiam
1340 3907 1433 3961 tibi
1470 3906 1725 3973 aﬂerens,
1761 3924 2019 3980 noxasque
2046 3913 2313 3968 dimissio-

745 4013 866 4051 nem
901 4016 913 4051 :
948 4013 1065 4068 quae
1092 3999 1137 4053 si
1174 4015 1276 4053 non
1320 4001 1623 4066 admiseris,
1660 4010 1769 4054 tum
1815 4004 2082 4058 revelatur
2116 4006 2191 4059 ira
2225 4008 2313 4062 Dei

745 4090 813 4143 de
847 4088 1005 4154 cmlo,
1046 4106 1164 4157 quae
1189 4092 1438 4147 videlicet
1491 4094 1542 4146 in
1580 4095 1819 4150 secundo
1851 4106 2197 4164 exprometur
2225 4101 2317 4153 ad-

745 4190 927 4234 ventu.
970 4182 1044 4234 Ac
1081 4181 1239 4235 hodie
1278 4184 1491 4248 quidem
1535 4186 1844 4253 experimur
1875 4185 2009 4240 iram
2051 4188 2181 4254 ejus,
2216 4190 2312 4258 ιι

747 4288 931 4327 verum
975 4273 1040 4325 ad
1086 4277 1480 4329 correctionem
1514 4292 1527 4330 :
1565 4287 1673 4331 tum
1727 4294 1855 4333 vero
1895 4281 1959 4334 ad
2000 4282 2315 4350 supplicium

748 4367 1142 4420 tantummodo.
1190 4365 1255 4419 Et
1303 4382 1446 4419 nunc
1472 4369 1689 4435 quidem
1720 4369 1789 4422 ab
1838 4370 2143 4426 hominibus
2174 4376 2316 4428 vide-

749 4471 868 4507 mur
899 4457 952 4508 in
988 4455 1172 4509 multis
1202 4455 1322 4508 lardi
1354 4466 1409 4510 et
1441 4456 1605 4525 amigi
1642 4471 1656 4509 :
1697 4466 1821 4512 tunc
1852 4474 1978 4513 vero
2030 4461 2314 4517 manifesta

2416 3272 2715 3340 δυνάμενα·
2743 3266 2850 3324 οἶδε
2876 3272 3005 3343 γὰρ,
3030 3274 3111 3323 ὅτι
3136 3273 3185 3323 οἱ
3217 3271 3430 3333 πλείους
3458 3271 3535 3340 τῷ
3562 3271 3711 3339 φόϐῳ
3740 3272 3874 3340 πρὸς
3898 3270 3998 3336 τὴν

2418 3365 2619 3433 ἀρετὴν
2638 3366 2906 3418 ἕλκονται.
2935 3364 3092 3417 Οῦτω
3116 3366 3209 3417 καὶ
3228 3367 3254 3416 ό
3279 3364 3409 3427 Θεὸς
3436 3365 3573 3433 μετά
3601 3363 3698 3433 τὴν
3721 3363 3999 3433 βασιλείαν

2416 3458 2511 3510 καὶ
2533 3456 2576 3487 ³⁸
2616 3456 2744 3524 περὶ
2771 3456 2995 3526 γεέννης
3025 3456 3196 3525 λέγει.
3230 3457 3336 3508 Καὶ
3366 3456 3417 3510 οἱ
3437 3456 3709 3525 προφῆται
3729 3456 3794 3508 τὰ
3820 3454 4002 3522 ἀγαθά

2417 3548 2788 3619 προτιθέασιν,
2845 3544 2964 3601 εἶτα
3017 3549 3088 3600 τά
3143 3547 3319 3623 κακά’
3363 3548 3446 3601 ὅτι
3496 3549 3678 3600 ἐκεῖνα
3737 3547 3856 3615 μὲν,
3901 3547 4001 3614 τῆς

2419 3639 2839 3710 προηγουμένης
2874 3637 2968 3690 τοῦ
2998 3637 3134 3690 Θεοῦ
3166 3638 3394 3706 γνώμης
3421 3678 3437 3704 ,
3490 3637 3664 3690 ταῦτα
3702 3638 3759 3690 δὲ
3804 3636 3870 3699 ³⁸,
3904 3640 4001 3704 τῆς

2420 3730 2694 3802 ἡμετέρας
2734 3730 3027 3802 ῥᾳθυμίας.
3072 3730 3271 3784 Σκόπει
3313 3732 3369 3784 δὲ
3410 3731 3509 3797 τὴν
3541 3730 3863 3782 ἀκολουθίαν
3888 3729 3998 3781 ’τοῦ

2416 3817 2852 3892 λόγουοηἮλθε,
2905 3821 3089 3890 φησὶν,
3139 3821 3167 3872 ό
3217 3821 3442 3890 Κύριος,
3490 3820 3848 3887 ’δικαιοσύνην
3914 3835 3999 3870 σοι

2418 3912 2598 3983 φέρων
2628 3914 2721 3967 καὶ
2753 3913 2948 3982 ἄφεσιν
2970 3931 2983 3944 ·
3019 3914 3114 3966 ὲάν
3162 3914 3237 3983 μὴ
3270 3913 3419 3984 δέξῃ,
3448 3913 3571 3964 τότε
3615 3911 3859 3964 ἀποκαλύ
3873 3927 3999 3961 πτε-

2417 4022 2507 4059 ται
2541 4006 2728 4077 ὴόργὴ
2757 4005 2851 4058 τοῦ
2884 4005 3019 4058 Θεοῦ
3046 4005 3153 4057 ἀπὸ
3181 4002 3435 4074 οὐρανοῦ,
3468 4006 3499 4072 ὴ
3532 4004 3671 4056 κατᾶ
3697 4003 3795 4071 τὴν
3822 4001 4004 4053 δευτέ-

2422 4114 2521 4169 ραν
2560 4098 2758 4167 δηλαδὴ
2786 4098 3110 4168 παρουσίαν.
3136 4099 3244 4149 Καὶ
3266 4096 3359 4149 νῦν
3396 4096 3493 4165 μὲν
3515 4097 3621 4163 γὰρ
3654 4093 4001 4160 ἀπολαϐομεν

2420 4190 2487 4282 [ί.
2518 4218 2589 4231 -—
2625 4187 2847 4260 λαύομ.]
2877 4189 2973 4258 τῆς
3004 4188 3171 4259 ὀργῆς
3196 4187 3384 4250 αὐτοῦ,
3413 4185 3551 4240 ἀλλὰ
3582 4186 3723 4282 Δπρὸς
3769 4185 3999 4282 divisum:

2420 4274 2540 4334 σιν*
2572 4280 2692 4332 τότε
2730 4280 2809 4343 δὲ,
2859 4279 2993 4348 πρὸς
3028 4280 3248 4331 κόλασιν
3284 4278 3458 4346 μόνον.
3496 4277 3603 4329 Καὶ
3632 4276 3726 4328 νῦν
3759 4274 3857 4343 μὲν
3896 4275 4002 4325 ὑπὸ

2418 4372 2728 4442 ἀνθρώπων
2754 4372 3017 4440 δοκοῦμεν
3043 4368 3438 4439 ἐπηρεάζεσθαι
3455 4367 3523 4420 τὰ
3546 4366 3741 4419 nti/151'
3774 4367 3893 4418 τότε
3918 4365 3998 4428 δὲ,

2420 4466 2629 4535 φανερά
2658 4467 2691 4534 ἡ
2731 4464 2880 4533 παρά
2931 4463 3022 4516 τοῦ
3054 4463 3189 4515 Θεοῦ
3217 4462 3436 4523 κόλασις
3481 4478 3499 4510 ι
3530 4459 3622 4511 ἐπὶ
3661 4461 3837 4511 πᾶσαν
3873 4456 4001 4508 ἀσέ-

747 4545 854 4597 erit
886 4558 1043 4613 poena
1078 4545 1259 4599 divina
1291 4563 1309 4597 ‹
1338 4560 1501 4615 super
1535 4559 1747 4600 omnem
1780 4548 2126 4615 impietatem.
2155 4570 2173 4602 ι
2217 4550 2317 4607 Ve-
2350 4536 2392 4591 Ῑ)
2426 4559 2439 4608 ε

2306 4582 2317 4594 -
2350 4536 2392 4591 D
2426 4557 2598 4609 ϐειαν.
2635 4575 2654 4608 ι
2696 4555 2761 4608 'H
2794 4556 2891 4625 μὲν
2941 4555 2989 4586 ιο
3022 4553 3228 4623 ἀληθὴς
3276 4550 3518 4621 λατρεία,
3552 4551 3645 4603 καὶ
3673 4546 3998 4617 ήεὺσέϐεια,

751 4648 842 4687 rus
884 4648 1014 4687 sane
1053 4634 1228 4687 cultus
1261 4646 1315 4687 et
1378 4634 1546 4702 pietas
1585 4650 1691 4687 una
1740 4646 1856 4700 est;
1892 4636 2139 4706 impietas
2166 4656 2314 4707 vero,

749 4724 1007 4778 multiﬁda
1035 4743 1047 4777 :
1077 4738 1193 4777 eam
1224 4726 1292 4779 ob
1314 4739 1424 4779 rem
1449 4725 1598 4789 dixit,
1624 4742 1643 4776 ι
1669 4727 1891 4780 Omnem
1915 4728 2266 4797 impietatem,
2295 4751 2313 4783 ι

749 4830 845 4869 ceu
888 4816 1066 4868 multa:
1117 4816 1227 4869 sint
1265 4814 1381 4884 ejus
1428 4817 1569 4869 vite:
1611 4834 1630 4867 ι
1675 4824 1729 4870 et
1776 4816 2092 4887 injustitiam
2146 4821 2317 4875 homi-

750 4921 901 4959 nntn.
943 4923 964 4956 ο
1006 4906 1163 4960 Aliud
1198 4915 1281 4961 est
1329 4906 1598 4975 impietas,
1630 4916 1683 4961 et
1726 4907 1869 4961 aliud
1904 4909 2181 4977 injustitia.
2224 4912 2315 4967 Illa

748 4997 892 5051 enim
941 4997 995 5050 in
1026 4997 1215 5061 Deutn,
1262 4997 1523 5066 injustitia
1572 5012 1697 5052 vero
1728 4999 1780 5052 in
1819 4998 2085 5055 homines.
2112 5007 2188 5057 Ac
2233 5004 2317 5056 illa

748 5088 969 5157 quidem
1016 5090 1210 5143 mentis
1236 5089 1287 5142 in
1319 5089 1691 5159 speculatione
1718 5091 1987 5147 versantis
2037 5103 2315 5160 peccatum

748 5190 853 5243 cst,
894 5182 1008 5234 haec
1054 5195 1182 5235 vero
1222 5182 1273 5235 in
1323 5196 1485 5251 Opere
1534 5184 1898 5239 consistentis.
1949 5185 2115 5252 llujus
2158 5202 2317 5255 porro

752 5280 876 5321 simt
915 5271 1095 5323 multae
1148 5272 1371 5327 semitae.
1433 5271 1568 5326 Nam
1638 5273 1865 5341 injurius
1911 5284 1992 5329 est
2046 5277 2311 5347 quispiam

750 5363 1020 5431 proximo,
1049 5377 1170 5417 cum
1227 5363 1277 5417 in
1332 5364 1554 5431 pecunia
1602 5374 1653 5418 et
1712 5364 2077 5429 facultatibus,
2116 5378 2222 5423 tum
2265 5373 2313 5423 in

753 5469 923 5509 uxore
952 5465 1005 5509 et.
1048 5458 1233 5525 gloria.
1263 5457 1489 5525 Quidam
1524 5473 1652 5512 vero
1683 5469 1950 5522 asserunt,
1984 5462 2142 5515 etiam
2179 5464 2315 5533 inju-

829 5584 855 5623 ιι
892 5573 1092 5630 llaliac.
1122 5593 1182 5641 ll,
1206 5580 1255 5631 4.
1339 5588 1360 5616 τ
1389 5580 1519 5633 Luc.
1555 5595 1686 5639 xvii.
1713 5580 1764 5633 5.

2426 4648 2556 4716 μία.⁸
2627 4644 2745 4715 ἡδὲ
2797 4646 3039 4709 ἀσέϐεια,
3092 4643 3454 4710 πολυσχιδής·
3508 4640 3597 4692 διὰ
3646 4637 3804 4689 τοῦτο
3859 4630 4002 4700 εἶπε,

2428 4757 2446 4788 ι
2495 4739 2677 4789 Πίσαν
2705 4735 2978 4800 ἀσέϐειαν,
3019 4754 3036 4786 ι
3076 4734 3147 4796 ὡς
3191 4731 3399 4785 πολλῶν
3433 4731 3609 4783 οὐσῶν
3640 4728 3798 4781 ὁδῶν.
3841 4745 3859 4776 ι
3894 4724 4004 4777 Καὶ

2426 4828 2640 4883 ἀδικίαν
2682 4827 3007 4895 ἀνθρώπων.
3060 4844 3078 4877 ι
3118 4825 3281 4878 ’Λλλο
3320 4822 3565 4883 ἀσέϐεια,
3599 4820 3692 4872 καὶ
3723 4818 3850 4871 ἀλλο
3886 4817 4003 4869 ἀδι-

2426 4922 2520 4975 κία
2542 4936 2554 4949 ⁸
2598 4922 2632 4990 ἡ
2684 4921 2782 4990 μὲν
2812 4918 2940 4986 γὰρ,
2978 4920 3056 4980 είς
3083 4918 3214 4969 Θεὸν
3238 4933 3249 4946 ι
3280 4916 3312 4985 ἡ
3340 4914 3397 4967 δὲ
3435 4911 3637 4974 ἀδικία,
3685 4913 3763 4973 είς
3796 4908 4002 4977 ἀνθρὼ-

2425 5028 2592 5075 πουςο
2637 5013 2731 5065 καὶ
2778 5012 2809 5079 ἡ
2867 5011 2985 5079 μὲν,
3035 5009 3128 5060 τοῦ
3179 5005 3515 5077 θεωρητικοῦ
3576 5003 3913 5071 ἁμάρτημα·
3968 5001 4001 5068 ή

2422 5102 2499 5165 δὲ,
2541 5101 2633 5153 τοῦ
2662 5098 2987 5169 πρακτικοῦ.
3026 5097 3224 5150 Πολλαὶ
3267 5095 3324 5147 δὲ
3382 5094 3477 5147 καὶ
3510 5094 3565 5144 αἱ
3615 5090 3820 5157 ταύτης
3848 5087 3957 5139 ὁδοί
3988 5105 4000 5116 ·

2422 5193 2599 5247 ἀδικεῖ
2640 5192 2749 5260 γάρ
2794 5206 2879 5249 τις
2931 5190 3022 5240 τὸν
3069 5187 3295 5256 πλησίον
3350 5187 3443 5237 καὶ
3492 5186 3550 5235 ὲν
3597 5184 3863 5252 χρήμασι,
3905 5179 4001 5231 καὶ

2423 5285 2479 5336 ἐν
2530 5283 2770 5351 γυναικὶ,
2816 5281 2910 5334 καὶ
2952 5283 3008 5333 ἐν
3052 5280 3198 5350 δόξῃ.
3246 5279 3397 5338 Τινὲς
3444 5276 3500 5328 δέ
3556 5291 3718 5342 φασιν
3772 5273 3854 5324 ὅτι
3899 5277 4002 5326 καὶ

2425 5378 2521 5446 τὴν
2574 5373 2787 5429 ἀδικίαν
2844 5371 2972 5441 περὶ
3032 5370 3314 5439 δογμάτων
3369 5368 3552 5435 ἔθηκε.
3612 5366 3676 5417 Τί
3742 5363 3801 5416 δέ
3859 5362 3998 5423 ἐστι,

2435 5487 2450 5517 ι
2488 5466 2608 5519 Τῶν
2634 5466 2732 5531 τὴν
2756 5462 3013 5531 ἀλήθειαν
3044 5462 3099 5512 ὲν
3129 5460 3310 5528 ἀδικίᾳ
3341 5456 3697 5526 κατεχόντων,
3737 5472 3755 5505 ι
3800 5451 3965 5507 ἄκουε
3985 5465 3999 5479 ⁸

2088 5672 2285 5733 Vat-itu
2322 5674 2647 5736 lectiones.

834 5766 879 5795 ³³
915 5767 1107 5833 ἔχομεν
1143 5783 1210 5820 tn.

769 5837 812 5866 ⁸⁸
925 5841 1021 5894 μὲν
1043 5839 1144 5897 γὰρ
1185 5854 1253 5890 tu.

1294 5766 1336 5796 ³⁸δ
1368 5767 1569 5835 πρῖθες
1601 5784 1668 5821 m.

1753 5768 1794 5799 3‘
1825 5765 1955 5819 Θεοῦ
1980 5766 2073 5820 ἀπ’
2096 5768 2322 5839 οὐρανοῦ
2354 5790 2423 5827 ni.

2504 5775 2542 5805 ³⁷
2568 5774 2692 5845 γάρ.
2774 5776 2815 5805 ³⁴¹
2848 5774 2939 5839 τῖς
2988 5770 3260 5841 βασιλείας
3298 5785 3349 5825 ο.
3425 5770 3468 5800 ³⁸
3494 5766 3559 5821 τὰ
3618 5762 3887 5818 ἀκόλουθα
3925 5778 3997 5814 u:.
