4284 6450
757 518 858 584 359

1645 496 2226 563 THEOPHYLACTI
2269 493 2366 553 BU
2376 489 2684 552 LGARI/E
2718 484 3076 547 ARCHIEP.

3917 481 4023 549 360

763 631 1090 701 impnritatis
1143 628 1317 695 plena,
1367 634 1581 691 pcnnam
1636 619 1918 672 habentes.
1967 612 2105 666 Dicit
2156 606 2455 665 autemAi

2327 625 2334 660 l
2363 607 2410 665 Α
2438 606 2592 658 λασιν
2616 603 2850 673 ἔχοντες,
2879 601 2953 663 ὼς
2984 598 3136 669 παρᾶ
3172 595 3332 664 φύσιν
3364 596 3497 668 οὔσῃ
3534 599 3628 649 καὶ
3659 595 3853 666 πλήρει
3881 612 4019 649 ακα-

765 700 864 780 hoc
897 725 1115 784 Paulus,
1147 717 1301 788 quasi
1337 715 1572 768 nonduin
1609 711 1844 781 potuerit
1875 706 1957 759 eis
2006 700 2338 772 persuadere

765 831 884 870 esse
911 817 1228 884 gehennam.
1259 809 1453 874 Ipsam,
1475 802 1670 870 inquit,
1698 796 2027 853 immundam
2058 790 2333 861 operatio-

772 923 912 969 nem,
943 904 1261 971 supplicium
1294 899 1397 952 illis
1429 911 1549 950 esse
1581 894 1763 956 crede,
1795 889 1840 945 si
1873 887 2109 942 nondum
2159 882 2343 938 credis

773 1003 834 1051 de
864 999 1108 1066 gehenna
1144 991 1501 1045 sermonibus.

843 1089 1116 1143 “235.28.
1150 1105 1166 1134 ι
1207 1088 1281 1139 Ac
1310 1084 1447 1137 sicut
1477 1095 1578 1134 non
1607 1076 1967 1147 probaverunt
2018 1070 2185 1122 Dcnm
2242 1068 2342 1121 ha-

778 1185 903 1234 here
939 1181 990 1232 in
1027 1176 1238 1235 notitia,
1271 1171 1488 1226 tradidit
1519 1182 1623 1222 eos-
1647 1166 1786 1221 Deus
1815 1165 1868 1218 in
1901 1161 2189 1230 reprohum
2222 1172 2347 1213 sen-

778 1289 917 1334 sum,
943 1281 999 1322 ut
1034 1269 1233 1320 faciant
1261 1280 1344 1328 ea,
1370 1277 1490 1328 qua:
1533 1276 1638 1314 non
1674 1255 2019 1313 conveniunt.
2059 1271 2078 1304 ι
2121 1253 2201 1307 En
2232 1252 2344 1321 iam

782 1363 939 1416 nmio
967 1361 1208 1428 ejusdem
1243 1355 1521 1408 sententiae
1545 1347 1812 1409 meminit,
1839 1346 2134 1414 eademque
2156 1342 2350 1397 dictio-

779 1470 845 1508 ne
891 1465 974 1506 est
1021 1467 1174 1509 usus,
1200 1467 1218 1500 ι
1256 1447 1519 1510 Tradidit,
1549 1463 1566 1495 ι
1600 1443 1865 1510 inquiens.
1916 1439 2126 1509 Ubique
2169 1446 2350 1491 autem

782 1542 1166 1599 derelictionis
1220 1541 1310 1596 Dei
1367 1552 1609 1598 causam,
1657 1534 1963 1588 mortalium
2019 1532 2352 1599 impietatem

782 1655 903 1694 esse
933 1639 1083 1702 dicit,
1117 1636 1190 1689 uti
1223 1644 1278 1690 et
1309 1649 1449 1688 nunc
1484 1630 1700 1700 quidem
1722 1666 1735 1682 .
1776 1647 1794 1680 ι
1829 1627 1982 1681 Sicut
2013 1641 2116 1679 non
2150 1626 2348 1693 proba-

783 1739 977 1783 verunt
1041 1729 1206 1782 Deum
1259 1727 1456 1779 habere
1504 1724 1556 1775 in
1603 1722 1929 1792 cognitione,
1983 1718 2204 1772 tradidit
2254 1730 2351 1770 eos

786 1819 970 1886 (Deus)
997 1837 1015 1870 ι
1048 1819 1098 1871 in
1118 1815 1419 1886 passiones.
1442 1813 1662 1880 Iniuria,
1692 1812 1883 1879 inquit,
1907 1824 2010 1878 qua
2043 1808 2206 1863 Deum
2230 1804 2359 1861 affe-

788 1919 996 1972 cerunt,
1024 1923 1127 1961 non
1163 1921 1227 1959 ex
1279 1906 1578 1973 ignorantia
1623 1903 1908 1970 processit,
1953 1901 2047 1955 sed
2078 1915 2107 1953 a
2136 1898 2360 1954 medita-

791 2006 934 2056 tione
963 2012 1015 2052 et
1040 2001 1238 2053 studio.
1267 1998 1380 2052 Non
1405 1998 1545 2050 enim
1575 1996 1732 2058 dixit,
1759 1992 2220 2060 Quemadmodum
2251 2005 2354 2044 non

791 2102 1057 2150 noverunt
1107 2093 1295 2152 Deum,
1323 2090 1416 2144 sed
1460 2109 1476 2141 ι
1538 2088 2000 2156 Quemadmodum
2031 2101 2135 2139 non
2166 2085 2358 2155 proba-

793 2200 1004 2252 verunt,
1042 2208 1061 2240 ι
1098 2191 1197 2242 hoc
1232 2198 1340 2253 est,
1375 2193 1679 2241 Statuerunt
1722 2184 1887 2237 Deum
1929 2181 1981 2233 in
2008 2178 2199 2233 notitia
2252 2192 2358 2232 non

797 2298 999 2344 tenere,
1027 2298 1091 2336 ac
1119 2291 1306 2350 suapte
1333 2289 1520 2351 sponte
1545 2277 1872 2345 impietatem
1898 2273 2198 2343 elegerunt.
2241 2269 2359 2324 Non

799 2378 959 2441 igitur
989 2376 1167 2427 carnis
1198 2383 1324 2426 sunt
1353 2380 1594 2440 peccata,
1621 2375 1680 2422 ut
1713 2367 1930 2435 quidam
1983 2362 2361 2418 haereticorum

798 2475 1007 2532 putant,
1035 2479 1229 2518 verum
1285 2460 1522 2531 corrupti
1549 2457 1761 2529 iudicii.
1790 2456 2030 2510 Primum
2077 2454 2238 2523 igitur
2288 2451 2364 2505 illi

803 2559 1238 2626 reprobavcrnnt
1263 2568 1424 2608 nosse
1460 2552 1649 2614 Deum,
1673 2549 1904 2616 ideoque
1933 2547 2076 2600 Deus
2125 2545 2370 2613 permisit

802 2651 921 2702 illos
947 2651 1010 2700 ad
1044 2648 1324 2715 reprobam
1361 2654 1596 2698 mentem
1625 2638 1844 2694 deferri.
1872 2637 2098 2691 Aversio
2128 2649 2365 2703 namque

804 2741 894 2790 Dei
927 2749 981 2792 et
1029 2738 1326 2799 derelictio,
1377 2734 1594 2788 traditio
1628 2732 1940 2786 nominatur
1979 2728 2030 2782 in
2065 2726 2366 2794 Scriptura.

805 2832 1031 2896 Quidam
1088 2845 1216 2883 vero
1247 2843 1276 2882 e
1307 2825 1793 2882 sanctistPatribus
1844 2819 2074 2887 eleganti
2127 2816 2374 2887 exemplo

809 2925 890 2975 ιιςί
921 2931 1194 2990 sunt.quo
1214 2921 1556 2988 explanatur,
1584 2936 1602 2968 ι
1631 2915 1877 2970 Tradidit
1904 2928 2000 2968 eos
2028 2910 2131 2980 15
2157 2910 2319 2963 Deus.
2349 2927 2368 2959 ι

808 3013 1063 3074 Perinde,
1096 3011 1367 3080 inquiunt,
1394 3024 1458 3063 ac
1493 3009 1537 3062 si
1569 3007 1690 3074 quis
1713 3005 2021 3066 connivcat,
2066 3002 2252 3053 nolens
2297 3000 2377 3051 vi-

809 3107 938 3158 dere
964 3103 1152 3163 sulem,
1179 3103 1370 3156 deinde
1400 3101 1575 3154 cadat-
1599 3100 1652 3151 in
1691 3096 1961 3157 scrobem,
2007 3093 2259 3154 dicimus,
2285 3089 2375 3144 Sol

812 3213 915 3250 non
966 3198 1114 3251 visus
1171 3195 1316 3248 hunc
1366 3194 1421 3247 in
1474 3191 1675 3246 (ossam
1709 3188 1948 3255 deiecit:
1977 3201 2089 3239 non
2115 3183 2254 3252 quod
2295 3183 2375 3236 ira

2444 697 2689 769 θαρσίας.
2721 696 2884 763 Λέγει
2911 694 2968 746 δὲ
3001 693 3157 745 τοῦτο
3185 693 3212 743 6
3240 690 3471 754 Παῦλος,
3518 685 3608 744 οἶα
3659 692 3824 760 μήπω
3863 693 4023 745 δυνά⁶

2445 809 2606 861 μενος
2635 791 2829 851 αὐτοὺς
2861 789 3047 840 πεῖσαι
3071 787 3138 850 ⁸’,
3168 787 3249 838 ὅτι
3285 784 3402 837 ἐστι
3441 785 3654 854 γέ-εννα.
3683 785 3862 855 Αὐτὴν
3891 786 4020 856 γὰρ,

2448 885 2600 953 φησὶ,
2660 883 2763 953 τὴν
2807 882 3118 949 ἀκάθαρτον
3149 880 3372 947 πρᾶξιν,
3400 877 3620 932 κόλασιν
3659 879 3842 941 αὐτοῖς
3886 874 4025 931 ιίναι

2447 973 2690 1034 πίστευε,
2725 972 2878 1040 εἴπερ
2910 971 3161 1031 ἀπιστεῖς
3195 972 3310 1023 τοῖς
3345 970 3475 1040 περὶ
3504 968 3729 1037 γεέννης
3761 969 3962 1037 λόγοις.

2525 1085 2543 1117 ι
2573 1067 2678 1118 Καὶ
2716 1063 2902 1124 καθὼς
2950 1065 3051 1116 οὐκ
3101 1063 3432 1131 ἐδοκίμασαν
3461 1063 3554 1115 τὸν
3589 1062 3720 1116 Θεὸν
3774 1065 3920 1132 ἔχειν
3967 1065 4026 1115 ὲν

2449 1157 2759 1226 ἐπιγνώσει,
2803 1157 3115 1224 παρέδωκεν
3165 1157 3360 1217 αὐτοὺς
3391 1157 3420 1207 6
3452 1156 3586 1217 Θεὸς
3631 1157 3710 1218 εἰς
3758 1156 4022 1227 ἀδόκιμον

2451 1251 2596 1314 νοῦν,
2621 1254 2793 1303 ποιεῖν
2824 1251 2894 1302 τὰ
2925 1250 2999 1320 μὴ
3037 1250 3372 1320 καθήκοντα.
3409 1267 3426 1300 ι
3467 1248 3596 1302 Ἰδοὺ
3632 1250 3696 1301 ἐκ
3725 1250 3909 1320 τρίτου
3931 1251 4027 1319 τῆς

2451 1344 2622 1412 αὐτῆς
2658 1342 2865 1405 ἐννοίας
2899 1342 2944 1373 ⁸³
2979 1342 3246 1411 ἐμνήσθη,
3277 1343 3371 1396 καὶ
3404 1344 3467 1413 τῇ
3497 1341 3635 1410 αὐτῇ
3689 1340 3832 1406 λέξει
3864 1343 4029 1411 ἐχρή-

2457 1454 2608 1501 σατο,
2640 1456 2656 1488 ι
2693 1438 3036 1506 Παρέδωκεν,
3069 1453 3086 1485 ι
3124 1435 3318 1488 εἰπών.
3345 1433 3630 1505 Πανταχοῦ
3655 1434 3712 1486 δέ
3742 1434 3842 1502 τῆς
3865 1437 4026 1502 ἐγκα-

2455 1531 2753 1599 ταλείψεως
2779 1530 2872 1583 τοῦ
2907 1530 3040 1584 Θεοῦ
3074 1530 3388 1597 αἱτίαν,τὴν
3413 1529 3522 1582 τῶν
3554 1528 3860 1598 ἀνθρώπων
3897 1529 4028 1581 aol-

2459 1626 2611 1679 ϐειαν
2644 1620 2782 1677 εἶναι
2830 1623 2996 1690 λέγει,
3045 1623 3232 1691 ὥσπερ
3266 1621 3358 1675 οῦν
3386 1622 3483 1674 καὶ
3500 1622 3621 1676 νῦν.
3649 1641 3667 1673 ι
3700 1610 3896 1684 Καθὼς
3928 1622 4030 1675 οὐκ

2460 1719 2788 1790 ἐδοκίμασαν
2827 1717 2918 1768 τὸν
2948 1717 3082 1769 Θεὸν
3114 1718 3256 1787 ἔχειν
3291 1716 3348 1769 ἐν
3383 1713 4032 1787 ἐπιγνώσει,παρέὂωκεν

2461 1811 2656 1871 αὐτοὺς
2672 1809 2750 1870 είς
2770 1809 2836 1859 τὰ
2850 1805 3017 1875 πάθη.
3035 1823 3054 1857 ι
3090 1807 3203 1859 Οὐκ
3231 1805 3469 1872 ἀγνοίας,
3489 1803 3672 1873 φησὶν,
3697 1803 3833 1856 ἀλλά
3877 1802 4034 1870 μελέ-

2463 1919 2583 1971 της,
2603 1903 2633 1970 ἡ
2654 1904 2731 1963 εἰς
2760 1901 2891 1953 Θεὸν
2917 1899 3091 1970 ῦὸρις.
3116 1899 3189 1951 Οὐ
3222 1897 3329 1967 γάρ
3359 1893 3504 1962 εἶπε,
3523 1895 3718 1958 Καθὼς
3737 1896 3836 1948 οὐκ
3862 1893 4032 1962 ἐγνωο

2463 2013 2561 2050 σαν
2621 1995 2710 2047 τὸν
2747 1993 2902 2058 Θεὸν,
2952 1991 3147 2056 ἀλλά,ι
3200 1989 3397 2052 Καθὼς
3446 1991 3547 2043 οὐκ
3603 1990 3953 2059 ἐδοκίμασαν,
4014 2007 4030 2038 ι

2460 2084 2581 2140 ἀντὶ
2607 2084 2726 2145 τοῦ,
2756 2083 2977 2153 ἔκριναν
3014 2083 3087 2152 μὴ
3128 2081 3272 2153 ἔχειν
3301 2079 3391 2132 τὸν
3424 2078 3558 2132 Θεὸν
3608 2081 3664 2132 ἐν
3717 2077 4032 2146 ἐπιγνώσει,

2463 2179 2556 2232 καὶ
2589 2179 2808 2239 ἐκόντες
2859 2175 3073 2227 εἴλοντο
3125 2174 3225 2244 τὴν
3269 2172 3547 2226 ἀσέϐειαν.
3606 2172 3720 2224 Οὐκ
3761 2172 3872 2240 ἄρα
3919 2169 4039 2223 οξ.δέ

2463 2273 2561 2343 τῆς
2596 2271 2793 2341 σαρκός
2819 2271 2924 2322 εἱσι
2951 2268 3020 2321 τά
3059 2267 3401 2335 πταίσματα,
3423 2265 3495 2328 ὥς
3518 2280 3662 2325 τινες
3695 2263 3802 2316 τῶν
3834 2264 4042 2330 αἱρετι-

2464 2366 2579 2419 κῶν
2613 2379 2798 2432 φασιν,
2824 2361 2960 2415 ἀλλὰ
2989 2363 3088 2430 τῆς
3120 2357 3526 2429 διεφθαρμένης
3550 2357 3803 2427 κρίσεως.
3826 2355 4043 2424 Πρῶτοι

2466 2456 2596 2525 γοῦν
2630 2459 2829 2508 ἐκεῖνοι
2861 2453 3269 2520 ἀπεδοκίμασαν
3302 2450 3362 2502 τὸ
3401 2450 3601 2502 εἰδέναι
3631 2449 3723 2500 τὸν
3757 2448 3909 2510 Θεὸν,
3942 2447 4038 2497 καὶ

2469 2549 2589 2600 τότε
2621 2549 2648 2599 ὁ
2672 2544 2804 2606 Θεὸς
2833 2545 3019 2596 εἴασεν
3053 2542 3249 2604 αὐτοὺς
3276 2542 3354 2604 είς
3385 2539 3642 2610 ἀδόκιμον
3673 2537 3796 2592 νοῦν
3856 2553 4043 2590 κατενο

2472 2637 2713 2706 εχθῆναι.
2729 2634 2916 2701 Ἠγάρ
2938 2629 3253 2698 ἀποστροφὴ
3269 2629 3362 2681 τοῦ
3384 2628 3540 2692 Θεοῦ,
3566 2627 3712 2693 καὶὴ
3739 2622 4050 2690 ἑγκατάλει·

2471 2728 2584 2796 ψις,
2620 2724 2916 2795 παράδοσις
2940 2719 3263 2789 ὀνομάζεται
3297 2721 3355 2771 ἐν
3378 2721 3444 2784 τῇ
3470 2718 3681 2787 Γραφῇ.
3704 2714 3963 2784 Χαρίεντι
3990 2711 4048 2761 δὲ

2475 2816 2836 2884 ὑποδείγματι
2869 2810 3170 2884 ἐχρήσαντό
3207 2825 3352 2871 τινες
3389 2808 3500 2860 τῶν
3531 2807 3725 2873 ἁγίων,
3751 2804 3819 2856 δι’
3839 2797 3899 2856 οὗ
3962 2802 4051 2863 ιε-

2475 2911 2796 2980 ομαλίζεται
2827 2909 2940 2970 τὸ,ι
2974 2906 3300 2975 Παρέδωκεν
3323 2902 3517 2961 αὐτοὺς
3538 2902 3566 2952 ὁ
3589 2897 3740 2960 Θεός.
3769 2915 3788 2949 ι
3815 2895 4054 2958 Ὠσπερ,

2477 3003 2661 3071 φασιν,
2688 3000 2782 3050 ἐάν
2818 3016 2899 3060 τις
2927 2995 3196 3067 καμμύσῃ
3225 2997 3290 3057 ⁵⁵,
3319 2995 3393 3062 μὴ
3419 2991 3587 3042 θέλων
3612 2992 3736 3041 ἰδεῖν
3767 2989 3857 3040 τὸν
3877 2985 4052 3055 ἥλιον,

2480 3091 2599 3146 εἶτα
2627 3095 2770 3165 πέσῃ
2821 3092 2897 3154 είς
2941 3089 3152 3158 βόθρον,
3203 3087 3454 3155 λέγομεν,
3485 3084 3577 3152 Μὴ
3614 3081 3797 3149 ὀφθεὶς
3835 3079 3863 3131 6
3905 3077 4055 3150 ἥλιος

2479 3187 2577 3239 τὸν
2605 3185 2752 3238 δεῖνα
2829 3185 2907 3245 είς
2959 3181 3150 3250 βόθρον
3203 3179 3449 3248 ερῤιψενο
3502 3176 3599 3244 οὐχ
3655 3175 3736 3225 ὅτι
3780 3169 4055 3242 ὀργισθεὶς

814 3288 1052 3356 percitus
1106 3286 1187 3340 sol
1243 3285 1514 3338 hominem
1551 3281 1824 3345 deiecerit,
1857 3291 2044 3330 verum
2077 3275 2218 3344 quod
2246 3288 2378 3328 ocu-
2405 3286 2447 3345 (υ
2480 3281 2506 3332 ὁ

2363 3303 2378 3315 ν
2405 3286 2447 3345 C
2480 3279 2684 3347 δ’ἥλιος
2715 3277 2794 3337 είς
2846 3273 3035 3343 βόθρον
3069 3270 3260 3340 ἔρριψε
3316 3268 3408 3320 τὸν
3460 3266 3766 3334 ἄνθρωπον,
3810 3260 3922 3312 ἀλλ’
3974 3262 4055 3311 ὅτι

816 3378 895 3429 los
925 3375 1040 3445 eius
1074 3390 1178 3427 non
1223 3371 1590 3427 illustraverit.
1635 3370 1752 3423 .Iam
1794 3367 1934 3435 quod
1991 3381 2094 3419 non
2147 3364 2381 3418 illuxerit

814 3467 1005 3528 oculis,
1029 3468 1173 3520 unde
1219 3464 1341 3519 est?
1366 3467 1407 3516 Α
1442 3463 1742 3520 claudente,
1784 3458 2072 3522 videlicet,
2095 3456 2304 3519 oculos,
2331 3465 2386 3509 et

816 3560 1160 3613 connivente.
1190 3556 1280 3610 Sic
1308 3565 1361 3610 ct
1407 3554 1546 3608 Deus
1580 3552 1822 3607 tradidit'
1857 3565 1950 3607 eos
1999 3551 2050 3604 in
2103 3548 2384 3616 passiones

820 3651 1148 3720 ignominiaa,
1203 3661 1434 3715 quanam
1481 3643 1857 3697 ratione?Non
1899 3641 2110 3710 agnitus
2154 3638 2385 3692 homini-

820 3746 938 3796 bus.
966 3741 1118 3807 Quod
1153 3754 1281 3794 vero
1329 3753 1434 3791 non
1464 3737 1532 3791 sit
1562 3738 1797 3805 agnitus,
1826 3733 1996 3788 unde?
2021 3731 2102 3786 Ab
2135 3731 2258 3796 illis,
2304 3730 2387 3783 ni-

821 3833 1040 3896 mirum,
1099 3833 1187 3900 qui
1246 3845 1373 3883 non-
1414 3829 1796 3898 probaverunt,
1828 3838 1926 3879 nec
1971 3829 2279 3878 statuerunt
2333 3830 2394 3873 ut

825 3934 1182 4002 agnoscerent
1216 3923 1412 3991 ipsum.

899 4020 1061 4073 Vens.
1114 4017 1204 4072 29.
1259 4036 1278 4069 ι
1335 4015 1588 4084 chletos
1630 4012 1776 4067 omni
1821 4009 2104 4078 iniustitia.
2143 4026 2163 4059 ι
2235 4003 2392 4069 Vide,

828 4115 1041 4182 singula
1072 4128 1195 4166 cum
1235 4109 1648 4179 ampliﬁcatione
1688 4109 1960 4161 dicuntur.
1993 4121 2016 4155 ιι
2057 4099 2309 4169 Repletos
2370 4115 2408 4149 ι·

828 4209 993 4270 euim,
1047 4205 1241 4273 inquit,
1273 4215 1374 4257 etc
1421 4201 1568 4254 omni
1615 4201 1669 4254 in
1719 4198 1958 4268 iustitia:
2035 4214 2054 4246 ι
2101 4193 2394 4254 universe,

829 4301 1056 4361 scilicet,
1090 4296 1312 4351 malitia;
1357 4306 1664 4347 mensuram
1709 4292 2056 4359 attingentes.
2084 4285 2241 4346 Dein,
2266 4297 2392 4353 spe-

829 4391 941 4445 cies
968 4389 1181 4444 malitiaa
1205 4393 1472 4441 recenset.

909 4500 926 4532 ι
952 4480 1356 4535 Fornicatione.
1381 4476 1648 4530 iOmnem
1671 4471 1990 4540 simpliciter
2007 4467 2397 4538 impuritatem,

834 4567 1212 4627 fornicationis
1234 4569 1451 4623 nomine
1477 4565 1788 4632 complexus
1825 4572 1933 4615 est.

911 4681 929 4714 ι
963 4661 1234 4717 Versutia.
1273 4657 1544 4712 rlnsidiis
1566 4671 1696 4721 erga
1725 4652 2050 4722 proximum.

913 4773 932 4805 ι
969 4752 1230 4807 Avaritia.
1291 4770 1310 4804 ι
1377 4749 1729 4807 Pecuniarum
1776 4752 1831 4798 et
1885 4738 2202 4795 facultatum
2253 4735 2404 4804 cupi-

836 4848 1023 4901 ditate.

917 4955 936 4988 ι
966 4933 1239 5002 Nequitia.
1277 4949 1297 4983 ι
1336 4930 1595 4985 Vindicta:
1624 4925 1835 4981 aﬂectn.

919 5046 938 5078 ι
994 5026 1188 5080 Plenos
1234 5022 1457 5084 imidia,
1506 5015 1826 5072 homicidio.
1892 5031 1912 5065 ι
1963 5010 2247 5077 Nunquam
2300 5019 2402 5057 non

843 5119 1193 5177 homicidium
1221 5123 1306 5170 est
1325 5129 1391 5168 ex
1431 5112 1653 5167 invidia.
1683 5110 1777 5164 Sic
1822 5104 1956 5159 Abel
2004 5102 2211 5156 invisus
2243 5098 2410 5151 Caiuo

847 5215 1110 5277 redditus,
1173 5210 1386 5265 occisus
1443 5214 1528 5261 est
1558 5212 1608 5268 ν,
1665 5211 1719 5257 et
1761 5197 1960 5266 Joseph
2022 5189 2414 5248 intcrimendus

851 5317 986 5360 erat.
1957 5341 1960 5344 .

933 5416 951 5448 ι
985 5394 1363 5455 Contentione,
1406 5389 1546 5443 dolo.
1590 5405 1607 5437 ι
1657 5387 1732 5439 Ex
1767 5381 1962 5436 invidia
2005 5389 2058 5432 ct
2089 5377 2153 5431 lis
2182 5385 2237 5430 et
2266 5373 2420 5427 dolus

852 5490 1145 5559 prodeunt,
1175 5486 1238 5536 ad
1270 5482 1565 5554 perniciem
1603 5478 1720 5546 eius
1747 5475 1835 5529 cui
1864 5471 2156 5527 invidetur.

932 5597 951 5631 ι
988 5577 1335 5644 Malignitate.
1381 5594 1400 5626 ι
1441 5571 1712 5626 Profundc
1736 5566 1998 5622 occultata
2032 5559 2260 5621 malitia,
2296 5569 2415 5624 quas

859 5674 1099 5728 bonitate
1127 5669 1358 5738 quadam
1399 5667 1469 5721 sit
1503 5664 1690 5720 oblita.

927 5794 954 5822 ν
996 5783 1129 5838 Gen.
1156 5780 1338 5847 tv,37.

2487 3371 2560 3440 μὴ
2589 3366 2827 3436 φωτίσας
2863 3365 2989 3425 τοὺς
3021 3360 3327 3431 ὀφθαλμοὺς
3377 3356 3541 3412 αὐτοῦ
3580 3355 3666 3424 (τὸ
3695 3354 3751 3405 δὲ
3786 3353 3859 3422 μὴ
3895 3350 4062 3420 φωτί-

2486 3475 2598 3522 σαι,
2623 3456 2822 3519 πόθεν;
2865 3452 2996 3505 Ἀπὸ
3049 3451 3144 3504 τοῦ
3195 3444 3647 3519 κάμμύσαντοςο)
3704 3444 3846 3494 οὕτω
3887 3441 3979 3492 καὶ
4031 3440 4060 3490 6

2485 3551 2617 3613 Θεὸς
2654 3549 2971 3619 παρέδωκεν
3005 3545 3084 3604 είς
3115 3543 3262 3612 πάθη
3325 3540 3574 3609 ἀτιμίας,
3613 3537 3764 3601 urbe;
3800 3534 3889 3590 Μὴ
3933 3535 4052 3583 ἐπι-

2487 3642 2749 3710 γνωσθεὶς
2796 3641 2908 3700 τοῖς
2957 3637 3283 3706 ἀνθρώποις.
3317 3633 3390 3685 Τὸ
3439 3632 3496 3683 δέ
3543 3629 3617 3698 μὴ
3635 3626 4058 3694 ἐπιγνωσθῆναι,

2491 3733 2688 3796 πόθεν;
2748 3728 2869 3783 Ἀπ’
2896 3727 3117 3781 ἐκείνων
3179 3725 3287 3778 τῶν
3340 3724 3414 3793 μὴ
3465 3718 3878 3790 δοκιμασάντων
3929 3713 4063 3782 μηδὲ

2493 3825 2794 3896 κρινάντων
2828 3819 3122 3887 ἐπιγνῶναι
3153 3817 3336 3868 αὐτόν.

2573 4022 2593 4054 ι
2629 3997 3091 4069 Πεπληρωμένοις
3137 3995 3287 4061 πάσῃ
3339 3987 3542 4058 ἀδικία.
3591 4005 3610 4038 ι
3670 3984 3834 4053 Ὅρα,
3889 3981 4067 4034 πάντα

2501 4097 2639 4168 μετὰ
2664 4093 2994 4149 ἐπιτάσεως.
3038 4106 3056 4138 ι
3093 4087 3202 4140 Καὶ
3221 4087 3329 4153 γὰρ
3350 4078 3834 4146 πεπληρωμένους,
3871 4095 3889 4125 ι
3909 4074 4069 4143 φησὶ,

2499 4167 2613 4251 καὶ,
2646 4203 2665 4235 ι
2701 4185 2847 4252 πάσῃ
2873 4179 3074 4249 ἀδικίᾳ,
3113 4195 3132 4227 ι
3151 4176 3298 4227 αὐτὸ
3325 4174 3386 4225 τὸ
3407 4172 3636 4240 ἔσχατον
3661 4170 3859 4238 μέτρον
3889 4167 4068 4230 πάσης

2499 4280 2599 4349 τῆς
2628 4277 2825 4335 κακίας
2860 4270 3196 4340 φθάσαντας.
3229 4261 3363 4318 Εἳτα
3412 4263 3560 4330 λέγει
3602 4260 3697 4313 καὶ
3729 4259 3794 4310 τὰ
3831 4257 3946 4326 εἴδη
3969 4255 4071 4323 τῆς

2501 4369 2722 4429 κακία-ς.

2582 4481 2601 4513 ι
2643 4457 2894 4529 Πορνεία.
2953 4475 2971 4507 ι
3010 4456 3197 4508 Πᾶσαν
3255 4450 3445 4513 ἁπλῶς
3475 4451 3572 4517 τὴν
3604 4435 3944 4513 ἀκαθαρσίαν
3999 4439 4078 4509 τῷ

2505 4553 2602 4621 τῆς
2627 4548 2887 4618 πορνείας
2913 4545 3138 4614 ὀνόματι
3163 4542 3480 4613 περιέλαϐε.

2586 4661 2604 4693 ι
2643 4639 2905 4709 Πονηρίᾳ.
2938 4657 2956 4690 ι
2992 4637 3071 4706 Τῇ
3097 4636 3235 4688 κατά
3268 4633 3362 4686 τοῦ
3384 4630 3611 4700 πλησίον
3634 4625 3935 4692 ἐπιϐουλίᾳ.

2589 4753 2606 4786 ι
2652 4731 2960 4801 Πλεονεξίᾳ.
3001 4749 3019 4780 ι
3056 4727 3134 4798 Τῇ
3169 4725 3278 4779 τῶν
3312 4724 3612 4795 χρημάτων
3654 4717 3938 4786 ἐπιθυμίᾳ.

2587 4929 2604 4962 ι
2631 4908 2834 4979 Κακία.
2879 4927 2897 4959 ι
2921 4908 2998 4976 Τῇ
3026 4902 3376 4975 μνησικακίᾳ.

2583 4981 2876 5058 «Μεστοὺς
2906 4995 3122 5063 φθόνου,
3153 4993 3312 5059 φόνου
3339 4991 3407 5041 ³⁸.
3433 5005 3452 5037 ι
3505 4983 3619 5037 Ἀεὶ
3649 4983 3676 5034 6
3708 4981 3866 5046 φόνος
3903 4985 3965 5031 ἐκ
3990 4993 4085 5029 του

2513 5091 2731 5160 φθόνου.
2764 5085 2877 5140 Καὶ
2915 5082 3081 5136 Ἀϐελ
3112 5082 3214 5148 γὰρ
3237 5074 3527 5146 eamea;
3551 5067 3813 5140 ἀνῃρέθη,
3847 5065 3942 5117 καί⁵
3965 5064 4086 5115 ἰωο

2518 5185 2626 5252 σὴφ
2655 5182 2710 5233 δὲ
2743 5178 2989 5249 ἔμελλεν.

2604 5384 2622 5416 ι
2665 5361 2901 5434 Ἔριδος,
2933 5359 3104 5410 δόλου.
3143 5373 3160 5405 ι
3207 5351 3302 5405 Ἐκ
3331 5348 3424 5402 τοῦ
3447 5344 3640 5416 φθόνου
3673 5340 3766 5392 καὶ
3791 5339 3823 5407 ή
3847 5335 3960 5404 ἔρις
3994 5330 4090 5383 καὶ

2526 5463 2555 5513 6
2589 5457 2757 5519 δόλος,
2789 5453 2927 5522 πρὸς
2960 5450 3202 5503 κάκωσιν
3232 5443 3326 5497 τοῦ
3359 5436 3745 5510 φθονουμένου.

2605 5569 2623 5602 ι
2661 5521 3028 5616 Κακοηθείας.
3067 5559 3086 5592 ι
3127 5538 3335 5606 Τῆςέν
3389 5532 3541 5604 βάθει
3575 5521 3965 5599 κεκρυμμένης
3991 5535 4096 5573 κα-

2530 5646 2674 5708 κίας,
2701 5640 2799 5695 καὶ
2822 5633 3291 5703 ἐπιπλαττομένης
3313 5627 3661 5700 χρηστότητι.

2196 5834 2392 5896 Varite
2421 5830 2745 5894 lectiones.

940 5957 982 5988 "
1007 5954 1284 6018 ἀποδεῖξαι
1319 5966 1369 6007 o.
1449 5951 1491 5982 "
1518 5948 1695 6010 αἰτίας
1731 5961 1804 5999 m.
1882 5944 1928 5976 “
1955 5939 2266 6009 καταμύσῃ.
2344 5937 2390 5967 ⁵⁵
2419 5934 2511 5988 καὶ
2538 5933 2696 6002 φόνου
2725 5944 2797 5984 m.
