4284 6450
762 446 871 506 363

1688 434 2275 498 TIIEOPIIYLACTI
2322 434 2739 494 BUIBARM‘Z
2780 437 2820 492 Λ
2834 436 2978 494 RCll
2993 438 3008 493 !
3026 436 3136 495 ΕΡ.

3896 434 4005 496 304

759 567 830 616 cil
867 578 881 614 :
917 566 1223 629 propterea,
1253 555 1520 624 inquiens,
1570 573 1588 605 ι
1633 554 2017 609 inexcusabilis
2060 568 2143 614 es,
2169 567 2202 605 ο
2240 552 2406 611 [ιο-Λ

2373 558 2407 611 Α
2438 566 2554 615 γον,
2594 553 2683 602 γαί
2739 564 2907 618 φησι·
2951 569 2969 600 ι
3011 550 3103 601 Διὸ
3152 568 3168 598 ι
3214 548 3306 601 καὶ
3368 569 3384 598 ι
3420 550 3825 618 ἀναπολόγητος
3856 543 3905 601 εἷ
3932 565 3943 577 ·
3990 567 4008 597 ι

761 667 872 717 ιιιο,
931 668 949 703 ι
983 652 1082 703 hoc
1121 657 1228 712 est,
1264 645 1698 715 quandoquidem
1756 645 1895 696 nosti
1937 660 2055 695 eam
2096 657 2217 696 esse
2247 641 2331 707 ju—

762 745 965 799 Stitiam
993 741 1105 801 Dei,
1139 738 1278 806 quod
1306 738 1431 791 mali
1458 738 1565 792 sint
1590 751 1744 805 pinna
1778 734 1947 804 digiti,
1989 733 2331 788 inexcusabi-

766 836 831 890 lis
864 850 942 897 es,
968 831 1059 901 qui
1094 832 1310 900 judicas
1343 831 1530 883 eadem
1579 838 1755 881 tecum
1796 826 2078 881 facientes.
2109 823 2332 879 Videtur

757 941 938 982 autem
972 926 1059 980 hic.
1087 939 1394 978 sermonem
1438 920 1674 985 dirigere
1701 920 1767 972 ad
1801 920 2068 989 principes
2106 927 2159 971 et
2217 936 2331 970 ma-

758 1023 1037 1091 gistratus,
1065 1018 1336 1089 prmcipue
1390 1029 1517 1069 vero
1549 1014 1615 1067 ad
1660 1011 1955 1073 Romanos,
1996 1020 2051 1065 ut
2081 1010 2172 1079 ιιιιί
2208 1010 2325 1063 urbi

756 1126 1023 1169 terrarum
1062 1111 1432 1181 praesiderent.
1468 1107 1871 1176 Magistratumn
1909 1105 2051 1158 enim
2082 1102 2330 1172 estjudi-

755 1223 908 1263 care.
942 1208 1194 1261 Attamen
1233 1202 1405 1258 cuivis
1448 1201 1613 1255 etiam
1648 1197 1951 1251 mortalium
1990 1196 2102 1250 haec
2135 1210 2325 1248 conve-

759 1304 915 1356 uiunt
945 1317 958 1354 :
991 1298 1167 1368 quivis
1198 1295 1342 1351 enim
1366 1291 1687 1349 sententiain
1720 1290 1862 1343 ferre
1884 1298 2082 1358 potest,
2114 1284 2327 1341 etiamsi

759 1394 998 1450 tribunal
1044 1408 1150 1447 non
1211 1396 1457 1457 occupet.
1509 1383 1831 1441 Adulterum
1891 1382 2077 1452 igitur,
2130 1378 2327 1447 inquit,

752 1483 1400 1552 condemnans,tcipsum
1426 1477 1779 1541 condemnas,
1799 1489 1920 1529 cum
1942 1473 2054 1542 ipse
2087 1472 2329 1524 tnoeclius

753 1582 850 1635 sis.

827 1671 993 1727 Vens.
1030 1671 1086 1724 2.
1122 1687 1140 1721 t
1178 1666 1392 1722 Scimus
1432 1675 1611 1718 autem
1653 1660 1795 1732 quod
1828 1658 2088 1727 judicium
2123 1654 2215 1711 Dei
2248 1662 2331 1709 est

756 1768 1055 1823 secundum
1090 1764 1393 1825 veritatem,
1438 1760 1492 1813 in
1536 1770 1629 1811 eos
1675 1756 1764 1823 qui
1790 1752 1917 1805 talia
1955 1759 2139 1820 agunt.
2185 1767 2203 1799 ι
2254 1746 2331 1801 Ne

755 1862 879 1928 quis
927 1859 1113 1911 dicat:
1163 1854 1274 1924 Egu
1346 1854 1610 1907 hactenus
1666 1846 1911 1901 mmchus
1952 1858 2075 1896 cum
2128 1855 2325 1902 essent,

2435 644 2704 703 τουτέστι,
2739 644 2883 695 Διότι
2915 638 3059 703 οἶδας
3083 642 3145 695 τὸ
3167 641 3441 710 δικαίωμα
3475 642 3569 693 τοῦ
3606 642 3762 703 Θεοῦ,
3803 644 3884 693 ὅτι
3915 658 4011 693 κου

2434 737 2641 796 λασεως
2672 738 2811 799 ἄξιοι
2848 738 2895 789 οί
2928 736 3146 805 φαῦλοι,
3175 737 3582 803 ἀναπολόγητος
3632 733 3701 801 εἷ,
3751 738 3777 787 ό
3811 736 4012 805 κρίνων

2432 831 2554 892 τοὺς
2579 830 2646 882 τὰ
2665 831 2826 897 ὃμοια
2850 848 2929 883 σοι
2958 831 3323 900 πράσσοντας.
3353 831 3508 881 Δοκεῖ
3536 829 3592 881 δὲ
3619 827 3850 879 ἐνταῦθα
3874 828 4011 896 πρὶς

2434 924 2698 993 ἄρχοντας
2721 923 3121 986 ἀποτείνεσθαι,
3151 923 3243 974 καὶ
3265 922 3499 990 μάλιστα
3520 923 3643 984 τοὺς
3686 912 4007 988 Ῥωμαίους,

2434 1015 2508 1077 ὡς
2543 1016 2885 1083 προεστῶτας
2933 1016 3033 1083 τῆς
3075 1014 3395 1081 οἰκουμένης
3417 1030 3428 1040 ·
3465 1014 3573 1067 τῶν
3597 1014 3702 1084 γὰρ
3733 1012 4010 1082 ἀρχόντων

2433 1105 2489 1156 τὸ
2516 1104 2741 1171 κρίνειν.
2778 1105 2922 1174 Πλὴν
2981 1107 3075 1156 καὶ
3133 1107 3266 1175 πρὸς
3313 1104 3487 1155 παντά
3518 1103 3805 1170 ἄνθρωπον
3836 1103 4009 1155 ταῦτα

2434 1195 2685 1265 ἁρμόζει.
2725 1196 2846 1259 Πῶς
2878 1197 2985 1266 γὰρ
3016 1196 3242 1249 δύναται
3296 1198 3527 1269 κρίνειν,
3568 1195 3671 1248 κᾶν
3709 1194 3784 1264 μὴ
3820 1196 4008 1264 θρόνον

2433 1291 2567 1361 ἔχοι.
2602 1289 2704 1343 Τὸν
2764 1289 2950 1360 μοιχὸν
3004 1288 3120 1352 οῦν,
3178 1292 3335 1357 φησι,
3383 1287 3753 1358 κατακρίνων,
3786 1286 4009 1339 σεαυτὸν

2433 1383 2805 1454 κατακρίνεις,
2838 1381 3029 1451 μοιχὸς
3058 1380 3151 1432 καὶ
3178 1379 3341 1440 αὐτὸς
3372 1380 3470 1431 ὧν.

2511 1672 2528 1704 ι
2562 1652 2801 1717 Οἴδαμεν
2835 1650 2892 1701 δὲ
2937 1651 3020 1703 ὅτι
3060 1648 3121 1700 τὸ
3171 1647 3347 1715 κρῖμα
3375 1644 3469 1697 τοῦ
3504 1644 3642 1695 Θεοῦ
3699 1646 3812 1699 ἔστι
3869 1646 4011 1696 κατὰ

2433 1744 2690 1815 ἀλήθειαν
2715 1743 2805 1794 ἐπὶ
2839 1742 2965 1801 τοῦς
2987 1741 3057 1793 τὰ
3088 1740 3313 1792 τοιαῦτα
3337 1740 3700 1805 πράσσοντας.
3740 1756 3757 1785 ι
3790 1738 3909 1789 ’Ὶνα
3937 1737 4011 1805 ρὴ

2433 1838 2567 1910 λέγῃ
2593 1854 2697 1898 τις,
2719 1836 2799 1887 ὅτι
2825 1832 2967 1900 Ἐγὼ
2988 1836 3126 1885 τέως
3152 1833 3428 1897 διέφυγον,
3455 1831 3549 1883 καὶ
3580 1830 3679 1881 οὐκ
3707 1827 4011 1892 ὲκολάσθην

757 1905 878 1928 .,_._
1163 1905 1257 1924 Ἴ.
1348 1905 1357 1907 ι

753 1952 913 2021 eﬂ‘ugi
933 1950 1278 2019 supplicium,
1303 1960 1403 1998 nec
1429 1942 1544 1995 Sum
1570 1941 1787 2011 punitus
1810 1935 2021 1991 etiamsi
2054 1935 2322 1988 tumebunt
2364 1905 2402 1964 Β

2373 1905 2402 1964 Β
2437 1931 2625 1999 μοιχὸς
2653 1930 2747 1989 ὢν,
2782 1930 2959 1981 καίτοι
2990 1929 3081 1979 τὸν
3114 1926 3300 1994 μοιχὸν
3331 1926 3594 1985 κολάσας·
3640 1924 3805 1991 φησιν
3844 1925 4009 1987 ἐκφο-

756 2046 1101 2116 punireritn;
1144 2035 1594 2107 perterrefacicns
1661 2033 1755 2097 ait,
1792 2028 1936 2099 quod
1980 2028 2061 2082 sic
2096 2041 2215 2080 sese
2243 2040 2328 2079 res

755 2156 859 2194 non
882 2140 1039 2191 habet
1069 2135 1210 2203 apud
1240 2133 1430 2187 Deum.
1457 2128 1552 2182 llic
1582 2127 1722 2182 enirn
1758 2124 1897 2178 alius
1926 2119 2144 2191 quidem
2172 2135 2327 2189 poena

757 2233 1012 2295 adicitur,
1047 2229 1187 2283 alius
1221 2240 1347 2280 vero
1372 2220 1691 2292 supplicium
1732 2216 1933 2279 evadit,
1966 2214 2116 2280 paria
2141 2228 2329 2283 qnam-

756 2331 836 2382 \'is
865 2328 1069 2382 faciat:
1102 2324 1212 2378 illic
1254 2331 1433 2374 autem
1471 2320 1550 2371 sic
1596 2331 1700 2368 non
1734 2323 1819 2368 est
1851 2310 2155 2380 :judieium
2183 2308 2326 2363 enim

757 2423 847 2473 Dei
872 2430 953 2472 est
993 2416 1286 2470 secundum
1334 2412 1765 2473 reritatemerga
1788 2404 1981 2459 malos.

830 2512 995 2567 Vens.
1026 2508 1149 2563 5-6.
1192 2526 1211 2558 ι
1279 2504 1571 2557 Existimas
1600 2509 1778 2553 autem
1835 2500 1958 2562 Itoc,
1990 2510 2022 2551 0
2054 2498 2212 2550 homo
2239 2494 2327 2562 qui

751 2609 967 2676 jndicas
998 2618 1090 2657 eos
1124 2600 1213 2668 qui
1251 2598 1376 2651 talia
1447 2604 1632 2662 agunt,
1687 2600 1738 2645 et
1782 2589 1915 2643 facis
1965 2604 2049 2654 ea,
2096 2589 2237 2657 quod
2275 2598 2329 2641 tu

757 2682 989 2770 eliugii-s
1009 2694 1266 2763 judicium
1296 2688 1424 2743 Dei?
1444 2690 1523 2741 An
1550 2684 1766 2739 divitias
1798 2684 1899 2752 17
1917 2683 2173 2736 bonitatis
2192 2682 2328 2750 ejus,

755 2802 810 2847 t-t
838 2789 1132 2860 patienti-at,
1161 2777 1660 2846 etlouganimitatis
1704 2775 2031 2834 contemnis,
2076 2772 2330 2837 ignorans

756 2884 900 2951 quud
935 2878 1238 2949 benignitas
1291 2872 1382 2925 Dei
1440 2870 1505 2923 ad
1559 2866 1931 2935 preniteutiam
1984 2872 2036 2917 te
2069 2860 2330 2915 adducit?

759 2976 1068 3032 Secmtdum
1136 2980 1312 3023 autem
1353 2964 1607 3019 duritiem
1660 2974 1826 3025 tuam,
1876 2968 1930 3011 et
1984 2957 2330 3024 intptenitcns

758 3086 850 3123 cur
885 3063 1224 3121 tltesattrizas
1248 3059 1343 3113 tibi
1397 3056 1499 3127 ipsi
1535 3057 1669 3109 iram
1703 3055 1756 3107 in
1791 3053 1875 3106 die
1916 3051 2008 3104 ine
2037 3060 2091 3103 et
2121 3047 2331 3102 revela-

759 3160 924 3216 tionis
966 3168 1018 3211 et
1043 3155 1171 3225 justi
1225 3150 1411 3220 judicii
1468 3148 1584 3211 Dei,
1644 3144 1739 3216 qui
1796 3143 1981 3198 reddet
2043 3141 2331 3207 unicuique

758 3251 1052 3310 secundum
1093 3259 1259 3316 opera
1303 3257 1422 3296 sua.
1462 3260 1479 3293 ι
1522 3239 1694 3308 Supra
1749 3237 1908 3300 dixit,
1952 3236 2092 3303 quod
2127 3247 2332 3286 merces
2366 3252 2406 3305 Β

758 3347 981 3406 erroris,
1018 3350 1071 3394 et
1096 3347 1466 3393 creaturarum
1498 3332 1695 3396 cultus,
1738 3328 1942 3397 impiis,
1979 3342 2072 3395 per
2099 3324 2185 3377 illa
2210 3325 2321 3391 ipsa

762 3437 1032 3505 inquibus
1082 3428 1457 3489 lasciriebant,
1504 3424 1829 3477 reddebatur
1862 3437 1875 3473 :
1912 3417 2176 3486 siquidem
2215 3416 2326 3484 ipsa

761 3526 1050 3596 impuritas
1088 3522 1218 3577 satis
1249 3529 1364 3573 erat
1390 3518 1467 3572 eis
1504 3517 1555 3569 in
1603 3527 1843 3584 pmnam.
1880 3510 1995 3564 Jam
2031 3524 2158 3562 vero
2190 3508 2329 3576 quod

758 3629 1023 3690 superest,
1044 3613 1365 3682 supplicium
1402 3608 1534 3679 ipsis
1566 3608 1927 3661 obventurum
1982 3601 2201 3655 revelat.
2235 3598 2329 3653 Est

760 3714 927 3774 enim,
981 3709 1176 3776 inquit,
1216 3715 1271 3758 et
1306 3704 1407 3756 alia
1458 3702 1555 3753 tibi
1598 3698 1783 3752 relicta
1824 3709 2003 3765 pcena,
2049 3708 2083 3747 ο
2124 3694 2328 3747 homo:

764 3820 885 3858 nam
910 3799 1175 3869 judicium
1206 3794 1297 3849 Dei
1333 3808 1439 3847 non
1465 3789 1713 3859 etfugies.
1731 3784 2011 3852 Quomodo
2039 3784 2209 3844 enim,
2238 3780 2329 3851 qui

763 3906 873 3949 tum
910 3892 1077 3960 ipsius
1128 3888 1388 3955 judicium
1449 3897 1553 3937 non
1603 3874 2191 3949 eﬂ'ugistiYEtenimin
2227 3886 2334 3941 quo

764 3990 992 4041 alterum
1048 3978 1446 4037 coltdcmnasti,
1496 3982 1683 4028 contra
1733 3970 1964 4039 teipsum
2010 3965 2329 4020 sententiam

762 4080 955 4133 tulisti.
991 4076 1088 4129 Sin
1116 4082 1292 4126 autem
1329 4077 1610 4139 propterea
1643 4064 1781 4133 quod
1810 4058 2129 4129 supplicium
2182 4058 2245 4110 de
2280 4066 2331 4108 te

767 4170 1001 4223 uortdum
1062 4172 1332 4233 sumptum
1397 4158 1581 4220 inerit,
1637 4153 1857 4209 divitias
1903 4149 2158 4203 bonitatis
2211 4145 2330 4215 ejus

765 4256 1091 4329 asper-uaris,
1156 4255 1257 4308 boc
1321 4252 1497 4318 ipsum
1553 4247 1617 4299 ad
1677 4245 1936 4312 majorem
1974 4239 2067 4293 tibi
2116 4253 2330 4308 pmnam

764 4353 938 4405 cedet.
985 4347 1116 4400 Nam
1166 4340 1568 4412 [Otigattintitas,
1621 4338 1683 4389 ad
1741 4332 2169 4387 emendationem
2218 4330 2329 4398 ipsa

768 4438 1067 4497 utentibus,
1115 4431 1371 4487 salutaris
1404 4437 1485 4482 est
1538 4449 1547 4481 :
1587 4424 1985 4479 iusumentibus
2011 4432 2188 4474 autem
2212 4434 2332 4471 eam

768 4536 831 4582 ad
869 4525 1078 4596 peccati
1129 4528 1496 4589 augmentum,
1531 4515 1748 4583 majoris
1780 4520 1862 4565 est
1902 4510 2147 4578 supplicii
2175 4523 2332 4562 occa-

766 4624 895 4674 sio:
944 4634 1046 4670 nim
1108 4615 1176 4666 ob
1240 4612 1321 4663 sui
1391 4618 1657 4670 naturam,
1695 4604 1788 4659 sed
1828 4602 1897 4656 ob
1956 4604 2180 4655 istorum
2233 4599 2326 4651 du-

769 4716 966 4767 ritiem.
1001 4727 1016 4757 t
1050 4706 1450 4758 TltesaurizaS)
1480 4700 1645 4759 enim,
1675 4699 1770 4759 ait,
1803 4712 1820 4745 ι
1848 4694 1940 4748 tibi
1973 4692 2075 4760 ipsi
2108 4692 2280 4746 iram:
2314 4707 2332 4739 ι

768 4824 873 4858 ιιυιι
909 4804 1075 4862 Deus,
1113 4802 1205 4852 sed
1238 4809 1287 4849 tu
1323 4795 1418 4847 tibi
1458 4794 1575 4861 ipsi.
1626 4787 1823 4843 Unde?
1849 4803 1878 4840 a
1926 4787 2087 4840 corde
2140 4795 2231 4840 tuo
2258 4784 2337 4837 iu—

768 4895 987 4949 ιιωιιιιιι
1016 4905 1069 4945 et
1094 4891 1162 4945 ad
1195 4889 1392 4943 bonum
1424 4886 1709 4939 obdurato.
1732 4879 1960 4947 Quando
1986 4879 2128 4932 enim
2163 4892 2335 4945 neque

769 4990 891 5042 boni
920 4996 1007 5039 ate
1060 4982 1306 5045 molliris,
1356 4992 1533 5045 neque
1590 4985 1798 5029 terrore
1829 4971 2085 5033 ﬂecteris,
2121 4970 2251 5039 quid
2286 4980 2335 5023 te

768 5082 991 5133 durius?
1016 5078 1185 5131 Porro
1221 5091 1239 5123 ι
1282 5074 1422 5125 diem
1463 5072 1557 5122 ira:
1597 5084 1616 5119 ι
1664 5067 1867 5130 dicens,
1907 5064 2103 5131 adjecit
2152 5058 2331 5124 simul,

774 5191 791 5221 ι
835 5167 1201 5221 ιὶιιιυίειιιυιιίδ
1255 5173 1308 5215 et
1359 5161 1485 5227 justi
1532 5158 1721 5225 judicii
1774 5158 1909 5210 Dei:
1964 5174 1982 5207 ι
2029 5155 2187 5223 idque
2226 5168 2334 5206 non

770 5262 1070 5321 immerito,
1099 5274 1162 5309 ne
1197 5256 1319 5322 quis
1349 5268 1412 5306 ex
1474 5251 1747 5304 iracundia
1792 5249 2053 5317 judicium
2094 5260 2210 5299 esse
2238 5261 2330 5315 pu-

774 5365 872 5407 tet.
920 5352 1159 5404 Dctectio
1200 5360 1432 5412 namque
1478 5346 1558 5405 lit,
1618 5342 1813 5408 inquit,
1860 5342 2123 5393 omnium.
2161 5340 2337 5404 Quare

772 5461 868 5513 pro
913 5440 1273 5495 rerelatoruut
1334 5435 1528 5487 uit-ritu
1568 5430 1626 5484 iit
1672 5430 1991 5483 retributio:
2026 5444 2087 5480 ea
2122 5437 2337 5494 propter

770 5537 969 5605 justum
1023 5541 1186 5582 etiam
1224 5537 1303 5579 est
1351 5524 1640 5592 judicium.
1685 5519 1781 5573 llic
1826 5535 1975 5580 sane,
2019 5516 2145 5585 quia
2175 5531 2334 5583 opera

774 5627 1112 5683 taxutltitttitr,
1148 5636 1250 5671 ιιιιιι
1316 5630 1528 5684 διῒιιιιιιτ
1559 5613 1766 5679 jttstitia
1802 5613 2046 5663 obtinet:
2104 5610 2209 5661 tilic
2238 5624 2333 5660 au-

2432 2019 2566 2082 6ὠν,
2596 2020 2677 2072 δτι
2707 2020 2804 2085 οὐχ
2837 2018 3010 2078 οῦτως
3040 2019 3158 2069 ἐστὶ
3190 2015 3343 2083 παρὰ
3392 2015 3532 2082 θεῷ.
3577 2014 3838 2066 Ἐνταῦθα
3878 2013 4007 2079 γὰρ,

2430 2112 2457 2163 ὁ
2493 2110 2590 2179 μὲν
2644 2109 2956 2170 κολάζεται,
2987 2111 3014 2159 ὁ
3048 2109 3102 2160 δὲ
3153 2106 3459 2172 διαφεύγει,
3510 2106 3577 2156 τα
3623 2104 3762 2156 αὐτὰ
3794 2103 3961 2154 ποιῶν
3986 2120 4002 2134 ·

2431 2203 2548 2253 ἐκεῖ
2569 2201 2626 2252 δὲ
2654 2200 2749 2267 οὐχ
2774 2199 2918 2251 οὕτω
2943 2214 2958 2229 ·
2989 2201 3050 2251 τὸ
3084 2200 3193 2267 γαρ
3223 2203 3397 2268 κρῖμα
3428 2196 3522 2251 τοῦ
3546 2196 3681 2249 Θεοῦ
3716 2195 3832 2248 ἐστι
3867 2196 4009 2247 κατὰ

2431 2291 2692 2362 ἀλήθειαν
2718 2293 2809 2343 ἐπὶ
2832 2292 2956 2352 τοὺς
2988 2289 3248 2358 φαύλους,

2485 2492 2524 2523 -ι
2571 2471 2778 2541 Λογίζῃ
2814 2471 2869 2522 δὲ
2896 2470 3077 2532 τοῦτο,
3114 2464 3159 2521 ὦ
3187 2467 3463 2537 ἄνθρωπε,
3492 2468 3521 2519 ὁ
3547 2466 3747 2537 κρίνων
3781 2464 3911 2527 τοὺς
3939 2465 4009 2516 τὰ

2430 2563 2652 2618 τοιαῦτα
2680 2564 3042 2632 πράσσοντας,
3073 2562 3167 2613 καὶ
3190 2561 3359 2613 ποιῶν
3381 2559 3543 2623 αὐτὰ,
3571 2559 3653 2610 ὃτι
3680 2558 3742 2609 σὺ
3768 2556 4011 2628 ἐκφεύξῃ

2429 2663 2491 2714 τὸ
2522 2663 2697 2729 κρῖμα
2728 2659 2821 2711 τοῦ
2852 2657 3023 2715 Θεοῦς
3084 2658 3154 2708 ’Ἡ
3185 2654 3279 2708 τοῦ
3310 2656 3543 2707 πλούτου
3573 2653 3671 2722 τῆς
3702 2652 4011 2722 χρηστότη-

2429 2769 2521 2813 τος
2548 2750 2739 2814 αὐτοῦ,
2795 2752 3018 2815 καὶτῆς
3050 2749 3270 2816 ἀνοχῆς,
3323 2744 3419 2797 καὶ
3470 2744 3570 2811 τῆς
3624 2743 4009 2812 μακροθυμίας

2431 2843 2815 2909 καταφρονεῖς,
2845 2841 3059 2907 ἀγνοῶν
3116 2840 3199 2891 δτι
3230 2837 3290 2889 τὸ
3328 2835 3568 2907 χρηστὸν
3618 2832 3712 2887 τοῦ
3763 2832 3899 2886 Θεοῦ
3928 2835 4011 2893 είς

2435 2934 2721 3006 μετάνοιάν
2773 2949 2831 2984 σε
2889 2933 3048 2996 ἀγει;
3084 2931 3239 2984 Κατά
3289 2930 3343 2982 δὲ
3390 2929 3487 2998 τὴν
3515 2928 3858 2997 σκληρότητά
3892 2942 4010 2987 σου,

2434 3028 2527 3078 καὶ
2548 3026 2918 3094 ἀμετανόητον
2945 3022 3192 3091 καρδίαν,
3223 3020 3575 3090 θησαυρίζεις
3600 3018 3810 3087 σεαυτῷ
3840 3020 4012 3086 ὀργὴν

2432 3121 2490 3171 ὲν
2532 3120 2720 3188 ἡμέρα
2752 3113 2944 3184 ὀργῆς,
2998 3114 3091 3166 καὶ
3129 3112 3547 3180 ἀποκαλύψεως,
3584 3112 3679 3163 καὶ
3704 3110 4012 3170 δικαιοκρι-

2436 3210 2557 3271 σίας
2580 3208 2674 3260 τοῦ
2707 3206 2866 3261 Θεοῦ,
2922 3208 3016 3268 Ὃς
3060 3204 3334 3258 ἀποδώσει
3356 3205 3571 3270 ἑκάστῳ
3601 3200 3743 3255 κατὰ
3774 3199 3844 3252 τὰ
3874 3200 4014 3269 ἔργα

2435 3302 2621 3356 αὐτοῦ.
2688 3320 2703 3351 ι
2747 3294 2915 3352 Εἶπεν
2966 3298 3079 3350 ἄνω
3106 3299 3188 3350 ὃτι
3247 3299 3281 3367 ἡ
3315 3295 3632 3365 ἁντιμισθία
3657 3295 3755 3362 τῆς
3781 3293 4009 3360 πλάνης,

2439 3398 2530 3448 καὶ
2559 3396 2656 3464 τῆς
2683 3391 3233 3462 κτισματολατρείας,
3254 3389 3534 3451 ὲναὺτοίς,
3558 3384 3637 3450 οἷς
3664 3387 4013 3456 ἠσέλγαινον,

2439 3487 2720 3540 ἀπεδίδοτο
2740 3488 2852 3546 τοῖς
2879 3483 3104 3552 φαύλοις
3125 3497 3139 3512 ο
3164 3480 3302 3553 αὑτὴ
3324 3482 3432 3550 γὰρ
3454 3482 3486 3550 ὴ
3510 3478 3825 3547 ἀκαθαρσία
3849 3479 4012 3547 ἤρκει

2438 3581 2621 3642 αὐτοῖς
2650 3581 2771 3632 ἀντὶ
2805 3577 3077 3639 κολάσεως
3103 3592 3116 3605 °
3156 3574 3249 3627 νῦν
3293 3575 3347 3626 δὲ
3401 3574 3585 3626 λοιπὸν
3634 3572 4015 3626 ἀποκαλύπτει

2440 3672 2622 3733 αὐτοῖς
2645 3672 2739 3722 καὶ
2765 3668 2863 3739 τὴν
2890 3667 3133 3720 κόλασιν.
3183 3666 3340 3718 Ἐστι
3369 3666 3497 3734 γὰρ,
3524 3667 3677 3734 φησι,
3721 3664 3814 3717 καὶ
3850 3663 4013 3732 ἑτέρα

2441 3780 2523 3815 σοι
2557 3763 2801 3826 κόλασις,
2837 3759 3089 3830 ἄνθρωπε
3114 3758 3191 3789 ⁸³·
3221 3759 3282 3810 οὐ
3311 3758 3413 3827 γὰρ
3436 3756 3677 3829 ἐκφεύξῃ
3706 3756 3805 3825 τὴν
3832 3756 4015 3825 κρίσιν

2439 3854 2534 3908 τοῦ
2567 3854 2702 3908 Θεοῦ
2722 3869 2737 3882 ·
2765 3853 2879 3915 πῶς
2908 3854 3039 3922 γὰρ,
3075 3851 3131 3914 ὅς
3152 3868 3215 3919 γε
3232 3850 3331 3921 τὴν
3354 3848 3555 3902 σαυτοῦ
3578 3849 3679 3901 οὐκ
3718 3847 4017 3915 ἑξέφυγες;

2453 3948 2541 4001 Ἐν
2579 3941 2623 4015 ᾧ
2652 3946 2764 4017 γὰρ
2790 3946 2881 3996 τὸν
2912 3943 3104 4013 ἕτερον
3132 3942 3484 4011 κατέκρινας,
3518 3939 3743 3995 σεαυτὸν
3796 3938 4009 3994 κατεδίο

2440 4052 2635 4097 κασας.
2664 4034 2726 4087 Εἰ
2765 4035 2820 4086 δὲ
2842 4033 2930 4085 διά
2948 4032 3010 4085 τὸ
3039 4033 3202 4102 μήπω
3244 4029 3595 4098 κολασθῆναι,
3650 4030 4012 4095 καταφρονεῖς

2440 4128 2535 4179 τοῦ
2583 4126 2815 4179 πλούτου
2842 4125 2938 4194 τῆς
2969 4123 3326 4192 ἀγαθότητος,
3358 4121 3489 4173 αὐτὸ
3517 4120 3675 4172 τοῦτο
3709 4121 3789 4182 είς
3840 4117 4016 4170 πλείω

2445 4236 2527 4269 σοι
2559 4217 2780 4270 κόλασίν
2826 4217 2991 4268 ἐστιν.
3060 4211 3128 4265 Ἦ
3154 4212 3264 4280 γὰρ
3294 4212 3339 4242 ⁸³*
3371 4210 3743 4280 μακροθυμία,
3763 4212 3876 4272 τοῖς
3914 4210 4014 4278 μὲν

2448 4311 2581 4380 πρὸς
2613 4308 2897 4378 διόρθωσιν
2932 4307 3067 4376 αὐτῇ
3108 4305 3435 4376 χρωμένοις,
3480 4306 3742 4372 σωτήριος
3779 4304 3824 4334 ⁸⁸
3851 4320 3865 4332 ·
3902 4304 4015 4359 τοῖς

2439 4406 2493 4458 δὲ
2524 4408 2601 4465 είς
2630 4401 2943 4473 προσθήκην
2971 4398 3244 4471 ἁμαρτίας
3290 4394 3603 4450 δαπανῶσιν
3623 4395 3814 4466 αὐτὴν,
3843 4411 4013 4462 τιμωα

2446 4496 2565 4566 ρίας
2598 4494 2841 4564 μείζονάς
2859 4493 3006 4543 ἐστιν
3026 4488 3265 4559 ἀφορμὴ.
3287 4488 3347 4541 οὐ
3362 4487 3511 4557 παρά
3534 4486 3628 4556 τὴν
3644 4486 3815 4553 αὐτῆς
3830 4485 4019 4550 φύσιν,

2373 4580 2412 4632 υ
2445 4590 2582 4643 ἀλλὰ
2612 4588 2763 4658 παρά
2794 4586 2889 4655 τὴν
2906 4582 3127 4636 ἐκείνων
3154 4582 3516 4650 σκληρότητα.
3542 4599 3560 4629 ι
3594 4578 3954 4648 Θησαυρίζεις
3988 4595 4007 4627 ι

2443 4684 2571 4754 γὰρ,
2589 4683 2744 4752 φησι,
2772 4701 2789 4732 ι
2817 4678 3026 4747 σεαυτῷ
3051 4678 3240 4747 ὀργήν.
3257 4693 3274 4725 ι
3299 4673 3449 4741 υὺχό
3466 4672 3616 4733 Θεὸς.
3634 4670 3767 4721 ἀλλὰ
3781 4671 3843 4720 σὺ
3861 4685 4017 4720 σεαυ·

2442 4775 2538 4845 τῷ.
2577 4774 2747 4826 Πόθεν
2768 4790 2782 4837 ;
2817 4772 2947 4825 ’Δπδ
2976 4771 3072 4839 τῆς
3097 4768 3379 4822 ἀνενδότου
3400 4765 3447 4796 ⁸⁸
3464 4761 3712 4831 καὶπρὸς
3731 4760 3791 4814 τί,
3808 4760 4013 4827 ἀγαθὸν

2443 4869 2684 4938 σκληρᾶς
2714 4882 2805 4917 σου
2838 4863 3087 4934 καρδίας.
3109 4861 3277 4913 Ὅταν
3296 4859 3403 4927 γὰρ
3430 4857 3569 4925 μήτε
3592 4859 3657 4925 τῇ
3688 4854 4015 4924 χρηστότητι

2443 4962 2711 5034 μαλάττῃ,
2733 4960 2869 5029 μήτε
2892 4955 3041 5025 φόϐῳ
3062 4955 3313 5023 κάμπτῃ,
3343 4953 3395 5003 τί
3423 4948 3782 5019 σκληρότερόν
3805 4947 3845 4976 ⁸⁷
3882 4962 3973 4998 σου
3995 4964 4010 5010 ;

2451 5056 2699 5125 Ἦμέραν
2720 5052 2775 5104 δὲ
2802 5051 2972 5121 ὀργῆς
3003 5045 3193 5110 εἰπὼν,
3213 5046 3460 5113 ἐπήγαγε
3489 5042 3583 5095 καὶ
3609 5039 3689 5106 τὸ,
3719 5059 3738 5092 ‹
3779 5041 4015 5091 Ἀποκα-

2443 5147 2653 5215 λύψεως
2668 5146 2764 5197 καὶ
2778 5141 3171 5208 δικαιοκρισίας
3195 5136 3329 5189 Θεοῦ
3355 5152 3369 5164 ’
3407 5153 3425 5185 ι
3449 5136 3693 5196 εἰκότως,
3718 5134 3800 5183 ἵνα
3824 5131 3899 5200 μὴ
3922 5148 4011 5182 νο-

2448 5240 2695 5310 μίσῃτις,
2727 5234 2946 5287 ὃτικατ⁹
2972 5230 3141 5301 ὀργὴν
3170 5231 3202 5299 ἡ
3240 5227 3441 5298 κρίσις.
3485 5223 3850 5290 Ἀποκάλυψις
3877 5223 4011 5290 γὰρ,

2446 5333 2599 5398 φησι,
2618 5328 2826 5395 γίνεται
2850 5324 3087 5375 πάντων.
3110 5320 3272 5373 Ὥστε
3298 5318 3415 5371 κατ’
3431 5315 3589 5379 ἀξίαν
3606 5315 3709 5366 τῶν
3742 5313 4015 5366 αποκαλυ-

2443 5422 2726 5489 πτομένων
2752 5421 2784 5486 ἡ
2820 5414 3170 5475 ἁνταπόδοσις
3191 5430 3205 5442 ·
3244 5412 3333 5465 διὰ
3355 5411 3509 5462 τοῦτο
3527 5409 3584 5461 δὲ
3606 5412 3695 5459 καὶ
3719 5408 3963 5472 δικαιοκρ
3986 5435 4015 5448 -

2445 5517 2554 5565 σία.
2574 5510 2837 5565 Ἐνταῦθα
2863 5510 2963 5579 μὲν
2988 5508 3117 5575 γαρ,
3142 5505 3275 5570 διότι
3296 5502 3729 5573 συγκρύπτονται
3756 5498 3819 5547 τα
3852 5497 4011 5563 ἔργα,

2443 5606 2531 5659 διὰ
2571 5605 2730 5656 τοῦτο
2760 5604 2819 5653 οὐ
2860 5603 3087 5654 πάντοτε
3119 5598 3177 5651 τὸ
3201 5597 3405 5648 δίκαιον
3447 5593 3636 5662 κρατεί
3660 5605 3673 5620 ·
3708 5592 3824 5641 ἐκεῖ
3859 5589 3913 5641 δε
3943 5589 4009 5655 τῇ

2102 5730 2298 5791 Variae
2341 5730 2664 5790 lectiones.

842 5886 883 5913 θ’
915 5874 957 5930 ti,-
996 5877 1247 5946 ἄνθρωπε
1271 5891 1341 5926 ιιι.
1420 5872 1465 5902 ⁸⁵
1500 5872 1597 5938 μὲν
1623 5887 1677 5923 υ.
1753 5868 1796 5899 ⁵⁸
1824 5882 2063 5935 stetimus
2102 5882 2171 5918 ιιι.

2251 5863 2294 5895 ⁸⁸
2344 5860 2617 5924 ἀναιδείας
2657 5874 2710 5913 n.

2788 5857 2829 5888 ‘7
2866 5855 2909 5908 Τ
2917 5854 2961 5917 ἰς
2993 5844 3358 5920 σκληρότερός
3391 5859 3443 5897 o.
