4284 6450
313 422 416 484 369
1172 425 1582 488 EXPOSlTlO
1627 425 1702 482 ΙΝ
1745 423 1980 482 El‘lS'l‘.
2015 425 2113 482 AD
2156 424 2336 482 ΗΘΜ.
2383 450 2449 458 --
2480 427 2636 483 CAP.
2689 429 2763 486 ll.
3486 432 3590 490 370

314 543 414 608 τὴν
473 539 566 590 τοῦ
601 541 763 608 νόμον
819 540 1018 606 ἀργίαν
1047 557 1056 568 ⁸

320 633 563 700 ἰσότιμος
594 650 674 684 σοι
705 628 772 702 ἦν
793 635 820 685 ὁ
854 634 1080 704 Ἕλλην,
1115 636 1176 686 τὸ
1215 634 1421 702 ἀγαθὸν
1452 632 1642 685 ποιῶν.

1118 544 1250 592 ὅπου
1284 559 1365 608 γε,
1409 541 1494 592 ὅτε
1549 540 1698 607 ’ἤνθει
1731 537 1800 589 τὰ
1827 539 1913 599 σὰ,
1949 546 1987 598 Α
2026 537 2186 590 rebus
2233 552 2260 588 a
2313 536 2516 598 1Ιιιιιιιιο,
2552 538 2682 590 nihil
2716 553 2810 603 pro

1904 579 1913 599 ,
1949 546 1987 598 Α
2026 537 2186 590 rebus
2233 552 2260 588 a
2313 536 2516 598 Jmla-o,
2552 538 2682 590 nihil
2716 536 2962 603 prohibet
3014 539 3594 607 quoniinus‘peneque

2026 632 2345 683 honoretur.
2380 630 2610 684 Proinde
2644 646 2708 684 ne
2729 631 2998 698 glorieris,
3033 631 3234 693 Judwe,
3261 643 3446 683 contra
3473 647 3592 682 enm

313 726 406 791 qui
445 736 525 778 est
559 740 621 777 ex
659 725 947 793 gentibus,
994 734 1112 794 post
1144 727 1274 796 legis
1319 727 1750 795 abrogationetn,
1787 723 1907 788 ubi,
1941 725 2154 790 quando
2185 733 2272 778 tua
2304 723 2588 785 florebant,
2637 725 2840 776 honore
2908 725 2997 775 tibi
3035 740 3130 792 par
3195 735 3308 775 erat
3353 724 3594 781 (ira-cus,

316 818 514 870 boumn
551 818 775 872 faciens.
805 875 810 878 ,

394 929 411 960 ι
452 911 610 963 Ὅσοι
659 915 766 982 γαρ
799 913 1016 983 ἀνόμως
1070 915 1339 984 ἥμαρτον,
1374 917 1591 985 ἀνόμως
1638 919 1732 969 καὶ
1767 919 1900 968 ἁπο-

315 1001 572 1054 λοῦνται·
605 1006 697 1056 καὶ
740 1005 852 1059 ὅσοι
897 1007 1138 1076 ἐννόμως
1195 1008 1239 1038 ⁷⁸
1282 1011 1552 1079 ἥμαρτον,
1615 1009 1700 1061 διὰ
1733 1010 1900 1078 νόμου

317 1093 695 1162 κριθήσονται.
734 1098 809 1149 Οὐ
850 1099 958 1167 γὰρ
1014 1100 1062 1150 oi
1097 1101 1361 1168 ἀκροαταὶ
1396 1101 1489 1154 τοῦ
1515 1103 1677 1168 νόμου
1703 1102 1902 1154 δίκαιοι

319 1186 474 1251 παρὰ
500 1187 578 1256 τῷ
606 1188 746 1257 Θεῷ,
788 1190 904 1242 ἀλλ’
940 1192 987 1242 οἱ
1029 1194 1248 1261 ποιηταὶ
1281 1194 1373 1245 τοῦ
1409 1195 1574 1263 νόμου
1610 1195 1903 1265 δικαιωθή-

322 1296 528 1332 σονται.
581 1298 598 1330 ι
655 1283 894 1346 Ἐδειξεν
946 1285 1079 1344 ἄνω,
1126 1286 1206 1338 ὅτι
1265 1288 1491 1356 τιμᾶται
1515 1291 1606 1340 καί
1639 1293 1664 1341 ὁ
1702 1290 1902 1360 Ἕλλην

321 1374 520 1441 ἐπίσης
542 1373 618 1442 τῷ
662 1375 931 1446 Ἰουδαίῳ·
977 1376 1070 1429 νῦν
1095 1378 1383 1443 δείκνυσιν,
1411 1382 1490 1434 ὅτι
1512 1384 1569 1434 ἐν
1599 1386 1662 1453 τῇ
1689 1383 1906 1436 κολάσει

325 1465 603 1536 βαρυτέρα
640 1470 672 1537 ἠ
713 1472 1038 1537 κατάκρισις
1088 1473 1131 1504 τ’
1159 1474 1234 1542 τῷ
1272 1475 1531 1543 Ἰουδαίῳ.
1576 1478 1637 1529 Οί
1673 1478 1768 1545 μὲν
1800 1481 1907 1546 γὰρ

324 1556 608 1625 Ἕλληνες,
647 1561 834 1627 φησὶν,
870 1561 1085 1628 ἀνόμως
1122 1564 1388 1632 ἥμαρτον,
1434 1569 1701 1634 τουτέστι,
1739 1572 1908 1638 χωρὶς

325 1647 425 1715 τῆς
478 1651 586 1702 ἀπὸ
621 1651 714 1703 τοῦ
757 1653 922 1720 νόμου
980 1659 1376 1725 κατηχήσεως·
1425 1659 1504 1711 διὸ
1546 1663 1638 1713 καὶ
1692 1663 1909 1729 ἀνόμως

329 1743 678 1806 ἀπολοῦνται,
700 1749 966 1810 τουτέστι,
989 1751 1414 1820 κολασθήσονται
1431 1753 1816 1824 ἐλαφρότερον,
1837 1755 1911 1826 μὴ

328 1834 543 1901 ἔχοντες
562 1837 650 1888 τὸν
676 1840 835 1905 νόμον
855 1843 1268 1910 κατηγοριιῦντα
1289 1862 1301 1874 ·
1320 1845 1381 1896 τὸ
1401 1845 1526 1916 γὰρ,
1542 1865 1558 1897 ι
1598 1848 1860 1914 Ἀνόμως,
1891 1867 1908 1898 ι

327 1931 496 1996 χωρὶς
535 1929 633 1998 τῆς
667 1933 874 1984 ἐκείνου
910 1936 1308 2006 κατακρίσεως,
1368 1937 1534 1993 ἔστιν.
1590 1941 1648 1991 '0
1688 1941 1741 1992 δὲ
1785 1940 1910 1992 Ἰου-

327 2021 475 2083 δαῖος
525 2024 765 2090 ἐννόμως
798 2027 1076 2096 ἥμαρτεν·
1113 2031 1139 2081 ὅ
1169 2032 1304 2090 ἐστι.
1351 2033 1490 2100 μετὰ
1527 2036 1626 2101 τῆς
1660 2036 1768 2087 ἀπὸ
1817 2035 1908 2087 τοῦ

330 2108 497 2174 νόμου
522 2110 568 2140 ⁸⁰
617 2121 1005 2184 κατηχήσεως·
1053 2118 1131 2171 διὸ
1170 2124 1259 2172 καὶ
1296 2123 1535 2192 ἐννόμως
1569 2125 1908 2194 κριθήσεται,

332 2203 454 2252 ἀντὶ
487 2202 604 2266 τοῦ,
654 2212 1141 2278 κατακριθήσεται,
1200 2215 1292 2266 τοῦ
1326 2217 1492 2285 νόμου
1539 2219 1912 2291 σφοδροτέρως

333 2293 483 2362 αὑτῷ
542 2295 893 2367 ἐπικειμένου
945 2304 1036 2355 καὶ
1082 2307 1536 2377 κατηγοροῦντος,
1573 2313 1662 2364 καὶ
1693 2314 1914 2381 μείζονα

333 2387 432 2448 τὴν
479 2390 781 2459 καταδίκην
813 2395 1113 2459 ποιοῦντος.
1152 2400 1272 2461 Πῶς
1323 2397 1412 2452 οὖν
1451 2402 1649 2469 λέγεις,
1678 2399 1723 2457 ὧ
1782 2408 1916 2457 Ἰου-

333 2479 472 2541 δαῖε,
510 2483 590 2535 ὅτι
624 2487 697 2536 Οὐ
725 2486 915 2553 δέομαι
965 2490 1062 2557 τῆς
1113 2493 1357 2560 χάριτος,
1390 2492 1476 2547 οἷα
1512 2497 1574 2548 ἐκ
1605 2497 1699 2549 τοῦ
1751 2499 1916 2567 νόμου

337 2571 756 2643 δικαιούμενος;
801 2581 926 2634 ’ἰδοὺ
964 2582 1072 2652 γὰρ
1100 2585 1344 2657 ἐδείχθης
1379 2588 1482 2640 ὑπὸ
1500 2588 1593 2642 τοῦ
1616 2591 1781 2660 νόμου
1816 2609 1919 2662 μη-

338 2666 426 2718 δὲν
457 2669 858 2740 ὠφελούμενος.
911 2677 1073 2729 Ὥστε
1132 2680 1232 2747 τῆς
1266 2684 1359 2733 τοῦ
1412 2682 1652 2750 Χριστοῦ
1700 2684 1918 2754 χάριτος

341 2758 564 2828 χρῄζεις
596 2765 796 2832 μᾶλλον
816 2767 850 2835 ἢ
876 2771 903 2820 ὀ
931 2768 1157 2839 Ἕλλην,
1189 2767 1276 2825 οἷα
1318 2773 1394 2843 μὴ
1426 2774 1741 2840 δικαιωθείς
1767 2777 1921 2847 παρὰ

340 2850 461 2919 Θεῷ
482 2855 546 2904 ἐκ
579 2856 746 2925 μόνης
770 2859 868 2928 τῆς
907 2861 1000 2913 τοῦ
1047 2864 1214 2930 νόμου
1244 2866 1580 2935 ἀκροάσεως.
1617 2868 1776 2936 Παρὰ
1821 2871 1921 2939 μὲν

342 2945 452 3014 γὰρ
477 2947 807 3015 ἀνθρώποις,
834 2954 882 3003 ol
905 2953 1171 3023 ἀκροαταὶ
1222 2957 1316 3009 τοῦ
1358 2961 1548 3026 νόμου,
1601 2961 1795 3029 σεμνοὶ
1833 2962 1925 3014 δύ-

343 3055 534 3093 νανται
559 3043 846 3108 φαίνεσθαι
867 3061 879 3074 ·
924 3048 1074 3117 παρὰ
1106 3049 1160 3102 δὲ
1199 3050 1339 3118 Θεῷ,
1381 3055 1477 3122 οὐχ
1501 3053 1674 3117 οὕτως
1695 3070 1709 3084 ⁶
1737 3055 1852 3110 ἀλλ’
1875 3057 1924 3109 ol

344 3132 570 3198 ποιηταὶ
595 3134 689 3186 τοῦ
720 3137 885 3203 νόμου
916 3139 1272 3195 δικαιοῦνται.

424 3242 442 3275 ι
482 3225 651 3278 Ὅταν
697 3227 805 3296 γὰρ
859 3230 990 3300 ἔθνη
1036 3233 1104 3284 τὰ
1149 3234 1222 3303 μὴ
1270 3237 1434 3304 νόμον
1470 3235 1700 3307 ἔχοντα,
1761 3239 1922 3308 φύσει

344 3315 414 3367 τὰ
439 3317 532 3369 τοῦ
563 3320 728 3387 νόμου
764 3326 914 3392 ποιῇ,
955 3320 1101 3378 οὗτοι
1133 3327 1295 3396 νόμον
1331 3332 1404 3399 μὴ
1441 3332 1674 3402 ἔχοντες,
1712 3334 1924 3398 ἑαυτοῖς

348 3412 454 3463 εἰσι
480 3414 664 3476 νόμος.
702 3415 910 3476 Οἵτινες
950 3418 1312 3475 ὲνδεικνυνται
1336 3424 1395 3475 τὸ
1419 3424 1579 3492 ἔργον
1601 3426 1692 3479 τοῦ
1721 3428 1857 3481 Θεοῦ
1879 3430 1922 3462 ⁸³

349 3503 593 3567 γραπτὸν
625 3505 681 3556 ἐν
729 3511 846 3568 ταῖς
899 3509 1149 3578 καρδίαις
1181 3513 1381 3578 αὐτῶν,
1425 3521 1923 3590 συμμαρτυρούσης

348 3591 526 3642 αὐτῶν
556 3595 654 3663 τῆς
691 3597 1063 3665 συνειδήσεως.
1098 3618 1115 3649 ι
1165 3599 1250 3652 Ἐν
1283 3596 1362 3665 οἷς
1407 3606 1806 3668 κατασκευάζει
1859 3608 1927 3660 τὰ

350 3684 491 3734 κατὰ
517 3685 624 3736 τῶν
663 3686 950 3751 Ἰουδαίων,
993 3690 1133 3743 οὕτω
1195 3695 1632 3762 μεταχειρίζεται
1691 3697 1928 3759 συνετῶς

351 3773 441 3824 τὸν
461 3773 640 3840 λόγον,
667 3775 807 3828 ὥστε
841 3781 913 3846 μὴ
945 3778 1123 3832 δοκεῖν
1151 3799 1201 3833 τι
1231 3786 1368 3835 κατὰ
1405 3787 1497 3836 τοῦ
1534 3786 1697 3853 νόμου
1727 3787 1924 3854 λέγειν.

363 3863 452 3925 Ὠς
481 3865 589 3933 γὰρ
621 3867 860 3935 ἐπαίρων
890 3871 981 3920 καὶ
1013 3871 1331 3939 μεγαλύνων
1385 3877 1475 3927 τὸν
1528 3877 1709 3945 νόμον,
1765 3881 1927 3947 φησιν

349 3956 432 4008 ὅτι
464 3958 513 4008 οί
550 3956 624 4027 μὴ
647 3958 811 4027 νόμον
846 3959 1083 4028 ἔχοντες,
1125 3963 1189 4015 τὰ
1220 3963 1275 4014 δὲ
1315 3963 1407 4016 τοῦ
1448 3966 1610 4035 νόμον
1649 3968 1929 4032 ποιοῦντες

358 4069 376 4100 ι
405 4049 584 4115 φύσει,
615 4069 634 4101 ι
672 4053 792 4104 ἀντὶ
810 4054 922 4118 τοῦ,
958 4057 1072 4118 τοῖς
1105 4059 1168 4108 ὲκ
1196 4059 1408 4124 φύσεως
1436 4060 1712 4129 λογισμοῖς
1748 4062 1928 4114 πειθό-

358 4158 532 4209 μενοι,
562 4143 868 4212 θαυμαστοί
890 4149 1032 4210 τινές
1059 4152 1217 4202 είσιν·
1239 4154 1320 4204 ὅτι
1338 4153 1430 4205 τοῦ
1465 4154 1629 4222 νόμου
1653 4157 1751 4208 οὐκ
1782 4157 1931 4227 ἐδεή-

354 4235 549 4302 θησαν,
583 4237 677 4289 καὶ
730 4239 821 4290 τὸν
870 4238 1032 4308 νόμον
1081 4242 1428 4310 ἐπλήρωσαν,
1492 4244 1552 4297 οὐ
1604 4246 1928 4316 γράμματα,

357 4328 471 4379 ἀλλ’
500 4328 636 4398 ἔργα
693 4335 816 4392 ταῖς
874 4333 1123 4401 καρδίαις
1156 4335 1337 4388 αὐτῶν
1383 4337 1805 4406 ἐγκολάψαντες,
1837 4342 1932 4393 καὶ

355 4421 432 4488 τῷ
459 4423 722 4475 συνειδότι
782 4424 877 4477 καὶ
928 4429 1040 4489 τοῖς
1065 4431 1313 4494 φυσικοῖς
1342 4429 1619 4498 λογισμοῖς
1685 4433 1805 4484 ἀντὶ
1837 4432 1931 4485 τοῦ

2084 908 2246 962 V't-IRS.
2276 907 2360 971 1‘2,
2398 907 2482 959 15.
2518 924 2536 956 ι
2574 905 2891 974 Quicunque
2916 906 3058 958 enim
3108 907 3224 959 sine
3258 908 3368 973 lege
3403 924 3560 975 pt‘CCLt

2014 1010 2228 1061 verunt,
2258 999 2375 1052 sine
2418 998 2530 1068 lege
2561 1009 2613 1050 et
2643 998 2890 1065 peribunt
2923 1017 2933 1050 :
2965 1008 3017 1051 et
3050 1000 3358 1067 quicunque
3395 1002 3444 1052 in
3482 1003 3594 1066 lege

2014 1102 2390 1161 peccaverunt,
2445 1107 2538 1159 per
2592 1091 2761 1160 legem
2815 1091 3222 1161 judicabuutur.
3279 1092 3391 1143 Non
3452 1096 3591 1145 enim

2013 1188 2290 1242 auditores
2340 1187 2622 1255 legisjusti
2661 1196 2784 1240 sunt
2818 1188 2955 1255 apud
3003 1187 3189 1247 Deum,
3232 1187 3323 1239 sed
3365 1188 3596 1239 fatim-vs

2015 1279 2635 1350 li-gisjus:ificabuntur.
2680 1299 2697 1330 ι
2736 1278 2999 1332 lndicavit
3039 1293 3226 1345 supra,
3263 1279 3403 1343 quod
3444 1277 3596 1330 (ἐγλυ-

2015 1388 2110 1426 cus
2135 1373 2324 1424 eodem
2349 1385 2467 1423 cum
2493 1369 2679 1424 Iudaeo
2704 1369 2907 1426 honore
2936 1370 3163 1422 allicitur
3195 1388 3204 1422 :
3251 1385 3390 1421 nunc
3416 1381 3600 1422 osten-

2019 1467 2094 1519 d't
2125 1467 2264 1533 quod
2307 1465 2555 1533 supplicii
2589 1473 2830 1532 temporc
2860 1463 3072 1532 gravior
3102 1462 3286 1517 Judaso
3321 1465 3496 1514 futura
3533 1464 3599 1515 sit

2018 1560 2414 1612 condemnatio.
2461 1558 2635 1611 Graeci
2679 1557 2848 1619 enim,
2885 1556 3078 1623 inquit,
3116 1575 3132 1605 (
3170 1558 3284 1609 sine
3329 1557 3442 1622 lege
3475 1572 3600 1624 pec-

2020 1662 2302 1714 caverunt,
2343 1669 2361 1703 ι
2400 1652 2498 1704 hoc
2533 1660 2632 1711 est,
2683 1651 2800 1704 sine
2837 1664 2896 1703 ea
2931 1664 3049 1717 qua:
3082 1663 3175 1716 per
3212 1649 3376 1715 legem
3407 1661 3486 1700 est
3521 1650 3601 1700 iu-

2021 1743 2356 1798 Sll‘ttCllUlle:
2404 1753 2682 1811 propterea
2724 1762 2740 1793 ι
2793 1751 2847 1795 ει
2880 1742 2993 1794 sine
3038 1742 3151 1810 lege
3201 1743 3454 1809 peribunt
3487 1761 3504 1792 ι
3551 1744 3597 1794 id

1954 1847 1991 1898 Β
2019 1845 2120 1896 est,
2156 1835 2444 1900 punientur
2473 1834 2664 1898 levius,
2700 1844 2756 1887 ut
2795 1837 2882 1902 qui
2915 1836 3082 1902 legem
3121 1847 3463 1890 accusantem
3498 1852 3598 1887 non

2014 1929 2298 1980 habuerint
2337 1943 2495 1980 :natn
2537 1945 2554 1977 ι
2598 1929 2716 1982 sine
2756 1928 2892 1996 lege,
2948 1948 2964 1979 ι
3003 1939 3105 1991 est,
3148 1931 3281 1981 citra
3321 1930 3462 1982 illius
3495 1931 3602 1997 2ο

2015 2021 2542 2075 condemnationem.
2564 2019 2780 2074 Judaius
2813 2033 2988 2074 autem
3022 2041 3039 2073 ι
3069 2024 3120 2075 in
3147 2024 3259 2091 lege
3285 2041 3302 2073 ι
3335 2025 3601 2090 peccavit,

2015 2117 2115 2170 hoc
2144 2127 2249 2178 est,
2284 2133 2406 2170 cum
2461 2117 2798 2170 institutione
2829 2133 2948 2185 qua:
2978 2128 3062 2172 est
3099 2135 3164 2171 ex
3203 2119 3318 2187 lege
3347 2138 3357 2170 :
3400 2121 3519 2172 ideo
3549 2128 3602 2171 et

2018 2211 2071 2262 in
2106 2209 2220 2277 lege
2267 2209 2620 2278 judicabitur,
2693 2209 2743 2262 id
2801 2219 2904 2271 est,
2937 2210 3425 2274 condemnabitur,
3490 2213 3603 2281 lege

2019 2304 2390 2356 vehementius
2444 2303 2542 2372 ipsi
2596 2303 2938 2357 incumbente
2981 2314 3034 2357 et
3076 2314 3389 2364 accusante,
3431 2306 3602 2371 maju-

2022 2411 2242 2463 remque
2275 2395 2782 2449 condemnationem
2825 2394 3080 2449 faciente.
3113 2397 3396 2461 Quomodo
3441 2398 3602 2464 igitur

2020 2487 2191 2552 dicis,
2232 2487 2434 2550 Judee,
2467 2486 2655 2542 Gratia
2689 2503 2786 2556 ego
2823 2503 2929 2542 non
2985 2487 3218 2557 indigeo,
3259 2489 3460 2556 quippe
3509 2491 3598 2556 qui

2019 2593 2084 2631 ex
2120 2577 2559 2646 legejustiﬁcer?
2587 2577 2722 2632 Ecce
2763 2580 2904 2632 enim
2953 2578 3378 2632 demonstratum
3412 2591 3514 2645 εει,
3552 2592 3603 2634 ιε

2022 2686 2049 2721 a
2089 2670 2204 2739 lege
2243 2670 2375 2723 nihil
2424 2671 2663 2734 adjutum
2704 2670 2868 2724 fuisse
2912 2687 2926 2724 :
2968 2671 3148 2737 itaque
3184 2670 3385 2724 Christi
3431 2675 3602 2739 gratia

2024 2763 2195 2828 magis
2237 2763 2442 2832 indiges
2489 2778 2648 2831 quam
2690 2764 2935 2827 Graecus,
2992 2779 3089 2818 ceu
3146 2765 3604 2834 nonjustificatus

2025 2855 2161 2924 apud
2200 2854 2367 2908 Deum
2400 2871 2463 2909 ex
2498 2857 2615 2909 sola
2657 2856 2790 2922 legis
2820 2858 3116 2911 auditione.
3156 2857 3288 2911 Nam
3329 2860 3468 2926 apud
3506 2861 3605 2913 lm-

2026 2948 2221 3013 tnines,
2259 2948 2534 3001 auditores
2577 2933 2707 3015 legis
2757 2959 2811 3001 et
2862 2965 3054 3017 graves
3102 2952 3174 3017 (et
3225 2952 3379 3020 justi)
3432 2953 3602 3005 videri

2027 3051 2276 3108 queunt:
2333 3042 2473 3108 apud
2515 3042 2679 3095 Deum
2717 3057 2819 3095 non
2868 3044 3020 3107 item,
3072 3045 3165 3097 sed
3212 3042 3448 3099 factores
3477 3042 3605 3113 legis

2025 3133 2406 3202 justificantur.

2099 3223 2259 3279 Vens.
2296 3227 2379 3290 M,
2416 3225 2504 3280 15.
2545 3243 2562 3276 ι
2595 3225 2727 3279 Cum
2761 3225 2902 3279 enim
2931 3237 3117 3295 gentes
3149 3242 3265 3294 qua:
3298 3227 3467 3295 legem
3500 3243 3603 3280 non

2027 3317 2249 3381 habent,
2287 3316 2604 3371 naturaliter
2652 3333 2713 3371 ea
2761 3333 2878 3384 qua:
2914 3318 3048 3387 legis
3104 3329 3254 3382 sunt,
3291 3320 3515 3380 faciunt,
3554 3321 3603 3371 hi

2027 3410 2196 3479 legem
2231 3426 2336 3465 non
2367 3411 2649 3475 habentes,
2684 3412 2783 3480 ipsi
2833 3413 2932 3466 sibi
2968 3423 3094 3466 sunt
3138 3414 3244 3465 lex.
3288 3413 3389 3478 Qui
3425 3423 3606 3468 osten-

2025 3503 2161 3558 dunt
2193 3519 2326 3572 opus
2355 3502 2487 3573 legis
2518 3507 2779 3570 scriptum
2820 3505 2869 3558 in
2909 3507 3162 3559 cordibus
3191 3509 3322 3569 suis,
3363 3511 3606 3562 testimoo

2028 3594 2176 3647 nium
2221 3593 2476 3648 reddente
2516 3595 2622 3649 illis
2667 3596 2996 3651 conscientia
3048 3599 3307 3665 ipsorum.
3352 3619 3370 3650 ι
3413 3600 3508 3654 Ubi
3541 3618 3604 3654 ea

2028 3700 2148 3752 quae
2172 3696 2355 3739 contra
2384 3684 2597 3741 Iuda-os
2624 3686 2828 3742 faciunt
2857 3692 3437 3758 argumentis’astruit,
3471 3697 3605 3746 adeo

2031 3779 2320 3847 prudenter
2372 3795 2674 3835 sermonem
2731 3783 3061 3848 moderatur,
3121 3795 3178 3837 ut
3231 3801 3335 3839 non
3366 3787 3608 3840 videatur

2031 3870 2323 3938 quidquam
2369 3871 2628 3927 adversus
2659 3873 2825 3941 legem
2867 3878 3069 3931 dicere.
3113 3877 3283 3932 Veluti
3334 3881 3477 3933 enim
3517 3898 3610 3934 ει-

2034 3960 2226 4014 tollens
2256 3969 2308 4012 et
2342 3962 2694 4030 magnificans
2730 3967 2922 4034 legem,
2988 3967 3183 4034 inquit,
3230 3969 3370 4037 quod
3438 3970 3604 4039 legem

1999 4067 2135 4104 -non
2197 4053 2476 4115 habentes,
2524 4073 2541 4106 ι
2591 4064 2765 4108 tamen
2819 4073 2936 4126 quae
2982 4060 3115 4128 legis
3167 4073 3292 4112 Suttl.
3348 4061 3606 4118 facientes

2045 4164 2056 4194 ‹
2097 4148 2430 4207 naturaliter,
2472 4167 2488 4197 ι
2536 4150 2585 4200 id
2630 4159 2733 4211 est,
2773 4152 3072 4206 rationibus
3103 4168 3131 4204 a
3186 4166 3377 4208 natura
3434 4157 3610 4209 ductis

2033 4240 2297 4306 persuasi,
2351 4241 2694 4294 admirabiles
2753 4251 2926 4296 sunt:
2980 4245 3420 4314 quandoquidem
3481 4247 3611 4317 legis

2037 4345 2139 4382 non
2194 4330 2541 4395 iudiguerint,
2599 4343 2653 4384 et
2702 4333 2870 4401 legem
2931 4336 3145 4388 interim
3195 4339 3606 4404 compleverint,

2037 4437 2141 4473 non
2184 4423 2390 4475 litteras
2429 4439 2580 4486 sane,
2627 4439 2809 4477 verum
2866 4441 3029 4492 opera
3071 4429 3328 4482 cordibus
3368 4430 3480 4483 suis
3531 4431 3610 4482 in-

357 4517 525 4581 νόμου
560 4515 834 4584 χρώμενοι
869 4519 948 4576 είς
997 4521 1305 4588 μαρτυρίαν
1328 4519 1420 4572 τοῦ
1446 4521 1631 4574 καλοῦ.
1672 4523 1830 4592 Τρεῖς
1876 4525 1932 4577 δὲ
1967 4527 2049 4591 οε

1918 4533 1932 4577 ξ
1967 4534 2011 4591 D
2039 4513 2363 4580 sculpentes,
2396 4525 2449 4567 et
2481 4518 2810 4569 conscientia
2860 4526 2910 4570 et
2958 4520 3294 4572 naturalibus
3327 4523 3610 4586 cogitatio-

356 4604 556 4670 νόμους
587 4606 821 4660 ἐνταῦθά
849 4627 981 4677 φησι
1004 4625 1019 4638 ·
1043 4611 1133 4662 τὸν
1160 4613 1423 4681 γραπτὸν,
1451 4614 1543 4666 τὸν
1571 4618 1818 4681 φυσικὸν,
1840 4617 1934 4669 καὶ

356 4698 448 4748 τὸν
485 4698 540 4748 ὲν
577 4699 689 4760 τοῖς
717 4699 919 4767 ἔργοις.
959 4719 977 4751 ι
1022 4701 1186 4769 ἘΟνη
1222 4704 1288 4755 τὰ
1345 4704 1420 4773 μὴ
1464 4705 1627 4772 νόμον
1655 4705 1864 4775 ἔχοντα.
1908 4727 1926 4757 ι

359 4790 545 4854 Ποῖον;
589 4790 693 4843 Τὸν
736 4794 999 4861 γραπτὸν.
1045 4813 1062 4844 ι
1107 4795 1272 4847 Φύσει
1305 4796 1374 4848 τὰ
1399 4796 1494 4849 τοῦ
1528 4798 1692 4867 νόμου
1724 4803 1871 4868 ποιῇ.
1908 4819 1926 4850 ι

357 4881 556 4946 Ποίου;
595 4881 699 4934 Τοῦ
732 4882 818 4934 δια
848 4885 956 4936 τῶν
996 4884 1190 4953 ἔργων.
1229 4905 1245 4936 ι
1275 4881 1434 4938 Οῦτοι
1470 4888 1633 4956 νόμον
1668 4889 1740 4959 μὴ
1780 4890 1932 4959 ἔχον-

359 4990 473 5034 τες.
511 4992 529 5024 ι
565 4975 753 5038 Ποῖονς
780 4976 883 5027 Τὸν
917 4977 1182 5044 γραπτὸν.
1222 4997 1239 5029 ι
1274 4979 1518 5041 Ἑαυτοῖς
1551 4982 1657 5032 εξσι
1686 4982 1871 5049 νόμος.
1910 5000 1926 5031 ι

364 5066 484 5125 Πῶς
508 5084 522 5128 ;
560 5065 649 5133 Τῷ
668 5066 879 5134 φυσικῴ
903 5068 1254 5138 κεχρημένοι.
1278 5088 1294 5119 t
1327 5069 1536 5132 Οἴτινες
1568 5071 1936 5123 ἐνδείκνυνται

359 5161 421 5210 τὸ
447 5159 608 5226 ἔργον
635 5159 728 5213 τοῦ
760 5161 947 5227 νόμου.
981 5180 997 5213 ι
1035 5162 1231 5226 Ποίου;
1274 5161 1380 5214 Τοῦ
1403 5163 1491 5216 διὰ
1525 5163 1633 5216 τῶν
1661 5164 1934 5232 πράξεων.

364 5251 508 5320 Ὅρα
546 5250 604 5302 δὲ
641 5252 854 5317 σοφίαν,
880 5251 995 5313 πῶς
1026 5253 1126 5306 οὐκ
1147 5254 1344 5321 ἔπληξε
1371 5256 1494 5316 τοὺς
1532 5255 1842 5321 Ἰουδαίους,
1865 5260 1939 5321 ὼς

363 5343 563 5413 ἀπῄτει
604 5345 636 5412 ἡ
670 5345 959 5400 ἀκολουθία
990 5348 1084 5399 τοῦ
1114 5347 1273 5415 λόγου
1296 5366 1307 5378 ·
1335 5349 1551 5413 πάντως
1575 5350 1684 5418 γὰρ
1713 5352 1851 5403 κατὰ
1881 5355 1940 5403 τὸ

363 5442 659 5494 ἀκόλουθον
685 5442 858 5504 οὕτως
893 5443 997 5497 ἔδει
1029 5446 1203 5497 εἰπεῖν
1231 5461 1244 5475 ·
1278 5446 1448 5498 Ὅταν
1476 5447 1585 5515 γὰρ
1611 5446 1740 5513 ἔθνη
1768 5447 1939 5514 χωρὶς

363 5536 553 5604 νόμον,
585 5535 744 5602 φύσει
766 5537 833 5588 τὰ
863 5536 956 5589 τοῦ
990 5537 1154 5606 νόμου
1183 5540 1333 5608 ποιῇ,
1359 5538 1538 5607 πολλῷ
1566 5539 1808 5607 βελτίους
1830 5539 1936 5590 εἰσὶ

363 5627 474 5680 τῶν
510 5628 617 5679 ἀπὸ
641 5629 735 5680 τοῦ
782 5630 945 5698 νόμου
993 5629 1415 5699 διδασκομένων.
1469 5631 1605 5683 Ἀλλ’
1655 5631 1753 5681 οὐκ
1784 5628 1937 5682 εἶπεν

2040 4604 2198 4657 nibus
2227 4605 2358 4673 legis
2385 4607 2498 4659 loco
2531 4608 2610 4660 usi
2644 4608 2709 4661 ad
2742 4611 3108 4663 testimonium
3138 4612 3262 4665 boni
3297 4623 3352 4664 et
3379 4613 3608 4668 honesti.

2039 4696 2175 4750 Tres
2210 4709 2386 4751 autem
2420 4699 2562 4768 leges
2585 4701 2670 4754 hic
2702 4702 2828 4755 dicit
2865 4721 2877 4756 :
2910 4705 3186 4771 scriptam,
3225 4709 3523 4759 naturalem
3560 4720 3613 4761 et

2038 4801 2158 4840 eam
2191 4804 2310 4856 quas
2342 4799 2422 4842 est
2450 4789 2503 4842 in
2538 4793 2810 4860 operibus.
2851 4813 2867 4844 ι
2908 4792 3107 4849 Gentes
3145 4811 3265 4863 qua:
3301 4798 3471 4863 legem
3506 4816 3608 4852 non

2039 4879 2258 4931 habent.
2307 4899 2323 4930 ι
2377 4879 2642 4945 Qualem?
2715 4885 3007 4954 Scriptam.
3065 4907 3080 4938 ‹
3150 4887 3352 4942 Natura
3409 4891 3613 4944 faciunt

2042 4989 2163 5042 quze
2189 4984 2314 5027 sunt
2340 4975 2492 5043 legis.
2521 4995 2538 5027 ι
2563 4978 2787 5041 Qualis?
2819 4978 2949 5045 Ejus
2973 4997 3091 5049 qua:
3117 4983 3167 5034 in
3195 4985 3446 5051 operibus
3479 5001 3612 5038 con-

2046 5072 2206 5124 sistit.
2242 5089 2258 5122 ι
2303 5069 2364 5124 Hi
2402 5073 2568 5141 legem
2626 5091 2730 5128 non
2785 5075 3062 5129 habentes.
3105 5095 3122 5128 ι
3163 5079 3429 5141 Qualem?
3466 5079 3606 5132 SCll-

2047 5172 2213 5228 ptam.
2258 5181 2274 5213 (
2320 5163 2434 5217 Sibi
2467 5164 2565 5230 ipsi
2609 5174 2734 5218 sunt
2761 5165 2862 5218 lex.
2901 5185 2918 5217 ι
2950 5168 3190 5231 Quanam
3227 5170 3475 5221 ratione?
3505 5170 3578 5222 Na

2047 5253 2203 5307 turali
2238 5270 2430 5325 nempe
2459 5267 2685 5312 utentes.
2719 5278 2735 5308 ι
2780 5258 2882 5324 Qui
2911 5265 3202 5314 ostendunt
3229 5277 3364 5330 Opus
3397 5263 3543 5330 legis.
3591 5284 3605 5311 ι

2046 5347 2272 5413 Qualis?
2305 5347 2418 5415 ejus
2451 5367 2566 5418 quae
2602 5353 2650 5403 in
2701 5353 2957 5420 Operibus
2987 5366 3218 5409 constat.
3270 5354 3478 5410 Intuere
3518 5375 3607 5411 au-

2047 5453 2150 5494 tem
2208 5441 2295 5495 hic
2332 5443 2672 5510 sapientiam,
2710 5447 2978 5511 quomodo
3009 5445 3239 5509 Ιυιίιιςυε,
3284 5450 3504 5516 perinde
3554 5467 3610 5502 at-

2045 5536 2310 5589 sermonis
2360 5539 2744 5604 consequentia
2801 5541 3051 5607 postulat.
3105 5557 3209 5593 non
3270 5543 3606 5609 perstrinxit.

2045 5626 2278 5683 Omnino
2300 5631 2442 5684 enim
2475 5645 2567 5701 per
2591 5636 3022 5688 consecutionem
3047 5635 3122 5688 sic
3146 5635 3376 5689 debebat
3396 5637 3573 5689 dicere
3598 5659 3609 5689 .-

1692 5769 1886 5830 Variae
1920 5768 2248 5832 lectiones.

444 5897 490 5929 ³⁵
522 5898 578 5950 ὲν
614 5896 761 5968 νόμῳ
789 5913 838 5952 0.
918 5900 960 5934 "
990 5899 1167 5969 κρίσις
1205 5914 1276 5955 ιη·
1355 5899 1399 5931 ⁸⁸
1433 5899 1489 5952 έν
1525 5899 1673 5970 νόμῳ
1698 5915 1749 5954 ο·

1827 5899 1872 5931 ⁸¹
1902 5898 1992 5953 τοῦ
2026 5898 2190 5970 νόμον
2219 5916 2290 5955 ιιι.
