4284 6450
275 393 380 456 373

1133 399 1533 459 EXPOSlTIO
1571 400 1653 460 IN
1685 400 1918 462 EPIST.
1961 403 2059 462 AD
2100 405 2280 464 ROM.
2310 431 2378 440 -
2415 406 2572 466 CAP.
2607 407 2682 465 ll.

3425 405 3530 470 374

273 506 326 554 τί
379 506 454 575 μὴ
494 506 574 558 δεῐ
597 508 821 577 πρᾶξαι.
861 529 878 561 ι
913 510 1250 581 Διαφέροντα
1281 532 1299 564 ι
1336 515 1415 578 δὲ,
1441 514 1509 566 τὰ
1539 513 1848 582 καθήκοντα
1883 522 1922 575 Α
1955 533 1965 568 t

1833 534 1848 565 I
1883 522 1922 575 Α
1955 533 2072 584 qua:
2103 533 2204 570 non
2230 523 2513 574 conveniat
2538 534 2716 584 agerc.
2743 518 2843 573 Per
2860 521 3211 591 διαφέροντα,
3239 521 3525 590 unicuique

273 596 494 666 ἑκάστῳ
519 602 756 668 νοητέον,
792 603 961 672 ἧγουν
994 605 1064 656 τὰ
1094 606 1460 674 συμφέροντα.

351 707 370 739 ι
409 691 684 755 Πέποιθάς
720 710 779 746 τε
809 697 1035 750 σεαυτὸν
1066 699 1257 765 ὁδηγὸν
1286 699 1426 751 εἶναι
1458 699 1695 765 τυφλῶν,
1739 701 1854 768 φῶς

273 783 385 832 τῶν
429 785 489 835 ὲν
520 785 721 852 σκότει,
765 788 1057 858 παιδευτὴν
1099 791 1370 858 ἀφρόνων,
1404 792 1723 844 διδάσκαλον
1756 812 1849 862 νη-

274 874 436 935 πίων,
474 877 665 946 ἔχοντα
713 880 810 951 τὴν
854 881 1134 951 μόρφωσιν
1184 885 1283 951 τῆς
1325 884 1576 950 γνώσεως
1620 887 1716 938 καὶ
1756 886 1856 954 τῆς

1957 611 2328 663 convenientia
2364 613 2711 677 intelligentia
2749 621 2896 675 sunt,
2931 614 3011 665 vel
3044 614 3214 666 utilia.

2031 698 2193 753 Vens.
2226 700 2409 753 19-220.
2441 719 2458 752 ι
2485 702 2721 754 Confidis
2750 701 2978 760 teipsum
3004 717 3120 756 esse
3147 703 3337 757 tlnrcm
3364 717 3524 756 czccn.

1957 806 2096 849 rum.
2126 797 2301 844 lumen
2329 809 2515 845 eorum
2542 795 2627 856 qui
2662 811 2712 846 tn
2753 795 2988 847 tenebris
3022 803 3165 852 sunt.
3201 795 3530 847 cruditnrcm

1958 881 2346 948 insipientium.
2381 896 2697 955 magmentu-
2735 885 3046 948 infantium,
3098 885 3380 938 habentem
3421 888 3532 941 inr-

273 968 532 1036 ἀληθείας
564 970 620 1022 ὲν
647 972 724 1040 τῷ
765 972 935 1043 νόμῳ.
981 994 999 1025 ι
1065 975 1348 1044 Ἀνωτὲρω
1390 977 1493 1044 μὲν
1535 977 1742 1044 ἔλεγεν,
1775 979 1854 1030 ὃτι
1961 991 1965 1027 l

1840 998 1854 1030 ι
1961 990 2101 1028 mam
2133 976 2371 1029 scientia:
2398 987 2446 1030 et
2481 977 2726 1030 veritatis
2758 978 2808 1028 in
2839 978 2972 1043 lege.
3019 995 3036 1027 ι
3094 978 3266 1037 Supra
3316 978 3531 1043 quidem

275 1059 430 1111 οὐδὲν
467 1060 667 1129 ὠφελεῖ
711 1065 744 1132 ὴ
778 1065 1041 1132 ἀκρόασις
1071 1066 1164 1118 τοῦ
1192 1067 1379 1138 νόμου,
1413 1069 1509 1121 ἑὰν
1540 1069 1614 1138 μὴ
1660 1071 1856 1138 πρᾶξις

1961 1069 2190 1130 dicebat.
2217 1069 2545 1122 auditionem
2578 1071 2709 1125 lczis
2739 1069 2871 1122 niiiii
2895 1071 3172 1136 prodesse,
3196 1069 3294 1122 nisi
3321 1081 3374 1121 ct
3399 1072 3537 1120 auio

279 1153 480 1222 προσῇ.
525 1173 542 1205 ι
594 1155 669 1207 Οὐ
700 1156 807 1224 γὰρ
839 1156 888 1209 οί
924 1159 1212 1227 ἀκροαταὶ,
1248 1177 1266 1210 ι
1309 1161 1464 1229 φησὶ,
1501 1177 1521 1211 ι
1563 1161 1654 1214 τοῦ
1693 1163 1854 1232 νόμου
1961 1178 1971 1215 :

1847 1182 1854 1214 ι
1961 1162 2264 1216 accederet.
2302 1181 2319 1212 ι
2357 1162 2539 1228 hcque
2565 1173 2705 1216 enim
2730 1163 3028 1226 auditores,
3069 1179 3086 1211 ι
3121 1161 3317 1227 inquit,
3354 1179 3370 1210 ι
3407 1161 3539 1229 lingis

276 1246 479 1301 δίκαιοι
515 1250 665 1317 παρά
701 1250 779 1321 τῷ
808 1251 947 1321 Θεῷ,
979 1253 1094 1306 ἀλλ’
1124 1257 1170 1307 οί
1212 1255 1451 1324 ποιηταί.
1492 1274 1510 1308 ι
1547 1256 1660 1309 Νῦν
1694 1259 1748 1309 δὲ
1799 1257 1858 1311 τδ
1956 1256 1968 1324 j

1850 1277 1858 1310 ι
1956 1256 2086 1324 justi
2128 1264 2255 1309 sunt
2311 1255 2448 1320 apud
2491 1254 2680 1317 Deum,
2718 1258 2808 1309 sed
2845 1257 3102 1309 factores.
3164 1273 3182 1305 ι
3222 1253 3374 1307 Nunc
3411 1268 3542 1307 vero

282 1342 471 1409 μεῖζον
505 1341 673 1409 λέγει,
705 1344 786 1397 ὅτι
819 1345 939 1399 Κᾶν
967 1347 1284 1411 διδάσκαλος
1316 1342 1387 1412 εἷ,
1418 1350 1500 1417 μὴ
1531 1350 1772 1421 πράττῃς
1803 1351 1858 1404 δὲ
1965 1365 1974 1400 ι

1850 1371 1858 1404 ε
1965 1349 2138 1416 majus
2169 1347 2441 1417 quidpiam
2480 1348 2554 1399 ait
2598 1365 2611 1399 :
2649 1345 2873 1399 Etiamsi
2921 1344 3053 1414 legis
3087 1346 3279 1398 doctor
3322 1357 3400 1405 es,
3447 1357 3542 1396 nec

279 1436 350 1486 τὰ
373 1434 468 1488 τοῦ
494 1437 685 1506 νόμου,
709 1439 770 1491 οὐ
798 1440 958 1509 μόνον
980 1441 1133 1495 οὐδὲν
1158 1441 1367 1510 ὠφελῇ,
1394 1441 1528 1494 ἀλλά
1555 1445 1648 1496 καὶ
1677 1444 1859 1511 μειζό-

283 1540 387 1590 νως
417 1530 642 1601 κολάζῃ.
662 1532 880 1605 Ἐπειδὴ
899 1533 1006 1606 γὰρ
1035 1535 1093 1588 ὲν
1121 1534 1296 1604 τούτῳ
1314 1537 1548 1604 μάλιστα
1568 1538 1849 1606 ἐφρόνουν,

285 1619 368 1686 τῷ
391 1619 761 1692 διδασκαλικῷ
790 1624 1084 1696 ἀξιώματι,
1119 1627 1370 1680 εντεῦθεν
1405 1629 1451 1660 ’³
1479 1628 1714 1698 μάλιστα
1764 1629 1861 1682 δείο

287 1729 478 1765 κνυσιν
544 1715 740 1779 αὐτοὺς
783 1719 1245 1785 καταγελάστους.
1302 1721 1479 1775 Ὅταν
1521 1722 1628 1792 γὰρ
1687 1723 1858 1790 λέγει.

296 1824 314 1854 ε
344 1805 570 1874 Ὁδηγδν
590 1808 826 1876 τυφλῶν,
841 1810 1158 1866 διδάσκαλον
1176 1812 1407 1882 νηπίων,
1435 1831 1454 1864 ο
1477 1814 1569 1866 καὶ
1591 1813 1658 1867 τὰ
1677 1814 1859 1879 λοιπὰ,

1966 1451 2142 1495 tamen
2187 1457 2306 1510 qua:
2338 1441 2470 1510 legis
2512 1449 2637 1494 sunt
2666 1438 2821 1498 facis,
2853 1454 2958 1492 non
3007 1449 3211 1491 tantum
3267 1435 3399 1490 nihil
3449 1436 3542 1489 tibi

1966 1535 2180 1602 prodes.
2218 1549 2401 1587 verum
2429 1534 2591 1588 etiam
2618 1547 2681 1586 eo
2710 1532 2913 1600 majore
2946 1545 3100 1598 poena
3132 1530 3237 1600 22
3271 1528 3544 1583 allicicris.

1966 1630 2098 1684 Nam
2152 1632 2407 1700 quoniam
2458 1630 2527 1684 ob
2579 1629 2718 1684 hanc
2792 1626 3160 1698 magistralem
3228 1623 3546 1692 dignitatem

1970 1723 2202 1776 maxime
2233 1720 2620 1798 efferebantur,
2652 1720 2779 1772 hinc
2811 1719 3155 1788 potissimum
3187 1714 3419 1770 ostendit
3455 1728 3547 1767 cos

1967 1828 2088 1867 esse
2115 1813 2384 1867 ridiculos.
2407 1812 2540 1868 Cum
2574 1813 2718 1866 enim
2753 1811 2944 1879 inquii,
2982 1828 3000 1861 ι
3035 1809 3224 1862 ducem
3255 1821 3546 1867 caecorum,

286 1897 388 1950 τὸν
415 1897 583 1967 τῦφον
613 1901 792 1953 αὐτῶν
824 1902 1134 1972 καταλέγει.
1168 1905 1324 1958 Οὕτω
1348 1905 1456 1975 γὰρ
1490 1906 1720 1960 ἐκάλουν
1743 1908 1869 1960 ἐαυ-
1901 1883 1940 1937 Β
1969 1927 1978 1958 ι

1855 1937 1869 1947 -
1901 1883 1940 1937 Β
1969 1907 2295 1960 eruditorem
2329 1906 2721 1974 insipientium,
2757 1925 2774 1957 ι
2806 1907 2962 1973 idquc
2993 1918 3164 1973 genus
3198 1901 3321 1966 alia,
3349 1900 3547 1954 fastum

288 1990 436 2054 τοὺς,
459 1993 707 2062 όῖηγοὺς,
733 1995 871 2062 φῶς,
897 1997 990 2050 καὶ
1022 1997 1310 2061 παιδευτάς
1329 2015 1344 2030 ο
1376 2000 1504 2062 τοὺέ
1533 2001 1589 2053 δὲ
1621 2001 1678 2065 ἐξ
1700 1999 1867 2054 ἐθνῶν

291 2083 686 2152 προσηλύτους.
728 2088 789 2140 ὲν
827 2089 1028 2154 σκότει,
1066 2091 1162 2142 καὶ
1191 2091 1434 2161 νηπίους,
1468 2092 1562 2145 καὶ
1607 2092 1865 2160 ἄφρονας.

296 2174 482 2244 Ἔχεις
511 2176 567 2228 δὲ
595 2179 695 2246 τὴν
740 2179 1022 2250 μόρφωσιν
1063 2183 1159 2252 τῆς
1191 2182 1447 2250 γνώσεως
1494 2185 1586 2237 καὶ
1619 2185 1714 2252 τῆς
1741 2186 1871 2255 ἀλη-

292 2266 466 2332 θείας,
497 2271 597 2322 οὐκ
634 2271 690 2322 ὲν
720 2275 838 2335 ταῖς
867 2272 1100 2344 πράξεσι
1147 2274 1242 2328 καὶ
1273 2277 1386 2338 τοῖς
1427 2276 1868 2346 κατορθώμασιν,

291 2361 408 2412 ἀλλ’
441 2363 498 2413 ὲν
520 2361 596 2431 τῷ
621 2363 790 2433 νόμῳ,
836 2365 1112 2430 πεποιθὼς
1144 2366 1313 2436 αὐτῷ,
1346 2365 1422 2430 ὡς
1449 2369 1744 2437 μορφοῦντι
1773 2370 1873 2438 τὴν

292 2453 529 2522 ἀρετήν’
565 2454 755 2525 ὥσπερ
780 2457 872 2510 εάν
903 2474 987 2519 τις
1017 2457 1280 2526 βασιλέως
1298 2457 1344 2490 ⁹¹⁵
1371 2460 1555 2513 είκόνα
1585 2461 1745 2530 ἔχων,
1777 2462 1872 2514 αὺ-

293 2545 388 2607 τδς
413 2545 513 2614 μὲν
549 2549 669 2599 κατ’
699 2548 866 2620 αὐτὴν
893 2549 1059 2620 μηδὲν
1107 2549 1459 2623 ζωγραφοίη·
1494 2553 1542 2604 oi
1593 2553 1647 2605 δὲ
1680 2555 1753 2624 μὴ
1788 2572 1874 2607 πι-

297 2637 613 2700 στευθέντες
661 2640 851 2710 αὐτὴν,
882 2644 975 2694 καὶ
1021 2643 1189 2713 χωρὶς
1229 2642 1325 2696 τοῦ
1359 2644 1496 2713 πρὸς
1526 2646 1698 2715 αὐτὴν
1746 2646 1877 2699 ἀποο

299 2728 541 2793 ϐλέπειν,
581 2731 718 2800 μετὰ
761 2731 1022 2802 ἀληθείας
1070 2735 1242 2807 αὐτὴν
1295 2738 1568 2805 μιμοῖντο.
1621 2737 1735 2801 Πᾶς
1785 2733 1877 2792 οὖν

295 2821 615 2885 διδάσκαλος
646 2824 930 2897 ζωγραφεῖ
949 2826 1043 2881 καὶ
1080 2832 1279 2900 μορφοί
1301 2830 1401 2901 τὴν
1421 2830 1623 2898 γνῶσιν
1652 2830 1745 2886 τοῦ
1775 2848 1878 2886 κα-

297 2913 414 2977 λοῦ,
439 2915 536 2967 καὶ
559 2917 658 2985 τὴν
679 2917 958 2987 ἀλήθειαν,
984 2921 1041 2972 ὲν
1072 2922 1196 2984 ταῖς
1227 2923 1336 2975 τῶν
1363 2921 1624 2991 μαθητῶν
1657 2923 1876 2993 ψυχαῖς.

313 3010 454 3064 Ἀλλ’
477 3013 526 3064 εί
563 3013 664 3082 μὲν
686 3015 781 3067 καὶ
806 3015 1057 3086 πράττει,
1084 3017 1288 3081 τέλειος
1311 3034 1326 3049 ·
1351 3020 1400 3073 εί
1427 3020 1471 3073 δ’
1499 3037 1584 3085 tu,
1614 3020 1878 3086 τοιοῦτος,

297 3098 402 3157 οἷοι
429 3105 480 3157 oi
515 3104 611 3158 νῦν
633 3105 1013 3178 ὀνειδιζόμενοι
1043 3109 1194 3180 παρά
1215 3109 1310 3164 τοῦ
1340 3110 1689 3166 Ἀποστόλου.
1723 3112 1880 3175 Τινὲς

1974 2002 2185 2053 illorum
2218 2009 2477 2054 recenset.
2515 1999 2587 2052 Ita
2621 1999 2764 2052 enim
2792 1996 3056 2051 vocabant
3086 1995 3427 2073 semctipsos.
3453 1993 3550 2045 dn-

1973 2105 2062 2145 ces
2091 2103 2146 2145 et
2171 2090 2348 2143 lumen
2394 2100 2448 2144 et
2487 2101 2889 2158 praeceptores:
2943 2089 3078 2142 istos
3115 2097 3296 2140 autem
3342 2084 3431 2152 qui
3485 2097 3549 2136 cx

1973 2184 2221 2252 gentibus
2253 2184 2532 2238 Judaismo
2563 2192 2926 2247 accesserant,
2961 2181 3013 2235 in
3049 2180 3288 2235 tenebris
3306 2188 3550 2248 agentes.

1974 2290 2028 2330 et
2075 2276 2322 2341 stolidos,
2367 2286 2422 2330 et
2465 2285 2710 2330 amentes
2757 2275 3121 2344 appellabant.
3162 2271 3338 2327 Habes
3371 2281 3548 2323 autem

1980 2383 2000 2418 ι
2036 2365 2263 2420 formam
2297 2365 2621 2434 cognitionis
2651 2375 2704 2418 et
2729 2363 2976 2418 veritatis
3021 2380 3039 2414 ι
3074 2376 3176 2414 non
3215 2362 3265 2413 in
3297 2360 3554 2430 operibus

1975 2469 2030 2514 et
2058 2457 2268 2522 ofﬁciis,
2303 2457 2398 2514 sed
2439 2477 2457 2511 ι
2498 2457 2550 2512 in
2596 2457 2733 2526 lege,
2791 2476 2810 2510 ι
2841 2440 3129 2511 conﬁdens
3153 2454 3250 2523 ipsi
3293 2468 3394 2507 ceu
3441 2451 3553 2506 for-

1978 2549 2145 2603 manti
2182 2550 2437 2603 virtutem
2475 2565 2490 2603 :
2529 2548 2754 2617 perinde
2777 2562 2841 2602 ac
2868 2547 2912 2601 si
2941 2547 3223 2614 quisquam
3258 2544 3554 2613 imperato-

1980 2641 2114 2694 riam
2149 2641 2433 2708 imaginem
2483 2640 2710 2704 habens,
2754 2640 2868 2708 ipse
2909 2638 3127 2707 quidem
3172 2636 3303 2690 nihil
3335 2638 3400 2689 ad
3435 2635 3554 2702 ejus

1980 2734 2257 2802 exemplar
2304 2734 2520 2802 ellingat
2574 2732 2914 2800 depingatvc,
2975 2728 3063 2784 alii
3117 2740 3298 2784 autem
3355 2727 3555 2799 quibus

1981 2826 2287 2894 huiusmodi
2320 2842 2428 2880 non
2454 2834 2541 2881 est
2567 2826 2881 2892 commissa,
2922 2825 3055 2880 citra
3099 2822 3353 2879 intuitum
3389 2821 3553 2876 etiam

1980 2920 2096 2982 eius
2124 2934 2312 2974 revera
2354 2921 2525 2988 ipsam
2557 2919 2858 2973 imitentur.
2903 2916 3094 2973 Omnis
3139 2917 3326 2987 itaque
3371 2915 3560 2970 doctor

1986 3012 2180 3065 format
2206 3021 2259 3065 et
2283 3010 2486 3080 effingit
2521 3012 2883 3079 cognitionem
2922 3011 3068 3078 boni,
3111 3011 3353 3079 adeoque
3384 3008 3557 3078 ipsam

1986 3106 2266 3160 veritatem
2315 3105 2368 3159 in
2397 3104 2786 3173 discipulorum
2837 3105 3055 3160 animis.
3106 3103 3262 3170 Quod
3312 3105 3356 3157 si
3395 3117 3560 3172 opere

299 3198 357 3250 δὲ
397 3197 683 3268 μόρφωσιν
717 3200 967 3270 ἐνόησαν,
1009 3202 1110 3271 τὴν
1159 3203 1494 3258 ἐπίπλαστον
1549 3205 1734 3259 εἰκόνα
1780 3206 1881 3276 τῆς
1909 3220 1991 3286 οι

1868 3224 1881 3270 ;
1909 3227 1953 3286 ο
1984 3201 2273 3270 exprimat,
2311 3199 2583 3269 perfectus
2611 3201 2715 3255 erit
2751 3218 2765 3255 :
2798 3201 2878 3254 sin
2904 3200 3103 3265 minus,
3135 3199 3260 3253 talis
3285 3198 3560 3266 erit,qua-

300 3288 576 3355 γνώσεως.
608 3290 683 3343 υύ
709 3291 810 3359 τὴν
838 3292 1015 3362 ἀληθῆ
1039 3294 1168 3365 γὰρ,
1193 3297 1343 3365 φησι,
1371 3295 1575 3364 γνῶσιν
1607 3296 1702 3349 καὶ
1729 3297 1883 3350 εὐσέο

302 3381 460 3435 δειαν
513 3383 676 3455 ἔχεις,
714 3385 832 3439 ἀλλ’
886 3385 1224 3441 ιπίπλαστόν
1263 3405 1386 3443 τινα
1443 3393 1540 3443 καὶ
1573 3391 1877 3462 ἐπικεχρω-

305 3475 537 3546 σμένην.

381 3769 401 3800 ε
442 3747 502 3801 '0
526 3743 619 3802 οὖν
647 3749 916 3805 διδάσκων
959 3751 1169 3823 ἕτερον,
1207 3753 1437 3808 σεαυτὸν
1481 3754 1541 3807 οὗ
1571 3753 1881 3820 διδάσκειςς

320 3840 378 3895 ὐ
409 3841 706 3911 κηρύσσων
753 3843 828 3914 μὴ
861 3844 1138 3911 κλέπτειν,
1177 3844 1463 3912 κλέπτεις;
1512 3847 1572 3902 '0
1601 3845 1778 3914 λέγων
1808 3848 1884 3918 μὴ

308 3933 605 4003 μοιχεύειν,
633 3935 937 4005 μοιχεύειςς
960 3937 1397 4008 Βδελυσσόμενος
1417 3939 1486 3991 τὰ
1508 3939 1723 4002 εἰδωλα,
1755 3940 1886 4010 ίερο-

307 4025 521 4092 συλεῐςς
556 4027 654 4090 ⁸ος
677 4028 744 4080 ὲν
764 4028 916 4098 νόμῳ
941 4031 1236 4098 καυχᾶσαι,
1268 4030 1358 4082 διά
1394 4031 1498 4099 τῆς
1519 4030 1887 4100 παραϐάσεως

302 4116 401 4170 τοῦ
437 4117 602 4186 νόμου
638 4118 730 4170 τδν
767 4116 900 4172 Θεὸν
945 4120 1260 4188 ἀτιμάζειςς
1319 4121 1395 4174 Τὸ
1443 4123 1552 4192 γὰρ
1589 4121 1761 4192 ὄνομα
1792 4122 1886 4176 τοῦ

303 4209 440 4263 Θεοῦ
466 4210 534 4263 δι’
575 4211 722 4282 ὑμᾶς
770 4211 1180 4282 βλασφημεῐται
1223 4214 1282 4266 ὲν
1325 4215 1439 4278 τοῖς
1471 4213 1670 4280 ιθνεσι,
1702 4213 1888 4279 καθὼς

305 4302 633 4371 γέγραπται.
673 4321 693 4356 ε
737 4305 874 4358 Κατ’
900 4304 1175 4377 ιρὼτ-ησιν
1202 4311 1440 4362 ποιεῖται
1461 4307 1554 4361 τὸν
1581 4309 1760 4377 λόγον,
1795 4311 1883 4363 tv-

302 4393 522 4464 τρέπων
550 4397 679 4459 τοὺς
721 4399 1112 4468 καυχωμένους
1141 4399 1233 4453 επὶ
1266 4400 1346 4472 τῷ
1379 4400 1673 4456 διδάσκειν.
1717 4402 1886 4474 Ἰερο-

307 4486 497 4542 συλίαν
523 4486 581 4541 δὲ
601 4487 750 4556 λέγει
777 4490 878 4562 τὴν
898 4489 1193 4561 ἀφαίρεσιν
1217 4491 1328 4544 τῶν
1345 4491 1750 4562 ἀνατιθεμένων
1774 4493 1886 4554 τοῖς

1987 3297 2066 3352 les
2096 3309 2239 3351 nunc
2277 3297 2342 3350 ab
2372 3294 2634 3365 Apostolo
2667 3294 2976 3364 culpantur.
3011 3293 3146 3348 Sunt
3185 3291 3276 3363 qui
3313 3306 3409 3363 per
3453 3292 3561 3345 for-

1985 3390 2276 3444 mationem
2311 3388 2456 3443 illam
2491 3386 2882 3443 intellexerunt
2905 3385 3146 3441 efﬁctam
3175 3397 3337 3455 atque
3365 3386 3561 3438 adum-

1986 3483 2194 3537 bratam
2228 3479 2516 3552 imaginem
2549 3481 2895 3550 cognitionis.
2947 3479 3066 3536 Non
3113 3494 3318 3546 veram,
3363 3479 3559 3548 inquit,

1986 3575 2231 3629 notitiam
2289 3583 2342 3629 et
2399 3574 2655 3644 pietatem
2707 3573 2893 3639 habes,
2945 3573 3040 3628 sed
3095 3571 3328 3628 fucatam
3385 3581 3438 3626 et
3468 3586 3562 3626 co.

1987 3665 2234 3720 loratam.

2057 3753 2221 3810 Vens.
2266 3754 2460 3810 2L2}.
2511 3773 2531 3808 ι
2585 3754 2685 3822 Qui
2725 3769 2854 3826 ergo
2893 3754 3057 3809 alium
3105 3757 3287 3817 doces,
3337 3753 3563 3822 tcipsum

1988 3861 2094 3900 non
2137 3847 2344 3904 tocesi
2378 3847 2482 3916 Qui
2514 3848 2776 3912 pradicas
2820 3863 2926 3903 non
2981 3845 3292 3912 furandum.
3329 3845 3568 3902 furaris?

1987 3939 2090 4006 Qui
2122 3938 2257 3994 dicis
2290 3954 2394 3993 non
2423 3939 2826 4004 mtechandum,
2867 3938 3193 3994 mt‘echztris?
3229 3936 3332 4004 Qui
3358 3940 3567 3994 abomi-

1952 4080 1960 4089 .
1989 4031 2139 4086 naris
2169 4033 2334 4096 idola,
2363 4033 2707 4102 sacrilegium
2734 4031 2907 4086 facis?
2933 4030 3034 4097 Qui
3067 4033 3119 4084 in
3144 4031 3262 4101 lege
3291 4030 3565 4099 gloriaris.

1988 4136 2087 4190 per
2114 4121 2615 4192 pravaricationcm
2653 4121 2787 4191 legis
2815 4120 2980 4175 Deum
3006 4121 3340 4174 inhonoras'!
3362 4120 3566 4175 Nomen

1988 4216 2132 4272 enim
2167 4214 2256 4269 Dei
2295 4229 2391 4284 per
2421 4229 2518 4268 vos
2562 4212 2972 4283 blasphematur
3013 4213 3155 4265 inter
3182 4222 3394 4283 gentes,
3427 4214 3572 4267 sicut

1989 4307 2248 4376 scriptum
2298 4319 2382 4361 est
2409 4321 2453 4360 ο.
2495 4325 2515 4358 ο
2551 4304 2656 4360 Per
2702 4306 3182 4372 interrogationem
3216 4305 3379 4359 verba
3415 4304 3568 4370 facit,

1989 4396 2336 4467 pudefaciens
2371 4411 2484 4462 eos,
2515 4396 2604 4462 qui
2652 4396 2722 4450 ob
2756 4396 2981 4452 docendi
3018 4411 3215 4452 munus
3262 4398 3572 4468 gloriabano

1990 4501 2095 4543 tttr.
2146 4488 2499 4559 Sacrilegiuin
2543 4503 2672 4544 vero
2715 4489 2952 4559 appellat
3010 4487 3340 4544 ablutionem
3379 4503 3567 4543 eorum

305 4578 569 4644 εἰδώλοις.
595 4580 704 4634 Καὶ
726 4581 835 4653 γάρ
870 4583 920 4636 εί
947 4583 1043 4636 καὶ
1081 4583 1466 4638 ιδδελύσσοντο
1481 4585 1530 4617 ⁸⁸
1561 4585 1631 4638 τὰ
1658 4585 1878 4647 εἴδωλα,
1912 4573 1963 4632 Ῑ)
1992 4603 1997 4635 ι

1876 4631 1878 4644 ,
1912 4573 1963 4632 Ι)
1992 4597 2114 4653 qua:
2143 4584 2298 4638 idolis
2331 4595 2647 4637 consecrata
2675 4593 2849 4639 erant.
2886 4581 3019 4637 Nam
3058 4583 3270 4637 etiamsi
3315 4596 3568 4638 exsecrao

305 4671 422 4726 ἀλλ’
450 4673 602 4742 ὅμως
619 4674 665 4705 ⁸⁸
682 4675 748 4744 τῇ
772 4674 1182 4750 φιλοχρηματίᾳ
1201 4678 1625 4749 τυραννούμενοι
1646 4680 1886 4748 ἥπτοντο

302 4765 416 4817 τῶν
445 4765 744 4819 είδωλικῶν
772 4767 1140 4837 ἀναθημάτων
1178 4770 1247 4823 δι’
1282 4771 1718 4843 αἰσχροκερδίαν.
1754 4771 1886 4826 Εἶτα

305 4858 368 4910 τὸ
389 4857 689 4929 βαρύτερον
704 4860 919 4929 ἀπάγει,
938 4862 1175 4930 λέγωνί
1191 4865 1286 4928 ⁸ος
1308 4867 1366 4918 ἑν
1387 4865 1538 4936 νόμῳ
1559 4869 1848 4939 καυχᾶσαι,
1862 4887 1880 4919 ι

305 4950 383 5013 ὡς
411 4951 670 5022 τιμηθεὶς
697 4953 854 5024 παρὰ
877 4952 1014 5008 Θεοῦ
1037 4954 1128 5008 διὰ
1156 4956 1248 5008 τὸν
1267 4955 1540 5026 νόμον,διὰ
1572 4957 1672 5029 τῆς
1703 4976 1886 5030 παρα-

306 5046 520 5109 ϐάσεως
563 5045 659 5099 τοῦ
714 5047 882 5118 νόμου
925 5048 988 5101 τὸ
1022 5048 1157 5102 Θεὸν
1194 5050 1543 5121 ἀτιμάζειςις
1579 5052 1721 5123 Τρία
1778 5053 1887 5122 γάρ

306 5143 448 5194 εἰσιν
479 5139 801 5210 ἑγκλήματα
849 5141 1109 5197 ἐνταῦθα’
1144 5143 1201 5204 ἓν
1230 5146 1350 5215 μὲν,
1385 5145 1468 5198 δτι
1510 5146 1842 5216 ἀτιμάζουσι
1865 5161 1879 5174 ⁸

303 5231 579 5303 δεύτερον,
633 5232 715 5287 δτι
766 5234 1094 5303 ἀτιμάζουσι
1161 5239 1252 5290 τὸν
1309 5238 1621 5309 τιμὴσαντα
1682 5237 1883 5301 αὐτοὺς

305 5325 474 5380 Θεόνο
509 5325 605 5379 καὶ
623 5323 828 5396 τρίτον,
863 5325 931 5380 δι’
961 5323 1022 5383 οὗ
1053 5329 1393 5401 ιτιμήθησαν
1423 5333 1614 5400 νόμου,
1644 5331 1732 5385 διὰ
1762 5330 1886 5386 τού-

302 5433 402 5471 του
425 5417 774 5486 ἀτιμάζουσι,
809 5418 1242 5490 παραϐαίνοντες
1275 5423 1457 5478 αὐτόν.
1491 5419 1644 5487 Εἶτα,
1690 5423 1778 5477 ἴνα
1808 5422 1885 5495 μὴ

306 5510 438 5583 δόξῃ
497 5514 825 5583 κατηγορεῖν
877 5514 1112 5580 οἴκοθεν,
1178 5517 1269 5570 τὸν
1325 5518 1611 5589 προφήτην
1654 5517 1884 5570 Ἡσαΐαν

382 5635 404 5658 ι
426 5623 529 5681 Isa.
565 5627 647 5690 ltt.
676 5627 729 5683 5.

1992 4688 2178 4733 rentur:
2209 4679 2368 4743 i‘tlola,
2414 4678 2657 4733 avaritia
2688 4687 2864 4732 tamen
2899 4677 3190 4750 tyrannide
3231 4679 3379 4739 victi.
3410 4677 3568 4732 idolis

1989 4771 2184 4828 dicata,
2214 4774 2382 4839 turpis
2409 4782 2651 4841 quaestus
2674 4771 2846 4842 gratia
2878 4771 3310 4825 contrectabant.
3341 4769 3566 4832 Deinde.

1989 4861 2128 4928 quod
2179 4861 2395 4929 gravius
2423 4868 2508 4913 est
2553 4859 2735 4924 infert,
2787 4860 3037 4928 inquiens
3075 4877 3088 4914 :
3129 4877 3148 4911 ι
3203 4859 3306 4926 Qui
3350 4861 3401 4915 in
3451 4861 3569 4930 lege

1990 4951 2257 5022 gloriaris,
2285 4968 2304 5002 ι
2340 4958 2396 5002 ιιι
2422 4950 2514 5020 qui
2570 4951 2774 5005 honore
2813 4950 2890 5004 sis
2917 4947 3142 5005 aﬂ‘eetus
3163 4965 3192 5005 a
3219 4951 3329 5006 Deo
3349 4960 3569 5021 propter

1990 5043 2184 5110 legent.
2218 5057 2312 5110 per
2344 5043 2479 5112 legis
2519 5042 3017 5111 pravaricationem
3056 5042 3223 5098 Deum
3270 5045 3564 5114 ignominia

1992 5135 2202 5192 afficis?
2233 5136 2356 5192 Tria
2383 5147 2509 5192 sunt
2536 5136 2680 5192 enim
2713 5138 2798 5194 hic
2827 5138 3054 5192 crimina
3086 5157 3099 5193 :
3131 5138 3389 5209 primum,
3422 5144 3566 5208 quod

1991 5233 2382 5297 dehonestant;
2441 5231 2692 5296 alterum,
2759 5230 2903 5302 quod
2967 5231 3156 5298 Deum,
3216 5247 3245 5286 a
3285 5247 3392 5302 quo
3446 5245 3569 5287 sunt

1995 5325 2287 5392 honestati,
2309 5324 2706 5390 dehonestant;
2734 5325 2976 5391 tertium,
3004 5325 3145 5395 quod
3169 5324 3305 5396 lege.
3336 5340 3440 5395 qua
3466 5326 3566 5396 ipsi

1996 5419 2266 5475 honestati
2293 5419 2530 5482 fuerunt.
2561 5433 2656 5489 per
2688 5418 2828 5474 hanc
2869 5416 3256 5486 dehonestant,
3293 5429 3567 5490 transgre-

1995 5515 2206 5571 dientes
2234 5516 2426 5584 ipsam.
2470 5514 2691 5579 Deinde,
2736 5529 2802 5570 ne
2828 5514 3075 5570 videatur
3123 5524 3314 5586 suopte
3356 5515 3571 5586 ingeniu

1629 5750 1712 5811 Va
1725 5750 1826 5811 rite
1865 5747 2192 5811 lectiones.

388 5868 433 5899 ’³
457 5867 695 5924 ἐνταῦθα
717 5885 768 5927 o.
846 5871 900 5904 “
921 5870 1210 5945 βασιλικὴν
1235 5887 1286 5929 o.

1369 5875 1412 5906 ³³
1440 5873 1514 5946 μὴ
1539 5872 1786 5927 ἐσέϐοντο
1810 5890 1862 5929 υ.
1939 5873 1983 5906 ’⁸
2013 5871 2106 5927 οὖν
2139 5871 2212 5934 ὡς
2242 5887 2294 5928 ο.
