4286 6444
715 421 824 483 375

1573 416 2157 481 THEOPHYLACTI
2204 414 2302 476 BU
2315 416 2618 476 LGARL‘E
2655 416 3017 475 ARCHIEP.

3858 413 3964 473 3'76

720 535 864 601 ipsos
894 530 1198 600 increpare,
1232 532 1549 601 prophetam
1599 532 1809 586 Esaiam
1851 535 2091 601 ipsorum
2136 548 2297 586 accu-
2324 530 2412 588 Αὲ

2296 530 2682 599 ηΑὲπὴγαγεν
2760 529 2941 583 αὐτῶν
3006 529 3332 597 κατήγορον,
3400 526 3627 580 διπλοῦν
3692 527 3862 578 ποιῶν
3927 528 3988 579 τὸ

718 630 951 674 saturem
978 621 1228 689 produxit
1255 621 1306 673 in
1339 619 1597 687 medium,
1629 624 1840 689 culpant
1877 622 2088 677 illorum
2116 623 2293 691 dupli-

717 728 834 766 cem
862 712 1089 766 faciens.
1130 708 1244 765 Non
1277 713 1421 766 enim
1456 713 1553 783 ipsi
1596 714 1693 767 soli
1746 714 1997 784 injuriam
2033 714 2290 781 inferunt,

715 814 968 859 caeterum
998 814 1054 859 et
1084 804 1183 872 ipsi
1212 806 1277 857 ad
1303 806 1403 860 ltoc
1431 805 1564 859 alios
1593 818 1929 875 praeparant;
1954 816 2007 862 et
2039 823 2142 862 non
2173 818 2293 862 tan—

720 909 827 949 tum
856 912 973 965 qnze
1013 895 1144 964 legis
1173 908 1321 962 sunt,
1352 913 1456 952 non
1501 900 1720 961 docent,
1752 916 1938 955 verum
1978 901 2141 955 etiam
2168 916 2294 956 con-

719 989 879 1039 traria
916 988 1131 1052 docent,
1170 1004 1364 1058 nempe
1408 988 1795 1058 blaSphemiam
1844 991 1956 1057 Dei,
1986 992 2128 1061 quod
2162 1007 2286 1046 con-

714 1079 940 1131 trarium
991 1088 1075 1131 est
1107 1079 1229 1148 legi.
1264 1079 1364 1145 Qui
1409 1080 1553 1133 enim
1590 1081 1733 1150 ipsos
1768 1083 1951 1135 vident
1982 1094 2287 1152 corruptos,

719 1167 953 1222 llnseine
969 1171 1275 1236 oportebat,
1297 1171 1567 1240 inquiunt,
1588 1189 1614 1225 a
1644 1172 1750 1226 Deo
1778 1173 1961 1245 diligi?
1982 1192 2104 1229 num
2128 1176 2287 1239 Dens,

712 1261 800 1327 qui
838 1260 973 1314 tales
1006 1261 1197 1330 diligit,
1247 1277 1408 1317 verus
1438 1280 1560 1318 esse
1592 1266 1799 1333 possit?

786 1351 947 1405 Vens.
978 1352 1068 1406 9.5.
1106 1372 1123 1405 ι
1151 1354 1509 1411 Circumcisio
1533 1358 1748 1427 quidem
1777 1362 2018 1428 prodest,
2050 1364 2094 1415 si
2117 1362 2286 1431 legem

709 1444 963 1500 observes
991 1461 1006 1500 :
1038 1448 1083 1502 si
1113 1458 1296 1502 autem
1331 1452 1716 1516 praevaricator
1744 1453 1875 1522 legis
1916 1455 2012 1519 sis,
2042 1455 2148 1525 23
2178 1457 2287 1510 cir-

711 1537 972 1593 cumcisio
1006 1536 1094 1593 tua
1138 1542 1455 1609 prteputinm
1492 1542 1632 1596 facta
1661 1555 1762 1599 est.
1795 1564 1815 1597 ›
1855 1544 2119 1612 Quoniam
2153 1564 2290 1618 prae-

710 1628 910 1682 claram
958 1631 1027 1685 de
1072 1632 1492 1689 circumcisione
1545 1650 1905 1705 conceperant
1952 1642 2284 1709 Opinionem,

712 1732 816 1771 non
846 1720 1029 1773 statim
1060 1737 1088 1774 a
1128 1722 1393 1790 principio
1423 1724 1576 1786 dixit,
1609 1729 1750 1795 quod
1782 1730 2051 1797 superﬂua
2085 1740 2139 1785 et
2170 1732 2289 1786 inu-

711 1808 822 1861 tilis
860 1825 947 1863 res
977 1810 1047 1864 sit
1074 1813 1444 1879 circumcisio,
1472 1831 1656 1869 verum
1706 1820 1885 1873 verbis
1912 1821 2127 1887 quidem
2166 1839 2284 1877 eam

2404 624 2672 694 ἔγκλημα.
2707 624 2782 677 Οὐ
2824 623 2931 692 γὰρ
2973 622 3125 675 αὐτοὶ
3159 621 3311 691 μόνοι
3345 618 3680 689 ὑϐρίζουσιν,
3718 618 3856 671 ἀλλὰ
3886 619 3988 671 καὶ

2402 718 2622 787 ἑτέρους
2672 720 2753 780 εἰς
2781 716 2942 770 τοῦτο
2982 713 3499 785 παρασκευάζουσιο
3565 711 3658 764 καὶ
3710 711 3772 762 οὐ
3823 712 3987 780 μόνον

2402 810 2461 863 οὐ
2488 809 2530 839 ⁵⁷
2561 808 2871 863 διδάσκουσι
2917 807 2984 859 τὰ
3013 805 3106 859 τοῦ
3148 805 3335 874 νόμου,
3368 802 3503 856 ἀλλὰ
3533 802 3628 855 καὶ
3656 799 3727 853 τὰ
3761 799 3986 852 ἐναντία

2400 904 2729 968 διδάσκουσι,
2787 902 3128 971 βλασφημεῖν
3185 900 3276 951 τὸν
3326 898 3493 951 Θεόν³
3547 897 3688 963 ὅπερ
3736 895 3982 947 ἐναντίον

2401 997 2518 1050 ἐστὶ
2562 995 2637 1064 τῷ
2676 998 2847 1065 νόμῳ.
2879 996 2943 1047 Οἱ
2991 993 3098 1063 γὰρ
3128 992 3364 1062 ὁρῶντες
3419 988 3619 1050 αὐτοὺς
3648 987 3983 1056 διεφθαρμέ-

2400 1105 2543 1152 νουςν
2565 1088 2801 1150 Τούτους
2835 1087 2962 1143 ἔδει.
3002 1087 3186 1153 φασὶν,
3223 1083 3507 1151 ἀγαπῆσαι
3546 1080 3636 1133 τὸν
3669 1078 3837 1143 Θεόν;
3868 1075 3979 1148 ἆρα

2398 1180 2426 1230 ὁ
2454 1179 2683 1247 ἀγαπῶν
2715 1180 2840 1239 τοὺς
2874 1176 3161 1237 Τοιούτους
3193 1174 3346 1238 Θεὸς,
3387 1171 3672 1240 ἀληθινός;

2476 1382 2492 1412 ι
2527 1362 2800 1430 Περιτομὴ
2838 1360 2937 1429 μὲν
2962 1360 3067 1428 γὰρ
3098 1358 3319 1425 ὠφελεῖ,
3365 1358 3461 1409 ἐὰν
3492 1357 3747 1425 πράσσῃς
3771 1356 3863 1407 τὸν
3892 1356 3980 1406 νό-

2402 1472 2532 1525 μονο
2567 1457 2661 1506 ἐὰν
2703 1454 2758 1505 δὲ
2794 1451 3120 1521 παραϐάτης
3161 1450 3325 1518 νόμου
3357 1445 3443 1520 ᾖς,
3485 1450 3519 1519 ἡ
3566 1449 3836 1518 περιτομή
3884 1464 3977 1499 σου

2398 1546 2730 1617 ἀκροϐυστία
2756 1545 2997 1612 γέγονεν.
3036 1562 3053 1593 ι
3118 1542 3336 1610 Ἐπειδὴ
3383 1541 3628 1610 μεγάλην
3674 1536 3819 1610 εἶχον
3852 1542 3981 1610 περὶ

2397 1638 2496 1704 τῆς
2532 1636 2833 1704 περιτομῆς
2876 1632 3166 1701 ὑπόληψιν,
3214 1630 3315 1682 οὐκ
3359 1625 3513 1682 εἶπεν
3560 1632 3624 1681 ὲκ
3665 1627 3978 1698 προοιμίων

2397 1728 2575 1792 εὐθὺς,
2604 1728 2686 1779 ὅτι
2718 1724 2971 1794 περιττὸν
3012 1724 3106 1776 καὶ
3138 1722 3395 1790 ἀνόνητον
3422 1722 3451 1789 ἡ
3498 1720 3769 1789 περιτομή
3800 1734 3808 1743 ’
3844 1718 3981 1771 ἀλλά

2396 1820 2472 1890 τῷ
2503 1819 2602 1888 μὲν
2633 1817 2778 1886 λόγῳ
2825 1816 3185 1885 καταδέχεται
3213 1813 3441 1880 ταύτην,
3476 1810 3555 1877 τῷ
3598 1813 3653 1864 δὲ
3690 1812 3981 1881 πράγματι

712 1902 922 1969 recipit,
954 1905 1129 1971 reipsa
1156 1922 1280 1960 vero
1310 1908 1464 1972 tollit,
1496 1909 1745 1977 inquiens
1772 1930 1785 1965 :
1813 1912 2011 1968 Fateor
2036 1917 2286 1983 equidem
2323 1898 2361 1949 Β
2391 1933 2404 1965 π

2284 1964 2286 1971 λ
2323 1898 2361 1949 Β
2391 1912 2662 1980 καθαιρεῖ,
2692 1909 2785 1962 καί
2816 1921 3008 1978 φησιν·
3032 1907 3078 1939 ⁸⁸
3108 1904 3386 1976 Ὁμολογῶ
3416 1906 3496 1957 ὅτι
3520 1905 3722 1973 ὠφελεῖ
3755 1904 3785 1972 ἡ
3822 1918 3976 1972 περι-

709 1994 968 2058 prodcsse
1008 1997 1497 2066 circumcisionem,
1550 2017 1735 2056 verum
1788 2012 2057 2060 tumcum
2116 2008 2285 2078 legem

706 2084 964 2141 observes
999 2106 1013 2142 ι
1046 2089 1131 2142 sin
1176 2093 1375 2157 minus,
1424 2109 1526 2147 non
1566 2096 1721 2160 dixit,
1752 2095 1869 2152 Non
1925 2101 2163 2167 prodest,
2222 2118 2290 2156 ne

710 2174 876 2240 ipsam
903 2180 1227 2234 contumelia
1259 2182 1479 2238 allicere
1516 2186 1796 2252 videatur;
1826 2188 1920 2243 sed
1946 2187 2189 2244 Judaaum
2226 2206 2289 2245 ea

708 2267 897 2333 nudat,
930 2268 1160 2327 dicens:
1203 2291 1222 2325 ι
1260 2273 1614 2331 Circumcisio
1658 2288 1745 2333 tua
1793 2285 2113 2350 prteputium
2145 2282 2287 2338 facta

710 2367 812 2414 est.
866 2378 886 2413 ι
942 2362 1382 2421 lncircumcisum
1437 2370 1618 2440 itaque
1667 2375 1841 2443 ipsum
1897 2388 2289 2431 commonstrat

708 2451 889 2505 corde.
927 2453 1069 2509 Duas
1104 2458 1249 2511 enim
1284 2460 1748 2532 circumcisiones,
1780 2467 1997 2537 duoque
2030 2472 2287 2539 praeputia

707 2538 859 2605 dicit,
911 2540 1080 2596 altera
1151 2548 1370 2615 quidem
1419 2554 1718 2605 secundum
1773 2556 1824 2608 id
1856 2561 2000 2625 quod
2052 2560 2284 2622 videtur,

708 2635 874 2691 altera
942 2654 1070 2694 vero
1098 2643 1393 2696 secundum
1434 2642 1486 2698 id
1523 2646 1662 2712 quod
1698 2646 2018 2718 intelligitur
2058 2669 2071 2705 :
2104 2666 2291 2709 exem-

708 2730 778 2797 pli
808 2734 982 2799 gratia
1014 2752 1027 2788 :
1056 2732 1410 2790 Circumcisio
1436 2741 1735 2792 secundum
1776 2741 1827 2794 id
1862 2744 2004 2810 quod
2050 2745 2285 2810 videtur,

707 2835 790 2879 est
814 2824 899 2878 illa
932 2841 1052 2894 quae
1078 2827 1131 2881 in
1163 2843 1330 2884 carne
1369 2831 1447 2893 lit,
1481 2846 1603 2885 eum
1637 2834 1761 2902 quis
1795 2836 2046 2890 nimirum
2089 2853 2286 2894 secun-

709 2916 835 2970 dum
869 2931 1089 2975 carnem
1118 2918 1543 2975 circumcidatur
1578 2941 1593 2977 :
1634 2934 1716 2978 est
1746 2934 1800 2980 et
1830 2928 2174 2983 circumcisio
2201 2946 2289 2984 se—

708 3009 940 3063 cundum
973 3010 1246 3078 spiritum,
1290 3015 1589 3068 carnalium
1622 3016 1828 3072 scilicet
1873 3018 2160 3075 aﬂeetuum
2203 3038 2286 3079 re-

706 3098 890 3161 jectio.
920 3098 1183 3181 Rursum,
1215 3112 1297 3157 est
1328 3107 1651 3173 praeputium
1704 3111 1999 3164 secundum
2041 3128 2281 3181 carnem,

2393 2004 2558 2073 τομὴ,
2604 2002 2716 2055 ἀλλ’
2744 2003 2873 2054 ὅταν
2920 1999 3019 2052 καὶ
3044 1998 3135 2051 τὸν
3160 1998 3323 2066 νόμον
3351 1998 3648 2067 φυλάσσεις
3667 2014 3681 2027 -
3716 1997 3764 2047 εί
3792 1995 3849 2047 δε
3877 1994 3977 2063 μὴ,

2402 2096 2502 2148 οὐκ
2533 2091 2710 2158 εἶπεν,
2729 2094 2811 2146 ὅτι
2834 2093 2947 2145 Οὐκ
2974 2090 3197 2159 ὠφελεῖ,
3229 2086 3315 2143 ἵνα
3341 2090 3414 2159 μὴ
3458 2089 3584 2158 δόξῃ
3639 2087 3808 2157 αὐτὴν
3827 2087 3978 2158 ὑϐρί-

2392 2189 2503 2252 ζειν
2522 2188 2596 2219 ’θ’
2641 2185 2778 2238 ἀλλὰ
2830 2185 3027 2253 γυμνοῖ
3077 2182 3250 2250 αὐτῆς
3298 2182 3388 2233 τὸν
3424 2181 3697 2243 Ἰουδαῖον,
3764 2178 3971 2232 εἰπών·

2396 2299 2414 2331 ι
2437 2282 2502 2333 Ἠ
2531 2280 2801 2349 περιτομή
2835 2294 2929 2329 σου
2960 2274 3559 2344 ἀκροϐυστίαγέγονεν.
3596 2292 3613 2323 ι
3638 2272 3977 2341 Ἀπερίτμη-

2389 2390 2481 2425 τον
2513 2370 2603 2424 οὖν
2632 2371 2793 2421 αὑτὸν
2829 2368 3068 2419 δείκνυσι
3102 2369 3167 2435 τῇ
3216 2367 3433 2436 καρδία.
3469 2365 3573 2417 Δύο
3615 2365 3723 2433 γὰρ
3754 2378 3973 2433 περιτο-

2396 2466 2523 2535 μάς,
2560 2464 2653 2516 καὶ
2704 2460 2797 2513 δύο
2834 2458 3200 2527 ἀκροϐυστίας
3229 2457 3410 2523 λέγει·
3449 2462 3545 2519 τάς
3596 2456 3695 2526 μὲν
3743 2455 3885 2507 κατά
3916 2455 3979 2506 τὸ

2393 2556 2744 2625 φαινόμενον,
2796 2553 2895 2614 τὰς
2936 2552 2992 2604 δὲ
3042 2552 3183 2603 κατὰ
3221 2550 3283 2602 τὸ
3311 2548 3632 2617 νοούμενον·
3684 2543 3814 2611 οἷον,
3862 2547 3980 2598 ἔστι

2391 2646 2665 2717 περιτομὴ
2692 2644 2836 2697 κατά
2866 2643 2928 2696 τὸ
2970 2643 3316 2712 φαινόμενον,
3363 2643 3396 2710 ἡ
3428 2640 3568 2692 κατὰ
3616 2640 3818 2707 σάρκα,
3847 2638 3978 2690 ὅταν

2388 2757 2471 2801 τις
2502 2735 2813 2807 περιτμηθῇ
2843 2736 2941 2806 τὴν
2972 2735 3183 2803 σάρκα·
3229 2735 3322 2785 καὶ
3367 2732 3481 2785 ἐστι
3512 2730 3784 2798 περιτομὴ
3834 2728 3979 2781 κατά

2391 2830 2627 2901 πνεῦμα,
2669 2832 2703 2899 ἠ
2750 2829 2860 2882 τῶν
2888 2826 3167 2899 σαρκικῶν
3208 2824 3394 2878 παθῶν
3426 2823 3667 2891 ἀποὸολή
3692 2825 3729 2874 ⁸.
3780 2821 3974 2884 Πάλιν,

2390 2926 2535 2978 ἔστιν
2566 2921 2906 2994 ἀκροϐυστία
2933 2921 3075 2973 κατά
3103 2918 3302 2986 σάρκα,
3332 2919 3459 2970 ὅταν
3489 2934 3572 2978 τις
3600 2916 3977 2983 ἀπερίτμητος

2386 3014 2421 3091 ἦ
2464 3019 2563 3085 τὴν
2600 3016 2835 3086 σάρκα²⁶
2882 3013 2975 3066 καὶ
3009 3012 3157 3065 ἐστιν
3186 3009 3524 3080 ἀκροϐυστία
3562 3007 3701 3061 κατὰ
3730 3004 3975 3072 πνεῦμα,

2387 3111 2515 3164 ὅταν
2558 3126 2643 3173 τις
2683 3106 2902 3177 ὲθνικὴν
2960 3107 3099 3175 ἔχων
3149 3103 3348 3172 ψυχὴν,
3403 3101 3572 3170 μηδὲν
3622 3100 3733 3151 τῶν
3786 3097 3977 3151 παθῶν

710 3191 924 3259 quando
955 3191 1153 3263 aliquis
1200 3194 1616 3253 incircumcisus
1658 3198 1822 3255 fuerit
1863 3217 2027 3257 carne
2064 3223 2077 3260 :
2119 3216 2171 3259 et
2201 3218 2283 3262 est
2312 3228 2353 3286 ε
2388 3209 2402 3261 ἐ

2312 3228 2353 3286 c
2388 3202 2659 3273 ἀποκόψῃ.
2678 3201 2839 3267 Λέγει
2855 3194 2946 3252 οὖν
2962 3200 2989 3252 ὁ
3018 3196 3249 3261 Παῦλος,
3272 3197 3353 3249 ὅτι
3374 3196 3542 3247 Ὅταν
3569 3192 3978 3286 περιτετμημέῖ

710 3284 1025 3351 praeputium
1070 3286 1365 3341 secundum
1417 3290 1690 3357 spiritum,
1742 3294 1960 3361 quando
2002 3298 2286 3366 quisquam

712 3376 962 3442 gentilem
995 3378 1200 3433 habens
1229 3381 1466 3433 animum
1506 3383 1637 3436 nihil
1666 3383 1953 3439 affectuum
1998 3404 2286 3456 pravorum

712 3468 1025 3526 absciderit.
1077 3470 1215 3525 Dicit
1253 3472 1432 3541 itaque
1488 3474 1646 3527 divus
1703 3475 1900 3532 Paulus
1931 3479 1957 3519 δ
1999 3498 2012 3533 :
2056 3481 2287 3545 Quando

711 3557 1066 3613 circumcisus
1117 3557 1283 3614 lueris
1335 3563 1387 3615 in
1445 3578 1643 3626 carne,
1683 3566 1816 3619 nihil
1873 3580 2052 3623 autem
2116 3574 2291 3641 egeris

711 3662 895 3701 eorum
942 3665 1059 3716 qua:
1089 3651 1219 3718 legis
1251 3662 1397 3715 sunt,
1433 3659 1751 3723 praeputium
1806 3660 1900 3713 tibi
1950 3662 2124 3717 adhuc
2169 3674 2288 3727 est,

710 3751 764 3793 et
806 3741 1219 3800 incircumcisus
1249 3761 1308 3800 es
1358 3747 1513 3815 juxta
1576 3751 1827 3820 spiritum
1880 3772 1893 3806 :
1946 3756 2169 3823 perinde
2229 3773 2292 3812 ac

2386 3313 2472 3360 νος
2507 3295 2605 3366 μὲν
2652 3288 2720 3366 ᾗς
2768 3292 2869 3357 τὴν
2901 3291 3105 3361 σάρκα,
3139 3288 3308 3358 μηδὲν
3354 3286 3410 3339 δὲ
3443 3286 3693 3355 πράττῃς
3743 3284 3852 3335 τῶν
3880 3281 3974 3335 τοῦ

2388 3388 2579 3459 νόμου,
2605 3385 2942 3455 ἀκρόϐυστος
2970 3383 3062 3434 καὶ
3084 3379 3458 3449 ἀπερίτμητος
3482 3373 3531 3430 εἷ
3554 3378 3693 3430 κατά
3720 3377 3937 3443 πνεῦμα
3960 3391 3974 3403 ·

2389 3480 2579 3549 ὥσπερ
2601 3480 2627 3530 ὁ
2660 3476 2801 3531 κατά
2830 3474 3008 3545 σάρκα
3034 3471 3394 3542 ἀκρόϐυστος,
3421 3471 3519 3523 ἐὰν
3548 3469 3763 3540 πράττῃ
3786 3468 3855 3521 τὰ
3879 3466 3974 3520 τοῦ

2392 3575 2579 3638 νόμον,
2608 3570 3009 3640 περιτετμηται
3063 3566 3205 3619 κατὰ
3247 3564 3488 3632 πνεῦμα,
3531 3563 3599 3617 τὰ
3629 3562 3730 3629 τῆς
3768 3560 3975 3629 σαρκὸς

2392 3667 2537 3734 πιάοη
2579 3662 3007 3734 περιῃρημένος.
3044 3661 3225 3727 Ὅπερ
3261 3657 3356 3708 καὶ
3392 3654 3482 3707 διὰ
3518 3655 3625 3707 τῶν
3653 3654 3777 3723 ἑξῆς
3810 3669 3974 3722 φησι’

2394 3755 2489 3808 καὶ
2516 3753 2702 3807 ἄκουε.

714 3834 759 3886 ίε
793 3836 880 3901 (ιυί
915 3835 1098 3888 Galliis
1132 3837 1304 3892 adhuc
1335 3841 1598 3908 praeputio
1632 3842 1860 3899 vestitus
1881 3858 1985 3909 est,
2026 3848 2068 3901 si
2106 3846 2293 3901 fecerit
2334 3863 2395 3901 ea
2465 3861 2586 3914 qua;
2625 3842 2765 3911 legis
2794 3850 2943 3904 sunt,
2975 3838 3329 3893 circumcisus
3378 3846 3460 3890 est
3485 3832 3779 3888 secundum
3809 3833 3976 3900 spui-

713 3937 846 3991 tum,
880 3929 1076 3996 quippe
1106 3929 1191 3983 cui
1223 3932 1406 3986 carnis
1435 3931 1661 3989 aﬂ'ectus
1694 3936 1805 3991 sint
1837 3940 2096 4007 adempti.
2142 3940 2293 4005 Quod
2334 3938 2551 4008 quidem
2584 3951 2680 4004 per
2714 3934 2992 4000 sequentia
3027 3932 3263 3985 declarat

786 4016 945 4073 Vsus.
983 4020 1074 4076 9.6.
1114 4040 1131 4071 ι
1189 4022 1414 4087 Quando
1465 4026 1629 4095 igitur
1684 4032 2003 4100 praeputium
2049 4033 2288 4102 justitias

714 4111 844 4181 legis
866 4113 1122 4179 custodit,
1148 4130 1325 4168 nonne
1350 4119 1665 4185 praeputium
1692 4119 1808 4186 ejus
1833 4122 1884 4175 in
1916 4123 2287 4177 circumcisio-

714 4218 833 4255 nem
878 4204 1251 4272 reputabitur?
1291 4227 1310 4258 ι
1367 4208 1481 4263 Non
1514 4211 1589 4263 ait
1622 4216 1764 4280 quod
1815 4213 2286 4269 circumcisionem

713 4297 1025 4363 pl‘tl’pltlittttl
1064 4298 1614 4357 vincatantecellatve
1651 4305 1776 4372 (hoc
1806 4307 1951 4359 enim
2000 4307 2285 4362 molestum

711 4387 938 4459 esset);
982 4390 1097 4455 sed,
1155 4410 1173 4441 ι
1226 4392 1281 4444 ln
1343 4394 1813 4451 circumcisionem
1846 4400 2205 4465 reputabitur.
2266 4421 2283 4453 ι

3303 3947 3317 3980 ι
3354 3926 3475 3981 audi
3504 3926 3670 3979 enim.

2475 4049 2493 4082 ι
2534 4031 2703 4082 Ὅταν
2738 4023 2832 4080 οὗν
2862 4029 2894 4095 ἠ
2926 4023 3263 4095 ἀκροϐυστία
3295 4020 3362 4073 τά
3392 4016 3741 4086 δικαιώματα
3771 4015 3864 4068 τοῦ
3891 4033 3979 4066 νο-

2399 4139 2502 4191 μου
2544 4120 2807 4189 φυλάττῃ,
2839 4117 2960 4186 οὐχὶ
2995 4117 3027 4184 ἡ
3062 4110 3399 4183 ἀκροϐυστία
3439 4108 3603 4161 αὐτοῦ
3649 4108 3730 4171 εἰς
3765 4124 3983 4176 περιτο-

2399 4214 2505 4285 μὴν
2533 4212 2943 4282 λογισθήσεται;
2993 4227 3011 4259 ι
3049 4207 3123 4259 Οὐ
3156 4206 3330 4273 λέγει,
3368 4205 3450 4256 ὅτι
3491 4202 3602 4267 Τὴν
3626 4200 3979 4268 περιτομὴ·ιὴ

2396 4304 2733 4374 ἀκροϐυστία
2755 4303 2880 4372 νικᾷ
2903 4319 2914 4331 ·
2944 4299 3181 4368 ὲπαχῦὲς
3202 4297 3310 4365 γὰρ
3338 4295 3495 4348 τοῦτο
3516 4310 3529 4324 ·
3566 4292 3682 4346 ἀλλ’
3709 4293 3791 4345 ὅτι
3826 4310 3842 4341 ι
3889 4292 3984 4352 Εἲς

2399 4400 2702 4469 περιτομὴν
2732 4393 3137 4463 λογισθήσεται.
3171 4410 3187 4442 ι
3219 4391 3381 4442 Ὠστε
3429 4386 3698 4457 περιτομὴ
3739 4382 3971 4454 ἀληθὴς,

716 4478 944 4534 l’roinde
975 4496 1099 4535 vera
1142 4484 1508 4551 circumcisio,
1558 4498 1639 4541 est
1681 4490 1817 4543 bona
1853 4493 1995 4546 actio
2030 4511 2044 4547 :
2083 4509 2293 4561 prteptt-
2327 4490 2371 4547 Ι)
2401 4508 2408 4541 1

2291 4524 2293 4532 ι
2327 4490 2431 4559 Di)
2471 4490 2669 4557 πρᾶξίς
2725 4487 2935 4555 ὲστινὴ
2978 4482 3156 4553 ἀγαθὴ
3176 4483 3216 4543 ³,
3263 4483 3357 4534 καὶ
3409 4477 3746 4550 ἀκροϐυστία
3780 4478 3983 4545 ὁμοίως

715 4571 845 4622 tium
873 4571 1146 4638 similiter,
1172 4577 1313 4630 actio
1341 4578 1501 4631 mala.
1536 4579 1775 4634 Observa
1809 4594 1987 4637 autem
2020 4586 2161 4652 quod
2188 4601 2291 4640 non

713 4662 932 4728 dixerit,
965 4664 1189 4728 Quando
1222 4670 1541 4735 prmputium
1576 4672 1747 4741 legem
1792 4677 2047 4732 servarit.
2095 4677 2295 4731 Verisi-

714 4752 836 4805 mile
869 4769 1099 4823 namque
1122 4768 1240 4812 erat
1265 4762 1572 4828 quempiam
1606 4764 1682 4818 sic
1712 4778 2064 4822 occursurum
2092 4770 2291 4824 fuisse:

712 4844 813 4904 Qui
862 4846 976 4899 lieri
1020 4858 1200 4916 potest
1252 4864 1305 4905 ut
1361 4853 1444 4907 lex
1474 4856 1543 4909 ab
1576 4871 1662 4920 eo,
1705 4859 1790 4911 cui
1825 4861 2142 4928 prmputium
2190 4872 2291 4923 est,

713 4946 983 5001 servetur,
1009 4955 1131 4995 cum
1156 4943 1257 4996 hoc
1279 4945 1450 5012 ipsum
1476 4950 1618 5016 quod
1650 4950 1937 5019 quisquam
1971 4954 2293 5023 praeputium

717 5025 934 5093 habeat,
981 5031 1053 5085 sit
1110 5032 1241 5107 legis
1276 5042 1670 5107 transgressio?
1704 5044 1772 5095 At
1819 5046 2088 5111 quomodo
2115 5046 2298 5100 dixit?

721 5135 738 5165 ι
774 5116 1024 5177 Justitias
1053 5123 1204 5195 legis,
1246 5149 1263 5179 ι
1311 5130 1411 5184 Ιιοε
1440 5141 1544 5195 est,
1570 5149 1691 5202 quae
1720 5134 1970 5189 videntur
1991 5134 2294 5203 justilicare

715 5226 809 5275 per
859 5218 1225 5283 operationem
1270 5225 1532 5292 ipsarum.
1589 5229 1943 5285 Circutncisio
1988 5234 2129 5284 enim
2188 5247 2291 5284 non

716 5302 860 5358 actio
887 5316 1024 5375 erat,
1055 5310 1148 5364 sed
1199 5315 1399 5379 passio,
1452 5316 1778 5372 circumciso
1812 5335 2003 5389 nempe
2036 5320 2289 5388 patiente.

790 5460 818 5501 δ
848 5460 863 5513 |
893 5460 1020 5517 Cor.
1058 5480 1151 5529 vlt,
1203 5467 1290 5525 l8.

2400 4582 2599 4651 πρᾶξις
2638 4580 2872 4648 πονηρά.
2905 4578 3049 4645 Ὅρα
3087 4575 3143 4627 δὲ
3175 4573 3293 4636 πῶς
3336 4572 3436 4624 οὐκ
3478 4567 3657 4633 εἶπεν,
3691 4570 3773 4621 ὅτι
3812 4570 3985 4620 Ὅταν

2399 4673 2430 4741 ἡ
2470 4669 2809 4740 ἀκροϐυστία
2838 4668 2929 4720 τὸν
2960 4668 3124 4737 νόμον
3150 4664 3428 4735 φυλάττῃ·
3467 4662 3613 4724 εἰκὸς
3638 4661 3745 4730 γὰρ
3774 4656 3841 4731 ἦν
3862 4676 3986 4713 τινα

2400 4763 2712 4829 ἀπαντῆσαι
2745 4760 2895 4829 αὐτῷ
2926 4761 3184 4823 λέγοντα*
3215 4757 3339 4819 Πῶς
3365 4755 3444 4809 ἔνι
3471 4754 3695 4807 δυνατὸν
3718 4751 3986 4821 φυλάττε-

2403 4856 2527 4908 σθαι
2581 4854 2733 4923 παρά
2779 4852 2874 4906 τοῦ
2924 4851 3264 4922 ἀκροϐόστου
3309 4850 3401 4902 τὸν
3446 4847 3638 4916 νόμον;
3705 4845 3837 4898 αὐτὸ
3874 4844 3984 4912 γὰρ

2399 4948 2577 5008 τοῦτο,
2608 4947 2668 4999 τὸ
2701 4940 2841 4997 εἶναι
2891 4944 3251 5012 ἀκρόϐυστον,
3288 4940 3599 5011 παράϐασίς
3634 4941 3750 4991 ἐστι
3791 4938 3981 5006 νόμου.

2411 5040 2572 5094 Ἀλλὰ
2596 5039 2712 5101 πῶς
2737 5034 2888 5099 εἶπες
2920 5055 2935 5087 ι
2961 5036 3041 5089 Τὰ
3064 5034 3411 5104 δικαιώματα
3433 5033 3526 5085 τοῦ
3554 5032 3739 5100 νόμου,
3775 5049 3793 5081 ι
3827 5047 3986 5082 τουτ-

2401 5130 2537 5193 έστι,
2583 5132 2650 5184 τὰ
2692 5129 2954 5183 δοκοῦντα
2978 5127 3220 5180 δικαιοῦν
3246 5125 3334 5179 διὰ
3355 5126 3454 5194 τῆς
3486 5122 3749 5193 ἐργασίας
3779 5120 3983 5174 αὐτῶν.

2409 5226 2471 5277 'll
2523 5226 2631 5293 γάρ
2682 5220 2979 5292 περιτομὴ,
3015 5220 3115 5272 οὐκ
3148 5215 3216 5287 ἦν
3273 5217 3527 5289 ἐργασία,
3589 5215 3724 5269 ἀλλά
3779 5215 3983 5275 πεῖσις,

2400 5319 2701 5387 πάσχοντος
2715 5316 2806 5369 τοῦ
2832 5330 3135 5384 περιτετμη
3146 5312 3309 5382 μένου
3326 5316 3366 5364 ⁸.
3390 5310 3554 5361 ’Ὥστε
3569 5308 3688 5362 οὐδὲ
3709 5306 3984 5374 δικαίωμα

2032 5582 2229 5641 Vat-iw
2262 5582 2587 5643 lectiones.

788 5712 829 5739 "7
861 5726 918 5762 τε
946 5726 996 5763 υ.
1115 5709 1159 5741 ⁹’
1182 5711 1285 5763 ὅτι.
1361 5711 1405 5741 ’⁸
1433 5714 1723 5780 κερτομεῖν
1766 5728 1837 5764 ιιι.

721 5860 745 5909 ἰ
776 5866 957 5919 περιτε
971 5852 1240 5923 μνομένου
1265 5868 1317 5906 υ.

1947 5712 1959 5740 ¹
1988 5712 2021 5780 ἡ
2042 5714 2255 5779 ὲκκοπὴ
2285 5714 2453 5790 ἤγουν
2515 5718 2787 5786 περικοπή
2822 5720 2915 5771 καὶ
2945 5719 3235 5790 ἀφαίρεσις
3266 5717 3373 5769 τῶν
3403 5716 3881 5790 παθῶν-ὠσαύτῳς
3907 5734 3978 5768 m-

726 5783 743 5811 ²
779 5782 810 5848 ἡ
850 5780 941 5830 τοῦ
994 5780 1314 5847 παιδογὸνου
1352 5782 1538 5852 μορίου
1603 5782 1908 5851 ἐπίκρυφος
1967 5784 2138 5851 ἤγουν
2172 5780 2500 5852 ἑπικᾶλυψις
2543 5780 2612 5841 ιη’.

2728 5790 2804 5859 ³ἡ
2855 5786 3211 5861 ἁληϐήςὲστι
3277 5788 3476 5859 πρᾶξις
3537 5786 3631 5840 καὶ
3693 5787 3870 5856 ἀγαοὴ
3925 5804 3978 5839 o-
