4286 6444
689 422 794 483 379

1568 420 1668 478 ΤΗ
1682 420 2151 480 EOPHYLACTI
2199 420 2615 480 BULGARLE
2659 421 3010 480 ARCHIEP.

3824 422 3932 483 380

690 536 876 596 svntit,
915 534 1242 598 multamque
1281 531 1398 585 inde
1427 531 1614 584 Iudaeo
1657 530 2094 585 commoditatem
2133 547 2255 598 pro-
2287 537 2329 591 Α
2361 533 2382 594 ζ

2241 562 2255 571 -
2287 537 2329 591 Α
2361 533 2469 594 ζων
2489 532 2542 584 δὲ
2563 533 2739 592 τοῦτο,
2760 532 2820 583 ού
2849 533 2915 583 τὰ
2946 532 3346 601 κατορθώματα
3374 532 3480 582 τῶν
3525 531 3792 585 Ἰουδαίων
3823 535 3933 585 εἱσ-

694 639 971 676 vcnturani
1003 626 1215 677 asserit.
1252 623 1327 675 Ad
1378 625 1480 675 hoc
1527 638 1653 676 vero
1686 622 2118 676 confirmandum
2149 638 2253 674 non

691 718 996 770 Jndn-ornm
1043 716 1266 769 virtutcs
1310 729 1502 782 resque
1542 727 1762 768 strenue
1807 724 1988 782 gestas
2015 715 2255 779 adducit,

691 824 876 861 verum
925 807 1014 859 Dei
1039 808 1216 875 potius
1248 807 1384 858 dona
1420 816 1473 858 et
1506 808 1754 873 gratiam.
1785 805 1893 860 Nec
1921 806 2067 860 enim
2098 805 2256 870 dixit,

689 899 830 964 quod
870 899 1093 950 multmn
1123 897 1472 963 praestiterint
1515 897 1724 949 caeteris
1768 897 2018 967 gentibus
2061 895 2254 956 Judzei,

691 1005 754 1039 ιιο
783 988 923 1054 quod
959 991 1053 1039 hoc
1088 988 1167 1040 vel
1218 990 1355 1041 istuc
1383 989 1626 1053 gnaviter
1659 989 2039 1054 transegerint,
2073 1000 2256 1040 verum

693 1081 831 1147 quod
869 1099 885 1128 ι
934 1081 1222 1132 Commissa
1257 1083 1361 1131 sint
1398 1081 1498 1133 illis
1531 1081 1748 1134 oracula
1783 1081 1872 1133 Dei
1913 1098 1928 1137 :
1965 1095 2082 1147 quae
2113 1090 2260 1135 certe

697 1175 780 1223 Dei
829 1183 911 1224 cst
954 1171 1325 1235 beneﬁcentia,
1360 1171 1465 1240 25
1509 1188 1607 1227 nec
1645 1173 1746 1225 ulla
1787 1173 1994 1227 ratidne
2043 1173 2256 1226 illorum

694 1266 770 1318 vel
801 1265 1033 1331 dignitas
1067 1266 1145 1317 vel
1179 1266 1514 1331 prmsmntia.
1553 1266 1691 1331 Quid
1727 1282 1852 1320 vero
1885 1275 1968 1320 est
2007 1285 2025 1317 ι
2057 1269 2258 1321 credita

693 1362 846 1409 sunt?
881 1376 898 1407 ι
930 1373 1047 1425 pro,
1080 1369 1425 1424 acceperunt,
1454 1360 1538 1413 vel
1580 1361 1629 1412 in
1665 1375 1852 1412 manus
1886 1370 2258 1428 sumpserunt,

696 1451 946 1518 dignique
967 1450 1066 1504 visi
1092 1459 1215 1503 sunt
1238 1451 1363 1513 Deo,
1388 1461 1445 1504 nt
1468 1452 1772 1518 acciperent
1797 1452 1974 1505 divina
2003 1468 2257 1518 responsa

694 1543 906 1595 caelitus
948 1541 1200 1593 demissa.
1238 1539 1360 1594 "iCC
1393 1553 1570 1595 autem
1620 1542 1828 1602 dicens,
1865 1544 2009 1610 ipsos
2041 1545 2261 1608 quidem

696 1632 745 1679 ιΙι
764 1629 982 1682 fundere
1012 1629 1222 1681 videtur
1251 1648 1263 1683 :
1290 1639 1521 1682 attamen
1548 1629 1707 1682 aliam
1741 1645 1927 1683 rursus
1955 1634 2262 1685 accusatio-

698 1738 817 1773 nem
875 1724 923 1772 in
978 1723 1209 1775 medium
1249 1724 1530 1774 adversum
1587 1723 1729 1789 ipsos
1776 1725 2001 1791 profert,
2043 1724 2263 1777 demon-

2361 626 2506 691 ἀγει,
2538 625 2672 676 ἀλλὰ
2712 627 2776 675 τᾶ
2806 624 2897 675 τοῦ
2931 624 3065 675 Θεοῦ
3113 625 3450 693 χαρίσματα.
3482 626 3554 675 0ίῦ
3595 625 3703 692 γὰρ
3758 622 3932 687 εἶπεν,

2359 716 2442 767 ὅτι
2494 715 2632 767 Πολὺ
2691 715 3105 784 περισσεύουσιν
3163 716 3425 776 Ἰουδαῖοι,
3499 715 3632 766 διότι
3671 715 3789 766 τόδε
3841 717 3936 766 καὶ

2359 807 2477 857 τόδε
2497 804 2887 875 κατώρθωσαν,
2915 806 3029 857 ἀλλ’
3055 807 3136 857 ὅτι
3179 823 3196 855 ι
3233 805 3666 872 Ἐπιστεύοησαν
3693 806 3758 856 τὰ
3781 806 3936 871 λόγια

2360 896 2454 948 τοῦ
2494 895 2661 947 Θεοῦο
2709 915 2725 946 ι
2758 896 2892 964 ὅπερ
2920 896 3206 964 εὐεργεσία
3239 896 3354 947 ἐστὶ
3385 895 3477 947 τοῦ
3509 894 3665 955 Θεοῦ,
3700 898 3793 947 καὶ
3826 895 3926 946 οὐκ

2361 988 2584 1041 ἐκείνων
2624 987 2968 1058 προτέρημα.
3025 988 3089 1041 Τί
3127 989 3183 1042 δέ
3224 989 3337 1040 ἐστι
3379 989 3458 1051 τὸ,
3497 1006 3515 1039 ι
3570 987 3937 1055 Ἐπιστεύθη-

2363 1097 2496 1144 σανς
2524 1099 2541 1130 ι
2565 1080 2710 1133 Ἀντὶ
2727 1080 3108 1144 τοῦ,Ἐλα6ον,
3134 1079 3756 1150 ἐνεχειρίσοησαν,ἇξιοι
3774 1083 3790 1109 ⁷
3822 1079 3936 1131 ἐδο-

2365 1171 2457 1236 ξαν
2489 1170 2565 1241 τῷ
2596 1171 2716 1242 Θεῷ
2754 1171 2848 1224 τοῦ
2884 1170 3134 1235 δέξασθαι
3183 1170 3467 1240 χρησμοὺς
3518 1171 3723 1224 ἄνωθεν
3800 1187 3936 1222 κατ-

2362 1264 2697 1334 ενεχθένταε.
2725 1264 2912 1318 Ταῦτα
2939 1265 2994 1317 δὲ
3035 1265 3230 1331 λέγων.
3253 1265 3403 1317 δοκεῖ
3429 1266 3525 1335 μὲν
3552 1266 3732 1320 αὐτῶν
3766 1265 3938 1335 ὑπερ-

2362 1358 2767 1425 απολογεῖσθαι·
2797 1357 3048 1427 ἔγκλημα
3077 1358 3131 1410 δὲ
3151 1359 3298 1426 ὅμως
3325 1359 3488 1410 πάλιν
3511 1360 3637 1412 ἄλλο
3667 1358 3744 1423 είς
3776 1359 3939 1427 μέσον

2363 1448 2545 1510 αὐτοῖς
2584 1447 2880 1518 προσφέρει
2931 1447 2994 1516 If.
3037 1447 3232 1520 προφ.]
3279 1449 3368 1501 καὶ
3416 1450 3688 1502 δείκνυσιν
3743 1449 3940 1510 αὐτοὺς

2363 1539 2770 1609 ἀπιστήσαντας
2801 1542 2908 1600 τοῖς
2938 1539 3100 1602 θείοις
3130 1540 3339 1607 λόγοις,
3382 1541 3448 1593 δι’
3478 1535 3551 1594 ὧν
3579 1540 3936 1608 ἐτιμήθησαν.

2367 1629 2513 1698 Πλὴν
2551 1630 2643 1682 καὶ
2668 1631 2730 1682 τὸ
2770 1630 3022 1699 ἔγκλημα
3051 1631 3232 1691 τοῦτο,
3262 1633 3335 1695 ὡς
3368 1634 3462 1684 ἀπ’
3508 1633 3670 1685 ἄλλου
3705 1632 3941 1698 εἰσάγει,

2366 1721 2562 1774 ὡσανεὶ
2589 1722 2811 1776 τοιαῦτα
2831 1723 3080 1789 λέγοντος
3101 1739 3115 1752 ·
3155 1724 3264 1776 Καὶ
3292 1724 3345 1776 τί
3373 1725 3433 1777 τδ
3464 1725 3654 1793 ὄφελος
3706 1726 3785 1778 ὅτι
3829 1725 3944 1777 ὲδέ-

695 1821 874 1863 strans
908 1814 1050 1879 ipsos
1097 1813 1290 1865 divinis
1322 1813 1549 1880 eloquiis
1599 1814 1756 1867 ﬁdem
1792 1829 1895 1866 non
1929 1815 2259 1878 adhibuisse,
2295 1789 2338 1846 Β
2369 1815 2387 1880 ξ

2253 1856 2259 1877 ,
2295 1789 2338 1846 Β
2369 1815 2528 1880 ξαντο
2559 1815 2628 1868 τά
2652 1815 2838 1882 λόγια;
2875 1816 2966 1868 καὶ
3003 1816 3112 1884 γὰρ
3159 1789 3681 1886 ήπίστησανίΔοκεί
3713 1817 3767 1869 δὲ
3797 1816 3945 1869 λύειν

698 1921 790 1970 νυν
821 1921 936 1970 qua:
972 1916 1143 1957 tamen
1179 1905 1409 1973 plurimo
1438 1907 1544 1958 sint
1582 1906 1780 1959 honore
1809 1905 2004 1961 affecti.
2040 1907 2265 1962 Verum-

700 2009 874 2048 lu'ut‘tl
923 1999 1058 2049 hanc
1104 1999 1505 2051 accusationem
1561 1999 1871 2062 introducit,
1911 2009 2164 2066 tanquam
2200 2001 2266 2054 ab

697 2093 798 2140 alio
848 2091 1062 2153 faciunt,
1111 2093 1198 2159 qui
1251 2093 1322 2144 ita
1369 2094 1621 2145 diceret:
1671 2092 1869 2160 Ecquid
1915 2093 2264 2148 emolumenti

696 2183 902 2233 confert
935 2180 1134 2236 .Indmis
1179 2185 1318 2250 quod
1353 2183 1567 2235 oracula
1625 2181 1718 2235 Dei
1767 2186 2095 2253 acceperint,
2143 2201 2263 2239 cum

700 2273 961 2324 lucrt'dllil
987 2289 1111 2339 erga
1143 2273 1326 2326 eadem
1353 2273 1590 2326 fuerint?
1619 2272 1769 2327 Hanc
1803 2287 1980 2328 autem
2007 2276 2265 2343 objectio-

698 2381 815 2415 nem
844 2365 1047 2417 diluere
1080 2365 1310 2429 videtur,
1338 2381 1441 2417 non
1473 2380 1568 2433 pro
1605 2365 1756 2432 ipsis,
1783 2369 1874 2419 sed
1906 2381 2001 2434 pro
2034 2364 2142 2420 Deo
2170 2383 2263 2434 ρος

697 2455 802 2506 tius
829 2454 1126 2524 :ipologlnm
1161 2456 1415 2511 affereus.
1456 2457 1607 2522 Quod
1647 2456 1690 2509 si
1741 2458 2001 2511 increduli
2038 2459 2261 2521 fuerint,

695 2550 823 2615 quid
862 2550 960 2602 hoc
999 2551 1062 2602 ad
1097 2548 1295 2602 Deum?
1325 2550 1462 2603 Num
1491 2549 1701 2603 illorum
1732 2550 2082 2606 incredulitas
2107 2553 2264 2604 fidem

698 2640 788 2692 Dei
815 2643 973 2692 faciet
1003 2642 1231 2706 irritam,
1272 2642 1374 2694 hoc
1399 2651 1482 2695 est
1503 2682 1516 2702 ,
1559 2642 1900 2694 oraculorum
1927 2643 2266 2696 COIIHIIiSaiO-

697 2747 818 2783 Item
846 2732 974 2798 ipsis
996 2732 1217 2794 factam,
1235 2733 1460 2802 ejusque
1478 2734 1885 2787 beneficentiam
1902 2733 1923 2786 ?
1943 2733 2118 2800 Usque
2134 2734 2268 2789 adeo

2368 1907 2462 1957 καὶ
2485 1903 2690 1975 ταύτην
2712 1907 2806 1975 τὴν
2835 1905 3124 1967 ἀντίθεσιν,
3151 1907 3248 1976 οὐχ
3284 1907 3424 1977 ὑπὲρ
3447 1909 3645 1971 αὐτῶν,
3668 1907 3782 1961 ἀλλ’
3806 1907 3946 1974 ὑπὲρ

2366 1999 2459 2052 τοῦ
2516 1998 2654 2051 Θεοῦ
2709 1999 3169 2068 ἀπολογούμενος.
3229 2001 3288 2052 Εἰ
3341 2001 3450 2069 γὰρ
3503 2001 3834 2070 ἠπίστησαν,
3893 2001 3947 2051 τί

2367 2091 2526 2144 τοῦτο
2551 2090 2686 2159 πρὸς
2717 2092 2805 2143 τὸν
2827 2091 2957 2143 Θεόν
2977 2109 2990 2154 ;
3013 2093 3104 2160 Μὴ
3134 2095 3164 2160 ἡ
3202 2093 3428 2147 ἀπιστία
3459 2093 3636 2145 αύτῶν
3663 2095 3947 2162 καταργή-

2370 2199 2452 2236 σει
2507 2185 2603 2253 τὴν
2650 2184 2831 2235 πίστιν
2883 2182 2977 2236 τοῦ
3027 2183 3198 2249 Θεοῦ,
3236 2185 3514 2248 τουτέστι,
3573 2185 3672 2255 τὴν
3717 2185 3948 2237 καταπί-

2372 2294 2591 2330 στευσιν
2637 2277 2744 2330 τῶν
2789 2279 2984 2345 λογίων
3037 2281 3131 2332 καὶ
3161 2279 3259 2347 τὴν
3296 2279 3652 2349 εύεργεσίαν;
3685 2279 3952 2331 Τοσοῦτον

2371 2371 2478 2440 γάρ
2522 2371 2582 2422 ού
2637 2371 2933 2440 βλάπτεται
2983 2371 3113 2434 Θεὸς
3160 2372 3223 2422 ἐκ
3263 2372 3357 2438 τῆς
3395 2371 3618 2424 ἐκείνων
3663 2370 3947 2434 ἀπιστίας,

2371 2461 2534 2515 ὅσον⁸
2593 2460 2686 2513 καὶ
2724 2461 2924 2530 μᾶλλον
2959 2459 3244 2526 δοξάζεται
3301 2463 3376 2524 ὡς
3421 2461 3823 2530 φιλάνθρωπος,
3869 2462 3951 2513 ὅτι

2373 2553 2583 2606 καὶτὸν
2609 2553 2867 2621 μέλλοντα
2903 2554 3066 2606 αὑτὸν
3098 2554 3413 2622 ἀτιμάζειν,
3447 2553 3697 2622 φαίνεται
3733 2552 3953 2622 εὐεργε-

2372 2644 2495 2696 τῶν.
2543 2640 2692 2706 Εἶδες
2731 2645 2849 2708 πῶς
2905 2646 3103 2709 αὐτοὺς
3151 2646 3485 2710 ὑπευθύνους
3538 2649 3815 2715 ἐποίησεν,
3858 2645 3954 2715 ἀφ’

2371 2730 2446 2790 ὧν
2476 2737 2930 2801 ἐκαλλωπίζοντο,
2959 2740 3128 2810 ἤγουν
3156 2740 3249 2793 τοῦ
3280 2741 3370 2792 τὸν
3400 2741 3565 2809 νόμον
3589 2740 3881 2806 δέξασθαις

700 2843 928 2893 uanique
955 2826 1092 2879 Deus
1119 2840 1184 2880 ex
1224 2826 1436 2879 illorum
1477 2825 1852 2880 incredulitate
1877 2826 2018 2879 haud
2042 2825 2273 2892 laeditur,
2317 2839 2376 2882 ut
2432 2829 2768 2898 gloriﬁcetur
2839 2830 3021 2902 potius
3079 2842 3136 2886 ut
3189 2833 3458 2899 benignus
3512 2843 3569 2888 et
3619 2833 3886 2887 humanus
3928 2853 3944 2892 ;

702 2918 1130 2987 quandoquidem
1163 2926 1219 2971 et
1254 2917 1327 2972 illi
1367 2918 1457 2986 qui
1502 2933 1624 2972 eum
1659 2919 1948 2987 ignominia
2010 2917 2301 2975 affecturus
2337 2931 2443 2983 est,
2483 2923 2780 2978 beneficqu
2831 2938 2951 2978 sese
3008 2925 3282 2979 exhibeat.
3342 2924 3529 2984 \‘iden‘
3569 2927 3840 2994 quomodo
3862 2939 3958 2984 eos

699 3028 819 3063 rens
848 3012 1034 3064 ter-erit
1055 3026 1118 3065 ex
1151 3011 1215 3064 iis
1242 3011 1310 3063 ob
1333 3025 1454 3079 qua:
1488 3011 1589 3064 sibi
1617 3008 1916 3078 placebant,
1952 3009 2160 3064 scilicet
2197 3026 2263 3065 ex
2305 3012 2407 3067 hoc
2440 3015 2581 3082 quod
2623 3015 2795 3086 legem
2827 3016 3178 3086 acceperint?

773 3105 938 3159 Vens.
968 3106 1020 3158 4.
1058 3125 1076 3156 ι
1113 3105 1196 3160 Sit
1226 3116 1403 3160 autem
1440 3104 1578 3160 Deus
1617 3120 1802 3171 verax,
1858 3107 2041 3160 omnis
2088 3117 2267 3162 autem
2295 3112 2340 3170 C

703 3201 861 3253 homo
896 3199 1145 3261 mendax,
1177 3199 1317 3252 sicut
1364 3198 1623 3267 s'criptum
1664 3209 1794 3253 est:
1835 3198 1906 3255 Ut
1959 3200 2272 3270 justiliceris

702 3295 752 3346 in
782 3293 1116 3344 sermonibus
1144 3292 1269 3355 tuis,
1299 3293 1551 3346 etvincas
1569 3306 1690 3345 cum
1715 3291 2038 3360 judicarisk
2075 3311 2092 3343 ι
2131 3292 2274 3346 Dixit

701 3385 1040 3453 Supra,qnod
1071 3383 1286 3451 quidam
1314 3398 1418 3436 non
1454 3382 1799 3437 crediderunt
1835 3382 2089 3446 :deinde,
2141 3398 2266 3438 cum

704 3481 894 3530 nedum
917 3476 1153 3543 quidam,
1178 3488 1356 3528 verum
1378 3490 1565 3530 omnes
1589 3474 1638 3528 in
1659 3476 1971 3528 universum
1991 3477 2274 3529 vidcantur

705 3570 987 3631 increduli,
1019 3585 1083 3621 ne
1109 3568 1364 3622 molestus
1389 3568 1684 3628 videretur,
1742 3581 2048 3619 sermonem
2117 3583 2272 3619 suum

705 3666 1107 3733 sapientissime
1138 3664 1390 3728 instituit,
1423 3674 1583 3728 atque
1609 3661 1658 3714 id
1683 3660 1829 3730 quod
1857 3676 2041 3715 revera
2073 3661 2272 3714 factum

704 3773 808 3822 est,
829 3762 990 3813 veluti
1008 3775 1100 3826 per
1123 3758 1545 3827 suppositionem
1561 3757 1786 3824 profert,
1808 3757 2054 3823 inquiens
2077 3775 2088 3809 :
2111 3755 2276 3809 Pona-

707 3870 826 3907 mus
848 3854 986 3920 quod
1011 3867 1200 3906 omnes
1247 3851 1503 3904 increduli
1553 3848 1799 3902 fuerint:
1853 3849 2044 3916 ecquid
2089 3849 2278 3902 istud?

709 3950 788 4000 vel
812 3948 931 4000 hinc
967 3963 1179 4014 quoque
1199 3947 1521 4015 justificatur
1560 3947 1716 3997 Deus.
1741 3943 1852 3996 lloc
1886 3953 1970 3995 est
2000 3961 2012 3996 :
2049 3943 2103 3996 Si
2132 3941 2276 4010 judi-

709 4044 849 4095 ratio
878 4043 965 4095 fiat
988 4052 1040 4094 et
1075 4040 1368 4107 exploratio
1400 4054 1583 4092 eorum
1615 4052 1732 4106 qua:
1755 4053 1782 4088 a
1816 4035 1921 4088 Deo
1949 4035 2148 4088 Judzeis
2168 4036 2280 4087 sint

710 4136 921 4204 collata,
955 4148 1019 4186 ac
1052 4132 1289 4185 vicissim
1324 4146 1512 4184 eorum
1545 4145 1665 4198 qua:
1719 4130 1786 4182 ab
1828 4129 1892 4182 iis
1955 4143 2078 4196 erga
2131 4127 2277 4179 illum

713 4229 823 4280 sint
851 4227 1012 4289 facta,
1075 4225 1215 4277 Deus
1240 4224 1478 4275 victoriae
1527 4221 1755 4289 palmam
1799 4221 2115 4286 reportabil,
2142 4220 2281 4271 sicut

711 4334 762 4373 et
789 4319 950 4373 David
982 4315 1439 4382 etiamait.Qnod
1495 4330 1621 4367 vero
1660 4315 1860 4382 inquit,
1917 4331 1935 4363 ι
2003 4311 2084 4366 Sit
2140 4311 2280 4365 Deus

711 4429 895 4482 verax,
969 4414 1247 4480 usurpavit
1322 4424 1418 4477 pro
1473 4408 1883 4474 Manifestetur,
1939 4407 2274 4461 demonstre-

714 4516 817 4556 lUl'.

786 4593 1081 4648 Vens.5-6.
1121 4612 1138 4644 ι
1179 4592 1232 4647 Si
1265 4603 1441 4647 autem
1475 4592 1731 4661 iniquitas
1783 4601 1964 4644 nostra
1997 4591 2088 4644 Dei
2126 4590 2283 4659 justi-

714 4691 842 4740 tiam
885 4689 1248 4749 commendat,
1274 4686 1399 4756 quid
1429 4686 1712 4738 dicemus?
1747 4683 1882 4736 Num
1916 4683 2150 4752 iniustus
2200 4691 2283 4734 est

715 4784 870 4841 Dens.
900 4781 986 4847 qui
1036 4780 1195 4833 infert
1234 4779 1406 4832 iram?
1440 4779 1756 4843 (secundum
1800 4777 2070 4830 hominem
2114 4774 2281 4841 dico.)

711 4874 899 4926 Absit!
927 4873 1172 4941 Alioquin
1208 4873 1476 4942 quomodo
1500 4867 2229 4937 Deusjndicaliitrnnndum?
2256 4883 2274 4917 ι

711 4966 1078 5035 Objectioncm
1100 4967 1183 5019 hic
1209 4966 1517 5034 liujusmodi
1540 4965 1775 5026 adducit,
1791 4977 1886 5016 ceu
1909 4960 2147 5015 nonnulli
2172 4961 2281 5013 sint

713 5059 801 5126 qni
840 5058 1058 5111 dicant:
1096 5057 1151 5112 Si
1184 5058 1341 5122 Deus,
1374 5058 1461 5111 ubi
1488 5057 1538 5109 in
1569 5070 1665 5110 nos
1687 5053 1945 5108 baiolicia
1969 5051 2279 5110 contulerit.

717 5166 777 5202 ac
811 5166 838 5202 a
873 5152 1025 5204 nobis
1054 5161 1398 5220 contemptus
1425 5149 1604 5214 fuerit,
1662 5147 1862 5216 justior
1912 5155 2186 5214 appareat,
2231 5155 2285 5199 et

718 5244 918 5306 vincat,
947 5259 1037 5311 per
1059 5245 1443 5298 exuberantem
1478 5257 1667 5311 nempe
1699 5239 2086 5295 humanitatem
2132 5252 2284 5291 suam

722 5335 957 5403 indignis
980 5337 1140 5389 etiam
1175 5336 1434 5390 beneficia
1459 5335 1744 5390 conferens
1771 5350 1784 5386 :
1817 5347 1914 5387 cur
1941 5332 1994 5385 in
2012 5341 2286 5401 posterqu

723 5431 858 5484 iram
891 5429 1072 5495 infert,
1105 5431 1204 5484 hoc
1228 5440 1331 5497 est,
1367 5430 1519 5499 punit
1543 5444 1660 5491 nos,
1693 5430 1889 5496 quippe
1917 5427 2007 5496 qui
2041 5424 2165 5478 facti
2211 5423 2288 5476 si-

726 5539 843 5577 mus
871 5524 968 5592 ipsi
1020 5535 1268 5578 auctores
1295 5540 1416 5578 cum
1441 5523 1864 5594 jnstificationis,
1907 5528 2018 5571 tum
2053 5516 2294 5571 victoria:

800 5670 821 5697 ε
857 5658 998 5712 l'sal.
1030 5657 1226 5724 ρυλε.
1257 5657 1292 5722 l,
1322 5657 1374 5710 6.

2451 3111 2727 3165 «Γινέσθω
2759 3112 2816 3165 δὲ
2845 3113 2874 3166 6
2921 3112 3052 3176 Θεὸς
3115 3112 3324 3181 ἀληθής
3354 3128 3369 3145 ο
3425 3113 3534 3175 πᾶς
3574 3111 3630 3164 δὲ
3671 3112 3960 3182 ἄνθρωπος

2377 3201 2636 3273 ψεύστης,
2676 3203 2857 3265 καθὼς
2884 3203 3196 3271 γέγραπται
3220 3219 3234 3233 ·
3258 3202 3446 3264 ’Ὀπως
3479 3201 3544 3254 ἂν
3576 3199 3870 3270 δικαιωθῇς
3900 3201 3961 3251 ὲν

2379 3297 2490 3358 τοῖς
2520 3295 2697 3363 λόγοις
2733 3312 2850 3358 σου,
2901 3295 2996 3348 καὶ
3023 3296 3252 3365 νικήσῃς
3287 3295 3344 3345 ὲν
3377 3294 3456 3364 τῷ
3500 3291 3774 3362 κρίνεσθαί
3807 3308 3885 3345 σε.
3934 3311 3953 3342 ι

2382 3385 2548 3442 Εἶπεν
2580 3390 2711 3453 ἄνω,
2736 3389 2816 3441 ὅτι
2847 3389 2986 3451 τινὲς
3019 3388 3330 3456 ἠπίστησαν
3353 3402 3365 3414 ⁸
3398 3382 3538 3451 εἶτα,
3581 3385 3702 3437 ἐπεὶ
3727 3383 3844 3454 ούχί
3880 3401 3961 3436 τι·

2381 3501 2491 3547 νες,
2525 3482 2662 3537 ἀλλὰ
2689 3483 2888 3544 πάντες
2917 3481 3198 3550 φαίνονται
3221 3479 3642 3548 ἀπιστήσαντες,
3669 3477 3963 3544 σοφώτατα

2385 3575 2897 3645 μεταχειριζόμενος
2934 3575 3028 3626 τὸν
3063 3574 3240 3641 λόγον,
3291 3573 3376 3625 διὰ
3421 3572 3482 3624 τὸ
3537 3571 3612 3641 μὴ
3659 3571 3806 3634 δόξαι
3861 3574 3963 3623 ἐπ-

2382 3668 2553 3739 αχθής
2588 3669 2629 3729 ⁹,
2663 3668 2724 3720 τὸ
2751 3667 2868 3720 κατ’
2889 3667 3148 3736 ἀλήθειαν
3175 3667 3485 3734 γενόμενον,
3512 3665 3586 3726 ὡς
3618 3664 3738 3716 καθ’
3765 3664 3964 3717 ὑπόθε-

2386 3779 2469 3813 σιν
2498 3759 2699 3830 τίθησι,
2724 3759 2815 3812 καί
2846 3775 2977 3828 φησι
3000 3776 3012 3787 ’
3045 3758 3260 3826 Θῶμεν,
3291 3759 3371 3810 ὅτι
3395 3758 3595 3820 πάντες
3619 3757 3926 3826 ἠπίστησαν
3945 3772 3962 3788 ·

2384 3856 2480 3906 καὶ
2506 3852 2559 3905 τί
2584 3852 2740 3905 τοῦτο
2766 3870 2781 3916 ;
2833 3849 3140 3903 Κάντεῦθεν
3172 3847 3475 3902 δικαιοῦται
3500 3851 3527 3902 6
3571 3849 3723 3910 Θεός.
3783 3848 3958 3900 Τουτ-

2385 3945 2573 3998 έστιν’
2612 3944 2676 3997 Ei
2711 3942 2890 4012 κρίσις
2924 3942 3132 4007 γένοιτο
3177 3941 3269 3992 καὶ
3320 3938 3565 4004 ἐξέτασις
3600 3939 3709 3991 τῶν
3750 3957 3806 3992 τε
3835 3941 3964 4008 παρ’

2386 4039 2550 4091 αὐτοῦ
2582 4037 2890 4105 γενομένων
2919 4037 3030 4095 τοῖς
3081 4018 3376 4094 Ἰουδαίοις,
3414 4033 3508 4084 καὶ
3533 4032 3640 4083 τῶν
3664 4032 3794 4098 παρ’
3824 4031 3966 4081 ὲκεί-

2388 4149 2492 4184 νων
2525 4129 2602 4191 είς
2647 4119 2830 4187 αὺτὸν,
2885 4126 2954 4178 τὶ
3000 4125 3292 4194 νικητήρια
3336 4123 3488 4174 ἔσται
3527 4122 3679 4189 παρὰ
3707 4121 3782 4190 τῷ
3803 4120 3962 4190 Θεῷ·

2388 4219 2530 4273 καθὰ
2558 4218 2621 4288 δὴ
2655 4218 2749 4270 καὶ
2798 4215 2961 4269 Δαυῒδ
2990 4216 3162 4282 λέγει.
3208 4214 3280 4265 Τὸ
3305 4215 3382 4276 δὲ,
3444 4231 3462 4264 ι
3491 4212 3728 4265 Γινέσοω
3775 4215 3804 4265 6
3833 4212 3967 4275 Θεὸς

2388 4311 2614 4383 ἀληθὴς,
2660 4329 2679 4361 ι
2714 4310 2833 4363 ἀντὶ
2860 4309 2981 4372 τοῦ,
3010 4306 3389 4377 Φανερούσθω,
3420 4304 3846 4358 ἀποδεικνύσθω.

2463 4601 2482 4633 ι
2516 4582 2577 4634 Ei
2608 4580 2662 4633 δὲ
2691 4581 2721 4648 ή
2756 4579 2940 4632 ἀδικία
2974 4575 3131 4647 ἡμῶν
3157 4576 3294 4629 Θεοῦ
3327 4576 3679 4644 δικαιοσύνην
3713 4577 3966 4646 συνίστη-

2385 4691 2458 4737 σι,
2485 4675 2534 4726 τί
2561 4672 2833 4743 ἐροῦμενς
2868 4671 2958 4736 Μὴ
2989 4670 3172 4731 ἀδικος
3210 4670 3238 4720 6
3284 4668 3416 4730 Θεὸς
3461 4670 3488 4721 6
3536 4668 3815 4736 ἐπιφέρων
3864 4671 3965 4737 τὴν

2381 4769 2553 4838 ὀργήν
2609 4766 2772 4836 (κατά
2818 4762 3108 4832 ἄνθρωπον
3147 4761 3345 4828 -λέγω);
3400 4761 3491 4830 Μή
3528 4762 3763 4828 γένοιτο.
3809 4760 3966 4816 Ἐπεὶ

2385 4862 2502 4922 πῶς
2530 4860 2704 4929 κρινεῖ
2729 4859 2757 4910 6
2781 4855 2910 4918 Θεὸς
2960 4856 3051 4908 τὸν
3081 4855 3318 4922 κόσμονς
3358 4871 3377 4904 ι
3431 4853 3727 4906 Ἀντίοεσιν
3754 4855 3967 4918 είσάγει

2383 4952 2661 5020 τοιαύτην,
2702 4948 2776 5011 ὣς
2825 4966 2987 5000 τινων
3014 4947 3281 5010 λεγόντων
3303 4961 3319 4976 ·
3353 4945 3417 4999 Εί
3442 4943 3474 4995 6
3500 4943 3632 5006 Θεὸς
3666 4945 3964 5015 εὐεργετή-

2387 5064 2485 5109 σας
2512 5045 2684 5116 ήμᾶς,
2738 5037 2857 5094 εἷτα
2913 5039 3323 5110 ἀγνωμονηθεὶς
3367 5037 3498 5108 παρ’
3548 5037 3723 5106 ήμῶν,
3759 5037 3966 5098 δίκαιος

2391 5140 2593 5212 μᾶλλον
2621 5138 2890 5206 φαίνεται,
2924 5133 3016 5187 καί
3043 5135 3188 5202 νικᾷ,
3206 5131 3280 5195 ὡς
3307 5131 3396 5185 διά
3427 5130 3624 5200 πολλὴν
3657 5129 3968 5199 φιλανθρω-

2389 5234 2521 5286 πίαν
2553 5230 2680 5292 τοὺς
2726 5227 2976 5294 ἀναξίους
3029 5225 3356 5295 εὐεργετῶν,
3410 5223 3461 5276 τί
3493 5223 3682 5276 λοιπὸν
3710 5223 3966 5290 ἐπιφέρει

2388 5326 2490 5396 τὴν
2515 5322 2704 5394 ὀργήν,
2731 5322 2977 5374 τουτέστι
3029 5317 3249 5381 κολάζει
3275 5317 3445 5387 ἡμᾶς,
3477 5316 3609 5379 τοὺς
3637 5316 3968 5383 γινομένους

2397 5415 2547 5487 αὐτῷ
2578 5414 2783 5476 αἰτίους
2839 5410 3172 5474 δικαιώσεως
3219 5411 3314 5463 καὶ
3367 5409 3560 5479 νίκης;
3614 5407 3763 5476 Δῦτη
3801 5406 3900 5477 μὲν
3935 5406 3970 5476 ή

2402 5509 2672 5570 ἀντίθεσις
2700 5525 2713 5538 ·
2744 5506 2858 5559 λύει
2884 5505 2941 5558 δὲ
2989 5503 3480 5576 αύτὴνπανσόφως
3519 5503 3615 5557 καὶ
3672 5498 3965 5571 ἀγχιστρό-

2044 5769 2238 5831 Variae
2272 5767 2598 5829 lectiones.

805 5908 822 5938 ⁷
857 5909 952 5961 καὶ
988 5906 1125 5971 ἄξιοι
1163 5926 1230 5959 Ill.
1309 5913 1328 5943 ⁸
1358 5909 1464 5974 ὅσῳ
1497 5924 1545 5955 n.

1626 5905 1643 5934 '
1675 5902 1760 5954 διὰ
1787 5901 1845 5953 τὸ
1874 5899 2020 5961 δόξαι
2062 5895 2371 5966 ἀνεπαχθὴς
2405 5911 2455 5946 0-
