4286 6444
727 412 832 474 383

1610 411 1712 469 Tll
1727 411 2191 470 EOPHYLAC’I‘I
2255 410 2456 470 BULU
2472 409 2597 467 Alii
2612 410 2674 467 ,Ε
2717 409 3073 467 ARCUIEP.

3902 397 4009 461 33$

727 526 853 579 dum
878 526 1216 594 sanguinein.
1242 525 1506 579 Contrltio
1526 526 1955 579 ειίιι1’‹εΙιι·ἰιιιείιι
1984 527 2083 580 viis
2097 542 2310 586 eorum,
2347 535 2385 580 Λ

2347 535 2385 580 Α
2421 523 2511 589 ρὶα
2543 525 2600 574 ἐν
2632 524 2749 583 ταῖς
2779 524 2914 583 ὁδοῖς
2945 520 3144 579 αὐτῶν,
3184 518 3275 571 καὶ
3308 518 3421 569 ὀδὸν
3452 519 3674 587 εἰρήνης
3705 517 3805 568 οὐκ
3835 516 4006 581 ἔγνω-

727 628 782 671 ct
811 619 946 669 viam
998 616 1270 685 pacisnon
1295 616 2185 686 cognoverunt.27t\'onesttimor
2206 616 2298 671 Dei

727 720 850 761 ante
884 708 1070 763 oculos
1095 723 1303 762 eorum.
1346 729 1363 759 ι
1397 707 1572 777 Supra
1598 708 1809 763 dixerat
1843 712 1987 777 quod
2020 720 2166 764 esset
2201 710 2301 762 ali-

725 814 829 864 qua
868 798 1186 852 excellentia
1210 799 1430 863 Judaeis,
1465 809 1523 854 ut
1548 802 1740 867 quibus
1765 802 1985 856 omnino
2017 814 2159 856 esset
2182 819 2302 857 cre-

726 890 833 943 dita
869 892 1171 961 traditaque
1220 892 1305 947 lex
1345 911 1357 945 :
1391 910 1531 947 nune
1566 909 1690 947 vero
1731 906 2125 949 conimOuStrat
2169 898 2299 951 nihil

728 998 821 1034 eos
862 982 1058 1035 habere
1115 984 1376 1037 eximium
1436 998 1543 1052 quo
1589 984 1877 1049 excellant,
1938 996 2201 1055 quantum
2233 990 2299 1039 ad

727 1088 886 1141 opera
920 1079 1159 1144 prapria.
1205 1076 1414 1129 Etenim
1448 1092 1569 1129 cum
1598 1092 1704 1130 non
1727 1078 2152 1132 observaverunt
2184 1095 2303 1148 quae

726 1166 805 1223 eis
836 1168 1041 1221 credita
1105 1178 1278 1230 erant,
1338 1170 1509 1238 magis
1561 1172 2014 1225 condenmantur.
2070 1171 2301 1227 Proinde

728 1263 1093 1327 praesfautiam
1127 1261 1417 1327 quamdam
1453 1261 1778 1324 habuerunt,
1823 1276 2091 1331 quatenus
2142 1266 2297 1320 electi

725 1361 852 1403 sunt
879 1367 906 1403 a
945 1353 1049 1403 Deo
1072 1367 1085 1414 ;
1112 1351 1274 1404 simul
1296 1368 1357 1404 ac
1391 1366 1519 1405 vero
1551 1354 1783 1421 propriis
1815 1356 2070 1423 operibus
2105 1367 2298 1409 enntu-

725 1442 880 1495 melia
909 1443 1208 1497 aﬂ‘ecerunt
1245 1446 1430 1506 Deum,
1473 1461 1499 1495 a
1530 1461 1635 1512 quo
1677 1445 1885 1498 honore
1925 1457 2082 1499 erant
2120 1447 2297 1499 ali'ec:i

723 1544 887 1602 atque
918 1536 1076 1589 electi
1110 1556 1122 1589 :
1162 1537 1354 1590 nedum
1412 1536 1543 1590 nihil
1577 1553 1685 1606 quo
1744 1539 2034 1599 excellant,
2078 1539 2296 1599 habent,

723 1641 909 1678 verum
928 1628 1088 1680 etiam
1117 1630 1233 1696 plus
1261 1629 1712 1682 condemnautur.
1739 1628 1897 1683 Velut
1922 1631 2153 1698 igiturin
2175 1646 2298 1700 per-

724 1733 855 1770 sona
893 1717 1198 1772 Judzeorum
1233 1721 1348 1773 ait:
1412 1740 1430 1770 ι
1476 1720 1611 1784 Quid
1646 1719 1847 1786 igitur?
1877 1721 2229 1775 exceliimus?
2274 1742 2292 1773 ι

721 1826 820 1877 pro
846 1826 913 1863 eo
945 1814 1086 1879 quod
1123 1822 1223 1874 est,
1262 1813 1603 1867 llabemusoe
1626 1812 1858 1882 aliquam
1892 1814 2293 1876 excellentiam,

2412 631 2528 665 σαν.
2578 614 2690 666 Οὐκ
2744 612 2861 663 ἔστι
2908 610 3074 678 φόϐος
3106 607 3242 661 Θεοῦ
3272 608 3537 661 ἀπέναντι
3567 607 3676 658 τῶν
3710 606 4008 674 ὀφθαλμῶν

2407 705 2608 757 αὐτῶν.
2650 724 2667 755 ι
2705 704 2949 756 Ἀνωθεν
2984 705 3026 734 ¹⁹
3052 702 3244 764 εἰπὼν,
3277 703 3358 753 ὅτι
3384 702 3499 753 ἔστι
3532 719 3582 753 τι
3609 700 3873 770 περισσὸν
3894 701 4005 759 τοῖς

2420 796 2714 860 Ἰουδαίοις,
2741 796 2828 849 διὰ
2852 796 2911 847 τὸ
2935 795 3071 856 ὅλως
3093 793 3450 863 πιστευθῆναι
3475 794 3569 845 καὶ
3594 791 4003 862 ἐγχειρισθῆναι

2406 887 2497 939 τὸν
2525 889 2688 956 νόμον
2734 903 2749 916 ’
2777 888 2871 940 νῦν
2904 888 3146 940 δείκνυσι
3191 886 3355 957 μηδὲν
3391 888 3586 947 αὐτοὺς
3626 886 3769 953 ἔχειν
3806 900 3998 952 περισ-

2410 981 2523 1044 σὸν,
2556 983 2681 1034 ὅσον
2710 982 2773 1034 ὲκ
2814 980 2922 1034 τῶν
2962 981 3180 1033 οἰκείων
3233 980 3509 1048 πράξεων.
3666 977 3998 1045 φυλάξαντες

2406 1075 2516 1142 γὰρ
2540 1075 2573 1127 ἂ
2603 1074 3027 1142 ἐπιστεύθησαν,
3057 1073 3259 1142 μᾶλλον
3283 1072 3807 1138 καταγινώσκονται.
3837 1072 3997 1122 Ὠςτε

2404 1165 2665 1235 περισσὸν
2699 1166 2797 1233 μέν
2826 1183 2876 1218 τι
2899 1167 2943 1195 ³ο
2976 1162 3122 1234 εἶχον
3167 1165 3304 1218 καθὸ
3331 1167 3373 1196 ⁸⁸
3409 1163 3743 1233 ὲξελέγησαν
3800 1164 3904 1216 οἵ)πὸ
3944 1164 3989 1194 ’¹

2402 1257 2534 1309 Θεοῦ
2562 1273 2576 1287 ·
2650 1257 2839 1327 ἐπειδὴ
2891 1259 2937 1291 ³³
2969 1257 3057 1309 διὰ
3112 1258 3220 1319 τῶν
3270 1257 3487 1310 οἰκείων
3523 1257 3777 1326 πράξεων
3800 1257 3845 1287 ³⁸
3879 1257 3993 1323 ἠτί-

2406 1367 2590 1420 μησαν
2624 1350 2715 1402 τὸν
2746 1351 3061 1419 τιμήσαντα
3100 1349 3297 1410 αὐτοὺς
3329 1349 3462 1401 Θεὸν
3489 1349 3581 1401 καὶ
3609 1346 3993 1415 ἐκλεξάμενον,

2402 1447 2463 1497 οὑ
2503 1446 2661 1514 μόνον
2701 1444 2858 1495 οὐδὲν
2908 1444 3173 1513 περισσὸν
3221 1442 3461 1511 ἔχουσιν,
3499 1441 3634 1493 ἀλλὰ
3689 1442 3784 1492 καὶ
3830 1441 3995 1492 πλέον

2404 1538 2932 1604 καταγινώσκονται.
2966 1535 3139 1605 Φησὶ-ι
3185 1535 3278 1588 οὖν
3327 1534 3402 1594 ὡς
3455 1534 3520 1585 ἐκ
3554 1532 3850 1600 προσώπου
3883 1533 3994 1583 τῶν

2416 1629 2683 1683 Ἰουδαίων
2706 1649 2717 1661 ·
2780 1650 2797 1681 t
2826 1631 2889 1682 Τί
2923 1629 3057 1693 οὗνς
3093 1630 3437 1699 προεχόμεθα
3478 1631 3557 1691 ²³;
3607 1650 3623 1678 ι
3700 1631 3842 1679 ’.Αντί
3876 1628 3991 1687 τοῦ,

2401 1715 2545 1788 ’Λρα
2580 1720 2777 1788 ἔχομέν
2806 1738 2857 1774 τι
2890 1721 3070 1784 πλέον,
3120 1721 3213 1772 καὶ
3257 1720 3583 1788 προέχομεν,
3645 1720 3739 1771 καὶ
3776 1719 3978 1771 ευδοχι.

2409 1811 2615 1881 μοῦμεν
2641 1813 2689 1863 οἱ
2724 1811 2986 1873 Ἰουδαῖοι,
3010 1811 3082 1871 ὡς
3110 1813 3201 1862 τὸν
3230 1811 3392 1879 νόμον
3425 1813 3517 1862 καὶ
3553 1811 3653 1880 τὴν
3688 1810 3992 1879 περιτομὴν

722 1921 782 1956 ac
823 1915 1144 1972 praestamus
1175 1907 1316 1969 aliis,
1350 1917 1403 1960 et
1458 1907 1731 1974 placemus
1764 1906 1873 1960 Deo
1929 1924 2037 1976 prae
2084 1910 2298 1963 cmteris
2332 1899 2414 1954 Βέ

2332 1899 2374 1954 Β
2401 1903 2680 1971 δεξάμενοι
2704 1919 2717 1964 ;
2744 1921 2760 1951 ι
2789 1904 2863 1953 Οὐ
2899 1904 3133 1963 πάντως·
3171 1923 3187 1951 ι
3218 1903 3358 1959 ἀντὶ,
3384 1900 3672 1969 Οὐδαμῶς.
3711 1902 3818 1952 Καὶ
3862 1902 3992 1952 Ἰου-

723 2012 818 2047 nos
848 1994 1037 2060 Judaei,
1097 1999 1295 2066 quippe
1356 1999 1446 2067 qui
1496 1999 1666 2067 legem
1716 2013 1779 2051 ac
1819 1999 2290 2052 circumcisionem

721 2090 1131 2154 acceperith?
1171 2108 1189 2140 ι
1236 2090 1348 2143 Non
1389 2091 1631 2156 omnino,
1668 2108 1685 2140 ι
1730 2091 1885 2155 dixit,
1920 2107 2038 2159 pro,
2074 2089 2292 2157 Nequa-

719 2197 901 2248 quam.
933 2179 1101 2235 Juda-i
1136 2183 1280 2235 enim
1340 2198 1489 2250 a-que
1534 2197 1597 2236 ac
1649 2180 1821 2237 Gneci
1874 2194 2185 2252 peccarunt,
2230 2199 2294 2235 ne

721 2273 919 2337 dicam,
958 2274 1210 2339 amplius.
1263 2273 1415 2328 Unde
1468 2289 1595 2327 vero
1631 2275 1732 2329 hoc
1786 2276 2132 2344 perspicuum
2168 2277 2294 2330 est?

722 2360 797 2414 Ex
831 2363 1111 2429 prophetis
1160 2364 1441 2427 nimirum,
1506 2362 1707 2418 Davi-le
1752 2382 1816 2418 ac
1872 2366 2036 2423 lsaia.
2074 2366 2293 2422 Davidis

717 2468 955 2522 namque
1002 2465 1129 2508 sunt
1183 2456 1296 2517 illa,
1327 2458 1393 2508 ah
1439 2472 1504 2508 eo
1550 2458 1669 2510 loco
1717 2458 1873 2526 cujus
1933 2459 2147 2511 initium
2184 2472 2287 2522 ρει,

721 2564 739 2594 ι
782 2545 893 2597 Non
923 2559 1007 2600 est
1045 2547 1224 2616 jusws
1279 2549 1587 2617 quisquam,
1631 2566 1648 2597 ι
1695 2564 1867 2618 usque
1907 2552 1973 2605 ad
2029 2567 2150 2605 cum
2199 2554 2289 2606 ubi

718 2635 911 2702 inquit,
982 2655 1001 2686 ‹
1069 2637 1448 2692 Maledictioue
1509 2649 1564 2693 et
1640 2643 2004 2697 amaritudine
2075 2645 2288 2711 plenum

715 2738 799 2778 est
833 2724 887 2789 ῖς
923 2745 940 2776 ι
980 2728 1129 2783 Isaia:
1159 2740 1363 2794 autem,
1400 2748 1418 2781 ι
1459 2729 1680 2785 Veloces
1719 2734 1882 2800 pedes
1912 2748 2125 2799 eorum,
2167 2754 2186 2787 ι
2222 2738 2289 2790 ad

716 2835 891 2889 usque
926 2822 1099 2876 lorum
1124 2825 1210 2877 ubi
1246 2825 1445 2893 inquit,
1483 2845 1500 2876 ι
1542 2824 1692 2881 Viam
1740 2829 1890 2897 pacis
1944 2845 2050 2885 non
2095 2846 2294 2901 cogno-

719 2922 910 2965 verunt
938 2915 986 2967 ⁸.
1051 2934 1070 2966 ι
1134 2914 1325 2969 Postea
1380 2932 1594 2971 rursum
1626 2929 1752 2973 sunt
1785 2919 2001 2977 Davidis
2046 2938 2164 2992 quze
2204 2939 2291 2979 se-

716 3015 976 3073 quuntur.
1010 3006 1412 3064 Celeberrimos
1455 3011 1618 3079 igitur
1656 3016 2048 3081 praphetarum
2076 3017 2294 3071 adducit

714 3106 1062 3151 accusatores
1103 3098 1382 3168 ipsorum,
1441 3099 1653 3171 sibique
1701 3104 1831 3171 ipsis
1885 3107 2291 3160 consentientes

2395 1994 2533 2047 δαῖοι
2566 1997 2670 2064 γὰρ
2720 1996 2913 2062 ἐπίσης
2974 1996 3084 2054 τοῖς
3140 1994 3397 2062 Ἕλλησιν
3433 1994 3709 2062 ἥμαρτον,
3765 1994 3850 2043 ἵνα
3907 1994 3983 2062 μὴ

2397 2086 2561 2139 πλέον
2599 2087 2762 2154 λέγω.
2798 2087 2908 2140 Καὶ
2939 2087 3100 2138 πόθεν
3134 2086 3321 2154 δῆλονς
3363 2087 3497 2136 Ἀπὸ
3527 2086 3634 2137 τῶν
3664 2086 3983 2154 προφητῶν,

2394 2180 2491 2232 τοῦ
2519 2198 2577 2231 τε
2603 2180 2764 2232 Δαυῖδ
2785 2182 2878 2231 καὶ
2909 2178 3003 2231 τοῦ
3045 2179 3288 2232 Ἡσαΐου.
3326 2178 3489 2230 Δανῖδ
3522 2179 3620 2247 μὲν
3645 2179 3753 2245 γάρ
3780 2182 3887 2230 εἰσι
3922 2180 3990 2229 τὰ

2395 2271 2504 2323 ἀπὸ
2536 2270 2651 2333 τοῦ,
2714 2288 2732 2321 t
2767 2271 2880 2323 Οὐκ
2935 2271 3049 2323 ἔστι
3083 2272 3292 2334 δίκαιος
3343 2271 3464 2323 οὐδὲ
3518 2266 3619 2334 εἷς,
3652 2290 3670 2321 ι
3710 2272 3839 2340 ἄχρι
3866 2271 3987 2336 τοῦ,

2404 2382 2420 2414 ι
2461 2364 2599 2432 ἀρᾶς
2624 2364 2714 2415 καὶ
2746 2362 2970 2431 πικρίας
3008 2364 3169 2431 γέμει
3192 2379 3203 2390 '
3234 2382 3251 2412 ι
3295 2364 3515 2417 Ἡσαΐου
3541 2363 3594 2415 δὲ
3626 2365 3706 2423 τὸ,
3751 2382 3768 2414 ι
3818 2364 3989 2427 Ὀξείς

2393 2457 2443 2508 οἱ
2475 2455 2841 2518 πόδεςαὺτῶν,
2870 2477 2887 2505 ι
2911 2457 3014 2518 ἓως
3043 2457 3087 2485 ²⁶
3117 2456 3231 2517 τοῦ,
3262 2477 3280 2507 ι
3309 2456 3426 2509 ὁδὸν
3452 2458 3675 2526 εἰρήνης
3693 2457 3792 2510 οὐκ
3818 2457 3992 2526 ἔγνω-

2396 2564 2513 2599 σαν.
2549 2566 2566 2597 ι
2601 2546 2732 2599 Εἶτα
2763 2548 2923 2600 πάλιν
2948 2552 3014 2601 τὰ
3045 2549 3138 2601 τοῦ
3174 2550 3363 2604 Δαυτδ.
3420 2550 3559 2611 Τοὺς
3591 2547 3685 2603 οὖν
3718 2551 3762 2581 ⁸⁷
3789 2568 3989 2622 γνωρι-

2397 2640 2679 2707 μωτάτους
2704 2640 2812 2689 τῶν
2836 2640 3131 2707 προφητῶν
3154 2642 3390 2710 παράγει
3418 2645 3756 2710 κατηγόρους
3781 2644 3984 2707 αὐτῶν,

2395 2732 2489 2783 καὶ
2536 2730 2953 2800 ὀμοφωνοῦντας
3007 2733 3050 2764 ⁸⁸
3082 2732 3333 2802 ἀλλήλοις
3384 2733 3650 2786 δείκνυσι.
3702 2735 3792 2786 Διὸ
3846 2740 3985 2802 μετὰ

2392 2825 2520 2885 τοὺς
2560 2823 2783 2878 Ἡσαΐου
2812 2824 3024 2891 λόγους,
3057 2822 3213 2887 αὖθις
3248 2824 3316 2877 τὰ
3347 2825 3442 2877 τοῦ
3495 2828 3659 2879 Δαυῖδ
3699 2830 3980 2897 ἐπιφέρει.

2406 2916 2463 2969 '0
2498 2918 2607 2987 γὰρ
2655 2918 2883 2978 Ἦσαῖας
2926 2917 3204 2986 προδήλως
3252 2919 3515 2989 περὶτῶν
3558 2921 3829 2973 Ἰουδαίων
3862 2923 3982 2974 δια-

2394 3008 2645 3075 λέγεται·
2676 3008 2815 3062 ὣστε
2844 3011 2938 3062 καὶ
2972 3012 3000 3062 ὁ
3022 3009 3186 3063 Δαυῒδ
3218 3010 3348 3079 περὶ
3378 3012 3485 3062 τῶν
3513 3013 3715 3066 αὐτῶν.
3753 3013 3907 3081 Ἀμα
3927 3015 3985 3068 δέ

2394 3118 2479 3162 τις
2511 3101 2754 3154 ἐκκλίνει
2802 3102 2909 3154 ἀπὸ
2941 3101 3035 3153 τοῦ
3066 3101 3253 3164 καλοῦ,
3293 3103 3384 3154 καὶ
3414 3103 3614 3165 εὐθέως
3642 3105 3980 3172 ἀχρειοῦται.

716 3190 855 3241 inter
879 3204 936 3243 se.
961 3201 1147 3244 mutuo
1173 3193 1389 3247 indicat.
1416 3194 1595 3260 Quare
1632 3209 1751 3264 post
1783 3197 1935 3251 lsaia:
1966 3200 2127 3254 verba
2170 3217 2288 3253 rur-
2317 3195 2361 3254 C
2404 3196 2408 3211 ⁴

2317 3195 2361 3254 C
2404 3194 2469 3245 Ἦ
2518 3194 2627 3262 γὰρ
2658 3194 2859 3258 κακία,
2911 3194 3060 3245 οὐδὲν
3114 3194 3229 3245 ἀλλ’
3278 3194 3309 3263 ἦ
3352 3197 3685 3265 παρατροπή
3718 3198 3832 3248 ἐστι
3876 3198 3983 3250 τ(’,ι

715 3295 836 3334 sum
869 3281 1119 3336 Davidica
1154 3283 1328 3339 aﬂ‘ert.
1370 3286 1536 3341 Isaias
1568 3289 1709 3342 enim
1770 3292 2053 3357 perspicue
2085 3292 2150 3347 de
2182 3291 2282 3346 Ju-

716 3371 844 3423 d:eis
881 3371 1121 3428 disserit.
1156 3375 1389 3429 Proinde
1436 3379 1599 3431 etiam
1647 3388 1701 3433 et
1750 3381 1917 3433 David
1952 3383 2013 3435 de
2067 3383 2283 3438 iisdem.

718 3462 910 3527 Porro,
944 3467 1287 3535 simulatque.
1311 3470 1577 3536 quispiam
1614 3488 1643 3525 a
1675 3473 1815 3525 bono
1846 3472 2286 3543 declinat,proti-

719 3572 819 3611 nus
851 3558 1054 3613 inutilis
1104 3561 1367 3615 redditur.
1427 3561 1627 3616 Malitia
1665 3566 1809 3617 enim
1862 3564 1995 3619 nihil
2027 3566 2169 3620 aliud
2204 3578 2286 3622 est

715 3666 876 3717 quam
908 3652 1184 3718 perversio
1218 3655 1545 3706 naturalium
1594 3672 1722 3725 erga
1758 3656 1957 3710 bonum
1990 3672 2231 3712 momum
2268 3679 2280 3714 :

718 3743 859 3795 unde
891 3744 956 3796 ad
990 3743 1042 3797 id
1073 3746 1216 3812 quod
1240 3758 1434 3813 prater
1470 3758 1718 3799 naturam
1773 3757 1875 3809 est,
1908 3751 2177 3804 hominem
2208 3754 2288 3805 in-

717 3838 914 3898 citans,
976 3836 1220 3889 inutilem
1263 3838 1435 3906 ipsum
1485 3837 1666 3890 ellicit.
1732 3837 1934 3893 Natura
1984 3842 2128 3895 enim
2174 3844 2289 3911 ipso

715 3930 970 3997 deinceps
990 3934 1106 3983 ‘non
1144 3930 1332 3995 utitur,
1367 3929 1820 3999 quemadmodum
1866 3948 1965 3987 nec
1992 3946 2288 4002 mgrotanle

718 4021 886 4073 utitur
913 4022 978 4075 ad
1038 4022 1253 4087 propria
1303 4036 1466 4088 opera
1515 4040 1528 4076 ε
1569 4021 1843 4077 Praeterea
1879 4042 1898 4075 ι
1940 4026 2198 4081 contritio
2234 4038 2289 4080 et

714 4111 1025 4176 infelicitas,
1072 4132 1089 4164 ι
1123 4124 1399 4180 peccatum
1430 4122 1510 4166 est
1544 4130 1558 4166 :
1588 4114 1722 4166 nihil
1752 4115 1895 4166 enim
1934 4115 2072 4168 adeo
2097 4126 2285 4169 eonte-

716 4205 787 4255 rit
820 4204 1056 4256 animam
1082 4212 1245 4272 atque
1288 4204 1485 4270 ipsum,
1523 4204 1592 4256 ob
1647 4202 2017 4257 diﬂicultatetn
2050 4204 2287 4273 inaequa-

718 4296 991 4348 litatcmve
1026 4296 1121 4349 viae
1144 4296 1283 4362 ejus.
1314 4292 1495 4347 Virtus
1520 4310 1754 4362 namque
1793 4309 1890 4348 ceu
1923 4295 2166 4348 naturale
2188 4311 2289 4346 no-

716 4398 885 4440 strum
916 4389 1139 4451 bonum,
1179 4386 1374 4441 leviter
1406 4396 1460 4441 et
1488 4388 1770 4455 sequaliter
1802 4403 1899 4440 nos
1927 4387 2053 4441 ferri
2088 4390 2217 4441 l‘acit
2270 4406 2282 4442 :

719 4480 812 4533 sed
848 4480 1063 4542 vitium,
1122 4494 1219 4532 ceu
1281 4491 1473 4546 praeter
1536 4492 1807 4541 naturam,
1865 4480 2000 4533 alias
2066 4479 2280 4547 quidem

2393 3284 2643 3353 φυσικῶν
2674 3287 2810 3354 πρὸς
2862 3288 2922 3337 τὸ
2954 3286 3116 3337 καλὸν
3160 3288 3428 3353 κινήσεων
3457 3302 3469 3314 ⁸
3503 3287 3625 3338 ὅθεν
3662 3288 3754 3339 καὶ
3784 3288 3862 3349 εὶς
3923 3302 3983 3339 το

2392 3378 2542 3446 παρὰ
2590 3378 2751 3443 φύσιν
2794 3378 3064 3445 ἐξάγουσα
3102 3378 3193 3430 τὸν
3216 3378 3529 3448 ἄνθρωπον,
3564 3381 3784 3448 ἀχρεῖον
3819 3382 3982 3431 αὑτίν

2391 3473 2554 3523 ποιεῖ.
2587 3472 2784 3522 Οὐκέτι
2819 3470 2926 3539 γὰρ
2960 3468 3111 3538 αὐτῷ
3138 3472 3339 3538 χρᾶται
3374 3471 3405 3540 ἠ
3438 3470 3620 3537 φύσις,
3647 3470 3979 3540 ὦσπεροᾷδὲ

2389 3560 2467 3631 τῷ
2494 3560 2740 3614 νοσοῦντι
2779 3562 2856 3623 εἰς
2884 3562 2951 3613 τὰ
2981 3562 3155 3613 οἰκεῖα
3190 3560 3343 3628 ἔργα.
3384 3580 3401 3611 ‹
3443 3561 3763 3630 Σύντριμμα
3799 3564 3854 3615 δὲ
3888 3567 3981 3616 καὶ

2389 3653 2752 3723 ταλαιπωρία,
2796 3672 2813 3702 ι
2852 3655 2883 3720 ἠ
2915 3654 3157 3721 ἁμαρτία
3179 3666 3193 3681 ⁶
3230 3653 3380 3706 οὐδὲν
3404 3655 3513 3723 γὰρ
3542 3654 3684 3707 οὓτω
3704 3656 3981 3724 συντρίᾶει

2389 3743 2585 3815 ψυχὴν,
2637 3746 2710 3806 ὡς
2740 3743 2876 3812 αὕτη
2920 3743 3009 3795 διὰ
3042 3746 3141 3813 τὴν
3168 3745 3384 3797 ἀνοδίαν
3417 3748 3607 3815 αὐτῆς.
3644 3747 3708 3798 'll
3740 3748 3838 3817 μὲν
3870 3751 3980 3817 γὰρ

2390 3838 2581 3907 ἁρετὴ,
2613 3838 2686 3899 ὼς
2722 3838 2948 3903 φυσικὶν
2986 3838 3145 3907 ἡμῶν
3174 3838 3399 3903 ἀγαθὸν,
3435 3839 3593 3901 λείως
3627 3840 3720 3891 καὶ
3755 3841 3975 3905 ὁμαλῶς

2392 3932 2538 4001 ἡμᾶς
2589 3931 2855 3999 φέρεσθαι
2897 3933 3072 3983 ποιεῖ·
3111 3933 3143 3998 ἡ
3177 3930 3232 3982 δὲ
3267 3932 3452 3994 κακία,
3498 3932 3572 3993 ὡς
3605 3931 3756 4000 παρὰ
3787 3933 3970 4000 φύσιν,

2392 4029 2521 4080 ποτὲ
2560 4027 2661 4096 μὲν
2684 4027 2819 4089 ἂνω,
2860 4027 2992 4078 ποτὲ
3024 4026 3079 4077 δὲ
3113 4026 3264 4077 κάτω
3298 4030 3441 4078 ποιεῖ
3481 4026 3766 4097 φέρεσθαι,
3808 4031 3864 4079 ὲν
3890 4029 3977 4078 ελ-

2390 4121 2597 4190 λείψεσι
2635 4123 2727 4173 καὶ
2778 4120 3107 4189 ὑπερϐολαῖς
3160 4120 3497 4188 φαινομένηο
3553 4122 3649 4171 καὶ
3679 4122 3767 4171 διὰ
3816 4121 3975 4173 τοῦτο

2391 4212 2675 4283 ἀνώμαλον
2702 4215 2832 4280 ἡμῖν
2866 4213 2958 4263 καὶ
2990 4211 3225 4277 ἕγκοπον
3260 4211 3303 4241 ¹⁹
3338 4209 3567 4262 ποιοῦσα
3617 4212 3713 4276 τὴν
3735 4209 3971 4277 κίνησιν,

2390 4303 2478 4354 ἴνα
2511 4300 2584 4370 μὴ
2619 4301 2765 4366 λέγω
2786 4301 2883 4361 τὰς
2920 4301 3058 4367 μετὰ
3084 4300 3257 4351 ταῦτα
3286 4299 3554 4359 κολάσεις.
3587 4318 3605 4349 t
3641 4301 3751 4351 Καὶ
3776 4300 3890 4350 ὁδὸν
3918 4300 3974 4350 δὲ

2392 4392 2664 4459 εἰρήνης,ι
2691 4389 2789 4459 τὴν
2814 4390 2953 4439 κατὰ
2980 4389 3110 4441 Θεὸν
3130 4389 3405 4441 πολιτείαν
3437 4391 3650 4458 νοήσεις
3672 4406 3686 4420 °
3711 4389 3846 4457 αὕτη
3869 4390 3975 4457 γαρ

2391 4484 2424 4551 ἡ
2452 4483 2565 4542 ὁδὸς
2589 4482 2687 4547 τῆς
2703 4480 3023 4548 ἀταραξίας.
3053 4498 3070 4530 ι
3110 4482 3315 4546 ’Ἄρατε
3346 4480 3474 4549 γὰρ,
3501 4481 3654 4549 φησι,
3689 4484 3779 4533 τὸν
3814 4480 3977 4547 ζυγόν

721 4587 958 4634 sursum,
992 4572 1127 4625 alias
1148 4586 1274 4625 vero
1308 4573 1563 4625 deorsum
1613 4571 1740 4625 facit
1797 4572 1950 4637 ferri,
1986 4573 2036 4624 in
2070 4572 2281 4626 defectu
2315 4572 2365 4631 D
2396 4592 2413 4642 ι

2315 4572 2365 4631 D
2396 4590 2515 4642 μου,
2541 4573 2633 4623 καὶ
2651 4572 2909 4639 εὑρήσετε
2944 4572 3252 4624 ἀνάπαυσιν
3277 4587 3290 4599 ·
3332 4590 3355 4623 ι
3395 4572 3490 4623 καὶ
3523 4571 3620 4641 τῆς
3655 4571 3890 4641 ἀληθοῦς
3921 4571 3976 4623 δὲ

717 4674 772 4718 ct
803 4666 1113 4718 excessibus
1153 4680 1433 4733 apparens,
1468 4680 1531 4718 ac
1563 4676 1846 4730 propterea
1879 4664 2194 4730 inaequalem
2229 4674 2281 4715 et

2390 4664 2614 4731 εἰρήνης
2641 4660 2733 4712 τοῦ
2772 4661 3008 4729 Χριστοῦ
3034 4664 3182 4713 ἐστιν
3206 4662 3322 4725 ὸδδς
3354 4663 3515 4729 αὕτη.

716 4760 982 4815 diliieilem
1043 4770 1245 4813 motum
1298 4760 1578 4823 exhibens,
1608 4775 1673 4813 ne
1704 4761 1879 4814 dicam
1936 4759 2197 4826 supplicia
2271 4756 2493 4825 posthac
2530 4766 2798 4808 secutura.
2858 4773 2876 4804 ι
2912 4755 2976 4806 Et
3016 4754 3152 4808 viam
3188 4757 3357 4824 pacis.
3402 4776 3419 4806 ι
3479 4756 3629 4835 Piam
3682 4772 3975 4813 canversa-

718 4854 920 4906 tionem
951 4852 1219 4919 intelliges
1279 4871 1292 4905 :

722 4959 921 5008 meum,
982 4955 1030 4993 et
1068 4945 1353 4998 invenietis
1393 4946 1630 5012 requiem
1688 4945 1715 4984 h
1765 4962 1780 4997 :

798 5035 957 5090 Vens.
1006 5038 1093 5103 l9,
1135 5037 1225 5092 2t).
1260 5056 1279 5088 ι
1319 5039 1536 5092 Scimus
1567 5049 1744 5092 autem
1781 5042 1923 5107 quod
1957 5053 2288 5107 quarcunque

721 5129 803 5178 iex
851 5129 1106 5196 loquitur,
1144 5129 1209 5182 iis
1235 5132 1325 5196 qui
1362 5129 1416 5182 in
1453 5129 1565 5198 lege
1605 5141 1729 5181 sunt
1754 5130 2006 5197 loquitur,
2046 5140 2102 5182 ut
2128 5148 2286 5183 uinnc

722 5235 785 5273 os
814 5224 1152 5285 obstruatnr,
1185 5230 1239 5274 et
1269 5223 1516 5275 sohditus
1550 5222 1640 5275 liat
1662 5222 1837 5275 omnis
1870 5225 2103 5275 mundus
2134 5222 2241 5275 Deo
2269 5240 2281 5287 ;

721 5310 845 5375 quia
879 5326 944 5364 ex
978 5312 1231 5379 Operibus
1257 5313 1389 5384 legis
1415 5313 1524 5381 28
1552 5329 1655 5365 non
1678 5312 2065 5379 justilicahitur
2105 5315 2280 5366 omnis

721 5415 853 5451 caro
882 5414 1064 5454 coram
1111 5402 1218 5455 illo.
1258 5421 1275 5452 ι
1319 5402 1393 5456 Ne
1448 5405 1628 5455 dicant
1669 5403 1860 5468 Judwi,
1919 5402 2043 5457 llaec
2085 5405 2149 5455 ad
2188 5419 2285 5456 nos

863 5515 1007 5571 Psal.
1042 5534 1159 5581 xm,
1191 5519 1245 5574 5.
1324 5522 1348 5559 ε
1378 5519 1478 5573 lsa.
1514 5521 1692 5586 ux,7.
1774 5520 1801 5559 ιι
1833 5519 2024 5575 Matth.
2057 5536 2133 5585 ιι,
2166 5520 2255 5573 9.9.

1356 4853 1469 4918 ipsa
1522 4853 1663 4905 enim
1720 4862 1805 4906 est
1854 4854 1935 4903 via
1986 4851 2187 4919 quietis
2258 4866 2322 4903 ac
2360 4848 2789 4917 tranquillitatis.
2858 4846 2994 4900 llinc

1826 4963 1844 4995 ι
1894 4954 2056 5012 atque
2119 4953 2176 4996 ut
2216 4945 2280 4995 ad
2315 4958 2496 4998 veram
2532 4940 2732 4995 Christi
2766 4955 2951 5008 paceni
2983 4940 3286 5006 pervenias,
3318 4940 3429 4993 haec
3456 4943 3538 4995 via
3571 4953 3676 4997 est.

3047 4865 3059 4899 :
3100 4864 3117 4895 ι
3182 4846 3397 4908 Tollite,
3442 4866 3459 4898 ι
3500 4847 3695 4915 inquit,
3733 4868 3751 4899 ι
3785 4850 3972 4919 jngum

2473 5054 2490 5086 t
2525 5036 2762 5103 Οἴδαμεν
2816 5036 2892 5096 δὲ,
2925 5036 3004 5087 ὅτι
3038 5038 3138 5088 ὅσα
3184 5036 3213 5086 ὁ
3256 5037 3414 5104 νόμος
3449 5038 3617 5104 λέγει,
3669 5038 3779 5098 τοῖς
3810 5037 3867 5087 ἐν
3896 5037 3975 5106 τῷ

2395 5131 2544 5199 νόμῳ
2595 5129 2777 5180 λαλεῖ·
2834 5130 2920 5179 ἴνα
2954 5130 3059 5180 πᾶν
3107 5129 3279 5196 στόμα
3336 5132 3546 5197 φραγῇ,
3594 5129 3687 5180 καὶ
3720 5130 3975 5192 ὑπόδικος

2392 5224 2618 5290 γένηται
2649 5224 2755 5281 πᾶς
2787 5222 2813 5271 δ
2844 5222 3045 5286 κόσμος
3066 5220 3144 5289 τῷ
3180 5219 3298 5288 Θεῷ
3324 5235 3335 5248 ·
3362 5220 3492 5272 διότι
3520 5221 3578 5285 ἐξ
3600 5222 3776 5287 ἔργων
3808 5222 3972 5289 νόμον

2391 5314 2451 5365 οὔ
2480 5313 2901 5380 δικαιωθήσεται
2949 5313 3099 5363 πᾶσα
3133 5313 3267 5379 σάρξ
3296 5313 3358 5365 ³⁸.
3388 5330 3405 5362 ι
3452 5311 3563 5363 Ἵνα
3620 5313 3693 5382 μὴ
3745 5315 3973 5365 εῐπωςτιν

2390 5407 2439 5455 οἱ
2474 5405 2740 5469 Ἰουδαῖοι,
2777 5406 2858 5457 ὅτι
2899 5404 3084 5456 Ταῦτα
3120 5404 3179 5456 οὐ
3216 5406 3352 5473 πρὸς
3386 5406 3530 5474 ἡμᾶς
3572 5408 3787 5473 simiai
3815 5422 3827 5434 ’
3865 5423 3973 5475 φη-

2048 5659 2242 5721 Variaa
2274 5659 2599 5720 lectiones.

796 5800 839 5829 "
860 5803 971 5855 ἀνω
987 5818 1038 5853 υ.

730 5872 777 5900 ¹⁶
803 5871 929 5940 ἄχρι
958 5885 1010 5923 0.

1142 5800 1186 5831 ²⁰
1216 5803 1397 5868 μέντοι
1423 5815 1469 5853 o.
1577 5803 1615 5832 ²¹
1647 5802 1736 5853 καὶ
1758 5818 1808 5855 o.
1918 5806 1959 5833 "
1979 5804 2127 5855 παοὰ
2154 5822 2205 5856 o.

1085 5872 1127 5901 ’7
1158 5871 1214 5923 δὲ
1244 5894 1296 5928 υ.
1375 5873 1419 5903 ³⁸
1440 5871 1871 5942 ὁμοφρονοῦντας
1905 5892 1956 5928 o.

2321 5804 2365 5833 ιι
2410 5803 2496 5855 ισ.
2520 5802 2707 5869 ἐπειδὴ
2743 5801 2823 5853 δέ.

2036 5875 2078 5906 ³³
2112 5876 2378 5943 ἔγκοπτον
2407 5892 2458 5929 υ.

2935 5805 2978 5833 υ
3003 5802 3179 5872 ἔργων
3229 5822 3279 5858 o.

3381 5808 3424 5838 ⁸³
3471 5824 3677 5878 προερχ
3694 5808 3851 5878 quo;
3891 5827 3962 5861 ut.

2539 5874 2582 5905 °°
2606 5873 2753 5927 Edtl.
2794 5872 3020 5927 ἐνώπιον
3046 5874 3233 5929 αὑτοῦ.
