4286 6444
317 405 425 468 385

1153 409 1558 470 EXPOSITIO
1601 411 1681 471 IN
1716 411 1955 470 EPIST;
1996 412 2094 472 A0
2127 412 2314 472 ROM.
2357 439 2424 450 -
2461 417 2622 478 CAP.
2663 417 2777 477 IlI.

3475 422 3578 486 386

320 535 428 582 σιν,
459 517 542 570 ὅτι
577 535 595 568 t
633 517 775 571 Ὀσα
814 519 842 570 ό
865 518 1027 588 νόμος
1062 518 1233 587 λέγει,
1268 523 1380 584 τοῖς
1427 521 1486 573 έν
1520 521 1597 590 τῷ
1629 523 1777 592 νόμῳ
1811 521 1907 573 λα-
1939 527 1981 579 Α

1889 551 1907 561 -
1939 527 1981 579 Α
2012 539 2117 575 non
2153 525 2442 588 pertinent,
2477 527 2552 578 ait
2582 545 2594 579 :
2629 544 2647 577 ε
2694 529 3041 597 Qntecunque
3079 529 3159 582 les
3203 529 3463 599 loquitur,
3514 535 3581 588 iis

319 611 422 664 λετ.
458 629 478 661 ι
511 610 645 663 Ποία
669 610 778 680 γάρ
803 610 1016 681 ἀνάγκη
1039 652 1053 674 ,
1085 612 1218 682 φησὶ
1236 648 1253 673 ,
1284 612 1377 666 τὸν
1405 613 1536 682 ὑμῖν
1566 613 1787 666 δοθέντα
1819 615 1904 666 νό-

322 719 461 772 μον,
505 703 712 773 έτέροις
763 703 976 768 λαλετν;
1032 704 1217 774 Νόμον
1265 704 1323 759 δε
1360 704 1546 773 λέγει,
1577 707 1758 758 πᾶσαν
1806 706 1903 776 τὴν

320 796 587 859 Παλαιὰν,
619 795 682 848 ού
729 796 892 864 μόνον
933 797 976 829 ³⁸
1002 797 1073 850 τά
1105 797 1378 852 Μωσαῖκά
1397 814 1412 828 ο
1471 797 1658 867 ὥσπερ
1690 795 1781 852 οὖν
1812 801 1904 852 καὶ

317 887 417 942 νῦν
475 891 544 942 τά
586 891 678 942 τοῦ
724 874 972 952 Ἡσαΐου,
1025 891 1216 944 καὶτὰ
1262 890 1372 945 τῶν
1417 891 1686 961 Ψαλμῶν,
1740 893 1903 962 νόμον

318 981 592 1050 ὠνόμασε.
628 981 702 1033 Τὸ
722 981 798 1045 δι,
853 1000 872 1033 ε
898 981 1024 1035 ⁴Ὶνα
1052 983 1161 1035 πᾶν
1210 982 1385 1051 στόμα
1418 986 1628 1054 φραγῇ,
1673 1004 1689 1033 ι
1733 985 1899 1036 ὲνδείο

320 1089 514 1124 κνυται
546 1073 646 1141 τὴν
678 1072 1236 1146 μγαλορῤημοσύνην
1270 1074 1314 1106 ⁸⁸
1349 1074 1459 1128 τῶν
1495 1075 1780 1141 Ἰουδαίων,
1810 1078 1903 1129 καὶ

319 1161 422 1232 τὴν
450 1164 831 1220 ἀνυπόστατον
892 1165 1076 1237 ῥύμην
1111 1167 1215 1237 τῆς
1241 1167 1492 1240 γλώσσης
1533 1169 1732 1224 αὐτῶν.
1785 1172 1901 1224 Ἐν-

321 1258 525 1326 εφραξε
557 1258 687 1328 γοῦν
735 1261 946 1332 ταύτην
974 1263 1001 1315 ὁ
1036 1264 1323 1335 προφήτης
1355 1261 1545 1334 ὥσπερ
1594 1264 1772 1333 ῥεῦμα
1803 1282 1902 1331 φε-

322 1354 560 1425 ρομένην
595 1354 660 1410 ⁸³.
703 1352 781 1409 Οὐ
813 1353 974 1408 τοῦτο
1002 1354 1060 1409 δέ
1089 1354 1260 1424 λέγει,
1292 1357 1375 1409 ὅτι
1405 1354 1506 1408 Διὰ
1533 1354 1689 1409 τοῦτο
1719 1357 1832 1427 ἧμα
1844 1374 1904 1425 ρ-

318 1463 434 1511 τον,
469 1447 557 1500 ἱνα
589 1452 772 1520 φραγῇ
817 1448 997 1502 αὐτῶν
1034 1450 1096 1502 τδ
1135 1450 1331 1519 στόμα,
1353 1449 1470 1504 ἀλλ’
1517 1451 1598 1502 ὅτι
1625 1451 1714 1503 διὰ
1746 1451 1904 1502 τοῦτο

320 1535 670 1607 ὴλέγχθησαν
702 1538 809 1590 ὑπὸ
857 1537 966 1590 τῶν
1011 1537 1336 1608 προφητῶν,
1397 1538 1485 1590 ἵνα
1532 1536 1609 1606 μὴ
1634 1537 1904 1598 ἁγνοῶσιν

325 1629 754 1698 ἁμαρτάνοντες,
791 1631 893 1682 καὶ
925 1630 1252 1699 καυχῶνται.
1298 1631 1374 1684 Οὐ
1408 1631 1559 1700 μόνοι
1587 1629 1644 1682 δὲ
1684 1629 1736 1682 οἱ
1778 1629 1905 1681 Ἰου-

325 1721 487 1785 δαῖοι,
516 1723 652 1775 ἀλλὰ
691 1723 786 1775 καὶ
821 1740 840 1774 ι
875 1723 984 1785 πᾶς
1006 1725 1034 1776 ό
1067 1723 1270 1793 κόσμος
1295 1723 1547 1785 ὑπόδικος
1568 1721 1793 1791 γένηται
1823 1722 1902 1792 τῷ

323 1811 468 1880 Θεῷ,
503 1833 523 1864 ι
555 1798 830 1878 τουτέστι,
862 1815 1214 1886 κατάκριτος,
1241 1813 1711 1887 ἀπαρρησίαστος,
1742 1815 1816 1883 μὴ
1840 1816 1902 1867 ἐκ

321 1901 433 1954 τῶν
462 1903 681 1956 οἰκείων
725 1905 907 1973 ἔργων
942 1907 1326 1976 δικαιούμενος
1346 1945 1360 1969 ,

325 1992 579 2061 βοηθείας
602 1997 886 2066 δεόμενος,
917 1999 1085 2070 ἡγουν
1136 1999 1234 2068 τῆς
1262 1999 1488 2068 χάριτος
1517 2000 1612 2050 τοῦ
1640 1998 1898 2068 Χριστοῦ.

328 2088 512 2152 Ὥστε,
553 2088 794 2153 Ἰουδαϊε,
843 2089 897 2142 τί
921 2092 1102 2160 καυχᾷ
1130 2092 1187 2144 έν
1220 2089 1298 2160 τῷ
1326 2090 1499 2160 νόμῳ,
1524 2091 1658 2143 ὅπου
1685 2107 1748 2157 γε
1785 2091 1904 2142 ἐμπί-

327 2190 424 2247 σης
451 2180 528 2248 τῷ
555 2180 726 2251 λοιπῷ
748 2181 938 2254 κόσμῳ
965 2183 1220 2248 ὑπόδικος
1246 2178 1318 2250 εῐ,
1336 2183 1396 2249 ἐξ
1431 2183 1609 2254 ἔργων
1629 2184 1794 2255 νόμου
1827 2185 1902 2256 μὴ

323 2273 728 2344 δικαιούμενος;

394 2475 414 2506 r
437 2456 536 2509 Διὰ
570 2455 676 2528 γὰρ
696 2459 884 2527 νόμου,
915 2459 1209 2525 ἐπίγνωσις
1234 2461 1335 2531 τῆς
1359 2463 1653 2534 ἁμαρτίας.
1690 2466 1827 2519 Νυνὶ
1848 2466 1903 2519 δὲ

326 2549 497 2619 χωρὶς
528 2550 695 2619 νόμου
745 2550 1063 2623 δικαιοσύνη
1086 2555 1223 2608 Θεοῦ
1251 2557 1658 2628 πεφανέρωται,
1696 2576 1906 2628 μαρτυο

328 2644 566 2714 ρουμένη
585 2644 686 2699 ὑπὸ
715 2644 809 2699 τοῦ
840 2647 1004 2718 νόμου
1023 2649 1119 2702 καὶ
1144 2647 1255 2702 τῶν
1278 2649 1593 2720 προφητῶν.
1630 2667 1649 2702 ι
1681 2652 1744 2706 El
1774 2670 1906 2707 καυο

327 2738 490 2806 χᾶσαι
510 2738 616 2805 ",6
640 2738 912 2805 Ἰουδαῖος,
937 2742 1031 2795 επὶ
1050 2741 1128 2812 τῷ
1153 2745 1324 2812 νόμῳ,
1354 2742 1526 2812 γνῶθι
1548 2745 1631 2800 δτι
1660 2747 1904 2816 μείζονάς

328 2848 412 2884 σοι
447 2831 721 2897 κολάσεως
767 2835 939 2899 αττιος
981 2828 1157 2899 οὗτος.
1197 2837 1492 2908 Ἐγνὼρισε
1537 2843 1647 2910 γάρ
1688 2859 1770 2895 σοι
1807 2844 1905 2913 τὴν

329 2925 602 2995 ἁμαρτίαν
623 2943 635 2957 ·
667 2928 726 2980 έν
751 2927 950 2996 γνώσει
969 2927 1026 2982 δὲ
1053 2929 1354 3000 ἁμαρτόντι
1380 2933 1582 3002 μείζων
1601 2945 1633 3005 η
1655 2935 1902 2999 κόλασις.

332 3016 480 3086 ιιλὴν
519 3019 668 3089 παρὰ
703 3019 804 3091 τὴν
833 3022 932 3091 σὴν
959 3021 1232 3092 ρᾳθυμίαν
1256 3022 1413 3078 τοῦτο
1437 3028 1659 3098 συνέῦη.
1691 3029 1780 3100 Μὴ
1810 3049 1908 3099 φυ-

330 3110 445 3173 γὼν
471 3112 576 3177 γὰρ
616 3112 714 3180 τὴν
757 3115 1154 3185 γνωρισθεῐσάν
1217 3132 1298 3168 σοι
1358 3117 1654 3189 άμαρτιαν,
1706 3123 1905 3191 μᾶλλον

330 3200 630 3254 ἐπεσπάσω
659 3201 758 3272 τὴν
801 3202 1051 3258 κόλασιν.
1113 3201 1243 3266 ῐιῶς
1262 3203 1358 3258 οὖν
1391 3205 1757 3279 ἀπαλλαγήσῃ
1804 3209 1903 3278 τῆς
1933 3233 1975 3291 C

337 3293 612 3356 κολάσεως
638 3312 657 3361 ς
686 3294 810 3348 Ἐάν
837 3295 1106 3366 προσδέξῃ
1127 3295 1225 3367 τὴν
1260 3297 1609 3367 δικαιοσύνην
1629 3299 1722 3352 τοῦ
1749 3300 1907 3369 Θεοῦ,

330 3387 434 3457 ,ἢν
459 3387 625 3456 χωρὶς
653 3385 842 3456 νόμου.
872 3391 1082 3440 Δικαιοῖ
1105 3391 1212 3458 γάρ
1237 3389 1386 3458 ἡμᾶς
1422 3390 1455 3443 ὁ
1484 3389 1654 3456 Θεδςρο
1692 3394 1796 3446 κᾶν
1837 3395 1911 3466 μὴ

334 3482 472 3548 ἔργα
501 3479 714 3549 ἔχωμεν
735 3494 750 3508 ο
775 3478 908 3542 Θεδς
929 3479 1038 3549 γάρ
1062 3479 1180 3532 έστι
1213 3479 1392 3533 πάντα
1443 3479 1757 3552 δυνάμενος.
1796 3485 1911 3539 Ka-

335 3571 443 3633 Pii;
465 3571 522 3625 δὲ
548 3567 672 3624 εἷπε
688 3573 769 3636 τὸ,
799 3571 1274 3644 ιΠεφανέρωταῳ
1299 3573 1385 3626 ἵνα
1405 3573 1551 3645 δείξῃ
1575 3576 1658 3628 ὅτι
1681 3577 1912 3648 ἐκέκρυ-

335 3682 440 3717 mo
477 3663 644 3717 πάλαι
675 3665 720 3697 ⁸⁸
747 3663 904 3718 οὖσα.
937 3665 1049 3719 Καὶ
1080 3664 1168 3718 διὰ
1186 3664 1278 3718 τοῦ
1308 3667 1503 3719 εἰπεῖν’
1540 3685 1560 3719 ι
1589 3668 1911 3739 Μαρτυρουο

342 3759 476 3828 μένη
517 3759 622 3812 ὑπὸ
651 3756 747 3811 τοῦ
787 3761 956 3828 νόμου
986 3757 1080 3812 καὶ
1110 3756 1221 3812 τῶν
1253 3759 1573 3829 προφητῶν,
1614 3778 1634 3812 ι
1667 3760 1731 3814 τὸ
1776 3763 1910 3816 αὐτὸ

337 3850 507 3920 δηλοῖ,
539 3851 619 3903 δτι
642 3851 703 3904 οὐ
727 3848 1040 3920 πρόσφατός
1064 3850 1236 3915 έστιν,
1275 3850 1413 3905 ἀλλά
1445 3853 1542 3906 καὶ
1570 3854 1600 3906 ό
1627 3854 1789 3923 νόμος
1815 3853 1913 3909 τοῦ

338 3945 600 4010 Μωσέως,
636 3945 732 3997 καὶ
766 3944 816 3997 οι
832 3943 1110 4014 προφῆται
1137 3946 1269 4016 περὶ
1297 3945 1502 4013 ταύτης
1529 3944 1745 4014 ελεγον·
1773 3945 1912 4000 ὥστε

341 4037 434 4088 καὶ
465 4035 590 4100 ἀξία
622 4037 739 4088 ἐστὶ
763 4037 1189 4110 παραδεχθῆναι.
1215 4037 1277 4091 El
1304 4039 1415 4109 γὰρ
1442 4039 1537 4092 καὶ
1560 4040 1725 4110 χωρὶς
1748 4040 1910 4108 νόμου

340 4128 511 4191 ἐστὶν,
560 4126 677 4181 ἀλλ’
701 4129 851 4197 ὅμως
901 4130 997 4183 καὶ
1048 4129 1200 4201 αὑτῷ
1239 4130 1318 4200 τῷ
1364 4130 1609 4201 “sum
1632 4131 1703 4185 δι’
1744 4132 1911 4202 αὐτῆς

337 4218 686 4275 δικαιοῦσθαι
713 4222 956 4292 αρέσκει.

420 4417 442 4453 ε
470 4401 793 4470 Δικαιοσύνη
821 4401 878 4454 δέ
906 4400 1066 4466 Θεοῦ,
1088 4401 1178 4459 διὰ
1198 4401 1430 4464 πίστεως
1459 4398 1631 4469 Ἰησοῦ
1652 4399 1909 4470 Χριστοῦ,

343 4493 421 4553 εἰς
449 4491 654 4552 πάντας
677 4493 768 4543 καὶ
797 4493 890 4543 έπὶ
911 4491 1114 4554 πάντας
1143 4492 1266 4553 τοὺς
1293 4489 1646 4554 πιστεύοντας
1668 4505 1684 4520 ⁸
1715 4491 1776 4543 οὑ
1805 4491 1912 4561 γὰρ

2005 615 2094 684 qui
2126 617 2177 668 in
2203 617 2474 685 legesunt
2514 619 2778 684 ioqttitttt.
2814 639 2832 671 ι
2889 620 3020 675 Nam
3052 635 3171 690 qua
3223 623 3320 676 ista
3364 635 3450 678 est
3484 640 3582 679 ne-

2003 709 2250 769 cessitas,
2285 717 2343 761 ttt
2370 724 2491 774 quae
2521 712 2672 762 vobis
2703 711 2898 764 tradita
2956 723 3037 766 est
3093 713 3201 776 les,
3238 713 3359 768 aliis
3415 716 3579 770 verba

2005 801 2185 854 facere
2262 801 2583 866 iudicetur?
2623 802 2819 871 Legem
2875 815 3055 857 autem
3123 804 3356 872 appellat
3407 815 3576 861 totum

2007 889 2172 944 Vetus
2198 890 2630 954 'l‘estamontum,
2678 911 2779 944 nun
2818 893 3278 961 solumMosaica,
3313 899 3578 966 quemad-

2004 983 2224 1036 modum
2287 994 2340 1037 et
2407 1001 2550 1036 nunc
2602 985 2752 1037 lsaite
2816 985 3266 1056 i’szilmoruntque
3320 991 3578 1044 vaticinia

2004 1077 2173 1146 legem
2236 1077 2551 1131 nominavit.
2610 1079 2763 1141 Quod
2796 1095 2923 1132 vero
2966 1083 3064 1143 ait,
3127 1101 3144 1132 ι
3209 1080 3276 1136 Ut
3308 1097 3467 1138 omne
3512 1099 3578 1139 os

2004 1169 2336 1231 obstruatur,
2371 1188 2388 1220 ι
2417 1185 2512 1236 per
2536 1171 2963 1227 itchttdtrorum
2990 1177 3312 1243 jactantiam
3349 1179 3581 1245 indicat,

2005 1260 2506 1322 ititulerabilemque
2562 1268 2759 1330 imgine
2816 1265 3051 1331 ipsorum
3124 1267 3410 1334 impetum.
3471 1267 3583 1322 Ob-

2004 1355 2202 1407 struxit
2229 1355 2392 1422 igitur
2429 1361 2567 1410 hanc
2611 1359 2788 1411 amnis
2815 1359 2988 1411 instar
3038 1360 3421 1416 decurrentem
3456 1377 3583 1430 pro-

2004 1441 2188 1509 pheta.
2233 1442 2345 1494 Nou
2384 1453 2560 1494 autem
2596 1447 2696 1500 hoc
2721 1446 2870 1509 dicit,
2904 1448 3046 1514 quod
3075 1462 3357 1517 propterea
3391 1467 3584 1518 pecca.

2005 1534 2274 1594 verint,ut
2295 1552 2354 1587 os
2375 1553 2616 1595 ipsorum
2650 1538 2967 1592 obstruatur
2993 1555 3006 1590 :
3035 1556 3227 1596 verum
3259 1545 3404 1612 quod
3424 1559 3485 1596 ea
3516 1543 3583 1599 de

2003 1639 2164 1678 causa
2199 1640 2226 1676 a
2255 1635 2532 1693 pwphetts
2577 1633 2889 1691 reprehensi
2916 1634 3140 1696 iuerint,
3167 1650 3236 1688 ne
3268 1637 3581 1703 ignorantes

2003 1727 2224 1784 peccata
2261 1734 2355 1770 sua
2392 1741 2508 1773 sese
2557 1721 2811 1785 jztctitcut
2864 1735 2918 1776 et
2961 1725 3278 1793 glorientur.
3313 1730 3491 1796 Atque
3527 1741 3582 1783 ut

2005 1820 2111 1862 non
2143 1809 2239 1862 soli
2264 1811 2453 1873 Judaai,
2486 1828 2667 1866 veruttt
2695 1824 2748 1868 et
2780 1833 2797 1865 ι
2854 1816 3139 1870 universus
3195 1819 3426 1872 mundus
3463 1823 3583 1871 red-

1417 1906 1556 1961 άλλά
1585 1907 1686 1976 τῆς
1716 1906 1904 1975 ἑτέρου
1939 1893 1978 1947 Β
2009 1902 2168 1956 datur
2195 1903 2301 1957 Deo
2323 1908 2617 1969 obnoxius,
2655 1925 2672 1958 ι
2717 1907 2768 1961 id
2791 1917 2895 1970 est,
2927 1911 3109 1962 condet

1883 1923 1904 1957 δ
1939 1893 1978 1947 Β
2009 1902 2168 1956 datur
2195 1903 2301 1957 Deo
2323 1908 2617 1969 obnoxius,
2655 1925 2672 1958 ι
2717 1907 2768 1961 id
2791 1917 2895 1970 est,
2927 1911 3338 1973 condemnatus,
3379 1912 3575 1965 lltlucia

2007 2007 2058 2048 et
2093 1995 2338 2048 libertate
2363 2011 2580 2057 vacans,
2614 2008 2669 2050 ut
2693 2000 2785 2065 qui
2815 2015 2916 2050 non
2950 2015 3014 2053 ex
3060 2006 3297 2069 propriis
3325 2006 3580 2071 operibus

2002 2084 2350 2150 justilicetur.
2404 2103 2496 2141 seu
2563 2089 2785 2144 alterius
2839 2106 2940 2159 ope
3002 2091 3271 2162 indigeat,
3325 2096 3578 2148 nimirum

2005 2175 2206 2229 Christi
2239 2175 2360 2230 Jcsu
2391 2180 2586 2242 gratia.
2609 2177 2817 2246 Itaque.
2848 2181 3052 2247 Judtee,
3083 2186 3345 2252 quidnam
3383 2186 3432 2237 in
3467 2187 3581 2254 lege

2004 2268 2272 2334 gloriaris.
2305 2287 2426 2324 cum
2452 2287 2606 2339 teque
2634 2290 2701 2328 ne
2738 2276 2980 2343 reliquus
3003 2281 3233 2334 mundus
3278 2293 3400 2335 rens
3438 2282 3554 2335 essi

2005 2370 2137 2417 stas.
2169 2369 2353 2428 utpote
2373 2379 2438 2418 es
2477 2366 2734 2431 operibus
2767 2371 2902 2435 legis
2935 2370 3074 2424 haud
3098 2370 3470 2440 jttstilicntns?

2082 2452 2240 2509 Vens.
2272 2456 2458 2511 20-2l.
2499 2477 2517 2510 ι
2560 2457 2664 2514 Per
2698 2460 2868 2528 legent
2899 2464 3045 2517 enim
3079 2451 3314 2533 cognitio
3343 2470 3575 2538 peccati.

2005 2547 2159 2603 Nunc
2208 2560 2388 2605 autem
2424 2552 2541 2606 sine
2575 2552 2690 2621 lege
2711 2555 2922 2622 justitia
2961 2554 3054 2610 Dei
3081 2558 3426 2615 manilestata
3470 2570 3578 2625 est,

2008 2642 2290 2698 testificata
2326 2658 2353 2696 a
2390 2644 2504 2715 lege
2525 2655 2580 2700 et
2610 2649 2906 2714 prophetis.
2946 2667 2967 2702 ι
2998 2648 3054 2704 Si
3085 2651 3334 2721 gloriaris
3359 2653 3412 2709 in
3440 2654 3579 2727 lege,

2008 2746 2084 2799 tu,
2117 2738 2210 2808 qui
2241 2736 2459 2793 λύσει-οε
2498 2753 2580 2802 es,
2620 2741 2838 2797 noveris
2868 2741 3027 2796 istam
3067 2744 3162 2798 tibi
3199 2747 3421 2812 majoris
3448 2763 3580 2814 sup-

2007 2826 2151 2892 plicii
2184 2841 2402 2880 causam
2456 2843 2600 2882 esse.
2642 2826 2771 2882 ham
2829 2843 3109 2896 peccatum
3160 2835 3255 2890 tibi
3308 2849 3583 2908 cognitum

2008 2918 2259 2972 reddidit.
2293 2919 2411 2972 Jam
2440 2921 2676 2975 scienter
2698 2925 2968 2989 peceanti,
3010 2926 3184 2994 major
3217 2942 3372 2996 pinna
3408 2931 3586 2986 inuui-

2009 3021 2116 3064 net.
2151 3012 2312 3080 Atqui
2340 3027 2434 3078 per
2473 3012 2742 3082 ignaviam
2778 3025 2921 3069 tuam
2959 3016 3060 3072 hoc
3085 3020 3332 3090 contigit.
3369 3021 3581 3079 Etenim

2008 3120 2129 3158 cum
2164 3119 2266 3156 nnu
2303 3105 2659 3162 declinaveris
2695 3109 2846 3176 quod
2877 3109 3113 3165 innotuit
3144 3113 3238 3167 tibi
3275 3125 3583 3184 peccaturo,

2009 3195 2326 3263 supplicium
2380 3196 2474 3250 tibi
2515 3197 2690 3266 majus
2744 3200 3072 3255 conciliasti.
3137 3199 3448 3273 Ecquanam
3490 3218 3579 3260 ra-

2016 3289 2158 3342 tione
2182 3303 2211 3341 a
2240 3303 2394 3358 potita
2428 3289 2732 3343 istiusmodi
2759 3290 3078 3349 liberaheris
3106 3293 3130 3346 ?
3165 3291 3222 3349 Si
3267 3296 3584 3364 complexus

2015 3380 2186 3435 lucris
2205 3380 2470 3447 justitiam
2506 3382 2623 3446 Dei,
2648 3397 2772 3451 qua:
2798 3385 2917 3439 sine
2950 3384 3064 3455 lege
3097 3395 3198 3441 est.
3232 3383 3415 3443 Justus
3436 3387 3584 3444 enim

2015 3488 2113 3528 nos
2151 3475 2292 3528 Deus
2322 3473 2506 3537 cilicii,
2537 3474 2754 3529 etiamsi
2788 3490 2952 3546 opera
3001 3478 3156 3534 nobis
3200 3478 3380 3534 desint
3409 3497 3424 3534 :
3454 3494 3582 3536 nam

2015 3567 2155 3621 Deus
2182 3579 2355 3636 patest
2383 3572 2582 3621 omnia.
2610 3567 2755 3623 Belle
2781 3578 2961 3623 autem
2990 3568 3168 3624 dixit:
3201 3586 3220 3621 ι
3242 3568 3584 3627 Manifestata

2012 3668 2116 3721 est,
2160 3677 2177 3710 ι
2214 3671 2273 3712 ut
2309 3671 2639 3714 monstraret
2678 3675 2796 3715 eam
2842 3660 2956 3729 iant
2991 3659 3119 3716 olim
3159 3661 3452 3729 exstitisse,
3489 3666 3586 3720 sed

2014 3752 2406 3807 absconditam.
2439 3751 2744 3816 Quinetiam
2781 3766 2904 3807 cum
2929 3751 3137 3822 adjicit,
3167 3769 3187 3804 ι
3223 3752 3586 3824 Cotnproltata

2014 3857 2043 3896 a
2074 3842 2190 3909 lege
2210 3853 2261 3896 et
2296 3844 2594 3911 prophetis,
2628 3861 2646 3895 ι
2679 3842 2819 3899 idem
2844 3843 3080 3900 indicat:
3110 3858 3217 3900 aon
3245 3859 3441 3902 novam
3467 3861 3589 3903 esse

2010 3933 2300 4003 justitiam,
2361 3935 2454 3990 sed
2517 3949 2637 3989 cum
2689 3937 2860 4006 legem
2916 3935 3226 4002 Ionium.
3279 3947 3396 3994 tum
3453 3952 3585 4009 pro-

2014 4027 2204 4096 phetas
2237 4028 2304 4082 de
2338 4027 2440 4082 hac
2475 4027 2669 4083 iecisse
2704 4031 2867 4084 verba
2909 4046 2923 4084 :
2959 4032 3187 4100 proinde
3215 4030 3434 4102 dignam
3459 4047 3582 4089 esse

2013 4133 2133 4186 qua:
2158 4117 2485 4186 suscipiatur
2509 4134 2536 4181 δ
2582 4121 2795 4175 etiamsi
2849 4119 2995 4176 enim
3036 4122 3158 4176 sine
3208 4122 3325 4192 lege
3352 4123 3449 4187 sit,
3480 4123 3588 4194 legi

2017 4216 2194 4262 tamen
2228 4221 2525 4263 consonum
2554 4221 2694 4272 esse,
2730 4220 2787 4262 ut
2811 4223 2908 4278 per
2928 4222 3047 4266 eam
3066 4208 3335 4279 justitiam
3378 4224 3479 4267 nos
3502 4212 3587 4281 ju-

2013 4298 2335 4355 stiticcmur.

2093 4394 2251 4449 τελε.
2283 4391 2477 4448 τιτι.
2521 4411 2540 4445 ι
2575 4389 2790 4449 Justitia
2816 4400 2996 4448 autem
3024 4390 3120 4449 Dei
3148 4407 3243 4464 per
3276 4392 3434 4450 iidem
3461 4393 3592 4450 Iesu

2014 4485 2216 4542 Christi
2259 4489 2310 4540 in
2343 4501 2533 4541 omnes
2551 4495 2607 4540 et
2635 4500 2800 4554 super
2839 4500 3027 4541 omnes
3047 4487 3141 4557 qui
3171 4485 3401 4542 credunt
3428 4503 3442 4542 :
3477 4502 3584 4542 non

343 4589 458 4636 εστι
487 4583 765 4653 διαστολή.
816 4583 1023 4644 Πάντες
1053 4583 1162 4652 γάρ
1193 4582 1461 4652 ἥμαρτον,
1503 4582 1598 4635 καὶ
1627 4581 1916 4652 ὑστεροῦνο
1949 4577 2035 4637 Β(

1897 4610 1916 4622 .
1949 4577 1995 4637 D
2019 4576 2163 4631 enim
2215 4586 2300 4630 est
2345 4575 2649 4631 distinctio.
2677 4576 2879 4630 Omnes
2923 4577 3070 4630 enim
3109 4588 3496 4645 peccaverunt.
3535 4587 3589 4634 et

342 4693 432 4728 ται
452 4676 549 4741 τῆς
575 4674 735 4745 δόξης
761 4672 859 4727 τοῦ
886 4673 1041 4728 Θεοῦ.
1081 4672 1461 4743 Δικαιούμενοι
1489 4673 1698 4742 δωρεὰν
1731 4677 1796 4743 τῇ
1823 4674 1917 4725 αὑ-

343 4767 438 4822 τοῦ
469 4767 676 4839 χάριτι,
710 4766 799 4820 διὰ
841 4767 941 4835 τῆς
979 4764 1410 4837 ἀπολυτρώσεως
1460 4764 1559 4832 τῆς
1603 4765 1662 4818 έν
1694 4764 1917 4834 Χριστῷ

2017 4679 2176 4738 egent
2217 4669 2386 4738 gloria
2421 4668 2538 4722 Dei.
2582 4665 2871 4722 Justilicati
2916 4669 3084 4735 gratis
3119 4683 3218 4738 per
3249 4670 3480 4733 gratiam
3512 4671 3595 4737 ip-

2018 4765 2151 4827 sius,
2183 4777 2280 4830 per
2312 4760 2739 4829 redemptionem
2764 4775 2884 4829 qua
2913 4770 2997 4814 est
3024 4761 3077 4815 in
3117 4760 3338 4816 Christo
3376 4759 3525 4817 Iesu.
3561 4779 3585 4815 ι

356 4860 553 4931 Ἰησοῦ.
580 4880 600 4913 ι
652 4859 716 4914 Ἦ
740 4857 1052 4929 δικαιοσύνη
1077 4857 1137 4911 δδ
1177 4857 1339 4927 αῦτη,
1375 4859 1528 4927 φησι,
1560 4857 1858 4921 τουτέστιν,
1885 4858 1921 4927 η
2027 4872 2046 4907 ι

1898 4858 1921 4927 Ιι
2027 4872 2046 4907 ι
2080 4853 2320 4919 Justitia,
2353 4871 2374 4906 ι
2404 4853 2598 4922 inquit,
2621 4853 2748 4914 ista.
2769 4851 2871 4907 hoc
2897 4851 3333 4921 est,justilicatio
3361 4867 3466 4923 qua
3493 4866 3590 4908 nos

345 4954 648 5019 δικαίωσις,
681 4953 748 5022 ἦν
774 4952 974 5007 δικαιοῖ
1018 4952 1165 5021 ἡμᾶς
1191 4950 1220 5002 ό
1243 4949 1400 5016 Θεὸς,
1423 4950 1643 5021 ἔρχεται
1671 4950 1751 5013 εις
1784 4949 1920 5002 πάν-

345 5064 444 5109 τας
478 5046 566 5099 διά
622 5046 894 5108 πίστεως·
940 5043 1285 5112 εἰσφέροντες
1314 5043 1424 5112 γάρ
1463 5045 1562 5112 τὴν
1601 5042 1804 5107 πίστιν,
1839 5040 1917 5093 δι-

347 5139 656 5211 καιούμεθα
689 5143 912 5202 πάντες,
950 5138 1043 5192 καὶ
1097 5137 1335 5190 Ἰουδαῖοι
1367 5137 1459 5188 καὶ
1487 5134 1765 5202 Ἕλληνες.
1799 5151 1818 5183 ι
1842 5133 1916 5185 Ού

347 5235 457 5306 γάρ
485 5235 601 5286 ἐστι
624 5233 932 5300 διαστολή.»
954 5230 1088 5285 υὺδὶ
1111 5229 1303 5300 ἐπειδὴ
1332 5229 1496 5298 νόμον
1520 5227 1713 5281 ἔλασεν
1742 5229 1770 5279 ό
1787 5227 1917 5278 ἰου-

347 5332 517 5391 διῑος,
544 5329 881 5397 προτιμᾶται
930 5323 1026 5376 τοῦ
1053 5323 1332 5393 Ἕλληνος.
1370 5322 1623 5390 Ἥμαρτε
1663 5320 1773 5388 γάρ
1825 5320 1919 5370 καὶ

349 5423 534 5487 αὐτὸς,
564 5422 661 5475 am
707 5420 859 5489 παρὰ
893 5416 989 5471 τοῦ
1018 5417 1184 5487 νόμου
1218 5416 1315 5486 τὴν
1358 5414 1557 5482 γνῶσιν
1611 5413 1780 5481 μόνην
1821 5410 1918 5478 τῆς

347 5514 623 5584 ἁμαρτιας
654 5513 816 5582 ἔχων,
840 5513 960 5581 οὐχὶ
991 5512 1082 5564 καὶ
1108 5511 1207 5580 τὴν
1228 5507 1536 5576 ἀποφυγήν.
1565 5505 1697 5559 Εξδὲ
1729 5505 1822 5557 καὶ
1843 5504 1918 5573 μὴ

349 5616 600 5680 ἦμαρτεν
630 5607 802 5670 οὕτως
833 5607 908 5670 ὡς
930 5608 957 5658 ό
982 5605 1201 5675 Ἕλλην,
1233 5603 1369 5658 ἀλλά
1395 5601 1492 5669 τῆς
1519 5600 1675 5669 δόξης
1718 5597 1918 5666 ὁμοίως

2016 4946 2335 5017 justilicavit
2371 4943 2533 5010 Deus,
2562 4945 2712 5000 venit
2740 4945 2791 4999 in
2830 4958 3023 5000 omnes
3075 4958 3171 5014 per
3215 4944 3402 5000 Iidem.—
3447 4944 3595 4999 All'e-v

2027 5051 2210 5095 rentes
2237 5040 2380 5093 cnim
2412 5037 2598 5100 ﬁdem,
2622 5036 3008 5104 jnstiiieamur,
3053 5051 3074 5087 ι
3111 5050 3329 5102 omnes,
3361 5050 3384 5086 ι
3418 5033 3594 5091 Judci

2024 5144 2080 5188 et
2106 5131 2302 5187 Graeci.
2343 5149 2362 5182 ι
2409 5129 2526 5184 Non
2552 5133 2696 5185 enim
2722 5138 2805 5184 est
2853 5128 3152 5184 distinctio.
3186 5145 3207 5180 ι
3232 5127 3416 5198 Neque
3450 5130 3596 5198 quod

2026 5226 2197 5294 legem
2240 5224 2511 5290 acceperit
2544 5221 2788 5286 Iudaeus,
2843 5231 3125 5290 propterea
3171 5218 3458 5291 prafertur
3484 5217 3597 5290 29

2025 5316 2234 5371 Graeco.
2296 5314 2575 5382 Siquidem
2620 5324 2674 5366 et
2724 5313 2838 5379 ipse
2882 5312 3134 5381 deliquit,
3177 5311 3377 5382 quippe
3421 5311 3512 5379 qui
3562 5325 3594 5366 α

2028 5411 2143 5481 lege
2213 5410 2380 5463 solam
2450 5407 2655 5475 peccati
2726 5406 3091 5477 cognitionem
3147 5402 3439 5472 acceperit,
3489 5417 3594 5457 non

2028 5506 2190 5559 etiam
2215 5502 2420 5574 peccati
2447 5503 2646 5571 lugam.
2688 5497 2846 5565 Quod
2878 5499 2923 5555 si
2953 5512 3056 5554 non
3095 5499 3229 5554 adeo
3258 5496 3505 5569 peccavit
3538 5503 3596 5547 ut

2025 5596 2271 5662 Graecus,
2317 5595 2485 5667 gloria
2546 5606 2724 5649 tamen
2759 5605 2916 5663 teque
2968 5594 3198 5648 orbatus
3253 5598 3358 5657 est,
3391 5597 3449 5644 ut
3497 5585 3596 5657 qui

1653 5722 1853 5785 Variae
1912 5720 2237 5784 lectiones.

429 5868 471 5899 ³⁸
496 5867 629 5938 μόνα
652 5882 706 5923 o.
782 5869 826 5900 ³¹
858 5864 1342 5939 μεγαλοφροσύνην
1360 5878 1410 5920 o.
1491 5863 1535 5895 ⁸³
1562 5861 2019 5933 ρυμοφερομένην
2041 5874 2095 5916 ο.
2174 5858 2217 5892 ⁸⁸
2239 5858 2289 5912 τί
2306 5872 2359 5913 o.
2439 5855 2486 5889 ⁸³
2513 5852 2717 5910 παλαιὰ
2737 5866 2792 5907 o.
