  <div class='ocr_page' id='page_1' title='image "/cluster/home/n/w/nwhite01/storage/ocr_20150623/124/nnc1.0046979735/220.png"; bbox 0 0 4286 6444; ppageno 0'>
   <div class='ocr_carea' id='block_1_1' title="bbox 323 391 424 455">
    <p class='ocr_par' dir='ltr' id='par_1_1' title="bbox 323 391 424 455">
     <span class='ocr_line' id='line_1_1' title="bbox 323 391 424 455; baseline 0 0"><span class='ocrx_word' id='word_1_1' title='bbox 323 391 424 455; x_wconf 64' lang='lat' dir='ltr'><strong>liii</strong></span> 
     </span>
    </p>
   </div>
   <div class='ocr_carea' id='block_1_2' title="bbox 322 588 1890 657">
    <p class='ocr_par' dir='ltr' id='par_1_2' title="bbox 322 588 1890 657">
     <span class='ocr_line' id='line_1_2' title="bbox 322 588 1890 657; baseline -0.001 -15"><span class='ocrx_word' id='word_1_2' title='bbox 322 589 502 656; x_wconf 68' lang='grc' dir='ltr'>ψεσιν,</span> <span class='ocrx_word' id='word_1_3' title='bbox 537 589 740 651; x_wconf 79' lang='grc' dir='ltr'>εἰδότες</span> <span class='ocrx_word' id='word_1_4' title='bbox 771 589 851 641; x_wconf 82' lang='grc' dir='ltr'><strong>δτι</strong></span> <span class='ocrx_word' id='word_1_5' title='bbox 884 592 916 657; x_wconf 76' lang='grc' dir='ltr'>ἡ</span> <span class='ocrx_word' id='word_1_6' title='bbox 946 589 1123 656; x_wconf 51' lang='lat' dir='ltr'><strong>onst;</strong></span> <span class='ocrx_word' id='word_1_7' title='bbox 1155 589 1431 657; x_wconf 71' lang='grc' dir='ltr'>ὑπομονὴν</span> <span class='ocrx_word' id='word_1_8' title='bbox 1462 588 1890 656; x_wconf 74' lang='grc' dir='ltr'><strong>κατεργάζεται·</strong></span> 
     </span>
    </p>
   </div>
   <div class='ocr_carea' id='block_1_3' title="bbox 325 678 1896 748">
    <p class='ocr_par' dir='ltr' id='par_1_3' title="bbox 325 678 1896 748">
     <span class='ocr_line' id='line_1_3' title="bbox 325 678 1896 748; baseline -0.001 -17"><span class='ocrx_word' id='word_1_9' title='bbox 325 683 356 748; x_wconf 82' lang='grc' dir='ltr'>ἠ</span> <span class='ocrx_word' id='word_1_10' title='bbox 407 680 461 731; x_wconf 80' lang='grc' dir='ltr'>δὲ</span> <span class='ocrx_word' id='word_1_11' title='bbox 519 679 791 747; x_wconf 77' lang='grc' dir='ltr'>ὑπομονὴ,</span> <span class='ocrx_word' id='word_1_12' title='bbox 827 680 1092 748; x_wconf 75' lang='grc' dir='ltr'>δοκιμήν·</span> <span class='ocrx_word' id='word_1_13' title='bbox 1135 680 1167 748; x_wconf 80' lang='grc' dir='ltr'>ἡ</span> <span class='ocrx_word' id='word_1_14' title='bbox 1199 679 1256 730; x_wconf 77' lang='grc' dir='ltr'>δὲ</span> <span class='ocrx_word' id='word_1_15' title='bbox 1285 679 1502 747; x_wconf 81' lang='grc' dir='ltr'><strong>δοκιμὴ,</strong></span> <span class='ocrx_word' id='word_1_16' title='bbox 1533 678 1740 730; x_wconf 82' lang='grc' dir='ltr'>ἐλπίδα·</span> <span class='ocrx_word' id='word_1_17' title='bbox 1778 680 1808 746; x_wconf 76' lang='grc' dir='ltr'>ἡ</span> <span class='ocrx_word' id='word_1_18' title='bbox 1844 678 1896 730; x_wconf 74' lang='grc' dir='ltr'>δὲ</span> 
     </span>
    </p>
   </div>
   <div class='ocr_carea' id='block_1_4' title="bbox 327 769 1897 838">
    <p class='ocr_par' dir='ltr' id='par_1_4' title="bbox 327 769 1897 838">
     <span class='ocr_line' id='line_1_4' title="bbox 327 769 1897 838; baseline -0.001 -17"><span class='ocrx_word' id='word_1_19' title='bbox 327 772 477 832; x_wconf 71' lang='grc' dir='ltr'>ἐλπὶς</span> <span class='ocrx_word' id='word_1_20' title='bbox 517 772 575 823; x_wconf 74' lang='grc' dir='ltr'><strong>οὐ</strong></span> <span class='ocrx_word' id='word_1_21' title='bbox 618 771 988 838; x_wconf 77' lang='grc' dir='ltr'>καταισχύνει.</span> <span class='ocrx_word' id='word_1_22' title='bbox 1041 789 1057 820; x_wconf 83' lang='grc'>›</span> <span class='ocrx_word' id='word_1_23' title='bbox 1101 770 1173 821; x_wconf 76' lang='grc' dir='ltr'><strong>Οὐ</strong></span> <span class='ocrx_word' id='word_1_24' title='bbox 1209 769 1387 838; x_wconf 87' lang='grc' dir='ltr'>μόνον,</span> <span class='ocrx_word' id='word_1_25' title='bbox 1423 769 1610 837; x_wconf 71' lang='grc' dir='ltr'>φησὶν,</span> <span class='ocrx_word' id='word_1_26' title='bbox 1663 771 1755 821; x_wconf 84' lang='grc' dir='ltr'><strong>ἐπί</strong></span> <span class='ocrx_word' id='word_1_27' title='bbox 1787 772 1897 831; x_wconf 81' lang='grc' dir='ltr'>τοῖς</span> 
     </span>
    </p>
   </div>
   <div class='ocr_carea' id='block_1_5' title="bbox 332 860 1898 930">
    <p class='ocr_par' dir='ltr' id='par_1_5' title="bbox 332 860 1898 930">
     <span class='ocr_line' id='line_1_5' title="bbox 332 860 1898 930; baseline 0 -17"><span class='ocrx_word' id='word_1_28' title='bbox 332 863 614 930; x_wconf 75' lang='grc' dir='ltr'>μέλλουσιν</span> <span class='ocrx_word' id='word_1_29' title='bbox 666 862 891 928; x_wconf 81' lang='grc' dir='ltr'>ἀγαθοῖς</span> <span class='ocrx_word' id='word_1_30' title='bbox 945 860 1299 930; x_wconf 80' lang='grc' dir='ltr'>καυχώμεθα,</span> <span class='ocrx_word' id='word_1_31' title='bbox 1353 862 1468 913; x_wconf 80' lang='grc' dir='ltr'>ἀλλ’</span> <span class='ocrx_word' id='word_1_32' title='bbox 1523 861 1659 930; x_wconf 81' lang='grc' dir='ltr'>ὅπερ</span> <span class='ocrx_word' id='word_1_33' title='bbox 1712 861 1898 928; x_wconf 77' lang='grc' dir='ltr'>μεῖζόν</span> 
     </span>
    </p>
   </div>
   <div class='ocr_carea' id='block_1_6' title="bbox 330 950 1898 1023">
    <p class='ocr_par' dir='ltr' id='par_1_6' title="bbox 330 950 1898 1023">
     <span class='ocr_line' id='line_1_6' title="bbox 330 950 1898 1023; baseline 0.002 -21"><span class='ocrx_word' id='word_1_34' title='bbox 330 954 466 1013; x_wconf 84' lang='grc' dir='ltr'>ἐστι,</span> <span class='ocrx_word' id='word_1_35' title='bbox 499 952 592 1002; x_wconf 69' lang='grc' dir='ltr'><strong>καὶ</strong></span> <span class='ocrx_word' id='word_1_36' title='bbox 633 951 725 1001; x_wconf 73' lang='grc' dir='ltr'><strong>ἐπὶ</strong></span> <span class='ocrx_word' id='word_1_37' title='bbox 759 953 872 1014; x_wconf 85' lang='grc' dir='ltr'>ταῖς</span> <span class='ocrx_word' id='word_1_38' title='bbox 906 951 1000 1004; x_wconf 82' lang='grc' dir='ltr'>νῦν</span> <span class='ocrx_word' id='word_1_39' title='bbox 1034 950 1334 1019; x_wconf 70' lang='grc' dir='ltr'><strong>παρούσαις</strong></span> <span class='ocrx_word' id='word_1_40' title='bbox 1369 952 1499 1021; x_wconf 71' lang='grc' dir='ltr'>ἡμῖν</span> <span class='ocrx_word' id='word_1_41' title='bbox 1529 951 1758 1020; x_wconf 73' lang='grc' dir='ltr'>θλίψεσι.</span> <span class='ocrx_word' id='word_1_42' title='bbox 1809 953 1898 1023; x_wconf 81' lang='grc' dir='ltr'><strong>Μὴ</strong></span> 
     </span>
    </p>
   </div>
   <div class='ocr_carea' id='block_1_7' title="bbox 329 1038 1899 1110">
    <p class='ocr_par' dir='ltr' id='par_1_7' title="bbox 329 1038 1899 1110">
     <span class='ocr_line' id='line_1_7' title="bbox 329 1038 1899 1110; baseline 0.001 -19"><span class='ocrx_word' id='word_1_43' title='bbox 329 1038 438 1106; x_wconf 89' lang='grc' dir='ltr'><strong>γάρ</strong></span> <span class='ocrx_word' id='word_1_44' title='bbox 485 1040 844 1109; x_wconf 69' lang='grc' dir='ltr'>θορυϐηθῆτε,</span> <span class='ocrx_word' id='word_1_45' title='bbox 899 1042 1083 1109; x_wconf 69' lang='grc' dir='ltr'>φησὶν,</span> <span class='ocrx_word' id='word_1_46' title='bbox 1131 1043 1211 1092; x_wconf 81' lang='grc' dir='ltr'>ὅτι</span> <span class='ocrx_word' id='word_1_47' title='bbox 1257 1040 1590 1106; x_wconf 72' lang='grc' dir='ltr'>Ολιῦόμεθα·</span> <span class='ocrx_word' id='word_1_48' title='bbox 1624 1042 1754 1095; x_wconf 69' lang='grc' dir='ltr'>αὐτὸ</span> <span class='ocrx_word' id='word_1_49' title='bbox 1792 1043 1899 1110; x_wconf 84' lang='grc' dir='ltr'><strong>γάρ</strong></span> 
     </span>
    </p>
   </div>
   <div class='ocr_carea' id='block_1_8' title="bbox 329 1130 1899 1201">
    <p class='ocr_par' dir='ltr' id='par_1_8' title="bbox 329 1130 1899 1201">
     <span class='ocr_line' id='line_1_8' title="bbox 329 1130 1899 1201; baseline 0.002 -19"><span class='ocrx_word' id='word_1_50' title='bbox 329 1130 487 1182; x_wconf 80' lang='grc' dir='ltr'>τοῦτο</span> <span class='ocrx_word' id='word_1_51' title='bbox 527 1132 788 1201; x_wconf 78' lang='grc' dir='ltr'>καύχημα</span> <span class='ocrx_word' id='word_1_52' title='bbox 819 1132 912 1184; x_wconf 80' lang='grc' dir='ltr'>τοῦ</span> <span class='ocrx_word' id='word_1_53' title='bbox 945 1131 1270 1200; x_wconf 76' lang='grc' dir='ltr'>Χριστιανοῦ</span> <span class='ocrx_word' id='word_1_54' title='bbox 1301 1134 1366 1184; x_wconf 80' lang='grc'><strong>⁷⁸.</strong></span> <span class='ocrx_word' id='word_1_55' title='bbox 1403 1135 1511 1185; x_wconf 74' lang='grc' dir='ltr'>Καὶ</span> <span class='ocrx_word' id='word_1_56' title='bbox 1544 1133 1684 1196; x_wconf 76' lang='grc' dir='ltr'>πῶςς</span> <span class='ocrx_word' id='word_1_57' title='bbox 1714 1135 1834 1185; x_wconf 88' lang='grc' dir='ltr'>’Ότι</span> <span class='ocrx_word' id='word_1_58' title='bbox 1869 1137 1899 1200; x_wconf 77' lang='grc' dir='ltr'>ἡ</span> 
     </span>
    </p>
   </div>
   <div class='ocr_carea' id='block_1_9' title="bbox 331 1223 1900 1296">
    <p class='ocr_par' dir='ltr' id='par_1_9' title="bbox 331 1223 1900 1296">
     <span class='ocr_line' id='line_1_9' title="bbox 331 1223 1900 1296; baseline 0.001 -21"><span class='ocrx_word' id='word_1_59' title='bbox 331 1223 506 1292; x_wconf 64' lang='grc' dir='ltr'>θλίψις</span> <span class='ocrx_word' id='word_1_60' title='bbox 545 1225 821 1293; x_wconf 66' lang='grc' dir='ltr'>ὑπομονὴν</span> <span class='ocrx_word' id='word_1_61' title='bbox 861 1227 1024 1277; x_wconf 87' lang='grc' dir='ltr'>ποιεῖ·</span> <span class='ocrx_word' id='word_1_62' title='bbox 1062 1227 1095 1296; x_wconf 77' lang='grc' dir='ltr'><strong>ἡ</strong></span> <span class='ocrx_word' id='word_1_63' title='bbox 1134 1225 1188 1277; x_wconf 82' lang='grc' dir='ltr'><strong>δὲ</strong></span> <span class='ocrx_word' id='word_1_64' title='bbox 1242 1225 1509 1295; x_wconf 75' lang='grc' dir='ltr'>ὑπομονὴ,</span> <span class='ocrx_word' id='word_1_65' title='bbox 1557 1226 1780 1292; x_wconf 81' lang='grc' dir='ltr'>δόκιμον</span> <span class='ocrx_word' id='word_1_66' title='bbox 1811 1225 1900 1277; x_wconf 81' lang='grc' dir='ltr'><strong>τὸν</strong></span> 
     </span>
    </p>
   </div>
   <div class='ocr_carea' id='block_1_10' title="bbox 335 1316 1902 1388">
    <p class='ocr_par' dir='ltr' id='par_1_10' title="bbox 335 1316 1902 1388">
     <span class='ocr_line' id='line_1_10' title="bbox 335 1316 1902 1388; baseline 0.001 -19"><span class='ocrx_word' id='word_1_67' title='bbox 335 1316 735 1387; x_wconf 78' lang='grc' dir='ltr'>πειραζόμενον</span> <span class='ocrx_word' id='word_1_68' title='bbox 762 1319 807 1347; x_wconf 79' lang='grc'><strong>’³</strong></span> <span class='ocrx_word' id='word_1_69' title='bbox 845 1319 1250 1388; x_wconf 76' lang='grc' dir='ltr'><strong>ἀπεργάζεται·</strong></span> <span class='ocrx_word' id='word_1_70' title='bbox 1277 1318 1495 1388; x_wconf 81' lang='grc' dir='ltr'><strong>δόκιμος</strong></span> <span class='ocrx_word' id='word_1_71' title='bbox 1527 1319 1582 1371; x_wconf 83' lang='grc' dir='ltr'>δὲ</span> <span class='ocrx_word' id='word_1_72' title='bbox 1614 1319 1902 1386; x_wconf 86' lang='grc' dir='ltr'>γενόμενος</span> 
     </span>
    </p>
   </div>
   <div class='ocr_carea' id='block_1_11' title="bbox 330 1407 1903 1480">
    <p class='ocr_par' dir='ltr' id='par_1_11' title="bbox 330 1407 1903 1480">
     <span class='ocr_line' id='line_1_11' title="bbox 330 1407 1903 1480; baseline 0.003 -21"><span class='ocrx_word' id='word_1_73' title='bbox 330 1409 360 1459; x_wconf 84' lang='grc' dir='ltr'>ὁ</span> <span class='ocrx_word' id='word_1_74' title='bbox 391 1407 696 1477; x_wconf 79' lang='grc' dir='ltr'>ἄνθρωπος,</span> <span class='ocrx_word' id='word_1_75' title='bbox 729 1411 821 1461; x_wconf 77' lang='grc' dir='ltr'><strong>καὶ</strong></span> <span class='ocrx_word' id='word_1_76' title='bbox 851 1410 1067 1480; x_wconf 79' lang='grc' dir='ltr'>Θαρῤῶν</span> <span class='ocrx_word' id='word_1_77' title='bbox 1093 1412 1182 1462; x_wconf 85' lang='grc' dir='ltr'><strong>ἐπί</strong></span> <span class='ocrx_word' id='word_1_78' title='bbox 1212 1410 1288 1479; x_wconf 82' lang='grc' dir='ltr'>τῷ</span> <span class='ocrx_word' id='word_1_79' title='bbox 1312 1410 1501 1478; x_wconf 86' lang='grc' dir='ltr'>ἀγαθῷ</span> <span class='ocrx_word' id='word_1_80' title='bbox 1534 1412 1698 1464; x_wconf 78' lang='grc' dir='ltr'>αὑτοῦ</span> <span class='ocrx_word' id='word_1_81' title='bbox 1731 1429 1903 1464; x_wconf 85' lang='grc' dir='ltr'>συνει-</span> 
     </span>
    </p>
   </div>
   <div class='ocr_carea' id='block_1_12' title="bbox 332 1496 1903 1570">
    <p class='ocr_par' dir='ltr' id='par_1_12' title="bbox 332 1496 1903 1570">
     <span class='ocr_line' id='line_1_12' title="bbox 332 1496 1903 1570; baseline 0.004 -22"><span class='ocrx_word' id='word_1_82' title='bbox 332 1496 466 1559; x_wconf 79' lang='grc' dir='ltr'>δότι,</span> <span class='ocrx_word' id='word_1_83' title='bbox 499 1498 581 1549; x_wconf 81' lang='grc' dir='ltr'><strong>ὅτι</strong></span> <span class='ocrx_word' id='word_1_84' title='bbox 611 1498 697 1549; x_wconf 85' lang='grc' dir='ltr'>διὰ</span> <span class='ocrx_word' id='word_1_85' title='bbox 730 1498 820 1549; x_wconf 74' lang='grc' dir='ltr'><strong>τὸν</strong></span> <span class='ocrx_word' id='word_1_86' title='bbox 858 1499 988 1550; x_wconf 70' lang='grc' dir='ltr'>Θεὸν</span> <span class='ocrx_word' id='word_1_87' title='bbox 1017 1497 1226 1568; x_wconf 81' lang='grc' dir='ltr'>ἐθλίδη,</span> <span class='ocrx_word' id='word_1_88' title='bbox 1261 1499 1469 1562; x_wconf 76' lang='grc' dir='ltr'>ἐλπίζει</span> <span class='ocrx_word' id='word_1_89' title='bbox 1497 1499 1593 1562; x_wconf 74' lang='grc' dir='ltr'>τὰς</span> <span class='ocrx_word' id='word_1_90' title='bbox 1621 1502 1764 1570; x_wconf 74' lang='grc' dir='ltr'>ὑπὲρ</span> <span class='ocrx_word' id='word_1_91' title='bbox 1795 1503 1903 1554; x_wconf 88' lang='grc' dir='ltr'><strong>τῶν</strong></span> 
     </span>
    </p>
   </div>
   <div class='ocr_carea' id='block_1_13' title="bbox 333 1589 1901 1663">
    <p class='ocr_par' dir='ltr' id='par_1_13' title="bbox 333 1589 1901 1663">
     <span class='ocr_line' id='line_1_13' title="bbox 333 1589 1901 1663; baseline 0.003 -22"><span class='ocrx_word' id='word_1_92' title='bbox 333 1589 589 1642; x_wconf 76' lang='grc' dir='ltr'>τοιούτων</span> <span class='ocrx_word' id='word_1_93' title='bbox 621 1590 855 1659; x_wconf 68' lang='grc' dir='ltr'>θλίψεων</span> <span class='ocrx_word' id='word_1_94' title='bbox 886 1592 1140 1660; x_wconf 75' lang='grc' dir='ltr'>ἀμοιϐάς.</span> <span class='ocrx_word' id='word_1_95' title='bbox 1183 1591 1248 1644; x_wconf 85' lang='grc' dir='ltr'><strong>Ἠ</strong></span> <span class='ocrx_word' id='word_1_96' title='bbox 1282 1591 1337 1643; x_wconf 83' lang='grc' dir='ltr'><strong>δέ</strong></span> <span class='ocrx_word' id='word_1_97' title='bbox 1374 1593 1598 1663; x_wconf 78' lang='grc' dir='ltr'>τοιαύτη</span> <span class='ocrx_word' id='word_1_98' title='bbox 1643 1593 1797 1656; x_wconf 74' lang='grc' dir='ltr'>ἐλπὶς</span> <span class='ocrx_word' id='word_1_99' title='bbox 1840 1595 1901 1646; x_wconf 79' lang='grc' dir='ltr'><strong>οὐ</strong></span> 
     </span>
    </p>
   </div>
   <div class='ocr_carea' id='block_1_14' title="bbox 333 1681 1905 1756">
    <p class='ocr_par' dir='ltr' id='par_1_14' title="bbox 333 1681 1905 1756">
     <span class='ocr_line' id='line_1_14' title="bbox 333 1681 1905 1756; baseline 0.005 -24"><span class='ocrx_word' id='word_1_100' title='bbox 333 1681 616 1733; x_wconf 78' lang='grc' dir='ltr'>διαπίπτει</span> <span class='ocrx_word' id='word_1_101' title='bbox 666 1682 759 1734; x_wconf 78' lang='grc' dir='ltr'>καὶ</span> <span class='ocrx_word' id='word_1_102' title='bbox 812 1685 1163 1751; x_wconf 79' lang='grc' dir='ltr'>καταισχύνει</span> <span class='ocrx_word' id='word_1_103' title='bbox 1210 1683 1298 1736; x_wconf 70' lang='grc' dir='ltr'>τὸν</span> <span class='ocrx_word' id='word_1_104' title='bbox 1334 1685 1650 1739; x_wconf 77' lang='grc' dir='ltr'>ἐλπίσαντα.</span> <span class='ocrx_word' id='word_1_105' title='bbox 1695 1686 1761 1740; x_wconf 82' lang='grc' dir='ltr'><strong>Αἰ</strong></span> <span class='ocrx_word' id='word_1_106' title='bbox 1807 1689 1905 1756; x_wconf 84' lang='grc' dir='ltr'>μὲν</span> 
     </span>
    </p>
   </div>
   <div class='ocr_carea' id='block_1_15' title="bbox 334 1773 1904 1847">
    <p class='ocr_par' dir='ltr' id='par_1_15' title="bbox 334 1773 1904 1847">
     <span class='ocr_line' id='line_1_15' title="bbox 334 1773 1904 1847; baseline -0.003 -22"><span class='ocrx_word' id='word_1_107' title='bbox 334 1775 440 1842; x_wconf 75' lang='grc' dir='ltr'><strong>γὰρ</strong></span> <span class='ocrx_word' id='word_1_108' title='bbox 475 1773 816 1843; x_wconf 80' lang='grc' dir='ltr'>ἀνθρώπιναι</span> <span class='ocrx_word' id='word_1_109' title='bbox 848 1775 1058 1838; x_wconf 76' lang='grc' dir='ltr'>ἐλπίδες</span> <span class='ocrx_word' id='word_1_110' title='bbox 1095 1775 1168 1844; x_wconf 81' lang='grc' dir='ltr'>μὴ</span> <span class='ocrx_word' id='word_1_111' title='bbox 1204 1776 1573 1841; x_wconf 77' lang='grc' dir='ltr'>ἐκδαίνουσαι,</span> <span class='ocrx_word' id='word_1_112' title='bbox 1608 1781 1904 1847; x_wconf 63' lang='grc' dir='ltr'>καταισχύ-</span> 
     </span>
    </p>
   </div>
   <div class='ocr_carea' id='block_1_16' title="bbox 1141 383 2674 446">
    <p class='ocr_par' dir='ltr' id='par_1_16' title="bbox 1141 383 2674 446">
     <span class='ocr_line' id='line_1_16' title="bbox 1141 383 2674 446; baseline -0.003 -1"><span class='ocrx_word' id='word_1_113' title='bbox 1141 386 1546 446; x_wconf 78' lang='lat' dir='ltr'><strong>EXPOSITIO</strong></span> <span class='ocrx_word' id='word_1_114' title='bbox 1580 385 1658 443; x_wconf 83' lang='grc' dir='ltr'><strong>ΙΝ</strong></span> <span class='ocrx_word' id='word_1_115' title='bbox 1702 384 1940 443; x_wconf 69' lang='grc' dir='ltr'><strong>ΕΡΞΞΤ.</strong></span> <span class='ocrx_word' id='word_1_116' title='bbox 1981 384 2078 441; x_wconf 75' lang='lat' dir='ltr'><strong>AD</strong></span> <span class='ocrx_word' id='word_1_117' title='bbox 2118 383 2296 443; x_wconf 74' lang='lat' dir='ltr'>ROM.</span> <span class='ocrx_word' id='word_1_118' title='bbox 2326 410 2382 421; x_wconf 88' lang='lat'><strong>-</strong></span> <span class='ocrx_word' id='word_1_119' title='bbox 2415 385 2573 443; x_wconf 81' lang='lat' dir='ltr'><strong>CAP.</strong></span> <span class='ocrx_word' id='word_1_120' title='bbox 2610 385 2674 441; x_wconf 70' lang='grc' dir='ltr'>ιν.</span> 
     </span>
    </p>
   </div>
   <div class='ocr_carea' id='block_1_17' title="bbox 397 493 1968 567">
    <p class='ocr_par' dir='ltr' id='par_1_17' title="bbox 397 493 1968 567">
     <span class='ocr_line' id='line_1_17' title="bbox 397 493 1968 567; baseline -0.001 -19"><span class='ocrx_word' id='word_1_121' title='bbox 397 520 412 548; x_wconf 73' lang='grc' dir='ltr'><strong>ι</strong></span> <span class='ocrx_word' id='word_1_122' title='bbox 453 499 528 551; x_wconf 78' lang='grc' dir='ltr'><strong>Οὐ</strong></span> <span class='ocrx_word' id='word_1_123' title='bbox 567 498 728 567; x_wconf 72' lang='grc' dir='ltr'>μόνον</span> <span class='ocrx_word' id='word_1_124' title='bbox 771 496 850 556; x_wconf 78' lang='grc' dir='ltr'><strong>δέ.</strong></span> <span class='ocrx_word' id='word_1_125' title='bbox 883 495 1016 548; x_wconf 84' lang='grc' dir='ltr'><strong>ἁλλὰ</strong></span> <span class='ocrx_word' id='word_1_126' title='bbox 1046 497 1140 548; x_wconf 69' lang='grc' dir='ltr'><strong>καὶ</strong></span> <span class='ocrx_word' id='word_1_127' title='bbox 1173 495 1505 565; x_wconf 80' lang='grc' dir='ltr'>καυχώμεθα</span> <span class='ocrx_word' id='word_1_128' title='bbox 1543 496 1600 547; x_wconf 83' lang='grc' dir='ltr'><strong>ἐν</strong></span> <span class='ocrx_word' id='word_1_129' title='bbox 1634 497 1752 556; x_wconf 88' lang='grc' dir='ltr'>ταῖς</span> <span class='ocrx_word' id='word_1_130' title='bbox 1779 493 1890 546; x_wconf 83' lang='grc' dir='ltr'>θλίο</span> <span class='ocrx_word' id='word_1_131' title='bbox 1923 494 1968 552; x_wconf 72' lang='grc' dir='ltr'>Α</span> 
     </span>
    </p>
   </div>
   <div class='ocr_carea' id='block_1_18' title="bbox 2071 487 3563 554">
    <p class='ocr_par' dir='ltr' id='par_1_18' title="bbox 2071 487 3563 554">
     <span class='ocr_line' id='line_1_18' title="bbox 2071 487 3563 554; baseline 0.003 -11"><span class='ocrx_word' id='word_1_132' title='bbox 2071 490 2234 544; x_wconf 64' lang='lat' dir='ltr'><strong>Vens.</strong></span> <span class='ocrx_word' id='word_1_133' title='bbox 2267 493 2319 554; x_wconf 73' lang='lat'><strong>3,</strong></span> <span class='ocrx_word' id='word_1_134' title='bbox 2346 494 2397 545; x_wconf 64' lang='grc' dir='ltr'>Δ.</span> <span class='ocrx_word' id='word_1_135' title='bbox 2437 513 2453 543; x_wconf 81' lang='grc' dir='ltr'><strong>ι</strong></span> <span class='ocrx_word' id='word_1_136' title='bbox 2495 494 2607 547; x_wconf 80' lang='lat' dir='ltr'><strong>Nca</strong></span> <span class='ocrx_word' id='word_1_137' title='bbox 2627 493 2798 545; x_wconf 75' lang='lat' dir='ltr'><strong>solum</strong></span> <span class='ocrx_word' id='word_1_138' title='bbox 2835 502 3034 550; x_wconf 83' lang='lat' dir='ltr'><strong>autem,</strong></span> <span class='ocrx_word' id='word_1_139' title='bbox 3067 487 3157 544; x_wconf 79' lang='lat' dir='ltr'><strong>sed</strong></span> <span class='ocrx_word' id='word_1_140' title='bbox 3187 501 3234 543; x_wconf 80' lang='lat' dir='ltr'><strong>et</strong></span> <span class='ocrx_word' id='word_1_141' title='bbox 3273 493 3563 553; x_wconf 68' lang='lat' dir='ltr'><strong>gloriamur</strong></span> 
     </span>
    </p>
   </div>
   <div class='ocr_carea' id='block_1_19' title="bbox 1999 582 3566 652">
    <p class='ocr_par' dir='ltr' id='par_1_19' title="bbox 1999 582 3566 652">
     <span class='ocr_line' id='line_1_19' title="bbox 1999 582 3566 652; baseline 0 -16"><span class='ocrx_word' id='word_1_142' title='bbox 1999 584 2050 636; x_wconf 91' lang='lat' dir='ltr'><strong>in</strong></span> <span class='ocrx_word' id='word_1_143' title='bbox 2093 584 2546 642; x_wconf 69' lang='lat' dir='ltr'><strong>ll‘llllllalimllblls.</strong></span> <span class='ocrx_word' id='word_1_144' title='bbox 2582 585 2813 638; x_wconf 81' lang='lat' dir='ltr'><strong>scientes</strong></span> <span class='ocrx_word' id='word_1_145' title='bbox 2847 583 2985 650; x_wconf 81' lang='lat' dir='ltr'><strong>quod</strong></span> <span class='ocrx_word' id='word_1_146' title='bbox 3039 582 3312 635; x_wconf 83' lang='lat' dir='ltr'><strong>tribulatio</strong></span> <span class='ocrx_word' id='word_1_147' title='bbox 3359 585 3566 652; x_wconf 80' lang='lat' dir='ltr'><strong>patien—</strong></span> 
     </span>
    </p>
   </div>
   <div class='ocr_carea' id='block_1_20' title="bbox 2001 675 3568 742">
    <p class='ocr_par' dir='ltr' id='par_1_20' title="bbox 2001 675 3568 742">
     <span class='ocr_line' id='line_1_20' title="bbox 2001 675 3568 742; baseline -0.004 -15"><span class='ocrx_word' id='word_1_148' title='bbox 2001 676 2124 728; x_wconf 88' lang='lat' dir='ltr'><strong>tiam</strong></span> <span class='ocrx_word' id='word_1_149' title='bbox 2162 686 2452 742; x_wconf 85' lang='lat' dir='ltr'><strong>operatur,</strong></span> <span class='ocrx_word' id='word_1_150' title='bbox 2484 675 2739 742; x_wconf 90' lang='lat' dir='ltr'><strong>patientia</strong></span> <span class='ocrx_word' id='word_1_151' title='bbox 2780 683 2956 726; x_wconf 82' lang='lat' dir='ltr'><strong>autem</strong></span> <span class='ocrx_word' id='word_1_152' title='bbox 2994 675 3392 742; x_wconf 89' lang='lat' dir='ltr'><strong>probationem,</strong></span> <span class='ocrx_word' id='word_1_153' title='bbox 3446 690 3568 740; x_wconf 77' lang='lat' dir='ltr'><strong>pro—</strong></span> 
     </span>
    </p>
   </div>
   <div class='ocr_carea' id='block_1_21' title="bbox 1998 764 3565 835">
    <p class='ocr_par' dir='ltr' id='par_1_21' title="bbox 1998 764 3565 835">
     <span class='ocr_line' id='line_1_21' title="bbox 1998 764 3565 835; baseline -0.004 -12"><span class='ocrx_word' id='word_1_154' title='bbox 1998 769 2144 823; x_wconf 85' lang='lat' dir='ltr'><strong>batio</strong></span> <span class='ocrx_word' id='word_1_155' title='bbox 2180 782 2306 821; x_wconf 89' lang='lat' dir='ltr'><strong>vero</strong></span> <span class='ocrx_word' id='word_1_156' title='bbox 2338 784 2509 835; x_wconf 90' lang='lat' dir='ltr'><strong>spem,</strong></span> <span class='ocrx_word' id='word_1_157' title='bbox 2543 783 2663 835; x_wconf 85' lang='lat' dir='ltr'><strong>spes</strong></span> <span class='ocrx_word' id='word_1_158' title='bbox 2703 779 2880 821; x_wconf 85' lang='lat' dir='ltr'><strong>autem</strong></span> <span class='ocrx_word' id='word_1_159' title='bbox 2929 784 3032 820; x_wconf 90' lang='lat' dir='ltr'><strong>non</strong></span> <span class='ocrx_word' id='word_1_160' title='bbox 3064 767 3356 835; x_wconf 83' lang='lat' dir='ltr'><strong>pudefacit.</strong></span> <span class='ocrx_word' id='word_1_161' title='bbox 3399 785 3415 817; x_wconf 72' lang='grc' dir='ltr'><strong>ι</strong></span> <span class='ocrx_word' id='word_1_162' title='bbox 3451 764 3565 817; x_wconf 84' lang='lat' dir='ltr'><strong>Non</strong></span> 
     </span>
    </p>
   </div>
   <div class='ocr_carea' id='block_1_22' title="bbox 1999 859 3566 928">
    <p class='ocr_par' dir='ltr' id='par_1_22' title="bbox 1999 859 3566 928">
     <span class='ocr_line' id='line_1_22' title="bbox 1999 859 3566 928; baseline -0.004 -13"><span class='ocrx_word' id='word_1_163' title='bbox 1999 862 2192 924; x_wconf 91' lang='lat' dir='ltr'><strong>solum,</strong></span> <span class='ocrx_word' id='word_1_164' title='bbox 2226 862 2418 928; x_wconf 90' lang='lat' dir='ltr'><strong>inquit,</strong></span> <span class='ocrx_word' id='word_1_165' title='bbox 2463 862 2530 912; x_wconf 91' lang='lat' dir='ltr'><strong>ob</strong></span> <span class='ocrx_word' id='word_1_166' title='bbox 2567 859 2741 913; x_wconf 87' lang='lat' dir='ltr'><strong>futura</strong></span> <span class='ocrx_word' id='word_1_167' title='bbox 2788 861 2926 913; x_wconf 88' lang='lat' dir='ltr'><strong>bona</strong></span> <span class='ocrx_word' id='word_1_168' title='bbox 2963 861 3274 928; x_wconf 76' lang='lat' dir='ltr'><strong>gloriamur,</strong></span> <span class='ocrx_word' id='word_1_169' title='bbox 3303 861 3393 911; x_wconf 82' lang='lat' dir='ltr'><strong>sed</strong></span> <span class='ocrx_word' id='word_1_170' title='bbox 3426 860 3566 927; x_wconf 89' lang='lat' dir='ltr'><strong>quod</strong></span> 
     </span>
    </p>
   </div>
   <div class='ocr_carea' id='block_1_23' title="bbox 2000 951 3565 1021">
    <p class='ocr_par' dir='ltr' id='par_1_23' title="bbox 2000 951 3565 1021">
     <span class='ocr_line' id='line_1_23' title="bbox 2000 951 3565 1021; baseline -0.001 -17"><span class='ocrx_word' id='word_1_171' title='bbox 2000 954 2176 1021; x_wconf 84' lang='lat' dir='ltr'><strong>majus</strong></span> <span class='ocrx_word' id='word_1_172' title='bbox 2205 964 2304 1012; x_wconf 89' lang='lat' dir='ltr'><strong>est,</strong></span> <span class='ocrx_word' id='word_1_173' title='bbox 2338 954 2404 1004; x_wconf 87' lang='lat' dir='ltr'><strong>ob</strong></span> <span class='ocrx_word' id='word_1_174' title='bbox 2436 960 2724 1017; x_wconf 84' lang='lat' dir='ltr'><strong>pra-sentes</strong></span> <span class='ocrx_word' id='word_1_175' title='bbox 2756 953 2916 1005; x_wconf 90' lang='lat' dir='ltr'><strong>etiam</strong></span> <span class='ocrx_word' id='word_1_176' title='bbox 2961 961 3178 1005; x_wconf 91' lang='lat' dir='ltr'><strong>nostras</strong></span> <span class='ocrx_word' id='word_1_177' title='bbox 3228 951 3565 1003; x_wconf 83' lang='lat' dir='ltr'><strong>alflietioues.</strong></span> 
     </span>
    </p>
   </div>
   <div class='ocr_carea' id='block_1_24' title="bbox 2001 1041 3566 1111">
    <p class='ocr_par' dir='ltr' id='par_1_24' title="bbox 2001 1041 3566 1111">
     <span class='ocr_line' id='line_1_24' title="bbox 2001 1041 3566 1111; baseline -0.003 -14"><span class='ocrx_word' id='word_1_178' title='bbox 2001 1044 2076 1098; x_wconf 78' lang='lat' dir='ltr'><strong>Ne</strong></span> <span class='ocrx_word' id='word_1_179' title='bbox 2128 1046 2270 1096; x_wconf 79' lang='lat' dir='ltr'><strong>enim</strong></span> <span class='ocrx_word' id='word_1_180' title='bbox 2309 1044 2620 1104; x_wconf 87' lang='lat' dir='ltr'><strong>turbemiui,</strong></span> <span class='ocrx_word' id='word_1_181' title='bbox 2673 1042 2864 1109; x_wconf 87' lang='lat' dir='ltr'><strong>inquit,</strong></span> <span class='ocrx_word' id='word_1_182' title='bbox 2913 1043 3052 1111; x_wconf 91' lang='lat' dir='ltr'><strong>quod</strong></span> <span class='ocrx_word' id='word_1_183' title='bbox 3098 1041 3429 1108; x_wconf 83' lang='lat' dir='ltr'><strong>affligimur:</strong></span> <span class='ocrx_word' id='word_1_184' title='bbox 3466 1042 3566 1093; x_wconf 92' lang='lat' dir='ltr'><strong>hoc</strong></span> 
     </span>
    </p>
   </div>
   <div class='ocr_carea' id='block_1_25' title="bbox 2004 1133 3568 1205">
    <p class='ocr_par' dir='ltr' id='par_1_25' title="bbox 2004 1133 3568 1205">
     <span class='ocr_line' id='line_1_25' title="bbox 2004 1133 3568 1205; baseline -0.002 -17"><span class='ocrx_word' id='word_1_185' title='bbox 2004 1140 2174 1205; x_wconf 85' lang='lat' dir='ltr'><strong>ipsum</strong></span> <span class='ocrx_word' id='word_1_186' title='bbox 2217 1139 2355 1190; x_wconf 86' lang='lat' dir='ltr'><strong>enim</strong></span> <span class='ocrx_word' id='word_1_187' title='bbox 2404 1138 2694 1190; x_wconf 82' lang='lat' dir='ltr'><strong>Christiani</strong></span> <span class='ocrx_word' id='word_1_188' title='bbox 2745 1145 2825 1188; x_wconf 77' lang='lat' dir='ltr'><strong>est</strong></span> <span class='ocrx_word' id='word_1_189' title='bbox 2872 1137 3140 1203; x_wconf 73' lang='lat' dir='ltr'><strong>gloriatio.</strong></span> <span class='ocrx_word' id='word_1_190' title='bbox 3169 1136 3282 1199; x_wconf 80' lang='lat' dir='ltr'><strong>Qua</strong></span> <span class='ocrx_word' id='word_1_191' title='bbox 3327 1133 3568 1187; x_wconf 75' lang='lat' dir='ltr'><strong>ratione?</strong></span> 
     </span>
    </p>
   </div>
   <div class='ocr_carea' id='block_1_26' title="bbox 2003 1227 3569 1297">
    <p class='ocr_par' dir='ltr' id='par_1_26' title="bbox 2003 1227 3569 1297">
     <span class='ocr_line' id='line_1_26' title="bbox 2003 1227 3569 1297; baseline -0.003 -15"><span class='ocrx_word' id='word_1_192' title='bbox 2003 1234 2264 1297; x_wconf 86' lang='lat' dir='ltr'><strong>Quoniam</strong></span> <span class='ocrx_word' id='word_1_193' title='bbox 2303 1248 2319 1279; x_wconf 74' lang='grc' dir='ltr'><strong>ι</strong></span> <span class='ocrx_word' id='word_1_194' title='bbox 2359 1230 2572 1282; x_wconf 83' lang='lat' dir='ltr'><strong>afllictio</strong></span> <span class='ocrx_word' id='word_1_195' title='bbox 2603 1228 2761 1282; x_wconf 84' lang='lat' dir='ltr'><strong>cflicit</strong></span> <span class='ocrx_word' id='word_1_196' title='bbox 2796 1230 3127 1293; x_wconf 86' lang='lat' dir='ltr'><strong>patientiam,</strong></span> <span class='ocrx_word' id='word_1_197' title='bbox 3161 1227 3419 1292; x_wconf 76' lang='lat' dir='ltr'><strong>patientia</strong></span> <span class='ocrx_word' id='word_1_198' title='bbox 3445 1239 3569 1277; x_wconf 83' lang='lat' dir='ltr'><strong>vero</strong></span> 
     </span>
    </p>
   </div>
   <div class='ocr_carea' id='block_1_27' title="bbox 2012 1317 3570 1392">
    <p class='ocr_par' dir='ltr' id='par_1_27' title="bbox 2012 1317 3570 1392">
     <span class='ocr_line' id='line_1_27' title="bbox 2012 1317 3570 1392; baseline -0.004 -18"><span class='ocrx_word' id='word_1_199' title='bbox 2012 1327 2298 1392; x_wconf 84' lang='lat' dir='ltr'><strong>probatum</strong></span> <span class='ocrx_word' id='word_1_200' title='bbox 2372 1340 2389 1372; x_wconf 74' lang='grc' dir='ltr'><strong>ι</strong></span> <span class='ocrx_word' id='word_1_201' title='bbox 2448 1337 2567 1373; x_wconf 82' lang='lat' dir='ltr'><strong>eum</strong></span> <span class='ocrx_word' id='word_1_202' title='bbox 2622 1322 2711 1386; x_wconf 89' lang='lat' dir='ltr'><strong>qui</strong></span> <span class='ocrx_word' id='word_1_203' title='bbox 2766 1330 3008 1374; x_wconf 81' lang='lat' dir='ltr'><strong>tentatur</strong></span> <span class='ocrx_word' id='word_1_204' title='bbox 3053 1321 3274 1372; x_wconf 84' lang='lat' dir='ltr'><strong>reddit:</strong></span> <span class='ocrx_word' id='word_1_205' title='bbox 3315 1317 3570 1385; x_wconf 88' lang='lat' dir='ltr'><strong>probattts</strong></span> 
     </span>
    </p>
   </div>
   <div class='ocr_carea' id='block_1_28' title="bbox 2005 1410 3570 1474">
    <p class='ocr_par' dir='ltr' id='par_1_28' title="bbox 2005 1410 3570 1474">
     <span class='ocr_line' id='line_1_28' title="bbox 2005 1410 3570 1474; baseline -0.006 -7"><span class='ocrx_word' id='word_1_206' title='bbox 2005 1426 2182 1467; x_wconf 87' lang='lat' dir='ltr'><strong>autem</strong></span> <span class='ocrx_word' id='word_1_207' title='bbox 2219 1416 2380 1466; x_wconf 89' lang='lat' dir='ltr'><strong>homo</strong></span> <span class='ocrx_word' id='word_1_208' title='bbox 2409 1413 2608 1474; x_wconf 86' lang='lat' dir='ltr'><strong>laetus,</strong></span> <span class='ocrx_word' id='word_1_209' title='bbox 2642 1425 2694 1465; x_wconf 89' lang='lat' dir='ltr'><strong>et</strong></span> <span class='ocrx_word' id='word_1_210' title='bbox 2727 1416 2862 1465; x_wconf 90' lang='lat' dir='ltr'><strong>bona</strong></span> <span class='ocrx_word' id='word_1_211' title='bbox 2887 1427 2982 1466; x_wconf 81' lang='lat' dir='ltr'><strong>Sua</strong></span> <span class='ocrx_word' id='word_1_212' title='bbox 3017 1411 3345 1463; x_wconf 85' lang='lat' dir='ltr'><strong>conscientia</strong></span> <span class='ocrx_word' id='word_1_213' title='bbox 3378 1410 3570 1471; x_wconf 84' lang='lat' dir='ltr'><strong>fretus,</strong></span> 
     </span>
    </p>
   </div>
   <div class='ocr_carea' id='block_1_29' title="bbox 2005 1501 3574 1575">
    <p class='ocr_par' dir='ltr' id='par_1_29' title="bbox 2005 1501 3574 1575">
     <span class='ocr_line' id='line_1_29' title="bbox 2005 1501 3574 1575; baseline -0.006 -16"><span class='ocrx_word' id='word_1_214' title='bbox 2005 1510 2146 1575; x_wconf 88' lang='lat' dir='ltr'><strong>quod</strong></span> <span class='ocrx_word' id='word_1_215' title='bbox 2177 1514 2390 1574; x_wconf 86' lang='lat' dir='ltr'><strong>propter</strong></span> <span class='ocrx_word' id='word_1_216' title='bbox 2421 1505 2587 1557; x_wconf 90' lang='lat' dir='ltr'><strong>Deum</strong></span> <span class='ocrx_word' id='word_1_217' title='bbox 2618 1505 2686 1555; x_wconf 91' lang='lat' dir='ltr'><strong>sit</strong></span> <span class='ocrx_word' id='word_1_218' title='bbox 2721 1505 2968 1561; x_wconf 79' lang='lat' dir='ltr'><strong>alllicttts,</strong></span> <span class='ocrx_word' id='word_1_219' title='bbox 3002 1519 3097 1567; x_wconf 90' lang='lat' dir='ltr'><strong>pro</strong></span> <span class='ocrx_word' id='word_1_220' title='bbox 3127 1501 3427 1565; x_wconf 75' lang='lat' dir='ltr'><strong>huiusmodi</strong></span> <span class='ocrx_word' id='word_1_221' title='bbox 3459 1509 3574 1552; x_wconf 89' lang='lat' dir='ltr'><strong>tan-</strong></span> 
     </span>
    </p>
   </div>
   <div class='ocr_carea' id='block_1_30' title="bbox 2007 1595 3569 1661">
    <p class='ocr_par' dir='ltr' id='par_1_30' title="bbox 2007 1595 3569 1661">
     <span class='ocr_line' id='line_1_30' title="bbox 2007 1595 3569 1661; baseline -0.004 -11"><span class='ocrx_word' id='word_1_222' title='bbox 2007 1601 2123 1651; x_wconf 85' lang='lat' dir='ltr'><strong>dem</strong></span> <span class='ocrx_word' id='word_1_223' title='bbox 2149 1597 2301 1649; x_wconf 86' lang='lat' dir='ltr'><strong>malis</strong></span> <span class='ocrx_word' id='word_1_224' title='bbox 2321 1597 2726 1648; x_wconf 79' lang='lat' dir='ltr'><strong>retributionem</strong></span> <span class='ocrx_word' id='word_1_225' title='bbox 2755 1604 2955 1661; x_wconf 75' lang='lat' dir='ltr'><strong>sperat.</strong></span> <span class='ocrx_word' id='word_1_226' title='bbox 2979 1595 3125 1648; x_wconf 90' lang='lat' dir='ltr'><strong>Talis</strong></span> <span class='ocrx_word' id='word_1_227' title='bbox 3145 1606 3323 1647; x_wconf 82' lang='lat' dir='ltr'><strong>autem</strong></span> <span class='ocrx_word' id='word_1_228' title='bbox 3356 1611 3375 1644; x_wconf 78' lang='grc' dir='ltr'><strong>ι</strong></span> <span class='ocrx_word' id='word_1_229' title='bbox 3399 1607 3519 1659; x_wconf 85' lang='lat' dir='ltr'><strong>spes</strong></span> <span class='ocrx_word' id='word_1_230' title='bbox 3549 1609 3569 1640; x_wconf 69' lang='grc' dir='ltr'><strong>ο</strong></span> 
     </span>
    </p>
   </div>
   <div class='ocr_carea' id='block_1_31' title="bbox 2009 1684 3574 1753">
    <p class='ocr_par' dir='ltr' id='par_1_31' title="bbox 2009 1684 3574 1753">
     <span class='ocr_line' id='line_1_31' title="bbox 2009 1684 3574 1753; baseline -0.006 -10"><span class='ocrx_word' id='word_1_231' title='bbox 2009 1706 2113 1744; x_wconf 90' lang='lat' dir='ltr'><strong>non</strong></span> <span class='ocrx_word' id='word_1_232' title='bbox 2150 1690 2371 1751; x_wconf 76' lang='lat' dir='ltr'><strong>excidit,</strong></span> <span class='ocrx_word' id='word_1_233' title='bbox 2408 1707 2424 1739; x_wconf 79' lang='grc' dir='ltr'><strong>ι</strong></span> <span class='ocrx_word' id='word_1_234' title='bbox 2462 1702 2561 1742; x_wconf 86' lang='lat' dir='ltr'><strong>nec</strong></span> <span class='ocrx_word' id='word_1_235' title='bbox 2593 1687 2861 1753; x_wconf 85' lang='lat' dir='ltr'><strong>pudefacit</strong></span> <span class='ocrx_word' id='word_1_236' title='bbox 2897 1704 2913 1736; x_wconf 73' lang='grc' dir='ltr'><strong>ι</strong></span> <span class='ocrx_word' id='word_1_237' title='bbox 2951 1696 3277 1752; x_wconf 73' lang='lat' dir='ltr'><strong>sperantem.</strong></span> <span class='ocrx_word' id='word_1_238' title='bbox 3315 1684 3574 1737; x_wconf 70' lang='lat' dir='ltr'><strong>Humana:</strong></span> 
     </span>
    </p>
   </div>
   <div class='ocr_carea' id='block_1_32' title="bbox 2011 1777 3573 1848">
    <p class='ocr_par' dir='ltr' id='par_1_32' title="bbox 2011 1777 3573 1848">
     <span class='ocr_line' id='line_1_32' title="bbox 2011 1777 3573 1848; baseline -0.006 -14"><span class='ocrx_word' id='word_1_239' title='bbox 2011 1795 2237 1848; x_wconf 90' lang='lat' dir='ltr'><strong>namque</strong></span> <span class='ocrx_word' id='word_1_240' title='bbox 2267 1794 2388 1847; x_wconf 83' lang='lat' dir='ltr'><strong>spes</strong></span> <span class='ocrx_word' id='word_1_241' title='bbox 2418 1779 2462 1834; x_wconf 87' lang='lat' dir='ltr'><strong>si</strong></span> <span class='ocrx_word' id='word_1_242' title='bbox 2500 1795 2601 1832; x_wconf 82' lang='lat' dir='ltr'><strong>non</strong></span> <span class='ocrx_word' id='word_1_243' title='bbox 2635 1777 2944 1839; x_wconf 84' lang='lat' dir='ltr'><strong>succedant,</strong></span> <span class='ocrx_word' id='word_1_244' title='bbox 2980 1777 3123 1844; x_wconf 47' lang='lat' dir='ltr'><strong>ipsos</strong></span> <span class='ocrx_word' id='word_1_245' title='bbox 3159 1784 3436 1838; x_wconf 78' lang='lat' dir='ltr'><strong>sperantes</strong></span> <span class='ocrx_word' id='word_1_246' title='bbox 3470 1788 3573 1842; x_wconf 88' lang='lat' dir='ltr'><strong>pu-</strong></span> 
     </span>
    </p>
   </div>
   <div class='ocr_carea' id='block_1_33' title="bbox 337 1847 2029 1934">
    <p class='ocr_par' dir='ltr' id='par_1_33' title="bbox 337 1847 2029 1934">
     <span class='ocr_line' id='line_1_33' title="bbox 337 1847 2029 1934; baseline 0.005 -19"><span class='ocrx_word' id='word_1_247' title='bbox 337 1883 486 1918; x_wconf 89' lang='grc' dir='ltr'>νουσι</span> <span class='ocrx_word' id='word_1_248' title='bbox 511 1867 634 1929; x_wconf 71' lang='grc' dir='ltr'>τοὺς</span> <span class='ocrx_word' id='word_1_249' title='bbox 668 1866 984 1934; x_wconf 67' lang='grc' dir='ltr'>ἠλπικότας.</span> <span class='ocrx_word' id='word_1_250' title='bbox 1026 1869 1114 1921; x_wconf 82' lang='grc' dir='ltr'>Ἐν</span> <span class='ocrx_word' id='word_1_251' title='bbox 1137 1869 1191 1920; x_wconf 83' lang='grc' dir='ltr'><strong>δὲ</strong></span> <span class='ocrx_word' id='word_1_252' title='bbox 1217 1872 1333 1932; x_wconf 86' lang='grc' dir='ltr'>ταῖς</span> <span class='ocrx_word' id='word_1_253' title='bbox 1358 1869 1529 1932; x_wconf 87' lang='grc' dir='ltr'>θείαις</span> <span class='ocrx_word' id='word_1_254' title='bbox 1549 1870 1704 1926; x_wconf 72' lang='grc' dir='ltr'>οὐδὲν</span> <span class='ocrx_word' id='word_1_255' title='bbox 1729 1872 1901 1925; x_wconf 87' lang='grc' dir='ltr'>τοιοῦ-</span> <span class='ocrx_word' id='word_1_256' title='bbox 1941 1847 1979 1902; x_wconf 69' lang='grc' dir='ltr'>Β</span> <span class='ocrx_word' id='word_1_257' title='bbox 2009 1889 2029 1924; x_wconf 75' lang='lat' dir='ltr'><strong>ti</strong></span> 
     </span>
    </p>
   </div>
   <div class='ocr_carea' id='block_1_34' title="bbox 1882 1847 3574 1934">
    <p class='ocr_par' dir='ltr' id='par_1_34' title="bbox 1882 1847 3574 1925">
     <span class='ocr_line' id='line_1_34' title="bbox 1882 1847 3574 1925; baseline -0.007 0"><span class='ocrx_word' id='word_1_258' title='bbox 1882 1903 1901 1914; x_wconf 95' lang='lat'><strong>-</strong></span> <span class='ocrx_word' id='word_1_259' title='bbox 1941 1847 1979 1902; x_wconf 70' lang='grc' dir='ltr'>Β</span> <span class='ocrx_word' id='word_1_260' title='bbox 2009 1875 2136 1925; x_wconf 86' lang='lat' dir='ltr'><strong>dore</strong></span> <span class='ocrx_word' id='word_1_261' title='bbox 2154 1847 2504 1924; x_wconf 17' lang='lat' dir='ltr'><strong>isnfl‘umlnnt.</strong></span> <span class='ocrx_word' id='word_1_262' title='bbox 2559 1873 2617 1922; x_wconf 79' lang='lat' dir='ltr'><strong>fit</strong></span> <span class='ocrx_word' id='word_1_263' title='bbox 2667 1869 2862 1922; x_wconf 80' lang='lat' dir='ltr'><strong>divinis</strong></span> <span class='ocrx_word' id='word_1_264' title='bbox 2898 1880 3079 1921; x_wconf 85' lang='lat' dir='ltr'><strong>autem</strong></span> <span class='ocrx_word' id='word_1_265' title='bbox 3131 1868 3262 1919; x_wconf 90' lang='lat' dir='ltr'><strong>nihil</strong></span> <span class='ocrx_word' id='word_1_266' title='bbox 3304 1867 3406 1918; x_wconf 82' lang='lat' dir='ltr'><strong>tale</strong></span> <span class='ocrx_word' id='word_1_267' title='bbox 3445 1879 3574 1918; x_wconf 56' lang='lat' dir='ltr'><strong>cor-</strong></span> 
     </span>
    </p>
   </div>
   <div class='ocr_carea' id='block_1_35' title="bbox 334 1958 1906 2032">
    <p class='ocr_par' dir='ltr' id='par_1_35' title="bbox 334 1958 1906 2032">
     <span class='ocr_line' id='line_1_35' title="bbox 334 1958 1906 2032; baseline 0.006 -23"><span class='ocrx_word' id='word_1_268' title='bbox 334 1975 448 2011; x_wconf 80' lang='grc' dir='ltr'>τον.</span> <span class='ocrx_word' id='word_1_269' title='bbox 493 1958 561 2010; x_wconf 82' lang='grc' dir='ltr'><strong>’Ὀ</strong></span> <span class='ocrx_word' id='word_1_270' title='bbox 592 1975 650 2011; x_wconf 89' lang='grc' dir='ltr'><strong>τε</strong></span> <span class='ocrx_word' id='word_1_271' title='bbox 683 1959 790 2028; x_wconf 78' lang='grc' dir='ltr'>γὰρ</span> <span class='ocrx_word' id='word_1_272' title='bbox 816 1960 992 2022; x_wconf 78' lang='grc' dir='ltr'>διδοὺς</span> <span class='ocrx_word' id='word_1_273' title='bbox 1025 1961 1091 2012; x_wconf 74' lang='grc' dir='ltr'>τὰ</span> <span class='ocrx_word' id='word_1_274' title='bbox 1125 1961 1327 2028; x_wconf 70' lang='grc' dir='ltr'>ἀγαθὰ,</span> <span class='ocrx_word' id='word_1_275' title='bbox 1360 1963 1622 2027; x_wconf 85' lang='grc' dir='ltr'>ἀθάνατος</span> <span class='ocrx_word' id='word_1_276' title='bbox 1660 1965 1752 2016; x_wconf 70' lang='grc' dir='ltr'><strong>καὶ</strong></span> <span class='ocrx_word' id='word_1_277' title='bbox 1776 1968 1906 2032; x_wconf 75' lang='grc' dir='ltr'>ἁγα-</span> 
     </span>
    </p>
   </div>
   <div class='ocr_carea' id='block_1_36' title="bbox 337 2050 1902 2119">
    <p class='ocr_par' dir='ltr' id='par_1_36' title="bbox 337 2050 1902 2119">
     <span class='ocr_line' id='line_1_36' title="bbox 337 2050 1902 2119; baseline -0.002 -8"><span class='ocrx_word' id='word_1_278' title='bbox 337 2050 445 2110; x_wconf 60' lang='grc' dir='ltr'>θός·</span> <span class='ocrx_word' id='word_1_279' title='bbox 480 2050 638 2118; x_wconf 70' lang='grc' dir='ltr'>ἡμεῖς</span> <span class='ocrx_word' id='word_1_280' title='bbox 669 2068 724 2102; x_wconf 82' lang='grc' dir='ltr'><strong>τε</strong></span> <span class='ocrx_word' id='word_1_281' title='bbox 757 2051 804 2080; x_wconf 72' lang='grc'><strong>⁷⁸</strong></span> <span class='ocrx_word' id='word_1_282' title='bbox 851 2051 899 2102; x_wconf 81' lang='lat' dir='ltr'><strong>oi</strong></span> <span class='ocrx_word' id='word_1_283' title='bbox 933 2051 1214 2119; x_wconf 83' lang='grc' dir='ltr'>μέλλοντες</span> <span class='ocrx_word' id='word_1_284' title='bbox 1246 2053 1453 2116; x_wconf 79' lang='grc' dir='ltr'>λαϐεῖν,</span> <span class='ocrx_word' id='word_1_285' title='bbox 1487 2053 1590 2106; x_wconf 80' lang='grc' dir='ltr'>κᾶν</span> <span class='ocrx_word' id='word_1_286' title='bbox 1625 2056 1902 2109; x_wconf 84' lang='grc' dir='ltr'>ἀποθάνω-</span> 
     </span>
    </p>
   </div>
   <div class='ocr_carea' id='block_1_37' title="bbox 340 2142 1906 2213">
    <p class='ocr_par' dir='ltr' id='par_1_37' title="bbox 340 2142 1906 2213">
     <span class='ocr_line' id='line_1_37' title="bbox 340 2142 1906 2213; baseline 0.006 -20"><span class='ocrx_word' id='word_1_287' title='bbox 340 2159 460 2204; x_wconf 87' lang='grc' dir='ltr'>μεν,</span> <span class='ocrx_word' id='word_1_288' title='bbox 493 2142 753 2212; x_wconf 75' lang='grc' dir='ltr'>ζήσομεν·</span> <span class='ocrx_word' id='word_1_289' title='bbox 788 2145 880 2198; x_wconf 72' lang='grc' dir='ltr'><strong>καὶ</strong></span> <span class='ocrx_word' id='word_1_290' title='bbox 910 2144 1095 2199; x_wconf 78' lang='grc' dir='ltr'>λοιπὸν</span> <span class='ocrx_word' id='word_1_291' title='bbox 1124 2148 1275 2201; x_wconf 75' lang='grc' dir='ltr'>οὐδὲν</span> <span class='ocrx_word' id='word_1_292' title='bbox 1302 2148 1362 2201; x_wconf 79' lang='grc' dir='ltr'><strong>τὸ</strong></span> <span class='ocrx_word' id='word_1_293' title='bbox 1392 2148 1598 2201; x_wconf 76' lang='grc' dir='ltr'>κωλύον</span> <span class='ocrx_word' id='word_1_294' title='bbox 1628 2149 1724 2213; x_wconf 74' lang='grc' dir='ltr'><strong>τὰς</strong></span> <span class='ocrx_word' id='word_1_295' title='bbox 1752 2150 1906 2203; x_wconf 83' lang='grc' dir='ltr'>ἐλπί-</span> 
     </span>
    </p>
   </div>
   <div class='ocr_carea' id='block_1_38' title="bbox 336 2235 864 2306">
    <p class='ocr_par' dir='ltr' id='par_1_38' title="bbox 336 2235 864 2306">
     <span class='ocr_line' id='line_1_38' title="bbox 336 2235 864 2306; baseline 0.011 -21"><span class='ocrx_word' id='word_1_296' title='bbox 336 2235 428 2296; x_wconf 66' lang='grc' dir='ltr'><strong>δας</strong></span> <span class='ocrx_word' id='word_1_297' title='bbox 460 2239 590 2304; x_wconf 73' lang='grc' dir='ltr'>ἡμῖν</span> <span class='ocrx_word' id='word_1_298' title='bbox 618 2237 864 2306; x_wconf 70' lang='grc' dir='ltr'>ἐκϐῆναι.</span> 
     </span>
    </p>
   </div>
   <div class='ocr_carea' id='block_1_39' title="bbox 415 2351 1908 2426">
    <p class='ocr_par' dir='ltr' id='par_1_39' title="bbox 415 2351 1908 2426">
     <span class='ocr_line' id='line_1_39' title="bbox 415 2351 1908 2426; baseline 0.007 -27"><span class='ocrx_word' id='word_1_299' title='bbox 415 2368 432 2398; x_wconf 74' lang='grc' dir='ltr'><strong>ι</strong></span> <span class='ocrx_word' id='word_1_300' title='bbox 479 2351 600 2401; x_wconf 83' lang='grc' dir='ltr'>Ὀτι</span> <span class='ocrx_word' id='word_1_301' title='bbox 641 2353 670 2416; x_wconf 84' lang='grc' dir='ltr'><strong>ή</strong></span> <span class='ocrx_word' id='word_1_302' title='bbox 708 2352 895 2421; x_wconf 80' lang='grc' dir='ltr'>ἀγάπη</span> <span class='ocrx_word' id='word_1_303' title='bbox 925 2352 1018 2404; x_wconf 79' lang='grc' dir='ltr'>τοῦ</span> <span class='ocrx_word' id='word_1_304' title='bbox 1048 2351 1182 2406; x_wconf 78' lang='grc' dir='ltr'>Θεοῦ</span> <span class='ocrx_word' id='word_1_305' title='bbox 1211 2352 1502 2423; x_wconf 77' lang='grc' dir='ltr'>ἐκκέχυται</span> <span class='ocrx_word' id='word_1_306' title='bbox 1536 2357 1593 2408; x_wconf 84' lang='grc' dir='ltr'><strong>ἐν</strong></span> <span class='ocrx_word' id='word_1_307' title='bbox 1623 2358 1739 2418; x_wconf 86' lang='grc' dir='ltr'>ταῖς</span> <span class='ocrx_word' id='word_1_308' title='bbox 1768 2375 1908 2426; x_wconf 88' lang='grc' dir='ltr'>καρ-</span> 
     </span>
    </p>
   </div>
   <div class='ocr_carea' id='block_1_40' title="bbox 339 2437 1902 2516">
    <p class='ocr_par' dir='ltr' id='par_1_40' title="bbox 339 2437 1902 2516">
     <span class='ocr_line' id='line_1_40' title="bbox 339 2437 1902 2516; baseline 0.007 -27"><span class='ocrx_word' id='word_1_309' title='bbox 339 2437 478 2499; x_wconf 65' lang='grc' dir='ltr'>δίαις</span> <span class='ocrx_word' id='word_1_310' title='bbox 505 2441 660 2508; x_wconf 73' lang='grc' dir='ltr'>ἡμῶν</span> <span class='ocrx_word' id='word_1_311' title='bbox 683 2441 771 2493; x_wconf 73' lang='grc' dir='ltr'><strong>διὰ</strong></span> <span class='ocrx_word' id='word_1_312' title='bbox 793 2442 1110 2512; x_wconf 81' lang='grc' dir='ltr'>Πνεύματος</span> <span class='ocrx_word' id='word_1_313' title='bbox 1131 2443 1286 2510; x_wconf 83' lang='grc' dir='ltr'>ἁγίου</span> <span class='ocrx_word' id='word_1_314' title='bbox 1313 2446 1406 2498; x_wconf 73' lang='grc' dir='ltr'>τοῦ</span> <span class='ocrx_word' id='word_1_315' title='bbox 1429 2445 1671 2509; x_wconf 82' lang='grc' dir='ltr'>δοθέντος</span> <span class='ocrx_word' id='word_1_316' title='bbox 1696 2451 1849 2516; x_wconf 75' lang='grc' dir='ltr'>ἡμῖν.</span> <span class='ocrx_word' id='word_1_317' title='bbox 1885 2468 1902 2501; x_wconf 71' lang='grc' dir='ltr'><strong>ι</strong></span> 
     </span>
    </p>
   </div>
   <div class='ocr_carea' id='block_1_41' title="bbox 343 2530 1909 2610">
    <p class='ocr_par' dir='ltr' id='par_1_41' title="bbox 343 2530 1909 2610">
     <span class='ocr_line' id='line_1_41' title="bbox 343 2530 1909 2610; baseline 0.009 -30"><span class='ocrx_word' id='word_1_318' title='bbox 343 2530 637 2582; x_wconf 76' lang='grc' dir='ltr'>ΙΙιστοῦται</span> <span class='ocrx_word' id='word_1_319' title='bbox 664 2533 729 2584; x_wconf 69' lang='grc' dir='ltr'><strong>τά</strong></span> <span class='ocrx_word' id='word_1_320' title='bbox 760 2534 1020 2601; x_wconf 84' lang='grc' dir='ltr'>μέλλοντα</span> <span class='ocrx_word' id='word_1_321' title='bbox 1039 2536 1145 2587; x_wconf 85' lang='grc' dir='ltr'><strong>ἀπὸ</strong></span> <span class='ocrx_word' id='word_1_322' title='bbox 1171 2539 1269 2605; x_wconf 78' lang='grc' dir='ltr'>τῆς</span> <span class='ocrx_word' id='word_1_323' title='bbox 1301 2538 1541 2605; x_wconf 74' lang='grc' dir='ltr'>ἀγάπης.</span> <span class='ocrx_word' id='word_1_324' title='bbox 1572 2541 1636 2606; x_wconf 75' lang='grc' dir='ltr'>ἣν</span> <span class='ocrx_word' id='word_1_325' title='bbox 1659 2540 1758 2608; x_wconf 68' lang='grc' dir='ltr'>ἤδη</span> <span class='ocrx_word' id='word_1_326' title='bbox 1784 2542 1909 2610; x_wconf 76' lang='grc' dir='ltr'>περὶ</span> 
     </span>
    </p>
   </div>
   <div class='ocr_carea' id='block_1_42' title="bbox 344 2623 1904 2700">
    <p class='ocr_par' dir='ltr' id='par_1_42' title="bbox 344 2623 1904 2700">
     <span class='ocr_line' id='line_1_42' title="bbox 344 2623 1904 2700; baseline 0.007 -27"><span class='ocrx_word' id='word_1_327' title='bbox 344 2624 491 2688; x_wconf 67' lang='grc' dir='ltr'>ἡμᾶς</span> <span class='ocrx_word' id='word_1_328' title='bbox 513 2623 747 2687; x_wconf 56' lang='grc' dir='ltr'>ἐδέξατο</span> <span class='ocrx_word' id='word_1_329' title='bbox 769 2629 794 2678; x_wconf 84' lang='grc' dir='ltr'><strong>ό</strong></span> <span class='ocrx_word' id='word_1_330' title='bbox 816 2626 964 2687; x_wconf 85' lang='grc' dir='ltr'>Θεός.</span> <span class='ocrx_word' id='word_1_331' title='bbox 991 2628 1290 2696; x_wconf 73' lang='grc' dir='ltr'>Μονονουχὶ</span> <span class='ocrx_word' id='word_1_332' title='bbox 1311 2629 1418 2698; x_wconf 76' lang='grc' dir='ltr'><strong>γὰρ</strong></span> <span class='ocrx_word' id='word_1_333' title='bbox 1436 2629 1659 2684; x_wconf 77' lang='grc' dir='ltr'>τοιαῦτά</span> <span class='ocrx_word' id='word_1_334' title='bbox 1682 2631 1725 2660; x_wconf 69' lang='grc'><strong>⁷⁵</strong></span> <span class='ocrx_word' id='word_1_335' title='bbox 1754 2649 1904 2700; x_wconf 77' lang='grc' dir='ltr'>φησι·</span> 
     </span>
    </p>
   </div>
   <div class='ocr_carea' id='block_1_43' title="bbox 343 2714 1909 2787">
    <p class='ocr_par' dir='ltr' id='par_1_43' title="bbox 343 2714 1909 2787">
     <span class='ocr_line' id='line_1_43' title="bbox 343 2714 1909 2787; baseline 0.008 -23"><span class='ocrx_word' id='word_1_336' title='bbox 343 2714 432 2780; x_wconf 72' lang='grc' dir='ltr'><strong>Μὴ</strong></span> <span class='ocrx_word' id='word_1_337' title='bbox 462 2714 786 2785; x_wconf 75' lang='grc' dir='ltr'>ἀπιστήσῃς,</span> <span class='ocrx_word' id='word_1_338' title='bbox 818 2717 899 2769; x_wconf 81' lang='grc' dir='ltr'><strong>ὅτι</strong></span> <span class='ocrx_word' id='word_1_339' title='bbox 932 2719 963 2787; x_wconf 80' lang='grc' dir='ltr'>ἡ</span> <span class='ocrx_word' id='word_1_340' title='bbox 991 2720 1082 2770; x_wconf 78' lang='grc' dir='ltr'><strong>ἐπὶ</strong></span> <span class='ocrx_word' id='word_1_341' title='bbox 1116 2722 1231 2781; x_wconf 87' lang='grc' dir='ltr'>τοῖς</span> <span class='ocrx_word' id='word_1_342' title='bbox 1262 2718 1426 2782; x_wconf 79' lang='grc' dir='ltr'>θείοις</span> <span class='ocrx_word' id='word_1_343' title='bbox 1453 2721 1606 2784; x_wconf 50' lang='grc' dir='ltr'>ἐλπίς</span> <span class='ocrx_word' id='word_1_344' title='bbox 1635 2724 1694 2774; x_wconf 83' lang='grc' dir='ltr'><strong>οὐ</strong></span> <span class='ocrx_word' id='word_1_345' title='bbox 1727 2722 1909 2775; x_wconf 79' lang='grc' dir='ltr'>διαπί·</span> 
     </span>
    </p>
   </div>
   <div class='ocr_carea' id='block_1_44' title="bbox 345 2807 1908 2881">
    <p class='ocr_par' dir='ltr' id='par_1_44' title="bbox 345 2807 1908 2881">
     <span class='ocr_line' id='line_1_44' title="bbox 345 2807 1908 2881; baseline 0.009 -27"><span class='ocrx_word' id='word_1_346' title='bbox 345 2821 492 2858; x_wconf 73' lang='grc' dir='ltr'>πτει.</span> <span class='ocrx_word' id='word_1_347' title='bbox 530 2807 586 2858; x_wconf 88' lang='lat'><strong>&#39;0</strong></span> <span class='ocrx_word' id='word_1_348' title='bbox 611 2809 718 2878; x_wconf 77' lang='grc' dir='ltr'>γὰρ</span> <span class='ocrx_word' id='word_1_349' title='bbox 739 2808 910 2872; x_wconf 69' lang='grc' dir='ltr'>οὕτως</span> <span class='ocrx_word' id='word_1_350' title='bbox 935 2813 1080 2879; x_wconf 75' lang='grc' dir='ltr'>ἡμᾶς</span> <span class='ocrx_word' id='word_1_351' title='bbox 1102 2813 1412 2881; x_wconf 75' lang='grc' dir='ltr'>ἀγαπήσας,</span> <span class='ocrx_word' id='word_1_352' title='bbox 1440 2813 1576 2865; x_wconf 84' lang='grc' dir='ltr'>ὥστε</span> <span class='ocrx_word' id='word_1_353' title='bbox 1602 2816 1751 2877; x_wconf 83' lang='grc' dir='ltr'>υίοὺς</span> <span class='ocrx_word' id='word_1_354' title='bbox 1775 2816 1908 2868; x_wconf 87' lang='grc' dir='ltr'>Θεοῦ</span> 
     </span>
    </p>
   </div>
   <div class='ocr_carea' id='block_1_45' title="bbox 345 2897 1907 2973">
    <p class='ocr_par' dir='ltr' id='par_1_45' title="bbox 345 2897 1907 2973">
     <span class='ocr_line' id='line_1_45' title="bbox 345 2897 1907 2973; baseline 0.008 -28"><span class='ocrx_word' id='word_1_355' title='bbox 345 2897 568 2965; x_wconf 69' lang='grc' dir='ltr'>ποιῆσαι</span> <span class='ocrx_word' id='word_1_356' title='bbox 612 2899 824 2961; x_wconf 84' lang='grc' dir='ltr'>ἀπόνως</span> <span class='ocrx_word' id='word_1_357' title='bbox 859 2901 1107 2953; x_wconf 77' lang='grc' dir='ltr'>ἐντεῦθεν</span> <span class='ocrx_word' id='word_1_358' title='bbox 1137 2903 1236 2972; x_wconf 72' lang='grc' dir='ltr'>ἤδη</span> <span class='ocrx_word' id='word_1_359' title='bbox 1265 2904 1350 2955; x_wconf 90' lang='grc' dir='ltr'><strong>διὰ</strong></span> <span class='ocrx_word' id='word_1_360' title='bbox 1383 2904 1602 2973; x_wconf 76' lang='grc' dir='ltr'>Πνεύμι</span> <span class='ocrx_word' id='word_1_361' title='bbox 1625 2922 1695 2967; x_wconf 78' lang='grc' dir='ltr'>τος</span> <span class='ocrx_word' id='word_1_362' title='bbox 1731 2906 1907 2971; x_wconf 88' lang='grc' dir='ltr'>ἁγίου,</span> 
     </span>
    </p>
   </div>
   <div class='ocr_carea' id='block_1_46' title="bbox 346 2987 1912 3060">
    <p class='ocr_par' dir='ltr' id='par_1_46' title="bbox 346 2987 1912 3060">
     <span class='ocr_line' id='line_1_46' title="bbox 346 2987 1912 3060; baseline 0.007 -24"><span class='ocrx_word' id='word_1_363' title='bbox 346 2987 464 3047; x_wconf 68' lang='grc' dir='ltr'><strong>πῶς</strong></span> <span class='ocrx_word' id='word_1_364' title='bbox 495 2989 555 3038; x_wconf 73' lang='grc' dir='ltr'><strong>οὺ</strong></span> <span class='ocrx_word' id='word_1_365' title='bbox 588 2989 634 3019; x_wconf 81' lang='grc'><strong>⁷⁸</strong></span> <span class='ocrx_word' id='word_1_366' title='bbox 668 2989 826 3042; x_wconf 84' lang='grc' dir='ltr'>δώσει</span> <span class='ocrx_word' id='word_1_367' title='bbox 861 2993 1157 3058; x_wconf 73' lang='grc' dir='ltr'>στεφάνους</span> <span class='ocrx_word' id='word_1_368' title='bbox 1197 2995 1333 3060; x_wconf 87' lang='grc' dir='ltr'><strong>μετὰ</strong></span> <span class='ocrx_word' id='word_1_369' title='bbox 1364 2996 1487 3056; x_wconf 79' lang='grc' dir='ltr'>τοὺς</span> <span class='ocrx_word' id='word_1_370' title='bbox 1520 3014 1555 3046; x_wconf 79' lang='grc' dir='ltr'><strong>π</strong></span> <span class='ocrx_word' id='word_1_371' title='bbox 1621 3012 1744 3059; x_wconf 72' lang='grc' dir='ltr'>ουςς</span> <span class='ocrx_word' id='word_1_372' title='bbox 1791 2996 1912 3047; x_wconf 82' lang='grc' dir='ltr'><strong>Ἐκ-</strong></span> 
     </span>
    </p>
   </div>
   <div class='ocr_carea' id='block_1_47' title="bbox 347 3075 1910 3157">
    <p class='ocr_par' dir='ltr' id='par_1_47' title="bbox 347 3075 1910 3157">
     <span class='ocr_line' id='line_1_47' title="bbox 347 3075 1910 3157; baseline 0.021 -31"><span class='ocrx_word' id='word_1_373' title='bbox 347 3080 571 3146; x_wconf 70' lang='grc' dir='ltr'>κέκνται</span> <span class='ocrx_word' id='word_1_374' title='bbox 595 3075 685 3132; x_wconf 74' lang='grc' dir='ltr'><strong>οὖν</strong></span> <span class='ocrx_word' id='word_1_375' title='bbox 710 3083 739 3148; x_wconf 79' lang='grc' dir='ltr'>ἡ</span> <span class='ocrx_word' id='word_1_376' title='bbox 768 3083 953 3150; x_wconf 77' lang='grc' dir='ltr'>ἀγάπη</span> <span class='ocrx_word' id='word_1_377' title='bbox 979 3085 1068 3135; x_wconf 70' lang='grc' dir='ltr'>τοῦ</span> <span class='ocrx_word' id='word_1_378' title='bbox 1096 3085 1228 3137; x_wconf 80' lang='grc' dir='ltr'>Θεοῦ</span> <span class='ocrx_word' id='word_1_379' title='bbox 1251 3087 1305 3137; x_wconf 80' lang='grc' dir='ltr'><strong>ἐν</strong></span> <span class='ocrx_word' id='word_1_380' title='bbox 1325 3088 1440 3149; x_wconf 83' lang='grc' dir='ltr'>ταῖς</span> <span class='ocrx_word' id='word_1_381' title='bbox 1463 3087 1708 3156; x_wconf 83' lang='grc' dir='ltr'>καρδίαις</span> <span class='ocrx_word' id='word_1_382' title='bbox 1734 3089 1910 3157; x_wconf 78' lang='grc' dir='ltr'>ἡμῶν·</span> 
     </span>
    </p>
   </div>
   <div class='ocr_carea' id='block_1_48' title="bbox 2010 1958 3576 2033">
    <p class='ocr_par' dir='ltr' id='par_1_48' title="bbox 2010 1958 3576 2033">
     <span class='ocr_line' id='line_1_48' title="bbox 2010 1958 3576 2033; baseline -0.005 -17"><span class='ocrx_word' id='word_1_383' title='bbox 2010 1966 2185 2033; x_wconf 83' lang='lat' dir='ltr'><strong>tingit.</strong></span> <span class='ocrx_word' id='word_1_384' title='bbox 2221 1964 2319 2028; x_wconf 87' lang='lat' dir='ltr'><strong>Qui</strong></span> <span class='ocrx_word' id='word_1_385' title='bbox 2350 1965 2490 2016; x_wconf 86' lang='lat' dir='ltr'><strong>enim</strong></span> <span class='ocrx_word' id='word_1_386' title='bbox 2525 1965 2662 2015; x_wconf 89' lang='lat' dir='ltr'><strong>bona</strong></span> <span class='ocrx_word' id='word_1_387' title='bbox 2710 1961 2938 2024; x_wconf 86' lang='lat' dir='ltr'><strong>confert,</strong></span> <span class='ocrx_word' id='word_1_388' title='bbox 2981 1971 3032 2015; x_wconf 88' lang='lat' dir='ltr'><strong>et</strong></span> <span class='ocrx_word' id='word_1_389' title='bbox 3062 1958 3380 2013; x_wconf 89' lang='lat' dir='ltr'><strong>immortalis</strong></span> <span class='ocrx_word' id='word_1_390' title='bbox 3408 1967 3492 2012; x_wconf 89' lang='lat' dir='ltr'><strong>est</strong></span> <span class='ocrx_word' id='word_1_391' title='bbox 3522 1967 3576 2011; x_wconf 83' lang='lat' dir='ltr'><strong>et</strong></span> 
     </span>
    </p>
   </div>
   <div class='ocr_carea' id='block_1_49' title="bbox 2009 2050 3574 2122">
    <p class='ocr_par' dir='ltr' id='par_1_49' title="bbox 2009 2050 3574 2122">
     <span class='ocr_line' id='line_1_49' title="bbox 2009 2050 3574 2122; baseline -0.005 -13"><span class='ocrx_word' id='word_1_392' title='bbox 2009 2058 2200 2111; x_wconf 87' lang='lat' dir='ltr'><strong>bonus.</strong></span> <span class='ocrx_word' id='word_1_393' title='bbox 2244 2056 2320 2107; x_wconf 87' lang='lat' dir='ltr'><strong>Ac</strong></span> <span class='ocrx_word' id='word_1_394' title='bbox 2353 2071 2447 2108; x_wconf 87' lang='lat' dir='ltr'><strong>nos</strong></span> <span class='ocrx_word' id='word_1_395' title='bbox 2484 2055 2574 2122; x_wconf 93' lang='lat' dir='ltr'><strong>qui</strong></span> <span class='ocrx_word' id='word_1_396' title='bbox 2615 2068 2800 2106; x_wconf 89' lang='lat' dir='ltr'><strong>sumus</strong></span> <span class='ocrx_word' id='word_1_397' title='bbox 2854 2053 3156 2120; x_wconf 85' lang='lat' dir='ltr'><strong>accepturi,</strong></span> <span class='ocrx_word' id='word_1_398' title='bbox 3197 2050 3406 2103; x_wconf 89' lang='lat' dir='ltr'><strong>etiamsi</strong></span> <span class='ocrx_word' id='word_1_399' title='bbox 3457 2065 3574 2101; x_wconf 83' lang='lat' dir='ltr'><strong>mo-</strong></span> 
     </span>
    </p>
   </div>
   <div class='ocr_carea' id='block_1_50' title="bbox 2013 2139 3577 2211">
    <p class='ocr_par' dir='ltr' id='par_1_50' title="bbox 2013 2139 3577 2211">
     <span class='ocr_line' id='line_1_50' title="bbox 2013 2139 3577 2211; baseline -0.005 -11"><span class='ocrx_word' id='word_1_400' title='bbox 2013 2149 2236 2211; x_wconf 86' lang='lat' dir='ltr'><strong>riamur,</strong></span> <span class='ocrx_word' id='word_1_401' title='bbox 2275 2149 2512 2198; x_wconf 79' lang='lat' dir='ltr'><strong>vivemus</strong></span> <span class='ocrx_word' id='word_1_402' title='bbox 2563 2155 2737 2199; x_wconf 88' lang='lat' dir='ltr'><strong>tamen</strong></span> <span class='ocrx_word' id='word_1_403' title='bbox 2771 2162 2783 2196; x_wconf 89' lang='lat'>:</span> <span class='ocrx_word' id='word_1_404' title='bbox 2817 2154 2865 2197; x_wconf 89' lang='lat' dir='ltr'><strong>et</strong></span> <span class='ocrx_word' id='word_1_405' title='bbox 2914 2144 2964 2195; x_wconf 94' lang='lat' dir='ltr'><strong>in</strong></span> <span class='ocrx_word' id='word_1_406' title='bbox 3003 2153 3280 2210; x_wconf 89' lang='lat' dir='ltr'><strong>posterum</strong></span> <span class='ocrx_word' id='word_1_407' title='bbox 3313 2139 3444 2193; x_wconf 81' lang='lat' dir='ltr'><strong>nihil</strong></span> <span class='ocrx_word' id='word_1_408' title='bbox 3475 2140 3577 2192; x_wconf 84' lang='lat' dir='ltr'><strong>erit</strong></span> 
     </span>
    </p>
   </div>
   <div class='ocr_carea' id='block_1_51' title="bbox 2013 2233 3401 2308">
    <p class='ocr_par' dir='ltr' id='par_1_51' title="bbox 2013 2233 3401 2308">
     <span class='ocr_line' id='line_1_51' title="bbox 2013 2233 3401 2308; baseline -0.007 -15"><span class='ocrx_word' id='word_1_409' title='bbox 2013 2241 2309 2308; x_wconf 72' lang='lat' dir='ltr'><strong>impediens</strong></span> <span class='ocrx_word' id='word_1_410' title='bbox 2343 2255 2464 2307; x_wconf 87' lang='lat' dir='ltr'><strong>spes</strong></span> <span class='ocrx_word' id='word_1_411' title='bbox 2500 2251 2734 2299; x_wconf 86' lang='lat' dir='ltr'><strong>nostras,</strong></span> <span class='ocrx_word' id='word_1_412' title='bbox 2765 2237 3055 2305; x_wconf 84' lang='lat' dir='ltr'><strong>quominus</strong></span> <span class='ocrx_word' id='word_1_413' title='bbox 3090 2233 3401 2288; x_wconf 86' lang='lat' dir='ltr'><strong>succedant.</strong></span> 
     </span>
    </p>
   </div>
   <div class='ocr_carea' id='block_1_52' title="bbox 2084 2348 3574 2417">
    <p class='ocr_par' dir='ltr' id='par_1_52' title="bbox 2084 2348 3574 2417">
     <span class='ocr_line' id='line_1_52' title="bbox 2084 2348 3574 2417; baseline -0.007 -11"><span class='ocrx_word' id='word_1_414' title='bbox 2084 2355 2244 2406; x_wconf 83' lang='lat' dir='ltr'><strong>V&#39;tzns.</strong></span> <span class='ocrx_word' id='word_1_415' title='bbox 2278 2352 2327 2405; x_wconf 78' lang='grc'>5.</span> <span class='ocrx_word' id='word_1_416' title='bbox 2367 2369 2383 2400; x_wconf 77' lang='grc' dir='ltr'><strong>ι</strong></span> <span class='ocrx_word' id='word_1_417' title='bbox 2427 2351 2562 2417; x_wconf 82' lang='lat' dir='ltr'><strong>Quia</strong></span> <span class='ocrx_word' id='word_1_418' title='bbox 2605 2351 2840 2405; x_wconf 86' lang='lat' dir='ltr'><strong>charitas</strong></span> <span class='ocrx_word' id='word_1_419' title='bbox 2876 2350 2966 2403; x_wconf 88' lang='lat' dir='ltr'><strong>Dei</strong></span> <span class='ocrx_word' id='word_1_420' title='bbox 3009 2349 3194 2402; x_wconf 77' lang='lat' dir='ltr'><strong>diffusa</strong></span> <span class='ocrx_word' id='word_1_421' title='bbox 3239 2359 3320 2401; x_wconf 91' lang='lat' dir='ltr'><strong>est</strong></span> <span class='ocrx_word' id='word_1_422' title='bbox 3364 2348 3417 2400; x_wconf 92' lang='lat' dir='ltr'><strong>in</strong></span> <span class='ocrx_word' id='word_1_423' title='bbox 3451 2361 3574 2399; x_wconf 84' lang='lat' dir='ltr'><strong>cor-</strong></span> 
     </span>
    </p>
   </div>
   <div class='ocr_carea' id='block_1_53' title="bbox 2013 2440 3578 2510">
    <p class='ocr_par' dir='ltr' id='par_1_53' title="bbox 2013 2440 3578 2510">
     <span class='ocr_line' id='line_1_53' title="bbox 2013 2440 3578 2510; baseline -0.009 -10"><span class='ocrx_word' id='word_1_424' title='bbox 2013 2447 2165 2500; x_wconf 84' lang='lat' dir='ltr'><strong>dibus</strong></span> <span class='ocrx_word' id='word_1_425' title='bbox 2199 2444 2392 2497; x_wconf 85' lang='lat' dir='ltr'><strong>nostris</strong></span> <span class='ocrx_word' id='word_1_426' title='bbox 2436 2459 2529 2510; x_wconf 89' lang='lat' dir='ltr'><strong>per</strong></span> <span class='ocrx_word' id='word_1_427' title='bbox 2576 2442 2834 2510; x_wconf 81' lang='lat' dir='ltr'><strong>Spiritum</strong></span> <span class='ocrx_word' id='word_1_428' title='bbox 2868 2453 3133 2502; x_wconf 69' lang='lat' dir='ltr'><strong>sanctum,</strong></span> <span class='ocrx_word' id='word_1_429' title='bbox 3174 2440 3262 2508; x_wconf 83' lang='lat' dir='ltr'><strong>qui</strong></span> <span class='ocrx_word' id='word_1_430' title='bbox 3305 2440 3461 2492; x_wconf 83' lang='lat' dir='ltr'><strong>datus</strong></span> <span class='ocrx_word' id='word_1_431' title='bbox 3496 2449 3578 2488; x_wconf 60' lang='grc' dir='ltr'>ειμι</span> 
     </span>
    </p>
   </div>
   <div class='ocr_carea' id='block_1_54' title="bbox 2014 2533 3577 2597">
    <p class='ocr_par' dir='ltr' id='par_1_54' title="bbox 2014 2533 3577 2597">
     <span class='ocr_line' id='line_1_54' title="bbox 2014 2533 3577 2597; baseline -0.004 -7"><span class='ocrx_word' id='word_1_432' title='bbox 2014 2539 2189 2590; x_wconf 87' lang='lat' dir='ltr'><strong>nobis.</strong></span> <span class='ocrx_word' id='word_1_433' title='bbox 2231 2554 2246 2586; x_wconf 73' lang='grc' dir='ltr'><strong>ι</strong></span> <span class='ocrx_word' id='word_1_434' title='bbox 2285 2535 2464 2588; x_wconf 83' lang='lat' dir='ltr'><strong>Fidem</strong></span> <span class='ocrx_word' id='word_1_435' title='bbox 2512 2534 2704 2587; x_wconf 81' lang='lat' dir='ltr'><strong>astruit</strong></span> <span class='ocrx_word' id='word_1_436' title='bbox 2736 2533 2928 2586; x_wconf 83' lang='lat' dir='ltr'><strong>futuris</strong></span> <span class='ocrx_word' id='word_1_437' title='bbox 2960 2549 3019 2585; x_wconf 78' lang='lat' dir='ltr'><strong>ex</strong></span> <span class='ocrx_word' id='word_1_438' title='bbox 3070 2533 3374 2595; x_wconf 77' lang='lat' dir='ltr'><strong>dilectione,</strong></span> <span class='ocrx_word' id='word_1_439' title='bbox 3416 2546 3577 2597; x_wconf 85' lang='lat' dir='ltr'><strong>quam</strong></span> 
     </span>
    </p>
   </div>
   <div class='ocr_carea' id='block_1_55' title="bbox 2008 2624 3572 2698">
    <p class='ocr_par' dir='ltr' id='par_1_55' title="bbox 2008 2624 3572 2698">
     <span class='ocr_line' id='line_1_55' title="bbox 2008 2624 3572 2698; baseline -0.008 -17"><span class='ocrx_word' id='word_1_440' title='bbox 2008 2631 2115 2698; x_wconf 87' lang='lat' dir='ltr'><strong>jam</strong></span> <span class='ocrx_word' id='word_1_441' title='bbox 2159 2639 2312 2681; x_wconf 81' lang='lat' dir='ltr'><strong>antea</strong></span> <span class='ocrx_word' id='word_1_442' title='bbox 2359 2627 2499 2680; x_wconf 79' lang='lat' dir='ltr'><strong>Deus</strong></span> <span class='ocrx_word' id='word_1_443' title='bbox 2532 2627 2685 2680; x_wconf 82' lang='lat' dir='ltr'><strong>nobis</strong></span> <span class='ocrx_word' id='word_1_444' title='bbox 2713 2627 2976 2679; x_wconf 74' lang='lat' dir='ltr'><strong>exhibuit.</strong></span> <span class='ocrx_word' id='word_1_445' title='bbox 3011 2625 3397 2693; x_wconf 81' lang='lat' dir='ltr'><strong>Propemodum</strong></span> <span class='ocrx_word' id='word_1_446' title='bbox 3435 2624 3572 2676; x_wconf 82' lang='lat' dir='ltr'><strong>enim</strong></span> 
     </span>
    </p>
   </div>
   <div class='ocr_carea' id='block_1_56' title="bbox 2013 2716 3572 2785">
    <p class='ocr_par' dir='ltr' id='par_1_56' title="bbox 2013 2716 3572 2785">
     <span class='ocr_line' id='line_1_56' title="bbox 2013 2716 3572 2785; baseline -0.012 -9"><span class='ocrx_word' id='word_1_447' title='bbox 2013 2722 2138 2776; x_wconf 89' lang='lat' dir='ltr'><strong>talia</strong></span> <span class='ocrx_word' id='word_1_448' title='bbox 2164 2721 2315 2773; x_wconf 86' lang='lat' dir='ltr'><strong>dicit.</strong></span> <span class='ocrx_word' id='word_1_449' title='bbox 2363 2718 2438 2772; x_wconf 76' lang='lat' dir='ltr'><strong>Ne</strong></span> <span class='ocrx_word' id='word_1_450' title='bbox 2467 2719 2799 2785; x_wconf 71' lang='lat' dir='ltr'><strong>desporrleas</strong></span> <span class='ocrx_word' id='word_1_451' title='bbox 2828 2719 3061 2770; x_wconf 84' lang='lat' dir='ltr'><strong>animum</strong></span> <span class='ocrx_word' id='word_1_452' title='bbox 3096 2737 3107 2772; x_wconf 91' lang='lat'><strong>:</strong></span> <span class='ocrx_word' id='word_1_453' title='bbox 3136 2734 3255 2770; x_wconf 86' lang='lat' dir='ltr'><strong>naut</strong></span> <span class='ocrx_word' id='word_1_454' title='bbox 3289 2732 3410 2784; x_wconf 88' lang='lat' dir='ltr'><strong>spes</strong></span> <span class='ocrx_word' id='word_1_455' title='bbox 3432 2716 3572 2765; x_wconf 59' lang='lat' dir='ltr'><strong>cirri</strong></span> 
     </span>
    </p>
   </div>
   <div class='ocr_carea' id='block_1_57' title="bbox 2014 2809 3582 2875">
    <p class='ocr_par' dir='ltr' id='par_1_57' title="bbox 2014 2809 3582 2875">
     <span class='ocr_line' id='line_1_57' title="bbox 2014 2809 3582 2875; baseline -0.004 -9"><span class='ocrx_word' id='word_1_456' title='bbox 2014 2813 2195 2866; x_wconf 88' lang='lat' dir='ltr'><strong>divina</strong></span> <span class='ocrx_word' id='word_1_457' title='bbox 2230 2826 2331 2864; x_wconf 91' lang='lat' dir='ltr'><strong>non</strong></span> <span class='ocrx_word' id='word_1_458' title='bbox 2378 2812 2596 2863; x_wconf 77' lang='lat' dir='ltr'><strong>excidit.</strong></span> <span class='ocrx_word' id='word_1_459' title='bbox 2648 2811 2747 2875; x_wconf 85' lang='lat' dir='ltr'><strong>Qui</strong></span> <span class='ocrx_word' id='word_1_460' title='bbox 2784 2811 2926 2863; x_wconf 87' lang='lat' dir='ltr'><strong>enim</strong></span> <span class='ocrx_word' id='word_1_461' title='bbox 2959 2811 3092 2862; x_wconf 89' lang='lat' dir='ltr'><strong>adeo</strong></span> <span class='ocrx_word' id='word_1_462' title='bbox 3127 2826 3225 2863; x_wconf 91' lang='lat' dir='ltr'><strong>nos</strong></span> <span class='ocrx_word' id='word_1_463' title='bbox 3267 2809 3481 2864; x_wconf 73' lang='lat' dir='ltr'><strong>dilexit,</strong></span> <span class='ocrx_word' id='word_1_464' title='bbox 3523 2818 3582 2859; x_wconf 78' lang='lat' dir='ltr'><strong>ut</strong></span> 
     </span>
    </p>
   </div>
   <div class='ocr_carea' id='block_1_58' title="bbox 2014 2900 3570 2971">
    <p class='ocr_par' dir='ltr' id='par_1_58' title="bbox 2014 2900 3570 2971">
     <span class='ocr_line' id='line_1_58' title="bbox 2014 2900 3570 2971; baseline -0.005 -13"><span class='ocrx_word' id='word_1_465' title='bbox 2014 2918 2111 2958; x_wconf 86' lang='lat' dir='ltr'><strong>nos</strong></span> <span class='ocrx_word' id='word_1_466' title='bbox 2140 2904 2248 2971; x_wconf 90' lang='lat' dir='ltr'><strong>jam</strong></span> <span class='ocrx_word' id='word_1_467' title='bbox 2283 2903 2402 2956; x_wconf 87' lang='lat' dir='ltr'><strong>imle</strong></span> <span class='ocrx_word' id='word_1_468' title='bbox 2437 2902 2576 2956; x_wconf 88' lang='lat' dir='ltr'><strong>filios</strong></span> <span class='ocrx_word' id='word_1_469' title='bbox 2620 2901 2710 2953; x_wconf 75' lang='lat' dir='ltr'><strong>Dei</strong></span> <span class='ocrx_word' id='word_1_470' title='bbox 2741 2900 2960 2964; x_wconf 78' lang='lat' dir='ltr'><strong>faceret,</strong></span> <span class='ocrx_word' id='word_1_471' title='bbox 2993 2902 3128 2953; x_wconf 88' lang='lat' dir='ltr'><strong>citra</strong></span> <span class='ocrx_word' id='word_1_472' title='bbox 3156 2912 3395 2952; x_wconf 91' lang='lat' dir='ltr'><strong>nostrum</strong></span> <span class='ocrx_word' id='word_1_473' title='bbox 3432 2901 3570 2950; x_wconf 37' lang='lat' dir='ltr'><strong>latio.</strong></span> 
     </span>
    </p>
   </div>
   <div class='ocr_carea' id='block_1_59' title="bbox 2018 2987 3578 3061">
    <p class='ocr_par' dir='ltr' id='par_1_59' title="bbox 2018 2987 3578 3061">
     <span class='ocr_line' id='line_1_59' title="bbox 2018 2987 3578 3061; baseline -0.01 -14"><span class='ocrx_word' id='word_1_474' title='bbox 2018 3009 2126 3048; x_wconf 90' lang='lat' dir='ltr'><strong>rem</strong></span> <span class='ocrx_word' id='word_1_475' title='bbox 2153 3009 2246 3060; x_wconf 84' lang='lat' dir='ltr'><strong>per</strong></span> <span class='ocrx_word' id='word_1_476' title='bbox 2284 2993 2542 3061; x_wconf 85' lang='lat' dir='ltr'><strong>Spiritum</strong></span> <span class='ocrx_word' id='word_1_477' title='bbox 2581 3001 2843 3052; x_wconf 87' lang='lat' dir='ltr'><strong>sanctum,</strong></span> <span class='ocrx_word' id='word_1_478' title='bbox 2879 2991 3143 3057; x_wconf 88' lang='lat' dir='ltr'><strong>quomodo</strong></span> <span class='ocrx_word' id='word_1_479' title='bbox 3178 3003 3278 3040; x_wconf 92' lang='lat' dir='ltr'><strong>nou</strong></span> <span class='ocrx_word' id='word_1_480' title='bbox 3307 2987 3454 3036; x_wconf 82' lang='lat' dir='ltr'><strong>dabit</strong></span> <span class='ocrx_word' id='word_1_481' title='bbox 3482 3002 3578 3035; x_wconf 72' lang='lat' dir='ltr'><strong>no-</strong></span> 
     </span>
    </p>
   </div>
   <div class='ocr_carea' id='block_1_60' title="bbox 2016 3076 3580 3149">
    <p class='ocr_par' dir='ltr' id='par_1_60' title="bbox 2016 3076 3580 3149">
     <span class='ocr_line' id='line_1_60' title="bbox 2016 3076 3580 3149; baseline -0.006 -13"><span class='ocrx_word' id='word_1_482' title='bbox 2016 3085 2097 3138; x_wconf 91' lang='lat' dir='ltr'><strong>bis</strong></span> <span class='ocrx_word' id='word_1_483' title='bbox 2127 3098 2356 3137; x_wconf 80' lang='lat' dir='ltr'><strong>coronas</strong></span> <span class='ocrx_word' id='word_1_484' title='bbox 2406 3091 2518 3149; x_wconf 90' lang='lat' dir='ltr'><strong>post</strong></span> <span class='ocrx_word' id='word_1_485' title='bbox 2561 3080 2809 3135; x_wconf 85' lang='lat' dir='ltr'><strong>labores?</strong></span> <span class='ocrx_word' id='word_1_486' title='bbox 2843 3078 3018 3131; x_wconf 79' lang='lat' dir='ltr'><strong>Effusa</strong></span> <span class='ocrx_word' id='word_1_487' title='bbox 3052 3088 3130 3132; x_wconf 88' lang='lat' dir='ltr'><strong>est</strong></span> <span class='ocrx_word' id='word_1_488' title='bbox 3170 3078 3328 3144; x_wconf 73' lang='lat' dir='ltr'><strong>igitur</strong></span> <span class='ocrx_word' id='word_1_489' title='bbox 3364 3076 3580 3128; x_wconf 79' lang='lat' dir='ltr'><strong>dileetio</strong></span> 
     </span>
    </p>
   </div>
   <div class='ocr_carea' id='block_1_61' title="bbox 346 3170 2038 3250">
    <p class='ocr_par' dir='ltr' id='par_1_61' title="bbox 346 3170 2038 3250">
     <span class='ocr_line' id='line_1_61' title="bbox 346 3170 2038 3250; baseline 0.008 -32"><span class='ocrx_word' id='word_1_490' title='bbox 346 3170 472 3219; x_wconf 75' lang='grc' dir='ltr'>ἀντὶ</span> <span class='ocrx_word' id='word_1_491' title='bbox 517 3171 630 3231; x_wconf 73' lang='grc' dir='ltr'>τοῦ,</span> <span class='ocrx_word' id='word_1_492' title='bbox 673 3172 897 3240; x_wconf 65' lang='grc' dir='ltr'>δαψιλὴς</span> <span class='ocrx_word' id='word_1_493' title='bbox 935 3177 1024 3226; x_wconf 67' lang='grc' dir='ltr'>καὶ</span> <span class='ocrx_word' id='word_1_494' title='bbox 1075 3177 1306 3229; x_wconf 87' lang='grc' dir='ltr'>πλουσία</span> <span class='ocrx_word' id='word_1_495' title='bbox 1355 3177 1623 3244; x_wconf 73' lang='grc' dir='ltr'>φαίνεται,</span> <span class='ocrx_word' id='word_1_496' title='bbox 1676 3180 1906 3250; x_wconf 83' lang='grc' dir='ltr'>ἐχόντων</span> <span class='ocrx_word' id='word_1_497' title='bbox 1936 3182 1978 3240; x_wconf 88' lang='lat' dir='ltr'><strong><em>C</em></strong></span> <span class='ocrx_word' id='word_1_498' title='bbox 2012 3177 2038 3231; x_wconf 84' lang='grc' dir='ltr'>ῐ</span> 
     </span>
    </p>
   </div>
   <div class='ocr_carea' id='block_1_62' title="bbox 1841 3170 3533 3250">
    <p class='ocr_par' dir='ltr' id='par_1_62' title="bbox 1841 3171 3533 3240">
     <span class='ocr_line' id='line_1_62' title="bbox 1841 3171 3533 3240; baseline -0.009 -7"><span class='ocrx_word' id='word_1_499' title='bbox 1841 3199 1906 3236; x_wconf 85' lang='grc' dir='ltr'><strong>ων</strong></span> <span class='ocrx_word' id='word_1_500' title='bbox 1936 3182 1978 3240; x_wconf 87' lang='lat' dir='ltr'><strong><em>C</em></strong></span> <span class='ocrx_word' id='word_1_501' title='bbox 2012 3176 2106 3231; x_wconf 82' lang='lat' dir='ltr'><strong>Dei</strong></span> <span class='ocrx_word' id='word_1_502' title='bbox 2132 3177 2184 3229; x_wconf 91' lang='lat' dir='ltr'><strong>in</strong></span> <span class='ocrx_word' id='word_1_503' title='bbox 2214 3176 2373 3228; x_wconf 85' lang='lat' dir='ltr'><strong>corda</strong></span> <span class='ocrx_word' id='word_1_504' title='bbox 2402 3184 2602 3236; x_wconf 89' lang='lat' dir='ltr'><strong>nostra,</strong></span> <span class='ocrx_word' id='word_1_505' title='bbox 2634 3173 2683 3224; x_wconf 88' lang='lat' dir='ltr'><strong>id</strong></span> <span class='ocrx_word' id='word_1_506' title='bbox 2714 3182 2815 3236; x_wconf 71' lang='lat' dir='ltr'><strong>est,</strong></span> <span class='ocrx_word' id='word_1_507' title='bbox 2850 3173 2993 3239; x_wconf 81' lang='lat' dir='ltr'><strong>larga</strong></span> <span class='ocrx_word' id='word_1_508' title='bbox 3026 3179 3078 3223; x_wconf 89' lang='lat' dir='ltr'><strong>et</strong></span> <span class='ocrx_word' id='word_1_509' title='bbox 3136 3171 3282 3221; x_wconf 84' lang='lat' dir='ltr'><strong>dives</strong></span> <span class='ocrx_word' id='word_1_510' title='bbox 3315 3184 3480 3234; x_wconf 85' lang='lat' dir='ltr'><strong>appar</strong></span> <span class='ocrx_word' id='word_1_511' title='bbox 3522 3186 3533 3218; x_wconf 82' lang='grc' dir='ltr'><strong>ι</strong></span> 
     </span>
    </p>
   </div>
   <div class='ocr_carea' id='block_1_63' title="bbox 347 3259 1716 3340">
    <p class='ocr_par' dir='ltr' id='par_1_63' title="bbox 347 3259 1716 3340">
     <span class='ocr_line' id='line_1_63' title="bbox 347 3259 1716 3340; baseline 0.011 -32"><span class='ocrx_word' id='word_1_512' title='bbox 347 3259 506 3325; x_wconf 65' lang='grc' dir='ltr'>ἡμῶν</span> <span class='ocrx_word' id='word_1_513' title='bbox 537 3263 594 3312; x_wconf 89' lang='grc' dir='ltr'><strong>ἐν</strong></span> <span class='ocrx_word' id='word_1_514' title='bbox 630 3263 876 3330; x_wconf 79' lang='grc' dir='ltr'>καρδίαις</span> <span class='ocrx_word' id='word_1_515' title='bbox 903 3265 960 3315; x_wconf 64' lang='grc' dir='ltr'><strong>τι</strong></span> <span class='ocrx_word' id='word_1_516' title='bbox 994 3265 1237 3334; x_wconf 74' lang='grc' dir='ltr'>Πνεῦμα,</span> <span class='ocrx_word' id='word_1_517' title='bbox 1271 3266 1298 3318; x_wconf 87' lang='grc' dir='ltr'>ὃ</span> <span class='ocrx_word' id='word_1_518' title='bbox 1335 3267 1534 3322; x_wconf 77' lang='grc' dir='ltr'>ἔδωκεν</span> <span class='ocrx_word' id='word_1_519' title='bbox 1565 3271 1716 3340; x_wconf 78' lang='grc' dir='ltr'>ἡμῖν.</span> 
     </span>
    </p>
   </div>
   <div class='ocr_carea' id='block_1_64' title="bbox 425 3465 1912 3540">
    <p class='ocr_par' dir='ltr' id='par_1_64' title="bbox 425 3465 1912 3540">
     <span class='ocr_line' id='line_1_64' title="bbox 425 3465 1912 3540; baseline 0.006 -25"><span class='ocrx_word' id='word_1_520' title='bbox 425 3482 442 3516; x_wconf 72' lang='grc' dir='ltr'><strong>ι</strong></span> <span class='ocrx_word' id='word_1_521' title='bbox 484 3465 601 3516; x_wconf 78' lang='grc' dir='ltr'>Ἐτὶ</span> <span class='ocrx_word' id='word_1_522' title='bbox 634 3465 740 3536; x_wconf 73' lang='grc' dir='ltr'><strong>γάρ</strong></span> <span class='ocrx_word' id='word_1_523' title='bbox 772 3468 1001 3536; x_wconf 74' lang='grc' dir='ltr'>Χριστὸς</span> <span class='ocrx_word' id='word_1_524' title='bbox 1062 3468 1230 3521; x_wconf 78' lang='grc' dir='ltr'>ὄντων</span> <span class='ocrx_word' id='word_1_525' title='bbox 1280 3470 1436 3540; x_wconf 83' lang='grc' dir='ltr'>ἡμῶν</span> <span class='ocrx_word' id='word_1_526' title='bbox 1474 3470 1735 3535; x_wconf 82' lang='grc' dir='ltr'>ἀσθενῶν,</span> <span class='ocrx_word' id='word_1_527' title='bbox 1770 3472 1912 3524; x_wconf 82' lang='grc' dir='ltr'>κατὰ</span> 
     </span>
    </p>
   </div>
   <div class='ocr_carea' id='block_1_65' title="bbox 347 3555 1909 3631">
    <p class='ocr_par' dir='ltr' id='par_1_65' title="bbox 347 3555 1909 3631">
     <span class='ocr_line' id='line_1_65' title="bbox 347 3555 1909 3631; baseline 0.007 -28"><span class='ocrx_word' id='word_1_528' title='bbox 347 3555 537 3622; x_wconf 62' lang='grc' dir='ltr'>καιρὸν</span> <span class='ocrx_word' id='word_1_529' title='bbox 564 3555 697 3626; x_wconf 70' lang='grc' dir='ltr'>ὑπὲρ</span> <span class='ocrx_word' id='word_1_530' title='bbox 716 3556 926 3609; x_wconf 77' lang='grc' dir='ltr'>ἀσεϐῶν</span> <span class='ocrx_word' id='word_1_531' title='bbox 952 3559 1207 3613; x_wconf 84' lang='grc' dir='ltr'>ἀπέθανε.</span> <span class='ocrx_word' id='word_1_532' title='bbox 1232 3560 1524 3631; x_wconf 65' lang='grc' dir='ltr'>Μόλιςίγὰρ</span> <span class='ocrx_word' id='word_1_533' title='bbox 1550 3561 1686 3630; x_wconf 82' lang='grc' dir='ltr'>ὑπὲρ</span> <span class='ocrx_word' id='word_1_534' title='bbox 1704 3561 1909 3614; x_wconf 86' lang='grc' dir='ltr'>δικαίου</span> 
     </span>
    </p>
   </div>
   <div class='ocr_carea' id='block_1_66' title="bbox 350 3647 1914 3723">
    <p class='ocr_par' dir='ltr' id='par_1_66' title="bbox 350 3647 1914 3723">
     <span class='ocr_line' id='line_1_66' title="bbox 350 3647 1914 3723; baseline 0.006 -27"><span class='ocrx_word' id='word_1_535' title='bbox 350 3662 428 3707; x_wconf 77' lang='grc' dir='ltr'><strong>τις</strong></span> <span class='ocrx_word' id='word_1_536' title='bbox 456 3647 825 3702; x_wconf 80' lang='grc' dir='ltr'>ἀποθανεῖται·</span> <span class='ocrx_word' id='word_1_537' title='bbox 857 3651 994 3720; x_wconf 83' lang='grc' dir='ltr'>ὑπὲρ</span> <span class='ocrx_word' id='word_1_538' title='bbox 1029 3652 1135 3720; x_wconf 84' lang='grc' dir='ltr'>γὰρ</span> <span class='ocrx_word' id='word_1_539' title='bbox 1166 3653 1260 3705; x_wconf 76' lang='grc' dir='ltr'>τοῦ</span> <span class='ocrx_word' id='word_1_540' title='bbox 1299 3653 1502 3720; x_wconf 76' lang='grc' dir='ltr'>ἁγαθοῦ</span> <span class='ocrx_word' id='word_1_541' title='bbox 1532 3655 1672 3723; x_wconf 86' lang='grc' dir='ltr'>τάχα</span> <span class='ocrx_word' id='word_1_542' title='bbox 1700 3672 1782 3716; x_wconf 89' lang='grc' dir='ltr'><strong>τις</strong></span> <span class='ocrx_word' id='word_1_543' title='bbox 1821 3655 1914 3706; x_wconf 70' lang='grc' dir='ltr'><strong>καὶ</strong></span> 
     </span>
    </p>
   </div>
   <div class='ocr_carea' id='block_1_67' title="bbox 349 3737 1914 3814">
    <p class='ocr_par' dir='ltr' id='par_1_67' title="bbox 349 3737 1914 3814">
     <span class='ocr_line' id='line_1_67' title="bbox 349 3737 1914 3814; baseline 0.008 -27"><span class='ocrx_word' id='word_1_544' title='bbox 349 3737 525 3807; x_wconf 75' lang='grc' dir='ltr'>τολμᾷ</span> <span class='ocrx_word' id='word_1_545' title='bbox 549 3738 862 3792; x_wconf 82' lang='grc' dir='ltr'>ἀποθανεῖν.</span> <span class='ocrx_word' id='word_1_546' title='bbox 890 3741 1184 3812; x_wconf 84' lang='grc' dir='ltr'>Συνίστησι</span> <span class='ocrx_word' id='word_1_547' title='bbox 1216 3744 1272 3796; x_wconf 88' lang='grc' dir='ltr'><strong>δέ</strong></span> <span class='ocrx_word' id='word_1_548' title='bbox 1295 3745 1392 3814; x_wconf 83' lang='grc' dir='ltr'>τὴν</span> <span class='ocrx_word' id='word_1_549' title='bbox 1421 3745 1612 3799; x_wconf 80' lang='grc' dir='ltr'>ἐαυτοῦ</span> <span class='ocrx_word' id='word_1_550' title='bbox 1640 3745 1858 3814; x_wconf 83' lang='grc' dir='ltr'>ἀγάπην</span> <span class='ocrx_word' id='word_1_551' title='bbox 1888 3748 1914 3799; x_wconf 90' lang='grc' dir='ltr'><strong>ό</strong></span> 
     </span>
    </p>
   </div>
   <div class='ocr_carea' id='block_1_68' title="bbox 348 3830 1914 3906">
    <p class='ocr_par' dir='ltr' id='par_1_68' title="bbox 348 3830 1914 3906">
     <span class='ocr_line' id='line_1_68' title="bbox 348 3830 1914 3906; baseline 0.007 -27"><span class='ocrx_word' id='word_1_552' title='bbox 348 3830 480 3892; x_wconf 66' lang='grc' dir='ltr'>Θεὸς</span> <span class='ocrx_word' id='word_1_553' title='bbox 511 3833 590 3892; x_wconf 84' lang='grc' dir='ltr'><strong>είς</strong></span> <span class='ocrx_word' id='word_1_554' title='bbox 615 3831 781 3899; x_wconf 78' lang='grc' dir='ltr'>ἡμᾶς,</span> <span class='ocrx_word' id='word_1_555' title='bbox 810 3834 890 3886; x_wconf 84' lang='grc' dir='ltr'><strong>ὅτι</strong></span> <span class='ocrx_word' id='word_1_556' title='bbox 911 3833 990 3885; x_wconf 81' lang='grc' dir='ltr'><strong>ἔτι</strong></span> <span class='ocrx_word' id='word_1_557' title='bbox 1015 3835 1358 3904; x_wconf 80' lang='grc' dir='ltr'>ἁμαρτωλῶν</span> <span class='ocrx_word' id='word_1_558' title='bbox 1389 3837 1555 3889; x_wconf 76' lang='grc' dir='ltr'>ὄντων</span> <span class='ocrx_word' id='word_1_559' title='bbox 1582 3838 1756 3906; x_wconf 84' lang='grc' dir='ltr'>ήμῶν,</span> <span class='ocrx_word' id='word_1_560' title='bbox 1783 3839 1914 3906; x_wconf 81' lang='grc' dir='ltr'>Χρι-</span> 
     </span>
    </p>
   </div>
   <div class='ocr_carea' id='block_1_69' title="bbox 351 3921 1915 3998">
    <p class='ocr_par' dir='ltr' id='par_1_69' title="bbox 351 3921 1915 3998">
     <span class='ocr_line' id='line_1_69' title="bbox 351 3921 1915 3998; baseline 0.008 -27"><span class='ocrx_word' id='word_1_561' title='bbox 351 3921 473 3983; x_wconf 74' lang='grc' dir='ltr'>στος</span> <span class='ocrx_word' id='word_1_562' title='bbox 504 3923 643 3992; x_wconf 78' lang='grc' dir='ltr'>ὑπὲρ</span> <span class='ocrx_word' id='word_1_563' title='bbox 686 3924 848 3993; x_wconf 81' lang='grc' dir='ltr'>ἡμῶν</span> <span class='ocrx_word' id='word_1_564' title='bbox 890 3926 1148 3980; x_wconf 82' lang='grc' dir='ltr'>ἀπέθανε.</span> <span class='ocrx_word' id='word_1_565' title='bbox 1199 3927 1384 3997; x_wconf 88' lang='grc' dir='ltr'>Πολλῷ</span> <span class='ocrx_word' id='word_1_566' title='bbox 1427 3928 1519 3981; x_wconf 79' lang='grc' dir='ltr'><strong>οὖν</strong></span> <span class='ocrx_word' id='word_1_567' title='bbox 1564 3930 1784 3998; x_wconf 81' lang='grc' dir='ltr'>μᾶλλον,</span> <span class='ocrx_word' id='word_1_568' title='bbox 1833 3930 1915 3983; x_wconf 74' lang='grc' dir='ltr'><strong>διο</strong></span> 
     </span>
    </p>
   </div>
   <div class='ocr_carea' id='block_1_70' title="bbox 351 4013 1914 4091">
    <p class='ocr_par' dir='ltr' id='par_1_70' title="bbox 351 4013 1914 4091">
     <span class='ocr_line' id='line_1_70' title="bbox 351 4013 1914 4091; baseline 0.008 -28"><span class='ocrx_word' id='word_1_569' title='bbox 351 4013 680 4077; x_wconf 80' lang='grc' dir='ltr'>καιωθέντες</span> <span class='ocrx_word' id='word_1_570' title='bbox 712 4015 807 4070; x_wconf 83' lang='grc' dir='ltr'>νῦν</span> <span class='ocrx_word' id='word_1_571' title='bbox 838 4018 896 4070; x_wconf 90' lang='grc' dir='ltr'><strong>ἐν</strong></span> <span class='ocrx_word' id='word_1_572' title='bbox 921 4017 999 4086; x_wconf 80' lang='grc' dir='ltr'><strong>τῷ</strong></span> <span class='ocrx_word' id='word_1_573' title='bbox 1031 4019 1223 4088; x_wconf 81' lang='grc' dir='ltr'>αἵματι</span> <span class='ocrx_word' id='word_1_574' title='bbox 1252 4019 1436 4082; x_wconf 76' lang='grc' dir='ltr'>αὑτοῦ,</span> <span class='ocrx_word' id='word_1_575' title='bbox 1468 4020 1823 4091; x_wconf 81' lang='grc' dir='ltr'>σωθησόμεθα</span> <span class='ocrx_word' id='word_1_576' title='bbox 1848 4021 1914 4075; x_wconf 85' lang='grc' dir='ltr'>δι’</span> 
     </span>
    </p>
   </div>
   <div class='ocr_carea' id='block_1_71' title="bbox 349 4105 1916 4184">
    <p class='ocr_par' dir='ltr' id='par_1_71' title="bbox 349 4105 1916 4184">
     <span class='ocr_line' id='line_1_71' title="bbox 349 4105 1916 4184; baseline 0.006 -27"><span class='ocrx_word' id='word_1_577' title='bbox 349 4105 519 4158; x_wconf 78' lang='grc' dir='ltr'>αὑτοῦ</span> <span class='ocrx_word' id='word_1_578' title='bbox 566 4108 674 4160; x_wconf 78' lang='grc' dir='ltr'>ἀπὸ</span> <span class='ocrx_word' id='word_1_579' title='bbox 720 4109 819 4178; x_wconf 83' lang='grc' dir='ltr'>τῆς</span> <span class='ocrx_word' id='word_1_580' title='bbox 855 4110 1045 4181; x_wconf 83' lang='grc' dir='ltr'>ὀργῆς.</span> <span class='ocrx_word' id='word_1_581' title='bbox 1090 4128 1108 4162; x_wconf 81' lang='grc'>›</span> <span class='ocrx_word' id='word_1_582' title='bbox 1160 4105 1350 4174; x_wconf 84' lang='grc' dir='ltr'>Εἶπεν,</span> <span class='ocrx_word' id='word_1_583' title='bbox 1391 4111 1471 4165; x_wconf 84' lang='grc' dir='ltr'>ὅτι</span> <span class='ocrx_word' id='word_1_584' title='bbox 1507 4114 1538 4182; x_wconf 81' lang='grc' dir='ltr'>ὴ</span> <span class='ocrx_word' id='word_1_585' title='bbox 1583 4113 1770 4184; x_wconf 84' lang='grc' dir='ltr'>ἀγάπη</span> <span class='ocrx_word' id='word_1_586' title='bbox 1821 4113 1916 4167; x_wconf 82' lang='grc' dir='ltr'>τοῦ</span> 
     </span>
    </p>
   </div>
   <div class='ocr_carea' id='block_1_72' title="bbox 351 4197 1918 4277">
    <p class='ocr_par' dir='ltr' id='par_1_72' title="bbox 351 4197 1918 4277">
     <span class='ocr_line' id='line_1_72' title="bbox 351 4197 1918 4277; baseline 0.008 -29"><span class='ocrx_word' id='word_1_587' title='bbox 351 4197 490 4250; x_wconf 74' lang='grc' dir='ltr'>Θεοῦ</span> <span class='ocrx_word' id='word_1_588' title='bbox 539 4199 814 4252; x_wconf 86' lang='grc' dir='ltr'>δείκνυται</span> <span class='ocrx_word' id='word_1_589' title='bbox 858 4203 1199 4273; x_wconf 88' lang='grc' dir='ltr'>ἐκκεχυμένη</span> <span class='ocrx_word' id='word_1_590' title='bbox 1238 4206 1295 4257; x_wconf 86' lang='grc' dir='ltr'><strong>ἐν</strong></span> <span class='ocrx_word' id='word_1_591' title='bbox 1323 4207 1443 4267; x_wconf 89' lang='grc' dir='ltr'>ταῖς</span> <span class='ocrx_word' id='word_1_592' title='bbox 1478 4207 1725 4274; x_wconf 81' lang='grc' dir='ltr'>καρδίαις</span> <span class='ocrx_word' id='word_1_593' title='bbox 1761 4207 1918 4277; x_wconf 81' lang='grc' dir='ltr'>ἡμῶν</span> 
     </span>
    </p>
   </div>
   <div class='ocr_carea' id='block_1_73' title="bbox 352 4289 1918 4369">
    <p class='ocr_par' dir='ltr' id='par_1_73' title="bbox 352 4289 1918 4369">
     <span class='ocr_line' id='line_1_73' title="bbox 352 4289 1918 4369; baseline 0.006 -28"><span class='ocrx_word' id='word_1_594' title='bbox 352 4290 440 4342; x_wconf 66' lang='grc' dir='ltr'><strong>διὰ</strong></span> <span class='ocrx_word' id='word_1_595' title='bbox 473 4289 565 4342; x_wconf 80' lang='grc' dir='ltr'>τοῦ</span> <span class='ocrx_word' id='word_1_596' title='bbox 604 4291 938 4361; x_wconf 76' lang='grc' dir='ltr'>Πνεύματος,</span> <span class='ocrx_word' id='word_1_597' title='bbox 987 4295 1015 4347; x_wconf 87' lang='grc' dir='ltr'><strong>ὃ</strong></span> <span class='ocrx_word' id='word_1_598' title='bbox 1055 4295 1250 4365; x_wconf 82' lang='grc' dir='ltr'>ἔχομεν</span> <span class='ocrx_word' id='word_1_599' title='bbox 1294 4297 1350 4348; x_wconf 88' lang='grc' dir='ltr'><strong>ἐν</strong></span> <span class='ocrx_word' id='word_1_600' title='bbox 1385 4297 1579 4360; x_wconf 80' lang='grc' dir='ltr'>αὐταῖς</span> <span class='ocrx_word' id='word_1_601' title='bbox 1609 4296 1759 4350; x_wconf 87' lang='grc' dir='ltr'>δοθὲν</span> <span class='ocrx_word' id='word_1_602' title='bbox 1789 4299 1918 4369; x_wconf 80' lang='grc' dir='ltr'>παρ’</span> 
     </span>
    </p>
   </div>
   <div class='ocr_carea' id='block_1_74' title="bbox 355 4383 1916 4457">
    <p class='ocr_par' dir='ltr' id='par_1_74' title="bbox 355 4383 1916 4457">
     <span class='ocr_line' id='line_1_74' title="bbox 355 4383 1916 4457; baseline 0.006 -25"><span class='ocrx_word' id='word_1_603' title='bbox 355 4383 541 4433; x_wconf 75' lang='grc' dir='ltr'>αὑτοῦ·</span> <span class='ocrx_word' id='word_1_604' title='bbox 573 4385 666 4435; x_wconf 79' lang='grc' dir='ltr'>καὶ</span> <span class='ocrx_word' id='word_1_605' title='bbox 694 4383 773 4435; x_wconf 79' lang='grc' dir='ltr'>ἔτι</span> <span class='ocrx_word' id='word_1_606' title='bbox 799 4384 890 4438; x_wconf 84' lang='grc' dir='ltr'><strong>οὖν</strong></span> <span class='ocrx_word' id='word_1_607' title='bbox 920 4385 1162 4439; x_wconf 86' lang='grc' dir='ltr'>δείκνυσι</span> <span class='ocrx_word' id='word_1_608' title='bbox 1189 4389 1247 4440; x_wconf 85' lang='grc' dir='ltr'><strong>τὸ</strong></span> <span class='ocrx_word' id='word_1_609' title='bbox 1286 4388 1382 4456; x_wconf 82' lang='grc' dir='ltr'><strong>τῆς</strong></span> <span class='ocrx_word' id='word_1_610' title='bbox 1417 4389 1637 4457; x_wconf 79' lang='grc' dir='ltr'>ἀγάπης</span> <span class='ocrx_word' id='word_1_611' title='bbox 1667 4389 1916 4456; x_wconf 81' lang='grc' dir='ltr'>μέγεθος,</span> 
     </span>
    </p>
   </div>
   <div class='ocr_carea' id='block_1_75' title="bbox 2012 3261 3575 3340">
    <p class='ocr_par' dir='ltr' id='par_1_75' title="bbox 2012 3261 3575 3340">
     <span class='ocr_line' id='line_1_75' title="bbox 2012 3261 3575 3340; baseline -0.006 -19"><span class='ocrx_word' id='word_1_612' title='bbox 2012 3269 2208 3340; x_wconf 83' lang='lat' dir='ltr'><strong>quippe</strong></span> <span class='ocrx_word' id='word_1_613' title='bbox 2239 3267 2326 3337; x_wconf 74' lang='lat' dir='ltr'><strong>Qui</strong></span> <span class='ocrx_word' id='word_1_614' title='bbox 2353 3267 2607 3320; x_wconf 83' lang='lat' dir='ltr'><strong>habemus</strong></span> <span class='ocrx_word' id='word_1_615' title='bbox 2641 3265 2692 3317; x_wconf 86' lang='lat' dir='ltr'><strong>in</strong></span> <span class='ocrx_word' id='word_1_616' title='bbox 2717 3265 2876 3318; x_wconf 85' lang='lat' dir='ltr'><strong>corde</strong></span> <span class='ocrx_word' id='word_1_617' title='bbox 2908 3272 3090 3317; x_wconf 86' lang='lat' dir='ltr'><strong>nostro</strong></span> <span class='ocrx_word' id='word_1_618' title='bbox 3118 3261 3395 3319; x_wconf 73' lang='lat' dir='ltr'><strong>Spiritum.</strong></span> <span class='ocrx_word' id='word_1_619' title='bbox 3424 3276 3575 3323; x_wconf 69' lang='lat' dir='ltr'><strong>quem</strong></span> 
     </span>
    </p>
   </div>
   <div class='ocr_carea' id='block_1_76' title="bbox 2013 3363 2363 3417">
    <p class='ocr_par' dir='ltr' id='par_1_76' title="bbox 2013 3363 2363 3417">
     <span class='ocr_line' id='line_1_76' title="bbox 2013 3363 2363 3417; baseline -0.011 0"><span class='ocrx_word' id='word_1_620' title='bbox 2013 3363 2158 3417; x_wconf 87' lang='lat' dir='ltr'><strong>dedit</strong></span> <span class='ocrx_word' id='word_1_621' title='bbox 2193 3363 2363 3415; x_wconf 89' lang='lat' dir='ltr'><strong>nobis.</strong></span> 
     </span>
    </p>
   </div>
   <div class='ocr_carea' id='block_1_77' title="bbox 2090 3471 3582 3540">
    <p class='ocr_par' dir='ltr' id='par_1_77' title="bbox 2090 3471 3582 3540">
     <span class='ocr_line' id='line_1_77' title="bbox 2090 3471 3582 3540; baseline -0.004 -15"><span class='ocrx_word' id='word_1_622' title='bbox 2090 3473 2248 3527; x_wconf 70' lang='lat' dir='ltr'><strong>Vens.</strong></span> <span class='ocrx_word' id='word_1_623' title='bbox 2284 3473 2398 3527; x_wconf 82' lang='lat'><strong>6-9.</strong></span> <span class='ocrx_word' id='word_1_624' title='bbox 2436 3472 2743 3540; x_wconf 75' lang='lat' dir='ltr'><strong>t|Christus</strong></span> <span class='ocrx_word' id='word_1_625' title='bbox 2773 3472 2938 3534; x_wconf 89' lang='lat' dir='ltr'><strong>enim,</strong></span> <span class='ocrx_word' id='word_1_626' title='bbox 2982 3487 3103 3524; x_wconf 87' lang='lat' dir='ltr'><strong>cum</strong></span> <span class='ocrx_word' id='word_1_627' title='bbox 3137 3471 3311 3523; x_wconf 89' lang='lat' dir='ltr'><strong>adhuc</strong></span> <span class='ocrx_word' id='word_1_628' title='bbox 3338 3485 3582 3524; x_wconf 73' lang='lat' dir='ltr'><strong>essemus</strong></span> 
     </span>
    </p>
   </div>
   <div class='ocr_carea' id='block_1_78' title="bbox 2017 3562 3580 3635">
    <p class='ocr_par' dir='ltr' id='par_1_78' title="bbox 2017 3562 3580 3635">
     <span class='ocr_line' id='line_1_78' title="bbox 2017 3562 3580 3635; baseline -0.006 -14"><span class='ocrx_word' id='word_1_629' title='bbox 2017 3567 2238 3629; x_wconf 88' lang='lat' dir='ltr'><strong>infirmi,</strong></span> <span class='ocrx_word' id='word_1_630' title='bbox 2268 3566 2372 3635; x_wconf 83' lang='lat'><strong>37</strong></span> <span class='ocrx_word' id='word_1_631' title='bbox 2412 3565 2563 3632; x_wconf 73' lang='lat' dir='ltr'><strong>juxta</strong></span> <span class='ocrx_word' id='word_1_632' title='bbox 2610 3575 2818 3632; x_wconf 88' lang='lat' dir='ltr'><strong>tempus</strong></span> <span class='ocrx_word' id='word_1_633' title='bbox 2856 3579 2952 3631; x_wconf 89' lang='lat' dir='ltr'><strong>pro</strong></span> <span class='ocrx_word' id='word_1_634' title='bbox 2994 3562 3174 3630; x_wconf 88' lang='lat' dir='ltr'><strong>impiis</strong></span> <span class='ocrx_word' id='word_1_635' title='bbox 3208 3573 3451 3616; x_wconf 89' lang='lat' dir='ltr'><strong>mortuus</strong></span> <span class='ocrx_word' id='word_1_636' title='bbox 3482 3573 3580 3612; x_wconf 70' lang='lat' dir='ltr'><strong>est.</strong></span> 
     </span>
    </p>
   </div>
   <div class='ocr_carea' id='block_1_79' title="bbox 2021 3653 3588 3724">
    <p class='ocr_par' dir='ltr' id='par_1_79' title="bbox 2021 3653 3588 3724">
     <span class='ocr_line' id='line_1_79' title="bbox 2021 3653 3588 3724; baseline -0.006 -12"><span class='ocrx_word' id='word_1_637' title='bbox 2021 3660 2118 3712; x_wconf 79' lang='lat' dir='ltr'><strong>Vix</strong></span> <span class='ocrx_word' id='word_1_638' title='bbox 2173 3658 2313 3710; x_wconf 89' lang='lat' dir='ltr'><strong>enim</strong></span> <span class='ocrx_word' id='word_1_639' title='bbox 2349 3671 2444 3724; x_wconf 91' lang='lat' dir='ltr'><strong>pro</strong></span> <span class='ocrx_word' id='word_1_640' title='bbox 2477 3656 2620 3724; x_wconf 86' lang='lat' dir='ltr'><strong>justo</strong></span> <span class='ocrx_word' id='word_1_641' title='bbox 2655 3655 2776 3724; x_wconf 89' lang='lat' dir='ltr'><strong>quis</strong></span> <span class='ocrx_word' id='word_1_642' title='bbox 2819 3655 3114 3708; x_wconf 88' lang='lat' dir='ltr'><strong>morietur:</strong></span> <span class='ocrx_word' id='word_1_643' title='bbox 3155 3670 3276 3706; x_wconf 88' lang='lat' dir='ltr'><strong>nam</strong></span> <span class='ocrx_word' id='word_1_644' title='bbox 3320 3669 3412 3720; x_wconf 84' lang='lat' dir='ltr'><strong>pro</strong></span> <span class='ocrx_word' id='word_1_645' title='bbox 3448 3653 3588 3705; x_wconf 83' lang='lat' dir='ltr'><strong>b0uo</strong></span> 
     </span>
    </p>
   </div>
   <div class='ocr_carea' id='block_1_80' title="bbox 2017 3746 3585 3815">
    <p class='ocr_par' dir='ltr' id='par_1_80' title="bbox 2017 3746 3585 3815">
     <span class='ocr_line' id='line_1_80' title="bbox 2017 3746 3585 3815; baseline -0.006 -11"><span class='ocrx_word' id='word_1_646' title='bbox 2017 3749 2242 3803; x_wconf 86' lang='lat' dir='ltr'><strong>forsitan</strong></span> <span class='ocrx_word' id='word_1_647' title='bbox 2295 3748 2414 3815; x_wconf 89' lang='lat' dir='ltr'><strong>quis</strong></span> <span class='ocrx_word' id='word_1_648' title='bbox 2443 3749 2605 3800; x_wconf 88' lang='lat' dir='ltr'><strong>etiam</strong></span> <span class='ocrx_word' id='word_1_649' title='bbox 2644 3747 2805 3800; x_wconf 87' lang='lat' dir='ltr'><strong>audet</strong></span> <span class='ocrx_word' id='word_1_650' title='bbox 2833 3748 2988 3800; x_wconf 90' lang='lat' dir='ltr'><strong>mori.</strong></span> <span class='ocrx_word' id='word_1_651' title='bbox 3020 3746 3372 3800; x_wconf 84' lang='lat' dir='ltr'><strong>Commendat</strong></span> <span class='ocrx_word' id='word_1_652' title='bbox 3405 3759 3585 3796; x_wconf 84' lang='lat' dir='ltr'><strong>autem</strong></span> 
     </span>
    </p>
   </div>
   <div class='ocr_carea' id='block_1_81' title="bbox 2019 3839 3585 3910">
    <p class='ocr_par' dir='ltr' id='par_1_81' title="bbox 2019 3839 3585 3910">
     <span class='ocr_line' id='line_1_81' title="bbox 2019 3839 3585 3910; baseline -0.005 -13"><span class='ocrx_word' id='word_1_653' title='bbox 2019 3857 2170 3897; x_wconf 90' lang='lat' dir='ltr'><strong>suam</strong></span> <span class='ocrx_word' id='word_1_654' title='bbox 2207 3843 2376 3910; x_wconf 90' lang='lat' dir='ltr'><strong>ipsius</strong></span> <span class='ocrx_word' id='word_1_655' title='bbox 2409 3840 2752 3895; x_wconf 83' lang='lat' dir='ltr'><strong>dilectionem</strong></span> <span class='ocrx_word' id='word_1_656' title='bbox 2790 3839 2928 3894; x_wconf 88' lang='lat' dir='ltr'><strong>Deus</strong></span> <span class='ocrx_word' id='word_1_657' title='bbox 2963 3855 3088 3909; x_wconf 77' lang='lat' dir='ltr'><strong>erga</strong></span> <span class='ocrx_word' id='word_1_658' title='bbox 3124 3854 3239 3904; x_wconf 83' lang='lat' dir='ltr'><strong>nos,</strong></span> <span class='ocrx_word' id='word_1_659' title='bbox 3283 3839 3422 3906; x_wconf 88' lang='lat' dir='ltr'><strong>quod</strong></span> <span class='ocrx_word' id='word_1_660' title='bbox 3464 3855 3585 3891; x_wconf 87' lang='lat' dir='ltr'><strong>cum</strong></span> 
     </span>
    </p>
   </div>
   <div class='ocr_carea' id='block_1_82' title="bbox 2019 3931 3585 4003">
    <p class='ocr_par' dir='ltr' id='par_1_82' title="bbox 2019 3931 3585 4003">
     <span class='ocr_line' id='line_1_82' title="bbox 2019 3931 3585 4003; baseline -0.005 -14"><span class='ocrx_word' id='word_1_661' title='bbox 2019 3936 2194 3989; x_wconf 88' lang='lat' dir='ltr'><strong>adhuc</strong></span> <span class='ocrx_word' id='word_1_662' title='bbox 2215 3944 2526 4003; x_wconf 83' lang='lat' dir='ltr'><strong>peccatores</strong></span> <span class='ocrx_word' id='word_1_663' title='bbox 2555 3947 2816 3994; x_wconf 82' lang='lat' dir='ltr'><strong>essemus,</strong></span> <span class='ocrx_word' id='word_1_664' title='bbox 2847 3932 3098 3985; x_wconf 80' lang='lat' dir='ltr'><strong>Christus</strong></span> <span class='ocrx_word' id='word_1_665' title='bbox 3130 3946 3225 3999; x_wconf 91' lang='lat' dir='ltr'><strong>pro</strong></span> <span class='ocrx_word' id='word_1_666' title='bbox 3256 3931 3409 3983; x_wconf 90' lang='lat' dir='ltr'><strong>nobis</strong></span> <span class='ocrx_word' id='word_1_667' title='bbox 3441 3945 3585 3982; x_wconf 90' lang='lat' dir='ltr'><strong>mor-</strong></span> 
     </span>
    </p>
   </div>
   <div class='ocr_carea' id='block_1_83' title="bbox 2022 4019 3588 4090">
    <p class='ocr_par' dir='ltr' id='par_1_83' title="bbox 2022 4019 3588 4090">
     <span class='ocr_line' id='line_1_83' title="bbox 2022 4019 3588 4090; baseline -0.005 -12"><span class='ocrx_word' id='word_1_668' title='bbox 2022 4034 2145 4078; x_wconf 91' lang='lat' dir='ltr'><strong>tuus</strong></span> <span class='ocrx_word' id='word_1_669' title='bbox 2183 4033 2287 4078; x_wconf 91' lang='lat' dir='ltr'><strong>est.</strong></span> <span class='ocrx_word' id='word_1_670' title='bbox 2321 4023 2483 4077; x_wconf 85' lang='lat' dir='ltr'><strong>Multo</strong></span> <span class='ocrx_word' id='word_1_671' title='bbox 2515 4022 2677 4090; x_wconf 85' lang='lat' dir='ltr'><strong>igitur</strong></span> <span class='ocrx_word' id='word_1_672' title='bbox 2711 4027 2883 4087; x_wconf 80' lang='lat' dir='ltr'><strong>magis</strong></span> <span class='ocrx_word' id='word_1_673' title='bbox 2907 4020 3182 4088; x_wconf 83' lang='lat' dir='ltr'><strong>justittcati</strong></span> <span class='ocrx_word' id='word_1_674' title='bbox 3219 4034 3356 4072; x_wconf 84' lang='lat' dir='ltr'><strong>nunc</strong></span> <span class='ocrx_word' id='word_1_675' title='bbox 3390 4019 3438 4071; x_wconf 93' lang='lat' dir='ltr'><strong>in</strong></span> <span class='ocrx_word' id='word_1_676' title='bbox 3468 4033 3588 4070; x_wconf 88' lang='lat' dir='ltr'><strong>san-</strong></span> 
     </span>
    </p>
   </div>
   <div class='ocr_carea' id='block_1_84' title="bbox 2023 4109 3585 4187">
    <p class='ocr_par' dir='ltr' id='par_1_84' title="bbox 2023 4109 3585 4187">
     <span class='ocr_line' id='line_1_84' title="bbox 2023 4109 3585 4187; baseline -0.005 -18"><span class='ocrx_word' id='word_1_677' title='bbox 2023 4116 2185 4187; x_wconf 72' lang='lat' dir='ltr'><strong>guine</strong></span> <span class='ocrx_word' id='word_1_678' title='bbox 2223 4115 2413 4183; x_wconf 89' lang='lat' dir='ltr'><strong>ipsius,</strong></span> <span class='ocrx_word' id='word_1_679' title='bbox 2450 4113 2792 4169; x_wconf 88' lang='lat' dir='ltr'><strong>servabimur</strong></span> <span class='ocrx_word' id='word_1_680' title='bbox 2825 4127 2918 4179; x_wconf 91' lang='lat' dir='ltr'><strong>per</strong></span> <span class='ocrx_word' id='word_1_681' title='bbox 2959 4113 3132 4180; x_wconf 49' lang='lat' dir='ltr'><strong>ipsum</strong></span> <span class='ocrx_word' id='word_1_682' title='bbox 3165 4110 3232 4163; x_wconf 90' lang='lat' dir='ltr'><strong>ab</strong></span> <span class='ocrx_word' id='word_1_683' title='bbox 3263 4111 3361 4164; x_wconf 90' lang='lat' dir='ltr'><strong>ira.</strong></span> <span class='ocrx_word' id='word_1_684' title='bbox 3401 4127 3419 4160; x_wconf 73' lang='grc' dir='ltr'><strong>ι</strong></span> <span class='ocrx_word' id='word_1_685' title='bbox 3454 4109 3585 4164; x_wconf 90' lang='lat' dir='ltr'><strong>Cum</strong></span> 
     </span>
    </p>
   </div>
   <div class='ocr_carea' id='block_1_85' title="bbox 2024 4201 3587 4276">
    <p class='ocr_par' dir='ltr' id='par_1_85' title="bbox 2024 4201 3587 4276">
     <span class='ocr_line' id='line_1_85' title="bbox 2024 4201 3587 4276; baseline -0.004 -16"><span class='ocrx_word' id='word_1_686' title='bbox 2024 4207 2247 4261; x_wconf 79' lang='lat' dir='ltr'><strong>dixisset</strong></span> <span class='ocrx_word' id='word_1_687' title='bbox 2271 4207 2411 4276; x_wconf 87' lang='lat' dir='ltr'><strong>quod</strong></span> <span class='ocrx_word' id='word_1_688' title='bbox 2438 4205 2648 4258; x_wconf 86' lang='lat' dir='ltr'><strong>dilectio</strong></span> <span class='ocrx_word' id='word_1_689' title='bbox 2671 4204 2763 4258; x_wconf 88' lang='lat' dir='ltr'><strong>Dei</strong></span> <span class='ocrx_word' id='word_1_690' title='bbox 2791 4213 3125 4257; x_wconf 79' lang='lat' dir='ltr'><strong>monstratur</strong></span> <span class='ocrx_word' id='word_1_691' title='bbox 3153 4201 3319 4255; x_wconf 64' lang='lat' dir='ltr'><strong>effusa</strong></span> <span class='ocrx_word' id='word_1_692' title='bbox 3349 4203 3400 4256; x_wconf 89' lang='lat' dir='ltr'><strong>in</strong></span> <span class='ocrx_word' id='word_1_693' title='bbox 3425 4204 3587 4256; x_wconf 83' lang='lat' dir='ltr'><strong>corda</strong></span> 
     </span>
    </p>
   </div>
   <div class='ocr_carea' id='block_1_86' title="bbox 2025 4294 3589 4367">
    <p class='ocr_par' dir='ltr' id='par_1_86' title="bbox 2025 4294 3589 4367">
     <span class='ocr_line' id='line_1_86' title="bbox 2025 4294 3589 4367; baseline -0.004 -13"><span class='ocrx_word' id='word_1_694' title='bbox 2025 4306 2208 4354; x_wconf 89' lang='lat' dir='ltr'><strong>nostra</strong></span> <span class='ocrx_word' id='word_1_695' title='bbox 2252 4313 2346 4366; x_wconf 88' lang='lat' dir='ltr'><strong>per</strong></span> <span class='ocrx_word' id='word_1_696' title='bbox 2375 4297 2661 4367; x_wconf 88' lang='lat' dir='ltr'><strong>Spiritum,</strong></span> <span class='ocrx_word' id='word_1_697' title='bbox 2694 4311 2851 4364; x_wconf 89' lang='lat' dir='ltr'><strong>quem</strong></span> <span class='ocrx_word' id='word_1_698' title='bbox 2884 4296 3142 4349; x_wconf 84' lang='lat' dir='ltr'><strong>habemus</strong></span> <span class='ocrx_word' id='word_1_699' title='bbox 3171 4294 3220 4346; x_wconf 93' lang='lat' dir='ltr'><strong>in</strong></span> <span class='ocrx_word' id='word_1_700' title='bbox 3251 4296 3382 4360; x_wconf 87' lang='lat' dir='ltr'><strong>ipsis</strong></span> <span class='ocrx_word' id='word_1_701' title='bbox 3408 4294 3589 4348; x_wconf 82' lang='lat' dir='ltr'><strong>datum</strong></span> 
     </span>
    </p>
   </div>
   <div class='ocr_carea' id='block_1_87' title="bbox 2025 4387 3591 4457">
    <p class='ocr_par' dir='ltr' id='par_1_87' title="bbox 2025 4387 3591 4457">
     <span class='ocr_line' id='line_1_87' title="bbox 2025 4387 3591 4457; baseline -0.005 -12"><span class='ocrx_word' id='word_1_702' title='bbox 2025 4391 2090 4445; x_wconf 85' lang='lat' dir='ltr'><strong>ab</strong></span> <span class='ocrx_word' id='word_1_703' title='bbox 2138 4406 2202 4445; x_wconf 90' lang='lat' dir='ltr'><strong>eo</strong></span> <span class='ocrx_word' id='word_1_704' title='bbox 2235 4431 2249 4453; x_wconf 94' lang='lat'><strong>,</strong></span> <span class='ocrx_word' id='word_1_705' title='bbox 2291 4405 2450 4457; x_wconf 90' lang='lat' dir='ltr'><strong>porro</strong></span> <span class='ocrx_word' id='word_1_706' title='bbox 2497 4390 2659 4441; x_wconf 88' lang='lat' dir='ltr'><strong>etiam</strong></span> <span class='ocrx_word' id='word_1_707' title='bbox 2701 4387 3005 4441; x_wconf 87' lang='lat' dir='ltr'><strong>dilectionis</strong></span> <span class='ocrx_word' id='word_1_708' title='bbox 3059 4389 3480 4454; x_wconf 72' lang='lat' dir='ltr'><strong>magnitudinem</strong></span> <span class='ocrx_word' id='word_1_709' title='bbox 3522 4390 3591 4441; x_wconf 86' lang='lat' dir='ltr'><strong>ob</strong></span> 
     </span>
    </p>
   </div>
   <div class='ocr_carea' id='block_1_88' title="bbox 356 4471 2048 4576">
    <p class='ocr_par' dir='ltr' id='par_1_88' title="bbox 356 4471 2048 4576">
     <span class='ocr_line' id='line_1_88' title="bbox 356 4471 2048 4576; baseline 0.008 -54"><span class='ocrx_word' id='word_1_710' title='bbox 356 4472 416 4522; x_wconf 84' lang='grc' dir='ltr'><strong>ἐκ</strong></span> <span class='ocrx_word' id='word_1_711' title='bbox 444 4471 533 4523; x_wconf 76' lang='grc' dir='ltr'>τοῦ</span> <span class='ocrx_word' id='word_1_712' title='bbox 557 4473 844 4526; x_wconf 85' lang='grc' dir='ltr'>ἀποθανεῖν</span> <span class='ocrx_word' id='word_1_713' title='bbox 866 4474 956 4526; x_wconf 65' lang='grc' dir='ltr'><strong>τὸν</strong></span> <span class='ocrx_word' id='word_1_714' title='bbox 976 4476 1209 4543; x_wconf 73' lang='grc' dir='ltr'>Χριστὸν</span> <span class='ocrx_word' id='word_1_715' title='bbox 1237 4476 1377 4546; x_wconf 84' lang='grc' dir='ltr'>ὑπὲρ</span> <span class='ocrx_word' id='word_1_716' title='bbox 1408 4495 1425 4528; x_wconf 78' lang='grc' dir='ltr'><strong>ι</strong></span> <span class='ocrx_word' id='word_1_717' title='bbox 1458 4477 1612 4546; x_wconf 80' lang='grc' dir='ltr'>ἡμῶν</span> <span class='ocrx_word' id='word_1_718' title='bbox 1629 4478 1870 4531; x_wconf 81' lang='grc' dir='ltr'>ἀσθενῶν</span> <span class='ocrx_word' id='word_1_719' title='bbox 1894 4497 1912 4530; x_wconf 73' lang='grc' dir='ltr'><strong>ι</strong></span> <span class='ocrx_word' id='word_1_720' title='bbox 1946 4516 1998 4576; x_wconf 75' lang='grc' dir='ltr'><strong>Β</strong></span> <span class='ocrx_word' id='word_1_721' title='bbox 2025 4496 2048 4535; x_wconf 73' lang='grc' dir='ltr'><strong>ο</strong></span> 
     </span>
    </p>
   </div>
   <div class='ocr_carea' id='block_1_89' title="bbox 1889 4471 3581 4576">
    <p class='ocr_par' dir='ltr' id='par_1_89' title="bbox 1894 4477 3581 4576">
     <span class='ocr_line' id='line_1_89' title="bbox 1894 4477 3581 4576; baseline -0.002 -46"><span class='ocrx_word' id='word_1_722' title='bbox 1894 4497 1912 4530; x_wconf 73' lang='grc' dir='ltr'><strong>ι</strong></span> <span class='ocrx_word' id='word_1_723' title='bbox 1946 4516 1998 4576; x_wconf 75' lang='grc' dir='ltr'><strong>Β</strong></span> <span class='ocrx_word' id='word_1_724' title='bbox 2025 4482 2212 4535; x_wconf 87' lang='lat' dir='ltr'><strong>oculos</strong></span> <span class='ocrx_word' id='word_1_725' title='bbox 2261 4481 2426 4546; x_wconf 89' lang='lat' dir='ltr'><strong>ponit,</strong></span> <span class='ocrx_word' id='word_1_726' title='bbox 2465 4494 2527 4531; x_wconf 79' lang='lat' dir='ltr'><strong>ex</strong></span> <span class='ocrx_word' id='word_1_727' title='bbox 2568 4493 2632 4532; x_wconf 82' lang='lat' dir='ltr'><strong>eo</strong></span> <span class='ocrx_word' id='word_1_728' title='bbox 2667 4477 2809 4545; x_wconf 86' lang='lat' dir='ltr'><strong>quod</strong></span> <span class='ocrx_word' id='word_1_729' title='bbox 2855 4477 3099 4530; x_wconf 75' lang='lat' dir='ltr'><strong>Christus</strong></span> <span class='ocrx_word' id='word_1_730' title='bbox 3134 4496 3150 4526; x_wconf 76' lang='grc' dir='ltr'><strong>ι</strong></span> <span class='ocrx_word' id='word_1_731' title='bbox 3189 4492 3282 4543; x_wconf 89' lang='lat' dir='ltr'><strong>pro</strong></span> <span class='ocrx_word' id='word_1_732' title='bbox 3321 4479 3473 4530; x_wconf 89' lang='lat' dir='ltr'><strong>nobis</strong></span> <span class='ocrx_word' id='word_1_733' title='bbox 3509 4480 3581 4531; x_wconf 82' lang='lat' dir='ltr'><strong>in~</strong></span> 
     </span>
    </p>
   </div>
   <div class='ocr_carea' id='block_1_90' title="bbox 354 4563 1920 4640">
    <p class='ocr_par' dir='ltr' id='par_1_90' title="bbox 354 4563 1920 4640">
     <span class='ocr_line' id='line_1_90' title="bbox 354 4563 1920 4640; baseline 0.008 -26"><span class='ocrx_word' id='word_1_734' title='bbox 354 4563 540 4622; x_wconf 68' lang='grc' dir='ltr'>ὄντων,</span> <span class='ocrx_word' id='word_1_735' title='bbox 565 4566 864 4631; x_wconf 80' lang='grc' dir='ltr'>τουτέστιν,</span> <span class='ocrx_word' id='word_1_736' title='bbox 896 4568 1234 4636; x_wconf 82' lang='grc' dir='ltr'>ἁμαρτωλῶν</span> <span class='ocrx_word' id='word_1_737' title='bbox 1257 4568 1541 4638; x_wconf 83' lang='grc' dir='ltr'>(ἀσθένεια</span> <span class='ocrx_word' id='word_1_738' title='bbox 1565 4570 1670 4640; x_wconf 85' lang='grc' dir='ltr'>γὰρ</span> <span class='ocrx_word' id='word_1_739' title='bbox 1692 4573 1724 4640; x_wconf 80' lang='grc' dir='ltr'>ἡ</span> <span class='ocrx_word' id='word_1_740' title='bbox 1748 4573 1920 4640; x_wconf 88' lang='grc' dir='ltr'>ἁμαρ-</span> 
     </span>
    </p>
   </div>
   <div class='ocr_carea' id='block_1_91' title="bbox 355 4655 1922 4733">
    <p class='ocr_par' dir='ltr' id='par_1_91' title="bbox 355 4655 1922 4733">
     <span class='ocr_line' id='line_1_91' title="bbox 355 4655 1922 4733; baseline 0.006 -27"><span class='ocrx_word' id='word_1_741' title='bbox 355 4655 464 4715; x_wconf 86' lang='grc' dir='ltr'>τία,</span> <span class='ocrx_word' id='word_1_742' title='bbox 495 4655 737 4727; x_wconf 79' lang='grc' dir='ltr'>ῶσπερὴ</span> <span class='ocrx_word' id='word_1_743' title='bbox 769 4657 1080 4729; x_wconf 76' lang='grc' dir='ltr'>δικαιοσύνη</span> <span class='ocrx_word' id='word_1_744' title='bbox 1107 4660 1296 4730; x_wconf 78' lang='grc' dir='ltr'>ὑγεία)</span> <span class='ocrx_word' id='word_1_745' title='bbox 1318 4680 1329 4691; x_wconf 94' lang='grc'><strong>·</strong></span> <span class='ocrx_word' id='word_1_746' title='bbox 1357 4663 1450 4714; x_wconf 76' lang='grc' dir='ltr'><strong>καὶ</strong></span> <span class='ocrx_word' id='word_1_747' title='bbox 1474 4662 1534 4714; x_wconf 81' lang='grc' dir='ltr'><strong>οὐ</strong></span> <span class='ocrx_word' id='word_1_748' title='bbox 1561 4663 1719 4730; x_wconf 91' lang='grc' dir='ltr'>μόνον</span> <span class='ocrx_word' id='word_1_749' title='bbox 1743 4665 1922 4733; x_wconf 79' lang='grc' dir='ltr'>ἁμαρ-</span> 
     </span>
    </p>
   </div>
   <div class='ocr_carea' id='block_1_92' title="bbox 354 4748 1917 4824">
    <p class='ocr_par' dir='ltr' id='par_1_92' title="bbox 354 4748 1917 4824">
     <span class='ocr_line' id='line_1_92' title="bbox 354 4748 1917 4824; baseline 0.006 -26"><span class='ocrx_word' id='word_1_750' title='bbox 354 4748 539 4799; x_wconf 77' lang='grc' dir='ltr'>τωλῶν</span> <span class='ocrx_word' id='word_1_751' title='bbox 577 4749 761 4812; x_wconf 71' lang='grc' dir='ltr'>ὅντων,</span> <span class='ocrx_word' id='word_1_752' title='bbox 805 4750 937 4804; x_wconf 82' lang='grc' dir='ltr'>ἀλλὰ</span> <span class='ocrx_word' id='word_1_753' title='bbox 957 4753 1048 4804; x_wconf 74' lang='grc' dir='ltr'><strong>καὶ</strong></span> <span class='ocrx_word' id='word_1_754' title='bbox 1085 4771 1103 4802; x_wconf 72' lang='grc' dir='ltr'><strong>ι</strong></span> <span class='ocrx_word' id='word_1_755' title='bbox 1131 4752 1359 4814; x_wconf 74' lang='grc' dir='ltr'>ἀσεϐῶν,</span> <span class='ocrx_word' id='word_1_756' title='bbox 1388 4772 1404 4804; x_wconf 76' lang='grc' dir='ltr'><strong>ι</strong></span> <span class='ocrx_word' id='word_1_757' title='bbox 1435 4752 1496 4805; x_wconf 79' lang='grc' dir='ltr'>τὸ</span> <span class='ocrx_word' id='word_1_758' title='bbox 1516 4757 1714 4824; x_wconf 87' lang='grc' dir='ltr'>χεῖρον,</span> <span class='ocrx_word' id='word_1_759' title='bbox 1743 4755 1917 4808; x_wconf 89' lang='grc' dir='ltr'>καίτοι</span> 
     </span>
    </p>
   </div>
   <div class='ocr_carea' id='block_1_93' title="bbox 355 4838 1919 4914">
    <p class='ocr_par' dir='ltr' id='par_1_93' title="bbox 355 4838 1919 4914">
     <span class='ocr_line' id='line_1_93' title="bbox 355 4838 1919 4914; baseline 0.003 -24"><span class='ocrx_word' id='word_1_760' title='bbox 355 4838 497 4907; x_wconf 81' lang='grc' dir='ltr'>ὑπὲρ</span> <span class='ocrx_word' id='word_1_761' title='bbox 524 4838 734 4892; x_wconf 83' lang='grc' dir='ltr'>δικαίου</span> <span class='ocrx_word' id='word_1_762' title='bbox 781 4840 933 4909; x_wconf 87' lang='grc' dir='ltr'>μόλις</span> <span class='ocrx_word' id='word_1_763' title='bbox 965 4858 1046 4903; x_wconf 91' lang='grc' dir='ltr'><strong>τις</strong></span> <span class='ocrx_word' id='word_1_764' title='bbox 1077 4842 1448 4895; x_wconf 86' lang='grc' dir='ltr'>ἀποθανεῖται.</span> <span class='ocrx_word' id='word_1_765' title='bbox 1498 4843 1798 4914; x_wconf 77' lang='grc' dir='ltr'>’Υπερόολή</span> <span class='ocrx_word' id='word_1_766' title='bbox 1828 4843 1919 4896; x_wconf 76' lang='grc' dir='ltr'><strong>οὖν</strong></span> 
     </span>
    </p>
   </div>
   <div class='ocr_carea' id='block_1_94' title="bbox 355 4931 1919 5003">
    <p class='ocr_par' dir='ltr' id='par_1_94' title="bbox 355 4931 1919 5003">
     <span class='ocr_line' id='line_1_94' title="bbox 355 4931 1919 5003; baseline 0.005 -21"><span class='ocrx_word' id='word_1_767' title='bbox 355 4931 592 5001; x_wconf 77' lang='grc' dir='ltr'>ἀγάπης,</span> <span class='ocrx_word' id='word_1_768' title='bbox 624 4932 684 4984; x_wconf 81' lang='grc' dir='ltr'><strong>τὸ</strong></span> <span class='ocrx_word' id='word_1_769' title='bbox 710 4932 848 5002; x_wconf 78' lang='grc' dir='ltr'>ὑπὲρ</span> <span class='ocrx_word' id='word_1_770' title='bbox 881 4933 1220 5003; x_wconf 82' lang='grc' dir='ltr'>ἁμαρτωλῶν</span> <span class='ocrx_word' id='word_1_771' title='bbox 1249 4935 1342 4986; x_wconf 74' lang='grc' dir='ltr'><strong>καὶ</strong></span> <span class='ocrx_word' id='word_1_772' title='bbox 1372 4935 1582 4988; x_wconf 79' lang='grc' dir='ltr'>ἀσεϐῶν</span> <span class='ocrx_word' id='word_1_773' title='bbox 1607 4936 1919 4990; x_wconf 86' lang='grc' dir='ltr'>ἀποθανεῖν.</span> 
     </span>
    </p>
   </div>
   <div class='ocr_carea' id='block_1_95' title="bbox 353 5025 1916 5099">
    <p class='ocr_par' dir='ltr' id='par_1_95' title="bbox 353 5025 1916 5099">
     <span class='ocr_line' id='line_1_95' title="bbox 353 5025 1916 5099; baseline 0.003 -22"><span class='ocrx_word' id='word_1_774' title='bbox 353 5025 427 5077; x_wconf 78' lang='grc' dir='ltr'>Τὸ</span> <span class='ocrx_word' id='word_1_775' title='bbox 469 5025 546 5090; x_wconf 83' lang='grc' dir='ltr'>δὲ,</span> <span class='ocrx_word' id='word_1_776' title='bbox 589 5043 605 5076; x_wconf 86' lang='grc'><em>‹</em></span> <span class='ocrx_word' id='word_1_777' title='bbox 644 5025 798 5078; x_wconf 83' lang='grc' dir='ltr'>Κατὰ</span> <span class='ocrx_word' id='word_1_778' title='bbox 833 5025 1042 5095; x_wconf 82' lang='grc' dir='ltr'>καιρὸν,</span> <span class='ocrx_word' id='word_1_779' title='bbox 1087 5044 1105 5078; x_wconf 71' lang='grc' dir='ltr'><strong>ι</strong></span> <span class='ocrx_word' id='word_1_780' title='bbox 1150 5027 1448 5087; x_wconf 82' lang='grc' dir='ltr'>τουτέστιν.</span> <span class='ocrx_word' id='word_1_781' title='bbox 1514 5030 1573 5080; x_wconf 83' lang='grc' dir='ltr'><strong>ἐν</strong></span> <span class='ocrx_word' id='word_1_782' title='bbox 1617 5028 1694 5097; x_wconf 80' lang='grc' dir='ltr'>τῷ</span> <span class='ocrx_word' id='word_1_783' title='bbox 1745 5046 1916 5099; x_wconf 84' lang='grc' dir='ltr'>προσ-</span> 
     </span>
    </p>
   </div>
   <div class='ocr_carea' id='block_1_96' title="bbox 352 5115 1916 5189">
    <p class='ocr_par' dir='ltr' id='par_1_96' title="bbox 352 5115 1916 5189">
     <span class='ocr_line' id='line_1_96' title="bbox 352 5115 1916 5189; baseline 0.002 -22"><span class='ocrx_word' id='word_1_784' title='bbox 352 5119 541 5186; x_wconf 62' lang='grc' dir='ltr'>ήκοντι</span> <span class='ocrx_word' id='word_1_785' title='bbox 558 5117 650 5169; x_wconf 73' lang='grc' dir='ltr'><strong>καὶ</strong></span> <span class='ocrx_word' id='word_1_786' title='bbox 670 5116 1062 5187; x_wconf 81' lang='grc' dir='ltr'>προωρισμένῳ</span> <span class='ocrx_word' id='word_1_787' title='bbox 1089 5118 1284 5189; x_wconf 82' lang='grc' dir='ltr'>χρόνῳ·</span> <span class='ocrx_word' id='word_1_788' title='bbox 1312 5120 1398 5172; x_wconf 82' lang='grc' dir='ltr'>ὅτε</span> <span class='ocrx_word' id='word_1_789' title='bbox 1420 5120 1526 5189; x_wconf 78' lang='grc' dir='ltr'>γὰρ</span> <span class='ocrx_word' id='word_1_790' title='bbox 1549 5115 1616 5189; x_wconf 78' lang='grc' dir='ltr'>ἦν</span> <span class='ocrx_word' id='word_1_791' title='bbox 1640 5118 1794 5172; x_wconf 73' lang='grc' dir='ltr'>εὖκαι</span> <span class='ocrx_word' id='word_1_792' title='bbox 1805 5136 1916 5188; x_wconf 85' lang='grc' dir='ltr'>ρον,</span> 
     </span>
    </p>
   </div>
   <div class='ocr_carea' id='block_1_97' title="bbox 355 5209 1914 5280">
    <p class='ocr_par' dir='ltr' id='par_1_97' title="bbox 355 5209 1914 5280">
     <span class='ocr_line' id='line_1_97' title="bbox 355 5209 1914 5280; baseline 0.001 -19"><span class='ocrx_word' id='word_1_793' title='bbox 355 5211 476 5262; x_wconf 74' lang='grc' dir='ltr'>τότε</span> <span class='ocrx_word' id='word_1_794' title='bbox 504 5209 794 5262; x_wconf 84' lang='grc' dir='ltr'>ἀπέθανεν.</span> <span class='ocrx_word' id='word_1_795' title='bbox 829 5209 984 5261; x_wconf 72' lang='grc' dir='ltr'>Ἐπεὶ</span> <span class='ocrx_word' id='word_1_796' title='bbox 1015 5209 1105 5262; x_wconf 78' lang='grc' dir='ltr'><strong>οὖν</strong></span> <span class='ocrx_word' id='word_1_797' title='bbox 1142 5209 1231 5265; x_wconf 80' lang='grc' dir='ltr'>διὰ</span> <span class='ocrx_word' id='word_1_798' title='bbox 1267 5212 1362 5280; x_wconf 81' lang='grc' dir='ltr'>τὴν</span> <span class='ocrx_word' id='word_1_799' title='bbox 1392 5211 1611 5279; x_wconf 88' lang='grc' dir='ltr'>ἀγάπην</span> <span class='ocrx_word' id='word_1_800' title='bbox 1644 5211 1914 5275; x_wconf 82' lang='grc' dir='ltr'>ἀπέθανε,</span> 
     </span>
    </p>
   </div>
   <div class='ocr_carea' id='block_1_98' title="bbox 351 5301 1919 5373">
    <p class='ocr_par' dir='ltr' id='par_1_98' title="bbox 351 5301 1919 5373">
     <span class='ocr_line' id='line_1_98' title="bbox 351 5301 1919 5373; baseline 0 -18"><span class='ocrx_word' id='word_1_801' title='bbox 351 5302 439 5355; x_wconf 73' lang='grc' dir='ltr'>διὰ</span> <span class='ocrx_word' id='word_1_802' title='bbox 466 5301 521 5353; x_wconf 84' lang='grc' dir='ltr'>δὲ</span> <span class='ocrx_word' id='word_1_803' title='bbox 547 5302 638 5356; x_wconf 82' lang='grc' dir='ltr'>τοῦ</span> <span class='ocrx_word' id='word_1_804' title='bbox 665 5302 894 5356; x_wconf 85' lang='grc' dir='ltr'>θανάτου</span> <span class='ocrx_word' id='word_1_805' title='bbox 925 5305 1228 5367; x_wconf 78' lang='grc' dir='ltr'>ἐδικαίωσε,</span> <span class='ocrx_word' id='word_1_806' title='bbox 1259 5304 1436 5373; x_wconf 83' lang='grc' dir='ltr'>πολλῷ</span> <span class='ocrx_word' id='word_1_807' title='bbox 1471 5304 1669 5372; x_wconf 79' lang='grc' dir='ltr'>μᾷλλον</span> <span class='ocrx_word' id='word_1_808' title='bbox 1691 5304 1797 5355; x_wconf 87' lang='grc' dir='ltr'><strong>ἀπὸ</strong></span> <span class='ocrx_word' id='word_1_809' title='bbox 1825 5302 1919 5355; x_wconf 79' lang='grc' dir='ltr'>τοῦ</span> 
     </span>
    </p>
   </div>
   <div class='ocr_carea' id='block_1_99' title="bbox 353 5393 1919 5466">
    <p class='ocr_par' dir='ltr' id='par_1_99' title="bbox 353 5393 1919 5466">
     <span class='ocr_line' id='line_1_99' title="bbox 353 5393 1919 5466; baseline -0.001 -19"><span class='ocrx_word' id='word_1_810' title='bbox 353 5394 448 5447; x_wconf 78' lang='grc' dir='ltr'>νῦν</span> <span class='ocrx_word' id='word_1_811' title='bbox 480 5393 643 5447; x_wconf 81' lang='grc' dir='ltr'>σώσει</span> <span class='ocrx_word' id='word_1_812' title='bbox 671 5397 820 5464; x_wconf 79' lang='grc' dir='ltr'>ἡμᾶς</span> <span class='ocrx_word' id='word_1_813' title='bbox 851 5395 958 5448; x_wconf 86' lang='grc' dir='ltr'><strong>ἀπὸ</strong></span> <span class='ocrx_word' id='word_1_814' title='bbox 995 5397 1095 5465; x_wconf 83' lang='grc' dir='ltr'><strong>τῆς</strong></span> <span class='ocrx_word' id='word_1_815' title='bbox 1127 5396 1318 5466; x_wconf 79' lang='grc' dir='ltr'>ὀργῆς,</span> <span class='ocrx_word' id='word_1_816' title='bbox 1354 5395 1444 5459; x_wconf 83' lang='grc' dir='ltr'><strong>οὓς</strong></span> <span class='ocrx_word' id='word_1_817' title='bbox 1472 5397 1572 5464; x_wconf 70' lang='grc' dir='ltr'>ἤδη</span> <span class='ocrx_word' id='word_1_818' title='bbox 1609 5395 1919 5449; x_wconf 85' lang='grc' dir='ltr'>ἐδικαίωσε.</span> 
     </span>
    </p>
   </div>
   <div class='ocr_carea' id='block_1_100' title="bbox 353 5485 1920 5557">
    <p class='ocr_par' dir='ltr' id='par_1_100' title="bbox 353 5485 1920 5557">
     <span class='ocr_line' id='line_1_100' title="bbox 353 5485 1920 5557; baseline -0.001 -17"><span class='ocrx_word' id='word_1_819' title='bbox 353 5487 428 5540; x_wconf 82' lang='grc' dir='ltr'><strong>τὸ</strong></span> <span class='ocrx_word' id='word_1_820' title='bbox 470 5487 579 5557; x_wconf 75' lang='grc' dir='ltr'>γὰρ</span> <span class='ocrx_word' id='word_1_821' title='bbox 612 5488 796 5556; x_wconf 75' lang='grc' dir='ltr'>μεῖζον</span> <span class='ocrx_word' id='word_1_822' title='bbox 841 5488 1028 5549; x_wconf 79' lang='grc' dir='ltr'>ἔδωκε,</span> <span class='ocrx_word' id='word_1_823' title='bbox 1065 5487 1125 5540; x_wconf 84' lang='grc' dir='ltr'><strong>τὸ</strong></span> <span class='ocrx_word' id='word_1_824' title='bbox 1168 5487 1490 5543; x_wconf 87' lang='grc' dir='ltr'>δικαιῶσαι·</span> <span class='ocrx_word' id='word_1_825' title='bbox 1533 5490 1629 5542; x_wconf 70' lang='grc' dir='ltr'>καὶ</span> <span class='ocrx_word' id='word_1_826' title='bbox 1677 5487 1785 5541; x_wconf 75' lang='grc' dir='ltr'><strong>ἀπὸ</strong></span> <span class='ocrx_word' id='word_1_827' title='bbox 1819 5485 1920 5555; x_wconf 76' lang='grc' dir='ltr'>τῆς</span> 
     </span>
    </p>
   </div>
   <div class='ocr_carea' id='block_1_101' title="bbox 2030 4568 3590 4637">
    <p class='ocr_par' dir='ltr' id='par_1_101' title="bbox 2030 4568 3590 4637">
     <span class='ocr_line' id='line_1_101' title="bbox 2030 4568 3590 4637; baseline -0.002 -12"><span class='ocrx_word' id='word_1_828' title='bbox 2030 4573 2197 4625; x_wconf 88' lang='lat' dir='ltr'><strong>firmis</strong></span> <span class='ocrx_word' id='word_1_829' title='bbox 2233 4584 2473 4625; x_wconf 89' lang='lat' dir='ltr'><strong>mortuus</strong></span> <span class='ocrx_word' id='word_1_830' title='bbox 2507 4580 2607 4633; x_wconf 83' lang='lat' dir='ltr'><strong>cst,</strong></span> <span class='ocrx_word' id='word_1_831' title='bbox 2644 4588 2659 4618; x_wconf 73' lang='grc' dir='ltr'><strong>ι</strong></span> <span class='ocrx_word' id='word_1_832' title='bbox 2705 4570 2753 4622; x_wconf 90' lang='lat' dir='ltr'><strong>id</strong></span> <span class='ocrx_word' id='word_1_833' title='bbox 2818 4578 2919 4631; x_wconf 87' lang='lat' dir='ltr'><strong>est,</strong></span> <span class='ocrx_word' id='word_1_834' title='bbox 2957 4568 3327 4637; x_wconf 86' lang='lat' dir='ltr'><strong>peccatoribus</strong></span> <span class='ocrx_word' id='word_1_835' title='bbox 3362 4574 3590 4637; x_wconf 83' lang='lat' dir='ltr'><strong>(pecca-</strong></span> 
     </span>
    </p>
   </div>
   <div class='ocr_carea' id='block_1_102' title="bbox 2029 4661 3592 4729">
    <p class='ocr_par' dir='ltr' id='par_1_102' title="bbox 2029 4661 3592 4729">
     <span class='ocr_line' id='line_1_102' title="bbox 2029 4661 3592 4729; baseline -0.003 -13"><span class='ocrx_word' id='word_1_836' title='bbox 2029 4671 2141 4716; x_wconf 91' lang='lat' dir='ltr'><strong>tum</strong></span> <span class='ocrx_word' id='word_1_837' title='bbox 2174 4663 2317 4716; x_wconf 91' lang='lat' dir='ltr'><strong>enim</strong></span> <span class='ocrx_word' id='word_1_838' title='bbox 2363 4662 2646 4715; x_wconf 84' lang='lat' dir='ltr'><strong>infirmitas</strong></span> <span class='ocrx_word' id='word_1_839' title='bbox 2688 4670 2791 4720; x_wconf 75' lang='lat' dir='ltr'><strong>est.</strong></span> <span class='ocrx_word' id='word_1_840' title='bbox 2842 4662 2980 4714; x_wconf 87' lang='lat' dir='ltr'><strong>sicut</strong></span> <span class='ocrx_word' id='word_1_841' title='bbox 3017 4661 3226 4729; x_wconf 90' lang='lat' dir='ltr'><strong>justitia</strong></span> <span class='ocrx_word' id='word_1_842' title='bbox 3256 4662 3503 4729; x_wconf 78' lang='lat' dir='ltr'><strong>sanitas),</strong></span> <span class='ocrx_word' id='word_1_843' title='bbox 3540 4673 3592 4714; x_wconf 83' lang='lat' dir='ltr'><strong>et</strong></span> 
     </span>
    </p>
   </div>
   <div class='ocr_carea' id='block_1_103' title="bbox 2029 4752 3590 4824">
    <p class='ocr_par' dir='ltr' id='par_1_103' title="bbox 2029 4752 3590 4824">
     <span class='ocr_line' id='line_1_103' title="bbox 2029 4752 3590 4824; baseline -0.007 -13"><span class='ocrx_word' id='word_1_844' title='bbox 2029 4773 2136 4811; x_wconf 90' lang='lat' dir='ltr'><strong>non</strong></span> <span class='ocrx_word' id='word_1_845' title='bbox 2168 4758 2338 4810; x_wconf 90' lang='lat' dir='ltr'><strong>solum</strong></span> <span class='ocrx_word' id='word_1_846' title='bbox 2371 4771 2469 4824; x_wconf 89' lang='lat' dir='ltr'><strong>pro</strong></span> <span class='ocrx_word' id='word_1_847' title='bbox 2497 4754 2889 4821; x_wconf 83' lang='lat' dir='ltr'><strong>peccatoribus,</strong></span> <span class='ocrx_word' id='word_1_848' title='bbox 2915 4754 3006 4806; x_wconf 88' lang='lat' dir='ltr'><strong>sed</strong></span> <span class='ocrx_word' id='word_1_849' title='bbox 3047 4753 3188 4821; x_wconf 88' lang='lat' dir='ltr'><strong>quod</strong></span> <span class='ocrx_word' id='word_1_850' title='bbox 3220 4752 3454 4806; x_wconf 69' lang='lat' dir='ltr'><strong>dett-rius</strong></span> <span class='ocrx_word' id='word_1_851' title='bbox 3481 4763 3555 4805; x_wconf 85' lang='lat' dir='ltr'><strong>est</strong></span> <span class='ocrx_word' id='word_1_852' title='bbox 3578 4796 3590 4816; x_wconf 79' lang='lat'><strong>,</strong></span> 
     </span>
    </p>
   </div>
   <div class='ocr_carea' id='block_1_104' title="bbox 2038 4845 3592 4916">
    <p class='ocr_par' dir='ltr' id='par_1_104' title="bbox 2038 4845 3592 4916">
     <span class='ocr_line' id='line_1_104' title="bbox 2038 4845 3592 4916; baseline -0.001 -17"><span class='ocrx_word' id='word_1_853' title='bbox 2038 4867 2057 4899; x_wconf 74' lang='grc' dir='ltr'><strong>ι</strong></span> <span class='ocrx_word' id='word_1_854' title='bbox 2081 4864 2175 4916; x_wconf 92' lang='lat' dir='ltr'><strong>pro</strong></span> <span class='ocrx_word' id='word_1_855' title='bbox 2208 4849 2434 4916; x_wconf 66' lang='lat' dir='ltr'><strong>impiis,»</strong></span> <span class='ocrx_word' id='word_1_856' title='bbox 2457 4848 2556 4901; x_wconf 88' lang='lat' dir='ltr'><strong>etsi</strong></span> <span class='ocrx_word' id='word_1_857' title='bbox 2581 4862 2676 4915; x_wconf 89' lang='lat' dir='ltr'><strong>pro</strong></span> <span class='ocrx_word' id='word_1_858' title='bbox 2704 4846 2850 4914; x_wconf 78' lang='lat' dir='ltr'><strong>jusm</strong></span> <span class='ocrx_word' id='word_1_859' title='bbox 2879 4847 2961 4899; x_wconf 83' lang='lat' dir='ltr'><strong>vix</strong></span> <span class='ocrx_word' id='word_1_860' title='bbox 2984 4846 3243 4914; x_wconf 85' lang='lat' dir='ltr'><strong>quispiam</strong></span> <span class='ocrx_word' id='word_1_861' title='bbox 3263 4845 3397 4898; x_wconf 90' lang='lat' dir='ltr'><strong>mori</strong></span> <span class='ocrx_word' id='word_1_862' title='bbox 3430 4846 3592 4897; x_wconf 60' lang='lat' dir='ltr'><strong>susti-</strong></span> 
     </span>
    </p>
   </div>
   <div class='ocr_carea' id='block_1_105' title="bbox 2033 4939 3591 5006">
    <p class='ocr_par' dir='ltr' id='par_1_105' title="bbox 2033 4939 3591 5006">
     <span class='ocr_line' id='line_1_105' title="bbox 2033 4939 3591 5006; baseline -0.006 -12"><span class='ocrx_word' id='word_1_863' title='bbox 2033 4952 2175 4994; x_wconf 88' lang='lat' dir='ltr'><strong>neat.</strong></span> <span class='ocrx_word' id='word_1_864' title='bbox 2197 4940 2508 4994; x_wconf 89' lang='lat' dir='ltr'><strong>Dilectionis</strong></span> <span class='ocrx_word' id='word_1_865' title='bbox 2530 4940 2689 5005; x_wconf 78' lang='lat' dir='ltr'><strong>igitur</strong></span> <span class='ocrx_word' id='word_1_866' title='bbox 2723 4947 2803 4993; x_wconf 88' lang='lat' dir='ltr'><strong>est</strong></span> <span class='ocrx_word' id='word_1_867' title='bbox 2821 4953 3094 5000; x_wconf 76' lang='lat' dir='ltr'><strong>excessus,</strong></span> <span class='ocrx_word' id='word_1_868' title='bbox 3119 4939 3258 5006; x_wconf 91' lang='lat' dir='ltr'><strong>quod</strong></span> <span class='ocrx_word' id='word_1_869' title='bbox 3292 4951 3386 5003; x_wconf 88' lang='lat' dir='ltr'><strong>pro</strong></span> <span class='ocrx_word' id='word_1_870' title='bbox 3406 4952 3591 5000; x_wconf 84' lang='lat' dir='ltr'><strong>pecca-</strong></span> 
     </span>
    </p>
   </div>
   <div class='ocr_carea' id='block_1_106' title="bbox 2037 5027 3592 5099">
    <p class='ocr_par' dir='ltr' id='par_1_106' title="bbox 2037 5027 3592 5099">
     <span class='ocr_line' id='line_1_106' title="bbox 2037 5027 3592 5099; baseline -0.003 -16"><span class='ocrx_word' id='word_1_871' title='bbox 2037 5032 2239 5085; x_wconf 88' lang='lat' dir='ltr'><strong>toribus</strong></span> <span class='ocrx_word' id='word_1_872' title='bbox 2270 5040 2323 5084; x_wconf 93' lang='lat' dir='ltr'><strong>et</strong></span> <span class='ocrx_word' id='word_1_873' title='bbox 2355 5030 2531 5099; x_wconf 89' lang='lat' dir='ltr'><strong>impiis</strong></span> <span class='ocrx_word' id='word_1_874' title='bbox 2556 5031 2627 5085; x_wconf 88' lang='lat' dir='ltr'><strong>sit</strong></span> <span class='ocrx_word' id='word_1_875' title='bbox 2657 5040 2919 5083; x_wconf 90' lang='lat' dir='ltr'><strong>mortuus.</strong></span> <span class='ocrx_word' id='word_1_876' title='bbox 2943 5028 3092 5094; x_wconf 88' lang='lat' dir='ltr'><strong>Quod</strong></span> <span class='ocrx_word' id='word_1_877' title='bbox 3118 5030 3213 5088; x_wconf 92' lang='lat' dir='ltr'><strong>ait,</strong></span> <span class='ocrx_word' id='word_1_878' title='bbox 3239 5047 3255 5077; x_wconf 78' lang='grc' dir='ltr'><strong>ι</strong></span> <span class='ocrx_word' id='word_1_879' title='bbox 3287 5027 3592 5081; x_wconf 83' lang='lat' dir='ltr'><strong>Secundum</strong></span> 
     </span>
    </p>
   </div>
   <div class='ocr_carea' id='block_1_107' title="bbox 2034 5114 3593 5185">
    <p class='ocr_par' dir='ltr' id='par_1_107' title="bbox 2034 5114 3593 5185">
     <span class='ocr_line' id='line_1_107' title="bbox 2034 5114 3593 5185; baseline -0.004 -15"><span class='ocrx_word' id='word_1_880' title='bbox 2034 5131 2261 5185; x_wconf 86' lang='lat' dir='ltr'><strong>tempus,</strong></span> <span class='ocrx_word' id='word_1_881' title='bbox 2295 5136 2312 5169; x_wconf 84' lang='grc'>›</span> <span class='ocrx_word' id='word_1_882' title='bbox 2342 5118 2667 5171; x_wconf 81' lang='lat' dir='ltr'><strong>conveniens</strong></span> <span class='ocrx_word' id='word_1_883' title='bbox 2692 5132 2753 5169; x_wconf 88' lang='lat' dir='ltr'><strong>ac</strong></span> <span class='ocrx_word' id='word_1_884' title='bbox 2777 5117 3162 5184; x_wconf 70' lang='lat' dir='ltr'><strong>przedefiuitum</strong></span> <span class='ocrx_word' id='word_1_885' title='bbox 3195 5124 3403 5180; x_wconf 87' lang='lat' dir='ltr'><strong>tempus</strong></span> <span class='ocrx_word' id='word_1_886' title='bbox 3428 5114 3593 5181; x_wconf 74' lang='lat' dir='ltr'><strong>signi-</strong></span> 
     </span>
    </p>
   </div>
   <div class='ocr_carea' id='block_1_108' title="bbox 2038 5206 3591 5276">
    <p class='ocr_par' dir='ltr' id='par_1_108' title="bbox 2038 5206 3591 5276">
     <span class='ocr_line' id='line_1_108' title="bbox 2038 5206 3591 5276; baseline -0.003 -15"><span class='ocrx_word' id='word_1_887' title='bbox 2038 5209 2180 5262; x_wconf 73' lang='lat' dir='ltr'><strong>ficat.</strong></span> <span class='ocrx_word' id='word_1_888' title='bbox 2225 5209 2450 5274; x_wconf 87' lang='lat' dir='ltr'><strong>Quando</strong></span> <span class='ocrx_word' id='word_1_889' title='bbox 2499 5210 2640 5262; x_wconf 89' lang='lat' dir='ltr'><strong>enim</strong></span> <span class='ocrx_word' id='word_1_890' title='bbox 2687 5221 3048 5276; x_wconf 88' lang='lat' dir='ltr'><strong>opportunum</strong></span> <span class='ocrx_word' id='word_1_891' title='bbox 3099 5215 3237 5267; x_wconf 90' lang='lat' dir='ltr'><strong>erat,</strong></span> <span class='ocrx_word' id='word_1_892' title='bbox 3286 5215 3394 5259; x_wconf 93' lang='lat' dir='ltr'><strong>tum</strong></span> <span class='ocrx_word' id='word_1_893' title='bbox 3439 5206 3591 5258; x_wconf 85' lang='lat' dir='ltr'><strong>obiit.</strong></span> 
     </span>
    </p>
   </div>
   <div class='ocr_carea' id='block_1_109' title="bbox 2038 5298 3595 5367">
    <p class='ocr_par' dir='ltr' id='par_1_109' title="bbox 2038 5298 3595 5367">
     <span class='ocr_line' id='line_1_109' title="bbox 2038 5298 3595 5367; baseline -0.006 -14"><span class='ocrx_word' id='word_1_894' title='bbox 2038 5300 2320 5367; x_wconf 82' lang='lat' dir='ltr'><strong>Postquam</strong></span> <span class='ocrx_word' id='word_1_895' title='bbox 2373 5299 2536 5366; x_wconf 80' lang='lat' dir='ltr'><strong>igitur</strong></span> <span class='ocrx_word' id='word_1_896' title='bbox 2584 5313 2691 5367; x_wconf 64' lang='lat' dir='ltr'><strong>prae</strong></span> <span class='ocrx_word' id='word_1_897' title='bbox 2739 5298 3002 5352; x_wconf 83' lang='lat' dir='ltr'><strong>charitate</strong></span> <span class='ocrx_word' id='word_1_898' title='bbox 3040 5305 3283 5350; x_wconf 86' lang='lat' dir='ltr'><strong>mortuus</strong></span> <span class='ocrx_word' id='word_1_899' title='bbox 3339 5304 3452 5354; x_wconf 88' lang='lat' dir='ltr'><strong>est,</strong></span> <span class='ocrx_word' id='word_1_900' title='bbox 3502 5308 3595 5360; x_wconf 88' lang='lat' dir='ltr'><strong>per</strong></span> 
     </span>
    </p>
   </div>
   <div class='ocr_carea' id='block_1_110' title="bbox 2038 5387 3594 5460">
    <p class='ocr_par' dir='ltr' id='par_1_110' title="bbox 2038 5387 3594 5460">
     <span class='ocr_line' id='line_1_110' title="bbox 2038 5387 3594 5460; baseline -0.005 -16"><span class='ocrx_word' id='word_1_901' title='bbox 2038 5401 2259 5445; x_wconf 83' lang='lat' dir='ltr'><strong>mortem</strong></span> <span class='ocrx_word' id='word_1_902' title='bbox 2290 5405 2416 5445; x_wconf 89' lang='lat' dir='ltr'><strong>vero</strong></span> <span class='ocrx_word' id='word_1_903' title='bbox 2440 5405 2537 5444; x_wconf 92' lang='lat' dir='ltr'><strong>nos</strong></span> <span class='ocrx_word' id='word_1_904' title='bbox 2562 5391 2874 5460; x_wconf 85' lang='lat' dir='ltr'><strong>jttstificavit</strong></span> <span class='ocrx_word' id='word_1_905' title='bbox 2904 5410 2917 5444; x_wconf 86' lang='lat'><strong>:</strong></span> <span class='ocrx_word' id='word_1_906' title='bbox 2955 5390 3120 5443; x_wconf 89' lang='lat' dir='ltr'><strong>multo</strong></span> <span class='ocrx_word' id='word_1_907' title='bbox 3146 5388 3315 5454; x_wconf 78' lang='lat' dir='ltr'><strong>magis</strong></span> <span class='ocrx_word' id='word_1_908' title='bbox 3344 5387 3594 5449; x_wconf 70' lang='lat' dir='ltr'><strong>deinccp.</strong></span> 
     </span>
    </p>
   </div>
   <div class='ocr_carea' id='block_1_111' title="bbox 2029 5479 3579 5552">
    <p class='ocr_par' dir='ltr' id='par_1_111' title="bbox 2029 5479 3579 5552">
     <span class='ocr_line' id='line_1_111' title="bbox 2029 5479 3579 5552; baseline -0.008 -16"><span class='ocrx_word' id='word_1_909' title='bbox 2029 5499 2123 5537; x_wconf 87' lang='lat' dir='ltr'><strong>nos</strong></span> <span class='ocrx_word' id='word_1_910' title='bbox 2162 5481 2395 5536; x_wconf 89' lang='lat' dir='ltr'><strong>servabit</strong></span> <span class='ocrx_word' id='word_1_911' title='bbox 2425 5502 2441 5533; x_wconf 85' lang='lat' dir='ltr'><strong>t</strong></span> <span class='ocrx_word' id='word_1_912' title='bbox 2484 5485 2549 5537; x_wconf 89' lang='lat' dir='ltr'><strong>ab</strong></span> <span class='ocrx_word' id='word_1_913' title='bbox 2579 5485 2679 5543; x_wconf 89' lang='lat' dir='ltr'><strong>ira,</strong></span> <span class='ocrx_word' id='word_1_914' title='bbox 2722 5503 2739 5535; x_wconf 81' lang='grc'><strong>›</strong></span> <span class='ocrx_word' id='word_1_915' title='bbox 2772 5498 2903 5552; x_wconf 89' lang='lat' dir='ltr'><strong>quos</strong></span> <span class='ocrx_word' id='word_1_916' title='bbox 2926 5481 3240 5551; x_wconf 80' lang='lat' dir='ltr'><strong>justiﬁcavit</strong></span> <span class='ocrx_word' id='word_1_917' title='bbox 3263 5479 3372 5548; x_wconf 89' lang='lat' dir='ltr'><strong>jam</strong></span> <span class='ocrx_word' id='word_1_918' title='bbox 3405 5488 3579 5529; x_wconf 73' lang='lat' dir='ltr'><strong>antea.</strong></span> 
     </span>
    </p>
   </div>
   <div class='ocr_carea' id='block_1_112' title="bbox 1701 5641 2268 5704">
    <p class='ocr_par' dir='ltr' id='par_1_112' title="bbox 1701 5641 2268 5704">
     <span class='ocr_line' id='line_1_112' title="bbox 1701 5641 2268 5704; baseline -0.002 -1"><span class='ocrx_word' id='word_1_919' title='bbox 1701 5642 1902 5703; x_wconf 80' lang='lat' dir='ltr'><strong>Variae</strong></span> <span class='ocrx_word' id='word_1_920' title='bbox 1940 5641 2268 5704; x_wconf 84' lang='lat' dir='ltr'><strong>lectiones.</strong></span> 
     </span>
    </p>
   </div>
   <div class='ocr_carea' id='block_1_113' title="bbox 431 5787 1852 5854">
    <p class='ocr_par' dir='ltr' id='par_1_113' title="bbox 431 5787 1852 5854">
     <span class='ocr_line' id='line_1_113' title="bbox 431 5787 1852 5854; baseline 0 -14"><span class='ocrx_word' id='word_1_921' title='bbox 431 5787 472 5817; x_wconf 78' lang='grc'><strong>⁷³</strong></span> <span class='ocrx_word' id='word_1_922' title='bbox 493 5790 628 5841; x_wconf 73' lang='grc' dir='ltr'>ἐστι.</span> <span class='ocrx_word' id='word_1_923' title='bbox 707 5789 749 5820; x_wconf 81' lang='grc'>⁷³</span> <span class='ocrx_word' id='word_1_924' title='bbox 769 5788 1207 5851; x_wconf 68' lang='grc' dir='ltr'>ἐπηρεαζόμενοι)</span> <span class='ocrx_word' id='word_1_925' title='bbox 1230 5806 1280 5844; x_wconf 90' lang='lat' dir='ltr'><strong>o.</strong></span> <span class='ocrx_word' id='word_1_926' title='bbox 1359 5791 1396 5820; x_wconf 80' lang='grc' dir='ltr'><strong>τ’·</strong></span> <span class='ocrx_word' id='word_1_927' title='bbox 1429 5788 1520 5840; x_wconf 71' lang='grc' dir='ltr'><strong>καὶ</strong></span> <span class='ocrx_word' id='word_1_928' title='bbox 1546 5789 1701 5854; x_wconf 74' lang='grc' dir='ltr'>ἡμεῖς</span> <span class='ocrx_word' id='word_1_929' title='bbox 1724 5803 1777 5839; x_wconf 79' lang='grc' dir='ltr'><strong>τι</strong></span> <span class='ocrx_word' id='word_1_930' title='bbox 1801 5803 1852 5840; x_wconf 91' lang='lat' dir='ltr'><strong>o.</strong></span> 
     </span>
    </p>
   </div>
   <div class='ocr_carea' id='block_1_114' title="bbox 1931 5784 2297 5853">
    <p class='ocr_par' dir='ltr' id='par_1_114' title="bbox 1931 5784 2297 5853">
     <span class='ocr_line' id='line_1_114' title="bbox 1931 5784 2297 5853; baseline 0 -17"><span class='ocrx_word' id='word_1_931' title='bbox 1931 5785 1974 5815; x_wconf 85' lang='lat'><strong>&quot;</strong></span> <span class='ocrx_word' id='word_1_932' title='bbox 1999 5784 2223 5853; x_wconf 76' lang='grc' dir='ltr'>τοιαύτη</span> <span class='ocrx_word' id='word_1_933' title='bbox 2246 5800 2297 5836; x_wconf 91' lang='lat' dir='ltr'><strong>o.</strong></span> 
     </span>
    </p>
   </div>
   <div class='ocr_carea' id='block_1_115' title="bbox 2377 5777 2556 5834">
    <p class='ocr_par' dir='ltr' id='par_1_115' title="bbox 2377 5777 2556 5834">
     <span class='ocr_line' id='line_1_115' title="bbox 2377 5777 2556 5834; baseline 0 0"><span class='ocrx_word' id='word_1_934' title='bbox 2377 5783 2420 5813; x_wconf 86' lang='grc'><strong><em>⁷⁸</em></strong></span> <span class='ocrx_word' id='word_1_935' title='bbox 2443 5777 2556 5834; x_wconf 79' lang='grc' dir='ltr'>οὖν.</span> 
     </span>
    </p>
   </div>
  </div>
