4286 6444
302 398 409 459 4θῦ

1120 390 1530 455 EXPOSITIO
1569 394 1647 452 EN
1697 390 1933 450 EPIST
1982 389 2084 447 Al)
2118 386 2298 447 R031.
2334 414 2401 423 --
2429 388 2585 451 CAP.
2633 393 2695 450 Υ.

3475 385 3584 447 4οὓ

308 528 446 580 μου;
481 510 588 564 Καὶ
616 510 732 573 πῶς
759 508 982 580 τοιαύτη
1011 510 1252 580 ἁμαρτία
1279 509 1502 579 ἔμελλεν
1530 504 1693 569 εἶναι,
1718 507 1885 575 νόμον
1920 510 1963 567 Α
1994 530 2000 561 l

1920 510 1963 567 Α
1994 518 2110 564 erat.
2144 520 2420 577 peccatum
2460 507 2634 562 istnc?
2666 505 2858 560 Nonne
2884 506 3025 573 quod
3061 514 3140 559 est
3172 520 3237 559 ex
3274 514 3577 573 transgres-

309 607 385 675 μὴ
419 605 599 667 ϐντοςς
672 602 949 672 Ἀμαρτία
1001 603 1109 673 γὰρ
1148 603 1270 654 τότε
1322 600 1617 668 λογίζεται,
1649 601 1738 653 ὅτε
1773 599 1887 651 ἔστι

305 696 471 764 νόμος
490 709 507 726 ·
536 694 630 747 καὶ
659 693 1091 764 παραϐαίνοντες
1114 692 1302 746 τοῦτον
1324 695 1369 746 οἱ
1396 693 1695 763 ἄνθρωποι,
1726 692 1891 758 ἀναγ-

307 786 481 847 καίως
523 784 771 854 λέγονται
801 784 1161 853 ἁμαρτάνειν.
1203 782 1364 835 Ἀλλὰ
1404 782 1507 852 μὴν
1545 800 1563 833 ι
1604 784 1630 835 6
1664 780 1890 841 Θάνατος

306 877 661 930 ἐϐασίλευσεν
712 878 844 948 ἄχρι
874 876 1178 940 Μωῦσέως,
1221 895 1239 928 ι
1273 876 1538 939 τουτέστι,
1584 875 1676 927 καὶ
1705 872 1835 943 πρὶν
1866 875 1892 924 6

307 970 472 1037 νίζ’-ος
504 970 669 1040 δοθῇ·
716 969 856 1021 ὥστε
886 964 953 1038 ἦν
986 969 1228 1038 ἁμαρτία
1258 969 1322 1023 δι’
1349 963 1416 1040 ἧς
1437 969 1465 1020 6
1487 967 1720 1029 θάνατος
1764 965 1891 1017 ἐϐα-

312 1062 578 1119 σίλευσεν,
612 1063 725 1115 Ούκ
752 1062 819 1115 ἂν
845 1062 901 1114 δὲ
928 1061 1299 1125 ἐϐασίλευσεν,
1331 1062 1380 1113 εί
1414 1060 1487 1129 μὴ
1516 1055 1584 1131 ἦν
1608 1076 1690 1120 τις
1715 1059 1895 1126 ἀμαρ-

308 1153 400 1206 τὶα
424 1154 733 1207 συνιστῶσα
762 1154 944 1207 αὐτόν.
986 1154 1139 1207 Ἐπεὶ
1155 1149 1249 1208 οῦν
1273 1152 1567 1222 ἀπεδείχθη
1599 1154 1681 1205 ὅτι
1715 1153 1778 1204 ἐκ
1796 1149 1895 1219 τῆς

311 1246 690 1313 παραϐάσεως
726 1246 820 1298 τοῦ
851 1246 1019 1316 νόμου
1067 1245 1315 1316 ἁμαρτία
1341 1244 1495 1299 οὔπω
1520 1240 1607 1315 ἦν,
1650 1243 1896 1296 λείπεται

311 1339 411 1409 τὴν
438 1338 534 1391 τοῦ
575 1339 746 1409 Ἀδὰμ
778 1338 1051 1408 ἁμαρτίαν
1076 1336 1213 1393 εἶναι
1241 1338 1469 1409 ταύτην,
1496 1338 1562 1390 δι’
1585 1338 1651 1406 ἢν
1678 1338 1703 1387 6
1729 1336 1897 1389 θάνα-

314 1448 407 1484 τος
440 1430 757 1485 ἐϐασίὲευσε
790 1430 883 1482 καὶ
928 1432 1018 1481 ἐπὶ
1049 1432 1174 1493 τοὺς
1207 1429 1282 1500 μὴ
1315 1428 1665 1498 ἁμαρτόντας
1696 1427 1742 1459 ⁸³
1777 1428 1896 1497 μὲν,

312 1524 439 1575 ὅσον
465 1524 527 1575 τὸ
561 1524 649 1591 ἐφ’
674 1524 886 1586 ἑαυτοῖς
928 1523 1114 1592 (νόμον
1161 1522 1270 1593 γὰρ
1304 1521 1378 1592 μὴ
1417 1520 1725 1591 δεξάμενοι,
1766 1519 1899 1590 μηδὲ

314 1614 670 1684 παραϐάντες
720 1616 950 1681 τοῦτον,
989 1616 1110 1669 οὐδὲ
1162 1614 1410 1684 λέγονται
1463 1616 1900 1685 ἡμαρτηκέναι),

313 1710 465 1775 ὅμως
507 1709 687 1778 μέντοι
752 1710 845 1761 ἐπὶ
900 1708 977 1779 τῷ
1028 1707 1340 1779 ὁμοιώματι
1385 1708 1484 1778 τῆς
1536 1708 1901 1778 παραϐάσεως

314 1801 496 1869 Ἀδὰμ
558 1800 1023 1872 ἁμαρτήσαντας,
1085 1802 1177 1854 καὶ
1239 1800 1530 1863 κοινωνοὺς
1576 1800 1901 1870 γενομένους

1992 606 2145 660 εἰοιιε
2180 605 2355 674 legis?
2390 603 2457 656 At
2479 605 2749 670 quomodo
2782 600 2887 655 tale
2936 609 3212 669 peccatum
3240 614 3360 654 esse
3389 599 3580 666 potuit,

1990 713 2113 751 cum
2148 698 2233 751 lex
2267 714 2368 751 non
2401 696 2578 751 esset?
2613 695 2898 749 Peccatum
2931 695 3073 747 enim
3111 701 3221 745 tum
3254 695 3576 761 imputatur.

1992 792 2206 860 quando
2234 800 2316 843 est
2362 791 2445 843 lex
2482 807 2494 843 ε
2530 799 2583 843 ει
2625 788 2714 854 qui
2768 788 2905 840 hanc
2954 785 3446 853 transgrediuntur,
3486 800 3581 837 ne-

1992 888 2231 940 cessario
2281 886 2534 937 dicuntur
2575 896 2826 951 peccare.
2886 882 3049 949 Atqui
3094 899 3109 930 ι
3151 879 3291 933 Mors
3332 881 3580 947 regnavit

1993 978 2059 1029 ad
2086 991 2254 1037 usque
2306 974 2521 1039 Mosen,
2562 994 2579 1025 ι
2631 975 2731 1026 hoc
2774 982 2889 1031 est.
2935 972 3251 1040 priusquam
3293 970 3457 1023 etiam
3497 972 3581 1023 lex

1996 1070 2271 1122 ferretur:
2310 1069 2490 1137 itaque
2546 1078 2829 1133 peccatum
2886 1076 3039 1127 erat,
3095 1081 3190 1131 per
3237 1065 3377 1131 quod
3434 1077 3581 1116 mors

1997 1164 2257 1233 regnavit.
2284 1162 2400 1216 Non
2430 1170 2704 1230 regnasset
2732 1168 2931 1223 autem,
2957 1158 3057 1211 nisi
3084 1158 3270 1211 fuisset
3302 1166 3577 1223 peccatum

1996 1254 2266 1324 quoddam
2306 1254 2476 1322 ipsam
2508 1253 2863 1305 constituens.
2901 1248 3034 1314 Quia
3078 1264 3205 1302 vero
3237 1248 3581 1301 demonstra-

2000 1359 2109 1400 tum
2162 1356 2261 1410 est,
2316 1346 2459 1413 quod
2510 1356 2787 1412 peccatum
2841 1358 2903 1396 ex
2958 1343 3393 1407 transgressione
3444 1340 3582 1405 legis

2000 1439 2232 1490 nondum
2268 1446 2407 1502 erat,
2439 1448 2623 1501 reseat,
2645 1447 2945 1504 peccatum,
2965 1434 3152 1488 Adami
3179 1434 3318 1488 istud
3344 1448 3461 1485 esse
3487 1446 3584 1499 per-

2001 1529 2143 1599 quod
2194 1545 2338 1583 mors
2396 1531 2636 1597 regnavit
2669 1529 2830 1581 etiam
2879 1528 2928 1579 in
2964 1542 3094 1592 eos,
3144 1525 3265 1593 qui,
3319 1533 3583 1591 quantum

2003 1623 2216 1691 quidem
2266 1623 2317 1674 in
2368 1622 2495 1691 ipsis
2540 1631 2691 1682 erat,
2736 1636 2841 1673 non
2912 1627 3204 1687 peecarunt
3263 1619 3409 1686 (nam
3458 1629 3581 1668 cum

2004 1715 2171 1783 legem
2198 1716 2434 1768 nondum
2472 1713 2832 1782 accepissent,
2868 1725 3040 1780 neque
3072 1709 3218 1763 illam
3262 1706 3582 1775 transgressi

2006 1806 2252 1873 fuissent,
2287 1821 2541 1875 peccasse
2566 1822 2673 1859 non
2704 1808 3001 1869 dicuntur),
3032 1815 3268 1857 attamen
3312 1802 3362 1854 in
3395 1799 3586 1853 simili-

315 1892 511 1963 ὲκείνῳ
566 1893 660 1947 τοῦ
726 1894 1105 1964 πταίσματος,
1156 1893 1231 1956 ὡς
1285 1893 1626 1964 προπάτορι,
1680 1893 1737 1954 ὃς
1783 1892 1900 1945 ἐστι
1934 1878 1976 1933 Β

1893 1910 1900 1944 '-
1934 1878 1976 1933 Β
2010 1901 2191 1954 tudiue
2217 1900 2638 1969 trangressionis
2663 1900 2848 1953 Atlami
2875 1905 3257 1967 peccaverunt,
3290 1910 3351 1948 ac
3378 1891 3585 1963 peccati

318 1984 492 2047 τύπος
545 1986 638 2039 τοῦ
668 1986 931 2058 Χριστοῦ.
973 1988 1063 2050 Ὠς
1090 1986 1198 2057 γὰρ
1227 1988 1253 2039 6
1278 1986 1507 2050 παλαιὸς
1563 1986 1735 2056 Ἀδὰμ
1762 1987 1901 2038 πάν-

320 2096 417 2141 τας
447 2080 737 2143 ὑποδίκους
770 2080 993 2150 ἐποίησε
1022 2080 1100 2150 τῷ
1133 2079 1319 2149 οἰκείῳ
1372 2080 1695 2149 πταίσματι,
1728 2081 1901 2133 καίτοι

323 2172 399 2241 μὴ
456 2172 832 2235 πταίσαντας·
900 2172 1043 2226 οῦτω
1108 2173 1201 2226 καὶ
1241 2172 1270 2223 6
1314 2173 1549 2242 Χριστὸς
1611 2172 1902 2225 ἐδικαίωσε

321 2264 571 2328 πάντας,
631 2266 809 2319 καίτοι
868 2265 943 2337 μὴ
987 2265 1325 2329 δικαιώσεως
1364 2265 1488 2330 ἄξια
1539 2266 1897 2338 ποιήσαντας.

318 2362 418 2414 Δια
434 2360 592 2413 τοῦτο
614 2379 633 2412 ι
660 2360 827 2425 τύπος
844 2363 958 2416 ἐστὶ
981 2361 1072 2415 τοῦ
1100 2362 1404 2440 μέλλρντος,
1434 2382 1451 2415 ι
1475 2363 1745 2429 τουτέστι,
1769 2363 1902 2433 Χρι-

322 2470 474 2510 στου.

399 2564 417 2596 ι
466 2546 606 2598 Ἀλλ’
656 2547 755 2616 οὔχ
805 2547 882 2611 ὼς
913 2546 975 2601 τὸ
1025 2549 1385 2621 παράπτωμα
1427 2550 1502 2614 ⁸⁸,
1538 2551 1681 2605 οὕτω
1721 2553 1905 2608 καὶτὸ

317 2639 589 2710 χάρισμα.
624 2641 685 2694 Εἰ
706 2642 816 2711 γὰρ
847 2640 925 2712 τῷ
955 2641 1048 2695 τοῦ
1083 2644 1199 2707 ἑνὸς
1230 2644 1641 2715 παραπτώματι
1696 2648 1745 2698 oi
1776 2647 1907 2699 πολ-

319 2733 405 2784 λοὶ
438 2733 732 2797 ἀπέθανον,
786 2734 967 2805 πολλῷ
1018 2735 1217 2805 μᾶλλον
1245 2738 1278 2807 ὴ
1303 2738 1464 2808 χάρις
1494 2738 1589 2790 τοῦ
1612 2737 1781 2807 ¹Θεοῦ,
1813 2741 1907 2793 καὶ

314 2825 351 2892 ἠ
370 2824 569 2894 δωρεά,
592 2827 652 2878 ἐν
674 2827 856 2897 χάριτι
878 2828 972 2880 τοῦ
992 2828 1110 2890 ἑνὸς
1135 2828 1424 2900 ἀνθρώπου
1464 2830 1639 2901 Ἰησοῦ
1668 2832 1904 2902 Χριστοῦ

316 2918 402 2979 εἰς
427 2917 553 2980 τοὺς
594 2918 825 2982 πολλοὺς
858 2919 1239 2989 ὲπερίσσευσε.
1280 2922 1388 2975 Καὶ
1432 2922 1529 2992 ούχ
1558 2922 1633 2983 ὡς
1678 2923 1742 2976 δι’
1787 2925 1906 2988 ἐνὸς

320 3007 768 3075 ἁμαρτήσαντος,
814 3009 876 3061 1:6
931 3008 1183 3080 δώρημα.
1236 3010 1307 3064 Τὸ
1340 3012 1437 3081 μὲν
1481 3012 1576 3083 γὰί
1629 3017 1801 3085 κρῖμα
1848 3014 1908 3080 ἐξ

322 3101 443 3164 ἑνὸς
470 3100 551 3164 είς
579 3102 897 3172 κατάκριμα
920 3118 933 3131 ⁸
963 3102 1023 3155 τὸ
1050 3103 1106 3156 δὲ
1138 3104 1383 3173 χάρισμα
1410 3107 1474 3158 ὲκ
1497 3106 1708 3159 πολλῶν
1731 3124 1908 3175 παρα-

326 3193 641 3262 πτωμάτων
679 3195 760 3257 είς
791 3194 1091 3264 δικαίωμα.
1129 3222 1148 3247 ι
1178 3197 1251 3249 Ού
1295 3196 1550 3250 τοσοῦτον
1585 3200 1767 3268 μόνον,
1799 3217 1905 3268 φη-

325 3286 412 3337 σῖν
437 3325 453 3351 ,
502 3285 783 3353 ὠφέλησεν
823 3289 850 3338 6
868 3287 1131 3357 Χριστὸς,
1154 3289 1277 3341 ὅσον
1315 3287 1546 3358 ἔϐλαψεν
1573 3292 1599 3343 6
1640 3290 1809 3359 Ἀδάμ
1834 3292 1901 3344 ⁸⁸.

322 3378 387 3430 Εἰ
446 3376 556 3448 γὰρ
612 3379 646 3448 ἡ
697 3379 944 3448 ἁμαρτία
1021 3378 1275 3432 τοσοῦτον
1321 3380 1563 3451 ἴσχυσεν,
1610 3380 1750 3434 ὥστε
1791 3382 1908 3445 ἑνὸς

325 3468 680 3535 πταίσαντος,
709 3471 919 3533 πάντας
946 3471 1071 3533 τοὺς
1098 3470 1158 3536 ἐξ
1185 3472 1416 3537 ἐκείνου,
1444 3474 1621 3527 καίτοι
1648 3476 1723 3546 μὴ
1753 3477 1912 3531 πταί-

326 3577 549 3624 σαντας,
586 3561 1024 3632 κατακριθῆναιο
1058 3563 1240 3635 πολλῷ
1280 3564 1480 3634 μᾶλλον
1516 3568 1546 3635 ἠ
1574 3568 1735 3638 χάρις
1758 3571 1791 3640 ή
1816 3570 1909 3623 τοῦ

325 3651 462 3704 Θεοῦ
509 3653 603 3706 καὶ
653 3654 886 3723 Πατρὸς,
931 3655 993 3707 ού
1041 3654 1203 3725 μόνου
1240 3656 1453 3721 τούτου,
1508 3657 1646 3713 ἁλλά
1676 3660 1772 3714 καὶ⁵
1816 3661 1911 3715 τοῦ

268 3755 287 3772 ⁸
329 3744 462 3797 Υἰοῦ
500 3746 687 3811 αὑτοῦ,
721 3748 801 3811 είς
845 3748 970 3811 τοὺς
1015 3747 1248 3811 πολλοὺς
1294 3752 1644 3820 περισσεύσει
1675 3754 1913 3821 δαψιλῶς

332 3841 547 3909 ῥιεῖσα.
573 3840 680 3891 Καὶ
707 3840 807 3892 ούκ
831 3839 985 3893 ἕσται
1016 3840 1076 3893 τὸ
1101 3840 1332 3913 δώρημα
1362 3843 1455 3896 τοῦ
1479 3844 1615 3898 Θεοῦ
1636 3848 1910 3913 τοσοῦτον,

328 3937 453 3987 ὅσον
483 3934 578 3986 καὶ
603 3934 661 3986 τὸ
682 3933 747 3986 δι’
774 3933 892 3996 ἐνὸς
929 3935 1353 4003 ἁμαρτήσαντος
1400 3940 1759 4008 κατάκριμα;
1790 3958 1809 3991 ι
1842 3942 1914 3993 Τὸ

334 4029 433 4095 μὲν
453 4027 562 4093 γάρ
586 4028 779 4096 κρῖμα,
814 4045 832 4078 ι
850 4028 1152 4091 τουτέστιν,
1176 4029 1206 4095 ἡ
1242 4029 1636 4099 εύκατάκριτος
1664 4033 1709 4063 ⁸⁸
1730 4033 1915 4105 ἀμαρ-

332 4120 443 4181 τὶα,
482 4138 499 4169 ι
535 4118 591 4183 ἐξ
614 4118 731 4180 ἐνὸς
763 4136 781 4169 ι
820 4116 914 4170 τοῦ
947 4118 1116 4187 Ἀδὰμ
1141 4121 1351 4188 ῥυεῖσα,
1373 4139 1391 4172 ι
1415 4123 1495 4184 είς
1518 4125 1857 4196 κατάκριμα,
1893 4146 1909 4179 ι

334 4212 640 4272 τουτέστιν,
669 4211 748 4270 είς
774 4210 1027 4272 θάνατον,
1058 4210 1088 4277 ἦ
1126 4212 1221 4261 καὶ
1254 4211 1473 4275 πλείους
1510 4215 1806 4287 ἁμαρτίας,
1831 4219 1917 4272 ἀεὶ

332 4304 450 4364 τοῖς
479 4301 538 4365 ἐξ
565 4299 771 4352 ἐκείνου
808 4300 1041 4367 ἐγίνετο,
1074 4299 1215 4353 ὥστε
1240 4302 1461 4366 πολλαῖς
1492 4305 1796 4375 ἁμαρτίαις
1823 4311 1918 4363 καὶ

333 4394 552 4462 Θανάτῳ
594 4391 916 4462 ἐνσχεθῆναι
940 4393 1065 4457 τοὺς
1083 4392 1425 4463 ἀνθρώπους.
1453 4415 1470 4448 ι
1500 4397 1573 4450 Τὸ
1594 4398 1650 4451 δὲ
1673 4402 1918 4472 χάρισμα

334 4489 397 4539 ἐκ
415 4484 626 4539 πολλῶν
642 4486 1115 4555 παραπτωμάτων
1137 4487 1217 4548 είς
1242 4487 1540 4556 δικαίωμα,
1567 4510 1587 4543 ι
1614 4494 1916 4559 τουτέστιν,

2007 1998 2295 2066 participes
2328 1996 2451 2049 facti
2486 2004 2609 2049 sunt
2660 2012 2779 2049 cum
2809 1997 2898 2048 illo
2928 2005 3184 2063 tanquam
3219 1992 3585 2063 progenitore,

2006 2091 2097 2161 qui
2129 2098 2211 2145 est
2242 2089 2407 2159 ﬁgura
2456 2090 2681 2144 Christi.
2717 2088 2785 2144 Ut
2812 2090 2955 2144 enim
2994 2100 3149 2143 vetus
3193 2088 3366 2142 Adam
3398 2101 3589 2140 omnes

2005 2182 2267 2238 obnoxios
2300 2182 2428 2236 fecit
2455 2184 2672 2251 proprio
2699 2183 2953 2250 suiipsius
2985 2181 3180 2250 Iapsui,
3223 2181 3434 2234 etiamsi
3478 2193 3586 2233 non

2005 2289 2162 2330 erant
2200 2276 2338 2344 lapsi
2369 2293 2381 2328 :
2413 2276 2493 2330 sic
2512 2276 2762 2330 Christus
2787 2290 2979 2329 omnes
3001 2274 3345 2340 justilicavit,
3372 2272 3587 2327 etiamsi

2001 2366 2392 2437 justilicatione
2424 2368 2585 2438 digna
2619 2382 2724 2420 non
2762 2366 3179 2433 transegissent.
3218 2364 3447 2433 Propter
3484 2364 3589 2417 hoc

2012 2478 2030 2511 ι
2069 2469 2225 2529 typus
2252 2470 2338 2515 est
2366 2460 2552 2524 futuri,
2590 2478 2608 2511 ι
2645 2460 2696 2514 id
2726 2468 2827 2522 est,
2865 2458 3092 2513 Christi.

2080 2550 2244 2607 Vens.
2284 2553 2369 2614 15,
2402 2552 2491 2607 16.
2527 2570 2545 2604 ι
2585 2550 2689 2607 Sed
2742 2566 2848 2606 non
2903 2552 3048 2607 sicut
3100 2550 3357 2605 delictum
3382 2590 3395 2613 ,
3429 2550 3501 2603 ita
3537 2561 3592 2602 et

2008 2647 2231 2704 donum.
2271 2646 2328 2700 Si
2374 2646 2517 2701 enim
2568 2646 2729 2700 unius
2782 2646 2980 2701 delicto
3020 2646 3173 2700 mulli
3209 2655 3336 2700 sunt
3366 2646 3586 2705 mortui.

2010 2739 2179 2793 multo
2212 2738 2382 2807 magis
2434 2738 2606 2808 gratia
2640 2736 2732 2791 Dei
2766 2747 2822 2791 et
2860 2737 3093 2803 donum,
3135 2737 3186 2790 in
3214 2737 3387 2807 gratia
3432 2736 3591 2789 unius

2009 2832 2244 2887 hominis
2282 2831 2407 2886 .lesu
2454 2830 2680 2893 Chri~ti,
2716 2831 2767 2883 in
2804 2830 3003 2884 multos
3053 2829 3368 2883 abundavit.
3396 2828 3458 2882 Et
3481 2843 3588 2882 non

2008 2925 2149 2979 sicut
2184 2939 2279 2993 per
2312 2939 2473 2975 imum
2515 2922 2605 2988 qui
2657 2930 2999 2991 peccaverat,
3042 2920 3266 2974 donum.
3319 2918 3591 2975 Judicium

2008 3016 2152 3072 enim
2184 3031 2248 3069 ex
2279 3030 2387 3068 uno
2418 3015 2481 3067 ad
2512 3012 3045 3076 condemnationem,
3079 3012 3278 3065 donum
3314 3018 3493 3064 autem
3525 3024 3593 3065 ex

2011 3106 2195 3162 multis
2226 3105 2438 3160 delictis
2472 3104 2537 3157 ad
2569 3103 3032 3171 justiticatiunem.
3057 3120 3076 3155 ι
3119 3102 3227 3172 39
3253 3100 3367 3155 Non
3392 3102 3594 3156 solum-

2012 3203 2171 3251 modo
2225 3206 2436 3250 tantum
2482 3195 2686 3266 profuit
2745 3194 3030 3258 Christus,
3089 3205 3354 3263 quantum
3411 3193 3596 3247 nocuit

2011 3289 2205 3343 Adam.
2241 3286 2297 3341 Si
2326 3287 2467 3341 enim
2494 3294 2768 3355 peccatum
2794 3294 3002 3338 tantum
3034 3282 3229 3353 potuit,
3259 3295 3317 3337 ut
3342 3283 3409 3337 ob
3435 3284 3596 3336 unius

2013 3384 2220 3451 lapsum
2247 3396 2432 3435 omnes
2459 3380 2577 3451 ejus
2600 3380 2820 3448 posteri,
2847 3379 3063 3433 etiamsi
3094 3393 3194 3432 non
3217 3386 3594 3446 peccaverant,

2013 3474 2504 3531 condemnarentur
2537 3491 2550 3537 ;
2588 3472 2756 3527 multo
2785 3472 2954 3541 magis
2984 3471 3156 3540 gratia
3186 3471 3275 3524 Dei
3303 3479 3354 3523 et
3381 3467 3557 3522 Patris
3580 3506 3594 3528 ,

2015 3578 2187 3623 etnon
2220 3566 2389 3620 solius
2418 3564 2596 3633 hujus,
2625 3580 2810 3619 verum
2838 3564 2999 3619 etiam
3032 3564 3152 3617 Filii
3182 3565 3287 3627 sui,
3319 3563 3370 3616 in
3402 3562 3598 3617 multos

2014 3658 2336 3713 exuherabit
2364 3658 2586 3727 largiter
2621 3657 2809 3713 ﬂuens.
2848 3657 2957 3712 Nec
2983 3659 3087 3712 erit
3123 3657 3321 3710 denunt
3361 3658 3450 3711 Dei
3480 3666 3601 3710 tan-

2019 3760 2152 3818 tum,
2186 3761 2388 3820 quanta
2428 3760 2510 3804 est
2537 3764 2658 3818 quze
2688 3766 2782 3818 per
2814 3767 2976 3804 unum
3018 3750 3424 3818 delinquentem
3456 3750 3599 3802 venit

2016 3842 2434 3898 condemnatio?
2476 3860 2495 3892 ι
2533 3839 2805 3895 Judicium
2842 3844 3012 3905 enim,
3056 3860 3075 3893 ι
3114 3843 3215 3898 hoc
3256 3852 3361 3905 est,
3405 3857 3600 3910 pecca-

2017 3945 2141 3989 tum.
2179 3934 2616 3989 condemnationi
2668 3934 2983 3997 obnoxium,
3024 3953 3043 3986 ι
3081 3950 3146 3989 ex
3191 3950 3297 3989 uno
3338 3953 3356 3986 ι
3392 3933 3601 3988 Adamo

2018 4026 2310 4096 proﬂuens,
2347 4045 2365 4077 ι
2401 4027 2465 4079 ad
2493 4026 3022 4088 condemnationem,
3064 4046 3082 4078 ι
3112 4026 3213 4081 hoc
3235 4034 3338 4091 est,
3367 4026 3432 4079 ad
3459 4040 3605 4079 mor-

2018 4128 2152 4183 tem,
2204 4129 2259 4173 et
2294 4118 2446 4188 plura
2483 4116 2742 4184 lpeccata,
2801 4133 3079 4186 nunquam
3136 4133 3237 4170 non
3275 4118 3327 4170 in
3370 4119 3602 4185 posteris

2019 4214 2249 4277 exstitit,
2283 4220 2343 4265 ut
2372 4219 2427 4265 et
2454 4210 2641 4265 multis
2671 4210 2907 4279 peccatis
2938 4218 2993 4263 et
3025 4220 3199 4262 morte
3229 4209 3601 4262 detinerentur

2020 4306 2286 4360 homines.
2322 4322 2340 4355 ι
2382 4304 2585 4357 Donum
2630 4310 2810 4355 autem
2842 4316 2905 4356 ex
2941 4302 3124 4355 multis
3179 4300 3390 4354 delictis
3419 4299 3484 4353 ad
3511 4312 3609 4367 ju-

2020 4397 2445 4459 stiﬁcationem,
2484 4413 2502 4447 ›
2541 4396 2643 4449 hoc
2693 4404 2799 4461 est,
2853 4395 3063 4464 gratia.
3110 4409 3219 4448 non
3263 4408 3426 4448 unum
3472 4392 3602 4446 illud

2023 4497 2305 4557 peccatum
2335 4484 2506 4540 solum
2540 4484 2985 4549 abstulit,verum
3014 4485 3172 4538 etiam
3204 4484 3307 4539 alia
3333 4497 3453 4552 quae
3484 4492 3605 4552 post

335 4578 367 4647 ἡ
397 4576 559 4647 χάρις
585 4576 646 4628 ού
672 4575 770 4647 τὴν
800 4576 929 4645 μίαν
956 4577 1170 4646 ἐκείνην
1197 4578 1404 4630 ἀνεῖλεν
1427 4580 1705 4648 ἁμαρτίαν
1731 4584 1911 4652 μόνον,
1946 4593 1991 4649 D
2021 4584 2027 4636 i

1908 4630 1911 4645 ,
1946 4593 1991 4649 ι)
2021 4581 2152 4636 illud
2179 4581 2493 4635 invaserunt
2516 4578 2809 4631 hominem.
2829 4576 3080 4631 Omnium
3098 4577 3239 4629 enim
3257 4574 3600 4643 postlapsum

336 4671 474 4727 ἀλλὰ
509 4670 604 4724 καὶ
632 4669 731 4732 τὰς
775 4669 894 4739 μετ’
941 4668 1159 4736 ἐκείνην
1204 4669 1647 4735 ὲπεισελθούσας.
1690 4675 1916 4731 Πάντων

335 4766 448 4835 γὰρ
479 4764 588 4818 τῶν
615 4762 753 4831 μετὰ
790 4760 891 4830 τὴν
920 4761 1233 4830 παράϐασιν
1268 4766 1735 4835 παραπτωμάτων
1765 4770 1920 4826 λύσιν

334 4850 526 4917 δοῦσα,
552 4856 633 4918 είς
653 4853 933 4907 δικαίωσιν
960 4854 1089 4924 ἡμῖν
1113 4852 1351 4921 ἐγένετο.

412 4967 431 5000 ι
469 4948 534 5001 Et
579 4948 689 5017 γάρ
720 4945 799 5014 τῷ
836 4944 931 4998 τοῦ
978 4945 1097 5008 ἐνὸς
1151 4946 1566 5018 παραπτώματι
1604 4950 1633 5003 6
1680 4951 1911 5019 θάνατος

338 5043 659 5097 ἐϐασίλευσε
694 5038 781 5094 διά
825 5040 919 5093 τοῦ
963 5040 1101 5104 ἐνὸς,
1149 5041 1332 5111 πολλῷ
1368 5043 1569 5112 μᾶλλον
1607 5046 1656 5099 οί
1683 5046 1781 5116 τὴν
1813 5065 1915 5100 πε-

341 5135 587 5207 ρισσείαν
638 5135 737 5203 τῆς
786 5132 1028 5203 χάριτος,
1067 5138 1161 5186 καὶ
1209 5135 1309 5204 τὴν
1338 5135 1544 5205 δωρεὰν
1576 5136 1675 5207 τῆς
1715 5138 1918 5191 δικαιο-

343 5228 511 5299 σύνης
542 5226 913 5295 λαμϐάνοντες
956 5225 1020 5289 ⁸⁷,
1054 5226 1112 5277 ὲν
1145 5225 1258 5296 ζωῇ
1296 5226 1679 5297 βασιλεύσουσι
1704 5230 1793 5285 διὰ
1821 5230 1916 5284 τοῦ

342 5321 460 5384 ἑνὸς
508 5317 687 5388 Ἰησοῦ
726 5317 989 5389 Χριστοῦ.
1034 5319 1175 5388 Ἀρα
1223 5318 1315 5372 οῦν
1360 5319 1435 5383 ὠς
1471 5320 1539 5372 δι’
1578 5319 1698 5385 ὲνδς
1736 5340 1917 5391 παρα-

340 5413 636 5483 πτώματος
667 5412 745 5472 εἰς
771 5411 977 5473 πάντας
998 5409 1317 5480 ἀνθρώπους
1347 5413 1425 5475 είς
1447 5412 1791 5483 κατάκριμα,
1825 5413 1918 5466 οῦ-

342 5521 423 5555 τω
445 5503 543 5554 καὶ
560 5502 627 5555 δι’
645 5502 762 5564 ἐνὸς
777 5500 1143 5570 δικαιώματος
1164 5502 1243 5562 είς
1268 5501 1476 5566 πάντας
1499 5502 1824 5574 ἀνθρώπους
1840 5506 1919 5563 εἰς

342 5594 627 5647 δικαίωσιν
651 5593 817 5662 ζωῆς.
845 5611 863 5643 ι
893 5592 955 5645 El
982 5592 1041 5645 τδ
1065 5593 1258 5662 φαγεῖν
1283 5594 1390 5647 ἀπὸ
1421 5594 1512 5647 τοῦ
1534 5595 1690 5662 ξύλου
1712 5597 1806 5649 ἕνα
1829 5596 1893 5649 ἄν
1911 5624 1922 5631 -

2026 4684 2368 4739 peccatorum
2406 4667 2778 4723 dimissionem
2819 4667 3045 4729 donans,
3083 4666 3133 4720 in
3157 4664 3600 4737 justiﬁcalionetn

2025 4763 2182 4819 nobis
2212 4762 2401 4817 cessit.

2100 4948 2263 5004 Vens.
2305 4949 2394 5013 l7,
2427 4947 2511 5002 18.
2559 4965 2575 4999 ι
2619 4946 2674 5001 Si
2707 4947 2851 5000 enim
2887 4946 3049 5001 unius
3092 4945 3289 5001 delicto
3326 4957 3473 4998 mors
3512 4957 3604 4997 re-

2028 5043 2212 5115 gnavit
2233 5056 2328 5108 per
2358 5057 2522 5094 unum
2555 5080 2571 5105 ,
2605 5043 2776 5094 multo
2801 5042 2971 5109 magis
2996 5038 3380 5093 abundantiam
3411 5024 3599 5107 gratiae

2028 5152 2091 5190 ac
2126 5137 2323 5188 donum
2371 5132 2596 5202 iustitia:
2643 5133 3003 5201 accipientes,
3051 5130 3108 5185 in
3156 5131 3263 5185 vita
3300 5129 3603 5197 regnahunt

2029 5243 2124 5296 per
2153 5240 2316 5279 unum
2365 5222 2546 5278 Jesum
2575 5223 2873 5279 Christum.
2910 5222 3079 5291 igitur
3128 5223 3271 5276 sicut
3315 5235 3410 5289 per
3444 5220 3605 5272 unius

2029 5318 2284 5371 delictum
2337 5315 2389 5368 in
2432 5328 2623 5368 omnes
2675 5314 2919 5368 homines
2965 5314 3030 5366 ad
3076 5312 3602 5369 condemnationem,

2028 5407 2109 5461 sic
2144 5422 2238 5477 per
2266 5405 2426 5460 unius
2449 5404 2714 5473 justitiam
2747 5403 2801 5457 in
2829 5418 3016 5456 omnes
3052 5403 3297 5457 homines
3333 5402 3399 5454 ad
3436 5398 3601 5470 justi-

2031 5500 2335 5554 licationem
2380 5500 2520 5551 vitae.
2565 5515 2583 5548 ι
2627 5496 2683 5550 Si
2738 5498 2895 5551 unius
2944 5495 3177 5549 hominis
3228 5493 3489 5549 comestio
3540 5493 3605 5543 de

2030 5595 2177 5663 ligno
2210 5606 2433 5647 mortem
2471 5592 2595 5646 fecit.
2656 5605 2883 5660 regnare
2916 5628 2929 5653 ,
2964 5589 3131 5643 multo
3164 5590 3333 5656 magis
3361 5603 3480 5649 nos,
3511 5582 3612 5653 qui

1682 5691 1882 5753 Varite
1923 5691 2251 5753 lectiones.

417 5796 462 5824 ’³
503 5792 921 5862 ἁμαρτάνοντας
960 5807 1012 5847 0.

354 5865 375 5893 ‘
391 5867 407 5889 τ
443 5859 700 5927 λαϐὅντες
730 5882 780 5917 o.

1090 5794 1135 5827 ”
1166 5794 1521 5867 παράπτωμα
1550 5796 1705 5867 ἡμῶν
1739 5798 1855 5850 ἐστι
1894 5813 1966 5853 ttt.

2045 5797 2093 5828 ⁸⁸
2149 5796 2233 5849 ῖσ.
2272 5793 2405 5848 ἀλλὰ
2438 5790 2616 5861 πολλῷ
2665 5790 2846 5845 πλεῖον
2875 5807 2925 5845 υ.
3039 5791 3087 5824 ⁸⁸
3135 5789 3462 5856 κατάκριτος
3530 5803 3605 5842 tu.
