4286 6444
720 467 821 524 aii
1559 445 2136 521 THEOPHYLACTI
2180 438 2383 501 'BULG
2406 440 2591 499 \RIJE
2633 442 2985 505 ARCHIEP.

3856 431 3962 495 il?

701 573 940 628 surrexit
985 585 1014 624 a
1051 567 1279 624 mortuis
1328 580 1422 635 per
1458 565 1681 636 gloriam
1726 563 1926 623 Patris,
1979 578 1997 609 ι
2037 558 2139 610 hoc
2163 559 2268 610 est.
2303 553 2347 609 Δ
2384 570 2393 601 t

2259 590 2268 610 ,
2303 553 2347 609 Α
2384 548 2604 620 (ὥσπερ
2646 551 2673 603 ὁ
2701 549 2934 620 Χριστὸς
2966 547 3165 618 ἀνέστη
3190 547 3255 602 ἐκ
3282 544 3494 617 νεκρῶν
3535 544 3713 612 σαρκὲ
3738 542 3827 596 διὰ
3851 542 3951 607 τῆς

703 682 799 734 per
844 662 1121 734 propriam
1173 660 1519 717 divinitatem
1572 657 1731 727 (nam
1779 653 1948 724 gloria
1982 648 2162 703 Patris
2197 656 2282 698 est

706 757 919 825 Filius),
950 755 1028 809 sic
1062 762 1116 809 et
1162 768 1260 808 nos
1311 751 1413 805 alia
1466 748 1868 804 resurrectione
1914 755 2281 812 resurgamus,

710 865 841 903 nova
875 847 1081 903 scilicet
1117 845 1333 901 vivendi
1364 843 1577 899 ratione
1632 842 1765 896 Cum
1797 840 1940 893 enim
1987 837 2285 892 fornicator

707 943 764 993 tit
794 949 1116 1009 temperans,
1140 952 1267 994 ecce
1298 948 1525 991 mortem
1550 943 1604 989 et
1633 931 2114 992 resurrectionem,
2142 924 2281 979 vitio

709 1035 760 1084 in
803 1033 1020 1086 homine
1066 1032 1357 1098 moriente,
1389 1042 1451 1084 ac
1482 1028 1681 1082 virtute
1712 1031 2030 1092 resurgente
2055 1028 2109 1073 et
2144 1015 2287 1073 revio

710 1124 967 1177 i'iscente.

780 1298 944 1355 Vens.
973 1299 1024 1362 5,
1054 1298 1107 1352 6.
1145 1315 1164 1349 ‹
1202 1296 1256 1350 Si
1289 1295 1433 1350 enim
1461 1290 1811 1363 complantati
1851 1302 2038 1344 sumus
2082 1283 2289 1340 simili-

714 1393 880 1447 tudini
907 1390 1094 1444 mortis
1123 1389 1316 1458 ipsius,
1344 1386 1503 1440 simul
1527 1395 1579 1439 et
1602 1380 2020 1437 resurrectionis
2049 1379 2285 1433 erimus:

715 1487 816 1540 hoc
845 1484 1103 1548 scientes,
1149 1482 1293 1547 quod
1336 1490 1485 1534 vetus
1525 1488 1709 1532 noster
1737 1480 1896 1529 homo
1931 1472 2090 1527 simul
2116 1470 2292 1525 cruci-

714 1578 854 1632 ﬁxus
885 1585 987 1641 est,
1022 1584 1079 1629 ut
1108 1576 1419 1629 destruatur
1449 1587 1644 1639 corpus
1665 1570 1895 1640 peccati,
1929 1577 1987 1621 ιιι
2016 1566 2155 1620 ultra
2184 1582 2288 1619 non

713 1668 1013 1722 serviamus
1042 1676 1285 1737 peccato.
1335 1683 1354 1716 ι
1393 1663 1510 1720 Non
1542 1665 1697 1728 dixit,
1729 1663 1868 1732 quod
1902 1660 2291 1714 Communica.

713 1760 952 1814 verimus
991 1757 1331 1814 similitudini
1380 1756 1571 1811 mortis
1622 1755 1782 1825 ejus,
1835 1769 2021 1807 vermn
2073 1773 2090 1806 ι
2129 1751 2289 1808 Com-

717 1850 939 1919 plantati
984 1865 1194 1913 Sumus,
1237 1868 1255 1901 ι
1297 1847 1649 1919 plantationis
1680 1845 1897 1900 nomine
1938 1844 2167 1899 fructum
2198 1843 2291 1913 qui

715 1956 779 1995 ex
818 1956 881 1994 ea
913 1941 1160 2011 provenit
1216 1939 1568 1995 adumbrans.
1594 1939 1802 2008 Corpus
1828 1940 1968 1991 enim
2001 1936 2209 1990 Domini
2241 1937 2293 1989 itt

719 2046 861 2088 terra
886 2036 1152 2103 sepultum
1219 2033 1405 2086 salutis
1429 2030 1656 2085 fructum
1688 2029 1929 2100 protulit.
1956 2029 2087 2095 Quia
2117 2036 2294 2081 autem

720 2142 817 2179 nos
850 2127 899 2181 in
935 2142 1095 2195 aqua,
1135 2125 1222 2180 ille
1258 2140 1384 2180 vero
1431 2125 1483 2179 in
1518 2134 1658 2179 terra
1699 2122 1945 2193 sepultus
1979 2129 2082 2185 est,
2112 2129 2161 2176 et
2200 2135 2297 2175 nos

715 2217 931 2282 quidem
981 2216 1159 2287 quoad
1214 2225 1515 2287 peccatum,
1571 2216 1662 2270 ille
1721 2229 1850 2269 vero
1899 2226 2169 2282 quatenus
2229 2213 2296 2266 ad

720 2323 955 2377 corpus;
987 2309 1191 2364 idcirco
1235 2323 1339 2362 non
1372 2307 1529 2373 dixit,
1582 2306 1760 2372 Morti,
1807 2305 1903 2359 sed
1960 2324 1978 2355 ι
2030 2303 2298 2359 Similitu-

718 2400 829 2454 dini
864 2401 1072 2457 mortis.
1115 2420 1132 2453 ι
1183 2400 1418 2456 Proinde
1461 2410 1516 2455 et
1562 2398 1981 2456 resurrectionis
2020 2406 2300 2453 consortes

717 2493 943 2559 erimus,
972 2495 1097 2548 vitae
1140 2502 1357 2548 mterna:
1404 2492 1769 2548 haereditatem
1802 2490 2127 2561 possessnri,
2168 2504 2298 2559 pro-

721 2592 902 2651 pterea
934 2583 1079 2653 quod
1127 2599 1245 2639 eam
1292 2600 1412 2654 qua:
1454 2584 1507 2638 in
1538 2583 1645 2654 42
1687 2583 1938 2653 operibus
1982 2582 2139 2636 bonis
2171 2596 2301 2635 con-

720 2677 862 2731 sistit
884 2677 1333 2731 resurrectionem
1359 2676 1506 2746 pritts
1526 2674 2056 2743 repraesentavimus.
2082 2672 2295 2727 Etenim

731 2788 750 2821 ε
773 2777 925 2824 vetus
957 2770 1349 2832 nosterbomo,
1385 2788 1403 2819 ι
1444 2768 1494 2821 id
1526 2778 1629 2832 εει,
1664 2766 1891 2831 malitia,
1928 2784 1948 2817 ι
1972 2766 2134 2820 simul
2173 2780 2299 2819 cru-

722 2860 914 2915 ciﬁxus
939 2869 1037 2924 est,
1066 2880 1085 2912 ι
1125 2860 1224 2914 hoc
1263 2870 1366 2926 est,
1403 2859 1625 2931 perinde
1657 2867 1716 2911 ut
1760 2872 1957 2927 corpus
1988 2858 2212 2919 Christi,
2247 2858 2298 2911 in

726 2953 1051 3022 baptismate
1080 2951 1325 3022 sepultus
1358 2962 1463 3017 est,
1498 2971 1516 3004 ι
1558 2960 1616 3006 ut
1641 2950 1921 3005 abolentur
1949 2966 2150 3018 corpus
2176 2966 2301 3020 pec-

726 3044 855 3113 cati,
897 3063 915 3096 ι
955 3045 1003 3098 id
1041 3052 1156 3108 est,
1186 3046 1301 3098 sive
1338 3045 1525 3099 vitium
1561 3059 1626 3099 ex
1666 3043 1831 3097 variis
1880 3042 2122 3111 partibus
2153 3058 2301 3097 COIII-

727 3136 959 3205 positum
1001 3151 1066 3192 ac
1108 3147 1362 3207 tanquam
1417 3137 1468 3190 in
1515 3150 1679 3189 unum
1724 3150 1922 3204 corpus
1966 3135 2299 3199 coalescens,

2384 643 2541 713 δόξης
2569 643 2662 695 τοῦ
2688 643 2953 711 Πατρδς,›
2982 643 3250 703 τουτέστι,
3278 640 3365 693 διὰ
3386 639 3485 705 τῆς
3514 637 3720 698 οίκείας
3745 636 3962 705 θειότη-

2386 755 2475 801 τος
2518 738 2563 770 ”
2614 736 2761 807 (δόξα
2796 737 2905 806 γὰρ
2952 734 3045 789 τοῦ
3093 734 3305 805 Πατρὺς
3353 734 3381 786 6
3427 734 3617 795 Υίὸς)·
3674 730 3816 784 οὕτω
3866 732 3964 781 καὶ

2388 832 2549 902 ἡμεῖς
2611 830 2806 900 ἑτέραν
2868 829 3168 882 ἀνάστασιν
3222 826 3571 894 ἀναστῶμεν,
3621 824 3719 893 τὴν
3770 821 3964 892 καινὴν

2388 922 2685 976 πολιτείαν.
2736 923 2904 974 Ὅταν
2958 924 3067 989 γὰρ
3118 921 3146 972 6
3189 920 3385 989 πόρνος
3424 918 3650 988 γένηται
3704 913 3961 984 σώφρων,

2392 1016 2501 1069 ἰδοὺ
2551 1013 2784 1077 θάνατος
2844 1013 2939 1065 καὶ
2988 1012 3306 1075 ἀνάστασις,
3357 1009 3455 1079 τῆς
3510 1006 3709 1067 κακίας
3768 1004 3967 1057 θανού-

2392 1125 2511 1177 σης,
2578 1106 2670 1160 καὶ
2710 1107 2811 1177 τῆς
2861 1104 3064 1176 ἀρετῆς
3100 1104 3411 1167 ἀναστάσης
3446 1102 3540 1155 καὶ
3582 1099 3761 1169 ζώσης
3799 1100 3855 1151 ἐν
3888 1097 3966 1167 τῷ

2390 1198 2685 1270 ἀνθρώπῳ.

2474 1310 2492 1342 ι
2542 1290 2605 1342 El
2629 1292 2739 1360 γάρ
2785 1288 3060 1358 σύμφυτοι
3091 1284 3400 1355 γεγόναμεν
3429 1283 3507 1354 τῷ
3541 1282 3848 1353 ὁμοιώματι
3875 1280 3967 1334 τοῦ

2392 1384 2630 1437 Θανάτου
2662 1380 2851 1445 αὐτοῦ,
2886 1380 3023 1433 ἀλλὰ
3050 1379 3145 1433 καὶ
3179 1377 3277 1445 τῆς
3305 1377 3655 1437 ἀναστάσεως
3688 1374 3922 1441 ἐσόμεθα
3950 1387 3965 1400 ⁸

2390 1477 2548 1529 τοῦτο
2592 1472 2976 1544 γινώσκοντες,
3013 1473 3098 1526 ὅτι
3144 1472 3172 1524 ὁ
3214 1469 3447 1531 παλαιὸς
3488 1469 3644 1537 ἡμῶν
3686 1468 3970 1536 ἄνθρωπος

2396 1566 2843 1638 συνεσταυρώθη,
2882 1566 2969 1618 i'va
3014 1562 3339 1633 καταργηθῇ
3377 1560 3436 1614 τὸ
3470 1559 3627 1629 σῶμα
3659 1559 3755 1628 τῆς
3785 1560 3969 1627 ἁμαρ-

2394 1662 2536 1725 τίας,
2563 1660 2656 1713 τοῦ
2684 1659 2879 1730 μηκέτι
2914 1656 3185 1712 δουλεύειν
3212 1656 3363 1725 ἡμᾶς
3387 1656 3454 1725 τῇ
3488 1652 3753 1723 ἁμαρτία.
3805 1672 3822 1703 ι
3857 1652 3973 1705 Ούκ

2396 1749 2570 1815 εἶπεν,
2596 1751 2678 1804 δτι
2721 1746 3196 1816 Ἐκοινωνήσαμεν
3221 1742 3301 1812 τῷ
3330 1739 3641 1812 ὁμοιώματι
3669 1736 3765 1790 τοῦ
3801 1736 3971 1789 θανάο

2400 1867 2490 1901 του
2537 1846 2725 1908 αὐτοῦ,
2756 1844 2913 1907 ἁλλὰ,
2960 1862 2978 1895 t
3016 1843 3298 1911 Σύμφυτοι
3332 1839 3661 1906 γεγόναμεν,
3716 1853 3734 1886 ι
3771 1834 3847 1902 τῷ
3876 1833 3975 1900 τῆς

2403 1940 2627 2006 φυτείας
2654 1937 2880 2005 ὁνὸματι
2914 1935 3005 1987 τὸν
3036 1934 3098 1985 ἐκ
3130 1931 3335 2000 ταύτης
3368 1929 3581 1998 καρπὸν
3608 1925 3971 1995 αἰνιξάμενος.

2399 2033 2584 2103 Ταφέν
2607 2030 2715 2101 γὰρ
2748 2028 2811 2081 τὸ
2854 2028 3013 2098 σῶμα
3042 2024 3136 2078 τοῦ
3165 2024 3372 2091 Κυρίου
3414 2023 3471 2073 ἐν
3506 2023 3569 2090 τῇ
3615 2021 3708 2087 γῇ,
3764 2016 3977 2071 καρπὸν

2402 2125 2679 2196 σωτηρίας
2724 2122 2978 2193 ἧνεγκεν.
3022 2117 3244 2185 Ἐπειδὴ
3288 2115 3342 2168 δὲ
3376 2116 3539 2185 ἡμεῖς
3572 2112 3671 2181 μὲν
3706 2113 3761 2163 ἐν
3801 2109 3974 2171 ὕδατι,

2400 2219 2606 2279 ἐκεῖνος
2631 2216 2686 2268 δέ
2720 2216 2777 2268 ἐν
2804 2215 2873 2284 τῇ
2905 2214 2977 2283 γῇ
3006 2210 3182 2278 ἐτάφη
3209 2224 3222 2239 ·
3261 2207 3355 2260 καὶ
3387 2208 3548 2276 ἡμεῖς
3582 2205 3678 2275 μὲν
3702 2206 3766 2274 τῇ
3798 2204 3981 2272 ἁμαρ-

2399 2312 2511 2384 τίᾳ,
2576 2311 2782 2371 ἐκεῖνος
2827 2306 2885 2360 δὲ
2928 2304 3008 2375 τῷ
3056 2304 3305 2371 σώματι·
3353 2299 3444 2353 διὰ
3488 2297 3646 2352 τοῦτο
3692 2297 3793 2350 οὐκ
3834 2289 3977 2353 εἷπε,

2404 2406 2494 2473 Τῷ
2526 2405 2760 2472 θανάτῳ,
2809 2400 2963 2465 ἀλλὰ,
2998 2414 3017 2449 ‹
3061 2396 3151 2466 Τῷ
3189 2392 3499 2464 ὁμοιώματι
3529 2391 3623 2444 τοῦ
3659 2390 3914 2443 θανάτου.
3956 2406 3975 2439 ι

2402 2499 2513 2551 Καὶ
2550 2499 2649 2565 τῆς
2700 2492 3050 2553 ἀναστάσεως
3091 2487 3185 2541 οὖν
3235 2487 3482 2540 κοινωνοὶ
3530 2482 3784 2554 ἐσόμεθα,
3837 2480 3981 2550 ζωὴν

2403 2587 2624 2643 αἰώνιον
2662 2584 2761 2640 καὶ
2791 2584 2943 2638 αὐτοὶ
2985 2576 3473 2650 κληρονομοῦντες,
3518 2574 3607 2628 διὰ
3659 2571 3753 2625 τοῦ
3788 2571 3887 2641 τὴν
3926 2574 3982 2623 ἐν

2402 2686 2515 2746 τοῖς
2545 2679 2769 2749 ἀγαθοῖς
2824 2676 3006 2745 ἔργοις
3044 2672 3346 2725 ἀνάστασιν
3387 2665 3779 2732 ἐπιδείξασθαι.
3822 2681 3840 2714 ι
3875 2662 3985 2716 Καὶ

2404 2776 2514 2843 γὰρ
2544 2774 2572 2825 ὁ
2607 2770 2835 2830 παλαιὸς
2864 2764 3022 2837 ἡμῶν
3053 2761 3359 2832 ἄνθρωπος,
3392 2759 3692 2820 τουτέστιν,
3724 2759 3758 2826 ἠ
3788 2754 3981 2810 κακία.

2405 2857 2848 2929 συνεσταυρώθη,
2884 2875 2902 2906 ι
2950 2853 3249 2917 τουτέστιν,
3299 2850 3499 2919 ὁμοέως
3535 2847 3610 2916 τῷ
3650 2845 3861 2915 σώματι
3889 2843 3985 2897 τοῦ

2403 2952 2664 3025 Χριστοῦ,
2697 2952 2754 3003 ἐν
2773 2949 2851 3018 τῷ
2882 2947 3220 3017 βαπτίσματι
3255 2942 3452 3011 ἐτάφη,
3494 2959 3512 2991 ι
3543 2940 3632 2993 ἵνα
3662 2936 3987 3005 καταργηθῇ

2404 3048 2464 3100 τὸ
2497 3047 2656 3113 σῶμα
2681 3044 2780 3110 τῆς
2809 3038 3106 3110 ἁμαρτίας,
3146 3055 3165 3087 ο
3189 3034 3491 3095 τουτέστιν,
3524 3033 3643 3101 ἦτοι
3672 3032 3705 3100 ἡ
3729 3030 3837 3082 ἀπὸ
3870 3028 3987 3080 δια-

2406 3138 2588 3207 φόρων
2608 3131 2790 3203 μερῶν
2812 3127 3145 3198 συγκειμένη
3177 3124 3377 3188 κακία,
3407 3123 3502 3175 καὶ
3526 3122 3715 3187 ὥσπερ
3746 3119 3803 3171 ἐν
3830 3118 3991 3187 σῶμα

729 3230 843 3283 sive
875 3244 1070 3298 corpus
1108 3241 1351 3284 nostrum
1383 3230 1448 3281 ad
1482 3227 1813 3296 peccandum
1851 3227 2089 3295 proclive
2122 3246 2136 3282 :
2170 3244 2294 3296 pro-
2326 3233 2369 3291 C
2401 3247 2421 3282 ς

2326 3233 2369 3291 C
2401 3225 2537 3282 οὖσα
2554 3225 2674 3289 99-1,
2712 3222 2745 3292 ἢ
2772 3222 2865 3274 καὶ
2903 3220 2963 3273 τὸ
2998 3217 3160 3285 σῶμα.
3188 3214 3344 3286 ἡμῶν
3366 3214 3424 3266 τὸ
3455 3209 3855 3281 ἁμαρτητικόν.
3901 3210 3994 3262 Διὸ

730 3334 914 3391 ριεηιιι
948 3323 1136 3385 infert,
1168 3341 1185 3373 ι
1217 3321 1287 3376 Ut
1316 3336 1419 3375 non
1447 3321 1583 3375 ultra
1619 3322 1980 3375 inserrinmus
2007 3333 2246 3389 peccato.
2282 3341 2301 3373 ι

733 3415 865 3469 Volo
909 3420 1079 3481 enim,
1116 3414 1310 3482 inquit,
1362 3415 1534 3480 ipsum
1583 3427 1705 3467 esse
1754 3422 2047 3477 mortuum,
2092 3428 2199 3468 non
2249 3425 2309 3468 ut

730 3509 1060 3572 destruatur,
1094 3509 1186 3563 sed
1220 3523 1287 3561 ne
1318 3516 1524 3576 peccet.

804 3600 970 3654 Vens.
1000 3598 1051 3652 7.
1100 3617 1117 3650 ι
1152 3599 1249 3664 Qui
1284 3599 1426 3653 enim
1460 3607 1704 3654 mortuus
1732 3611 1835 3666 est,
1866 3599 2195 3667 justilicatus
2227 3610 2313 3656 est

731 3706 759 3743 ιι
791 3700 1033 3757 peccato.
1080 3708 1099 3741 ι
1137 3690 1211 3744 De
1243 3690 1479 3758 quolibet
1510 3689 1727 3743 homine
1759 3690 1858 3744 hoc
1891 3691 1960 3744 ait
1990 3709 2002 3743 :
2040 3691 2311 3757 Quemad-

739 3780 956 3834 modum
991 3798 1009 3831 ι
1046 3779 1133 3847 qui
1183 3779 1289 3832 vita
1344 3780 1557 3834 functus
1628 3790 1729 3847 est,
1777 3781 2106 3850 justificatus
2149 3791 2232 3837 est
2281 3800 2311 3836 a

735 3883 978 3940 peccato,
1034 3892 1052 3923 ›
1095 3873 1197 3925 hoc
1240 3881 1343 3932 est,
1389 3872 1667 3925 absolutus
1710 3882 1824 3937 est,
1861 3874 2122 3930 liberatus
2166 3884 2251 3929 est
2294 3894 2307 3929 :

736 3967 806 4019 ita
856 3973 910 4018 ct
959 3976 1012 4018 tu
1060 3966 1155 4034 qui
1208 3967 1511 4033 baptizatus
1561 3973 1616 4020 et
1662 3976 1907 4022 mortuus
1954 3982 2012 4022 es
2064 3976 2308 4037 peccato,

736 4072 979 4114 mortuus
1004 4069 1057 4114 et
1088 4076 1395 4128 persevera.

809 4147 971 4203 Vens.
1014 4149 1161 4203 8-H.
1199 4169 1216 4202 ι
1262 4148 1317 4204 Si
1347 4159 1529 4204 autem
1563 4152 1763 4205 mortui
1795 4168 1983 4207 sumus
2014 4168 2136 4207 cum
2166 4152 2314 4208 Chri-

735 4250 839 4304 sto,
883 4241 1156 4297 credimus
1200 4242 1341 4309 quod
1394 4251 1448 4296 et
1474 4243 1633 4295 simul
1686 4243 1927 4297 vivemus
1973 4259 2097 4298 cum
2146 4244 2310 4313 ipso:

736 4333 968 4387 scientes
1015 4333 1158 4402 quod
1190 4332 1444 4389 Christus
1480 4349 1765 4404 resurgens
1800 4350 1830 4388 a
1864 4337 2114 4400 mortuis,
2151 4351 2313 4405 porro

738 4442 847 4481 non
877 4428 1139 4491 moritur;
1168 4443 1313 4481 ntors
1341 4427 1415 4480 illi
1450 4427 1585 4481 ultra
1621 4444 1724 4481 non
1753 4429 2139 4485 dominabitur.
2164 4429 2316 4498 Quod

737 4517 883 4567 enim
941 4525 1188 4572 mortuus
1239 4528 1342 4579 est,
1391 4527 1615 4585 peceato
1660 4531 1906 4574 mortuus
1956 4530 2043 4575 est
2088 4520 2258 4574 semel
2298 4538 2312 4575 :

2413 3319 2701 3387 ἐπιφέρει·
2751 3332 2767 3364 ι
2818 3310 2923 3363 Τοῦ
2972 3308 3170 3378 μηκέτι
3210 3305 3486 3359 δουλεύειν
3529 3305 3676 3374 ἡμᾶς
3708 3305 3774 3373 τῇ
3810 3302 3992 3372 ἁμαρ-

2412 3412 2521 3483 τίᾳ.
2565 3428 2580 3460 ι
2624 3406 2894 3470 Βούλομαι
2928 3401 3059 3471 γάρ,
3095 3397 3281 3468 φησὶν,
3325 3397 3458 3451 αὐτὸ
3482 3392 3621 3449 εἶναι
3648 3394 3861 3466 νεκρὸν,
3894 3395 3994 3463 οὐχ

2412 3502 2500 3554 ἵνα
2532 3497 2824 3566 ἀφανισθῇ,
2864 3490 2981 3546 ἀλλ’
3012 3490 3098 3542 ἵνα
3126 3489 3199 3558 μὴ
3240 3487 3551 3559 ἁμαρτάνῃ.

2490 3611 2507 3643 ι
2560 3590 2619 3642 '0
2652 3588 2760 3657 γὰρ
2804 3583 3095 3638 ἀποθανὼν
3130 3580 3478 3636 δεδικαίωται
3525 3581 3634 3632 ἀπδ
3673 3578 3775 3648 τῆς
3811 3580 3997 3649 ἁμαρ-

2412 3685 2554 3744 τίας.
2614 3701 2634 3734 ι
2699 3679 2833 3745 Περὶ
2877 3678 3076 3739 παντὸς
3122 3673 3412 3746 ἀνθρώπου
3461 3671 3621 3725 τοῦτὸ
3673 3689 3861 3741 φησιν,
3913 3673 3996 3724 ὃτι

2415 3778 2628 3845 Ὥσπερ
2648 3793 2665 3826 t
2691 3776 2718 3828 6
2737 3770 3023 3827 ἀποθανὼν
3041 3768 3385 3822 δεδικαίωται
3412 3766 3520 3820 ἀπὸ
3540 3766 3636 3834 τῆς
3655 3763 3934 3836 ἁμαρτίας
3973 3782 3993 3814 ι

2414 3869 2718 3932 τουτέστιν,
2769 3865 3120 3926 ἀπολέλυται,
3170 3861 3545 3930 ὴλευθέρωται
3571 3874 3584 3887 ·
3630 3857 3771 3911 οὕτω
3804 3857 3899 3909 καὶ
3932 3857 3998 3907 σὺ

2416 3968 2443 4017 ὁ
2491 3960 2830 4032 βαπτισθεὶς,
2897 3958 2992 4012 καὶ
3048 3955 3342 4027 νεκρωθεὶς
3408 3955 3474 4023 τῇ
3535 3952 3806 4024 ἁμαρτία,
3868 3951 3998 4020 μένε

2416 4054 2629 4124 νεκρός.

2496 4166 2514 4198 ‹
2561 4145 2706 4199 Εἰδέ
2748 4142 3095 4210 ἀπεθάνομεν
3139 4139 3236 4192 σὺν
3278 4135 3525 4208 Χριστῷ,
3552 4133 3885 4203 πιστεύομεν
3914 4135 4002 4184 ὅτι

2418 4240 2513 4294 καὶ
2544 4237 2854 4307 συζήσομεν
2908 4232 3059 4301 αύτῷ
3087 4247 3100 4261 ’
3136 4230 3339 4292 εἰδότες
3367 4230 3451 4282 ὃτι
3480 4227 3713 4298 Χριστὸς
3754 4226 4004 4295 ἐγερθεὶς

2421 4334 2486 4382 ἐκ
2507 4327 2740 4395 νεκρῶν,
2766 4324 2953 4377 ούκέτι
2972 4321 3306 4392 ἀποθνήσκει
3332 4336 3345 4351 ·
3375 4318 3604 4380 θάνατος
3624 4316 3791 4370 αὐτοῦ
3814 4318 4003 4370 ούκέτι

2419 4419 2684 4491 κυριεύει.
2713 4418 2778 4469 Ὅ
2802 4416 2910 4486 γὰρ
2939 4413 3285 4483 ἀπέθανε,τῇ
3301 4413 3547 4482 ἁμαρτίᾳ
3565 4411 3839 4465 ἀπέθανεν
3869 4411 4003 4478 ἐφά-

2421 4511 2532 4575 παξ
2555 4528 2567 4542 ⁸
2599 4510 2627 4562 ὃ
2667 4507 2723 4561 δὲ
2760 4506 2849 4577 Cf}.
2897 4504 2962 4575 ζῇ
2993 4506 3070 4574 τῷ
3111 4502 3250 4574 Θεῷ.
3289 4501 3446 4557 Οὕτω
3475 4504 3570 4557 καὶ
3602 4504 3759 4573 ὑμεῖς
3794 4502 4007 4570 λογίζε-

737 4609 876 4672 quod
909 4617 1088 4663 autem
1117 4610 1281 4675 vivit,
1314 4609 1445 4664 vivit
1483 4609 1611 4664 Deo.
1647 4610 1741 4666 Sic
1770 4623 1823 4665 et
1880 4627 1974 4667 vos
2006 4612 2317 4667 existimate
2348 4579 2390 4634 θ
2422 4625 2429 4654 ε

2314 4636 2317 4662 ι
2348 4579 2390 4634 D
2422 4605 2538 4666 σθε,
2564 4602 2791 4661 ἑαυτοὺς
2817 4598 3052 4667 νεκροὺς
3083 4596 3183 4665 μὲν
3218 4590 3359 4648 εἶναι
3392 4598 3456 4664 τῇ
3489 4594 3760 4664 ἁμαρτία,
3791 4594 4006 4659 ζῶντας

742 4714 835 4753 vos
884 4709 1126 4755 mortuos
1158 4703 1377 4770 quidem
1422 4718 1543 4757 esse
1571 4712 1809 4772 peccato,
1855 4705 2100 4759 viventes
2135 4713 2315 4758 autem

741 4792 887 4858 Deo,
925 4793 977 4847 in
1012 4792 1234 4848 Christo
1274 4793 1399 4849 Jesu
1447 4795 1672 4849 Domino
1720 4804 1925 4849 nostro.
1981 4813 1999 4845 ι
2037 4794 2320 4849 ιὶείιεητθ

740 4886 880 4939 idem
925 4886 1154 4949 videtur,
1193 4898 1250 4941 at
1290 4903 1447 4942 secus
1497 4903 1555 4942 se
1603 4903 1689 4941 res
1734 4888 1915 4942 habet.
1965 4886 2140 4957 Supra
2172 4886 2317 4942 enim

741 4976 971 5043 dicebat,
1005 4978 1148 5046 quod
1172 4988 1447 5047 Oporteret
1477 4993 1574 5033 nos
1600 4989 1820 5046 peccato
1848 4993 2062 5047 semper
2092 4990 2317 5033 manere

744 5080 988 5125 mortuus
1024 5089 1037 5125 :
1072 5087 1215 5126 nunc
1249 5084 1430 5128 autem
1461 5073 1623 5127 verba
1656 5070 1785 5125 facit
1820 5075 1886 5125 de
1921 5071 2318 5126 resurrectione

745 5176 894 5214 novae
922 5162 1063 5228 vitae,
1097 5179 1257 5230 quam
1294 5165 1586 5218 secundum
1625 5164 1789 5218 Deum
1832 5179 1929 5219 nos
1966 5176 2180 5232 semper
2220 5163 2318 5216 ha-

746 5256 874 5307 bere
902 5255 1178 5309 convenit.
1224 5254 1279 5309 Si
1311 5256 1453 5309 enim
1491 5256 1685 5309 mortui
1711 5271 1898 5310 sumus
1931 5270 2054 5309 cum
2099 5253 2317 5309 Christo

750 5359 845 5410 per
897 5346 1183 5417 baptisma,
1234 5349 1505 5403 credimus
1557 5348 1699 5417 quod
1749 5356 1804 5402 et
1847 5350 2322 5412 resurrectionem,

746 5450 869 5505 quae
916 5439 966 5490 in
1014 5440 1253 5493 novitate
1284 5440 1404 5493 vita;
1442 5440 1723 5505 consistit,
1774 5439 2137 5494 obtinebimus
2182 5439 2323 5508 apud

753 5542 851 5581 nus
882 5542 1094 5597 semper
1124 5540 1455 5585 manentem.
1490 5530 1621 5585 Nam
1652 5542 1715 5586 et
1753 5532 2005 5586 Christus
2030 5532 2325 5594 excitatus,

757 5616 809 5669 in
846 5620 1170 5690 sempiterna
1192 5622 1388 5677 sacula
1426 5624 1577 5691 vivit,
1603 5639 1708 5679 non
1741 5623 1972 5694 amplius
2008 5622 2323 5678 moriturus.

2418 4694 2476 4747 δὲ
2517 4690 2595 4761 τῷ
2632 4689 2751 4758 Θεῷ
2794 4688 2852 4740 ἐν
2899 4684 3122 4755 Χριστῷ
3170 4683 3344 4753 Ἰησοῦ
3388 4683 3464 4753 τῷ
3516 4684 3705 4753 Κυρίῳ
3753 4682 3935 4753 ἡμῶν.
3981 4700 4000 4734 ι

2421 4785 2583 4839 Δοκεῖ
2616 4780 2979 4847 παλιλλογεῖν,
3006 4776 3122 4831 ἀλλ’
3154 4776 3258 4829 οὐκ
3288 4776 3428 4830 ἐστι.
3471 4776 3582 4829 Καὶ
3611 4775 3719 4847 γὰρ
3745 4775 4011 4846 ἀνωτέρω

2427 4879 2546 4948 μὲν,
2593 4873 2725 4945 περὶ
2776 4870 2893 4925 τοῦ
2923 4870 3011 4924 ἀεὶ
3065 4868 3177 4921 δεῖν
3234 4867 3466 4938 νεκροὺς
3511 4868 3694 4937 μένειν
3738 4869 3888 4937 ἡμᾶς
3936 4871 4009 4939 τῇ

2424 4967 2694 5040 ἁμαρτίᾳ,
2732 4964 2886 5033 ἐλεγε
2909 4980 2925 4995 ο
2966 4962 3062 5017 νῦν
3085 4960 3169 5025 δέ,
3206 4965 3336 5032 περὶ
3370 4960 3462 5013 τοῦ
3493 4961 3580 5012 ἀεὶ
3614 4960 3758 5030 ἔχειν
3786 4961 3845 5011 ἐν
3875 4960 4010 5012 ἑαυ-

2427 5066 2539 5126 τοῖς
2560 5062 2659 5133 τὴν
2689 5059 2985 5113 ἀνάστασιν
3011 5056 3111 5126 τῆς
3144 5054 3288 5108 κατὰ
3315 5053 3449 5107 Θεὸν
3484 5052 3782 5115 πολιτείας.
3810 5052 3875 5104 Εί
3898 5053 4010 5122 γὰρ

2428 5154 2779 5223 ἀπεθάνομεν
2814 5152 2910 5204 σὺν
2952 5147 3175 5220 Χριστῷ
3213 5147 3303 5201 διὰ
3336 5145 3431 5199 τοῦ
3482 5146 3875 5215 βαπτίσματος.
3915 5163 4011 5197 πι-

2431 5247 2721 5317 στεύομεν,
2760 5246 2841 5298 ὅτι
2880 5242 2975 5296 καὶ
3000 5240 3099 5312 τὴν
3133 5242 3192 5293 ἐν
3222 5238 3506 5309 καινότητι
3532 5236 3678 5305 ζωῆς
3711 5236 4011 5288 ἀνάστασιν

2422 5342 2623 5412 ἕξομεν
2669 5338 2757 5392 ἀεὶ
2808 5333 3091 5406 παροῦσαν
3146 5334 3300 5403 ημῖν.
3357 5330 3467 5383 Καὶ
3515 5329 3623 5398 γὰρ
3679 5329 3708 5379 6
3771 5328 4011 5395 Χριστὸς

2425 5433 2695 5507 ἐγερθεὶς,
2752 5429 2840 5484 ἀεὶ
2882 5427 2971 5497 ζῇ,
3018 5426 3205 5479 οὐκέτι
3253 5423 3635 5493 ἀποθνήσκων.
3678 5420 3788 5473 Καὶ
3831 5422 4013 5471 ἐκεῖνο

2426 5530 2555 5598 γὰρ,
2607 5546 2625 5577 ι
2686 5526 2749 5577 ’0
2792 5520 3053 5582 ἀπέθανε,
3095 5520 3160 5589 τῇ
3198 5514 3444 5587 ἁμαρτία
3484 5515 3742 5572 ἀπέθανε,
3795 5531 3813 5562 ι
3863 5511 4015 5565 τοῦτ’

2432 5620 2573 5684 ἐστι,
2628 5617 2717 5670 διὰ
2768 5614 2865 5686 τὴν
2926 5611 3204 5683 ἁμαρτίαν
3256 5609 3355 5679 τὴν
3405 5607 3703 5678 ἡμετέραν,
3760 5603 3858 5656 καὶ
3911 5604 4010 5675 ὡκ

2100 5763 2296 5826 Variae
2321 5760 2647 5827 lectiones.

832 5887 878 5920 "
902 5885 1153 5956 θεότητος
1168 5904 1242 5945 tn.
1318 5891 1410 5923 ’³-⁷
1434 5889 1692 5961 γινομένη
1728 5908 1799 5944 m.
