4286 6444
698 436 802 501 415

1577 432 2155 495 ΤΙῙΕΟΡΗΥΙ.ΑΟΤΙ
2194 427 2611 493 BULGARIIE
2646 432 3001 495 ARCHIEP.

3820 432 3924 493 Li-‘i

697 554 868 606 hitur.
910 548 1027 605 Non
1083 548 1225 604 enim
1268 547 1400 603 estis
1430 548 1531 603 Sub
1573 549 1711 620 lege.
1741 550 1834 603 sed
1882 550 1982 603 sub
2016 547 2211 619 gratia.
2244 567 2263 601 ι
2297 549 2345 606 Α
2377 548 2389 599 t‘

2297 549 2345 606 Α
2377 548 2480 600 ὑπὸ
2525 549 2707 617 νόμον,
2756 549 2893 602 ἀλλὰ
2944 549 3049 602 ὑπὸ
3094 548 3273 617 χάριν.
3310 566 3328 599 t
3371 546 3445 602 Τὸ
3503 548 3698 618 σῶμα,
3752 550 3955 618 φησὶν,

702 646 936 713 Corpus,
995 642 1188 711 inquit,
1229 652 1465 697 vestrum
1511 653 1637 697 ante
1676 640 1877 696 Christi
1912 644 2199 697 adventum
2245 656 2275 694 a

714 745 933 799 peccato
965 734 1125 788 facile
1155 733 1450 803 expugnari
1485 733 1679 801 potuit.
1729 732 1913 802 Neque
1945 734 2090 787 enim
2151 732 2273 801 Spi-

710 830 843 881 ritus
879 828 1066 881 aderat
1106 827 1197 895 qui
1225 834 1588 887 succurreret,
1637 841 1811 894 neque
1843 826 2105 892 baptisma
2135 825 2277 893 quod

711 919 1037 972 ntortilicare
1081 927 1279 986 pusset.
1331 915 1620 984 Propterea
1653 927 1700 969 et
1740 917 1819 968 lex
1876 915 2193 981 prmcipiens
2225 923 2281 967 et

718 1026 1014 1081 suggerens
1064 1010 1192 1077 quid
1239 1007 1508 1078 agendum
1541 1016 1707 1071 esset,
1757 1006 1890 1060 nihil
1944 1005 2277 1076 perficiebat.

711 1100 837 1155 Post
864 1098 1061 1154 Christi
1107 1108 1288 1151 autem
1323 1097 1610 1151 adventum
1650 1097 1791 1148 lucta
1822 1093 2031 1147 facilior
2052 1102 2133 1146 est
2162 1090 2283 1145 red-

712 1193 820 1244 dita
855 1209 870 1245 :
909 1190 1136 1258 ideoque
1174 1189 1476 1243 certamina
1525 1188 1749 1257 majora,
1794 1202 1890 1240 ceu
1928 1184 2131 1239 auxilio
2164 1199 2283 1235 ant-

712 1281 865 1350 pliori
919 1280 1075 1335 nobis
1124 1282 1485 1350 suppeditato.
1538 1278 1652 1334 Non
1712 1278 2081 1332 dominabitur
2120 1276 2284 1344 igitur

719 1372 875 1427 nobis
919 1384 1224 1441 peccatum,
1267 1372 1368 1426 nisi
1420 1372 1643 1425 nimium
1692 1385 1791 1425 nos
1839 1369 1937 1439 ipsi
1982 1368 2281 1424 subdideri-

716 1477 863 1514 tuus.
894 1461 1008 1516 Non
1062 1462 1204 1516 enim
1258 1468 1337 1516 est
1375 1460 1458 1515 lex
1511 1476 1630 1529 qua:
1662 1459 1818 1530 jubet
1870 1469 2099 1524 tantum,
2154 1460 2285 1514 nihil

714 1560 898 1607 autem
945 1552 1127 1605 auxilii
1161 1552 1386 1620 praebet,
1419 1566 1607 1606 verum
1634 1551 1831 1621 gratia,
1858 1565 1977 1618 quae
2019 1559 2072 1604 et
2104 1552 2283 1619 priora

720 1656 941 1713 peccata
971 1643 1221 1705 remittit,
1252 1652 1308 1697 et
1332 1642 1588 1696 adversus
1620 1643 1798 1696 futura
1830 1640 2021 1694 munit.

792 1730 955 1787 Vens.
1007 1732 1095 1796 l5,
1128 1730 1214 1786 16:
1270 1751 1290 1783 t
1324 1732 1459 1797 Quid
1494 1732 1699 1802 igitur?
1732 1732 2097 1791 Peccahimus.
2151 1746 2288 1800 quo-

722 1824 866 1878 niam
915 1840 1020 1879 non
1063 1840 1248 1879 sumus
1300 1829 1399 1879 sub
1444 1827 1582 1894 lege,
1630 1826 1723 1879 sed
1773 1826 1870 1879 sub
1909 1826 2123 1894 gratia?
2174 1827 2283 1878 Ab-

721 1916 813 1971 sit.
844 1916 923 1970 Αη
956 1915 1175 1970 nescitis
1219 1916 1364 1985 quod
1390 1918 1473 1970 cui
1508 1916 1771 1971 exhibetis
1807 1932 1901 1970 vos
1928 1919 2071 1986 ipsos
2097 1934 2285 1974 servos

723 2010 790 2061 ad
823 2008 1209 2072 obedientiam,
1246 2009 1385 2063 servi
1424 2009 1560 2062 estis
1607 2009 1693 2062 cui
1728 2008 1986 2071 obeditis,
2020 2012 2134 2064 sive
2170 2026 2294 2080 pee-

722 2101 826 2155 cati
882 2102 947 2155 ad
994 2111 1244 2166 mortem,
1278 2102 1392 2157 sive
1446 2101 1768 2156 ohedientia:
1806 2101 1873 2155 ad
1926 2102 2235 2171 justitiam?
2269 2123 2287 2155 ι

731 2186 948 2259 Ubique
978 2192 1310 2261 objectiones
1341 2192 1450 2265 44.
1481 2194 1573 2248 has
1604 2204 1887 2261 suspectas
1923 2196 2086 2249 habet
2119 2210 2134 2249 :
2172 2195 2295 2251 ideo

723 2294 778 2338 et
809 2284 1055 2353 producit
1088 2294 1141 2339 et
1195 2285 1379 2349 diluit,
1436 2288 1890 2355 quemadmodum
1928 2298 1980 2341 et.
2028 2289 2165 2345 hanc
2228 2294 2293 2345 ad

728 2392 889 2445 quant
926 2376 1235 2444 respondet,
1272 2378 1475 2441 dicens,
1506 2397 1525 2430 t
1569 2380 1742 2434 Absit.
1778 2399 1795 2430 ι
1830 2378 2033 2435 Deinde
2059 2384 2299 2438 ostendit

725 2466 866 2534 quod
914 2464 1072 2523 facile
1107 2468 1261 2522 nobis
1308 2468 1379 2523 sit
1424 2485 1528 2524 non
1575 2484 1824 2537 peccare.
1863 2472 2113 2541 Cogitate
2148 2475 2295 2527 enim

727 2558 868 2627 apttd
903 2573 999 2612 vos
1066 2566 1245 2613 utrum
1303 2560 1371 2613 sit
1423 2561 1754 2614 commodius
1808 2578 2003 2617 servos
2039 2580 2136 2619 vus
2177 2579 2299 2620 esse

731 2650 960 2715 peccati.
996 2659 1173 2705 vestra
1230 2661 1421 2720 sponte
1454 2653 1526 2705 illi
1556 2654 1828 2720 subjectos
1858 2656 1996 2725 (hoc
2039 2659 2182 2711 enim
2217 2658 2299 2710 in-

727 2741 871 2794 dicat
904 2754 997 2808 per
1026 2741 1248 2796 verbum
1283 2762 1300 2793 ι
1326 2743 1591 2799 Exhibete
1626 2745 1696 2808 ι),
1726 2755 1774 2799 et
1814 2746 2009 2799 lucrari
2045 2759 2294 2813 mortem,

737 2831 1157 2899 ltec-est,nullis
1211 2849 1444 2902 unquam
1493 2836 1701 2890 saeculis
1756 2836 2047 2892 ﬁniendum
2100 2839 2299 2908 suppli-

727 2923 869 2974 cium
904 2923 1048 2992 (nam
1090 2923 1280 2979 Adanti
1325 2937 1601 2995 peceatum
1665 2939 1893 2982 mortem
1946 2931 2152 2999 peperit
2180 2947 2300 2985 cor-

731 3013 1002 3078 poralem,
1058 3024 1113 3069 et
1164 3030 1284 3085 qua:
1342 3018 1661 3073 dissolvitur
1714 3037 1727 3073 :
1786 3032 2070 3089 peccatum
2121 3033 2298 3075 autent

730 3104 871 3171 quod
905 3120 1046 3160 nune
1074 3116 1177 3173 est,
1212 3119 1430 3164 alterna:
1463 3111 1640 3176 morti,
1675 3127 1847 3180 poena:
1874 3113 2125 3165 nimirum
2158 3129 2302 3168 sem-

2382 639 2557 708 ὑμῶν,
2590 640 2694 710 πρὸ
2736 640 2836 709 μὲν
2866 640 2967 709 τῆς
2993 639 3085 694 τοῦ
3113 639 3350 709 Χριστοῦ
3392 640 3714 708 παρουσίας,
3754 641 3954 693 εὐκατ-

2386 727 2686 796 αγώνιστον
2714 724 2780 799 ἦν
2809 732 2876 800 τῇ
2926 730 3193 801 ἁμαρτίᾳ.
3238 729 3374 783 Οὔτε
3400 731 3507 800 γὰρ
3532 727 3754 799 Πνεῦμα
3772 728 3958 798 παρῆν

2384 817 2447 873 τὸ
2487 821 2738 891 βοηθοῦν,
2772 819 2897 873 οῦτε
2930 820 3216 890 βάπτισμα
3245 821 3305 873 τὸ
3333 822 3602 890 νεκρῶσαι
3637 821 3955 888 δυνάμενον.

2384 913 2476 965 Διὸ
2531 912 2625 966 καὶ
2669 916 2696 965 ὁ
2726 912 2891 982 νόμος
2949 914 3310 981 ὑπαγορεύων
3366 913 3435 965 τὰ
3482 913 3766 983 πρακτέα,
3804 912 3959 963 οὑδὲν

2384 1006 2549 1075 ἧνυεν
2571 1021 2584 1033 '
2614 1004 2859 1066 ἐλθόντος
2888 1004 2944 1057 δὲ
2984 1004 3079 1058 τοῦ
3110 1005 3370 1075 Χριστοῦ,
3392 1005 3456 1057 τὰ
3490 1004 3846 1071 παλαίσματα
3870 1003 3959 1055 εύ-

2386 1096 2665 1167 κολὼτερα
2698 1098 2928 1165 γέγονεο
2957 1098 3037 1151 διὸ
3089 1098 3184 1152 καὶ
3232 1098 3407 1167 μείζω
3456 1097 3522 1149 τε
3580 1096 3959 1164 ἀγωνίσματα,

2386 1190 2461 1253 ὡς
2489 1190 2735 1259 μείζονος
2772 1190 3026 1261 βοηθείας
3049 1191 3342 1261 δεδομένης
3369 1192 3520 1259 ἡμῖν.
3555 1190 3631 1242 Οὑ
3680 1189 3962 1259 κυριεύσει

2388 1280 2482 1333 οῦν
2514 1282 2545 1349 ὴ
2575 1281 2822 1353 ἁμαρτία
2851 1282 3030 1350 ἡμῶν,
3064 1282 3159 1333 ἐὰν
3200 1282 3275 1351 μὴ
3310 1282 3518 1351 σφόδρα
3561 1282 3787 1342 ἑαυτοὺς
3825 1280 3962 1332 ὑπο-

2393 1374 2836 1445 κατακλίνωμεν.
2878 1375 2954 1429 Οὑ
2983 1375 3093 1445 γάρ
3123 1375 3240 1429 ἑστι
3266 1375 3428 1445 νόμος
3458 1376 3486 1427 ὁ
3504 1373 3742 1427 κελεύων
3778 1374 3961 1441 μόνον,

2399 1466 2671 1537 μηδεμίαν
2704 1467 2761 1519 δὲ
2799 1466 3048 1536 βοήθειαν
3084 1465 3282 1528 διδοὺς,
3315 1464 3452 1518 ἀλλὰ
3501 1466 3680 1534 χάρις,
3711 1464 3743 1533 ή
3772 1463 3868 1516 καὶ
3901 1463 3967 1516 τὰ

2396 1557 2639 1625 πρότερα
2694 1557 3072 1625 ἁμαρτήματα
3106 1556 3355 1624 ἀφιεῖσα,
3391 1553 3488 1607 καὶ
3518 1553 3653 1623 πρὸς
3714 1552 3784 1606 τὰ
3838 1550 3968 1621 μέλ-

2391 1648 2553 1701 λοντα
2584 1648 3018 1719 ἁσςραλιζομένη.

2469 1761 2486 1791 ‹
2517 1742 2580 1793 Τί
2605 1740 2735 1805 οῦνς
2781 1742 3194 1810 ἁμαρτήσομεν,
3230 1740 3313 1793 ὅτι
3337 1741 3436 1793 οὑκ
3462 1740 3626 1809 ἐσμὲν
3657 1737 3762 1791 ὑπὸ
3780 1737 3966 1806 νόμον,

2395 1831 2510 1884 ἀλλ’
2548 1833 2654 1885 ὑπὸ
2688 1833 2850 1903 χάριν
2871 1849 2890 1893 ;
2913 1833 3004 1899 Μὴ
3029 1832 3273 1898 γένοιτοί
3308 1833 3422 1885 Οὑκ
3449 1831 3624 1884 οῐδατε
3655 1832 3737 1883 ὄτι
3760 1826 3803 1896 ᾧ
3825 1848 3969 1899 παρα

2395 1924 2640 1978 ιστάνετε
2678 1922 2902 1983 ἑαυτοὺς
2933 1923 3155 1985 δούλους
3194 1924 3273 1985 είς
3305 1922 3582 1992 ὑπακοὴν,
3611 1920 3789 1975 δοῦλοί
3847 1923 3971 1975 ἐστε

2398 2011 2441 2084 ᾧ
2472 2016 2795 2085 ὑπακούετε⁸
2824 2016 2944 2085 ἦτοι
2972 2016 3246 2085 ἁμαρτίας
3269 2016 3349 2077 εἰς
3380 2013 3629 2079 θάνατον,
3659 2014 3692 2084 ἢ
3726 2013 3973 2080 ὑπακοῆς

2396 2112 2476 2172 εἰς
2503 2110 2887 2178 δικαιοσύνηνς
2926 2128 2943 2160 ι
2982 2107 3270 2177 Πανταχοῦ
3296 2108 3396 2169 τὰς
3430 2107 3734 2168 ἀντιθέσεις
3766 2105 3974 2167 ταύτας

2397 2198 2714 2261 ὑποπτεύει,
2738 2199 2827 2251 καὶ
2862 2197 2952 2251 διὰ
2995 2197 3153 2251 τοῦτο
3197 2196 3435 2264 παράγει
3469 2197 3564 2250 καὶ
3611 2196 3751 2258 λύει,
3778 2195 3970 2265 ὥσπερ

2397 2292 2492 2344 καὶ
2516 2289 2739 2359 ταύτην,
2774 2288 2975 2343 εἰπών·
3010 2308 3028 2339 t
3063 2290 3152 2357 Μὴ
3183 2289 3428 2356 γένοιτοί
3464 2306 3483 2341 ι
3513 2285 3643 2342 Εἶτα
3668 2288 3968 2350 δείκνυσιν,

2398 2385 2480 2436 ὅτι
2530 2380 2750 2433 εὔκολον
2815 2382 2948 2450 ἡμῖν
3006 2381 3067 2433 τὸ
3126 2381 3199 2450 μὴ
3253 2381 3610 2449 ἁμαρτάνειν.
3653 2380 3973 2445 Ἐννοήσατε

2399 2474 2506 2544 γὰρ
2532 2475 2685 2525 ποῖον
2711 2475 2981 2542 κρεῖττον,
3014 2472 3237 2535 δούλους
3273 2467 3412 2526 εἶναι
3444 2470 3718 2541 ἁμαρτίας
3749 2471 3975 2529 ἑκόντας

2401 2563 2781 2634 ὑπαγομένους
2845 2563 3022 2633 ταύτῃ
3089 2562 3269 2632 (τοῦτο
3331 2565 3438 2631 γὰρ
3496 2561 3647 2628 δηλοῖ
3702 2560 3791 2611 διὰ
3844 2559 3974 2621 τοῦ,

2408 2674 2425 2703 ι
2457 2655 2861 2724 Παριστάνετε),
2895 2673 2912 2704 ι
2951 2655 3043 2705 καὶ
3086 2653 3384 2722 κερδαίνειν
3411 2651 3502 2704 τὸν
3537 2653 3783 2713 θάνατον,
3819 2666 3975 2701 τουτ-

2403 2748 2545 2812 έστι,
2602 2749 2701 2817 τὴν
2732 2747 3003 2800 ἀθάνατον
3023 2744 3244 2797 κόλασιν
3284 2745 3338 2813 (ἡ
3399 2746 3498 2810 μὲν
3528 2745 3634 2813 γὰρ
3668 2742 3762 2796 τοῦ
3805 2742 3977 2808 Ἀδὰμ

2406 2841 2672 2912 ἁμαρτία,
2713 2840 2945 2892 θάνατον
2986 2836 3299 2907 σωματικὸν
3332 2837 3425 2890 καὶ
3456 2836 3718 2906 λυόμενον
3750 2834 3939 2886 ἔτεκεν
3960 2848 3974 2862 ·

2402 2934 2517 3004 ἡδὲ
2573 2933 2666 2986 νῦν
2719 2931 2985 3001 ἁμαρτία,
3047 2929 3264 2998 θανάτῳ
3313 2930 3540 2996 αίωνίῳ,
3600 2930 3665 2996 τῇ
3732 2925 3975 2983 κολάσει,

2405 3026 2569 3094 φημὶ,
2633 3024 2722 3076 τὸν
2773 3023 3061 3091 ἄνθρωπον
3120 3020 3532 3089 παραδίδωσιν),
3579 3019 3612 3087 ἢ
3677 3017 3979 3070 ὑπακούειν

2402 3117 2543 3186 Θεῷ,
2566 3118 2660 3169 καὶ
2682 3113 3030 3185 δικαιοσύνην
3062 3112 3387 3185 κερδαίνειν,
3434 3111 3527 3165 καὶ
3564 3110 3631 3163 τὰ
3656 3115 3721 3163 ὲκ
3771 3108 3980 3178 ταύτης

734 3198 955 3261 ρίιετητε
993 3199 1157 3252 tradit
1213 3200 1527 3271 hominem)
1577 3217 1643 3255 an
1679 3204 1885 3257 servire
1920 3196 2049 3269 Deo,
2084 3214 2138 3258 et
2180 3206 2296 3275 jus-
2328 3226 2370 3282 ο
2406 3208 2605 3277 ἀγαθά.

735 3288 906 3342 titiam
969 3288 1181 3359 aliaque
1218 3306 1286 3346 ex
1323 3292 1422 3346 bac
1470 3296 1844 3363 promanuntia
1903 3297 2039 3351 bona
2078 3297 2298 3352 lucrari.

814 3376 971 3431 Vens.
1007 3380 1089 3433 l7.
1126 3399 1144 3432 t
1196 3379 1381 3435 Gratia
1416 3394 1595 3437 autem
1646 3384 1775 3439 Deo.
1826 3389 2079 3455 quoniam
2137 3390 2305 3444 eratis

736 3470 877 3523 εστι-ἰ
934 3471 1166 3539 peccati,
1208 3472 1469 3528 obedistis
1520 3485 1699 3529 autem
1751 3491 1813 3530 cx
1867 3479 2029 3532 corde
2080 3479 2133 3533 in
2182 3496 2301 3535 cant

737 3559 963 3615 formam
989 3562 1244 3618 doctrinae.
1275 3562 1327 3619 in
1355 3580 1516 3635 quam
1552 3566 1731 3621 traditi
1762 3568 1915 3622 estis.
1941 3587 1959 3620 ι
1978 3599 2048 3610 -
2072 3590 2089 3623 t
2118 3571 2302 3628 Gratia

737 3651 867 3705 Deo.
906 3671 925 3705 ι
957 3652 1071 3707 Νοη
1115 3655 1257 3708 enim
1323 3666 1442 3710 erat
1495 3656 1852 3713 humanarum
1912 3661 2105 3715 virium
2164 3664 2306 3733 quod

739 3758 837 3797 nos
858 3743 927 3798 ab
952 3743 1056 3800 illis
1079 3746 1235 3802 malis
1262 3745 1573 3812 liberamur,
1599 3750 1691 3803 sed
1710 3750 1870 3820 plane
1893 3751 2059 3805 divini
2079 3754 2262 3809 auxilii
2288 3771 2305 3809 :

739 3844 1023 3904 propterea
1070 3846 1123 3893 et
1174 3848 1369 3907 gratos.
1405 3854 1503 3895 vos
1551 3855 1671 3895 esse
1712 3852 1943 3911 oportet.
1996 3844 2167 3899 Porro
2199 3862 2304 3902 non

740 3927 873 3981 estis
892 3928 1087 3993 coacti,
1116 3930 1207 3983 sed
1237 3940 1429 3999 sponte
1455 3947 1518 3986 ex
1546 3932 1726 3986 animo
1763 3933 2042 3990 obedistis.
2073 3934 2309 3992 Proinde

742 4032 809 4070 nc
877 4019 1258 4074 retrocurratis
1316 4019 1383 4075 ad
1461 4021 1514 4075 id
1581 4023 1723 4091 quod
1794 4026 2033 4081 deterius
2106 4040 2213 4094 est,
2277 4046 2305 4085 a

741 4120 848 4173 quo
880 4120 987 4160 non
1029 4106 1182 4162 inviti
1212 4110 1520 4166 destitistis.
1556 4111 1860 4170 Monstrans
1910 4130 2112 4182 autem,
2164 4124 2307 4190 quod

649 4268 667 4287 .
741 4196 951 4250 etiamsi
980 4196 1078 4267 ipsi
1110 4202 1455 4265 accesserint,
1496 4211 1665 4258 totum
1700 4216 1876 4260 tamen
1912 4208 2089 4264 iSthuc
2112 4211 2309 4266 divinte

746 4288 932 4356 gratia:
976 4306 1112 4360 opus
1159 4294 1250 4358 sit,
1306 4294 1521 4363 adjecit,
1591 4315 1610 4350 t
1656 4298 1860 4355 Truditi
1925 4304 2077 4369 estis,
2128 4323 2148 4357 ›
2206 4307 2309 4363 hoc

744 4388 849 4443 cSI,
888 4393 916 4431 a
952 4379 1059 4434 Deo
1092 4383 1142 4435 in
1178 4399 1296 4438 eam
1332 4386 1588 4443 doctrinae
1622 4388 1849 4444 formam
1887 4396 2131 4462 perducti
2156 4398 2307 4453 estis.

746 4464 876 4530 Qnre
928 4482 1056 4524 vero
1116 4473 1263 4529 istaec
1314 4474 1487 4529 forma
1545 4478 1807 4535 doctrina:
1858 4484 1983 4538 est?
2036 4484 2201 4543 Recte
2256 4499 2310 4544 et

746 4572 870 4611 cunt
899 4561 1095 4629 optima
1127 4569 1536 4625 conversatione
1562 4572 1724 4625 vitam
1754 4575 1972 4631 ducere.

820 4649 980 4707 Vens.
1021 4654 1108 4719 18,
1139 4658 1223 4711 l9.
1249 4677 1266 4709 ι
1303 4658 1542 4715 Liberati
1580 4674 1761 4719 autem
1798 4682 1826 4718 a
1863 4680 2112 4736 peccato,
2167 4676 2309 4730 servi

749 4742 870 4798 facti
902 4746 1033 4802 estis
1061 4746 1301 4815 iustitiae.
1330 4750 1633 4809 Humanum
1664 4758 1917 4825 quiddam
1945 4761 2065 4817 dico
2096 4775 2313 4834 propter

748 4837 1116 4894 infirmitatem
1154 4844 1335 4897 carnis
1363 4856 1580 4902 vestrm.
1614 4849 1765 4905 Sicut
1806 4853 1950 4907 enim
1991 4856 2312 4915 exhibuistis

752 4928 996 4983 membra
1035 4943 1215 4987 vestra
1264 4949 1420 4991 serva
1474 4939 1825 4998 immunditiat
1858 4954 1913 5001 et
1948 4946 2214 5017 iniquitati
2244 4952 2310 5005 ad

752 5020 1112 5091 iniquitatem,
1176 5027 1246 5079 ita
1292 5044 1432 5084 nunc
1495 5032 1747 5089 exhibete
1817 5043 2059 5095 membra
2114 5054 2310 5096 -vestra

746 5131 897 5169 serva
924 5114 1147 5184 justitiae
1177 5119 1242 5173 ad
1267 5122 1773 5181 sanctificatiouent.
1802 5146 1820 5178 ι
1864 5127 1977 5184 Duo
2008 5132 2111 5186 ista
2145 5133 2313 5188 bene-

749 5208 869 5261 tieia
900 5224 927 5260 τι
963 5211 1069 5263 Deo
1104 5212 1416 5281 accepistis,
1451 5221 1505 5268 et
1527 5219 1667 5283 quod
1695 5217 1903 5273 liberati
1932 5220 2061 5276 esus
2102 5238 2131 5274 a
2164 5232 2313 5278 tanta

750 5301 1102 5368 turpitudine,
1130 5312 1183 5357 et
1211 5304 1353 5374 quod
1390 5307 1531 5359 servi
1556 5306 1681 5362 facti
1713 5309 1842 5364 estis
1870 5309 2089 5377 iustitia?
2122 5332 2135 5366 :
2169 5316 2311 5382 quod

748 5408 962 5445 summo
996 5394 1146 5449 vobis
1178 5404 1260 5451 est
1292 5397 1504 5452 honori.
1537 5398 1668 5453 Cum
1702 5412 1879 5455 autem
1924 5405 2104 5459 dicere
2131 5405 2311 5473 vellet,

748 5482 807 5536 lu
844 5493 1099 5551 quantum
1137 5489 1278 5543 servi
1331 5489 1507 5546 fuistis
1552 5493 1778 5561 peccati,
1826 5493 1876 5546 in
1928 5502 2135 5547 tantum
2172 5512 2315 5552 nunc

746 5573 1007 5627 inservite
1059 5574 1201 5639 Deo,
1260 5590 1605 5639 antevertens
1668 5584 1787 5647 hoc,
1838 5602 1857 5634 t
1912 5584 2237 5651 Humanum,
2289 5605 2307 5638 ι

2486 3406 2503 3438 t
2543 3386 2715 3455 Χάρις
2749 3384 2805 3436 δὲ
2845 3383 2920 3453 τῷ
2948 3380 3091 3452 Θεῷ,
3122 3384 3205 3435 ὅτι
3230 3378 3328 3450 ἦτε
3356 3380 3539 3435 δοῦλοι.
3560 3382 3659 3447 τῆς
3682 3382 3982 3450 ἁμαρτίας,

2408 3477 2758 3546 ὑπηκούσατε
2790 3476 2847 3528 δὲ
2877 3477 2941 3528 ὲκ
2971 3475 3199 3545 καρδίας
3233 3476 3312 3536 είς
3341 3473 3399 3525 ὃν
3439 3473 3771 3543 παρεδόθητε
3806 3473 3981 3525 τύπον

2405 3570 2643 3639 διδαχῆς.
2677 3587 2695 3619 ι
2716 3597 2783 3609 --
2812 3586 2831 3620 t
2862 3568 3034 3634 Χάρις
3070 3566 3147 3637 τῷ
3167 3566 3338 3635 Θεῷ..
3367 3565 3480 3619 Οὐκ
3500 3562 3844 3634 ἀνθρωπίνης
3873 3563 3981 3634 γὰρ

2412 3663 2618 3733 ἰσχύος,
2642 3661 2705 3714 τὸ
2732 3662 2775 3693 ³³
2804 3659 3188 3728 ἀπαλλαγῆναι
3211 3659 3358 3728 ἡμᾶς
3382 3657 3606 3709 ἐκείνων
3636 3658 3741 3731 τῷν
3770 3655 3979 3721 κακῶν,

2408 3755 2546 3810 ἀλλὰ
2578 3754 2732 3817 θείας
2757 3767 2772 3780 ’
2803 3753 2883 3807 διὸ
2904 3752 3002 3805 καὶ
3062 3751 3412 3821 εὐχαριστεῖν
3441 3749 3543 3802 δεῖ.
3590 3748 3705 3801 Ούκ
3736 3748 3980 3817 ἡναγκά-

2410 3850 2573 3919 σθητε
2603 3847 2684 3910 δὲ,
2719 3845 2834 3899 ἀλλ’
2864 3845 3083 3905 ἑκόντες
3113 3845 3171 3896 ὲν
3194 3843 3394 3913 καρδίᾳ
3419 3840 3794 3910 ὑπηκούσατε.
3818 3840 3985 3892 Ὥστε

2413 3942 2488 4013 μὴ
2520 3941 2563 3972 ιδ
2586 3938 3058 4009 παλινδρομήσιητε
3117 3935 3210 3988 ἐπὶ
3266 3935 3327 3989 τδ
3392 3936 3604 4004 χεῖρον,
3649 3930 3709 3987 οῦ
3765 3932 3986 3995 ἑκόντες

2409 4033 2705 4098 ἀπέστητε.
2732 4029 3001 4085 Δεικνύων
3039 4027 3117 4090 δὲ,
3148 4028 3231 4081 ὅτι
3261 4027 3309 4080 εί
3349 4028 3439 4080 καὶ
3472 4026 3623 4079 αὐτοὶ
3650 4023 3982 4094 προσῆλθεν,

2411 4124 2525 4178 ἀλλ’
2551 4126 2702 4190 ὅμως
2726 4123 2828 4191 τῆς
2847 4120 2941 4173 τοῦ
2969 4116 3107 4172 Θεοῦ
3134 4118 3358 4187 χάριτος
3396 4118 3457 4170 τὸ
3495 4118 3624 4178 πᾶν,
3673 4114 3985 4185 προσέθηκε

2409 4215 2491 4279 τδ,
2520 4234 2539 4265 ‹
2581 4212 2920 4284 Παρεδὸθητε
2944 4227 2959 4242 ο
2995 4230 3013 4264 ι
3038 4211 3345 4271 τουτέστιν,
3389 4207 3526 4261 ’Υπὺ
3578 4205 3714 4259 Θεοῦ
3764 4207 3983 4274 datin-(1';—

2413 4310 2543 4379 θητε
2599 4308 2678 4369 εἰς
2736 4305 2828 4358 τὸν
2878 4303 3048 4357 τύπον
3083 4302 3183 4374 τῆς
3239 4299 3475 4370 διδαχῆς.
3512 4298 3607 4361 Τίς
3666 4298 3722 4350 δὲ
3766 4298 3985 4359 tit-37:9;

2411 4402 2509 4471 τῆς
2562 4399 2814 4469 διδαχῆςς
2868 4396 2942 4450 Τὸ
2977 4394 3153 4468 ὀρθῶς
3208 4392 3340 4464 ζῇν,
3391 4392 3485 4445 καὶ
3513 4389 3651 4461 μετὰ
3711 4390 3984 4453 πολιτείας

2414 4494 2663 4564 ἀρίστης.

2491 4691 2509 4724 t
2553 4666 3044 4740 Ἐλευθερωθέντες
3074 4665 3130 4719 δὲ
3160 4664 3267 4718 ἀπὸ
3283 4664 3381 4732 τῆς
3413 4661 3714 4733 ἁμαρτίας,
3749 4659 3984 4713 ἐδουλώ-

2415 4764 2545 4833 θητε
2607 4763 2673 4830 τῇ
2730 4756 3071 4826 δικαιοσύνῃ.
3120 4754 3489 4824 Ἀνθρώπινον
3552 4752 3714 4817 λέγω,
3762 4751 3849 4804 διὰ
3888 4752 3985 4820 τὴν

2416 4854 2700 4910 ἀσθένειαν
2732 4851 2829 4918 τῆς
2859 4849 3062 4919 σαρκὸς
3107 4848 3278 4917 ὑμῶν.
3320 4848 3531 4915 Ὥσπερ
3569 4848 3676 4915 γὰρ
3711 4845 3987 4913 παρεστή-

2418 4963 2548 5002 σατε
2606 4944 2673 4998 τὰ
2710 4942 2844 5013 μέλη
2902 4940 3055 5010 ὑμῶν
3106 4938 3267 4991 δοῦλα
3300 4941 3363 5008 τῇ
3411 4938 3724 5007 ἀκαθαρσία
3774 4938 3869 4990 καὶ
3918 4939 3984 5007 τῇ

2413 5038 2613 5109 ἀνομίᾳ
2643 5037 2721 5099 εἰς
2752 5032 2847 5104 τὴν
2880 5032 3143 5101 ἀνομίανσ
3174 5028 3316 5083 οὑτω
3355 5029 3449 5081 νῦν
3475 5030 3869 5099 παραστήσατε
3919 5031 3988 5083 τὰ

2417 5128 2557 5199 μέλη
2611 5124 2765 5195 ὑμῶν
2814 5120 2973 5174 δοῦλα
3022 5122 3087 5189 τῇ
3127 5117 3442 5188 δικαιοσύνῃ
3502 5118 3581 5179 είς
3633 5117 3927 5182 ἁγιασμόν.
3963 5134 3981 5167 ι

2414 5220 2518 5275 Δύο
2549 5217 2721 5271 ταῦτα
2744 5212 3145 5284 εύηργετήθητε
3180 5210 3330 5279 παρὰ
3354 5208 3449 5261 τοῦ
3476 5209 3632 5269 Θεοῦ,
3653 5210 3712 5261 τό
3745 5225 3805 5261 τε
3835 5208 3987 5261 ἐλευ-

2416 5308 2719 5382 θερωθῆναι
2776 5307 2875 5376 τῆς
2918 5304 3192 5373 τοσαύτης
3251 5300 3531 5372 αἰσχύνης,
3559 5302 3651 5354 καὶ
3691 5299 3749 5351 τὸ
3795 5298 3990 5353 δουλω-

2418 5403 2579 5471 θῆναι
2628 5402 2693 5470 τῇ
2753 5396 3098 5469 δικαιοσύνῃ·
3137 5395 3272 5463 ὅπερ
3308 5394 3427 5445 ἐστὶ
3480 5391 3638 5455 δόξης
3678 5388 3986 5444 ἀπολαῦσαι

2417 5492 2643 5563 πολλῆς.
2672 5489 2901 5545 Μέλλων
2922 5488 2977 5540 δὲ
3001 5489 3198 5546 εἰπεῖν,
3227 5486 3310 5538 ὅτι
3344 5486 3508 5537 Ὅσον
3556 5482 3913 5537 ἐδουλεύσατε
3943 5481 3986 5511 ’⁸

2412 5588 2477 5656 τῆ
2502 5581 2765 5655 ἁμαρτίᾳ,
2796 5578 3120 5634 δουλεύσατε
3141 5577 3219 5649 τῷ
3244 5575 3365 5647 Θεῷ
3384 5591 3398 5607 ο
3442 5574 3729 5645 προλαϐών
3776 5589 3943 5645 φησιν
3970 5585 3987 5603 ο

2107 5729 2307 5793 Varim
2347 5729 2678 5793 lectiones.

827 5842 872 5876 "
908 5843 1061 5896 τοῦτο
1077 5861 1126 5897 u.
1210 5847 1249 5877 ”
1276 5848 1410 5918 μηδὲ
1445 5868 1497 5904 υ.
1579 5853 1618 5883 ⁸⁸
1649 5850 1980 5924 ἐδουλώθητε
2012 5870 2065 5910 ο.
