4286 6444
331 434 440 496 425

1187 427 1592 492 EXI’OSITIO
1638 435 1716 494 IN
1757 432 1996 494 EPIST.
2034 430 2128 492 AD
2166 430 2348 490 ROM.
2376 449 2438 462 -η
2471 425 2626 483 CAP.
2667 423 2798 482 VII.

3466 424 3572 487 425

332 547 543 607 λὰσειυς
584 541 883 603 ὑπεύθυνος
924 541 1091 612 ἤμην.
1138 540 1212 593 Τὸ
1237 540 1365 610 γὰρ,
1413 557 1430 590 ι
1486 540 1835 601 ’Λπέκτεινε,
1882 557 1899 589 ι
1935 541 2024 604 ΑΙ

1882 557 1899 589 ι
1935 541 1980 600 Α
2011 550 2258 604 ῃιιςςιιιοι·
2302 546 2600 605 reputarer,
2644 553 2812 606 neque
2865 549 3035 605 ptume
3067 551 3243 592 essem
3286 535 3572 598 obnoxius.

333 637 418 690 ἐπ’
454 635 783 704 ἀμφοτέρων
832 634 910 685 δεῖ
951 635 1112 695 νοεῖν,
1143 631 1238 684 καὶ
1274 632 1365 684 ἐπὶ
1410 630 1503 683 τοῦ
1547 625 1906 700 ἁμαρτάνειν,

332 728 427 779 καὶ
453 727 546 776 ἐπὶ
569 724 662 777 τοῦ
690 723 1036 787 κολάζεσθαι,
1070 722 1259 790 ὥσπερ
1289 722 1380 774 καὶ
1406 721 1663 790 ἀνωτέρω
1681 721 1724 750 ⁸⁸
1755 721 1909 788 εἴρη-

332 834 422 868 ται
449 815 526 878 τὸ,
571 835 588 865 ι
647 813 958 866 Ἀπέθανον.
991 830 1008 862 ι
1043 811 1114 862 Τὸ
1140 808 1232 864 οὖν
1263 811 1634 880 συμπέρασμα
1663 811 1767 861 πᾶν
1813 809 1910 877 τῆς

333 907 700 973 ἁποστολικῆς
733 905 942 964 ὲννοεας
967 902 1205 956 τοιοῦτόν
1235 905 1348 954 ἐστι
1371 916 1383 930 ⁶
1411 903 1597 971 Νόμου
1638 901 1710 971 μὴ
1737 902 1908 963 ὄντος,

335 999 575 1068 ἁμαρτία
627 999 687 1050 οὑ
723 997 1033 1065 λογίζεται·
1078 996 1170 1048 τοῦ
1219 996 1384 1064 νόμου
1433 995 1488 1047 δὲ
1525 994 1768 1054 ἐλθόντος
1819 993 1912 1043 καὶ

335 1090 844 1159 παραϐαινομένου,
881 1089 1052 1155 ἐφάνη
1117 1089 1149 1154 ἡ
1205 1085 1447 1154 ἁμαρτία
1498 1085 1599 1138 καὶ
1628 1083 1907 1154 ἀνέζησεν.

336 1181 500 1230 Ὥστε
533 1179 618 1230 διὰ
654 1179 750 1246 τῆς
793 1177 1010 1246 ἐντολῆς
1052 1175 1596 1245 παραὸαινομένηςὴ
1641 1175 1908 1242 ἁμαρτία,

335 1270 642 1330 τουτέστιν,
688 1271 720 1337 ἠ
751 1269 847 1336 τῆς
882 1267 1155 1337 ἁμαρτίας
1191 1267 1451 1335 ἓκφανσις
1493 1265 1585 1317 καὶ
1617 1266 1910 1325 ὑπόστασις

341 1362 636 1428 ὑφίσταται
659 1361 724 1422 ³³,
756 1361 1020 1428 πρότερον
1064 1359 1136 1427 μὴ
1167 1357 1541 1427 ὑφισταμένης
1567 1356 1616 1388 ³⁵
1667 1356 1801 1426 μηδὲ
1828 1356 1912 1407 λο-

337 1452 632 1519 γιζομὲντβ
658 1452 723 1526 ξ’,
777 1453 832 1502 ἐν
881 1450 957 1518 τῷ
1000 1449 1132 1518 μηδὲ
1181 1450 1344 1516 νόμον
1381 1445 1542 1500 εἶναι.
1587 1446 1767 1508 Aine;
1814 1449 1910 1516 μὲν

338 1534 432 1590 οὑν
467 1533 588 1590 καθ’
629 1539 791 1590 αὑτὸν
824 1540 850 1589 ὁ
896 1539 1056 1606 νόμος
1088 1538 1184 1606 τῆς
1232 1538 1505 1608 ἁμαρτίας
1555 1538 1653 1590 οὑκ
1706 1533 1803 1607 ἦν·
1850 1539 1907 1588 οὑ

344 1630 451 1697 μὴν
483 1629 602 1680 οὑδὲ
639 1627 1019 1698 λυτρώσασθαι
1055 1629 1260 1697 ταύτης
1297 1630 1476 1696 ἴσχυεν
1502 1627 1566 1679 ³⁸.
1610 1629 1770 1681 Ὥστε
1813 1629 1910 1696 τῆς

339 1723 558 1789 χαριτο;
577 1719 885 1787 ’ἐδεήθημεν
939 1719 1024 1771 διὰ
1047 1719 1106 1769 τὸ
1133 1717 1322 1770 τούτου
1354 1719 1660 1789 ἁνίσχυρον.

409 1832 424 1861 ι
473 1812 638 1862 Ὥστε
672 1812 700 1862 ὁ
742 1811 839 1878 μὲν
893 1810 1053 1877 νόμος
1094 1810 1268 1876 ἆγιος,
1316 1812 1408 1862 καὶ
1436 1813 1468 1879 ἡ
1515 1811 1700 1880 ἐντολὴ
1756 1809 1906 1875 ἁγία,

2013 629 2146 682 Nam
2177 649 2193 680 ι
2226 629 2453 691 Occidit,
2495 649 2510 679 ι
2537 629 2602 682 de
2629 642 2854 698 utroque
2881 630 3281 697 intelligendum
3306 638 3411 692 est,
3438 631 3576 684 etde

2015 729 2236 788 peccato
2261 726 2312 772 et
2337 720 2400 772 de
2423 719 2702 787 supplicio,
2727 720 2949 788 perinde
2971 734 3034 772 ae
3058 733 3218 786 supra
3244 719 3442 772 dietmn
3466 727 3570 782 est,

2019 833 2036 864 ι
2075 815 2314 866 Mortuus
2343 829 2482 866 sum.
2527 833 2544 864 ι
2574 811 2708 865 Tota
2751 814 2932 880 itaque
2955 813 3228 864 conclusio
3265 812 3574 887 apostolica:

2014 902 2297 955 sententia:
2330 911 2413 956 est
2455 901 2758 968 hujusmodi
2792 915 2805 952 :
2833 901 2942 971 49
2967 902 3102 971 Lege
3126 919 3229 955 non
3255 903 3571 965 exsisteute.

2016 1004 2294 1061 peceatum
2338 1008 2441 1046 non
2483 992 2778 1059 imputatur
2822 1009 2835 1046 :
2871 995 2984 1059 lege
3040 1004 3215 1046 autem
3261 995 3580 1049 adveniente

2015 1095 2070 1138 et
2103 1083 2322 1149 violata,
2349 1084 2595 1154 apparuit
2624 1095 2904 1152 peceatqu
2940 1095 2993 1139 et
3025 1087 3241 1140 revixit.
3276 1087 3460 1155 Itaque
3485 1101 3583 1156 per

2017 1174 2328 1229 mandatum
2361 1175 2806 1242 prmvarieatioue
2832 1175 3114 1242 violatum,
3149 1188 3450 1246 peceatum.
3481 1181 3581 1233 hoc

2015 1275 2117 1329 est,
2149 1267 2356 1334 peccati
2391 1266 2754 1319 manil‘estatio
2780 1276 2834 1320 et
2870 1269 3218 1324 subsistentia
3247 1270 3412 1330 subit.
3457 1285 3580 1324 cum

2018 1368 2141 1410 aute
2171 1371 2346 1425 neque
2371 1356 2711 1420 subsisteret,
2745 1375 2915 1428 neque
2941 1361 3318 1428 imputaretur,
3353 1375 3418 1415 eo
3440 1364 3582 1430 quod

2022 1466 2196 1520 neque
2220 1450 2300 1504 lex
2337 1449 2606 1502 exstabat.
2639 1448 2811 1503 Causa
2847 1452 3027 1520 itaque
3058 1469 3153 1520 per
3182 1470 3239 1508 se
3268 1455 3350 1507 lex
3377 1455 3583 1522 peccati

2017 1543 2431 1610 haudquaquam
2471 1551 2592 1593 erat
2633 1559 2644 1592 :
2681 1556 2777 1595 nec
2804 1552 2979 1598 tamen
3015 1546 3082 1599 ab
3119 1561 3184 1599 eo
3223 1562 3319 1600 nos
3354 1546 3585 1600 liberare

2017 1637 2207 1707 potuit.
2250 1635 2330 1689 Ob
2381 1633 2542 1701 hujus
2589 1633 2771 1703 itaque
2843 1637 3173 1692 debilitatem
3215 1639 3387 1708 gratia
3427 1639 3586 1709 plane

2017 1730 2370 1796 indiguimus.

2088 1822 2248 1875 Vens.
2289 1823 2374 1874 12.
2416 1839 2434 1871 ι
2469 1822 2651 1891 Itaque
2690 1823 2772 1876 lex
2811 1822 3023 1891 quidem
3075 1830 3286 1883 sancta,
3337 1832 3390 1877 et
3438 1839 3587 1876 man-

337 1906 430 1957 καί
458 1903 786 1964 δικαία,-οιαὶ
811 1902 1062 1970 ἀγαθή.)
1112 1901 1244 1954 Ἰδοὺ
1293 1901 1651 1971 φανερώτατα
1698 1903 1737 1932 ³⁷
1813 1902 1899 1953 ὲν-
1931 1902 1976 1960 Β
2015 1937 2029 1971 ι

1895 1930 1899 1939 ’
1931 1902 1976 1960 Β
2015 1918 2198 1971 datum
2237 1923 2503 1979 sanctum,
2542 1924 2596 1967 et
2638 1914 2865 1984 justum,
2894 1923 2947 1968 et
2991 1913 3210 1967 bonum.
3247 1933 3264 1964 ›
3304 1915 3380 1968 En
3417 1916 3587 1970 mani.

336 1994 516 2046 ταῦοα
585 1992 1001 2062 Μαρκιωνιτῶν,
1029 1992 1120 2044 καὶ
1146 1992 1484 2060 Μανιχαίων,
1517 1991 1611 2044 καλ⁹
1644 1992 1913 2060 Σιμωνια-

337 2086 466 2146 νῶν,
489 2085 581 2136 καὶ
611 2085 822 2136 παντων
853 2083 960 2135 τῶν
986 2083 1084 2152 τὴν
1125 2083 1366 2136 Παλαιὰν
1389 2083 1782 2136 διαϐαλλόντων
1843 2084 1912 2135 τὰ

340 2177 585 2245 στόματα
623 2173 932 2245 ἐνέφραξεν.
959 2176 1147 2242 ’Λγιον
1172 2174 1277 2245 γὰρ
1300 2175 1388 2227 τὸν
1412 2175 1574 2244 νόμον
1602 2175 1909 2245 ἀνακηρύτ-

340 2283 420 2317 τει
452 2267 657 2333 σαφῶς,
696 2269 786 2316 καὶ
821 2266 917 2333 τὴν
948 2266 1166 2332 ἐντολὴν
1202 2266 1381 2331 ἁγίαν,
1422 2265 1514 2317 καὶ
1545 2265 1777 2326 δικαίαν,
1819 2265 1912 2316 καὶ

338 2354 570 2422 ἀγαθήν.
605 2356 859 2423 Διαφέρει
888 2355 940 2406 δὲ
976 2355 1136 2421 νόμος
1165 2354 1208 2384 ³³
1237 2355 1475 2422 ἐντολῆς,
1512 2354 1586 2416 ὠς
1613 2354 1910 2407 καθολικώ-

339 2461 495 2514 τερον
522 2445 911 2515 μερικωτὲρου.
961 2443 1064 2495 Τοῦ
1103 2445 1208 2512 γὰρ
1241 2444 1405 2512 νόμου
1447 2444 1514 2495 τα
1546 2445 1643 2512 μέν
1688 2445 1803 2494 ἐστι
1832 2444 1914 2495 δό-

341 2551 547 2604 γματα,
579 2535 646 2586 τὰ
671 2535 724 2587 δὲ
758 2535 986 2588 ὲντολαί.
1021 2535 1128 2587 Καὶ
1169 2535 1232 2586 τὰ
1264 2535 1510 2604 δόγματα
1567 2534 1657 2586 οὗ)
1699 2535 1791 2586 τοῦ
1828 2537 1913 2587 νό-

347 2642 448 2695 μου
483 2626 635 2692 ἅγια,
671 2628 762 2678 καὶ
799 2627 853 2677 αἱ
891 2627 1016 2695 περὶ
1046 2626 1294 2695 πράξεων
1337 2628 1569 2692 ὲιτολαὶ,
1614 2630 1784 2694 ἅγιαι,
1822 2629 1914 2679 καὶ

342 2717 568 2777 δίκαιαι,
603 2719 694 2768 καὶ
718 2717 940 2784 ἀγαθαί.
993 2719 1154 2770 Ὥστε
1205 2719 1296 2770 τοῦ
1326 2719 1533 2787 ἀγαθοῦ
1583 2722 1676 2771 καὶ
1705 2720 1912 2771 δικαίου

342 2807 606 2860 Θεοῦεἱσι
655 2808 1088 2878 νομοθετήματα,
1123 2809 1226 2861 κᾶν
1255 2812 1301 2861 οἱ
1337 2810 1560 2879 ρηθέντε
1582 2827 1593 2836 ·
1649 2811 1916 2879 αἱρετικοὶ

342 2899 436 2956 τοῦ
465 2899 702 2974 πονηροῦ
730 2900 864 2957 Θεοῦ
895 2900 984 2958 τὸν
1018 2901 1177 2975 νόμον
1213 2896 1352 2952 εἶναι
1391 2900 1770 2970 βλασφημῶσι.

418 3099 436 3130 ι
475 3083 547 3133 Τὸ
575 3076 666 3134 οὖν
712 3083 912 3149 ἀγαθὸν
987 3083 1107 3152 ἐμοὶ
1152 3085 1340 3152 γέγονε
1389 3086 1657 3153 θάνατος;
1703 3084 1794 3146 Μὴ
1829 3086 1916 3158 γε·

344 3171 519 3222 νοιτοὲ
564 3170 700 3221 Ἀλλ’
737 3172 1059 3240 ήὰμαρτία,
1104 3173 1189 3226 ἵνα
1240 3179 1378 3244 φανῇ
1404 3176 1664 3244 ἁμαρτία,
1691 3177 1775 3231 δια
1822 3181 1910 3232 τοῦ

345 3262 550 3328 αγαθοῦ
591 3279 676 3331 μοι
710 3263 1156 3333 κατεργαζομένη
1192 3265 1470 3320 Θάνατον.)
1516 3270 1572 3322 ’0
1600 3272 1694 3339 μὲν
1723 3273 1906 3339 νόμος,
1938 3255 1980 3316 C

346 3354 530 3420 φησὶν,
585 3355 644 3404 οὑ
679 3354 862 3419 γέγονέ
897 3371 985 3423 μοι
1011 3356 1257 3421 θάνατος,
1303 3358 1414 3410 ἁλλ’
1442 3362 1473 3429 ὴ
1504 3359 1547 3390 ⁸⁸
1577 3362 1817 3431 ἁμαρτία
1846 3382 1911 3433 με

344 3443 705 3508 ἐθανάτωσεν,
742 3446 827 3497 ἵνα
877 3448 1038 3514 φανῇ,
1076 3448 1304 3516 πηλίκον
1335 3451 1454 3503 ἐστὶ
1485 3455 1674 3518 κακὸν,
1711 3455 1803 3506 καὶ
1832 3457 1912 3508 ὅτι

346 3538 440 3588 καί
478 3538 581 3587 ὑπὸ
630 3535 718 3588 τοῦ
767 3537 929 3604 νόμου
989 3539 1384 3609 ἰατρευόμενον,
1433 3547 1610 3613 χεῖρον
1673 3547 1908 3612 ἐγένετο.

353 3627 654 3698 Ἀμαρτίαν
679 3628 751 3692 δὲ,
786 3629 858 3690 ib;
886 3633 978 3680 καὶ
1006 3632 1265 3701 ἀνωτέρω
1295 3634 1539 3702 εἴπομεν,
1574 3637 1786 3706 νοήσεις
1819 3639 1912 3691 καὶ

343 3718 442 3787 τὴν
487 3720 763 3787 φιλήδονον
810 3721 1055 3789 γνώμην,
1113 3725 1205 3774 καὶ
1230 3724 1326 3794 τὴν
1365 3725 1453 3775 ἐπὶ
1487 3726 1546 3778 τὸ
1575 3728 1910 3798 ἁμαρτάνειν

343 3808 536 3878 ὁρμὴν,
589 3810 686 3879 ἤδη
724 3809 777 3861 δὲ
809 3813 900 3862 καὶ
949 3811 1041 3862 τὸν
1080 3811 1344 3878 διάϐολον,
1376 3816 1468 3866 καὶ
1513 3817 1682 3886 αὑτὴν
1729 3819 1785 3870 δὲ
1813 3822 1910 3890 τὴν

343 3900 541 3968 πρᾶξιν
594 3901 681 3952 δια
724 3901 820 3969 τῆς
847 3901 1038 3971 ἡδονῆς
1077 3904 1470 3973 ὑποσύρουσαν.
1523 3909 1693 3978 Χάρις
1716 3906 1807 3962 οὖν
1835 3912 1911 3981 τῷ

342 3993 561 4061 Χριστῷ
593 3992 666 4062 τῷ
699 3992 1018 4060 τηλικούτου
1047 3996 1216 4048 κακοῦ
1253 3999 1396 4064 ἡμᾶς
1426 3999 1819 4065 ἁπαλλάξαντι.

415 4182 432 4211 ι
458 4161 571 4214 Ἵνα
595 4165 814 4233 γένηται
843 4165 962 4217 καθ’
995 4166 1295 4238 ὑπερϐολὴν
1317 4170 1635 4240 ἁμαρτωλὸς
1730 4176 1909 4245 ἁμαρο

339 4255 429 4306 τία
457 4256 543 4321 δια
569 4259 663 4325 τῆς
687 4257 924 4326 ἐντολῆς.
958 4259 1083 4322 »Τὸ,
1115 4280 1131 4310 ι
1162 4259 1275 4315 Ἵνα
1308 4265 1549 4332 γένηται,
1583 4285 1599 4316 ι
1629 4269 1746 4320 ἀντὶ
1792 4271 1905 4334 τοῦ,

343 4347 427 4395 ἵνα
457 4349 596 4415 φανῇ
629 4347 810 4414 ἡλίκος
845 4349 1062 4420 ὄλεθρος
1092 4351 1122 4420 ἡ
1158 4353 1434 4422 ἁμαρτία·
1470 4355 1656 4426 ὥσπερ
1707 4360 1799 4410 καὶ
1827 4366 1908 4423 τὸ,

347 4457 363 4487 ι
403 4438 643 4490 Γενὲσυω
671 4439 726 4490 δε
755 4443 782 4491 ὁ
837 4440 964 4503 Θεὸς
1011 4443 1236 4512 ἀληθὴς,
1272 4463 1289 4494 ί
1332 4447 1450 4498 ἀντὶ
1497 4450 1610 4510 τοῦ»
1659 4453 1903 4520 φανήτω·

341 4527 510 4578 Τοῦτο
544 4529 599 4579 δὲ
634 4529 720 4581 διὰ
754 4531 852 4598 τῆς
885 4534 1098 4600 ἐντολῆς
1122 4537 1334 4607 ἐδείχθη
1355 4554 1365 4565 ·
1406 4541 1674 4609 ἐχρήσατο
1705 4544 1808 4611 γὰρ
1841 4547 1902 4612 τῇ
1935 4587 1984 4644 D

342 4623 522 4644 ἑ..--“..ζ
564 4622 638 4644 -Ζ-
669 4622 897 4644 ιλλ......--..
928 4641 938 4644 -
994 4624 1019 4644 κί’
1044 4641 1132 4644 ..κε
1155 4643 1163 4644 ε
1290 4631 1302 4644 \
1408 4632 1418 4644 1
1652 4635 1670 4644 ..
1827 4635 1845 4644 ι
1887 4638 1890 4644 .

341 4623 526 4688 ἐντολῇ
562 4622 638 4682 εἰς
669 4622 898 4674 θάνατον
927 4641 938 4653 ·
988 4624 1172 4694 ὥσπερ
1220 4631 1311 4680 καὶ
1365 4632 1608 4700 νόσημα,
1649 4635 1774 4685 ὅταν
1821 4635 1907 4686 δια

338 4710 446 4760 τῶν
478 4712 737 4780 ἰατρικῶν
767 4715 1070 4783 φαρμάκων
1101 4723 1279 4790 χεῖρον
1323 4721 1566 4790 γένηται,
1598 4727 1695 4796 τὴν
1743 4744 1908 4779 κακο-

338 4803 530 4872 ήθειαν
555 4803 716 4855 αὑτοῦ
748 4807 1027 4873 ἐκφαίνειν
1070 4809 1286 4878 λεχθείη
1315 4813 1400 4864 δια
1424 4816 1520 4882 τῆς
1545 4817 1789 4888 ἰατρικῆς
1825 4820 1910 4870 τὲ-

338 4912 493 4964 χνης,
525 4896 599 4958 ὡς
632 4897 706 4967 μὴ
731 4896 1106 4965 ὠφελούμενον
1140 4902 1229 4953 ὑπ’
1262 4905 1446 4974 αὑτῆς.

420 5094 437 5125 ι
473 5077 705 5144 υῖδαμεν
761 5079 889 5150 γὰρ,
939 5083 1020 5134 ὅτι
1071 5085 1098 5135 ὁ
1132 5084 1289 5153 νόμος
1323 5093 1687 5156 πνευματικῦς
1725 5095 1904 5146 ἐστιν·

336 5164 449 5230 ἐγὼ
475 5165 528 5215 δὲ
563 5169 824 5234 σαρκικός
855 5172 988 5238 εἰμι,
1021 5176 1369 5242 πεπραμένος
1418 5179 1521 5231 ὑπὸ
1571 5184 1667 5250 τὴν
1722 5184 1902 5255 ἁμαρ-

335 5275 478 5308 τιαν.
511 5276 529 5307 ι
609 5260 826 5331 Ἐπειδὴ
858 5258 1032 5326 εἶπεν,
1063 5265 1144 5316 ὅτι
1195 5267 1294 5336 ἤδη
1346 5269 1432 5322 διὰ
1490 5272 1586 5338 τῆς
1618 5276 1836 5343 ἐντολῆς
1868 5280 1898 5346 ή

335 5349 580 5416 ἁμαρτία
631 5353 826 5422 ἐφάνη,
882 5354 966 5404 ἵνα
1003 5357 1076 5422 μὴ
1118 5357 1344 5428 νομίσῃς
1383 5363 1473 5412 τὸν
1524 5365 1684 5432 νόμον
1726 5369 1897 5421 αἴτιον

335 5441 560 5509 ταύτης,
613 5444 956 5510 ἀπολογεῖται
997 5448 1137 5514 ὑπὲρ
1168 5452 1370 5513 αὑτοῦ,
1415 5457 1598 5524 κοινὴν
1651 5459 1899 5530 ἐκφέρων

331 5532 536 5600 ψῆφον,
573 5534 663 5584 καὶ
693 5534 863 5600 λέγων
890 5548 902 5565 ⁶
969 5552 986 5586 ι
1022 5538 1254 5608 Οἴδαμεν
1280 5542 1360 5594 ὅτι
1392 5545 1420 5595 ὁ
1450 5546 1610 5614 νόμοε
1643 5565 1894 5620 πνευμα-

2015 2007 2306 2062 festissima
2355 2005 2445 2059 hic
2517 2004 2982 2067 Marcionitarum,
3064 2002 3478 2058 Manichaeorum
3531 2017 3588 2061 et

2014 2097 2471 2163 Simouiauorum,
2535 2096 2889 2165 omniumque
2961 2093 3130 2150 Vetus
3181 2094 3586 2152 Testamentum

2013 2191 2456 2246 calumniantium
2514 2205 2608 2245 ora
2637 2191 2929 2244 obstruxit.
2961 2189 3215 2244 Sanctam
3242 2192 3385 2245 enim
3416 2192 3585 2260 legem

2015 2279 2187 2348 palam
2244 2279 2573 2346 pronuntiat.
2610 2287 2662 2330 et
2714 2279 3020 2331 mandatum
3075 2289 3344 2343 sanctum,
3398 2291 3452 2334 et
3500 2281 3588 2349 ju-

2014 2384 2174 2437 stum,
2237 2381 2289 2422 et
2348 2373 2565 2424 bouutu.
2630 2369 2817 2425 Diﬂert
2886 2381 3066 2426 autem
3121 2372 3202 2425 lex
3253 2374 3586 2436 amandato,

2015 2465 2459 2532 qu..-madmodum
2540 2463 2843 2518 universale
2901 2477 2929 2516 a
3027 2463 3360 2530 particulari.
3432 2463 3589 2534 Legis

2014 2557 2154 2610 enim
2199 2555 2299 2608 alia
2335 2555 2550 2622 quidem
2596 2563 2722 2608 sunt
2756 2554 2994 2618 decreta,
3023 2555 3125 2607 alia
3156 2568 3280 2608 vero
3309 2555 3586 2610 mandata.

2017 2645 2237 2699 Decreta
2306 2645 2486 2713 itaque
2536 2645 2670 2713 legis
2719 2647 2832 2700 sive
2883 2647 3130 2715 dogmata
3189 2656 3375 2701 sancta
3440 2656 3586 2708 sunt.

2019 2740 2265 2790 mandata
2310 2737 2471 2790 etiam
2513 2740 2576 2791 de
2611 2738 2773 2792 rebus
2805 2738 3076 2808 gerendis,
3113 2748 3318 2802 saneta,
3355 2739 3495 2808 justa
3533 2750 3589 2794 et

2017 2831 2154 2883 bona
2195 2840 2339 2882 sunt.
2375 2828 2504 2882 Boni
2553 2828 2719 2898 igitur
2759 2828 2968 2896 etjusti
3010 2829 3100 2883 Dei
3135 2840 3260 2884 sunt
3292 2829 3584 2898 legislatio-

2018 2937 2132 2983 nes,
2165 2920 2375 2974 etiamsi
2415 2921 2654 2974 hwretiei
2686 2921 2927 2990 praediati
2959 2921 3107 2990 pravi
3145 2922 3235 2978 Dei
3276 2921 3444 2990 legem
3469 2937 3588 2979 esse

2019 3012 2179 3079 impie
2206 3011 2622 3066 ealumnieutur.

2093 3103 2250 3157 \‘t-ztts.
2295 3104 2378 3157 1'5.
2420 3122 2436 3154 ι
2480 3103 2632 3168 Quod
2677 3118 2805 3174 ergo
2852 3105 3048 3158 bonum
3085 3113 3188 3167 est,
3223 3104 3352 3159 mihi
3387 3105 3583 3159 factum

2016 3211 2100 3255 est
2154 3195 2336 3256 mors?
2375 3195 2527 3256 Absit
2558 3197 2569 3255 ι
2606 3195 2710 3256 Sed
2744 3207 3045 3272 peceatum,
3072 3206 3129 3251 ut
3166 3207 3424 3266 appareat
3454 3213 3582 3267 pec-

2015 3303 2216 3358 Catum,
2280 3309 2373 3361 per
2401 3295 2600 3348 bonum
2651 3295 2780 3348 mihi
2833 3307 3112 3364 Operatum
3143 3299 3224 3351 est
3264 3299 3514 3350 mortem.
3556 3308 3578 3342 ι

2016 3385 2144 3449 Lex,
2174 3385 2362 3452 inquit,
2393 3401 2497 3439 non
2530 3396 2612 3440 est
2642 3386 2782 3440 facta
2814 3388 2940 3440 mihi
2968 3403 3112 3440 mors
3137 3403 3153 3453 ;
3190 3387 3283 3442 sed
3306 3390 3583 3458 peccatqu

2015 3492 2098 3531 me
2121 3479 2342 3540 occidit,
2400 3488 2453 3530 ut
2490 3487 2745 3546 appareat
2784 3477 2940 3545 quale
2966 3488 3336 3548 quantumque
3366 3483 3436 3534 sit
3474 3496 3586 3533 ma-

2012 3566 2145 3630 lum,
2171 3566 2419 3636 quodque
2463 3565 2576 3633 lege
2611 3566 2711 3634 ipsi
2752 3567 3013 3620 medelam
3042 3566 3320 3634 all‘ereute,
3345 3569 3585 3623 deterius

2013 3657 2284 3711 evaderet.
2326 3657 2611 3713 Peccatum
2650 3665 2850 3724 autem,
2882 3669 2936 3710 ut
2974 3668 3026 3711 et
3053 3675 3217 3727 supra
3253 3675 3585 3714 commemo-

2013 3759 2210 3814 ratum,
2286 3748 2553 3817 intelliges
2617 3758 2888 3801 amantem
2929 3749 3218 3818 voluptatis
3259 3753 3581 3806 sententiam

2014 3855 2105 3894 seu
2142 3848 2394 3904 mentem,
2447 3848 2607 3906 atque
2652 3840 3021 3894 vehementem
3052 3843 3116 3892 ad
3150 3852 3428 3910 peccatum
3467 3859 3582 3898 mo-

2016 3933 2236 3993 tionem,
2267 3941 2424 3999 atque
2452 3931 2587 3985 adeo
2612 3932 2906 3995 diabolum,
2945 3933 3226 4001 ipsumque
3253 3945 3434 3988 actum
3469 3950 3580 4004 pra:

2015 4022 2281 4089 voluptate
2334 4022 2710 4090 pellieieutem.
2759 4023 2970 4076 Gratias
3012 4024 3174 4092 igitur
3199 4023 3437 4093 Christo,
3487 4026 3580 4095 qui

2014 4128 2112 4165 uos
2151 4128 2179 4164 a
2215 4121 2360 4164 tanto
2391 4112 2528 4167 malo
2571 4113 2838 4167 liberavit.

2090 4224 2106 4254 ι
2177 4205 2243 4256 Ut
2292 4205 2382 4257 ﬁat
2431 4220 2591 4274 supra
2641 4211 2855 4260 modum
2903 4223 3132 4277 peccans
3175 4219 3453 4278 peceatum
3489 4225 3584 4279 per

2016 4296 2342 4348 mandatum.
2386 4313 2403 4344 μ
2461 4325 2528 4334 -
2567 4313 2584 4346 ι
2624 4294 2692 4350 Ut
2730 4297 2842 4360 ﬁat,
2875 4316 2894 4350 ι
2927 4314 3047 4367 pro,
3078 4310 3355 4368 appareat,
3379 4309 3582 4368 quanta

2011 4388 2080 4437 sit
2144 4386 2346 4449 peccati
2389 4385 2657 4451 pernicies
2714 4402 2726 4437 :
2792 4390 3241 4453 quemadmodum
3297 4400 3365 4442 et.
3398 4389 3578 4443 illud:

2019 4495 2035 4524 ι
2078 4476 2156 4526 Sit
2187 4489 2361 4528 autem
2398 4473 2536 4528 Deus
2580 4487 2762 4536 verax,
2803 4493 2821 4526 ι
2883 4491 3000 4542 pro,
3041 4477 3213 4544 palam
3251 4477 3343 4530 ﬁat
3373 4487 3428 4530 et
3460 4491 3584 4545 per--

2015 4567 2280 4633 spieuum.
2333 4567 2477 4618 lstud
2519 4574 2698 4618 autem
2740 4580 2833 4633 per
2879 4568 3190 4619 mandatum
3233 4569 3576 4621 demonstra-

2013 4666 2122 4706 tmn
2175 4665 2274 4708 est.
2336 4655 2498 4710 Usum
2538 4665 2621 4710 est
2670 4657 2812 4708 enim
2868 4669 3148 4725 peecatum
3203 4658 3458 4712 mandato
3511 4663 3580 4712 ad

2011 4757 2236 4800 mortem
2272 4761 2286 4799 :
2328 4749 2545 4816 perinde
2575 4765 2636 4800 ae
2665 4749 2951 4802 intirmitas
2977 4750 3057 4803 vel
3100 4754 3336 4813 morbus,
3363 4752 3578 4818 quando

2013 4854 2110 4906 per
2139 4840 2342 4894 medica
2382 4841 2670 4908 pharmaea
2707 4839 2949 4894 redditur
2987 4841 3241 4903 deterior,
3269 4841 3464 4894 malam
3492 4842 3579 4894 sui

2012 4930 2380 4983 habitudinem
2435 4945 2528 4998 per
2583 4933 2846 4984 medicam
2908 4943 3078 4985 artem
3145 4932 3420 4986 declarare
3469 4932 3577 4986 dici

2011 5033 2190 5087 queat,
2224 5037 2342 5073 eum
2368 5037 2430 5074 ex
2460 5038 2521 5074 ea
2553 5024 2682 5076 nihil
2711 5025 2945 5092 juvetur.

2088 5112 2240 5165 \‘Eas.
2299 5113 2382 5164 t4.
2419 5132 2435 5163 ι
2475 5113 2686 5168 Scimus
2737 5119 2877 5168 enim
2927 5115 3067 5182 quod
3118 5115 3202 5169 lex
3274 5115 3573 5184 spiritualis

2008 5203 2094 5264 sit.
2125 5222 2221 5273 ego
2273 5216 2450 5258 autem
2485 5208 2737 5270 carnalis,
2777 5211 3112 5261 venundatus
3139 5212 3239 5262 sub
3271 5220 3506 5277 peccato.
3546 5227 3564 5259 ι

2007 5294 2140 5355 Quia
2180 5295 2404 5361 dixerat,
2441 5301 2582 5364 quod
2629 5301 2738 5366 jam
2797 5314 2890 5364 per
2937 5300 3248 5351 utaudatum
3291 5308 3568 5367 peccatum

2003 5397 2270 5452 ιιιιρπυιι,
2301 5404 2366 5442 ne
2397 5392 2676 5444 arbitreris
2711 5392 2878 5456 legem
2918 5408 3132 5445 caus-am
3186 5408 3304 5446 esse
3341 5394 3568 5460 peccati.

2003 5474 2241 5529 defendit
2285 5491 2428 5546 eam,
2455 5495 2738 5534 commune
2793 5481 3100 5552 suﬂragium
3163 5484 3466 5551 proferens,
3508 5501 3572 5538 ac

2005 5562 2185 5618 dicens
2221 5583 2234 5618 :
2281 5585 2300 5617 ‹
2359 5566 2618 5624 Novimus
2679 5575 2818 5639 quod
2856 5573 2939 5626 lex
2977 5574 3272 5644 spiritualis
3311 5586 3426 5642 est;
3464 5593 3482 5626 ι
3516 5577 3570 5630 id

1663 5664 1860 5729 Varia)
1890 5670 2218 5735 lectiones.

406 5741 449 5821 ξ’
489 5741 599 5794 ἄνω
625 5761 674 5821 ο..
738 5745 1214 5821 Δ⁹³Μπεφανὲρωται
1251 5773 1322 5810 ut.

331 5810 376 5840 ³⁸
399 5811 575 5879 ἅγιος.
651 5814 691 5844 ³*
726 5817 758 5881 ἡ
791 5818 844 5868 δὲ
877 5810 928 5872 υξ

628 5910 896 5974 ΡΑτιιοι..
939 5918 1054 5978 (in.
1085 5919 1351 5985 CXXIV.

1401 5761 1444 5791 ”
1471 5761 1808 5842 ὑφισταμένη
1838 5788 1890 5828 o.

1990 5777 2031 5808 ³³
2067 5778 2386 5852 λογιζομένη
2432 5798 2481 5837 o.
2562 5784 2603 5815 '*
2635 5787 2851 5855 {quam
2878 5790 2946 5843 in.
3024 5789 3070 5820 ³τ
3096 5788 3469 5860 φανερώτερον
3493 5803 3568 5844 tu.

3143 5950 3214 6012 14
