4286 6444
308 430 414 493 .519

310 542 550 604 πέζουτά
605 558 693 609 με.
753 540 916 590 Ὥστε
974 537 1024 589 τί

303 640 328 686 δ
359 674 374 684 -.
394 633 696 692 εάλλοντες,
723 632 812 681 καὶ
841 630 939 698 τὴν
963 629 1056 681 τοῦ
1086 629 1220 681 Θεοῦ
1252 629 1614 698 δημιουργίαν
1647 630 1690 660 ’⁸³
1721 630 1875 680 ἀλλο.

304 710 607 792 τριοῦνξε;;
644 723 749 772 Καὶ
783 721 918 783 πῶς,
954 721 1107 786 φασὶ,
1138 719 1304 786 λέγει,
1335 721 1413 771 ὅτι
1459 736 1475 768 ι
1506 719 1619 770 Οὐκ
1652 719 1788 769 οἰκεῖ
1818 719 1874 770 ἐν

304 818 448 880 ἐμοι,
477 815 769 872 τουτέστιν,
797 815 851 864 ὲν
880 816 945 882 τῇ
978 812 1137 880 σαρκί
1172 829 1291 880 μου,
1354 810 1554 877 ἀγαθόν
1581 827 1594 873 ;
1625 829 1641 859 ι
1682 813 1877 862 Ἄκουε

304 908 420 969 πῶς
477 906 634 958 τοῦτό
680 922 840 973 φησιν
867 920 880 933 °
928 903 1020 954 Ἐκ
1071 903 1162 954 δύο
1193 905 1220 953 ὁ
1257 902 1540 971 ἄνθρωπος
1569 901 1876 967 σύγκειται,

303 998 480 1066 ψυχῆς
531 1015 587 1048 τε
641 998 733 1048 καὶ
791 998 1024 1062 σαρκός·
1078 993 1283 1045 τούτων
1313 994 1368 1044 δὲ
1440 995 1472 1060 ἡ
1520 992 1617 1060 μὲν
1647 992 1790 1059 ψυχὴ
1823 992 1880 1042 τ),

303 1092 503 1158 κράτος
537 1090 648 1158 ἔχει
677 1090 732 1138 ὲν
772 1089 966 1151 πᾶσιν,
1086 1085 1142 1136 δὲ
1180 1084 1315 1154 σάρξ
1377 1083 1534 1150 δούλη
1567 1086 1732 1136 ἐστίν.
1769 1085 1880 1134 Οὐκ

303 1185 444 1234 οἰκεῖ
479 1179 568 1234 οὖν
595 1184 650 1231 ἐν
680 1184 743 1250 τῇ
779 1181 942 1248 σαρκὶ
974 1178 1033 1230 τὸ
1063 1179 1284 1245 ἁγαῦὶν,
1324 1179 1442 1229 ἀντὶ
1465 1177 1578 1235 τοῦ,
1615 1176 1674 1227 οὺ
1705 1179 1879 1227 κεῖται

305 1276 363 1324 ἐν
395 1279 456 1340 τῇ
485 1273 688 1338 ταύτης
720 1273 763 1302 ’⁵⁵
796 1270 1042 1339 ἐξουσίᾳ,
1087 1271 1203 1322 ἀλλ’
1240 1271 1294 1320 ὲν
1347 1271 1412 1337 τῇ
1450 1269 1548 1336 τῆς
1587 1268 1784 1336 ψυχῆς.
1817 1270 1880 1319 Ὃ

305 1362 398 1415 οὖν
429 1365 616 1430 ἕληται
644 1366 672 1431 ἡ
705 1363 854 1430 ψυχὴ
877 1401 890 1423 ,
925 1361 1103 1412 ὲκεῖνο
1132 1360 1358 1429 πράττει
1389 1362 1419 1426 ἡ
1464 1358 1617 1428 σάρξ.
1671 1359 1879 1426 ’Ὠσπερ

306 1456 359 1506 εἴ
386 1473 467 1517 τις
491 1456 653 1518 sitat,
685 1455 766 1506 ὅτι
799 1454 912 1505 Οὑκ
965 1453 1109 1503 ἐστιν
1163 1453 1218 1503 ὲν
1251 1454 1317 1519 τῇ
1353 1448 1554 1519 κιθάρᾳ.
1611 1449 1669 1500 τὸ
1719 1451 1881 1500 καλὸν

306 1546 543 1609 κροῦμα,
568 1543 680 1595 ἀλλ’
708 1545 764 1594 ὲν
799 1543 874 1610 τῷ
919 1542 1229 1611 κιθαριστῇ.
1264 1540 1337 1591 Οὑ
1383 1544 1490 1611 γὰρ
1525 1541 1621 1608 τὴν
1651 1539 1881 1608 κιθάραν

306 1630 602 1692 διαϐάλλει,
639 1630 772 1681 ἀλλά
799 1633 895 1698 τὴν
927 1629 1198 1698 ὑπεροχὴν
1251 1628 1344 1680 τοῦ
1383 1629 1625 1697 τεχνίτου
1661 1627 1796 1697 πρὸς
1821 1629 1882 1679 τὸ

308 1724 540 1792 ὄργανον
563 1721 827 1773 δείκνυσι.

385 1833 401 1862 ι
433 1815 502 1864 Τὸ
533 1815 639 1882 γὰρ
669 1812 843 1863 Οςλειν
899 1811 1229 1880 παράκειταί
1266 1829 1379 1879 μοι,
1421 1811 1480 1862 τὸ
1509 1812 1565 1862 δὲ
1609 1811 1882 1880 κατεργάρ

1167 422 1569 482 EXPOSITIQ
1616 420 1690 480 IN
1735 421 1974 481 EPIS'I‘.
2023 422 2117 478 AD
2159 422 2339 480 RQM.
2380 447 2440 454 —-
2481 421 2637 480 CAP.
2669 420 2797 478 ΥΠ.

1087 539 1418 607 φλυαροῦσιν
1469 539 1516 589 οἱ
1565 539 1660 606 τὴν
1708 537 1879 606 σάρκα
1909 543 1957 601 Α
1983 536 2120 602 Quid
2149 539 2306 606 igitur
2345 539 2427 591 hic
2465 549 2732 604 nugantnr
2768 551 2779 586 t

1858 556 1879 589 κ
1909 543 1957 601 Α
1983 536 2120 602 Quid
2149 539 2306 606 igitur
2345 539 2427 591 hic
2465 549 2732 604 uugantnr
2768 546 2817 586 et
2856 534 3140 601 gaaniuot,
3186 535 3274 603 qui
3339 552 3550 590 carnem

3453 420 3557 481 430

1981 630 2358 693 criminantur,
2405 637 2452 680 rt
2491 645 2520 682 τι
2572 630 2662 680 Οτι
2703 627 2917 696 opilii'io
2969 628 3251 681 alienant?
3308 628 3371 680 Et
3420 644 3554 695 qno-

1983 719 2162 783 tthtl‘),
2195 719 2293 788 51
2330 720 2593 786 inquiunt,
2625 721 2691 772 ait
2735 737 2745 772 :
2785 719 2973 782 «Quod
3007 735 3106 772 non
3136 719 3404 772 habitelin
3436 735 3556 772 επ·

1985 829 2046 862 ne
2104 827 2240 868 mea.
2285 810 2518 861 bonum?
2562 830 2578 858 ι
2619 811 2750 862 Audi
2777 826 2878 878 qua
2933 810 2980 861 id
3019 810 3219 862 ratione
3265 809 3405 863 dicat
3440 828 3451 864 :
3483 812 3556 863 Εἰ

1983 900 2186 950 dnolms
2246 901 2403 952 homo
2465 901 2789 965 compositus
2814 909 2917 963 est,
2969 914 3028 953 ex
3063 901 3237 951 anima
3262 911 3308 952 et
3350 915 3512 953 carne
3545 917 3556 950 :

1987 993 2172 1043 horum
2236 994 2482 1054 alterum,
2535 994 2712 1043 anima
2773 993 3043 1056 videlicet,
3078 991 3358 1060 imperium
3399 993 3561 1045 habet

1985 1083 2034 1134 in
2076 1085 2323 1135 onmilms
2380 1102 2391 1136 :
2447 1094 2772 1137 caroantcm
2837 1100 2987 1137 serva
3017 1094 3116 1137 est.
3185 1084 3301 1137 Non
3357 1085 3562 1137 habitat

1986 1176 2146 1243 igitur
2201 1175 2248 1227 in
2304 1190 2463 1227 carne,
2497 1193 2609 1227 mea
2647 1176 2864 1236 Ιιιιιιιιιιι,
2902 1176 2951 1226 id
3004 1185 3105 1239 est,
3144 1190 3247 1226 non
3284 1185 3366 1226 est
3395 1176 3556 1227 situm

1987 1268 2038 1317 in
2090 1266 2203 1333 ejus
2241 1277 2522 1332 potestate,
2582 1267 2673 1319 sed
2711 1267 2760 1318 in
2793 1268 2984 1318 anima:
3012 1265 3254 1317 arbitrio.
3292 1263 3560 1332 Quidquid

1987 1356 2145 1424 ig‘tur
2207 1357 2385 1406 anima
2438 1357 2676 1423 elegerit,
2733 1371 2857 1408 caro
2899 1355 3262 1422 prosequitur.
3287 1353 3560 1418 Quemad-

1987 1447 2200 1497 modum
2259 1445 2302 1498 si
2344 1445 2466 1513 quis
2512 1447 2674 1507 dicat,
2725 1445 2867 1498 Bona
2925 1456 2977 1500 et
3041 1446 3300 1498 concinna
3335 1446 3561 1510 pulsatio

1985 1557 2087 1593 non
2120 1553 2199 1594 est
2228 1541 2526 1603 iucithara,
2563 1541 2654 1595 sed
2714 1542 2762 1593 in
2812 1541 3132 1593 citharoedo.
3167 1538 3279 1593 Non
3313 1539 3452 1591 enim
3480 1539 3558 1592 ci-

1985 1634 2192 1685 tharam
2263 1633 2638 1694 calumniatur,
2727 1631 2818 1685 sed
2900 1631 3122 1683 artiﬁcis
3189 1631 3561 1684 excellentiam

1986 1725 2340 1777 instrumento
2378 1725 2674 1791 comparati
2709 1724 2967 1777 ostendit.

2063 1812 2222 1866 Vens.
2263 1813 2448 1866 18.20.
2489 1833 2505 1865 ι
2542 1813 2685 1868 Velle
2708 1815 2848 1868 enim
2875 1814 3083 1882 adjacet
3113 1813 3262 1879 mihi,
3305 1815 3562 1883 perlicere

309 1903 494 1966 ζεσοαι
522 1904 580 1954 τὸ
613 1905 774 1954 καλὸν
835 1904 931 1970 οὑχ
960 1903 1218 1971 εὑρίσκω.
1249 1903 1322 1953 Οὐ
1372 1901 1478 1969 γὰρ
1505 1901 1531 1952 ὃ
1567 1901 1699 1952 Θέλω
1750 1901 1886 1953 ποιῶ
1923 1919 1960 1973 ιι
1993 1924 2001 1957 :

1868 1901 1960 1973 ιιι
1993 1916 2166 1958 autem
2216 1905 2410 1958 bonum
2460 1920 2562 1958 non
2611 1906 2840 1958 invenio.
2899 1906 3014 1958 Non
3073 1907 3215 1958 enim
3267 1906 3406 1973 quod
3441 1904 3560 1957 volo

308 1997 512 2062 ἀγαθόν
536 2013 548 2024 ·
585 1995 696 2045 αλλ’
721 1995 747 2046 ὃ
772 1996 830 2046 οὑ
864 1995 1000 2045 Θέλω
1034 1993 1224 2056 κακὸν,
1257 1993 1413 2044 τοῦτο
1445 1992 1690 2061 πράσσω.
1725 1993 1786 2043 Ei
1825 1992 1879 2042 δὲ

308 2089 335 2139 ὃ
366 2089 424 2139 οὑ
467 2087 604 2138 Θέλω
636 2087 763 2152 ἐγὼ,
795 2085 952 2137 τοῦτο
1006 2085 1163 2147 ποιῶ,
1193 2084 1375 2136 οὐκέτι
1408 2083 1516 2150 ἐγὼ
1547 2082 1882 2150 κατεργάζο-

315 2199 412 2249 μαι
445 2180 592 2242 αὑτὸ,
625 2181 737 2232 ἀλλ’
767 2181 798 2246 ἡ
835 2177 1060 2230 οἰκοῦσα
1090 2179 1146 2228 ὲν
1177 2179 1298 2246 ἐμοὶ
1330 2176 1594 2245 ἁμαρτία.
1627 2195 1645 2226 ι
1693 2175 1779 2227 Ἐν
1804 2175 1882 2244 τῷ

309 2276 507 2332 εἰπεῖν,
550 2291 566 2323 ι
596 2274 707 2341 Οὐχ
731 2273 1019 2341 capiente,»
1058 2274 1322 2342 ἐπήρειαν
1347 2274 1438 2323 καὶ
1461 2272 1748 2340 ἐπιϐουλὴν
1783 2271 1880 2337 τῆς

309 2365 584 2432 ἁμαρτίας
611 2365 865 2432 ἐνέφηνεν
888 2380 899 2391 ’
929 2363 1259 2416 ἀπαλλάττει
1310 2365 1418 2432 γὰρ
1451 2364 1542 2414 καὶ
1572 2364 1668 2431 τὴν
1695 2361 1882 2413 οῦτίαν

311 2457 406 2521 τῆς
428 2454 626 2521 ψυχῆς,
658 2456 748 2503 καὶ
769 2453 864 2521 τὴν
899 2451 1086 2504 ουσίαν
1111 2453 1207 2520 τῆς
1233 2453 1430 2520 σαρκὸς
1455 2451 1797 2520 ἐγκλήματος
1816 2452 1878 2513 δδ,

311 2547 405 2597 καὶ
433 2547 493 2596 τὸ
524 2547 630 2598 πᾶν
665 2546 754 2596 ἐπὶ
783 2543 880 2612 τὴν
912 2544 1154 2613 πονηρὰν
1206 2545 1401 2612 πρᾶξιν
1435 2545 1525 2594 καὶ
1565 2545 1882 2611 προαίρεσιν

315 2637 561 2705 μεθιστᾷ.
611 2635 696 2686 Ἐν
722 2635 819 2704 μὲν
851 2635 958 2703 γάρ
986 2634 1063 2702 τῷ
1093 2636 1286 2697 εἰπεῖν,
1327 2651 1344 2683 ι
1382 2635 1445 2685 Ὃ
1469 2633 1527 2684 οὑ
1555 2633 1743 2694 Θέλω,›
1786 2633 1883 2699 τὴν

311 2730 488 2798 ψυχὴν
544 2728 874 2780 ἀπαλλάττει
927 2727 1300 2796 ἐγκλήματος·
1359 2727 1416 2776 ὲν
1468 2725 1524 2777 δὲ
1565 2724 1642 2792 τῷ
1691 2726 1882 2788 εἰπεῖν,

320 2840 338 2871 ι
375 2821 569 2871 υὺκέτι
598 2820 706 2885 ἐγὼ
741 2817 1150 2884 κατεργάζομαι
1179 2814 1329 2878 αὐτὸ,
1356 2831 1374 2865 ι
1405 2813 1504 2882 τὴν
1529 2816 1702 2882 σάρκα
1733 2812 1885 2865 ἀδιά-

313 2912 510 2978 ϐλητον
545 2911 717 2980 τηρεῖ.
769 2909 864 2970 Τίς
895 2905 987 2959 οῦν
1034 2908 1094 2958 τὸ
1133 2906 1302 2958 κακὸν
1352 2921 1553 2974 κατεργ
1573 2906 1777 2967 hiscat;
1819 2904 1882 2954 Ἠ

313 3005 576 3074 ἁμαρτία,
613 3005 733 3072 ἥτις
769 3004 936 3065 ἐστὶν,
964 3001 1034 3062 ὡς
1060 2999 1087 3050 ὁ
1109 2998 1495 3067 Χρυσὸστομος
1521 3014 1543 3060 ι,
1562 3013 1704 3065 mw,
1728 2996 1761 3064 ἡ
1786 3011 1882 3045 πο-

315 3103 456 3164 νηρά
487 3098 803 3164 προαίρεσις
859 3095 951 3146 καὶ
1008 3091 1467 3160 φιλαμαρτὴμων,
1517 3088 1664 3157 Αὑτη
1701 3088 1755 3139 δὲ
1786 3087 1884 3139 οὐκ

315 3190 430 3240 ἐστι
459 3188 845 3256 δημιούργημα
879 3186 922 3214 ⁸⁷
955 3183 1050 3235 τοῦ
1085 3182 1242 3244 Θεοῦ,
1279 3181 1392 3234 ἀλλ’
1426 3180 1696 3250 ἡμέτερον
1725 3180 1882 3247 κίνης

1988 1999 2125 2051 [ηειο
2183 1998 2378 2050 bonum
2411 2016 2423 2064 ;
2488 2001 2579 2052 scd
2630 1999 2770 2066 quod
2807 1997 2927 2053 nolo
2961 1998 3180 2063 malum,
3221 1999 3320 2051 hoc
3351 2013 3469 2066 ago.
3503 1996 3561 2052 Si

1984 2100 2161 2142 autem
2196 2090 2336 2155 quod
2376 2089 2499 2142 nolo
2540 2103 2660 2157 ego,
2704 2089 2807 2142 hoc
2845 2089 3003 2154 facio,
3034 2089 3144 2158 jam
3177 2105 3278 2143 non
3307 2103 3405 2156 ego
3435 2104 3564 2156 ope-

1985 2198 2075 2234 ror
2112 2181 2260 2244 illud,
2296 2181 2386 2235 sed
2439 2182 2579 2250 quod
2609 2181 2888 2235 habitatio
2918 2198 3001 2235 me
3035 2193 3330 2250 peccatum.
3376 2200 3393 2232 ι
3430 2181 3563 2235 Cum

1985 2274 2078 2332 ait,
2129 2292 2146 2320 ι
2207 2274 2323 2324 Non
2377 2273 2611 2336 invenio,
2653 2292 2670 2323 ι
2736 2273 2840 2326 vim
2873 2283 2923 2326 et
2955 2272 3172 2325 insidias
3221 2273 3426 2341 peccati
3457 2273 3554 2324 de-

1984 2365 2318 2417 monstravit.
2379 2363 2592 2418 Liberat
2649 2365 2790 2419 enim
2853 2379 2971 2417 cum
3023 2364 3312 2417 essentiam
3366 2364 3559 2416 auium

1987 2464 2092 2507 tum
2145 2456 2430 2508 essentiam
2479 2455 2655 2509 carnis
2681 2471 2708 2508 a
2747 2456 2971 2508 crimine
3001 2463 3050 2507 et
3085 2456 3442 2514 accusatione,
3477 2464 3553 2505 to-

1986 2556 2203 2614 tmuque
2289 2549 2338 2599 in
2424 2563 2645 2615 pravam
2701 2548 3064 2614 operationem
3121 2557 3174 2600 et
3232 2548 3559 2600 voluntatem

1987 2635 2258 2689 transfert.
2314 2635 2444 2688 Nam
2489 2651 2608 2690 cum
2645 2638 2802 2703 dicit,
2839 2655 2855 2687 ι
2905 2637 3054 2702 Quod
3088 2637 3231 2701 nolo,
3273 2656 3290 2688 ι
3327 2638 3560 2690 animam

1987 2729 2222 2783 liberata
2263 2730 2489 2784 crimine
2528 2746 2541 2783 :
2576 2747 2853 2786 cutnvero
2883 2733 3081 2796 subdit,
3121 2752 3138 2784 ‹
3183 2731 3303 2786 Jam
3333 2749 3435 2787 non
3462 2750 3560 2801 ego

1985 2838 2175 2888 operor
2212 2823 2357 2886 illud,
2408 2841 2424 2872 ι
2473 2838 2688 2877 carnem
2751 2824 2816 2877 ab
2865 2825 3207 2879 accusatione
3267 2826 3556 2878 immunem

1986 2921 2184 2964 seri-at.
2241 2911 2445 2978 Et-quid
2504 2913 2663 2979 igitur
2703 2914 2952 2980 estquod
3012 2913 3208 2966 malum
3264 2917 3561 2983 operatur?

1991 3008 2303 3066 Ρςξιτιηιιιιιιι,
2334 3003 2474 3071 quod
2511 3015 2614 3066 est,
2637 3005 2783 3072 juxta
2811 3004 3172 3074 Chrysostomi
3211 3006 3558 3068 sententiam,

1989 3109 2151 3160 prava
2208 3095 2452 3147 voluntas
2507 3103 2557 3147 et
2615 3097 2868 3161 peccandi
2915 3097 3090 3148 avida.
3143 3097 3244 3148 Ista
3285 3111 3413 3150 vero
3458 3113 3560 3148 non

1987 3194 2067 3237 est
2124 3201 2254 3251 opus
2309 3187 2419 3249 Dei,
2452 3188 2543 3240 sed
2606 3198 2790 3240 nostra
2857 3189 3020 3242 motio
3056 3199 3109 3241 et
3164 3187 3554 3255 aﬂ‘ectus.lps.i

321 3295 423 3347 μα.·
451 3279 516 3329 'H
545 3277 639 3347 μὲν
668 3280 774 3346 γάρ
806 3275 990 3351 ﬁnito};
1034 3275 1306 3344 βούλησις,
1343 3272 1435 3324 τοῦ
1464 3272 1595 3325 Θεοῦ
1631 3273 1775 3324 ἐστιν
1798 3271 1884 3342 ἕρ·
1911 3263 1951 3318 C
1987 3291 2013 3344 (Ι

1868 3263 1951 3318 -C
1987 3277 2197 3344 quidem
2249 3278 2564 3344 simpliciter
2619 3280 2885 3344 voluntas,
2936 3279 3024 3333 Dei
3088 3296 3222 3347 opus
3271 3292 3395 3333 cst:
3440 3283 3559 3334 talis

315 3387 412 3437 γον
433 3388 444 3399 υ
475 3372 506 3439 ἡ
539 3370 592 3421 δὲ
615 3370 788 3420 τοιάδε
813 3367 1085 3436 βούλησις,
1113 3367 1395 3434 ἡμέτερον,
1425 3364 1517 3415 καλ.
1540 3367 1636 3432 τῆς
1661 3364 1884 3431 γνώμης

317 3462 494 3529 ἡμῶν.
540 3461 764 3528 Εἴρηται
785 3461 839 3511 δὲ
866 3459 1140 3526 ἀνωτέρω,
1172 3458 1252 3518 τίς
1281 3458 1427 3506 ἐστιν
1456 3457 1487 3523 ἡ
1517 3455 1778 3523 ἁμαρτία,
1805 3456 1884 3506 ὅτι

318 3552 476 3621 ήτῆς
539 3551 810 3618 ἁμαρτίας
855 3551 1125 3618 τυραννὶς,
1171 3546 1620 3616 συναρπαζούσης
1645 3548 1734 3598 τὸν
1765 3548 1886 3599 νοῦν

317 3640 473 3708 ἡμῶν
499 3640 544 3671 ⁸⁸
569 3640 654 3691 διά
680 3639 778 3707 τῆς
810 3638 1022 3708 ἡδονῆς.

399 3732 679 3799 «Εὑρίσκω
703 3732 808 3799 ἄρα
836 3732 923 3782 τὸν
954 3731 1116 3799 νόμον
1146 3731 1223 3800 τῷ
1252 3730 1456 3783 θέλοντι
1480 3730 1600 3800 ἐμοὶ
1631 3732 1804 3780 ποιεῖν
1828 3732 1886 3780 τὸ

321 3822 500 3884 καλὸν,
530 3825 610 3874 ὅτι
644 3823 765 3890 ἐμοὶ
787 3823 845 3872 τὸ
900 3821 1068 3872 κακὸν
1097 3823 1451 3891 παράκειται.
1490 3839 1506 3869 ι
1560 3820 1792 3886 ’Δσαφὲς
1825 3819 1884 3869 τὸ

321 3914 624 3981 εἰρημένον,
671 3912 742 3973 ὡς
772 3911 1001 3974 ἐλλιπῶς
1042 3912 1165 3981 ἔχον
1188 3927 1200 3940 ⁸
1243 3912 1349 3964 ἔδει
1376 3911 1482 3980 γὰρ
1512 3909 1655 3962 οὑτω
1688 3908 1878 3978 λεχθῆ-

321 4020 441 4054 ναι·
473 4002 725 4070 Εὑρίσκω
755 4003 862 4071 ἄρα
893 4003 981 4054 τὸν
1013 4003 1175 4072 νόμον
1205 4002 1610 4072 συνηγοροῦντά
1647 4017 1760 4068 μοι,
1795 3999 1885 4052 Θέ-

320 4096 460 4146 λοντι
492 4095 589 4162 μὲν
621 4097 794 4145 ποιεῖν
826 4094 886 4144 τὸ
913 4095 1094 4157 καλὸν,
1123 4094 1198 4163 μὴ
1224 4093 1463 4145 ποιοῦντι
1492 4093 1568 4155 δὲ,
1598 4092 1731 4143 διότι
1762 4092 1886 4158 ἐμοὶ

320 4188 647 4255 παράκειται
697 4186 756 4236 τὸ
797 4185 986 4237 κακόν.
1047 4188 1110 4237 ’0
1144 4186 1201 4238 δὲ
1254 4184 1422 4251 λέγει,
1466 4182 1706 4236 τοιοῦτον
1738 4183 1882 4232 ἐστι·

319 4282 428 4348 Τὴν
452 4280 651 4346 γνῶσιν
682 4279 773 4331 τοῦ
807 4279 969 4331 καλοῦ
1008 4278 1067 4342 ἐξ
1099 4279 1271 4347 ἀρχῆς
1304 4275 1887 4346 συγκαταΰεὸλημὲνην

321 4377 502 4440 ἐσχονν
528 4372 765 4441 εὑρίσκω
796 4372 849 4422 δὲ
882 4371 972 4422 καὶ
1002 4371 1089 4422 τὸν
1111 4371 1270 4438 νόμον
1293 4373 1695 4437 συνηγοροῦντα
1718 4365 1886 4433 ταύτῃ

321 4482 412 4514 κιι
434 4464 779 4525 ἐπαινοῦντα,
811 4465 901 4514 καὶ
927 4462 1062 4513 θέλω
1097 4462 1193 4530 μὲν
1223 4464 1414 4525 ποιεῖν,
1444 4461 1580 4526 πλὴν
1614 4459 1886 4526 συναρπά-

322 4559 507 4624 ζημαι,
545 4559 636 4607 καὶ
680 4559 744 4607 ττι
774 4556 942 4608 κακὸν
974 4553 1303 4624 παράκειταί
1333 4570 1423 4622 μοι
1447 4569 1460 4582 ·
1489 4553 1789 4612 τουτέστιν,
1822 4549 1885 4600 Ἠ

322 4649 518 4717 πρᾶξις
551 4647 645 4698 τοῦ
678 4646 847 4698 κακοῦ
883 4647 983 4698 οὑκ
1019 4647 1289 4715 ἀνῄρηται
1321 4643 1414 4697 ἀπ’
1460 4641 1616 4712 ἐμοῦ,
1674 4640 1817 4710 Πλὴν
1859 4641 1886 4691 ὁ

323 4743 590 4810 μακάριος
628 4738 898 4807 Ἰωάννης,
922 4741 1057 4807 μετὰ
1088 4739 1172 4802 τὸ,
1204 4737 1344 4789 καθὰ
1368 4735 1601 4803 εἴρηται,
1625 4732 1892 4804 ἑρμηνεῦ-

322 4849 414 4884 σαι
445 4833 575 4883 αὑτὸ
606 4831 934 4895 (ὓς-ἐλλιπὲς,
963 4830 1278 4892 αἰνίττεται,
1304 4829 1383 4880 ὅτι
1417 4827 1510 4880 καὶ
1531 4826 1704 4887 ἄλλως
1731 4825 1890 4878 δύνα-

319 4941 408 4976 ται
467 4922 752 4992 νοηΘῆναΡ
789 4918 920 4985 οἷον,
980 4921 1235 4988 Εὑρίσκω
1285 4918 1394 4988 ἄρα
1434 4917 1524 4969 τὸν
1576 4917 1761 4986 νόμον,
1791 4916 1890 4968 οὑκ

319 5016 463 5083 ἄλλῳ
486 5015 592 5066 τινὶ
625 5015 770 5075 ὅντα,
803 5014 916 5066 ἀλλ’
948 5013 1069 5081 ἐμοὶ
1089 5011 1165 5080 τῷ
1194 5010 1401 5062 θέλοντι
1421 5009 1593 5060 ποιεῖν
1617 5008 1678 5058 τὸ
1702 5007 1882 5060 καλόν.

321 5107 485 5175 Μόνῳ
519 5108 626 5176 γὰρ
652 5107 728 5176 τῷ
763 5107 967 5159 θέλοντι
999 5108 1171 5156 ποιεῖν
1211 5103 1270 5155 τὸ
1331 5102 1497 5154 καλὸν
1545 5101 1706 5169 νόμος
1740 5099 1886 5150 ἐστὶν

321 5203 349 5250 ὸ
374 5200 553 5266 νόμος,
588 5199 654 5252 τὰ
683 5198 819 5250 αὑτὰ
842 5198 989 5266 αὑτῷ
1019 5195 1359 5265 βουλόμενος.
1395 5195 1461 5244 Ὃ
1482 5192 1536 5243 δὲ
1566 5190 1631 5259 Π.
1654 5189 1767 5260 καὶ]
1800 5189 1886 5241 διὰ

321 5288 430 5339 τῶν
461 5289 656 5358 ἑφεξῆς
683 5289 837 5358 δῆλον
865 5290 930 5343 “.

1988 3379 2162 3420 autem
2195 3369 2436 3421 voluntas
2466 3370 2530 3421 ad
2552 3384 2645 3420 nos
2673 3372 2902 3437 pertinet
2957 3380 3010 3422 et
3044 3380 3270 3422 mentem
3297 3382 3550 3424 uostrar.

1989 3459 2196 3510 Dictmu
2249 3469 2329 3511 est
2356 3470 2530 3511 autem
2574 3476 2730 3527 supra
2765 3461 2887 3527 quid
2932 3462 2999 3514 sit
3033 3472 3332 3529 peccatum,
3361 3478 3555 3530 nempe

1989 3550 2194 3616 peccati
2248 3552 2507 3619 tyrannis,
2547 3553 2784 3604 animum
2829 3564 3068 3606 nostrum
3103 3568 3196 3620 per
3227 3551 3555 3619 voluptatem

1988 3643 2092 3692 alio
2129 3643 2402 3708 rapientis.

2060 3733 2218 3784 Vens.
2269 3734 2358 3784 2|.
2404 3750 2424 3784 ι
2484 3735 2702 3787 Invenio
2757 3735 2918 3804 igitur
2978 3745 3146 3804 legem
3181 3735 3380 3790 volenti
3423 3739 3551 3790 mihi

1988 3823 2163 3875 fat-ene
2213 3825 2427 3885 houum,
2487 3827 2625 3891 quod
2687 3826 2817 3878 mihi
2873 3827 3068 3878 malum
3127 3828 3356 3895 adjacel.
3399 3848 3414 3878 ι
3450 3834 3562 3882 Ub-

1993 3927 2149 3965 Scuto
2183 3914 2280 3965 huc
2308 3915 2508 3966 dictqu
2544 3923 2646 3977 est,
2682 3917 2835 3982 quasi
2870 3916 3158 3983 quidquam
3191 3919 3366 3970 desit:
3400 3919 3561 3973 debe-

1988 4002 2076 4055 bat
2127 4005 2267 4055 enim
2317 4004 2392 4056 sic
2428 4004 2529 4056 dici
2567 4005 2824 4058 :lnvenio
2882 4007 3063 4074 itaque
3120 4007 3287 4075 legem
3319 4010 3558 4076 patroci-

1989 4100 2200 4144 nautem
2245 4093 2394 4154 mihi,
2448 4093 2641 4147 volenti
2686 4095 2897 4161 quidem
2953 4096 3126 4150 facere
3166 4097 3556 4167 bounm,quod

1991 4189 2166 4234 tamen
2226 4197 2328 4233 nou
2387 4181 2542 4246 facio,
2595 4198 2659 4236 eo
2707 4184 2848 4252 quod
2903 4185 3099 4237 malum
3156 4187 3283 4238 mihi
3325 4189 3554 4254 adjacct.

1988 4274 2156 4326 Porro
2193 4275 2348 4342 hujus
2397 4274 2493 4326 loci
2542 4276 2660 4329 talis
2709 4285 2792 4329 est
2841 4277 3107 4329 sententia
3140 4293 3152 4330 :
3185 4277 3556 4347 Cognitiouem

1990 4365 2116 4417 boui
2147 4365 2212 4415 ah
2267 4365 2416 4418 inilio
2455 4380 2659 4418 mecum
2685 4382 2790 4418 una
2833 4368 3110 4421 conditam
3146 4370 3305 4422 habui
3345 4387 3356 4420 :
3403 4371 3556 4424 iuve-

1989 4455 2078 4507 nio
2108 4457 2267 4508 etiam
2310 4456 2474 4524 legem
2517 4458 2942 4524 patrocinantem
2983 4458 3124 4524 huic,
3165 4475 3392 4529 eamque
3411 4477 3559 4515 eom-

1993 4546 2353 4608 meudantem,
2413 4561 2474 4598 ac
2530 4547 2648 4599 volo
2692 4547 2907 4614 quidem
2965 4549 3210 4619 (bonum)
3276 4553 3554 4619 persequi,

1991 4638 2228 4703 adeoque
2285 4653 2560 4706 peragere,
2615 4650 2849 4692 attamen
2883 4640 2930 4692 vi
2956 4643 3186 4708 quadam
3222 4643 3328 4696 alio
3354 4645 3553 4710 rapior,

1990 4729 2296 4797 nudumque
2327 4731 2453 4782 mihi
2481 4731 2722 4798 proxime
2767 4731 3038 4784 admotum
3094 4743 3197 4794 est,
3237 4733 3286 4785 id
3312 4743 3394 4787 est
3433 4751 3560 4803 Ope-

1991 4821 2128 4874 ratio
2162 4821 2286 4872 mali
2333 4836 2435 4873 non
2460 4831 2542 4874 est
2573 4822 2746 4874 ablata
2774 4837 2803 4874 a
2837 4837 2938 4875 me.
2966 4824 3033 4875 Αι
3057 4838 3182 4876 vero
3210 4825 3363 4878 divus
3396 4823 3558 4879 Joan-

1990 4927 2085 4965 nes
2106 4912 2516 4981 Chrysostomus
2545 4913 2701 4964 simul
2744 4923 2904 4980 atque
2943 4914 3080 4968 hunc
3117 4915 3289 4967 locum
3319 4931 3414 4969 ceu
3439 4934 3558 4969 eum

1991 5005 2086 5075 (uti
2131 5005 2330 5056 dictum
2395 5005 2496 5071 ρει)
2558 5005 2643 5058 cui
2681 5006 2878 5074 aliquid
2945 5008 3103 5070 desit,
3172 5009 3559 5075 interpretatus

1990 5105 2089 5158 e'st,
2149 5097 2401 5149 admonet
2463 5106 2516 5148 et
2575 5097 2677 5148 alia
2713 5098 2941 5163 quadam
2985 5097 3190 5149 ratione
3234 5098 3375 5148 hunc
3405 5114 3558 5164 posse

1992 5188 2209 5256 intelligi
2249 5206 2260 5239 :
2300 5199 2375 5252 nt,
2421 5190 2633 5242 lnveuio
2681 5190 2895 5255 quidem
2945 5188 3138 5255 legem,
3169 5205 3275 5240 non
3319 5188 3404 5239 alii
3447 5190 3560 5238 cn".-

1991 5284 2129 5350 piam
2195 5283 2477 5343 saucitam,
2533 5282 2622 5332 sed
2686 5280 2814 5332 mihi
2875 5280 3068 5332 volenti
3119 5281 3292 5333 facere
3338 5281 3554 5332 bonum.

323 5380 435 5434 Soli
475 5381 614 5433 enim
647 5380 846 5434 volenti
883 5381 1055 5434 facere
1088 5380 1283 5433 bonum
1337 5377 1420 5429 lex
1447 5385 1529 5430 εει
1573 5375 1676 5438 lex,
1734 5372 1919 5426 eadem
1963 5374 2145 5427 volens
2201 5390 2320 5443 qua:
2360 5375 2491 5442 ipse.
2534 5371 2684 5435 Quod
2737 5383 2791 5424 et
2831 5373 2882 5424 iu
2932 5374 3272 5440 sequentibus
3343 5373 3556 5440 plauuu

322 5476 433 5527 lict.

389 5585 408 5617 ι
447 5566 748 5636 Συνήδομαι
771 5566 875 5633 γὰρ
905 5563 982 5634 τῷ
1011 5563 1158 5633 νόμῳ
1184 5561 1274 5614 τοῦ
1308 5560 1463 5625 Θεοῦ,
1492 5558 1630 5611 κατὰ
1653 5557 1742 5610 τὸν
1774 5559 1876 5609 ἔσω

2065 5556 2228 5607 Vens.
2279 5553 2368 5617 2‘2,
2402 5553 2490 5605 9.5.
2529 5551 2632 5619 52
2694 5569 2710 5601 ι
2754 5548 3102 5603 Condclcctor
3149 5548 3289 5601 enim
3326 5547 3421 5614 legi
3469 5547 3560 5602 Dei

1656 5653 1854 5712 Variae
1892 5650 2224 5710 lectiones.

393 5759 441 5792 ⁸³
482 5762 747 5832 (λΙιι-υςοδι.
782 5761 880 5832 τῆς,
900 5761 992 5811 τοῦ
1033 5757 1166 5812 Θεοῦ
1219 5755 1596 5827 δημιουργίας.

321 5848 416 5902 ρον
450 5831 571 5882 νῖῦν
594 5831 653 5884 ίυ.
729 5832 771 5859 δθ
809 5831 954 5896 οηλοῖ
981 5849 1049 5882 ιιι.

1698 5753 1742 5786 ⁸³
1777 5752 1941 5819 αὐτῆς
1976 5769 2026 5802 o.

2103 5751 2148 5781 ⁸⁸
2183 5748 2542 5817 ἐγκλημάτων
2579 5764 2628 5801 0.
2709 5748 2749 5777 ⁵⁷
2788 5746 3110 5816 δημιουργία
3139 5760 3190 5798 οο
3268 5743 3310 5774 is
3361 5744 3562 5813 ήζλέτε·
