4286 6444
729 409 830 472 431

1609 393 2180 458 TllEOPIIYLACTI
2227 391 2632 453 BULGARI/E
2676 395 2874 454 AliClI
2891 395 2903 453 l
2923 397 3035 458 Ei’.

3863 395 3974 458 432

730 518 1028 575 secundum
1087 514 1392 568 interiorem
1460 509 1756 562 hominem.
1802 505 1968 560 Video
2002 515 2177 557 autem
2209 502 2304 554 ali-
2332 507 2377 564 Α
2407 505 2422 556 ε

2297 531 2304 541 -
2332 507 2377 564 Α
2407 503 2712 573 ἄνθρωπον.
2757 503 2948 554 Βλέπω
2973 502 3028 555 δὲ
3054 504 3237 572 ἕτερον
3263 504 3423 572 νόμον
3450 505 3508 556 ὲν
3538 505 3648 566 τοῖς
3684 503 3868 573 μέλεσι
3888 511 3989 574 μου

730 630 814 664 am
847 613 1010 678 legent
1048 609 1097 659 in
1133 602 1389 658 membris
1423 603 1555 655 meis
1593 605 1975 667 repugnantem
2021 594 2120 664 legi
2152 607 2299 646 men-

732 705 799 757 tis
854 718 1002 762 mea,
1031 709 1085 750 et
1131 695 1490 764 c:-ptivantem
1525 706 1608 742 me
1641 689 1756 757 lege
1811 685 2038 755 peccati,
2079 698 2197 752 quae
2221 692 2303 736 e~t

731 794 784 845 in
839 786 1090 842 membris
1142 786 1296 836 meis.
1335 802 1351 833 1
1383 781 1594 833 Noram
1649 793 1780 830 sane
1837 787 1889 830 et
1925 776 2156 828 antehac
2207 773 2303 827 ho-

733 896 902 935 nutn:
953 875 1229 931 inveniens
1276 885 1451 926 autem
1507 871 1704 939 ipsum,
1749 868 1803 921 in
1869 865 2063 930 litteris
2113 866 2300 928 situm,

731 966 1051 1023 continendo
1080 965 1268 1030 legem,
1301 976 1362 1014 ac
1389 961 1656 1013 assentior
1688 959 1734 1011 ei
1771 976 1788 1008 1
1824 957 2120 1011 secundum
2169 955 2305 1007 inte-

735 1065 930 1115 riori-nt
975 1060 1266 1117 hominem,
1326 1074 1342 1104 1
1394 1054 1505 1106 sive
1525 1051 1816 1105 secundum
1871 1057 2123 1101 mentem.
2165 1065 2181 1097 1
2214 1045 2305 1098 Vi-

733 1156 832 1207 deo
862 1162 1035 1205 autem
1069 1149 1227 1202 aliam
1267 1148 1458 1214 legem,
1497 1163 1514 1195 1
1541 1145 1638 1196 hoc
1673 1149 1752 1194 est
1807 1147 2086 1208 peceatum
2120 1155 2132 1189 :
2162 1137 2319 1206 quod'

732 1248 852 1299 ideo
892 1244 1062 1312 legem
1113 1238 1416 1309 appellavit,
1483 1236 1624 1304 quod
1673 1232 1918 1287 homines
1975 1246 2038 1284 eo
2071 1228 2302 1298 decepti,

729 1339 902 1390 cidem
957 1335 1345 1401 obtemperent,
1402 1330 1682 1398 ipsmnquc
1730 1325 2006 1381 dimittere
2042 1331 2302 1388 metuant,

732 1442 828 1483 ceu
859 1427 1028 1495 legem
1074 1422 1360 1493 quamdam
1387 1435 1505 1488 qua:
1556 1417 2050 1488 praevaricatioaem
2078 1427 2182 1467 non
2223 1428 2305 1466 re-

730 1522 913 1590 cipiat.
938 1517 1059 1572 llam
1099 1517 1258 1584 igitur
1291 1523 1551 1583 repugnat
1587 1531 1604 1563 1
1641 1511 1740 1580 legi
1765 1509 1962 1563 mentis
2000 1520 2153 1571 mete,
2198 1525 2216 1557 1
2255 1506 2306 1560 id

730 1625 812 1667 est
874 1608 1103 1664 naturali
1173 1609 1352 1677 (quem
1391 1613 1568 1658 autem
1614 1616 1775 1669 supra
1811 1618 1828 1652 1
1868 1599 2176 1653 interiorem
2207 1598 2307 1652 ho-

735 1707 932 1757 minem
975 1722 992 1753 1
1033 1700 1350 1762 nominavit,
1391 1712 1513 1750 eum
1543 1710 1683 1747 nunc
1723 1703 1908 1762 aperte
1943 1702 2174 1745 mentem
2211 1704 2308 1743 vo-

733 1799 865 1864 cat),
896 1806 1050 1862 atque
1081 1794 1266 1853 vineit,
1316 1791 1423 1843 imo
1456 1795 1689 1857 capttvat
1716 1802 1821 1850 me,
1849 1795 1902 1838 et
1930 1783 2229 1838 naturalem
2255 1791 2310 1836 et

2405 595 2958 666 ἀντιστρατευόμενον
2990 594 3068 663 τῷ
3104 596 3253 664 νόμῳ
3282 593 3374 646 τοῦ
3423 595 3541 657 νοιῖς
3590 613 3712 664 μου,
3775 599 3869 650 καὶ
3903 600 3992 650 al-

2403 689 2814 758 χμα).ωτίξοντά
2846 705 2913 757 με
2940 687 3018 757 τῷ
3043 689 3192 758 νόμῳ
3215 689 3316 756 τῆς
3346 689 3643 758 ἁμαρτίας,
3671 688 3748 758 τῷ
3781 689 3893 741 ὄντι
3925 691 3987 742 ἐν

2402 784 2514 844 τοῖς
2539 779 2723 850 μέλεσί
2754 798 2876 850 μου.
2915 799 2934 832 1
3005 781 3190 852 ’ῌδειν
3225 783 3323 851 μὲν
3374 783 3468 834 καὶ
3521 781 3628 849 πρὸ
3667 781 3858 834 τούτου
3926 782 3991 834 τὸ

2403 873 2601 927 καλόν⁶
2636 872 2812 945 εὑρὼν
2843 873 2899 927 δὲ
2926 873 3059 928 αὐτὸ
3097 875 3156 926 ὲν
3188 875 3482 944 γράμμασι
3517 873 3789 944 κείμενον,
3823 877 3988 926 ἐπαι-

2405 967 2480 1019 νῶ
2509 967 2599 1020 τὸν
2622 966 2805 1036 νόμον,
2853 969 2948 1021 καὶ
2991 967 3454 1038 συγκατατίθεμαι
3501 967 3649 1038 αὐτῷ
3680 987 3699 1019 1
3724 968 3864 1021 κατὰ
3893 969 3988 1019 τὸν

2406 1061 2515 1115 ἔσω
2544 1061 2853 1133 ἄνθρωπον,
2883 1081 2902 1114 1
2930 1063 3048 1132 ἦτοι
3073 1061 3214 1114 κατὰ
3244 1060 3335 1113 τὶν
3369 1059 3492 1113 νοῦν
3513 1079 3638 1130 μου.
3723 1060 3910 1114 Βλέπω
3927 1060 3986 1113 δὲ

2407 1154 2591 1223 ἕτερον
2625 1157 2809 1222 νόμον,
2851 1173 2869 1204 1
2905 1153 3169 1215 τουτέστι,
3199 1153 3296 1224 τὴν
3325 1153 3598 1224 ἁμαρτίαν
3618 1168 3636 1184 ο
3671 1155 3737 1223 ἣν
3763 1153 3987 1206 ἐκάλεσε

2406 1243 2593 1312 νόμον,
2623 1243 2712 1297 διὰ
2743 1243 2802 1296 τὺ
2825 1243 3108 1297 πείθεσθαι
3140 1246 3275 1314 αὐτῇ
3303 1246 3429 1307 τοὺς
3455 1245 3871 1313 ἀπατωμένους,
3891 1243 3988 1295 καὶ

2407 1335 2686 1405 φοϐεῖσθαι
2720 1339 2936 1404 ἀφεῖναι
2979 1336 3170 1406 αὐτὴν,
3214 1337 3291 1399 ὡς
3316 1336 3481 1406 νόμον
3518 1338 3640 1390 τινὰ
3694 1336 3987 1406 ἀπαράϐα-

2407 1444 2522 1483 τον.
2554 1426 2703 1496 Λῦτη
2757 1426 2849 1479 οῦν
2892 1426 3367 1496 ἀντιστρατεύεται
3396 1446 3414 1478 1
3443 1426 3519 1496 τῷ
3556 1427 3707 1496 νόμῳ
3739 1427 3832 1480 τοῦ
3865 1427 3988 1490 νοός

2411 1537 2534 1590 μου,
2567 1538 2585 1570 1
2617 1519 2884 1584 τουτέστι,
2906 1518 2985 1590 τῷ
3006 1518 3219 1589 φυσικῷ
3243 1520 3320 1589 (ὃν
3345 1519 3398 1572 δὲ
3422 1519 3678 1588 ἀνωτέρω
3705 1538 3722 1570 1
3762 1519 3870 1571 ἔσω
3897 1520 3991 1572 άν-

2410 1613 2626 1683 θρωπον
2654 1630 2674 1662 1
2703 1611 2974 1680 ὠνόμασε,
3001 1611 3190 1664 τοῦτον
3207 1612 3395 1679 σαφῶς
3426 1609 3551 1665 νοῦν
3576 1610 3876 1680 ὀνομάζει),
3894 1612 3990 1662 καὶ

2411 1705 2534 1774 νικᾷ
2557 1719 2571 1734 ’
2609 1702 2807 1773 μᾶλλον
2845 1704 2899 1756 δὲ
2931 1703 3324 1772 αἰχμαλωτίζει
3375 1722 3462 1773 με,
3521 1705 3610 1757 καὶ
3637 1706 3729 1757 τὸν
3759 1703 3987 1771 φυσικὸν

2411 1795 2504 1849 καὶ
2525 1795 2617 1848 τὸν
2635 1796 2880 1868 γραπτὸν
2893 1795 3055 1865 νόμον
3080 1795 3306 1848 νικῶσα.
3335 1796 3455 1858 Πῶς
3475 1797 3519 1827 ⁵ο
3546 1794 3937 1864 αίχμαλωτίζει
3967 1813 3983 1856 ;

733 1888 988 1955 scriptam
1047 1884 1214 1952 legem
1273 1879 1630 1949 supprimens.
1659 1875 1941 1942 Quomodo
1976 1890 2102 1929 vero
2147 1874 2309 1943 capti-
2341 1860 2379 1912 Β
2415 1908 2425 1940 ε

2292 1901 2309 1913 ⁸
2341 1860 2379 1912 Β
2415 1908 2432 1940 1
2470 1888 2558 1960 Τῷ
2577 1860 2725 1959 νόμῳ
2746 1892 2845 1959 τῆς
2878 1860 3170 1957 ἁμαρτίας,
3202 1907 3220 1938 1
3259 1890 3525 1951 τουτέστι,
3550 1860 3882 1958 τῇτύυνάμει,
3917 1889 3984 1955 τῇ

731 1996 857 2034 vom
917 1977 1108 2031 ducit?
1144 1994 1160 2026 1
1203 1973 1341 2041 Lege
1396 1971 1630 2041 peccati,
1694 1988 1712 2020 1
1765 1971 1863 2023 hoc
1918 1977 1999 2021 est
2045 1966 2304 2037 potentia,

737 2088 908 2140 neque
959 2087 1063 2123 non
1111 2067 1414 2137 tyrannide.
1455 2062 1571 2117 Non
1622 2071 1796 2116 autem
1829 2062 1982 2122 dixit,
2011 2069 2152 2112 motu
2188 2072 2308 2111 ear-

737 2169 842 2228 an,
897 2172 991 2215 aut
1040 2170 1248 2224 natura,
1293 2173 1479 2212 verum
1529 2158 1641 2226 lege
1691 2153 1918 2223 peccati,
1975 2166 2093 2220 qua:
2121 2160 2309 2218 regnat

735 2269 787 2312 et
841 2255 1147 2311 dominatur
1201 2254 1252 2306 in
1316 2250 1554 2305 membra
1583 2264 1722 2304 mea.
1777 2245 1902 2300 llzec
1929 2261 2060 2299 vero
2098 2251 2310 2297 nonest

739 2349 1005 2402 t-alumnia
1047 2346 1250 2401 carnis.
1296 2342 1761 2409 Quemadmodum
1812 2340 1991 2408 praedo
2017 2335 2306 2404 quispiam,

739 2444 782 2492 al
811 2448 1040 2504 occupet
1074 2435 1276 2502 regiam
1309 2433 1568 2498 aliquam,
1616 2429 1666 2481 in
1695 2440 1872 2494 eaque
1924 2431 2307 2482 commoretur,

742 2546 847 2581 nntt
874 2540 956 2582 est
987 2528 1171 2580 istltaze
1201 2522 1464 2578 calumnia
1487 2519 1568 2572 vel
1596 2516 1903 2572 criminatio
1932 2517 2152 2568 domus:
2173 2512 2312 2564 hunc

742 2623 805 2669 ;..1
838 2618 1076 2678 modum,
1113 2613 1158 2667 si
1196 2622 1468 2682 peceatum
1490 2609 1694 2662 habitet
1725 2609 1775 2659 in
1807 2604 2062 2658 membris
2089 2601 2308 2665 nostris,

740 2727 858 2764 eam
910 2708 978 2762 011
1005 2722 1119 2760 rem
1168 2720 1271 2758 11011
1305 2713 1386 2757 est
1434 2716 1598 2770 prava
1629 2714 1753 2752 caro
1783 2716 1795 2749 :
1825 2698 2088 2765 siquidem
2128 2705 2310 2763 tyran-

745 2805 868 2856 nide
903 2810 986 2853 est
1016 2811 1289 2867 oppressa.
1339 2792 1586 2847 Nonnulli
1632 2798 1863 2859 quatuor
1909 2789 1995 2842 hic
2039 2787 2182 2854 leges
2238 2783 2313 2838 fa-

744 2898 892 2948 ciuttt
933 2911 946 2946 :
976 2906 1138 2944 unam
1176 2888 1432 2948 divinam,
1458 2885 1740 2940 docentem
1768 2897 1865 2935 nos
1903 2880 2032 2948 quid
2062 2878 2252 2931 deceat
2294 2893 2308 2929 :

749 2987 971 3039 alteram
1017 2983 1418 3052 impugnantem
1461 2991 1579 3040 nos,
1611 2991 1729 3044 qua:
1759 2988 1822 3027 ex
1853 2965 2046 3026 diaboli
2083 2979 2225 3023 motu
2260 2978 2313 3022 et

744 3080 1055 3146 operatione
1098 3090 1194 3128 nos
1224 3070 1426 3124 invadit
1459 3088 1471 3123 :
1507 3071 1744 3131 tertiam,
1793 3067 1960 3134 legem
2011 3064 2225 3127 tuentis,
2260 3061 2311 3115 id

745 3180 828 3222 Cal.
879 3165 1227 3221 naturalem:
1264 3171 1614 3230 postremam,
1676 3171 1794 3226 qua:
1839 3155 2008 3209 estin
2057 3153 2312 3207 membris

747 3260 967 3321 nostris,
1009 3259 1060 3312 id
1118 3265 1200 3310 est
1245 3267 1511 3307 amantem
1551 3252 1753 3321 peccati
1782 3250 2101 3303 voluntatem
2132 3258 2183 3300 rt
2215 3247 2310 3298 ha-

750 3354 1042 3406 bitudinem
1073 3349 1138 3402 ad
1166 3349 1381 3410 malum,
1414 3360 1531 3414 quze
1559 3343 1714 3397 nobis
1745 3357 1838 3412 per
1867 3341 2312 3396 consuetudinem

751 3445 910 3497 veluti
940 3441 1131 3494 callum
1158 3438 1381 3490 obduxit
1414 3445 1465 3487 et
1495 3432 1759 3487 induruit.

825 3534 989 3588 Vens.
1034 3533 1125 3587 24.
1167 3548 1183 3579 1
1235 3527 1421 3581 lnlelix
1459 3541 1556 3594 ego
1583 3526 1764 3589 homo,
1809 3523 1929 3590 quis
1965 3537 2049 3575 me
2072 3521 2317 3573 hiet-abit

753 3646 817 3682 t-x
853 3641 1077 3695 torpore
1118 3624 1304 3675 mortis
1338 3618 1539 3687 hujus?
1590 3636 1606 3668 1
1644 3614 1912 3668 Naturalis
1953 3615 2034 3666 lex
2071 3611 2311 3665 110115111-

754 3722 900 3783 111111,
954 3721 1148 3785 scripta
1206 3730 1305 3767 non
1337 3712 1527 3782 potuit,
1562 3710 1652 3762 sed
1688 3719 1972 3774 utramque
1997 3707 2197 3774 pet-cati
2232 3717 2316 3773 ty-

757 3814 938 3865 l‘.;lt|llS
967 3811 1109 3860 vicit.
1157 3804 1307 3858 Unde
1339 3807 1498 3872 igitur
1537 3810 1618 3854 est
1663 3799 1850 3853 Salutis
1887 3814 2010 3866 spes
2036 3799 2055 3848 ’Ξ
2111 3814 2128 3846 1
2186 3798 2319 3860 Qms

756 3919 839 3956 me
889 3898 1136 3952 liberabit
1186 3910 1248 3948 ex
1292 3907 1512 3960 corpore
1541 3889 1761 3943 mortis?
1813 3907 1829 3938 1
1880 3890 1981 3941 hoc
2034 3896 2116 3940 est
2161 3885 2319 3937 morti

756 3991 1008 4044 011110λὶ0.
1061 3987 1353 4054 Postquam
1392 3985 1534 4036 enim
1566 3997 1758 4048 corpus
1798 3996 1888 4049 per
1920 3978 2320 4047 przevaricatio-

754 4099 878 4135 item
932 4078 1182 4147 passibile
1227 4078 1422 4127 laetum
1477 4083 1639 4133 esset,
1703 4074 1952 4138 ncittceps
2000 4077 2054 4121 et
2102 4077 2321 4136 peccato

755 4182 910 4242 captu
941 4170 1100 4223 facile
1138 4169 1474 4221 reddebatur.
1511 4165 1671 4231 Atqui
1707 4164 1847 4216 dicet
1878 4163 2098 4230 aliquis,
2141 4161 2322 4228 Siqui-

755 4271 877 4320 dem
937 4277 1132 4330 corpus
1157 4275 1186 4311 a
1231 4269 1448 4327 peccato
1489 4267 1595 4308 tam
1633 4255 1788 4308 facile
1824 4255 2000 4308 invadi
2042 4262 2318 4322 potuerat,

756 4374 852 4409 tur
889 4355 1057 4422 pttnitt
1097 4351 1302 4415 suntti,
1331 4350 1569 4416 quiante
1619 4347 1816 4401 Christi
1868 4346 2154 4398 adventum
2199 4359 2321 4409 pee-

758 4444 996 4499 rarunt?
1049 4444 1184 4507 Quia
1241 4442 1362 4492 talia
1421 4441 1678 4505 imperata
1735 4445 1910 4498 erant,
1958 4449 2074 4502 quae
2104 4445 2322 4502 peuato

755 4542 916 4592 etiam
943 4541 1247 4589 dounuante
1273 4532 1573 4601 potuissent
1604 4539 1747 4582 recte
1775 4542 2050 4597 peragere.

833 4716 994 4769 Vens.
1019 4715 1107 4767 :15.
1147 4732 1164 4763 1
1204 4713 1417 4765 Gratias
1451 4727 1550 4778 ago
1575 4709 1680 4761 Deo
1707 4724 1800 4776 per
1832 4706 2014 4761 .Iesum
2050 4707 2320 4763 Christum

760 4810 1043 4862 Dominum
1093 4814 1352 4857 nostrum.
1395 4821 1412 4851 1
1466 4801 1598 4863 Quia
1647 4800 1702 4851 itt
1753 4800 2027 4868 angustias
2074 4800 2322 4854 redactus

759 4907 914 4960 erat,
967 4910 1064 4947 nec
1137 4893 1296 4944 altum
1344 4891 1680 4942 Servatorem
1722 4889 1945 4951 invenit,
2017 4888 2321 4941 necessario

760 4990 1033 5042 Christum
1075 4984 1291 5037 invenit.
1332 4980 1465 5032 lliuc
1496 4994 1546 5032 et
1579 4980 1778 5047 gratias
1813 4981 1920 5047 agit
1954 4998 1971 5029 1
2021 4980 2127 5032 Deo
2154 4978 2318 5041 l’atri,

764 5097 856 5146 per
882 5078 1066 5132 .Iesuut
1101 5074 1372 5127 Christum
1420 5069 1701 5122 Dominum
1746 5081 2011 5132 nostrum,
2053 5088 2071 5119 1
2115 5071 2215 5121 hoc
2241 5079 2324 5121 est

765 5189 921 5226 causa
979 5171 1270 5240 gratiarum
1327 5165 1552 5218 actionis
1602 5165 1893 5216 exsistentc
1947 5160 2050 5229 53
2090 5161 2321 5214 Christo.

766 5267 882 5334 ipse
932 5264 1094 5323 enim,
1157 5259 1348 5326 inquit,
1403 5255 1647 5326 prazstitit
1701 5263 2057 5319 aetrauscgtt
2095 5253 2323 5320 quaclex

768 5374 871 5411 non
923 5354 1092 5424 potuit
1129 5367 1142 5402 :
1179 5353 1290 5417 ipse
1323 5362 1406 5400 me
1433 5349 1500 5399 ah
1523 5347 1883 5398 itnbcCtllitate
1912 5346 2154 5412 Corporis
2188 5344 2323 5395 lihe-

768 5450 928 5512 ravit,
948 5444 1257 5498 confortans
1280 5441 1404 5492 illud
1426 5451 1481 5491 ut
1510 5454 1610 5491 non
1632 5451 1792 5504 porro
1814 5439 2014 5505 peccati
2046 5439 2326 5503 tyrannide

768 5540 1118 5607 opprimatur.
1170 5534 1272 5586 Sed
1315 5530 1761 5598 quemadmodum
1812 5545 1906 5595 per
1934 5527 2326 5598 prwvarit-atio-

773 5649 890 5686 Leni
951 5628 1140 5682 Adatni
1206 5627 1428 5677 mmtale
1487 5622 1707 5682 factum,
1751 5632 1967 5688 peccato
2022 5637 2325 5689 cxpugnatu

2407 1981 2703 2051 τυραννίδι.
2736 1982 2851 2034 Οὐκ
2897 1977 3016 2032 εἷπε
3051 1981 3129 2043 δὲ,
3175 1981 3253 2049 Τῇ
3284 1983 3426 2050 ὁρμῇ
3465 1980 3563 2049 τῆς
3603 1979 3822 2050 σαρκὸς,
3854 1980 3888 2050 ἢ
3919 1982 3986 2048 τῇ

2410 2075 2590 2143 φύσει,
2626 2073 2781 2137 ἀλλὰ,
2822 2092 2839 2124 1
2879 2073 2966 2141 Τῷ
3010 2073 3158 2142 νόμῳ
3184 2073 3279 2142 τῆς
3312 2074 3583 2142 ἁμαρτίας
3606 2112 3620 2134 ,
3643 2090 3661 2122 1
3705 2071 3782 2140 τῷ
3815 2087 3988 2123 κατα-

2409 2165 2745 2234 κρατήσαντι
2776 2163 2886 2215 τῶν
2935 2162 3115 2232 μελῶν
3157 2181 3281 2232 μου.
3320 2163 3490 2215 Τοῦτο
3511 2163 3568 2214 δὲ
3597 2163 3696 2214 οὐκ
3725 2162 3839 2214 ἔστι
3869 2161 3989 2213 δια-

2411 2257 2537 2326 60).ὴ
2559 2257 2658 2326 τῆς
2685 2258 2905 2325 σαρκός.
2935 2257 3148 2326 Ὠσπερ
3179 2257 3286 2324 γὰρ
3317 2256 3542 2325 λῃστὴς,
3579 2256 3674 2306 ἐὰν
3731 2254 3984 2322 κατάσιῃ

2413 2349 2678 2417 βασίλεια,
2705 2349 2800 2400 καὶ
2825 2349 3002 2417 ἐνοικῇ
3028 2349 3069 2378 ⁸¹
3104 2348 3308 2411 αὐτοῖς,
3341 2349 3401 2399 οὐ
3429 2347 3647 2416 διαϐολή
3682 2349 3798 2399 ἐστι
3828 2346 3988 2399 τοῦτο

2410 2442 2504 2494 τοῦ
2534 2443 2682 2495 οἴκου
2705 2459 2717 2470 ·
2748 2440 2890 2493 οὕτω
2915 2442 3007 2492 καὶ
3037 2439 3290 2505 ἐνταῦθα,
3322 2440 3416 2493 ἐὰν
3441 2440 3563 2510 οἰκῇ
3596 2443 3628 2509 ὴ
3662 2439 3904 2508 ἁμαρτία
3928 2439 3987 2488 ὲν

2410 2536 2520 2594 τοῖς
2549 2532 2764 2600 μέλεσιν
2788 2533 2966 2601 ἡμῶν,
2999 2532 3058 2583 οὐ
3081 2534 3231 2601 παρὰ
3261 2532 3448 2584 τοῦτον
3467 2530 3530 2602 [ί.
3554 2530 3732 2602 τοῦτο]
3769 2530 3986 2599 πονηρὰ

2412 2626 2444 2692 ὴ
2475 2624 2643 2695 σάρξ·
2677 2624 3014 2694 ἐτυραννὴθη
3045 2625 3173 2692 γάρ.
3211 2622 3369 2684 Τινὲς
3398 2625 3452 2676 δὲ
3485 2623 3757 2692 τέσσαρας
3784 2623 3986 2690 νόμους

2411 2717 2646 2770 ὲνταῦθά
2679 2733 2842 2784 φασιν
2866 2732 2880 2745 θ
2941 2717 3037 2767 ἕνα
3070 2715 3160 2767 τὸν
3193 2714 3288 2766 τοῦ
3321 2714 3480 2778 Θεοῦ,
3518 2716 3610 2765 τὸν
3657 2714 3981 2766 διδάσκοντα

2413 2808 2558 2876 ἡμᾶς
2622 2809 2682 2858 τὸ
2724 2805 2872 2858 δέον·
2920 2799 3196 2876 δεύτερον,
3251 2807 3342 2858 τὸν
3406 2805 3982 2874 ἀντιστρατευόμενον,

2413 2898 2560 2958 ὅστις
2581 2897 2730 2948 ἐστὶν
2755 2897 2781 2948 ὁ
2799 2898 2917 2948 κατ’
2940 2899 3218 2965 ἐνέργειαν
3249 2897 3294 2926 ³³
3323 2896 3417 2948 τοῦ
3447 2895 3694 2948 διαϐόλου
3724 2893 3986 2946 ἐπεισιὼν

2413 2989 2577 3056 ἡμῖν·
2607 2986 2810 3056 τρίτον,
2844 2987 2935 3038 τὸν
2967 2988 3130 3054 νόμον
3154 2986 3246 3037 τοῦ
3275 2986 3413 3049 νοὸς,
3447 2985 3713 3050 τουτέστι,
3760 2985 3850 3037 τὸν
3887 3001 3987 3052 ςυ-

2416 3078 2593 3132 σικόνο
2616 3079 2898 3147 τέταρτον,
2930 3077 3022 3129 τὸν
3054 3079 3182 3130 ὄντα
3222 3081 3280 3129 ὲν
3319 3081 3430 3139 τοῖς
3467 3080 3678 3146 μέλεσι,
3717 3076 3984 3137 τουτέστι,

2415 3170 2512 3239 τὴν
2538 3169 2998 3238 φιλαμαρτήμονα
3025 3169 3344 3237 προαίρεσιν
3379 3169 3471 3219 καὶ
3508 3168 3606 3236 τὴν
3631 3166 3767 3235 πρὸς
3798 3167 3859 3218 τὸ
3890 3183 3988 3216 κα-

2419 3262 2512 3314 κὸν
2540 3262 2744 3330 σχέσιν,
2778 3261 2865 3312 διά
2892 3260 2993 3329 τῆς
3024 3259 3313 3328 συνηθείας
3346 3257 3802 3328 ἑνσκιρρωθείσαν
3830 3258 3982 3324 ἡμῖν.

2497 3540 2514 3571 1
2554 3519 2910 3590 Ταλαίπωρος
2942 3517 3049 3586 ἐγὼ
3087 3515 3392 3586 ἄνθρωπος,
3419 3517 3503 3579 τίς
3552 3533 3617 3586 με
3649 3514 3871 3584 ῥύσεται
3921 3517 3986 3568 ἐκ

2417 3615 2510 3668 τοῦ
2545 3615 2796 3684 σώματος
2841 3611 2933 3664 τοῦ
2963 3611 3194 3664 Θανάτου
3224 3609 3415 3661 τούτου
3447 3626 3462 3673 ;
3495 3627 3511 3658 1
3563 3608 3622 3660 '0
3653 3607 3878 3675 φυσικὸς
3899 3607 3987 3659 vdo

2419 3723 2517 3774 μος
2552 3706 2650 3757 οὐκ
2696 3704 2951 3773 ἡρκεσεν,
2980 3703 3008 3754 ὁ
3037 3700 3277 3770 γραπτὸς
3307 3701 3405 3751 οὐκ
3437 3700 3655 3767 ἴσχυσεν
3675 3739 3690 3762 ,
3739 3698 3853 3751 ἀλλ’
3883 3698 3988 3750 tui.-

2419 3815 2554 3867 κησε
2592 3800 2684 3849 καί
2711 3795 3053 3865 ἀμφοτέρους
3085 3797 3118 3863 η
3142 3794 3397 3863 τυραννὶς
3426 3793 3520 3860 τῆς
3551 3792 3845 3860 ἁμαρτίας.
3885 3791 3960 3842 ΙΙό

2420 3891 2510 3942 θεν
2529 3889 2620 3942 οὖν
2647 3891 2762 3940 ἐστι
2786 3888 3056 3955 σωτηρίας
3088 3886 3238 3946 ἐλπίς
3263 3901 3276 3947 ;
3313 3903 3330 3934 1
3358 3886 3449 3945 Τίς
3478 3901 3542 3952 με
3576 3883 3795 3952 ῥύσεται
3813 3885 3874 3933 ὲκ
3892 3881 3987 3937 τοῦ

2423 3987 2670 4048 σώματος
2699 3979 3100 4046 τυῦιθανάτουν
3129 3979 3393 4039 τουτέστι,
3419 3976 3512 4027 τοῦ
3541 3975 3751 4043 θανάτῳ
3769 3972 3990 4027 ὑποκει-

2424 4074 2610 4143 μένου.
2652 4071 2867 4139 Ἐπειδὴ
2895 4072 3006 4138 γάρ
3041 4069 3279 4139 παθητὸν
3329 4070 3544 4135 ἐγένετο
3575 4069 3639 4118 ἐκ
3672 4069 3768 4134 τῆς
3810 4083 3988 4134 παρα-

2423 4167 2652 4228 6άσεως,
2683 4168 2776 4214 καί
2807 4161 3218 4230 εὐεπιχείρητον
3247 4161 3430 4211 λοιπὸν
3477 4162 3542 4227 τῇ
3575 4158 3822 4227 ἁμαρτία
3852 4172 3989 4207 κατ’⁴

2425 4259 2578 4324 έστη.
2621 4255 2760 4307 Ἀλλ’
2791 4257 2906 4324 ἐρεῖ
2937 4271 3019 4315 τις
3043 4268 3056 4280 ·
3086 4253 3194 4304 Καὶ
3241 4252 3427 4316 ἐπειδὴ
3478 4251 3888 4318 εὐεπιχείρητον
3919 4244 3986 4316 ἦν

2421 4350 2482 4400 τὺ
2511 4350 2669 4416 σῶμα
2721 4349 2784 4416 τῇ
2818 4345 3075 4415 ἁμαρτίᾳ,
3119 4344 3208 4394 διὰ
3241 4344 3292 4394 τί
3342 4340 3713 4409 ἐκολάσθησαν
3764 4339 3812 4390 οἱ
3876 4355 3982 4407 πρ)

2423 4441 2658 4509 Χριστοῦ
2692 4439 3126 4506 ἁμαρτάνοντεςς
3175 4435 3319 4486 Διότι
3347 4431 3573 4486 τοιαῦτα
3612 4431 3983 4498 ἑπετάγησαν,

2343 4543 2396 4602 1)
2422 4524 2508 4582 οἷα
2555 4528 2648 4579 καὶ
2698 4530 2794 4594 τῆς
2837 4525 3111 4594 ἁμαρτίας
3139 4519 3444 4589 κρατούσης
3482 4517 3742 4587 ἠδύναντο
3790 4531 3988 4584 κατορ-

2422 4619 2568 4671 ϐοῦν.

2493 4708 2813 4778 Εὐχαριστῶ
2841 4706 2918 4775 τῷ
2942 4703 3059 4772 Θεῷ
3081 4703 3148 4755 δι’
3191 4699 3366 4768 Ἰησοῦ
3391 4696 3628 4768 Χριστοῦ
3661 4695 3753 4748 τοῦ
3779 4694 3983 4760 Κυρίου

2419 4802 2597 4871 ἡμῶν.
2630 4820 2646 4852 1
2696 4799 2910 4868 Ἐπειδὴ
2927 4793 3257 4866 ἐξηπορήθη,
3294 4797 3386 4844 καὶ
3410 4792 3506 4859 οὐχ
3538 4787 3694 4860 εὗρεν
3717 4789 3874 4841 ἄλλον
3898 4790 3984 4838 τὸν

2421 4894 2680 4958 σώζοντα,
2707 4893 3015 4958 ἀναγκαίως
3046 4883 3172 4956 εὗρε
3205 4885 3454 4955 Χριστόν.
3499 4884 3590 4934 Διὸ
3640 4884 3733 4934 καὶ
3767 4882 3986 4948 εὐχαρι-

2421 4987 2535 5038 στεῖ
2560 4983 2634 5050 τῷ
2655 4984 2772 5053 Θεῷ
2804 4986 2897 5035 καὶ
2931 4983 3127 5049 Πατρὶ,
3150 4979 3213 5031 δι’
3253 4978 3426 5049 Ἰησοῦ
3455 4975 3548 5026 τοῦ
3578 4977 3779 5042 Κυρίου
3807 4973 3983 5039 ἡμῶν,

2419 5078 2714 5139 τουτέστιν,
2746 5074 2920 5127 αἰτίου
2942 5074 3090 5134 ὄντος
3114 5072 3212 5139 τῆς
3240 5068 3588 5139 εὐχαριστίας
3618 5065 3711 5116 τοῦ
3729 5061 3983 5131 Χριστοῦ.

2420 5168 2590 5228 Αὐτὸς
2621 5167 2749 5234 γὰρ,
2784 5167 2937 5234 φησι,
2988 5162 3367 5233 κατώρθωσεν,
3398 5161 3432 5213 ἂ
3462 5162 3490 5210 ὁ
3517 5159 3678 5225 νόμος
3712 5158 3810 5207 οὐκ
3862 5154 3987 5221 ἡδυ-

2423 5258 2559 5329 νήοη
2584 5275 2595 5286 ·
2636 5261 2794 5319 αὐτός
2836 5274 2900 5326 με
2928 5257 3196 5326 ἐρρύσατο
3227 5256 3288 5305 ἐκ
3322 5253 3419 5320 τῆς
3444 5251 3721 5311 ἀσθενείας
3757 5246 3850 5300 τοῦ
3888 5245 3990 5296 σώ-

2433 5369 2617 5421 ματος,
2649 5351 3028 5419 ἐνδυναμώσας
3056 5349 3203 5409 αὐτὸ,
3230 5347 3368 5398 ὣστε
3387 5345 3580 5413 μηκέτι
3610 5339 3989 5409 τυραννείσῢαι

2429 5445 2533 5496 ὑπὸ
2571 5444 2665 5512 τῆ,
2701 5443 2992 5512 ἁμαρτίας.
3046 5440 3181 5490 Ἀλλ’
3219 5438 3403 5504 ὥσπερ
3433 5435 3520 5486 διὰ
3551 5434 3646 5502 τὴν
3678 5431 3989 5498 παράϐασιν

2428 5536 2523 5588 τοῦ
2567 5536 2735 5604 ’Λδαμ
2760 5534 2950 5604 Ονητὺν
2977 5532 3216 5599 γεγονὸς,
3249 5527 3713 5593 εὐκαταγώνιστον
3731 5526 3793 5589 τῇ
3820 5523 3992 5588 ἁμαρ-ι

2431 5630 2519 5696 τίᾳ
2562 5628 2830 5697 κατέστη·
2876 5625 3018 5677 οὕτω
3056 5623 3140 5675 διὰ
3196 5620 3290 5688 τὴν
3349 5617 3593 5684 ὐπακοὴν
3630 5612 3792 5667 αὐτοῦ
3830 5629 3991 5662 σταυ-

2094 5742 2285 5799 Vnr'tte
2322 5742 2645 5801 lecliottcs.

1553 5844 1593 5871 δέ
1628 5845 1673 5884 ἔτ

872 5856 887 5875 δ
929 5846 1034 5902 tito,
1084 5846 1136 5896 ἐξ
1172 5861 1240 5897 111.
1320 5847 1359 5872 δ’
1399 5846 1471 5896 ἐν.
1553 5846 1593 5871 ³³
1628 5846 1783 5910 ἔργον
1819 5865 1867 5896 o.
