4286 6444
304 433 408 498 41'}

1105 428 1505 490 EXI‘OSITIO
1551 429 1626 487 IN
1666 429 1897 488 EPlST.
1935 431 2030 488 AD
2066 430 2242 489 ΗΘΜ.
2281 455 2342 462 -
2371 428 2522 486 CAP.
2562 428 2696 486 Vill

3459 417 3566 489 43i

310 556 590 626 ρωθέντος,
621 547 738 605 εἶτα
767 552 1117 614 ἀναστάντος,
1150 553 1248 619 τῆς
1275 550 1580 619 ἀφθαρσίας
1611 549 1734 612 τοὺς
1783 551 1883 619 ἁῤ-
1916 555 1955 610 ί,
1997 554 2002 599 l

1873 555 1955 610 -έ,
1997 549 2156 601 facile
2221 548 2541 601 reddebatur
2572 563 2584 598 :
2612 547 2688 598 sic
2731 559 2824 611 per
2870 543 2986 613 ejus
3049 544 3412 598 obedientiam
3472 551 3565 614 qui

312 649 562 719 ρςὁῶνας
611 646 921 714 δεξάμενον,
977 643 1116 695 κατὰ
1155 643 1252 712 τῆς
1286 642 1560 711 ἁμαρτίας
1594 643 1804 694 ἵσταται
1834 643 1878 672 ⁵³

308 742 593 810 γενναίως.

819 874 822 878 '
905 851 1152 906 ΚΕΦᾹΛ.
1200 850 1278 902 ll'.

387 986 403 1016 ι
447 967 591 1034 ’Ἄρα
620 963 711 1016 οῦν
752 964 911 1025 αὐτὸς
947 964 1056 1030 ἐγὼ
1088 962 1165 1030 τῷ
1208 962 1305 1030 μὲν
1352 960 1431 1013 νοῒ
1470 961 1701 1014 δουλεύω
1737 962 1882 1030 νόμῳ

309 1058 466 1118 Θεοῦ,
496 1060 560 1125 τῇ
595 1057 650 1107 δὲ
682 1055 846 1123 σαρκὶ
872 1055 1019 1123 νόμῳ
1045 1053 1340 1122 ἁμαρτίας.
1374 1052 1538 1105 Ούδὲν
1573 1054 1678 1120 ἄρα
1715 1052 1883 1105 κατά-

311 1171 488 1220 κριμα
523 1151 618 1203 νῦν
655 1154 765 1213 τοῖς
799 1152 857 1202 ὲν
896 1147 1116 1217 Χριστῷ
1169 1145 1359 1214 Ἰησοῦ,
1403 1147 1475 1213 μὴ
1521 1147 1660 1198 κατὰ
1706 1147 1882 1211 σάρκα

311 1243 723 1314 περιπατοῦσιν,
752 1242 886 1294 ἀλλὰ
912 1241 1052 1292 κατὰ
1083 1237 1319 1307 πνεῦμα,
1344 1256 1360 1287 ι
1386 1239 1479 1299 T6,
1515 1257 1530 1289 ι
1562 1238 1828 1297 Δουλεύω,
1861 1255 1877 1287 ι

311 1338 431 1388 ἀντὶ
463 1335 576 1398 τοῦ,
613 1332 908 1385 ἐδούλευον·
945 1332 1052 1384 τῶν
1088 1330 1198 1399 γὰρ
1242 1329 1523 1397 προτέρων
1563 1328 1882 1396 ἀναμιμνή-

314 1444 456 1478 σκει.
485 1427 706 1480 Μέλλων
730 1426 835 1494 γὰρ
860 1426 1051 1484 εἰπεῖν,
1086 1424 1166 1475 ὅτι
1198 1441 1215 1473 ι
1247 1421 1409 1474 Οὐδὲν
1436 1422 1542 1491 ἄρα
1569 1421 1885 1491 κατάκριμα

313 1521 428 1580 νῦν,
466 1539 482 1570 ι
510 1520 600 1571 καὶ
622 1519 692 1570 τὰ
713 1518 863 1585 ἑξῆς,
888 1518 979 1568 καί
1003 1515 1241 1584 δηλῶσαι
1261 1515 1360 1580 τὴν
1383 1513 1586 1580 ἄφατον
1619 1514 1774 1581 χάριν
1792 1511 1883 1565 τοῦ

314 1608 574 1674 Χριστοῦ.
609 1609 1029 1674 ἀναμιμνήσκει,
1071 1606 1187 1668 πῶς
1220 1605 1482 1674 πρότερον
1511 1605 1748 1673 είχομεν,
1790 1604 1884 1655 καὶ

313 1699 394 1749 ὅτι
426 1696 680 1760 ἐνοοῦμεν
710 1697 769 1748 τὸ
799 1697 996 1761 καλὸν,
1035 1715 1052 1747 ι
1085 1699 1154 1765 τῇ
1177 1696 1338 1763 σαρκὶ
1371 1714 1388 1746 ι
1415 1695 1495 1756 δὲ,
1529 1694 1793 1756 τουτέστι,
1819 1697 1882 1764 τῇ

313 1790 413 1850 τῖς
457 1789 652 1856 σαρκὸς
703 1788 977 1856 ἀσθενείᾳ,
1036 1787 1414 1856 ύπεπίπτομεν
1467 1787 1542 1854 τῷ
1587 1786 1735 1856 νόμῳ
1787 1787 1885 1854 τῆς

315 1882 610 1948 ἁμαρτίας.
699 1881 859 1932 Ἀλλὰ
918 1880 1012 1932 νῦν
1091 1881 1238 1933 οὐδὲν
1299 1880 1617 1949 κατάκριμα
1666 1882 1777 1942 τοῖς
1829 1883 1885 1930 ἐν

317 1971 539 2038 Χριστῷ
573 1971 763 2037 Ἰησοῦ,
796 1972 1061 2030 τουτέστι,
1089 1972 1200 2032 τοῖς
1224 1969 1313 2022 τοῦ
1336 1969 1707 2038 βαπτίσματος
1733 1970 1888 2032 ἁξιω-

317 2062 510 2114 θεῖσιν.
575 2061 790 2130 Ἐπειδὴ
841 2062 897 2113 δὲ
939 2061 1120 2113 πολλοὶ
1170 2064 1262 2115 καὶ
1311 2064 1449 2129 μετᾶ
1494 2062 1552 2113 τὸ
1614 2062 1894 2130 βάπτισμα

321 2153 716 2221 ἁμαρτάνουσι,
770 2153 1110 2221 προσέθηκε·
1167 2173 1184 2204 ι
1235 2152 1356 2215 Τοῖς
1408 2154 1481 2223 μὴ
1529 2155 1668 2207 κατὰ
1719 2156 1894 2225 σάρκα

323 2244 701 2314 περ;πατοῦσι·
743 2263 760 2294 ι
787 2245 1018 2307 δεικνὺς,
1045 2244 1200 2296 ὅτιτὸ
1234 2247 1339 2297 πᾶν
1360 2246 1455 2313 τῆς
1489 2246 1759 2314 ῥᾳθυμίας
1792 2248 1888 2315 τῆς

320 2335 615 2401 ἡμετέρας.
653 2333 884 2386 Δυνατδν
916 2336 1019 2402 γὰρ
1054 2335 1148 2386 νῦν
1187 2337 1233 2366 ⁵³⁸
1267 2336 1359 2398 καὶ
1394 2336 1594 2405 ῥᾴδιον,
1646 2338 1718 2406 μὴ
1757 2338 1895 2390 κατὰ

325 2428 506 2495 σάρκα
543 2429 886 2495 περιπατεῖν,
920 2427 947 2478 6
975 2427 1094 2477 τότε
1136 2427 1484 2496 παγχάλεπον
1515 2423 1601 2496 ἦν.
1635 2430 1709 2480 υύ
1740 2430 1896 2497 μόνον

324 2519 379 2569 δὲ
413 2519 707 2586 ἀπέχεσθαι
747 2519 837 2571 τοῦ
871 2519 1009 2572 κατὰ
1050 2518 1228 2588 σάρκα
1281 2522 1596 2588 περιπατεῖν
1628 2520 1726 2581 δεῖ,
1763 2521 1897 2573 ἀλλὰ

328 2611 489 2678 χρὴδδ
530 2612 809 2680 προσεῖναι
857 2612 949 2662 καὶ
989 2610 1047 2660 τὸ
1083 2627 1100 2658 σ
1134 2608 1274 2660 κατὰ
1301 2608 1538 2677 πνεῦμα.
1578 2628 1595 2661 ›
1624 2611 1696 2662 Ού
1729 2611 1836 2680 γὰρ
1865 2613 1896 2677 ἡ

328 2700 508 2768 ἀποχὴ
558 2703 655 2769 τῆς
702 2702 897 2761 κακίας
929 2701 1201 2766 στεφανοῖ,
1225 2699 1338 2752 ἀλλ’
1379 2701 1412 2770 ἡ
1444 2701 1541 2768 τῆς
1565 2701 1764 2771 ἀρετῆς
1805 2703 1898 2754 καὶ

326 2794 438 2847 τῶν
483 2793 867 2864 πνευματικῶν
906 2792 1081 2862 ἔργων
1114 2792 1337 2862 μετοχή.

411 3074 431 3105 ‹
505 3054 562 3106 'U
609 3053 717 3124 γὰρ
760 3054 921 3120 νόμος
972 3051 1062 3103 τοῦ
1121 3052 1433 3120 Πνεύμιτος
1481 3050 1577 3117 τῆς
1631 3049 1795 3116 ζωῆς,
1843 3051 1900 3099 ὲν

1991 638 2282 691 crurilivus
2319 646 2398 689 est
2451 648 2503 690 et
2529 639 2842 700 resurrexit,
2885 637 3317 704 arrhaaecepta,
3348 651 3568 706 peceatu

1988 729 2195 782 fortiter
2223 730 2444 782 resiS'i’.

2564 843 2712 895 CAP.
2753 843 3014 897 VII-VIII.

2059 956 2216 1010 Vens.
2249 957 2338 1015 9.5,
2376 959 2420 1009 l.
2472 974 2488 1006 ι
2531 955 2695 1025 Igitur
2731 971 2830 1024 ego
2880 958 2992 1025 ipse
3029 967 3204 1010 mente
3247 959 3424 1010 servio
3468 959 3566 1021 legi

1995 1047 2110 1109 Dei,
2140 1061 2303 1101 carne
2335 1061 2510 1102 autem
2556 1049 2654 1116 legi
2687 1051 2910 1117 peccati.
2948 1048 3089 1100 Nihil
3131 1064 3259 1116 ergo
3298 1065 3437 1101 nunc
3471 1049 3567 1099 da—

1990 1141 2279 1193 mnationis
2309 1153 2390 1194 est
2421 1143 2486 1196 iis
2512 1144 2602 1210 qui
2637 1151 2763 1193 sunt
2800 1142 2848 1193 in
2891 1142 3110 1196 Christo
3141 1141 3290 1205 Jesu,
3331 1144 3420 1209 qui
3460 1157 3564 1194 non

1999 1235 2292 1286 secundum
2345 1249 2559 1286 carnem
2593 1235 2892 1298 ambulant,
2945 1237 3036 1288 sed
3069 1235 3364 1288 secundum
3407 1237 3568 1301 spiri-

1991 1336 2122 1379 tum.
2159 1345 2175 1376 ι
2203 1356 2272 1368 -
2305 1344 2322 1376 ι
2358 1327 2564 1390 Servio,
2601 1344 2750 1395 upro
2775 1329 3098 1389 serviebam,
3128 1329 3296 1382 dixit:
3327 1330 3566 1396 priorum

1989 1434 2220 1489 namque
2248 1420 2516 1473 meminit.
2548 1421 2798 1474 Dicturus
2828 1421 2996 1482 enim,
3041 1438 3058 1471 ι
3094 1419 3234 1472 Nihil
3265 1435 3391 1484 ergo
3427 1436 3568 1473 nunc

1989 1514 2371 1576 damnationis,
2407 1532 2424 1564 ι
2461 1523 2594 1580 ete.,
2632 1529 2839 1568 necnon
2877 1515 3218 1568 indicaturus
3245 1513 3566 1567 ineffabilem

1991 1606 2211 1671 gratiam
2246 1607 2464 1669 Christi,
2514 1609 2578 1660 ad
2630 1609 2941 1662 memoriam
2989 1617 3202 1660 revocat
3234 1607 3421 1673 quales
3473 1622 3571 1658 nos

1991 1706 2144 1748 antea
2187 1699 2534 1764 gesserimus,
2573 1708 2625 1752 et
2661 1698 2799 1766 quod
2856 1699 3058 1752 bonum
3109 1697 3567 1766 intelligebanmS.

1996 1808 2012 1839 ι
2053 1803 2214 1840 carne
2251 1807 2266 1838 ι
2303 1805 2448 1852 vero,
2504 1792 2602 1844 boc
2641 1801 2724 1844 est
2776 1792 2956 1844 carnis
3007 1790 3399 1849 imbecillitate,
3464 1788 3565 1856 legi

1992 1881 2192 1943 peccati
2223 1881 2720 1934 sucemnbebanms.
2755 1883 2911 1942 At-mi
2945 1897 3086 1934 nunc
3125 1880 3268 1932 milia
3317 1890 3398 1932 est
3432 1894 3565 1932 con-

2001 1972 2270 2026 demnatio
2304 1973 2366 2026 iis
2397 1973 2485 2042 qui
2517 1985 2641 2026 sunt
2672 1975 2721 2026 in
2765 1972 2982 2026 Christo
3009 1973 3158 2032 .lesn,
3197 1973 3295 2024 hoc
3343 1982 3446 2035 est,
3476 1973 3566 2041 qui

2001 2067 2064 2116 ad
2100 2065 2422 2132 baptismum
2453 2077 2577 2117 sunt
2615 2066 2858 2119 admissi.
2894 2066 3026 2134 Quia
3070 2081 3196 2118 vero
3226 2067 3379 2119 multi
3407 2067 3567 2117 etiam

2001 2167 2119 2222 post
2147 2156 2470 2222 baptismum
2501 2166 2742 2223 peccant,
2784 2157 2999 2218 adjecit,
3045 2175 3061 2206 ι
3103 2156 3203 2220 Qui
3239 2171 3342 2209 non
3376 2172 3571 2209 serun-

2001 2250 2122 2300 dum
2159 2264 2376 2301 carnem
2413 2250 2710 2310 ambulant,
2751 2269 2767 2300 ι
2813 2251 3042 2302 innitens
3072 2251 3214 2317 quod
3262 2259 3428 2301 totum
3471 2265 3568 2301 n0-

2001 2351 2126 2392 str:e
2156 2339 2224 2392 sit
2267 2339 2510 2407 ignaviaz.
2557 2340 2705 2392 Nunc
2750 2342 2890 2393 enim
2919 2349 2972 2392 et
3001 2341 3254 2408 possibile
3280 2352 3363 2393 est
3395 2349 3450 2393 et
3492 2339 3572 2392 fa-

2001 2431 2121 2496 cile,
2158 2447 2262 2483 non
2297 2431 2574 2484 ambulare
2598 2432 2893 2485 secundum
2921 2447 3162 2494 carnem,
3189 2432 3239 2484 id
3273 2432 3414 2499 quod
3448 2440 3573 2483 tunc

2005 2525 2262 2591 temporis
2304 2525 2778 2592 perdiliicillimum
2835 2534 2974 2578 erat.
3025 2524 3139 2576 Non
3175 2523 3346 2578 solum
3392 2536 3570 2576 autem

2003 2615 2410 2680 temperandum
2448 2626 2530 2668 est
2573 2616 2729 2668 nobis
2759 2629 2823 2666 ne
2855 2617 3147 2668 secundum
3192 2629 3412 2667 carnem
3458 2629 3572 2666 am-

2008 2709 2270 2769 bulemus.
2342 2724 2524 2761 verum
2601 2717 2813 2774 oportet
2863 2707 3025 2760 etiam
3091 2706 3216 2757 illud
3291 2707 3569 2765 accedere.

2005 2815 2195 2866 nempe
2241 2819 2258 2849 ε
2296 2799 2591 2854 secundum
2623 2799 2892 2865 spiritum.
2929 2815 2946 2847 ι
2987 2795 3100 2849 Non
3129 2797 3269 2850 enim
3297 2797 3570 2850 abstinen-

2005 2892 2072 2943 tia
2107 2906 2133 2941 a
2172 2891 2315 2944 vitiis
2349 2901 2592 2950 coronat.
2643 2890 2737 2943 sed
2783 2891 2998 2943 virtutis
3034 2903 3366 2958 operumque
3400 2889 3572 2957 spiri—

2006 2983 2231 3034 tualium
2263 2983 2629 3052 participatio.

2075 3073 2241 3128 Vitas.
2281 3074 2334 3128 2.
2387 3093 2406 3125 ι
2461 3074 2566 3128 Lex
2607 3076 2747 3128 enim
2799 3076 3032 3140 Spiritus
3093 3075 3213 3126 vitm
3259 3075 3310 3126 in
3361 3074 3574 3126 Christo

334 3145 551 3214 Χριστῷ
603 3144 775 3212 Ἰησοῦ
809 3144 1146 3213 ἡλευθέρωσέ
1190 3161 1255 3210 με
1305 3143 1412 3194 ἀπὸ
1452 3141 1541 3193 τοῦ
1596 3142 1759 3209 νόμου
1802 3141 1898 3208 τῆς
1930 3141 2026 3217 CJ

1878 3158 1898 3202 ς
1930 3141 1970 3195 C
2003 3164 2126 3217 Jesu
2165 3166 2406 3219 liberavit
2463 3181 2544 3220 me
2574 3181 2603 3219 a
2636 3166 2751 3234 lege
2776 3167 2979 3232 peccati
3011 3175 3063 3219 et
3089 3165 3296 3218 mortis.
3333 3183 3348 3214 ι
3380 3163 3570 3227 Legem

332 3238 605 3307 ἁμαρτίας
641 3235 735 3288 καὶ
775 3234 866 3286 τοῦ
897 3234 1148 3286 Θανάτου.
1185 3253 1201 3283 ι
1254 3233 1435 3302 Νὸμον
1472 3231 1806 3300 Πνεύματος,
1845 3234 1902 3283 τὸ

336 3333 491 3396 ἅγιον
528 3327 752 3396 Πνεῦμα
801 3327 974 3389 καλεῖ,
1023 3328 1210 3395 ὥσπερ
1258 3326 1352 3378 καὶ
1395 3327 1556 3394 νόμον
1607 3327 1902 3395 ἁμαρτίας,

333 3424 436 3489 τὴν
493 3421 786 3487 ἁμαρτίαν.
836 3420 987 3487 Ζωῆς
1026 3419 1082 3471 δὲ
1127 3419 1289 3486 νόμον
1326 3417 1512 3470 τοῦτόν
1563 3435 1714 3486 φησι,
1767 3419 1902 3483 πρὸς

336 3512 741 3580 ἀντιδιαστολὴν
772 3510 864 3562 τοῦ
893 3510 989 3578 τῆς
1023 3509 1298 3578 ἁμαρτίας
1332 3508 1517 3576 νόμου.
1559 3507 1651 3558 τοῦ
1693 3509 1784 3559 καὶ
1814 3508 1904 3559 τὸν

339 3605 564 3658 θάνατον
622 3604 1068 3673 προξενήσαντος.
1133 3600 1196 3653 Ἢ
1260 3601 1414 3670 χάρις
1465 3599 1569 3667 γὰρ
1617 3598 1709 3650 τοῦ
1766 3597 1906 3650 Θεοῦ

339 3697 649 3750 ἐθανάτωσε
680 3696 777 3764 μὲν
807 3695 904 3764 τὴν
945 3693 1219 3763 ἁμαρτίαν
1251 3695 1345 3745 καί
1372 3692 1462 3745 τὸν
1501 3692 1747 3744 θάνατον·
1785 3689 1908 3742 κοῦ-

341 3808 438 3857 ερον
483 3791 538 3841 δὲ
587 3790 718 3857 ἡμῖν
770 3788 860 3839 τὸν
911 3788 1096 3852 ἀγῶνα
1147 3786 1436 3854 ποιήσασα,
1484 3783 1653 3845 οὕτως
1705 3784 1798 3836 ἐπὶ
1844 3785 1910 3836 τὰ

341 3883 694 3950 παλαίσματα
741 3880 1054 3946 εἰσήγαγεν.
1121 3877 1458 3946 Ἐτόλμησαν
1500 3875 1556 3927 δὲ
1589 3875 1644 3927 al
1677 3877 1909 3943 πονηραὶ

342 3977 584 4044 γλῶσσαι
612 3974 776 4042 νόμον
808 3971 1078 4039 ἁμαρτίας
1108 3969 1343 4022 ἐνταῦθα
1376 3970 1548 4021 εἰπεῖν
1574 3967 1663 4020 τὸν
1691 3968 1910 4019 Μωσαῖ-

343 4071 436 4120 κδν
457 4068 637 4135 νόμον·
667 4065 725 4117 ὃν
749 4065 776 4116 6
818 4062 1136 4123 ’Λπόστολος
1162 4061 1391 4130 οὐδαμοῦ
1415 4060 1584 4123 οὕτως
1608 4060 1908 4127 ὠνόμασεν,

341 4159 458 4213 ἀλλ’
501 4159 653 4225 ἄτιον
698 4157 790 4207 καὶ
840 4153 1226 4221 πνευματικόν.
1283 4154 1391 4205 Καὶ
1430 4154 1478 4204 εί
1530 4150 1908 4219 πνευματικὸς,

344 4251 532 4318 φασιν,
561 4249 676 4300 ἐστι
711 4247 805 4298 καὶ
831 4247 857 4296 6
887 4245 1198 4308 Μωσαῖκδς,
1231 4245 1282 4295 τί
1324 4244 1510 4295 λοιπὸν
1539 4242 1787 4312 διέστηκε
1820 4242 1912 4295 τοῦ

344 4345 509 4410 νόμου
545 4341 637 4393 τοῦ
686 4340 1033 4405 Πνιιύματος;
1082 4336 1369 4406 Πὰμπολυ.
1427 4335 1484 4389 Ὀ
1521 4336 1621 4404 μὲν
1669 4335 1777 4404 γὰρ
1820 4335 1912 4386 τοῦ

345 4433 625 4494 Μωῦσέως
686 4431 790 4483 ὑπὸ
835 4417 1144 4498 Πνεύματος
1186 4429 1344 4498 μόνον
1374 4428 1552 4497 ἐδόθη·
1591 4420 1743 4490 οὗτος
1783 4428 1837 4478 δὲ
1868 4428 1911 4458 ⁵⁸

345 4527 440 4575 καὶ
469 4522 688 4590 Πνεῦμα
723 4521 995 4590 ἐχορήγει.

422 4631 441 4664 α
485 4615 556 4666 Τὸ
590 4613 698 4682 γὰρ
733 4611 990 4664 ἀδύνατον
1027 4609 1119 4663 τοῦ
1163 4611 1349 4679 νόμου,
1404 4612 1462 4662 ἐν
1494 4604 1538 4677 ᾧ
1569 4610 1789 4681 ὴσθένει
1821 4612 1908 4665 διὰ

345 4707 442 4776 τῆς
459 4707 675 4777 σαρκὸς,
698 4707 726 4757 6
753 4705 884 4768 Θεὸς
908 4707 997 4758 τὸν
1024 4704 1215 4757 ἑαυτοῦ
1243 4705 1368 4757 Υίὸν
1389 4706 1608 4774 πέμψας
1627 4708 1684 4758 ἐν
1710 4705 1912 4775 ὁμοιώ-

351 4817 481 4867 ματι
540 4799 740 4864 σαρκὸς
824 4798 1121 4866 ἁμαρτίας,
1168 4798 1426 4863 καὶπερὶ
1461 4799 1733 4866 ἁμαρτίας
1781 4817 1912 4851 κατ-

345 4893 529 4961 έκρινε
561 4892 657 4961 τὴν
689 4893 961 4960 ἁμαρτίαν
996 4893 1052 4943 ἐν
1096 4893 1162 4959 τῇ
1202 4890 1381 4960 σαρκί.
1423 4911 1439 4942 ι
1497 4891 1772 4961 Ἐμνήσθη
1811 4890 1910 4943 ’τοῦ

351 4985 688 5050 Πνεύματος,
743 4982 1069 5050 μνημονεύει
1121 4982 1214 5034 νῦν
1261 4983 1352 5032 καὶ
1397 4980 1488 5032 τοῦ
1536 4982 1767 5050 Πατρὸς,
1820 4983 1912 5034 καὶ

347 5075 442 5127 τοῦ
492 5074 642 5138 Υἰοῦ,
686 5077 782 5142 τὴν
828 5075 1030 5142 Τριάδα
1077 5073 1342 5126 διδάσκων
1373 5073 1436 5124 ⁵⁷.
1476 5074 1582 5124 Καὶ
1625 5073 1771 5124 δοκεῖ
1816 5073 1913 5140 μὲν

351 5167 495 5217 κατὰ
539 5165 630 5217 τοῦ
682 5165 846 5231 νόμου
894 5164 1089 5228 λέγειν,
1122 5164 1220 5216 οὐκ
1251 5163 1370 5216 ἐστι
1404 5164 1458 5215 δὲ
1491 5162 1668 5215 τοῦτο.
1701 5164 1773 5214 Ού
1806 5163 1912 5234 γάρ

351 5254 493 5314 εἷπε,
529 5255 601 5308 Τὸ
638 5255 867 5325 πονηρὸν
895 5255 988 5306 τοῦ
1017 5255 1198 5324 νόμου,
1223 5257 1279 5306 ὲν
1380 5254 1725 5320 ἐκακούργει,
1756 5253 1911 5316 ἀλλὰ,

355 5366 374 5397 ι
413 5347 488 5397 Τὸ
514 5347 789 5404 ἀδύνατον,
834 5347 890 5396 ὲν
982 5345 1215 5413 ἠσθένει.
1253 5363 1272 5395 ι
1297 5345 1416 5404 Πῶς
1446 5344 1500 5395 δὲ
1531 5343 1742 5411 ἠσθένει
1768 5361 1780 5407 ;
1813 5346 1910 5394 Διὰ

348 5437 452 5502 τῆς
481 5435 701 5502 σαρκὸς,
728 5436 991 5493 τουτέστι,
1024 5434 1114 5485 τοῦ
1147 5433 1408 5503 σαρκικοῦ
1448 5434 1809 5501 φρονήματος.
1851 5433 1908 5484 'U

350 5522 406 5573 δὲ
439 5521 558 5583 νοῦς
590 5524 753 5584 ἅπας,
787 5517 859 5571 ὧν
891 5523 1072 5586 ἔλεγεν
1096 5525 1123 5574 6
1165 5522 1501 5583 Ἀπὸστολις,
1530 5523 1757 5573 ἐνταῦοα
1786 5523 1912 5573 ἁνα-

351 5613 703 5667 καλύπτεται.
756 5614 913 5680 Λέγει
947 5617 1073 5683 γὰρ,
1121 5613 1196 5675 ὡς
1240 5615 1330 5665 καὶ
1375 5614 1626 5682 ἀνωτέρω
1666 5615 1908 5680 εἴπομεν,

2009 3257 2241 3324 Spiritus
2293 3258 2550 3326 Spiritum
2613 3268 2860 3312 sanctum
2910 3267 3084 3317 vocat,
3136 3258 3358 3325 perinde
3412 3268 3573 3324 atque

2010 3350 2174 3417 legem
2211 3350 2412 3414 peccati
2451 3351 2622 3416 ipsum
2666 3359 2960 3417 peccatum.
3003 3347 3140 3403 Vita:
3174 3361 3350 3402 autem
3407 3350 3570 3417 legem

2012 3443 2148 3493 hanc
2176 3441 2425 3508 appellat,
2467 3451 2524 3494 ut
2556 3451 2786 3510 opponat
2817 3457 2934 3495 eam
2969 3441 3067 3508 legi
3110 3443 3338 3511 peccati.
3372 3457 3491 3509 qua:
3523 3451 3575 3494 et

2008 3543 2235 3584 mortem
2271 3532 2423 3585 nobis
2475 3533 2927 3585 subministravit.
2983 3532 3193 3585 Etenim
3248 3533 3419 3600 gratia
3481 3533 3574 3586 Dai

2008 3624 2204 3676 occidit
2248 3635 2525 3691 peccatum
2575 3633 2628 3677 et
2677 3634 2902 3677 mortem
2958 3642 2970 3676 :
3024 3639 3252 3692 cumque
3299 3634 3573 3677 certamen

2013 3713 2165 3766 nobis
2197 3713 2308 3766 leve
2329 3713 2669 3775 reddidisset,
2697 3713 2761 3767 ad
2785 3713 3066 3767 conﬂictus
3090 3715 3161 3766 ita
3175 3729 3278 3768 nos
3300 3713 3571 3783 perduxit.

2011 3807 2168 3858 Ausa:
2208 3815 2331 3858 sunt
2375 3816 2555 3858 autem
2607 3820 2874 3873 perversaa
2925 3805 3116 3874 linguae
3151 3805 3316 3876 legem
3368 3807 3576 3875 peccati

2015 3897 2101 3950 hic
2128 3898 2304 3950 dicere
2338 3895 2626 3950 Mosaicam
2662 3898 2855 3966 legem,
2888 3912 3046 3965 quam
3078 3908 3255 3952 tamen
3288 3899 3578 3965 Apostolus

2016 4005 2276 4057 nusquam
2310 3990 2410 4042 nisi
2442 3999 2682 4043 sanctam
2718 4000 2770 4044 et
2798 3991 3131 4058 spiritualem
3160 3992 3469 4058 appellavit.
3507 3992 3578 4042 At

1965 4102 1971 4107 ί
2014 4083 2058 4134 si
2085 4082 2378 4149 spiritualis
2408 4092 2510 4145 est,
2541 4081 2810 4149 inquiunt,
2843 4091 2896 4135 et
2927 4082 3008 4135 lex
3040 4083 3292 4142 Mosaica,
3319 4082 3448 4151 quid
3486 4083 3578 4149 igi-

2017 4185 2101 4226 tur
2133 4176 2398 4242 discrepat
2445 4189 2472 4226 a
2519 4173 2632 4242 lege
2668 4174 2940 4242 Spiritus?
2991 4174 3284 4229 Plurimum
3335 4177 3572 4243 quidem.

2016 4265 2122 4318 Lex
2169 4267 2309 4317 enim
2370 4265 2596 4319 Mosaica
2639 4264 2839 4342 Spiritu
2877 4276 3078 4319 tantum
3128 4268 3236 4321 lata
3289 4276 3405 4330 est;
3465 4269 3576 4320 haec

2016 4367 2193 4410 autem
2228 4368 2281 4408 et
2317 4356 2571 4422 Spiritum
2598 4357 2986 4423 suppeditabat.

2081 4615 2243 4668 Vens.
2275 4615 2328 4668 3.
2370 4631 2386 4664 ι
2422 4614 2554 4669 Nam
2581 4618 2717 4682 quod
2740 4627 2858 4669 erat
2881 4617 3134 4684 impossib
3180 4630 3209 4670 e
3238 4619 3361 4686 legi,
3391 4619 3439 4672 in
3472 4635 3579 4688 quo

2012 4706 2385 4760 inlirmabatur
2413 4722 2507 4774 per
2547 4721 2790 4768 carnem,
2835 4708 2973 4760 Deus
3009 4708 3174 4760 misso
3217 4707 3352 4763 FlllO
3390 4724 3488 4763 suo
3526 4711 3579 4763 in

2011 4797 2363 4851 similitudine
2393 4799 2572 4851 carnis
2613 4799 2840 4865 peccati,
2883 4799 2946 4851 de
2996 4810 3216 4865 peccato
3249 4800 3580 4855 condemna-

2015 4889 2090 4940 vit
2112 4900 2388 4956 peceatum
2418 4891 2468 4941 in
2493 4904 2675 4942 carne.
2713 4909 2729 4940 ι
2762 4889 3000 4942 Meminit
3027 4889 3134 4960 54
3160 4889 3413 4958 Spiritus,
3438 4908 3581 4946 nunc

2017 4979 2340 5032 mentionem
2378 4979 2504 5033 facit
2537 4989 2588 5032 et
2621 4979 2797 5032 Patris
2842 4989 2894 5032 et
2927 4979 3067 5041 Filii,
3117 4979 3433 5036 Trinitatem
3483 4984 3578 5038 do-

2015 5083 2164 5122 cens.
2198 5070 2274 5122 Ac
2306 5069 2516 5123 videtur
2541 5072 2626 5123 hic
2656 5085 2788 5124 sane
2818 5080 3002 5124 contra
3042 5073 3210 5140 legem
3239 5074 3447 5138 dicere,
3487 5089 3578 5130 ve-

2015 5175 2134 5211 rum
2173 5159 2220 5212 id
2251 5174 2368 5214 sese
2400 5161 2467 5212 ita
2501 5176 2604 5213 non
2639 5162 2818 5215 habet.
2861 5161 2973 5216 Non
3005 5164 3147 5217 enim
3183 5165 3316 5216 dixit
3346 5181 3358 5216 :
3392 5163 3578 5218 Pravi-

2018 5261 2097 5303 tas
2127 5251 2258 5319 legis
2289 5252 2338 5303 in
2370 5267 2470 5317 qua
2509 5268 2761 5320 perverse
2789 5255 3003 5322 agebat,
3040 5257 3132 5308 sed
3165 5273 3182 5305 ι
3227 5256 3575 5322 impossibili-

2019 5352 2098 5393 tas
2137 5360 2153 5392 ι
2215 5343 2265 5395 in
2311 5357 2411 5411 qua
2458 5343 2734 5396 imbecillis
2779 5356 2916 5397 erat.
2968 5344 3066 5409 Qui
3122 5361 3248 5398 vero
3296 5347 3578 5399 imbecillis

2019 5431 2173 5484 erat?
2216 5429 2318 5484 Per
2358 5447 2596 5496 carnem,
2632 5433 2682 5485 id
2724 5443 2806 5486 est
2854 5449 2946 5502 per
2989 5435 3258 5488 carnalem
3300 5435 3573 5491 allectum.

2020 5520 2222 5574 Sensus
2241 5532 2416 5573 autem
2448 5522 2729 5574 universus
2758 5538 2938 5574 eorum
2969 5538 3087 5590 qua:
3112 5523 3245 5575 dixit
3268 5523 3576 5590 Apostolus,

2023 5613 2108 5665 hic
2154 5611 2440 5666 revelatur.
2479 5614 2564 5664 Ait
2593 5614 2756 5676 enim,
2812 5624 2865 5665 ut
2901 5625 2950 5666 et
2986 5630 3145 5683 supra
3202 5614 3577 5677 indicavimus,

1683 5731 1878 5790 Varia)
1902 5729 2228 5792 lectiones.

426 5858 470 5891 ⁸³
499 5856 742 5909 ἵστασθαι
776 5875 828 5910 υ.
905 5856 948 5886 δ’*
977 5855 1067 5907 οῦν
1096 5871 1144 5908 ο.
1223 5859 1266 5888 ⁸⁵
1300 5856 1376 5907 δεῖ
1429 5873 1479 5909 0.
1557 5857 1598 5887 ³⁸
1632 5860 1655 5908 6
1687 5857 1732 5909 δὲ
1767 5876 1812 5910 υ.

1892 5857 1935 5889 ⁵⁷
1982 5856 2166 5918 ὲνῖζιοη
2197 5873 2244 5908 ι).

2333 5854 2573 5919 συνάγων
2609 5873 2678 5905 111.
