4286 6444
291 438 394 502 43Ἱ

1143 421 1554 486 EXPOSITI‘O
1591 420 1670 478 ΙΝ
1712 417 1954 478 EPIS'I‘.
1998 419 2095 475 Al)
2134 416 2312 473 ROB].
2354 440 2414 448 -
2441 415 2596 474 CAP.
2638 415 2804 475 Vili.

3445 413 3474 473 4
3486 415 3549 473 2ἒῖ

295 547 708 621 περινοοῦντες·
741 541 792 595 οἱ
835 540 892 592 δὲ
939 536 1302 602 ὑποταγέντες
1352 531 1548 592 ὑλικῶς
1595 526 1674 596 τῷ
1719 523 1880 621 πίεύ-
1913 530 1987 583 At

1865 553 1880 563 -
1913 530 1951 583 Α
1984 525 2243 589 cogitant,
2280 522 2410 574 nihil
2435 522 2602 574 divini
2632 520 3042 574 considerantes
3076 536 3088 572 ε
3121 519 3210 586 qui
3245 534 3370 572 vero
3405 537 3557 588 pror-

300 659 451 713 ματι,
477 639 655 691 πάντα
689 628 1042 701 πνευματικά
1070 627 1164 679 καὶ
1192 621 1449 694 φρονοῦσι
1511 621 1606 672 καὶ
1639 615 1873 670 ποιοῦσι.

375 843 393 874 ι
432 823 507 874 Τὸ
538 821 647 889 γὰρ
685 817 941 887 φρόνημα
985 813 1084 882 τῆς
1133 807 1356 878 σαρκὸς,
1388 806 1615 866 Θάνατος
1639 822 1651 834 ·
1709 802 1771 854 τὸ
1822 801 1878 852 δὲ

301 917 558 985 φρόνημα
592 910 686 964 τοῦ
727 906 1058 977 πνεύματος,
1112 901 1226 972 ζωὴ
1277 900 1372 953 καὶ
1416 898 1628 969 εἰρήνη.
1672 913 1689 945 ι
1744 892 1883 962 Φρό-

299 1024 447 1077 νημα
504 1003 708 1072 σαρκὸς
758 999 858 1071 τὴν
914 996 1230 1066 παχυτέραν
1304 993 1543 1046 διάνοιαν
1594 988 1879 1058 ὀνομάζει,

303 1098 411 1150 άπὸ
460 1094 556 1147 τοῦ
597 1094 840 1163 χείρονος
890 1090 1061 1159 αὐτὴν
1104 1085 1358 1148 καλέσας.
1397 1082 1470 1136 Οὐ
1500 1081 1607 1152 γὰρ
1639 1081 1702 1148 δὴ
1740 1077 1880 1148 αὑτὴ

303 1189 425 1242 καθ’
460 1187 663 1255 ἑαυτὴν
689 1187 721 1252 ἡ
758 1181 897 1254 σάρξ
938 1179 1067 1232 ἴδιον
1108 1179 1220 1248 ἔχει
1255 1177 1531 1246 φρόνημα,
1566 1172 1680 1226 ἀλλ’
1708 1173 1740 1240 ή
1773 1187 1881 1222 πα-

303 1284 424 1352 χεῖα
453 1282 546 1334 καὶ
587 1276 747 1347 ὑλικὴ
809 1275 1020 1329 διάνοια
1067 1270 1324 1341 φρόνημά
1371 1270 1487 1321 ἐστι
1540 1264 1763 1334 σαρκὸς,
1810 1262 1884 1324 ὡς

305 1376 371 1428 ἄν
417 1389 502 1435 τις
549 1372 713 1433 εἴποι,
763 1367 888 1426 νοῦς
934 1363 1169 1436 σαρκικὰ
1215 1362 1491 1432 φρονήσας
1518 1376 1532 1390 ·
1562 1357 1752 1426 ὥσπερ
1793 1356 1885 1407 καὶ

306 1466 565 1535 φρόνημα
593 1461 688 1515 ¹τοῦ
714 1459 1045 1528 πνεύματος,
1073 1457 1173 1525 τὴν
1196 1455 1438 1509 διάνοιαν
1463 1453 1562 1519 τὴν
1585 1447 1886 1519 φρονοῦσαν

306 1560 375 1610 τά
404 1555 495 1609 τοῦ
515 1554 840 1620 πνεύματος
873 1551 995 1619 ἥτις
1016 1549 1178 1617 γεννᾷ
1212 1565 1229 1598 ι
1259 1546 1423 1615 ζωὴν,
1455 1561 1473 1593 ι
1498 1542 1631 1612 πρὸς
1649 1539 1885 1594 ἀντιδια-

310 1648 502 1714 στολὴν
544 1644 636 1697 τοῦ
669 1642 926 1703 θανάτου,
975 1639 1035 1692 ὃν
1081 1639 1245 1708 γεννᾷ
1287 1638 1321 1706 ἡ
1370 1634 1609 1705 σαρκικὴ
1653 1630 1882 1682 διάνοια’

307 1739 447 1793 ἀλλὰ
473 1739 565 1788 καὶ
595 1756 612 1787 ι
642 1735 886 1806 εἰρήνην,
918 1752 935 1785 ι
961 1731 1096 1802 πρὸς
1125 1725 1530 1796 ἀντιδιαστολὴν
1548 1721 1641 1778 τοῦ
1664 1720 1880 1790 ἐφεξῆς.

323 1833 552 1898 Ἐπάγει
581 1831 713 1901 γάρ·

391 1944 408 1976 ι
461 1927 606 1976 Διότι
654 1925 714 1975 τὸ
747 1922 1002 1992 φρόνημα
1031 1917 1131 1985 τῆς
1160 1914 1363 1981 σαρκὸς
1393 1913 1564 1982 ἔχθρα
1612 1912 1690 1972 εἰς
1728 1910 1882 1962 Θεὸν.

311 2017 401 2084 Τῷ
442 2015 552 2083 γὰρ
581 2015 728 2084 νόμῳ
755 2013 848 2066 τοῦ
880 2010 1016 2064 Θεοῦ
1056 2010 1153 2077 οὐχ
1198 2007 1582 2060 ὑποτάσσεται·
1616 2003 1736 2054 οὐδὲ
1784 2002 1888 2070 γὰρ

314 2110 561 2162 δύναται.
621 2127 640 2160 ι
708 2107 771 2162 Ἦ
828 2104 927 2175 μὲν
1013 2098 1357 2170 πνευματικὴ
1415 2097 1617 2148 διάνοια
1670 2097 1889 2164 εἰρήνην

315 2201 511 2269 γεννᾷ·
548 2201 579 2257 ἡ
631 2200 686 2253 δὲ
741 2196 1013 2267 φρονοῦσα
1064 2193 1134 2246 τὰ
1182 2190 1438 2260 σαρκικὰ,
1503 2189 1699 2256 ἔχθραν
1755 2188 1888 2256 πρὸς

314 2291 466 2344 Θεὸν.
521 2285 672 2359 *Αρα
714 2284 805 2341 οὖν
854 2291 1042 2358 χεῖρας
1101 2283 1344 2351 ἀνταίρει
1394 2280 1468 2348 τῷ
1523 2279 1678 2347 Θεῷ;
1734 2280 1884 2346 Οὐχὶ,

315 2385 500 2451 φησὶν,
537 2381 669 2432 ἀλλὰ
707 2379 783 2448 τῷ
827 2381 975 2448 νόμῳ
1019 2377 1182 2430 αὐτοῦ
1238 2375 1310 2443 μὴ
1347 2373 1391 2403 ⁶¹
1449 2371 1888 2436 ὑποτασσομένη,

314 2474 533 2539 λέγεται
557 2472 722 2540 ἔχθρα
750 2468 890 2522 εἶναι
919 2469 994 2539 τῷ
1026 2468 1165 2536 Θεῷ.
1193 2468 1283 2534 Μὴ
1312 2463 1618 2534 Θορυδηῦῇς
1639 2461 1694 2513 δὲ
1728 2460 1890 2512 ἀκού-

317 2583 415 2626 σας
439 2566 518 2625 τδ,
549 2583 567 2612 ι
591 2564 722 2614 Οὐδὲ
757 2561 862 2629 γὰρ
885 2561 1127 2624 δύναται,
1163 2576 1178 2607 ι
1207 2556 1343 2608 ἀλλὰ
1374 2555 1483 2607 νόει
1514 2554 1573 2605 τὸ
1602 2553 1891 2620 λεγόμενον

314 2659 391 2721 ὼς
421 2658 518 2711 δεῖ.
552 2657 624 2708 Οὐ
655 2656 763 2724 γὰρ
790 2652 1014 2706 δύναται
1040 2651 1098 2701 τὸ
1125 2649 1381 2720 φρόνημα
1406 2646 1502 2714 τῆς
1536 2645 1759 2714 σαρκὸς,
1788 2643 1890 2704 ἕως

318 2753 385 2803 ἂν
433 2751 568 2819 μένῃ
614 2749 871 2809 τοιοῦτον,
919 2744 1258 2812 ὑποταγῆναι
1294 2741 1410 2809 Θεῷ
1446 2741 1508 2772 ⁸¹³
1561 2739 1759 2792 ὡσανεὶ
1807 2755 1891 2799 τις

316 2842 463 2894 εῐποι
491 2842 554 2872 “'
597 2840 660 2892 'H
706 2838 880 2908 πόρνη
928 2837 988 2889 οὐ
1028 2836 1254 2890 δύναται
1286 2828 1428 2886 εἶναι
1480 2830 1732 2899 σώφρων.
1781 2827 1893 2880 Καὶ

318 2937 425 3001 γὰρ
451 2934 548 2986 οὐκ
575 2931 746 2995 εἶπεν,
771 2933 851 2983 ὅτι
879 2932 954 2983 Οὐ
978 2931 1287 2998 δυνήσεται,
1314 2924 1450 2988 ἀλλ’,
1474 2943 1492 2975 ι
1519 2925 1593 2977 Οὐ
1619 2923 1836 2974 δύναται
1871 2939 1886 2970 ι

321 3026 434 3088 νῦν,
489 3024 746 3093 σαρκικὸν
789 3023 969 3091 μένον.
1002 3021 1156 3073 Ἐπεὶ
1201 3019 1317 3081 πῶς
1369 3016 1531 3079 αὐτὸς
1571 3014 1780 3077 Παῦλος
1816 3014 1887 3078 ⁸⁷⁵,

321 3119 439 3178 πῶς
469 3118 646 3186 μυρίοι
678 3115 862 3177 ἁπλῶς
909 3117 973 3167 ὲκ
1005 3112 1259 3182 πονηρῶν
1290 3110 1485 3178 ἀγαθοὶ
1535 3110 1802 3175 ἐγένοντο,
1841 3107 1891 3159 εἰ

1995 631 2086 668 Sus
2123 614 2333 681 spiritui
2376 615 2600 680 subjecti
2630 623 2776 676 sunt,
2821 611 3002 662 omnia
3057 610 3366 679 spirittlalia
3403 616 3556 676 plane

1986 717 2039 760 et
2074 708 2287 772 sapiunt.
2313 716 2364 758 et
2396 705 2616 758 faciunt.

2061 799 2221 851 Vens.
2258 799 2310 852 6.
2370 817 2387 848 ι
2436 796 2673 849 Αιῐοειυε
2701 797 2840 848 enim
2872 794 3074 857 carnis,
3109 809 3292 848 mors:
3336 793 3560 848 affectus

1985 900 2165 942 autem
2197 887 2439 956 spiritus,
2475 888 2583 938 vita
2613 894 2664 938 et
2691 901 2812 954 pax.
2855 905 2872 936 ι
2905 885 3167 938 Affectnm
3206 885 3408 946 carnis,
3446 887 3562 951 pitt-

1985 982 2227 1050 guiorem
2266 979 2654 1043 cogitationem
2706 980 2971 1040 nominat,
3007 992 3034 1028 a
3073 977 3237 1045 pejori
3281 977 3326 1030 ei
3368 993 3559 1029 nomen

1988 1074 2195 1126 ἰιιιιι-ηε.
2237 1072 2522 1124 Enimvero
2567 1072 2674 1139 ipsa
2723 1083 2817 1136 per
2862 1070 3093 1134 seipsam
3124 1083 3250 1120 caro
3282 1068 3561 1134 pr0prium

1991 1165 2239 1218 allectum
2268 1179 2374 1217 non
2416 1163 2596 1226 habet,
2631 1163 2723 1216 sed
2755 1163 2966 1228 pinguis
3001 1171 3055 1213 et
3090 1176 3267 1214 crassa
3305 1161 3564 1225 cogitatio

1992 1270 2072 1313 est
2115 1257 2339 1313 all‘ectus
2369 1258 2564 1319 carnis,
2602 1256 2763 1308 veluti
2820 1254 2861 1307 si
2896 1253 3016 1322 quis
3061 1253 3222 1314 dicat,
3259 1269 3408 1305 mens
3441 1268 3561 1304 car-

1995 1351 2131 1403 nalia
2182 1349 2436 1417 spirans:
2472 1348 2924 1416 quemadmodum
2959 1356 3006 1397 et
3041 1344 3266 1398 affectus
3303 1345 3560 1412 spiritus.

1991 1442 2244 1509 cogitatio
2280 1449 2536 1508 expetens
2567 1449 2621 1492 et
2659 1437 2919 1492 anhelans
2968 1439 3032 1489 ad
3065 1454 3125 1490 ca
3159 1452 3276 1506 qum
3305 1447 3426 1489 sunt
3459 1437 3566 1504 spi-

1989 1537 2170 1589 ritus:
2227 1551 2347 1604 quaa
2390 1553 2408 1585 ι
2449 1535 2612 1587 vitam
2657 1550 2673 1583 ι
2730 1533 2891 1598 parit,
2940 1539 2998 1583 ut
3031 1531 3187 1584 morti
3241 1541 3561 1597 opponatur,

1987 1645 2146 1697 quam
2180 1628 2412 1681 carnalis
2442 1627 2697 1695 cogitatio
2723 1628 2889 1693 gignit
2923 1644 2934 1678 :
2979 1639 3186 1677 neeum
3229 1643 3246 1674 ‹
3288 1639 3493 1690 pici-tn,
3541 1642 3558 1671 ι

1993 1734 2044 1774 ιιι
2079 1730 2344 1775 statuatur
2386 1720 2438 1774 in
2469 1720 2804 1774 contrarium
2839 1721 2881 1770 ei
2921 1718 3062 1786 quod
3098 1717 3358 1783 sequitur.
3401 1714 3565 1767 lui'ei-t

1918 1831 1963 1888 Β
1992 1815 2132 1866 enim
2167 1828 2181 1864 :

2067 1905 2224 1957 VERS.
2275 1905 2323 1958 7.
2367 1924 2382 1953 ι
2439 1903 2570 1954 Nam
2614 1902 2836 1956 allectus
2865 1904 3042 1955 carnis
3073 1903 3354 1955 inimicitia
3399 1912 3478 1952 est
3518 1902 3565 1949 in

1997 2000 2157 2050 Deum
2191 2014 2203 2049 :
2256 1998 2352 2062 legi
2389 1998 2532 2049 enim
2572 1998 2663 2050 Dei
2697 2012 2798 2049 non
2852 1995 3161 2062 subjicitur.
3193 1995 3376 2062 Neque
3423 1993 3566 2046 enim

1995 2101 2192 2156 potest.
2231 2108 2246 2139 ι
2303 2088 2611 2157 Spiritualis
2651 2088 2904 2156 cogitatio
2950 2102 3132 2152 pacem
3167 2095 3412 2154 generat,
3451 2099 3570 2136 car-

1998 2185 2134 2235 nalia
2166 2197 2294 2236 vero
2346 2181 2626 2244 aﬂectans,
2668 2182 2976 2232 inimicitias
3031 2195 3158 2246 erga
3202 2180 3392 2232 Deum.
3430 2177 3565 2230 Num

1995 2276 2153 2336 igitur
2180 2287 2370 2326 manus
2403 2280 2587 2325 contra
2612 2270 2776 2322 Deum
2806 2270 3040 2322 attollit?
3071 2270 3206 2328 Non,
3244 2269 3437 2335 inquit,
3473 2269 3564 2319 sed

1996 2366 2094 2430 legi
2123 2365 2239 2430 ejus
2272 2379 2376 2416 non
2407 2364 2669 2431 subjecta,
2700 2363 2894 2415 dicitur
2925 2376 3046 2415 esse
3078 2361 3294 2414 inimica
3326 2363 3451 2413 Deo.
3491 2359 3567 2412 Ne

1997 2456 2231 2509 turheris
2264 2465 2442 2508 autem
2475 2469 2596 2507 cum
2629 2454 2801 2514 audis,
2851 2471 2868 2502 ι
2903 2452 3083 2521 Neque
3113 2453 3255 2505 enim
3297 2462 3509 2519 potest;
3547 2472 3562 2500 ι

1995 2563 2176 2599 verum
2212 2545 2262 2598 id
2295 2546 2433 2613 quod
2465 2546 2684 2607 dicitur,
2723 2545 2962 2613 intellige
2993 2544 3149 2597 sicuti
3182 2551 3420 2610 oportet.
3449 2541 3563 2597 Non

1995 2647 2170 2707 potest
2195 2638 2339 2690 enim
2371 2636 2596 2690 affectus
2622 2637 2820 2700 carnis,
2852 2637 3084 2704 quandiu
3114 2635 3416 2701 hujusmovli
3451 2650 3570 2702 pcr-

1999 2727 2279 2791 manserit,
2334 2728 2488 2782 subdi
2541 2727 2692 2780 Deo:
2748 2740 2899 2792 teque
2938 2742 2998 2778 ac
3055 2726 3098 2780 si
3153 2726 3296 2779 dicat
3351 2725 3568 2792 aliquis,

1999 2819 2337 2872 Fornicatrix
2372 2833 2475 2872 non
2523 2827 2694 2886 potest
2740 2832 2857 2871 esse
2894 2826 3217 2885 temperans.
3267 2816 3379 2869 Non
3425 2818 3566 2869 enim

1996 2910 2290 2979 dixit'quod
2312 2925 2414 2962 non
2447 2911 2908 2976 poteri:-unquam,
2935 2923 3117 2961 verum
3148 2926 3166 2956 ι
3194 2905 3308 2959 Non
3345 2916 3517 2973 potest
3547 2926 3561 2955 ι

1993 3004 2103 3069 jam
2136 3018 2278 3056 nunc
2317 3004 2438 3056 dum
2493 3001 2724 3054 carnalis
2773 3010 3066 3065 permanet.
3102 3000 3381 3065 Quomodo
3426 3002 3566 3053 enim

2001 3096 2114 3161 ipse
2149 3093 2370 3158 Paulus,
2408 3093 2676 3160 quomodo
2703 3092 2854 3154 latro,
2885 3091 3155 3158 quomodo
3181 3091 3446 3144 innumeri
3482 3090 3567 3142 alii

320 3170 579 3269 ἀδύνατος
603 3203 720 3276 ἧνή
750 3170 1016 3274 μεταϐολή
1041 3221 1056 3269 ;
1086 3170 1242 3257 υῦτω
1272 3170 1364 3255 καλ
1394 3202 1451 3254 ὲν
1474 3199 1550 3268 τῷ
1575 3170 1890 3265 Έὺαγγελίῳ
1919 3170 1962 3230 C
1998 3191 2012 3257 (

1850 3215 1890 3265 ῳ
1919 3170 1962 3230 C
1998 3191 2079 3257 (ut
2106 3186 2270 3241 semel
2305 3184 2518 3250 dicam)
2549 3182 2826 3248 scelet'osi,
2863 3197 2927 3237 ex
2966 3182 3122 3234 malis
3165 3183 3285 3241 boni
3324 3183 3437 3234 tieri
3477 3199 3542 3250 po

317 3302 349 3353 ὁ
399 3300 598 3370 Κύριος
642 3295 831 3352 εἶπεν·
868 3315 885 3347 ι
948 3296 1023 3350 Οὐ
1077 3294 1297 3349 δύναται
1386 3293 1597 3361 δένδρον
1659 3288 1892 3358 πονηρὸν

323 3393 569 3457 καρποὺς
599 3390 794 3451 καλοὺς
827 3389 1021 3440 ποιεῖν·
1061 3405 1078 3436 ι
1111 3385 1232 3439 ἀντὶ
1261 3383 1377 3445 τοῦ,
1411 3383 1466 3444 ἐς
1491 3381 1534 3432 τ’
1565 3382 1632 3434 ἂν
1731 3397 1895 3447 πονη-

327 3480 441 3547 ρόν.
496 3479 585 3546 Μὴ
637 3477 814 3531 τοίνυν
861 3477 1100 3548 σαρκικὰ
1146 3473 1453 3544 φρονῶμεν,
1507 3470 1642 3523 ἀλλὰ
1688 3470 1755 3522 τά
1799 3469 1890 3520 τοῦ

327 3570 655 3634 πνεύματος,
681 3569 765 3620 ἵνα
794 3570 1014 3638 εἰρήνην
1041 3566 1251 3636 ἔχωμεν
1289 3563 1424 3632 πρὸς
1454 3561 1543 3615 τὸν
1578 3562 1709 3613 Θεὸν
1733 3560 1894 3612 δόντα.

324 3663 456 3729 ἡμῖν
494 3661 554 3712 τὸ
592 3661 834 3728 Πνεῦμα,
870 3659 936 3712 δι’
973 3652 1034 3712 οὗ
1084 3659 1262 3714 πάντα.
1447 3655 1577 3726 ἡμῖν
1610 3652 1677 3706 τὰ
1724 3654 1780 3704 ὲν
1816 3652 1891 3722 τῷ

327 3754 474 3821 νόμῳ
504 3751 944 3821 δυσκατόρθωτα.

404 4037 424 4070 ι
456 4020 519 4071 Οἱ
548 4018 602 4071 δὲ
647 4020 705 4070 ὲν
747 4018 910 4085 σαρκὶ
935 4016 1103 4079 ὄντες,
1136 4016 1256 4085 Θεῷ
1281 4017 1473 4084 ἀρέσαι
1508 4017 1567 4067 οὗ
1618 4016 1891 4069 δύνανται.

337 4113 530 4178 Ὑμεῖς
559 4111 614 4162 δὲ
649 4111 746 4161 οὐκ
793 4108 914 4160 ἐστὲ
945 4110 1000 4159 ὲν
1035 4110 1218 4178 σαρκὶ,
1278 4107 1394 4160 ἀλλ’
1441 4108 1500 4157 ὲν
1541 4108 1828 4177 πνεύματι.
1870 4127 1887 4158 ι

327 4203 636 4264 Τουτέστιν,
671 4201 730 4252 0!
776 4200 836 4251 τὸ
867 4201 1126 4269 σαρκικὸν
1198 4200 1450 4270 φρόνημα
1501 4201 1714 4269 ἔχοντες
1747 4201 1789 4230 ⁸⁸
1833 4201 1893 4252 οὑ

325 4296 573 4347 δύνανται
612 4293 728 4360 Θεῷ
755 4293 969 4361 ἀρέσαι,
1004 4292 1106 4354 ἓως
1137 4292 1202 4344 ἂν
1244 4287 1343 4346 ὦσι
1393 4292 1644 4346 τοιοῦτοι.
1676 4293 1750 4345 Οὐ
1787 4292 1895 4363 γὰρ

323 4388 424 4455 τὴν
455 4387 639 4439 οὐσίαν
676 4385 776 4452 τῆς
811 4386 1032 4454 σαρκὸς,
1067 4384 1202 4437 ἀλλὰ
1233 4387 1323 4437 τὸν
1355 4387 1532 4454 παχὺν
1576 4386 1664 4438 καὶ
1706 4403 1897 4455 σαρκι-

1998 3282 2245 3341 tuissent,
2268 3278 2314 3333 si
2342 3281 2453 3332 baze
2486 3280 2803 3346 permutatio
2834 3277 3178 3346 impossibilis
3203 3287 3344 3330 esset
3370 3278 3392 3328 ?
3422 3276 3570 3330 "and

1997 3371 2309 3425 dissimilem
2336 3372 2400 3423 ad
2426 3372 2639 3422 modum
2669 3369 2923 3422 Dominus
2957 3370 3007 3422 in
3043 3367 3333 3437 Evangelia
3362 3369 3494 3421 dixit
3521 3379 3569 3420 αι

2002 3487 2017 3516 ι
2061 3463 2176 3517 Non
2213 3471 2389 3533 potest
2450 3463 2609 3515 arbor
2649 3461 2788 3513 mala
2826 3461 3036 3514 fruetus
3070 3459 3238 3513 bonos
3285 3460 3504 3513 facere:
3549 3482 3566 3510 ι

1996 3570 2188 3626 nempe
2239 3555 2502 3622 tantisper
2548 3556 2670 3606 dum
2726 3553 2863 3607 mala
2905 3555 3248 3606 remanserit.
3285 3553 3361 3606 Ne
3413 3555 3570 3614 ἰβῐιιισ·

1998 3647 2234 3702 carnalia
2266 3645 2581 3700 aﬂ‘eetemus
2608 3684 2622 3704 .
2657 3646 2746 3698 sed
2783 3661 2902 3711 quae
2940 3658 3065 3698 sunt
3112 3646 3356 3712 Spiritus,
3390 3655 3441 3698 ut
3478 3663 3572 3713 pa-

1997 3755 2112 3793 cem
2146 3739 2438 3792 babeamns
2478 3739 2542 3791 ad
2577 3738 2762 3796 Deum,
2796 3739 2910 3805 qni-
2935 3738 3195 3806 Spiritum
3228 3740 3381 3789 nobis
3413 3752 3568 3788 suum

1996 3829 2272 3898 impertiit,
2317 3845 2411 3896 per
2442 3843 2600 3895 quem
2647 3832 2823 3879 omnia
2875 3828 3028 3882 nobis
3075 3828 3251 3881 {acilia
3293 3838 3418 3882 sunt
3453 3844 3572 3896 quae

1998 3924 2048 3975 in
2091 3923 2203 3990 lege
2234 3922 2377 3974 factu
2406 3929 2563 3973 erant
2591 3919 2849 3972 diﬂicilia.

2073 4012 2232 4066 Vrsas.
2267 4013 2324 4074 8,
2362 4011 2414 4064 9.
2459 4030 2478 4062 ι
2508 4011 2607 4076 Qui
2641 4021 2822 4063 autem
2850 4012 2900 4063 in
2945 4026 3107 4064 carne
3137 4023 3282 4075 sunt,
3323 4013 3427 4064 [)eo
3459 4018 3570 4077 plu-

2001 4118 2125 4158 cere
2157 4119 2259 4158 non
2308 4111 2553 4171 possunt.
2592 4100 2699 4154 Vos
2735 4113 2914 4156 autem
2948 4120 3057 4156 non
3094 4104 3229 4158 eStis
3287 4105 3335 4156 in
3381 4120 3566 4162 t'arttt‘.

1998 4196 2091 4250 sed
2147 4196 2196 4248 in
2247 4196 2458 4260 spiritu.
2501 4213 2518 4244 ι
2561 4195 2672 4247 Hoc
2706 4203 2809 4255 est,
2847 4195 2949 4258 Qui
2996 4196 3269 4247 carnalem
3320 4194 3570 4249 aﬂectum

2000 4287 2220 4349 habent,
2258 4287 2363 4340 Deo
2397 4287 2608 4355 placere
2640 4297 2935 4352 nequeunt,
2980 4289 3247 4353 tantisper
3279 4291 3401 4339 dum
3439 4290 3571 4341 tales

2004 4379 2222 4431 fuerint.
2257 4377 2369 4430 Non
2405 4379 2548 4430 enim
2581 4379 2932 4431 substantiam
2966 4381 3166 4442 carnis,
3202 4381 3292 4431 sed
3334 4394 3570 4431 crassam

325 4480 420 4531 κον
457 4477 587 4546 βίον,
616 4478 709 4529 καὶ
742 4476 862 4529 ὅλον
894 4477 937 4508 ⁸⁸
971 4476 1402 4544 σαρκοποιοῦντα
1442 4477 1536 4529 τὸν
1587 4476 1892 4544 ἄνθρωπον,
1935 4507 1974 4559 D
2002 4487 2017 4523 ι

1880 4520 1892 4542 ,
1935 4507 1974 4559 D
2002 4481 2058 4523 et
2083 4469 2354 4522 carnalem
2395 4468 2584 4532 vitam,
2622 4479 2673 4521 et
2700 4484 2821 4532 mue
2852 4477 3019 4521 totum
3056 4470 3326 4521 hominem
3355 4484 3569 4522 carnem

321 4569 496 4630 οὕτως
525 4567 798 4637 ὀνομάζει,
846 4566 988 4620 καθά
1024 4566 1117 4619 καὶ
1159 4568 1216 4618 ὲν
1261 4569 1326 4636 τῇ
1374 4568 1603 4636 Παλαιᾷ·
1646 4587 1664 4618 ί
1701 4569 1774 4619 Οὐ
1825 4568 1898 4636 μὴ

327 4656 630 4726 καταμείνῃ
657 4656 715 4708 τὸ
737 4655 956 4723 Πνεῦμά
983 4673 1081 4725 μου
1105 4658 1161 4706 ἑν
1183 4658 1295 4717 τοῖς
1333 4655 1641 4726 ἀνθρώποις
1668 4657 1898 4725 τούτοις,

325 4751 414 4803 διὰ
442 4750 503 4801 τὸ
541 4743 680 4800 εἶναι
720 4747 917 4809 αὐτοὺς
959 4749 1187 4817 σάρκας.
1227 4767 1244 4798 ι
1277 4750 1385 4801 Καὶ
1421 4747 1502 4811 τὸ,
1539 4766 1557 4798 ί
1607 4748 1794 4816 Ὑμεῖς
1843 4748 1898 4799 δὲ

325 4842 428 4894 οὑκ
459 4840 580 4891 ἐστὲ
604 4841 662 4889 ὲν
681 4840 863 4909 σαρκὶ,
899 4858 918 4889 ι
939 4838 1177 4891 τοιοῦτόν
1205 4841 1375 4902 ἐστιν,
1405 4839 1525 4891 ἀντὶ
1545 4838 1659 4903 τοῦ,
1680 4840 1754 4891 Οὐ
1782 4839 1897 4890 δου-

326 4931 512 4983 λεύετε
541 4929 618 4999 τῷ
657 4931 903 4999 σαρκικῷ
945 4930 1062 4998 βιῳ,
1094 4930 1229 4982 ἀλλὰ
1270 4929 1348 4998 τῷ
1377 4929 1751 4997 πνευματικῷ.
1786 4929 1896 4980 Καὶ

327 5023 472 5084 τινος
497 5022 684 5074 ἕνεκεν
708 5023 809 5074 οὐκ
833 5019 1006 5086 εἶπεν,
1051 5021 1240 5089 Ὑμεῖς
1266 5021 1321 5072 δὲ
1350 5022 1447 5074 οὑκ
1476 5022 1596 5073 ὲστὲ
1628 5024 1683 5072 ἐν
1712 5022 1889 5089 ἁμαρ-

327 5114 500 5177 τίαις;
529 5113 646 5165 ἰνα
691 5115 866 5183 μάθῃς
896 5114 975 5167 ὅτι
1023 5113 1142 5182 οὐχὶ
1167 5113 1263 5181 τὴν
1296 5112 1578 5180 τυραννίδα
1613 5112 1770 5181 μόνον
1800 5113 1895 5179 τῆς

327 5205 606 5273 ἁμαρτίας
644 5204 864 5256 ἔσϐεσεν
910 5205 938 5256 ὁ
985 5204 1244 5274 Χριστὸς,
1288 5203 1420 5255 ἀλλὰ
1469 5206 1564 5257 καὶ⁵
1591 5204 1688 5272 τὴν
1721 5204 1896 5272 σάρκα

332 5297 668 5364 κουφοτέραν
702 5299 794 5351 καὶ
824 5297 1342 5364 πνευματικωτέραν
1374 5298 1648 5366 ἐποίησεν,
1687 5296 1896 5365 Ὥσπερ

331 5386 442 5456 γὰρ
483 5386 616 5457 πυρὶ
656 5386 870 5455 σίδηρος
900 5387 1158 5455 ὁμιλήσας
1207 5387 1315 5456 πῦρ
1368 5388 1595 5455 γίνεται”
1631 5386 1772 5439 οὕτω
1803 5388 1894 5438 καὶ

401 5543 595 5597 nMatt.
620 5559 715 5595 \‘II.
744 5544 824 5597 l8.
905 5552 928 5579 '
958 5543 1091 5598 Gen.
1120 5560 1189 5608 \l,
1217 5545 1269 5598 3.

2009 4559 2189 4620 edicit,
2251 4560 2327 4612 sic
2381 4560 2642 4619 nominat,
2701 4560 2882 4612 itidem
2943 4568 3000 4611 ut
3054 4559 3105 4611 in
3151 4557 3333 4611 Veteri
3386 4560 3573 4612 Testa-

2011 4661 2228 4708 mento'
2265 4670 2276 4704 :
2320 4670 2337 4701 ι
2370 4652 2503 4714 Non,
2535 4670 2552 4702 ι
2597 4651 2701 4720 56
2733 4652 2924 4719 inquit,
2967 4670 2985 4701 ι
3028 4653 3356 4718 permanebit
3400 4653 3570 4718 Spiri-

2009 4754 2094 4797 tus
2126 4759 2275 4797 mens
2303 4744 2354 4795 in
2396 4743 2499 4806 his,
2529 4745 2650 4809 quia
2687 4759 2815 4795 caro
2848 4751 2990 4795 sunt.
3043 4760 3059 4792 ι
3100 4741 3265 4794 Porro
3294 4747 3435 4810 quod
3478 4745 3570 4803 ait,

2011 4853 2028 4884 ι
2063 4834 2171 4888 Vos
2212 4843 2386 4886 autem
2441 4848 2544 4884 non
2588 4834 2720 4886 estis
2755 4835 2804 4884 in
2843 4848 3026 4892 carne.
3074 4851 3091 4881 ι
3135 4833 3435 4899 huiusmodi
3471 4847 3568 4892 est,

2002 4926 2115 4979 NOn
2154 4927 2364 4979 servitis
2395 4926 2595 4978 carnali
2642 4926 2786 4989 vitae,
2834 4926 2926 4979 sed
2974 4926 3262 4993 spirituali.
3295 4926 3360 4977 Et
3405 4941 3571 4993 quare

2004 5035 2106 5071 non
2140 5020 2291 5081 dixit,
2328 5018 2434 5071 Vos
2460 5029 2638 5071 autem
2676 5033 2780 5071 non
2813 5020 2946 5072 estis
2993 5019 3043 5072 in
3084 5021 3354 5087 peccatis?
3399 5019 3462 5073 lit
3493 5022 3571 5071 di-

2004 5128 2145 5175 scas,
2195 5114 2334 5179 quod
2383 5113 2576 5165 nedum
2621 5115 2824 5178 peccati
2864 5114 3200 5180 tyrannidem
3246 5114 3565 5166 exstinxerit

2003 5204 2273 5265 Cbrisms,
2309 5219 2492 5257 verum
2517 5207 2676 5258 etiam
2704 5219 2924 5258 carnem
2957 5216 3011 5258 et
3041 5205 3292 5259 leviorem
3326 5218 3372 5257 et
3409 5207 3566 5270 spui-

2004 5296 2284 5350 tualiorctn
2329 5297 2638 5350 reddiderit.
2677 5297 3135 5362 Quemadmodum
3184 5300 3324 5350 enim
3365 5313 3563 5348 terrnnt

2005 5391 2055 5440 in
2087 5389 2206 5455 igne
2228 5402 2590 5452 commorans,
2619 5388 2756 5456 ignis
2797 5389 2857 5444 tit
2879 5408 2893 5445 :
2917 5392 2996 5445 sic
3022 5401 3075 5444 et
3102 5405 3226 5443 caro
3255 5404 3436 5443 eorum
3472 5397 3564 5456 qui

1672 5685 1868 5744 Varia:
1909 5682 2232 5743 lectiones.

406 5843 447 5876 ⁴¹
485 5844 577 5912 οὐχ
595 5862 647 5898 ο.
727 5848 772 5880 (³
810 5845 881 5914 τῷ
922 5847 1105 5914 Κυρίῳ
1129 5865 1180 5902 υ,
1257 5850 1300 5880 ⁸³
1326 5851 1453 5917 sitq
1478 5865 1528 5902 ο,

1611 5851 1651 5880 ⁸³
1689 5851 1799 5911 πῶς
1832 5848 2067 5914 Παῦ).ο;;
2096 5850 2202 5911 πῶς
2237 5854 2468 5920 κ.ῃττής;
2499 5866 2566 5904 m.

2647 5853 2689 5884 ’³
2719 5851 3026 5921 στέργοντες
3050 5865 3102 5905 0.
3180 5852 3220 5878 °“
3251 5849 3384 5910 ὅλως
3415 5864 3487 5903 ῐτῗε
