4286 6444
704 363 811 429 443

1585 362 1687 422 ΤΗ
1699 359 2162 423 EOPHYLACTI
2206 357 2614 418 BULGARl/E
2659 360 3008 421 ARClIlEP.

3833 356 3951 417 ιιι

716 478 947 529 filiorum
1016 474 1358 541 adoptionem
1404 473 1504 528 sibi
1562 474 1929 540 vindicabant,
1997 476 2061 542 (ι
2122 472 2408 538 FiliosA1

2320 472 2366 528 Λ
2394 472 2503 542 γὰρ
2551 472 2814 542 ἐγέννησα
2846 475 2936 527 καὶ
2960 472 3149 541 ὖψωσα
3174 484 3188 498 ⁶
3219 490 3236 523 ι
3268 472 3384 536 καὶ,
3418 492 3437 524 ι
3466 471 3592 532 Υἱὸς
3620 473 3980 540 πρωτότοκλ

718 569 862 619 cuitu
898 566 1056 635 genui
1091 576 1144 619 et
1173 564 1404 618 exaltavi
1441 578 1489 629 ι,
1526 583 1544 616 ι
1589 575 1662 630 et,
1698 584 1715 617 ι
1757 566 1920 619 Filius
1970 581 2121 621 mons
2167 566 2276 633 pri-

714 660 1010 725 mogenitus
1045 656 1256 710 Israel!
1288 676 1300 710 :
1338 659 1383 724 ι)
1418 666 1689 725 quantum
1722 658 1789 712 sit
1824 657 2089 711 intervalli
2143 660 2281 711 inter

714 762 952 801 nostram
995 758 1045 803 el
1095 748 1400 803 Jndteorum
1430 748 1772 818 adoptionem
1830 759 2117 804 monstrat.
2176 749 2277 811 Illi.

714 840 908 907 inquit,
964 840 1211 908 Spiritum
1266 842 1547 894 servitutis
1620 850 1945 909 acoeperunt
2000 842 2278 895 :litteram

718 930 851 997 legis
886 932 959 984 ita
995 932 1302 993 nominans,
1348 941 1405 984 nt
1437 946 1556 1001 qua:
1588 947 1615 983 ιι
1655 932 1860 999 Spiritu
1903 934 2116 1001 quidem
2160 933 2278 986 data

716 1025 808 1083 sit,
864 1023 1037 1075 servis
1092 1034 1271 1076 tamen
1316 1024 1528 1077 interim
1583 1026 1756 1095 magis
1805 1030 2107 1081 conveniat.
2148 1026 2279 1080 Nam

716 1125 770 1165 et
800 1115 1107 1179 corporales
1139 1116 1260 1168 inde
1295 1130 1463 1182 pceuze
1515 1126 1567 1169 et
1601 1117 1863 1186 Supplicia
1912 1129 2105 1185 przesto
2135 1130 2278 1185 sunt,

718 1206 1099 1275 lapidationes.
1142 1209 1455 1264 exnstiones
1493 1219 1546 1263 et
1580 1211 1736 1262 minze
1777 1228 1789 1264 :
1826 1228 1844 1261 ι
1905 1208 2148 1274 Gladius,
2201 1212 2283 1265 in—

718 1297 860 1365 quit,
893 1312 990 1352 vos
1020 1298 1301 1353 devorubil
1342 1310 1389 1354 ι.
1429 1320 1447 1352 ι
1504 1301 1658 1357 Umle
1705 1301 1897 1369 ingens
1935 1317 2064 1357 sane
2110 1314 2285 1357 metus

730 1391 798 1441 ob
821 1390 1011 1443 oculos
1043 1402 1311 1448 versatur.
1337 1394 1412 1447 Ac
1442 1391 1657 1462 prmmia
1693 1409 1885 1449 rursus
1929 1405 2139 1448 terrena
2164 1410 2286 1462 pro.

704 1480 1120 1551 ,tnissionesqtte
1167 1483 1430 1537 bonorum
1474 1485 1842 1545 terrestrium.
1880 1496 1990 1538 tum
2032 1489 2282 1539 mandata

720 1581 775 1622 et
807 1572 930 1626 vilia
963 1582 1016 1626 et
1046 1574 1267 1627 servilia
1294 1562 1480 1630 multa.
1505 1573 1689 1640 Quare
1717 1575 1788 1628 illi
1815 1577 2053 1644 quidem,
2073 1578 2283 1632 etiamsi

722 1664 817 1716 lilii
876 1668 1229 1725 vocabantur.
1276 1677 1434 1722 erant
1482 1678 1661 1725 tamen
1708 1678 1764 1723 ut
1798 1670 2104 1725 servi:nos
2135 1687 2285 1738 vero,

720 1769 817 1806 ceu
851 1755 1067 1823 ingenui
1116 1766 1170 1810 et
1205 1757 1381 1811 liberi.
1431 1759 1563 1813 Nam
1598 1771 1650 1814 et
1686 1762 1904 1829 pramia
1947 1773 2126 1817 nostra
2163 1775 2287 1821 SlIIll

720 1853 984 1915 cmlcstia,
1048 1853 1420 1920 malorumque
1471 1869 1689 1920 regnum
1724 1875 1737 1907 ;
1776 1867 1839 1906 ac
1886 1867 2058 1922 pinnae
2092 1864 2287 1907 nostra:

722 1963 830 1999 non
892 1957 1022 1999 sunt
1071 1945 1445 2011 lupitlationcs,
1488 1945 1644 2013 idque
1711 1961 1881 2011 genus
1939 1948 2041 2000 alia
2092 1962 2211 2016 quae
2258 1965 2285 2001 a

721 2036 1099 2091 sacerdotibus
1161 2036 1555 2098 inferebantur,
1616 2038 1707 2090 sed
1754 2038 1885 2091 satis
1938 2048 2022 2092 est
2077 2039 2197 2106 ejici
2237 2050 2291 2093 et

723 2126 934 2181 excludi
971 2141 999 2179 ιι
1051 2127 1280 2196 mystira
1344 2142 1524 2178 mensa
1578 2137 1833 2193 tanquam
1887 2127 2078 2185 ﬁlium.
2124 2130 2292 2183 Porro

726 2219 980 2271 mandata
1028 2219 1179 2270 nobis
1221 2226 1345 2270 sunt
1375 2217 1553 2268 divina
1594 2232 1658 2271 ac
1691 2218 1937 2287 ingenuis
1976 2224 2292 2277 convenien-

732 2313 848 2363 tia:
886 2309 1154 2370 videlicet,
1200 2307 1276 2362 Ne
1329 2309 1589 2362 intuenris
1641 2308 1916 2371 fctninam,
1975 2320 2034 2365 ιιι
2087 2328 2289 2368 concu—

726 2403 904 2466 piscas
940 2417 951 2453 :
990 2398 1066 2453 Ne
1113 2399 1262 2465 jures
1299 2418 1311 2452 :
1350 2400 1610 2468 Relinque
1656 2415 1717 2453 ea
1754 2416 1872 2469 quae
1903 2403 2146 2470 possides
2179 2422 2192 2458 :
2236 2417 2290 2460 et

726 2508 835 2544 mm
886 2505 1057 2559 pinna:
1098 2490 1419 2550 formidine.
1467 2491 1559 2544 sed
1618 2491 1842 2557 spiritus
1897 2495 2188 2562 cupiditate
2238 2507 2292 2551 et

725 2583 992 2635 t-baritnte
1025 2582 1399 2650 perﬁciuntur.
1429 2581 1487 2635 ld
1537 2582 1677 2647 quod
1730 2585 2075 2639 manifestum
2117 2598 2197 2643 est
2231 2607 2295 2645 ex

2385 584 2484 635 μου
2524 566 2757 634 Ἰσραὴλ,
2809 584 2827 615 ι
2891 565 3130 617 δείκνυσι
3181 564 3347 616 πόσον
3380 563 3441 615 τὸ
3492 564 3656 631 μέσον
3687 561 3782 629 τῆς
3827 564 3941 629 ήμε

2381 662 2540 729 τέρας
2574 657 2866 721 υἱοθεσίας,
2901 658 3117 725 καὶτῆς
3149 657 3254 708 τῶν
3303 656 3571 708 Ἰουδαίων
3598 671 3609 683 ·
3647 654 3737 706 καί
3771 669 3973 720 φησιν,

2381 754 2461 805 ὃτι
2528 752 2725 804 ἐκεῖνοι
2767 751 2981 817 πνεῦμα
3015 748 3253 807 δουλείας
3285 746 3494 810 ἔλαϐον,
3536 746 3596 797 τὸ
3643 746 3689 775 ⁸³
3729 746 3977 812 γράμμα

2380 846 2472 898 τοῦ
2521 846 2682 911 νόμου
2715 843 2949 905 καλέσας
2977 841 3150 903 οὕτως
3171 881 3184 900 ,
3217 839 3291 902 ὡς
3321 840 3471 908 παρὰ
3500 836 3594 889 τοῦ
3642 836 3969 904 ῐινεύματος

2385 938 2484 1007 μὲν
2513 939 2661 990 δοθὲν
2683 979 2698 1001 ,
2726 936 2931 999 δούλοις
2967 936 3022 988 δὲ
3058 935 3255 1003 μᾶλλον
3286 932 3544 1001 ἁρμόζον.
3588 931 3695 982 Καὶ
3724 934 3832 999 γὰρ
3866 931 3969 980 καὶ

2384 1035 2437 1086 αἱ
2480 1034 2740 1102 τιμωρίαι
2788 1029 2938 1095 παρὰ
2965 1030 3130 1091 πόδας
3161 1028 3252 1082 καὶ
3291 1025 3636 1097 σωματικαὶ,
3668 1024 3919 1091 λιθασμοι
3945 1062 3961 1081 ,

2383 1127 2475 1178 καὶ⁸
2535 1125 2753 1186 καύσεις
2797 1121 2844 1154 ⁸⁸
2876 1123 2967 1176 καὶ
3005 1121 3262 1182 ἀπειλαὶ,
3309 1120 3392 1172 ὅτι
3437 1136 3455 1170 ι
3500 1119 3760 1187 Μὰχαιρα
3815 1116 3961 1183 ὑμᾶς

2383 1213 2669 1266 κατέδεται
2697 1228 2709 1242 ο
2755 1232 2771 1263 ι
2806 1214 2899 1264 καὶ
2935 1209 3023 1264 διὰ
3047 1210 3220 1262 ταῦτα
3254 1210 3421 1271 πολὺς
3459 1210 3485 1260 ό
3521 1206 3682 1276 φόϐος
3714 1204 3819 1273 πρὸ
3851 1204 3964 1256 τῶν

2384 1307 2697 1376 ὀφθαλμῶν.
2743 1307 2850 1359 Καὶ
2878 1301 2943 1358 αὖ
2977 1306 3026 1357 οἱ
3064 1304 3245 1373 μισθοὶ
3277 1302 3544 1367 ἐπίγειοι,
3580 1301 3675 1353 καὶ
3713 1300 3962 1364 ἐπαγγε-

2385 1402 2492 1454 λίαι
2523 1403 2630 1452 τῶν
2658 1399 2753 1469 τῆς
2786 1399 2889 1465 γῆς
2935 1396 3155 1464 ἀγαθῶν
3181 1436 3195 1456 ,
3246 1397 3337 1447 καὶ
3368 1394 3436 1445 τὰ
3470 1393 3822 1459 ἐπιτάγματα
3872 1407 3965 1458 μι-

2388 1494 2670 1566 κροπρεπῆ
2719 1495 2812 1546 καὶ
2860 1490 3102 1547 δουλικὰ.
3143 1490 3307 1543 Ὥστε
3351 1488 3549 1540 ἐκεῖνοι
3594 1486 3691 1554 μὲν
3717 1523 3729 1544 ,
3762 1485 3811 1536 εἰ
3860 1483 3961 1535 καὶ

2388 1591 2493 1642 υἱοὶ
2535 1585 2847 1650 ἐκαλοῦντο,
2881 1583 2994 1636 ἀλλ’
3038 1584 3113 1645 ὡς
3143 1580 3317 1636 δοῦλοι
3340 1596 3353 1609 ·
3383 1581 3542 1649 ἡμεῖς
3575 1577 3652 1642 δὲ,
3694 1576 3769 1636 ὡς
3796 1575 3965 1641 εὐγε-

2389 1683 2503 1742 νεῖς
2535 1680 2626 1731 καὶ
2653 1677 2950 1746 ἐλεύθεροι.
2982 1676 3091 1730 Καὶ
3121 1674 3229 1744 γὰρ
3258 1672 3354 1725 καὶ
3386 1672 3436 1724 οἱ
3467 1669 3651 1739 μισθοὶ
3685 1668 3841 1738 ἡμῶν
3868 1666 3966 1718 οὖ-

2394 1774 2586 1842 ράνιοι,
2613 1772 2704 1824 καὶ
2738 1770 2983 1839 βασιλεία
3010 1766 3253 1838 οὐρανῶν
3274 1782 3288 1796 ⁸
3320 1764 3413 1818 καὶ
3446 1764 3501 1815 αἱ
3527 1762 3780 1821 κολάσεις
3808 1760 3968 1827 ἡμῖν,

2390 1866 2451 1917 οὐ
2483 1862 2737 1931 λιθασμο“ι
2759 1902 2771 1921 ,
2804 1862 2896 1913 καὶ
2923 1862 2990 1914 τὰ
3021 1859 3247 1912 τοιαῦτα
3276 1856 3425 1925 παρὰ
3448 1854 3558 1907 τῶν
3591 1854 3815 1922 ἱερέων,
3851 1850 3969 1902 ἀλλ’

2388 1960 2549 2024 ἀρκεῖ
2585 1955 2865 2025 τραπέζης
2913 1952 3178 2023 μυστικῆς
3221 1948 3545 2018 ἐκϐληθῆναι
3581 1947 3654 2008 ὡς
3685 1946 3823 1997 υἱόν.
3860 1944 3973 1995 Καὶ

2390 2046 2459 2100 τὰ
2490 2046 2835 2111 ἐπιτάγματα
2864 2082 2878 2104 ,
2913 2042 3031 2094 θεῖα
3054 2081 3068 2103 ,
3106 2041 3195 2092 καὶ
3232 2038 3509 2105 εὖγενέσιν
3535 2038 3579 2068 ³⁸
3609 2034 3926 2103 ἁρμόζοντα
3951 2048 3965 2061 ·

2394 2137 2483 2204 Μὴ
2516 2133 2793 2201 ἐμϐλέψῃς
2849 2130 3148 2199 ἐμπαθῶς·
3194 2128 3284 2196 Μὴ
3333 2126 3568 2194 ὀμόσῃς·
3633 2122 3972 2187 ’Δπόκτησαι

2395 2230 2463 2278 τὲι
2507 2226 2633 2279 ὅντα
2673 2241 2774 2276 σοι.
2814 2221 2922 2273 Καὶ
2953 2220 3075 2271 οὐδὲ
3105 2218 3254 2285 φόϐῳ
3286 2216 3584 2276 κολάσεως,
3618 2212 3751 2266 ἀλλὰ
3802 2209 3974 2263 πνεύ-

2403 2335 2567 2386 ματος
2600 2314 2864 2383 ἐπιθυμίᾳ
2883 2312 2976 2365 καὶ
3002 2313 3189 2381 ἀγάπῃ
3208 2306 3602 2377 κατορθοῦνται
3634 2318 3646 2330 ’
3681 2305 3775 2355 καὶ
3805 2301 3969 2369 δῆλον

2400 2409 2456 2472 ἐξ
2480 2402 2553 2460 ὧν
2580 2408 2672 2459 καὶ
2702 2404 3087 2472 ὑπερϐαίνουσι
3120 2400 3304 2452 πολλοὶ
3334 2398 3501 2451 πολλὰ
3531 2396 3637 2449 τῶν
3660 2394 3973 2462 ἐπιταγμά-

2399 2518 2525 2555 των.
2563 2500 2739 2552 Κάκεῖ
2770 2496 2889 2565 μὲν.
2924 2494 3146 2561 Πνεῦμα
3175 2493 3273 2545 οὐκ
3296 2487 3361 2562 ἦν
3387 2507 3400 2550 ἡ
3431 2488 3663 2542 ἐνταῦθα
3688 2487 3767 2551 δὲ,
3802 2486 3973 2537 πλου-

2406 2594 2495 2645 σία
2525 2592 2558 2660 ἡ
2590 2591 2778 2643 τούτου
2809 2588 2990 2656 χάρις.

723 2688 812 2736 eo,
837 2672 977 2740 quod
1017 2672 1169 2726 multi
1202 2673 1458 2740 pleraque
1496 2673 1751 2727 mandata
1784 2680 2278 2746 transgrediuntur.
2324 2686 2499 2754 Atque
2534 2684 2641 2738 illic
2692 2682 2907 2751 quidem
2940 2677 3178 2748 Spiritus
3235 2690 3339 2729 non
3381 2676 3606 2738 aderat;
3672 2672 3795 2728 istic
3819 2682 3975 2725 vero.

726 2767 1011 2819 abundans
1046 2767 1161 2834 ejus
1192 2766 1382 2833 gratia.

804 2877 824 2909 ε
861 2858 917 2911 In
953 2873 1060 2921 quo
1084 2856 1381 2911 clamamus
1420 2876 1433 2910 :
1464 2857 1614 2913 Abba
1661 2859 1839 2916 Pater.
1899 2883 1919 2915 ι
1978 2865 2293 2923 llebraicam

728 2950 1026 3004 dictionem
1054 2950 1254 3017 pOsuit,
1288 2951 1426 3017 quod
1466 2951 1687 3005 verbum
1717 2962 1801 3007 est
1831 2956 2061 3009 ﬁliorum
2106 2963 2297 3025 genui-

728 3057 923 3098 norum
975 3056 1101 3111 erga
1167 3051 1396 3110 putrem.
1458 3041 1592 3106 Quid
1635 3042 1832 3110 igitur?
1884 3062 2060 3099 nonne
2109 3057 2163 3102 et
2223 3051 2294 3101 illi

730 3135 897 3188 Deum
924 3134 1189 3187 vocabunt
1234 3134 1474 3200 patrem?
1511 3152 1530 3184 ι
1564 3134 1727 3187 Deum
1762 3138 1929 3200 enim.
1972 3138 2171 3207 inquit,
2207 3144 2299 3210 qui

731 3225 917 3293 genuit
963 3235 1035 3288 te,
1078 3224 1409 3290 dereliquisti
1447 3234 1485 3277 ‘.
1532 3243 1549 3276 ι
1584 3225 1649 3278 Ει
1688 3226 1815 3280 alibi
1859 3246 1873 3282 :
1926 3246 1945 3279 ι
1995 3228 2136 3286 Deus
2167 3247 2302 3286 unus

744 3316 987 3369 condidit
1013 3333 1110 3370 nos
1142 3316 1191 3367 ι».
1228 3334 1247 3367 ι
1280 3316 1344 3369 Et
1371 3334 1383 3369 :
1411 3335 1427 3367 ι
1462 3315 1778 3371 Paternnus
1795 3322 2033 3373 omnium
2056 3333 2301 3377 nostrum

737 3406 882 3460 Deus
906 3419 954 3461 ο.
1006 3426 1025 3457 ›
1060 3406 1173 3460 Etsi
1219 3417 1398 3461 autem
1435 3410 1546 3463 bzzc
1576 3411 1718 3465 dicta
1752 3411 1861 3465 sint
1890 3415 1955 3465 de
1985 3413 2111 3477 illis,
2144 3432 2303 3469 nemo

743 3513 922 3553 tamen
960 3500 1213 3554 inventus
1248 3511 1334 3554 est
1366 3500 1457 3568 qui
1495 3500 1660 3555 Deum
1713 3503 1765 3555 in
1794 3504 2132 3560 orationibus
2189 3507 2303 3560 suis

745 3601 955 3661 patrem
1003 3593 1231 3657 vocarit,
1277 3592 1419 3647 sicut
1468 3608 1564 3646 nos
1591 3608 1782 3647 omnes
1818 3596 1928 3664 jam
1964 3612 2102 3649 nunc
2136 3613 2163 3649 a
2214 3598 2304 3650 ba-

738 3686 962 3752 ptismo.
1016 3683 1306 3746 Pratterea,
1339 3685 1509 3739 sicubi
1542 3699 1664 3738 eum
1712 3685 1785 3738 illi
1843 3687 1912 3740 ita
1959 3689 2306 3756 appellarint,

740 3790 809 3827 rx
846 3774 1057 3843 propria
1085 3775 1328 3841 ipsorum
1363 3777 1629 3831 sententia
1673 3778 1813 3830 istud
1843 3778 2094 3834 fecerunt
2133 3798 2145 3833 :
2182 3781 2311 3834 ﬁde-

741 3868 823 3920 les
858 3877 1034 3939 autem
1067 3881 1129 3920 ex
1173 3868 1439 3934 spirituali
1484 3871 1720 3923 motione
1761 3880 1816 3924 et
1845 3874 2180 3938 operatione.
2238 3874 2308 3928 Ut

742 3958 893 4009 enim
936 3958 1188 4011 novimus
1217 3958 1480 4026 Spiritum
1515 3962 1813 4029 prophetiae
1840 3979 1907 4017 ex
1948 3978 2012 4017 co
2043 3965 2183 4029 quod
2217 3964 2307 4031 qui

739 4048 1008 4114 acceperit
1065 4062 1212 4112 eum,
1271 4047 1450 4101 futura
1505 4053 1745 4119 pnedicit
1795 4070 1808 4105 :
1860 4052 1941 4105 sic
1984 4063 2039 4105 et
2078 4053 2309 4121 Spiritus

743 4139 1058 4206 adoptionis
1091 4138 1324 4193 ﬁliorum
1373 4142 1687 4211 agnoscitur
1718 4158 1783 4196 ex
1809 4158 1874 4197 eo
1909 4145 2047 4210 quod
2080 4148 2172 4213 qtti
2222 4162 2310 4200 ac-

742 4229 948 4298 ceperit
980 4229 1177 4296 ipsum,
1221 4242 1426 4299 patrem
1468 4240 1621 4285 vocat
1661 4232 1851 4298 Deum,
1888 4249 1915 4285 a
1945 4234 2150 4301 Spiritu
2193 4252 2310 4289 mo-

742 4332 853 4373 tus.
893 4318 1025 4371 Nam
1058 4329 1111 4374 et
1160 4321 1261 4373 boc
1289 4330 1371 4374 est
1408 4337 1569 4373 unum
1603 4336 1671 4373 ex
1705 4323 1859 4375 donis
1892 4322 2147 4390 Spiritus.
2186 4340 2307 4393 per-

744 4414 870 4466 inde
909 4427 975 4466 ac
1003 4413 1118 4481 ipse
1150 4411 1333 4475 infert,
1370 4412 1600 4466 dicens:

822 4504 981 4557 Vens.
1018 4505 1103 4557 16.
1144 4522 1161 4553 ι
1198 4504 1316 4571 Ipse
1348 4503 1490 4557 enim
1527 4503 1761 4570 Spiritus
1790 4504 2158 4559 testimonium
2190 4506 2311 4558 red-

747 4596 825 4647 dit
851 4596 1059 4663 spiritui
1087 4606 1295 4655 nostro.
1329 4596 1468 4661 quod
1501 4596 1671 4649 simus
1700 4597 1791 4649 lilii
1815 4598 1929 4651 Dei.
1964 4616 1981 4647 ι
2016 4597 2123 4666 59
2144 4596 2307 4651 Para-

747 4684 922 4737 cletns
957 4684 1069 4751 ipse
1101 4685 1469 4737 testimonium
1497 4687 1631 4739 dicit
1662 4687 1803 4740 dono
1843 4689 1981 4751 quod
2006 4688 2185 4741 datum
2226 4696 2311 4742 cst

747 4776 926 4831 nobis.
959 4774 1075 4829 Non
1114 4777 1260 4830 enim
1291 4792 1387 4831 nos
1416 4778 1563 4831 Abba
1595 4793 1852 4832 sonamus
1893 4781 2008 4833 sine
2040 4789 2171 4833 teste
2199 4791 2253 4833 et
2282 4795 2309 4832 a

751 4868 908 4919 nobis
947 4867 1098 4934 ipsis,
1148 4883 1332 4921 verum
1380 4866 1643 4921 Paracleti
1683 4869 1882 4922 donum
1928 4878 2033 4932 est,
2090 4880 2144 4923 et
2198 4870 2313 4936 ipse

752 4957 933 5010 docuit
960 4972 1056 5009 nos
1075 4972 1168 5023 per
1196 4956 1475 5026 Spiritum,
1509 4958 1560 5012 id
1588 4968 1673 5013 est
1716 4960 1939 5023 donum,
1970 4960 2047 5014 sic
2084 4959 2224 5029 loqui
2258 4962 2309 5013 in

750 5047 1110 5101 orationibus.

834 5226 999 5282 Vens.
1038 5228 1124 5283 17.
1168 5247 1183 5280 ‹
1228 5229 1283 5283 Si
1319 5241 1498 5285 autem
1526 5233 1639 5295 lilii,
1672 5242 1724 5287 et
1758 5233 1998 5287 btet-edes
2031 5252 2043 5286 :
2078 5234 2320 5288 lia-redes

758 5318 976 5387 quidem
1010 5320 1125 5383 Dei,
1159 5324 1463 5377 coltreredes
1513 5334 1688 5377 autem
1721 5325 1945 5380 Cltrisu.
1991 5346 2009 5379 ι
2049 5326 2182 5392 Quia
2214 5346 2317 5381 non

759 5422 950 5464 omnes
1004 5414 1096 5467 ﬁlii
1164 5424 1289 5468 sunt
1334 5415 1600 5479 baaretlcs,
1651 5420 1883 5470 ostendit
1940 5434 2038 5472 nos
2078 5430 2131 5471 et
2186 5419 2321 5472 ﬁlios

843 5556 871 5586 κ
895 5548 1000 5605 lsa.
1031 5565 1067 5615 ι,
1089 5550 1143 5606 2.
1217 5563 1243 5602 1
1274 5552 1443 5609 Exod.
1478 5570 1547 5619 tv,
1572 5553 1661 5607 23.
1742 5564 1761 5590 κ
1788 5555 1890 5609 lsa.
1934 5571 2014 5620 ιιι,
2046 5555 2140 5609 ‘20.-

2338 4421 2384 4477 υ

2216 5569 2239 5595 α
2278 5556 2430 5609 Deut.
2463 5571 2633 5615 χχχιι,
2682 5554 2763 5607 18.

2478 2890 2499 2922 ι
2534 2868 2627 2922 Ἑν
2653 2860 2696 2932 ᾧ
2727 2863 3001 2935 κράζομεν
3024 2877 3037 2890 ⁶
3069 2860 3240 2912 Ἀὅὸᾶ
3264 2861 3291 2911 ὁ
3320 2857 3528 2926 Πατήρ.
3564 2875 3580 2909 ι
3610 2856 3720 2926 Τὴν
3756 2854 3976 2923 ἘὗραΓ

2404 2962 2505 3031 κῆν
2551 2959 2697 3021 λέξιν
2739 2954 2986 3017 τέθεικε,
3027 2952 3166 3021 ὅπερ
3216 2950 3366 3019 ῥῆμά
3401 2950 3517 3001 ἐστι
3566 2946 3805 3017 γνησίων
3846 2947 3974 2999 παίο

2400 3055 2509 3106 δων
2533 3052 2577 3083 ⁸⁸
2611 3052 2745 3121 πρὸς
2778 3047 3009 3115 πατέρα.
3043 3044 3107 3097 Τί
3139 3037 3270 3106 οὗνς
3314 3042 3418 3095 οὐκ
3453 3041 3678 3094 ἐκάλουν
3714 3042 3807 3093 καὶ
3836 3041 3975 3092 ἐκεῖ·

2404 3164 2482 3199 νοι
2512 3143 2723 3212 πατέρα
2751 3142 2843 3193 τὸν
2879 3139 3047 3201 Θεόν;
3080 3155 3101 3188 ι
3147 3136 3280 3189 Θεὸν
3310 3136 3419 3202 γὰρ
3440 3175 3455 3195 ,
3507 3132 3676 3199 φησὶ,
3718 3132 3812 3184 τὸν
3846 3147 3976 3198 γιν-

2403 3234 2639 3306 νήσαντα
2658 3249 2715 3285 σε
2735 3228 3095 3298 ἐγκατέλιπες
3117 3243 3162 3277 ἰ
3193 3226 3285 3277 καὶ
3314 3226 3497 3284 πάλιν,
3524 3242 3541 3273 ι
3567 3222 3698 3283 Θεὸς
3715 3219 3795 3282 εἷς
3827 3220 3977 3273 ἔκτι-

2406 3345 2497 3381 σεν
2544 3326 2730 3395 ἡμᾶς·
2789 3342 2806 3373 ι
2867 3322 2989 3381 καὶ,
3031 3338 3047 3369 ι
3102 3317 3290 3385 Πατὴρ
3337 3309 3415 3376 εἷς
3457 3315 3674 3367 πάντων
3725 3312 3901 3381 ἡμῶν.
3942 3330 3961 3360 ι

2416 3420 2555 3475 Ἀλλ’
2586 3420 2633 3471 εἰ
2680 3417 2773 3470 καὶ
2803 3414 2974 3468 ταῦτα
3006 3412 3221 3480 εἴρηται
3251 3410 3377 3478 περὶ
3409 3408 3633 3461 ἐκείνων
3653 3448 3668 3470 ,
3703 3406 3853 3473 ὅμως
3882 3403 3979 3455 οὐ-

2404 3515 2514 3575 δεὶς
2540 3512 2768 3580 εὓρηται
2800 3509 2858 3559 ὲν
2893 3505 3165 3574 προσευχῇ
3194 3501 3425 3562 καλέσας
3456 3498 3666 3567 πατέρα
3694 3496 3787 3547 τὸν
3818 3495 3975 3556 Θεὸν,

2406 3605 2593 3671 ὥσπερ
2618 3601 2711 3654 νῦν
2741 3600 2901 3670 ἡμεῖς
2929 3596 3131 3654 πάντες
3165 3593 3303 3660 μετὰ
3325 3592 3384 3643 τὸ
3418 3590 3717 3658 βάπτισμα.
3767 3586 3979 3647 ’Λλλως

2406 3717 2486 3758 τε,
2525 3698 2573 3748 εἱ
2610 3696 2705 3747 καὶ
2740 3690 3006 3744 ἐκάλεσαν
3040 3704 3166 3740 ποτε
3202 3687 3409 3737 ἐκεῖνον
3430 3684 3473 3715 ⁸⁷
3500 3724 3515 3746 ,
3546 3682 3660 3734 ἀλλ’
3684 3681 3744 3746 ἐξ
3772 3679 3979 3740 οἰκείας

2407 3787 2680 3849 διανοίας·
2713 3784 2762 3837 οἱ
2800 3784 2855 3835 δὲ
2906 3780 3087 3833 πιστοὶ
3140 3779 3203 3829 ὲκ
3254 3774 3627 3841 πνευματικῆς
3676 3769 3979 3837 ἐνεργείας.

2411 3879 2621 3945 ’Ὠσπερ
2655 3873 2761 3941 γὰρ
2804 3872 2958 3938 ἴσμεν
3000 3867 3060 3920 τὸ
3094 3866 3318 3935 Πνεῦμα
3354 3864 3451 3931 τῆς
3485 3861 3844 3931 προφητείας,
3886 3860 3980 3925 ἀφ’

2404 3961 2481 4020 ὧν
2519 3970 2546 4020 ὁ
2578 3964 2759 4017 λαϐὼν
2792 3961 2922 4016 αὐτὸ
2963 3960 3218 4029 προλέγει
3263 3958 3331 4011 τὰ
3378 3956 3639 4025 μέγιὶοντα
3662 3968 3678 3983 ⁶
3707 3952 3849 4005 οὕτω
3886 3954 3982 4002 καὶ

2410 4060 2634 4126 Πνεῦμα
2665 4054 2935 4115 υἱοθεσίας
2966 4052 3308 4120 γνωρίζεται,
3338 4048 3432 4113 ἀφ’
3462 4041 3539 4099 ὧν
3567 4047 3596 4099 ὀ
3627 4042 3803 4097 λαϐὼν
3826 4042 3982 4105 αὐτὸ,

2414 4152 2628 4221 πατέρα
2666 4148 2818 4203 καὶεί
2855 4146 2945 4198 τὸν
2980 4144 3114 4197 Θεὸν
3140 4184 3154 4204 ,
3185 4142 3289 4195 ὑπδ
3320 4140 3411 4192 τοῦ
3457 4138 3771 4206 Πνεύματος
3802 4134 3984 4187 κινού-

2415 4259 2592 4312 μενος.
2632 4240 2728 4291 Ἓν
2760 4240 2868 4305 γὰρ
2900 4238 2993 4288 καὶ
3034 4233 3193 4287 τοῦτο
3230 4233 3336 4283 τῶν
3380 4230 3477 4282 τοῦ
3517 4229 3834 4297 Πνεῦματος
3883 4244 3987 4295 χα-

2415 4332 2693 4402 ρισμάτων
2719 4368 2734 4393 ,
2764 4329 2956 4396 ὣσπερ
2981 4320 3072 4378 οὖν
3105 4322 3202 4376 καὶ
3233 4321 3392 4381 αὐτὸς
3427 4319 3679 4387 ἐπιφέρει
3711 4317 3910 4383 λέγων·

2489 4523 2507 4557 ι
2548 4502 2687 4556 Αὐτὸ
2724 4502 2831 4571 γὰρ
2858 4500 2917 4553 τὸ
2951 4498 3172 4569 Πνεῦμα
3203 4497 3587 4567 συμμαρτυρεῖ
3608 4493 3684 4564 τῷ
3714 4493 3987 4562 πνεύματι

2417 4594 2571 4664 ἡμῶν
2591 4636 2606 4658 ,
2635 4595 2717 4645 ὅτι
2746 4592 2912 4661 ἐσμὲν
2940 4592 3105 4644 τέκνα
3132 4589 3286 4642 Θεοῦ.
3319 4608 3338 4639 δ
3370 4590 3539 4650 Αὐτὸς
3569 4590 3596 4639 ὁ
3624 4586 3988 4656 Παράκλητος

2420 4687 2800 4755 συμμαρτυρεῖ
2837 4684 2913 4753 τῷ
2952 4683 3251 4753 χαρίσματι
3284 4681 3361 4750 τῷ
3408 4681 3675 4750 δεδομένῳ
3717 4681 3871 4747 ἡμῖν.
3909 4681 3985 4731 Οὐ

2418 4774 2526 4843 γὰρ
2554 4772 2905 4841 φθεγγόμεθα
2942 4773 3040 4839 μὲν
3069 4772 3127 4823 τὸ
3156 4770 3325 4822 Ἀὕϐᾰ
3354 4772 3531 4839 ἡμεῖς,
3560 4769 3895 4838 ἀμαρτύρως
3928 4769 3986 4821 δὲ

2422 4868 2514 4919 καὶ
2548 4866 2638 4931 ἀφ’
2679 4864 2907 4927 ἑαυτῶν,
2930 4864 3065 4917 ἀλλὰ
3097 4862 3187 4914 τοῦ
3230 4861 3589 4929 Παρακλήτου
3627 4860 3775 4912 ἐστὶν
3810 4861 3842 4927 ἡ
3885 4859 3990 4911 δω-

2423 4955 2543 5023 ρεὰ,
2596 4955 2689 5006 καὶ
2723 4954 2883 5014 αὐτὸς
2913 4951 3149 5015 ἐδίδαξεν
3200 4952 3345 5020 ἡμᾶς
3382 4949 3471 5002 διὰ
3517 4948 3608 5001 τοῦ
3645 4946 3986 5015 Πνεύματος,

2418 5048 2660 5099 τουτέστι
2686 5047 2731 5077 ⁸⁵
2757 5085 2771 5108 ,
2823 5046 2916 5097 τοῦ
2970 5045 3340 5113 χαρίσματος,
3373 5040 3518 5094 οὕτω
3550 5039 3884 5108 φθέγγεσθαι
3930 5041 3988 5090 έν

2420 5145 2537 5203 ταῖς
2566 5142 2917 5209 προσευχαῖς.

2501 5254 2518 5285 ι
2562 5236 2622 5286 Εἰ
2658 5234 2711 5285 δὲ
2759 5234 2922 5284 τέκνα
2947 5272 2961 5294 ,
2998 5230 3087 5282 καὶ
3122 5229 3449 5297 κληρονόμοι
3474 5242 3489 5258 '

2422 5327 2578 5387 Θεοῦ,
2608 5325 3040 5393 συγκληρονόμοι
3068 5322 3122 5374 δὲ
3149 5320 3406 5389 Χριστοῦ.
3443 5339 3459 5369 ι
3490 5318 3706 5383 Ἐπειδὴ
3727 5317 3786 5367 οὐ
3812 5313 3992 5366 πάντα.

2428 5420 2495 5471 τὰ
2548 5419 2713 5470 τέκνα
2750 5416 3113 5486 κληρονόμοι,
3160 5414 3472 5475 δείκνυσιν,
3542 5411 3623 5461 ὅτι
3675 5409 3844 5475 ἡμεῖς,
3898 5403 3992 5455 val

2847 5552 2874 5592 δ
2915 5550 3148 5605 Μειιινείι.

3525 5225 3849 5294 κληρονόμοι
3892 5221 3991 5288 μὲν

3229 5565 3265 5602 ιι
3320 5546 3403 5601 ιιι.
3482 5558 3504 5585 ο
3538 5545 3738 5614 lit-hes.
3764 5558 3835 5608 ιν,
3861 5544 3913 5598 6.

2089 5666 2287 5728 Varim
2312 5666 2637 5727 lectiones.

838 5763 894 5800 ³⁵³
921 5770 1046 5838 γάρ.
1121 5769 1169 5801 ⁸⁸
1201 5768 1449 5831 κολάσεις
1484 5783 1555 5822 tn.

1632 5770 1677 5800 ⁸⁸
1707 5768 1987 5835 εὐγενέσιν
2039 5770 2296 5838 ἄνδρασιν
2330 5787 2399 5821 :n.

2478 5768 2522 5797 ⁸⁴
2554 5781 2850 5820 τεκιιωνιιτ.
2928 5764 2970 5794 ⁸⁷
3016 5762 3101 5814 ἴσ.
3148 5759 3360 5812 ἐκεινοι.
3436 5758 3480 5789 ⁸⁸
3528 5756 3642 5825 ἤτοι
3696 5770 3749 5810 0.
