4286 6444
319 404 426 469 449

1170 407 1579 468 EXPOSITIO
1619 407 1698 468 IN
1731 407 1967 468 EPIST.
2015 410 2113 469 AD
2154 409 2335 473 R031.
2366 412 2610 472 —CAP.
2655 412 2822 474 VIII.

3457 419 3564 485 450

319 516 547 581 παθῶν,
593 517 681 568 ὅτε
737 516 921 570 οὐκέτι
964 502 1232 587 μέλλομεν
1285 520 1594 589 στραφῆναι
1647 521 1754 572 ἀπὸ
1797 520 1896 586 τῆς
1927 526 1965 578 Α
2001 520 2011 572 1

1871 537 1896 579 ς
1927 526 1965 578 Α
2001 520 2210 574 bilitatc
2238 524 2647 576 consistentem.
2676 524 2789 578 lloc
2822 523 2961 577 enim
2989 535 3065 580 est
3093 527 3329 595 peifecta
3350 534 3563 588 redem-

320 608 593 672 υἱοθεσίας
624 609 704 670 εἰς
733 606 980 660 δουλείαν
1007 609 1104 671 τῆς
1137 609 1435 680 ἁμαρτίας.

398 889 416 921 ι
451 853 530 941 Τῇ
570 871 680 940 γὰρ
714 871 889 925 ἐλπίδι
927 872 1214 944 ἐσώθημεν
1235 893 1249 906 ·
1280 875 1434 938 ἐλπὶς
1468 875 1524 930 δέ
1559 876 1885 946 βλεπομένη,

314 961 415 1013 οῦκ
449 963 598 1014 ἐστιν
644 963 820 1025 ἐλπίς.
893 965 960 1017 '0
991 966 1098 1033 γὰρ
1132 965 1318 1035 βλέπει
1371 983 1474 1030 τις,
1513 970 1565 1020 τί
1597 970 1690 1022 καὶ
1731 971 1888 1021 τοῦτο

313 1053 564 1118 tinniat;
609 1056 668 1108 Εἰ
702 1057 757 1109 δὲ
799 1055 827 1109 6
863 1058 924 1111 οῦ
978 1058 1267 1127 βλέπομεν,
1301 1059 1614 1130 ἐλπίζομεν,
1658 1061 1725 1113 δι’
1758 1063 1888 1114 ὐπο-

315 1147 487 1217 μονῆς
539 1148 978 1218 ἀπεκδεχόμεθα.
1036 1168 1054 1200 ι
1112 1150 1332 1222 Ἐπειδὴ
1397 1152 1527 1221 περὶ
1583 1152 1884 1220 μελλόντων

316 1238 662 1306 πραγμάτων
685 1237 840 1306 ἔλεγε
875 1241 987 1302 τοῖς
1012 1239 1224 1304 πολλοῖς
1245 1241 1678 1310 ἀπιστουμένων,
1712 1243 1845 1312 φησί
1870 1259 1882 1273 ⁸

313 1328 404 1396 Μὴ
435 1330 746 1400 ἀπιστήσῃς
777 1329 860 1394 σὺ,
882 1329 908 1381 ὁ
929 1330 1138 1394 πιστὸς,
1160 1326 1239 1394 οἷς
1266 1331 1438 1399 λέγωο
1469 1331 1528 1396 ἐξ
1552 1326 1627 1384 ὧν
1650 1332 1757 1403 γὰρ
1784 1331 1882 1402 ἤδη

313 1419 527 1481 ἔλαϐες,
571 1421 864 1473 πίστευσον
913 1421 1008 1472 καὶ
1058 1422 1186 1491 περὶ
1237 1420 1346 1474 τῶν
1399 1421 1722 1491 μελλόντων.
1774 1423 1882 1473 Καὶ

312 1509 503 1578 ὥσπερ
526 1511 681 1564 οὐδὲν
702 1510 1030 1580 εἰσενεγκὼν
1064 1513 1350 1584 πρότερον,
1382 1515 1430 1566 εί
1464 1516 1539 1584 μὴ
1567 1515 1664 1585 τὴν
1699 1515 1880 1566 πίστιν

316 1605 512 1672 μόνην,
550 1606 762 1673 μεγάλα
794 1605 983 1668 ἔλαϐες
1011 1606 1162 1675 παρά
1186 1605 1321 1659 Θεοῦ
1344 1620 1357 1634 ·
1393 1607 1536 1660 οὕτω
1563 1608 1655 1660 καὶ
1689 1607 1783 1660 νῦν
1814 1610 1878 1678 τῇ

314 1697 497 1748 πίστει
527 1697 729 1767 χρῆσαι
758 1699 893 1769 πρὸς
914 1699 1012 1768 τὴν
1042 1700 1169 1769 περὶ
1198 1698 1306 1753 τῶν
1339 1699 1635 1770 μελλόντων
1666 1702 1876 1757 ἐλπίδα.

325 1787 389 1840 'H
414 1790 522 1859 γὰρ
559 1789 714 1853 ἐλπὶς
746 1790 864 1843 τότε
914 1791 1107 1860 τῳόντι
1147 1790 1296 1844 ἐστὶν
1339 1791 1514 1858 ἐλπὶς,
1567 1795 1696 1846 ὅταν
1751 1796 1879 1860 περὶ

1998 616 2130 682 ptio,
2170 614 2414 674 libertas.
2442 626 2496 668 et
2526 631 2647 669 cum
2682 633 2709 669 a
2744 629 2937 681 morte,
2968 629 3074 672 tum
3101 622 3166 675 ab
3187 625 3562 683 alIetrtionibns

1995 705 2266 769 liberatio,
2295 723 2414 758 cum
2448 722 2473 758 a
2506 716 2642 759 statu
2669 710 2974 777 adoptionis
3005 713 3053 764 in
3089 720 3287 780 μυρεΛί
3327 723 3560 772 seti-itu-

1997 807 2099 848 teut
2136 813 2238 850 non
2265 799 2495 866 amplius
2529 803 2796 853 reversuri
2830 802 3116 856 fuerimus.

2065 887 2226 940 Vens.
2260 888 2346 952 24,
2377 889 2464 943 ‘25.
2508 911 2524 941 ι
2560 890 2665 961 Spe
2702 909 2929 961 namque
2957 900 3159 951 servati
3192 917 3396 954 snnzus.
3427 904 3561 972 Spes

1992 989 2179 1032 autem
2209 994 2326 1045 qua:
2363 981 2597 1047 videtur,
2634 1001 2738 1036 non
2783 998 2861 1039 est
2895 1003 3034 1055 spes.
3069 991 3199 1043 Nam
3239 994 3381 1061 quod
3419 998 3560 1048 videt

1990 1072 2132 1137 quis,
2163 1071 2288 1138 quid
2318 1073 2493 1126 adhuc
2526 1076 2754 1142 sperat?
2793 1076 2848 1129 Si
2877 1091 3052 1132 autem
3091 1090 3229 1148 quod
3270 1101 3372 1136 non
3415 1085 3561 1138 ti.1e-

1993 1173 2128 1221 nnts,
2158 1173 2458 1224 speramus.
2484 1176 2578 1228 per
2602 1166 2918 1230 patientiam
2950 1182 3342 1234 exspectamus.
3381 1192 3394 1222 ι
3421 1175 3554 1240 Quia

1989 1249 2053 1302 de
2085 1253 2244 1304 rebus
2291 1250 2491 1307 futuris
2522 1270 2549 1307 a
2581 1256 2850 1326 plerisque
2889 1259 2937 1312 in
2966 1261 3182 1312 dubium
3212 1268 3411 1319 voratis
3439 1281 3553 1319 scr-

1989 1355 2198 1393 tnottem
2223 1343 2454 1395 habebat
2481 1383 2494 1406 ,
2523 1342 2638 1398 Noli
2676 1348 2932 1411 diuidere,
2969 1350 3157 1419 inquit,
3192 1361 3244 1404 tu
3270 1369 3356 1421 qui
3387 1357 3557 1410 tinctis

1986 1446 2064 1495 es,
2104 1433 2221 1486 istis
2257 1449 2377 1502 qua:
2412 1436 2573 1490 dico:
2630 1451 2694 1490 ex
2755 1440 2820 1493 ils
2866 1443 3009 1494 enim
3073 1460 3190 1512 qua:
3237 1447 3345 1513 jam
3398 1456 3554 1501 antea

1986 1524 2260 1591 recepisti,
2295 1528 2360 1579 de
2397 1525 2597 1581 futuris
2645 1530 2806 1583 etiam
2854 1534 3032 1586 crede.
3083 1538 3159 1588 Ac
3199 1537 3354 1591 sicuti
3391 1551 3551 1594 antea

1985 1617 2116 1668 nihil
2145 1617 2297 1684 plane
2318 1618 2550 1674 aﬂ‘erens
2591 1630 2787 1688 praeter
2813 1624 2981 1676 solam
3020 1628 3210 1691 tidem,
3246 1630 3479 1699 ingentia
3516 1652 3544 1687 a

1985 1709 2116 1763 υιο⁸
2146 1711 2286 1764 bona
2325 1713 2583 1777 accepisti
2622 1732 2634 1766 :
2676 1714 2754 1767 sic
2799 1726 2850 1769 et
2895 1733 3034 1770 nunc
3084 1720 3188 1773 title
3239 1734 3391 1776 utere
3423 1741 3548 1792 erga

1987 1800 2288 1854 futurorum
2320 1802 2583 1856 bonorum
2625 1821 2793 1873 spem.
2844 1809 2976 1861 Nam
3013 1827 3135 1879 spes
3191 1821 3301 1866 tttnt
3336 1819 3550 1870 demunt

309 1881 420 1932 τῶν
454 1882 527 1951 μὴ
561 1881 907 1950 βλεπομένων
1033 1900 1051 1933 ι
1098 1885 1161 1935 Ὃ
1194 1883 1301 1953 γὰρ
1327 1883 1512 1951 βλέπει
1541 1903 1644 1950 τις,
1681 1885 1736 1938 τί
1787 1889 1879 1939 καὶ
1914 1874 1954 1932 Β
1987 1912 2001 1947 π

1860 1874 1954 1938 ὶΒ
1987 1909 2171 1948 revera
2221 1906 2302 1949 est
2337 1911 2480 1962 spes,
2519 1912 2640 1950 cum
2687 1899 2751 1951 de
2795 1901 2859 1952 iis
2904 1918 3020 1969 qua:
3069 1921 3174 1957 non
3227 1921 3545 1974 cernuntur,

310 1972 522 2036 ἐλπίζει
552 1988 566 2036 ;
612 1989 631 2024 t
665 1974 754 2041 Μὴ
781 1973 957 2025 τοίνυν
981 1972 1160 2028 πάντα
1181 1973 1411 2027 ἐνταῦθα
1430 1976 1702 2045 ζητῶμεν.
1756 1996 1773 2027 ι
1799 1978 1874 2030 Δι’

315 2064 598 2132 ὑπομονῆς
625 2083 641 2115 t
666 2064 772 2134 γὰρ
801 2082 820 2116 t
841 2065 1253 2135 ἀπεκδεχόμεθα
1271 2065 1338 2118 τὰ
1362 2067 1639 2136 μέλλοντα.
1670 2085 1688 2119 ι
1711 2068 1875 2121 Ύπο-

310 2159 478 2223 μονὴν
508 2155 565 2206 δὲ
600 2155 725 2208 ὅταν
748 2155 1006 2226 ἀκούσῃς,
1040 2157 1256 2224 ἀγῶνας
1287 2158 1380 2210 καὶ
1411 2157 1638 2230 ἱδρῶτας
1661 2160 1765 2211 νόει
1784 2160 1876 2230 δη-

306 2244 621 2314 λουμένους.
685 2246 1009 2316 ’Υπομένειν
1043 2248 1151 2316 γὰρ
1205 2248 1408 2317 ὀφείλει
1458 2248 1488 2300 6
1528 2250 1871 2318 Χριστιανὸς,

305 2336 741 2406 ἀπεκδεχόμενος
792 2339 857 2392 τὰ
894 2338 968 2408 μὴ
1010 2339 1286 2410 ὁρώμενα,
1318 2339 1649 2410 ἐλπιζόμενα
1690 2344 1745 2396 δὲ
1782 2344 1871 2397 διὰ

307 2426 406 2495 τῆς
435 2427 690 2489 πίστεως.

380 2640 400 2673 ι
445 2622 720 2687 Ὡσαύτως
751 2623 807 2678 δέ
846 2625 1027 2679 καὶτὸ
1055 2626 1280 2698 Πνεῦμα
1315 2629 1870 2700 συναντιλαμϐάνεται

302 2715 425 2774 ταῖς
469 2714 776 2776 ἀσθενείαις
822 2716 999 2784 ἡμῶν.
1043 2735 1061 2768 ι
1102 2719 1411 2788 ’Υπομονῆς
1456 2720 1828 2790 ἐμνημόνευσε
1855 2737 1870 2752 ο

303 2806 738 2875 παραθαρρύνων
758 2809 932 2860 τοίνυν
951 2810 1039 2861 τὸν
1060 2811 1352 2880 ἀκροατὴν,
1387 2812 1570 2879 φησιν,
1599 2813 1677 2864 ὅτι
1703 2830 1722 2864 ι
1763 2813 1872 2866 Καὶ

302 2901 364 2951 τὸ
419 2899 640 2968 Πνεῦμα
687 2901 1240 2971 συναντιλαμϐάνεται
1274 2922 1290 2954 ι
1337 2905 1482 2972 ἡμῖν.
1538 2904 1697 2956 Ὥστε
1794 2905 1868 2976 μὴ

303 2990 600 3061 ἀποκάμῃς
639 2992 876 3055 ἐλπίζων
929 2993 1024 3044 καὶ
1059 2994 1376 3062 ὑπομένωνο
1410 2994 1594 3064 βοηίεῖ
1645 2997 1752 3065 γάρ
1787 3013 1868 3047 σοι

301 3085 363 3134 τὸ
420 3084 664 3152 Πνεῦμα,
723 3085 893 3154 μόνην
920 3085 1017 3155 τὴν
1055 3087 1246 3139 ἐλπίδα
1295 3087 1388 3138 καὶ
1444 3087 1540 3159 τὴν
1592 3088 1868 3158 ὑπομονὴν

302 3177 631 3245 ε’σφέροντι.

377 3285 394 3316 ι
436 3268 510 3317 Τὸ
552 3267 659 3335 γὰρ
685 3266 734 3318 τί
769 3267 1195 3338 προσευξώμεθα
1248 3270 1381 3321 καΟὸ
1426 3268 1526 3333 δεῖ,
1572 3269 1671 3321 οῦκ
1719 3269 1861 3322 οῖδα-

306 3376 429 3424 μεν.
477 3379 495 3409 ι
544 3359 818 3422 Δείκνυσι,
856 3361 967 3420 πῶς
997 3361 1179 3428 βοηθεῖ
1205 3363 1263 3413 τὺ
1300 3361 1522 3430 Πνεῦμα
1551 3365 1669 3424 ταῖς
1705 3361 1864 3413 ἀσθε-

302 3449 470 3511 νείαις
501 3450 672 3520 ἡμῶν,
698 3451 788 3501 καί
812 3467 995 3520 φησιν,
1022 3452 1101 3503 ὅτι
1126 3452 1391 3503 Τοσοῦτον
1415 3454 1578 3518 ἐσμεν
1599 3451 1862 3518 ἀσθενεῖς,

300 3541 439 3593 ὥστε
478 3542 599 3594 οὺέἐ
623 3543 674 3593 τί
700 3543 778 3594 δεῖ
808 3541 1212 3610 προσεύξασθαι
1243 3542 1462 3610 ο.ὃαμεν
1485 3558 1498 3569 ·
1535 3543 1733 3605 πάντες
1757 3545 1864 3612 γὰρ

302 3636 402 3686 απ)
415 3635 506 3698 ὡς,
533 3635 621 3685 καὶ
655 3633 764 3701 ἐγὼ
783 3636 809 3685 6
833 3633 1060 3695 Παῦλος.
1089 3635 1196 3686 Καὶ
1213 3636 1318 3703 γὰρ
1337 3634 1494 3695 αὐτὸς
1521 3636 1864 3705 προσηύξατο

303 3745 366 3777 πε
381 3729 432 3795 ρ),
463 3725 555 3778 τοῦ
595 3727 876 3790 σκόλοπος,
911 3729 1003 3779 καὶ
1030 3729 1154 3793 περὶ
1193 3727 1284 3778 τοῦ
1334 3729 1412 3790 εἰς
1446 3726 1661 3797 Ῥώμην
1696 3729 1862 3781 ἀπελ-

303 3819 449 3869 θεῖν·
500 3820 591 3870 καὶ
641 3820 878 3886 Μωῦσῆς
933 3820 988 3869 δὲ
1031 3819 1156 3888 περὶ
1207 3818 1299 3870 τοῦ
1349 3819 1446 3886 τὴν
1499 3821 1862 3890 Παλαιστίνην

305 3909 464 3961 ἱδεῖν’
503 3910 596 3960 καὶ
643 3908 909 3979 Ἱερεμίας
939 3909 1077 3977 ὑπὲρ
1128 3909 1392 3960 Ἰουδαίων
1439 3910 1514 3941 ⁸³·
1549 3910 1862 3978 ἀγνοοῦντες

300 3998 361 4046 τὸ
383 3996 520 4048 δέον.
553 3996 735 4048 Ταῦτα
765 3997 822 4048 δὲ
853 3997 1001 4063 λέγει
1051 3996 1142 4048 νῦν
1173 4000 1198 4049 6
1236 3997 1464 4061 Παῦλος,
1502 4000 1690 4068 ἐπειδὴ
1719 4001 1862 4062 εἰκὸς

299 4081 366 4156 ἦν
401 4089 522 4149 τοῦς
553 4089 609 4140 ἐν
655 4087 839 4158 Ῥώμῃ
873 4087 1118 4153 πιστοὺς,
1152 4088 1517 4157 διωκομένους
1549 4094 1644 4144 καὶ
1684 4091 1861 4143 θλιϐο-

303 4180 520 4246 μένους,
553 4180 736 4231 ἄνεσιν
785 4181 980 4242 αἰτεῖν,
1018 4181 1108 4230 καὶ
1141 4181 1212 4248 μὴ
1256 4180 1648 4249 λαμϐάνοντας,
1701 4200 1862 4234 σκαν-

299 4268 627 4332 δαλίζεσθαι.
679 4271 960 4321 Δείκνυσιν
991 4269 1103 4333 οῦν,
1145 4271 1223 4321 ὅτι
1256 4272 1370 4322 Οὐκ
1395 4267 1500 4322 οίδὲ
1549 4288 1634 4333 τις
1689 4275 1860 4324 αἰτεῖν

296 4361 357 4414 τὸ
381 4362 678 4430 συμφέρον.
720 4361 992 4428 ὐφείλετε
1015 4357 1108 4413 οῦν
1135 4361 1424 4429 ὑπομένειν
1445 4379 1454 4388 ⁸
1475 4363 1534 4413 τὸ
1559 4361 1612 4413 δὲ
1638 4363 1859 4432 Πνεῦμα

301 4455 464 4520 μόνον
495 4448 624 4515 οίδε,
655 4452 707 4504 τί
740 4452 1010 4521 συμφέρει
1042 4453 1166 4520 ὑμῖν
1186 4468 1201 4482 ·
1233 4452 1312 4503 διὸ
1344 4453 1574 4520 ἐπάγει·

1984 1987 2165 2042 fuerit.
2201 2009 2217 2040 ι
2254 1989 2404 2053 Quod
2456 1992 2598 2043 enim
2653 1993 2934 2060 quiSqnam
2985 1998 3152 2062 videt,
3187 2001 3314 2066 quid
3371 2002 3551 2057 adhuc

1982 2079 2202 2144 sperat?
2238 2098 2255 2129 ι
2285 2079 2362 2132 Ne
2397 2081 2482 2133 hic
2515 2081 2679 2150 igitur
2713 2084 2764 2135 in
2794 2086 2954 2138 terris
2980 2090 3159 2141 omnia
3190 2093 3496 2157 qua-ramus
3527 2113 3540 2149 :

1988 2190 2006 2222 ι
2046 2171 2144 2224 Per
2173 2174 2485 2240 patientiam
2527 2193 2545 2225 ι
2599 2178 2742 2230 enim
2789 2178 2968 2233 futura
3024 2201 3040 2231 ι
3080 2196 3480 2252 exspectamus.
3523 2206 3540 2237 ι

1981 2261 2310 2316 Patientiam
2349 2276 2528 2319 autem
2563 2284 2686 2320 cum
2724 2272 3017 2335 auditoris,
3049 2277 3367 2341 certamina,
3400 2277 3548 2330 labo-

1983 2370 2068 2406 res
2112 2366 2163 2407 ct
2224 2357 2448 2410 sudores
2508 2359 2742 2427 intellige
2807 2362 3138 2418 denuntiari.
3202 2368 3548 2424 Christianus

1980 2447 2120 2498 enim
2151 2449 2418 2502 sustinere
2463 2451 2638 2513 debet,
2692 2464 3014 2520 ex-pectans
3054 2472 3114 2509 ca
3147 2474 3266 2526 qua:
3308 2477 3410 2514 non
3465 2464 3544 2515 \l-

1981 2539 2191 2598 dentur,
2230 2538 2321 2590 sed
2354 2553 2413 2590 ea
2440 2555 2557 2606 qua:
2588 2557 2681 2608 per
2714 2544 2869 2594 [idem
2903 2555 3208 2612 sperantur.

2054 2625 2210 2680 Vsus.
2235 2629 2324 2682 26.
2368 2647 2384 2679 ι
2431 2629 2694 2685 Similiter
2723 2643 2775 2685 et
2809 2633 3042 2702 Spit-ilus
3065 2638 3282 2706 adjuvat
3317 2640 3545 2695 inﬁrmi-

1981 2726 2145 2772 tatem
2183 2732 2450 2772 nostram.
2493 2740 2510 2772 ι
2549 2721 2829 2777 Ρςιιίιειιιίιε·
2855 2727 3120 2783 meminit.
3148 2730 3410 2786 Anitnaus
3440 2733 3540 2786 ita-

1977 2825 2081 2879 que
2112 2812 2437 2876 auditorem,
2473 2816 2570 2878 ait,
2600 2816 2743 2883 qUod
2785 2827 2838 2870 et
2863 2817 3098 2884 Spiritus
3132 2821 3286 2875 nobis
3311 2825 3542 2890 opitula-

1982 2913 2086 2957 tur.
2123 2903 2358 2959 Proinde
2406 2910 2677 2974 sperando
2719 2919 2774 2963 ct
2813 2913 3151 2973 sustinendo,
3181 2928 3250 2966 ne
3297 2915 3539 2972 fatiscas.

1976 2992 2109 3046 Nam
2147 2996 2240 3051 tibi
2284 2998 2454 3051 solam
2487 3013 2637 3067 spem
2668 3001 3059 3068 etpatientiam
3093 3002 3335 3060 aﬂerenti
3370 3004 3542 3078 Spiri-

1976 3094 2062 3140 tus
2093 3087 2408 3157 Opitulatur.

2045 3297 2063 3331 ι
2120 3278 2252 3333 Nam
2306 3283 2435 3351 quid
2466 3297 2680 3339 oremus
2709 3285 2856 3339 sicut
2887 3299 3121 3356 oportet,
3180 3292 3470 3348 nescimus.
3511 3313 3530 3348 ι

1978 3369 2228 3424 Ostendit
2268 3386 2506 3439 quanam
2545 3375 2756 3430 ratione
2789 3375 3027 3444 Spiritus
3064 3392 3347 3436 succurrat
3382 3386 3536 3439 intir-

1969 3460 2245 3514 mitatibus
2270 3464 2493 3528 nostris,
2526 3464 2804 3532 inquiens,
2831 3467 2977 3522 Adeo
3015 3485 3202 3525 sumus
3238 3475 3536 3531 imbecilles

1965 3567 2084 3615 nos,
2114 3562 2170 3604 ttt
2213 3553 2294 3605 vel
2342 3557 2468 3622 quid
2521 3571 2679 3610 orare
2715 3560 3027 3624 debeamus,
3068 3562 3375 3632 ignoremus
3410 3586 3424 3621 :
3480 3570 3533 3622 itt

1966 3642 2279 3698 universqu
2309 3659 2520 3708 omnes,
2551 3649 2792 3719 adeoque
2822 3667 2921 3720 ego
2943 3652 3164 3709 Paulus.
3196 3657 3330 3710 Nam
3361 3669 3417 3713 et
3446 3660 3534 3714 ille

1966 3744 2063 3797 pro
2098 3732 2320 3785 stimulo
2354 3736 2563 3800 orabat,
2600 3749 2765 3805 atque
2803 3752 2861 3793 ut
2892 3741 3113 3794 ltontam
3163 3748 3534 3810 proﬁciscere-

1966 3827 2052 3869 tur
2081 3836 2092 3871 :
2121 3817 2331 3889 Moyses
2379 3823 2528 3884 item,
2584 3837 2638 3877 ut
2671 3827 3010 3882 i’aiwstinaut
3042 3835 3218 3886 videat
3242 3835 3534 3892 :Jereutias

1966 3910 2091 3962 item
2122 3926 2218 3977 pro
2248 3912 2478 3978 .Iudaais;
2532 3919 2839 3984 ignorantes
2871 3923 2997 3990 quid
3044 3936 3403 3992 opportunum
3437 3945 3530 3983 seu

1967 4007 2328 4056 necessarium
2377 4019 2541 4060 esset.
2602 4009 2726 4064 lltec
2774 4028 2901 4066 vero
2952 4015 3063 4083 jam
3109 4018 3266 4071 divus
3338 4020 3532 4077 Paulus

1943 4085 2372 4159 'couunetttorat,
2396 4099 2535 4165 quod
2557 4101 2828 4156 versitnile
2858 4116 2994 4167 erat,
3021 4107 3208 4160 tideles
3225 4109 3315 4175 qui
3348 4107 3531 4163 Roma:

1964 4188 2430 4252 persecutionibus
2473 4198 2525 4241 et
2555 4190 2663 4258 62
2701 4189 3084 4249 afﬂictionibus
3119 4200 3527 4265 quatiebantur,

1963 4275 2320 4327 ceSsationem
2353 4291 2414 4328 ac
2449 4279 2687 4345 quietem
2725 4293 2910 4347 petere
2942 4300 2955 4336 :
2989 4292 3041 4335 et
3075 4300 3196 4337 cunt
3226 4303 3332 4339 non
3381 4304 3530 4342 asse-

1962 4377 2277 4432 quet'entur,
2328 4368 2663 4436 deSpondere
2710 4375 2950 4425 animum
3007 4387 3060 4428 et
3109 4378 3329 4432 otl'endi.
3366 4381 3530 4432 Com-

1964 4468 2232 4509 monstrat
2263 4458 2447 4526 igitur,
2472 4464 2612 4528 quod
2642 4477 2800 4517 nemo
2835 4467 3142 4519 mortalium
3179 4469 3306 4521 illud
3343 4482 3528 4537 petere

297 4547 440 4598 ποι-ιι
474 4549 613 4614 quod
648 4547 916 4614 expediat.
951 4545 1052 4597 Vos
1084 4547 1280 4612 itaque,
1310 4548 1576 4600 sustinere
1628 4546 1868 4606 debetis:
1939 4549 2088 4607 solus
2127 4562 2303 4604 autem
2353 4551 2586 4622 Spiritus
2619 4569 2948 4624 compertum
2985 4559 3142 4614 habet
3200 4563 3326 4630 quid
3376 4565 3527 4620 vobis

297 4639 489 4708 prosit.
521 4638 806 4706 Propterea
837 4636 999 4691 infert
1038 4657 1050 4691 :

376 4750 393 4782 ι
444 4729 582 4781 Ἀλλ’
635 4728 766 4781 αῦτδ
817 4729 878 4782 τὸ
938 4729 1162 4798 Πνεῦμα
1199 4730 1656 4803 ὑπερεντυγχάνει
1721 4736 1859 4808 ὑπὲρ
1894 4745 1936 4800 ι)

294 4822 452 4892 ἡμῶν
483 4820 801 4889 στεναγμοῖς
851 4818 1162 4887 ἀλαλήτοις.
1201 4838 1218 4869 ι
1275 4821 1483 4892 Ὠσπερ
1539 4824 1708 4877 πολλὰ
1755 4845 1854 4895 χα-

297 4915 544 4983 ρίσματα
577 4913 687 4972 τοῖς
748 4909 1163 4979 βαπτιζομένοις
1232 4910 1401 4964 ἐδίδου
1468 4915 1632 5005 πάλαι
1663 4918 1690 4968 6
1722 4917 1853 4981 Θεὸς

293 5006 392 5057 καὶ
419 5005 669 5072 διάφορα,
719 5003 753 5055 ἂ.
778 5003 842 5067 δὴ
875 5004 965 5054 καὶ
1003 5003 1288 5069 πνεύματα
1343 5003 1657 5072 ἐκαλοῦντο,
1706 5010 1796 5060 καὶ
1824 5011 1852 5061 6

297 5095 398 5164 μὲν
449 5090 560 5162 εἶχε
598 5091 934 5161 προφητείας
985 5091 1298 5160 χάρισμα,ὁ
1345 5091 1400 5142 δὲ
1451 5090 1662 5159 σοφίας,
1716 5097 1742 5147 ὁ
1797 5096 1852 5148 δὲ

293 5186 422 5237 ἄλλο
448 5199 536 5235 τι·
570 5181 714 5235 οῦτω
744 5181 839 5234 καὶ
872 5183 1116 5252 χάρισμα
1150 5180 1315 5249 εὐχῆς
1356 5181 1546 5248 ἐδίδου,
1591 5188 1681 5237 καὶ
1722 5188 1851 5238 αὐτὸ

293 5276 540 5328 ἐκαλεῖτο
586 5273 819 5342 πνεῦμα.
869 5273 1085 5342 Ἐπειδὴ
1133 5275 1241 5342 γὰρ
1286 5271 1452 5325 πολλὰ
1493 5275 1600 5327 τῶν
1647 5294 1852 5346 συμφε-

295 5369 502 5437 ρόντων
533 5367 667 5434 ἡμῖν
700 5364 1044 5434 ἀγνοοῦντες,
1071 5367 1140 5420 τὰ
1171 5367 1244 5437 μὴ
1278 5369 1623 5439 συμφέροντα
1673 5371 1854 5423 αἰτοῦ-

294 5475 416 5527 μεν,
448 5458 642 5526 ἤρχετο
678 5459 922 5526 χάρισμα
975 5457 1138 5526 εὐχῆς
1176 5461 1253 5520 είς
1291 5460 1383 5510 ἕνα
1419 5462 1541 5512 τινὰ
1569 5461 1674 5514 τῶν
1708 5463 1849 5526 τότε,

290 5565 323 5599 κ
347 5550 385 5597 t':
422 5547 479 5596 τὸ
532 5548 678 5615 κοινῇ
713 5540 1174 5617 συμςέροναῦτὸς
1205 5566 1262 5600 τε
1294 5551 1479 5602 ἵστατο
1525 5552 1707 5617 αἰτῶν,
1759 5555 1853 5604 καὶ

2047 4758 2064 4790 ι
2106 4738 2210 4793 Sed
2238 4738 2324 4791 ille
2353 4737 2465 4806 ipse
2499 4737 2734 4804 Spiritus
2772 4738 3074 4805 interpellat
3125 4753 3222 4807 pro
3249 4739 3402 4795 uobis
3433 4759 3525 4811 ge-

1963 4829 2184 4882 mitibus
2234 4827 2702 4881 inenarrabilibus.
2763 4846 2779 4878 l
2839 4830 3297 4893 Quemadmodum
3359 4834 3521 4887 multa

1960 4921 2097 4972 dona
2128 4934 2333 4972 necnon
2386 4919 2594 4970 diversa
2628 4918 2914 4984 baptizatis
2955 4921 3119 4975 dabat
3171 4923 3296 4975 olim
3351 4924 3515 4989 Deus,

1960 5025 2078 5077 qua:
2129 5020 2180 5062 et
2235 5010 2348 5076 ipsa
2400 5009 2628 5075 spiritus
2671 5010 3099 5077 appellabantur,
3132 5023 3186 5065 et
3217 5013 3354 5066 alius
3396 5016 3519 5082 qui-

1960 5102 2077 5152 dem
2127 5101 2354 5152 habebat
2404 5101 2700 5166 prophetia:
2757 5102 2980 5165 donum,
3023 5104 3162 5155 alius
3210 5105 3508 5170 sapientia),

1957 5195 2093 5247 alius
2133 5194 2399 5262 quoddam
2444 5194 2586 5246 aliud
2640 5211 2652 5246 :
2710 5195 2849 5247 hunc
2915 5197 2978 5245 ad
3038 5196 3251 5246 modum
3316 5197 3516 5248 donum

1957 5286 2218 5339 orationis
2267 5287 2634 5353 impertiebat,
2691 5285 2834 5353 quod
2884 5297 2936 5337 et
2992 5287 3162 5353 ipsum
3224 5289 3514 5339 vocabatur

1957 5379 2197 5446 Spit-itus.
2256 5377 2388 5430 Cum
2449 5381 2590 5431 enim
2667 5381 2918 5446 pleraque
2974 5393 3161 5431 eorum
3241 5393 3359 5447 qua;
3418 5392 3514 5430 n0-

1959 5467 2038 5518 bis
2080 5468 2283 5535 prosint
2328 5469 2675 5534 ignorantes,
2716 5469 2924 5520 inutilia
2979 5479 3314 5534 peteremus,
3358 5481 3513 5519 acce-

1962 5559 2114 5609 debat
2146 5559 2404 5611 orationis
2431 5559 2696 5612 charisma
2719 5556 2805 5609 uui
2836 5560 3046 5611 cuidam
3081 5571 3264 5612 eorum
3290 5555 3513 5625 quitum

1612 5689 1803 5749 Varia!
1858 5688 2181 5754 lectiones.

362 5811 406 5836 νλ
449 5809 584 5872 ὑπὲρ
624 5807 880 5868 Ἰουδαίας
908 5825 981 5860 ut.
