4286 6444
745 383 771 436 4
786 382 847 443 51
1630 382 2212 443 THEOPHYLACTI
2257 382 2671 447 BULGARUE
2708 389 3059 452 ARCIIIEP.

3866 398 3972 462 43?.

747 502 1026 561 vixerunt,
1060 506 1112 551 et
1147 497 1291 565 quod
1319 497 1682 551 con-munitet
1714 500 1971 552 omnibus
2000 498 2316 555 conferebat
2344 508 2384 561 Α
2416 518 2439 553 τ

2298 509 2316 551 ι
2344 508 2384 561 Α
2416 503 2546 563 τοὺς
2573 502 2766 567 ἄλλους
2784 505 3064 558 ἐδίδασκεν
3084 506 3277 561 αἰτεῖν.
3298 507 3523 579 Πνεῦμα
3549 510 3729 565 τοίνυν
3751 513 3984 569 ἐνταῦθα

747 590 862 657 ipse
892 599 1040 642 Stans
1091 589 1437 657 precabatur,
1483 587 1727 655 aliosque
1754 589 1805 642 id
1844 598 2028 658 petere
2061 590 2308 642 docebat.

750 680 1008 747 Spiritum
1068 679 1234 748 igitur
1268 679 1356 733 hic
1408 685 1564 731 vocat
1617 678 1928 748 hnjnsmodi
1979 681 2199 742 donum,
2258 686 2312 731 et

747 771 985 823 animam
1029 771 1378 838 recipientem
1413 770 1741 837 precationis
1792 770 2012 833 donum,
2050 785 2112 823 ac
2141 769 2309 822 inter-

748 863 1034 928 pellantem
1098 861 1235 928 apud
1310 860 1475 913 Deum
1535 859 2109 928 ingemiscentemque.
2175 857 2309 911 N.un

751 970 942 1021 magna
992 970 1112 1006 cum
1169 954 1585 1020 compunctione
1641 951 1818 1005 stabat
1877 951 2173 1021 spiritUaIis
2228 953 2313 1006 ille

753 1048 934 1105 homo,
967 1055 1021 1097 et
1065 1044 1248 1096 multis
1279 1044 1615 1113 gemitibus:
1662 1044 1816 1110 cujus
1861 1043 2122 1111 hodieque
2167 1058 2314 1111 sym-

748 1137 928 1190 bolum
980 1143 1066 1189 est
1106 1136 1386 1199 diaconus,
1420 1146 1588 1199 stans,
1633 1135 2021 1204 intentansque
2048 1136 2315 1205 supplica-

748 1231 921 1280 tiones
951 1244 1047 1296 pro
1082 1229 1277 1297 p0pulo
1307 1227 1611 1281 ellundens.

820 1321 981 1373 Vens.
1048 1321 1138 1373 27.
1198 1339 1216 1370 r
1255 1319 1353 1384 Qui
1422 1330 1601 1372 autem
1659 1328 1935 1373 scrutatur
1972 1320 2154 1383 corda,
2212 1319 2315 1373 scit

744 1412 872 1479 quid
923 1412 1192 1463 desideret
1233 1410 1487 1476 Spiritus,
1522 1409 1611 1477 qui
1666 1409 1962 1463 secundum
2018 1408 2183 1462 Deum
2217 1424 2311 1476 p0-

746 1504 908 1555 stutat
946 1516 1041 1568 pro
1076 1502 1305 1554 sanctis.
1344 1519 1361 1551 »
1393 1500 1506 1553 Νοιι
1533 1500 1699 1553 veluti
1727 1502 2005 1569 ignorante
2028 1502 2136 1554 Deo
2165 1513 2314 1554 stans

745 1605 998 1661 precatur
1034 1594 1194 1646 homo
1219 1594 1232 1646 i
1263 1592 1329 1645 le.
1357 1592 1456 1657 Qui
1484 1593 1624 1645 enim
1656 1601 1933 1644 scrutatur
1955 1593 2140 1654 corda,
2169 1593 2315 1646 novit

747 1687 867 1753 quis
902 1687 971 1739 sit
1004 1700 1195 1739 sensus
1221 1685 1461 1751 spiritus,
1522 1682 1571 1735 id
1600 1692 1685 1734 est
1731 1682 2029 1750 spiritualis
2055 1683 2313 1738 hominis.

745 1776 879 1830 Nam
920 1793 1039 1844 qua:
1074 1776 1183 1828 Deo
1215 1786 1367 1844 grata
1398 1784 1543 1839 sunt,
1579 1790 1641 1828 ea
1678 1774 1913 1842 postulat
1963 1789 2062 1844 pro
2114 1774 2179 1828 iis
2222 1774 2312 1841 qui

746 1878 870 1921 sunt
943 1869 997 1920 in
1052 1867 1290 1921 Ecclesia
1339 1866 1577 1920 ﬁdeles:

744 1964 919 2028 Atque
955 1962 1056 2014 hoc
1107 1960 1184 2023 lit,
1221 1968 1279 2010 ut
1313 1974 1410 2012 nos
1460 1958 1733 2012 discamus
1779 1966 1963 2023 petere
2021 1958 2317 2011 secundum

748 2053 940 2116 Deum,
969 2051 1082 2107 sive
1118 2066 1235 2120 quae
1267 2049 1377 2103 Deo
1424 2050 1690 2119 placeant.
1718 2045 1853 2112 Quia
1882 2044 2045 2116 igitur
2082 2042 2319 2114 Spiritus

752 2143 1043 2198 intercedit
1073 2158 1171 2212 pro
1212 2143 1387 2205 nobis,
1431 2156 1500 2195 ne
1531 2140 1868 2209 desiiondeas
1896 2138 2137 2192 animum
2166 2138 2319 2208 quis-

752 2236 878 2305 quis
913 2251 973 2289 cs
1009 2236 1099 2299 qui
1127 2233 1417 2288 aﬂlictione
1442 2234 1727 2300 premeris.

822 2324 986 2379 Vens.
1008 2325 1098 2379 28.
1125 2344 1142 2377 ι
1176 2324 1392 2379 Scimus
1414 2333 1588 2376 autem
1616 2323 1756 2392 quod
1774 2321 2121 2392 diligentibus
2148 2322 2313 2376 Deum

745 2421 930 2477 omnia
963 2427 1325 2486 cooperantur
1374 2416 1426 2467 in
1472 2416 1691 2476 bonum,
1753 2414 1819 2466 iis
1871 2413 1961 2482 qui
2014 2414 2312 2467 secundum

746 2512 1084 2582 pr0positum
1111 2508 1288 2563 vocati
1331 2515 1477 2559 sunt.
1520 2524 1538 2556 ι
1576 2507 1703 2569 Quae
1734 2503 1844 2571 jam
1881 2516 2039 2557 antea
2081 2518 2317 2558 comme—

750 2610 959 2659 morata
996 2609 1145 2667 sunt,
1185 2611 1401 2671 nctrpe,
1452 2600 1593 2666 quod
1649 2606 1900 2649 creatura
1941 2595 2185 2665 subjecta
2233 2592 2335 2649 cst'

670 2703 704 2758 ᾗ
745 2697 975 2752 vanitati
1008 2713 1022 2748 ε
1052 2696 1303 2763 quodque
1352 2687 1922 2757 incorruptibilitatem
1981 2687 2051 2739 sit
2102 2701 2314 2740 assum-

748 2803 908 2862 ptura
945 2807 960 2843 :
1001 2799 1057 2842 et
1106 2788 1327 2849 iterum,
1364 2782 1501 2849 Quid
1538 2797 1697 2836 orare
1733 2778 2050 2839 debeamus,
2100 2778 2317 2846 ignora-

748 2897 872 2937 mus
901 2899 916 2935 :
943 2878 1348 2935 admonitiones
1379 2885 1535 2929 erant
1566 2873 1632 2926 iis
1675 2872 1764 2939 qui
1796 2872 1978 2924 Romae
2010 2867 2317 2938 amigvban-

749 2987 859 3037 tur,
908 2971 1065 3026 sicuti
1118 2967 1521 3023 annotavimus.
1573 2963 1701 3029 Quae
1759 2977 1883 3016 vero
1934 2977 2076 3013 nunc
2113 2959 2311 3023 subdit,

747 3063 990 3119 omnium
1035 3072 1161 3114 sunt
1208 3056 1672 3112 manifestissima.
1702 3054 1835 3107 Nam
1890 3071 1907 3103 ι
1970 3051 2315 3120 diligentibus

2415 590 2570 644 καλεῖ
2600 594 2659 643 τὸ
2699 594 2969 662 χάρισμα,
3003 596 3099 649 καὶ
3128 598 3226 667 τὴν
3255 597 3555 672 ψυχὴν-τὴν
3592 601 3888 673 δεχομένην
3921 608 3984 659 τὸ

2415 682 2664 751 χάρισμα
2689 684 2785 752 τῆς
2821 685 3008 753 εὐχῆς,
3047 688 3140 738 καὶ
3166 689 3599 759 ἐντυγχάνουσαν
3623 710 3701 762 τῳ
3743 694 3861 764 Θεῷ
3886 697 3983 748 καὶ

2417 774 2802 835 στενάζουσαν.
2832 778 2986 829 Μετὰ
3011 776 3117 846 γάρ
3168 779 3369 849 πολλῆς
3410 784 3758 848 κατανύξεως
3799 787 3985 839 ἵστατο

2414 867 2441 917 ὁ
2484 866 2855 933 πνευματικὸς
2908 867 3197 937 ἄνθρωπος
3229 872 3454 937 ἐκεῖνος,
3488 876 3583 927 καὶ
3621 877 3827 929 πολλῶν
3858 895 3981 930 στε-

2416 956 2674 1025 ναγμῶν·
2724 952 2785 1011 οῦ
2837 958 2933 1010 καὶ
2974 959 3069 1010 νῦν
3109 960 3378 1027 σύμϐολόν
3430 965 3577 1017 ἐστιν
3638 967 3666 1018 ὀ
3715 968 3978 1030 διάκονος,

2418 1047 2723 1118 ἱστάμενος,
2753 1050 2844 1103 καὶ
2873 1050 2968 1113 τὰς
2994 1051 3236 1115 ἐκτενεῖς
3264 1052 3473 1123 δεήσεις
3494 1055 3815 1126 ποιούμενος
3837 1058 3978 1127 ὑπὲρ

2414 1136 2509 1190 τοῦ
2539 1137 2688 1193 λαοῦ.

2496 1326 2514 1360 ι
2560 1310 2618 1362 ὐ
2649 1310 2706 1363 δὲ
2730 1312 2968 1382 ἐρευνῶν
2993 1314 3093 1375 τὰς
3129 1313 3377 1383 καρδίας,
3404 1310 3513 1367 οἶδε
3551 1315 3603 1367 τί
3632 1316 3691 1369 τὸ
3727 1319 3982 1389 φρόνημα

2414 1399 2507 1452 τοῦ
2553 1401 2889 1470 Πνεῦματος,
2958 1404 3040 1456 ὅτι
3087 1406 3227 1458 κατὰ
3279 1406 3412 1459 Θεὸν
3466 1408 3783 1477 ἐντυγχάνει
3843 1411 3983 1481 ὑπὲρ

2419 1492 2608 1561 ἁγίων.
2640 1511 2657 1543 ι
2689 1494 2800 1563 Οὐχ
2825 1495 2899 1557 ὡς
2923 1494 3265 1563 ἀγνοοῦντος,
3288 1498 3443 1567 φησὶ,
3472 1497 3563 1552 τοῦ
3583 1499 3738 1565 Θεοῦ,
3771 1501 3983 1555 ἵσταται

2416 1586 2444 1636 ὁ
2473 1584 2754 1654 ἄνθρωπος
2782 1588 2967 1639 αἰτῶν.
2996 1606 3013 1638 ι
3054 1587 3112 1640 Ὀ
3156 1588 3264 1658 γὰρ
3309 1590 3543 1659 ἐρευνῶν
3608 1591 3705 1652 τὰς
3757 1591 3984 1662 καρδίας

2418 1672 2523 1729 οἶδε
2556 1676 2607 1729 τί
2654 1678 2715 1729 τὸ
2753 1678 3007 1747 φρόνημα
3030 1680 3120 1732 τοῦ
3146 1679 3481 1749 Πνεῦματος,
3515 1699 3535 1733 ι
3584 1683 3849 1747 τουτέστι,
3890 1683 3983 1735 τοῦ

2420 1770 2793 1836 πνευματικοῦ
2848 1769 3171 1837 ὁινθριὶνπμου⁹
3213 1773 3295 1824 ὅτι
3336 1772 3405 1824 τά
3434 1772 3690 1827 δοκοῦντα
3736 1775 3812 1843 τῷ
3842 1773 3982 1843 Θεῷ,

1642 1866 1694 1918 hi
1744 1865 1911 1930 enim,
1957 1884 1974 1915 (
2044 1864 2238 1919 εωιειί,
2292 1882 2311 1915 ι
2350 1839 2391 1895 Β
2422 1858 2605 1909 ἐκεῖνα
2641 1860 2785 1910 αἰτεῖ
2814 1858 2953 1926 ὑπὲρ
2994 1859 3101 1911 τῶν
3141 1861 3198 1910 ἐν
3231 1863 3297 1930 τῇ

2292 1882 2311 1915 ι
2350 1839 2391 1895 Β
2422 1858 2605 1909 ἐκεῖνα
2641 1860 2785 1910 αἰτεῖ
2814 1858 2953 1926 ὑπὲρ
2994 1859 3101 1911 τῶν
3141 1861 3198 1910 ἐν
3231 1863 3297 1930 τῇ
3340 1860 3636 1932 Ἐκκλησία
3661 1864 3706 1895 ⁹⁹
3734 1863 3943 1916 πιστῶν
3968 1880 3981 1893 ·

2419 1944 2564 2003 οὗτοι
2589 1952 2697 2020 γὰρ
2734 1968 2753 2001 ι
2801 1955 2848 2004 οἰ
2875 1952 3040 2019 ἆγιοι.
3077 1972 3096 2004 ι
3127 1954 3341 2007 Γίνεται
3364 1955 3421 2008 δὲ
3450 1956 3632 2019 τοῦτο,
3686 1959 3774 2011 ἵνα
3821 1960 3985 2029 ἡμεῖς

2423 2042 2782 2111 μανθάνωμεν
2799 2045 2968 2096 αἰτεῖν
2987 2046 3127 2097 κατὰ
3143 2046 3295 2110 Θεὸν,
3316 2047 3484 2116 ἤγουν
3501 2048 3575 2101 τᾶ
3589 2050 3894 2119 ἀρέσκοντα
3909 2050 3987 2118 τῷ

2420 2134 2562 2203 Θεῷ.
2617 2134 2771 2186 Ἐπεὶ
2799 2131 2892 2187 οῦν
2917 2135 2977 2187 τὸ
3009 2135 3233 2206 Πνεῦμα
3275 2138 3415 2209 ὑπὲρ
3446 2139 3603 2209 ὴμῶν
3647 2141 3986 2211 ἐντυγχάνει,

2422 2226 2497 2295 μὴ
2535 2224 2728 2291 λυποῦ,
2759 2229 2787 2278 ὀ
2828 2225 3165 2294 θλιϐόμενος.

2496 2334 2514 2367 ι
2551 2316 2789 2385 Οἴδαμεν
2828 2317 2884 2368 δὲ
2931 2318 3009 2369 ὅτι
3040 2320 3152 2380 τοῖς
3185 2318 3440 2385 ἀγαπῶσι
3486 2319 3576 2374 τὸν
3628 2319 3781 2385 Θεὸν,
3807 2322 3989 2378 πάντα

2421 2410 2679 2475 συνεργεῖ
2710 2409 2788 2469 εἰς
2824 2408 2839 2436 ¹
2870 2407 2929 2459 τὸ
2959 2408 3183 2474 ἀγαθὸν,
3221 2414 3333 2471 τοῖς
3374 2410 3514 2464 κατὰ
3547 2411 3806 2483 πρόθεσιν
3852 2414 3989 2481 κλη-

2419 2502 2528 2559 τοῖς
2548 2495 2716 2551 οῦσιν.
2746 2517 2764 2549 ι
2792 2500 2896 2551 Καὶ
2927 2499 2994 2551 τὰ
3034 2499 3295 2569 πρότερον
3323 2501 3421 2571 μὲν
3444 2502 3729 2572 εἰρημένα,
3749 2505 3809 2557 ὅτ
3835 2523 3853 2555 ι
3915 2505 3983 2556 'H

2419 2590 2594 2651 κτίσις
2620 2588 2861 2656 ὑπετάγη
2894 2590 2960 2655 τῇ
3008 2590 3362 2659 ματαιότητιο
3408 2608 3427 2641 ι
3465 2593 3578 2657 καὶ,
3612 2593 3694 2645 ὅτι
3720 2593 3991 2661 ἀφθαρτι-

2418 2682 2674 2749 σθήσεται
2696 2697 2708 2710 ’
2731 2681 2825 2734 καὶ⁹
2845 2680 2994 2743 αὖθις
3020 2681 3102 2743 τὸ,
3133 2700 3150 2735 ι
3190 2682 3253 2733 Τί
3279 2682 3689 2751 προσευξόμεθα
3720 2685 3819 2737 οὐκ
3845 2685 3996 2736 οῖδα..

2420 2791 2541 2843 μεν,
2587 2792 2607 2826 ι
2648 2776 2993 2842 παραινέσεις
3016 2774 3156 2837 τινὲς
3184 2770 3322 2844 ἦσαν
3347 2779 3458 2839 τοῖς
3493 2776 3550 2827 ἐν
3585 2776 3772 2849 Ῥώμῃ
3792 2794 3992 2830 κακου-

2418 2866 2704 2936 χουμένοις
2733 2867 2807 2930 ὼς
2839 2868 3421 2939 παρεσημειωσάμεθα
3443 2884 3457 2899 ⁸
3483 2868 3552 2922 τά
3596 2869 3655 2921 δέ
3679 2870 3795 2934 νῦν,
3831 2886 3992 2937 φανε-

2420 2956 2638 3027 ρώτατα
2682 2958 2722 3012 ¹.
2771 2976 2788 3009 ι
2846 2959 2969 3021 Τοῖς
3004 2958 3113 3028 γὰρ
3141 2959 3393 3027 ἀγαπῶσι
3425 2958 3516 3011 τὸν
3544 2959 3696 3027 Θεὸν,
3732 2961 3931 3022 πάντα,
3964 2977 3983 3011 ι

2418 3052 2512 3103 καὶ
2555 3051 2625 3102 τὰ
2672 3050 2932 3104 δοκοῦντα
2963 3051 3199 3121 δυσχερῆ
3252 3052 3346 3104 καὶ
3393 3050 3639 3122 θλιὸερὰ,
3676 3070 3695 3103 ι
3735 3054 3994 3122 συνεργεῖ

750 3154 946 3219 Deum,
977 3153 1184 3216 omnia,
1228 3168 1246 3200 ›
1300 3145 1647 3217 quantumvis
1713 3148 1878 3197 ardua
1928 3144 2211 3195 videantur
2260 3153 2314 3196 et
2347 3166 2389 3222 ο
2430 3164 2442 3197 ε

2298 3153 2314 3193 ι
2347 3166 2389 3222 C
2430 3148 2507 3209 εἰς
2539 3145 2599 3197 τὸ
2630 3146 2853 3212 ἀγαθόν.
2892 3164 2912 3198 ι
2951 3148 3066 3199 (tux
3112 3144 3231 3197 εἷπε
3270 3146 3345 3211 δέ,
3379 3148 3460 3199 ὅτι
3502 3147 3654 3199 οὐδὲν
3692 3147 3989 3216 ἐπέρχεται

748 3258 962 3319 aspera,
995 3260 1013 3293 ι
1048 3243 1099 3295 in
1126 3243 1322 3295 bonum
1352 3247 1734 3308 cooperantur.
1764 3255 1781 3286 ι
1813 3236 1929 3289 Non
1956 3236 2089 3289 dixit
2114 3246 2315 3297 autem,

748 3336 892 3405 quod
920 3334 1051 3389 nihil
1085 3334 1260 3397 triste,
1295 3331 1495 3385 uibilve
1527 3328 1745 3383 dilIicile
1778 3328 1994 3381 invadat
2021 3328 2310 3394 diligentes

751 3428 951 3490 Deum,
1016 3427 1131 3489 sed,
1183 3425 1323 3492 quod
1376 3422 1630 3475 invadant
1676 3420 1916 3486 quidem,
1970 3433 2155 3470 verum
2199 3418 2317 3471 istis

753 3518 912 3571 malis
940 3525 993 3569 et
1034 3513 1414 3567 alniCIionibtts
1452 3510 1590 3563 Deus
1634 3510 1687 3563 in
1715 3509 2054 3562 commodum
2093 3509 2314 3559 :tlilictn-

751 3621 868 3659 rum
906 3604 1093 3657 utitur.
1124 3602 1346 3663 Deinde,
1369 3600 1491 3668 quia
1531 3599 1633 3652 hoc
1664 3597 1980 3650 incredibile
2009 3598 2313 3661 videbatur,

750 3711 777 3747 a
812 3694 1099 3765 praeteritis
1135 3692 1236 3745 hoc
1288 3689 1515 3752 stabilit,
1568 3687 1869 3756 inquiens:
1915 3704 1933 3735 ι
1979 3686 2046 3740 lis
2084 3685 2175 3754 qui
2226 3701 2313 3739 se-

753 3789 985 3841 cundum
1024 3783 1359 3853 propositum
1410 3780 1588 3834 vocati
1622 3787 1765 3832 sunt.
1806 3796 1825 3829 ι
1863 3775 2071 3829 Etenim
2104 3776 2316 3828 vocavit

753 3888 827 3940 te,
852 3878 1041 3943 inquit,
1062 3891 1184 3929 cum
1216 3873 1370 3940 longe
1389 3872 1630 3932 abesses,
1651 3870 1861 3937 sibique
1892 3877 1940 3920 te
1960 3867 2315 3935 pr0,2inquum

754 3968 903 4029 fecit,
930 3978 979 4021 ct
1018 3983 1122 4022 non
1171 3964 1342 4019 multo
1382 3963 1553 4029 magis
1580 3959 1688 4030 63
1729 3971 1919 4014 vocato
1952 3975 2106 4026 Opem
2140 3958 2312 4010 feret?

748 4062 982 4114 Vocatus
1003 4068 1085 4112 est
1108 4066 1284 4110 autem
1320 4056 1481 4108 homo
1511 4071 1530 4104 ‹
1572 4054 1865 4107 secundum
1897 4049 2248 4118 propositum,
2284 4068 2302 4099 ι

749 4154 851 4206 hoc
874 4162 958 4205 est
988 4149 1281 4205 secundum
1320 4145 1589 4213 propriam
1626 4144 1974 4198 voluntatem.
2011 4139 2127 4194 Non
2161 4142 2305 4194 enim

2419 3236 2588 3290 δεινὸν
2615 3238 2725 3299 τοῖς
2766 3235 3022 3302 ἀγαπῶσι
3050 3236 3139 3287 τὸν
3184 3235 3337 3298 Θεὸν,
3369 3235 3486 3290 ἀλλ’
3529 3236 3610 3288 ὅτι
3652 3235 3829 3289 ἔπεισι
3866 3236 3987 3306 μὲν,

2418 3328 2558 3380 ἀλλὰ
2586 3328 2723 3396 πρὸς
2764 3328 2824 3379 τὸ
2859 3327 3142 3395 συμφέρον
3172 3326 3281 3378 τῶν
3311 3328 3766 3395 κακουχουμένων
3792 3327 3994 3396 κέχρη-

2424 3436 2515 3470 ται
2548 3420 2574 3469 ὁ
2605 3417 2736 3479 Θεὸς
2769 3420 2879 3479 τοῖς
2911 3417 3122 3480 δεινοῖς.
3152 3413 3305 3481 Εἶτα,
3338 3418 3526 3486 ἐπειδὴ
3557 3420 3783 3471 ἄπιστον
3814 3419 3992 3471 ἐδόκει

2420 3508 2601 3567 τοῦτο,
2632 3507 2739 3559 ἀπὸ
2764 3507 2870 3557 τῶν
2903 3507 3281 3574 παρελθόντων
3336 3507 3542 3575 βεϐαιοῖ
3590 3508 3742 3569 αὖτδν
3775 3506 3955 3574 λέγων
3976 3526 3989 3539 ’

2422 3618 2439 3650 ι
2483 3599 2603 3660 Τοῖς
2660 3598 2799 3650 κατὰ
2848 3598 3101 3667 πρόθεσιν
3145 3598 3379 3667 κλητοῖς.
3416 3616 3433 3648 ι
3470 3600 3577 3650 Καὶ
3620 3599 3727 3666 γὰρ
3763 3598 3993 3650 ἐκάλεσέ

2420 3708 2503 3752 σε,
2537 3692 2693 3761 φησὶ,
2741 3692 2958 3759 μακράν
3008 3691 3161 3751 ὄντα,
3220 3692 3312 3743 καὶ
3363 3690 3560 3742 οἰκεῖόν
3604 3705 3664 3742 σε
3707 3688 3949 3757 ἐποίησε
3978 3706 3990 3719 ·

2420 3783 2514 3832 καὶ
2539 3782 2688 3849 πόσῳ
2712 3780 2910 3848 μᾶλλον
2932 3778 3222 3845 κληθέντος
3246 3778 3345 3831 οῦκ
3365 3776 3754 3847 ἀντιλήψεται;
3778 3775 3994 3845 κλητὸς

2422 3873 2479 3925 δέ
2512 3873 2723 3939 γίνεται
2756 3871 3043 3940 ἄνθρωπος
3074 3870 3216 3921 κατὰ
3249 3868 3531 3939 πρόθεσιν,
3562 3868 3832 3931 τουτέστι,
3866 3863 3992 3918 κατ’

2421 3964 2629 4016 οἰκείαν
2657 3963 2996 4032 προαίρεσιν.
3028 3962 3143 4014 Οὐκ
3189 3962 3350 4031 ἀρκεῖ
3373 3960 3481 4029 γὰρ
3510 3961 3543 4029 ἡ
3580 3958 3770 4027 κλῆσις
3810 3957 3828 4025 (
3870 3956 3993 4007 ἐπεὶ

2424 4056 2631 4116 πάντες
2660 4054 2726 4105 ἂν
2752 4052 3035 4121 ἐσώθησαν
3060 4066 3075 4081 ο
3112 4053 3315 4113 πάντες
3338 4051 3445 4119 γὰρ
3471 4046 3827 4118 ἐκλήθησαν),
3854 4046 3992 4099 ἀλλὰ

2414 4142 2573 4211 χρεία
2601 4142 2694 4195 καὶ
2719 4141 2818 4209 τῆς
2848 4140 3243 4212 προαιρέσεως.

744 4243 939 4300 sumcit
979 4242 1185 4295 vocatio
1244 4236 1506 4308 (aliaquin
1539 4250 1731 4290 oumes
1755 4234 1953 4293 servati
1980 4242 2185 4297 essent,
2256 4233 2521 4301 siquidem
2581 4242 2638 4288 et
2670 4248 2858 4289 omnes
2897 4243 3024 4288 sunt
3054 4228 3278 4299 vocati),
3307 4242 3496 4283 verum
3520 4227 3683 4283 etiam
3710 4225 3991 4280 voluntate

742 4354 876 4409 Opus
906 4345 1009 4390 est.

818 4428 980 4482 Vens.
1013 4426 1103 4491 29,
1125 4426 1211 4480 30.
1251 4443 1269 4476 ι
1305 4424 1435 4478 Nam
1461 4438 1593 4493 quos
1620 4423 1913 4492 praescivit,
1940 4432 1993 4475 et
2025 4422 2319 4490 praedesti-
2353 4425 2397 4481 ι)

746 4523 891 4575 navit
926 4519 1229 4573 cuniormes
1272 4518 1384 4571 ﬁeri
1435 4517 1651 4586 imagini
1684 4516 1800 4569 Filii
1839 4516 1947 4580 sui,
1996 4525 2054 4568 ut
2094 4517 2163 4568 sit
2202 4515 2314 4583 ipse

747 4609 1134 4682 pritnogcuitus
1168 4608 1221 4659 in
1255 4607 1434 4659 multis
1469 4604 1743 4658 fratribus.
1780 4603 1925 4668 Quos
1966 4613 2144 4656 autem
2175 4618 2313 4671 pra:-

747 4703 1067 4761 destinavit,
1100 4699 1199 4752 hos
1238 4707 1290 4751 et
1322 4697 1552 4751 vocavit.
1594 4715 1613 4748 ι
1646 4697 1867 4749 Ρτωεοίι
1908 4694 2049 4749 Deus
2073 4705 2181 4747 eos
2221 4693 2315 4761 qui

748 4794 1027 4849 vocatione
1054 4790 1198 4858 digni
1231 4795 1377 4853 sunt,
1409 4786 1597 4841 deinde
1632 4786 1997 4855 praadestinat.
2032 4783 2185 4839 Prior
2218 4784 2319 4836 ita-

744 4900 848 4955 que
880 4893 960 4937 est
993 4880 1347 4952 priescientia,
1387 4886 1568 4947 postea
1614 4878 1859 4946 sequitur
1889 4875 2310 4944 pmdestinatio.

743 4974 1273 5030 Prmdestinationem
1300 4982 1475 5024 autem
1509 4968 1792 5036 intelliges,
1822 4965 2311 5035 imperumtabilem

747 5068 837 5121 Dei
879 5066 1074 5120 bonam
1129 5061 1476 5117 voluntatem.
1528 5058 1798 5114 Promovit
1854 5057 2034 5126 itaque
2086 5055 2311 5110 Paulum

748 5155 1023 5210 vocatione
1050 5151 1321 5221 Evangelii
1346 5152 1560 5219 dignum
1585 5164 1721 5209 esse.
1749 5150 1935 5219 sicque
1962 5148 2315 5217 praedestina-

748 5246 858 5307 vit,
907 5242 1009 5296 hoc
1046 5250 1130 5294 est
1196 5238 1700 5309 impermutabiliter
1744 5238 2002 5303 decrevit,
2074 5239 2315 5305 adeoque

748 5335 1149 5388 statuitvocare
1194 5333 1393 5401 ipsum.
1426 5328 1747 5383 Conformcs
1790 5329 1951 5398 igitur
1978 5326 2137 5382 edicit
2181 5329 2318 5379 ima-

748 5430 854 5497 gini
897 5425 1050 5493 Filii,
1089 5442 1223 5496 quos
1254 5425 1543 5495 prmnoscit
1572 5426 1782 5492 dignos.
1817 5424 1965 5490 Quod
1995 5426 2136 5476 enim
2187 5422 2322 5476 Uni-

749 5520 959 5588 geuitus
999 5529 1079 5574 est
1106 5519 1394 5573 secundum
1426 5525 1674 5569 naturam
1706 5554 1721 5581 ,
1767 5516 1866 5569 hoc
1907 5516 2003 5582 ipsi
2037 5513 2161 5566 l'aeti
2195 5518 2323 5566 sunt

2505 4440 2523 4472 ‹
2562 4422 2685 4473 ’ὐτι
2734 4416 2826 4481 οὓς
2868 4416 3141 4488 προέγνω,
3175 4414 3268 4468 καὶ
3318 4412 3590 4483 προώρισε
3632 4409 3991 4480 συμμόρφους

2414 4514 2519 4583 τῆς
2554 4512 2760 4573 εἰκόνος
2820 4507 2915 4561 τοῦ
2964 4506 3093 4560 Υἰοῦ
3145 4504 3335 4567 αὑτοῦ,
3389 4505 3471 4566 εἰς
3518 4505 3579 4555 τὸ
3635 4499 3776 4554 εἶναι
3826 4504 3992 4555 αὑτὸν

2422 4603 2768 4675 πρωτότοκον
2798 4603 2856 4653 ἐν
2904 4598 3119 4660 πολλοῖς
3152 4597 3422 4664 ἀδελφοῖς.
3455 4592 3560 4655 Οὓς
3590 4592 3646 4645 δὲ
3687 4590 3990 4661 προώρισε,

2419 4694 2644 4756 τούτους
2689 4696 2783 4745 καὶ
2816 4691 3063 4747 ἐκάλεσε.
3120 4708 3139 4742 ι
3176 4685 3550 4757 Προγινώσκει
3584 4683 3603 4714 ³
3637 4686 3664 4735 ὀ
3694 4682 3826 4743 Θεὸς
3866 4687 3992 4746 τοὶς

2422 4785 2606 4850 ἀξίους
2633 4786 2731 4852 τῆς
2763 4781 3028 4850 κλήσεως,
3063 4774 3163 4831 εἶθ’
3194 4775 3370 4839 οὕτως
3404 4774 3704 4844 προορίζει.
3740 4774 3993 4841 Προτέρα

2421 4874 2514 4930 οὖν
2543 4878 2576 4945 ὴ
2610 4876 2934 4945 πρόγνωσις,
2972 4868 3091 4923 εἷτα
3124 4872 3153 4923 ό
3177 4867 3536 4937 προορισμός.
3567 4865 3909 4933 Προορισμὸν
3933 4864 3990 4915 δὲ

2420 4968 2633 5037 νοήσεις
2680 4964 2739 5016 τὸ
2778 4962 3114 5032 ἀμετάθετον
3183 4958 3278 5011 τοῦ
3328 4954 3463 5009 Θεοῦ
3512 4954 3713 5022 ἀγαθὸν
3752 4954 3988 5022 θέλημα.

2423 5056 2681 5123 Προέγνω
2713 5049 2829 5117 οῦν,
2871 5053 2952 5105 ὅτι
2986 5052 3014 5102 ὁ
3066 5048 3279 5110 Παῦλος
3309 5046 3456 5110 ἄξιος
3491 5048 3589 5114 τῆς
3624 5044 3867 5110 κλήσεως
3896 5044 3991 5096 τοῦ

2422 5145 2779 5219 Εὑαγγελίουλ
2806 5144 2901 5195 καὶ
2925 5140 3067 5194 οὕτω
3097 5138 3393 5209 προώρισε,
3419 5137 3694 5189 τουτέστιν
3722 5134 3993 5202 ἀμεταθέ-

2422 5254 2529 5296 τως
2559 5236 2749 5305 ὥρισε,
2795 5236 2887 5287 καὶ
2920 5232 3115 5300 ἔστησε
3158 5230 3220 5283 τὸ
3251 5228 3480 5282 καλέσαι
3512 5226 3694 5280 αὐτόν.
3726 5226 3990 5294 Συμμόρ-

2419 5343 2551 5395 φους
2602 5324 2784 5377 τοίνυν
2832 5325 2976 5377 ποιεῖ
3000 5324 3097 5391 τῆς
3130 5322 3336 5381 εἰκόνος
3371 5319 3464 5371 τοῦ
3507 5314 3639 5368 Υἱοῦ
3671 5314 3862 5380 αὑτοῦ,
3895 5315 3991 5379 οῦς

2420 5418 2785 5488 προγινώσκει
2817 5414 3018 5478 ἀξίους.
3072 5416 3137 5465 “0
3165 5413 3272 5483 γάρ
3299 5413 3443 5464 ἐστιν
3487 5411 3514 5461 ὁ
3547 5407 3856 5478 Movent-2;;
3892 5409 3994 5474 φφ-

2423 5524 2526 5572 σει,
2557 5506 2719 5559 τοῦτο
2745 5505 2898 5559 αὐτοὶ
2924 5505 3179 5572 γεγόνασι
3209 5502 3350 5555 κατὰ
3381 5500 3566 5571 χάριν,
3596 5498 3704 5549 υἱοὶ
3732 5495 3865 5547 Θεοῦ
3898 5497 3992 5547 καὶ

2102 5646 2311 5708 Varite
2345 5643 2681 5705 lectiones.

826 5778 869 5809 ⁸³
905 5773 1369 5842 ἐκκλησιαστικῶν
1405 5789 1456 5828 ο.
1535 5773 1551 5805 ¹
1599 5773 1732 5842 πρὸς
1783 5788 1835 5826 o.

1913 5773 1933 5803 ²
1974 5769 2353 5840 φανερώτερον
2387 5783 2437 5821 0.

2518 5767 2536 5797 ³
2569 5762 2959 5833 προγινώσκων
2990 5775 3040 5814 ο.
