4286 6444
291 434 400 497 453

1105 424 1505 485 ΕΧΡΟΞίΤΙΟ
1548 425 1625 482 IN
1671 424 1900 482 iamsi.
1953 423 2049 480 an
2098 424 2245 482 um;
2312 428 2558 485 —.:.-.-:‘.
2590 429 2752 488 \"tr.

1861 424 1900 481 r.
1953 423 2049 480 Ali
2098 424 2245 482 {tm}
2312 428 2558 485 —C..t~I‘.
2590 429 2752 488 ν’ἷῖ.
3450 432 3553 496 454

293 543 448 597 αὐτοὶ
482 536 950 610 χρηματίσαντες.
999 533 1352 605 Πρωτότοκος
1391 532 1447 584 δέ
1486 533 1632 583 ἐστιν
1663 533 1718 582 ἐν
1749 531 1875 582 πολ-
1903 536 1947 589 Α
1979 547 1985 598 ι

1859 560 1875 571 -
1903 536 1947 589 Α
1979 547 2072 598 per
2102 533 2350 600 gratiam.
2390 551 2447 584 ιιι
2484 545 2536 585 et
2574 537 2672 603 Ipsi
2721 535 2806 586 ’.Ξῖῖ
2839 534 2929 586 Tini
2967 551 3308 590 vocarentur.
3346 538 3551 592 Primu-

293 638 409 696 λοῖς
447 632 719 700 ἀδελφοῖς,
747 628 889 682 κατὰ
917 627 1018 694 τὴν
1065 625 1380 692 οἰκονομίαν
1401 641 1415 656 ·
1453 626 1593 676 κατὰ
1635 625 1741 692 γὰρ
1769 624 1868 692 τὴν

294 729 526 794 θεότητα
577 723 914 790 Μονογενής.
1005 719 1159 771 Ἐπεὶ
1203 720 1310 788 γὰρ
1366 719 1398 785 ἡ
1460 716 1868 787 προσληφθεῖσα

298 821 434 890 σὰρξ
491 816 724 888 ἐχρίσθη
798 814 1073 882 παρουσίᾳ⁵
1130 813 1251 863 ὅλου
1311 811 1406 863 τοῦ
1452 811 1718 878 χρίοντος,
1775 811 1870 860 καὶ

294 912 519 980 ἀπαρχὴ
564 908 720 977 ἡμῶν
764 907 1013 973 ἐγένετο,
1045 903 1403 971 ἁγιασθείσης
1431 904 1487 953 ἐν
1521 903 1739 970 Χριστῷ
1772 902 1869 968 τῆς

295 1003 628 1070 κατακρίτου
678 999 912 1067 φύσεως,
957 997 1182 1059 εἰκότως
1221 996 1564 1065 πρωτότοκος
1609 996 1742 1056 ἐστι,
1779 997 1870 1047 καὶ

293 1093 516 1162 ἀδελφοὶ
551 1091 718 1143 αὑτοῦ
749 1087 1187 1160 χρηματίζομεν.

373 1292 388 1322 ε
434 1272 539 1332 Οῦς
571 1272 627 1323 δέ
668 1270 927 1329 ἐκάλεσε,
963 1268 1189 1328 τούτους
1237 1268 1330 1318 καὶ
1364 1268 1672 1320 ἐδικαίωσε.
1716 1289 1731 1318 ι
1771 1269 1869 1320 Διὰ

291 1370 390 1438 τῆς
419 1368 511 1420 τοῦ
534 1365 758 1435 λουτροῦ
780 1361 1200 1430 παλιγγενεσίας
1222 1363 1535 1426 ἀπαλλάξας
1561 1362 1667 1414 τῶν
1691 1363 1868 1432 ἁμαρ.

301 1462 429 1512 τίειν
457 1459 551 1512 καὶ
582 1459 820 1518 δικαίους
846 1460 1098 1524 ποιήσας.

372 1572 388 1601 ε
426 1550 530 1612 Οῦς
567 1550 622 1602 δὲ
674 1548 958 1601 ἐδικαίωσε
985 1588 998 1611 ,
1034 1549 1255 1611 τούτους
1295 1564 1385 1599 και
1417 1546 1652 1610 ἐδόξασε.
1699 1565 1716 1596 ι
1759 1548 1867 1616 Ti;

298 1646 569 1706 uinOsaiz;
609 1661 662 1695 τε
701 1643 937 1706 ἁξιωσας
976 1643 1192 1708 αὐτοὺς,
1235 1644 1328 1695 καὶ
1364 1643 1525 1696 τᾶλλα
1562 1644 1869 1712 χαρίσματα

294 1743 480 1803 αὐτοῖς
511 1740 652 1802 δούς.

371 1853 388 1883 ι
427 1834 492 1885 Τί
522 1833 610 1886 οῦν
659 1833 890 1902 ἐροῦμεν
932 1833 1069 1903 πρὸς
1115 1831 1326 1899 ταῦτα;
1373 1833 1433 1884 Εἰ
1483 1833 1510 1883 6
1548 1832 1677 1893 Θεὸς
1728 1833 1802 1883 ῦττ

292 1925 472 1995 ἡμῶν,
509 1926 587 1987 τίς
626 1925 745 1977 καθ’
777 1926 961 1994 ὴμῶν;
1020 1943 1037 1974 ι
1087 1924 1282 1995 Ὁρᾷς,
1311 1926 1394 1976 ὃτι
1437 1925 1820 1992 ἐμφανέστατα
1848 1935 1865 1953 ⁴

291 2015 527 2069 ἐνταῦθα
559 2017 740 2085 δηλοῖ,
771 2017 851 2068 ὃτι
873 2019 892 2048 ⁵
920 2016 1056 2085 πρὸς
1084 2018 1209 2078 τοὺς
1244 2016 1590 2084 θλιϐομένους
1631 2019 1866 2068 ποιεῖται

291 2111 386 2162 τὸν
407 2109 596 2176 λόγον;
631 2109 865 2162 Τοιαῦτα
892 2109 1020 2177 γὰρ,
1051 2108 1251 2161 ὡσανεὶ
1290 2107 1488 2175 λέγει⁶’
1518 2108 1575 2159 ΕΞ
1600 2108 1866 2160 τοσούτων

288 2201 606 2270 ἠξιώθημεν
628 2200 842 2268 ἀγαθῶν
866 2201 1047 2270 ἐχθροί
1072 2200 1242 2263 ὄντες,
1272 2203 1404 2271 μετὰ
1428 2203 1486 2253 τὸ
1510 2201 1864 2268 δικαιωθῆναι

291 2294 388 2345 καὶ
417 2293 740 2361 δοξασθῆναι
787 2294 938 2362 πόσῳ
985 2293 1217 2362 μᾶλλον;
1257 2295 1362 2347 Καὶ
1393 2295 1486 2346 τοῦ
1535 2294 1669 2346 Θεοῦ
1717 2296 1864 2356 ὄντος

292 2383 433 2450 ὑπὲρ
462 2382 619 2450 ἡμῶν
642 2421 656 2443 ,
692 2383 770 2443 τίς
803 2383 926 2434 καθ’
954 2385 1144 2452 ἡμῶνς
1192 2385 1310 2436 Κᾶν
1353 2385 1463 2454 γὰρ
1493 2387 1525 2454 ἡ
1572 2387 1865 2457 οἰκουμένη

291 2475 441 2525 πᾶσα
467 2475 764 2542 ἐπαναστῇ,
803 2477 835 2541 ἡ
873 2473 967 2525 τοῦ
1000 2473 1134 2526 Θεοῦ
1169 2474 1326 2541 σοφία
1354 2477 1430 2536 εἰς
1457 2475 1553 2544 τὴν
1593 2477 1864 2543 ἡμετέραν

294 2566 569 2636 σωτηρίαν
604 2567 696 2618 καὶ
742 2565 898 2629 δόξαν
924 2565 1242 2635 περιτρέψει
1273 2567 1372 2635 τὴν
1408 2569 1786 2619 ἐπανάστασιν.

1809 1833 1826 1859 ὶ

368 2768 386 2799 ι
431 2748 532 2810 '0;
564 2764 626 2815 γε
659 2746 751 2799 τοῦ
797 2747 926 2798 ἰδίου
963 2745 1093 2799 Υἱοῦ
1121 2747 1220 2799 οῦκ
1249 2747 1506 2815 ἐφείσατο
1527 2787 1539 2804 .
1573 2747 1686 2798 ἀλλ’
1725 2747 1862 2818 ὑπὲρ

289 2837 450 2907 ⁴ἡμῶν
479 2837 698 2889 πάντων
730 2837 1046 2905 παρέδωκεν
1085 2837 1248 2888 αὐτὸν
1271 2878 1284 2900 ,
1322 2836 1435 2894 πῶς
1472 2838 1530 2888 οῦ
1551 2838 1591 2904 εἰ
1637 2836 1733 2888 καὶ
1767 2837 1862 2888 σὺν

290 2928 443 2998 αὐτῴ
479 2930 548 2979 τα
582 2929 756 2980 πάντα
793 2929 924 2997 ἡμῖν
962 2926 1285 2998 χαρίσεται;
1341 2949 1359 2981 ι
1413 2930 1662 2997 Ἀιρὲτ,μι,
1702 2931 1859 2998 φησι,

289 3021 481 3084 τᾶλλα,
516 3020 550 3072 ἃ
592 3021 880 3090 προλαϐὼν
911 3014 1084 3086 εἶπον,
1123 3021 1205 3073 ὃτι
1246 3012 1598 3084 ἐδικαίωσεν,
1627 3024 1707 3075 ὃτι
1748 3022 1862 3074 ἐδό-

293 3112 472 3175 ξασεν.
505 3113 665 3166 Ἀλλὰ
687 3112 842 3164 τοῦτο
870 3113 1082 3176 σκόπει,
1115 3115 1196 3166 ὅτι
1219 3132 1237 3164 α
1260 3113 1367 3165 Τοῦ
1417 3113 1645 3177 ίδίου⁷·⁸,
1667 3133 1682 3162 ι
1711 3131 1861 3165 τουτ-

1809 1849 1937 1934 sps

1972 626 2185 692 genitus
2216 635 2392 677 autem
2447 637 2526 679 est
2565 629 2705 681 inter
2757 629 2954 681 multus
3005 629 3202 684 fratres
3256 636 3548 690 secundum

1971 719 2430 786 dispensationem
2483 736 2496 772 :
2545 736 2664 772 nam
2741 723 3035 774 secundum
3085 724 3417 779 divinitatem
3469 744 3552 782 est

1977 808 2311 875 Unigenitus.
2361 806 2494 871 Quia
2555 810 2695 861 enim
2748 821 3022 879 assumpta
3076 827 3202 865 caro
3254 830 3410 869 llltClu
3467 831 3550 871 est

1973 903 2254 966 prmscutia
2319 901 2481 954 tutius
2537 904 2863 968 "iungentis,
2925 921 2986 957 ac
3045 906 3297 972 primitiae
3353 920 3549 964 nostra:

1973 989 2144 1041 fartus
2181 1001 2258 1042 est
2287 1031 2300 1053 ,
2355 993 2690 1043 sanctilicata
2730 994 2780 1044 iu
2827 995 3036 1048 Christo
3085 998 3334 1049 damnata
3367 1011 3546 1053 nostra

1972 1091 2186 1143 natura,
2227 1083 2418 1135 merito
2451 1085 2840 1153 primogenitus
2877 1095 2953 1138 est
2981 1128 2993 1150 ,
3029 1088 3333 1157 fratresque
3383 1094 3548 1158 ipsius

1971 1175 2324 1241 appellamur.

2046 1282 2063 1312 ‹
2097 1264 2242 1327 Quos
2277 1272 2454 1316 autem
2485 1266 2693 1318 vocavit
2723 1307 2735 1326 ,
2775 1267 2873 1320 hos
2913 1277 2965 1319 ct
3007 1268 3341 1336 justihcavit.
3382 1291 3397 1322 ι
3445 1273 3546 1327 Per

1974 1353 2246 1403 lavacrum
2283 1355 2706 1419 regenerationis
2740 1357 2976 1410 liberans
3006 1374 3032 1409 a
3064 1363 3320 1428 peccatis,
3348 1363 3547 1430 justus-

1970 1461 2072 1511 que
2105 1444 2360 1498 t'ﬂiititrlis.

2044 1554 2061 1585 ‹
2104 1541 2248 1601 Quos
2273 1552 2448 1590 autem
2477 1537 2812 1602 justifieavit,
2844 1542 2942 1594 hos
2968 1552 3021 1594 et
3049 1543 3388 1608 glorilicavit.
3431 1563 3447 1595 ι
3488 1547 3542 1598 lu

1973 1629 2106 1679 til:os
2146 1630 2399 1682 nimirum
2449 1631 2713 1698 adoptans
2762 1633 2902 1696 illos,
2937 1634 3151 1701 aliaque
3203 1635 3307 1688 illis
3346 1637 3539 1704 imper-

1973 1724 2110 1773 tiens
2142 1724 2301 1774 dona.

2043 1813 2206 1866 Vens.
2240 1815 2331 1867 5i.
2371 1837 2386 1866 ι
2430 1815 2568 1880 Quid
2599 1831 2726 1882 ergo
2765 1817 3001 1869 dicemus
3035 1823 3099 1871 ad
3135 1821 3279 1875 lites?
3310 1822 3365 1876 Si
3403 1822 3542 1877 Deus

1971 1922 2064 1974 pro
2107 1909 2282 1965 nobis.
2324 1925 2443 1973 unus
2474 1919 2660 1961 contra
2715 1910 2848 1961 nos?
2891 1927 2907 1958 ι
2952 1908 3133 1963 Videu'
3197 1917 3541 1979 apertissime

1971 1999 2057 2052 hic
2089 2001 2325 2052 iudicare
2377 2001 2547 2066 ipsum
2589 2001 2732 2066 quod
2777 2001 2940 2054 verba
2975 2004 3135 2055 t'aciat
3169 2007 3234 2057 ad
3276 2006 3539 2060 afﬂictus?

1969 2089 2281 2158 llujusmodi
2315 2093 2456 2144 cnim
2498 2093 2882 2159 propemodum
2935 2069 3062 2148 dicit
3099 2115 3110 2148 :
3147 2095 3202 2149 Si
3241 2099 3403 2151 tantis
3438 2100 3540 2152 bo-

1969 2185 2047 2235 nis
2065 2184 2208 2251 digni
2233 2183 2454 2248 iudicati
2487 2200 2673 2238 sumus
2696 2199 2813 2236 eum
2849 2187 3026 2238 hostes
3046 2203 3311 2248 essemus.
3337 2203 3538 2258 quanto

1969 2276 2260 2341 majoribus
2289 2276 2605 2328 donabinzur
2638 2286 2754 2343 po~t
2788 2278 3225 2344 justilic‘ationem
3253 2292 3304 2333 et
3332 2282 3535 2347 gloriﬁ-

1966 2368 2231 2420 eationem
2264 2368 2534 2421 nostram?
2565 2370 2640 2420 Ae
2673 2371 2716 2422 si
2759 2369 2899 2423 Deus
2943 2387 3038 2436 pro
3089 2374 3244 2426 nobis
3291 2376 3382 2437 sit,
3417 2378 3538 2442 quis

1966 2463 2250 2515 adversum
2301 2475 2396 2513 nos
2437 2462 2582 2514 erit?
2629 2462 2848 2513 Etiamsi
2896 2465 3039 2516 enim
3074 2467 3356 2520 universus
3385 2468 3536 2521 orbis

1966 2555 2204 2622 insurgat
2247 2555 2527 2606 adversum
2584 2568 2714 2617 nos,
2775 2555 2865 2608 Dei
2923 2567 3097 2609 tamen
3154 2557 3413 2623 sapientia
3469 2560 3535 2611 ad

1965 2655 2203 2698 nostram
2223 2643 2446 2697 salutem
2470 2653 2519 2696 et
2543 2645 2767 2712 gloriam
2790 2647 2930 2699 hunc
2952 2659 3231 2701 convertet
3251 2650 3534 2702 insultmn.

2039 2733 2200 2788 Vens.
2237 2734 2323 2787 52.
2363 2753 2380 2785 ι
2416 2735 2516 2800 Qui
2566 2738 2783 2804 pr0prio
2833 2735 2968 2790 Filio
3001 2754 3097 2791 suo
3132 2755 3236 2792 non
3269 2742 3532 2808 pepercit,

1963 2829 2054 2882 sed
2086 2841 2183 2894 pro
2212 2828 2367 2880 nobis
2402 2829 2654 2880 omnibus
2683 2829 2900 2880 tradidit
2924 2828 3128 2895 ipsmn,
3175 2833 3444 2898 quomodo
3479 2843 3537 2886 et

1963 2935 2082 2973 cum
2125 2920 2242 2988 ipso
2287 2936 2389 2971 non
2425 2921 2602 2971 omnia
2651 2920 2806 2972 nobis
2843 2921 3098 2974 donabit?
3139 2941 3154 2972 ι
3199 2922 3400 2976 Omitto
3428 2939 3537 2975 cae-

1964 3018 2100 3073 tera,
2132 3009 2324 3076 inquit,
2358 3023 2474 3076 qua:
2502 3022 2663 3074 supra
2698 3012 3135 3074 commemoravi,
3172 3013 3314 3079 quod
3341 3012 3537 3079 justiﬁ-

1962 3102 2194 3162 cavit,et
2217 3102 2356 3166 quod
2389 3099 2709 3168 gloriﬁcavit
2731 3115 2849 3154 nos.
2882 3100 3072 3154 Verum
3100 3104 3198 3156 hoc
3226 3105 3532 3169 considera,

294 3207 434 3265 ἐστι,
461 3205 553 3256 τοῦ
588 3206 944 3272 κιονογενοῦς,
975 3203 1069 3257 τοῦ
1100 3205 1383 3275 ἀγαπητοῦ
1409 3246 1422 3270 ,
1449 3205 1541 3258 τοῦ
1575 3206 1730 3272 φύσει
1755 3207 1774 3236 ’
1803 3206 1859 3270 ἐξ
1885 3214 1929 3277 C
1963 3207 1986 3260 (ἶ

1839 3206 1859 3270 ξ
1885 3214 1929 3277 C
1963 3195 2101 3260 quod
2129 3212 2144 3242 ι
2169 3191 2304 3245 Filio
2323 3208 2418 3244 suo
2438 3194 2673 3259 proprio,
2698 3209 2716 3242 ›
2745 3193 2846 3246 hoc
2864 3204 2966 3256 est,
2990 3193 3296 3262 Unigenito,
3314 3197 3531 3261 dilecto,

291 3296 456 3349 αὑτοῦ
493 3297 635 3366 (εἰσὶ
667 3298 775 3366 γὰρ
815 3299 908 3350 καὶ
941 3299 1244 3367 εἰσποιητοὶ
1290 3299 1393 3350 uio).
1426 3298 1591 3350 αὑτοῦ
1642 3299 1728 3351 διὰ
1765 3299 1856 3351 τοῦ

292 3387 731 3458 βαπτίσματος),
763 3388 952 3440 τούτου
994 3388 1087 3441 οῦν
1117 3390 1217 3441 οὐκ
1251 3391 1524 3457 ἐφείσατο,
1569 3390 1684 3442 ἀλλ’
1720 3391 1859 3460 ὑπὲρ

292 3478 449 3547 ἡμῶν
469 3480 785 3547 παρέδωκεν
820 3479 1016 3532 αὐτόν’
1053 3481 1146 3532 καὶ
1185 3479 1375 3545 ταῦτα,
1427 3481 1662 3541 πάντων,
1709 3499 1861 3533 τουτ-

291 3571 445 3622 έστιν
466 3611 480 3633 ,
513 3571 752 3638 εὐγενῶν
774 3609 790 3631 ,
821 3571 1118 3638 δυσγενῶν,
1148 3571 1381 3624 εὐτελῶν
1403 3610 1417 3634 ,
1470 3573 1696 3637 ἐνδόξων
1719 3588 1732 3602 ·
1768 3573 1858 3626 καὶ

291 3665 390 3730 οὐχ
426 3663 641 3725 ἁπλῶς,
671 3663 784 3713 ἀλλ’
825 3665 902 3724 εἰς
939 3663 1153 3732 σφαγὴν
1194 3663 1477 3732 παρέδωκε
1502 3681 1514 3693 ·
1554 3666 1646 3716 καὶ
1675 3664 1768 3715 νῦν
1799 3665 1859 3715 οὐ

291 3755 359 3805 τὰ
410 3753 589 3806 πάντα
637 3756 767 3822 ἡμῖν
807 3755 1129 3824 χαρίσεταις
1183 3755 1240 3806 '0
1289 3755 1397 3824 γὰρ
1448 3756 1537 3806 τὸν
1585 3756 1860 3826 Δεσπότην

291 3844 436 3906 δοὺς,
479 3845 546 3896 τὰ.
581 3846 834 3913 κτήματα
864 3846 923 3896 οὐ
959 3845 1149 3909 δώσει;
1186 3846 1347 3896 Ὥστε
1390 3846 1577 3915 ἐπειδὴ
1613 3848 1672 3898 οὐ
1705 3848 1860 3899 δίδως

293 3951 401 4000 σιν,
431 3935 490 3987 οῦ
518 3937 808 4005 συμφέρει,
834 3937 928 3989 καὶ
957 3936 1042 3988 διὰ
1071 3937 1228 3988 τοῦτο
1257 3938 1317 3988 οὐ
1339 3936 1541 3990 δίδωσι.
1573 3937 1664 4007 Μὴ
1687 3938 1860 3989 τοίνυν

293 4028 498 4096 σφόδρα
534 4028 704 4096 ποθῇς
731 4027 804 4099 [ι’.
840 4027 1126 4097 ποθήσεις]
1163 4028 1261 4097 τὴν
1289 4029 1472 4081 ἄνεσιν
1496 4068 1511 4091 ,
1545 4031 1572 4080 6
1601 4028 1856 4097 θλιϐόμε-

291 4135 380 4178 νος
412 4117 500 4169 διὰ
529 4118 783 4185 Χριστόν·
816 4119 864 4169 εἰ
891 4117 996 4185 γὰρ
1027 4118 1314 4186 συμφέρει,
1343 4117 1508 4188 λήψῃ.

370 4316 386 4348 ι
421 4297 517 4358 Τίς
567 4297 851 4363 ἐγκαλέσει
881 4297 1021 4348 κατὰ
1053 4295 1327 4347 ἐκλεκτῶν
1356 4295 1487 4346 Θεοῦ
1517 4311 1532 4358 ;
1581 4314 1597 4344 ι
1645 4295 1858 4362 Ἐπειδὴ

295 4388 434 4456 μετὰ
458 4387 567 4440 τῶν
591 4389 765 4440 ἄλλων
787 4386 1110 4456 πειρασμῶν
1132 4388 1226 4438 καί⁵
1245 4385 1579 4448 ὡνειδίζοντο
1609 4387 1655 4437 οἰ
1681 4388 1860 4436 πιστοὶ

293 4480 443 4549 παρὰ
483 4479 594 4531 τῶν
636 4478 937 4541 Ἰουδαίων,
973 4477 1046 4540 ὡς
1082 4477 1466 4546 εὐμετάϐολοι,
1513 4477 1605 4529 καὶ
1650 4478 1858 4546 ἁθρόως

1961 3286 2050 3352 qui
2084 3297 2272 3336 natura
2303 3297 2365 3336 ex
2401 3284 2517 3352 ipso
2548 3293 2631 3336 est
2673 3284 2832 3351 (sunt
2859 3285 3001 3338 enim
3028 3297 3081 3339 et
3108 3288 3342 3353 adoptati
3437 3305 3533 3356 per

1962 3375 2247 3442 baptisma)
2275 3413 2289 3437 ,
2322 3374 2444 3427 huic
2480 3390 2584 3426 non
2611 3376 2869 3443 pepercit,
2899 3378 2988 3429 sed
3014 3392 3109 3442 pro
3127 3378 3281 3431 nobis
3313 3380 3534 3433 tradidit

1961 3466 2155 3534 ipsum,
2178 3467 2334 3533 idque
2355 3482 2448 3534 pro
2472 3466 2857 3528 omnibus,hoc
2877 3477 2956 3519 est
2993 3478 3100 3521 tum
3143 3469 3390 3538 ingenuis
3417 3481 3531 3525 tum

1963 3573 2066 3613 non
2099 3557 2374 3624 ingenuis,
2406 3568 2458 3610 et
2487 3557 2670 3610 humili
2696 3567 2748 3609 et
2774 3557 2969 3612 celebri
3006 3560 3123 3614 loco
3147 3563 3284 3615 natis
3316 3581 3328 3615 :
3356 3578 3534 3631 neque

1962 3649 2315 3718 simpliciter,
2366 3664 2553 3701 verum
2598 3649 2662 3700 ad
2709 3650 3090 3703 mactationem
3142 3652 3380 3707 tradidit.
3430 3655 3533 3722 Qui

1961 3758 2088 3810 ergo
2122 3743 2229 3810 jam
2267 3757 2370 3794 non
2407 3743 2587 3794 omnia
2623 3744 2774 3796 nobis
2810 3745 3070 3797 donaret?
3110 3746 3209 3810 Qui
3247 3748 3391 3801 enim
3431 3750 3534 3801 Do-

1960 3835 2161 3887 minuta
2193 3834 2360 3898 dedit,
2385 3833 2495 3902 64,
2525 3833 2812 3889 facultates
2841 3852 2944 3889 non
2977 3837 3162 3890 dabit?
3191 3838 3323 3892 Cum
3354 3841 3533 3906 itaque

1961 3941 2066 3978 non
2102 3927 2189 3977 dat
2223 3926 2464 3991 aliquid,
2500 3925 2550 3978 id
2595 3941 2700 3978 non
2754 3929 3045 3989 conducit,
3079 3939 3238 3994 atque
3271 3930 3387 3983 ideo
3426 3947 3531 3995 non

1962 4019 2070 4070 dat.
2104 4015 2180 4067 Ne
2216 4017 2374 4083 igitur
2409 4017 2649 4082 impense
2682 4017 2957 4070 desideres
2987 4019 3354 4073 liberationem
3379 4059 3394 4084 ,
3440 4021 3532 4089 qui

1959 4108 2211 4176 alIligerts
2251 4118 2467 4175 propter
2491 4106 2787 4161 Christum.
2821 4109 2874 4162 Si
2911 4111 3052 4162 enim
3082 4110 3324 4163 conferat
3345 4151 3359 4174 ,
3383 4113 3532 4166 acci-

1961 4200 2096 4269 pies,
2126 4201 2338 4263 erisque
2370 4212 2590 4264 compos
2622 4200 2751 4253 voti.

2035 4291 2196 4345 Vens.
2220 4293 2308 4345 55.
2341 4308 2358 4341 ι
2391 4290 2524 4355 Quis
2547 4291 2825 4343 accusabit
2848 4294 3102 4345 adversus
3123 4293 3328 4346 electos
3355 4294 3482 4347 Dei?
3505 4313 3525 4344 ι

1962 4386 2095 4449 Quia
2134 4387 2274 4436 inter
2307 4385 2443 4436 alias
2478 4384 2800 4435 tentalioues
2831 4397 2884 4435 et
2921 4384 3048 4437 illud
3093 4401 3119 4436 a
3159 4384 3356 4439 Judaais
3394 4386 3533 4452 obji—

1963 4479 2203 4532 ciehatur
2264 4477 2537 4540 ﬁdelibus,
2586 4478 2724 4544 quod
2778 4476 2934 4529 facile
2992 4479 3435 4543 immutarcnlur,
3477 4490 3532 4533 et

295 4543 689 4639 μεταπεσόντες
715 4570 794 4630 εἰς
827 4543 1282 4637 Χρίστιανισῄμόψ
1308 4565 1495 4636 φησὶν,
1527 4569 1606 4619 ὅτι
1642 4567 1702 4618 ’0
1723 4543 1854 4630 Θεὸς
1881 4543 1935 4602 D
1962 4584 1987 4622 c

1836 4587 1854 4630 ;
1881 4543 1935 4602 Β
1962 4567 2244 4622 confertim
2287 4569 2350 4619 ad
2376 4566 2847 4619 Christianismum
2878 4569 3209 4629 deciderent,
3246 4571 3380 4623 Dcus
3403 4612 3415 4632 ,
3446 4572 3528 4624 iu-

290 4662 570 4727 ἐξελέξατο
609 4661 773 4728 ὑμᾶς,
811 4661 904 4712 καὶ
932 4659 1013 4720 τίς
1051 4661 1077 4711 6
1112 4659 1357 4728 ἐγκαλῶν
1393 4660 1519 4728 ὑμῖν
1554 4663 1617 4728 τῇ
1657 4659 1853 4728 ἐκλογῇ

289 4754 383 4806 τοῦ
414 4752 548 4805 Θεοῦ
574 4770 587 4816 ;
619 4752 934 4819 Ἀνθρωπος
958 4751 1208 4820 τεχνίτης
1235 4752 1328 4802 ἐὰν
1355 4751 1639 4818 ἐκλέξηταί
1670 4768 1740 4813 τι,
1763 4753 1853 4802 οὺ-

291 4847 398 4906 δεὶς
418 4848 446 4897 6
466 4845 828 4914 μεμφόμενος·
857 4845 948 4894 καὶ
967 4841 1102 4894 Θεοῦ
1125 4840 1507 4911 ἐκλεξαμένου,
1536 4843 1616 4903 τίς
1640 4843 1666 4893 6
1691 4845 1855 4908 ἐγκα-

292 4938 398 4989 λῶν
419 4954 433 5001 ;

368 5050 384 5080 ι
422 5029 553 5090 Θεὸς
598 5031 625 5080 6
678 5027 923 5080 δικαιῶν.
972 5027 1066 5088 Τίς
1097 5028 1122 5077 6
1155 5025 1533 5092 κατακρίνων;
1565 5026 1792 5093 Χριστὸς
1827 5028 1854 5078 ὀ

289 5121 600 5181 ἀποθανὼν,
633 5121 833 5189 μᾶλλον
863 5119 916 5171 δὲ
951 5121 1045 5171 καὶ
1072 5118 1315 5185 ἐγερθεὶς
1345 5120 1409 5168 ἐκ
1431 5117 1657 5184 νεκρῶν.
1693 5135 1711 5167 ι
1742 5118 1854 5168 υὺκ

289 5213 444 5278 εἷπε,
478 5215 609 5277 Θεὸς
648 5216 677 5266 6
717 5215 872 5281 ἀφεὶς
903 5214 968 5264 τα
1001 5212 1372 5280 ἁμαρτήματα
1395 5249 1408 5272 ,
1453 5210 1568 5263 ἀλλ’
1617 5211 1645 5263 ὃ
1678 5211 1854 5281 πολλῷ

293 5305 479 5376 μεῖζον
521 5301 609 5373 ἦν,
646 5323 663 5355 ι
699 5305 830 5365 Θεὸς
854 5305 880 5355 6
907 5301 1150 5358 δικαιῶν.
1174 5319 1192 5352 ι
1233 5301 1322 5369 Μὴ
1343 5301 1520 5352 τοίνυν
1545 5303 1853 5370 φοϐούμεθα

294 5399 435 5464 μήτε
489 5396 616 5457 τοὺς
665 5393 1059 5463 πειράζοντας,
1106 5392 1242 5460 μήτε
1298 5391 1422 5453 τοὺς
1474 5391 1852 5455 ὀνειδίζοντας.

289 5487 424 5549 Θεὸς
477 5486 584 5552 γὰρ
613 5485 929 5548 ἐξελέξατο,
983 5483 1080 5534 καὶ
1130 5483 1366 5543 δικαίους
1407 5483 1669 5549 ἐποίησε·
1711 5486 1799 5534 καί
1830 5485 1857 5534 6

290 5579 580 5634 ἀποθανὼν
610 5579 749 5648 ὑπὲρ
779 5577 934 5647 ἡμῶν
959 5614 974 5640 ,
1002 5575 1202 5644 μᾶλλον
1231 5575 1284 5626 δὲ
1313 5576 1406 5627 καὶ
1433 5575 1687 5638 ἀναστὰς,
1722 5577 1854 5644 Χρι-

1959 4659 2094 4726 quit,
2133 4673 2224 4709 vos
2249 4658 2428 4725 elegit,
2459 4665 2510 4707 et
2540 4659 2661 4722 quis
2702 4667 2781 4708 est
2826 4658 2914 4724 qui
2956 4671 3174 4710 accuset
3205 4661 3526 4714 electiOnem

1961 4749 2094 4801 Dei?
2143 4748 2196 4800 Si
2245 4746 2435 4798 artifex
2486 4747 2774 4812 quidquam
2826 4749 3086 4816 elegerit.
3121 4763 3276 4801 nemo
3313 4761 3395 4803 est
3437 4757 3527 4818 qui

1955 4840 2133 4906 culpet
2175 4853 2186 4886 :
2221 4837 2407 4904 ecquis
2441 4844 2523 4888 est
2565 4836 2653 4903 qui
2693 4836 2782 4888 Dei
2812 4837 3129 4891 electionem
3167 4842 3524 4907 reprehensu-

1960 4947 2050 4984 rus
2074 4930 2185 4982 sit?

2029 5025 2190 5078 Vens.
2233 5021 2326 5082 35,
2360 5020 2449 5072 54.
2489 5039 2507 5070 σ
2547 5019 2686 5073 Deus
2721 5031 2803 5074 est
2835 5022 2921 5090 qui
2952 5021 3231 5088 justiﬁcat.
3280 5022 3409 5087 Quis
3443 5035 3526 5078 est

1953 5120 2042 5187 qui
2075 5112 2430 5169 condemnet?
2461 5111 2707 5165 Christus
2740 5113 2827 5180 qui
2862 5119 3104 5166 mortuus
3139 5124 3223 5166 est
3247 5152 3260 5174 ,
3298 5115 3401 5165 imo
3433 5118 3523 5181 qui

1954 5220 2009 5266 et
2055 5207 2369 5262 resurrexit.
2420 5222 2438 5254 ι
2482 5202 2595 5257 Non
2633 5204 2797 5266 dixit,
2854 5205 2996 5256 Deus
3045 5215 3127 5258 est
3178 5207 3266 5273 qui
3305 5207 3530 5261 remittit

1955 5313 2175 5371 peccata
2214 5317 2227 5352 :
2262 5314 2470 5361 verum,
2493 5299 2634 5364 quod
2665 5299 2830 5349 multo
2863 5299 3031 5366 majus
3054 5311 3192 5362 erat,
3231 5318 3247 5350 ι
3282 5301 3419 5354 Deus
3447 5313 3528 5353 est

1955 5398 2042 5463 qui
2070 5395 2347 5463 justiﬁcat.
2380 5410 2397 5440 ι
2431 5392 2510 5443 Ne
2538 5392 2698 5460 igitur
2723 5403 3020 5443 metuamus
3050 5407 3220 5460 neque
3250 5404 3526 5448 tentantes

1959 5502 2128 5555 neque
2161 5485 2570 5550 exprobrantes.
2617 5483 2744 5534 Nam
2783 5482 2919 5534 Deus
2950 5484 3109 5551 elegit
3135 5496 3186 5537 et
3208 5487 3524 5552 justiticavit

1958 5595 2052 5633 nos
2087 5599 2099 5634 :
2137 5592 2190 5632 et
2232 5594 2275 5631 IS
2310 5579 2400 5645 qui
2445 5587 2685 5630 mortuus
2721 5585 2803 5629 est
2846 5591 2939 5644 pro
2979 5579 3168 5640 nobis,
3213 5581 3318 5633 imo
3351 5581 3440 5648 qui
3476 5591 3529 5634 et

1630 5716 1826 5775 Variae
1848 5715 2176 5776 lectiones.

363 5845 781 5912 δέκφανέστατα
809 5856 859 5896 o.
936 5843 956 5873 '
1005 5841 1078 5903 ὡς
1111 5855 1162 5892 o.

1268 5841 1285 5870 ⁸
1322 5839 1492 5906 λέγων
1521 5857 1566 5893 o.
1637 5845 1704 5875 ’σθ
1725 5842 1886 5894 αὺτοῦ
1917 5859 1968 5897 ο.

1651 5915 1670 5932 ο

2117 5844 2195 5894 ὅτι
2239 5842 2332 5895 τοῦ
2377 5842 2503 5895 Υἰοῦ
2535 5841 2696 5896 αὑτοῦ
2730 5841 2858 5894 ἰδίου
2893 5857 2964 5894 ιιι.
3059 5843 3078 5873 ⁸
3109 5840 3201 5893 τοῦ
3229 5841 3423 5908 φῦντος
3449 5857 3521 5897 m.
