4286 6444
278 403 386 472 457

1175 392 1584 457 EXPOSITIO
1625 390 1705 451 IN
1741 388 1980 450 EPIST.
2031 387 2130 446 AD
2169 383 2331 445 ROM
2376 407 2444 418 -
2470 383 2626 442 CAP.
2656 381 2759 442 IX.

3472 375 3578 440 453

280 520 393 574 Καὶ
429 518 511 571 ὅτι
540 513 728 586 ὥσπερ
771 513 955 566 ἐκεῖνα
989 510 1091 564 οὑκ
1123 509 1443 563 ἀνθίσταται
1489 504 1841 576 σφαττόμενα
1866 543 1880 567 ,
1910 506 1963 567 Α

1878 546 1880 561 ,
1910 506 1963 567 Α
1987 498 2131 569 quod
2164 497 2259 558 ait,
2313 514 2330 547 ι
2380 492 2660 562 Tanquam
2695 505 2823 545 oves
2862 487 3179 544 mactatinni
3210 487 3510 545 destinatae.
3552 497 3570 526 ³

284 610 460 673 οὕτως
483 608 601 662 οὐδὲ
630 607 816 679 ἡμεῖς.

365 807 384 839 ι
453 786 594 839 Ἀλλ’
622 767 697 838 Ἓν
742 781 955 847 τούτοις
1008 782 1178 835 πᾶσιν
1225 778 1611 851 ὑπερνικῶμεν
1657 776 1748 829 διὰ
1785 774 1879 827 τοῦ

287 881 682 948 ἀγαπήσαντος
717 879 884 947 ἡμᾶς.
930 895 948 927 ι
992 874 1196 940 Εἰπὼν,
1230 874 1313 927 ὅτι
1354 870 1769 940 Θανατούμεθα,
1805 867 1883 919 τί-

287 973 413 1042 θησι
463 973 559 1027 καὶ
607 971 706 1042 τὴν
746 968 1115 1040 παράκλησιν,
1159 967 1248 1019 ἴνα
1301 965 1375 1036 μή
1434 982 1517 1026 τις
1567 960 1880 1030 ἀνθρώπινα

287 1067 568 1135 φρονήσας
596 1063 977 1133 ἀπαγορεύσῃ·
1020 1061 1114 1114 καί
1145 1076 1331 1130 φησιν,
1364 1059 1460 1127 οὐχ
1488 1058 1568 1109 ὅτι
1601 1055 1881 1121 Νικῶμεν,

287 1158 425 1221 ἀλλ’,
459 1178 476 1210 ι
500 1157 938 1228 ’Υπερνικῶμεν·
980 1174 997 1207 ι
1023 1153 1292 1219 τουτέστι,
1322 1153 1441 1223 μετ’
1468 1147 1718 1210 εὐκολίας
1742 1147 1884 1201 ἀπά-

289 1266 412 1315 σης,
448 1251 614 1317 χωρὶς
653 1245 893 1315 ἱδρώτων
934 1246 1030 1297 καὶ
1065 1243 1275 1307 πόνων,
1314 1240 1408 1293 καὶ
1446 1241 1502 1291 ἐν
1541 1239 1721 1296 αὐτοῖς
1756 1236 1882 1289 τού-

285 1358 403 1403 τοις
430 1340 496 1393 δι’
528 1335 603 1393 ὧν
631 1334 1117 1408 ἐπιϐουλευόμεθα.
1158 1335 1331 1388 Τοῦτο
1360 1336 1469 1404 γάρ
1498 1335 1530 1401 ἡ
1564 1332 1882 1400 τελειοτάτη

287 1433 441 1499 νίκη,
468 1431 598 1484 ὅταν
621 1429 968 1501 ἐλαυνόμενοι
985 1428 1094 1481 τῶν
1115 1427 1418 1479 διωκόντων
1441 1421 1881 1493 ὑπερισχύωμεν.

289 1525 401 1577 Καὶ
436 1523 509 1594 μὴ
538 1524 850 1594 ἀπιστήσῃς
872 1538 885 1551 ·
916 1520 1050 1584 Θεὸς
1075 1521 1183 1590 γάρ
1214 1522 1360 1572 ἐστιν
1388 1520 1416 1569 ὁ
1451 1515 1884 1584 συναγωνιζόμε-

289 1634 381 1679 νος
408 1633 419 1645 ·
460 1617 595 1670 ἀλλὰ
624 1619 715 1668 καὶ
742 1616 1029 1686 ἠγάπησεν
1056 1615 1224 1685 ἡμᾶς.
1260 1613 1328 1663 Ὤ
1342 1628 1432 1664 στε
1460 1610 1519 1662 οὐ
1549 1606 1881 1678 θαυμαστὸν,

292 1711 345 1763 εί
380 1709 764 1780 ὑπερνικῶμεν
797 1710 855 1761 ὲν
892 1709 1079 1778 μέσοις
1112 1708 1223 1768 τοῖς
1255 1706 1471 1769 δεινοῖς.

376 1906 394 1936 ι
432 1886 744 1955 Πέπεισμαι
778 1883 886 1952 γὰρ
912 1884 991 1935 ὅτι
1024 1882 1147 1935 οὕτε
1178 1882 1427 1947 θάνατος,
1452 1880 1577 1934 οὕτε
1607 1879 1742 1950 ζωὴ,
1768 1878 1891 1933 οὕτε
1926 1860 1968 1915 Β

295 1980 542 2049 ἄγγελοι,
579 1976 704 2030 οὕτε
742 1976 931 2047 ἀρχαὶ,
968 1975 1091 2028 οὕτε
1127 1975 1408 2043 δυνάμεις,
1441 1972 1563 2026 οὕτε
1596 1974 1890 2040 ἐνεστῶτα,

292 2072 421 2127 οὕτε
469 2070 753 2140 μέλλοντα,
810 2068 934 2120 οὕτε
977 2067 1214 2139 ὕψωμα,
1248 2065 1370 2119 οὔτε
1404 2065 1597 2136 βάθος,
1639 2065 1761 2118 οὕτε
1806 2084 1891 2129 τις

296 2163 477 2226 κτίσις
509 2162 693 2232 ἑτέρα,
719 2160 1014 2228 δυνήσεται
1041 2160 1187 2229 ἡμᾶς
1212 2152 1455 2230 χωρίσαι
1477 2158 1586 2211 ἀπὸ
1616 2158 1717 2227 τῆς
1750 2160 1890 2225 ἀγά-

295 2272 406 2324 πης
458 2253 554 2307 τοῦ
604 2251 776 2317 Θεοῦ,
827 2251 926 2321 τῆς
966 2251 1023 2303 ἐν
1073 2249 1295 2320 Χριστῷ
1354 2247 1527 2317 Ἰησοῦ
1578 2248 1655 2317 τῷ
1702 2249 1893 2318 Κυρίῳ

296 2345 479 2416 ἡμῶν.
520 2364 538 2397 ›
579 2344 804 2414 Πρῶτον
836 2340 1006 2401 εἶπεν,
1052 2343 1133 2394 ὅτι
1162 2342 1454 2410 ἠγάπησεν
1486 2339 1635 2408 ἡμᾶς
1664 2341 1691 2392 ὁ
1719 2339 1851 2402 Θεὸς
1878 2356 1892 2371 ο

295 2434 400 2490 εἷθ’
432 2436 579 2488 οὕτω
609 2434 707 2505 τὴν
736 2433 904 2487 αὑτοῦ
931 2432 1069 2503 πρὸς
1106 2433 1198 2485 τὸν
1229 2431 1363 2485 Θεὸν
1392 2432 1617 2501 ἀγάπην
1656 2431 1893 2501 τίθησιν,

298 2532 387 2582 ἵνα
422 2528 587 2599 μηδὲν
617 2528 742 2599 δόξῃ
774 2527 918 2597 μέγα
953 2526 1136 2595 λέγειν
1164 2525 1294 2595 περὶ
1324 2523 1545 2578 ἑαυτοῦ.
1570 2522 1740 2592 Φησὶν
1774 2518 1891 2587 οῦν,

296 2622 381 2674 ὅτι
442 2618 710 2672 Τοσοῦτον
759 2614 1115 2686 ἐξαρτὼμεθα
1165 2613 1265 2682 τῆς
1306 2612 1443 2682 πρὶς
1468 2610 1602 2663 Θεὸν
1652 2609 1893 2675 ἀγάπης,

299 2715 443 2766 ὥστε
490 2714 551 2765 οὑ
586 2712 746 2781 μόνον
778 2711 845 2763 τὰ
890 2709 966 2779 τῷ
1013 2708 1111 2778 βίῳ
1163 2706 1340 2775 τούτῳ
1388 2701 1898 2772 συγκεκληρωμένα

298 2806 451 2859 δεινά
485 2806 546 2857 οὐ
581 2804 903 2873 δυνήσονται
935 2802 1082 2870 ἡμᾶς
1114 2798 1423 2868 ἀποστῆναι
1489 2797 1530 2865 Ῑ.
1564 2794 1893 2866 ἀποστῆσαι]

299 2900 530 2969 ταύτης,
563 2897 698 2951 ἀλλά
729 2896 830 2947 κᾶν
858 2891 1120 2962 τύραννός
1150 2909 1233 2952 τις
1266 2890 1462 2960 ἀπειλῇ
1498 2890 1587 2940 τὶν
1628 2887 1890 2957 μέλλοντα

302 2992 532 3047 Θάνατον
562 2990 652 3041 τὸν
688 2989 747 3039 ὲν
773 2990 838 3056 τῇ
869 2985 1088 3038 κολάσει
1118 2984 1183 3048 ’³,
1226 2984 1328 3035 κᾶν
1366 2981 1512 3050 ζωὴν
1542 2979 1892 3048 ζπαγγέλλη-

300 3100 390 3135 ται
442 3081 543 3151 τὴν
588 3077 967 3139 ἀκατάλυτον,
1002 3073 1298 3144 ἐπιχειρῶν
1350 3074 1495 3142 ἡμᾶς
1532 3071 1899 3141 ἀποστῆναι¹⁵

1984 592 2049 645 Et
2081 592 2302 657 perinde
2353 601 2418 642 ac
2471 585 2575 640 illa:
2619 598 2723 637 non
2774 583 3035 637 resistunt
3080 583 3204 636 dum
3247 589 3575 642 mactantur,

1984 683 2064 737 sic
2095 696 2271 749 neque
2303 694 2422 733 nos.

2058 770 2220 826 Vens.
2244 770 2333 825 57.
2363 789 2381 820 ‹
2408 767 2513 823 Sed
2539 767 2590 821 in
2610 765 2693 821 his
2716 765 2971 820 omnibus
2994 778 3312 832 superamus
3336 780 3431 835 per
3452 778 3575 818 eum

1985 865 2075 935 qui
2106 863 2296 917 dilexit
2326 875 2444 915 nos.
2472 878 2490 911 ›
2520 860 2654 925 Quia
2685 859 2925 919 dixerat,
2956 854 3294 917 Occidimnr,
3325 858 3578 911 consola-

1986 957 2182 1009 tionem
2219 967 2361 1008 nunc
2392 950 2607 1021 adjicit,
2648 964 2715 1003 ne
2742 949 2862 1017 quis
2900 948 3133 1003 humana
3168 950 3412 1017 cogitans
3439 947 3575 1000 deﬁ-

1984 1048 2155 1102 ciatet
2174 1044 2578 1114 desperet,’non
2604 1041 2876 1110 inquiens,
2898 1039 3197 1104 Vincimus,
3219 1040 3332 1103 Sed,
3360 1057 3378 1090 ι
3405 1039 3579 1107 Supe-

1989 1155 2197 1203 ramus,
2246 1158 2263 1191 ›
2294 1138 2406 1193 sive
2438 1134 2907 1205 supervincimus,
2954 1134 3054 1188 hoc
3101 1142 3216 1198 est,
3263 1146 3382 1186 cum
3433 1148 3560 1187 ean

1986 1230 2247 1285 facilitate
2296 1230 2430 1283 citra
2468 1228 2695 1282 sudores
2738 1233 2791 1280 et
2826 1224 3076 1285 labores,
3122 1235 3176 1278 et
3220 1240 3317 1294 per
3361 1239 3422 1277 ea
3461 1225 3573 1290 ipsa

1987 1326 2182 1396 quibus
2238 1323 2397 1378 nobis
2442 1321 2653 1376 insidia:
2703 1319 3019 1373 tenduntur.
3061 1316 3185 1372 Haec
3219 1318 3361 1371 enim
3400 1316 3577 1385 perfe-

1984 1418 2325 1475 ctissimaest
2345 1413 2595 1477 victoria,
2612 1412 2825 1482 quando
2845 1414 2967 1466 dum
2988 1412 3199 1480 agimur
3225 1419 3278 1463 et
3302 1411 3571 1479 pellimur,

1985 1507 2439 1580 persequentibus
2468 1503 2780 1574 superiores
2810 1502 3104 1555 reddimur.
3146 1500 3221 1553 Ne
3253 1500 3437 1567 itaque
3466 1499 3571 1552 dif-

1988 1603 2142 1657 fidas.
2168 1600 2309 1654 Deus
2331 1599 2472 1653 enim
2497 1606 2581 1652 est
2604 1594 2694 1666 qui
2723 1609 2817 1648 nos
2840 1594 2893 1647 in
2922 1593 3312 1648 certaminibus
3337 1592 3576 1662 adjuvat,

1989 1694 2098 1746 imo
2144 1691 2234 1758 qui
2268 1699 2322 1744 et
2349 1687 2537 1742 dilexit
2564 1701 2681 1741 nos.
2716 1685 2892 1751 Quare
2926 1683 3058 1737 nihil
3092 1685 3289 1737 mirum
3330 1685 3373 1738 si
3410 1683 3491 1736 vel
3530 1685 3581 1736 in

1996 1783 2190 1840 mediis
2218 1781 2472 1853 periculis
2503 1780 2785 1834 victoriam
2814 1779 2970 1833 facile
3002 1778 3366 1833 obtineamus.

2074 1875 2236 1930 Vens.
2285 1873 2485 1936 38,39.
2522 1890 2540 1925 ι
2582 1871 2904 1925 Persuasum
2942 1871 3085 1925 enim
3120 1870 3408 1933 habemus,
3442 1870 3581 1938 quod

1996 1985 2170 2040 neque
2198 1984 2367 2033 mors,
2394 1982 2571 2038 neque
2601 1967 2731 2032 vita,
2770 1980 2945 2031 neque
2979 1964 3176 2033 angeli,
3222 1978 3400 2031 neque
3435 1966 3587 2034 prin-

1995 2064 2228 2132 cipatus,
2260 2074 2437 2127 neque
2465 2059 2714 2121 virtutes,
2749 2072 2923 2127 neque
2952 2056 3208 2111 instantia
3236 2098 3249 2119 ,
3285 2072 3457 2127 neque
3499 2056 3585 2110 fu-

1998 2166 2138 2217 tura,
2200 2166 2375 2220 neque
2428 2150 2693 2216 altitudo,
2748 2166 2924 2220 neque
2977 2148 3361 2220 profunditas,
3411 2166 3588 2219 neque

2000 2246 2177 2315 aliqua
2205 2244 2307 2298 alia
2333 2255 2587 2299 creatura
2616 2243 2815 2313 poterit
2842 2257 2939 2297 nos
2958 2257 3216 2312 separare
3240 2259 3267 2295 a
3293 2242 3586 2297 dilertiOnc

2000 2339 2092 2394 Dei
2127 2354 2245 2409 quae
2276 2348 2360 2393 est
2406 2338 2458 2392 in
2490 2336 2711 2393 Christo
2729 2335 2854 2391 Jesu
2890 2334 3119 2390 Domino
3157 2344 3361 2389 nostro.
3406 2354 3424 2387 ι
3467 2334 3586 2389 Pri-

2001 2446 2145 2484 mum
2178 2430 2313 2483 dixit
2342 2429 2483 2498 quod
2525 2428 2721 2482 dilexit
2754 2442 2853 2481 nos
2885 2427 3024 2482 Deus
3056 2445 3068 2478 :
3105 2428 3297 2482 deinde
3326 2428 3404 2483 sic
3433 2444 3585 2483 suam

2002 2523 2171 2591 ipsius
2202 2537 2328 2592 erga
2365 2522 2530 2576 Deum
2576 2520 2897 2577 charitatetn
2944 2530 2999 2576 et
3049 2536 3289 2576 amorem
3324 2522 3496 2591 ponit,
3531 2533 3587 2575 ut

2005 2614 2139 2669 nihil
2174 2616 2422 2669 videatur
2453 2629 2704 2683 magnum
2734 2615 2799 2668 de
2830 2628 2888 2667 se
2919 2614 3037 2681 ipso
3065 2614 3266 2669 dicere.
3295 2615 3466 2678 Adeo,
3503 2616 3587 2667 in-

2002 2710 2141 2778 quit,
2170 2711 2465 2776 pendemus
2491 2723 2555 2761 ex
2582 2706 2871 2761 dilectione
2901 2706 3015 2770 Dei,
3044 2716 3102 2759 nt
3138 2723 3241 2762 non
3270 2707 3442 2761 solum
3468 2722 3589 2777 qua:

2003 2802 2131 2856 huic
2162 2802 2283 2856 vita:
2312 2802 2632 2870 contingunt
2666 2800 3002 2853 incommoda
3036 2816 3135 2855 nos
3162 2801 3228 2853 ab
3254 2813 3315 2853 ea
3355 2815 3589 2854 avocare

2001 2902 2272 2963 nequeant
2306 2910 2319 2947 :
2352 2893 2710 2946 verumetiam
2744 2891 2789 2946 si
2825 2902 3087 2961 tyrannus
3124 2892 3323 2963 aliquis
3357 2904 3585 2947 mortem

2001 2984 2385 3038 interminetnr
2409 2982 2667 3048 futuram,
2692 2998 2811 3052 qua:
2835 2982 2885 3035 in
2910 2982 3170 3051 supplicio
3194 2984 3543 3038 sitduratura
3571 3001 3585 3037 :

2002 3077 2045 3132 si
2080 3078 2403 3145 polliceatur
2445 3077 2608 3129 vitam
2644 3076 2805 3129 nullis
2837 3078 3050 3129 saeculis
3095 3076 3584 3140 intertnorituram,

303 3172 403 3225 τοῦ
436 3171 595 3224 Θεοῦ.
626 3170 736 3223 Καὶ
764 3168 815 3220 τί
844 3185 933 3237 μοι
960 3166 1141 3233 λέγεις
1175 3164 1416 3234 βασιλεῖς
1448 3164 1543 3216 καὶ
1566 3163 1896 3233 τυράννουςς
1925 3207 1968 3263 C

1895 3207 1968 3263 ac
2003 3170 2313 3224 allaborans
2350 3171 2449 3223 hoc
2498 3179 2655 3238 pacto
2702 3184 2798 3223 nos
2844 3168 3165 3223 abstrahere
3196 3185 3225 3224 a
3270 3170 3413 3236 Deo,
3454 3173 3587 3226 nihil

303 3265 441 3318 Οὐδὲ
467 3263 710 3332 ἄγγελοι,
750 3261 871 3313 οὐδὲ
903 3262 1071 3311 πᾶσαι
1111 3260 1166 3310 αἱ
1201 3258 1313 3311 ἀνω
1342 3256 1603 3325 δυνάμεις
1639 3256 1894 3326 δυνήσον-

305 3357 567 3425 ταιὴμᾶς
619 3352 999 3425 παρατρέψαν
1042 3350 1160 3402 οὐδὲ
1215 3351 1282 3401 τὰ
1322 3349 1610 3419 παρόντα,
1659 3348 1778 3400 οὐδὲ
1828 3350 1894 3400 τὰ

310 3444 577 3515 μέλλοντα
603 3485 617 3509 ,
647 3442 769 3496 οὕτε
805 3443 1008 3512 ὕψωμα
1030 3482 1043 3505 ,
1078 3442 1326 3493 τουτέστι
1354 3479 1369 3503 ,
1402 3440 1470 3492 τά
1504 3441 1561 3505 ἐν
1609 3440 1856 3508 οὐρανοῖς
1878 3478 1893 3502 ,

307 3537 433 3590 οὕτε
478 3536 677 3607 βάθος,
716 3537 989 3597 τουτέστι,
1026 3534 1096 3585 τὰ
1123 3535 1179 3585 ἐν
1207 3535 1273 3601 τῇ
1311 3535 1404 3601 γῇ,
1441 3530 1563 3583 οὕτε
1594 3532 1744 3597 δόξα,
1774 3531 1896 3583 οὐτε

307 3629 519 3693 ἀδοξία.
552 3628 707 3691 Τινὲς
733 3628 789 3679 δὲ
822 3625 1022 3697 ὕψωμα
1054 3625 1152 3695 τὴν
1185 3624 1462 3693 βασιλείαν
1497 3623 1606 3676 τῶν
1630 3625 1896 3692 οὐρανῶν,

310 3724 474 3797 βάθος
506 3723 562 3776 δὲ
609 3721 709 3793 τὴν
738 3718 1042 3792 ἀποτυχίαν
1081 3717 1288 3787 ταύτης
1330 3716 1563 3770 νοοῦσιν.
1611 3717 1771 3770 Ἀλλὰ
1805 3717 1900 3770 καὶ

310 3817 377 3868 ἂν
408 3815 572 3885 ἑτέρα
604 3814 781 3877 κτίσις
816 3807 906 3882 ἦν,
940 3813 1039 3883 ὃση
1072 3812 1104 3881 ἡ
1150 3810 1321 3882 ὁρατὴ
1351 3811 1447 3862 καὶ
1498 3811 1529 3878 ἡ
1563 3809 1749 3879 νοητὴ,
1800 3812 1899 3861 οὐκ

316 3910 381 3960 ἄν
408 3923 475 3976 με
501 3905 600 3975 τῆς
623 3904 847 3974 ἀγάπης
880 3904 1095 3972 ἐκείνης
1117 3902 1444 3973 ἀποστήσειε
1474 3901 1535 3955 ’⁵.
1561 3902 1671 3971 Οὐχ
1693 3901 1767 3963 ὡς
1792 3900 1899 3953 τῶν

310 3998 561 4066 ἀγγέλων
588 3998 643 4048 δὲ
689 3994 1049 4064 ἀφιστώντων
1084 3996 1210 4058 τοὺς
1245 3994 1571 4064 ἀνθρώπους
1603 3994 1712 4047 ἀπὸ
1760 3996 1802 4047 Χ
1814 4012 1899 4064 ρι-

314 4088 464 4153 στοῦ,
495 4084 614 4139 εἷπε
641 4086 801 4139 τοῦτο
826 4126 840 4151 ,
870 4087 1008 4139 ἀλλὰ
1038 4087 1161 4140 καθ’
1203 4086 1460 4139 ὑπόθεσιν
1502 4087 1593 4139 τὸν
1634 4087 1792 4153 λόγον
1824 4104 1901 4138 τις

312 4182 449 4248 θεὶς,
483 4182 578 4235 καὶ
609 4182 672 4234 ὲκ
707 4180 1025 4249 περιουσίας
1057 4179 1232 4232 θέλων
1264 4180 1431 4243 δεῖξαι
1458 4182 1559 4249 τὴν
1592 4179 1901 4251 ὑπερϐολὴν

310 4277 412 4346 τῆς
432 4276 653 4345 ἀγάπης
681 4273 772 4325 τοῦ
798 4272 955 4325 Θεοῦ·
980 4275 1076 4343 οὐχ
1098 4272 1170 4342 ἦν
1192 4290 1356 4340 φασιν
1386 4274 1435 4324 ot
1471 4272 1708 4341 Ἑϐραῖοι
1734 4272 1897 4341 ἔχειν,

313 4373 450 4424 ἀλλά
480 4372 579 4441 τῆς
610 4372 667 4421 ὲν
692 4369 914 4439 Χριστῷ
948 4370 1146 4439 Ἰησοῦ.
1180 4370 1289 4421 Καὶ
1320 4370 1428 4436 γὰρ
1468 4369 1711 4421 Ἰουδαῖοί
1737 4386 1901 4438 φασιν

312 4464 536 4533 ἀγαπᾷν
568 4461 657 4514 τὸν
673 4461 829 4526 Θεὸν,
857 4460 971 4513 ἀλλ’
994 4461 1094 4513 οὐκ
1126 4463 1183 4513 ὲν
1210 4460 1432 4531 Χριστῴ
1470 4459 1644 4531 Ἰησοῦ
1668 4478 1680 4490 ο
1706 4461 1765 4512 οὐ
1794 4459 1900 4529 γὰρ

310 4556 496 4624 ἔχουσι
526 4552 627 4622 τὴν
654 4553 787 4622 πρὸς
822 4551 1058 4622 Χριστὸν
1083 4554 1285 4605 πίστιν.

2001 3264 2158 3332 plane
2227 3263 2439 3317 efficiet.
2518 3262 2720 3331 Ecquid
2778 3261 2909 3315 mihi
2965 3277 3119 3332 reges
3198 3279 3261 3319 ac
3325 3275 3585 3335 tyraunOs

1999 3355 2224 3424 objicis?
2258 3354 2443 3424 Neque
2490 3355 2701 3423 angeli,
2744 3370 2922 3424 neque
2972 3370 3156 3411 omnes
3198 3372 3446 3425 superna:
3486 3374 3586 3427 po-

2002 3456 2224 3503 testates
2278 3455 2528 3517 poterunt
2578 3462 2676 3502 nos
2720 3456 2967 3503 avertere
3018 3466 3029 3502 :
3079 3448 3189 3519 66
3229 3464 3400 3518 neque
3448 3465 3586 3517 pra:-

2001 3542 2216 3604 sentia,
2274 3555 2447 3609 neque
2508 3538 2721 3604 futura,
2798 3555 2971 3607 neque
3050 3543 3310 3608 altitudo,
3354 3542 3454 3596 hoc
3504 3556 3588 3598 εει

2007 3646 2125 3699 qua:
2179 3632 2228 3685 in
2282 3632 2455 3694 caelis,
2521 3645 2695 3699 neque
2752 3632 3113 3699 profunditas,
3165 3633 3266 3686 hoc
3322 3641 3406 3686 est
3468 3649 3587 3700 qua:

2006 3724 2057 3777 in
2124 3732 2301 3789 terra,
2355 3737 2529 3792 neque
2583 3724 2789 3793 gloria,
2848 3738 3020 3793 neque
3080 3724 3399 3794 ignominia.
3457 3726 3590 3799 Qui-

2004 3816 2125 3866 dam
2159 3828 2257 3882 per
2293 3814 2671 3879 altitudinem,
2707 3815 2968 3870 cwlorum
3006 3830 3273 3886 regnum;
3318 3830 3415 3886 per
3464 3834 3590 3887 pro-

2002 3906 2321 3961 funditatem
2351 3950 2365 3974 ,
2410 3908 2679 3975 jac-turam
2720 3908 2837 3973 ejus
2879 3907 3209 3978 intelligunt.
3247 3907 3506 3980 Insuper,
3544 3915 3587 3965 si

2004 4000 2148 4053 aliud
2179 4009 2325 4054 esset
2368 3999 2552 4052 mundi
2585 3998 2861 4066 opificium
2909 4009 3118 4053 tantum
3160 4012 3429 4069 quantum
3462 4004 3593 4058 visi-

2005 4092 2110 4145 hile
2145 4090 2250 4145 hoc
2293 4099 2347 4144 ct
2396 4090 2765 4160 intelligibile,
2805 4107 2831 4143 a
2866 4091 3152 4145 dilectione
3200 4095 3316 4159 ejus
3352 4109 3436 4147 me
3482 4109 3587 4147 non

2005 4184 2283 4237 averterit.
2320 4182 2434 4237 Non
2486 4195 2665 4237 autem
2715 4186 2854 4253 quod
2902 4185 3077 4254 angeli
3121 4186 3367 4240 homines
3414 4200 3442 4240 a
3482 4185 3590 4239 Deo

2005 4276 2314 4330 desciscere
2363 4275 2596 4340 faciant,
2638 4277 2738 4329 hoc
2789 4278 2971 4330 dixit:
3005 4292 3190 4331 verum
3228 4292 3294 4331 ex
3340 4280 3591 4347 supposi-

2006 4370 2149 4425 tione
2196 4384 2505 4424 sermonem
2558 4369 2700 4422 hunc
2757 4369 3012 4437 protulit,
3048 4379 3102 4424 et
3155 4383 3221 4424 ex
3258 4370 3584 4424 abundantia

2004 4462 2293 4520 ostendere
2349 4460 2538 4515 volens
2583 4460 2890 4514 dilectionis
2935 4461 3024 4515 Dei
3065 4463 3489 4531 magnitudinem
3537 4474 3590 4516 et

1926 4552 1967 4603 D
2000 4556 2415 4621 excellentiam;
2446 4570 2550 4608 non
2585 4554 2798 4623 qualem
2828 4552 3041 4608 llebraai
3064 4570 3124 4609 se
3146 4555 3351 4610 habere
3377 4555 3587 4622 dicunt,

310 4650 405 4700 sed
438 4647 614 4711 qualis
651 4656 735 4701 est
771 4646 836 4699 iis
865 4647 953 4714 qui
1006 4658 1133 4701 sunt.
1175 4649 1226 4699 in
1256 4645 1473 4701 Christo
1505 4646 1649 4701 Jesu.
1722 4646 1931 4703 Etenim
1969 4652 2142 4708 Judaei
2187 4651 2375 4705 dicunt
2451 4663 2569 4704 sese
2621 4646 2848 4718 diligere
2896 4647 3100 4716 Deum,
3153 4664 3338 4704 verum
3389 4664 3495 4704 non
3536 4649 3588 4704 in

309 4740 531 4794 Cbristo
560 4737 687 4793 Jesu
721 4757 734 4791 :
773 4752 876 4791 non
915 4739 1060 4791 enim
1094 4739 1295 4794 habent
1327 4740 1483 4794 fidem
1515 4742 1565 4794 in
1600 4744 1898 4797 Christum.

913 4855 1163 4908 ΚΕΦΑΛ.
1208 4853 1289 4908 6'.

390 4987 411 5020 ε
464 4970 749 5039 Ἀλήθειαν
788 4968 930 5037 λέγω
959 4970 1015 5020 ὲν
1047 4966 1291 5038 Χριστῷ,
1326 4969 1386 5020 οὐ
1414 4970 1680 5039 ψεύδομαι
1714 4970 1729 5039 (
1758 4988 1899 5039 συμ-

315 5062 705 5137 μαρτυρούσης
740 5080 831 5131 μοι
870 5062 968 5130 τῆς
999 5059 1358 5131 συνειδήσεώς
1397 5081 1498 5131 μου
1540 5066 1596 5116 ὲν
1625 5064 1900 5134 [Ινεύματι

315 5153 521 5224 ἁγίῳ),
550 5154 630 5205 ὅτι
668 5152 812 5222 λύπη
862 5154 953 5222 μοι
985 5155 1099 5206 ἐστι
1136 5153 1377 5223 μεγάλη,
1428 5157 1525 5209 καὶ
1555 5157 1902 5221 ἀδιάλειπτος

312 5247 477 5314 ὀδύνη
504 5248 559 5297 ἐν
585 5250 649 5314 τῇ
677 5246 877 5315 καρδίᾳ
912 5261 1036 5313 μου.
1080 5264 1098 5296 ι
1137 5247 1339 5299 Μέλλει
1372 5249 1575 5318 προῖὼν
1604 5250 1793 5315 δεῖξαι,
1823 5252 1902 5304 ὅτι

312 5342 374 5391 οὐ
404 5344 605 5395 πάντες
646 5338 694 5388 οί
723 5338 782 5399 ἐξ
826 5336 1113 5405 Ἁϐραάμ,
1158 5340 1381 5409 σπέρμα
1410 5340 1573 5393 αὐτοῦ
1619 5343 1748 5395 εἰσι.
1796 5344 1903 5395 Καὶ

316 5431 405 5481 ἶνα
438 5427 513 5497 μὴ
550 5428 676 5499 δόξῃ
722 5426 843 5480 κατ’
869 5428 1178 5495 ὲμπάθειαν
1208 5429 1380 5482 ταῦτα
1411 5429 1611 5498 λέγειν,
1654 5435 1901 5502 προλαμ-

316 5523 494 5585 ϐάνει,
531 5523 624 5571 καὶ
660 5520 807 5586 λέγει
842 5519 1102 5589 περὶτῶν
1142 5520 1409 5591 Ἐϐραῖων
1441 5524 1509 5575 τὰ
1539 5524 1899 5595 χρηστότερα,

2618 4848 2847 4907 GAPUT
2879 4847 2972 4904 ΙΧ.

2080 4968 2243 5022 Vens.
2293 4967 2344 5029 l,
2395 4966 2449 5018 2.
2506 4983 2523 5015 ι
2567 4964 2865 5019 Veritatem
2899 4963 3019 5018 dico
3064 4965 3119 5019 in
3164 4964 3423 5035 Christo,
3484 4985 3593 5025 nor.

2007 5061 2239 5114 mentior
2291 5057 2706 5127 (testimonium
2746 5057 2872 5111 mihi
2907 5056 3228 5123 perhibente
3254 5062 3591 5116 conscientia

2009 5168 2125 5207 mea
2157 5154 2207 5206 in
2250 5150 2456 5220 Spiritu
2482 5150 2716 5218 sancto).
2758 5148 3027 5214 Quoniam
3060 5150 3277 5205 tristitia
3323 5154 3452 5208 mihi
3487 5171 3594 5208 ma-

2008 5263 2110 5315 gna
2137 5254 2240 5310 est,
2268 5253 2322 5298 et
2345 5244 2635 5298 continuus
2660 5244 2813 5297 dolor
2834 5243 2983 5297 cordi
3008 5257 3152 5299 meo.
3201 5263 3219 5296 ι
3252 5245 3594 5301 Demonstra-

2011 5350 2164 5393 turus
2214 5348 2299 5393 est
2351 5338 2401 5390 in
2452 5352 2738 5407 procursu,
2785 5338 2928 5406 quod
2976 5354 3084 5392 non
3131 5354 3344 5403 omnes,
3386 5341 3477 5410 qui
3528 5359 3590 5396 ex

2006 5434 2314 5497 Abraham,
2360 5448 2546 5487 semen
2591 5432 2762 5501 ipsius
2802 5434 2932 5486 sint.
2974 5430 3057 5486 Ne
3104 5448 3238 5489 vero
3285 5449 3349 5488 ex
3399 5434 3591 5490 affectu

2010 5529 2122 5581 haec
2152 5528 2401 5582 videatur
2426 5524 2609 5580 dicere
2631 5566 2645 5591 ,
2685 5525 2995 5590 antevertit,
3027 5541 3089 5580 ac
3118 5527 3184 5581 de
3216 5526 3455 5582 Hebrmis
3482 5544 3597 5583 me-

1674 5660 1873 5722 Varize
1897 5660 2221 5724 lectiones.

389 5782 435 5862 ”_
468 5781 604 5862 ἀλλὰ
648 5782 1011 5862 κάν-θάνατόν
1036 5803 1120 5849 τις
1174 5785 1373 5857 ἀπειλῇ
1427 5787 1519 5840 τὸν
1586 5788 1869 5857 μέλλοντα,
1930 5788 2019 5841 τὸν
2064 5790 2351 5854 ἀθάνατον,
2409 5790 2500 5843 τὸν
2541 5790 2596 5843 ὲν
2620 5792 2687 5861 τῇ
2716 5788 2936 5844 κολάσει
2966 5807 3020 5844 ο.
3098 5790 3145 5823 ⁸³
3193 5792 3594 5862 ἀποστῆσαιο.

319 5855 365 5886 ³³
420 5855 688 5924 ἐχώρισεν
743 5854 775 5923 ἢ
829 5856 1146 5921 ἀπέστησεν
1179 5874 1231 5910 o.

613 5946 883 6007 PAl'ltUL.
930 5949 1039 6009 Gs.
1092 5950 1350 6012 CXXIV.

3208 5958 3281 6015 15
