4286 6444
734 414 846 479 459

1662 417 1758 475 ΤΗ
1775 410 1962 475 EOPH
1979 414 2232 475 YlAC'l‘i
2284 416 2693 479 BUl.G.\RM3
2744 423 2784 478 Α
2799 421 2943 481 RCH
2958 422 2972 481 l
2987 422 3095 484 ΕΡ.

3889 435 3996 497 460

739 534 873 583 liora
908 529 1058 586 dicit,
1095 527 1456 593 suSpit-ioncm
1498 526 1637 581 hanc
1673 529 1956 594 adimens,
1999 511 2320 584 confitetur-
2345 533 2431 593 Α·

2306 556 2320 571 .
2345 533 2395 593 Α
2421 531 2518 601 τὴν
2559 532 2816 586 ὑπόνοιαν
2844 536 3049 608 ταύτην
3092 538 3366 610 ἀναιρῶν,
3404 543 3494 596 καὶ
3524 545 3776 616 ὁμολογεῖ
3798 548 3998 616 αὐτοὺς

734 640 839 693 que
870 637 927 676 se
963 621 1084 675 illos
1116 620 1449 674 excellenter
1482 637 1685 674 amare.
1740 620 1816 677 Ne
1850 637 1979 678 vero
2026 633 2311 692 suspectus

739 717 1018 777 habeatur,
1056 727 1119 766 ac
1148 711 1250 765 lide
1281 728 1469 782 parum
1505 713 1722 781 dignus,
1771 734 1787 765 ι
1824 715 2142 783 Veritatem,
2177 736 2195 769 ι
2233 718 2315 771 itt-

734 808 869 874 quit,
911 823 928 855 ι
961 804 1082 857 dico
1114 805 1163 855 in
1196 802 1440 863 Christo,
1474 818 1577 855 non
1609 805 1859 858 utentior.
1893 823 1911 856 ι
1949 804 2313 875 Producitque

733 906 842 951 tres
875 896 924 949 iu
948 894 1339 958 testimonium,
1358 894 1658 962 Christum,
1681 911 1829 950 suant
1852 895 2016 966 ipsius
2030 898 2314 951 conscien-

733 994 879 1051 tiattt,
911 998 965 1045 et
1012 989 1270 1058 Spiritum
1314 996 1586 1055 Sanctum,
1636 988 1885 1057 inquiens
1932 1004 1946 1041 :
1994 1008 2013 1041 ι
2047 989 2309 1056 Quoniam

732 1086 948 1138 tristitia
988 1085 1114 1138 mihi
1146 1093 1229 1135 est
1255 1098 1469 1150 magna,
1513 1101 1531 1133 ι
1571 1097 1662 1134 cor
1698 1097 1873 1137 meum
1908 1084 2167 1158 exedens,
2200 1081 2312 1148 He-

731 1179 997 1231 ltraaorum
1046 1175 1293 1239 nomine,
1343 1175 1485 1241 quod
1533 1184 1687 1228 extra
1733 1174 1961 1243 gratiam
2000 1175 2158 1231 sint:
2211 1175 2314 1231 hoc

730 1273 874 1323 enim
905 1272 1148 1324 dicturus
1180 1280 1283 1324 cst.

806 1364 963 1419 V'tztts.
998 1366 1050 1420 5.
1091 1385 1109 1416 ‹
1148 1364 1392 1435 Optarim
1423 1364 1566 1418 enim
1601 1365 1713 1434 ipse
1745 1380 1842 1435 ego
1872 1366 2160 1419 anathema
2191 1379 2312 1421 esse

733 1478 756 1510 ιι
790 1458 1008 1513 Christo
1039 1473 1135 1522 pro
1162 1457 1420 1513 fratribus
1451 1459 1606 1520 meis,
1641 1458 1732 1525 qui
1775 1457 1903 1511 inihi
1933 1469 2059 1512 sunt
2093 1460 2308 1527 cognati

730 1554 1026 1607 secundum
1070 1567 1312 1606 carnem.
1356 1570 1375 1604 ι
1422 1551 1557 1618 Quid
1610 1553 1893 1605 anathema
1937 1554 2034 1617 sit,
2071 1552 2305 1622 primum

732 1648 875 1699 disce
908 1662 921 1698 :
957 1643 1262 1710 Separatio,
1289 1643 1640 1699 abalienatiu.
1670 1644 2135 1710 Qnetnadmodum
2162 1645 2305 1698 enim

731 1750 923 1789 munus
957 1737 1063 1789 Deo
1094 1735 1331 1789 oblatum
1357 1751 1517 1790 nemo
1553 1736 1714 1790 audet
1742 1738 2007 1805 attingere
2037 1754 2049 1789 :
2086 1736 2157 1790 ita
2184 1751 2306 1790 eum

728 1828 1197 1881 cxcommunicato
1220 1827 1303 1897 agi
1334 1826 1487 1889 solet,
1536 1834 1910 1881 verumtamen
1938 1826 2042 1878 alia
2073 1826 2301 1882 ratione.

2418 623 2861 693 ὑπερϐαλλόντως
2888 629 3083 696 φιλεῖν.
3118 631 3238 684 Ἵνα
3266 633 3323 686 δὲ
3361 636 3435 707 μὴ
3468 637 3768 710 ἀπιστηθῇ.
3790 642 3957 710 φησίν
3977 657 3997 675 ο

2421 734 2439 765 ι
2494 715 2774 787 ’Λλήθειαν
2803 717 2945 786 λέγω
2975 722 3032 774 ἐν
3074 723 3332 794 Χριστῷ,
3379 729 3440 779 οὐ
3482 726 3769 798 ψεὺὁρμαι.
3822 750 3839 782 ι
3885 735 3989 786 Ka"

2418 809 2773 881 συμπαράγει
2812 812 2852 842 ¹⁶
2889 815 3039 882 τρεῖς
3075 792 3400 888 μάρτυρας,
3445 792 3537 872 τόν
3576 792 3848 893 ίριστδν,
3894 828 3996 892 τὴν

2414 899 2611 955 ἑαυτοῦ
2642 904 2965 975 συνείδησιν,
2998 908 3091 960 καὶ
3122 909 3184 962 τὸ
3221 910 3447 982 Πνεῦμα
3476 912 3537 966 τὸ
3564 914 3741 982 ἀγιον,
3766 916 3859 969 καί
3890 936 3961 986 φτ,
3981 948 3995 957 -

2416 1008 2519 1055 σιν,
2544 995 2625 1048 ὅτι
2655 998 2813 1069 Λύπη
2848 999 2937 1069 μοί
2969 1002 3085 1054 ἐστι
3116 1003 3352 1075 μεγάλη,
3376 1008 3735 1062 κατεσθίουσά
3766 1029 3867 1077 μου
3895 1013 3994 1080 τὴ.-

2414 1090 2642 1159 καρδίαν
2668 1134 2682 1158 ,
2712 1094 2853 1165 ὑπὲρ
2896 1094 3005 1147 τῶν
3041 1093 3347 1165 Ἐϐραίων,
3380 1099 3464 1151 ὅτι
3508 1099 3614 1164 ἔξω
3641 1103 3737 1171 τῆς
3771 1104 3982 1171 χάρτης

2413 1186 2693 1255 γεγόνασι·
2729 1188 2888 1241 τοῦτο
2922 1191 3028 1261 γέτρ
3066 1191 3244 1261 μέλλει
3271 1192 3464 1247 είπεῖν.

2491 1384 2509 1417 ι
2545 1366 2805 1437 Ιίὺχόμην
2839 1368 2948 1439 γὰρ
2971 1371 3135 1435 αὐτὸς
3168 1371 3281 1441 ἐγὼ
3313 1373 3561 1445 ἀνάθεμα
3583 1367 3721 1428 εἶναι
3752 1376 3861 1429 ἀπὸ
3896 1378 3992 1429 τοῦ

2412 1456 2671 1524 Χριστοῦ,
2708 1459 2847 1528 ὑπὲρ
2874 1460 2979 1511 τῶν
3010 1460 3253 1527 ἀδελφῶν
3286 1481 3389 1534 μου
3426 1465 3538 1517 τῶν
3572 1466 3852 1534 συγγενῶν
3887 1484 3992 1537 μου

2412 1547 2553 1602 κατά
2586 1549 2786 1617 σάρκα.
2834 1572 2850 1603 ι
2894 1551 2958 1606 Τί
2989 1555 3196 1607 ἔστιτὸ
3238 1556 3487 1629 ἀνάθεμα
3543 1558 3682 1629 μάθε
3734 1559 3993 1630 πρῶτονο

2412 1642 2713 1711 χωρισμὸς,
2748 1643 3122 1715 ἀλλοτρίωσις.
3152 1647 3364 1719 Ὠσπερ
3396 1652 3504 1720 γὰρ
3526 1651 3619 1704 τοῦ
3644 1651 3995 1723 ἀναθήματος

2411 1732 2503 1785 τοῦ
2538 1733 2926 1802 ἀνατιθεμένου
2958 1736 3077 1806 Θεῷ
3115 1738 3291 1802 οὐδεὶς
3321 1740 3563 1810 ἅψασθαι
3606 1743 3781 1814 τολμᾷ
3802 1784 3816 1806 ,
3848 1744 3994 1797 οὕτω

2411 1826 2504 1875 καὶ
2544 1824 2640 1877 τοῦ
2685 1824 3319 1897 ἀναθεματιζομένουη·
3368 1832 3507 1903 πλὴν
3561 1832 3733 1902 ἑτέρῳ
3779 1835 3989 1904 τρόπῳ.

732 1920 899 1975 Sacro
925 1922 1068 1975 enim
1099 1921 1303 1973 muneri
1343 1912 1504 1974 nemo
1539 1934 1657 1974 sese
1688 1920 1979 1973 admovere
2008 1919 2170 1973 audet
2205 1918 2301 1974 lto-
2330 1907 2377 1967 Β
2407 1917 2424 1968 'l

2330 1907 2377 1967 Β
2407 1916 2497 1987 Τῷ
2524 1916 2622 1985 μὲν
2649 1919 2756 1988 γὰρ
2791 1918 2921 1988 ίερῷ
2947 1920 3282 1990 ἀναθήματι,
3313 1922 3483 1993 τιμῆς
3509 1924 3692 1976 ἕνεκεν
3719 1925 3781 1977 οῦ
3811 1925 3993 1995 τολμᾷ

730 2014 877 2067 noris
921 2027 1083 2066 causa
1116 2029 1130 2065 :
1162 2014 1359 2081 quippe
1391 2012 1501 2066 Dco
1528 2011 1776 2066 collatum
1822 2018 2304 2079 consecratumque

726 2118 844 2171 est;
889 2107 957 2160 ab
1007 2107 1109 2161 hoc
1141 2120 1265 2159 vero
1292 2114 1611 2173 separantur
1654 2117 1862 2167 omnes,
1914 2117 2013 2156 ceu
2050 2100 2300 2172 profano,

729 2196 1139 2263 abalienatoque
1189 2208 1218 2246 a
1273 2193 1405 2247 Deo.
1464 2193 1600 2259 Quid
1650 2193 1813 2261 igitur
1863 2203 1946 2246 est
1984 2197 2126 2261 quod
2171 2193 2303 2247 dicit

731 2288 961 2343 Paulus?
1000 2288 1221 2341 Videtur
1260 2288 1403 2341 enim
1438 2286 1538 2340 hoc
1574 2287 1688 2338 luco
1724 2285 2053 2354 supradictis
2080 2297 2301 2339 contra-

728 2386 903 2435 fteet'e
942 2401 953 2435 :
1009 2382 1117 2434 illic
1151 2381 1293 2434 enim
1327 2380 1500 2444 dixit,
1549 2396 1568 2429 ι
1617 2377 1784 2431 Nemo
1819 2393 1917 2432 nos
1959 2377 2234 2446 separabit
2271 2391 2301 2431 a

727 2475 992 2527 tltaritate
1020 2475 1108 2527 Dei
1137 2490 1152 2530 ;
1187 2492 1203 2522 ι
1238 2471 1347 2539 jam
1380 2486 1523 2525 nunc
1550 2486 1678 2526 vero
1712 2482 1903 2541 Optare
1937 2486 1999 2527 se
2030 2472 2141 2536 ait,
2175 2482 2231 2526 ut
2273 2487 2300 2524 a

726 2569 945 2621 Christo
980 2576 1286 2632 separetur.
1328 2563 1550 2617 Vidi-tur
1594 2578 1721 2633 ergo
1772 2565 2047 2617 contraria
2096 2564 2301 2630 dicere,

728 2662 820 2713 sed
856 2675 959 2711 non
985 2659 1054 2710 ita
1085 2673 1143 2712 se
1174 2673 1259 2711 res
1291 2656 1474 2722 habet,
1524 2657 1962 2724 quamtoquidem
1993 2664 2045 2709 et
2077 2656 2177 2709 hoc
2207 2671 2303 2725 pro

726 2752 994 2806 clnritate
1043 2750 1132 2804 Dei
1164 2749 1331 2805 dicat.
1367 2749 1502 2802 Cum
1545 2749 1687 2801 enittt
1718 2763 1908 2803 oumcs
1942 2747 2107 2801 Deum
2146 2761 2302 2801 accu-

729 2854 931 2904 sarent,
955 2844 1097 2912 quod
1127 2841 1381 2895 Hebraeos
1414 2841 1703 2909 adoptione
1735 2840 1999 2905 donatos,
2032 2837 2304 2911 gloriﬁca-

731 2951 939 3006 tnsque,
967 2936 1209 3005 adeoque
1238 2933 1470 3002 majores
1491 2932 1692 2986 Christi
1717 2933 2036 3001 appellatos,
2060 2930 2303 2999 ejiceret,

731 3027 1128 3096 iguOminiaque
1158 3023 1414 3089 amcel‘el,
1438 3036 1597 3093 atque
1640 3022 1692 3076 in
1723 3022 1933 3076 illorum
1964 3021 2138 3076 locum
2171 3036 2302 3091 gen-

731 3136 831 3186 tes,
865 3135 986 3189 quae
1027 3121 1196 3188 ipsum
1230 3134 1503 3186 nunquam
1542 3115 1889 3187 agnovissent
1917 3114 2048 3185 67,
2079 3115 2300 3171 induce-

732 3224 807 3264 tct
841 3229 854 3265 :
904 3212 1126 3279 ejusque
1173 3208 1529 3262 Providentiae
1559 3209 2035 3260 obtnurmurarent
2065 3221 2129 3261 ac
2158 3206 2301 3261 blas-t

730 3306 1083 3369 phemarent,
1144 3301 1298 3369 quasi
1363 3302 1475 3355 Ita~c
1533 3299 1731 3369 injuste
1790 3296 2000 3361 tierent,
2056 3308 2109 3354 et
2163 3298 2304 3352 Deus

732 3399 963 3462 ipsorum
1002 3394 1453 3462 progenitoribus,
1505 3390 1702 3460 quibus
1754 3389 1868 3458 ipsa
1903 3389 2041 3443 dona
2081 3387 2303 3458 pollice-

733 3492 911 3551 batur,
941 3492 1305 3556 imposurrat:
1330 3498 1562 3537 ιιιαπυηδ
1583 3482 1764 3551 itaque
1794 3480 2009 3547 Paulus,
2038 3482 2305 3551 anxieque

733 3592 909 3636 motus
938 3589 989 3633 et
1021 3594 1233 3632 morsus
1274 3592 1370 3645 pro
1398 3576 1491 3630 Dei
1528 3576 1719 3644 gloria,
1748 3575 1953 3643 Optavit
1993 3574 2302 3639 anathema,

732 3676 779 3726 id
806 3685 907 3737 est,
936 3671 1269 3725 abalienatus
1293 3683 1413 3725 esse
1440 3683 1467 3721 a
1490 3667 1730 3730 Christo,
1759 3680 1815 3720 ut
1839 3667 1911 3720 illi
1936 3676 2302 3732 servarentur,

731 3765 1226 3831 dissolvereturque
1259 3776 1445 3815 eorum
1479 3761 1736 3814 adversus
1775 3758 1941 3811 Deum
1979 3758 2306 3815 maledicen-

732 3864 825 3913 lin.
856 3858 1039 3912 Viden’
1063 3857 1222 3925 igitur
1239 3855 1378 3924 quod
1405 3869 1470 3907 ex
1496 3841 1807 3919 amorequo
1835 3853 1886 3905 in
1911 3850 2077 3905 Deum
2108 3851 2308 3906 inﬂam-

733 3965 907 4005 matus
947 3961 1062 4013 est,
1104 3959 1252 4018 optat
1299 3946 1343 4001 si
1380 3947 1539 4000 modo
1574 3946 1686 4000 ﬁeri
1742 3946 1945 4014 possit,
1982 3945 2225 4015 separari
2275 3959 2303 3997 a

731 4056 874 4098 vultu
908 4060 1094 4096 eorum
1126 4041 1214 4109 qui
1248 4056 1367 4093 eunt
1400 4037 1618 4092 Christo
1646 4049 1906 4091 {cternnm
1940 4036 2158 4091 vivent?
2186 4035 2304 4090 Non

731 4158 759 4187 ιι
802 4136 1063 4187 t-Itaritate
1125 4131 1326 4200 ipsius,
1384 4131 1480 4184 sed
1533 4128 1700 4197 gloria
1761 4129 1962 4197 ipsius,
2014 4135 2068 4181 et
2124 4125 2309 4194 gloria:

734 4230 927 4280 t't-uetu.
963 4223 1189 4277 Perinde
1224 4238 1287 4274 ac
1338 4232 1519 4289 patres
1567 4233 1940 4289 satpenumero
1974 4234 2003 4273 a
2052 4218 2174 4273 (iliis
2217 4232 2305 4272 se-

732 4330 1045 4386 gregantur,
1088 4325 1146 4368 ut
1193 4313 1561 4382 glorilicentur
1607 4311 1735 4373 ﬁlii,
1783 4312 2005 4364 minime
2060 4321 2240 4363 tamen
2278 4328 2306 4363 ιι

734 4412 961 4463 tiliorum
988 4405 1278 4463 dilectibne
1307 4402 1637 4467 abalienati,
1665 4401 1757 4456 sed
1810 4401 1911 4470 ipsi
1948 4400 2160 4469 inglorii
2188 4416 2308 4456 esse

732 4503 1033 4569 cupientes,
1063 4506 1121 4551 ut
1152 4497 1226 4549 illi
1258 4495 1498 4549 celebres
1528 4494 1779 4549 evadant.
1815 4493 2001 4561 Itaque
2038 4494 2186 4560 ipse,
2227 4493 2310 4545 in-

2408 2025 2489 2070 τις
2538 2009 2793 2076 ἐγγίσαι,
2828 2009 2904 2072 ὡς
2948 2012 3298 2083 ἀνακειμένῳ
3325 2014 3477 2083 Θεῷ·
3512 2016 3704 2068 τούτου
3734 2016 3790 2069 δέ
3819 2018 3992 2085 χωρί-

2406 2101 2591 2165 ζονται
2646 2104 2876 2167 πάντες,
2923 2104 3000 2166 ὡς
3049 2105 3268 2176 ἀνιέρου
3319 2108 3413 2159 καὶ
3464 2106 3989 2177 ἀπηλλοτριωμένοι»

2404 2194 2539 2247 Θεοῦ
2567 2195 2629 2249 ¹⁸.
2666 2194 2729 2249 Τί
2752 2194 2844 2249 οῦν
2878 2196 3026 2250 ἐστιν
3052 2197 3080 2250 ὅ
3099 2198 3251 2266 λέγει
3273 2200 3301 2252 ό
3326 2199 3536 2262 Παῦλος
3560 2216 3575 2264 ;
3598 2198 3853 2251 Φαίνεται
3878 2200 3990 2267 γάρ

2405 2288 2623 2340 ἐναντία
2655 2289 2829 2356 λέγων
2866 2294 2979 2353 τοῖς
3012 2293 3267 2363 ἀνωτέρω
3297 2292 3536 2363 ῥηθεῖσι.
3568 2294 3699 2347 Τότε
3740 2294 3842 2365 μὲν
3877 2293 3991 2364 γὰρ

2404 2378 2610 2445 ἔλεγεν,
2643 2383 2725 2432 ὅτι
2760 2401 2777 2431 r
2826 2382 3019 2445 Οὐδεὶς
3053 2384 3199 2453 ἡμᾶς
3232 2385 3458 2454 χωρίσει
3488 2385 3597 2437 ἀπὸ
3627 2384 3725 2456 τῆς
3765 2386 3992 2455 ἀγάπης

2406 2472 2496 2523 τοῦ
2523 2471 2657 2525 Θεοῦ
2684 2474 2761 2504 ¹⁹⁶
2806 2492 2825 2524 ι
2883 2475 2981 2527 νῦν
3029 2477 3086 2529 δὲ
3145 2476 3401 2547 εὔχεσθαί
3433 2494 3608 2549 φησι,
3647 2479 3991 2548 χωρισθῆναι

2406 2564 2511 2617 ἀπὸ
2568 2565 2660 2617 τοῦ
2705 2565 2965 2635 Χριστοῦ.
2996 2570 3159 2619 Δοκεῖ
3208 2568 3300 2621 οὖν
3346 2571 3564 2623 ἐναντία
3606 2570 3831 2637 λέγειν,
3888 2572 3991 2622 οὐκ

2407 2654 2522 2705 ἔστι
2556 2655 2613 2707 δέ
2642 2671 2656 2685 ·
2687 2658 2780 2708 καὶ
2820 2658 2928 2726 γὰρ
2981 2656 3074 2710 καὶ
3116 2656 3274 2710 τοῦτο
3315 2658 3461 2727 ὑπὲρ
3495 2660 3595 2728 τῆς
3628 2660 3851 2728 ἀγάπης
3894 2658 3990 2711 τοῦ

2405 2744 2541 2797 Θεοῦ
2576 2745 2744 2814 λέγει.
2796 2747 3014 2819 Ἐπειδὴ
3063 2749 3170 2820 γὰρ
3223 2748 3462 2813 ἅπαντες
3506 2749 3600 2801 τοῦ
3655 2750 3793 2802 Θεοῦ
3840 2767 3981 2803 κατ-

2407 2840 2667 2911 ηγόρουν,
2716 2841 2799 2893 ὅτι
2846 2842 2972 2902 τοὺς
3007 2841 3340 2904 ἀξιωθέντας
3391 2844 3490 2913 τῆς
3534 2841 3832 2905 υἱοθεσίας,
3886 2845 3983 2895 καὶ

2408 2931 2784 2996 δοξασθέντας,
2819 2934 2913 2985 καὶ
2949 2933 3301 3003 προπάτορας
3341 2933 3578 3004 Χριστοῦ
3606 2935 3989 3005 χρηματίσαν-

2409 3039 2507 3087 τας
2531 3066 2545 3089 ,
2583 3025 2711 3087 τοὺς
2759 3023 3072 3094 Ἐϐραίους,
3108 3023 3331 3090 ἐξέϐαλε
3357 3064 3372 3088 ,
3403 3027 3499 3078 καὶ
3522 3026 3794 3095 ἠτίμασεν
3814 3043 3831 3058 ⁸
3858 3029 3959 3081 ἀντ
3976 3060 3990 3068 -

2409 3117 2672 3184 εισήγαγε
2723 3116 2780 3168 δὲ
2805 3118 2930 3178 τοὺς
2962 3117 3226 3187 μηδέποτε
3256 3118 3419 3171 αὑτὸν
3454 3118 3789 3185 ιέπιγνόντας
3814 3160 3830 3184 ,
3861 3123 3991 3183 τοῦς

2414 3206 2471 3272 ἐξ
2529 3205 2732 3259 ἐθνῶν·
2789 3208 2883 3259 καὶ
2943 3208 3348 3276 κατεγόγγυζον
3400 3209 3498 3279 τῆς
3539 3212 3803 3281 Προνοίας
3831 3252 3846 3276 ,
3892 3216 3989 3267 καὶ

2411 3298 2812 3367 ἐϐλασφήμουν,
2852 3299 2927 3362 ὡς
2947 3298 3149 3361 ἀδίκως
3180 3301 3386 3354 τούτων
3419 3304 3740 3372 γινομένων,
3766 3305 3864 3356 καὶ
3886 3306 3987 3359 τοῦ

2409 3390 2543 3443 θεοῦ
2568 3393 2948 3461 ἀπατήσαντος
2980 3394 3108 3455 τοὺς
3150 3396 3449 3464 προγόνους
3475 3436 3491 3462 ,
3520 3392 3600 3459 οἷς
3632 3398 3727 3451 καὶ
3754 3401 3853 3459 τὰς
3882 3399 3988 3451 δω·

2414 3480 2537 3550 ρεάς
2564 3482 2610 3511 "
2637 3481 3000 3550 ἐπηγγείλατο
3019 3499 3033 3514 ο
3067 3482 3250 3550 ἀλγῶν
3289 3484 3316 3535 ό
3354 3482 3560 3547 Ιιαῦλος
3591 3487 3685 3538 καὶ
3711 3485 3982 3556 δακνόμε-

2410 3592 2497 3636 νος
2521 3574 2659 3644 ὑπὲρ
2681 3575 2783 3644 τῆς
2811 3574 2907 3628 τοῦ
2948 3574 3086 3629 Θεοῦ
3109 3575 3287 3646 δόξης,
3316 3575 3521 3646 ηῦξατο
3546 3578 3796 3648 ἀνάθεμα
3821 3580 3987 3642 αὐτὸς

2412 3662 2572 3733 εἶναι,
2604 3668 2744 3721 ὥστε
2786 3667 3025 3738 σωθῆναι
3054 3670 3320 3733 ἐκείνους,
3351 3671 3445 3722 καὶ
3474 3671 3846 3740 καταλυθῇναι
3886 3674 3989 3742 τὴν

2412 3760 2552 3814 κατά
2581 3760 2716 3814 Θεοῦ
2751 3760 3123 3831 βλασφημίαν.
3162 3762 3326 3831 Ὁρᾷς
3358 3756 3474 3825 οὖν,
3498 3763 3578 3814 ὅτι
3608 3761 3697 3815 διά
3722 3763 3822 3833 τὴν
3849 3764 3987 3833 πρὸς

2410 3854 2540 3907 Θεὸν
2581 3855 2806 3924 ἀγάπην
2837 3853 3055 3924 εὔχεται
3077 3897 3091 3921 ,
3120 3857 3168 3908 εί
3206 3855 3456 3920 δυνατὸν,
3505 3857 3843 3926 χωρισθῆναι
3872 3858 3987 3919 ,τοῦ

2411 3950 2540 4016 περὶ
2566 3947 2656 3999 τὸν
2690 3947 2924 4017 Χριστὸν
2962 3947 3125 4017 χοροῦ
3151 3964 3166 4013 ;
3195 3948 3316 4017 οὐχὶ
3338 3948 3381 3979 ³⁸
3410 3948 3508 4016 τῆς
3540 3948 3761 4018 ἀγάπης
3792 3950 3985 4015 αὐτοῦ,

2410 4036 2547 4088 ἀλλὰ
2572 4036 2668 4105 τῆς
2696 4038 2854 4106 δόξης
2892 4036 3083 4102 αὐτοῦ,
3122 4038 3215 4090 καὶ
3245 4053 3347 4104 της
3368 4036 3719 4101 ἀπολαύσεως
3745 4040 3983 4110 iusim;

2410 4129 2598 4199 ῶσπερ
2631 4131 2724 4182 καὶ
2754 4130 2986 4201 πατέρες
3022 4129 3277 4193 πολλάκις
3305 4132 3631 4199 χωρίζονται
3664 4132 3774 4185 τῶν
3826 4134 3983 4197 υίῶν,

2413 4222 2499 4274 ἵνα
2540 4222 2633 4273 καὶ
2680 4221 2730 4272 oi
2770 4221 2875 4273 uio‘t
2912 4220 3278 4283 δοξασθῶσιν·
3332 4223 3453 4292 οὐχὶ
3484 4220 3586 4292 τῆς
3624 4223 3847 4293 ἀγάπης
3876 4225 3989 4277 τῶν

2412 4312 2616 4365 παίδων
2650 4312 3032 4382 χωριζόμενοι,
3067 4312 3182 4365 ἀλλ’
3220 4312 3377 4364 αὐτοὶ
3407 4313 3614 4377 ἀδοξεῖν
3644 4313 3985 4383 βουλόμενοι,

2413 4403 2479 4456 ἵν’
2502 4405 2702 4456 ἐκεῖνοι
2728 4402 3109 4472 εὐδοκιμῶσιν.
3126 4402 3298 4467 Αὐτὸς
3328 4401 3421 4457 οὖν
3445 4405 3578 4472 ἐγὼ,
3604 4407 3789 4473 φησὶν,
3819 4407 3849 4458 ό
3878 4425 3986 4476 μυ-

2414 4496 2505 4563 ρία
2532 4492 2885 4563 κατορθώσας
2906 4530 2922 4555 ,
2949 4494 2976 4545 ὁ
3003 4493 3295 4561 ἀγαπήσας
3328 4493 3469 4562 ὑπὲρ
3499 4493 3662 4562 φύσιν
3694 4495 3786 4546 τὸν
3811 4493 3947 4546 Θεὸν
3970 4533 3985 4556 ,

732 4594 867 4660 quit,
912 4606 1035 4659 ego,
1082 4590 1171 4658 qui
1219 4589 1503 4640 innumera
1546 4586 1816 4654 transegi,
1866 4584 2098 4654 diligens
2136 4584 2304 4639 Deum
2338 4595 2424 4650 υε

2295 4601 2304 4639 ι
2338 4595 2382 4650 υ
2410 4584 2644 4655 εὔχομαι
2674 4584 2817 4653 ὑπὲρ
2837 4586 2936 4654 τῆς
2959 4584 3118 4654 δόξης
3151 4584 3241 4637 τοῦ
3263 4584 3421 4651 Θεοῦ,
3442 4586 3744 4640 ἀποπεσεῖν
3770 4586 3871 4656 τῆς
3895 4586 3987 4639 δό-

733 4698 891 4751 supra
929 4696 1090 4749 quam
1126 4689 1314 4732 natura
1345 4678 1506 4739 ferat,
1539 4685 1687 4744 opto,
1727 4676 1834 4740 ait,
1884 4688 1982 4743 pro
2008 4674 2175 4744 gloria
2213 4674 2303 4728 Dei

735 4776 982 4827 excidere
1022 4788 1049 4824 a
1083 4772 1255 4839 gloria
1290 4769 1513 4823 Christi.
1548 4767 1657 4821 Hoc
1688 4777 1866 4821 autent
1916 4782 2019 4819 non
2047 4779 2130 4821 est
2160 4768 2303 4820 exci-

736 4869 886 4929 dere,
935 4866 1029 4919 sed
1075 4863 1257 4933 potius
1307 4863 1544 4929 assequi.
1582 4860 1733 4926 Quod
1788 4873 1916 4913 vero
1966 4859 2060 4922 ait,
2125 4876 2143 4909 ι
2204 4858 2305 4914 Pro

739 4958 994 5010 fratribus
1047 4957 1199 5019 meis,
1243 4954 1373 5007 mihi
1412 4963 1539 5006 sunt
1588 4951 1797 5019 cognati
1832 4951 2126 5004 secundum
2181 4966 2303 5004 car-

740 5065 877 5111 nem,
909 5066 925 5098 »
962 5048 1168 5101 viscera
1206 5046 1426 5111 indicat,
1454 5053 1507 5097 et
1526 5058 1686 5113 quam
1718 5042 2018 5096 vehementi
2041 5040 2303 5095 charitate

736 5156 859 5209 «erga
902 5156 995 5191 eos
1028 5137 1251 5191 affectus
1287 5145 1423 5189 erat.

813 5230 971 5283 Vtilis.
1006 5231 1059 5291 4,
1097 5229 1148 5281 5.
1190 5247 1209 5280 ε
1246 5229 1345 5294 Qui
1380 5236 1504 5281 sunt
1543 5225 1816 5289 Israelit:c,
1841 5240 2066 5295 quorum
2103 5233 2183 5278 est
2209 5223 2303 5278 ad-

737 5328 901 5389 Optio,
933 5332 986 5375 ct
1018 5322 1183 5392 gloria
1210 5360 1223 5383 ,
1248 5330 1302 5374 et
1329 5328 1668 5380 testamenta,
1706 5328 1760 5370 et
1794 5318 2073 5386 legislatio,
2107 5328 2159 5370 et
2186 5315 2303 5369 cul-

741 5423 845 5480 tus,
898 5428 952 5468 et
998 5416 1679 5483 promissioneszquorunt
1723 5421 1847 5466 sunt
1878 5422 2091 5480 patres,
2138 5419 2194 5462 et
2239 5424 2303 5461 ex

738 5509 932 5575 quibus
964 5510 1209 5560 Christus
1232 5507 1403 5575 quoad
1453 5518 1697 5569 carnem,
1723 5506 1812 5571 qui
1838 5515 1919 5557 est
1942 5517 2101 5570 super
2123 5501 2303 5553 omnia

745 5602 880 5653 Deus
928 5602 1240 5654 benedictus
1299 5600 1347 5650 in
1386 5599 1597 5651 saecula.
1652 5599 1840 5649 Amen.
1892 5614 1907 5644 ι
1952 5583 2305 5647 Counttcndat

2414 4677 2509 4746 ξης
2538 4677 2631 4729 τοῦ
2663 4678 2921 4745 Χριστοῦ.
2955 4676 3125 4730 Τοῦτο
3152 4676 3209 4729 δέ
3238 4678 3340 4729 οὐκ
3369 4676 3519 4729 ἐστιν
3549 4679 3836 4743 ἐκπεσεῖν,
3868 4682 3986 4733 ἀλλ’

2410 4770 2684 4837 ἐπιτυχεῖν
2712 4768 2935 4837 μᾶλλον.
2962 4765 3036 4820 Τὸ
3070 4768 3146 4830 δὲ,
3186 4788 3205 4819 ι
3247 4767 3418 4837 ’Υπὲρ
3446 4767 3556 4819 τῶν
3584 4768 3826 4837 ἀδελφῶν
3857 4787 3985 4839 μου,

2411 4861 2519 4912 τῶν
2549 4863 2827 4929 συγγενῶν
2860 4878 2963 4930 μου
3006 4861 3148 4913 κατά
3177 4862 3356 4930 σάρκα
3379 4901 3394 4927 ,
3426 4879 3444 4911 ι
3490 4860 3561 4913 τά
3590 4862 3874 4931 σπλάγχνα
3901 4866 3989 4915 ἐν-

2410 4953 2703 5017 δείκνυται,
2731 4955 2824 5005 καὶ
2855 4953 2927 5015 ὡς
2952 4952 3254 5006 διακαίεται
3292 4953 3432 5021 ὑπὲρ
3462 4952 3665 5007 αὐτῶν.

2487 5237 2504 5268 ι
2544 5215 2752 5279 υῖτινές
2786 5216 2923 5268 εἰσιν
2962 5213 3308 5282 Ἰσραηλῖται,
3339 5207 3414 5268 ὧν
3440 5216 3473 5285 η
3504 5213 3745 5269 υἱοθεσία
3772 5256 3787 5277 ,
3822 5220 3919 5270 καὶ
3948 5222 3982 5288 ἡ

2411 5310 2557 5375 δόξα,
2600 5310 2691 5361 λαὶ
2720 5308 2774 5360 αἱ
2812 5305 3087 5373 διαθῆκαι,
3123 5306 3276 5374 καὶὴ
3320 5304 3626 5373 νομοθεσία,
3662 5306 3757 5358 καὶ
3806 5307 3838 5375 ἡ
3890 5306 3986 5358 λι-

2404 5404 2580 5471 τρεία,
2619 5403 2714 5454 καὶ
2774 5402 2829 5453 αἱ
2878 5398 3239 5466 ἐπαγγελίαν
3283 5392 3358 5453 ὧν
3407 5399 3457 5451 oi
3498 5400 3752 5468 πατέρες,
3795 5402 3891 5451 καὶ
3929 5400 3989 5465 ἐξ

2406 5494 2480 5550 ῶν
2500 5499 2527 5548 ό
2556 5495 2787 5565 Χριστὸς
2817 5493 2876 5546 τὸ
2902 5495 3044 5546 κατά
3071 5492 3268 5561 σάρκα,
3297 5492 3324 5543 ὁ
3353 5491 3428 5543 ὢν
3463 5494 3555 5543 ἐπὶ
3594 5494 3814 5544 πάντων
3852 5490 3987 5555 Θεὸς

2405 5589 2693 5656 εὐλογητὸς
2726 5589 2804 5650 εἰς
2840 5587 2963 5650 τοὺς
3009 5588 3227 5648 αἰῶνας.
3272 5585 3463 5655 Ἀμήν.
3506 5603 3524 5634 ι
3579 5583 3821 5635 Ἐπαινεῖ
3864 5582 3989 5634 τοῦο

2068 5686 2262 5748 Variae
2305 5686 2632 5748 lectiones.

814 5800 855 5826 ¹⁵
893 5796 1128 5863 παράγει
1158 5812 1209 5848 o.
1292 5796 1332 5825 ’⁷
1368 5792 1869 5862 ἀναθεματισμένου
1932 5805 1980 5845 o.

742 5870 943 5941 ’ξυςίιςὰν
976 5888 1024 5920 υ.
1101 5870 1142 5898 ³³
1178 5868 1234 5918 οὗ
1264 5881 1314 5921 0.

2065 5789 2107 5820 ³⁵⁸
2162 5789 2280 5858 Θεῷ
2341 5804 2392 5841 0.

2478 5789 2517 5817 ¹⁹
2572 5785 2678 5839 ἀπὺ
2734 5784 2830 5854 τῆς
2888 5784 3105 5853 ἀγάπης
3172 5781 3263 5836 τοῦ
3337 5776 3574 5851 Χριστοῦ
3632 5793 3709 5833 tu.
3812 5779 3856 5809 ’°
3890 5779 3990 5849 τὴν
