4286 6444
334 399 440 462 461

1192 391 1597 456 EXPOSITIO
1650 392 1726 451 IN’
1766 389 2004 451 EPIST.
2045 393 2143 450 AD
2174 391 2357 452 R031.
2391 391 2634 451 -CAI‘.
2684 391 2783 449 IX.

3498 389 3602 452 462

332 531 458 574 τους
493 510 725 564 ἐνταῦθα
771 509 863 564 καὶ
918 507 1230 577 μεγαλύνει,
1280 507 1365 558 ἵνα
1394 547 1408 573 ,
1449 506 1585 576 ὅπερ
1635 503 1792 572 ἐξην,
1838 501 1912 573 μὴ
1946 522 1987 574 Α

1957 522 1987 574 Α
2020 503 2108 557 hic
2142 502 2372 567 Iudaeos,
2411 517 2612 572 eosque
2655 505 2828 573 magni
2889 502 3037 569 facit,
3096 515 3162 556 ne
3207 501 3471 564 videatur,
3525 505 3602 556 uti

331 605 461 676 δόξῃ
483 603 602 656 κατ’
643 603 948 672 ἐμπάθειαν
976 600 1175 667 λέγειν.
1222 598 1433 668 Ἠρέμα
1464 598 1518 650 δὲ
1556 596 1646 648 καὶ
1668 595 1913 647 ἐπαινίτ-

334 713 487 747 τεται
639 691 874 764 ὑπαιν.],
918 692 997 744 ὅτι
1033 693 1060 744 ὁ
1109 691 1206 760 μὲν
1253 689 1385 752 Θεὸς
1421 687 1682 758 ἠϐούλετο
1720 684 1916 747 αὐτοὺς

337 788 612 856 σωθῆναι·
655 785 750 837 καὶ
771 784 928 852 δῆλον
961 784 1017 849 ἐξ
1053 776 1128 836 ὧν
1168 780 1447 842 υἱοθεσίας
1483 779 1678 847 ἠξίωσε
1713 779 1804 830 καὶ
1833 776 1916 827 66-

337 878 456 948 ξης,
482 877 574 929 καὶ
605 876 661 931 ἐξ
690 867 764 928 ὧν
787 877 896 936 τοῖς
922 873 1194 942 πατράσιν
1218 867 1607 940 ἐπηγγείλατο,
1630 865 1723 918 καὶ
1752 862 1918 917 τᾶλλα

337 971 514 1023 πάντα
566 973 609 1000 ’³
656 968 909 1036 ἐξαίρετα
947 967 1128 1029 αὐτοῖς
1173 965 1342 1017 ἔδωκε
1370 1003 1385 1027 ,
1428 962 1525 1014 καὶ
1561 961 1650 1013 τὸν
1690 957 1918 1029 Χριστὸν

338 1063 398 1127 ἐξ
430 1062 609 1114 αὐτῶν
631 1061 962 1131 γεννηθῆναι
996 1057 1291 1127 εὐδόκησεν
1322 1072 1335 1085 ’
1355 1055 1508 1108 αὐτοὶ
1543 1053 1597 1106 δὲ
1633 1052 1732 1122 τὴν
1761 1051 1918 1121 εὐερ-

338 1155 530 1223 γεσίαν
549 1153 985 1223 ἀπεκρούσαντο.
1012 1151 1101 1203 Διὸ
1131 1151 1224 1202 καὶ
1248 1147 1546 1214 ἐκπλαγεὶς
1571 1146 1668 1215 τὴν
1698 1144 1922 1210 ἀγάπην

338 1243 433 1296 τοῦ
465 1244 622 1310 Θεοῦ,
670 1244 928 1313 ἀναφέρει
960 1242 1036 1312 τῷ
1082 1241 1378 1307 Μονογενεῖ
1410 1240 1509 1307 τὴν
1546 1235 1920 1306 εὐχαριστίαν,

339 1337 434 1388 καί
467 1353 630 1405 φησιν
655 1350 668 1364 ·
708 1353 726 1384 r
776 1336 832 1388 Ὀ
875 1334 950 1386 ὢν
983 1334 1074 1386 ἐπὶ
1113 1332 1333 1385 πάντων
1368 1330 1498 1392 Θεὸς
1547 1327 1857 1396 εύλογητός.
1898 1345 1916 1377 ι

341 1427 404 1477 El
442 1426 550 1496 γὰρ
586 1427 680 1478 καὶ
710 1426 907 1497 ἕτεροι,
943 1427 1098 1494 φησὶ,
1129 1421 1568 1492 βλασφημοῦσιν,
1600 1419 1673 1481 ὡς
1708 1420 1806 1471 οὐκ
1836 1417 1925 1468 εὑ-

340 1516 516 1584 λὸγως
538 1517 835 1587 γενομένης
866 1519 960 1586 τῆς
995 1516 1306 1586 παραδοχῆς
1352 1514 1458 1565 τῶν
1511 1511 1679 1564 ἐθνῶν
1711 1511 1777 1575 ⁸³,
1810 1508 1925 1562 ἀλλ’

343 1617 504 1682 ἡμεῖς
527 1617 573 1666 οί
606 1615 670 1667 τὰ
708 1614 984 1684 μυστήρια
1014 1613 1215 1675 εἰδότες
1239 1611 1335 1663 τοῦ
1367 1607 1631 1678 Χριστοῦ,
1677 1607 1922 1674 οἴδαμεν,

343 1707 424 1756 ὅτι
454 1707 542 1757 τοῦ
592 1705 911 1771 δοξάζεσθαι
977 1706 1122 1756 εστιν
1180 1703 1349 1768 ἄξιος.
1401 1700 1510 1754 Καὶ
1562 1700 1808 1753 ἐντεῦθεν
1871 1699 1925 1750 δέ

344 1798 760 1868 καταισχύνεται
797 1800 1038 1869 Ἀρειος,
1073 1796 1168 1849 ἆτε
1202 1795 1296 1848 τοῦ
1323 1792 1538 1846 Παύλου
1567 1793 1658 1846 τὸν
1688 1792 1924 1861 Χριστὶν

343 1891 436 1941 ἐπὶ
472 1892 686 1942 πάντων
716 1889 848 1942 Θεὶν
880 1889 1372 1959 ἀνακηρύττοντος,

425 2091 445 2122 ι
471 2072 582 2141 Οὐχ
614 2065 722 2123 οἷον
755 2071 808 2123 δὲ
847 2073 926 2123 ὅτι
956 2071 1311 2123 ἐκπέπτωκεν
1337 2072 1363 2123 6
1396 2067 1552 2136 λόγος
1591 2068 1684 2121 τοῦ
1717 2066 1871 2120 Θεοῦ.
1907 2089 1923 2116 ι

361 2160 501 2228 Ἐγὼ
541 2160 661 2230 μὲν,
712 2162 883 2229 φησὶ,
932 2160 1272 2228 διακαίομαι,
1326 2162 1406 2212 ὅτι
1469 2159 1873 2230 βλασφημεῖται
1905 2157 1932 2208 6

346 2252 500 2315 Θεὸς.
537 2253 630 2305 καὶ
656 2251 845 2322 ἤθελον
869 2251 959 2304 διὰ
979 2250 1136 2303 τοῦτο
1168 2253 1251 2305 ἵνα
1280 2252 1480 2313 πάντες
1507 2249 1757 2301 σωθῶσι·
1795 2248 1932 2317 πλὴν

349 2346 397 2395 εί
425 2345 517 2394 καὶ
551 2343 626 2414 μὴ
654 2342 851 2406 πάντες
887 2341 1172 2406 σώζονται,
1211 2342 1271 2393 οὑ
1310 2339 1460 2410 παρὰ
1483 2338 1640 2392 τοῦτο
1667 2337 1934 2407 ἐψεύσατο

349 2439 377 2487 6
429 2435 584 2499 Θεὸς,
640 2435 723 2504 ἐφ’
757 2431 836 2499 οἷς
885 2436 1255 2506 ἐπηγγείλατο
1304 2437 1415 2496 τοῖς
1457 2434 1760 2502 πατράσιν,
1813 2429 1932 2482 οὐδὲ

351 2527 732 2580 διαπέπτωκεν
785 2531 814 2582 6
857 2528 1014 2596 λόγος
1062 2528 1252 2580 αὐτοῦ.
1302 2527 1366 2578 Ὀ
1392 2527 1500 2594 γὰρ
1547 2523 1934 2594 ἐπηγγείλατο,

353 2623 449 2671 καὶ
487 2621 708 2690 ἐποίησε
727 2636 740 2651 ·
775 2621 878 2672 xiv
907 2620 958 2672 οἱ
983 2618 1426 2688 βλασφημοῦντες
1459 2618 1708 2684 λέγωσιν,
1738 2617 1816 2667 ὅτι
1843 2614 1937 2677 ἄλ-

353 2712 466 2774 λοις
516 2713 917 2781 ἐπηγγείλατο,
966 2713 1059 2765 καὶ
1118 2711 1300 2774 ἄλλοις
1335 2710 1557 2764 ἔδωκεν.
1597 2710 1794 2761 Ἄκουε
1827 2708 1936 2777 γὰρ

354 2802 462 2853 τῶν
496 2802 622 2871 ἐξῆς
646 2819 661 2834 ο

432 2915 448 2944 ε
493 2896 566 2946 Ού
596 2896 705 2965 γὰρ
749 2895 946 2960 πάντες
985 2896 1036 2947 οἱ
1083 2895 1139 2959 ἐξ
1184 2894 1436 2965 Ἰσραὴλ,
1500 2887 1642 2947 οῦτοι
1684 2891 1933 2962 Ἰσραήλ·

355 2985 565 3038 οὐδὀτι
605 2990 710 3039 εἰσί
753 2989 974 3058 σπέρμα
1024 2987 1309 3057 ’Λὸραὰμ,
1350 2990 1551 3046 πάντες
1599 2984 1786 3038 τέκνα.
1820 3003 1838 3034 ι
1874 2984 1937 3037 Ὃ

357 3077 743 3144 ἐπηγγείλατο,
797 3079 986 3147 φησὶν,
1040 3076 1067 3127 ὁ
1109 3076 1274 3139 Θεὺς,
1306 3073 1465 3126 τοῦτο
1510 3072 1604 3126 καὶ
1658 3073 1935 3142 ἐποίησεν.

360 3162 495 3218 Εἷπε
525 3168 666 3235 γὰρ,
699 3167 779 3219 ὅτι
816 3184 834 3217 ‹
871 3167 962 3218 Σοὶ
1009 3168 1105 3218 καὶ
1135 3166 1212 3236 τῷ
1248 3165 1525 3235 σπέρματί
1553 3181 1646 3215 σου
1690 3161 1867 3216 δώσω.
1913 3181 1931 3214 ι

363 3261 593 3327 Ἰδωμεν
637 3259 751 3324 οῦν,
777 3259 931 3312 ποῖόν
957 3261 1070 3311 ἐστι
1098 3259 1158 3311 τὸ
1184 3258 1426 3329 σπέρμα.
1470 3259 1545 3310 Οὐ
1587 3257 1695 3325 γὰρ
1736 3257 1935 3317 πάντες
1965 3243 2007 3299 C

357 3354 407 3404 οἱ
465 3355 522 3419 ἐξ
564 3353 835 3423 Ἁϐραάμ,
897 3353 1084 3415 ἁπλῶς
1137 3347 1280 3406 οὗτοι
1317 3353 1572 3423 σπέρμαο
1629 3350 1749 3403 οὐδὲ
1781 3350 1830 3402 οί
1876 3349 1934 3412 ἐξ

372 3445 605 3516 Ἰσραὴλ,
632 3441 775 3498 οῦτοι
816 3445 1148 3516 Ἰσραηλῖται
1171 3461 1184 3475 ο
1230 3447 1343 3496 ἀλλ’
1372 3448 1419 3497 οἱ
1454 3446 1596 3498 κατὰ
1623 3445 1715 3496 τὸν
1748 3445 1932 3496 Ἰσαὰκ

359 3534 742 3604 γεννηθέντες,
786 3534 880 3587 καὶ
919 3539 966 3588 oi
1013 3536 1111 3605 τῆς
1148 3535 1244 3588 τοῦ
1287 3536 1500 3606 Ἰσραὴλ
1532 3536 1729 3606 ἀρετῆς
1767 3535 1929 3599 ἄξιοι,

359 3625 426 3678 δι’
468 3624 532 3696 ἧς
562 3627 692 3679 Θεὸν
741 3624 900 3681 εἶδεν.
937 3628 1011 3680 Οὐ
1052 3628 1161 3697 γὰρ
1187 3624 1360 3691 εἶπεν,
1387 3629 1469 3679 ὅτι
1502 3629 1562 3679 Ol
1594 3629 1652 3693 ἐξ
1699 3627 1892 3680 Ἰακὼϐ
1917 3669 1931 3692 ,

360 3720 498 3786 ἀλλ’,
529 3738 547 3771 ε
582 3721 644 3773 Οἱ
687 3719 746 3786 ἐξ
788 3722 1027 3791 Ἰσραὴλ,
1071 3739 1089 3771 ›
1125 3721 1218 3773 τοῦ
1251 3721 1435 3790 τιμίου
1487 3719 1751 3790 ὀνόματος
1798 3738 1933 3788 μνη-

365 3813 653 3880 μονεύσας.
701 3813 828 3866 Ἐὰν
853 3812 946 3865 οῦν
993 3812 1192 3885 μάθῃς,
1234 3813 1378 3875 τίνες
1413 3812 1554 3865 κατὰ
1601 3812 1691 3863 τὸν
1753 3812 1936 3862 Ἰσαὰκ

361 3907 681 3974 γεννῶνται,
717 3907 838 3958 τότε
880 3907 1141 3978 εὑρήσεις
1186 3905 1541 3975 ἀδιάψευστον
1568 3905 1664 3973 τὴν
1697 3905 1936 3971 ἐπαγγε-

362 3998 515 4049 λίανο
550 3998 756 4060 τούτοις
780 3999 888 4067 γὰρ
919 3999 1072 4068 ἐδόθη
1114 3998 1159 4030 ³⁸⁵
1192 3999 1261 4050 τὰ
1295 3997 1726 4065 ἐπαγγελθέντα.
1773 3997 1936 4047 Ὠστε

361 4093 423 4143 οὐ
456 4090 895 4160 βλασφημεῖσθαί
928 4092 1077 4143 ἐστιν
1106 4089 1252 4156 ἄξιος
1296 4092 1324 4143 6
1369 4090 1521 4152 Θεός.
1552 4090 1616 4142 Ὀ
1647 4090 1752 4160 γὰρ
1787 4086 1937 4141 εἶπεν

364 4183 613 4253 ἐποίησε,
643 4185 743 4237 κᾶν
774 4200 918 4247 τινες
946 4184 1006 4236 οὐ
1033 4184 1246 4236 νοῶσιν.

442 4471 460 4503 ι
511 4451 650 4504 Ἀλλ’
682 4453 739 4503 ἐν
781 4449 966 4502 Ἰσαὰκ
1019 4449 1348 4518 κληθήσεταί
1376 4467 1455 4501 σοι
1504 4449 1746 4520 σπέρμα,
1782 4466 1939 4501 τούτ-

364 4546 536 4608 έστιν,
570 4543 631 4593 ού
678 4541 748 4594 τὰ
794 4541 958 4593 τέκνα
991 4540 1088 4609 τῆς
1134 4540 1370 4610 σαρκὸς,
1419 4540 1592 4592 ταῦτα
1636 4542 1802 4594 τέκνα
1846 4540 1940 4591 τοῦ

364 4637 503 4691 Θεοῦ
527 4651 541 4664 ·
571 4635 706 4688 ἀλλὰ
738 4633 806 4686 τὰ
847 4634 1010 4686 τέκνα
1038 4633 1136 4701 τῆς
1171 4634 1506 4702 ἐπαγγελίας
1545 4633 1817 4702 λογίζεται
1864 4636 1943 4696 εἰς

366 4731 610 4801 σπέρμα.
657 4727 1022 4796 Ἐπαγγελίας
1059 4728 1166 4796 γὰρ
1197 4729 1224 4779 6
1269 4727 1424 4795 λόγος
1473 4721 1648 4789 οὗτος·
1681 4727 1836 4780 Κατὰ
1853 4733 1943 4779 τὸν

365 4823 558 4895 καιρὸν
588 4821 777 4874 τοῦτον
804 4820 1117 4888 ἐλεύσομαι,
1153 4821 1244 4872 καὶ
1272 4819 1424 4873 ἔσται
1453 4823 1518 4890 τῇ
1545 4821 1730 4892 Σάρρᾳ
1760 4821 1889 4883 υἱός.
1923 4840 1938 4870 ι

367 4915 484 4969 Οὐκ
508 4915 640 4982 ἐγὼ,
663 4913 851 4982 φησὶν,
886 4912 1173 4982 ἑρμηνεύω
1192 4913 1235 4943 ’⁵
1263 4929 1366 4976 σοι,
1398 4913 1448 4964 τί
1476 4914 1667 4965 ἐστιτὸ
1688 4913 1882 4983 ἀληθὲς
1901 4914 1945 4942 ’⁸

368 5007 593 5076 σπέρμα
617 5005 712 5058 τοῦ
745 5005 1017 5076 Ἀϐρααμ,
1041 5004 1206 5075 ἀλλ’ἢ
1243 5006 1474 5069 Παλαιὰ,
1498 5007 1727 5057 εἰποῦσα
1751 5022 1764 5036 ·
1798 5025 1814 5056 i
1858 5009 1944 5058 Ἑν

379 5097 568 5151 Ἰσαὰκ
600 5097 934 5168 κληθήσεταί
977 5115 1058 5150 σοι
1092 5097 1335 5168 σπέρμα.
1378 5117 1395 5149 ι
1433 5099 1596 5150 Ὥστε
1650 5099 1764 5150 ὅσοι
1803 5101 1942 5151 κατὰ

364 5194 460 5248 τὸν
502 5194 691 5246 Ἰσαὰκ
739 5193 1038 5262 ἐτέχθησαν
1064 5234 1078 5257 ,
1119 5193 1396 5244 τουτέστιν
1422 5230 1434 5253 ,
1481 5192 1537 5257 ἐξ
1589 5192 1943 5260 ἐπαγγελίας,

365 5284 518 5343 οὗτοί
543 5292 680 5340 εἰσιν
723 5287 940 5356 ἀληθῶς
972 5280 1136 5337 τέκνα
1185 5284 1455 5355 Ἀϐραὰμ,
1502 5285 1700 5351 μᾶλλον
1753 5285 1810 5338 δὲ
1852 5289 1944 5337 τοῦ

365 5382 526 5437 Θεοῦ.
553 5382 627 5436 T6
656 5383 764 5451 γὰρ
788 5383 896 5434 πᾶν
926 5381 1018 5434 τοῦ
1045 5380 1191 5433 θείου
1215 5381 1373 5448 λόγου
1393 5381 1628 5447 ἐγένετο.
1652 5380 1785 5433 Οὐδὲ
1813 5383 1943 5450 γὰρ,

369 5476 488 5528 οὐδὲ
511 5477 537 5526 ὁ
585 5474 772 5527 Ἰσαὰκ
806 5473 954 5544 νόμῳ
990 5475 1081 5529 καὶ
1112 5473 1338 5541 δυνάμει
1381 5473 1594 5541 φύσεως
1641 5473 1903 5543 ἐγεννήθη
1929 5511 1942 5538 ,

448 5641 470 5676 ε
501 5637 899 5697 Gett.mt,15.
979 5637 1005 5675 1³
1055 5635 1190 5689 Gen.
1237 5635 1473 5695 xtttl,lt)
1555 5632 1735 5687 l(icit.
1766 5631 1947 5686 χιΛΞ.

2025 595 2158 659 dixi,
2197 610 2260 647 ex
2292 593 2509 658 all‘ectu,
2559 595 2640 649 vel
2687 595 3105 664 perturbatione
3132 593 3326 658 animi,
3358 593 3440 648 vel
3477 595 3603 648 odio

2027 687 2193 756 loqui.
2228 687 2412 742 Tacite
2448 699 2625 743 autem
2658 689 2855 753 innuit,
2890 689 3032 759 quod
3059 688 3200 743 Deus
3233 687 3349 742 illos
3382 700 3606 742 servare

2027 781 2258 835 voluerit
2293 799 2304 834 :
2349 782 2491 850 quod
2537 782 2658 837 inde
2693 782 2827 837 s.ttis
2860 781 3153 850 colligitur,
3189 781 3315 849 quia
3351 778 3469 833 illos
3502 778 3602 832 ad-

2028 875 2247 944 optione
2267 875 2502 928 liliorum
2528 876 2776 944 dignatus
2800 885 2884 930 est
2904 883 2957 929 et
2988 873 3178 944 gloria,
3200 881 3253 926 et
3275 869 3398 940 Quia
3433 870 3602 940 patri-

2029 965 2129 1020 bus
2156 967 2544 1034 promissiones
2577 964 2788 1030 fecerit,
2823 965 3037 1035 aliaque
3071 962 3251 1016 omnia
3285 957 3606 1015 excellentia

2030 1057 2109 1110 eis
2145 1056 2486 1123 itnpertierit,
2507 1055 2898 1123 Christumque
2920 1055 3054 1108 adeo
3085 1068 3148 1108 ex
3184 1051 3312 1123 ipsis
3342 1050 3487 1106 nasci
3511 1066 3608 1104 vo-

2030 1148 2209 1210 luerit,
2241 1163 2425 1202 verum
2468 1150 2566 1217 ipsi
2602 1159 2746 1202 tanta
2777 1145 3038 1202 beneﬁcia
3082 1145 3418 1215 repulerunt.
3460 1141 3609 1208 Quo-

2033 1241 2175 1294 circa
2214 1241 2530 1293 innnensam
2584 1240 2674 1293 Dei
2727 1240 3068 1294 dilectionem
3110 1237 3427 1299 demiratus,
3477 1234 3610 1289 Unio

2033 1333 2213 1401 genito
2247 1332 2542 1402 gratiarum
2591 1331 2859 1385 aetionent
2897 1329 3081 1396 refert,
3113 1328 3404 1397 inquiens:
3448 1346 3465 1378 i
3506 1327 3611 1392 Qui

2032 1435 2115 1477 est
2137 1439 2299 1490 super
2351 1424 2534 1477 omnia
2570 1423 2710 1476 Deus
2746 1422 3081 1476 benedictus.
3123 1438 3140 1471 ι
3180 1416 3292 1472 Etsi
3327 1418 3470 1472 enim
3521 1417 3612 1472 alii

2033 1517 2422 1581 t-0nvicientur,
2468 1516 2662 1585 inquit,
2696 1531 2803 1569 non
2839 1514 3117 1568 commode
3162 1513 3363 1569 factam
3397 1525 3612 1568 assum-

2034 1610 2269 1680 ptionem
2300 1609 2563 1679 gentium,
2615 1623 2712 1662 nos
2746 1618 2924 1662 tamen
2969 1607 3170 1663 Christi
3211 1606 3464 1676 mysteria
3517 1604 3615 1658 ha-

2036 1706 2222 1754 hentes
2259 1699 2556 1768 explorata,
2591 1699 2795 1754 scimus
2835 1699 2977 1765 quod
3026 1698 3142 1768 ipse
3175 1697 3367 1766 dignus
3399 1697 3469 1750 sit
3499 1695 3613 1765 glo-

2037 1790 2112 1843 ria
2147 1801 2198 1844 et
2229 1790 2517 1859 praeconio.
2562 1790 2658 1843 Hic
2693 1804 2819 1842 vero
2864 1790 3049 1844 Arium
3088 1788 3347 1858 pudeﬁeri
3390 1801 3614 1843 necesse

1957 1893 2003 1952 Β
2034 1892 2134 1948 est,
2167 1882 2330 1937 I’unlo
2360 1899 2550 1951 nempe
2576 1880 2857 1936 Christum
2893 1897 3056 1951 super
3081 1883 3260 1935 omnia
3295 1879 3463 1935 Deum
3490 1895 3613 1950 pro-

2036 1977 2327 2030 (laniante.
3366 2046 3373 2052 _

2114 2068 2273 2122 Vens.
2310 2068 2362 2122 6.
2397 2084 2415 2119 t
2467 2068 2580 2122 Non
2639 2077 2820 2122 autem
2867 2068 3007 2136 quod
3066 2069 3333 2122 exciderit
3390 2067 3611 2121 verbum

2039 2159 2152 2214 Dei.
2194 2177 2211 2210 ι
2254 2157 2384 2228 Ego,
2415 2158 2610 2227 inquit,
2641 2172 2766 2212 uror
2804 2166 2857 2212 et
2889 2155 3112 2228 alIligor,
3142 2160 3287 2228 quod
3325 2157 3467 2212 Deus
3503 2156 3616 2212 Ua-

2035 2251 2368 2321 sphematur,
2397 2265 2458 2305 ac
2486 2260 2772 2319 eapropter
2795 2251 2976 2319 optavi
3035 2264 3225 2305 omnes
3260 2250 3437 2304 salvos
3474 2249 3612 2304 ﬁeri.

2038 2343 2234 2398 Verum
2267 2345 2310 2398 si
2365 2358 2469 2397 non
2509 2357 2698 2398 omnes
2741 2352 3048 2408 serventur,
3101 2357 3219 2397 eam
3252 2343 3322 2398 ob
3367 2358 3478 2398 rem
3510 2358 3614 2397 non

2036 2448 2121 2492 est
2161 2436 2419 2490 mentitus
2454 2436 2596 2490 Deus
2622 2435 2674 2489 in
2708 2436 2772 2488 iis
2809 2449 2927 2503 quae
2956 2434 3203 2504 promisit
3224 2435 3491 2506 patribus,
3517 2450 3615 2490 nec

2037 2545 2141 2599 que
2162 2527 2363 2583 excidit
2389 2527 2608 2581 verbum
2646 2526 2783 2595 ejus.
2826 2525 2982 2592 Quod
3013 2526 3155 2580 enim
3193 2525 3464 2596 promisit,
3511 2526 3617 2581 hoc

2037 2621 2197 2676 etiam
2225 2619 2511 2691 prmstitit:
2539 2619 2752 2674 etiamsi
2783 2619 3027 2674 maledici
3062 2620 3280 2683 dicant,
3319 2619 3462 2688 quod
3495 2619 3618 2674 aliis

2038 2713 2385 2781 promiserit,
2447 2709 2566 2764 aliis
2633 2724 2763 2765 vero
2822 2709 3053 2764 dederit.
3113 2710 3251 2763 Audi
3313 2709 3458 2764 enim
3528 2726 3619 2766 sc-

2039 2802 2283 2873 quenﬁa.

2116 2896 2275 2950 Vens.
2310 2895 2360 2950 6.
2402 2914 2419 2946 ο
2454 2894 2570 2948 Νοη
2611 2893 2755 2948 enim
2791 2907 2980 2949 omnes
3007 2894 3097 2962 qui
3126 2910 3189 2949 ex
3219 2893 3407 2958 Israel,
3439 2893 3620 2966 [tias

2042 2989 2293 3044 Israelita:
2325 3006 2339 3042 :
2377 3002 2551 3057 neque
2581 2988 2706 3055 quia
2733 2995 2860 3040 sunt
2900 3000 3083 3041 semen
3120 2986 3440 3052 Abraltanti,
3492 3002 3619 3055 pro-

2043 3090 2224 3148 pterea
2261 3087 2386 3133 sunt
2410 3093 2600 3132 omnes
2634 3078 2751 3132 ﬁlii.
2801 3095 2819 3127 ι
2853 3075 3004 3143 Quod
3048 3079 3390 3148 promiserat,
3423 3078 3618 3148 inquit,

2043 3170 2206 3235 Deus,
2251 3171 2351 3224 hoc
2381 3170 2544 3223 etiam
2580 3170 2848 3238 praestitit.
2896 3169 3041 3223 Dixit
3080 3171 3224 3226 enim
3247 3179 3270 3217 ε
3307 3188 3321 3225 :
3358 3188 3376 3221 ι
3403 3170 3524 3224 Tibi
3567 3180 3622 3225 et

2043 3263 2234 3318 semini
2271 3272 2360 3315 tuo
2381 3262 2540 3316 dabo.
2575 3280 2593 3312 ι
2619 3259 2910 3314 Videamus
2941 3261 3102 3331 igitur
3129 3261 3288 3331 quale
3319 3263 3390 3318 sit
3410 3276 3617 3317 semen.

2043 3356 2156 3410 Non
2179 3356 2322 3411 enim
2355 3370 2544 3409 omnes
2569 3354 2658 3423 qtti
2686 3368 2749 3409 ex
2788 3354 3120 3418 Abraltaino,
3167 3355 3241 3410 illi
3297 3356 3619 3426 simpliciter

2042 3459 2169 3502 sunt
2224 3462 2407 3502 semen
2439 3459 2453 3505 :
2493 3460 2669 3514 neque
2705 3448 2795 3516 qui
2836 3463 2904 3501 ex
2937 3445 3120 3514 Israel,
3154 3457 3280 3503 sunt
3312 3446 3571 3502 Israelita:
3603 3463 3618 3502 :

2044 3553 2229 3592 verum
2291 3537 2381 3607 qui
2434 3539 2731 3592 secundum
2777 3539 3018 3593 Isaacnin
3072 3539 3184 3593 nati
3228 3549 3372 3602 sunt,
3420 3539 3623 3610 quique

2045 3631 2257 3686 Israelis
2281 3631 2480 3685 virtute
2508 3631 2805 3699 conspicui,
2828 3647 2922 3701 per
2943 3647 3104 3700 quam
3129 3631 3298 3687 Deum
3319 3635 3618 3702 conspexit.

2044 3723 2158 3779 Non
2180 3725 2320 3780 enim
2350 3725 2503 3791 dixit,
2531 3725 2630 3789 Qui
2663 3740 2727 3779 ex
2756 3723 2941 3788 Jacob,
2969 3729 3084 3787 sed,
3120 3743 3137 3777 t
3161 3725 3265 3791 Qui
3295 3742 3359 3780 ex
3384 3726 3566 3792 Israel,
3597 3747 3616 3779 ι

2048 3818 2414 3872 honoratioris
2444 3818 2681 3872 nominis
2706 3803 3039 3875 mentionem
3065 3818 3292 3874 faciens.
3325 3818 3424 3875 Ubi
3461 3821 3625 3891 igitur

2046 3911 2299 3966 didiceris
2328 3912 2416 3980 qui
2456 3912 2748 3966 secundum
2800 3912 2948 3966 Isaac
2982 3920 3302 3977 nascantur,
3336 3914 3625 3969 inveniens

2049 4012 2328 4058 vacantem
2356 4004 2641 4059 mendacio
2677 4005 3090 4074 promissionem
3128 4022 3142 4058 :
3174 4006 3291 4059 istis
3319 4007 3464 4060 enim
3500 4019 3626 4074 pro-

2050 4095 2216 4150 inissa
2240 4105 2366 4148 sunt
2395 4095 2657 4149 exhibita.
2690 4095 2866 4160 Quare
2896 4097 3036 4151 Deus
3061 4095 3480 4166 haudquaquam
3509 4111 3627 4151 ma-

2050 4185 2260 4240 ledictis
2317 4186 2710 4241 incessendus:
2743 4188 2884 4256 quod
2935 4188 3077 4241 enim
3143 4187 3299 4252 dixit,
3365 4188 3416 4241 id
3465 4203 3629 4258 opere

2050 4277 2253 4345 pariter
2305 4277 2618 4346 complevit,
2672 4279 2881 4332 etiamsi
2939 4279 3182 4333 n0nttulli
3222 4279 3369 4333 haud
3425 4280 3626 4334 intelli-

2049 4379 2197 4438 gnttl.

2124 4461 2289 4514 Van
2322 4462 2374 4526 8,
2409 4463 2459 4516 9.
2500 4481 2516 4512 ι
2572 4462 2676 4516 Sed
2721 4463 2771 4516 in
2801 4463 2948 4517 Isaac
2980 4463 3260 4518 vocabitur
3297 4463 3387 4518 tibi
3415 4478 3625 4526 semen,

2053 4555 2101 4606 id
2128 4565 2230 4618 est,
2271 4570 2374 4607 non
2408 4558 2496 4623 qui
2534 4556 2627 4607 lilii
2652 4555 2853 4618 carnis,
2890 4555 2940 4608 lti
2974 4554 3066 4609 ﬁlii
3111 4556 3242 4623 Dei;
3274 4556 3367 4612 sed
3402 4557 3494 4624 qui
3531 4555 3629 4610 ﬁlii

2054 4656 2180 4699 sunt
2220 4647 2596 4717 promissionis
2624 4648 2963 4703 aestimantur
3007 4649 3062 4703 in
3112 4649 3338 4703 semine.
3386 4648 3630 4703 Promis-

2055 4740 2223 4794 sionis
2245 4740 2389 4793 enim
2409 4740 2627 4794 verbum
2653 4741 2754 4795 hoc
2787 4751 2870 4795 est
2902 4760 2915 4796 :
2955 4742 3258 4796 Secundum
3287 4741 3388 4794 hoc
3420 4751 3631 4809 tempus

2059 4835 2290 4896 veniam,
2314 4840 2367 4885 et
2387 4835 2492 4885 erit
2520 4831 2670 4888 Sara:
2702 4831 2843 4886 ﬁlius
2865 4833 2913 4886 δ.
2955 4851 2972 4884 ι
3013 4830 3130 4887 Non
3159 4847 3277 4903 ego,
3312 4832 3504 4900 inquit,
3533 4832 3627 4886 tibi

2056 4920 2380 4990 interpretor
2424 4923 2554 4991 quid
2590 4924 2661 4977 sit
2709 4938 2893 4978 revera
2926 4939 3110 4978 semen
3165 4923 3482 4985 Abrahami,
3529 4923 3627 4976 sed

2056 5011 2268 5067 Veteris
2286 5012 2617 5067 Tcstamenti
2652 5013 2951 5082 Scriptura,
2987 5031 3106 5084 qua:
3137 5014 3287 5080 dicit,
3336 5033 3353 5065 ‹
3395 5014 3448 5067 In
3479 5014 3631 5068 Isaae

2054 5107 2452 5160 vocabitnrtibi
2490 5122 2672 5162 semen
2709 5105 2752 5160 ί.
2796 5125 2815 5159 ›
2853 5108 3117 5173 Quocirca
3147 5117 3410 5176 quotquot
3434 5121 3630 5162 secun-

2052 5200 2175 5252 dum
2212 5199 2359 5254 Isaac
2416 5201 2524 5254 nati
2563 5210 2726 5265 sunt,
2771 5202 2873 5256 hoc
2909 5212 2993 5257 est
3033 5218 3098 5256 ex
3135 5201 3516 5272 promissione,
3552 5200 3628 5253 illi

2056 5298 2183 5342 sunt
2234 5303 2420 5343 revera
2471 5289 2565 5342 ﬁlii
2623 5290 2920 5354 Abraham,
2956 5291 3062 5343 imo
3086 5303 3215 5342 vero
3245 5287 3358 5341 Dei.
3399 5286 3627 5340 Verbum

2056 5384 2198 5438 enim
2261 5383 2500 5436 divinum
2536 5383 2757 5436 omnino
2797 5381 3078 5451 impletum
3132 5391 3267 5437 erat.
3311 5376 3430 5433 Non
3483 5376 3626 5430 enim

2054 5475 2205 5529 Isaac
2237 5475 2352 5544 lege
2382 5474 2727 5545 potentiaque
2765 5481 2969 5528 natura:
3001 5481 3158 5530 natus
3189 5480 3296 5538 est,
3338 5483 3520 5524 verum
3547 5482 3631 5520 se-

1735 5746 1937 5805 Varia)
1969 5744 2294 5804 lectiones.

446 5858 492 5888 ’³
515 5859 579 5910 τὰ
610 5874 664 5913 0.
741 5855 785 5887 "
829 5855 1057 5909 ἐθνικῶν
1088 5871 1141 5908 0.
1223 5853 1266 5883 "
1296 5853 1558 5924 ἐζόοησαν
1591 5869 1642 5910 0.

1721 5852 1765 5884 "
1793 5848 2115 5919 ἑρμηνεύσω
2150 5846 2201 5896 τί
2245 5861 2295 5899 0.

2375 5845 2417 5875 ²⁶
2460 5843 2670 5914 ἀληθῶς
2706 5859 2758 5898 0.
