4286 6444
720 397 825 459 463

1668 392 2251 454 TIlEOPIIYLACTl
2294 395 2703 459 BULGARI/E
2742 401 3096 465 ARCHIEP.

3897 409 4020 471 46’s

718 511 951 565 cundum
980 509 1271 582 potentiam
1306 507 1686 579 promissionis
1713 526 1726 562 :
1749 524 1905 575 nam;
1932 528 1948 559 ι
1985 508 2296 563 Secundum
2329 521 2372 573 Α
2402 532 2410 564 ‹

2329 521 2372 573 Α
2402 512 2537 566 ἀλλά
2587 513 2727 567 κατά
2756 515 2992 587 δύναμιν
3038 521 3399 590 ἐπαγγελίας·
3440 543 3457 577 t
3494 525 3650 579 Κατᾶ
3696 525 3786 579 τὸν
3816 527 4018 598 καιρὸν

720 607 822 661 hoc
880 614 1091 672 tempus
1121 604 1358 667 veniam,
1402 600 1599 671 inquit,
1632 612 1685 656 et
1740 603 1846 656 erit
1892 600 2039 655 Sara:
2073 602 2233 657 ﬁlius.
2283 621 2302 655 ι

722 701 951 756 Verbum
986 703 1168 771 itaque
1203 701 1293 755 Dei
1339 699 1495 754 ﬁnxit
1548 698 1717 763 Isaae,
1752 708 1807 753 et
1862 701 2069 770 genuit.
2114 698 2308 754 Consi-

721 793 831 846 mili
881 807 1015 848 sane
1058 794 1267 847 ratione
1316 808 1478 862 super
1529 806 1626 845 nos
1673 790 1819 845 ﬁlios
1860 790 1949 844 Dt-i
2004 791 2055 844 in
2091 790 2307 845 lavacro

716 896 1078 965 baptismatis,
1131 895 1301 948 Veluti
1350 896 1403 949 in
1444 892 1690 955 matrice,
1730 891 1893 946 verba
1941 890 2120 945 divina
2176 906 2293 962 pro-

716 991 1058 1053 nuntiantur,
1078 1003 1250 1059 eaque
1298 1002 1394 1041 nos
1426 987 1740 1054 rcﬁugunt:
1779 984 2045 1052 siquidem
2092 983 2143 1037 in
2204 998 2304 1036 no-

718 1080 861 1133 mine
895 1080 1093 1144 Patris,
1145 1089 1199 1132 et
1230 1077 1374 1139 Filii,
1411 1084 1468 1131 et
1496 1075 1737 1142 Spiritus
1776 1072 1977 1134 sancti,
2037 1069 2294 1141 baptizati

713 1186 1053 1241 generamur.
1083 1174 1159 1226 Ac
1193 1170 1418 1240 perinde
1448 1178 1504 1222 ut
1536 1167 1641 1221 illie
1690 1164 1855 1220 lsaaci
1889 1165 2300 1233 generationem

715 1268 1056 1334 promiserat,
1087 1280 1248 1333 quam.
1300 1273 1485 1331 postea
1528 1260 1793 1328 implevit,
1836 1258 1917 1311 sic
1964 1266 2018 1311 et
2062 1263 2299 1310 nostram

715 1358 1183 1426 regenerationem
1229 1351 1480 1423 promisit
1534 1366 1630 1421 per
1664 1349 1978 1419 prophetas,
2021 1356 2078 1401 et
2116 1354 2300 1413 pestea

713 1448 959 1519 perfecit.
984 1449 1163 1515 Quare
1197 1447 1346 1509 illttd,
1387 1464 1404 1496 ί
1462 1444 1516 1497 lu
1557 1443 1705 1496 Isaac
1736 1442 2021 1494 vocabitur
2062 1438 2158 1493 tibi
2217 1453 2302 1491 se-

714 1560 858 1608 men,
900 1561 917 1594 ι
960 1546 1038 1598 sic
1070 1540 1445 1609 accipiendum
1478 1548 1559 1591 est
1593 1555 1605 1590 :
1636 1534 1713 1588 Illi
1746 1544 1871 1588 sunt
1907 1546 2092 1587 semen
2130 1531 2302 1586 Abra-

716 1636 994 1704 ltami,qui
1045 1635 1213 1689 lsaaci
1272 1631 1575 1686 nativitatis
1613 1629 1679 1682 ad
1719 1629 1891 1681 instar
1940 1639 2064 1681 sunt
2098 1627 2298 1696 geniti,

716 1735 819 1784 ilOC
876 1743 956 1783 est
1016 1744 1111 1798 per
1145 1729 1363 1780 verbum
1417 1724 1683 1778 divinum.
1738 1721 1850 1776 Non
1900 1722 2065 1790 igitur
2102 1721 2303 1775 excidit

714 1838 891 1876 sermo
952 1820 1066 1885 Dei,
1126 1820 1220 1874 sed
1281 1832 1407 1871 vero
1469 1815 1687 1876 semini,
1746 1817 1844 1867 hoc
1907 1825 1993 1867 est
2055 1813 2300 1867 ﬁdelibus

2412 606 2521 678 γὰρ
2562 607 2749 663 τοῦτον
2796 612 3113 683 ἐλεύσομαι,
3162 616 3260 670 καὶ
3297 618 3452 673 ἔσται
3496 623 3563 691 τῇ
3596 621 3784 693 mea;
3812 623 3946 685 υἱός.
3987 643 4005 671 ρ

2411 700 2484 753 Τὸ
2516 698 2608 755 οὖν
2637 704 2790 774 ῥῆμα
2817 705 2909 758 τοῦ
2937 708 3071 761 Θεοῦ
3095 709 3354 766 διέπλασε
3385 715 3478 768 τὸν
3517 717 3702 769 Ἰσαὰκ
3734 720 3828 770 καὶ
3845 718 4010 783 ἐγένο

2407 811 2572 866 νησεν
2605 798 2672 850 ³⁷.
2710 797 2869 851 Οὕτω
2913 799 2978 870 δὴ
3026 806 3120 856 καὶ
3154 806 3239 875 ἐφ’
3269 808 3430 878 ἡμῶν
3478 812 3588 861 τῶν
3643 810 3856 862 τέκνοιν
3905 808 4005 862 τίῦ

2409 887 2567 955 Θεοῦ,
2603 891 2661 943 ὲν
2690 895 2755 961 τῇ
2803 894 3180 967 κολυμϐήορα,
3217 900 3294 963 ὡς
3329 902 3386 953 ὲν
3428 904 3613 974 μήτρα
3649 904 3694 934 ⁸⁸
3722 944 3735 966 ,
3776 905 4007 973 ῥήματα

2409 982 2531 1037 θεῖα
2562 984 2933 1053 ἐπιλέγονται,
2964 992 3195 1045 κάκεῖνα
3224 994 3372 1063 ἡμᾶς
3405 996 3865 1049 ἀναπλάττουσιν.
3906 996 4003 1059 Εἰς

2406 1076 2576 1143 ὄνομα
2606 1078 2714 1149 γὰρ
2748 1079 2982 1150 Πατρός,
3032 1084 3126 1136 καὶ
3161 1077 3314 1151 Υίοῦ,
3344 1089 3440 1139 καὶ
3472 1090 3628 1157 ἁγίου
3672 1089 4001 1158 Πνεύματος

2410 1169 2795 1240 βαπτιζόμενοι
2833 1176 3175 1247 γεννώμεθα.
3225 1182 3333 1233 Καὶ
3363 1181 3551 1253 ῶσπερ
3589 1186 3705 1237 ἐκεῖ
3730 1183 3999 1254 ἐπηγγεί-

2406 1262 2535 1313 λατο
2567 1262 2666 1331 τὴν
2706 1261 2798 1316 τοῦ
2846 1266 3032 1320 Ἰσαὰκ
3072 1270 3330 1339 γέννησιν
3359 1268 3504 1335 ,εἶθ’
3543 1273 3772 1345 ὕστερον
3825 1275 4001 1343 ἐπλήο

2407 1371 2582 1424 ρωσεν
2606 1373 2619 1385 ⁸
2650 1356 2789 1410 οὕτω
2820 1366 2914 1411 καὶ
2941 1359 3039 1430 τὴν
3064 1363 3343 1434 ἡμετέραν
3369 1367 3738 1435 ἐπηγγείλατο
3763 1367 3851 1421 διὰ
3881 1368 3996 1420 τῶν

2406 1450 2722 1517 προφητῶν,
2780 1454 2875 1505 καὶ¹
2916 1456 3053 1522 μετά
3105 1456 3280 1509 ταῦτα
3314 1458 3633 1513 ἐτελείωσεν
3673 1478 3688 1493 ·
3718 1461 3865 1514 ὥστε
3906 1462 3995 1526 τὸ,

2411 1562 2428 1594 t
2465 1544 2757 1597 ἘνῚσαΞικ
2786 1548 3119 1618 κληθήσεταί
3143 1568 3222 1603 σοι
3244 1552 3486 1623 σπέρμα,
3519 1573 3536 1604 ι
3560 1553 3703 1607 οὕτω
3727 1555 3995 1621 νοεῖσθαι,

2404 1636 2524 1688 ἀντὶ
2552 1638 2683 1701 τοῦ,
2731 1640 2961 1692 Ἐκείνοί
3019 1643 3128 1694 εἰσι
3161 1645 3391 1715 σπέρμα
3435 1646 3712 1717 Ἀϐραὰμ,
3757 1649 3807 1701 οἱ
3850 1651 3998 1703 κατά

2401 1730 2493 1781 τὸν
2528 1733 2731 1799 τρόπον
2771 1737 2868 1799 τῆς
2903 1735 2998 1788 τοῦ
3037 1737 3223 1791 Ἰσαὰκ
3254 1741 3567 1809 γεννήσεως
3613 1742 3995 1813 γεννηθέντες,

2403 1824 2672 1885 τουτέστι,
2705 1826 2793 1878 διὰ
2822 1826 2983 1895 λόγου
3026 1828 3193 1883 Θείου.
3240 1832 3353 1885 Οὐκ
3398 1834 3507 1905 ἀρα
3536 1835 3920 1889 διαπέπτωκεν
3954 1839 3997 1891 ’ό

712 1931 773 1967 cx
806 1914 1078 1982 gentibus,
1112 1910 1205 1980 qui
1255 1910 1381 1964 {acti
1437 1920 1560 1961 sunt
1617 1906 1709 1958 lilii
1748 1903 1841 1956 Dei
1873 1905 2013 1957 sicut
2044 1913 2099 1957 et
2130 1903 2298 1967 Isaac,
2339 1894 2376 1947 Β

2339 1894 2376 1947 Β
2406 1914 2559 1983 λόγος
2595 1918 2687 1969 τοῦ
2723 1919 2880 1981 Θεοῦ,
2916 1921 3055 1974 ἀλλά
3103 1923 3182 1992 τῷ
3232 1894 3473 1996 ἀληθινῶ
3527 1931 3825 2000 σπέρματι,
3868 1948 3997 1983 του-

715 2019 987 2077 quatenus
1022 2014 1073 2060 ct
1107 2007 1157 2059 lii
1179 2020 1242 2059 ex
1274 2000 1655 2073 promissione,
1687 2000 1832 2052 dedit
1872 2014 1992 2067 quae
2029 1999 2294 2066 promisit.

716 2103 810 2155 Sin
843 2111 1018 2153 autem
1046 2096 1213 2152 Judaei
1245 2099 1427 2152 dicant
1457 2095 1598 2163 quod
1631 2094 1771 2147 istud
1798 2131 1813 2154 ,
1850 2110 1867 2143 ι
1914 2090 1967 2144 Ιιι
2004 2091 2152 2145 Isaac
2202 2107 2297 2143 vo-

717 2192 935 2248 cabitur
965 2192 1060 2245 tibi
1095 2204 1302 2255 semen,
1342 2206 1361 2239 ι
1403 2189 1507 2241 boc
1555 2184 1845 2254 signiﬁcat,
1905 2199 2118 2252 nempe,
2153 2183 2294 2252 quod

717 2286 751 2339 ii
784 2285 873 2355 qui
902 2283 1047 2338 Isaac
1078 2280 1323 2351 prognati
1375 2286 1553 2343 erant,
1605 2291 1789 2331 semen
1840 2275 2076 2329 Abrahae
2133 2290 2295 2344 repu-

717 2388 918 2440 teutur,
964 2382 1241 2445 oporteret
1291 2382 1345 2426 et
1399 2370 1664 2425 idumaeas
1716 2380 1769 2421 et
1804 2382 1994 2422 omnes
2058 2368 2125 2421 ab
2179 2369 2295 2435 ipso

713 2472 971 2526 oriundos
999 2483 1182 2525 semen
1222 2464 1451 2519 Abrabaa
1502 2462 1781 2533 appellari.
1827 2459 2106 2528 Siquidem
2150 2463 2294 2529 ipso-

714 2581 832 2619 rum
856 2563 1161 2633 progenitor
1186 2559 1325 2613 Esau
1355 2557 1493 2611 lilius
1518 2567 1630 2610 erat
1658 2554 1829 2609 Isaac.
1862 2555 2022 2623 Atqui
2047 2554 2157 2624 jam
2185 2572 2291 2609 non

711 2660 885 2715 solum
944 2673 1046 2712 non
1093 2664 1357 2710 vocantur
1388 2649 1679 2705 Abrahami
1736 2648 1851 2714 ﬁlii,
1882 2663 2066 2702 verum
2123 2648 2285 2702 etiam

715 2753 867 2807 valde
895 2760 1020 2805 sunt
1041 2745 1352 2810 abalienati,
1378 2742 1773 2811 alienigenique
1797 2743 2065 2794 dicuntur.

784 2945 896 3019 69
940 2943 1103 2996 Vens.
1144 2941 1231 2994 i0.
1274 2959 1291 2991 ι
1333 2937 1446 2992 Νοιι
1475 2938 1645 2992 solum
1679 2948 1882 2999 autem,
1921 2936 2012 2990 sed
2059 2935 2299 2991 Rebecca
2329 2946 2372 3006 (ς

712 3043 874 3095 etiam
930 3053 993 3091 ex
1060 3049 1165 3088 uno
1221 3042 1568 3099 conceperat,
1636 3029 1784 3083 Isaac
1835 3039 1984 3097 patre
2031 3041 2230 3083 nostro.
2274 3048 2292 3080 ι

713 3128 1035 3186 Monstravit
1068 3125 1209 3195 quod
1242 3140 1362 3179 cum
1418 3121 1567 3177 multi
1591 3129 1644 3175 et
1676 3122 1808 3174 varii
1854 3121 2170 3174 Abraltamo
2210 3136 2298 3175 es-

713 3233 837 3279 seut
874 3223 991 3287 ﬁlii,
1018 3220 1169 3275 Isaac
1202 3216 1508 3271 vocatussit
1550 3229 1776 3268 semen:
1814 3214 1994 3282 itaque
2018 3223 2071 3267 et
2113 3215 2169 3278 ii,
2206 3214 2295 3281 qui

712 3317 873 3374 simili
906 3328 1010 3384 qua
1055 3316 1169 3381 ipse
1209 3320 1505 3363 nascuntur
1536 3309 1768 3360 ratione.
1826 3304 1944 3359 1.2m
1994 3320 2123 3359 vero
2177 3306 2294 3358 ait:

710 3407 829 3462 Non
880 3407 931 3459 in
988 3405 1136 3458 Isaae
1166 3412 1371 3455 tantum
1416 3398 1516 3453 ltoe
1561 3398 1742 3451 videre
1777 3410 1967 3465 queas,
2025 3395 2118 3450 sed
2152 3397 2291 3463 quod

715 3503 885 3569 majus
919 3511 1026 3562 est,
1082 3497 1134 3550 iu
1192 3494 1449 3549 fratribus
1495 3494 1659 3544 etiam
1698 3504 1761 3543 ex
1815 3490 2003 3542 eodem
2061 3498 2214 3556 patre
2244 3497 2297 3541 et

717 3604 912 3655 matre,
940 3592 1112 3659 iisque
1143 3588 1370 3658 geminis
1405 3584 1733 3652 propagatis,
1771 3581 1911 3635 Esau
1949 3582 2199 3633 nimirum
2241 3590 2293 3635 et

710 3688 897 3740 Jacub.
927 3682 1112 3752 Neque
1159 3681 1300 3733 enim
1350 3678 1425 3731 illi
1461 3679 1649 3730 eadem
1695 3686 1820 3728 sunt
1864 3673 2162 3732 consecuti,
2201 3673 2295 3727 sed

715 3781 849 3832 alter
878 3776 1092 3847 quidem
1133 3773 1356 3836 electus,
1409 3769 1547 3823 alter
1578 3782 1709 3822 vero
1766 3768 1891 3820 odio
1924 3775 2007 3820 est
2057 3765 2291 3821 habitus.

718 3876 896 3937 Quare
922 3883 989 3922 ne
1028 3880 1239 3935 quazras
1262 3879 1358 3918 cur
1382 3872 1567 3931 gentes
1596 3860 1842 3927 elegerit,
1873 3871 2077 3927 easque
2111 3873 2292 3912 semen

713 3962 964 4023 Abrahae,
1019 3958 1129 4012 imo
1176 3957 1416 4010 divinum
1450 3953 1659 4018 iecerit,
1698 3950 1951 4005 Hebraeos
1986 3958 2167 4004 autem
2210 3965 2295 4003 re-

714 4052 929 4121 pulerit.

790 4141 948 4194 Vsns.
983 4137 1169 4192 11-15.
1212 4153 1230 4187 r
1287 4138 1423 4189 Cum
1456 4135 1598 4188 enim
1647 4134 1881 4188 nondum
1925 4134 2036 4187 nati
2089 4145 2290 4200 essent,

715 4243 808 4289 aut
835 4232 1037 4301 aliquid
1090 4229 1220 4284 boni
1258 4228 1516 4297 egissent,
1548 4235 1638 4280 aut
1682 4227 1809 4280 mali
1867 4228 1946 4295 (ιιι
1995 4230 2289 4281 secundum

2406 2007 2577 2070 τέστι,
2603 2011 2715 2072 τοῖς
2739 2010 2797 2074 ἐξ
2818 2012 2987 2064 ἐθνῶν
3019 2019 3235 2078 πιστοῖς
3255 2057 3269 2081 ,
3294 2021 3407 2081 τοῖς
3435 2022 3751 2090 γενομένοις
3774 2023 3998 2088 τέκνοις

2407 2099 2566 2164 Θεοῦ,
2600 2101 2675 2163 ὡς
2697 2103 2791 2154 καὶ
2837 2104 2865 2156 ὁ
2915 2106 3126 2171 Ἰσαὰκ,
3171 2109 3307 2163 καθὸ
3338 2112 3431 2163 καὶ
3453 2106 3599 2167 οὗτοι
3647 2115 3706 2178 ἐξ
3752 2116 3997 2184 ἐπαγγε-

2406 2191 2542 2253 λίας,
2578 2192 2807 2246 δέδωκεν
2836 2195 2871 2248 ἃ
2898 2197 3184 2267 ὑπέσχετο.
3226 2202 3286 2253 Εἰ
3311 2201 3367 2255 δὲ
3394 2202 3607 2271 λέγοιεν
3636 2207 3685 2258 οἱ
3723 2208 3993 2271 Ἰουδαῖοι,

2404 2284 2484 2334 ὅτι
2518 2285 2600 2348 τὸ,
2639 2305 2655 2337 t
2695 2285 2786 2339 Ἐν
2818 2290 3007 2343 Ἰσαὰκ
3038 2292 3373 2363 κληθήσεταί
3397 2314 3480 2349 σοι
3507 2299 3752 2367 σπέρμα,
3790 2318 3806 2349 ι
3832 2300 3997 2353 τοῦτο

2403 2377 2569 2446 δηλοῖ,
2597 2380 2653 2431 τὸ
2678 2382 2804 2443 τοὺς
2851 2382 2910 2446 ἒξ
2943 2384 3131 2438 Ἰσαὰκ
3160 2389 3539 2457 γεννωμένους
3566 2391 3882 2459 λογίζεσθαι
3914 2391 3997 2463 τῷ

2405 2470 2658 2540 Ἀϐρααμ
2688 2474 2767 2536 είς
2803 2477 3027 2545 σπέρμα
3047 2494 3060 2508 ’
3102 2478 3213 2531 ἔδει
3240 2482 3331 2532 καὶ
3360 2482 3486 2542 τοὺς
3510 2481 3870 2552 Ἰδουμαίους,
3896 2485 3997 2537 καὶ

2407 2564 2611 2625 πάντας
2627 2563 2867 2629 ἐκείνους
2889 2569 2957 2631 ’³,
2986 2569 3211 2639 σπέρμα
3232 2571 3488 2643 Ἀϐραὰμ
3523 2575 3908 2643 χρηματίζειν.
3932 2576 3996 2629 Ὁ

2406 2652 2563 2723 γὰρ³⁰
2583 2655 2845 2723 πρόγονος
2868 2659 3047 2712 αὐτῶν
3076 2661 3271 2724 Ἠσαῦ,
3294 2664 3407 2726 υἱὸς
3421 2659 3487 2734 ἦν
3513 2665 3609 2716 τοῦ
3632 2667 3839 2720 Ἰσαάκ.
3874 2666 3996 2719 Νῦν

2393 2744 2449 2797 δὲ
2473 2763 2499 2796 ο
2514 2767 2533 2797 ,ι
2577 2746 2823 2818 μόνονξοὺ
2850 2752 3287 2820 χρηματίζουσιν
3306 2755 3412 2808 υἱοὶ
3441 2754 3534 2809 τοῦ
3554 2756 3828 2827 Ἀϐραὰμ,
3849 2758 3993 2813 ἀλλά

2404 2844 2498 2894 καὶ
2518 2842 2724 2908 σφόδρα
2738 2842 3147 2914 ἠλλοτρίωνται,
3166 2849 3262 2901 καὶ
3297 2848 3586 2917 ἀλλόφυλοι
3608 2849 3992 2920 ὀνομάζονται.

2484 2955 2502 2987 ι
2544 2937 2617 2988 0-3
2653 2937 2811 3006 μόνον
2849 2937 2928 3001 δὲ,
2973 2938 3109 2991 ἀλλά
3146 2940 3241 2993 καὶ
3285 2942 3579 3008 Ῥεϐέκκα,
3614 2943 3674 3008 ἐξ
3724 2944 3842 3006 ἑνὸς
3873 2946 3992 2997 κοί-

2402 3047 2500 3099 την
2533 3030 2765 3098 ἔχουσα,
2815 3030 2910 3082 τοῦ
2965 3031 3171 3099 πατρὸς
3218 3033 3377 3102 ήμῶν
3428 3035 3635 3088 Ἰσαάκ.
3690 3054 3707 3085 ι
3747 3036 3992 3102 Ἐδειξεν

2399 3123 2481 3175 ὃτι
2518 3122 2729 3174 πολλῶν
2763 3121 2856 3174 καὶ
2877 3122 3152 3193 διαφόρων
3172 3122 3343 3177 ὄντων
3368 3125 3575 3179 τέκνων
3605 3126 3682 3196 τῷ
3709 3126 3987 3199 Ἀϐραὰμ,

2398 3216 2426 3266 ὁ
2467 3215 2652 3267 Ἰσαὰκ
2691 3215 2897 3286 ἐκλήθη
2935 3218 3157 3287 σπέρμα
3186 3233 3199 3246 ·
3243 3216 3384 3270 ὥστε
3422 3220 3515 3273 καὶ
3533 3221 3581 3273 οἱ
3613 3221 3814 3289 ὁμοίως
3838 3221 3991 3292 αὑτῷ

2400 3308 2711 3375 τικτόμενοι
2735 3324 2748 3337 ·
2786 3308 2882 3361 καὶ
2923 3309 3017 3360 νῦν
3056 3308 3150 3362 οὖν
3176 3327 3364 3378 φησιν,
3396 3311 3479 3364 ὅτι
3508 3311 3585 3367 Οὐ
3622 3315 3783 3383 μόνον
3809 3315 3866 3367 δὲ
3893 3319 3990 3369 ἐπὶ

2396 3400 2490 3452 τοῦ
2535 3400 2721 3453 Ἰσαὰκ
2777 3400 2938 3454 τοῦτο
2987 3401 3139 3467 ἴδοις,
3196 3402 3334 3456 ἀλλά
3383 3406 3444 3457 τὸ
3489 3405 3693 3476 μεῖζον,
3738 3410 3833 3460 καὶ
3889 3411 3989 3462 ἐπὶ

2398 3492 2645 3562 ἀδελφῶν
2671 3492 3021 3563 ὁμοπατρίων
3053 3494 3147 3545 καὶ
3181 3495 3541 3565 ὁμομητρίων
3574 3498 3675 3549 καὶ
3719 3496 3986 3569 διδύμων,

2397 3581 2488 3634 τοῦ
2524 3599 2581 3632 τε
2616 3580 2789 3633 Ἡσαῦ
2820 3583 2915 3634 καὶ
2948 3581 3043 3633 τοῦ
3077 3581 3297 3637 Ἰακώϐ.
3330 3584 3465 3638 Οὐδὲ
3493 3586 3623 3656 γὰρ,
3667 3588 3788 3641 οὐδὲ
3828 3584 3985 3642 οὗτοι

2396 3673 2503 3725 τῶν
2535 3674 2713 3725 αὐτῶν
2737 3673 3085 3741 ἀπήλαυσαν,
3117 3673 3233 3727 ἀλλ’
3260 3677 3289 3729 ὁ
3322 3676 3424 3745 μὲν
3458 3678 3704 3746 έξελέγη,
3733 3682 3760 3732 ό
3784 3680 3984 3751 δὲὲμι-

2398 3764 2557 3834 σήθη.
2586 3766 2748 3817 Ὠστε
2787 3766 2859 3835 μὴ
2894 3765 3115 3819 ἀπαίτει
3159 3765 3378 3834 λόγους,
3404 3768 3549 3832 τίνος
3580 3770 3739 3822 ἕνεκα
3767 3772 3893 3834 τοὺς
3922 3773 3983 3837 ἐξ

2397 3857 2565 3911 ἐθνῶν
2627 3857 2928 3923 ἐξελέξατο,
2990 3859 3084 3910 καὶ
3139 3860 3361 3929 σπέρμα
3418 3861 3713 3931 ’Δϐραάμ,
3781 3864 3985 3933 μᾶλλον

2395 3950 2450 4002 δὲ
2480 3951 2642 4013 θ;ῖον,
2678 3949 2905 4019 ἐποίησε
2931 3966 2947 3981 ο
2982 3951 3107 4014 τοὺς
3130 3950 3187 4004 δὲ
3234 3951 3521 4022 Ἐϐραίους
3551 3955 3835 4009 ἀπώσατο.

2475 4147 2490 4178 t
2526 4128 2710 4194 Μήπω
2735 4126 2843 4197 γὰρ
2873 4127 3243 4197 γεννηθέντων
3270 4170 3283 4191 ,
3314 4127 3453 4198 μηδὲ
3486 4129 3812 4199 πραξάντων
3834 4134 3944 4202 ἀγα
3966 4164 3981 4176 -

2397 4224 2487 4277 θόν
2538 4242 2588 4277 τι
2624 4224 2656 4295 ἢ
2710 4226 2903 4286 κακὸν,
2943 4224 3031 4277 ἵνα
3063 4226 3096 4294 ἡ
3143 4226 3264 4277 κατ’
3318 4224 3548 4293 ἐκλογὴν
3585 4218 3843 4295 πρόθεσις
3883 4227 3981 4278 τοῦ

715 4327 1034 4381 electionem
1056 4324 1385 4393 propositum
1411 4321 1501 4375 Dei
1523 4330 1787 4386 ntaneret,
1805 4334 1912 4373 neu
1932 4335 1996 4375 ex
2016 4321 2288 4389 operibus.
2320 4302 2373 4360 D
2399 4323 2407 4365 ε

2286 4302 2373 4378 ,D
2399 4316 2533 4370 Θεοῦ
2566 4317 2722 4387 μένῃ,
2771 4318 2870 4368 οὐκ
2904 4318 2962 4382 ἐξ
3011 4318 3208 4386 ἔργων,
3250 4317 3365 4368 ἀλλ’
3414 4319 3477 4368 ὲκ
3523 4317 3616 4369 τοῦ
3659 4317 3978 4381 καλοῦντος,

716 4422 807 4475 sed
842 4436 905 4474 ex
938 4420 1225 4484 vocante),
1255 4416 1460 4467 dictum
1504 4420 1587 4468 est
1614 4415 1659 4467 ei
1694 4427 1708 4466 :
1755 4411 1924 4479 Major
1968 4415 2165 4466 serviet
2193 4414 2292 4465 Ini-

717 4515 832 4568 nori
866 4530 879 4565 :
913 4512 1051 4566 sicut
1103 4510 1367 4577 scriptum
1400 4515 1485 4561 est
1513 4522 1528 4559 :
1556 4503 1728 4559 .Iacob
1763 4505 1966 4568 dilexi,
2011 4504 2155 4559 Esau
2192 4520 2290 4556 au-

720 4615 825 4659 tem
864 4605 989 4657 odio
1031 4601 1192 4654 habui
1244 4610 1289 4651 ι.
1323 4617 1345 4650 ο
1386 4597 1680 4653 Necessum
1712 4597 1873 4648 fuerit
1904 4596 1989 4648 hic
2020 4612 2115 4648 nos
2151 4610 2289 4661 prae-

718 4698 953 4757 mittere,
984 4705 1147 4761 atque
1189 4691 1502 4743 summatim
1535 4687 1806 4757 explicare
1831 4702 2049 4738 sensum
2102 4702 2286 4738 eorum

718 4803 838 4857 qua:
878 4786 1080 4854 prolixe
1110 4784 1353 4837 dieturus
1383 4792 1462 4834 est
1489 4778 1801 4848 Apostolus.
1844 4778 1978 4841 Quia
2015 4778 2156 4829 enim
2184 4792 2285 4829 non

720 4877 878 4945 pauci
905 4876 1177 4936 dicebant,
1208 4873 1379 4925 [iecur
1408 4869 1550 4925 Deus
1580 4880 1767 4939 gentes
1817 4870 2053 4923 llebrazis
2090 4882 2289 4937 praetu-

720 4970 779 5022 lit
832 4970 952 5035 (nec
987 4981 1132 5017 enim
1180 4966 1464 5030 quisquam
1514 4962 1708 5013 dixerit
1743 4962 1883 5013 istud
1920 4962 2132 5013 virtutis
2162 4974 2289 5027 ergo

719 5059 1047 5126 contigisse:
1078 5070 1264 5107 omnes
1284 5058 1425 5106 enim
1467 5052 1889 5122 peccaverunt)?
1914 5051 2117 5119 colligit
2147 5054 2289 5120 Apo-

718 5152 887 5205 stolus
934 5150 1097 5201 multa
1150 5148 1397 5215 ambigua
1459 5158 1645 5199 lttiSer
1678 5147 1892 5213 quidem
1949 5144 2166 5211 ingenio
2209 5146 2288 5197 in-

718 5242 1241 5312 comprehensibilia,
1273 5242 1370 5294 ευιι
1403 5251 1581 5293 autent
1614 5238 1722 5292 Deo
1746 5238 2286 5308 comprehensibilta:

716 5340 1011 5405 statuitque
1038 5338 1264 5403 primum
1295 5347 1422 5388 ante
1442 5345 1810 5401 euuSpeetum,
1835 5335 1975 5401 quod
2001 5334 2140 5385 inter
2170 5333 2286 5386 illus

719 5441 851 5487 duos
884 5438 1077 5484 lratres
1109 5432 1374 5499 didymos,
1420 5427 1557 5480 alter
1591 5427 1915 5494 quidemqui
1951 5426 2156 5479 electus
2179 5435 2285 5489 est,

719 5545 821 5580 ιιυῖι
878 5526 945 5577 sit
1004 5533 1221 5591 propter
1274 5531 1526 5573 virtutem
1568 5522 1813 5572 electus:
1872 5517 2009 5571 alter
2039 5531 2164 5570 vero
2192 5518 2283 5583 qui

792 5640 963 5693 JGea.
986 5652 1110 5701 xxv,
1133 5636 1222 5689 23.

2402 4407 2609 4479 ἐρρηθη
2640 4408 2797 4476 αὐτῇ,
2830 4407 2910 4459 ὄτι
2955 4408 3011 4460 '0
3039 4407 3240 4476 μείζων
3256 4406 3532 4459 δουλεύσει
3571 4406 3650 4476 τῷ
3685 4408 3937 4461 ἐλάσσονι
3964 4427 3977 4439 ·

2402 4498 2584 4561 καθὼς
2641 4500 2991 4567 γέγραπται’
3044 4498 3147 4552 Τὸν
3204 4496 3399 4550 Ἰακὼϐ
3448 4497 3733 4567 ἠγάπησα,
3768 4500 3868 4551 ,τὸν
3921 4501 3979 4552 δέ

2411 4592 2580 4645 Ἡσαῦ
2616 4593 2877 4662 ἐμίσησα.
2922 4613 2941 4645 ι
2985 4593 3308 4659 Ἀναγκαῖόν
3356 4591 3471 4642 ἐστι
3508 4594 3787 4659 προειπεῖν
3828 4595 3981 4662 ἡμᾶς

2395 4686 2487 4738 τὸν
2520 4684 2645 4739 νοῦν
2670 4688 2778 4738 τῶν
2824 4686 3126 4755 μελλόντων
3175 4684 3410 4755 ῥηθῆναι
3441 4684 3528 4736 διά
3565 4685 3777 4754 μακροῦ
3825 4692 3980 4758 παρὰ

2395 4780 2489 4831 τοῦ
2526 4778 2870 4832 Ἀποστόλου.
2906 4778 3124 4847 Ἐπειδὴ
3153 4778 3258 4847 γὰρ
3289 4776 3475 4845 ἔλεγον
3505 4780 3551 4830 οἱ
3580 4778 3797 4831 πολλοί·
3819 4780 3976 4845 Τίνος

2399 4874 2559 4924 ἕνεκα
2577 4872 2644 4924 τὰ
2660 4871 2787 4941 ἔθνη
2809 4870 3255 4941 προετιμήθησαν
3274 4870 3317 4901 ³⁸
3335 4870 3445 4922 τῶν
3471 4870 3742 4942 Ἐϐραίων
3761 4874 3842 4943 (ο)
3872 4876 3975 4944 γὰρ

2400 4964 2465 5016 ἂν
2495 4965 2635 5016 είποι
2668 4982 2769 5029 τις,
2818 4964 2902 5015 δτι
2925 4964 2991 5014 δι’
3022 4964 3223 5033 ἀρετήν
3251 4978 3263 4991 ’
3295 4963 3495 5024 πάντες
3525 4964 3633 5033 γὰρ
3666 4965 3973 5035 ἦμαρτον);

2402 5057 2673 5123 συνάγειὸ
2708 5055 3029 5118 ’Δπόστολος
3053 5054 3223 5108 πολλὰ
3249 5053 3452 5125 ἄπορα,
3481 5056 3615 5125 ἡμῖν
3650 5057 3749 5126 μὲν
3768 5061 3976 5109 ἀκατα-

2398 5150 2601 5217 ληπτα,
2641 5148 2783 5217 μόνῳ
2806 5148 2861 5200 δὲ
2883 5148 3003 5216 θεῷ
3035 5146 3391 5217 καταληπτά·
3422 5148 3518 5199 καὶ
3550 5147 3790 5201 δείκνυσι
3821 5151 3975 5218 πρῶ-

2399 5258 2489 5293 τον
2528 5242 2653 5302 τοὺς
2685 5240 2778 5292 δύο
2810 5239 3063 5309 διδύμους
3096 5239 3379 5306 ἀδελςιεοίκ,
3412 5240 3493 5292 ὅτι
3523 5240 3583 5291 οὐ
3611 5240 3679 5292 δι’
3709 5241 3914 5310 ἀρετὴν
3951 5245 3976 5292 ό

2400 5332 2645 5399 ἐκλεγεὶς
2692 5330 2937 5399 ὲξελέγη,
2986 5330 3105 5382 οὐδὲ
3152 5328 3240 5381 διὰ
3271 5330 3471 5381 κακίαν
3504 5331 3531 5379 ὁ
3564 5328 3816 5399 μισηθεὶς
3856 5333 3973 5396 ἐμι-

2399 5425 2532 5494 σήθη
2570 5425 2664 5492 (ob
2695 5426 2802 5494 γὰρ
2837 5423 3144 5493 ἐπράξαντο
3170 5420 3373 5489 ἀγαθὸν
3404 5421 3435 5492 ἦ
3479 5422 3665 5485 κακὸν,
3709 5422 3787 5473 ἔτι
3815 5423 3875 5473 ἐν
3907 5425 3971 5491 τῇ

2396 5516 2549 5584 νηδύϊ
2597 5518 2693 5584 τῆς
2755 5517 2958 5585 μητρὸς
3003 5514 3153 5577 ὄντες
3174 5513 3194 5582 )
3217 5531 3228 5542 ·
3260 5512 3395 5565 ἀλλά
3428 5515 3493 5582 τῇ
3522 5513 3644 5584 θεία
3675 5514 3933 5583 προθέσει
3954 5551 3969 5576 ,

2085 5725 2290 5787 Variae
2326 5726 2651 5788 lectiones.

797 5837 839 5865 ⁸⁷
872 5834 1135 5901 ἐγεννήθη
1172 5849 1224 5886 ο.

715 5911 757 5939 ³³
784 5922 1116 5975 π[ο;τιμησ;
1153 5923 1223 5959 ιιι.

1304 5833 1346 5864 ³⁸
1378 5832 1449 5895 ὡς
1481 5834 1536 5886 ἐν
1572 5837 1775 5902 μήτρα,
1837 5835 1903 5901 τῇ
1946 5831 2308 5902 κολυμϐήθρα
2339 5848 2392 5887 0.

2472 5832 2515 5862 ’9
2569 5830 2837 5899 Chrysost.
2875 5828 3082 5892 πάντας
3112 5827 3239 5891 τοὺς
3286 5826 3381 5881 ἀπ’
3414 5826 3647 5882 ἐκείνου.
3727 5825 3772 5856 ³⁸
3801 5825 3857 5880 ὁὶ
3907 5841 3964 5882 o.
