4286 6444
725 402 825 465 467
1643 397 2221 458 ΤΙΙΕΟΡΙΙΥΙΑΟῚῚ
2266 398 2354 455 illi
2371 398 2675 459 LOARL‘E
2705 401 3064 460 AIICIIIEP.
3874 401 3982 467 468

728 532 903 569 11183111
929 526 983 568 ιιι
1019 524 1073 568 ΙΙΙ
1102 512 1457 567 Ωιιιιυιιιίειιιν
1496 525 1690 565 ιιοιιιθιι
1739 528 1915 567 meum
1963 512 2015 563 ill
2049 510 2296 563 lilllVCl’Sﬂ
2330 516 2371 567 Α
2404 531 2420 563 \

2288 529 2296 561 ι
2330 516 2371 567 Λ
2404 513 2567 580 ναμίν
2595 530 2715 582 μου,
2753 515 2849 566 καὶ
2886 514 3033 575 ὅπως
3061 511 3320 583 διαγγελῇ
3373 515 3414 543 ³⁷
3458 515 3516 567 τὸ
3545 514 3717 582 τινομά
3768 532 3869 583 μου
3920 518 3980 567 ἐν

726 620 896 663 terra.
941 626 959 658 ι
990 605 1473 672 Quemadmodum,
1508 603 1701 674 inquit,
1726 620 1910 657 eorum
1951 602 2040 669 qui
2072 602 2298 656 vitulum

725 703 1017 760 tinxerant,
1054 699 1139 753 alii
1172 699 1385 768 quidem
1419 699 1619 751 servati
1654 708 1835 760 erant,
1874 697 1966 751 alii
2011 713 2141 751 vero
2180 713 2294 764 Sup-

724 794 886 864 plicio
925 790 1129 855 allecti,
1164 791 1277 845 solo
1311 788 1423 845 Deo
1469 799 1851 858 cognoscente,
1887 792 2107 857 quinatn
2153 788 2297 858 digni

724 892 907 938 essent
942 890 1000 936 ut
1042 890 1134 935 aut
1183 894 1556 944 servarentur,
1588 890 1683 935 aut
1737 882 2106 950 punirentur:
2148 882 2227 935 sic
2249 892 2301 935 et

725 974 874 1028 solus
903 972 1135 1033 Pharao,
1165 987 1287 1025 cum
1319 973 1558 1041 plerique
1589 972 1679 1025 alii
1708 984 1762 1026 et
1793 972 1938 1039 impii
1965 982 2017 1025 et
2047 974 2298 1026 scelerati

726 1079 929 1132 essent,
950 1066 1088 1119 iram
1123 1064 1214 1119 Dei
1237 1075 1488 1131 expertus
1511 1074 1611 1121 est.
1639 1084 1656 1115 ι
1690 1064 1913 1132 PrOpter
1947 1066 2047 1119 hoc
2073 1066 2244 1133 ipsum
2277 1085 2293 1116 ι

726 1160 895 1224 enim,
928 1157 1129 1230 inquit,
1178 1175 1195 1208 ι
1237 1173 1267 1209 o
1302 1155 1534 1222 Pharao,
1569 1158 1801 1210 excitavi
1830 1167 1901 1221 te,
1933 1158 1960 1207 ἰ
2013 1158 2063 1211 id
2092 1168 2195 1219 est,
2248 1148 2298 1210 iu

728 1252 967 1307 medium
1014 1251 1234 1321 protuli,
1268 1262 1324 1304 ut
1358 1265 1453 1320 per
1482 1260 1531 1303 te
1579 1260 1836 1318 appareat
1885 1253 2120 1320 potentia
2158 1268 2297 1313 utea,

727 1352 1189 1414 coerceanturque
1214 1344 1386 1407 multi,
1422 1345 1639 1398 nomine
1673 1358 1791 1397 meo
1825 1358 1920 1398 ceu
1949 1344 2095 1413 justo
2121 1356 2173 1398 et
2201 1360 2298 1412 po-

730 1439 1172 1509 tentipraedicato
1209 1440 1260 1491 iu
1292 1438 1539 1492 universa
1576 1448 1738 1491 terra.

808 1532 966 1585 Vens.
1002 1534 1086 1585 l8.
1134 1549 1152 1582 ι
1202 1531 1344 1601 lirgo
1391 1529 1545 1597 cujus
1570 1530 1681 1583 vult
1724 1528 2030 1592 miseretur,
2060 1537 2110 1581 et
2144 1543 2301 1595 quem

729 1627 841 1680 \‘ult
871 1626 1108 1680 indurat.
1142 1645 1158 1676 ι
1192 1624 1365 1680 Infert
1395 1623 1824 1686 conclusionem,
1854 1636 1915 1676 ac
1942 1622 2301 1686 demonstrat,

730 1720 875 1785 quod
898 1734 1001 1771 uou
1035 1726 1283 1787 oporteat
1307 1718 1570 1770 rationem
1606 1714 1823 1783 exigere
1861 1729 1888 1767 a
1919 1712 2047 1768 Deo.
2087 1730 2104 1763 ι
2143 1712 2306 1781 Cujus

732 1810 876 1865 enim
910 1810 1015 1862 \‘ttll
1050 1811 1340 1864 miseretur
1372 1847 1386 1862 .
1422 1826 1439 1859 ι
1473 1808 1695 1878 prrimle
1728 1817 1888 1877 atque
1930 1808 1980 1860 in
2028 1806 2301 1869 lsraclitis,

732 1904 820 1969 qui
864 1902 1087 1955 vitulum
1140 1903 1431 1955 tinxerant.
1500 1918 1520 1952 ι
1564 1899 1627 1951 Ει
1659 1914 1817 1968 quem
1854 1897 1963 1950 vult
2004 1897 2241 1956 indurat.
2281 1917 2299 1949 ι

733 2004 789 2046 ιιι
818 1993 1170 2047 Pharaonem.
1197 1994 1332 2059 Quid
1356 2005 1532 2047 autem
1560 2002 1663 2054 est,
1699 2010 1719 2042 ι
1748 1990 2011 2043 ludurat?
2048 2008 2065 2040 ι
2097 1992 2308 2044 videtur

733 2084 874 2139 enim
910 2085 1200 2137 absurdqu
1222 2100 1361 2138 esse.
1397 2082 1867 2149 Quemadmodum
1903 2084 1981 2137 sol
2022 2083 2193 2136 lutum
2231 2084 2308 2136 iu-

735 2178 913 2240 tlurat,
946 2176 1025 2230 sic
1058 2174 1199 2230 Deus
1224 2175 1428 2230 luteum
1464 2175 1767 2230 Pharaonis
1803 2192 1895 2227 cor
1927 2176 2124 2229 dicitur
2152 2175 2306 2227 indu-

738 2282 905 2323 rasse.
937 2266 1179 2332 Quanam
1238 2268 1487 2321 ratione?
1520 2269 1623 2323 Per
1660 2266 2149 2336 longanimitatem.
2170 2264 2309 2319 Lou-

735 2358 1003 2425 ganintem
1043 2357 1185 2412 enim
1212 2372 1333 2413 sese
1376 2357 1451 2411 illi
1500 2358 1763 2412 exhibens
1790 2399 1804 2423 ,
1832 2357 2105 2411 duriorem
2137 2358 2309 2425 ipsum

741 2448 968 2501 faciebat
995 2465 1007 2501 :
1041 2448 1264 2517 perinde
1293 2463 1355 2503 ac
1382 2449 1426 2502 si
1454 2450 1571 2516 quis
1595 2450 1695 2518 71
1726 2465 1938 2502 servum
1966 2449 2163 2503 habeat
2191 2466 2310 2503 scc-

741 2538 994 2603 leratutn,
1028 2554 1136 2607 qtto
1176 2554 1234 2594 se
1267 2541 1642 2593 humaniorem
1693 2542 1767 2594 illi
1831 2541 2154 2605 ostenderit,
2212 2544 2311 2597 hoc

739 2646 863 2684 eum
907 2631 1083 2684 reddit
1116 2632 1431 2698 nequiorem
1466 2652 1477 2686 :
1522 2649 1625 2685 non
1659 2634 1800 2701 quod
1844 2634 1956 2698 ipse
1988 2636 2313 2703 perversita-

744 2734 850 2776 tem
929 2723 1293 2792 nequitiatnve
1340 2739 1461 2777 eum
1521 2724 1752 2787 doceat,
1830 2725 1923 2777 sed
2007 2725 2151 2793 quod
2220 2728 2315 2778 do-

745 2815 873 2865 mini
926 2814 1334 2883 longanimitate
1392 2816 1494 2869 iste
1546 2816 1610 2866 a.l
1675 2814 2047 2883 perversitatis
2072 2830 2181 2869 sua:
2235 2817 2315 2869 in-

745 2918 1083 2960 crementum
1132 2910 1407 2971 abutatur,
1462 2907 1660 2975 quippe
1702 2908 1791 2974 qui
1832 2924 1948 2961 eam
1985 2920 2312 2962 contemnat.

829 2997 1001 3053 VERS.
1033 2999 1119 3053 19.
1154 3019 1171 3050 ι
1210 2998 1364 3053 Dicis
1402 3000 1562 3068 igitur
1615 2999 1765 3060 tttilti,
1808 2999 1946 3065 Quid
1982 3001 2155 3054 adlute
2190 3014 2319 3067 que-

751 3084 929 3138 ritur?
960 3084 1230 3138 Voluntati
1270 3087 1412 3138 euim
1450 3083 1566 3152 ejus
1602 3084 1721 3151 quis
1747 3084 2001 3138 resistat?
2031 3103 2049 3134 ι
2078 3084 2317 3138 Conatur

750 3192 845 3243 per
872 3177 1071 3243 omnia,
1107 3178 1248 3247 quod
1298 3193 1667 3247 saepenumero
1700 3177 1832 3239 dixi,
1867 3186 2313 3239 commonstrare,

751 3272 891 3336 quod
929 3267 1027 3323 soli
1061 3267 1172 3323 Deo
1204 3270 1311 3324 sint
1337 3271 1565 3338 cognitae
1596 3284 1705 3322 sua:
1751 3284 1928 3321 rerum
1963 3268 2319 3337 dispensatio-

753 3377 870 3427 nes,
899 3360 1281 3431 atquejudicia
1333 3364 1469 3417 ha:c.
1518 3362 1655 3416 llinc
1687 3362 1921 3429 undique
1972 3360 2112 3415 haud
2152 3375 2319 3431 pauca

754 3455 999 3525 ambigua
1033 3453 1252 3524 colligit,
1287 3470 1514 3524 quorum
1556 3455 1751 3507 nullam
1786 3454 2098 3509 dilutiouem
2142 3452 2317 3519 affert,

752 3557 813 3601 ut
863 3550 929 3602 ad
981 3550 1288 3618 angustiam
1338 3551 1553 3602 redacto
1604 3559 1869 3612 amatore,
1906 3550 2223 3617 persuadeat
2270 3552 2318 3603 ei

755 3643 869 3695 haec
898 3656 1020 3696 esse
1062 3642 1627 3711 incomprehensibilia
1649 3683 1663 3704 ,
1698 3643 1939 3710 adeoque
1973 3641 2192 3695 humani
2238 3642 2319 3695 in-

758 3733 901 3801 genii
929 3744 1146 3802 captum
1188 3736 1472 3788 excedere.
1502 3733 1653 3798 Quod
1698 3734 1860 3802 igitur
1910 3735 1995 3789 hic
2044 3734 2192 3799 dicit,
2238 3742 2320 3788 est

760 3824 1064 3893 hujusmodi
1098 3825 1508 3896 :Objectionetn
1543 3826 1781 3891 adducit,
1835 3827 2078 3898 adeoque
2108 3826 2326 3881 dubita-

756 3920 990 3971 tionem:
1053 3915 1109 3970 Si
1157 3930 1318 3985 quem
1359 3917 1482 3969 velit
1535 3917 1788 3979 induret,
1844 3917 1969 3986 quid
2025 3919 2200 3972 adhuc
2260 3919 2325 3970 de

758 4018 1015 4077 peccante
1043 4006 1429 4075 conqueritur?
1456 4006 1725 4063 Voluntati
1778 4025 2009 4079 namque
2049 4010 2165 4077 ejus
2205 4012 2325 4081 quis

758 4098 956 4167 poterit.
989 4097 1291 4151 resistere?
1324 4097 1501 4151 Voluit
1541 4098 1763 4163 etenim,
1808 4109 1859 4153 et
1891 4102 2181 4165 induravit,
2213 4118 2325 4156 tne-

761 4177 973 4259 ritoque
1007 4189 1227 4258 impegit
1259 4189 1576 4255 induratus;
1618 4206 1717 4245 cur
1754 4207 1884 4261 ergo
1929 4193 1994 4247 de
2027 4193 2117 4247 illo
2148 4194 2327 4262 queri-

762 4294 847 4333 tur
872 4289 924 4333 et
955 4278 1149 4348 punit?
1190 4278 1313 4334 llaec
1342 4295 1471 4334 sane
1504 4278 1736 4347 objectio
1785 4282 2043 4351 producta
2098 4293 2211 4348 est,
2249 4285 2324 4337 uti

759 4372 1009 4424 ostendat
1059 4369 1362 4437 hujusmodi
1417 4372 1573 4424 dubia
1630 4372 1725 4426 soli
1780 4372 1888 4427 Deo
1938 4375 2325 4442 perceptibiha.

766 4461 918 4516 Unde
942 4476 1039 4516 nec
1067 4462 1179 4529 ipse
1207 4460 1349 4517 hanc
1371 4464 1545 4526 diluit,
1577 4463 1672 4517 scd
1696 4465 1959 4519 dubitanti
1987 4482 2048 4520 os
2073 4467 2324 4533 obstruit,

762 4558 948 4611 dicens
981 4575 993 4609 :

840 4647 999 4701 Vens.
1029 4649 1117 4701 20.
1162 4667 1181 4700 ι
1212 4650 1395 4718 Atqui,
1453 4665 1484 4701 o
1540 4650 1721 4713 homo,
1762 4660 1812 4702 ιιι
1861 4650 1979 4717 quis
2028 4667 2087 4705 es
2133 4653 2221 4719 qui
2266 4669 2329 4705 ex

763 4739 990 4793 adverso
1026 4743 1352 4809 respondeas
1384 4739 1534 4792 Deo?
1574 4759 1592 4791 ι
1629 4740 1815 4794 Videu‘
1859 4745 2126 4809 quomodo
2179 4745 2333 4797 cohi-

760 4832 886 4884 beat
908 4832 1266 4900 importunam
1293 4833 1685 4895 curiositatem,
1726 4833 2046 4902 l’renutuque
2072 4837 2333 4903 imponat,

761 4922 1015 4976 erudiens
1048 4939 1146 4979 nos
1182 4935 1238 4977 ut
1289 4925 1562 4979 discamus
1590 4925 1714 4993 quid
1772 4926 1911 4979 Deus
1963 4928 2048 4986 sit.
2101 4938 2155 4979 et
2206 4928 2333 4996 quid

762 5016 943 5069 homo.
1000 5016 1076 5068 Tu
1132 5017 1252 5083 quis
1288 5015 1384 5069 es?
1455 5016 1705 5083 Nunquid
1746 5016 2036 5084 imperium
2096 5033 2217 5072 cum
2271 5034 2335 5071 eo

763 5109 987 5174 partiris
1014 5109 1036 5161 ?
1067 5108 1201 5161 Nutu
1224 5110 1384 5177 judex
1419 5126 1478 5163 es
1510 5124 1695 5162 eorum
1723 5126 1842 5179 qua:
1888 5112 2057 5177 ipsum
2084 5121 2330 5179 Oportent

762 5204 939 5255 facere
988 5213 1083 5255 aut
1134 5218 1235 5255 non
1300 5202 1522 5256 facere?
1571 5203 1703 5257 Nam
1747 5204 2027 5271 explorare
2076 5207 2200 5274 quid
2250 5208 2329 5260 sic

760 5298 970 5359 deceat,
1015 5295 1094 5347 re:
1150 5311 1253 5347 non
1288 5296 1497 5357 deceat,
1546 5306 1629 5349 est
1681 5296 1799 5364 ejus
1843 5298 1931 5365 qui
1993 5311 2057 5349 ex
2101 5298 2327 5350 adverso

766 5387 1086 5453 respondeat
1138 5398 1546 5455 opponaturque
1606 5390 1732 5442 Deo.
1797 5389 1993 5443 Verum
2047 5392 2326 5459 haudqua-

2406 605 2556 676 πάσῃ
2592 606 2659 674 τῇ
2690 607 2782 674 γῇ.
2827 624 2843 655 ι
2886 606 3099 674 Ὠσπερ
3136 604 3228 657 ἐπὶ
3270 604 3379 657 τῶν
3441 605 3979 674 μοσχοποιησὰντων,

2406 698 2592 762 φησιν,
2615 696 2665 747 οἰ
2695 696 2792 764 μὲν
2814 695 3118 766 ἐσώθησαν.
3144 697 3191 748 οἰ
3212 695 3267 748 δὲ
3293 694 3692 766 ἐκολάσθησαν.
3727 696 3820 750 τοῦ
3845 696 3981 749 Θεοῦ

2409 788 2570 856 μόνου
2595 788 2793 850 εἰδότος
2827 788 2951 851 τοὺς
2981 787 3163 853 ἀξίους
3189 789 3222 859 ἦ
3265 789 3563 858 σωτηρίας.
3598 789 3630 858 ἦ
3663 789 3935 850 κολάσεως
3966 806 3979 818 ·

2405 880 2547 932 οὕτω
2579 880 2674 933 καὶ
2707 880 2735 930 6
2772 878 2971 949 Φαραὼ
3006 880 3186 950 μόνος,
3216 881 3393 933 καίτοι
3424 880 3636 934 πολλῶν
3667 882 3760 933 καὶ
3803 882 3981 935 ἄλλων

2406 972 2713 1042 γενομένων
2740 972 3013 1041 πονηρῶν,
3044 973 3331 1041 ἀπήλαυσε
3360 972 3461 1042 τῆς
3490 974 3664 1042 ὀργῆς
3690 972 3785 1025 τοῦ
3815 973 3980 1028 Θεοῦ.

2405 1065 2505 1116 Διά
2522 1064 2682 1116 τοῦτο
2708 1064 2817 1134 γὰρ
2848 1063 2979 1115 αὐτὸ
3008 1064 3269 1134 ἐξήγειρά
3306 1082 3388 1125 σε,
3437 1067 3621 1133 φησὶν,
3664 1058 3708 1118 ὦ
3743 1064 3939 1135 Φαραὼ
3967 1107 3980 1130 ,

2404 1156 2703 1221 τουτέστιν,
2734 1158 2811 1219 εἰς
2838 1156 2898 1208 τὸ
2933 1157 3096 1225 μέσον
3134 1157 3360 1226 ἠγαγον,
3398 1158 3481 1210 ἵνα
3512 1158 3597 1211 διὰ
3628 1156 3722 1211 σοῦ
3770 1161 3912 1227 φανῇ
3947 1160 3980 1227 ἡ

2405 1248 2634 1317 δύναμίς
2666 1266 2767 1318 μου
2787 1289 2802 1313 ,
2836 1250 2931 1301 καὶ
2970 1248 3280 1302 σνσταλῶσι
3309 1249 3495 1303 πολλοὶ
3517 1290 3532 1315 ,
3569 1250 3982 1318 διαγγελθέντος

2406 1340 2499 1392 τοῦ
2520 1341 2777 1410 ὀνόματός
2813 1358 2936 1410 μου,
2970 1340 3041 1404 ὡς
3069 1341 3279 1395 δικαίου
3308 1342 3402 1395 καὶ
3443 1341 3693 1409 δυνατοῦ,
3726 1343 3784 1395 ὲν
3831 1343 3983 1412 πάσῃ

2405 1435 2470 1503 τῇ
2506 1436 2594 1501 γῇ-

2482 1546 2498 1575 ι
2536 1529 2675 1596 Ἀρα
2699 1522 2791 1580 οὖν
2815 1526 2872 1578 ὃν
2905 1526 3045 1577 θέλει
3082 1527 3241 1591 ἐλεεῖ,
3272 1528 3331 1579 ὃν
3372 1527 3426 1580 δὲ
3456 1526 3598 1582 θέλει
3630 1527 3983 1597 σκληρύνει.»

2409 1620 2635 1687 Ἐπάγει
2662 1620 2721 1672 τὸ
2748 1623 3144 1689 συμπέρασμα,
3173 1622 3264 1673 καὶ
3283 1622 3667 1687 ἀποφαίνεται,
3705 1624 3786 1673 ὅτι
3811 1622 3871 1672 οὖ
3905 1622 3989 1674 δεῖ

2408 1710 2637 1775 εὐθύνας
2656 1713 2907 1764 ἀπαιτεῖν
2925 1714 3014 1764 τὸν
3033 1713 3183 1765 Θεόν.
3210 1732 3224 1762 ι
3242 1716 3340 1763 ’ον
3360 1712 3468 1783 γὰρ
3496 1714 3634 1765 θέλει
3655 1714 3813 1776 ἐλεεῖ,

2410 1803 2501 1855 ἐπὶ
2540 1803 2648 1854 τῶν
2681 1804 3203 1873 μοσχοποιησαντων
3230 1803 3614 1872 Ἰσραηλιτῶν·
3652 1805 3711 1856 ὃν
3748 1804 3802 1857 δὲ
3839 1804 3988 1856 θέλει

2413 1896 2728 1965 σκληρύνει,
2757 1897 2831 1960 ὡς
2863 1897 2954 1949 τὸν
2986 1896 3205 1967 Φαραώ.
3249 1898 3313 1949 Ti
3336 1896 3393 1949 δὲ
3418 1898 3535 1949 ἐστι
3566 1897 3646 1958 τὸ,
3686 1916 3703 1947 ι
3739 1898 3988 1966 Σκληρύ-

2407 2011 2522 2058 νει;
2589 2015 2606 2045 ι
2660 1994 2917 2047 Φαίνεται
2967 1994 3075 2063 γὰρ
3126 1994 3349 2048 ἄτοπον.
3386 1994 3598 2064 Ὠσπερ
3632 1995 3661 2047 6
3701 1992 3850 2061 ἥλιος
3896 1993 3991 2044 τὸν

2408 2088 2580 2154 πηλὸν
2615 2086 2930 2156 σκληρύνει,
2961 2086 3103 2138 οὕτω
3132 2087 3223 2138 καὶ
3254 2088 3281 2138 6
3302 2085 3435 2148 Θεὸς
3463 2087 3563 2155 τὴν
3591 2085 3824 2153 πηλίνην
3848 2102 3989 2153 καί)-

2407 2179 2527 2231 δίαν
2558 2178 2651 2231 τοῦ
2690 2179 2890 2249 Φαραὼ
2915 2179 3136 2245 λέγεται
3176 2178 3523 2247 σκληρύνειν.
3565 2178 3725 2243 “the;
3759 2178 3837 2247 Τῇ
3884 2196 3990 2245 μα-

2408 2270 2683 2341 κροθυμίᾳ
2703 2289 2715 2302 ·
2764 2271 3135 2341 μακροθυμῶν
3164 2270 3270 2339 γὰρ
3298 2272 3386 2321 ἐπ’
3422 2270 3590 2339 αὐτῷ,
3616 2269 3989 2339 σκληρότερον

2410 2364 2570 2419 αὐτὸν
2600 2365 2885 2433 εἰργάζετο
2904 2382 2917 2394 ο
2949 2364 3138 2434 ὥσπερ
3168 2364 3220 2416 εἴ
3249 2381 3328 2425 τις
3353 2363 3464 2432 ἔχει
3497 2363 3681 2415 δοῦλον
3721 2363 3991 2429 πονηρὸν,

2411 2450 2530 2507 εἶτα
2561 2454 2956 2522 φιλανθρώπως
2991 2455 3142 2523 αὖτῴ
3167 2474 3198 2524 χ
3207 2456 3389 2524 eam,
3432 2454 3796 2523 πονηρότερον
3827 2453 3991 2505 αὐτον

3850 1733 3866 1763 ι
3900 1712 3975 1775 ὡς

2413 2548 2735 2617 ἐργάζεταν
2772 2550 2869 2618 οὐχ
2899 2549 2973 2609 ὡς
3024 2548 3186 2611 αὐτὸς
3223 2547 3320 2619 τὴν
3356 2548 3618 2618 πονηρίαν
3644 2547 3804 2599 αὐτὸν
3845 2546 3993 2599 διδα-

2414 2656 2579 2701 σκων,
2629 2638 2742 2691 ἀλλ’
2779 2638 2853 2700 ὼς
2898 2641 3107 2691 ἐκείνου
3144 2642 3208 2709 τῇ
3263 2639 3619 2709 μακροθυμία
3642 2640 3720 2700 εἰς
3750 2639 3847 2707 τὴν
3891 2639 3993 2705 τῆς

2414 2729 2681 2797 πονηρίας
2708 2727 2935 2797 αὔξησιν
2963 2729 3270 2799 χρωμένου,
3298 2724 3384 2781 οἷα
3414 2729 3480 2798 δὴ
3519 2727 3994 2796 καταφρονοῦντος

2414 2822 2636 2890 ταύτης.

2493 3019 2511 3051 ι
2553 3000 2730 3070 Ἐρεῖς
2761 2995 2853 3052 οὖν
2887 3017 2979 3068 μοι
3005 3016 3018 3030 ·
3046 3000 3111 3051 ΤΞ
3144 2998 3225 3051 ἔτι
3262 2998 3537 3068 μέμφεται
3566 3040 3579 3061 ,
3613 3006 3693 3067 τῷ
3723 2998 3832 3069 γὰρ
3869 2998 3996 3067 βου-

2417 3092 2811 3163 λήματιαύτοῦ
2847 3093 2928 3153 τίς
2958 3090 3290 3159 ἁνθέστηκες
3334 3110 3351 3141 ι
3393 3092 3695 3153 Σπουόαζει
3728 3090 3813 3143 διὰ
3852 3093 3996 3143 παν-

2424 3204 2551 3248 των,
2593 3186 2728 3254 ὃπερ
2758 3184 3013 3246 πολλάκις
3048 3182 3223 3248 εἷπον,
3250 3183 3441 3249 δεῖξαι,
3467 3183 3549 3236 ὅτι
3595 3183 3673 3253 τῷ
3700 3183 3817 3253 Θεῷ
3848 3185 3998 3252 μιὶνῳ

2426 3278 2783 3345 γινώσκονται
2823 3280 2877 3330 αἰ
2916 3278 3220 3346 οἰκονομίαι
3254 3276 3349 3327 καὶ
3397 3276 3466 3328 τὰ
3500 3276 3745 3346 κρίματα
3775 3275 3951 3329 ταῦτα
3982 3294 3993 3303 ·

2422 3373 2502 3426 διδ
2554 3374 2649 3425 καὶ
2696 3372 2959 3424 πάντοθεν
3007 3373 3228 3440 συνάγει
3285 3371 3465 3442 ἄπορα
3498 3370 3703 3433 πολλὰ,
3746 3371 3841 3422 καὶ
3894 3370 3999 3421 οὐκ

2425 3466 2619 3533 ἐπάγει
2650 3466 2744 3526 τὰς
2776 3464 2979 3528 λύσεις,
3015 3464 3103 3516 ἴνα
3146 3464 3661 3534 στενοχωρὴσαςτδν
3692 3463 3995 3531 ἀκροατὴν,

2426 3557 2589 3626 πείσῃ
2607 3556 2688 3607 ὅτι
2722 3555 3104 3622 ἀκατάληπτα,
3141 3556 3235 3606 καὶ
3258 3554 3606 3622 ἁκατανόητα
3621 3550 3796 3605 ταῦτά.
3822 3554 3997 3604 ἐστιν.

2428 3650 2604 3718 Ὅπερ
2635 3640 2727 3700 οὖν
2764 3647 2914 3714 λέγει
2948 3646 3207 3708 ἐνταῦθα,
3246 3645 3487 3699 τοιοῦτόν
3530 3647 3699 3697 ἐστιν.
3760 3642 4001 3694 ’Λντίθε-

2429 3758 2510 3794 σιν
2552 3739 2761 3807 εἰσάγει
2812 3739 2994 3790 τοίνυν
3038 3739 3133 3790 καὶ⁵
3176 3738 3440 3807 ἀπορίαν,
3490 3737 3722 3790 ὅτιἘέιν
3756 3736 3814 3787 ὃν
3852 3734 4000 3787 θέλει

2428 3832 2724 3903 σκληρύνῃ,
2770 3832 2823 3885 τί
2875 3832 2955 3883 ἔτι
2990 3831 3267 3900 μέμφεται
3298 3830 3375 3898 τῷ
3419 3829 3699 3892 πταίοντι;
3750 3827 3843 3896 Τῷ
3888 3828 4000 3894 γὰρ

2430 3922 2933 3997 βουὶιήματιαὺτοῦ,
2959 3924 3039 3987 τίς
3070 3923 3297 3991 ἠδύνατο
3332 3922 3677 3991 ἁντιστῆναι;
3708 3920 4000 3988 Ἦθέλησε,

2428 4020 2523 4072 καὶ
2551 4019 2873 4087 ὲσκλήρυνε,
2899 4017 2993 4070 καὶ
3019 4016 3245 4079 εἰκότως
3268 3999 3523 4069 ἔπταισεν
3547 4016 3575 4067 6
3604 4010 3962 4082 σκληρυνθείς
3987 4028 3998 4038 ·

2429 4113 2545 4173 πῶς
2568 4107 2662 4164 οὖν
2701 4110 2851 4178 αὑτῷ
2882 4110 3183 4178 μέμφεται,
3236 4108 3333 4161 καὶ
3360 4108 3616 4172 κολάζεις
3657 4106 3808 4174 Αὕτη
3838 4106 3937 4172 μιν
3971 4106 4002 4172 ἡ

2430 4203 2702 4266 ἀντίθεσις
2720 4201 3055 4270 εἰσαχθεῖσα,
3073 4200 3159 4251 διὰ
3176 4200 3237 4251 τὸ
3252 4199 3421 4263 δεῖξαι
3443 4198 3624 4267 ἄπορα
3648 4196 3819 4249 ταῦτα
3838 4197 3881 4226 ³⁸
3906 4198 4005 4246 καὶ

2433 4294 2551 4361 θεῷ
2584 4294 2728 4362 μόνῳ
2752 4291 3076 4360 καταληπτά
3098 4308 3111 4321 ·
3136 4291 3216 4344 διο
3244 4291 3363 4342 οὐδὲ
3380 4290 3539 4352 αὐτὸς
3566 4288 3680 4340 λύει
3703 4287 3905 4356 ταύτην
3936 4288 4001 4351 ε’,

2431 4386 2545 4440 ἀλλ’
2579 4388 2919 4453 ἐπιστομίζει
2967 4386 3057 4435 τὸν
3096 4384 3402 4453 ἀποροῦντα
3435 4382 3606 4449 λέγων
3630 4399 3644 4413 ο

2509 4669 2525 4700 ι
2554 4650 2852 4717 Μενοῦνγε,
2898 4645 2941 4702 ὦ
2978 4649 3253 4718 ἄνθρωπε,
3286 4650 3347 4701 σὺ
3372 4650 3453 4711 τὶς
3479 4646 3529 4701 εἴ
3552 4649 3579 4700 6
3610 4649 4005 4718 ἀνταποκρινὸς

2434 4758 2592 4810 μενος
2623 4740 2698 4809 τῷ
2732 4740 2882 4809 ﬁeri);
2924 4761 2941 4791 ι
2997 4741 3180 4809 Ὁρᾷς,
3219 4740 3338 4801 πῶς
3369 4739 3682 4793 ἀναστέλλει
3719 4740 3820 4808 τὴν
3847 4740 3989 4791 ἇκαν

2432 4854 2522 4907 ρον
2550 4838 2885 4907 περιεργέαν,
2920 4837 3014 4888 καὶ
3045 4836 3259 4904 χαλινὸν
3290 4834 3587 4905 ἐπιτίθησι,
3622 4834 3897 4887 παιδεύων
3930 4835 4003 4887 εἰσ

2428 4932 2596 4994 δέναι,
2628 4931 2678 4982 τί
2717 4932 2813 5000 μὲν
2844 4929 2997 4994 Θεὸς,
3021 4930 3072 4981 τί
3109 4930 3163 4981 δὲ
3194 4928 3498 4998 ἄνθρωπος.
3530 4930 3601 4981 Σὺ
3630 4928 3710 4991 τίς
3745 4922 3828 4993 el;
3866 4945 4008 4995 συμ-

2438 5022 2697 5091 μεριστὴς
2725 5020 2873 5089 αὐτῷ
2899 5023 2996 5089 τῆς
3048 5019 3257 5089 ἀρχῆςς
3297 5017 3554 5088 δικαστὴς
3601 5016 3749 5086 αὑτῷ
3792 5008 3867 5067 ὧν
3923 5016 4007 5067 δεῖ

2438 5117 2610 5166 ποιεῖν
2630 5115 2695 5175 ⁸⁸,
2727 5115 2757 5182 ἢ
2795 5118 2863 5182 μή
2890 5132 2901 5175 ς
2929 5114 2999 5165 Τὸ
3018 5114 3123 5183 γὰρ
3144 5113 3434 5177 ἐξετάζειν,
3462 5112 3542 5165 ὅτι
3568 5111 3738 5172 οὕτως
3770 5110 4005 5179 ἔπρεπε,

2439 5209 2531 5259 καὶ
2555 5208 2648 5275 οὺχ
2680 5207 2849 5266 οὕτως
2886 5208 3144 5273 ἔπρεπεν,
3178 5202 3707 5274 ἁνταποκρινομένου
3739 5203 3877 5264 ἐστὶ,
3910 5203 4009 5254 καὶ

2436 5300 2959 5368 ἀντικαθισταμένου
2984 5300 3025 5329 ⁸¹
3048 5300 3123 5368 τῷ
3156 5299 3295 5367 Θεῷ.
3324 5300 3397 5350 υὺ
3430 5299 3536 5367 χρὴ
3564 5296 3617 5347 δὲ
3638 5293 3781 5347 οὕτω
3806 5298 4005 5357 ποιεῖν,

2436 5392 2570 5443 ἀλλὰ
2599 5392 2881 5445 πείθεσθαι
2906 5393 3015 5453 τοῖς
3043 5394 3367 5461 γινομένοις,
3394 5392 3542 5451 ὅπως
3570 5388 3633 5441 ἂν
3661 5389 3943 5455 γίνωνται.

763 5492 922 5543 quam
986 5479 1057 5533 ita
1117 5479 1446 5545 faciendum,
1487 5482 1577 5535 sed
1612 5484 2089 5550 obtemperandum
2136 5492 2216 5537 est
2268 5483 2331 5536 iis
2367 5496 2484 5551 qua:
2518 5483 2656 5539 Deus
2722 5485 2930 5549 fecerit,
2972 5486 3453 5553 quoruoducuuque
3503 5484 3664 5537 ctiam
3715 5496 3837 5535 sese
3876 5481 4012 5534 .lta-

764 5572 993 5625 bueriut.

2161 5707 2358 5767 Varia)
2400 5705 2725 5769 lectiones.

1363 5833 1403 5863 ²⁴
1444 5832 1511 5886 τὰ
1542 5832 1764 5886 τοιαῦτα
1810 5855 1858 5887 n.
1942 5838 1983 5865 ν·
2031 5832 2197 5886 ταῦτα
2249 5850 2299 5888 0.

837 5839 878 5871 ³⁷
904 5831 1199 5905 διαγγελθῇ
1233 5848 1283 5886 o.

2381 5838 2421 5865 ‘0
2468 5836 2641 5887 εἰπεῖν
2679 5849 2727 5886 e.

2810 5834 2848 5863 ’³⁸
2885 5830 3274 5899 ᾱνθσταςιένου
3332 5846 3403 5883 tu.
