4286 6444
319 409 429 470 469

404 542 420 572 ι
459 521 550 592 Μὴ
583 523 700 591 ὲρεῖ
738 521 797 573 τὸ
826 521 1047 590 πλάσμα
1068 520 1145 589 τῷ
1176 521 1441 573 πλάσαντι
1471 534 1482 547 ·
1513 519 1578 570 Τί
1608 535 1681 587 με
1713 515 1903 583 ὲποίη-
1938 517 1982 570 Α

324 631 423 676 σας
447 615 490 646 ⁸⁸
515 612 689 676 οὕτως
717 631 729 677 ;
768 612 832 666 “ll
866 615 966 666 οὐκ
1000 612 1111 683 ἔχει
1147 614 1396 678 ἐξουσίαν
1431 614 1458 666 ὁ
1504 611 1783 682 κεραμεὺς
1813 609 1905 664 τοῦ

323 706 524 774 πηλοῦ,
555 709 618 759 ὲκ
652 706 746 759 τοῦ
777 707 942 760 αὐτοῦ
989 707 1312 777 φυράματος
1353 707 1599 774 ποιῆσαι,
1633 705 1660 758 ὃ
1694 706 1792 774 μὲν
1833 707 1910 768 εἰς

322 799 490 866 τιμὴν
522 800 742 866 σκεῦος,
774 800 800 851 ὃ
837 800 890 852 δὲ
923 802 999 863 εἰς
1044 801 1306 871 ἀτιμίαν;
1345 821 1362 851 ι
1417 801 1507 870 Τῷ
1555 800 1911 869 ὑποδείγματι

321 889 500 959 τούτῳ
557 892 829 960 ἐχρήσατο
857 893 883 944 ὁ
921 891 1152 956 Παῦλος,
1195 894 1291 962 οὐχ
1337 895 1422 946 ἵνα
1479 893 1643 963 ἀνέλῃ
1680 893 1738 945 τὸ
1783 894 1912 946 αὺτ-

322 981 569 1044 εξούσιον
600 983 777 1052 ἡμῶν,
805 984 913 1036 οὐδ’
949 983 1038 1036 ἵνα
1067 985 1268 1053 ἀργοὺς
1291 987 1449 1049 ὄντας
1494 989 1590 1038 καὶ
1619 987 1910 1057 ἀκινήτους

324 1075 472 1142 ἡμᾶς
503 1074 650 1145 δείξῃ
674 1091 685 1101 ·
713 1075 847 1129 ἀλλὰ
886 1077 1176 1142 διδάσκων,
1210 1078 1328 1141 πῶς
1354 1077 1433 1130 δεῖ
1457 1079 1741 1133 πείθεσθαι
1769 1079 1908 1150 Θεῷ,

325 1166 422 1216 καὶ
453 1166 851 1236 ἐπιτεταμένην
881 1169 1039 1238 σιγὴν
1071 1169 1162 1220 καὶ
1195 1168 1443 1240 ὑπακοὴν
1480 1171 1904 1228 ἐπιδείκνυσθαι.

327 1257 594 1328 Καθάπερ
625 1259 750 1328 γὰρ.
787 1261 970 1328 φησιν,
1001 1264 1028 1314 ὁ
1059 1264 1338 1332 κεραμεὺς
1376 1265 1439 1316 ἐκ
1466 1265 1557 1318 τοῦ
1587 1266 1756 1319 αὐτοῦ
1806 1284 1910 1334 φυ-

330 1351 594 1419 ράματος,
630 1351 662 1404 ἃ
699 1352 946 1421 βούλεται
975 1358 1137 1417 ποιεῖ,
1174 1357 1264 1409 καὶ
1302 1357 1454 1410 οὐδὲν
1480 1360 1911 1430 ἀντιλέγειαὺτῷ

324 1447 436 1499 τῶν
471 1449 680 1500 σκευῶν
707 1463 719 1476 ⁸
752 1448 894 1502 οὕτω
924 1450 1017 1502 καὶ
1058 1450 1267 1517 τοῦτον,
1299 1454 1360 1506 ὲκ
1397 1453 1492 1506 τοῦ
1523 1454 1688 1508 αὑτοῦ
1723 1457 1910 1521 γένους

324 1536 434 1590 τῶν
467 1539 794 1608 ἀνθρώπων,
857 1544 982 1606 τοὺς
1019 1545 1121 1614 μὲν
1158 1546 1480 1610 κολάζοντα,
1540 1551 1666 1613 τοὺς
1714 1552 1769 1604 δὲ
1825 1571 1910 1605 τι·

330 1630 540 1698 μῶντα,
581 1634 656 1702 μὴ
690 1636 1081 1705 περιεργάζου,
1107 1639 1244 1692 ἀλλὰ
1280 1644 1574 1711 προσκύνει
1611 1646 1789 1713 μόνον,
1819 1649 1909 1700 καὶ

331 1725 499 1792 μιμοῦ
530 1725 619 1778 τὸν
649 1728 819 1795 πηλόν
840 1744 853 1757 °
889 1730 1189 1802 κα¹ιῶσπερ
1215 1735 1418 1797 ἐκεῖνος
1455 1737 1646 1791 ’έπεται
1675 1741 1738 1808 τῇ
1766 1741 1909 1809 χειρὶ

325 1813 421 1868 τοῦ
477 1821 786 1888 κεραμέως,
837 1821 979 1875 οὕτω
1011 1824 1103 1875 καὶ
1133 1826 1197 1877 σὺ
1244 1830 1308 1896 τῇ
1343 1828 1536 1902 γνώμῃ
1570 1831 1661 1883 τοῦ
1703 1835 1908 1885 οἰκονο-
1938 1865 1982 1922 Β

331 1906 580 1973 μοῦντος.
635 1913 872 1976 Ἴσοιὸὲ,
914 1919 942 1969 ὁ
976 1919 1387 1986 ἀναγινώσκων,
1432 1925 1515 1976 ὅτι
1568 1925 1758 1995 ὥσπερ
1817 1927 1908 1979 ἐπὶ

328 2001 434 2052 τῶν
471 2003 709 2066 σκευῶν,
753 2006 873 2076 οὐχὶ
905 2009 964 2060 τὸ
998 2010 1224 2081 φύραμα
1258 2019 1403 2066 ποιεῖ
1433 2018 1497 2069 τά
1552 2021 1650 2088 μὲν
1691 2020 1906 2090 ἔντιμα,

325 2092 393 2145 τὰ
424 2094 480 2146 δὲ
517 2096 691 2164 ἄτιμα
720 2097 797 2157 (ἒν
829 2101 937 2170 γάρ
968 2105 1084 2156 ἐστι
1130 2107 1222 2156 καὶ
1259 2106 1318 2158 τὸ
1354 2109 1530 2178 αὐτὸ),
1568 2112 1684 2163 ἀλλ’
1717 2114 1748 2182 ἡ
1777 2116 1909 2184 χρῆ-

332 2203 415 2250 σις
443 2187 552 2240 τῶν
573 2192 1104 2263 μεταχειριζομένων
1132 2215 1144 2228 ·
1173 2197 1316 2252 οὕτω
1347 2202 1438 2254 καὶ
1462 2203 1680 2256 ἐπἰτῶν
1702 2207 1911 2276 ἀνθρώ-

331 2297 469 2344 πων,
525 2281 622 2352 οὐχ
672 2284 706 2353 ἡ
742 2283 905 2352 φύσις
940 2289 1066 2350 τοὺς
1101 2289 1201 2360 μὲν
1235 2296 1380 2345 ποιεῖ
1409 2295 1681 2360 κολάσεως
1705 2298 1908 2365 ἀξίους,

327 2370 454 2433 τοὺς
489 2371 546 2425 δὲ
595 2375 882 2444 στεφάνων
923 2379 1059 2450 (μία
1091 2383 1198 2453 γάρ
1230 2384 1377 2437 ἐστιν
1405 2386 1446 2455 ),
1499 2386 1612 2440 ἀλλ’
1649 2390 1682 2459 ὴ
1713 2391 1908 2460 προαί-

330 2477 504 2528 ρεσις.

410 2743 428 2775 ι
476 2725 538 2778 Εἰ
572 2726 629 2779 δὲ
666 2726 836 2782 θέλων
863 2731 889 2781 ὁ
919 2731 1049 2796 Θεὸς
1076 2735 1415 2802 ἐνδείξασθαι
1450 2743 1547 2812 τὴν
1578 2744 1766 2816 ὀργὴν,
1817 2752 1909 2802 καὶ

329 2817 599 2887 γνωρίσαι
637 2821 696 2874 τὺ
733 2824 957 2878 δυνατὸν
993 2828 1180 2894 αὑτοῦ,
1223 2832 1452 2902 ἣνεγκεν
1481 2838 1539 2888 ὲν
1579 2841 1744 2912 πολλῇ
1806 2860 1910 2912 μα-

331 2909 607 2982 κροθυμία
640 2915 809 2986 σκεύη
839 2919 1006 2988 ὀργῆς
1043 2927 1456 2994 κατηρτισμένα
1487 2930 1566 2993 εἰς
1591 2933 1861 2988 ἀπώλειαν
1893 2955 1904 2966 ·

329 3005 426 3056 καὶ
459 3005 545 3059 ἵνα
578 3011 822 3082 γνωρίσῃ
857 3014 946 3065 τὸν
981 3015 1209 3069 πλοῦτον
1253 3020 1349 3087 τῆς
1403 3021 1562 3091 δόξης
1618 3027 1780 3078 αὑτοῦ
1815 3030 1910 3081 ἐπὶ

332 3097 505 3168 σκεύη
537 3099 741 3164 ἐλέους.
773 3103 808 3156 ἃ.
841 3111 1246 3177 προητοίμασεν
1276 3116 1353 3174 εὶς
1386 3115 1543 3179 δόξαν
1582 3119 1626 3147 ⁸³
1657 3135 1668 3146 ⁸
1689 3120 1784 3182 οὓς
1816 3123 1908 3174 καὶ

330 3191 592 3245 ἐκάλεσεν
628 3198 794 3264 ἡμᾶς,
831 3200 891 3250 οὑ
925 3201 1084 3267 μόνον
1124 3204 1181 3268 ἐξ
1219 3204 1510 3272 Ἰουδαίων,
1544 3211 1678 3264 ἀλλὰ
1711 3216 1804 3266 καὶ
1855 3217 1911 3281 ἐξ

329 3282 522 3336 ἐθνῶν.
561 3286 982 3357 »Ἐπιστομίσας
1015 3296 1138 3355 τοὺς
1174 3297 1652 3370 πολυπραγμονεῖν
1699 3307 1910 3376 ἐπιχει-

332 3375 584 3442 ροῦντας,
618 3380 713 3432 νῦν
748 3385 943 3453 ἐπάγει
977 3387 1243 3454 ﬂavi:va
1273 3408 1283 3418 '
1314 3392 1340 3442 ὃ
1380 3393 1433 3444 δὲ
1471 3395 1640 3459 λέγει,
1670 3398 1909 3451 τοιοῦτόν

328 3470 486 3522 ἐστι’
514 3472 714 3535 Σκεῦος
736 3476 907 3546 ὀργῆς
941 3477 1008 3547 ἦν
1048 3482 1073 3532 ὀ
1104 3482 1325 3551 Φαραὼ,
1364 3487 1663 3552 τουτέστιν,
1693 3490 1907 3561 ἄνθρω-

329 3582 431 3627 πος
463 3567 712 3632 ἐξάπτων
752 3571 850 3639 τὴν
888 3572 1057 3642 ὀργὴν
1109 3575 1201 3626 τοῦ
1245 3578 1379 3628 Θεοῦ
1425 3580 1513 3630 διὰ
1554 3582 1652 3648 τῆς
1701 3585 1910 3649 οἰκείας

330 3659 719 3730 σκληρότητος.
752 3663 952 3716 Τοῦτον
973 3667 1200 3734 ἤνεγκεν
1230 3671 1256 3720 ὁ
1282 3670 1433 3734 Θεὸς,
1464 3675 1762 3740 τουτέστιν,
1812 3677 1914 3728 ὐπ-

329 3749 568 3816 έμεινεν,
616 3751 905 3822 ἠνέσχετο’
941 3757 1139 3825 πολλῆς
1169 3761 1277 3828 γάρ
1321 3765 1704 3834 μακροθυμίας
1748 3770 1912 3822 αὑτὸν

328 3844 585 3911 ἠξίωσεν.
629 3846 768 3899 Ἀλλ’
817 3851 1022 3910 ἐκεῖνος
1076 3855 1140 3920 τῇ
1198 3855 1552 3926 μακροθυμίᾳ
1599 3860 1769 3930 ταύτῃ
1834 3865 1912 3924 είς

331 3936 676 4008 σκληρότητα
707 3947 1113 4009 κατεχρήσατο,
1148 3947 1241 3996 καὶ
1273 3947 1462 4013 γέγονε
1505 3949 1696 4012 σκεῦος
1742 3952 1911 4023 ὀργῆς

328 4029 579 4081 δεκτικὸν
602 4070 616 4094 ,
657 4037 1093 4103 κατηρτισμένοι]
1142 4040 1221 4100 εἰς
1251 4039 1527 4094 ἀπώλειαν
1551 4082 1563 4103 ,
1609 4049 1909 4111 τουτέστιν,

329 4122 743 4192 ἀπηρτισμένον
795 4127 925 4197 παρ’
958 4128 1155 4182 ἑαυτοῦ
1192 4131 1284 4183 καὶ
1335 4133 1567 4188 οἴκοθεν.
1621 4137 1756 4190 Οὐδὲ
1804 4147 1911 4210 γὰρ

330 4212 577 4266 ὲνέλειπέ
623 4231 676 4267 τι
738 4219 849 4270 τῶν
899 4220 1246 4276 ἀπολλύντων
1300 4226 1484 4291 αὑτὸν,
1532 4229 1666 4283 ἀλλὰ
1734 4234 1912 4286 πάντα

329 4308 355 4357 c'
375 4307 638 4377 πήρτισεν
665 4311 713 4342 ⁸⁵
734 4351 748 4375 ,
782 4314 880 4367 ὅσα
911 4318 1047 4385 πρὸς
1084 4317 1363 4373 ἀπώλειαν
1386 4323 1549 4376 αὐτὸν
1601 4324 1814 4394 ἔφερον.
1846 4329 1910 4381 Ἦ

327 4397 414 4460 τὶ,
452 4418 471 4450 ι
503 4401 787 4471 Ἥνεγκεν,
830 4424 848 4456 ι
884 4407 1006 4460 ἀντὶ
1027 4408 1141 4475 τοῦ,
1167 4411 1246 4472 είς
1279 4412 1442 4480 μέσον
1474 4416 1700 4484 ἤγαγεν,
1730 4421 1804 4484 ὡς
1826 4421 1910 4482 ἂν.

330 4500 456 4552 ἐπεὶ
484 4499 559 4570 μὴ
591 4498 886 4570 ἐσελτιὼθη
928 4501 1015 4556 διὰ
1048 4502 1147 4572 τῆς
1171 4508 1571 4576 μακροθυμίας,
1598 4514 1809 4582 τιμωρή
1823 4532 1913 4580 ση-

1172 406 1583 467 EXl‘OSlTiO
1618 404 1696 463 ΙΝ
1751 402 1990 460 El’lS'l'.
2037 403 2134 460 AD
2176 402 2336 461 ΗΘΜ
2388 429 2455 436 —-
2491 404 2766 462 C.\P.1X.

3479 401 3587 463 470

2089 512 2247 568 Vsus.
2277 514 2368 578 9.0,
2397 515 2486 566 2i.
2528 534 2543 565 ι
2579 514 2832 584 Nunquid
2886 515 3027 569 dicct
3061 517 3372 584 ﬁgmentum
3411 516 3459 568 ei
3496 517 3587 584 qui

2015 625 2071 663 se
2104 609 2277 669 finxit,
2306 606 2508 675 Εοίιιιίιι
2545 625 2626 660 me
2658 615 2736 661 sic
2760 606 3003 660 tinxisti?
3031 610 3221 661 Annon
3248 607 3410 661 habet
3441 619 3591 676 pote-

2013 710 2206 755 Statem
2243 699 2434 771 figulus
2468 715 2530 752 ex
2563 702 2748 754 eadem
2783 713 2960 754 massa
2991 697 3164 752 facere
3200 699 3341 752 aliud
3373 700 3588 767 quidem

2018 809 2110 846 vas
2138 793 2188 846 iu
2221 794 2503 855 honorem,
2535 793 2676 844 aliud
2727 807 2852 846 vero
2887 792 2951 846 ad
2988 790 3383 860 ignominiam?
3419 809 3435 842 ι
3482 790 3593 843 Hoc

2013 886 2262 956 exemplo
2289 901 2416 940 usus
2452 896 2533 938 est
2576 883 2808 947 Paulus,
2845 899 2949 937 non
2992 892 3047 937 ut
3091 898 3120 937 e
3167 882 3342 935 medio
3380 882 3593 934 tolleret

2011 978 2241 1034 liberum
2294 988 2534 1032 nostrum
2592 977 2874 1030 arbitrium
2904 1017 2918 1042 ,
2952 992 3123 1045 neque
3155 985 3206 1028 ιιι
3246 991 3343 1029 nos
3375 985 3592 1043 torpore

2015 1072 2299 1142 languidos
2325 1087 2386 1124 ac
2413 1071 2568 1139 plane
2601 1069 2906 1124 immobiles
2935 1071 3244 1122 ostenderet
3272 1084 3283 1120 :
3320 1082 3504 1119 verum
3535 1074 3593 1116 ut

2013 1167 2227 1218 doceret
2260 1163 2528 1233 quomodo
2561 1179 2658 1218 nos
2689 1170 2936 1232 Oporteat
2988 1161 3210 1216 obedire
3265 1160 3390 1224 Deo,
3428 1172 3592 1229 atque

2014 1258 2280 1311 iutensum
2315 1257 2588 1310 silentium
2613 1297 2627 1319 ,
2663 1271 2836 1324 neque
2887 1269 2990 1308 non
3037 1269 3301 1310 summam
3335 1253 3590 1306 obedien-

2015 1355 2140 1405 tiatn
2173 1352 2450 1405 exhibere.
2490 1349 2741 1414 Perinde,
2767 1349 2958 1418 inquit,
2991 1359 3048 1401 ut
3073 1348 3275 1416 ‘tigulus
3304 1363 3365 1400 ex
3399 1345 3588 1400 eadem

2014 1461 2215 1510 massa,
2249 1459 2368 1513 qua:
2401 1444 2614 1498 animus
2653 1442 2853 1506 tulerit,
2909 1442 3082 1512 ﬁngit,
3138 1455 3309 1508 neque
3347 1440 3512 1492 ulluut
3544 1438 3587 1492 ei

2013 1554 2106 1592 vas
2158 1538 2533 1592 contradicit:
2593 1539 2672 1592 sic
2729 1552 2846 1588 cum
2896 1536 2982 1589 hic
3034 1551 3098 1590 ex
3151 1535 3338 1588 eodem
3395 1549 3592 1602 genere

2015 1633 2323 1686 mortalium
2358 1631 2492 1684 alios
2534 1632 2751 1699 quidem
2799 1631 3009 1698 puniat,
3053 1629 3190 1682 alios
3222 1642 3351 1680 vero
3386 1628 3592 1680 honore

2013 1727 2288 1795 dignetur,
2330 1741 2395 1780 ne
2428 1725 2505 1781 sis
2533 1733 2587 1778 tu
2627 1725 2895 1789 curiosus,
2927 1723 3022 1776 sed
3063 1723 3226 1775 adora
3263 1731 3591 1774 tantummo-

2011 1817 2098 1881 do,
2132 1815 2411 1884 lutumque
2444 1816 2705 1869 imitare:
2763 1831 2823 1868 ac
2884 1824 2941 1866 ut
2998 1813 3126 1867 illud
3176 1828 3394 1866 manum
3448 1811 3588 1880 ﬁguli

2015 1910 2281 1977 sequitur,
2314 1911 2392 1964 sic
2439 1917 2490 1961 tu
2523 1908 2749 1963 consilio
2776 1920 2824 1962 et
2872 1908 3129 1962 voluntati
3181 1906 3362 1960 omnia
3398 1905 3592 1973 guber-

2015 2003 2194 2057 nantis
2229 2003 2382 2057 cede.
2437 2001 2661 2056 Novcris
2714 2011 2892 2054 autem
2950 2000 3044 2070 qui
3098 2001 3210 2053 lunc
3266 1999 3419 2070 legis,
3451 1998 3592 2066 quod

2015 2099 2153 2150 sicut
2179 2097 2228 2148 itt
2261 2095 2476 2148 vasibus
2507 2111 2608 2148 non
2643 2095 2754 2160 ipsa
2782 2110 2959 2146 massa
2980 2094 3082 2146 alia
3113 2094 3330 2162 quidem
3369 2091 3591 2153 nobilia.

2014 2191 2114 2244 alia
2148 2205 2272 2244 vero
2310 2188 2561 2255 ignobilia
2600 2187 2762 2242 eilicit
2812 2189 2916 2256 (est
2947 2187 3089 2241 enim
3126 2204 3226 2239 una
3264 2197 3315 2239 et
3351 2185 3589 2248 eadem),

2014 2287 2104 2338 sed
2137 2299 2266 2338 usus
2297 2298 2484 2336 eorum
2518 2282 2607 2350 qui
2642 2281 2741 2336 ista
2804 2282 2904 2334 sibi
2973 2280 3287 2333 vindieant:
3337 2280 3440 2348 72
3477 2280 3590 2346 pari

2018 2379 2225 2432 ratione
2255 2379 2304 2430 iu
2333 2375 2664 2439 hominibus,
2711 2389 2817 2428 non
2861 2373 2977 2441 ipsa
3013 2381 3206 2425 natura
3240 2373 3452 2442 (utpote
3487 2387 3590 2423 una

2015 2483 2063 2524 et
2124 2467 2342 2538 eadem)
2394 2469 2490 2522 hos
2541 2467 2756 2536 quidem
2811 2482 3008 2535 preme,
3066 2466 3184 2519 illos
3234 2479 3359 2518 vero
3407 2464 3592 2533 gloria:

2013 2565 2329 2634 adjudieat,
2392 2562 2484 2617 sed
2561 2563 2676 2631 ipsa
2735 2560 3057 2615 deliberatio
3091 2570 3284 2629 aitque
3343 2561 3592 2628 preposi-

2018 2669 2149 2710 ιιιιιι.

2087 2746 2254 2802 Vens.
2309 2745 2500 2800 ‘22-‘24.
2537 2765 2554 2796 ‹
2596 2742 2749 2810 Quod
2803 2745 2848 2798 si
2901 2746 3040 2798 Deus
3070 2745 3258 2799 volens
3305 2746 3593 2798 ostendere

2017 2845 2172 2903 iram,
2201 2851 2252 2894 et
2278 2850 2458 2892 notam
2487 2837 2662 2891 facere
2692 2838 2988 2906 potentiam
3020 2854 3195 2895 suam.
3221 2839 3339 2892 tulit
3364 2842 3414 2892 in
3455 2839 3593 2892 ntul-

2017 2947 2066 2989 ta
2110 2933 2518 3002 longanimitate
2557 2946 2681 2984 vasa
2720 2931 2812 2984 irae
2862 2941 3044 2999 parata
3076 2931 3140 2985 ad
3172 2932 3449 2986 interitum
3476 2973 3490 2998 ,
3539 2949 3591 2988 ct

2016 3038 2072 3078 ut
2102 3024 2414 3079 ostenderet
2451 3022 2665 3076 divitias
2712 3021 2898 3091 gloriae
2920 3038 3029 3076 sua:
3054 3022 3104 3077 in
3133 3040 3255 3079 vasa
3287 3026 3593 3082 misericor-

2015 3120 2137 3182 di;e,
2185 3132 2306 3186 quae
2339 3115 2654 3184 praaparavil
2713 3115 2780 3166 ad
2825 3113 3092 3183 gloriam:
3130 3132 3264 3184 quos
3295 3129 3348 3171 et
3385 3122 3593 3172 vocavit

1943 3230 1982 3284 ο
2021 3229 2140 3274 nos,
2173 3225 2279 3263 non
2313 3208 2485 3261 solum
2521 3223 2587 3260 ev
2625 3205 2860 3269 Judzeis,
2901 3208 3255 3261 verumetiam
3301 3227 3363 3262 ex
3412 3213 3589 3280 genti-

2016 3306 2133 3357 bus.
2173 3322 2190 3354 ι
2228 3303 2522 3356 Obstrueto
2570 3300 2919 3366 curiosorum:
2946 3314 3062 3365 ore,
3096 3299 3248 3354 aliert
3289 3303 3399 3366 jam
3444 3304 3593 3358 solu-

2015 3397 2236 3449 tionem.
2273 3393 2424 3458 Quod
2456 3401 2636 3444 autem
2672 3392 2822 3455 dicit,
2869 3401 2951 3445 est
2981 3393 3320 3461 hujusutodi:
3356 3395 3452 3447 Ine
3500 3414 3592 3449 vas

2012 3498 2128 3544 erat
2188 3487 2423 3551 Pharao,
2461 3488 2560 3541 IIOC
2597 3497 2678 3540 est
2732 3486 2892 3540 homo
2948 3488 3250 3541 accendens
3305 3489 3437 3541 iram
3502 3491 3592 3544 Dei

2016 3598 2110 3649 per
2138 3581 2412 3651 propriam
2469 3596 2620 3636 suam
2681 3581 2982 3634 duritiem:
3035 3582 3178 3635 hunc
3247 3583 3364 3637 tulit
3426 3583 3465 3634 D
3506 3603 3589 3650 υς,

2017 3673 2066 3726 id
2115 3681 2199 3727 est
2273 3671 2627 3736 exspectavit,
2682 3671 2959 3725 snstinuil.
3013 3671 3142 3724 Nam
3203 3674 3365 3727 multa
3414 3674 3591 3743 ipuhtu

2017 3764 2430 3834 longanimitate
2457 3764 2709 3830 dignatus
2733 3771 2850 3816 est:
2892 3779 3075 3816 verum
3104 3765 3146 3817 is
3185 3765 3594 3832 longanimitate

2017 3861 2114 3912 ista
2145 3860 2209 3911 ad
2246 3859 2645 3910 induratiuttetn
2695 3858 2777 3911 sui
2826 3856 3025 3910 abusus
3058 3869 3159 3920 est,
3199 3859 3480 3928 factustguc
3513 3872 3594 3914 est

2015 3967 2109 4004 vas
2139 3949 2231 4003 ira:
2279 3949 2371 4002 Dei
2409 3965 2603 4015 capax,
2643 3959 2889 4018 paratum
2925 3950 2989 4001 ad
3047 3950 3349 4013 interitum,
3406 3952 3455 4004 id
3511 3963 3594 4006 est

2017 4060 2043 4096 a
2072 4044 2248 4111 seipse
2285 4043 2611 4111 proprioque
2645 4043 2858 4112 ingenio
2901 4054 3166 4110 aptatum.
3221 4043 3406 4111 Neque
3447 4045 3590 4099 enim

2016 4137 2311 4205 quidquam
2376 4135 2593 4204 reliquit
2651 4137 2791 4204 quod
2845 4137 3016 4203 ipsum
3071 4137 3340 4205 perderet,
3405 4153 3590 4191 verum

2015 4226 2195 4278 munia
2249 4226 2482 4294 patravit
2537 4240 2659 4292 qua:
2717 4225 2782 4277 ad
2815 4227 3110 4294 perniciem
3152 4226 3328 4294 ipsum
3363 4226 3589 4281 ferrent.

2017 4315 2130 4379 Vt‘l,
2169 4334 2187 4367 ‹
2232 4316 2373 4378 tulit,
2417 4335 2434 4367 ι
2494 4332 2612 4385 pro,
2670 4317 2721 4370 in
2781 4317 3014 4370 medium
3074 4318 3316 4386 protulit,
3348 4329 3426 4384 ut,
3470 4337 3589 4373 cum

2017 4425 2111 4477 per
2142 4409 2603 4478 longanimitatem
2639 4409 2689 4463 in
2725 4410 3002 4465 meliorem
3050 4413 3214 4464 animi
3267 4415 3589 4468 sententiam

2017 4517 2122 4554 non
2161 4513 2306 4555 esset
2339 4505 2613 4567 redactus,
2649 4504 2840 4572 puniat
2896 4519 3042 4567 eum,
3095 4506 3456 4575 ostendatque
3497 4523 3594 4576 po-

329 4608 424 4643 ται
478 4592 664 4656 αὑτὸν,
697 4594 790 4646 καὶ
826 4593 974 4664 δείξῃ
1024 4593 1121 4667 τὴν
1151 4597 1357 4650 οἰκείαν
1387 4600 1614 4669 δύναμιν
1666 4607 1800 4674 πρὸς
1853 4608 1913 4658 τὸ
1949 4585 1982 4638 υ

1949 4585 1989 4638 υ
2019 4597 2241 4649 tentiam
2279 4612 2463 4658 suam,
2529 4606 2585 4648 ut
2635 4597 2763 4650 inde
2812 4596 2901 4649 alii
2962 4598 3258 4651 reddantur
3318 4599 3588 4653 meliores.

330 4683 557 4750 ἐτέρους
586 4683 873 4752 βελτιῶσαι
895 4702 908 4713 ·
947 4686 1136 4756 ὥσπερ
1165 4688 1258 4741 οὖν
1298 4690 1507 4754 τοῦτον,
1531 4695 1721 4758 σκεῦος
1751 4698 1919 4768 ὀργῆς

332 4776 620 4843 γινόμενον
667 4775 744 4847 [Γ.
793 4795 909 4844 γεν.
956 4777 1069 4850 ]ὲκ
1114 4781 1212 4848 τῆς
1261 4783 1468 4846 οἰκείας
1518 4789 1916 4857 προαιρέσεως,

336 4865 591 4929 κολάσας,
628 4866 793 4933 ἔδειξε
829 4869 928 4938 τὴν
963 4871 1174 4925 οἰκείαν
1202 4872 1434 4942 δύναμιν
1463 4892 1476 4905 ·
1514 4877 1657 4929 οὕτω
1685 4881 1812 4942 τοὺς
1859 4883 1916 4945 ἐξ

333 4955 507 5008 ἐθνῶν
552 4959 722 5009 πολλὰ
780 4961 1175 5028 ἡμαρτηκότας
1229 4965 1479 5035 ἐλεήσας,
1540 4969 1674 5022 διότι
1733 4973 1917 5035 ἀξίους

331 5049 517 5109 ἐλέους
549 5050 774 5113 ἑαυτοὺς
804 5052 1068 5121 ἐποίησαν
1098 5052 1166 5118 ⁸⁵,
1195 5057 1461 5127 ἐγνώρισε
1495 5079 1511 5110 ι
1554 5064 1644 5114 τὸν
1677 5065 1912 5117 πλοῦτον

339 5141 442 5208 τῆς
469 5142 625 5210 δόξης
657 5145 844 5198 αὐτοῦ.
878 5165 896 5197 ι
938 5149 1050 5199 Οὐκ
1068 5143 1187 5201 εἷπε
1228 5151 1304 5215 δὲ,
1340 5152 1450 5220 Τῆς
1482 5154 1915 5224 φιλανθρωπίας,

331 5233 493 5295 ἀλλὰ,
530 5253 547 5284 ι
595 5237 704 5304 Τῆς
739 5237 930 5306 δόξ·ης’
966 5259 983 5291 ι
1025 5241 1188 5293 τοῦτο
1223 5244 1330 5314 γάρ
1368 5245 1548 5299 τελεία
1582 5248 1704 5314 δόξα
1747 5250 1877 5301 Θεοῦ
1900 5293 1912 5313 ,

333 5327 395 5378 τὸ
434 5325 626 5378 ἐλεεῖν.
649 5328 719 5379 Τὸ
748 5327 824 5386 δὲ.
868 5348 885 5378 ι
923 5330 990 5384 "A
1022 5335 1443 5403 προητοίμασεν,
1478 5355 1495 5387 ι
1540 5339 1660 5390 ἀντὶ
1693 5341 1806 5400 τοῦ,
1848 5343 1912 5393 ’Ἀ

335 5418 608 5487 προέγνω.
659 5417 774 5472 Οὐκ
829 5416 949 5472 εἷπε
992 5423 1068 5487 δὲ,
1126 5425 1208 5477 ὅτι
1262 5427 1470 5489 πάντας
1501 5431 1625 5492 τοὺς
1668 5433 1913 5496 silvam-1);

332 5509 559 5570 ἔτυπεν,
606 5511 740 5578 ἀλλ’,
787 5532 804 5564 ι
851 5511 941 5579 Ἐξ
985 5515 1178 5582 ὲονῶν,
1224 5537 1242 5570 ι
1285 5519 1487 5590 δηλα-ἰὴ
1539 5525 1708 5586 τινάς.
1751 5525 1914 5576 Ὥστε

2016 4689 2477 4753 Quemadmodum
2527 4688 2694 4756 igitur
2756 4689 2918 4750 hunc,
2971 4703 3064 4741 vas
3117 4689 3210 4742 irae
3263 4689 3466 4743 factum
3525 4707 3589 4746 ex

2017 4783 2230 4851 propria
2268 4781 2563 4834 voluntatis
2597 4781 3005 4842 deliberatione,
3039 4780 3306 4848 supplicio
3331 4780 3590 4846 alliciens,

2017 4873 2339 4926 monstravit
2396 4873 2690 4938 potentiam
2744 4887 2940 4925 suam:
3009 4873 3089 4926 sic
3139 4887 3348 4937 eorum,
3383 4875 3473 4943 qui
3525 4893 3588 4928 ex

2015 4968 2265 5036 gentibus
2318 4966 2607 5034 plurimum
2662 4965 3045 5035 deliquerant,
3114 4967 3409 5029 misertus,
3463 4970 3588 5035 quia

2016 5059 2204 5126 dignos
2259 5072 2377 5110 sese
2440 5057 2813 5111 misericordia
2879 5057 3157 5119 fecerant,
3225 5056 3594 5110 manifestavit

2022 5168 2039 5199 ι
2080 5148 2295 5201 diwtias
2319 5147 2502 5214 gloriae
2531 5163 2661 5202 suae.
2706 5166 2722 5197 ι
2774 5147 2890 5200 Non
2920 5149 3054 5201 dixit
3095 5157 3295 5213 autem,
3338 5147 3590 5200 Clemen-

2015 5243 2121 5304 tiae,
2152 5242 2264 5304 scd,
2298 5259 2314 5290 (
2345 5240 2543 5295 Gloria:
2569 5259 2581 5305 ;
2617 5259 2634 5290 ι
2671 5256 2790 5293 nam
2812 5256 3020 5293 summa
3053 5239 3142 5293 Dei
3174 5241 3343 5306 gloria
3367 5249 3471 5304 est,
3498 5240 3592 5292 titi-

2015 5336 2365 5388 serieordiam
2412 5333 2699 5402 impertiri.
2732 5331 2922 5397 Porro,
2961 5352 2978 5383 ‹
3023 5333 3151 5396 Quae
3177 5333 3521 5399 prazparavit,
3566 5349 3583 5381 ι

2013 5439 2090 5482 est
2124 5443 2237 5495 pro,
2284 5429 2414 5493 Quae
2447 5426 2734 5494 praescii-it.
2784 5425 2967 5494 Neque
2994 5425 3167 5492 dixit,
3214 5425 3359 5495 quod
3403 5439 3591 5477 Omnes

2015 5530 2201 5586 gt'ttlr's
2237 5520 2504 5584 servat-it,
2544 5517 2671 5579 sed,
2727 5537 2744 5568 ι
2787 5519 2860 5570 Ex
2914 5517 3204 5587 gentibus,
3247 5535 3265 5568 ι
3328 5516 3586 5585 quesdata

1697 5708 1894 5766 Varius
1934 5709 2262 5770 lectiones.

436 5845 480 5876 ιι
522 5846 761 5908 ἔπελες
813 5861 865 5901 ο,
947 5847 987 5878 ³³
1023 5849 1202 5903 ;-;·.)ῖ,ὖ,
1290 5849 1328 5879 ³³
1362 5853 1665 5920 ἀπήρτιστο
1728 5875 1754 5907 ι.

1838 5855 1876 5886 “ii
1916 5855 2220 5924 άπιῇρτιςαι
2265 5873 2312 5907 υ.
