4286 6444
740 416 832 481 471

1662 421 2236 484 'l‘llEOPIlYLACTI
2279 424 2690 489 BULGARIE
2728 432 3083 493 ARCHIEP.

3885 425 3991 488 472

739 539 1003 596 videlicet.
1031 539 1296 606 Quocirca
1327 554 1394 595 ne
1424 540 1737 602 oll‘endaris.
1759 541 1980 596 Judaee:
2010 556 2136 597 ecce
2160 542 2303 596 enim
2334 552 2379 609 Α
2419 563 2431 613 ι

2295 559 2303 596 I
2334 552 2379 609 Α
2419 548 2494 616 μὴ
2527 548 2906 614 σκανδαλίζου,
2953 541 2998 601 ῶ
3033 547 3253 601 ἰουδαῖε
3276 563 3289 577 ο
3323 546 3432 601 ἰδοὺ
3482 545 3591 617 γὰρ
3618 543 3711 599 καὶ
3740 544 3832 598 ἐπὶ
3878 544 3987 597 τῶν

739 632 818 685 vel
854 646 917 685 ex
951 632 1198 701 gentibus
1256 632 1493 685 neimulli
1546 633 1975 687 misericordiam
2032 634 2302 699 obtinent,

738 724 980 777 nonnulli
1014 738 1141 777 vero
1183 725 1424 776 minime.

808 814 973 869 Vens.
1009 816 1101 880 25,
1130 816 1218 871 26.
1260 836 1276 867 ι
1310 815 1461 871 Sicut
1490 826 1541 871 et
1576 816 1625 869 in
1657 815 1795 871 Osee
1826 818 2049 872 dicit":
2094 819 2308 874 Vocabo

738 925 841 962 non
877 909 1128 980 populum
1164 924 1367 974 meum,
1415 912 1667 978 populum
1718 925 1937 966 meum:
1981 921 2043 967 et
2081 928 2185 967 non
2226 913 2307 967 di-

740 1000 961 1064 lectam,
993 1001 1265 1057 dilectam.
1311 999 1375 1054 Et
1405 1001 1528 1065 erit,
1582 1001 1635 1056 in
1680 1002 1793 1055 loco
1832 1002 1922 1057 ubi
1973 1003 2172 1058 dictum
2227 1014 2309 1058 est

740 1093 905 1159 ipsis:
945 1092 1060 1147 Non
1091 1093 1320 1163 populus
1352 1108 1504 1148 meus
1533 1110 1661 1153 vos.
1706 1094 1774 1149 ibi
1824 1096 2159 1151 vocabuntur
2216 1096 2307 1151 lilii

741 1183 831 1237 Dei
867 1185 1117 1240 viventis.
1155 1206 1172 1237 ι
1237 1185 1313 1240 Ne
1366 1185 1550 1240 dicant
1595 1184 1800 1251 Judaei,
1850 1172 2081 1255 Imp-onis
2130 1189 2307 1253 nobis,

742 1277 924 1341 Paule,
952 1278 1066 1331 haec
1096 1278 1285 1332 dicens
1317 1297 1329 1331 :
1356 1279 1606 1347 producit
1646 1278 1783 1333 Osee
1816 1281 2135 1335 clamantem
2168 1280 2310 1335 amr—

741 1381 1129 1441 mantemque:
1174 1391 1190 1423 ι
1229 1372 1444 1426 Voeabo
1486 1386 1594 1426 non
1626 1373 1876 1441 populum
1912 1390 2110 1437 meum,
2143 1389 2312 1443 popu-

743 1461 850 1513 lum
909 1476 1112 1518 meum.
1167 1480 1185 1512 ι
1239 1462 1371 1526 Quis
1405 1476 1534 1515 vero
1567 1472 1682 1516 erat
1713 1477 1818 1515 non
1856 1462 2125 1531 populus?
2182 1465 2313 1533 Ipsa:

741 1562 950 1615 gentes.
985 1550 1180 1620 Ecqute
1213 1567 1319 1605 non
1351 1552 1543 1607 dilecta
1570 1553 1591 1604 ?
1623 1552 1739 1620 Ipsa
1768 1555 2006 1622 gentium
2050 1555 2310 1612 Ecclesia.

744 1637 978 1709 Populus
1010 1652 1190 1696 tamen
1220 1641 1347 1696 facti
1378 1654 1505 1696 sunt
1533 1657 1593 1697 ac
1622 1644 1823 1707 dilecti,
1850 1645 1955 1697 imo
1979 1646 2117 1713 quod
2142 1648 2315 1715 majus

745 1744 849 1796 est,
888 1752 906 1785 ι
950 1733 1043 1787 filii
1102 1735 1193 1789 Dei
1225 1736 1479 1789 viventis.
1526 1755 1544 1787 ι
1597 1736 1692 1789 Sin
1730 1752 1855 1791 vero
1884 1738 2170 1807 quisquam
2215 1740 2315 1795 hoc

744 1825 813 1879 de
842 1825 1061 1891 Judteis,
1096 1826 1185 1894 qui
1225 1827 1436 1896 ingrate
1475 1843 1533 1882 se
1568 1838 1866 1896 gesserant,
1914 1840 1967 1883 et
2013 1830 2225 1884 tandem
2261 1832 2313 1885 in

2410 640 2602 706 ἐθνῶν,
2636 644 2683 694 οἱ
2718 643 2816 712 μὲν
2839 642 3147 707 ιλεοῦνται,
3177 643 3225 694 οἱ
3256 641 3313 694 δὲ
3342 640 3424 695 οὕ.

2488 842 2506 875 ι
2550 823 2635 886 Ὡς
2667 826 2760 877 καὶ
2780 826 2837 877 ὲν
2875 824 2951 895 τῷ
2971 823 3132 895 Ὠσηὲ
3165 822 3350 892 λέγει’
3378 821 3610 877 Καλέσω
3647 822 3738 874 τὸν
3766 819 3826 873 οὐ
3858 819 3989 871 λαόν

2414 934 2538 987 μου,
2567 916 2694 970 λαόν
2731 934 2854 986 μου,
2884 918 2979 970 καὶ
3004 919 3104 987 τὴν
3132 916 3234 970 οὐκ
3265 916 3660 986 ἠγαπημένην,
3691 912 3989 984 ἠγαπημὲ-

2411 1026 2528 1078 νην.
2555 1009 2667 1062 Καὶ⁸
2696 1008 2869 1074 ἔσται,
2905 1010 2963 1061 ἐν
2988 1008 3067 1079 τῷ
3118 1011 3269 1079 τόπῳ
3300 1001 3359 1061 οὗ
3405 1006 3608 1079 ὲρρέθη
3656 1007 3863 1069 αὐτοῖς,
3910 1006 3985 1057 Οὐ

2412 1103 2535 1165 λαός
2557 1119 2661 1172 μου
2676 1102 2852 1171 ὑμεῖς,
2884 1102 3000 1155 ἐκεῖ
3019 1092 3381 1172 κληθήσονται
3413 1102 3518 1153 υἱοὶ
3547 1098 3682 1152 Θεοῦ
3711 1098 3932 1162 ζῶντος.
3965 1117 3981 1149 ι

2414 1193 2529 1245 Ἵνα
2589 1194 2664 1263 μὴ
2708 1192 2940 1261 λέγωσιν
2979 1193 3029 1245 οἱ
3059 1191 3344 1247 Ἰουδαῖοι·
3411 1187 3765 1260 Παραλογίζῃ
3818 1187 3989 1257 ἡμᾶς.

2414 1282 2633 1345 Παῦλε,
2686 1282 2908 1336 τοιαῦτα
2967 1282 3163 1351 λέγων·
3229 1282 3470 1351 παράγει
3531 1280 3625 1331 καὶ
3686 1278 3776 1330 τὸν
3831 1276 3994 1343 Ὠσηὲ

2415 1374 2621 1444 βοῶντα
2653 1375 2745 1427 καὶ
2775 1372 3020 1443 λέγοντασ
3064 1392 3081 1425 ι
3109 1373 3339 1427 Καλέσω
3360 1371 3452 1425 τὸν
3468 1371 3529 1424 οὐ
3553 1369 3682 1423 λαόν
3707 1386 3830 1438 μου,
3863 1366 3993 1419 λαόν

2417 1486 2539 1535 μου.
2572 1485 2589 1517 ι
2627 1466 2720 1529 Τίς
2749 1466 2858 1537 γάρ
2880 1459 2948 1536 ἦν
2988 1465 3049 1517 οὺ
3078 1464 3251 1528 λαόςδ⁸
3282 1482 3296 1528 ;
3341 1463 3421 1515 Τἀ
3444 1462 3596 1527 ἔθνη.
3642 1459 3750 1513 Καὶ
3783 1458 3865 1521 τίς
3892 1457 3993 1510 οὐκ

2413 1557 2777 1625 ἡγαπημένης
2822 1554 2887 1607 Ἢ
2920 1554 3101 1607 αὐτῶν
3148 1552 3468 1624 Ἐκκλησία.
3513 1550 3655 1604 Ἀλλ’
3699 1550 3850 1618 ὅμως
3898 1550 3996 1601 καὶ

2415 1646 2541 1708 λαὸς
2560 1645 2826 1713 ἐγένοντο,
2855 1645 2949 1698 καὶ
2970 1643 3346 1714 ἠγαπημένοι,
3376 1644 3470 1696 καὶ
3500 1665 3518 1693 ι
3548 1641 3667 1694 Υἱοὶ
3693 1640 3830 1694 Θεοῦ
3855 1638 3995 1703 ζῶν-

2417 1758 2528 1801 τος,
2558 1757 2575 1789 ι
2603 1738 2664 1791 τὸ
2684 1740 2891 1807 μεῖζον.
2916 1738 2978 1790 Εἰ
3012 1738 3068 1791 δὲ
3101 1737 3249 1805 λέγοι
3279 1754 3386 1801 τις,
3420 1737 3503 1789 ὅτι
3537 1734 3695 1788 τοῦτο
3723 1736 3853 1803 περὶ
3885 1733 3997 1784 τῶν

2421 1831 2695 1884 Ἰουδαίων
2729 1831 2944 1900 εἴρηται
2976 1828 3085 1883 τῶν
3113 1828 3638 1899 ἀγνωμονησάντων,
3668 1824 3787 1880 εἶτα
3828 1842 3999 1893 προσ-

743 1919 973 1985 gratiam
1009 1919 1212 1987 recepti
1246 1917 1466 1985 fuerint,
1524 1920 1725 1973 dictum
1759 1937 1882 1976 esse
1931 1933 2161 1989 asserat,
2212 1924 2315 1977 hoc
2351 1905 2435 1976 Β)

2303 1939 2315 1977 :
2351 1905 2389 1957 Β
2418 1924 2734 1993 ληφθέντων
2760 1962 2775 1987 ,
2813 1923 2967 1976 οὐδὲν
3019 1922 3198 1977 τοῦτο.
3255 1923 3318 1975 Ei
3388 1920 3498 1991 γὰρ
3531 1922 3615 1974 ἐπ’
3647 1919 3906 1982 ἐκείνων,
3942 1916 3995 1970 τί

744 2010 897 2063 nihili
939 2021 1037 2065 est.
1072 2010 1205 2063 Nam
1232 2012 1274 2065 si
1303 2012 1367 2064 iis
1396 2011 1495 2065 hoc
1525 2014 1770 2081 contigit,
1804 2016 1930 2082 quid
1954 2016 2163 2070 obstitit
2189 2032 2313 2085 quo-

748 2104 925 2155 minus
954 2104 1091 2157 idem
1126 2103 1375 2171 gentibus
1410 2105 1764 2171 preveniret?

822 2193 981 2250 Vsus.
1011 2197 1098 2249 9.7.
1147 2215 1164 2247 ι
1197 2198 1361 2251 lsaias
1386 2210 1562 2252 autem
1591 2199 1787 2252 clamat
1821 2217 1915 2266 pro
1938 2198 2096 2255 Israel
2122 2212 2147 2239 ιι
2173 2221 2184 2256 :
2209 2203 2313 2273 73

747 2286 802 2339 Si
821 2286 981 2341 fuerit
995 2303 1249 2342 numerus
1262 2288 1488 2343 filiorum
1504 2289 1669 2343 Israel
1686 2299 1937 2361 tanquam
1951 2308 2113 2348 arena
2128 2296 2313 2359 maris,

750 2378 990 2446 reliquiae
1050 2380 1210 2433 salvae
1262 2380 1407 2433 fient.
1453 2398 1470 2431 ι
1530 2381 1645 2434 Νοιι
1695 2380 1794 2435 fuit
1841 2393 2126 2439 contentus
2181 2387 2318 2443 Osee

750 2469 1010 2535 propheta
1046 2507 1060 2531 ,
1122 2482 1306 2521 verum
1360 2469 1555 2524 Isaiam
1606 2472 1766 2525 etiam
1826 2483 2015 2527 testem
2076 2476 2315 2541 adducit,

757 2577 776 2608 ι
810 2558 1159 2622 clamantem,
1200 2578 1218 2610 ι
1258 2562 1357 2615 hoc
1414 2568 1497 2613 est
1549 2577 1743 2632 magna
1791 2579 1911 2617 cum
1968 2564 2215 2620 libertate
2264 2577 2318 2620 et

751 2651 870 2703 sine
896 2650 1187 2705 formidine
1241 2654 1704 2719 pronuntiantem,
1766 2658 1909 2721 quod
1970 2673 2075 2711 non
2130 2672 2319 2713 omnes

753 2742 1008 2797 Israelitte
1040 2743 1170 2796 salvi
1201 2752 1384 2808 erunt,
1429 2745 1521 2799 sed
1555 2746 1646 2813 qui
1682 2748 1825 2815 digni
1862 2757 2067 2802 tantum
2116 2750 2317 2805 fuerint

754 2836 831 2907 (id
860 2838 1000 2890 enim
1034 2846 1135 2901 est,
1181 2855 1199 2887 ι
1244 2838 1504 2906 reliquim,
1545 2857 1561 2889 ι
1614 2840 1714 2894 boe
1760 2849 1863 2907 est,
1896 2840 2148 2912 electio),
2183 2859 2320 2913 quos

752 2930 972 2997 reliquit
1016 2926 1176 2991 Dens,
1210 2938 1262 2982 ct
1292 2930 1610 3000 segregavit,
1661 2938 1916 2999 tauquam
1951 2932 2143 3002 dignos
2169 2936 2321 2990 vide-

752 3021 898 3077 licet.
934 3021 1066 3075 Cum
1102 3032 1277 3075 autem
1316 3020 1488 3087 dicit,
1541 3040 1561 3072 ι
1596 3032 1849 3091 tanquam
1884 3039 2044 3079 arena
2073 3028 2257 3089 maris.
2297 3048 2316 3080 ι

757 3112 907 3163 iisin
961 3111 1277 3164 memoriam
1329 3121 1549 3164 revocat
1598 3123 1831 3166 veterem
1882 3116 2316 3183 promissionem,

2418 2018 2621 2070 ἐκώλυε
2653 2019 2746 2069 καί
2769 2015 2986 2069 ἐπὶτῶν
3020 2014 3189 2067 ἐθνῶν
3214 2012 3372 2067 τοῦτο
3399 2012 3670 2084 προϐῆναι
3696 2029 3711 2076 ;

2495 2219 2510 2251 ι
2560 2199 2785 2260 Ἡσαΐας
2859 2199 2914 2251 δὲ
2974 2197 3169 2267 κράζει
3241 2199 3385 2267 ὑπὲρ
3420 2198 3514 2252 τοῦ
3578 2199 3820 2269 Ἰσραήλ·
3868 2198 3999 2250 Ἐὰν

2417 2289 2449 2363 ᾖ
2492 2293 2518 2343 6
2559 2291 2791 2361 ἀριθμὸς
2838 2292 2945 2343 τῶν
2994 2290 3125 2343 υἱῶν
3166 2289 3421 2360 Ἰσραὴλ,
3459 2290 3534 2354 ὡς
3590 2292 3621 2361 ἡ
3674 2291 3858 2360 ἄμμος
3895 2290 3999 2357 τῆς

2419 2384 2712 2450 θαλάσσης,
2746 2383 2804 2435 τὸ
2820 2383 3174 2451 κατάλειμμα
3196 2383 3525 2453 σωθήσεται.
3556 2401 3574 2435 r
3607 2384 3721 2435 Οὐκ
3748 2381 3997 2452 ἠρκέσθη

2418 2477 2493 2544 τῷ
2529 2475 2709 2541 Ὠσηὲ,
2745 2474 2880 2527 ἀλλὰ
2910 2476 3002 2528 και
3040 2474 3269 2527 Ἡσαΐαν
3308 2475 3559 2545 μάρτυρα
3590 2477 3829 2547 παράγει
3858 2476 4000 2544 ’ίρά’

2419 2567 2601 2629 ζοντα..
2627 2569 2897 2632 τουτέστι,
2942 2566 3079 2637 μετά
3118 2569 3431 2638 παρρησίας
3452 2568 3859 2636 ἀναφωνοίντα,
3902 2569 3998 2621 καὶ

2418 2665 2516 2731 οὐχ
2572 2661 3057 2729 ὑποστελλόμενον,
3103 2661 3184 2715 ὃτι
3225 2661 3288 2713 οὐ
3328 2662 3528 2724 πάντες
3568 2659 3901 2729 σωθήσονται
3949 2659 4000 2711 οἱ

2421 2752 2479 2819 ἐξ
2506 2752 2742 2823 Ἰσραὴλ,
2771 2752 2884 2805 ἀλλ’
2909 2754 2958 2805 οἱ
2984 2752 3123 2819 ἄξιοι
3144 2768 3156 2781 ·
3186 2752 3344 2805 τοῦτο
3367 2750 3477 2821 γάρ
3504 2752 3643 2816 ἐστι,
3678 2769 3695 2803 ι
3729 2751 3800 2803 Τὸ
3825 2752 3997 2805 κατά·

2420 2844 2648 2913 λειμμα,
2678 2862 2695 2893 ι
2729 2843 3031 2904 τουτέστιν,
3053 2843 3087 2912 ἡ
3118 2841 3316 2910 ἐκλογή
3338 2860 3351 2873 ·
3372 2840 3463 2905 οὒς
3484 2840 3774 2894 κατέλιπεν
3796 2842 3822 2891 6
3839 2839 3999 2902 Θεὸς,

2422 2938 2515 2991 καὶ
2536 2937 2836 3007 ἀφώρισεν,
2872 2936 2950 2998 ὡς
2984 2936 3167 3003 ἀξίους
3198 2935 3422 3006 δηλαδή.
3465 2935 3555 2987 Ἐν
3602 2934 3659 2988 ὁὶ
3684 2934 3760 3003 τῷ
3799 2934 3999 2997 εἰπεῖν,

2430 3051 2447 3082 ι
2500 3030 2590 3093 Ὠς
2625 3031 2657 3099 ἡ
2708 3030 2892 3098 ἄμμος
2932 3028 3032 3099 τῆς
3064 3026 3365 3097 θαλάσσης,
3401 3044 3419 3077 ι
3456 3027 3861 3095 ἀναμιμνήσκει
3902 3023 4004 3074 αὖ-

2422 3123 2550 3183 τοὺς
2581 3119 2680 3188 τῆς
2716 3118 2951 3180 παλαιάς
2988 3114 3346 3185 ἐπαγγελίας,
3390 3110 3457 3186 ἧς
3489 3115 3712 3176 ἑαυτοὺς
3747 3112 4004 3178 ἀναξίους

755 3216 859 3270 qua
892 3217 949 3255 se
982 3203 1227 3270 indignos
1250 3203 1665 3256 constituerunt.
1699 3203 1775 3257 Ne
1812 3204 1975 3271 igitur
2005 3207 2311 3275 turbetniui,
2350 3250 2393 3307 C
2425 3225 2447 3260 at

2350 3250 2393 3307 C
2425 3207 2791 3277 κατέστησαν.
2829 3206 2921 3277 Μὴ
2960 3207 3141 3259 τοίνυν
3168 3204 3507 3276 θορυϐεῖσθε,
3537 3204 3613 3268 ῶς
3638 3204 3737 3273 τῆς
3765 3206 4004 3270 ἐπαγγε-

756 3311 852 3349 ceu
889 3296 1035 3348 irrita
1072 3306 1127 3349 et
1159 3311 1294 3348 vana
1336 3297 1400 3347 sit
1440 3295 1579 3349 facta
1629 3298 1945 3365 promissio,
1979 3301 2320 3371 quandoqui-

757 3392 878 3441 dem
905 3401 1096 3442 omnes
1122 3386 1396 3456 propheta:
1427 3386 1791 3442 vaticincntur
1820 3389 1961 3442 baud
1994 3406 2184 3447 omnes
2206 3409 2323 3450 esse

756 3481 933 3535 salute
965 3480 1171 3548 dignos.

832 3571 993 3624 \‘cns.
1027 3568 1116 3622 28.
1157 3588 1175 3619 ‹
1224 3570 1539 3623 Sermonem
1604 3571 1770 3633 enim,
1828 3585 2213 3626 eonsummans
2270 3586 2325 3628 et

758 3665 1048 3718 concidens
1090 3664 1140 3715 in
1187 3663 1433 3731 justitia:
1475 3663 1732 3729 quoniam
1770 3679 2076 3719 sermonem
2128 3665 2327 3720 abbre-

758 3760 960 3808 viatum
1022 3754 1278 3808 Dominus
1336 3754 1498 3809 faciet
1552 3754 1605 3808 in
1664 3764 1825 3808 terra.
1868 3774 1887 3808 ι
1936 3756 2050 3822 Qua
2118 3757 2325 3812 ratione

760 3849 999 3916 reliqui;e
1040 3848 1145 3900 sint
1181 3848 1477 3909 servandae,
1507 3862 1647 3899 nunc
1680 3846 1916 3901 iudicat:
1950 3844 2090 3913 Non,
2130 3849 2323 3917 inquit,

762 3939 1038 3993 iaboribus
1064 3950 1117 3992 et
1139 3935 1567 3999 circuitionibus,
1601 3948 1762 4005 atque
1786 3937 2075 3993 afﬂictione
2106 3955 2170 3993 ex
2200 3955 2327 4009 ope-

762 4034 915 4086 ribus
941 4030 1075 4100 legis
1097 4040 1213 4083 orta
1244 4045 1380 4097 Opus
1416 4040 1493 4081 est
1524 4045 1538 4092 ;
1571 4031 1663 4082 sed
1704 4029 1865 4094 Deus,
1914 4030 2111 4099 inquit,
2164 4032 2324 4100 perﬂ-

762 4127 912 4185 ciens
941 4134 994 4178 et
1023 4124 1319 4179 concidens
1364 4124 1446 4175 Vel
1496 4122 1813 4177 abbrevians
1856 4138 2160 4179 sermonem
2208 4126 2325 4179 lidei

763 4220 814 4270 in
855 4218 1105 4270 universa
1138 4225 1306 4279 terra,
1343 4218 1485 4269 bunc
1518 4215 1681 4270 faciet
1711 4217 1763 4270 in
1814 4217 2048 4283 justitia,
2089 4218 2189 4271 hoc
2246 4227 2327 4271 est

763 4320 822 4363 ut
869 4310 1131 4375 justilicet
1160 4324 1254 4362 eos
1287 4308 1380 4376 qui
1414 4308 1561 4361 illum
1589 4310 1950 4375 susceperint.
2001 4328 2019 4358 ι
2078 4307 2136 4362 Si
2182 4311 2325 4362 enim

764 4401 1046 4454 confessus
1079 4400 1246 4455 fueris
1277 4415 1370 4453 ore
1408 4410 1498 4453 tuo
1527 4398 1810 4453 Dominum
1846 4398 2053 4463 Jesum,
2079 4401 2326 4455 credide-

764 4494 944 4559 risque
978 4493 1030 4545 in
1069 4495 1230 4544 corde
1279 4500 1392 4554 tuo,
1422 4492 1561 4558 quod
1620 4490 1763 4544 Deus
1789 4491 2045 4544 excitavit
2092 4492 2265 4558 ipsum
2297 4507 2327 4545 a

2423 3302 2545 3362 λίας
2600 3298 3041 3368 ὃιαψευσθείσης,
3082 3297 3215 3350 ὅπου
3245 3312 3309 3365 γε
3362 3298 3566 3359 πάντες
3619 3298 3667 3349 οἱ
3719 3294 4003 3366 προφῆται

2430 3390 2909 3462 προαναφωνοῦσι,
2946 3389 3020 3459 μὴ
3052 3391 3258 3450 πάντας
3289 3382 3429 3440 εἶναι
3470 3386 3653 3451 ἀξίους
3704 3386 4003 3456 σωτηρίας.

2499 3586 2517 3618 ι
2558 3566 2729 3633 Λόγον
2761 3565 2868 3635 γὰρ
2911 3563 3198 3629 συντελῶν,
3231 3564 3325 3616 καὶ
3356 3564 3669 3631 συντέμνων
3704 3565 3759 3614 ὲν
3795 3563 4004 3616 δικαιο-

2426 3662 2581 3733 σύνῃ,
2615 3661 2697 3712 ὅτι
2734 3659 2889 3725 λόγον
2922 3658 3366 3728 συντετμημένον
3396 3659 3614 3728 ποιήσει
3660 3660 3865 3728 Κύριος
3908 3660 4006 3711 ἐπὶ

2425 3753 2523 3822 τῆς
2555 3753 2677 3822 γῆς.
2716 3769 2733 3801 ι
2783 3749 2894 3802 Νῦν
2934 3750 3176 3803 δείκνυσι
3215 3750 3332 3812 πῶς
3382 3750 3686 3820 σωθήσεται
3726 3751 3786 3802 τὸ
3834 3751 4007 3803 κατά-

2425 3844 2650 3913 λειμμα,
2679 3842 2771 3895 καί
2792 3858 2975 3911 φησιν,
2998 3842 3078 3894 ὅτι
3119 3841 3179 3893 οὐ
3216 3843 3372 3911 χρεία
3400 3841 3578 3893 πόνων
3601 3841 3694 3893 καὶ
3711 3840 4004 3909 περιόδων,

2427 3935 2519 3989 καὶ
2559 3934 2660 4003 τῆς
2695 3933 3072 4003 ταλαιπωρίας
3114 3936 3213 4001 τῆς
3246 3934 3339 3984 ἐπὶ
3382 3935 3495 3995 τοῖς
3533 3932 3716 4002 ἔργοις
3749 3935 3863 3995 τοῖς
3898 3946 4005 3984 ’νο-

2432 4030 2613 4099 μικοῖς
2637 4044 2650 4056 ·
2686 4026 2805 4078 ἀλλ’
2825 4028 2855 4078 6
2886 4025 3039 4089 Θεὸς,
3072 4027 3225 4094 φησὶ,
3256 4021 3529 4077 συντελῶν
3555 4025 3651 4077 καὶ
3687 4024 4007 4094 συντέμνων

2427 4118 2517 4170 τὸν
2546 4116 2701 4183 λόγον
2731 4114 2833 4183 τῆς
2878 4114 3114 4176 πίστεως
3152 4114 3245 4165 ἐπὶ
3278 4113 3463 4176 πάσης
3511 4114 3611 4182 τῆς
3631 4112 3756 4181 γῆς,
3809 4109 4005 4165 τοῦτον

2429 4206 2644 4277 ποιήσει
2691 4206 2749 4257 ὲν
2792 4204 3129 4276 δικαιοσύνῃ,
3164 4204 3476 4267 τουτέστιν,
3526 4204 3668 4258 ὥστε
3709 4204 4005 4257 δικαιῶσαι

2428 4300 2554 4363 τοὺς
2583 4297 3059 4368 παραδεξομένους
3087 4297 3296 4352 τοῦτον.
3334 4317 3351 4347 ι
3374 4298 3501 4349 Ἐὰν
3527 4298 3635 4365 γὰρ
3665 4296 4005 4369 ὁμολογήσῃς

2429 4396 2505 4462 τῷ
2537 4393 2767 4462 στόματί
2810 4410 2907 4446 σου
2943 4394 3146 4462 Κύριον
3210 4392 3439 4462 Ἰησοῦν,
3473 4394 3567 4444 καὶ
3610 4391 3910 4463 πιστεύσῃς
3949 4394 4004 4444 ἐν

2430 4489 2496 4555 τῇ
2530 4487 2727 4556 καρδίᾳ
2756 4502 2874 4547 σου,
2904 4486 2987 4537 ὅτι
3017 4485 3176 4537 αὑτὸν
3202 4486 3423 4556 ἤγειρεν
3456 4486 3484 4536 6
3511 4484 3644 4546 Θεὸς
3672 4486 3736 4536 ὲκ
3766 4484 4003 4552 νεκρῶν,

761 4583 1009 4644 mortuis,
1042 4582 1222 4635 salvus
1249 4582 1358 4636 eris
1381 4598 1421 4634 °.
1470 4600 1486 4632 ι
1529 4578 1625 4633 me
1667 4589 1787 4644 est,
1834 4582 2085 4636 concisus
2130 4582 2321 4636 abbre-
2363 4604 2403 4658 υ
2435 4595 2453 4629 c

2310 4609 2321 4621 -
2363 4604 2403 4658 υ
2435 4578 2703 4648 σωθήσῃ.»
2728 4572 2893 4638 Οὗτός
2912 4577 3057 4629 ἐστιν
3073 4579 3100 4629 6
3119 4576 3553 4646 σνντετμημένος
3574 4574 3751 4642 λόγος,
3775 4573 3843 4626 τὰ
3868 4574 4002 4643 βρα-

764 4677 1048 4739 viatusque
1077 4688 1276 4734 sermo,
1309 4672 1489 4725 brevia
1520 4674 1773 4726 nimirum
1806 4674 1928 4727 fidei
1966 4676 2152 4728 verba.

836 4764 999 4818 Vens.
1033 4766 1123 4817 29.
1170 4783 1187 4815 ι
1232 4764 1295 4817 Et
1326 4764 1465 4818 sicut
1499 4764 1747 4830 pra'dixit
1787 4763 1949 4819 lsains
1980 4775 2037 4819 P:
2083 4764 2195 4819 Nisi
2230 4768 2331 4821 [)0-

768 4860 945 4911 minus
978 4857 1284 4925 reliquisset
1315 4857 1470 4910 nobis
1511 4870 1718 4919 semen,
1750 4858 1891 4909 velut
1926 4859 2155 4912 Sodoma
2203 4859 2328 4913 facti

766 4964 1029 5011 essemus,
1066 4960 1119 5000 et
1177 4948 1317 5001 sicut
1361 4946 1661 5001 Gomorrlia
1697 4948 1903 5002 similes
1956 4949 2264 5003 fuissemus.
2307 4971 2324 5003 ι

765 5039 899 5091 Cum
931 5038 1160 5091 dixisset
1196 5037 1450 5105 reliquias
1472 5047 1679 5091 tantum
1711 5038 1825 5092 fore
1855 5041 2051 5103 Salvas,
2072 5043 2330 5109 quidnam

767 5134 903 5183 istuc
956 5131 1061 5193 sit,
1102 5145 1241 5183 nunc
1274 5130 1661 5198 interpretatur
1687 5170 1701 5191 ,
1754 5131 2002 5199 inquiens
2029 5173 2042 5195 ,
2098 5132 2335 5201 Reliquit

765 5221 922 5273 nobis
948 5218 1089 5273 Deus
1110 5221 1336 5272 electum
1366 5236 1549 5273 semen
1582 5236 1644 5275 ac
1674 5220 1995 5275 fermentum
2026 5240 2035 5276 :
2066 5238 2186 5275 nam
2213 5239 2328 5290 pro,

767 5314 959 5377 Idi-git,
992 5332 1010 5361 ι
1050 5312 1304 5381 Reliquit,
1341 5332 1357 5362 ι
1393 5313 1568 5380 posuit
1596 5331 1608 5364 :
1633 5322 1689 5365 ut
1725 5314 1824 5367 nisi
1845 5313 1986 5367 Deus
2013 5329 2330 5368 conservas-

762 5419 841 5457 set
877 5404 1031 5463 illud,
1079 5419 1298 5471 prorsus
1356 5404 1753 5457 interiissemus
1789 5406 2013 5473 perinde
2042 5420 2103 5459 ac
2158 5406 2331 5460 Sodo-

769 5512 852 5548 ma
907 5506 961 5548 et
1017 5493 1341 5555 Gomorrha,
1398 5506 1581 5564 utpote
1631 5496 1971 5550 condemnati
2018 5498 2087 5551 ob
2113 5506 2330 5566 peccata

767 5599 973 5639 nostra.

842 5702 1199 5766 In'Osett,25;
1234 5700 1380 5762 1,10.
1458 5700 1608 5757 nlsa.
1653 5719 1703 5767 χ,
1742 5703 1827 5755 2‘2.
1909 5712 1929 5733 °
1961 5700 2117 5754 Rom.
2149 5716 2203 5763 Χ,
2242 5704 2295 5755 9.

2432 4674 2531 4741 χέα
2557 4670 2653 4738 τῆς
2678 4669 2912 4731 πίστεως
2943 4670 3182 4739 ῥήματα.

2508 4782 2525 4813 ι
2568 4764 2677 4815 Καὶ
2711 4762 2895 4824 καθὼς
2926 4763 3254 4833 προείρηκεν
3290 4764 3513 4825 Ἡσαΐας
3544 4780 3557 4794 ο
3592 4763 3651 4815 El
3688 4762 3760 4832 μὴ
3796 4762 4003 4832 Κύριος

2428 4854 2655 4907 Σαϐαὼθ
2703 4854 3061 4921 ἐγκατέλιπεν
3098 4857 3233 4923 ἡμῖν
3269 4856 3519 4922 σπέρμα,
3561 4854 3636 4915 ῶς
3675 4855 3885 4921 Σόδομα
3935 4855 4001 4906 ἂν

2431 4946 2786 5015 ἐγενήθημεν,
2820 4946 2914 4998 καὶ
2937 4946 3010 5008 ὡς
3036 4946 3289 5017 Γόμορρα
3318 4947 3382 4998 ἂν
3414 4946 3797 5015 ὡμοιώθημεν.
3838 4964 3854 4994 ι
3912 4946 3975 4998 Εἰ

2433 5042 2567 5101 πῶν,
2602 5040 2683 5090 ὅτι
2712 5040 2783 5091 Τὸ
2816 5040 3164 5107 κατάλειμμα
3195 5039 3525 5108 σωθήσεται,
3548 5039 3644 5091 νῦν
3682 5039 4002 5109 ἐρμηνεύει,

2429 5132 2479 5181 τί
2512 5132 2627 5181 ἐστι
2659 5129 2833 5191 τοῦτο,
2873 5130 2965 5182 καί
3008 5147 3194 5199 φησιν,
3228 5130 3309 5183 ὅτι
3347 5132 3411 5183 ’Ὀ
3459 5130 3822 5198 ἐγκατέλιπεν
3867 5133 4004 5200 ἡμῖν

2430 5225 2457 5273 ὁ
2479 5223 2608 5282 Θεὸς
2646 5223 2927 5275 ἐπίλεκτον
2960 5224 3182 5292 σπέρμα
3210 5225 3303 5274 καὶ
3334 5222 3533 5292 ζύμην.
3568 5223 3712 5275 ’Λντὶ
3743 5224 3852 5293 γὰρ
3880 5223 4002 5285 τοῦ,

2432 5311 2743 5376 ἐπελέξατο,
2778 5312 2856 5375 τὸ,
2894 5332 2911 5362 ι
2939 5311 3321 5378 Ἑγκατέλιπε,
3349 5331 3366 5363 ι
3402 5313 3579 5364 τέθειν
3606 5311 3667 5381 If.
3688 5311 3960 5383 τέθεικεν]
3987 5329 4003 5342 °

2430 5402 2504 5464 ὡς
2537 5404 2672 5469 εἴγε
2720 5404 2794 5471 μὴ
2830 5404 2855 5453 ὁ
2884 5404 3016 5465 Θεὸς
3050 5405 3354 5472 συνετήρει,
3392 5403 3735 5474 πανωλεθρία
3790 5404 3855 5455 ἂν
3892 5405 4003 5455 ἀπ-

2432 5494 2686 5561 ολώμεθα
2713 5493 2778 5565 [Γ.
2812 5494 3109 5566 ἀπωλόμ.],
3135 5495 3208 5561 ὡς
3243 5497 3310 5547 τὰ
3351 5496 3560 5564 Σύδομα
3594 5498 3690 5549 καὶ
3722 5497 4002 5567 Fami-{11:

2430 5585 2516 5641 οἷα
2541 5590 2604 5657 δὴ
2640 5589 2698 5653 ἐξ
2722 5592 3004 5659 ἁμαρτιῶν
3031 5589 3309 5643 κατάδικοι
3338 5589 3508 5653 ὄντες.

2378 5712 2402 5750 ρ
2443 5702 2545 5756 Isa.
2583 5720 2619 5766 t,
2654 5710 2705 5760 9.

2001 5796 2194 5856 Varia:
2230 5798 2575 5858 lectiones:

850 5877 891 5903 ”
932 5877 950 5927 ἑ
996 5875 1141 5934 ὶανᾷς.
1180 5874 1263 5925 ἶς’.
1308 5876 1332 5925 6
1364 5874 1421 5925 οὗ
1459 5872 1583 5936 λαδς
1622 5892 1672 5928 υ.
