  <div class='ocr_page' id='page_1' title='image "/cluster/home/n/w/nwhite01/storage/ocr_20150623/124/nnc1.0046979735/256.png"; bbox 0 0 4286 6444; ppageno 0'>
   <div class='ocr_carea' id='block_1_1' title="bbox 291 439 399 496">
    <p class='ocr_par' dir='ltr' id='par_1_1' title="bbox 291 439 399 496">
     <span class='ocr_line' id='line_1_1' title="bbox 291 439 399 496; baseline 0.009 -1"><span class='ocrx_word' id='word_1_1' title='bbox 291 439 399 496; x_wconf 62' lang='lat'><strong>£73</strong></span> 
     </span>
    </p>
   </div>
   <div class='ocr_carea' id='block_1_2' title="bbox 1175 415 2778 504">
    <p class='ocr_par' dir='ltr' id='par_1_2' title="bbox 1175 415 2778 504">
     <span class='ocr_line' id='line_1_2' title="bbox 1175 415 2778 504; baseline 0.003 -7"><span class='ocrx_word' id='word_1_2' title='bbox 1175 437 1588 498; x_wconf 81' lang='lat' dir='ltr'><strong>EXPOSITIO</strong></span> <span class='ocrx_word' id='word_1_3' title='bbox 1625 437 1705 496; x_wconf 80' lang='lat' dir='ltr'><strong>IN</strong></span> <span class='ocrx_word' id='word_1_4' title='bbox 1746 437 1987 498; x_wconf 81' lang='lat' dir='ltr'><strong>EPIS’I‘.</strong></span> <span class='ocrx_word' id='word_1_5' title='bbox 2023 439 2122 497; x_wconf 80' lang='lat' dir='ltr'><strong>AD</strong></span> <span class='ocrx_word' id='word_1_6' title='bbox 2164 440 2348 501; x_wconf 67' lang='lat' dir='ltr'><strong>non.</strong></span> <span class='ocrx_word' id='word_1_7' title='bbox 2381 467 2449 476; x_wconf 91' lang='lat'>-</span> <span class='ocrx_word' id='word_1_8' title='bbox 2476 443 2633 504; x_wconf 65' lang='lat' dir='ltr'><strong>cap.</strong></span> <span class='ocrx_word' id='word_1_9' title='bbox 2680 415 2778 502; x_wconf 55' lang='lat' dir='ltr'><strong>xy</strong></span> 
     </span>
    </p>
   </div>
   <div class='ocr_carea' id='block_1_3' title="bbox 3447 447 3555 509">
    <p class='ocr_par' dir='ltr' id='par_1_3' title="bbox 3447 447 3555 509">
     <span class='ocr_line' id='line_1_3' title="bbox 3447 447 3555 509; baseline -0.009 0"><span class='ocrx_word' id='word_1_10' title='bbox 3447 447 3555 509; x_wconf 73' lang='grc'><strong>4⁸14</strong></span> 
     </span>
    </p>
   </div>
   <div class='ocr_carea' id='block_1_4' title="bbox 371 543 2063 626">
    <p class='ocr_par' dir='ltr' id='par_1_4' title="bbox 371 543 2063 620">
     <span class='ocr_line' id='line_1_4' title="bbox 371 543 2063 620; baseline 0.001 -18"><span class='ocrx_word' id='word_1_11' title='bbox 371 570 390 602; x_wconf 74' lang='grc' dir='ltr'><strong>ι</strong></span> <span class='ocrx_word' id='word_1_12' title='bbox 409 549 474 602; x_wconf 87' lang='grc' dir='ltr'>Τί</span> <span class='ocrx_word' id='word_1_13' title='bbox 495 543 589 603; x_wconf 79' lang='grc' dir='ltr'><strong>οὖν</strong></span> <span class='ocrx_word' id='word_1_14' title='bbox 614 547 876 619; x_wconf 79' lang='grc' dir='ltr'>ὲροῦμενς</span> <span class='ocrx_word' id='word_1_15' title='bbox 906 550 1026 602; x_wconf 78' lang='grc' dir='ltr'>Ὀτι</span> <span class='ocrx_word' id='word_1_16' title='bbox 1049 549 1175 620; x_wconf 90' lang='grc' dir='ltr'>ἔονη</span> <span class='ocrx_word' id='word_1_17' title='bbox 1194 551 1262 603; x_wconf 67' lang='grc' dir='ltr'><strong>τά</strong></span> <span class='ocrx_word' id='word_1_18' title='bbox 1294 552 1367 620; x_wconf 81' lang='grc' dir='ltr'><strong>μὴ</strong></span> <span class='ocrx_word' id='word_1_19' title='bbox 1390 550 1656 604; x_wconf 76' lang='grc' dir='ltr'><strong>διώκοντα</strong></span> <span class='ocrx_word' id='word_1_20' title='bbox 1678 552 1875 602; x_wconf 84' lang='grc' dir='ltr'>δικαιο-</span> <span class='ocrx_word' id='word_1_21' title='bbox 1907 556 1951 611; x_wconf 74' lang='grc' dir='ltr'>Α</span> <span class='ocrx_word' id='word_1_22' title='bbox 2056 551 2063 568; x_wconf 81' lang='lat'>‘</span> 
     </span>
    </p>
   </div>
   <div class='ocr_carea' id='block_1_5' title="bbox 1864 543 3556 626">
    <p class='ocr_par' dir='ltr' id='par_1_5' title="bbox 1864 551 3556 626">
     <span class='ocr_line' id='line_1_5' title="bbox 1864 551 3556 626; baseline 0.006 -22"><span class='ocrx_word' id='word_1_23' title='bbox 1864 580 1875 591; x_wconf 92' lang='lat'><strong>-</strong></span> <span class='ocrx_word' id='word_1_24' title='bbox 1907 556 1951 611; x_wconf 74' lang='grc' dir='ltr'>Α</span> <span class='ocrx_word' id='word_1_25' title='bbox 2056 551 2217 608; x_wconf 74' lang='lat' dir='ltr'><strong>Vens.</strong></span> <span class='ocrx_word' id='word_1_26' title='bbox 2255 552 2342 617; x_wconf 83' lang='lat'><strong>50,</strong></span> <span class='ocrx_word' id='word_1_27' title='bbox 2367 554 2457 608; x_wconf 76' lang='grc'><strong>51.</strong></span> <span class='ocrx_word' id='word_1_28' title='bbox 2487 574 2502 606; x_wconf 79' lang='grc' dir='ltr'><strong>ι</strong></span> <span class='ocrx_word' id='word_1_29' title='bbox 2529 557 2666 620; x_wconf 73' lang='lat' dir='ltr'><strong>Quid</strong></span> <span class='ocrx_word' id='word_1_30' title='bbox 2695 555 2857 624; x_wconf 77' lang='lat' dir='ltr'><strong>igitur</strong></span> <span class='ocrx_word' id='word_1_31' title='bbox 2881 556 3163 611; x_wconf 76' lang='lat' dir='ltr'><strong>dicemus?</strong></span> <span class='ocrx_word' id='word_1_32' title='bbox 3190 558 3342 623; x_wconf 81' lang='lat' dir='ltr'><strong>Quod</strong></span> <span class='ocrx_word' id='word_1_33' title='bbox 3373 572 3556 626; x_wconf 81' lang='lat' dir='ltr'><strong>gentes</strong></span> 
     </span>
    </p>
   </div>
   <div class='ocr_carea' id='block_1_6' title="bbox 294 640 1878 712">
    <p class='ocr_par' dir='ltr' id='par_1_6' title="bbox 294 640 1878 712">
     <span class='ocr_line' id='line_1_6' title="bbox 294 640 1878 712; baseline 0 -18"><span class='ocrx_word' id='word_1_34' title='bbox 294 643 493 712; x_wconf 85' lang='grc' dir='ltr'>σύνην,</span> <span class='ocrx_word' id='word_1_35' title='bbox 529 641 801 695; x_wconf 78' lang='grc' dir='ltr'>κατέλαϐε</span> <span class='ocrx_word' id='word_1_36' title='bbox 829 640 1199 712; x_wconf 76' lang='grc' dir='ltr'>δικαιοσύνην,</span> <span class='ocrx_word' id='word_1_37' title='bbox 1231 643 1580 712; x_wconf 85' lang='grc' dir='ltr'>δικαιοσύνην</span> <span class='ocrx_word' id='word_1_38' title='bbox 1613 643 1668 695; x_wconf 88' lang='grc' dir='ltr'>δὲ</span> <span class='ocrx_word' id='word_1_39' title='bbox 1697 642 1795 712; x_wconf 85' lang='grc' dir='ltr'>τὴν</span> <span class='ocrx_word' id='word_1_40' title='bbox 1816 644 1878 694; x_wconf 81' lang='grc' dir='ltr'>ὲκ</span> 
     </span>
    </p>
   </div>
   <div class='ocr_carea' id='block_1_7' title="bbox 294 733 1878 804">
    <p class='ocr_par' dir='ltr' id='par_1_7' title="bbox 294 733 1878 804">
     <span class='ocr_line' id='line_1_7' title="bbox 294 733 1878 804; baseline 0 -16"><span class='ocrx_word' id='word_1_41' title='bbox 294 736 554 796; x_wconf 85' lang='grc' dir='ltr'>πίστεως.</span> <span class='ocrx_word' id='word_1_42' title='bbox 585 734 802 804; x_wconf 78' lang='grc' dir='ltr'>Ἰσραὴλ</span> <span class='ocrx_word' id='word_1_43' title='bbox 831 733 888 787; x_wconf 77' lang='grc' dir='ltr'>δὲ</span> <span class='ocrx_word' id='word_1_44' title='bbox 926 733 1139 787; x_wconf 85' lang='grc' dir='ltr'><strong>διώκων</strong></span> <span class='ocrx_word' id='word_1_45' title='bbox 1173 735 1338 804; x_wconf 87' lang='grc' dir='ltr'>νόμον</span> <span class='ocrx_word' id='word_1_46' title='bbox 1391 735 1756 803; x_wconf 75' lang='grc' dir='ltr'><strong>δικαιοσύνης,</strong></span> <span class='ocrx_word' id='word_1_47' title='bbox 1801 737 1878 798; x_wconf 86' lang='grc' dir='ltr'><strong>είς</strong></span> 
     </span>
    </p>
   </div>
   <div class='ocr_carea' id='block_1_8' title="bbox 294 824 1880 896">
    <p class='ocr_par' dir='ltr' id='par_1_8' title="bbox 294 824 1880 896">
     <span class='ocr_line' id='line_1_8' title="bbox 294 824 1880 896; baseline -0.001 -16"><span class='ocrx_word' id='word_1_48' title='bbox 294 827 461 895; x_wconf 90' lang='grc' dir='ltr'>νόμον</span> <span class='ocrx_word' id='word_1_49' title='bbox 484 824 836 896; x_wconf 71' lang='grc' dir='ltr'><strong>δικαιοσύνης</strong></span> <span class='ocrx_word' id='word_1_50' title='bbox 852 827 951 879; x_wconf 84' lang='grc' dir='ltr'><strong>οὐκ</strong></span> <span class='ocrx_word' id='word_1_51' title='bbox 972 825 1228 894; x_wconf 86' lang='grc' dir='ltr'>ἔφθασεν.</span> <span class='ocrx_word' id='word_1_52' title='bbox 1270 825 1565 880; x_wconf 60' lang='grc' dir='ltr'>’Ἐνταῦθα</span> <span class='ocrx_word' id='word_1_53' title='bbox 1587 827 1688 895; x_wconf 82' lang='grc' dir='ltr'>τὴν</span> <span class='ocrx_word' id='word_1_54' title='bbox 1716 842 1880 896; x_wconf 81' lang='grc' dir='ltr'>σαφε-</span> 
     </span>
    </p>
   </div>
   <div class='ocr_carea' id='block_1_9' title="bbox 298 920 1876 991">
    <p class='ocr_par' dir='ltr' id='par_1_9' title="bbox 298 920 1876 991">
     <span class='ocr_line' id='line_1_9' title="bbox 298 920 1876 991; baseline 0 -18"><span class='ocrx_word' id='word_1_55' title='bbox 298 920 500 988; x_wconf 88' lang='grc' dir='ltr'>στάτην</span> <span class='ocrx_word' id='word_1_56' title='bbox 555 920 711 973; x_wconf 83' lang='grc' dir='ltr'>λύσιν</span> <span class='ocrx_word' id='word_1_57' title='bbox 750 920 968 988; x_wconf 82' lang='grc' dir='ltr'>ἐπάγει.</span> <span class='ocrx_word' id='word_1_58' title='bbox 1005 920 1240 983; x_wconf 79' lang='grc' dir='ltr'>δεικνὺς,</span> <span class='ocrx_word' id='word_1_59' title='bbox 1278 920 1442 973; x_wconf 84' lang='grc' dir='ltr'>πόθεν</span> <span class='ocrx_word' id='word_1_60' title='bbox 1491 920 1557 973; x_wconf 78' lang='grc' dir='ltr'><strong>τὰ</strong></span> <span class='ocrx_word' id='word_1_61' title='bbox 1602 921 1698 990; x_wconf 79' lang='grc' dir='ltr'>μὲν</span> <span class='ocrx_word' id='word_1_62' title='bbox 1750 921 1876 991; x_wconf 89' lang='grc' dir='ltr'>ἔθνη</span> 
     </span>
    </p>
   </div>
   <div class='ocr_carea' id='block_1_10' title="bbox 295 1013 1879 1084">
    <p class='ocr_par' dir='ltr' id='par_1_10' title="bbox 295 1013 1879 1084">
     <span class='ocr_line' id='line_1_10' title="bbox 295 1013 1879 1084; baseline 0.003 -20"><span class='ocrx_word' id='word_1_63' title='bbox 295 1013 786 1084; x_wconf 80' lang='grc' dir='ltr'><strong>προσελήφθησαν,</strong></span> <span class='ocrx_word' id='word_1_64' title='bbox 818 1014 868 1065; x_wconf 77' lang='grc' dir='ltr'>οἱ</span> <span class='ocrx_word' id='word_1_65' title='bbox 905 1013 962 1066; x_wconf 81' lang='grc' dir='ltr'>δὲ</span> <span class='ocrx_word' id='word_1_66' title='bbox 993 1013 1326 1083; x_wconf 78' lang='grc' dir='ltr'>Ἰσραηλῖται</span> <span class='ocrx_word' id='word_1_67' title='bbox 1367 1013 1738 1084; x_wconf 80' lang='grc' dir='ltr'>ἀπώσθησαν’</span> <span class='ocrx_word' id='word_1_68' title='bbox 1784 1015 1879 1068; x_wconf 86' lang='grc' dir='ltr'><strong>καί</strong></span> 
     </span>
    </p>
   </div>
   <div class='ocr_carea' id='block_1_11' title="bbox 296 1107 1878 1179">
    <p class='ocr_par' dir='ltr' id='par_1_11' title="bbox 296 1107 1878 1179">
     <span class='ocr_line' id='line_1_11' title="bbox 296 1107 1878 1179; baseline 0.002 -22"><span class='ocrx_word' id='word_1_69' title='bbox 296 1123 484 1176; x_wconf 85' lang='grc' dir='ltr'>φησιν,</span> <span class='ocrx_word' id='word_1_70' title='bbox 519 1107 707 1159; x_wconf 84' lang='grc' dir='ltr'>ὅτιΤά</span> <span class='ocrx_word' id='word_1_71' title='bbox 739 1107 834 1176; x_wconf 84' lang='grc' dir='ltr'>μὲν</span> <span class='ocrx_word' id='word_1_72' title='bbox 866 1107 992 1176; x_wconf 89' lang='grc' dir='ltr'>ἔθνη</span> <span class='ocrx_word' id='word_1_73' title='bbox 1020 1108 1118 1175; x_wconf 81' lang='grc' dir='ltr'>τὴν</span> <span class='ocrx_word' id='word_1_74' title='bbox 1150 1108 1214 1160; x_wconf 83' lang='grc' dir='ltr'>ὲκ</span> <span class='ocrx_word' id='word_1_75' title='bbox 1262 1107 1496 1170; x_wconf 84' lang='grc' dir='ltr'>πίστεως</span> <span class='ocrx_word' id='word_1_76' title='bbox 1531 1107 1878 1179; x_wconf 86' lang='grc' dir='ltr'>δικαιοσύνην</span> 
     </span>
    </p>
   </div>
   <div class='ocr_carea' id='block_1_12' title="bbox 297 1198 1875 1273">
    <p class='ocr_par' dir='ltr' id='par_1_12' title="bbox 297 1198 1875 1273">
     <span class='ocr_line' id='line_1_12' title="bbox 297 1198 1875 1273; baseline 0.003 -23"><span class='ocrx_word' id='word_1_77' title='bbox 297 1199 617 1268; x_wconf 74' lang='grc' dir='ltr'>κατέχοντα,</span> <span class='ocrx_word' id='word_1_78' title='bbox 649 1198 1048 1268; x_wconf 73' lang='grc' dir='ltr'>ἔδικαιώθησαν</span> <span class='ocrx_word' id='word_1_79' title='bbox 1071 1201 1240 1263; x_wconf 80' lang='grc' dir='ltr'>ὅντως</span> <span class='ocrx_word' id='word_1_80' title='bbox 1257 1201 1322 1233; x_wconf 72' lang='grc'><strong>⁸⁷·</strong></span> <span class='ocrx_word' id='word_1_81' title='bbox 1358 1203 1405 1255; x_wconf 80' lang='grc' dir='ltr'><strong>οἱ</strong></span> <span class='ocrx_word' id='word_1_82' title='bbox 1435 1201 1490 1254; x_wconf 78' lang='grc' dir='ltr'>δὲ</span> <span class='ocrx_word' id='word_1_83' title='bbox 1527 1203 1875 1273; x_wconf 78' lang='grc' dir='ltr'>Ἰσραηλῖται,</span> 
     </span>
    </p>
   </div>
   <div class='ocr_carea' id='block_1_13' title="bbox 297 1296 1876 1368">
    <p class='ocr_par' dir='ltr' id='par_1_13' title="bbox 297 1296 1876 1368">
     <span class='ocr_line' id='line_1_13' title="bbox 297 1296 1876 1368; baseline 0.003 -21"><span class='ocrx_word' id='word_1_84' title='bbox 297 1297 391 1348; x_wconf 83' lang='grc' dir='ltr'><strong>τὸν</strong></span> <span class='ocrx_word' id='word_1_85' title='bbox 433 1296 598 1364; x_wconf 90' lang='grc' dir='ltr'>νόμον</span> <span class='ocrx_word' id='word_1_86' title='bbox 627 1298 725 1363; x_wconf 82' lang='grc' dir='ltr'>τῆς</span> <span class='ocrx_word' id='word_1_87' title='bbox 768 1296 1136 1366; x_wconf 81' lang='grc' dir='ltr'>δικαιοσύνης,</span> <span class='ocrx_word' id='word_1_88' title='bbox 1172 1299 1439 1363; x_wconf 80' lang='grc' dir='ltr'>τουτέστι,</span> <span class='ocrx_word' id='word_1_89' title='bbox 1472 1300 1563 1351; x_wconf 80' lang='grc' dir='ltr'>τὸν</span> <span class='ocrx_word' id='word_1_90' title='bbox 1592 1300 1649 1364; x_wconf 78' lang='grc' dir='ltr'><strong>ἐξ</strong></span> <span class='ocrx_word' id='word_1_91' title='bbox 1680 1300 1876 1368; x_wconf 88' lang='grc' dir='ltr'>ἔργων,</span> 
     </span>
    </p>
   </div>
   <div class='ocr_carea' id='block_1_14' title="bbox 300 1387 1878 1457">
    <p class='ocr_par' dir='ltr' id='par_1_14' title="bbox 300 1387 1878 1457">
     <span class='ocr_line' id='line_1_14' title="bbox 300 1387 1878 1457; baseline 0.004 -18"><span class='ocrx_word' id='word_1_92' title='bbox 300 1387 588 1452; x_wconf 84' lang='grc' dir='ltr'>διώκοντες</span> <span class='ocrx_word' id='word_1_93' title='bbox 619 1390 714 1441; x_wconf 79' lang='grc' dir='ltr'><strong>καὶ</strong></span> <span class='ocrx_word' id='word_1_94' title='bbox 744 1388 1053 1457; x_wconf 83' lang='grc' dir='ltr'>ζητοῦντες,</span> <span class='ocrx_word' id='word_1_95' title='bbox 1073 1391 1172 1442; x_wconf 80' lang='grc' dir='ltr'>οὐκ</span> <span class='ocrx_word' id='word_1_96' title='bbox 1195 1389 1439 1457; x_wconf 77' lang='grc' dir='ltr'>ἔφθασαν</span> <span class='ocrx_word' id='word_1_97' title='bbox 1464 1393 1544 1452; x_wconf 89' lang='grc' dir='ltr'><strong>είς</strong></span> <span class='ocrx_word' id='word_1_98' title='bbox 1575 1391 1634 1444; x_wconf 80' lang='grc' dir='ltr'>τὸ</span> <span class='ocrx_word' id='word_1_99' title='bbox 1657 1393 1878 1446; x_wconf 84' lang='grc' dir='ltr'>δικαιω-</span> 
     </span>
    </p>
   </div>
   <div class='ocr_carea' id='block_1_15' title="bbox 302 1483 1815 1557">
    <p class='ocr_par' dir='ltr' id='par_1_15' title="bbox 302 1483 1815 1557">
     <span class='ocr_line' id='line_1_15' title="bbox 302 1483 1815 1557; baseline 0.003 -22"><span class='ocrx_word' id='word_1_100' title='bbox 302 1483 480 1554; x_wconf 77' lang='grc' dir='ltr'>θῆναι.</span> <span class='ocrx_word' id='word_1_101' title='bbox 501 1484 576 1536; x_wconf 74' lang='grc' dir='ltr'><strong>Οὐ</strong></span> <span class='ocrx_word' id='word_1_102' title='bbox 597 1485 704 1552; x_wconf 84' lang='grc' dir='ltr'>γὰρ</span> <span class='ocrx_word' id='word_1_103' title='bbox 717 1483 946 1552; x_wconf 78' lang='grc' dir='ltr'>ἠδύνατο</span> <span class='ocrx_word' id='word_1_104' title='bbox 971 1485 1260 1540; x_wconf 83' lang='grc' dir='ltr'>δικαιῶσαι</span> <span class='ocrx_word' id='word_1_105' title='bbox 1285 1487 1312 1538; x_wconf 82' lang='grc' dir='ltr'><em>ὁ</em></span> <span class='ocrx_word' id='word_1_106' title='bbox 1341 1485 1398 1552; x_wconf 82' lang='grc' dir='ltr'><strong>ἐξ</strong></span> <span class='ocrx_word' id='word_1_107' title='bbox 1431 1486 1606 1557; x_wconf 80' lang='grc' dir='ltr'>ἔργων</span> <span class='ocrx_word' id='word_1_108' title='bbox 1635 1487 1815 1556; x_wconf 85' lang='grc' dir='ltr'>νόμος.</span> 
     </span>
    </p>
   </div>
   <div class='ocr_carea' id='block_1_16' title="bbox 384 1663 1878 1734">
    <p class='ocr_par' dir='ltr' id='par_1_16' title="bbox 384 1663 1878 1734">
     <span class='ocr_line' id='line_1_16' title="bbox 384 1663 1878 1734; baseline 0.002 -19"><span class='ocrx_word' id='word_1_109' title='bbox 384 1683 400 1714; x_wconf 81' lang='grc' dir='ltr'><strong>ι</strong></span> <span class='ocrx_word' id='word_1_110' title='bbox 436 1664 534 1716; x_wconf 79' lang='grc' dir='ltr'>Διά</span> <span class='ocrx_word' id='word_1_111' title='bbox 564 1665 652 1727; x_wconf 74' lang='grc' dir='ltr'><strong>τίς</strong></span> <span class='ocrx_word' id='word_1_112' title='bbox 695 1665 816 1716; x_wconf 81' lang='grc' dir='ltr'>Ὀτι</span> <span class='ocrx_word' id='word_1_113' title='bbox 840 1663 939 1716; x_wconf 82' lang='grc' dir='ltr'><strong>οὐκ</strong></span> <span class='ocrx_word' id='word_1_114' title='bbox 970 1664 1033 1717; x_wconf 80' lang='grc' dir='ltr'>ὲκ</span> <span class='ocrx_word' id='word_1_115' title='bbox 1074 1664 1332 1727; x_wconf 84' lang='grc' dir='ltr'>πίστεως,</span> <span class='ocrx_word' id='word_1_116' title='bbox 1367 1665 1480 1717; x_wconf 81' lang='grc' dir='ltr'>ἀλλ’</span> <span class='ocrx_word' id='word_1_117' title='bbox 1509 1665 1583 1727; x_wconf 85' lang='grc' dir='ltr'>ὼς</span> <span class='ocrx_word' id='word_1_118' title='bbox 1619 1667 1675 1731; x_wconf 79' lang='grc' dir='ltr'><strong>ἐξ</strong></span> <span class='ocrx_word' id='word_1_119' title='bbox 1703 1665 1878 1734; x_wconf 80' lang='grc' dir='ltr'>ἔργων</span> 
     </span>
    </p>
   </div>
   <div class='ocr_carea' id='block_1_17' title="bbox 302 1759 1881 1828">
    <p class='ocr_par' dir='ltr' id='par_1_17' title="bbox 302 1759 1881 1828">
     <span class='ocr_line' id='line_1_17' title="bbox 302 1759 1881 1828; baseline 0.001 -18"><span class='ocrx_word' id='word_1_120' title='bbox 302 1761 492 1826; x_wconf 76' lang='grc' dir='ltr'>νόμου.</span> <span class='ocrx_word' id='word_1_121' title='bbox 525 1779 542 1810; x_wconf 75' lang='grc' dir='ltr'><strong>ι</strong></span> <span class='ocrx_word' id='word_1_122' title='bbox 604 1759 864 1828; x_wconf 82' lang='grc' dir='ltr'>Ἐρωτᾷς,</span> <span class='ocrx_word' id='word_1_123' title='bbox 910 1759 1074 1810; x_wconf 88' lang='grc' dir='ltr'>πόθεν</span> <span class='ocrx_word' id='word_1_124' title='bbox 1123 1759 1171 1809; x_wconf 81' lang='grc' dir='ltr'><strong>οί</strong></span> <span class='ocrx_word' id='word_1_125' title='bbox 1232 1759 1562 1828; x_wconf 86' lang='grc' dir='ltr'>Ἰσραηλῖται</span> <span class='ocrx_word' id='word_1_126' title='bbox 1611 1759 1881 1828; x_wconf 80' lang='grc' dir='ltr'>ἀπέτυχον</span> 
     </span>
    </p>
   </div>
   <div class='ocr_carea' id='block_1_18' title="bbox 302 1848 1878 1918">
    <p class='ocr_par' dir='ltr' id='par_1_18' title="bbox 302 1848 1878 1918">
     <span class='ocr_line' id='line_1_18' title="bbox 302 1848 1878 1918; baseline -0.003 -17"><span class='ocrx_word' id='word_1_127' title='bbox 302 1850 396 1901; x_wconf 80' lang='grc' dir='ltr'><strong>τοῦ</strong></span> <span class='ocrx_word' id='word_1_128' title='bbox 436 1849 810 1918; x_wconf 84' lang='grc' dir='ltr'>δικαιωθῆναι,</span> <span class='ocrx_word' id='word_1_129' title='bbox 857 1849 1033 1901; x_wconf 88' lang='grc' dir='ltr'>καίτοι</span> <span class='ocrx_word' id='word_1_130' title='bbox 1067 1848 1459 1910; x_wconf 79' lang='grc' dir='ltr'>σπουδάζοντες</span> <span class='ocrx_word' id='word_1_131' title='bbox 1494 1849 1690 1914; x_wconf 88' lang='grc' dir='ltr'>πολλά;</span> <span class='ocrx_word' id='word_1_132' title='bbox 1726 1850 1878 1902; x_wconf 72' lang='lat' dir='ltr'><strong>Mdv-</strong></span> 
     </span>
    </p>
   </div>
   <div class='ocr_carea' id='block_1_19' title="bbox 303 1941 1878 2010">
    <p class='ocr_par' dir='ltr' id='par_1_19' title="bbox 303 1941 1878 2010">
     <span class='ocr_line' id='line_1_19' title="bbox 303 1941 1878 2010; baseline -0.001 -15"><span class='ocrx_word' id='word_1_133' title='bbox 303 1943 431 1995; x_wconf 78' lang='grc' dir='ltr'>θανε</span> <span class='ocrx_word' id='word_1_134' title='bbox 450 1944 530 1996; x_wconf 77' lang='grc' dir='ltr'><strong>ὅτι</strong></span> <span class='ocrx_word' id='word_1_135' title='bbox 558 1961 575 1993; x_wconf 77' lang='grc' dir='ltr'><strong>ι</strong></span> <span class='ocrx_word' id='word_1_136' title='bbox 607 1944 704 1994; x_wconf 76' lang='grc' dir='ltr'><strong>οὐκ</strong></span> <span class='ocrx_word' id='word_1_137' title='bbox 723 1945 786 1993; x_wconf 80' lang='grc' dir='ltr'>ὲκ</span> <span class='ocrx_word' id='word_1_138' title='bbox 807 1942 1045 2003; x_wconf 86' lang='grc' dir='ltr'>πίστεως</span> <span class='ocrx_word' id='word_1_139' title='bbox 1073 1961 1091 1992; x_wconf 72' lang='grc' dir='ltr'><strong>ι</strong></span> <span class='ocrx_word' id='word_1_140' title='bbox 1119 1941 1346 2010; x_wconf 72' lang='grc' dir='ltr'>ἐζήτουν</span> <span class='ocrx_word' id='word_1_141' title='bbox 1366 1941 1743 2010; x_wconf 80' lang='grc' dir='ltr'>δικαιωθῆναι,</span> <span class='ocrx_word' id='word_1_142' title='bbox 1763 1943 1878 1994; x_wconf 83' lang='grc' dir='ltr'>ἀλλ’</span> 
     </span>
    </p>
   </div>
   <div class='ocr_carea' id='block_1_20' title="bbox 310 2034 1878 2107">
    <p class='ocr_par' dir='ltr' id='par_1_20' title="bbox 310 2034 1878 2107">
     <span class='ocr_line' id='line_1_20' title="bbox 310 2034 1878 2107; baseline -0.003 -18"><span class='ocrx_word' id='word_1_143' title='bbox 310 2056 330 2088; x_wconf 71' lang='grc' dir='ltr'><strong>ι</strong></span> <span class='ocrx_word' id='word_1_144' title='bbox 357 2037 432 2100; x_wconf 83' lang='grc' dir='ltr'><strong>ὡς</strong></span> <span class='ocrx_word' id='word_1_145' title='bbox 452 2035 510 2100; x_wconf 82' lang='grc' dir='ltr'>ἔξ</span> <span class='ocrx_word' id='word_1_146' title='bbox 539 2036 716 2107; x_wconf 88' lang='grc' dir='ltr'>ἔργων</span> <span class='ocrx_word' id='word_1_147' title='bbox 741 2037 928 2105; x_wconf 89' lang='grc' dir='ltr'>νόμου.</span> <span class='ocrx_word' id='word_1_148' title='bbox 955 2053 972 2084; x_wconf 76' lang='grc' dir='ltr'><strong>ι</strong></span> <span class='ocrx_word' id='word_1_149' title='bbox 1003 2036 1099 2087; x_wconf 82' lang='grc' dir='ltr'>Ἐκ</span> <span class='ocrx_word' id='word_1_150' title='bbox 1115 2035 1170 2086; x_wconf 77' lang='grc' dir='ltr'><strong>δὲ</strong></span> <span class='ocrx_word' id='word_1_151' title='bbox 1192 2034 1368 2104; x_wconf 89' lang='grc' dir='ltr'>ἔργων</span> <span class='ocrx_word' id='word_1_152' title='bbox 1389 2035 1551 2103; x_wconf 84' lang='grc' dir='ltr'>νόμου</span> <span class='ocrx_word' id='word_1_153' title='bbox 1573 2035 1631 2085; x_wconf 83' lang='grc' dir='ltr'><strong>ού</strong></span> <span class='ocrx_word' id='word_1_154' title='bbox 1655 2034 1878 2086; x_wconf 86' lang='grc' dir='ltr'>δικαιω-</span> 
     </span>
    </p>
   </div>
   <div class='ocr_carea' id='block_1_21' title="bbox 311 2123 1878 2199">
    <p class='ocr_par' dir='ltr' id='par_1_21' title="bbox 311 2123 1878 2199">
     <span class='ocr_line' id='line_1_21' title="bbox 311 2123 1878 2199; baseline -0.003 -17"><span class='ocrx_word' id='word_1_155' title='bbox 311 2131 540 2199; x_wconf 79' lang='grc' dir='ltr'>θήσεται</span> <span class='ocrx_word' id='word_1_156' title='bbox 589 2131 736 2181; x_wconf 84' lang='grc' dir='ltr'>πᾶσα</span> <span class='ocrx_word' id='word_1_157' title='bbox 774 2127 928 2195; x_wconf 81' lang='grc' dir='ltr'>σάρξ.</span> <span class='ocrx_word' id='word_1_158' title='bbox 967 2129 1108 2195; x_wconf 87' lang='grc' dir='ltr'>Ὅρα</span> <span class='ocrx_word' id='word_1_159' title='bbox 1143 2127 1230 2190; x_wconf 79' lang='grc' dir='ltr'><strong>δὲ,</strong></span> <span class='ocrx_word' id='word_1_160' title='bbox 1283 2127 1397 2188; x_wconf 80' lang='grc' dir='ltr'><strong>πῶς</strong></span> <span class='ocrx_word' id='word_1_161' title='bbox 1438 2129 1539 2179; x_wconf 80' lang='grc' dir='ltr'><strong>οὐκ</strong></span> <span class='ocrx_word' id='word_1_162' title='bbox 1580 2123 1755 2191; x_wconf 73' lang='grc' dir='ltr'>εἶπεν,</span> <span class='ocrx_word' id='word_1_163' title='bbox 1789 2128 1878 2193; x_wconf 69' lang='grc' dir='ltr'>ἘΞ</span> 
     </span>
    </p>
   </div>
   <div class='ocr_carea' id='block_1_22' title="bbox 302 2214 1878 2289">
    <p class='ocr_par' dir='ltr' id='par_1_22' title="bbox 302 2214 1878 2289">
     <span class='ocr_line' id='line_1_22' title="bbox 302 2214 1878 2289; baseline -0.004 -17"><span class='ocrx_word' id='word_1_164' title='bbox 302 2219 502 2289; x_wconf 81' lang='grc' dir='ltr'>ἔργων,</span> <span class='ocrx_word' id='word_1_165' title='bbox 541 2219 690 2289; x_wconf 84' lang='grc' dir='ltr'>Ιάλλ⁹,</span> <span class='ocrx_word' id='word_1_166' title='bbox 746 2236 764 2268; x_wconf 78' lang='grc' dir='ltr'><strong>ι</strong></span> <span class='ocrx_word' id='word_1_167' title='bbox 797 2217 884 2280; x_wconf 79' lang='grc' dir='ltr'>Ὠς</span> <span class='ocrx_word' id='word_1_168' title='bbox 917 2216 975 2283; x_wconf 76' lang='grc' dir='ltr'>ἐξ</span> <span class='ocrx_word' id='word_1_169' title='bbox 1000 2216 1177 2286; x_wconf 90' lang='grc' dir='ltr'>ἔργων</span> <span class='ocrx_word' id='word_1_170' title='bbox 1212 2231 1225 2244; x_wconf 73' lang='grc' dir='ltr'><strong>ο</strong></span> <span class='ocrx_word' id='word_1_171' title='bbox 1262 2234 1279 2266; x_wconf 76' lang='grc' dir='ltr'><strong>ι</strong></span> <span class='ocrx_word' id='word_1_172' title='bbox 1335 2215 1419 2268; x_wconf 76' lang='grc' dir='ltr'>ἵνα</span> <span class='ocrx_word' id='word_1_173' title='bbox 1459 2214 1606 2285; x_wconf 80' lang='grc' dir='ltr'>δείξῃ</span> <span class='ocrx_word' id='word_1_174' title='bbox 1651 2216 1732 2267; x_wconf 85' lang='grc' dir='ltr'><strong>ὅτι</strong></span> <span class='ocrx_word' id='word_1_175' title='bbox 1779 2215 1878 2267; x_wconf 71' lang='grc' dir='ltr'><strong>οὐκ</strong></span> 
     </span>
    </p>
   </div>
   <div class='ocr_carea' id='block_1_23' title="bbox 304 2306 1877 2382">
    <p class='ocr_par' dir='ltr' id='par_1_23' title="bbox 304 2306 1877 2382">
     <span class='ocr_line' id='line_1_23' title="bbox 304 2306 1877 2382; baseline -0.003 -18"><span class='ocrx_word' id='word_1_176' title='bbox 304 2313 542 2382; x_wconf 83' lang='grc' dir='ltr'>ἀληθῶς,</span> <span class='ocrx_word' id='word_1_177' title='bbox 584 2311 706 2364; x_wconf 77' lang='grc' dir='ltr'>οὐδὲ</span> <span class='ocrx_word' id='word_1_178' title='bbox 744 2309 854 2362; x_wconf 83' lang='grc' dir='ltr'><strong>τῶν</strong></span> <span class='ocrx_word' id='word_1_179' title='bbox 892 2309 1069 2380; x_wconf 81' lang='grc' dir='ltr'>ἔργων</span> <span class='ocrx_word' id='word_1_180' title='bbox 1113 2306 1498 2377; x_wconf 74' lang='grc' dir='ltr'>ἐπεμελοῦντο,</span> <span class='ocrx_word' id='word_1_181' title='bbox 1552 2307 1669 2360; x_wconf 86' lang='grc' dir='ltr'>ἀλλ’</span> <span class='ocrx_word' id='word_1_182' title='bbox 1709 2307 1782 2370; x_wconf 84' lang='grc' dir='ltr'>ὡς</span> <span class='ocrx_word' id='word_1_183' title='bbox 1822 2309 1877 2360; x_wconf 83' lang='grc' dir='ltr'>ὲν</span> 
     </span>
    </p>
   </div>
   <div class='ocr_carea' id='block_1_24' title="bbox 305 2406 612 2475">
    <p class='ocr_par' dir='ltr' id='par_1_24' title="bbox 305 2406 612 2475">
     <span class='ocr_line' id='line_1_24' title="bbox 305 2406 612 2475; baseline 0 -17"><span class='ocrx_word' id='word_1_184' title='bbox 305 2406 612 2475; x_wconf 81' lang='grc' dir='ltr'>ὑποκρίσει.</span> 
     </span>
    </p>
   </div>
   <div class='ocr_carea' id='block_1_25' title="bbox 384 2577 1882 2652">
    <p class='ocr_par' dir='ltr' id='par_1_25' title="bbox 384 2577 1882 2652">
     <span class='ocr_line' id='line_1_25' title="bbox 384 2577 1882 2652; baseline -0.003 -17"><span class='ocrx_word' id='word_1_185' title='bbox 384 2603 402 2635; x_wconf 81' lang='grc' dir='ltr'><strong>ι</strong></span> <span class='ocrx_word' id='word_1_186' title='bbox 427 2580 780 2652; x_wconf 69' lang='grc' dir='ltr'>Προσέκοψαν</span> <span class='ocrx_word' id='word_1_187' title='bbox 801 2579 1000 2650; x_wconf 71' lang='grc' dir='ltr'>γὰρτῷ</span> <span class='ocrx_word' id='word_1_188' title='bbox 1019 2578 1153 2649; x_wconf 86' lang='grc' dir='ltr'>λίθῳ</span> <span class='ocrx_word' id='word_1_189' title='bbox 1178 2578 1272 2631; x_wconf 90' lang='grc' dir='ltr'><strong>τοῦ</strong></span> <span class='ocrx_word' id='word_1_190' title='bbox 1311 2577 1754 2648; x_wconf 81' lang='grc' dir='ltr'>προσκόμματος,</span> <span class='ocrx_word' id='word_1_191' title='bbox 1792 2595 1882 2630; x_wconf 89' lang='grc' dir='ltr'>κα-</span> 
     </span>
    </p>
   </div>
   <div class='ocr_carea' id='block_1_26' title="bbox 307 2669 1881 2743">
    <p class='ocr_par' dir='ltr' id='par_1_26' title="bbox 307 2669 1881 2743">
     <span class='ocr_line' id='line_1_26' title="bbox 307 2669 1881 2743; baseline -0.005 -15"><span class='ocrx_word' id='word_1_192' title='bbox 307 2678 414 2739; x_wconf 84' lang='grc' dir='ltr'><strong>θὼς</strong></span> <span class='ocrx_word' id='word_1_193' title='bbox 464 2676 812 2743; x_wconf 67' lang='grc' dir='ltr'>γέγραπται·</span> <span class='ocrx_word' id='word_1_194' title='bbox 860 2671 993 2724; x_wconf 80' lang='grc' dir='ltr'>Ἰδοὺ</span> <span class='ocrx_word' id='word_1_195' title='bbox 1026 2671 1218 2740; x_wconf 80' lang='grc' dir='ltr'>τίθημι</span> <span class='ocrx_word' id='word_1_196' title='bbox 1259 2672 1318 2722; x_wconf 83' lang='grc' dir='ltr'><strong>ὲν</strong></span> <span class='ocrx_word' id='word_1_197' title='bbox 1362 2669 1497 2721; x_wconf 87' lang='grc' dir='ltr'>Σιὼν</span> <span class='ocrx_word' id='word_1_198' title='bbox 1536 2669 1681 2721; x_wconf 78' lang='grc' dir='ltr'>λίθον</span> <span class='ocrx_word' id='word_1_199' title='bbox 1714 2687 1881 2739; x_wconf 84' lang='grc' dir='ltr'>προσ-</span> 
     </span>
    </p>
   </div>
   <div class='ocr_carea' id='block_1_27' title="bbox 306 2762 1880 2838">
    <p class='ocr_par' dir='ltr' id='par_1_27' title="bbox 306 2762 1880 2838">
     <span class='ocr_line' id='line_1_27' title="bbox 306 2762 1880 2838; baseline -0.007 -16"><span class='ocrx_word' id='word_1_200' title='bbox 306 2771 612 2838; x_wconf 83' lang='grc' dir='ltr'>κόμματος,</span> <span class='ocrx_word' id='word_1_201' title='bbox 655 2767 748 2819; x_wconf 73' lang='grc' dir='ltr'><strong>καὶ</strong></span> <span class='ocrx_word' id='word_1_202' title='bbox 801 2765 1009 2835; x_wconf 80' lang='grc' dir='ltr'>πέτραν</span> <span class='ocrx_word' id='word_1_203' title='bbox 1050 2763 1345 2816; x_wconf 80' lang='grc' dir='ltr'>σκανδάλου</span> <span class='ocrx_word' id='word_1_204' title='bbox 1379 2777 1392 2790; x_wconf 84' lang='grc'><strong>’</strong></span> <span class='ocrx_word' id='word_1_205' title='bbox 1452 2762 1546 2814; x_wconf 70' lang='grc' dir='ltr'><strong>καὶ</strong></span> <span class='ocrx_word' id='word_1_206' title='bbox 1579 2763 1682 2823; x_wconf 77' lang='grc' dir='ltr'>πᾶς</span> <span class='ocrx_word' id='word_1_207' title='bbox 1716 2762 1743 2812; x_wconf 90' lang='grc' dir='ltr'><strong>ὁ</strong></span> <span class='ocrx_word' id='word_1_208' title='bbox 1789 2777 1880 2812; x_wconf 85' lang='grc' dir='ltr'>πι-</span> 
     </span>
    </p>
   </div>
   <div class='ocr_carea' id='block_1_28' title="bbox 307 2854 1881 2926">
    <p class='ocr_par' dir='ltr' id='par_1_28' title="bbox 307 2854 1881 2926">
     <span class='ocr_line' id='line_1_28' title="bbox 307 2854 1881 2926; baseline -0.004 -13"><span class='ocrx_word' id='word_1_209' title='bbox 307 2861 514 2914; x_wconf 63' lang='grc' dir='ltr'>στεύων</span> <span class='ocrx_word' id='word_1_210' title='bbox 545 2860 629 2912; x_wconf 78' lang='grc' dir='ltr'><strong>ἐπ’</strong></span> <span class='ocrx_word' id='word_1_211' title='bbox 671 2859 838 2925; x_wconf 78' lang='grc' dir='ltr'>αὐτῷ,</span> <span class='ocrx_word' id='word_1_212' title='bbox 874 2859 934 2910; x_wconf 77' lang='grc' dir='ltr'><strong>οὐ</strong></span> <span class='ocrx_word' id='word_1_213' title='bbox 965 2854 1511 2926; x_wconf 81' lang='grc' dir='ltr'>καταισχυνθήσεται.</span> <span class='ocrx_word' id='word_1_214' title='bbox 1569 2875 1581 2902; x_wconf 76' lang='lat' dir='ltr'><strong>t</strong></span> <span class='ocrx_word' id='word_1_215' title='bbox 1631 2855 1686 2907; x_wconf 86' lang='lat'><strong>&#39;0</strong></span> <span class='ocrx_word' id='word_1_216' title='bbox 1716 2872 1881 2922; x_wconf 84' lang='grc' dir='ltr'>προσ-</span> 
     </span>
    </p>
   </div>
   <div class='ocr_carea' id='block_1_29' title="bbox 307 2948 1880 3021">
    <p class='ocr_par' dir='ltr' id='par_1_29' title="bbox 307 2948 1880 3021">
     <span class='ocr_line' id='line_1_29' title="bbox 307 2948 1880 3021; baseline -0.004 -15"><span class='ocrx_word' id='word_1_217' title='bbox 307 2955 544 3016; x_wconf 81' lang='grc' dir='ltr'>κόπτων,</span> <span class='ocrx_word' id='word_1_218' title='bbox 579 2956 642 3004; x_wconf 71' lang='grc' dir='ltr'><strong>ἐκ</strong></span> <span class='ocrx_word' id='word_1_219' title='bbox 670 2952 762 3004; x_wconf 92' lang='grc' dir='ltr'><strong>τοῦ</strong></span> <span class='ocrx_word' id='word_1_220' title='bbox 796 2951 929 3021; x_wconf 82' lang='grc' dir='ltr'>πρὸς</span> <span class='ocrx_word' id='word_1_221' title='bbox 957 2951 1119 3018; x_wconf 78' lang='grc' dir='ltr'>ἔτερα</span> <span class='ocrx_word' id='word_1_222' title='bbox 1145 2951 1449 3018; x_wconf 77' lang='grc' dir='ltr'>κεχηνέναι,</span> <span class='ocrx_word' id='word_1_223' title='bbox 1488 2950 1578 2999; x_wconf 74' lang='grc' dir='ltr'><strong>καὶ</strong></span> <span class='ocrx_word' id='word_1_224' title='bbox 1607 2948 1678 3018; x_wconf 81' lang='grc' dir='ltr'><strong>μὴ</strong></span> <span class='ocrx_word' id='word_1_225' title='bbox 1713 2964 1880 3016; x_wconf 83' lang='grc' dir='ltr'>προσ·</span> 
     </span>
    </p>
   </div>
   <div class='ocr_carea' id='block_1_30' title="bbox 309 3039 1883 3118">
    <p class='ocr_par' dir='ltr' id='par_1_30' title="bbox 309 3039 1883 3118">
     <span class='ocr_line' id='line_1_30' title="bbox 309 3039 1883 3118; baseline -0.006 -17"><span class='ocrx_word' id='word_1_226' title='bbox 309 3051 452 3118; x_wconf 84' lang='grc' dir='ltr'>ἐχειν</span> <span class='ocrx_word' id='word_1_227' title='bbox 484 3048 594 3108; x_wconf 85' lang='grc' dir='ltr'>τοῖς</span> <span class='ocrx_word' id='word_1_228' title='bbox 651 3043 984 3114; x_wconf 80' lang='grc' dir='ltr'>ἔμπροσθεν,</span> <span class='ocrx_word' id='word_1_229' title='bbox 1019 3043 1378 3108; x_wconf 77' lang='grc' dir='ltr'>προσκόπτει.</span> <span class='ocrx_word' id='word_1_230' title='bbox 1427 3040 1533 3091; x_wconf 78' lang='grc' dir='ltr'><strong>Καὶ</strong></span> <span class='ocrx_word' id='word_1_231' title='bbox 1563 3040 1610 3090; x_wconf 78' lang='grc' dir='ltr'><strong>οἱ</strong></span> <span class='ocrx_word' id='word_1_232' title='bbox 1641 3039 1883 3092; x_wconf 79' lang='grc' dir='ltr'>Ἰουδαῖοι</span> 
     </span>
    </p>
   </div>
   <div class='ocr_carea' id='block_1_31' title="bbox 307 3133 1882 3208">
    <p class='ocr_par' dir='ltr' id='par_1_31' title="bbox 307 3133 1882 3208">
     <span class='ocr_line' id='line_1_31' title="bbox 307 3133 1882 3208; baseline -0.005 -14"><span class='ocrx_word' id='word_1_233' title='bbox 307 3140 402 3194; x_wconf 83' lang='grc' dir='ltr'><strong>οῦν</strong></span> <span class='ocrx_word' id='word_1_234' title='bbox 430 3143 494 3193; x_wconf 75' lang='grc' dir='ltr'>ὲκ</span> <span class='ocrx_word' id='word_1_235' title='bbox 543 3138 637 3190; x_wconf 90' lang='grc' dir='ltr'><strong>τοῦ</strong></span> <span class='ocrx_word' id='word_1_236' title='bbox 673 3138 810 3208; x_wconf 78' lang='grc' dir='ltr'>πρὸς</span> <span class='ocrx_word' id='word_1_237' title='bbox 854 3135 944 3187; x_wconf 82' lang='grc' dir='ltr'><strong>τὸν</strong></span> <span class='ocrx_word' id='word_1_238' title='bbox 989 3135 1152 3204; x_wconf 88' lang='grc' dir='ltr'>νόμον</span> <span class='ocrx_word' id='word_1_239' title='bbox 1198 3133 1487 3203; x_wconf 81' lang='grc' dir='ltr'>κεχηνέναι</span> <span class='ocrx_word' id='word_1_240' title='bbox 1538 3133 1882 3202; x_wconf 70' lang='grc' dir='ltr'>προσέκοψαν</span> 
     </span>
    </p>
   </div>
   <div class='ocr_carea' id='block_1_32' title="bbox 303 3224 1879 3304">
    <p class='ocr_par' dir='ltr' id='par_1_32' title="bbox 303 3224 1879 3304">
     <span class='ocr_line' id='line_1_32' title="bbox 303 3224 1879 3304; baseline -0.006 -18"><span class='ocrx_word' id='word_1_241' title='bbox 303 3235 382 3304; x_wconf 77' lang='grc' dir='ltr'><strong>τῷ</strong></span> <span class='ocrx_word' id='word_1_242' title='bbox 417 3232 656 3302; x_wconf 84' lang='grc' dir='ltr'>Χριστῷ,</span> <span class='ocrx_word' id='word_1_243' title='bbox 710 3228 1005 3291; x_wconf 81' lang='grc' dir='ltr'>τουτέστιν,</span> <span class='ocrx_word' id='word_1_244' title='bbox 1045 3225 1378 3293; x_wconf 77' lang='grc' dir='ltr'>ἠπίστησαν.</span> <span class='ocrx_word' id='word_1_245' title='bbox 1430 3224 1588 3286; x_wconf 88' lang='grc' dir='ltr'>Λίθος</span> <span class='ocrx_word' id='word_1_246' title='bbox 1617 3225 1671 3276; x_wconf 81' lang='grc' dir='ltr'><strong>δὲ</strong></span> <span class='ocrx_word' id='word_1_247' title='bbox 1710 3242 1879 3293; x_wconf 90' lang='grc' dir='ltr'>προσ-</span> 
     </span>
    </p>
   </div>
   <div class='ocr_carea' id='block_1_33' title="bbox 307 3316 1881 3396">
    <p class='ocr_par' dir='ltr' id='par_1_33' title="bbox 307 3316 1881 3396">
     <span class='ocr_line' id='line_1_33' title="bbox 307 3316 1881 3396; baseline -0.007 -17"><span class='ocrx_word' id='word_1_248' title='bbox 307 3329 615 3396; x_wconf 72' lang='grc' dir='ltr'>κόμματος,</span> <span class='ocrx_word' id='word_1_249' title='bbox 670 3324 765 3378; x_wconf 68' lang='grc' dir='ltr'>καὶ</span> <span class='ocrx_word' id='word_1_250' title='bbox 821 3322 995 3390; x_wconf 82' lang='grc' dir='ltr'>πέτρα</span> <span class='ocrx_word' id='word_1_251' title='bbox 1034 3318 1354 3379; x_wconf 80' lang='grc' dir='ltr'>σκανδάλου,</span> <span class='ocrx_word' id='word_1_252' title='bbox 1409 3317 1516 3370; x_wconf 80' lang='grc' dir='ltr'><strong>ἀπὸ</strong></span> <span class='ocrx_word' id='word_1_253' title='bbox 1559 3316 1654 3368; x_wconf 85' lang='grc' dir='ltr'><strong>τοῦ</strong></span> <span class='ocrx_word' id='word_1_254' title='bbox 1698 3318 1881 3378; x_wconf 88' lang='grc' dir='ltr'>τέλους</span> 
     </span>
    </p>
   </div>
   <div class='ocr_carea' id='block_1_34' title="bbox 305 3410 1884 3482">
    <p class='ocr_par' dir='ltr' id='par_1_34' title="bbox 305 3410 1884 3482">
     <span class='ocr_line' id='line_1_34' title="bbox 305 3410 1884 3482; baseline -0.007 -11"><span class='ocrx_word' id='word_1_255' title='bbox 305 3421 400 3472; x_wconf 73' lang='grc' dir='ltr'>καὶ</span> <span class='ocrx_word' id='word_1_256' title='bbox 431 3418 532 3482; x_wconf 83' lang='grc' dir='ltr'>τῆς</span> <span class='ocrx_word' id='word_1_257' title='bbox 584 3415 856 3475; x_wconf 78' lang='grc' dir='ltr'>ἐκϐάσεως</span> <span class='ocrx_word' id='word_1_258' title='bbox 923 3413 1032 3464; x_wconf 83' lang='grc' dir='ltr'><strong>τῶν</strong></span> <span class='ocrx_word' id='word_1_259' title='bbox 1087 3411 1506 3477; x_wconf 82' lang='grc' dir='ltr'>ἀπιστησάντων</span> <span class='ocrx_word' id='word_1_260' title='bbox 1571 3410 1884 3477; x_wconf 83' lang='grc' dir='ltr'>ὠνόμασται</span> 
     </span>
    </p>
   </div>
   <div class='ocr_carea' id='block_1_35' title="bbox 306 3500 1883 3577">
    <p class='ocr_par' dir='ltr' id='par_1_35' title="bbox 306 3500 1883 3577">
     <span class='ocr_line' id='line_1_35' title="bbox 306 3500 1883 3577; baseline -0.007 -14"><span class='ocrx_word' id='word_1_261' title='bbox 306 3512 335 3563; x_wconf 86' lang='grc' dir='ltr'>ὁ</span> <span class='ocrx_word' id='word_1_262' title='bbox 397 3508 651 3577; x_wconf 84' lang='grc' dir='ltr'>Χριστός.</span> <span class='ocrx_word' id='word_1_263' title='bbox 689 3507 860 3567; x_wconf 77' lang='grc' dir='ltr'>Αὐτὸς</span> <span class='ocrx_word' id='word_1_264' title='bbox 910 3503 1019 3573; x_wconf 74' lang='grc' dir='ltr'>γὰρ</span> <span class='ocrx_word' id='word_1_265' title='bbox 1075 3502 1196 3555; x_wconf 86' lang='grc' dir='ltr'>καθ’</span> <span class='ocrx_word' id='word_1_266' title='bbox 1256 3502 1448 3554; x_wconf 76' lang='grc' dir='ltr'>ἑαυτὸν</span> <span class='ocrx_word' id='word_1_267' title='bbox 1497 3500 1741 3568; x_wconf 81' lang='grc' dir='ltr'>θεμέλιος</span> <span class='ocrx_word' id='word_1_268' title='bbox 1794 3503 1883 3552; x_wconf 79' lang='grc' dir='ltr'><strong>καὶ</strong></span> 
     </span>
    </p>
   </div>
   <div class='ocr_carea' id='block_1_36' title="bbox 306 3591 1881 3670">
    <p class='ocr_par' dir='ltr' id='par_1_36' title="bbox 306 3591 1881 3670">
     <span class='ocr_line' id='line_1_36' title="bbox 306 3591 1881 3670; baseline -0.008 -18"><span class='ocrx_word' id='word_1_269' title='bbox 306 3601 586 3670; x_wconf 74' lang='grc' dir='ltr'>ἑδραίωμα</span> <span class='ocrx_word' id='word_1_270' title='bbox 637 3597 792 3665; x_wconf 79' lang='grc' dir='ltr'>ἐτέθη</span> <span class='ocrx_word' id='word_1_271' title='bbox 821 3613 835 3627; x_wconf 76' lang='grc' dir='ltr'><strong>ο</strong></span> <span class='ocrx_word' id='word_1_272' title='bbox 877 3595 1009 3665; x_wconf 78' lang='grc' dir='ltr'>φησὶ</span> <span class='ocrx_word' id='word_1_273' title='bbox 1055 3593 1162 3660; x_wconf 85' lang='grc' dir='ltr'>γὰρ</span> <span class='ocrx_word' id='word_1_274' title='bbox 1196 3607 1211 3622; x_wconf 89' lang='grc'><strong>·</strong></span> <span class='ocrx_word' id='word_1_275' title='bbox 1241 3594 1384 3650; x_wconf 77' lang='grc' dir='ltr'><strong>«Πᾶς</strong></span> <span class='ocrx_word' id='word_1_276' title='bbox 1425 3593 1451 3642; x_wconf 85' lang='grc' dir='ltr'><strong>ό</strong></span> <span class='ocrx_word' id='word_1_277' title='bbox 1495 3592 1763 3642; x_wconf 84' lang='grc' dir='ltr'>πιστεύων</span> <span class='ocrx_word' id='word_1_278' title='bbox 1797 3591 1881 3641; x_wconf 80' lang='grc' dir='ltr'>ἐπ’</span> 
     </span>
    </p>
   </div>
   <div class='ocr_carea' id='block_1_37' title="bbox 306 3683 1884 3761">
    <p class='ocr_par' dir='ltr' id='par_1_37' title="bbox 306 3683 1884 3761">
     <span class='ocr_line' id='line_1_37' title="bbox 306 3683 1884 3761; baseline -0.006 -17"><span class='ocrx_word' id='word_1_279' title='bbox 306 3693 456 3761; x_wconf 76' lang='grc' dir='ltr'>αὐτῷ</span> <span class='ocrx_word' id='word_1_280' title='bbox 492 3693 534 3722; x_wconf 75' lang='grc'><strong>⁸⁸</strong></span> <span class='ocrx_word' id='word_1_281' title='bbox 555 3693 613 3742; x_wconf 81' lang='grc' dir='ltr'><strong>ού</strong></span> <span class='ocrx_word' id='word_1_282' title='bbox 648 3686 1222 3756; x_wconf 78' lang='grc' dir='ltr'>καταισχυνθήσεται,›</span> <span class='ocrx_word' id='word_1_283' title='bbox 1246 3684 1350 3736; x_wconf 78' lang='grc' dir='ltr'>κᾶν</span> <span class='ocrx_word' id='word_1_284' title='bbox 1381 3684 1602 3751; x_wconf 42' lang='grc' dir='ltr'>Ἰζλλτιν,</span> <span class='ocrx_word' id='word_1_285' title='bbox 1623 3683 1723 3734; x_wconf 80' lang='grc' dir='ltr'>κᾶν</span> <span class='ocrx_word' id='word_1_286' title='bbox 1751 3686 1884 3735; x_wconf 81' lang='grc' dir='ltr'>’1ου-</span> 
     </span>
    </p>
   </div>
   <div class='ocr_carea' id='block_1_38' title="bbox 306 3776 1885 3848">
    <p class='ocr_par' dir='ltr' id='par_1_38' title="bbox 306 3776 1885 3848">
     <span class='ocr_line' id='line_1_38' title="bbox 306 3776 1885 3848; baseline -0.005 -12"><span class='ocrx_word' id='word_1_287' title='bbox 306 3787 475 3845; x_wconf 79' lang='grc' dir='ltr'>δαῖος.</span> <span class='ocrx_word' id='word_1_288' title='bbox 507 3783 666 3833; x_wconf 81' lang='grc' dir='ltr'>Ὥστε</span> <span class='ocrx_word' id='word_1_289' title='bbox 708 3783 739 3848; x_wconf 78' lang='grc' dir='ltr'>ἡ</span> <span class='ocrx_word' id='word_1_290' title='bbox 766 3780 948 3840; x_wconf 77' lang='grc' dir='ltr'>πίστις</span> <span class='ocrx_word' id='word_1_291' title='bbox 977 3778 1130 3830; x_wconf 75' lang='grc' dir='ltr'>ἐστὶν</span> <span class='ocrx_word' id='word_1_292' title='bbox 1161 3778 1192 3846; x_wconf 83' lang='grc' dir='ltr'><strong>ἠ</strong></span> <span class='ocrx_word' id='word_1_293' title='bbox 1224 3777 1284 3827; x_wconf 81' lang='grc' dir='ltr'><strong>τὸ</strong></span> <span class='ocrx_word' id='word_1_294' title='bbox 1322 3777 1428 3828; x_wconf 82' lang='grc' dir='ltr'><strong>πᾶν</strong></span> <span class='ocrx_word' id='word_1_295' title='bbox 1459 3776 1756 3844; x_wconf 78' lang='grc' dir='ltr'>ἐνεργοῦσα</span> <span class='ocrx_word' id='word_1_296' title='bbox 1793 3778 1885 3828; x_wconf 74' lang='grc' dir='ltr'>καὶ</span> 
     </span>
    </p>
   </div>
   <div class='ocr_carea' id='block_1_39' title="bbox 306 3872 992 3941">
    <p class='ocr_par' dir='ltr' id='par_1_39' title="bbox 306 3872 992 3941">
     <span class='ocr_line' id='line_1_39' title="bbox 306 3872 992 3941; baseline -0.01 -12"><span class='ocrx_word' id='word_1_297' title='bbox 306 3874 615 3936; x_wconf 74' lang='grc' dir='ltr'>δικαιοῦσα,</span> <span class='ocrx_word' id='word_1_298' title='bbox 643 3873 700 3926; x_wconf 77' lang='grc' dir='ltr'>οὺ</span> <span class='ocrx_word' id='word_1_299' title='bbox 733 3873 801 3924; x_wconf 74' lang='grc' dir='ltr'><strong>τά</strong></span> <span class='ocrx_word' id='word_1_300' title='bbox 834 3872 992 3941; x_wconf 85' lang='grc' dir='ltr'>ἔργα.</span> 
     </span>
    </p>
   </div>
   <div class='ocr_carea' id='block_1_40' title="bbox 925 3985 1275 4040">
    <p class='ocr_par' dir='ltr' id='par_1_40' title="bbox 925 3985 1275 4040">
     <span class='ocr_line' id='line_1_40' title="bbox 925 3985 1275 4040; baseline -0.014 1"><span class='ocrx_word' id='word_1_301' title='bbox 925 3986 1176 4040; x_wconf 69' lang='grc' dir='ltr'><strong>ΚΕΦΛᾹ.</strong></span> <span class='ocrx_word' id='word_1_302' title='bbox 1213 3985 1275 4037; x_wconf 88' lang='lat' dir='ltr'><strong>I&#39;.</strong></span> 
     </span>
    </p>
   </div>
   <div class='ocr_carea' id='block_1_41' title="bbox 385 4097 1881 4174">
    <p class='ocr_par' dir='ltr' id='par_1_41' title="bbox 385 4097 1881 4174">
     <span class='ocr_line' id='line_1_41' title="bbox 385 4097 1881 4174; baseline -0.009 -13"><span class='ocrx_word' id='word_1_303' title='bbox 385 4127 404 4160; x_wconf 76' lang='grc' dir='ltr'><strong>ι</strong></span> <span class='ocrx_word' id='word_1_304' title='bbox 433 4105 701 4174; x_wconf 67' lang='grc' dir='ltr'>Ἀδελφοὶ,</span> <span class='ocrx_word' id='word_1_305' title='bbox 728 4105 760 4173; x_wconf 82' lang='grc' dir='ltr'>ὴ</span> <span class='ocrx_word' id='word_1_306' title='bbox 793 4103 888 4172; x_wconf 77' lang='grc' dir='ltr'>μὲν</span> <span class='ocrx_word' id='word_1_307' title='bbox 910 4101 1129 4154; x_wconf 77' lang='grc' dir='ltr'>εὐδοκία</span> <span class='ocrx_word' id='word_1_308' title='bbox 1156 4103 1253 4170; x_wconf 85' lang='grc' dir='ltr'>τῆς</span> <span class='ocrx_word' id='word_1_309' title='bbox 1277 4099 1415 4169; x_wconf 83' lang='grc' dir='ltr'><strong>ὲμῆς</strong></span> <span class='ocrx_word' id='word_1_310' title='bbox 1450 4097 1697 4167; x_wconf 71' lang='grc' dir='ltr'>καρδίας,</span> <span class='ocrx_word' id='word_1_311' title='bbox 1743 4098 1881 4168; x_wconf 75' lang='grc' dir='ltr'>καὶὴ</span> 
     </span>
    </p>
   </div>
   <div class='ocr_carea' id='block_1_42' title="bbox 306 4191 1876 4270">
    <p class='ocr_par' dir='ltr' id='par_1_42' title="bbox 306 4191 1876 4270">
     <span class='ocr_line' id='line_1_42' title="bbox 306 4191 1876 4270; baseline -0.008 -16"><span class='ocrx_word' id='word_1_312' title='bbox 306 4203 493 4270; x_wconf 74' lang='grc' dir='ltr'>δέησις</span> <span class='ocrx_word' id='word_1_313' title='bbox 528 4201 561 4267; x_wconf 85' lang='grc' dir='ltr'><strong>ή</strong></span> <span class='ocrx_word' id='word_1_314' title='bbox 600 4198 734 4267; x_wconf 80' lang='grc' dir='ltr'>πρὸς</span> <span class='ocrx_word' id='word_1_315' title='bbox 766 4197 854 4247; x_wconf 79' lang='grc' dir='ltr'><strong>τὸν</strong></span> <span class='ocrx_word' id='word_1_316' title='bbox 883 4193 1036 4255; x_wconf 79' lang='grc' dir='ltr'>Θεὸν,</span> <span class='ocrx_word' id='word_1_317' title='bbox 1070 4195 1208 4263; x_wconf 81' lang='grc' dir='ltr'>ὑπὲρ</span> <span class='ocrx_word' id='word_1_318' title='bbox 1251 4192 1346 4244; x_wconf 87' lang='grc' dir='ltr'><strong>τοῦ</strong></span> <span class='ocrx_word' id='word_1_319' title='bbox 1381 4191 1596 4260; x_wconf 83' lang='grc' dir='ltr'>Ἰσραήλ</span> <span class='ocrx_word' id='word_1_320' title='bbox 1621 4193 1768 4244; x_wconf 83' lang='grc' dir='ltr'>ἐστιν</span> <span class='ocrx_word' id='word_1_321' title='bbox 1797 4197 1876 4250; x_wconf 80' lang='grc' dir='ltr'>εἰς</span> 
     </span>
    </p>
   </div>
   <div class='ocr_carea' id='block_1_43' title="bbox 312 4284 1883 4363">
    <p class='ocr_par' dir='ltr' id='par_1_43' title="bbox 312 4284 1883 4363">
     <span class='ocr_line' id='line_1_43' title="bbox 312 4284 1883 4363; baseline -0.008 -17"><span class='ocrx_word' id='word_1_322' title='bbox 312 4292 614 4363; x_wconf 85' lang='grc' dir='ltr'>σωτηρίαν.</span> <span class='ocrx_word' id='word_1_323' title='bbox 669 4308 686 4341; x_wconf 77' lang='grc' dir='ltr'><strong>ι</strong></span> <span class='ocrx_word' id='word_1_324' title='bbox 740 4287 958 4355; x_wconf 79' lang='grc' dir='ltr'>Ἐπειδὴ</span> <span class='ocrx_word' id='word_1_325' title='bbox 1015 4286 1200 4353; x_wconf 68' lang='grc' dir='ltr'>μέλλει</span> <span class='ocrx_word' id='word_1_326' title='bbox 1251 4285 1430 4337; x_wconf 76' lang='grc' dir='ltr'>αὐτῶν</span> <span class='ocrx_word' id='word_1_327' title='bbox 1484 4284 1883 4346; x_wconf 79' lang='grc' dir='ltr'>καθάπτεσθαι,</span> 
     </span>
    </p>
   </div>
   <div class='ocr_carea' id='block_1_44' title="bbox 307 4376 1885 4453">
    <p class='ocr_par' dir='ltr' id='par_1_44' title="bbox 307 4376 1885 4453">
     <span class='ocr_line' id='line_1_44' title="bbox 307 4376 1885 4453; baseline -0.005 -17"><span class='ocrx_word' id='word_1_328' title='bbox 307 4383 623 4453; x_wconf 81' lang='grc' dir='ltr'>προλεαίνει</span> <span class='ocrx_word' id='word_1_329' title='bbox 655 4381 722 4443; x_wconf 65' lang='grc' dir='ltr'>δ’,</span> <span class='ocrx_word' id='word_1_330' title='bbox 755 4380 829 4442; x_wconf 82' lang='grc' dir='ltr'><strong>ὡς</strong></span> <span class='ocrx_word' id='word_1_331' title='bbox 871 4379 938 4430; x_wconf 84' lang='grc' dir='ltr'>ἂν</span> <span class='ocrx_word' id='word_1_332' title='bbox 977 4378 1051 4446; x_wconf 76' lang='grc' dir='ltr'><strong>μὴ</strong></span> <span class='ocrx_word' id='word_1_333' title='bbox 1081 4377 1306 4440; x_wconf 80' lang='grc' dir='ltr'>δόξωσιν</span> <span class='ocrx_word' id='word_1_334' title='bbox 1335 4376 1500 4428; x_wconf 80' lang='grc' dir='ltr'>αὑτὸν</span> <span class='ocrx_word' id='word_1_335' title='bbox 1532 4377 1653 4427; x_wconf 87' lang='grc' dir='ltr'>κατ’</span> <span class='ocrx_word' id='word_1_336' title='bbox 1687 4377 1885 4444; x_wconf 79' lang='grc' dir='ltr'>ἔχθραν</span> 
     </span>
    </p>
   </div>
   <div class='ocr_carea' id='block_1_45' title="bbox 311 4469 1885 4540">
    <p class='ocr_par' dir='ltr' id='par_1_45' title="bbox 311 4469 1885 4540">
     <span class='ocr_line' id='line_1_45' title="bbox 311 4469 1885 4540; baseline -0.003 -16"><span class='ocrx_word' id='word_1_337' title='bbox 311 4475 520 4539; x_wconf 62' lang='grc' dir='ltr'>λέγειν,</span> <span class='ocrx_word' id='word_1_338' title='bbox 551 4472 584 4524; x_wconf 82' lang='grc' dir='ltr'><strong>ἀ</strong></span> <span class='ocrx_word' id='word_1_339' title='bbox 615 4471 798 4540; x_wconf 79' lang='grc' dir='ltr'>μέλλει</span> <span class='ocrx_word' id='word_1_340' title='bbox 847 4470 1025 4535; x_wconf 87' lang='grc' dir='ltr'>λέγειν</span> <span class='ocrx_word' id='word_1_341' title='bbox 1049 4485 1063 4498; x_wconf 87' lang='grc'><strong>·</strong></span> <span class='ocrx_word' id='word_1_342' title='bbox 1094 4469 1186 4521; x_wconf 86' lang='grc' dir='ltr'><strong>καί</strong></span> <span class='ocrx_word' id='word_1_343' title='bbox 1241 4485 1426 4536; x_wconf 80' lang='grc' dir='ltr'>φησιν,</span> <span class='ocrx_word' id='word_1_344' title='bbox 1459 4470 1540 4521; x_wconf 82' lang='grc' dir='ltr'><strong>ὅτι</strong></span> <span class='ocrx_word' id='word_1_345' title='bbox 1576 4469 1636 4519; x_wconf 83' lang='lat' dir='ltr'><strong>&#39;H</strong></span> <span class='ocrx_word' id='word_1_346' title='bbox 1673 4469 1769 4535; x_wconf 76' lang='grc' dir='ltr'>μὲν</span> <span class='ocrx_word' id='word_1_347' title='bbox 1795 4470 1885 4519; x_wconf 86' lang='grc' dir='ltr'>εύ-</span> 
     </span>
    </p>
   </div>
   <div class='ocr_carea' id='block_1_46' title="bbox 310 4560 1885 4630">
    <p class='ocr_par' dir='ltr' id='par_1_46' title="bbox 310 4560 1885 4630">
     <span class='ocr_line' id='line_1_46' title="bbox 310 4560 1885 4630; baseline -0.006 -10"><span class='ocrx_word' id='word_1_348' title='bbox 310 4568 467 4620; x_wconf 75' lang='grc' dir='ltr'>δ’)κία</span> <span class='ocrx_word' id='word_1_349' title='bbox 493 4567 558 4629; x_wconf 78' lang='grc' dir='ltr'><strong>⁸ο,</strong></span> <span class='ocrx_word' id='word_1_350' title='bbox 609 4562 911 4623; x_wconf 82' lang='grc' dir='ltr'>τουτέστιν,</span> <span class='ocrx_word' id='word_1_351' title='bbox 949 4563 980 4630; x_wconf 83' lang='grc' dir='ltr'>ή</span> <span class='ocrx_word' id='word_1_352' title='bbox 1014 4561 1230 4630; x_wconf 81' lang='grc' dir='ltr'>θέλησίς</span> <span class='ocrx_word' id='word_1_353' title='bbox 1282 4578 1406 4628; x_wconf 79' lang='grc' dir='ltr'>μου,</span> <span class='ocrx_word' id='word_1_354' title='bbox 1458 4560 1551 4613; x_wconf 76' lang='grc' dir='ltr'>καὶ</span> <span class='ocrx_word' id='word_1_355' title='bbox 1604 4561 1634 4628; x_wconf 77' lang='grc' dir='ltr'>ἡ</span> <span class='ocrx_word' id='word_1_356' title='bbox 1681 4560 1885 4627; x_wconf 69' lang='grc' dir='ltr'>σφοδρὰ</span> 
     </span>
    </p>
   </div>
   <div class='ocr_carea' id='block_1_47' title="bbox 1985 649 3558 719">
    <p class='ocr_par' dir='ltr' id='par_1_47' title="bbox 1985 649 3558 719">
     <span class='ocr_line' id='line_1_47' title="bbox 1985 649 3558 719; baseline 0.006 -21"><span class='ocrx_word' id='word_1_357' title='bbox 1985 661 2102 712; x_wconf 76' lang='lat' dir='ltr'><strong>qua:</strong></span> <span class='ocrx_word' id='word_1_358' title='bbox 2154 663 2259 701; x_wconf 90' lang='lat' dir='ltr'><strong>non</strong></span> <span class='ocrx_word' id='word_1_359' title='bbox 2326 649 2673 702; x_wconf 76' lang='lat' dir='ltr'><strong>sectabantur</strong></span> <span class='ocrx_word' id='word_1_360' title='bbox 2725 649 3014 716; x_wconf 72' lang='lat' dir='ltr'><strong>justitiam,</strong></span> <span class='ocrx_word' id='word_1_361' title='bbox 3082 651 3558 719; x_wconf 87' lang='lat' dir='ltr'><strong>apprelreuderunt</strong></span> 
     </span>
    </p>
   </div>
   <div class='ocr_carea' id='block_1_48' title="bbox 1978 738 3558 811">
    <p class='ocr_par' dir='ltr' id='par_1_48' title="bbox 1978 738 3558 811">
     <span class='ocr_line' id='line_1_48' title="bbox 1978 738 3558 811; baseline 0.003 -20"><span class='ocrx_word' id='word_1_362' title='bbox 1978 738 2268 808; x_wconf 77' lang='lat' dir='ltr'><strong>juStitiatn,</strong></span> <span class='ocrx_word' id='word_1_363' title='bbox 2297 741 2565 809; x_wconf 81' lang='lat' dir='ltr'><strong>justitiam</strong></span> <span class='ocrx_word' id='word_1_364' title='bbox 2605 751 2787 794; x_wconf 88' lang='lat' dir='ltr'><strong>autem</strong></span> <span class='ocrx_word' id='word_1_365' title='bbox 2839 757 2958 811; x_wconf 78' lang='lat' dir='ltr'><strong>qua:</strong></span> <span class='ocrx_word' id='word_1_366' title='bbox 3002 752 3174 796; x_wconf 81' lang='lat' dir='ltr'><strong>estex</strong></span> <span class='ocrx_word' id='word_1_367' title='bbox 3213 744 3354 798; x_wconf 77' lang='lat' dir='ltr'><strong>fide:</strong></span> <span class='ocrx_word' id='word_1_368' title='bbox 3393 742 3558 797; x_wconf 81' lang='lat' dir='ltr'><strong>Israel</strong></span> 
     </span>
    </p>
   </div>
   <div class='ocr_carea' id='block_1_49' title="bbox 1981 831 3555 903">
    <p class='ocr_par' dir='ltr' id='par_1_49' title="bbox 1981 831 3555 903">
     <span class='ocr_line' id='line_1_49' title="bbox 1981 831 3555 903; baseline 0.003 -19"><span class='ocrx_word' id='word_1_369' title='bbox 1981 846 2109 886; x_wconf 89' lang='lat' dir='ltr'><strong>vero</strong></span> <span class='ocrx_word' id='word_1_370' title='bbox 2140 833 2399 885; x_wconf 90' lang='lat' dir='ltr'><strong>sectando</strong></span> <span class='ocrx_word' id='word_1_371' title='bbox 2435 833 2605 899; x_wconf 86' lang='lat' dir='ltr'><strong>legem</strong></span> <span class='ocrx_word' id='word_1_372' title='bbox 2635 831 2877 900; x_wconf 64' lang='lat' dir='ltr'><strong>justitim,</strong></span> <span class='ocrx_word' id='word_1_373' title='bbox 2908 833 2957 886; x_wconf 92' lang='lat' dir='ltr'><strong>in</strong></span> <span class='ocrx_word' id='word_1_374' title='bbox 3006 833 3175 903; x_wconf 89' lang='lat' dir='ltr'><strong>legem</strong></span> <span class='ocrx_word' id='word_1_375' title='bbox 3205 833 3428 903; x_wconf 71' lang='lat' dir='ltr'><strong>justititc</strong></span> <span class='ocrx_word' id='word_1_376' title='bbox 3451 851 3555 888; x_wconf 90' lang='lat' dir='ltr'><strong>non</strong></span> 
     </span>
    </p>
   </div>
   <div class='ocr_carea' id='block_1_50' title="bbox 1981 923 3552 994">
    <p class='ocr_par' dir='ltr' id='par_1_50' title="bbox 1981 923 3552 994">
     <span class='ocr_line' id='line_1_50' title="bbox 1981 923 3552 994; baseline 0 -16"><span class='ocrx_word' id='word_1_377' title='bbox 1981 924 2244 994; x_wconf 79' lang='lat' dir='ltr'><strong>pervenit.</strong></span> <span class='ocrx_word' id='word_1_378' title='bbox 2280 941 2297 974; x_wconf 77' lang='grc' dir='ltr'><strong>ι</strong></span> <span class='ocrx_word' id='word_1_379' title='bbox 2351 923 2760 991; x_wconf 85' lang='lat' dir='ltr'><strong>Apertissimam</strong></span> <span class='ocrx_word' id='word_1_380' title='bbox 2806 925 2892 978; x_wconf 92' lang='lat' dir='ltr'><strong>hic</strong></span> <span class='ocrx_word' id='word_1_381' title='bbox 2935 923 3253 979; x_wconf 85' lang='lat' dir='ltr'><strong>dilutiouem</strong></span> <span class='ocrx_word' id='word_1_382' title='bbox 3312 925 3552 987; x_wconf 86' lang='lat' dir='ltr'><strong>adducit,</strong></span> 
     </span>
    </p>
   </div>
   <div class='ocr_carea' id='block_1_51' title="bbox 1981 1015 3530 1085">
    <p class='ocr_par' dir='ltr' id='par_1_51' title="bbox 1981 1015 3530 1085">
     <span class='ocr_line' id='line_1_51' title="bbox 1981 1015 3530 1085; baseline -0.003 -13"><span class='ocrx_word' id='word_1_383' title='bbox 1981 1017 2274 1072; x_wconf 85' lang='lat' dir='ltr'><strong>ostendens</strong></span> <span class='ocrx_word' id='word_1_384' title='bbox 2307 1017 2448 1070; x_wconf 91' lang='lat' dir='ltr'><strong>unde</strong></span> <span class='ocrx_word' id='word_1_385' title='bbox 2477 1025 2662 1085; x_wconf 87' lang='lat' dir='ltr'><strong>gentes</strong></span> <span class='ocrx_word' id='word_1_386' title='bbox 2694 1017 2909 1085; x_wconf 81' lang='lat' dir='ltr'><strong>quidem</strong></span> <span class='ocrx_word' id='word_1_387' title='bbox 2941 1016 3047 1069; x_wconf 92' lang='lat' dir='ltr'><strong>sint</strong></span> <span class='ocrx_word' id='word_1_388' title='bbox 3078 1027 3384 1083; x_wconf 75' lang='lat' dir='ltr'><strong>assumptze,</strong></span> <span class='ocrx_word' id='word_1_389' title='bbox 3422 1015 3530 1070; x_wconf 89' lang='lat' dir='ltr'><strong>lsra</strong></span> 
     </span>
    </p>
   </div>
   <div class='ocr_carea' id='block_1_52' title="bbox 1982 1111 3556 1179">
    <p class='ocr_par' dir='ltr' id='par_1_52' title="bbox 1982 1111 3556 1179">
     <span class='ocr_line' id='line_1_52' title="bbox 1982 1111 3556 1179; baseline -0.003 -14"><span class='ocrx_word' id='word_1_390' title='bbox 1982 1112 2123 1165; x_wconf 73' lang='lat' dir='ltr'><strong>elita:</strong></span> <span class='ocrx_word' id='word_1_391' title='bbox 2151 1125 2278 1164; x_wconf 88' lang='lat' dir='ltr'><strong>vero</strong></span> <span class='ocrx_word' id='word_1_392' title='bbox 2310 1111 2510 1178; x_wconf 86' lang='lat' dir='ltr'><strong>repulsi</strong></span> <span class='ocrx_word' id='word_1_393' title='bbox 2539 1129 2551 1164; x_wconf 94' lang='lat'>:</span> <span class='ocrx_word' id='word_1_394' title='bbox 2586 1111 2810 1174; x_wconf 86' lang='lat' dir='ltr'><strong>Gentes,</strong></span> <span class='ocrx_word' id='word_1_395' title='bbox 2850 1111 3122 1178; x_wconf 90' lang='lat' dir='ltr'><strong>iuquiens,</strong></span> <span class='ocrx_word' id='word_1_396' title='bbox 3164 1127 3226 1165; x_wconf 82' lang='lat' dir='ltr'><strong>ex</strong></span> <span class='ocrx_word' id='word_1_397' title='bbox 3271 1113 3372 1166; x_wconf 80' lang='lat' dir='ltr'><strong>ﬁde</strong></span> <span class='ocrx_word' id='word_1_398' title='bbox 3398 1112 3556 1179; x_wconf 84' lang='lat' dir='ltr'><strong>justi-</strong></span> 
     </span>
    </p>
   </div>
   <div class='ocr_carea' id='block_1_53' title="bbox 1983 1201 3554 1269">
    <p class='ocr_par' dir='ltr' id='par_1_53' title="bbox 1983 1201 3554 1269">
     <span class='ocr_line' id='line_1_53' title="bbox 1983 1201 3554 1269; baseline -0.002 -11"><span class='ocrx_word' id='word_1_399' title='bbox 1983 1205 2110 1259; x_wconf 86' lang='lat' dir='ltr'><strong>tiam</strong></span> <span class='ocrx_word' id='word_1_400' title='bbox 2162 1212 2425 1264; x_wconf 90' lang='lat' dir='ltr'><strong>tenentes,</strong></span> <span class='ocrx_word' id='word_1_401' title='bbox 2482 1218 2663 1257; x_wconf 84' lang='lat' dir='ltr'><strong>revera</strong></span> <span class='ocrx_word' id='word_1_402' title='bbox 2695 1213 2820 1258; x_wconf 91' lang='lat' dir='ltr'><strong>sunt</strong></span> <span class='ocrx_word' id='word_1_403' title='bbox 2875 1201 3239 1269; x_wconf 76' lang='lat' dir='ltr'><strong>justilicatte:</strong></span> <span class='ocrx_word' id='word_1_404' title='bbox 3303 1202 3554 1255; x_wconf 71' lang='lat' dir='ltr'><strong>lsraelitre</strong></span> 
     </span>
    </p>
   </div>
   <div class='ocr_carea' id='block_1_54' title="bbox 1983 1297 3554 1367">
    <p class='ocr_par' dir='ltr' id='par_1_54' title="bbox 1983 1297 3554 1367">
     <span class='ocr_line' id='line_1_54' title="bbox 1983 1297 3554 1367; baseline -0.001 -18"><span class='ocrx_word' id='word_1_405' title='bbox 1983 1314 2108 1353; x_wconf 78' lang='lat' dir='ltr'><strong>vero</strong></span> <span class='ocrx_word' id='word_1_406' title='bbox 2135 1299 2305 1367; x_wconf 90' lang='lat' dir='ltr'><strong>legem</strong></span> <span class='ocrx_word' id='word_1_407' title='bbox 2337 1297 2578 1366; x_wconf 62' lang='lat' dir='ltr'><strong>justitiae,</strong></span> <span class='ocrx_word' id='word_1_408' title='bbox 2620 1297 2722 1351; x_wconf 90' lang='lat' dir='ltr'><strong>hoc</strong></span> <span class='ocrx_word' id='word_1_409' title='bbox 2760 1307 2863 1359; x_wconf 87' lang='lat' dir='ltr'><strong>est,</strong></span> <span class='ocrx_word' id='word_1_410' title='bbox 2915 1312 3031 1365; x_wconf 70' lang='lat' dir='ltr'><strong>qure</strong></span> <span class='ocrx_word' id='word_1_411' title='bbox 3061 1307 3142 1350; x_wconf 89' lang='lat' dir='ltr'><strong>est</strong></span> <span class='ocrx_word' id='word_1_412' title='bbox 3187 1312 3249 1351; x_wconf 81' lang='lat' dir='ltr'><strong>ex</strong></span> <span class='ocrx_word' id='word_1_413' title='bbox 3277 1298 3554 1364; x_wconf 91' lang='lat' dir='ltr'><strong>operibus,</strong></span> 
     </span>
    </p>
   </div>
   <div class='ocr_carea' id='block_1_55' title="bbox 1984 1387 3554 1460">
    <p class='ocr_par' dir='ltr' id='par_1_55' title="bbox 1984 1387 3554 1460">
     <span class='ocr_line' id='line_1_55' title="bbox 1984 1387 3554 1460; baseline -0.004 -14"><span class='ocrx_word' id='word_1_414' title='bbox 1984 1403 2365 1460; x_wconf 89' lang='lat' dir='ltr'><strong>persequentes</strong></span> <span class='ocrx_word' id='word_1_415' title='bbox 2408 1399 2462 1443; x_wconf 90' lang='lat' dir='ltr'><strong>et</strong></span> <span class='ocrx_word' id='word_1_416' title='bbox 2500 1401 2825 1458; x_wconf 66' lang='lat' dir='ltr'><strong>quaerentes,</strong></span> <span class='ocrx_word' id='word_1_417' title='bbox 2856 1391 2918 1441; x_wconf 87' lang='lat' dir='ltr'><strong>ad</strong></span> <span class='ocrx_word' id='word_1_418' title='bbox 2969 1387 3411 1458; x_wconf 82' lang='lat' dir='ltr'><strong>justiﬁcationem</strong></span> <span class='ocrx_word' id='word_1_419' title='bbox 3451 1403 3554 1441; x_wconf 91' lang='lat' dir='ltr'><strong>non</strong></span> 
     </span>
    </p>
   </div>
   <div class='ocr_carea' id='block_1_56' title="bbox 1983 1480 3556 1554">
    <p class='ocr_par' dir='ltr' id='par_1_56' title="bbox 1983 1480 3556 1554">
     <span class='ocr_line' id='line_1_56' title="bbox 1983 1480 3556 1554; baseline -0.004 -15"><span class='ocrx_word' id='word_1_420' title='bbox 1983 1494 2362 1553; x_wconf 80' lang='lat' dir='ltr'><strong>pervenerunt.</strong></span> <span class='ocrx_word' id='word_1_421' title='bbox 2397 1483 2530 1538; x_wconf 78' lang='lat' dir='ltr'><strong>Nam</strong></span> <span class='ocrx_word' id='word_1_422' title='bbox 2579 1484 2659 1537; x_wconf 85' lang='lat' dir='ltr'><strong>lex</strong></span> <span class='ocrx_word' id='word_1_423' title='bbox 2692 1499 2812 1554; x_wconf 84' lang='lat' dir='ltr'><strong>quae</strong></span> <span class='ocrx_word' id='word_1_424' title='bbox 2862 1499 2925 1537; x_wconf 80' lang='lat' dir='ltr'><strong>ex</strong></span> <span class='ocrx_word' id='word_1_425' title='bbox 2967 1483 3221 1552; x_wconf 82' lang='lat' dir='ltr'><strong>operibus</strong></span> <span class='ocrx_word' id='word_1_426' title='bbox 3250 1480 3556 1544; x_wconf 86' lang='lat' dir='ltr'><strong>constabat,</strong></span> 
     </span>
    </p>
   </div>
   <div class='ocr_carea' id='block_1_57' title="bbox 1979 1577 2664 1646">
    <p class='ocr_par' dir='ltr' id='par_1_57' title="bbox 1979 1577 2664 1646">
     <span class='ocr_line' id='line_1_57' title="bbox 1979 1577 2664 1646; baseline 0 -16"><span class='ocrx_word' id='word_1_427' title='bbox 1979 1577 2272 1646; x_wconf 88' lang='lat' dir='ltr'><strong>justiticare</strong></span> <span class='ocrx_word' id='word_1_428' title='bbox 2301 1594 2404 1631; x_wconf 91' lang='lat' dir='ltr'><strong>non</strong></span> <span class='ocrx_word' id='word_1_429' title='bbox 2434 1590 2664 1645; x_wconf 85' lang='lat' dir='ltr'><strong>poterat.</strong></span> 
     </span>
    </p>
   </div>
   <div class='ocr_carea' id='block_1_58' title="bbox 2057 1663 3554 1734">
    <p class='ocr_par' dir='ltr' id='par_1_58' title="bbox 2057 1663 3554 1734">
     <span class='ocr_line' id='line_1_58' title="bbox 2057 1663 3554 1734; baseline -0.007 -10"><span class='ocrx_word' id='word_1_430' title='bbox 2057 1671 2217 1724; x_wconf 70' lang='lat' dir='ltr'><strong>Vens.</strong></span> <span class='ocrx_word' id='word_1_431' title='bbox 2254 1671 2341 1723; x_wconf 74' lang='lat'><strong>3:2.</strong></span> <span class='ocrx_word' id='word_1_432' title='bbox 2386 1688 2403 1718; x_wconf 79' lang='grc' dir='ltr'><strong>ι</strong></span> <span class='ocrx_word' id='word_1_433' title='bbox 2451 1670 2671 1734; x_wconf 89' lang='lat' dir='ltr'><strong>Quare?</strong></span> <span class='ocrx_word' id='word_1_434' title='bbox 2702 1668 2835 1733; x_wconf 86' lang='lat' dir='ltr'><strong>Quia</strong></span> <span class='ocrx_word' id='word_1_435' title='bbox 2869 1682 2974 1722; x_wconf 92' lang='lat' dir='ltr'><strong>non</strong></span> <span class='ocrx_word' id='word_1_436' title='bbox 3013 1683 3077 1722; x_wconf 75' lang='lat' dir='ltr'><strong>ex</strong></span> <span class='ocrx_word' id='word_1_437' title='bbox 3121 1665 3244 1729; x_wconf 88' lang='lat' dir='ltr'><strong>lide,</strong></span> <span class='ocrx_word' id='word_1_438' title='bbox 3276 1665 3369 1719; x_wconf 91' lang='lat' dir='ltr'><strong>sed</strong></span> <span class='ocrx_word' id='word_1_439' title='bbox 3402 1663 3554 1731; x_wconf 86' lang='lat' dir='ltr'><strong>quasi</strong></span> 
     </span>
    </p>
   </div>
   <div class='ocr_carea' id='block_1_59' title="bbox 1982 1755 3556 1832">
    <p class='ocr_par' dir='ltr' id='par_1_59' title="bbox 1982 1755 3556 1832">
     <span class='ocr_line' id='line_1_59' title="bbox 1982 1755 3556 1832; baseline -0.005 -16"><span class='ocrx_word' id='word_1_440' title='bbox 1982 1779 2043 1816; x_wconf 79' lang='lat' dir='ltr'><strong>ex</strong></span> <span class='ocrx_word' id='word_1_441' title='bbox 2095 1762 2346 1832; x_wconf 88' lang='lat' dir='ltr'><strong>operibus</strong></span> <span class='ocrx_word' id='word_1_442' title='bbox 2396 1762 2548 1827; x_wconf 82' lang='lat' dir='ltr'><strong>legis.</strong></span> <span class='ocrx_word' id='word_1_443' title='bbox 2587 1779 2602 1810; x_wconf 77' lang='grc' dir='ltr'><strong>ι</strong></span> <span class='ocrx_word' id='word_1_444' title='bbox 2661 1759 3044 1820; x_wconf 74' lang='lat' dir='ltr'><strong>Pet‘coutaris,</strong></span> <span class='ocrx_word' id='word_1_445' title='bbox 3107 1759 3245 1812; x_wconf 90' lang='lat' dir='ltr'><strong>unde</strong></span> <span class='ocrx_word' id='word_1_446' title='bbox 3299 1755 3556 1810; x_wconf 70' lang='lat' dir='ltr'><strong>Israelita:</strong></span> 
     </span>
    </p>
   </div>
   <div class='ocr_carea' id='block_1_60' title="bbox 1984 1847 3556 1918">
    <p class='ocr_par' dir='ltr' id='par_1_60' title="bbox 1984 1847 3556 1918">
     <span class='ocr_line' id='line_1_60' title="bbox 1984 1847 3556 1918; baseline -0.006 -12"><span class='ocrx_word' id='word_1_447' title='bbox 1984 1852 2280 1906; x_wconf 78' lang='lat' dir='ltr'><strong>exciderint</strong></span> <span class='ocrx_word' id='word_1_448' title='bbox 2317 1867 2344 1903; x_wconf 91' lang='lat' dir='ltr'><strong>a</strong></span> <span class='ocrx_word' id='word_1_449' title='bbox 2377 1850 2785 1918; x_wconf 87' lang='lat' dir='ltr'><strong>justilicatione,</strong></span> <span class='ocrx_word' id='word_1_450' title='bbox 2815 1849 3029 1902; x_wconf 86' lang='lat' dir='ltr'><strong>etiamsi</strong></span> <span class='ocrx_word' id='word_1_451' title='bbox 3057 1849 3224 1900; x_wconf 88' lang='lat' dir='ltr'><strong>multa</strong></span> <span class='ocrx_word' id='word_1_452' title='bbox 3259 1847 3366 1900; x_wconf 86' lang='lat' dir='ltr'><strong>sint</strong></span> <span class='ocrx_word' id='word_1_453' title='bbox 3393 1859 3556 1898; x_wconf 88' lang='lat' dir='ltr'><strong>cona-</strong></span> 
     </span>
    </p>
   </div>
   <div class='ocr_carea' id='block_1_61' title="bbox 1987 1939 3556 2012">
    <p class='ocr_par' dir='ltr' id='par_1_61' title="bbox 1987 1939 3556 2012">
     <span class='ocr_line' id='line_1_61' title="bbox 1987 1939 3556 2012; baseline -0.004 -14"><span class='ocrx_word' id='word_1_454' title='bbox 1987 1946 2068 1998; x_wconf 85' lang='lat' dir='ltr'><strong>ti?</strong></span> <span class='ocrx_word' id='word_1_455' title='bbox 2099 1944 2345 2007; x_wconf 85' lang='lat' dir='ltr'><strong>Noveris,</strong></span> <span class='ocrx_word' id='word_1_456' title='bbox 2380 1944 2570 2012; x_wconf 87' lang='lat' dir='ltr'><strong>inquit,</strong></span> <span class='ocrx_word' id='word_1_457' title='bbox 2601 1944 2742 2011; x_wconf 91' lang='lat' dir='ltr'><strong>quod</strong></span> <span class='ocrx_word' id='word_1_458' title='bbox 2781 1960 2798 1992; x_wconf 79' lang='grc' dir='ltr'><strong>ι</strong></span> <span class='ocrx_word' id='word_1_459' title='bbox 2827 1957 2931 1995; x_wconf 88' lang='lat' dir='ltr'><strong>non</strong></span> <span class='ocrx_word' id='word_1_460' title='bbox 2964 1956 3027 1995; x_wconf 78' lang='lat' dir='ltr'><strong>ex</strong></span> <span class='ocrx_word' id='word_1_461' title='bbox 3060 1939 3162 1995; x_wconf 82' lang='lat' dir='ltr'><strong>ﬁde</strong></span> <span class='ocrx_word' id='word_1_462' title='bbox 3192 1958 3210 1991; x_wconf 76' lang='grc' dir='ltr'><strong>ι</strong></span> <span class='ocrx_word' id='word_1_463' title='bbox 3242 1939 3556 2006; x_wconf 69' lang='grc' dir='ltr'>(ιυιει-εὺειιι</span> 
     </span>
    </p>
   </div>
   <div class='ocr_carea' id='block_1_62' title="bbox 1979 2030 3555 2106">
    <p class='ocr_par' dir='ltr' id='par_1_62' title="bbox 1979 2030 3555 2106">
     <span class='ocr_line' id='line_1_62' title="bbox 1979 2030 3555 2106; baseline -0.004 -18"><span class='ocrx_word' id='word_1_464' title='bbox 1979 2036 2283 2106; x_wconf 80' lang='lat' dir='ltr'><strong>justificari,</strong></span> <span class='ocrx_word' id='word_1_465' title='bbox 2330 2055 2346 2086; x_wconf 79' lang='grc' dir='ltr'><strong>ι</strong></span> <span class='ocrx_word' id='word_1_466' title='bbox 2389 2036 2479 2088; x_wconf 91' lang='lat' dir='ltr'><strong>sed</strong></span> <span class='ocrx_word' id='word_1_467' title='bbox 2527 2036 2679 2102; x_wconf 86' lang='lat' dir='ltr'><strong>quasi</strong></span> <span class='ocrx_word' id='word_1_468' title='bbox 2732 2050 2795 2086; x_wconf 78' lang='lat' dir='ltr'><strong>ex</strong></span> <span class='ocrx_word' id='word_1_469' title='bbox 2834 2032 3088 2098; x_wconf 85' lang='lat' dir='ltr'><strong>Operibtts</strong></span> <span class='ocrx_word' id='word_1_470' title='bbox 3136 2031 3290 2101; x_wconf 86' lang='lat' dir='ltr'><strong>legis.</strong></span> <span class='ocrx_word' id='word_1_471' title='bbox 3334 2049 3352 2082; x_wconf 79' lang='grc' dir='ltr'><strong>ι</strong></span> <span class='ocrx_word' id='word_1_472' title='bbox 3394 2030 3555 2098; x_wconf 86' lang='lat' dir='ltr'><strong>Atqui</strong></span> 
     </span>
    </p>
   </div>
   <div class='ocr_carea' id='block_1_63' title="bbox 1982 2123 3554 2196">
    <p class='ocr_par' dir='ltr' id='par_1_63' title="bbox 1982 2123 3554 2196">
     <span class='ocr_line' id='line_1_63' title="bbox 1982 2123 3554 2196; baseline -0.005 -12"><span class='ocrx_word' id='word_1_473' title='bbox 1982 2148 2049 2184; x_wconf 83' lang='lat' dir='ltr'><strong>ex</strong></span> <span class='ocrx_word' id='word_1_474' title='bbox 2080 2130 2331 2193; x_wconf 89' lang='lat' dir='ltr'><strong>operibus</strong></span> <span class='ocrx_word' id='word_1_475' title='bbox 2379 2128 2510 2196; x_wconf 80' lang='lat' dir='ltr'><strong>legis</strong></span> <span class='ocrx_word' id='word_1_476' title='bbox 2561 2141 2662 2178; x_wconf 88' lang='lat' dir='ltr'><strong>non</strong></span> <span class='ocrx_word' id='word_1_477' title='bbox 2716 2125 3103 2193; x_wconf 84' lang='lat' dir='ltr'><strong>justiticabitur</strong></span> <span class='ocrx_word' id='word_1_478' title='bbox 3148 2123 3324 2177; x_wconf 88' lang='lat' dir='ltr'><strong>omnis</strong></span> <span class='ocrx_word' id='word_1_479' title='bbox 3351 2136 3479 2175; x_wconf 91' lang='lat' dir='ltr'><strong>caro</strong></span> <span class='ocrx_word' id='word_1_480' title='bbox 3505 2131 3554 2176; x_wconf 68' lang='grc' dir='ltr'><strong>τι.</strong></span> 
     </span>
    </p>
   </div>
   <div class='ocr_carea' id='block_1_64' title="bbox 1982 2213 3553 2287">
    <p class='ocr_par' dir='ltr' id='par_1_64' title="bbox 1982 2213 3553 2287">
     <span class='ocr_line' id='line_1_64' title="bbox 1982 2213 3553 2287; baseline -0.004 -11"><span class='ocrx_word' id='word_1_481' title='bbox 1982 2221 2219 2277; x_wconf 84' lang='lat' dir='ltr'><strong>Observa</strong></span> <span class='ocrx_word' id='word_1_482' title='bbox 2256 2230 2430 2272; x_wconf 89' lang='lat' dir='ltr'><strong>autem</strong></span> <span class='ocrx_word' id='word_1_483' title='bbox 2461 2217 2602 2286; x_wconf 89' lang='lat' dir='ltr'><strong>quod</strong></span> <span class='ocrx_word' id='word_1_484' title='bbox 2635 2233 2736 2269; x_wconf 92' lang='lat' dir='ltr'><strong>non</strong></span> <span class='ocrx_word' id='word_1_485' title='bbox 2766 2217 2995 2280; x_wconf 81' lang='lat' dir='ltr'><strong>dixerit,</strong></span> <span class='ocrx_word' id='word_1_486' title='bbox 3036 2213 3144 2287; x_wconf 67' lang='grc'><strong>74</strong></span> <span class='ocrx_word' id='word_1_487' title='bbox 3175 2215 3250 2268; x_wconf 79' lang='lat' dir='ltr'><strong>Ex</strong></span> <span class='ocrx_word' id='word_1_488' title='bbox 3281 2215 3553 2284; x_wconf 87' lang='lat' dir='ltr'><strong>operibus,</strong></span> 
     </span>
    </p>
   </div>
   <div class='ocr_carea' id='block_1_65' title="bbox 1983 2307 3555 2378">
    <p class='ocr_par' dir='ltr' id='par_1_65' title="bbox 1983 2307 3555 2378">
     <span class='ocr_line' id='line_1_65' title="bbox 1983 2307 3555 2378; baseline -0.007 -9"><span class='ocrx_word' id='word_1_489' title='bbox 1983 2316 2096 2377; x_wconf 91' lang='lat' dir='ltr'><strong>sed,</strong></span> <span class='ocrx_word' id='word_1_490' title='bbox 2131 2332 2149 2364; x_wconf 81' lang='grc' dir='ltr'><strong>ι</strong></span> <span class='ocrx_word' id='word_1_491' title='bbox 2189 2312 2348 2378; x_wconf 75' lang='lat' dir='ltr'><strong>Quasi</strong></span> <span class='ocrx_word' id='word_1_492' title='bbox 2382 2325 2448 2364; x_wconf 82' lang='lat' dir='ltr'><strong>ex</strong></span> <span class='ocrx_word' id='word_1_493' title='bbox 2490 2309 2764 2376; x_wconf 84' lang='lat' dir='ltr'><strong>operibus.</strong></span> <span class='ocrx_word' id='word_1_494' title='bbox 2809 2326 2826 2358; x_wconf 78' lang='grc' dir='ltr'><strong>ι</strong></span> <span class='ocrx_word' id='word_1_495' title='bbox 2867 2317 2922 2360; x_wconf 93' lang='lat' dir='ltr'><strong>ut</strong></span> <span class='ocrx_word' id='word_1_496' title='bbox 2973 2307 3223 2361; x_wconf 87' lang='lat' dir='ltr'><strong>ostendat</strong></span> <span class='ocrx_word' id='word_1_497' title='bbox 3253 2307 3399 2375; x_wconf 90' lang='lat' dir='ltr'><strong>quod</strong></span> <span class='ocrx_word' id='word_1_498' title='bbox 3448 2321 3555 2360; x_wconf 91' lang='lat' dir='ltr'><strong>non</strong></span> 
     </span>
    </p>
   </div>
   <div class='ocr_carea' id='block_1_66' title="bbox 1982 2399 3559 2471">
    <p class='ocr_par' dir='ltr' id='par_1_66' title="bbox 1982 2399 3559 2471">
     <span class='ocr_line' id='line_1_66' title="bbox 1982 2399 3559 2471; baseline -0.006 -9"><span class='ocrx_word' id='word_1_499' title='bbox 1982 2407 2128 2462; x_wconf 84' lang='lat' dir='ltr'><strong>serio</strong></span> <span class='ocrx_word' id='word_1_500' title='bbox 2174 2406 2280 2460; x_wconf 91' lang='lat' dir='ltr'><strong>sint</strong></span> <span class='ocrx_word' id='word_1_501' title='bbox 2310 2418 2534 2471; x_wconf 91' lang='lat' dir='ltr'><strong>operum</strong></span> <span class='ocrx_word' id='word_1_502' title='bbox 2577 2403 2701 2456; x_wconf 89' lang='lat' dir='ltr'><strong>tacti</strong></span> <span class='ocrx_word' id='word_1_503' title='bbox 2732 2416 2881 2463; x_wconf 89' lang='lat' dir='ltr'><strong>cura,</strong></span> <span class='ocrx_word' id='word_1_504' title='bbox 2915 2401 3009 2454; x_wconf 88' lang='lat' dir='ltr'><strong>sed</strong></span> <span class='ocrx_word' id='word_1_505' title='bbox 3037 2399 3380 2454; x_wconf 82' lang='lat' dir='ltr'><strong>simulatione</strong></span> <span class='ocrx_word' id='word_1_506' title='bbox 3408 2413 3559 2467; x_wconf 87' lang='lat' dir='ltr'><strong>qna-</strong></span> 
     </span>
    </p>
   </div>
   <div class='ocr_carea' id='block_1_67' title="bbox 1983 2495 2507 2564">
    <p class='ocr_par' dir='ltr' id='par_1_67' title="bbox 1983 2495 2507 2564">
     <span class='ocr_line' id='line_1_67' title="bbox 1983 2495 2507 2564; baseline -0.002 -14"><span class='ocrx_word' id='word_1_507' title='bbox 1983 2499 2102 2550; x_wconf 85' lang='lat' dir='ltr'><strong>dam</strong></span> <span class='ocrx_word' id='word_1_508' title='bbox 2133 2507 2186 2551; x_wconf 88' lang='lat' dir='ltr'><strong>et</strong></span> <span class='ocrx_word' id='word_1_509' title='bbox 2216 2495 2507 2564; x_wconf 88' lang='lat' dir='ltr'><strong>hypocrisi.</strong></span> 
     </span>
    </p>
   </div>
   <div class='ocr_carea' id='block_1_68' title="bbox 2055 2578 3558 2648">
    <p class='ocr_par' dir='ltr' id='par_1_68' title="bbox 2055 2578 3558 2648">
     <span class='ocr_line' id='line_1_68' title="bbox 2055 2578 3558 2648; baseline -0.006 -6"><span class='ocrx_word' id='word_1_510' title='bbox 2055 2588 2216 2642; x_wconf 74' lang='lat' dir='ltr'><strong>Vens.</strong></span> <span class='ocrx_word' id='word_1_511' title='bbox 2259 2587 2348 2640; x_wconf 77' lang='grc'><strong>55.</strong></span> <span class='ocrx_word' id='word_1_512' title='bbox 2392 2604 2408 2637; x_wconf 82' lang='grc' dir='ltr'><strong>ι</strong></span> <span class='ocrx_word' id='word_1_513' title='bbox 2447 2584 2798 2639; x_wconf 74' lang='lat' dir='ltr'><strong>Oﬁenderunt</strong></span> <span class='ocrx_word' id='word_1_514' title='bbox 2843 2581 2986 2636; x_wconf 88' lang='lat' dir='ltr'><strong>enim</strong></span> <span class='ocrx_word' id='word_1_515' title='bbox 3022 2582 3074 2636; x_wconf 94' lang='lat' dir='ltr'><strong>in</strong></span> <span class='ocrx_word' id='word_1_516' title='bbox 3121 2580 3351 2648; x_wconf 89' lang='lat' dir='ltr'><strong>lapidem</strong></span> <span class='ocrx_word' id='word_1_517' title='bbox 3385 2578 3558 2634; x_wconf 73' lang='lat' dir='ltr'><strong>oﬂen-</strong></span> 
     </span>
    </p>
   </div>
   <div class='ocr_carea' id='block_1_69' title="bbox 1984 2671 3557 2745">
    <p class='ocr_par' dir='ltr' id='par_1_69' title="bbox 1984 2671 3557 2745">
     <span class='ocr_line' id='line_1_69' title="bbox 1984 2671 3557 2745; baseline -0.008 -9"><span class='ocrx_word' id='word_1_518' title='bbox 1984 2681 2178 2743; x_wconf 86' lang='lat' dir='ltr'><strong>sionis,</strong></span> <span class='ocrx_word' id='word_1_519' title='bbox 2215 2681 2358 2733; x_wconf 88' lang='lat' dir='ltr'><strong>sicut</strong></span> <span class='ocrx_word' id='word_1_520' title='bbox 2398 2677 2658 2745; x_wconf 90' lang='lat' dir='ltr'><strong>scriptum</strong></span> <span class='ocrx_word' id='word_1_521' title='bbox 2696 2685 2815 2728; x_wconf 87' lang='lat' dir='ltr'><strong>est:</strong></span> <span class='ocrx_word' id='word_1_522' title='bbox 2855 2675 2989 2728; x_wconf 71' lang='lat' dir='ltr'><strong>licce</strong></span> <span class='ocrx_word' id='word_1_523' title='bbox 3015 2688 3154 2740; x_wconf 86' lang='lat' dir='ltr'><strong>pono</strong></span> <span class='ocrx_word' id='word_1_524' title='bbox 3191 2674 3242 2726; x_wconf 92' lang='lat' dir='ltr'><strong>in</strong></span> <span class='ocrx_word' id='word_1_525' title='bbox 3273 2672 3399 2726; x_wconf 87' lang='lat' dir='ltr'><strong>Sion</strong></span> <span class='ocrx_word' id='word_1_526' title='bbox 3423 2671 3557 2740; x_wconf 86' lang='lat' dir='ltr'><strong>lapi-</strong></span> 
     </span>
    </p>
   </div>
   <div class='ocr_carea' id='block_1_70' title="bbox 1984 2763 3556 2835">
    <p class='ocr_par' dir='ltr' id='par_1_70' title="bbox 1984 2763 3556 2835">
     <span class='ocr_line' id='line_1_70' title="bbox 1984 2763 3556 2835; baseline -0.006 -10"><span class='ocrx_word' id='word_1_527' title='bbox 1984 2774 2102 2826; x_wconf 89' lang='lat' dir='ltr'><strong>dem</strong></span> <span class='ocrx_word' id='word_1_528' title='bbox 2139 2769 2480 2833; x_wconf 78' lang='lat' dir='ltr'><strong>oll&#39;ensionis,</strong></span> <span class='ocrx_word' id='word_1_529' title='bbox 2521 2779 2573 2822; x_wconf 87' lang='lat' dir='ltr'><strong>et</strong></span> <span class='ocrx_word' id='word_1_530' title='bbox 2622 2776 2827 2835; x_wconf 86' lang='lat' dir='ltr'><strong>petram</strong></span> <span class='ocrx_word' id='word_1_531' title='bbox 2866 2765 3104 2818; x_wconf 89' lang='lat' dir='ltr'><strong>scandali</strong></span> <span class='ocrx_word' id='word_1_532' title='bbox 3131 2804 3146 2830; x_wconf 90' lang='lat'><strong>,</strong></span> <span class='ocrx_word' id='word_1_533' title='bbox 3175 2773 3230 2817; x_wconf 92' lang='lat' dir='ltr'><strong>et</strong></span> <span class='ocrx_word' id='word_1_534' title='bbox 3261 2763 3441 2817; x_wconf 89' lang='lat' dir='ltr'><strong>omnis</strong></span> <span class='ocrx_word' id='word_1_535' title='bbox 3466 2764 3556 2830; x_wconf 87' lang='lat' dir='ltr'><strong>qni</strong></span> 
     </span>
    </p>
   </div>
   <div class='ocr_carea' id='block_1_71' title="bbox 1984 2855 3559 2926">
    <p class='ocr_par' dir='ltr' id='par_1_71' title="bbox 1984 2855 3559 2926">
     <span class='ocr_line' id='line_1_71' title="bbox 1984 2855 3559 2926; baseline -0.008 -6"><span class='ocrx_word' id='word_1_536' title='bbox 1984 2867 2156 2920; x_wconf 84' lang='lat' dir='ltr'><strong>credit</strong></span> <span class='ocrx_word' id='word_1_537' title='bbox 2189 2865 2243 2917; x_wconf 91' lang='lat' dir='ltr'><strong>in</strong></span> <span class='ocrx_word' id='word_1_538' title='bbox 2275 2879 2419 2925; x_wconf 88' lang='lat' dir='ltr'><strong>eum,</strong></span> <span class='ocrx_word' id='word_1_539' title='bbox 2456 2877 2559 2915; x_wconf 88' lang='lat' dir='ltr'><strong>non</strong></span> <span class='ocrx_word' id='word_1_540' title='bbox 2608 2859 3030 2916; x_wconf 68' lang='lat' dir='ltr'><strong>confundetur&#39;.</strong></span> <span class='ocrx_word' id='word_1_541' title='bbox 3069 2879 3086 2911; x_wconf 77' lang='grc' dir='ltr'><strong>ι</strong></span> <span class='ocrx_word' id='word_1_542' title='bbox 3150 2857 3250 2924; x_wconf 88' lang='lat' dir='ltr'><strong>Qui</strong></span> <span class='ocrx_word' id='word_1_543' title='bbox 3284 2855 3559 2926; x_wconf 83' lang='lat' dir='ltr'><strong>impingit,</strong></span> 
     </span>
    </p>
   </div>
   <div class='ocr_carea' id='block_1_72' title="bbox 1985 2947 3557 3029">
    <p class='ocr_par' dir='ltr' id='par_1_72' title="bbox 1985 2947 3557 3029">
     <span class='ocr_line' id='line_1_72' title="bbox 1985 2947 3557 3029; baseline -0.007 -17"><span class='ocrx_word' id='word_1_544' title='bbox 1985 2969 2267 3029; x_wconf 85' lang='lat' dir='ltr'><strong>propterea</strong></span> <span class='ocrx_word' id='word_1_545' title='bbox 2296 2957 2579 3026; x_wconf 89' lang='lat' dir='ltr'><strong>impingit,</strong></span> <span class='ocrx_word' id='word_1_546' title='bbox 2615 2955 2754 3022; x_wconf 84' lang='lat' dir='ltr'><strong>quod</strong></span> <span class='ocrx_word' id='word_1_547' title='bbox 2803 2954 2921 3007; x_wconf 89' lang='lat' dir='ltr'><strong>aliis</strong></span> <span class='ocrx_word' id='word_1_548' title='bbox 2951 2953 3139 3015; x_wconf 87' lang='lat' dir='ltr'><strong>inhiet,</strong></span> <span class='ocrx_word' id='word_1_549' title='bbox 3174 2966 3278 3005; x_wconf 91' lang='lat' dir='ltr'><strong>non</strong></span> <span class='ocrx_word' id='word_1_550' title='bbox 3313 2947 3557 3003; x_wconf 86' lang='lat' dir='ltr'><strong>animad-</strong></span> 
     </span>
    </p>
   </div>
   <div class='ocr_carea' id='block_1_73' title="bbox 1986 3042 3558 3118">
    <p class='ocr_par' dir='ltr' id='par_1_73' title="bbox 1986 3042 3558 3118">
     <span class='ocr_line' id='line_1_73' title="bbox 1986 3042 3558 3118; baseline -0.006 -13"><span class='ocrx_word' id='word_1_551' title='bbox 1986 3065 2202 3106; x_wconf 90' lang='lat' dir='ltr'><strong>vertens</strong></span> <span class='ocrx_word' id='word_1_552' title='bbox 2227 3051 2355 3118; x_wconf 91' lang='lat' dir='ltr'><strong>quid</strong></span> <span class='ocrx_word' id='word_1_553' title='bbox 2392 3049 2616 3117; x_wconf 78' lang='lat' dir='ltr'><strong>pedibus</strong></span> <span class='ocrx_word' id='word_1_554' title='bbox 2650 3050 2718 3101; x_wconf 90' lang='lat' dir='ltr'><strong>sit</strong></span> <span class='ocrx_word' id='word_1_555' title='bbox 2754 3047 2985 3101; x_wconf 89' lang='lat' dir='ltr'><strong>obvium.</strong></span> <span class='ocrx_word' id='word_1_556' title='bbox 3027 3043 3195 3100; x_wconf 67' lang='lat' dir='ltr'><strong>Judaei</strong></span> <span class='ocrx_word' id='word_1_557' title='bbox 3236 3046 3416 3110; x_wconf 75' lang='lat' dir='ltr'><strong>itaque</strong></span> <span class='ocrx_word' id='word_1_558' title='bbox 3456 3042 3558 3110; x_wconf 85' lang='lat' dir='ltr'><strong>legi</strong></span> 
     </span>
    </p>
   </div>
   <div class='ocr_carea' id='block_1_74' title="bbox 1987 3135 3559 3208">
    <p class='ocr_par' dir='ltr' id='par_1_74' title="bbox 1987 3135 3559 3208">
     <span class='ocr_line' id='line_1_74' title="bbox 1987 3135 3559 3208; baseline -0.008 -9"><span class='ocrx_word' id='word_1_559' title='bbox 1987 3146 2276 3206; x_wconf 86' lang='lat' dir='ltr'><strong>inhiantes,</strong></span> <span class='ocrx_word' id='word_1_560' title='bbox 2320 3143 2370 3196; x_wconf 93' lang='lat' dir='ltr'><strong>in</strong></span> <span class='ocrx_word' id='word_1_561' title='bbox 2400 3141 2675 3195; x_wconf 81' lang='lat' dir='ltr'><strong>Christum</strong></span> <span class='ocrx_word' id='word_1_562' title='bbox 2710 3141 3069 3208; x_wconf 87' lang='lat' dir='ltr'><strong>impegerunt,</strong></span> <span class='ocrx_word' id='word_1_563' title='bbox 3096 3140 3146 3192; x_wconf 89' lang='lat' dir='ltr'><strong>id</strong></span> <span class='ocrx_word' id='word_1_564' title='bbox 3197 3135 3559 3192; x_wconf 90' lang='lat' dir='ltr'><strong>estincreduli</strong></span> 
     </span>
    </p>
   </div>
   <div class='ocr_carea' id='block_1_75' title="bbox 1989 3231 3562 3302">
    <p class='ocr_par' dir='ltr' id='par_1_75' title="bbox 1989 3231 3562 3302">
     <span class='ocr_line' id='line_1_75' title="bbox 1989 3231 3562 3302; baseline -0.006 -11"><span class='ocrx_word' id='word_1_565' title='bbox 1989 3238 2223 3291; x_wconf 82' lang='lat' dir='ltr'><strong>fuerunt.</strong></span> <span class='ocrx_word' id='word_1_566' title='bbox 2270 3253 2286 3286; x_wconf 89' lang='grc'>‹</span> <span class='ocrx_word' id='word_1_567' title='bbox 2331 3234 2490 3302; x_wconf 87' lang='lat' dir='ltr'><strong>Lapis</strong></span> <span class='ocrx_word' id='word_1_568' title='bbox 2522 3244 2698 3286; x_wconf 87' lang='lat' dir='ltr'><strong>autem</strong></span> <span class='ocrx_word' id='word_1_569' title='bbox 2752 3231 3068 3286; x_wconf 78' lang='lat' dir='ltr'><strong>oll&#39;ensionis</strong></span> <span class='ocrx_word' id='word_1_570' title='bbox 3105 3241 3160 3284; x_wconf 90' lang='lat' dir='ltr'><strong>et</strong></span> <span class='ocrx_word' id='word_1_571' title='bbox 3204 3240 3353 3299; x_wconf 84' lang='lat' dir='ltr'><strong>petra</strong></span> <span class='ocrx_word' id='word_1_572' title='bbox 3405 3243 3562 3282; x_wconf 83' lang='lat' dir='ltr'><strong>scan-</strong></span> 
     </span>
    </p>
   </div>
   <div class='ocr_carea' id='block_1_76' title="bbox 1989 3320 3559 3392">
    <p class='ocr_par' dir='ltr' id='par_1_76' title="bbox 1989 3320 3559 3392">
     <span class='ocr_line' id='line_1_76' title="bbox 1989 3320 3559 3392; baseline -0.006 -13"><span class='ocrx_word' id='word_1_573' title='bbox 1989 3329 2118 3390; x_wconf 88' lang='lat' dir='ltr'><strong>dali,</strong></span> <span class='ocrx_word' id='word_1_574' title='bbox 2151 3346 2169 3379; x_wconf 79' lang='grc' dir='ltr'><strong>ι</strong></span> <span class='ocrx_word' id='word_1_575' title='bbox 2202 3343 2229 3380; x_wconf 90' lang='lat' dir='ltr'><strong>a</strong></span> <span class='ocrx_word' id='word_1_576' title='bbox 2269 3327 2374 3380; x_wconf 78' lang='lat' dir='ltr'><strong>line</strong></span> <span class='ocrx_word' id='word_1_577' title='bbox 2408 3337 2461 3379; x_wconf 92' lang='lat' dir='ltr'><strong>et</strong></span> <span class='ocrx_word' id='word_1_578' title='bbox 2493 3334 2684 3379; x_wconf 90' lang='lat' dir='ltr'><strong>eventu</strong></span> <span class='ocrx_word' id='word_1_579' title='bbox 2721 3338 2905 3377; x_wconf 90' lang='lat' dir='ltr'><strong>eorum</strong></span> <span class='ocrx_word' id='word_1_580' title='bbox 2941 3322 3031 3392; x_wconf 93' lang='lat' dir='ltr'><strong>qui</strong></span> <span class='ocrx_word' id='word_1_581' title='bbox 3062 3337 3166 3376; x_wconf 91' lang='lat' dir='ltr'><strong>non</strong></span> <span class='ocrx_word' id='word_1_582' title='bbox 3193 3320 3559 3382; x_wconf 89' lang='lat' dir='ltr'><strong>crediderunt,</strong></span> 
     </span>
    </p>
   </div>
   <div class='ocr_carea' id='block_1_77' title="bbox 1989 3411 3558 3487">
    <p class='ocr_par' dir='ltr' id='par_1_77' title="bbox 1989 3411 3558 3487">
     <span class='ocr_line' id='line_1_77' title="bbox 1989 3411 3558 3487; baseline -0.006 -13"><span class='ocrx_word' id='word_1_583' title='bbox 1989 3421 2234 3474; x_wconf 88' lang='lat' dir='ltr'><strong>Christus</strong></span> <span class='ocrx_word' id='word_1_584' title='bbox 2283 3419 2593 3472; x_wconf 91' lang='lat' dir='ltr'><strong>nominatus</strong></span> <span class='ocrx_word' id='word_1_585' title='bbox 2632 3424 2734 3472; x_wconf 92' lang='lat' dir='ltr'><strong>est.</strong></span> <span class='ocrx_word' id='word_1_586' title='bbox 2779 3415 2895 3487; x_wconf 90' lang='lat' dir='ltr'><strong>Ipse</strong></span> <span class='ocrx_word' id='word_1_587' title='bbox 2953 3416 3096 3471; x_wconf 87' lang='lat' dir='ltr'><strong>enim</strong></span> <span class='ocrx_word' id='word_1_588' title='bbox 3152 3411 3558 3466; x_wconf 79' lang='lat' dir='ltr'><strong>fundamentum</strong></span> 
     </span>
    </p>
   </div>
   <div class='ocr_carea' id='block_1_78' title="bbox 1987 3502 3562 3579">
    <p class='ocr_par' dir='ltr' id='par_1_78' title="bbox 1987 3502 3562 3579">
     <span class='ocr_line' id='line_1_78' title="bbox 1987 3502 3562 3579; baseline -0.006 -13"><span class='ocrx_word' id='word_1_589' title='bbox 1987 3513 2243 3579; x_wconf 86' lang='lat' dir='ltr'><strong>basisque</strong></span> <span class='ocrx_word' id='word_1_590' title='bbox 2279 3511 2483 3578; x_wconf 88' lang='lat' dir='ltr'><strong>positus</strong></span> <span class='ocrx_word' id='word_1_591' title='bbox 2511 3521 2596 3565; x_wconf 90' lang='lat' dir='ltr'><strong>est</strong></span> <span class='ocrx_word' id='word_1_592' title='bbox 2625 3529 2636 3564; x_wconf 93' lang='lat'>:</span> <span class='ocrx_word' id='word_1_593' title='bbox 2681 3512 2752 3564; x_wconf 90' lang='lat' dir='ltr'><strong>ait</strong></span> <span class='ocrx_word' id='word_1_594' title='bbox 2784 3511 2926 3560; x_wconf 91' lang='lat' dir='ltr'><strong>cnim</strong></span> <span class='ocrx_word' id='word_1_595' title='bbox 2953 3523 2966 3560; x_wconf 90' lang='lat'>:</span> <span class='ocrx_word' id='word_1_596' title='bbox 3001 3524 3019 3557; x_wconf 78' lang='grc' dir='ltr'><strong>ι</strong></span> <span class='ocrx_word' id='word_1_597' title='bbox 3057 3504 3246 3559; x_wconf 89' lang='lat' dir='ltr'><strong>Omnis</strong></span> <span class='ocrx_word' id='word_1_598' title='bbox 3275 3506 3366 3573; x_wconf 88' lang='lat' dir='ltr'><strong>qui</strong></span> <span class='ocrx_word' id='word_1_599' title='bbox 3394 3502 3562 3558; x_wconf 89' lang='lat' dir='ltr'><strong>credit</strong></span> 
     </span>
    </p>
   </div>
   <div class='ocr_carea' id='block_1_79' title="bbox 1989 3597 3558 3670">
    <p class='ocr_par' dir='ltr' id='par_1_79' title="bbox 1989 3597 3558 3670">
     <span class='ocr_line' id='line_1_79' title="bbox 1989 3597 3558 3670; baseline -0.002 -17"><span class='ocrx_word' id='word_1_600' title='bbox 1989 3606 2039 3655; x_wconf 91' lang='lat' dir='ltr'><strong>in</strong></span> <span class='ocrx_word' id='word_1_601' title='bbox 2081 3617 2224 3662; x_wconf 91' lang='lat' dir='ltr'><strong>eum,</strong></span> <span class='ocrx_word' id='word_1_602' title='bbox 2257 3617 2362 3654; x_wconf 76' lang='lat' dir='ltr'><strong>non.</strong></span> <span class='ocrx_word' id='word_1_603' title='bbox 2394 3602 2650 3670; x_wconf 79' lang='lat' dir='ltr'><strong>pudeﬁet,</strong></span> <span class='ocrx_word' id='word_1_604' title='bbox 2698 3619 2716 3652; x_wconf 74' lang='grc' dir='ltr'><strong>ι</strong></span> <span class='ocrx_word' id='word_1_605' title='bbox 2763 3603 2875 3654; x_wconf 83' lang='lat' dir='ltr'><strong>sive</strong></span> <span class='ocrx_word' id='word_1_606' title='bbox 2901 3597 3144 3661; x_wconf 74' lang='lat' dir='ltr'><strong>Grtecus,</strong></span> <span class='ocrx_word' id='word_1_607' title='bbox 3176 3598 3290 3653; x_wconf 83' lang='lat' dir='ltr'><strong>sive</strong></span> <span class='ocrx_word' id='word_1_608' title='bbox 3321 3597 3558 3651; x_wconf 76' lang='lat' dir='ltr'><strong>Judtens.</strong></span> 
     </span>
    </p>
   </div>
   <div class='ocr_carea' id='block_1_80' title="bbox 1989 3692 3557 3764">
    <p class='ocr_par' dir='ltr' id='par_1_80' title="bbox 1989 3692 3557 3764">
     <span class='ocr_line' id='line_1_80' title="bbox 1989 3692 3557 3764; baseline -0.003 -16"><span class='ocrx_word' id='word_1_609' title='bbox 1989 3696 2220 3749; x_wconf 82' lang='lat' dir='ltr'><strong>Proinde</strong></span> <span class='ocrx_word' id='word_1_610' title='bbox 2271 3697 2405 3748; x_wconf 55' lang='lat' dir='ltr'><strong>titles</strong></span> <span class='ocrx_word' id='word_1_611' title='bbox 2442 3705 2523 3749; x_wconf 86' lang='lat' dir='ltr'><strong>est</strong></span> <span class='ocrx_word' id='word_1_612' title='bbox 2557 3710 2674 3764; x_wconf 76' lang='lat' dir='ltr'><strong>qua:</strong></span> <span class='ocrx_word' id='word_1_613' title='bbox 2715 3693 2894 3747; x_wconf 86' lang='lat' dir='ltr'><strong>omnia</strong></span> <span class='ocrx_word' id='word_1_614' title='bbox 2946 3693 3124 3758; x_wconf 82' lang='lat' dir='ltr'><strong>eﬂicit,</strong></span> <span class='ocrx_word' id='word_1_615' title='bbox 3176 3702 3226 3748; x_wconf 90' lang='lat' dir='ltr'><strong>et</strong></span> <span class='ocrx_word' id='word_1_616' title='bbox 3277 3692 3557 3761; x_wconf 86' lang='lat' dir='ltr'><strong>justiﬁcat,</strong></span> 
     </span>
    </p>
   </div>
   <div class='ocr_carea' id='block_1_81' title="bbox 1989 3805 2311 3858">
    <p class='ocr_par' dir='ltr' id='par_1_81' title="bbox 1989 3805 2311 3858">
     <span class='ocr_line' id='line_1_81' title="bbox 1989 3805 2311 3858; baseline -0.003 -16"><span class='ocrx_word' id='word_1_617' title='bbox 1989 3805 2093 3844; x_wconf 86' lang='lat' dir='ltr'><strong>non</strong></span> <span class='ocrx_word' id='word_1_618' title='bbox 2129 3805 2311 3858; x_wconf 82' lang='lat' dir='ltr'><strong>opera.</strong></span> 
     </span>
    </p>
   </div>
   <div class='ocr_carea' id='block_1_82' title="bbox 2611 3991 2944 4047">
    <p class='ocr_par' dir='ltr' id='par_1_82' title="bbox 2611 3991 2944 4047">
     <span class='ocr_line' id='line_1_82' title="bbox 2611 3991 2944 4047; baseline -0.006 0"><span class='ocrx_word' id='word_1_619' title='bbox 2611 3991 2836 4047; x_wconf 76' lang='lat' dir='ltr'><strong>CAPUT</strong></span> <span class='ocrx_word' id='word_1_620' title='bbox 2878 3993 2944 4046; x_wconf 76' lang='grc' dir='ltr'><strong>Χ.</strong></span> 
     </span>
    </p>
   </div>
   <div class='ocr_carea' id='block_1_83' title="bbox 2066 4102 3563 4168">
    <p class='ocr_par' dir='ltr' id='par_1_83' title="bbox 2066 4102 3563 4168">
     <span class='ocr_line' id='line_1_83' title="bbox 2066 4102 3563 4168; baseline -0.005 -6"><span class='ocrx_word' id='word_1_621' title='bbox 2066 4108 2227 4162; x_wconf 72' lang='lat' dir='ltr'><strong>Vens.</strong></span> <span class='ocrx_word' id='word_1_622' title='bbox 2266 4109 2314 4161; x_wconf 75' lang='grc' dir='ltr'>ί.</span> <span class='ocrx_word' id='word_1_623' title='bbox 2360 4126 2376 4158; x_wconf 79' lang='grc' dir='ltr'><strong>ι</strong></span> <span class='ocrx_word' id='word_1_624' title='bbox 2417 4108 2657 4168; x_wconf 63' lang='grc' dir='ltr'><strong>Μίδα-εδ,</strong></span> <span class='ocrx_word' id='word_1_625' title='bbox 2692 4107 2938 4160; x_wconf 79' lang='lat' dir='ltr'><strong>voluntas</strong></span> <span class='ocrx_word' id='word_1_626' title='bbox 2967 4104 3146 4158; x_wconf 83' lang='lat' dir='ltr'><strong>cordis</strong></span> <span class='ocrx_word' id='word_1_627' title='bbox 3178 4102 3304 4165; x_wconf 87' lang='lat' dir='ltr'><strong>mei,</strong></span> <span class='ocrx_word' id='word_1_628' title='bbox 3333 4113 3380 4156; x_wconf 93' lang='lat' dir='ltr'><strong>et</strong></span> <span class='ocrx_word' id='word_1_629' title='bbox 3413 4103 3563 4154; x_wconf 79' lang='lat' dir='ltr'><strong>obse-</strong></span> 
     </span>
    </p>
   </div>
   <div class='ocr_carea' id='block_1_84' title="bbox 1988 4193 3559 4267">
    <p class='ocr_par' dir='ltr' id='par_1_84' title="bbox 1988 4193 3559 4267">
     <span class='ocr_line' id='line_1_84' title="bbox 1988 4193 3559 4267; baseline -0.006 -13"><span class='ocrx_word' id='word_1_630' title='bbox 1988 4203 2159 4255; x_wconf 82' lang='lat' dir='ltr'><strong>cratio</strong></span> <span class='ocrx_word' id='word_1_631' title='bbox 2191 4202 2255 4255; x_wconf 89' lang='lat' dir='ltr'><strong>ad</strong></span> <span class='ocrx_word' id='word_1_632' title='bbox 2288 4201 2449 4252; x_wconf 80' lang='lat' dir='ltr'><strong>Deum</strong></span> <span class='ocrx_word' id='word_1_633' title='bbox 2489 4202 2547 4250; x_wconf 85' lang='lat' dir='ltr'><strong>lit</strong></span> <span class='ocrx_word' id='word_1_634' title='bbox 2597 4214 2694 4267; x_wconf 85' lang='lat' dir='ltr'><strong>pro</strong></span> <span class='ocrx_word' id='word_1_635' title='bbox 2730 4197 2931 4252; x_wconf 86' lang='lat' dir='ltr'><strong>lsraele</strong></span> <span class='ocrx_word' id='word_1_636' title='bbox 2969 4197 3033 4250; x_wconf 88' lang='lat' dir='ltr'><strong>ad</strong></span> <span class='ocrx_word' id='word_1_637' title='bbox 3086 4196 3330 4249; x_wconf 79' lang='lat' dir='ltr'><strong>salutem.</strong></span> <span class='ocrx_word' id='word_1_638' title='bbox 3367 4213 3385 4244; x_wconf 70' lang='grc' dir='ltr'><strong>ι</strong></span> <span class='ocrx_word' id='word_1_639' title='bbox 3425 4193 3559 4258; x_wconf 87' lang='lat' dir='ltr'><strong>Quia</strong></span> 
     </span>
    </p>
   </div>
   <div class='ocr_carea' id='block_1_85' title="bbox 1990 4285 3561 4362">
    <p class='ocr_par' dir='ltr' id='par_1_85' title="bbox 1990 4285 3561 4362">
     <span class='ocr_line' id='line_1_85' title="bbox 1990 4285 3561 4362; baseline -0.007 -15"><span class='ocrx_word' id='word_1_640' title='bbox 1990 4297 2380 4362; x_wconf 74' lang='lat' dir='ltr'><strong>perstricturus</strong></span> <span class='ocrx_word' id='word_1_641' title='bbox 2406 4301 2489 4346; x_wconf 88' lang='lat' dir='ltr'><strong>est</strong></span> <span class='ocrx_word' id='word_1_642' title='bbox 2511 4306 2626 4354; x_wconf 86' lang='lat' dir='ltr'><strong>ens,</strong></span> <span class='ocrx_word' id='word_1_643' title='bbox 2663 4291 2770 4343; x_wconf 89' lang='lat' dir='ltr'><strong>leni</strong></span> <span class='ocrx_word' id='word_1_644' title='bbox 2806 4290 3027 4344; x_wconf 81' lang='lat' dir='ltr'><strong>exordio</strong></span> <span class='ocrx_word' id='word_1_645' title='bbox 3051 4289 3240 4349; x_wconf 86' lang='lat' dir='ltr'><strong>utitur,</strong></span> <span class='ocrx_word' id='word_1_646' title='bbox 3279 4302 3343 4340; x_wconf 91' lang='lat' dir='ltr'><strong>ne</strong></span> <span class='ocrx_word' id='word_1_647' title='bbox 3374 4285 3561 4340; x_wconf 82' lang='lat' dir='ltr'><strong>existi-</strong></span> 
     </span>
    </p>
   </div>
   <div class='ocr_carea' id='block_1_86' title="bbox 1991 4378 3560 4454">
    <p class='ocr_par' dir='ltr' id='par_1_86' title="bbox 1991 4378 3560 4454">
     <span class='ocr_line' id='line_1_86' title="bbox 1991 4378 3560 4454; baseline -0.008 -16"><span class='ocrx_word' id='word_1_648' title='bbox 1991 4396 2136 4438; x_wconf 83' lang='lat' dir='ltr'><strong>ment</strong></span> <span class='ocrx_word' id='word_1_649' title='bbox 2172 4386 2341 4454; x_wconf 87' lang='lat' dir='ltr'><strong>ipsum</strong></span> <span class='ocrx_word' id='word_1_650' title='bbox 2369 4399 2433 4436; x_wconf 79' lang='lat' dir='ltr'><strong>ex</strong></span> <span class='ocrx_word' id='word_1_651' title='bbox 2470 4383 2594 4436; x_wconf 87' lang='lat' dir='ltr'><strong>odio</strong></span> <span class='ocrx_word' id='word_1_652' title='bbox 2622 4382 2802 4435; x_wconf 82' lang='lat' dir='ltr'><strong>dicere</strong></span> <span class='ocrx_word' id='word_1_653' title='bbox 2823 4397 2940 4447; x_wconf 70' lang='lat' dir='ltr'><strong>qua:</strong></span> <span class='ocrx_word' id='word_1_654' title='bbox 2971 4381 3214 4432; x_wconf 88' lang='lat' dir='ltr'><strong>dicturus</strong></span> <span class='ocrx_word' id='word_1_655' title='bbox 3243 4387 3347 4440; x_wconf 86' lang='lat' dir='ltr'><strong>est,</strong></span> <span class='ocrx_word' id='word_1_656' title='bbox 3381 4385 3436 4430; x_wconf 90' lang='lat' dir='ltr'><strong>et</strong></span> <span class='ocrx_word' id='word_1_657' title='bbox 3463 4378 3560 4437; x_wconf 87' lang='lat' dir='ltr'><strong>ait,</strong></span> 
     </span>
    </p>
   </div>
   <div class='ocr_carea' id='block_1_87' title="bbox 1992 4470 3563 4536">
    <p class='ocr_par' dir='ltr' id='par_1_87' title="bbox 1992 4470 3563 4536">
     <span class='ocr_line' id='line_1_87' title="bbox 1992 4470 3563 4536; baseline -0.005 -6"><span class='ocrx_word' id='word_1_658' title='bbox 1992 4477 2242 4536; x_wconf 77' lang='grc' dir='ltr'>Εῦδοκία,</span> <span class='ocrx_word' id='word_1_659' title='bbox 2269 4477 2316 4527; x_wconf 93' lang='lat' dir='ltr'><strong>id</strong></span> <span class='ocrx_word' id='word_1_660' title='bbox 2347 4485 2447 4536; x_wconf 89' lang='lat' dir='ltr'><strong>est,</strong></span> <span class='ocrx_word' id='word_1_661' title='bbox 2478 4476 2728 4527; x_wconf 68' lang='lat' dir='ltr'><strong>voluntas</strong></span> <span class='ocrx_word' id='word_1_662' title='bbox 2770 4487 2890 4525; x_wconf 88' lang='lat' dir='ltr'><strong>mea</strong></span> <span class='ocrx_word' id='word_1_663' title='bbox 2935 4483 2988 4523; x_wconf 92' lang='lat' dir='ltr'><strong>et</strong></span> <span class='ocrx_word' id='word_1_664' title='bbox 3023 4471 3313 4523; x_wconf 84' lang='lat' dir='ltr'><strong>vehemens</strong></span> <span class='ocrx_word' id='word_1_665' title='bbox 3353 4470 3563 4523; x_wconf 83' lang='lat' dir='ltr'><strong>deside-</strong></span> 
     </span>
    </p>
   </div>
   <div class='ocr_carea' id='block_1_88' title="bbox 1993 4561 3558 4631">
    <p class='ocr_par' dir='ltr' id='par_1_88' title="bbox 1993 4561 3558 4631">
     <span class='ocr_line' id='line_1_88' title="bbox 1993 4561 3558 4631; baseline -0.007 -8"><span class='ocrx_word' id='word_1_666' title='bbox 1993 4571 2152 4631; x_wconf 86' lang='lat' dir='ltr'><strong>riutn,</strong></span> <span class='ocrx_word' id='word_1_667' title='bbox 2212 4580 2262 4621; x_wconf 90' lang='lat' dir='ltr'><strong>et</strong></span> <span class='ocrx_word' id='word_1_668' title='bbox 2295 4584 2399 4621; x_wconf 91' lang='lat' dir='ltr'><strong>non</strong></span> <span class='ocrx_word' id='word_1_669' title='bbox 2444 4567 2616 4620; x_wconf 86' lang='lat' dir='ltr'><strong>solum</strong></span> <span class='ocrx_word' id='word_1_670' title='bbox 2667 4566 2787 4626; x_wconf 91' lang='lat' dir='ltr'><strong>hoc,</strong></span> <span class='ocrx_word' id='word_1_671' title='bbox 2843 4564 3198 4616; x_wconf 84' lang='lat' dir='ltr'><strong>veruutetiam</strong></span> <span class='ocrx_word' id='word_1_672' title='bbox 3232 4561 3558 4622; x_wconf 79' lang='lat' dir='ltr'><strong>obsecratio,</strong></span> 
     </span>
    </p>
   </div>
   <div class='ocr_carea' id='block_1_89' title="bbox 310 4651 2002 4730">
    <p class='ocr_par' dir='ltr' id='par_1_89' title="bbox 310 4651 1999 4730">
     <span class='ocr_line' id='line_1_89' title="bbox 310 4651 1999 4730; baseline -0.005 -20"><span class='ocrx_word' id='word_1_673' title='bbox 310 4657 579 4724; x_wconf 70' lang='grc' dir='ltr'>ἐπιθυμία</span> <span class='ocrx_word' id='word_1_674' title='bbox 601 4672 614 4684; x_wconf 73' lang='grc' dir='ltr'><strong>ο</strong></span> <span class='ocrx_word' id='word_1_675' title='bbox 652 4657 745 4706; x_wconf 66' lang='grc' dir='ltr'>καὶ</span> <span class='ocrx_word' id='word_1_676' title='bbox 771 4655 828 4706; x_wconf 81' lang='grc' dir='ltr'><strong>οὐ</strong></span> <span class='ocrx_word' id='word_1_677' title='bbox 881 4660 1040 4722; x_wconf 79' lang='grc' dir='ltr'>μόνον</span> <span class='ocrx_word' id='word_1_678' title='bbox 1078 4651 1259 4716; x_wconf 84' lang='grc' dir='ltr'>τοῦτο,</span> <span class='ocrx_word' id='word_1_679' title='bbox 1294 4652 1430 4703; x_wconf 87' lang='grc' dir='ltr'><strong>ἀλλά</strong></span> <span class='ocrx_word' id='word_1_680' title='bbox 1458 4652 1552 4702; x_wconf 71' lang='grc' dir='ltr'><strong>καὶ</strong></span> <span class='ocrx_word' id='word_1_681' title='bbox 1606 4653 1636 4719; x_wconf 84' lang='grc' dir='ltr'>ἠ</span> <span class='ocrx_word' id='word_1_682' title='bbox 1674 4653 1876 4720; x_wconf 78' lang='grc' dir='ltr'>δέησις,</span> <span class='ocrx_word' id='word_1_683' title='bbox 1908 4659 1959 4717; x_wconf 88' lang='grc' dir='ltr'>Ῑ)</span> <span class='ocrx_word' id='word_1_684' title='bbox 1988 4680 1999 4730; x_wconf 72' lang='grc' dir='ltr'><strong>Ι</strong></span> 
     </span>
    </p>
   </div>
   <div class='ocr_carea' id='block_1_90' title="bbox 1863 4651 3555 4730">
    <p class='ocr_par' dir='ltr' id='par_1_90' title="bbox 1863 4655 3555 4730">
     <span class='ocr_line' id='line_1_90' title="bbox 1863 4655 3555 4730; baseline -0.007 -16"><span class='ocrx_word' id='word_1_685' title='bbox 1863 4693 1876 4714; x_wconf 74' lang='grc' dir='ltr'><strong>ν</strong></span> <span class='ocrx_word' id='word_1_686' title='bbox 1908 4659 1959 4717; x_wconf 93' lang='lat' dir='ltr'>D</span> <span class='ocrx_word' id='word_1_687' title='bbox 1988 4677 2080 4730; x_wconf 82' lang='lat' dir='ltr'><strong>pro</strong></span> <span class='ocrx_word' id='word_1_688' title='bbox 2116 4661 2262 4713; x_wconf 85' lang='lat' dir='ltr'><strong>vobis</strong></span> <span class='ocrx_word' id='word_1_689' title='bbox 2305 4669 2426 4713; x_wconf 90' lang='lat' dir='ltr'><strong>est:</strong></span> <span class='ocrx_word' id='word_1_690' title='bbox 2468 4675 2570 4712; x_wconf 92' lang='lat' dir='ltr'><strong>non</strong></span> <span class='ocrx_word' id='word_1_691' title='bbox 2621 4668 2830 4710; x_wconf 89' lang='lat' dir='ltr'><strong>tantum</strong></span> <span class='ocrx_word' id='word_1_692' title='bbox 2885 4667 2941 4709; x_wconf 89' lang='lat' dir='ltr'><strong>ut</strong></span> <span class='ocrx_word' id='word_1_693' title='bbox 2978 4673 3005 4708; x_wconf 85' lang='lat' dir='ltr'><strong>a</strong></span> <span class='ocrx_word' id='word_1_694' title='bbox 3035 4671 3189 4724; x_wconf 68' lang='lat' dir='ltr'><strong>paena</strong></span> <span class='ocrx_word' id='word_1_695' title='bbox 3227 4655 3555 4717; x_wconf 81' lang='lat' dir='ltr'><strong>liberetnini,</strong></span> 
     </span>
    </p>
   </div>
   <div class='ocr_carea' id='block_1_91' title="bbox 312 4743 1880 4818">
    <p class='ocr_par' dir='ltr' id='par_1_91' title="bbox 312 4743 1880 4818">
     <span class='ocr_line' id='line_1_91' title="bbox 312 4743 1880 4818; baseline -0.004 -18"><span class='ocrx_word' id='word_1_696' title='bbox 312 4749 456 4818; x_wconf 81' lang='grc' dir='ltr'>ὑπὲρ</span> <span class='ocrx_word' id='word_1_697' title='bbox 491 4747 642 4815; x_wconf 78' lang='grc' dir='ltr'>ὑμῶν</span> <span class='ocrx_word' id='word_1_698' title='bbox 681 4749 826 4797; x_wconf 79' lang='grc' dir='ltr'>ἐστιν</span> <span class='ocrx_word' id='word_1_699' title='bbox 845 4763 857 4774; x_wconf 89' lang='grc'><strong>·</strong></span> <span class='ocrx_word' id='word_1_700' title='bbox 892 4746 988 4814; x_wconf 76' lang='grc' dir='ltr'><strong>οὐχ</strong></span> <span class='ocrx_word' id='word_1_701' title='bbox 1012 4746 1096 4796; x_wconf 85' lang='grc' dir='ltr'>ἶνα</span> <span class='ocrx_word' id='word_1_702' title='bbox 1115 4744 1467 4812; x_wconf 74' lang='grc' dir='ltr'>ἀπαλλαγῆτέ</span> <span class='ocrx_word' id='word_1_703' title='bbox 1490 4744 1585 4810; x_wconf 80' lang='grc' dir='ltr'><strong>τῆς</strong></span> <span class='ocrx_word' id='word_1_704' title='bbox 1609 4743 1880 4804; x_wconf 86' lang='grc' dir='ltr'>κολάσεως</span> 
     </span>
    </p>
   </div>
   <div class='ocr_carea' id='block_1_92' title="bbox 314 4833 1882 4910">
    <p class='ocr_par' dir='ltr' id='par_1_92' title="bbox 314 4833 1882 4910">
     <span class='ocr_line' id='line_1_92' title="bbox 314 4833 1882 4910; baseline -0.002 -19"><span class='ocrx_word' id='word_1_705' title='bbox 314 4843 496 4910; x_wconf 71' lang='grc' dir='ltr'>μόνον,</span> <span class='ocrx_word' id='word_1_706' title='bbox 522 4840 656 4891; x_wconf 86' lang='grc' dir='ltr'><strong>ἀλλά</strong></span> <span class='ocrx_word' id='word_1_707' title='bbox 682 4839 776 4891; x_wconf 76' lang='grc' dir='ltr'><strong>καὶ</strong></span> <span class='ocrx_word' id='word_1_708' title='bbox 801 4839 1029 4908; x_wconf 76' lang='grc' dir='ltr'>σωθῆτε.</span> <span class='ocrx_word' id='word_1_709' title='bbox 1060 4838 1178 4898; x_wconf 80' lang='grc' dir='ltr'><strong>[ιὼς</strong></span> <span class='ocrx_word' id='word_1_710' title='bbox 1201 4833 1292 4890; x_wconf 81' lang='grc' dir='ltr'>οὖν</span> <span class='ocrx_word' id='word_1_711' title='bbox 1325 4837 1578 4904; x_wconf 80' lang='grc' dir='ltr'>ἀπεχθῶς</span> <span class='ocrx_word' id='word_1_712' title='bbox 1613 4837 1676 4888; x_wconf 84' lang='grc' dir='ltr'><strong>ἂν</strong></span> <span class='ocrx_word' id='word_1_713' title='bbox 1703 4837 1882 4906; x_wconf 76' lang='grc' dir='ltr'>ἔχοιμι</span> 
     </span>
    </p>
   </div>
   <div class='ocr_carea' id='block_1_93' title="bbox 310 4930 1663 5009">
    <p class='ocr_par' dir='ltr' id='par_1_93' title="bbox 310 4930 1663 5009">
     <span class='ocr_line' id='line_1_93' title="bbox 310 4930 1663 5009; baseline -0.004 -18"><span class='ocrx_word' id='word_1_714' title='bbox 310 4939 451 5009; x_wconf 65' lang='grc' dir='ltr'>πρὸς</span> <span class='ocrx_word' id='word_1_715' title='bbox 490 4939 658 5006; x_wconf 77' lang='grc' dir='ltr'>ὑμᾶς,</span> <span class='ocrx_word' id='word_1_716' title='bbox 701 4930 775 4988; x_wconf 82' lang='grc' dir='ltr'>ὧν</span> <span class='ocrx_word' id='word_1_717' title='bbox 813 4936 910 5002; x_wconf 84' lang='grc' dir='ltr'>τῆς</span> <span class='ocrx_word' id='word_1_718' title='bbox 944 4935 1219 5002; x_wconf 84' lang='grc' dir='ltr'>σωτηρίας</span> <span class='ocrx_word' id='word_1_719' title='bbox 1249 4933 1663 5003; x_wconf 84' lang='grc' dir='ltr'>ὑπερεύχομαι;</span> 
     </span>
    </p>
   </div>
   <div class='ocr_carea' id='block_1_94' title="bbox 389 5022 1879 5094">
    <p class='ocr_par' dir='ltr' id='par_1_94' title="bbox 389 5022 1879 5094">
     <span class='ocr_line' id='line_1_94' title="bbox 389 5022 1879 5094; baseline 0.001 -20"><span class='ocrx_word' id='word_1_720' title='bbox 389 5044 406 5074; x_wconf 74' lang='grc' dir='ltr'><strong>ι</strong></span> <span class='ocrx_word' id='word_1_721' title='bbox 441 5022 716 5094; x_wconf 70' lang='grc' dir='ltr'>Μαρτυρώ</span> <span class='ocrx_word' id='word_1_722' title='bbox 763 5024 872 5091; x_wconf 72' lang='grc' dir='ltr'>’,ἀρ</span> <span class='ocrx_word' id='word_1_723' title='bbox 906 5024 1114 5086; x_wconf 75' lang='grc' dir='ltr'>αὐτοῖς,</span> <span class='ocrx_word' id='word_1_724' title='bbox 1150 5025 1232 5075; x_wconf 80' lang='grc' dir='ltr'>ὅτι</span> <span class='ocrx_word' id='word_1_725' title='bbox 1276 5023 1440 5091; x_wconf 79' lang='grc' dir='ltr'>ζῆλον</span> <span class='ocrx_word' id='word_1_726' title='bbox 1479 5024 1612 5076; x_wconf 87' lang='grc' dir='ltr'>Θεοῦ</span> <span class='ocrx_word' id='word_1_727' title='bbox 1643 5024 1879 5093; x_wconf 83' lang='grc' dir='ltr'>ἔχουσιν,</span> 
     </span>
    </p>
   </div>
   <div class='ocr_carea' id='block_1_95' title="bbox 309 5114 1881 5185">
    <p class='ocr_par' dir='ltr' id='par_1_95' title="bbox 309 5114 1881 5185">
     <span class='ocr_line' id='line_1_95' title="bbox 309 5114 1881 5185; baseline 0.001 -20"><span class='ocrx_word' id='word_1_728' title='bbox 309 5116 430 5171; x_wconf 66' lang='grc' dir='ltr'>ἀλλ’</span> <span class='ocrx_word' id='word_1_729' title='bbox 483 5117 543 5168; x_wconf 68' lang='grc' dir='ltr'><strong>οὐ</strong></span> <span class='ocrx_word' id='word_1_730' title='bbox 603 5116 722 5167; x_wconf 85' lang='grc' dir='ltr'>κατ’</span> <span class='ocrx_word' id='word_1_731' title='bbox 755 5115 1071 5181; x_wconf 79' lang='grc' dir='ltr'>ἐπίγνωσιν.</span> <span class='ocrx_word' id='word_1_732' title='bbox 1126 5114 1474 5180; x_wconf 78' lang='grc' dir='ltr'>’Λγνοοῦντες</span> <span class='ocrx_word' id='word_1_733' title='bbox 1522 5119 1630 5185; x_wconf 74' lang='grc' dir='ltr'><strong>γὰρ</strong></span> <span class='ocrx_word' id='word_1_734' title='bbox 1657 5117 1754 5184; x_wconf 83' lang='grc' dir='ltr'>τὴν</span> <span class='ocrx_word' id='word_1_735' title='bbox 1789 5116 1881 5168; x_wconf 88' lang='grc' dir='ltr'><strong>τοῦ</strong></span> 
     </span>
    </p>
   </div>
   <div class='ocr_carea' id='block_1_96' title="bbox 308 5207 1880 5278">
    <p class='ocr_par' dir='ltr' id='par_1_96' title="bbox 308 5207 1880 5278">
     <span class='ocr_line' id='line_1_96' title="bbox 308 5207 1880 5278; baseline 0.002 -19"><span class='ocrx_word' id='word_1_736' title='bbox 308 5209 447 5261; x_wconf 70' lang='grc' dir='ltr'>Ηεοῦ</span> <span class='ocrx_word' id='word_1_737' title='bbox 479 5208 850 5275; x_wconf 81' lang='grc' dir='ltr'>δικαιοσύνην,</span> <span class='ocrx_word' id='word_1_738' title='bbox 886 5208 979 5258; x_wconf 72' lang='grc' dir='ltr'><strong>καὶ</strong></span> <span class='ocrx_word' id='word_1_739' title='bbox 1003 5207 1102 5277; x_wconf 81' lang='grc' dir='ltr'>τὴν</span> <span class='ocrx_word' id='word_1_740' title='bbox 1130 5207 1264 5260; x_wconf 82' lang='grc' dir='ltr'>ίδίαν</span> <span class='ocrx_word' id='word_1_741' title='bbox 1298 5207 1645 5278; x_wconf 82' lang='grc' dir='ltr'>δικαιοσύνην</span> <span class='ocrx_word' id='word_1_742' title='bbox 1663 5210 1880 5278; x_wconf 79' lang='grc' dir='ltr'>ζητοῦν-</span> 
     </span>
    </p>
   </div>
   <div class='ocr_carea' id='block_1_97' title="bbox 305 5298 1886 5372">
    <p class='ocr_par' dir='ltr' id='par_1_97' title="bbox 305 5298 1886 5372">
     <span class='ocr_line' id='line_1_97' title="bbox 305 5298 1886 5372; baseline 0.001 -18"><span class='ocrx_word' id='word_1_743' title='bbox 305 5321 398 5364; x_wconf 80' lang='grc' dir='ltr'><strong>τες</strong></span> <span class='ocrx_word' id='word_1_744' title='bbox 427 5303 646 5370; x_wconf 79' lang='grc' dir='ltr'>στῆσαι,</span> <span class='ocrx_word' id='word_1_745' title='bbox 681 5303 745 5369; x_wconf 80' lang='grc' dir='ltr'>τῇ</span> <span class='ocrx_word' id='word_1_746' title='bbox 798 5301 1112 5372; x_wconf 81' lang='grc' dir='ltr'>δικαιοσύνῃ</span> <span class='ocrx_word' id='word_1_747' title='bbox 1153 5298 1249 5354; x_wconf 84' lang='grc' dir='ltr'><strong>τοῦ</strong></span> <span class='ocrx_word' id='word_1_748' title='bbox 1283 5300 1418 5353; x_wconf 84' lang='grc' dir='ltr'>Θεοῦ</span> <span class='ocrx_word' id='word_1_749' title='bbox 1448 5302 1545 5370; x_wconf 83' lang='grc' dir='ltr'><strong>ούχ</strong></span> <span class='ocrx_word' id='word_1_750' title='bbox 1604 5302 1886 5372; x_wconf 82' lang='grc' dir='ltr'>ὑπετάγη-</span> 
     </span>
    </p>
   </div>
   <div class='ocr_carea' id='block_1_98' title="bbox 311 5393 1888 5463">
    <p class='ocr_par' dir='ltr' id='par_1_98' title="bbox 311 5393 1888 5463">
     <span class='ocr_line' id='line_1_98' title="bbox 311 5393 1888 5463; baseline 0.001 -17"><span class='ocrx_word' id='word_1_751' title='bbox 311 5413 435 5447; x_wconf 85' lang='grc' dir='ltr'>σαν.</span> <span class='ocrx_word' id='word_1_752' title='bbox 474 5414 491 5445; x_wconf 77' lang='grc' dir='ltr'><strong>ι</strong></span> <span class='ocrx_word' id='word_1_753' title='bbox 531 5397 686 5445; x_wconf 86' lang='grc' dir='ltr'>Δοκεῖ</span> <span class='ocrx_word' id='word_1_754' title='bbox 730 5393 827 5462; x_wconf 79' lang='grc' dir='ltr'><strong>μὲν</strong></span> <span class='ocrx_word' id='word_1_755' title='bbox 860 5393 1177 5462; x_wconf 80' lang='grc' dir='ltr'>χαρίζεσθαι</span> <span class='ocrx_word' id='word_1_756' title='bbox 1218 5395 1402 5455; x_wconf 69' lang='grc' dir='ltr'>αὐτοῖς</span> <span class='ocrx_word' id='word_1_757' title='bbox 1440 5394 1498 5456; x_wconf 66' lang='lat' dir='ltr'><strong>eg</strong></span> <span class='ocrx_word' id='word_1_758' title='bbox 1547 5395 1743 5463; x_wconf 71' lang='grc' dir='ltr'>ἀρχῆς,</span> <span class='ocrx_word' id='word_1_759' title='bbox 1783 5413 1888 5462; x_wconf 89' lang='grc' dir='ltr'>μα-</span> 
     </span>
    </p>
   </div>
   <div class='ocr_carea' id='block_1_99' title="bbox 308 5486 1885 5556">
    <p class='ocr_par' dir='ltr' id='par_1_99' title="bbox 308 5486 1885 5556">
     <span class='ocr_line' id='line_1_99' title="bbox 308 5486 1885 5556; baseline 0.001 -18"><span class='ocrx_word' id='word_1_760' title='bbox 308 5489 526 5540; x_wconf 75' lang='grc' dir='ltr'>λάσσων</span> <span class='ocrx_word' id='word_1_761' title='bbox 569 5488 790 5548; x_wconf 77' lang='grc' dir='ltr'>αὐτούς.</span> <span class='ocrx_word' id='word_1_762' title='bbox 818 5486 1000 5538; x_wconf 77' lang='grc' dir='ltr'>Εἰπὼν</span> <span class='ocrx_word' id='word_1_763' title='bbox 1029 5486 1158 5556; x_wconf 74' lang='grc' dir='ltr'>γὰρ,</span> <span class='ocrx_word' id='word_1_764' title='bbox 1199 5506 1214 5536; x_wconf 81' lang='grc' dir='ltr'><strong>ι</strong></span> <span class='ocrx_word' id='word_1_765' title='bbox 1239 5487 1405 5555; x_wconf 78' lang='grc' dir='ltr'>Ζῆλον</span> <span class='ocrx_word' id='word_1_766' title='bbox 1461 5487 1596 5538; x_wconf 78' lang='grc' dir='ltr'>Θεοῦ</span> <span class='ocrx_word' id='word_1_767' title='bbox 1649 5488 1885 5553; x_wconf 69' lang='grc' dir='ltr'>ἔχουσιν,</span> 
     </span>
    </p>
   </div>
   <div class='ocr_carea' id='block_1_100' title="bbox 385 5643 1385 5706">
    <p class='ocr_par' dir='ltr' id='par_1_100' title="bbox 385 5643 1385 5706">
     <span class='ocr_line' id='line_1_100' title="bbox 385 5643 1385 5706; baseline 0.005 -13"><span class='ocrx_word' id='word_1_768' title='bbox 385 5654 412 5693; x_wconf 77' lang='lat' dir='ltr'><strong>q</strong></span> <span class='ocrx_word' id='word_1_769' title='bbox 449 5643 581 5696; x_wconf 60' lang='lat' dir='ltr'><strong>lium</strong></span> <span class='ocrx_word' id='word_1_770' title='bbox 619 5662 698 5699; x_wconf 92' lang='lat' dir='ltr'><strong>ttt.</strong></span> <span class='ocrx_word' id='word_1_771' title='bbox 731 5647 819 5697; x_wconf 64' lang='grc' dir='ltr'><strong>ΞΟ.</strong></span> <span class='ocrx_word' id='word_1_772' title='bbox 905 5656 924 5684; x_wconf 71' lang='grc' dir='ltr'><em>τ</em></span> <span class='ocrx_word' id='word_1_773' title='bbox 968 5646 1385 5706; x_wconf 68' lang='lat' dir='ltr'><strong>lsa.xx\ttt,35.</strong></span> 
     </span>
    </p>
   </div>
   <div class='ocr_carea' id='block_1_101' title="bbox 1985 4745 3562 4813">
    <p class='ocr_par' dir='ltr' id='par_1_101' title="bbox 1985 4745 3562 4813">
     <span class='ocr_line' id='line_1_101' title="bbox 1985 4745 3562 4813; baseline -0.004 -12"><span class='ocrx_word' id='word_1_774' title='bbox 1985 4755 2336 4804; x_wconf 79' lang='lat' dir='ltr'><strong>verutuetiam</strong></span> <span class='ocrx_word' id='word_1_775' title='bbox 2399 4757 2454 4801; x_wconf 91' lang='lat' dir='ltr'><strong>ut</strong></span> <span class='ocrx_word' id='word_1_776' title='bbox 2529 4748 2659 4800; x_wconf 80' lang='lat' dir='ltr'><strong>salvi</strong></span> <span class='ocrx_word' id='word_1_777' title='bbox 2730 4748 2867 4802; x_wconf 87' lang='lat' dir='ltr'><strong>sitis.</strong></span> <span class='ocrx_word' id='word_1_778' title='bbox 2933 4745 3212 4810; x_wconf 86' lang='lat' dir='ltr'><strong>Quomodo</strong></span> <span class='ocrx_word' id='word_1_779' title='bbox 3263 4745 3427 4813; x_wconf 88' lang='lat' dir='ltr'><strong>igitur</strong></span> <span class='ocrx_word' id='word_1_780' title='bbox 3483 4745 3562 4795; x_wconf 86' lang='lat' dir='ltr'><strong>itt-</strong></span> 
     </span>
    </p>
   </div>
   <div class='ocr_carea' id='block_1_102' title="bbox 1982 4835 3558 4907">
    <p class='ocr_par' dir='ltr' id='par_1_102' title="bbox 1982 4835 3558 4907">
     <span class='ocr_line' id='line_1_102' title="bbox 1982 4835 3558 4907; baseline -0.006 -11"><span class='ocrx_word' id='word_1_781' title='bbox 1982 4844 2162 4896; x_wconf 76' lang='lat' dir='ltr'><strong>fensus</strong></span> <span class='ocrx_word' id='word_1_782' title='bbox 2214 4843 2315 4896; x_wconf 79' lang='lat' dir='ltr'><strong>sint</strong></span> <span class='ocrx_word' id='word_1_783' title='bbox 2365 4841 2536 4906; x_wconf 84' lang='lat' dir='ltr'><strong>vobis,</strong></span> <span class='ocrx_word' id='word_1_784' title='bbox 2588 4855 2684 4907; x_wconf 90' lang='lat' dir='ltr'><strong>pro</strong></span> <span class='ocrx_word' id='word_1_785' title='bbox 2739 4854 2966 4907; x_wconf 86' lang='lat' dir='ltr'><strong>quorum</strong></span> <span class='ocrx_word' id='word_1_786' title='bbox 3022 4836 3194 4891; x_wconf 88' lang='lat' dir='ltr'><strong>salute</strong></span> <span class='ocrx_word' id='word_1_787' title='bbox 3246 4835 3410 4889; x_wconf 87' lang='lat' dir='ltr'><strong>Deum</strong></span> <span class='ocrx_word' id='word_1_788' title='bbox 3458 4836 3558 4888; x_wconf 88' lang='lat' dir='ltr'><strong>im-</strong></span> 
     </span>
    </p>
   </div>
   <div class='ocr_carea' id='block_1_103' title="bbox 1983 4933 2182 5002">
    <p class='ocr_par' dir='ltr' id='par_1_103' title="bbox 1983 4933 2182 5002">
     <span class='ocr_line' id='line_1_103' title="bbox 1983 4933 2182 5002; baseline -0.01 -16"><span class='ocrx_word' id='word_1_789' title='bbox 1983 4934 2130 5002; x_wconf 79' lang='lat' dir='ltr'><strong>ploro</strong></span> <span class='ocrx_word' id='word_1_790' title='bbox 2161 4933 2182 4984; x_wconf 66' lang='grc' dir='ltr'><strong>’ἶ</strong></span> 
     </span>
    </p>
   </div>
   <div class='ocr_carea' id='block_1_104' title="bbox 2056 5017 3557 5088">
    <p class='ocr_par' dir='ltr' id='par_1_104' title="bbox 2056 5017 3557 5088">
     <span class='ocr_line' id='line_1_104' title="bbox 2056 5017 3557 5088; baseline -0.007 -10"><span class='ocrx_word' id='word_1_791' title='bbox 2056 5027 2216 5078; x_wconf 70' lang='lat' dir='ltr'><strong>Vatis.</strong></span> <span class='ocrx_word' id='word_1_792' title='bbox 2247 5025 2300 5088; x_wconf 78' lang='grc'>2,</span> <span class='ocrx_word' id='word_1_793' title='bbox 2340 5028 2390 5078; x_wconf 79' lang='grc'><strong>5.</strong></span> <span class='ocrx_word' id='word_1_794' title='bbox 2435 5044 2451 5075; x_wconf 78' lang='grc' dir='ltr'><strong>ι</strong></span> <span class='ocrx_word' id='word_1_795' title='bbox 2491 5023 2884 5079; x_wconf 84' lang='lat' dir='ltr'><strong>Testimonium</strong></span> <span class='ocrx_word' id='word_1_796' title='bbox 2938 5023 3080 5077; x_wconf 92' lang='lat' dir='ltr'><strong>enim</strong></span> <span class='ocrx_word' id='word_1_797' title='bbox 3128 5021 3236 5074; x_wconf 87' lang='lat' dir='ltr'><strong>illis</strong></span> <span class='ocrx_word' id='word_1_798' title='bbox 3283 5017 3557 5086; x_wconf 87' lang='lat' dir='ltr'><strong>perhiben,</strong></span> 
     </span>
    </p>
   </div>
   <div class='ocr_carea' id='block_1_105' title="bbox 1985 5112 3558 5186">
    <p class='ocr_par' dir='ltr' id='par_1_105' title="bbox 1985 5112 3558 5186">
     <span class='ocr_line' id='line_1_105' title="bbox 1985 5112 3558 5186; baseline -0.005 -18"><span class='ocrx_word' id='word_1_799' title='bbox 1985 5119 2125 5186; x_wconf 91' lang='lat' dir='ltr'><strong>quod</strong></span> <span class='ocrx_word' id='word_1_800' title='bbox 2156 5117 2550 5171; x_wconf 67' lang='lat' dir='ltr'><strong>aemulationem</strong></span> <span class='ocrx_word' id='word_1_801' title='bbox 2601 5117 2692 5170; x_wconf 85' lang='lat' dir='ltr'><strong>Dei</strong></span> <span class='ocrx_word' id='word_1_802' title='bbox 2737 5116 2966 5176; x_wconf 86' lang='lat' dir='ltr'><strong>habent,</strong></span> <span class='ocrx_word' id='word_1_803' title='bbox 3005 5116 3095 5166; x_wconf 85' lang='lat' dir='ltr'><strong>sed</strong></span> <span class='ocrx_word' id='word_1_804' title='bbox 3132 5127 3232 5164; x_wconf 83' lang='lat' dir='ltr'><strong>non</strong></span> <span class='ocrx_word' id='word_1_805' title='bbox 3265 5112 3558 5164; x_wconf 87' lang='lat' dir='ltr'><strong>secundum</strong></span> 
     </span>
    </p>
   </div>
   <div class='ocr_carea' id='block_1_106' title="bbox 1986 5205 3560 5280">
    <p class='ocr_par' dir='ltr' id='par_1_106' title="bbox 1986 5205 3560 5280">
     <span class='ocr_line' id='line_1_106' title="bbox 1986 5205 3560 5280; baseline -0.006 -17"><span class='ocrx_word' id='word_1_806' title='bbox 1986 5211 2366 5280; x_wconf 86' lang='lat' dir='ltr'><strong>cognitionem.</strong></span> <span class='ocrx_word' id='word_1_807' title='bbox 2423 5208 2739 5277; x_wconf 82' lang='lat' dir='ltr'><strong>lgnorantes</strong></span> <span class='ocrx_word' id='word_1_808' title='bbox 2793 5211 2935 5262; x_wconf 89' lang='lat' dir='ltr'><strong>enim</strong></span> <span class='ocrx_word' id='word_1_809' title='bbox 2989 5207 3080 5260; x_wconf 85' lang='lat' dir='ltr'><strong>Dei</strong></span> <span class='ocrx_word' id='word_1_810' title='bbox 3137 5205 3439 5274; x_wconf 87' lang='lat' dir='ltr'><strong>justitiam,</strong></span> <span class='ocrx_word' id='word_1_811' title='bbox 3501 5219 3560 5254; x_wconf 90' lang='lat' dir='ltr'><strong>ac</strong></span> 
     </span>
    </p>
   </div>
   <div class='ocr_carea' id='block_1_107' title="bbox 1989 5295 3558 5372">
    <p class='ocr_par' dir='ltr' id='par_1_107' title="bbox 1989 5295 3558 5372">
     <span class='ocr_line' id='line_1_107' title="bbox 1989 5295 3558 5372; baseline -0.004 -19"><span class='ocrx_word' id='word_1_812' title='bbox 1989 5304 2262 5372; x_wconf 82' lang='lat' dir='ltr'><strong>propriam</strong></span> <span class='ocrx_word' id='word_1_813' title='bbox 2295 5303 2555 5370; x_wconf 82' lang='lat' dir='ltr'><strong>justitiam</strong></span> <span class='ocrx_word' id='word_1_814' title='bbox 2591 5312 2896 5371; x_wconf 72' lang='lat' dir='ltr'><strong>quaerentes</strong></span> <span class='ocrx_word' id='word_1_815' title='bbox 2926 5311 3184 5362; x_wconf 86' lang='lat' dir='ltr'><strong>statuere,</strong></span> <span class='ocrx_word' id='word_1_816' title='bbox 3213 5295 3440 5367; x_wconf 75' lang='lat' dir='ltr'><strong>juStitia:</strong></span> <span class='ocrx_word' id='word_1_817' title='bbox 3471 5296 3558 5347; x_wconf 81' lang='lat' dir='ltr'><strong>hei</strong></span> 
     </span>
    </p>
   </div>
   <div class='ocr_carea' id='block_1_108' title="bbox 1990 5391 3558 5460">
    <p class='ocr_par' dir='ltr' id='par_1_108' title="bbox 1990 5391 3558 5460">
     <span class='ocr_line' id='line_1_108' title="bbox 1990 5391 3558 5460; baseline -0.006 -12"><span class='ocrx_word' id='word_1_818' title='bbox 1990 5411 2094 5448; x_wconf 89' lang='lat' dir='ltr'><strong>non</strong></span> <span class='ocrx_word' id='word_1_819' title='bbox 2144 5405 2271 5448; x_wconf 86' lang='lat' dir='ltr'><strong>sunt</strong></span> <span class='ocrx_word' id='word_1_820' title='bbox 2317 5393 2565 5460; x_wconf 81' lang='lat' dir='ltr'><strong>subjecti.</strong></span> <span class='ocrx_word' id='word_1_821' title='bbox 2604 5411 2622 5446; x_wconf 86' lang='grc'><strong>›</strong></span> <span class='ocrx_word' id='word_1_822' title='bbox 2656 5392 2881 5447; x_wconf 75' lang='lat' dir='ltr'><strong>Videtur</strong></span> <span class='ocrx_word' id='word_1_823' title='bbox 2922 5393 2971 5445; x_wconf 92' lang='lat' dir='ltr'><strong>in</strong></span> <span class='ocrx_word' id='word_1_824' title='bbox 3028 5391 3295 5459; x_wconf 84' lang='lat' dir='ltr'><strong>principio</strong></span> <span class='ocrx_word' id='word_1_825' title='bbox 3347 5391 3558 5455; x_wconf 82' lang='lat' dir='ltr'><strong>quidem</strong></span> 
     </span>
    </p>
   </div>
   <div class='ocr_carea' id='block_1_109' title="bbox 1990 5481 3557 5553">
    <p class='ocr_par' dir='ltr' id='par_1_109' title="bbox 1990 5481 3557 5553">
     <span class='ocr_line' id='line_1_109' title="bbox 1990 5481 3557 5553; baseline -0.006 -13"><span class='ocrx_word' id='word_1_826' title='bbox 1990 5489 2136 5553; x_wconf 81' lang='lat' dir='ltr'><strong>ipsos</strong></span> <span class='ocrx_word' id='word_1_827' title='bbox 2173 5490 2478 5540; x_wconf 84' lang='lat' dir='ltr'><strong>humaniter</strong></span> <span class='ocrx_word' id='word_1_828' title='bbox 2516 5497 2752 5540; x_wconf 89' lang='lat' dir='ltr'><strong>tractare</strong></span> <span class='ocrx_word' id='word_1_829' title='bbox 2786 5495 2834 5540; x_wconf 90' lang='lat' dir='ltr'><strong>et</strong></span> <span class='ocrx_word' id='word_1_830' title='bbox 2870 5487 3195 5538; x_wconf 84' lang='lat' dir='ltr'><strong>demulcere.</strong></span> <span class='ocrx_word' id='word_1_831' title='bbox 3253 5481 3384 5535; x_wconf 85' lang='lat' dir='ltr'><strong>Nam</strong></span> <span class='ocrx_word' id='word_1_832' title='bbox 3439 5495 3557 5532; x_wconf 87' lang='lat' dir='ltr'><strong>cum</strong></span> 
     </span>
    </p>
   </div>
   <div class='ocr_carea' id='block_1_110' title="bbox 1656 5758 2210 5820">
    <p class='ocr_par' dir='ltr' id='par_1_110' title="bbox 1656 5758 2210 5820">
     <span class='ocr_line' id='line_1_110' title="bbox 1656 5758 2210 5820; baseline 0.004 -3"><span class='ocrx_word' id='word_1_833' title='bbox 1656 5758 1853 5819; x_wconf 75' lang='lat' dir='ltr'><strong>Variae</strong></span> <span class='ocrx_word' id='word_1_834' title='bbox 1887 5758 2210 5820; x_wconf 72' lang='lat' dir='ltr'><strong>lectiones.</strong></span> 
     </span>
    </p>
   </div>
   <div class='ocr_carea' id='block_1_111' title="bbox 388 5882 1895 5953">
    <p class='ocr_par' dir='ltr' id='par_1_111' title="bbox 388 5882 1895 5953">
     <span class='ocr_line' id='line_1_111' title="bbox 388 5882 1895 5953; baseline 0.001 -17"><span class='ocrx_word' id='word_1_835' title='bbox 388 5886 435 5917; x_wconf 71' lang='grc' dir='ltr'><strong>δ’</strong></span> <span class='ocrx_word' id='word_1_836' title='bbox 465 5884 636 5948; x_wconf 77' lang='grc' dir='ltr'>οὕτως</span> <span class='ocrx_word' id='word_1_837' title='bbox 665 5901 718 5941; x_wconf 92' lang='lat'><strong>0.</strong></span> <span class='ocrx_word' id='word_1_838' title='bbox 799 5886 842 5916; x_wconf 74' lang='lat'><strong>“</strong></span> <span class='ocrx_word' id='word_1_839' title='bbox 874 5887 952 5948; x_wconf 81' lang='grc' dir='ltr'>εἰς</span> <span class='ocrx_word' id='word_1_840' title='bbox 1001 5885 1160 5937; x_wconf 70' lang='grc' dir='ltr'>αὑτὸν</span> <span class='ocrx_word' id='word_1_841' title='bbox 1190 5904 1240 5940; x_wconf 86' lang='grc' dir='ltr'><strong>υ.</strong></span> <span class='ocrx_word' id='word_1_842' title='bbox 1339 5886 1380 5915; x_wconf 69' lang='grc' dir='ltr'><strong>δ’</strong></span> <span class='ocrx_word' id='word_1_843' title='bbox 1423 5882 1794 5953; x_wconf 66' lang='grc' dir='ltr'>προλαμϐάνει</span> <span class='ocrx_word' id='word_1_844' title='bbox 1825 5899 1895 5938; x_wconf 89' lang='lat' dir='ltr'><strong>ttt.</strong></span> 
     </span>
    </p>
   </div>
   <div class='ocr_carea' id='block_1_112' title="bbox 1977 5882 2313 5953">
    <p class='ocr_par' dir='ltr' id='par_1_112' title="bbox 1977 5882 2313 5953">
     <span class='ocr_line' id='line_1_112' title="bbox 1977 5882 2313 5953; baseline -0.012 -19"><span class='ocrx_word' id='word_1_845' title='bbox 1977 5885 2020 5914; x_wconf 75' lang='grc'><strong>³⁰</strong></span> <span class='ocrx_word' id='word_1_846' title='bbox 2058 5885 2147 5953; x_wconf 63' lang='grc' dir='ltr'>τῇς</span> <span class='ocrx_word' id='word_1_847' title='bbox 2176 5882 2313 5952; x_wconf 65' lang='grc' dir='ltr'>ἐμῆς</span> 
     </span>
    </p>
   </div>
  </div>
