4286 6444
744 413 852 479 475

1682 425 2267 486 THEOPHYLACTI
2307 422 2725 485 BULGARI/E
2764 421 3122 485 ARCHIEP.

3902 423 4021 486 476

746 533 900 597 dicit,
923 552 950 584 ι·
971 533 1155 587 Zelum
1184 533 1272 589 Dei
1309 534 1527 600 habent,
1552 537 1644 590 sed
1681 553 1788 592 non
1816 540 2114 595 secundum
2138 539 2321 608 cogni-

2372 539 2398 594 ι
2427 536 2543 598 ἀλλ’
2558 537 2617 589 οὑ
2637 536 2757 591 κατ’
2775 537 3095 603 ἐπίγνωσιν,
3122 552 3142 587 ι
3170 533 3350 599 ἐλέους
3371 535 3573 604 μᾶλλον
3588 534 3773 601 ἀξίους
3792 538 4012 600 αὐτοὺς,

749 624 971 685 tionem,
1005 642 1022 674 ι
1079 624 1451 681 misericordia
1502 627 1681 695 potius
1717 644 1885 699 quam
1931 645 2090 699 poma
2135 630 2325 700 dignos

747 716 1001 771 ostendit.
1037 715 1385 771 Emnlantur
1411 720 1578 786 enim,
1625 720 1839 791 inquit,
1873 738 1971 791 pro
2006 722 2124 793 lege
2151 722 2254 777 sibi
2296 737 2324 775 a

750 808 861 863 l‘eo
896 807 1133 863 tradita:
1162 824 1347 863 verum
1388 826 1491 865 non
1526 814 1823 867 secundum
1854 815 2217 883 cognitionem
2245 823 2329 869 est

750 904 987 970 ipsorum
1017 901 1294 957 aemulatio
1320 921 1335 970 ;
1365 904 1569 973 quippe
1594 904 1685 975 qui
1715 903 1886 973 legem
1910 906 2048 960 hanc
2070 907 2327 961 abolitam

750 1007 875 1048 esse
901 1007 1199 1062 agnoscere
1232 994 1440 1049 nolunt.
1468 996 1631 1065 Atqui
1664 997 1719 1051 in
1752 997 2106 1066 sequentibus
2138 1014 2327 1053 eorum

751 1088 1153 1140 contentionem
1178 1126 1193 1151 ,
1240 1102 1593 1158 amoremque
1638 1091 1905 1159 primatus
1935 1091 2159 1147 indicat.
2193 1091 2327 1146 Nam

748 1188 1056 1244 quaerentes
1093 1188 1335 1235 statuere
1360 1180 1625 1248 justitiam
1661 1183 1962 1252 propriam,
1991 1184 2094 1239 hoc
2121 1193 2231 1248 est,
2261 1200 2325 1238 cx

749 1265 889 1334 lege,
935 1284 999 1323 ex
1046 1270 1282 1338 propriis
1338 1272 1591 1327 nimirum
1641 1273 1921 1330 laboribus
1970 1283 2020 1330 et
2074 1276 2330 1345 operibus

751 1368 1021 1425 paratam,
1073 1375 1193 1429 qua:
1249 1376 1369 1415 cum
1408 1362 1638 1428 excidit,
1699 1374 1808 1420 tum
1859 1367 2156 1423 subsistere
2223 1383 2328 1422 non

751 1460 965 1516 potest:
1028 1467 1202 1521 neque
1254 1452 1404 1507 illam
1445 1462 1774 1523 statuerunt,
1810 1470 1910 1512 nec
1948 1456 2175 1525 iustitia:
2235 1457 2329 1513 Dcl

752 1540 978 1610 subjecti
1008 1551 1152 1596 sunt.
1197 1542 1350 1609 Quod
1385 1546 1771 1602 ostentationis
1796 1590 1811 1614 ,
1854 1562 1917 1602 ac
1958 1549 2155 1603 mentis
2181 1550 2331 1619 prin-

752 1631 963 1700 cipatus
1014 1633 1216 1699 avidae,
1272 1634 1382 1689 imo
1435 1636 1614 1705 potius
1660 1638 1868 1694 stolida:
1920 1648 1976 1694 et
2030 1641 2334 1711 insipientis

752 1725 965 1794 signum
1024 1736 1137 1793 est,
1200 1742 1444 1795 quarere
1494 1730 1750 1786 nimirum
1810 1732 2144 1788 constituere
2192 1733 2333 1801 quod

753 1815 1052 1872 subsistere
1109 1819 1332 1887 nequit;
1392 1820 1558 1889 inque
1611 1836 1677 1877 eo
1730 1824 2097 1893 nequicquam
2148 1826 2332 1880 atteri.

752 1908 845 1963 Dei
893 1919 1072 1965 autem
1122 1911 1333 1981 justitia
1382 1929 1443 1969 ea
1501 1924 1605 1979 est,
1664 1931 1785 1985 quzr
1829 1933 1895 1972 ex
1929 1918 2031 1973 ﬁde
2065 1928 2184 1974 est:
2220 1920 2333 1973 lure

753 2002 900 2057 enim
957 2019 1065 2059 non
1132 2005 1336 2077 indiget
1373 2006 1649 2064 laboribus
1690 2011 1925 2078 nostris,
1981 2027 2169 2067 verum
2225 2023 2331 2067 tota

757 2098 822 2150 ad
851 2097 1081 2165 gratiam
1116 2098 1209 2153 Dei
1241 2100 1495 2168 pertinet.

702 2260 708 2265 _
829 2187 937 2258 75
960 2187 1201 2245 γεω-»4.
1238 2210 1256 2242 ι
1287 2191 1436 2247 Finis
1466 2192 1610 2248 enim
1640 2194 1775 2267 legis
1792 2194 2066 2260 Christus,
2090 2197 2334 2267 adjusti-

761 2279 890 2333 tiam
920 2281 1065 2335 omni
1106 2282 1372 2338 credenti.
1422 2301 1440 2334 ι
1490 2285 1626 2350 Quia
1661 2301 1888 2356 prorsus
1927 2286 2191 2355 justitiam
2235 2304 2321 2343 no-

758 2370 1081 2434 minaverat.
1114 2386 1235 2427 eam
1263 2388 1383 2443 qua:
1414 2382 1499 2429 est
1535 2375 1590 2431 in
1617 2376 1761 2447 lege,
1793 2392 1860 2432 ne
1890 2378 2071 2432 dicant
2091 2379 2126 2432 ii
2150 2378 2238 2448 qui
2270 2395 2332 2433 ex

757 2460 1002 2517 llebrmis
1032 2464 1384 2519 crediderunt
1417 2483 1430 2519 :
1475 2467 1826 2524 Peccavimus
1857 2483 2010 2539 ergo,
2052 2480 2108 2525 et
2153 2470 2337 2539 inique

757 2554 969 2623 egimus
992 2566 1012 2593 ³
1036 2596 1052 2621 ,
1084 2557 1223 2613 hanc
1246 2557 1519 2627 justitiam
1550 2560 1887 2616 dimittentes
1920 2578 1933 2614 :
1962 2577 2025 2617 ac
2057 2578 2125 2616 ne
2151 2578 2337 2617 rursus

761 2644 1022 2700 increduli
1048 2647 1227 2702 dicere
1250 2658 1499 2718 possent:
1534 2648 1983 2723 Quandoquidem
2016 2651 2227 2722 justitia
2256 2662 2337 2707 est

760 2739 815 2789 in
842 2735 959 2807 lege
980 2739 1224 2803 omnino,
1265 2741 1478 2796 etiamsi
1503 2756 1621 2796 eam
1651 2745 1887 2798 nondum
1912 2744 2339 2814 impleverimus,

762 2828 1051 2899 aliquando
1075 2839 1250 2886 tamen
1281 2833 1521 2903 perfecte
1553 2835 1896 2905 implebimus
1932 2854 1945 2891 :
1978 2839 2138 2891 ambo
2163 2836 2282 2891 hate
2311 2850 2340 2889 e

764 2922 941 2978 medio
978 2923 1197 2990 tollens,
1238 2926 1313 2980 ait
1360 2943 1375 2981 :
1425 2945 1442 2979 ι
1490 2926 1643 2983 Finis
1691 2928 1828 3000 legis
1875 2929 2128 2986 Christus
2170 2940 2273 2986 est.
2315 2950 2332 2981 ι

763 3013 919 3079 Quod
950 3015 1092 3069 enim
1130 3016 1305 3071 voluit
1333 3018 1550 3088 quidem
1591 3021 1698 3086 lex,
1733 3036 1837 3076 non
1870 3032 2049 3077 autem
2082 3021 2337 3091 perfecit,

767 3107 867 3160 hoc
896 3105 1147 3165 Christus
1193 3108 1441 3179 perfecit,
1481 3109 1785 3181 iustificare
1818 3127 2011 3182 nempe
2042 3115 2337 3169 hominem.

765 3195 943 3262 Quare
976 3214 1043 3253 ne
1086 3200 1233 3255 dicas
1259 3202 1349 3271 qui
1378 3201 1598 3258 Christo
1630 3206 1913 3261 accessisti
1952 3221 2020 3261 ex
2064 3205 2336 3265 Hebraeis.

766 3290 909 3356 quod
942 3290 1234 3360 deliqueris
1265 3295 1527 3351 adversus
1566 3298 1736 3367 legem
1767 3314 1780 3350 :
1819 3297 1949 3367 quin
1987 3298 2166 3367 potius
2210 3299 2343 3367 legis

769 3382 1103 3435 voluntatem
1150 3389 1503 3456 conspexeris
1552 3387 1607 3442 in
1662 3399 1714 3443 te
1752 3403 1872 3444 esse
1908 3389 2199 3459 perfectam
2253 3407 2347 3460 per

768 3474 931 3530 tidem
969 3475 1021 3529 in
1055 3474 1351 3532 Christum.
1392 3477 1582 3549 Neque
1609 3496 1798 3537 rursus
1826 3482 1919 3553 qui
1954 3484 2191 3539 nondum
2224 3500 2346 3539 cre-

769 3566 974 3631 didisti,
1010 3564 1217 3634 Iudaee,
1260 3583 1417 3637 spera
1452 3572 1596 3639 quod
1633 3572 1949 3641 perﬁcietur
1983 3573 2081 3629 abs
2115 3584 2166 3627 te
2193 3574 2350 3641 justi-

772 3657 841 3710 Iia
878 3668 974 3725 per
1005 3658 1176 3729 legem
1208 3678 1221 3713 :
1251 3658 1503 3717 Christus
1528 3661 1671 3717 enim
1701 3672 2223 3721 est'consummator
2254 3670 2352 3721 hu-

762 3746 875 3815 jus.
907 3746 1142 3805 Proinde
1173 3751 1218 3804 si
1257 3751 1521 3820 justitiam
1561 3762 1917 3812 assecuturus
1951 3771 2033 3823 es,
2074 3758 2349 3814 Christum

770 3839 955 3909 accipe
986 3857 1079 3911 per
1108 3842 1288 3907 fidem,
1316 3850 1370 3898 et
1394 3844 1623 3904 hahehis
1652 3845 1877 3920 omnia,

849 3929 1010 3987 Vsns.
1040 3934 1092 3988 5.
1143 3954 1160 3985 ι
1196 3934 1372 3991 Moses
1417 3936 1562 3990 enim
1603 3938 1796 3994 scribit
1832 3938 2099 4010 justitiam
2132 3957 2251 4013 qua:
2288 3960 2353 3998 ex

770 4021 890 4092 lo-ge
914 4036 1018 4087 est,
1043 4028 1185 4093 quod
1234 4026 1338 4093 Qui
1374 4026 1569 4083 fecerit
1590 4043 1654 4084 ea
1682 4031 1869 4096 homo,
1895 4033 2043 4088 vivet
2068 4034 2120 4088 in
2149 4036 2227 4091 eis
2253 4036 2296 4091 ί.
2329 4057 2345 4088 ι

770 4112 1229 4187 Conlirmatquud
1251 4119 1409 4185 dixit,
1439 4120 1583 4189 quod
1612 4121 1663 4175 id
1690 4124 1832 4192 quod
1865 4122 1950 4180 lex
1973 4140 2077 4180 non
2104 4129 2351 4197 perfecit,

775 4206 918 4259 istud
970 4205 1219 4263 Christus
1268 4210 1533 4279 implevit,
1584 4221 1637 4265 et
1680 4213 1903 4283 inquit:
1950 4215 2125 4273 Moses
2160 4223 2357 4274 asserit

776 4296 1052 4352 hominem
1086 4313 1180 4367 per
1218 4314 1383 4368 opera
1424 4301 1711 4370 iustiﬁcari
1757 4320 1772 4357 :
1821 4318 1985 4372 opera
2030 4321 2157 4361 vero
2199 4324 2360 4363 nemo

775 4388 1026 4441 inventus
1051 4398 1135 4443 est
1179 4390 1419 4459 explere.
1449 4388 1635 4461 Itaque
1669 4393 1721 4447 in
1767 4392 1885 4465 lege
1930 4396 2243 4467 justillcari,
2277 4409 2361 4456 est

776 4476 1134 4544 impossibile.

849 4567 1177 4661 γεκεῇϐοθ.
1227 4591 1245 4623 ι
1284 4572 1414 4640 Quae
1445 4585 1626 4630 autem
1658 4590 1725 4631 ex
1757 4576 1861 4632 fide
1887 4592 1971 4635 εει
2011 4579 2244 4649 justitia,
2278 4582 2357 4639 sic
2388 4605 2433 4661 ι)

777 4658 950 4714 dicit:
998 4660 1108 4716 Nec
1134 4662 1340 4718 dixeris
1373 4664 1424 4719 in
1457 4668 1618 4721 corde
1665 4678 1778 4734 tuo,
1828 4668 1963 4735 Quis
2007 4674 2264 4731 ascendet
2308 4676 2362 4732 in

777 4750 973 4808 caelum
998 4753 1065 4805 u?
1112 4752 1164 4806 id
1216 4764 1297 4807 est
1337 4754 1616 4809 Christum
1646 4757 1938 4815 deducere.
1984 4762 2092 4815 Aut
2122 4764 2241 4831 quis
2274 4766 2366 4819 de-

776 4844 1003 4898 scendet
1035 4844 1088 4898 in
1127 4846 1418 4916 abyssum?
1450 4849 1550 4903 hoc
1583 4859 1687 4915 est,
1716 4851 1992 4908 Christum
2029 4870 2097 4910 ex
2134 4860 2364 4915 mortuis

779 4950 1057 4991 revocare.
1106 4935 1231 5006 Sed:
1256 4940 1383 5006 quid
1424 4941 1586 4994 dicit?
1615 4940 1791 5013 Prope
1829 4954 1880 4999 te
1910 4954 1992 5001 est
2032 4950 2277 5013 verbum,
2308 4951 2360 5004 in

777 5026 945 5082 corde
975 5038 1086 5094 tuo,
1119 5039 1172 5083 et
1201 5030 1253 5083 in
1284 5045 1378 5085 ore
1408 5041 1517 5085 tuo.
1549 5033 1661 5089 lloc
1692 5045 1776 5090 est
1804 5038 2029 5091 verbum
2062 5040 2183 5095 fidei
2215 5042 2360 5110 quod

780 5118 1157 5183 praedicamus.
1181 5118 1446 5185 Quoniam
1474 5122 1518 5175 si
1548 5121 1831 5178 confessus
1858 5122 2027 5180 fueris
2054 5126 2107 5180 in
2140 5142 2235 5181 ore
2268 5137 2360 5185 tuo

785 5208 1068 5261 Dominum
1113 5208 1334 5276 Jcsum,
1386 5224 1441 5266 et
1485 5213 1780 5269 credideris
1821 5216 1964 5284 quod
2012 5215 2153 5271 Deus
2207 5217 2359 5271 illum

787 5298 1064 5354 suscitavit
1090 5316 1119 5355 a
1154 5303 1409 5367 mortuis,
1447 5304 1628 5358 salvus
1652 5306 1779 5358 eris.
1815 5323 1833 5355 ι
1872 5304 2231 5374 Posteaquam
2265 5322 2360 5361 au-

785 5391 970 5446 divisti
1016 5393 1147 5463 legis
1177 5409 1340 5465 opera
1377 5410 1482 5450 non
1526 5411 1682 5464 posse
1726 5397 2028 5463 justiticare
2065 5398 2360 5463 hominem,

786 5486 933 5540 disce
959 5486 1070 5554 jam
1102 5489 1369 5555 quomodo
1408 5490 1543 5543 citra
1587 5488 1825 5544 laborem
1870 5489 2028 5543 facile
2055 5490 2109 5543 in
2139 5490 2359 5545 Christo

2434 628 2497 682 οὐ
2531 628 2809 692 κολάσεως
2843 627 3106 681 δείκνυσι.
3142 626 3374 695 Ζηλοῦσι
3400 626 3510 695 γὰρ
3542 627 3683 697 ὑπὲρ
3709 627 3801 681 τοῦ
3820 629 4014 697 νόμου,

2436 720 2595 790 φησὶ,
2650 718 2744 773 τοῦ
2801 719 2955 789 παρὰ
3011 718 3148 771 Θεοῦ
3202 717 3449 782 δοθέντος
3485 719 3735 789 ἰ’πλήν
3795 720 3855 771 οὐ
3892 722 4015 773 κατ’

2436 811 2740 879 ἐπίγνωσιν
2792 811 2939 863 ἐστιν
2984 810 3011 863 6
3056 809 3220 879 ζῆλος
3276 812 3482 874 αὐτοῖς,
3526 811 3601 881 μὴ
3673 812 4017 882 βουλομένοις

2437 903 2662 971 γνῶναι,
2710 903 2791 956 ὅτι
2836 903 2864 955 6
2910 902 3075 972 νόμος
3108 897 3265 966 οὗτος
3294 904 3341 934 ⁸³
3372 902 3652 955 πέπαυται
3678 903 3771 955 καὶ
3802 905 4014 972 κατήρ-

2436 1012 2625 1065 γηται.
2669 995 3015 1049 ’Υποκατιὼν
3052 996 3235 1065 μέντοι
3279 995 3517 1048 δείκνυσι
3546 994 3644 1067 τὴν
3680 995 4017 1063 φιλονεικίαν

2441 1086 2625 1141 αὐτῶν
2658 1086 2751 1141 καὶ
2796 1086 3123 1158 φιλαρχίαν.
3168 1088 3471 1156 Ζητούντες
3516 1086 3624 1158 γὰρ
3671 1086 3868 1156 στῆσαι
3914 1091 4015 1154 τήν

2439 1179 2581 1233 ίδίαν
2612 1179 2986 1251 δικαιοσύνην,
3010 1181 3279 1243 τουτέστι,
3320 1180 3419 1249 τὴν
3468 1181 3533 1234 ὲκ
3566 1179 3659 1232 τοῦ
3703 1181 3893 1249 νόμου,
3917 1178 4016 1248 τὴν

2438 1272 2495 1337 ἐξ
2526 1270 2707 1341 ἔργων
2738 1272 2883 1325 ίδίων
2914 1272 3008 1325 καὶ
3037 1272 3219 1324 πόνων
3253 1269 3723 1343 κατορθουμένην,
3764 1273 3888 1343 ἥτις
3922 1273 4018 1325 καὶ

2440 1364 2724 1428 πέπτωκε,
2762 1363 2856 1417 καὶ
2880 1363 2939 1417 ού
2968 1362 3192 1417 δύναται
3229 1364 3438 1433 στῆναι,
3466 1362 3592 1417 οὔτε
3625 1364 3829 1432 ταύτην
3855 1365 4018 1434 ἑστη-

2442 1472 2561 1516 σαν,
2600 1456 2696 1509 καὶ
2742 1459 2810 1527 τῇ
2838 1456 2933 1509 τοῦ
2968 1455 3102 1509 Θεοῦ
3139 1455 3455 1527 δικαιοσύνη
3487 1458 3585 1526 οὐχ
3635 1458 4019 1528 ὑπετάγησαν.

2447 1548 2509 1597 "0
2538 1545 2859 1610 ἀλαζονείας
2890 1548 3140 1615 σημεῖον,
3174 1546 3269 1599 καὶ
3296 1547 3563 1616 φιλάρχου
3590 1547 3837 1617 γνώμης,
3879 1548 4020 1617 μᾶλ-

2440 1638 2529 1691 λον
2556 1638 2613 1691 δὲ
2636 1640 2889 1708 ἀνοήτου,
2912 1640 2971 1691 τὸ
2993 1639 3180 1707 ζητεῖν
3204 1656 3266 1691 συ
3278 1639 3469 1708 στῆναι
3493 1640 3580 1691 ἀεὶ
3603 1639 3663 1691 τὸ
3685 1641 4019 1701 ἀσύστατον,

2442 1728 2537 1781 καὶ
2568 1730 2626 1780 ὲν
2657 1730 2834 1799 τούτῳ
2862 1729 3139 1799 ’διακενῆς
3188 1728 3640 1799 κατατρίϐεσθαι.
3672 1728 3807 1781 Θεοῦ
3842 1729 3898 1781 δὲ
3932 1728 4019 1782 δι-

2442 1820 2728 1890 καιοσύνη,
2760 1821 2793 1891 ή
2822 1821 2885 1873 ὲκ
2914 1820 3153 1885 πίστεως
3175 1838 3187 1850 ’
3222 1822 3280 1873 οὺ
3322 1819 3425 1890 γὰρ
3459 1820 3649 1881 πόνου,
3672 1820 3785 1890 ἔχει
3808 1820 4018 1891 ήμετέο

2367 1900 2409 1955 Β
2442 1929 2588 1982 ρους,
2624 1914 2759 1967 ἀλλὰ
2783 1913 2844 1966 τι
2876 1912 2995 1966 ὅλον
3027 1913 3337 1984 χάριςμάυ
3364 1916 3477 1966 ἐστι
3521 1912 3675 1966 Θεοῦ.

2518 2194 2536 2226 ι
2579 2173 2744 2238 Τέλος
2771 2175 2877 2245 γὰρ
2903 2174 3069 2244 νόμου
3094 2175 3351 2247 Χριστὸς,
3377 2177 3455 2239 εἰς
3478 2176 3826 2248 δικαιοσύνην
3858 2178 4025 2230 παντὶ

2442 2267 2520 2337 τῷ
2546 2267 2880 2322 πιστεύοντι.
2915 2285 2934 2319 ι
2979 2266 3198 2339 Ἐπειδὴ
3226 2268 3361 2331 ὅλως
3394 2268 3743 2340 δικαιοσύνην
3769 2270 4026 2339 ὠνόμασε

2442 2361 2542 2431 τὴν
2580 2362 2639 2413 ὲν
2681 2361 2760 2432 τῷ
2809 2360 2979 2432 νόμῳ,
3017 2362 3105 2415 ἵνα
3141 2362 3219 2432 μὴ
3258 2362 3488 2415 εἴπωσιν
3536 2364 3584 2415 οί
3632 2362 3692 2428 ἐξ
3755 2361 4026 2433 Ἐϐραίων

2446 2451 2862 2518 πιστεύσαντες,
2896 2454 2977 2507 ὅτι
3017 2452 3217 2507 Λοιπὸν
3255 2454 3759 2524 παρηνομήσαμεν,
3791 2454 4029 2521 ἀφέντες

2444 2544 2540 2615 τὴν
2572 2544 2923 2615 δικαιοσύνην
2953 2544 3161 2616 ταύτην
3183 2561 3197 2576 ο
3233 2546 3325 2599 καὶ
3357 2544 3538 2609 πάλιν,
3568 2548 3614 2597 οἱ
3638 2545 3715 2597 ἔτι
3738 2545 4029 2598 ἀπιστοῦν·

2444 2654 2536 2699 τες
2590 2637 2676 2689 ἵνα
2728 2635 2803 2707 μὴ
2845 2636 3011 2706 ἔχωσι
3051 2636 3254 2705 λέγειν,
3290 2636 3372 2689 ὅτι
3431 2636 3655 2706 Ἐπειδὴ
3703 2636 4027 2706 δικαιοσύνη

2445 2729 2581 2793 ὅλως
2603 2730 2751 2781 ἐστὶν
2778 2729 2836 2781 ὲν
2864 2727 2940 2798 τῷ
2971 2729 3142 2798 νόμῳ,
3172 2728 3221 2780 εί
3244 2726 3338 2781 καὶ
3370 2727 3446 2797 μή
3472 2727 3566 2780 νῦν
3600 2727 4026 2799 ὲπληρώσαμεν,

2446 2820 2582 2873 ἀλλὰ
2614 2820 2834 2884 πάντως
2883 2820 3013 2874 ποτὲ
3068 2818 3471 2891 πληρώσομενο
3522 2822 3687 2889 φησὶν
3735 2819 4027 2892 ἀμςρότερα

2445 2912 2618 2966 ταῦτα
2650 2912 2910 2982 ἀναιρῶν,
2952 2910 3034 2964 ὅτι
3086 2910 3254 2974 Τέλος
3292 2911 3460 2982 νόμου
3510 2912 3539 2964 6
3572 2912 3810 2982 Χριστός
3846 2912 4025 2965 ἐστιν.

2454 3007 2519 3059 Ὃ
2552 3006 2661 3077 γὰρ
2691 3004 2954 3076 ήϐούλετο
3001 3005 3101 3075 μὲν
3150 3003 3178 3056 6
3222 3005 3423 3075 νόμος,
3460 3004 3561 3057 οὐκ
3608 3003 3894 3057 ἐτελείωσε
3947 3002 4027 3067 δὲ,

2448 3096 2607 3151 τοῦτο
2649 3098 2964 3150 ἐτελείωσεν
3011 3098 3039 3149 6
3083 3096 3340 3167 Χριστὸς,
3372 3096 3434 3150 τὸ
3477 3096 3765 3149 δικαιῶσαι
3809 3095 3903 3149 τὸν
3930 3094 4028 3148 ἄν·

2450 3188 2688 3259 θρωπον.
2718 3189 2883 3241 Ὥστε
2933 3189 3010 3260 μὴ
3043 3187 3193 3255 λέγε,
3224 3191 3251 3241 6
3283 3187 3583 3250 πιστεύσας
3625 3187 3688 3251 ἐξ
3732 3186 4030 3257 Ἐϐραίων,

2372 3260 2414 3317 C
2448 3282 2531 3334 ὅτι
2562 3281 2986 3351 παρηνόμησας,
3029 3280 3166 3334 ἀλλὰ
3206 3279 3407 3351 μᾶλλον
3444 3281 3505 3332 τὸ
3538 3279 3785 3350 βούλημα
3814 3279 3909 3332 τοῦ
3941 3280 4030 3335 νό-

2453 3390 2555 3442 μου
2590 3366 2731 3434 εἷδες
2764 3375 2822 3425 ὲν
2872 3372 2955 3424 σοὶ
2989 3371 3279 3425 τελειωθὲν
3306 3371 3354 3403 ⁸⁸
3400 3370 3490 3425 διὰ
3534 3371 3637 3440 τῆς
3682 3373 3763 3435 εἰς
3794 3372 4035 3443 Χριστὸν

2459 3467 2716 3529 πίστεως.
2748 3465 2901 3535 Μηδὲ
2932 3464 3119 3531 πάλιν,
3150 3465 3177 3517 6
3209 3467 3377 3535 μήπω
3411 3461 3709 3527 πιστεύσας
3756 3463 4033 3527 Ἰουδαῖος,

2452 3556 2662 3621 ἔλπιζε,
2694 3557 2774 3609 ὅτι
2823 3554 3245 3625 τελειωθήσεταί
3290 3570 3372 3607 σοι
3413 3552 3783 3623 ήδικαιοσύνη
3812 3553 3901 3607 διὰ
3940 3554 4035 3607 τοῦ

2455 3649 2655 3718 νόμουο
2701 3649 2728 3700 6
2761 3648 2870 3718 γὰρ
2913 3647 3149 3718 Χριστός
3188 3645 3337 3698 ἐστιν
3387 3648 3415 3698 6
3466 3646 3757 3717 τελειωτὴς
3803 3647 4036 3719 ταύτης.

2456 3741 2620 3793 Ὥστε
2643 3742 2690 3792 εί
2719 3740 2937 3809 μέλλεις
2963 3739 3060 3811 τήν
3089 3739 3446 3808 δικαιοσύνην
3476 3740 3648 3809 σχεῖν,
3673 3739 3764 3792 τὸν
3796 3741 4040 3809 Χριστὸν

2454 3835 2587 3889 λάϐε
2640 3834 2728 3887 διὰ
2770 3835 3041 3897 πίστεως,
3092 3834 3188 3886 καὶ
3233 3833 3377 3899 ἕξεις
3430 3832 3492 3885 τὸ
3528 3836 3661 3886 πᾶν.

2533 3944 2551 3977 ι
2591 3925 2795 3994 Μωσῆς
2828 3926 2936 3993 γὰρ
2972 3924 3175 3993 γράφει
3206 3924 3304 3993 τὴν
3336 3923 3693 3995 δικαιοσύνην
3722 3925 3820 3997 τὴν
3848 3928 3913 3979 ἐκ
3942 3926 4040 3980 τοῦ

2457 4018 2646 4087 νόμου,
2682 4020 2763 4070 ὅτι
2798 4018 2858 4070 '0
2897 4018 3137 4085 ποιήσας
3164 4017 3301 4070 αὐτὰ
3341 4016 3660 4087 ἄνθρωπος,
3702 4017 3929 4088 ζήσεται
3978 4022 4042 4075 ὲν

2458 4111 2663 4172 αὐτοῖς.
2690 4127 2719 4159 ἰ
2768 4108 3061 4163 Πιστοῦται
3093 4109 3121 4160 6
3150 4104 3326 4173 εἷπεν,
3378 4109 3461 4161 ὅτι
3496 4109 3523 4162 6
3565 4110 3732 4180 νόμος
3776 4111 3879 4164 οὐκ
3918 4113 4044 4165 ἐτε-

2458 4201 2673 4267 λείωσε,
2709 4199 2867 4253 τοῦτο
2901 4200 3137 4269 Χριστὸς
3176 4200 3501 4268 ἐπλήρωσε·
3539 4201 3633 4253 καί
3665 4218 3854 4270 φησιν,
3891 4202 3973 4255 ὅτι
4014 4203 4045 4253 6

2459 4295 2665 4365 Μωσῆς
2695 4292 2784 4346 διὰ
2812 4291 2920 4345 τῶν
2953 4295 3129 4360 ἔργων
3161 4292 3309 4359 λέγει
3337 4292 3683 4347 δικαιοῦσθαι
3713 4294 3804 4347 τὸν
3833 4295 4047 4366 ἄνθρω-

2463 4403 2588 4441 ποψ
2625 4371 2695 4439 τὰ
2723 4384 2780 4439 δὲ
2812 4384 2950 4454 ἔργα
2985 4384 3160 4446 οὐδεὶς
3201 4382 3398 4453 εὑρέθη
3436 4383 3755 4455 πληρώσας.
3786 4386 3953 4439 Ὥστε
3983 4388 4045 4440 ὲν

2462 4479 2613 4549 νόμῳ
2637 4479 2738 4531 οὐκ
2768 4478 2882 4531 ἔστι
2909 4476 3135 4530 δυνατὸν
3167 4475 3551 4546 δικαιωθῆναι.

2539 4592 2557 4624 ι
2609 4572 2671 4625 Ἢ
2704 4570 2761 4624 δὲ
2787 4572 2851 4622 ὲκ
2893 4570 3129 4631 πίστεως
3161 4568 3502 4639 δικαιοσύνη,
3547 4568 3693 4623 οὕτω
3723 4570 3915 4639 λέγει’
3951 4572 4047 4639 Μὴ

2462 4666 2626 4735 εῐπῃς
2675 4664 2733 4716 ἐν
2779 4664 2845 4733 τῇ
2893 4661 3100 4731 καρδία
3142 4675 3268 4713 σου·
3314 4660 3411 4725 Τίς
3459 4660 3797 4731 ἀναϐήσεται
3838 4664 3920 4726 είς
3954 4664 4050 4716 τὸν

2460 4753 2728 4825 ούραν6ν;
2769 4752 2929 4805 Τοῦτ’
2961 4750 3077 4803 ἔστι
3120 4750 3359 4820 Χριστὸν
3403 4754 3762 4819 καταγαγεῖν.
3808 4752 3900 4816 Ἦ,
3949 4754 4050 4817 Τίς

2460 4846 2835 4918 καταϐήσεται
2866 4846 2945 4907 είς
2970 4843 3069 4913 τὴν
3096 4841 3371 4909 ἄϐυσσον;
3404 4843 3550 4897 τοῦτ’
3573 4845 3689 4899 ἔστι
3718 4846 3955 4914 Χριστὸν
3981 4848 4051 4901 ἐκ

2460 4941 2671 5011 νεκρῶν
2717 4939 3037 5005 ἀναγαγεῖν.
3088 4937 3251 4989 Ἀλλὰ
3284 4937 3336 4989 τί
3388 4936 3577 5003 λέγει;
3616 4936 3813 5003 Ἐγγύς
3856 4956 3950 4991 σου
3987 4940 4051 4993 τὲ

2462 5034 2616 5104 ῥῆμά
2647 5033 2793 5084 ἐστιν
2842 5031 2901 5082 ἐν
2952 5032 3019 5099 τῇ
3062 5030 3259 5101 καρδίᾳ
3289 5046 3406 5087 σου.
3459 5031 3552 5081 καὶ
3592 5032 3649 5080 ἐν
3692 5029 3769 5097 τῷ
3819 5032 4052 5099 στόματί

2460 5140 2575 5189 σου,
2606 5121 2754 5176 τοῦτ’
2778 5120 2916 5186 ἐστι,
2942 5120 3002 5173 τὸ
3036 5122 3187 5191 ῥῆμα
3215 5122 3313 5190 τῆς
3342 5120 3579 5182 πίστεως
3607 5120 3634 5171 ὃ
3670 5121 4050 5191 κηρύσσομεν·

2454 5218 2537 5271 ὅτι
2586 5216 2683 5269 ἐὰν
2730 5214 3076 5285 ὁμολογήσῃς
3151 5214 3209 5264 ὲν
3256 5213 3333 5281 τῷ
3386 5214 3619 5281 στόματί
3692 5230 3783 5265 σου
3840 5215 4051 5284 κύριαί

2449 5308 2691 5378 Ἰησοῦν,
2724 5308 2819 5360 καὶ
2857 5306 3161 5378 πιστεύσῃς
3190 5308 3248 5358 ἑν
3276 5308 3341 5376 τῇ
3379 5306 3575 5376 καρδίᾳ
3614 5323 3728 5368 σου,
3762 5308 3843 5359 δτι
3865 5309 3892 5358 ὁ
3917 5308 4054 5371 θεὶς

2457 5402 2620 5456 αὑτὸν
2655 5402 2874 5470 ἤγειρεν
2908 5401 2971 5451 ὲκ
2998 5398 3229 5468 νεκρῶν,
3263 5398 3502 5470 σωθήσῃ.
3550 5416 3569 5449 ι
3624 5398 3841 5468 Ἐπειδὴ
3882 5400 4054 5468 ἧκον-

2460 5510 2556 5555 σας
2588 5491 2656 5545 τὰ
2700 5490 2792 5542 τοῦ
2823 5488 2989 5559 νόμου
3034 5488 3173 5559 ἔργα
3210 5489 3285 5560 μὴ
3330 5488 3592 5544 δύνασθαι
3629 5489 3923 5542 δικαιῶσλ
3959 5494 4056 5543 iv-

866 5651 885 5676 ι
912 5640 1118 5695 llaruclt
1157 5641 1323 5704 ΝΛΞ.
1409 5642 1617 5697 ιιωυῑι.
1645 5650 1795 5704 Χιίιι,
1827 5644 1878 5697 5.
1950 5652 1973 5679 υ
2015 5642 2175 5699 Deut.
2213 5662 2342 5709 xxx,
2385 5646 2468 5699 l2.

2151 5760 2351 5823 Varia:
2393 5759 2721 5823 lectiones.

867 5857 907 5885 δν
952 5857 1335 5924 παραδοθέντος
1369 5874 1418 5913 υ.

1497 5860 1540 5889 ⁵³
1565 5859 1746 5923 αὐτοῖς
1772 5875 1821 5914 υ.
1905 5861 1949 5891 ⁸³
1976 5860 2142 5933 χάρις
2180 5879 2253 5917 ιιι.
2334 5862 2379 5895 ⁸³
2416 5860 2705 5932 πληρωθὲν
2762 5876 2814 5915 ο.
