  <div class='ocr_page' id='page_1' title='image "/cluster/home/n/w/nwhite01/storage/ocr_20150623/124/nnc1.0046979735/258.png"; bbox 0 0 4286 6444; ppageno 0'>
   <div class='ocr_carea' id='block_1_1' title="bbox 286 402 393 464">
    <p class='ocr_par' dir='ltr' id='par_1_1' title="bbox 286 402 393 464">
     <span class='ocr_line' id='line_1_1' title="bbox 286 402 393 464; baseline 0.037 -4"><span class='ocrx_word' id='word_1_1' title='bbox 286 402 393 464; x_wconf 61' lang='lat'><strong>.577</strong></span> 
     </span>
    </p>
   </div>
   <div class='ocr_carea' id='block_1_2' title="bbox 281 602 1864 678">
    <p class='ocr_par' dir='ltr' id='par_1_2' title="bbox 281 602 1864 678">
     <span class='ocr_line' id='line_1_2' title="bbox 281 602 1864 678; baseline -0.004 -15"><span class='ocrx_word' id='word_1_2' title='bbox 281 627 391 672; x_wconf 87' lang='grc' dir='ltr'><strong>νως</strong></span> <span class='ocrx_word' id='word_1_3' title='bbox 442 608 532 661; x_wconf 70' lang='grc' dir='ltr'><strong>καὶ</strong></span> <span class='ocrx_word' id='word_1_4' title='bbox 570 606 799 678; x_wconf 72' lang='grc' dir='ltr'>ῥᾳδίωςο</span> <span class='ocrx_word' id='word_1_5' title='bbox 843 604 1026 655; x_wconf 84' lang='grc' dir='ltr'>πίστιν</span> <span class='ocrx_word' id='word_1_6' title='bbox 1054 602 1163 671; x_wconf 78' lang='grc' dir='ltr'><strong>γὰρ</strong></span> <span class='ocrx_word' id='word_1_7' title='bbox 1209 602 1365 672; x_wconf 77' lang='grc' dir='ltr'>ζητεῖ</span> <span class='ocrx_word' id='word_1_8' title='bbox 1392 605 1454 654; x_wconf 84' lang='grc' dir='ltr'>ἐκ</span> <span class='ocrx_word' id='word_1_9' title='bbox 1489 605 1736 673; x_wconf 79' lang='grc' dir='ltr'><strong>καρδίας,</strong></span> <span class='ocrx_word' id='word_1_10' title='bbox 1772 606 1864 656; x_wconf 73' lang='grc' dir='ltr'>καὶ</span> 
     </span>
    </p>
   </div>
   <div class='ocr_carea' id='block_1_3' title="bbox 282 694 1865 772">
    <p class='ocr_par' dir='ltr' id='par_1_3' title="bbox 282 694 1865 772">
     <span class='ocr_line' id='line_1_3' title="bbox 282 694 1865 772; baseline -0.005 -16"><span class='ocrx_word' id='word_1_11' title='bbox 282 701 578 772; x_wconf 71' lang='grc' dir='ltr'><strong>ὁμολογίαν</strong></span> <span class='ocrx_word' id='word_1_12' title='bbox 609 700 671 750; x_wconf 90' lang='grc' dir='ltr'><strong>ἐκ</strong></span> <span class='ocrx_word' id='word_1_13' title='bbox 710 696 1000 767; x_wconf 84' lang='grc' dir='ltr'>στόματος.</span> <span class='ocrx_word' id='word_1_14' title='bbox 1035 695 1360 762; x_wconf 81' lang='grc' dir='ltr'><strong>Ἀναγκαῖον</strong></span> <span class='ocrx_word' id='word_1_15' title='bbox 1393 694 1448 747; x_wconf 83' lang='grc' dir='ltr'><strong>δὲ</strong></span> <span class='ocrx_word' id='word_1_16' title='bbox 1484 696 1778 767; x_wconf 73' lang='grc' dir='ltr'><strong>σαφηνίσαι</strong></span> <span class='ocrx_word' id='word_1_17' title='bbox 1807 697 1865 749; x_wconf 78' lang='grc' dir='ltr'><strong>τὸ</strong></span> 
     </span>
    </p>
   </div>
   <div class='ocr_carea' id='block_1_4' title="bbox 289 787 1865 866">
    <p class='ocr_par' dir='ltr' id='par_1_4' title="bbox 289 787 1865 866">
     <span class='ocr_line' id='line_1_4' title="bbox 289 787 1865 866; baseline -0.005 -20"><span class='ocrx_word' id='word_1_18' title='bbox 289 799 455 866; x_wconf 79' lang='grc' dir='ltr'>ῥητὸν</span> <span class='ocrx_word' id='word_1_19' title='bbox 504 792 877 860; x_wconf 83' lang='grc' dir='ltr'>πλατυτέρως,</span> <span class='ocrx_word' id='word_1_20' title='bbox 928 788 1010 852; x_wconf 84' lang='grc' dir='ltr'>τὸ,</span> <span class='ocrx_word' id='word_1_21' title='bbox 1062 807 1078 838; x_wconf 81' lang='lat' dir='ltr'><strong>t</strong></span> <span class='ocrx_word' id='word_1_22' title='bbox 1143 789 1236 850; x_wconf 86' lang='grc' dir='ltr'><strong>Τίς</strong></span> <span class='ocrx_word' id='word_1_23' title='bbox 1279 787 1616 857; x_wconf 74' lang='grc' dir='ltr'>ἀναϐήσεται</span> <span class='ocrx_word' id='word_1_24' title='bbox 1659 790 1737 852; x_wconf 85' lang='grc' dir='ltr'>εἰς</span> <span class='ocrx_word' id='word_1_25' title='bbox 1776 789 1865 839; x_wconf 80' lang='grc' dir='ltr'>τὸν</span> 
     </span>
    </p>
   </div>
   <div class='ocr_carea' id='block_1_5' title="bbox 279 879 1858 955">
    <p class='ocr_par' dir='ltr' id='par_1_5' title="bbox 279 879 1858 955">
     <span class='ocr_line' id='line_1_5' title="bbox 279 879 1858 955; baseline -0.006 -17"><span class='ocrx_word' id='word_1_26' title='bbox 279 886 541 955; x_wconf 74' lang='grc' dir='ltr'>οὐρανόν;</span> <span class='ocrx_word' id='word_1_27' title='bbox 572 903 590 935; x_wconf 79' lang='grc'><strong><em>›</em></strong></span> <span class='ocrx_word' id='word_1_28' title='bbox 622 884 734 947; x_wconf 65' lang='grc' dir='ltr'>καὶ,</span> <span class='ocrx_word' id='word_1_29' title='bbox 763 901 778 934; x_wconf 81' lang='grc' dir='ltr'><strong>ι</strong></span> <span class='ocrx_word' id='word_1_30' title='bbox 810 880 905 943; x_wconf 90' lang='grc' dir='ltr'>Τίς</span> <span class='ocrx_word' id='word_1_31' title='bbox 930 880 1298 949; x_wconf 75' lang='grc' dir='ltr'>καταϐήσεται</span> <span class='ocrx_word' id='word_1_32' title='bbox 1321 881 1400 940; x_wconf 87' lang='grc' dir='ltr'><strong>είς</strong></span> <span class='ocrx_word' id='word_1_33' title='bbox 1425 879 1522 946; x_wconf 80' lang='grc' dir='ltr'>τὴν</span> <span class='ocrx_word' id='word_1_34' title='bbox 1550 879 1814 942; x_wconf 78' lang='grc' dir='ltr'>ά6υσσον;</span> <span class='ocrx_word' id='word_1_35' title='bbox 1843 899 1858 928; x_wconf 80' lang='grc' dir='ltr'><strong>ι</strong></span> 
     </span>
    </p>
   </div>
   <div class='ocr_carea' id='block_1_6' title="bbox 280 971 1866 1042">
    <p class='ocr_par' dir='ltr' id='par_1_6' title="bbox 280 971 1866 1042">
     <span class='ocr_line' id='line_1_6' title="bbox 280 971 1866 1042; baseline -0.006 -11"><span class='ocrx_word' id='word_1_36' title='bbox 280 980 422 1031; x_wconf 69' lang='grc' dir='ltr'>Ἀπὸ</span> <span class='ocrx_word' id='word_1_37' title='bbox 474 977 565 1029; x_wconf 75' lang='grc' dir='ltr'>τοῦ</span> <span class='ocrx_word' id='word_1_38' title='bbox 617 975 862 1034; x_wconf 79' lang='grc' dir='ltr'>Μωσέως</span> <span class='ocrx_word' id='word_1_39' title='bbox 896 974 1150 1042; x_wconf 76' lang='grc' dir='ltr'>εἴληπται</span> <span class='ocrx_word' id='word_1_40' title='bbox 1196 971 1272 1040; x_wconf 81' lang='grc' dir='ltr'><strong>τῷ</strong></span> <span class='ocrx_word' id='word_1_41' title='bbox 1328 971 1637 1039; x_wconf 70' lang='grc' dir='ltr'>Ἀποστολῳ</span> <span class='ocrx_word' id='word_1_42' title='bbox 1675 971 1866 1038; x_wconf 85' lang='grc' dir='ltr'>νοηθὲν</span> 
     </span>
    </p>
   </div>
   <div class='ocr_carea' id='block_1_7' title="bbox 282 1064 1864 1141">
    <p class='ocr_par' dir='ltr' id='par_1_7' title="bbox 282 1064 1864 1141">
     <span class='ocr_line' id='line_1_7' title="bbox 282 1064 1864 1141; baseline -0.007 -15"><span class='ocrx_word' id='word_1_43' title='bbox 282 1074 428 1126; x_wconf 75' lang='grc' dir='ltr'>κατα</span> <span class='ocrx_word' id='word_1_44' title='bbox 450 1071 545 1141; x_wconf 76' lang='grc' dir='ltr'><strong>τὴν</strong></span> <span class='ocrx_word' id='word_1_45' title='bbox 575 1069 824 1138; x_wconf 79' lang='grc' dir='ltr'><strong>μεγάλην</strong></span> <span class='ocrx_word' id='word_1_46' title='bbox 849 1065 1012 1120; x_wconf 75' lang='grc' dir='ltr'>αὐτοῦ</span> <span class='ocrx_word' id='word_1_47' title='bbox 1038 1065 1252 1133; x_wconf 73' lang='grc' dir='ltr'>σοφίαν.</span> <span class='ocrx_word' id='word_1_48' title='bbox 1291 1064 1349 1116; x_wconf 88' lang='grc' dir='ltr'><strong>Ὀ</strong></span> <span class='ocrx_word' id='word_1_49' title='bbox 1378 1065 1474 1134; x_wconf 83' lang='grc' dir='ltr'><strong>μὲν</strong></span> <span class='ocrx_word' id='word_1_50' title='bbox 1497 1064 1605 1134; x_wconf 67' lang='grc' dir='ltr'>γὰρ</span> <span class='ocrx_word' id='word_1_51' title='bbox 1629 1065 1864 1126; x_wconf 81' lang='grc' dir='ltr'>Μωσῆς,</span> 
     </span>
    </p>
   </div>
   <div class='ocr_carea' id='block_1_8' title="bbox 279 1157 1867 1232">
    <p class='ocr_par' dir='ltr' id='par_1_8' title="bbox 279 1157 1867 1232">
     <span class='ocr_line' id='line_1_8' title="bbox 279 1157 1867 1232; baseline -0.007 -14"><span class='ocrx_word' id='word_1_52' title='bbox 279 1167 407 1218; x_wconf 80' lang='grc' dir='ltr'>ὅσον</span> <span class='ocrx_word' id='word_1_53' title='bbox 442 1163 582 1217; x_wconf 76' lang='grc' dir='ltr'>κατὰ</span> <span class='ocrx_word' id='word_1_54' title='bbox 614 1163 674 1215; x_wconf 72' lang='grc' dir='ltr'><strong>τὸ</strong></span> <span class='ocrx_word' id='word_1_55' title='bbox 704 1162 963 1232; x_wconf 85' lang='grc' dir='ltr'>γράμμα,</span> <span class='ocrx_word' id='word_1_56' title='bbox 994 1157 1152 1211; x_wconf 78' lang='grc' dir='ltr'>τοῦτό</span> <span class='ocrx_word' id='word_1_57' title='bbox 1175 1159 1221 1190; x_wconf 84' lang='grc'><strong>⁵⁸</strong></span> <span class='ocrx_word' id='word_1_58' title='bbox 1249 1175 1434 1228; x_wconf 79' lang='grc' dir='ltr'>φησιν,</span> <span class='ocrx_word' id='word_1_59' title='bbox 1468 1159 1549 1210; x_wconf 85' lang='grc' dir='ltr'>ὅτι</span> <span class='ocrx_word' id='word_1_60' title='bbox 1587 1158 1649 1210; x_wconf 84' lang='grc' dir='ltr'><strong><em>Ἡ</em></strong></span> <span class='ocrx_word' id='word_1_61' title='bbox 1680 1158 1867 1228; x_wconf 79' lang='grc' dir='ltr'>ἐντολὴ</span> 
     </span>
    </p>
   </div>
   <div class='ocr_carea' id='block_1_9' title="bbox 280 1244 1866 1325">
    <p class='ocr_par' dir='ltr' id='par_1_9' title="bbox 280 1244 1866 1325">
     <span class='ocr_line' id='line_1_9' title="bbox 280 1244 1866 1325; baseline -0.006 -14"><span class='ocrx_word' id='word_1_62' title='bbox 280 1259 378 1311; x_wconf 75' lang='grc' dir='ltr'>τοῦ</span> <span class='ocrx_word' id='word_1_63' title='bbox 415 1257 552 1310; x_wconf 84' lang='grc' dir='ltr'><strong>Θεοῦ</strong></span> <span class='ocrx_word' id='word_1_64' title='bbox 606 1256 713 1325; x_wconf 82' lang='grc' dir='ltr'>πρὸ</span> <span class='ocrx_word' id='word_1_65' title='bbox 753 1253 1050 1323; x_wconf 70' lang='grc' dir='ltr'>ὀφθαλμῶν</span> <span class='ocrx_word' id='word_1_66' title='bbox 1090 1270 1172 1304; x_wconf 92' lang='grc' dir='ltr'><strong>σοι</strong></span> <span class='ocrx_word' id='word_1_67' title='bbox 1204 1253 1249 1284; x_wconf 78' lang='grc'><strong>⁵⁸</strong></span> <span class='ocrx_word' id='word_1_68' title='bbox 1291 1252 1492 1316; x_wconf 85' lang='grc' dir='ltr'>κεῖται,</span> <span class='ocrx_word' id='word_1_69' title='bbox 1548 1244 1592 1303; x_wconf 81' lang='grc' dir='ltr'><strong>ὦ</strong></span> <span class='ocrx_word' id='word_1_70' title='bbox 1626 1249 1866 1310; x_wconf 83' lang='grc' dir='ltr'>Ἰουδαῖε,</span> 
     </span>
    </p>
   </div>
   <div class='ocr_carea' id='block_1_10' title="bbox 284 1340 1869 1412">
    <p class='ocr_par' dir='ltr' id='par_1_10' title="bbox 284 1340 1869 1412">
     <span class='ocr_line' id='line_1_10' title="bbox 284 1340 1869 1412; baseline -0.006 -12"><span class='ocrx_word' id='word_1_71' title='bbox 284 1351 382 1400; x_wconf 87' lang='grc' dir='ltr'><strong>καί</strong></span> <span class='ocrx_word' id='word_1_72' title='bbox 405 1347 464 1398; x_wconf 73' lang='grc' dir='ltr'>οὗ</span> <span class='ocrx_word' id='word_1_73' title='bbox 491 1346 572 1398; x_wconf 85' lang='grc' dir='ltr'><strong>δεῖ</strong></span> <span class='ocrx_word' id='word_1_74' title='bbox 604 1362 662 1397; x_wconf 91' lang='grc' dir='ltr'><strong>σε</strong></span> <span class='ocrx_word' id='word_1_75' title='bbox 693 1343 816 1396; x_wconf 74' lang='grc' dir='ltr'>οὔτε</span> <span class='ocrx_word' id='word_1_76' title='bbox 846 1344 924 1404; x_wconf 84' lang='grc' dir='ltr'>εἰς</span> <span class='ocrx_word' id='word_1_77' title='bbox 959 1342 1050 1395; x_wconf 86' lang='grc' dir='ltr'>τὸν</span> <span class='ocrx_word' id='word_1_78' title='bbox 1081 1340 1309 1412; x_wconf 83' lang='grc' dir='ltr'>οὐρανὸν</span> <span class='ocrx_word' id='word_1_79' title='bbox 1338 1340 1602 1404; x_wconf 81' lang='grc' dir='ltr'><strong>ἀνελθεῖν,</strong></span> <span class='ocrx_word' id='word_1_80' title='bbox 1636 1341 1723 1393; x_wconf 84' lang='grc' dir='ltr'>ἵνα</span> <span class='ocrx_word' id='word_1_81' title='bbox 1745 1341 1869 1392; x_wconf 91' lang='grc' dir='ltr'>ταύ-</span> 
     </span>
    </p>
   </div>
   <div class='ocr_carea' id='block_1_11' title="bbox 279 1432 1872 1509">
    <p class='ocr_par' dir='ltr' id='par_1_11' title="bbox 279 1432 1872 1509">
     <span class='ocr_line' id='line_1_11' title="bbox 279 1432 1872 1509; baseline -0.005 -18"><span class='ocrx_word' id='word_1_82' title='bbox 279 1458 385 1509; x_wconf 83' lang='grc' dir='ltr'><strong>την</strong></span> <span class='ocrx_word' id='word_1_83' title='bbox 411 1437 609 1508; x_wconf 77' lang='grc' dir='ltr'>εὕρῃςο</span> <span class='ocrx_word' id='word_1_84' title='bbox 637 1436 764 1489; x_wconf 71' lang='grc' dir='ltr'>οὗτε</span> <span class='ocrx_word' id='word_1_85' title='bbox 799 1437 877 1497; x_wconf 83' lang='grc' dir='ltr'>είς</span> <span class='ocrx_word' id='word_1_86' title='bbox 905 1435 1002 1503; x_wconf 79' lang='grc' dir='ltr'>τὴν</span> <span class='ocrx_word' id='word_1_87' title='bbox 1031 1433 1268 1487; x_wconf 76' lang='grc' dir='ltr'>ἄϐυσσον</span> <span class='ocrx_word' id='word_1_88' title='bbox 1299 1432 1600 1494; x_wconf 76' lang='grc' dir='ltr'><strong>κατελθεῖν,</strong></span> <span class='ocrx_word' id='word_1_89' title='bbox 1639 1433 1721 1483; x_wconf 77' lang='grc' dir='ltr'>ἵνα</span> <span class='ocrx_word' id='word_1_90' title='bbox 1745 1432 1872 1484; x_wconf 75' lang='grc' dir='ltr'>ταύ-</span> 
     </span>
    </p>
   </div>
   <div class='ocr_carea' id='block_1_12' title="bbox 280 1525 1869 1603">
    <p class='ocr_par' dir='ltr' id='par_1_12' title="bbox 280 1525 1869 1603">
     <span class='ocr_line' id='line_1_12' title="bbox 280 1525 1869 1603; baseline -0.005 -19"><span class='ocrx_word' id='word_1_91' title='bbox 280 1550 385 1603; x_wconf 83' lang='grc' dir='ltr'><strong>την</strong></span> <span class='ocrx_word' id='word_1_92' title='bbox 416 1531 613 1603; x_wconf 79' lang='grc' dir='ltr'>λάϐῃς·</span> <span class='ocrx_word' id='word_1_93' title='bbox 654 1529 778 1582; x_wconf 75' lang='grc' dir='ltr'>οὔτε</span> <span class='ocrx_word' id='word_1_94' title='bbox 811 1531 890 1592; x_wconf 85' lang='grc' dir='ltr'><strong>είς</strong></span> <span class='ocrx_word' id='word_1_95' title='bbox 919 1528 988 1580; x_wconf 84' lang='grc' dir='ltr'><strong>τὰ</strong></span> <span class='ocrx_word' id='word_1_96' title='bbox 1027 1529 1200 1597; x_wconf 87' lang='grc' dir='ltr'>πέραν</span> <span class='ocrx_word' id='word_1_97' title='bbox 1226 1528 1325 1597; x_wconf 82' lang='grc' dir='ltr'><strong>τῆς</strong></span> <span class='ocrx_word' id='word_1_98' title='bbox 1368 1525 1646 1595; x_wconf 73' lang='grc' dir='ltr'><strong>θαλάσσης</strong></span> <span class='ocrx_word' id='word_1_99' title='bbox 1679 1525 1869 1594; x_wconf 73' lang='grc' dir='ltr'>διαϐῆ-</span> 
     </span>
    </p>
   </div>
   <div class='ocr_carea' id='block_1_13' title="bbox 284 1619 1869 1692">
    <p class='ocr_par' dir='ltr' id='par_1_13' title="bbox 284 1619 1869 1692">
     <span class='ocr_line' id='line_1_13' title="bbox 284 1619 1869 1692; baseline -0.004 -16"><span class='ocrx_word' id='word_1_100' title='bbox 284 1645 400 1678; x_wconf 81' lang='grc' dir='ltr'>ναι·</span> <span class='ocrx_word' id='word_1_101' title='bbox 432 1625 547 1678; x_wconf 85' lang='grc' dir='ltr'>ἀλλ’</span> <span class='ocrx_word' id='word_1_102' title='bbox 573 1627 740 1692; x_wconf 87' lang='grc' dir='ltr'>ἐγγύς</span> <span class='ocrx_word' id='word_1_103' title='bbox 767 1623 860 1675; x_wconf 92' lang='grc' dir='ltr'><strong>σού</strong></span> <span class='ocrx_word' id='word_1_104' title='bbox 889 1625 1057 1686; x_wconf 89' lang='grc' dir='ltr'>ἐστιν,</span> <span class='ocrx_word' id='word_1_105' title='bbox 1092 1624 1148 1673; x_wconf 94' lang='grc' dir='ltr'><strong>ἐν</strong></span> <span class='ocrx_word' id='word_1_106' title='bbox 1173 1621 1248 1690; x_wconf 82' lang='grc' dir='ltr'><strong>τῷ</strong></span> <span class='ocrx_word' id='word_1_107' title='bbox 1275 1620 1507 1689; x_wconf 82' lang='grc' dir='ltr'>στόματί</span> <span class='ocrx_word' id='word_1_108' title='bbox 1537 1637 1650 1682; x_wconf 91' lang='grc' dir='ltr'>σου,</span> <span class='ocrx_word' id='word_1_109' title='bbox 1690 1619 1780 1671; x_wconf 76' lang='grc' dir='ltr'><strong>καὶ</strong></span> <span class='ocrx_word' id='word_1_110' title='bbox 1813 1622 1869 1670; x_wconf 82' lang='grc' dir='ltr'><strong>ἐν</strong></span> 
     </span>
    </p>
   </div>
   <div class='ocr_carea' id='block_1_14' title="bbox 280 1710 1872 1788">
    <p class='ocr_par' dir='ltr' id='par_1_14' title="bbox 280 1710 1872 1788">
     <span class='ocr_line' id='line_1_14' title="bbox 280 1710 1872 1788; baseline -0.005 -17"><span class='ocrx_word' id='word_1_111' title='bbox 280 1723 347 1788; x_wconf 85' lang='grc' dir='ltr'>τῇ</span> <span class='ocrx_word' id='word_1_112' title='bbox 375 1717 584 1787; x_wconf 67' lang='grc' dir='ltr'>διανοίᾳ.</span> <span class='ocrx_word' id='word_1_113' title='bbox 621 1733 736 1768; x_wconf 89' lang='grc' dir='ltr'>σου.</span> <span class='ocrx_word' id='word_1_114' title='bbox 776 1717 960 1769; x_wconf 86' lang='grc' dir='ltr'>Πάντα</span> <span class='ocrx_word' id='word_1_115' title='bbox 999 1715 1105 1784; x_wconf 77' lang='grc' dir='ltr'><strong>γάρ</strong></span> <span class='ocrx_word' id='word_1_116' title='bbox 1147 1711 1400 1776; x_wconf 79' lang='grc' dir='ltr'>ὑπέδειξέ</span> <span class='ocrx_word' id='word_1_117' title='bbox 1432 1715 1570 1764; x_wconf 88' lang='grc' dir='ltr'>σοιό</span> <span class='ocrx_word' id='word_1_118' title='bbox 1605 1711 1737 1773; x_wconf 76' lang='grc' dir='ltr'>Θεὸς</span> <span class='ocrx_word' id='word_1_119' title='bbox 1784 1710 1872 1763; x_wconf 73' lang='grc' dir='ltr'>διὰ</span> 
     </span>
    </p>
   </div>
   <div class='ocr_carea' id='block_1_15' title="bbox 282 1802 1869 1880">
    <p class='ocr_par' dir='ltr' id='par_1_15' title="bbox 282 1802 1869 1880">
     <span class='ocr_line' id='line_1_15' title="bbox 282 1802 1869 1880; baseline -0.007 -17"><span class='ocrx_word' id='word_1_120' title='bbox 282 1803 378 1863; x_wconf 67' lang='grc' dir='ltr'><strong>’εοῦ</strong></span> <span class='ocrx_word' id='word_1_121' title='bbox 415 1813 599 1880; x_wconf 83' lang='grc' dir='ltr'>νόμου.</span> <span class='ocrx_word' id='word_1_122' title='bbox 644 1810 700 1861; x_wconf 89' lang='lat'><strong>&#39;0</strong></span> <span class='ocrx_word' id='word_1_123' title='bbox 734 1809 831 1878; x_wconf 87' lang='grc' dir='ltr'><strong>μέν</strong></span> <span class='ocrx_word' id='word_1_124' title='bbox 857 1803 946 1860; x_wconf 75' lang='grc' dir='ltr'>οὖν</span> <span class='ocrx_word' id='word_1_125' title='bbox 970 1807 1175 1875; x_wconf 76' lang='grc' dir='ltr'>Μωσῆς</span> <span class='ocrx_word' id='word_1_126' title='bbox 1198 1803 1339 1856; x_wconf 70' lang='grc' dir='ltr'>κατὰ</span> <span class='ocrx_word' id='word_1_127' title='bbox 1369 1804 1430 1856; x_wconf 81' lang='grc' dir='ltr'><strong>τὸ</strong></span> <span class='ocrx_word' id='word_1_128' title='bbox 1462 1804 1697 1873; x_wconf 85' lang='grc' dir='ltr'>γράμμα</span> <span class='ocrx_word' id='word_1_129' title='bbox 1729 1802 1869 1853; x_wconf 72' lang='grc' dir='ltr'>οὕτω</span> 
     </span>
    </p>
   </div>
   <div class='ocr_carea' id='block_1_16' title="bbox 282 1894 1868 1966">
    <p class='ocr_par' dir='ltr' id='par_1_16' title="bbox 282 1894 1868 1966">
     <span class='ocr_line' id='line_1_16' title="bbox 282 1894 1868 1966; baseline -0.007 -12"><span class='ocrx_word' id='word_1_130' title='bbox 282 1903 432 1954; x_wconf 85' lang='grc' dir='ltr'>δοκεῖ</span> <span class='ocrx_word' id='word_1_131' title='bbox 480 1901 655 1953; x_wconf 84' lang='grc' dir='ltr'>ταῦτα</span> <span class='ocrx_word' id='word_1_132' title='bbox 703 1900 916 1966; x_wconf 87' lang='grc' dir='ltr'>λέγειν·</span> <span class='ocrx_word' id='word_1_133' title='bbox 971 1898 998 1948; x_wconf 83' lang='grc' dir='ltr'>ὁ</span> <span class='ocrx_word' id='word_1_134' title='bbox 1046 1898 1101 1948; x_wconf 88' lang='grc' dir='ltr'><strong>δέ</strong></span> <span class='ocrx_word' id='word_1_135' title='bbox 1137 1895 1458 1956; x_wconf 81' lang='grc' dir='ltr'>’Λπόστολος</span> <span class='ocrx_word' id='word_1_136' title='bbox 1506 1895 1582 1954; x_wconf 76' lang='grc' dir='ltr'><strong>είς</strong></span> <span class='ocrx_word' id='word_1_137' title='bbox 1637 1894 1868 1962; x_wconf 75' lang='grc' dir='ltr'>Χριστὸν</span> 
     </span>
    </p>
   </div>
   <div class='ocr_carea' id='block_1_17' title="bbox 281 1986 1870 2056">
    <p class='ocr_par' dir='ltr' id='par_1_17' title="bbox 281 1986 1870 2056">
     <span class='ocr_line' id='line_1_17' title="bbox 281 1986 1870 2056; baseline -0.006 -11"><span class='ocrx_word' id='word_1_138' title='bbox 281 1991 457 2045; x_wconf 74' lang='grc' dir='ltr'>ταῦτα</span> <span class='ocrx_word' id='word_1_139' title='bbox 480 1991 796 2054; x_wconf 77' lang='grc' dir='ltr'>ἐξελάόετο·</span> <span class='ocrx_word' id='word_1_140' title='bbox 832 1990 1098 2051; x_wconf 80' lang='grc' dir='ltr'><strong>τουτέστι,</strong></span> <span class='ocrx_word' id='word_1_141' title='bbox 1132 1989 1222 2056; x_wconf 82' lang='grc' dir='ltr'><strong>Μὴ</strong></span> <span class='ocrx_word' id='word_1_142' title='bbox 1248 1986 1525 2055; x_wconf 76' lang='grc' dir='ltr'>διστάσῃς,</span> <span class='ocrx_word' id='word_1_143' title='bbox 1555 1986 1687 2054; x_wconf 77' lang='grc' dir='ltr'>μηδὲ</span> <span class='ocrx_word' id='word_1_144' title='bbox 1710 1987 1870 2056; x_wconf 79' lang='grc' dir='ltr'>εἴπῃς</span> 
     </span>
    </p>
   </div>
   <div class='ocr_carea' id='block_1_18' title="bbox 283 2077 1869 2154">
    <p class='ocr_par' dir='ltr' id='par_1_18' title="bbox 283 2077 1869 2154">
     <span class='ocr_line' id='line_1_18' title="bbox 283 2077 1869 2154; baseline -0.008 -14"><span class='ocrx_word' id='word_1_145' title='bbox 283 2089 342 2140; x_wconf 84' lang='grc' dir='ltr'>ὲν</span> <span class='ocrx_word' id='word_1_146' title='bbox 373 2089 438 2154; x_wconf 79' lang='grc' dir='ltr'>τῇ</span> <span class='ocrx_word' id='word_1_147' title='bbox 465 2085 674 2153; x_wconf 67' lang='grc' dir='ltr'>διανοίᾳ</span> <span class='ocrx_word' id='word_1_148' title='bbox 707 2101 798 2134; x_wconf 82' lang='grc' dir='ltr'><strong>σου</strong></span> <span class='ocrx_word' id='word_1_149' title='bbox 823 2099 834 2111; x_wconf 90' lang='grc'>·</span> <span class='ocrx_word' id='word_1_150' title='bbox 867 2082 990 2144; x_wconf 79' lang='grc' dir='ltr'><strong>Πῶς</strong></span> <span class='ocrx_word' id='word_1_151' title='bbox 1023 2082 1051 2132; x_wconf 86' lang='grc' dir='ltr'>ὁ</span> <span class='ocrx_word' id='word_1_152' title='bbox 1092 2080 1326 2145; x_wconf 80' lang='grc' dir='ltr'>Χριστὸς</span> <span class='ocrx_word' id='word_1_153' title='bbox 1365 2077 1634 2147; x_wconf 81' lang='grc' dir='ltr'>κατῆλθεν</span> <span class='ocrx_word' id='word_1_154' title='bbox 1668 2078 1731 2129; x_wconf 80' lang='grc' dir='ltr'>ἐκ</span> <span class='ocrx_word' id='word_1_155' title='bbox 1762 2077 1869 2128; x_wconf 78' lang='grc' dir='ltr'><strong>τῶν</strong></span> 
     </span>
    </p>
   </div>
   <div class='ocr_carea' id='block_1_19' title="bbox 288 2167 1868 2246">
    <p class='ocr_par' dir='ltr' id='par_1_19' title="bbox 288 2167 1868 2246">
     <span class='ocr_line' id='line_1_19' title="bbox 288 2167 1868 2246; baseline -0.006 -17"><span class='ocrx_word' id='word_1_156' title='bbox 288 2177 558 2246; x_wconf 67' lang='grc' dir='ltr'>οὐρακῶν,</span> <span class='ocrx_word' id='word_1_157' title='bbox 593 2177 683 2228; x_wconf 77' lang='grc' dir='ltr'><strong>καὶ</strong></span> <span class='ocrx_word' id='word_1_158' title='bbox 712 2173 1002 2243; x_wconf 83' lang='grc' dir='ltr'>ὲσαρκώθη</span> <span class='ocrx_word' id='word_1_159' title='bbox 1020 2189 1034 2236; x_wconf 87' lang='grc'><strong>;</strong></span> <span class='ocrx_word' id='word_1_160' title='bbox 1055 2172 1111 2241; x_wconf 79' lang='grc' dir='ltr'>ἦ,</span> <span class='ocrx_word' id='word_1_161' title='bbox 1133 2170 1254 2233; x_wconf 82' lang='grc' dir='ltr'><strong>Πῶς</strong></span> <span class='ocrx_word' id='word_1_162' title='bbox 1280 2167 1566 2222; x_wconf 84' lang='grc' dir='ltr'>ἀποθανὼν</span> <span class='ocrx_word' id='word_1_163' title='bbox 1590 2170 1784 2229; x_wconf 78' lang='grc' dir='ltr'>ἀνέστη</span> <span class='ocrx_word' id='word_1_164' title='bbox 1807 2169 1868 2220; x_wconf 83' lang='grc' dir='ltr'>ἐκ</span> 
     </span>
    </p>
   </div>
   <div class='ocr_carea' id='block_1_20' title="bbox 281 2261 1868 2334">
    <p class='ocr_par' dir='ltr' id='par_1_20' title="bbox 281 2261 1868 2334">
     <span class='ocr_line' id='line_1_20' title="bbox 281 2261 1868 2334; baseline -0.004 -13"><span class='ocrx_word' id='word_1_165' title='bbox 281 2267 383 2334; x_wconf 75' lang='grc' dir='ltr'><strong>τῆς</strong></span> <span class='ocrx_word' id='word_1_166' title='bbox 409 2267 670 2330; x_wconf 72' lang='grc' dir='ltr'>ἀϐύσσου,</span> <span class='ocrx_word' id='word_1_167' title='bbox 697 2265 965 2328; x_wconf 84' lang='grc' dir='ltr'>τουτέστι,</span> <span class='ocrx_word' id='word_1_168' title='bbox 1006 2263 1116 2315; x_wconf 85' lang='grc' dir='ltr'>τῶν</span> <span class='ocrx_word' id='word_1_169' title='bbox 1139 2262 1466 2315; x_wconf 88' lang='grc' dir='ltr'>κατωτάτων</span> <span class='ocrx_word' id='word_1_170' title='bbox 1500 2262 1708 2325; x_wconf 62' lang='lat' dir='ltr'><strong>vitam;</strong></span> <span class='ocrx_word' id='word_1_171' title='bbox 1735 2261 1868 2314; x_wconf 75' lang='grc' dir='ltr'>ἀλλὰ</span> 
     </span>
    </p>
   </div>
   <div class='ocr_carea' id='block_1_21' title="bbox 284 2352 1866 2425">
    <p class='ocr_par' dir='ltr' id='par_1_21' title="bbox 284 2352 1866 2425">
     <span class='ocr_line' id='line_1_21' title="bbox 284 2352 1866 2425; baseline -0.006 -13"><span class='ocrx_word' id='word_1_172' title='bbox 284 2362 599 2424; x_wconf 79' lang='grc' dir='ltr'>πίστευσον,</span> <span class='ocrx_word' id='word_1_173' title='bbox 643 2359 724 2412; x_wconf 82' lang='grc' dir='ltr'>ὅτι</span> <span class='ocrx_word' id='word_1_174' title='bbox 764 2357 1000 2425; x_wconf 73' lang='grc' dir='ltr'>κατῆλθε</span> <span class='ocrx_word' id='word_1_175' title='bbox 1038 2353 1363 2424; x_wconf 72' lang='grc' dir='ltr'>σαρκωθεὶς,</span> <span class='ocrx_word' id='word_1_176' title='bbox 1417 2355 1508 2406; x_wconf 77' lang='grc' dir='ltr'><strong>καὶ</strong></span> <span class='ocrx_word' id='word_1_177' title='bbox 1561 2352 1626 2406; x_wconf 74' lang='grc' dir='ltr'><strong>αὖ</strong></span> <span class='ocrx_word' id='word_1_178' title='bbox 1677 2354 1866 2421; x_wconf 60' lang='grc' dir='ltr'>ταφεὶς</span> 
     </span>
    </p>
   </div>
   <div class='ocr_carea' id='block_1_22' title="bbox 280 2446 1866 2522">
    <p class='ocr_par' dir='ltr' id='par_1_22' title="bbox 280 2446 1866 2522">
     <span class='ocr_line' id='line_1_22' title="bbox 280 2446 1866 2522; baseline -0.006 -15"><span class='ocrx_word' id='word_1_179' title='bbox 280 2452 518 2522; x_wconf 81' lang='grc' dir='ltr'>ἀνῆλθεν</span> <span class='ocrx_word' id='word_1_180' title='bbox 554 2450 826 2512; x_wconf 69' lang='grc' dir='ltr'>ἀναστὰςο</span> <span class='ocrx_word' id='word_1_181' title='bbox 867 2451 892 2501; x_wconf 81' lang='grc' dir='ltr'>ὁ</span> <span class='ocrx_word' id='word_1_182' title='bbox 931 2448 1062 2509; x_wconf 83' lang='grc' dir='ltr'><strong>Θεὸς</strong></span> <span class='ocrx_word' id='word_1_183' title='bbox 1092 2447 1200 2515; x_wconf 83' lang='grc' dir='ltr'><strong>γὰρ</strong></span> <span class='ocrx_word' id='word_1_184' title='bbox 1233 2446 1393 2499; x_wconf 83' lang='grc' dir='ltr'>αὑτὸν</span> <span class='ocrx_word' id='word_1_185' title='bbox 1433 2447 1674 2514; x_wconf 73' lang='grc' dir='ltr'>ἤγειρεν.</span> <span class='ocrx_word' id='word_1_186' title='bbox 1708 2447 1866 2497; x_wconf 82' lang='grc' dir='ltr'>’Ὥστε</span> 
     </span>
    </p>
   </div>
   <div class='ocr_carea' id='block_1_23' title="bbox 284 2541 1867 2613">
    <p class='ocr_par' dir='ltr' id='par_1_23' title="bbox 284 2541 1867 2613">
     <span class='ocr_line' id='line_1_23' title="bbox 284 2541 1867 2613; baseline -0.006 -11"><span class='ocrx_word' id='word_1_187' title='bbox 284 2551 380 2606; x_wconf 75' lang='grc' dir='ltr'>καὶ</span> <span class='ocrx_word' id='word_1_188' title='bbox 411 2549 519 2600; x_wconf 85' lang='grc' dir='ltr'>άπὸ</span> <span class='ocrx_word' id='word_1_189' title='bbox 551 2547 643 2599; x_wconf 78' lang='grc' dir='ltr'><strong>τού</strong></span> <span class='ocrx_word' id='word_1_190' title='bbox 672 2545 984 2613; x_wconf 77' lang='grc' dir='ltr'>ἀξιώματος</span> <span class='ocrx_word' id='word_1_191' title='bbox 1015 2543 1106 2594; x_wconf 82' lang='grc' dir='ltr'>τοῦ</span> <span class='ocrx_word' id='word_1_192' title='bbox 1144 2543 1480 2611; x_wconf 80' lang='grc' dir='ltr'><strong>ἐγείραντος,</strong></span> <span class='ocrx_word' id='word_1_193' title='bbox 1516 2541 1738 2594; x_wconf 87' lang='grc' dir='ltr'>δύνασαι</span> <span class='ocrx_word' id='word_1_194' title='bbox 1773 2545 1867 2612; x_wconf 61' lang='grc' dir='ltr'><strong>ρᾳ-</strong></span> 
     </span>
    </p>
   </div>
   <div class='ocr_carea' id='block_1_24' title="bbox 281 2630 1866 2704">
    <p class='ocr_par' dir='ltr' id='par_1_24' title="bbox 281 2630 1866 2704">
     <span class='ocr_line' id='line_1_24' title="bbox 281 2630 1866 2704; baseline -0.008 -11"><span class='ocrx_word' id='word_1_195' title='bbox 281 2643 412 2704; x_wconf 85' lang='grc' dir='ltr'>δίως</span> <span class='ocrx_word' id='word_1_196' title='bbox 443 2638 755 2692; x_wconf 82' lang='grc' dir='ltr'>πιστεῦσαι.</span> <span class='ocrx_word' id='word_1_197' title='bbox 784 2638 846 2688; x_wconf 79' lang='grc' dir='ltr'>Τί</span> <span class='ocrx_word' id='word_1_198' title='bbox 887 2630 979 2688; x_wconf 73' lang='grc' dir='ltr'>οὖν</span> <span class='ocrx_word' id='word_1_199' title='bbox 1009 2635 1050 2664; x_wconf 87' lang='grc'><strong>⁵⁷</strong></span> <span class='ocrx_word' id='word_1_200' title='bbox 1082 2633 1275 2685; x_wconf 84' lang='grc' dir='ltr'>τούτου</span> <span class='ocrx_word' id='word_1_201' title='bbox 1317 2632 1702 2700; x_wconf 75' lang='grc' dir='ltr'><strong>εὐκολώτερον,</strong></span> <span class='ocrx_word' id='word_1_202' title='bbox 1740 2633 1866 2683; x_wconf 74' lang='grc' dir='ltr'>ὅταν</span> 
     </span>
    </p>
   </div>
   <div class='ocr_carea' id='block_1_25' title="bbox 286 2725 1865 2802">
    <p class='ocr_par' dir='ltr' id='par_1_25' title="bbox 286 2725 1865 2802">
     <span class='ocr_line' id='line_1_25' title="bbox 286 2725 1865 2802; baseline -0.003 -22"><span class='ocrx_word' id='word_1_203' title='bbox 286 2736 345 2786; x_wconf 80' lang='grc' dir='ltr'><strong>ἐν</strong></span> <span class='ocrx_word' id='word_1_204' title='bbox 377 2733 454 2802; x_wconf 77' lang='grc' dir='ltr'><strong>τῷ</strong></span> <span class='ocrx_word' id='word_1_205' title='bbox 492 2732 718 2798; x_wconf 82' lang='grc' dir='ltr'>στόματί</span> <span class='ocrx_word' id='word_1_206' title='bbox 749 2747 842 2780; x_wconf 79' lang='grc' dir='ltr'><strong>σου</strong></span> <span class='ocrx_word' id='word_1_207' title='bbox 883 2728 1012 2798; x_wconf 73' lang='grc' dir='ltr'><strong>ἔχῃς</strong></span> <span class='ocrx_word' id='word_1_208' title='bbox 1051 2725 1150 2796; x_wconf 83' lang='grc' dir='ltr'>τὴν</span> <span class='ocrx_word' id='word_1_209' title='bbox 1193 2726 1502 2794; x_wconf 84' lang='grc' dir='ltr'>σωτηρίαν;</span> <span class='ocrx_word' id='word_1_210' title='bbox 1539 2725 1652 2777; x_wconf 86' lang='grc' dir='ltr'>’Ίνα</span> <span class='ocrx_word' id='word_1_211' title='bbox 1696 2725 1750 2775; x_wconf 83' lang='grc' dir='ltr'>δε</span> <span class='ocrx_word' id='word_1_212' title='bbox 1791 2728 1865 2790; x_wconf 70' lang='grc' dir='ltr'>μὴ</span> 
     </span>
    </p>
   </div>
   <div class='ocr_carea' id='block_1_26' title="bbox 283 2817 1865 2891">
    <p class='ocr_par' dir='ltr' id='par_1_26' title="bbox 283 2817 1865 2891">
     <span class='ocr_line' id='line_1_26' title="bbox 283 2817 1865 2891; baseline -0.008 -13"><span class='ocrx_word' id='word_1_213' title='bbox 283 2827 375 2878; x_wconf 77' lang='grc' dir='ltr'>διὰ</span> <span class='ocrx_word' id='word_1_214' title='bbox 408 2827 500 2877; x_wconf 71' lang='grc' dir='ltr'><strong>τὸν</strong></span> <span class='ocrx_word' id='word_1_215' title='bbox 532 2822 772 2886; x_wconf 74' lang='grc' dir='ltr'>εὕκολον,</span> <span class='ocrx_word' id='word_1_216' title='bbox 822 2818 949 2891; x_wconf 76' lang='grc' dir='ltr'><strong>δόξῃ</strong></span> <span class='ocrx_word' id='word_1_217' title='bbox 982 2818 1130 2883; x_wconf 79' lang='grc' dir='ltr'>ἄξιον</span> <span class='ocrx_word' id='word_1_218' title='bbox 1180 2817 1637 2887; x_wconf 78' lang='grc' dir='ltr'><strong>καταφρονήσεως</strong></span> <span class='ocrx_word' id='word_1_219' title='bbox 1680 2817 1738 2868; x_wconf 71' lang='grc' dir='ltr'><strong>τὸ</strong></span> <span class='ocrx_word' id='word_1_220' title='bbox 1772 2817 1865 2886; x_wconf 77' lang='grc' dir='ltr'><strong>τῆς</strong></span> 
     </span>
    </p>
   </div>
   <div class='ocr_carea' id='block_1_27' title="bbox 288 2909 1863 2985">
    <p class='ocr_par' dir='ltr' id='par_1_27' title="bbox 288 2909 1863 2985">
     <span class='ocr_line' id='line_1_27' title="bbox 288 2909 1863 2985; baseline -0.009 -13"><span class='ocrx_word' id='word_1_221' title='bbox 288 2923 526 2978; x_wconf 75' lang='grc' dir='ltr'>πίστεως</span> <span class='ocrx_word' id='word_1_222' title='bbox 558 2917 774 2985; x_wconf 77' lang='grc' dir='ltr'>χρῆμα,</span> <span class='ocrx_word' id='word_1_223' title='bbox 808 2913 1099 2977; x_wconf 85' lang='grc' dir='ltr'>δείκνυσιν,</span> <span class='ocrx_word' id='word_1_224' title='bbox 1139 2912 1222 2963; x_wconf 84' lang='grc' dir='ltr'><strong>δτι</strong></span> <span class='ocrx_word' id='word_1_225' title='bbox 1270 2911 1365 2962; x_wconf 76' lang='grc' dir='ltr'><strong>καὶ</strong></span> <span class='ocrx_word' id='word_1_226' title='bbox 1396 2911 1461 2978; x_wconf 84' lang='grc' dir='ltr'><strong>τῇ</strong></span> <span class='ocrx_word' id='word_1_227' title='bbox 1493 2909 1672 2960; x_wconf 81' lang='grc' dir='ltr'>πίστει</span> <span class='ocrx_word' id='word_1_228' title='bbox 1715 2910 1863 2974; x_wconf 85' lang='grc' dir='ltr'>λογι-</span> 
     </span>
    </p>
   </div>
   <div class='ocr_carea' id='block_1_28' title="bbox 289 2999 1863 3082">
    <p class='ocr_par' dir='ltr' id='par_1_28' title="bbox 289 2999 1863 3082">
     <span class='ocr_line' id='line_1_28' title="bbox 289 2999 1863 3082; baseline -0.01 -17"><span class='ocrx_word' id='word_1_229' title='bbox 289 3015 417 3082; x_wconf 75' lang='grc' dir='ltr'>σμοὶ</span> <span class='ocrx_word' id='word_1_230' title='bbox 446 3009 704 3070; x_wconf 79' lang='grc' dir='ltr'><strong>ἀπιστίας</strong></span> <span class='ocrx_word' id='word_1_231' title='bbox 733 3006 1086 3067; x_wconf 84' lang='grc' dir='ltr'>ἁντίκεινται,</span> <span class='ocrx_word' id='word_1_232' title='bbox 1115 3003 1206 3054; x_wconf 79' lang='grc' dir='ltr'><strong>καὶ</strong></span> <span class='ocrx_word' id='word_1_233' title='bbox 1234 3002 1314 3053; x_wconf 90' lang='grc' dir='ltr'><strong>δεῖ</strong></span> <span class='ocrx_word' id='word_1_234' title='bbox 1339 3000 1475 3069; x_wconf 74' lang='grc' dir='ltr'>προς</span> <span class='ocrx_word' id='word_1_235' title='bbox 1501 2999 1721 3063; x_wconf 67' lang='grc' dir='ltr'>ττύτους</span> <span class='ocrx_word' id='word_1_236' title='bbox 1745 3017 1863 3066; x_wconf 77' lang='grc' dir='ltr'>γεν·</span> 
     </span>
    </p>
   </div>
   <div class='ocr_carea' id='block_1_29' title="bbox 284 3093 1866 3169">
    <p class='ocr_par' dir='ltr' id='par_1_29' title="bbox 284 3093 1866 3169">
     <span class='ocr_line' id='line_1_29' title="bbox 284 3093 1866 3169; baseline -0.009 -11"><span class='ocrx_word' id='word_1_237' title='bbox 284 3109 452 3168; x_wconf 67' lang='grc' dir='ltr'>ναίως</span> <span class='ocrx_word' id='word_1_238' title='bbox 490 3103 762 3158; x_wconf 65' lang='grc' dir='ltr'>ἵστασθαι.</span> <span class='ocrx_word' id='word_1_239' title='bbox 799 3101 889 3169; x_wconf 77' lang='grc' dir='ltr'><strong>Μὴ</strong></span> <span class='ocrx_word' id='word_1_240' title='bbox 915 3100 1075 3168; x_wconf 72' lang='grc' dir='ltr'>εἴπῃς</span> <span class='ocrx_word' id='word_1_241' title='bbox 1105 3098 1235 3166; x_wconf 76' lang='grc' dir='ltr'>γὰρ,</span> <span class='ocrx_word' id='word_1_242' title='bbox 1267 3099 1451 3166; x_wconf 75' lang='grc' dir='ltr'>φησὶν,</span> <span class='ocrx_word' id='word_1_243' title='bbox 1483 3098 1540 3147; x_wconf 88' lang='grc' dir='ltr'><strong>ἐν</strong></span> <span class='ocrx_word' id='word_1_244' title='bbox 1565 3098 1630 3165; x_wconf 84' lang='grc' dir='ltr'>τῇ</span> <span class='ocrx_word' id='word_1_245' title='bbox 1667 3093 1866 3164; x_wconf 50' lang='lat' dir='ltr'><strong>mpera</strong></span> 
     </span>
    </p>
   </div>
   <div class='ocr_carea' id='block_1_30' title="bbox 289 3187 1933 3279">
    <p class='ocr_par' dir='ltr' id='par_1_30' title="bbox 289 3187 1933 3279">
     <span class='ocr_line' id='line_1_30' title="bbox 289 3187 1933 3279; baseline -0.01 -28"><span class='ocrx_word' id='word_1_246' title='bbox 289 3217 383 3251; x_wconf 70' lang='grc' dir='ltr'><strong>σου</strong></span> <span class='ocrx_word' id='word_1_247' title='bbox 419 3198 544 3249; x_wconf 85' lang='grc' dir='ltr'>τάδε</span> <span class='ocrx_word' id='word_1_248' title='bbox 579 3195 672 3246; x_wconf 78' lang='grc' dir='ltr'><strong>καὶ</strong></span> <span class='ocrx_word' id='word_1_249' title='bbox 706 3193 829 3245; x_wconf 84' lang='grc' dir='ltr'>τάδε</span> <span class='ocrx_word' id='word_1_250' title='bbox 851 3208 864 3220; x_wconf 80' lang='grc'><strong>’</strong></span> <span class='ocrx_word' id='word_1_251' title='bbox 913 3191 1179 3252; x_wconf 80' lang='grc' dir='ltr'>τουτέστι,</span> <span class='ocrx_word' id='word_1_252' title='bbox 1216 3189 1305 3256; x_wconf 78' lang='grc' dir='ltr'><strong>Μὴ</strong></span> <span class='ocrx_word' id='word_1_253' title='bbox 1333 3189 1376 3220; x_wconf 73' lang='grc'>⁵⁸</span> <span class='ocrx_word' id='word_1_254' title='bbox 1420 3188 1682 3255; x_wconf 76' lang='grc' dir='ltr'>ἐννοήσῃς</span> <span class='ocrx_word' id='word_1_255' title='bbox 1731 3187 1863 3246; x_wconf 82' lang='grc' dir='ltr'>ὅλως</span> <span class='ocrx_word' id='word_1_256' title='bbox 1894 3224 1933 3279; x_wconf 76' lang='lat' dir='ltr'><strong>C</strong></span> 
     </span>
    </p>
   </div>
   <div class='ocr_carea' id='block_1_31' title="bbox 285 3287 947 3362">
    <p class='ocr_par' dir='ltr' id='par_1_31' title="bbox 285 3287 947 3362">
     <span class='ocr_line' id='line_1_31' title="bbox 285 3287 947 3362; baseline -0.012 -17"><span class='ocrx_word' id='word_1_257' title='bbox 285 3289 616 3362; x_wconf 75' lang='grc' dir='ltr'>ἁμφιΰολίας</span> <span class='ocrx_word' id='word_1_258' title='bbox 655 3306 706 3342; x_wconf 92' lang='grc' dir='ltr'><strong>τι</strong></span> <span class='ocrx_word' id='word_1_259' title='bbox 749 3287 947 3355; x_wconf 80' lang='grc' dir='ltr'>νόημα.</span> 
     </span>
    </p>
   </div>
   <div class='ocr_carea' id='block_1_32' title="bbox 366 3372 1865 3450">
    <p class='ocr_par' dir='ltr' id='par_1_32' title="bbox 366 3372 1865 3450">
     <span class='ocr_line' id='line_1_32' title="bbox 366 3372 1865 3450; baseline -0.007 -18"><span class='ocrx_word' id='word_1_260' title='bbox 366 3401 386 3432; x_wconf 83' lang='lat' dir='ltr'><strong>t</strong></span> <span class='ocrx_word' id='word_1_261' title='bbox 435 3381 648 3450; x_wconf 66' lang='grc' dir='ltr'>Καρδίᾳ</span> <span class='ocrx_word' id='word_1_262' title='bbox 689 3378 789 3448; x_wconf 84' lang='grc' dir='ltr'>μὲν</span> <span class='ocrx_word' id='word_1_263' title='bbox 845 3378 951 3446; x_wconf 84' lang='grc' dir='ltr'><strong>γάρ</strong></span> <span class='ocrx_word' id='word_1_264' title='bbox 1001 3374 1321 3427; x_wconf 81' lang='grc' dir='ltr'>πιστεύεται</span> <span class='ocrx_word' id='word_1_265' title='bbox 1374 3374 1452 3435; x_wconf 86' lang='grc' dir='ltr'>εἰς</span> <span class='ocrx_word' id='word_1_266' title='bbox 1499 3372 1865 3438; x_wconf 89' lang='grc' dir='ltr'>δικαιοσύνην,</span> 
     </span>
    </p>
   </div>
   <div class='ocr_carea' id='block_1_33' title="bbox 291 3464 1866 3542">
    <p class='ocr_par' dir='ltr' id='par_1_33' title="bbox 291 3464 1866 3542">
     <span class='ocr_line' id='line_1_33' title="bbox 291 3464 1866 3542; baseline -0.009 -14"><span class='ocrx_word' id='word_1_267' title='bbox 291 3474 522 3542; x_wconf 82' lang='grc' dir='ltr'>στόματι</span> <span class='ocrx_word' id='word_1_268' title='bbox 559 3472 615 3523; x_wconf 85' lang='grc' dir='ltr'>δὲ</span> <span class='ocrx_word' id='word_1_269' title='bbox 649 3470 996 3539; x_wconf 76' lang='grc' dir='ltr'>ὁμολογεῖται</span> <span class='ocrx_word' id='word_1_270' title='bbox 1041 3471 1121 3530; x_wconf 90' lang='grc' dir='ltr'>εἰς</span> <span class='ocrx_word' id='word_1_271' title='bbox 1167 3465 1464 3535; x_wconf 88' lang='grc' dir='ltr'>σωτηρίαν.</span> <span class='ocrx_word' id='word_1_272' title='bbox 1512 3484 1529 3515; x_wconf 71' lang='grc' dir='ltr'><strong>ι</strong></span> <span class='ocrx_word' id='word_1_273' title='bbox 1563 3465 1743 3515; x_wconf 90' lang='grc' dir='ltr'>Δεῖται</span> <span class='ocrx_word' id='word_1_274' title='bbox 1775 3464 1866 3514; x_wconf 77' lang='grc' dir='ltr'><strong>καὶ</strong></span> 
     </span>
    </p>
   </div>
   <div class='ocr_carea' id='block_1_34' title="bbox 288 3556 1866 3638">
    <p class='ocr_par' dir='ltr' id='par_1_34' title="bbox 288 3556 1866 3638">
     <span class='ocr_line' id='line_1_34' title="bbox 288 3556 1866 3638; baseline -0.01 -18"><span class='ocrx_word' id='word_1_275' title='bbox 288 3571 322 3638; x_wconf 80' lang='grc' dir='ltr'>ἡ</span> <span class='ocrx_word' id='word_1_276' title='bbox 373 3566 572 3636; x_wconf 80' lang='grc' dir='ltr'>καρδία</span> <span class='ocrx_word' id='word_1_277' title='bbox 618 3564 710 3615; x_wconf 83' lang='grc' dir='ltr'>τοῦ</span> <span class='ocrx_word' id='word_1_278' title='bbox 762 3560 1052 3630; x_wconf 84' lang='grc' dir='ltr'>στόματος.</span> <span class='ocrx_word' id='word_1_279' title='bbox 1087 3560 1150 3611; x_wconf 87' lang='grc' dir='ltr'>Τί</span> <span class='ocrx_word' id='word_1_280' title='bbox 1187 3560 1294 3627; x_wconf 79' lang='grc' dir='ltr'>γὰρ</span> <span class='ocrx_word' id='word_1_281' title='bbox 1346 3556 1537 3626; x_wconf 74' lang='grc' dir='ltr'>ὄφελος</span> <span class='ocrx_word' id='word_1_282' title='bbox 1589 3556 1866 3607; x_wconf 76' lang='grc' dir='ltr'>πιστεύειν</span> 
     </span>
    </p>
   </div>
   <div class='ocr_carea' id='block_1_35' title="bbox 288 3646 1864 3726">
    <p class='ocr_par' dir='ltr' id='par_1_35' title="bbox 288 3646 1864 3726">
     <span class='ocr_line' id='line_1_35' title="bbox 288 3646 1864 3726; baseline -0.01 -15"><span class='ocrx_word' id='word_1_283' title='bbox 288 3659 432 3712; x_wconf 80' lang='grc' dir='ltr'>κατὰ</span> <span class='ocrx_word' id='word_1_284' title='bbox 469 3656 672 3726; x_wconf 65' lang='grc' dir='ltr'>ψυχὴν,</span> <span class='ocrx_word' id='word_1_285' title='bbox 718 3657 793 3723; x_wconf 82' lang='grc' dir='ltr'>μὴ</span> <span class='ocrx_word' id='word_1_286' title='bbox 824 3653 1108 3720; x_wconf 74' lang='grc' dir='ltr'>ὁμολογεῖν</span> <span class='ocrx_word' id='word_1_287' title='bbox 1154 3650 1210 3701; x_wconf 82' lang='grc' dir='ltr'><strong>δὲ</strong></span> <span class='ocrx_word' id='word_1_288' title='bbox 1253 3648 1484 3700; x_wconf 82' lang='grc' dir='ltr'>ἐνώπιον</span> <span class='ocrx_word' id='word_1_289' title='bbox 1532 3646 1864 3716; x_wconf 83' lang='grc' dir='ltr'>άνθρώπων;</span> 
     </span>
    </p>
   </div>
   <div class='ocr_carea' id='block_1_36' title="bbox 301 3741 1867 3820">
    <p class='ocr_par' dir='ltr' id='par_1_36' title="bbox 301 3741 1867 3820">
     <span class='ocr_line' id='line_1_36' title="bbox 301 3741 1867 3820; baseline -0.01 -15"><span class='ocrx_word' id='word_1_290' title='bbox 301 3754 369 3805; x_wconf 85' lang='grc' dir='ltr'><strong>Ἦ</strong></span> <span class='ocrx_word' id='word_1_291' title='bbox 405 3753 505 3820; x_wconf 80' lang='grc' dir='ltr'>μὲν</span> <span class='ocrx_word' id='word_1_292' title='bbox 535 3750 643 3818; x_wconf 78' lang='grc' dir='ltr'><strong>γὰρ</strong></span> <span class='ocrx_word' id='word_1_293' title='bbox 679 3749 820 3800; x_wconf 86' lang='grc' dir='ltr'>κατὰ</span> <span class='ocrx_word' id='word_1_294' title='bbox 851 3745 1088 3797; x_wconf 67' lang='grc' dir='ltr'>διάνοιαν</span> <span class='ocrx_word' id='word_1_295' title='bbox 1120 3744 1297 3805; x_wconf 72' lang='grc' dir='ltr'>πίστις</span> <span class='ocrx_word' id='word_1_296' title='bbox 1327 3743 1544 3794; x_wconf 84' lang='grc' dir='ltr'>δικαιοῖ’</span> <span class='ocrx_word' id='word_1_297' title='bbox 1582 3744 1613 3810; x_wconf 79' lang='grc' dir='ltr'><strong>ὴ</strong></span> <span class='ocrx_word' id='word_1_298' title='bbox 1646 3741 1701 3792; x_wconf 79' lang='grc' dir='ltr'>δὲ</span> <span class='ocrx_word' id='word_1_299' title='bbox 1734 3757 1867 3790; x_wconf 64' lang='grc' dir='ltr'>πανκ</span> 
     </span>
    </p>
   </div>
   <div class='ocr_carea' id='block_1_37' title="bbox 292 3831 1867 3910">
    <p class='ocr_par' dir='ltr' id='par_1_37' title="bbox 292 3831 1867 3910">
     <span class='ocr_line' id='line_1_37' title="bbox 292 3831 1867 3910; baseline 0.012 -16"><span class='ocrx_word' id='word_1_300' title='bbox 292 3843 446 3910; x_wconf 75' lang='grc' dir='ltr'>τελὴς</span> <span class='ocrx_word' id='word_1_301' title='bbox 496 3839 760 3907; x_wconf 76' lang='grc' dir='ltr'>σωτηρία,</span> <span class='ocrx_word' id='word_1_302' title='bbox 798 3838 854 3890; x_wconf 74' lang='grc' dir='ltr'>ὲν</span> <span class='ocrx_word' id='word_1_303' title='bbox 888 3838 950 3905; x_wconf 71' lang='grc' dir='ltr'><strong>τῇ</strong></span> <span class='ocrx_word' id='word_1_304' title='bbox 1006 3833 1268 3902; x_wconf 60' lang='grc' dir='ltr'>ὁμολογίᾳ</span> <span class='ocrx_word' id='word_1_305' title='bbox 1317 3833 1518 3884; x_wconf 51' lang='lat' dir='ltr'><strong>min&quot;</strong></span> <span class='ocrx_word' id='word_1_306' title='bbox 1574 3831 1706 3880; x_wconf 55' lang='grc' dir='ltr'><strong>Τότε</strong></span> <span class='ocrx_word' id='word_1_307' title='bbox 1760 3831 1867 3899; x_wconf 59' lang='grc' dir='ltr'><strong>γὰρ</strong></span> 
     </span>
    </p>
   </div>
   <div class='ocr_carea' id='block_1_38' title="bbox 287 3923 1867 4000">
    <p class='ocr_par' dir='ltr' id='par_1_38' title="bbox 287 3923 1867 4000">
     <span class='ocr_line' id='line_1_38' title="bbox 287 3923 1867 4000; baseline -0.011 -11"><span class='ocrx_word' id='word_1_308' title='bbox 287 3937 590 4000; x_wconf 74' lang='grc' dir='ltr'><strong>διαλάμπει</strong></span> <span class='ocrx_word' id='word_1_309' title='bbox 617 3933 651 4000; x_wconf 80' lang='grc' dir='ltr'>ἡ</span> <span class='ocrx_word' id='word_1_310' title='bbox 677 3930 878 3991; x_wconf 80' lang='grc' dir='ltr'>πίστις,</span> <span class='ocrx_word' id='word_1_311' title='bbox 911 3959 932 3980; x_wconf 72' lang='grc' dir='ltr'><strong><em>ρ</em></strong></span> <span class='ocrx_word' id='word_1_312' title='bbox 988 3945 1003 3978; x_wconf 92' lang='grc' dir='ltr'><strong>ι</strong></span> <span class='ocrx_word' id='word_1_313' title='bbox 1037 3926 1267 3986; x_wconf 77' lang='grc' dir='ltr'><strong>⁶τλείονες</strong></span> <span class='ocrx_word' id='word_1_314' title='bbox 1295 3923 1648 3992; x_wconf 72' lang='grc' dir='ltr'><strong>ὠφελοῦνται.</strong></span> <span class='ocrx_word' id='word_1_315' title='bbox 1689 3924 1867 3973; x_wconf 81' lang='grc' dir='ltr'>Δείται</span> 
     </span>
    </p>
   </div>
   <div class='ocr_carea' id='block_1_39' title="bbox 293 4015 1865 4102">
    <p class='ocr_par' dir='ltr' id='par_1_39' title="bbox 293 4015 1865 4102">
     <span class='ocr_line' id='line_1_39' title="bbox 293 4015 1865 4102; baseline -0.011 -20"><span class='ocrx_word' id='word_1_316' title='bbox 293 4032 480 4102; x_wconf 83' lang='grc' dir='ltr'>μέντοι</span> <span class='ocrx_word' id='word_1_317' title='bbox 521 4027 615 4078; x_wconf 78' lang='grc' dir='ltr'>καὶ</span> <span class='ocrx_word' id='word_1_318' title='bbox 661 4023 724 4076; x_wconf 79' lang='grc' dir='ltr'><strong>τὸ</strong></span> <span class='ocrx_word' id='word_1_319' title='bbox 756 4023 930 4091; x_wconf 62' lang='grc' dir='ltr'>στόμα</span> <span class='ocrx_word' id='word_1_320' title='bbox 960 4022 1056 4087; x_wconf 78' lang='grc' dir='ltr'>τή,</span> <span class='ocrx_word' id='word_1_321' title='bbox 1099 4019 1346 4087; x_wconf 78' lang='grc' dir='ltr'>καρδίας.</span> <span class='ocrx_word' id='word_1_322' title='bbox 1382 4016 1574 4068; x_wconf 71' lang='grc' dir='ltr'>Πολλοὶ</span> <span class='ocrx_word' id='word_1_323' title='bbox 1614 4016 1711 4083; x_wconf 85' lang='grc' dir='ltr'>μὲν</span> <span class='ocrx_word' id='word_1_324' title='bbox 1761 4015 1865 4083; x_wconf 81' lang='grc' dir='ltr'><strong>γάρ</strong></span> 
     </span>
    </p>
   </div>
   <div class='ocr_carea' id='block_1_40' title="bbox 288 4107 1866 4190">
    <p class='ocr_par' dir='ltr' id='par_1_40' title="bbox 288 4107 1866 4190">
     <span class='ocr_line' id='line_1_40' title="bbox 288 4107 1866 4190; baseline -0.011 -16"><span class='ocrx_word' id='word_1_325' title='bbox 288 4118 616 4190; x_wconf 80' lang='grc' dir='ltr'>ὁμολογοῦσι</span> <span class='ocrx_word' id='word_1_326' title='bbox 647 4119 693 4148; x_wconf 84' lang='grc'><strong><em>⁵⁹</em></strong></span> <span class='ocrx_word' id='word_1_327' title='bbox 728 4115 956 4182; x_wconf 78' lang='grc' dir='ltr'>στόματι</span> <span class='ocrx_word' id='word_1_328' title='bbox 992 4111 1226 4181; x_wconf 83' lang='grc' dir='ltr'>Χριστὸν</span> <span class='ocrx_word' id='word_1_329' title='bbox 1264 4110 1382 4161; x_wconf 85' lang='grc' dir='ltr'>καθ’</span> <span class='ocrx_word' id='word_1_330' title='bbox 1416 4107 1722 4176; x_wconf 67' lang='grc' dir='ltr'>ἑπόκρισινσ</span> <span class='ocrx_word' id='word_1_331' title='bbox 1754 4108 1786 4176; x_wconf 78' lang='grc' dir='ltr'><strong>ἡ</strong></span> <span class='ocrx_word' id='word_1_332' title='bbox 1813 4107 1866 4158; x_wconf 80' lang='grc' dir='ltr'>δὲ</span> 
     </span>
    </p>
   </div>
   <div class='ocr_carea' id='block_1_41' title="bbox 294 4200 1514 4283">
    <p class='ocr_par' dir='ltr' id='par_1_41' title="bbox 294 4200 1514 4283">
     <span class='ocr_line' id='line_1_41' title="bbox 294 4200 1514 4283; baseline -0.01 -17"><span class='ocrx_word' id='word_1_333' title='bbox 294 4213 496 4283; x_wconf 75' lang='grc' dir='ltr'>καρδία</span> <span class='ocrx_word' id='word_1_334' title='bbox 537 4211 716 4262; x_wconf 73' lang='grc' dir='ltr'>αὐτῶν</span> <span class='ocrx_word' id='word_1_335' title='bbox 747 4210 936 4276; x_wconf 70' lang='grc' dir='ltr'>πόρρω</span> <span class='ocrx_word' id='word_1_336' title='bbox 972 4206 1167 4271; x_wconf 78' lang='grc' dir='ltr'>ἀπέχει</span> <span class='ocrx_word' id='word_1_337' title='bbox 1200 4203 1293 4257; x_wconf 82' lang='grc' dir='ltr'><strong>ἀπ’</strong></span> <span class='ocrx_word' id='word_1_338' title='bbox 1326 4200 1514 4255; x_wconf 76' lang='grc' dir='ltr'>αὑτοῦ.</span> 
     </span>
    </p>
   </div>
   <div class='ocr_carea' id='block_1_42' title="bbox 314 4293 1865 4369">
    <p class='ocr_par' dir='ltr' id='par_1_42' title="bbox 314 4293 1865 4369">
     <span class='ocr_line' id='line_1_42' title="bbox 314 4293 1865 4369; baseline -0.009 -14"><span class='ocrx_word' id='word_1_339' title='bbox 314 4362 318 4367; x_wconf 90' lang='lat'>_</span> <span class='ocrx_word' id='word_1_340' title='bbox 371 4322 389 4355; x_wconf 74' lang='grc' dir='ltr'><strong>ι</strong></span> <span class='ocrx_word' id='word_1_341' title='bbox 425 4304 588 4369; x_wconf 85' lang='grc' dir='ltr'>Λέγει</span> <span class='ocrx_word' id='word_1_342' title='bbox 623 4302 731 4369; x_wconf 78' lang='grc' dir='ltr'><strong>γάρ</strong></span> <span class='ocrx_word' id='word_1_343' title='bbox 767 4301 799 4368; x_wconf 82' lang='grc' dir='ltr'>ὴ</span> <span class='ocrx_word' id='word_1_344' title='bbox 831 4299 1043 4367; x_wconf 75' lang='grc' dir='ltr'>Γραφή·</span> <span class='ocrx_word' id='word_1_345' title='bbox 1082 4296 1194 4355; x_wconf 81' lang='grc' dir='ltr'><strong>Πᾶς</strong></span> <span class='ocrx_word' id='word_1_346' title='bbox 1221 4296 1248 4344; x_wconf 84' lang='grc' dir='ltr'>ὁ</span> <span class='ocrx_word' id='word_1_347' title='bbox 1273 4293 1545 4346; x_wconf 85' lang='grc' dir='ltr'>πιστεύων</span> <span class='ocrx_word' id='word_1_348' title='bbox 1577 4294 1662 4343; x_wconf 81' lang='grc' dir='ltr'><strong>ἐπ’</strong></span> <span class='ocrx_word' id='word_1_349' title='bbox 1692 4293 1865 4362; x_wconf 80' lang='grc' dir='ltr'>αύτῷ,</span> 
     </span>
    </p>
   </div>
   <div class='ocr_carea' id='block_1_43' title="bbox 290 4388 1866 4465">
    <p class='ocr_par' dir='ltr' id='par_1_43' title="bbox 290 4388 1866 4465">
     <span class='ocr_line' id='line_1_43' title="bbox 290 4388 1866 4465; baseline -0.007 -12"><span class='ocrx_word' id='word_1_350' title='bbox 290 4402 351 4454; x_wconf 65' lang='grc' dir='ltr'>οὔ</span> <span class='ocrx_word' id='word_1_351' title='bbox 379 4396 928 4465; x_wconf 82' lang='grc' dir='ltr'>καταισχυνθήσεται.</span> <span class='ocrx_word' id='word_1_352' title='bbox 954 4393 1027 4444; x_wconf 87' lang='grc' dir='ltr'><strong>Ού</strong></span> <span class='ocrx_word' id='word_1_353' title='bbox 1055 4392 1160 4460; x_wconf 75' lang='grc' dir='ltr'><strong>γάρ</strong></span> <span class='ocrx_word' id='word_1_354' title='bbox 1191 4390 1304 4441; x_wconf 79' lang='grc' dir='ltr'>ἔστι</span> <span class='ocrx_word' id='word_1_355' title='bbox 1327 4389 1579 4457; x_wconf 82' lang='grc' dir='ltr'>διαστολὴ</span> <span class='ocrx_word' id='word_1_356' title='bbox 1607 4388 1866 4442; x_wconf 75' lang='grc' dir='ltr'>Ἰουδαίου</span> 
     </span>
    </p>
   </div>
   <div class='ocr_carea' id='block_1_44' title="bbox 291 4482 1869 4557">
    <p class='ocr_par' dir='ltr' id='par_1_44' title="bbox 291 4482 1869 4557">
     <span class='ocr_line' id='line_1_44' title="bbox 291 4482 1869 4557; baseline -0.007 -12"><span class='ocrx_word' id='word_1_357' title='bbox 291 4512 353 4545; x_wconf 87' lang='grc' dir='ltr'>τε</span> <span class='ocrx_word' id='word_1_358' title='bbox 385 4493 479 4545; x_wconf 75' lang='grc' dir='ltr'><strong>καὶ</strong></span> <span class='ocrx_word' id='word_1_359' title='bbox 510 4491 794 4557; x_wconf 73' lang='grc' dir='ltr'>’Ἔλληνοςο</span> <span class='ocrx_word' id='word_1_360' title='bbox 817 4489 844 4538; x_wconf 85' lang='grc' dir='ltr'>ὁ</span> <span class='ocrx_word' id='word_1_361' title='bbox 874 4486 981 4554; x_wconf 85' lang='grc' dir='ltr'><strong>γὰρ</strong></span> <span class='ocrx_word' id='word_1_362' title='bbox 1021 4485 1178 4545; x_wconf 74' lang='grc' dir='ltr'>αὐτὸς</span> <span class='ocrx_word' id='word_1_363' title='bbox 1207 4482 1406 4553; x_wconf 84' lang='grc' dir='ltr'>Κύριος</span> <span class='ocrx_word' id='word_1_364' title='bbox 1439 4484 1670 4544; x_wconf 64' lang='grc' dir='ltr'>πάντων,</span> <span class='ocrx_word' id='word_1_365' title='bbox 1710 4483 1869 4534; x_wconf 71' lang='grc' dir='ltr'>πλου-</span> 
     </span>
    </p>
   </div>
   <div class='ocr_carea' id='block_1_45' title="bbox 1197 397 2772 467">
    <p class='ocr_par' dir='ltr' id='par_1_45' title="bbox 1197 397 2772 467">
     <span class='ocr_line' id='line_1_45' title="bbox 1197 397 2772 467; baseline 0.005 -12"><span class='ocrx_word' id='word_1_366' title='bbox 1197 397 1609 456; x_wconf 71' lang='grc' dir='ltr'><strong>ΕΧΡΟΞΙΤΙΟ</strong></span> <span class='ocrx_word' id='word_1_367' title='bbox 1654 399 1727 457; x_wconf 68' lang='lat' dir='ltr'><strong>l.\Y</strong></span> <span class='ocrx_word' id='word_1_368' title='bbox 1769 399 2007 458; x_wconf 74' lang='lat' dir='ltr'><strong>El‘lST.</strong></span> <span class='ocrx_word' id='word_1_369' title='bbox 2045 401 2144 458; x_wconf 82' lang='lat' dir='ltr'><strong>AD</strong></span> <span class='ocrx_word' id='word_1_370' title='bbox 2179 403 2361 461; x_wconf 63' lang='lat' dir='ltr'><strong>DUM.</strong></span> <span class='ocrx_word' id='word_1_371' title='bbox 2405 431 2464 440; x_wconf 90' lang='lat'><strong>—-</strong></span> <span class='ocrx_word' id='word_1_372' title='bbox 2501 406 2656 467; x_wconf 83' lang='lat' dir='ltr'><strong>C.\l’.</strong></span> <span class='ocrx_word' id='word_1_373' title='bbox 2704 407 2772 463; x_wconf 72' lang='grc' dir='ltr'>Χ.</span> 
     </span>
    </p>
   </div>
   <div class='ocr_carea' id='block_1_46' title="bbox 286 509 1978 587">
    <p class='ocr_par' dir='ltr' id='par_1_46' title="bbox 286 509 1978 587">
     <span class='ocr_line' id='line_1_46' title="bbox 286 509 1978 587; baseline -0.005 -17"><span class='ocrx_word' id='word_1_374' title='bbox 286 520 530 587; x_wconf 83' lang='grc' dir='ltr'>θρωπον,</span> <span class='ocrx_word' id='word_1_375' title='bbox 561 512 822 580; x_wconf 80' lang='grc' dir='ltr'>μάνθανε,</span> <span class='ocrx_word' id='word_1_376' title='bbox 856 510 971 573; x_wconf 81' lang='grc' dir='ltr'>πῶς</span> <span class='ocrx_word' id='word_1_377' title='bbox 1007 509 1064 561; x_wconf 83' lang='grc' dir='ltr'><strong>ἐν</strong></span> <span class='ocrx_word' id='word_1_378' title='bbox 1093 510 1315 580; x_wconf 82' lang='grc' dir='ltr'>Χριστῷ</span> <span class='ocrx_word' id='word_1_379' title='bbox 1347 510 1704 580; x_wconf 85' lang='grc' dir='ltr'>δικαιούμεθα</span> <span class='ocrx_word' id='word_1_380' title='bbox 1731 512 1866 564; x_wconf 84' lang='grc' dir='ltr'>ἀπό-</span> <span class='ocrx_word' id='word_1_381' title='bbox 1896 516 1941 570; x_wconf 79' lang='grc' dir='ltr'><strong>Α</strong></span> <span class='ocrx_word' id='word_1_382' title='bbox 1968 515 1978 581; x_wconf 74' lang='lat' dir='ltr'>j</span> 
     </span>
    </p>
   </div>
   <div class='ocr_carea' id='block_1_47' title="bbox 643 509 2335 587">
    <p class='ocr_par' dir='ltr' id='par_1_47' title="bbox 643 509 2335 581">
     <span class='ocr_line' id='line_1_47' title="bbox 643 509 2335 581; baseline 0.003 -17"><span class='ocrx_word' id='word_1_383' title='bbox 643 512 822 574; x_wconf 81' lang='grc' dir='ltr'>νθανε,</span> <span class='ocrx_word' id='word_1_384' title='bbox 856 510 971 573; x_wconf 81' lang='grc' dir='ltr'>πῶς</span> <span class='ocrx_word' id='word_1_385' title='bbox 1007 509 1064 561; x_wconf 83' lang='grc' dir='ltr'><strong>ἐν</strong></span> <span class='ocrx_word' id='word_1_386' title='bbox 1093 510 1315 580; x_wconf 82' lang='grc' dir='ltr'>Χριστῷ</span> <span class='ocrx_word' id='word_1_387' title='bbox 1347 510 1704 580; x_wconf 85' lang='grc' dir='ltr'>δικαιούμεθα</span> <span class='ocrx_word' id='word_1_388' title='bbox 1731 512 1866 564; x_wconf 84' lang='grc' dir='ltr'>ἀπό·</span> <span class='ocrx_word' id='word_1_389' title='bbox 1896 516 1941 570; x_wconf 79' lang='grc' dir='ltr'><strong>Α</strong></span> <span class='ocrx_word' id='word_1_390' title='bbox 1968 515 2335 581; x_wconf 86' lang='lat' dir='ltr'><strong>justiﬁcemnr</strong></span> 
     </span>
    </p>
   </div>
   <div class='ocr_carea' id='block_1_48' title="bbox 3447 414 3552 476">
    <p class='ocr_par' dir='ltr' id='par_1_48' title="bbox 3447 414 3552 476">
     <span class='ocr_line' id='line_1_48' title="bbox 3447 414 3552 476; baseline 0.019 -3"><span class='ocrx_word' id='word_1_391' title='bbox 3447 414 3552 476; x_wconf 71' lang='grc'><strong>413</strong></span> 
     </span>
    </p>
   </div>
   <div class='ocr_carea' id='block_1_49' title="bbox 2381 520 3548 590">
    <p class='ocr_par' dir='ltr' id='par_1_49' title="bbox 2381 520 3548 590">
     <span class='ocr_line' id='line_1_49' title="bbox 2381 520 3548 590; baseline 0.012 -20"><span class='ocrx_word' id='word_1_392' title='bbox 2381 538 2393 570; x_wconf 87' lang='lat'>:</span> <span class='ocrx_word' id='word_1_393' title='bbox 2443 520 2598 572; x_wconf 65' lang='lat' dir='ltr'><strong>fidem</strong></span> <span class='ocrx_word' id='word_1_394' title='bbox 2642 524 2784 574; x_wconf 83' lang='lat' dir='ltr'><strong>enim</strong></span> <span class='ocrx_word' id='word_1_395' title='bbox 2829 526 3014 590; x_wconf 77' lang='lat' dir='ltr'><strong>qua-rit</strong></span> <span class='ocrx_word' id='word_1_396' title='bbox 3047 542 3109 579; x_wconf 78' lang='lat' dir='ltr'><strong>ex</strong></span> <span class='ocrx_word' id='word_1_397' title='bbox 3153 529 3313 580; x_wconf 87' lang='lat' dir='ltr'><strong>corde</strong></span> <span class='ocrx_word' id='word_1_398' title='bbox 3344 540 3396 580; x_wconf 84' lang='lat' dir='ltr'><strong>ct</strong></span> <span class='ocrx_word' id='word_1_399' title='bbox 3423 549 3548 584; x_wconf 76' lang='lat' dir='ltr'><strong>cott-</strong></span> 
     </span>
    </p>
   </div>
   <div class='ocr_carea' id='block_1_50' title="bbox 1969 608 3550 676">
    <p class='ocr_par' dir='ltr' id='par_1_50' title="bbox 1969 608 3550 676">
     <span class='ocr_line' id='line_1_50' title="bbox 1969 608 3550 676; baseline 0.01 -16"><span class='ocrx_word' id='word_1_400' title='bbox 1969 608 2257 662; x_wconf 87' lang='lat' dir='ltr'><strong>fessionem</strong></span> <span class='ocrx_word' id='word_1_401' title='bbox 2290 626 2352 663; x_wconf 84' lang='lat' dir='ltr'><strong>ex</strong></span> <span class='ocrx_word' id='word_1_402' title='bbox 2391 627 2504 664; x_wconf 86' lang='lat' dir='ltr'><strong>ore.</strong></span> <span class='ocrx_word' id='word_1_403' title='bbox 2540 612 2917 668; x_wconf 72' lang='lat' dir='ltr'><strong>Necessarium</strong></span> <span class='ocrx_word' id='word_1_404' title='bbox 2951 627 3129 670; x_wconf 90' lang='lat' dir='ltr'><strong>autem</strong></span> <span class='ocrx_word' id='word_1_405' title='bbox 3165 630 3246 674; x_wconf 92' lang='lat' dir='ltr'><strong>est</strong></span> <span class='ocrx_word' id='word_1_406' title='bbox 3273 621 3550 676; x_wconf 79' lang='lat' dir='ltr'><strong>declarare</strong></span> 
     </span>
    </p>
   </div>
   <div class='ocr_carea' id='block_1_51' title="bbox 1969 698 3548 776">
    <p class='ocr_par' dir='ltr' id='par_1_51' title="bbox 1969 698 3548 776">
     <span class='ocr_line' id='line_1_51' title="bbox 1969 698 3548 776; baseline 0.009 -26"><span class='ocrx_word' id='word_1_407' title='bbox 1969 698 2130 752; x_wconf 82' lang='lat' dir='ltr'><strong>latius</strong></span> <span class='ocrx_word' id='word_1_408' title='bbox 2164 703 2306 768; x_wconf 89' lang='lat' dir='ltr'><strong>quod</strong></span> <span class='ocrx_word' id='word_1_409' title='bbox 2341 702 2493 768; x_wconf 76' lang='lat' dir='ltr'><strong>dixit,</strong></span> <span class='ocrx_word' id='word_1_410' title='bbox 2534 723 2551 754; x_wconf 85' lang='grc'><strong><em>‹</em></strong></span> <span class='ocrx_word' id='word_1_411' title='bbox 2588 704 2719 768; x_wconf 86' lang='lat' dir='ltr'><strong>Quis</strong></span> <span class='ocrx_word' id='word_1_412' title='bbox 2755 707 3012 760; x_wconf 85' lang='lat' dir='ltr'><strong>ascendet</strong></span> <span class='ocrx_word' id='word_1_413' title='bbox 3052 709 3105 762; x_wconf 93' lang='lat' dir='ltr'><strong>in</strong></span> <span class='ocrx_word' id='word_1_414' title='bbox 3140 712 3374 765; x_wconf 65' lang='lat' dir='ltr'><strong>caelum&quot;!</strong></span> <span class='ocrx_word' id='word_1_415' title='bbox 3420 731 3436 763; x_wconf 85' lang='grc'>›</span> <span class='ocrx_word' id='word_1_416' title='bbox 3473 724 3548 776; x_wconf 87' lang='lat' dir='ltr'><strong>et,</strong></span> 
     </span>
    </p>
   </div>
   <div class='ocr_carea' id='block_1_52' title="bbox 1976 779 3551 873">
    <p class='ocr_par' dir='ltr' id='par_1_52' title="bbox 1976 779 3551 873">
     <span class='ocr_line' id='line_1_52' title="bbox 1976 779 3551 873; baseline 0.011 -33"><span class='ocrx_word' id='word_1_417' title='bbox 1976 810 1992 840; x_wconf 79' lang='grc' dir='ltr'><strong>ι</strong></span> <span class='ocrx_word' id='word_1_418' title='bbox 2020 789 2154 854; x_wconf 83' lang='lat' dir='ltr'><strong>Quis</strong></span> <span class='ocrx_word' id='word_1_419' title='bbox 2181 779 2471 847; x_wconf 84' lang='lat' dir='ltr'><strong>descendet</strong></span> <span class='ocrx_word' id='word_1_420' title='bbox 2496 796 2547 849; x_wconf 90' lang='lat' dir='ltr'><strong>in</strong></span> <span class='ocrx_word' id='word_1_421' title='bbox 2583 798 2875 865; x_wconf 80' lang='lat' dir='ltr'><strong>abyssum?</strong></span> <span class='ocrx_word' id='word_1_422' title='bbox 2910 818 2927 850; x_wconf 75' lang='grc' dir='ltr'><strong>ι</strong></span> <span class='ocrx_word' id='word_1_423' title='bbox 2968 800 3042 852; x_wconf 80' lang='lat' dir='ltr'><strong>Ex</strong></span> <span class='ocrx_word' id='word_1_424' title='bbox 3078 801 3224 855; x_wconf 80' lang='lat' dir='ltr'><strong>Mose</strong></span> <span class='ocrx_word' id='word_1_425' title='bbox 3248 804 3551 873; x_wconf 89' lang='lat' dir='ltr'><strong>desumpsit</strong></span> 
     </span>
    </p>
   </div>
   <div class='ocr_carea' id='block_1_53' title="bbox 1972 884 3544 960">
    <p class='ocr_par' dir='ltr' id='par_1_53' title="bbox 1972 884 3544 960">
     <span class='ocr_line' id='line_1_53' title="bbox 1972 884 3544 960; baseline 0.01 -25"><span class='ocrx_word' id='word_1_426' title='bbox 1972 884 2073 937; x_wconf 86' lang='lat' dir='ltr'><strong>hoc</strong></span> <span class='ocrx_word' id='word_1_427' title='bbox 2100 884 2411 951; x_wconf 83' lang='lat' dir='ltr'><strong>Apostolus,</strong></span> <span class='ocrx_word' id='word_1_428' title='bbox 2439 903 2536 955; x_wconf 94' lang='lat' dir='ltr'><strong>pro</strong></span> <span class='ocrx_word' id='word_1_429' title='bbox 2559 903 2748 955; x_wconf 82' lang='lat' dir='ltr'><strong>magna</strong></span> <span class='ocrx_word' id='word_1_430' title='bbox 2775 905 2870 943; x_wconf 90' lang='lat' dir='ltr'><strong>sua</strong></span> <span class='ocrx_word' id='word_1_431' title='bbox 2898 893 3163 960; x_wconf 83' lang='lat' dir='ltr'><strong>sapientia</strong></span> <span class='ocrx_word' id='word_1_432' title='bbox 3195 894 3544 950; x_wconf 87' lang='lat' dir='ltr'><strong>intellectum.</strong></span> 
     </span>
    </p>
   </div>
   <div class='ocr_carea' id='block_1_54' title="bbox 1970 976 3545 1047">
    <p class='ocr_par' dir='ltr' id='par_1_54' title="bbox 1970 976 3545 1047">
     <span class='ocr_line' id='line_1_54' title="bbox 1970 976 3545 1047; baseline 0.008 -19"><span class='ocrx_word' id='word_1_433' title='bbox 1970 976 2145 1032; x_wconf 74' lang='lat' dir='ltr'><strong>Moses</strong></span> <span class='ocrx_word' id='word_1_434' title='bbox 2193 994 2421 1043; x_wconf 87' lang='lat' dir='ltr'><strong>namque</strong></span> <span class='ocrx_word' id='word_1_435' title='bbox 2445 982 2622 1047; x_wconf 92' lang='lat' dir='ltr'><strong>quoad</strong></span> <span class='ocrx_word' id='word_1_436' title='bbox 2651 981 2882 1036; x_wconf 84' lang='lat' dir='ltr'><strong>litteram</strong></span> <span class='ocrx_word' id='word_1_437' title='bbox 2913 986 3053 1039; x_wconf 91' lang='lat' dir='ltr'><strong>hunc</strong></span> <span class='ocrx_word' id='word_1_438' title='bbox 3081 987 3146 1039; x_wconf 90' lang='lat' dir='ltr'><strong>ad</strong></span> <span class='ocrx_word' id='word_1_439' title='bbox 3179 990 3393 1040; x_wconf 90' lang='lat' dir='ltr'><strong>modum</strong></span> <span class='ocrx_word' id='word_1_440' title='bbox 3421 990 3545 1041; x_wconf 89' lang='lat' dir='ltr'><strong>illud</strong></span> 
     </span>
    </p>
   </div>
   <div class='ocr_carea' id='block_1_55' title="bbox 1970 1068 3543 1148">
    <p class='ocr_par' dir='ltr' id='par_1_55' title="bbox 1970 1068 3543 1148">
     <span class='ocr_line' id='line_1_55' title="bbox 1970 1068 3543 1148; baseline 0.006 -25"><span class='ocrx_word' id='word_1_441' title='bbox 1970 1068 2164 1124; x_wconf 86' lang='lat' dir='ltr'><strong>effatus</strong></span> <span class='ocrx_word' id='word_1_442' title='bbox 2193 1081 2319 1124; x_wconf 89' lang='lat' dir='ltr'><strong>est:</strong></span> <span class='ocrx_word' id='word_1_443' title='bbox 2359 1070 2665 1126; x_wconf 83' lang='lat' dir='ltr'><strong>Mandatum</strong></span> <span class='ocrx_word' id='word_1_444' title='bbox 2709 1074 2802 1129; x_wconf 87' lang='lat' dir='ltr'><strong>Dei</strong></span> <span class='ocrx_word' id='word_1_445' title='bbox 2834 1077 2899 1128; x_wconf 87' lang='lat' dir='ltr'><strong>ob</strong></span> <span class='ocrx_word' id='word_1_446' title='bbox 2941 1079 3125 1132; x_wconf 91' lang='lat' dir='ltr'><strong>oculos</strong></span> <span class='ocrx_word' id='word_1_447' title='bbox 3161 1092 3276 1133; x_wconf 88' lang='lat' dir='ltr'><strong>tuos</strong></span> <span class='ocrx_word' id='word_1_448' title='bbox 3311 1082 3543 1148; x_wconf 77' lang='lat' dir='ltr'><strong>positum</strong></span> 
     </span>
    </p>
   </div>
   <div class='ocr_carea' id='block_1_56' title="bbox 1969 1159 3540 1235">
    <p class='ocr_par' dir='ltr' id='par_1_56' title="bbox 1969 1159 3540 1235">
     <span class='ocr_line' id='line_1_56' title="bbox 1969 1159 3540 1235; baseline 0.008 -19"><span class='ocrx_word' id='word_1_449' title='bbox 1969 1171 2073 1226; x_wconf 87' lang='lat' dir='ltr'><strong>est,</strong></span> <span class='ocrx_word' id='word_1_450' title='bbox 2106 1159 2322 1223; x_wconf 73' lang='lat' dir='ltr'><strong>Judzee:</strong></span> <span class='ocrx_word' id='word_1_451' title='bbox 2364 1179 2537 1232; x_wconf 89' lang='lat' dir='ltr'><strong>neque</strong></span> <span class='ocrx_word' id='word_1_452' title='bbox 2565 1181 2700 1235; x_wconf 89' lang='lat' dir='ltr'><strong>opus</strong></span> <span class='ocrx_word' id='word_1_453' title='bbox 2737 1180 2820 1222; x_wconf 91' lang='lat' dir='ltr'><strong>est</strong></span> <span class='ocrx_word' id='word_1_454' title='bbox 2863 1179 2913 1222; x_wconf 89' lang='lat' dir='ltr'><strong>te</strong></span> <span class='ocrx_word' id='word_1_455' title='bbox 2949 1170 3002 1222; x_wconf 92' lang='lat' dir='ltr'><strong>in</strong></span> <span class='ocrx_word' id='word_1_456' title='bbox 3036 1173 3230 1225; x_wconf 73' lang='lat' dir='ltr'><strong>cmlum</strong></span> <span class='ocrx_word' id='word_1_457' title='bbox 3279 1190 3540 1228; x_wconf 86' lang='lat' dir='ltr'><strong>conscen-</strong></span> 
     </span>
    </p>
   </div>
   <div class='ocr_carea' id='block_1_57' title="bbox 1970 1256 3548 1334">
    <p class='ocr_par' dir='ltr' id='par_1_57' title="bbox 1970 1256 3548 1334">
     <span class='ocr_line' id='line_1_57' title="bbox 1970 1256 3548 1334; baseline 0.009 -28"><span class='ocrx_word' id='word_1_458' title='bbox 1970 1256 2118 1318; x_wconf 81' lang='lat' dir='ltr'><strong>dere,</strong></span> <span class='ocrx_word' id='word_1_459' title='bbox 2156 1265 2214 1309; x_wconf 88' lang='lat' dir='ltr'><strong>ut</strong></span> <span class='ocrx_word' id='word_1_460' title='bbox 2246 1256 2370 1309; x_wconf 92' lang='lat' dir='ltr'><strong>illud</strong></span> <span class='ocrx_word' id='word_1_461' title='bbox 2405 1257 2646 1312; x_wconf 84' lang='lat' dir='ltr'><strong>invenias</strong></span> <span class='ocrx_word' id='word_1_462' title='bbox 2675 1279 2686 1312; x_wconf 92' lang='lat'>:</span> <span class='ocrx_word' id='word_1_463' title='bbox 2724 1278 2896 1331; x_wconf 89' lang='lat' dir='ltr'><strong>neque</strong></span> <span class='ocrx_word' id='word_1_464' title='bbox 2940 1264 3006 1316; x_wconf 89' lang='lat' dir='ltr'><strong>ad</strong></span> <span class='ocrx_word' id='word_1_465' title='bbox 3036 1263 3287 1334; x_wconf 85' lang='lat' dir='ltr'><strong>abyssum</strong></span> <span class='ocrx_word' id='word_1_466' title='bbox 3324 1270 3548 1322; x_wconf 86' lang='lat' dir='ltr'><strong>descen-</strong></span> 
     </span>
    </p>
   </div>
   <div class='ocr_carea' id='block_1_58' title="bbox 1971 1348 3542 1418">
    <p class='ocr_par' dir='ltr' id='par_1_58' title="bbox 1971 1348 3542 1418">
     <span class='ocr_line' id='line_1_58' title="bbox 1971 1348 3542 1418; baseline 0.006 -17"><span class='ocrx_word' id='word_1_467' title='bbox 1971 1349 2118 1410; x_wconf 85' lang='lat' dir='ltr'><strong>dere,</strong></span> <span class='ocrx_word' id='word_1_468' title='bbox 2149 1356 2205 1402; x_wconf 89' lang='lat' dir='ltr'><strong>ut</strong></span> <span class='ocrx_word' id='word_1_469' title='bbox 2231 1348 2370 1403; x_wconf 88' lang='lat' dir='ltr'><strong>istud</strong></span> <span class='ocrx_word' id='word_1_470' title='bbox 2403 1350 2656 1418; x_wconf 89' lang='lat' dir='ltr'><strong>accipias,</strong></span> <span class='ocrx_word' id='word_1_471' title='bbox 2687 1369 2858 1418; x_wconf 79' lang='lat' dir='ltr'><strong>neque</strong></span> <span class='ocrx_word' id='word_1_472' title='bbox 2884 1354 3020 1407; x_wconf 89' lang='lat' dir='ltr'><strong>ultra</strong></span> <span class='ocrx_word' id='word_1_473' title='bbox 3055 1358 3224 1408; x_wconf 84' lang='lat' dir='ltr'><strong>maria</strong></span> <span class='ocrx_word' id='word_1_474' title='bbox 3261 1359 3492 1411; x_wconf 87' lang='lat' dir='ltr'><strong>transire</strong></span> <span class='ocrx_word' id='word_1_475' title='bbox 3531 1376 3542 1410; x_wconf 92' lang='lat'>:</span> 
     </span>
    </p>
   </div>
   <div class='ocr_carea' id='block_1_59' title="bbox 1971 1442 3544 1512">
    <p class='ocr_par' dir='ltr' id='par_1_59' title="bbox 1971 1442 3544 1512">
     <span class='ocr_line' id='line_1_59' title="bbox 1971 1442 3544 1512; baseline 0.004 -18"><span class='ocrx_word' id='word_1_476' title='bbox 1971 1442 2062 1494; x_wconf 89' lang='lat' dir='ltr'><strong>sed</strong></span> <span class='ocrx_word' id='word_1_477' title='bbox 2094 1456 2260 1512; x_wconf 92' lang='lat' dir='ltr'><strong>prope</strong></span> <span class='ocrx_word' id='word_1_478' title='bbox 2291 1452 2340 1496; x_wconf 90' lang='lat' dir='ltr'><strong>le</strong></span> <span class='ocrx_word' id='word_1_479' title='bbox 2370 1452 2452 1496; x_wconf 90' lang='lat' dir='ltr'><strong>est</strong></span> <span class='ocrx_word' id='word_1_480' title='bbox 2480 1442 2530 1496; x_wconf 92' lang='lat' dir='ltr'><strong>in</strong></span> <span class='ocrx_word' id='word_1_481' title='bbox 2555 1459 2650 1498; x_wconf 91' lang='lat' dir='ltr'><strong>ore</strong></span> <span class='ocrx_word' id='word_1_482' title='bbox 2683 1453 2791 1506; x_wconf 85' lang='lat' dir='ltr'><strong>tuo,</strong></span> <span class='ocrx_word' id='word_1_483' title='bbox 2829 1456 2880 1497; x_wconf 87' lang='lat' dir='ltr'><strong>et</strong></span> <span class='ocrx_word' id='word_1_484' title='bbox 2911 1447 2959 1497; x_wconf 90' lang='lat' dir='ltr'><strong>in</strong></span> <span class='ocrx_word' id='word_1_485' title='bbox 2994 1456 3170 1500; x_wconf 90' lang='lat' dir='ltr'><strong>mente</strong></span> <span class='ocrx_word' id='word_1_486' title='bbox 3196 1457 3305 1500; x_wconf 90' lang='lat' dir='ltr'><strong>tua.</strong></span> <span class='ocrx_word' id='word_1_487' title='bbox 3342 1449 3544 1502; x_wconf 81' lang='lat' dir='ltr'><strong>Cuncta</strong></span> 
     </span>
    </p>
   </div>
   <div class='ocr_carea' id='block_1_60' title="bbox 1971 1536 3546 1611">
    <p class='ocr_par' dir='ltr' id='par_1_60' title="bbox 1971 1536 3546 1611">
     <span class='ocr_line' id='line_1_60' title="bbox 1971 1536 3546 1611; baseline 0.006 -23"><span class='ocrx_word' id='word_1_488' title='bbox 1971 1536 2116 1589; x_wconf 90' lang='lat' dir='ltr'><strong>enim</strong></span> <span class='ocrx_word' id='word_1_489' title='bbox 2149 1538 2475 1591; x_wconf 84' lang='lat' dir='ltr'><strong>monstravit</strong></span> <span class='ocrx_word' id='word_1_490' title='bbox 2511 1538 2604 1593; x_wconf 87' lang='lat' dir='ltr'><strong>tibi</strong></span> <span class='ocrx_word' id='word_1_491' title='bbox 2642 1538 2782 1592; x_wconf 81' lang='lat' dir='ltr'><strong>Dens</strong></span> <span class='ocrx_word' id='word_1_492' title='bbox 2819 1555 2910 1606; x_wconf 89' lang='lat' dir='ltr'><strong>pcr</strong></span> <span class='ocrx_word' id='word_1_493' title='bbox 2945 1540 3137 1607; x_wconf 75' lang='lat' dir='ltr'><strong>legent.</strong></span> <span class='ocrx_word' id='word_1_494' title='bbox 3178 1541 3353 1595; x_wconf 80' lang='lat' dir='ltr'><strong>Moses</strong></span> <span class='ocrx_word' id='word_1_495' title='bbox 3387 1543 3546 1611; x_wconf 81' lang='lat' dir='ltr'><strong>igitur</strong></span> 
     </span>
    </p>
   </div>
   <div class='ocr_carea' id='block_1_61' title="bbox 1967 1630 3546 1701">
    <p class='ocr_par' dir='ltr' id='par_1_61' title="bbox 1967 1630 3546 1701">
     <span class='ocr_line' id='line_1_61' title="bbox 1967 1630 3546 1701; baseline 0.006 -21"><span class='ocrx_word' id='word_1_496' title='bbox 1967 1630 2116 1698; x_wconf 81' lang='lat' dir='ltr'><strong>juxta</strong></span> <span class='ocrx_word' id='word_1_497' title='bbox 2162 1631 2394 1684; x_wconf 79' lang='lat' dir='ltr'><strong>litteram</strong></span> <span class='ocrx_word' id='word_1_498' title='bbox 2447 1633 2558 1685; x_wconf 65' lang='lat' dir='ltr'><strong>haec</strong></span> <span class='ocrx_word' id='word_1_499' title='bbox 2609 1633 2819 1685; x_wconf 78' lang='lat' dir='ltr'><strong>videtur</strong></span> <span class='ocrx_word' id='word_1_500' title='bbox 2851 1635 2929 1686; x_wconf 89' lang='lat' dir='ltr'><strong>sic</strong></span> <span class='ocrx_word' id='word_1_501' title='bbox 2975 1633 3201 1688; x_wconf 85' lang='lat' dir='ltr'><strong>dicere:</strong></span> <span class='ocrx_word' id='word_1_502' title='bbox 3256 1635 3546 1701; x_wconf 78' lang='lat' dir='ltr'><strong>Apostolus</strong></span> 
     </span>
    </p>
   </div>
   <div class='ocr_carea' id='block_1_62' title="bbox 1972 1722 3545 1785">
    <p class='ocr_par' dir='ltr' id='par_1_62' title="bbox 1972 1722 3545 1785">
     <span class='ocr_line' id='line_1_62' title="bbox 1972 1722 3545 1785; baseline 0.002 -12"><span class='ocrx_word' id='word_1_503' title='bbox 1972 1731 2149 1774; x_wconf 85' lang='lat' dir='ltr'><strong>autem</strong></span> <span class='ocrx_word' id='word_1_504' title='bbox 2182 1723 2246 1774; x_wconf 84' lang='lat' dir='ltr'><strong>ad</strong></span> <span class='ocrx_word' id='word_1_505' title='bbox 2276 1722 2550 1776; x_wconf 87' lang='lat' dir='ltr'><strong>Christum</strong></span> <span class='ocrx_word' id='word_1_506' title='bbox 2579 1724 2663 1775; x_wconf 92' lang='lat' dir='ltr'><strong>illa</strong></span> <span class='ocrx_word' id='word_1_507' title='bbox 2699 1724 2973 1777; x_wconf 81' lang='lat' dir='ltr'><strong>transtulit</strong></span> <span class='ocrx_word' id='word_1_508' title='bbox 3004 1743 3016 1776; x_wconf 91' lang='lat'><strong>:</strong></span> <span class='ocrx_word' id='word_1_509' title='bbox 3073 1725 3173 1778; x_wconf 89' lang='lat' dir='ltr'><strong>hoc</strong></span> <span class='ocrx_word' id='word_1_510' title='bbox 3199 1735 3302 1785; x_wconf 80' lang='lat' dir='ltr'><strong>est.</strong></span> <span class='ocrx_word' id='word_1_511' title='bbox 3336 1724 3409 1778; x_wconf 86' lang='lat' dir='ltr'><strong>Ne</strong></span> <span class='ocrx_word' id='word_1_512' title='bbox 3437 1727 3545 1779; x_wconf 63' lang='lat' dir='ltr'><strong>liae.</strong></span> 
     </span>
    </p>
   </div>
   <div class='ocr_carea' id='block_1_63' title="bbox 1973 1815 3543 1882">
    <p class='ocr_par' dir='ltr' id='par_1_63' title="bbox 1973 1815 3543 1882">
     <span class='ocr_line' id='line_1_63' title="bbox 1973 1815 3543 1882; baseline 0.004 -16"><span class='ocrx_word' id='word_1_513' title='bbox 1973 1816 2123 1873; x_wconf 87' lang='lat' dir='ltr'><strong>siles,</strong></span> <span class='ocrx_word' id='word_1_514' title='bbox 2164 1829 2335 1882; x_wconf 81' lang='lat' dir='ltr'><strong>neque</strong></span> <span class='ocrx_word' id='word_1_515' title='bbox 2363 1815 2507 1868; x_wconf 86' lang='lat' dir='ltr'><strong>dicas</strong></span> <span class='ocrx_word' id='word_1_516' title='bbox 2538 1816 2587 1866; x_wconf 91' lang='lat' dir='ltr'><strong>in</strong></span> <span class='ocrx_word' id='word_1_517' title='bbox 2619 1818 2781 1870; x_wconf 90' lang='lat' dir='ltr'><strong>corde</strong></span> <span class='ocrx_word' id='word_1_518' title='bbox 2813 1826 2900 1870; x_wconf 88' lang='lat' dir='ltr'><strong>tuo</strong></span> <span class='ocrx_word' id='word_1_519' title='bbox 2935 1835 2946 1870; x_wconf 90' lang='lat'>:</span> <span class='ocrx_word' id='word_1_520' title='bbox 2986 1816 3264 1882; x_wconf 84' lang='lat' dir='ltr'><strong>Quomodo</strong></span> <span class='ocrx_word' id='word_1_521' title='bbox 3297 1819 3543 1872; x_wconf 85' lang='lat' dir='ltr'><strong>Christus</strong></span> 
     </span>
    </p>
   </div>
   <div class='ocr_carea' id='block_1_64' title="bbox 1975 1906 3542 1976">
    <p class='ocr_par' dir='ltr' id='par_1_64' title="bbox 1975 1906 3542 1976">
     <span class='ocr_line' id='line_1_64' title="bbox 1975 1906 3542 1976; baseline 0.004 -18"><span class='ocrx_word' id='word_1_522' title='bbox 1975 1906 2305 1959; x_wconf 91' lang='lat' dir='ltr'><strong>descendite</strong></span> <span class='ocrx_word' id='word_1_523' title='bbox 2348 1907 2501 1960; x_wconf 68' lang='lat' dir='ltr'><strong>caelis</strong></span> <span class='ocrx_word' id='word_1_524' title='bbox 2536 1917 2589 1960; x_wconf 88' lang='lat' dir='ltr'><strong>et</strong></span> <span class='ocrx_word' id='word_1_525' title='bbox 2632 1908 2943 1961; x_wconf 81' lang='lat' dir='ltr'><strong>incarnatus</strong></span> <span class='ocrx_word' id='word_1_526' title='bbox 2963 1911 3081 1964; x_wconf 87' lang='lat' dir='ltr'><strong>est?</strong></span> <span class='ocrx_word' id='word_1_527' title='bbox 3115 1920 3229 1973; x_wconf 90' lang='lat' dir='ltr'><strong>aut,</strong></span> <span class='ocrx_word' id='word_1_528' title='bbox 3262 1911 3542 1976; x_wconf 83' lang='lat' dir='ltr'><strong>Quomodo</strong></span> 
     </span>
    </p>
   </div>
   <div class='ocr_carea' id='block_1_65' title="bbox 1975 2002 3543 2079">
    <p class='ocr_par' dir='ltr' id='par_1_65' title="bbox 1975 2002 3543 2079">
     <span class='ocr_line' id='line_1_65' title="bbox 1975 2002 3543 2079; baseline 0.003 -27"><span class='ocrx_word' id='word_1_529' title='bbox 1975 2009 2237 2062; x_wconf 87' lang='lat' dir='ltr'><strong>mortuus,</strong></span> <span class='ocrx_word' id='word_1_530' title='bbox 2262 2005 2558 2053; x_wconf 83' lang='lat' dir='ltr'><strong>resurrexit</strong></span> <span class='ocrx_word' id='word_1_531' title='bbox 2576 2016 2639 2054; x_wconf 78' lang='lat' dir='ltr'><strong>ex</strong></span> <span class='ocrx_word' id='word_1_532' title='bbox 2658 2002 2877 2070; x_wconf 74' lang='lat' dir='ltr'><strong>abysso,</strong></span> <span class='ocrx_word' id='word_1_533' title='bbox 2899 2002 2996 2054; x_wconf 82' lang='lat' dir='ltr'><strong>DOC</strong></span> <span class='ocrx_word' id='word_1_534' title='bbox 3025 2013 3104 2056; x_wconf 84' lang='lat' dir='ltr'><strong>est</strong></span> <span class='ocrx_word' id='word_1_535' title='bbox 3138 2006 3328 2079; x_wconf 25' lang='lat' dir='ltr'><strong>ex.76</strong></span> <span class='ocrx_word' id='word_1_536' title='bbox 3347 2006 3543 2058; x_wconf 80' lang='lat' dir='ltr'><strong>inﬁmis</strong></span> 
     </span>
    </p>
   </div>
   <div class='ocr_carea' id='block_1_66' title="bbox 1974 2092 3543 2160">
    <p class='ocr_par' dir='ltr' id='par_1_66' title="bbox 1974 2092 3543 2160">
     <span class='ocr_line' id='line_1_66' title="bbox 1974 2092 3543 2160; baseline 0.004 -15"><span class='ocrx_word' id='word_1_537' title='bbox 1974 2093 2139 2147; x_wconf 91' lang='lat' dir='ltr'><strong>locis?</strong></span> <span class='ocrx_word' id='word_1_538' title='bbox 2167 2092 2269 2146; x_wconf 90' lang='lat' dir='ltr'><strong>Sed</strong></span> <span class='ocrx_word' id='word_1_539' title='bbox 2300 2093 2460 2148; x_wconf 85' lang='lat' dir='ltr'><strong>crede</strong></span> <span class='ocrx_word' id='word_1_540' title='bbox 2488 2093 2631 2160; x_wconf 91' lang='lat' dir='ltr'><strong>quod</strong></span> <span class='ocrx_word' id='word_1_541' title='bbox 2665 2104 2717 2148; x_wconf 83' lang='lat' dir='ltr'><strong>et</strong></span> <span class='ocrx_word' id='word_1_542' title='bbox 2750 2095 3086 2149; x_wconf 89' lang='lat' dir='ltr'><strong>descenderit</strong></span> <span class='ocrx_word' id='word_1_543' title='bbox 3119 2098 3450 2160; x_wconf 86' lang='lat' dir='ltr'><strong>incarnatus,</strong></span> <span class='ocrx_word' id='word_1_544' title='bbox 3483 2115 3543 2152; x_wconf 85' lang='lat' dir='ltr'><strong>ac</strong></span> 
     </span>
    </p>
   </div>
   <div class='ocr_carea' id='block_1_67' title="bbox 1975 2186 3539 2257">
    <p class='ocr_par' dir='ltr' id='par_1_67' title="bbox 1975 2186 3539 2257">
     <span class='ocr_line' id='line_1_67' title="bbox 1975 2186 3539 2257; baseline 0.004 -19"><span class='ocrx_word' id='word_1_545' title='bbox 1975 2188 2179 2240; x_wconf 85' lang='lat' dir='ltr'><strong>tumulo</strong></span> <span class='ocrx_word' id='word_1_546' title='bbox 2214 2186 2463 2240; x_wconf 88' lang='lat' dir='ltr'><strong>conditus</strong></span> <span class='ocrx_word' id='word_1_547' title='bbox 2513 2187 2734 2240; x_wconf 86' lang='lat' dir='ltr'><strong>redierit</strong></span> <span class='ocrx_word' id='word_1_548' title='bbox 2772 2203 3058 2257; x_wconf 81' lang='lat' dir='ltr'><strong>resurgens</strong></span> <span class='ocrx_word' id='word_1_549' title='bbox 3103 2198 3158 2243; x_wconf 92' lang='lat' dir='ltr'><strong>et</strong></span> <span class='ocrx_word' id='word_1_550' title='bbox 3191 2192 3486 2244; x_wconf 80' lang='lat' dir='ltr'><strong>suscitatus</strong></span> <span class='ocrx_word' id='word_1_551' title='bbox 3527 2210 3539 2244; x_wconf 95' lang='lat'>:</span> 
     </span>
    </p>
   </div>
   <div class='ocr_carea' id='block_1_68' title="bbox 1973 2276 3543 2353">
    <p class='ocr_par' dir='ltr' id='par_1_68' title="bbox 1973 2276 3543 2353">
     <span class='ocr_line' id='line_1_68' title="bbox 1973 2276 3543 2353; baseline 0.005 -24"><span class='ocrx_word' id='word_1_552' title='bbox 1973 2276 2115 2333; x_wconf 85' lang='lat' dir='ltr'><strong>Deus</strong></span> <span class='ocrx_word' id='word_1_553' title='bbox 2151 2294 2382 2346; x_wconf 83' lang='lat' dir='ltr'><strong>namque</strong></span> <span class='ocrx_word' id='word_1_554' title='bbox 2417 2279 2590 2345; x_wconf 89' lang='lat' dir='ltr'><strong>ipsum</strong></span> <span class='ocrx_word' id='word_1_555' title='bbox 2640 2280 2947 2334; x_wconf 85' lang='lat' dir='ltr'><strong>suscitavit.</strong></span> <span class='ocrx_word' id='word_1_556' title='bbox 2995 2280 3174 2345; x_wconf 85' lang='lat' dir='ltr'><strong>Quare</strong></span> <span class='ocrx_word' id='word_1_557' title='bbox 3209 2293 3266 2335; x_wconf 89' lang='lat' dir='ltr'><strong>et</strong></span> <span class='ocrx_word' id='word_1_558' title='bbox 3301 2300 3327 2335; x_wconf 88' lang='lat' dir='ltr'><strong>a</strong></span> <span class='ocrx_word' id='word_1_559' title='bbox 3365 2285 3543 2353; x_wconf 78' lang='lat' dir='ltr'><strong>digni-</strong></span> 
     </span>
    </p>
   </div>
   <div class='ocr_carea' id='block_1_69' title="bbox 1973 2373 3541 2444">
    <p class='ocr_par' dir='ltr' id='par_1_69' title="bbox 1973 2373 3541 2444">
     <span class='ocr_line' id='line_1_69' title="bbox 1973 2373 3541 2444; baseline 0.005 -20"><span class='ocrx_word' id='word_1_560' title='bbox 1973 2382 2083 2425; x_wconf 87' lang='lat' dir='ltr'><strong>tate</strong></span> <span class='ocrx_word' id='word_1_561' title='bbox 2116 2384 2169 2426; x_wconf 90' lang='lat' dir='ltr'><strong>et</strong></span> <span class='ocrx_word' id='word_1_562' title='bbox 2200 2373 2522 2426; x_wconf 84' lang='lat' dir='ltr'><strong>anetoritate</strong></span> <span class='ocrx_word' id='word_1_563' title='bbox 2567 2373 2858 2427; x_wconf 80' lang='lat' dir='ltr'><strong>excitantis</strong></span> <span class='ocrx_word' id='word_1_564' title='bbox 2904 2375 3063 2430; x_wconf 80' lang='lat' dir='ltr'><strong>facile</strong></span> <span class='ocrx_word' id='word_1_565' title='bbox 3107 2388 3258 2444; x_wconf 87' lang='lat' dir='ltr'><strong>potes</strong></span> <span class='ocrx_word' id='word_1_566' title='bbox 3295 2379 3541 2432; x_wconf 85' lang='lat' dir='ltr'><strong>credere.</strong></span> 
     </span>
    </p>
   </div>
   <div class='ocr_carea' id='block_1_70' title="bbox 1972 2464 3542 2532">
    <p class='ocr_par' dir='ltr' id='par_1_70' title="bbox 1972 2464 3542 2532">
     <span class='ocr_line' id='line_1_70' title="bbox 1972 2464 3542 2532; baseline 0.006 -17"><span class='ocrx_word' id='word_1_567' title='bbox 1972 2465 2108 2530; x_wconf 89' lang='lat' dir='ltr'><strong>Quid</strong></span> <span class='ocrx_word' id='word_1_568' title='bbox 2143 2464 2305 2532; x_wconf 80' lang='lat' dir='ltr'><strong>igitur</strong></span> <span class='ocrx_word' id='word_1_569' title='bbox 2338 2467 2439 2520; x_wconf 87' lang='lat' dir='ltr'><strong>hac</strong></span> <span class='ocrx_word' id='word_1_570' title='bbox 2467 2482 2523 2519; x_wconf 93' lang='lat' dir='ltr'><strong>re</strong></span> <span class='ocrx_word' id='word_1_571' title='bbox 2553 2465 2785 2528; x_wconf 84' lang='lat' dir='ltr'><strong>facilius,</strong></span> <span class='ocrx_word' id='word_1_572' title='bbox 2818 2482 2939 2520; x_wconf 91' lang='lat' dir='ltr'><strong>cum</strong></span> <span class='ocrx_word' id='word_1_573' title='bbox 2975 2469 3024 2522; x_wconf 89' lang='lat' dir='ltr'><strong>in</strong></span> <span class='ocrx_word' id='word_1_574' title='bbox 3059 2483 3152 2523; x_wconf 90' lang='lat' dir='ltr'><strong>ore</strong></span> <span class='ocrx_word' id='word_1_575' title='bbox 3179 2478 3271 2524; x_wconf 90' lang='lat' dir='ltr'><strong>tuo</strong></span> <span class='ocrx_word' id='word_1_576' title='bbox 3313 2470 3542 2524; x_wconf 89' lang='lat' dir='ltr'><strong>salutem</strong></span> 
     </span>
    </p>
   </div>
   <div class='ocr_carea' id='block_1_71' title="bbox 1973 2559 3541 2634">
    <p class='ocr_par' dir='ltr' id='par_1_71' title="bbox 1973 2559 3541 2634">
     <span class='ocr_line' id='line_1_71' title="bbox 1973 2559 3541 2634; baseline 0.003 -20"><span class='ocrx_word' id='word_1_577' title='bbox 1973 2562 2208 2620; x_wconf 64' lang='lat' dir='ltr'><strong>liabeasj?</strong></span> <span class='ocrx_word' id='word_1_578' title='bbox 2237 2559 2312 2615; x_wconf 81' lang='lat' dir='ltr'><strong>Ne</strong></span> <span class='ocrx_word' id='word_1_579' title='bbox 2341 2572 2520 2616; x_wconf 91' lang='lat' dir='ltr'><strong>autem</strong></span> <span class='ocrx_word' id='word_1_580' title='bbox 2548 2563 2616 2617; x_wconf 90' lang='lat' dir='ltr'><strong>ob</strong></span> <span class='ocrx_word' id='word_1_581' title='bbox 2645 2563 2957 2618; x_wconf 79' lang='lat' dir='ltr'><strong>facilitatem</strong></span> <span class='ocrx_word' id='word_1_582' title='bbox 2980 2575 3292 2632; x_wconf 90' lang='lat' dir='ltr'><strong>contemptu</strong></span> <span class='ocrx_word' id='word_1_583' title='bbox 3321 2567 3541 2634; x_wconf 85' lang='lat' dir='ltr'><strong>dignum</strong></span> 
     </span>
    </p>
   </div>
   <div class='ocr_carea' id='block_1_72' title="bbox 1970 2651 3544 2720">
    <p class='ocr_par' dir='ltr' id='par_1_72' title="bbox 1970 2651 3544 2720">
     <span class='ocr_line' id='line_1_72' title="bbox 1970 2651 3544 2720; baseline 0.005 -18"><span class='ocrx_word' id='word_1_584' title='bbox 1970 2653 2217 2705; x_wconf 86' lang='lat' dir='ltr'><strong>videatur</strong></span> <span class='ocrx_word' id='word_1_585' title='bbox 2249 2651 2369 2706; x_wconf 91' lang='lat' dir='ltr'><strong>ﬁdei</strong></span> <span class='ocrx_word' id='word_1_586' title='bbox 2407 2654 2705 2720; x_wconf 78' lang='lat' dir='ltr'><strong>negotium,</strong></span> <span class='ocrx_word' id='word_1_587' title='bbox 2739 2657 2976 2710; x_wconf 86' lang='lat' dir='ltr'><strong>ostendit</strong></span> <span class='ocrx_word' id='word_1_588' title='bbox 3026 2656 3419 2711; x_wconf 91' lang='lat' dir='ltr'><strong>incredulitatis</strong></span> <span class='ocrx_word' id='word_1_589' title='bbox 3459 2673 3544 2710; x_wconf 89' lang='lat' dir='ltr'><strong>ra-</strong></span> 
     </span>
    </p>
   </div>
   <div class='ocr_carea' id='block_1_73' title="bbox 1972 2744 3545 2820">
    <p class='ocr_par' dir='ltr' id='par_1_73' title="bbox 1972 2744 3545 2820">
     <span class='ocr_line' id='line_1_73' title="bbox 1972 2744 3545 2820; baseline 0.003 -22"><span class='ocrx_word' id='word_1_590' title='bbox 1972 2744 2355 2798; x_wconf 86' lang='lat' dir='ltr'><strong>tiocinationes</strong></span> <span class='ocrx_word' id='word_1_591' title='bbox 2381 2755 2434 2800; x_wconf 93' lang='lat' dir='ltr'><strong>et</strong></span> <span class='ocrx_word' id='word_1_592' title='bbox 2460 2747 2815 2815; x_wconf 77' lang='lat' dir='ltr'><strong>cogitationes</strong></span> <span class='ocrx_word' id='word_1_593' title='bbox 2841 2762 2960 2802; x_wconf 89' lang='lat' dir='ltr'><strong>esse</strong></span> <span class='ocrx_word' id='word_1_594' title='bbox 2992 2749 3074 2801; x_wconf 84' lang='lat' dir='ltr'><strong>vel</strong></span> <span class='ocrx_word' id='word_1_595' title='bbox 3104 2749 3202 2816; x_wconf 89' lang='lat' dir='ltr'><strong>ipsi</strong></span> <span class='ocrx_word' id='word_1_596' title='bbox 3230 2748 3352 2803; x_wconf 90' lang='lat' dir='ltr'><strong>ﬁdei</strong></span> <span class='ocrx_word' id='word_1_597' title='bbox 3375 2764 3545 2820; x_wconf 83' lang='lat' dir='ltr'><strong>Oppo-</strong></span> 
     </span>
    </p>
   </div>
   <div class='ocr_carea' id='block_1_74' title="bbox 1969 2841 3538 2911">
    <p class='ocr_par' dir='ltr' id='par_1_74' title="bbox 1969 2841 3538 2911">
     <span class='ocr_line' id='line_1_74' title="bbox 1969 2841 3538 2911; baseline 0.001 -17"><span class='ocrx_word' id='word_1_598' title='bbox 1969 2843 2138 2904; x_wconf 91' lang='lat' dir='ltr'><strong>sitas,</strong></span> <span class='ocrx_word' id='word_1_599' title='bbox 2176 2843 2362 2911; x_wconf 89' lang='lat' dir='ltr'><strong>eisque</strong></span> <span class='ocrx_word' id='word_1_600' title='bbox 2405 2841 2615 2896; x_wconf 83' lang='lat' dir='ltr'><strong>fortiter</strong></span> <span class='ocrx_word' id='word_1_601' title='bbox 2641 2842 3019 2897; x_wconf 66' lang='lat' dir='ltr'><strong>resistendum.</strong></span> <span class='ocrx_word' id='word_1_602' title='bbox 3062 2841 3141 2898; x_wconf 82' lang='lat' dir='ltr'><strong>Ne</strong></span> <span class='ocrx_word' id='word_1_603' title='bbox 3186 2844 3333 2899; x_wconf 88' lang='lat' dir='ltr'><strong>dicas</strong></span> <span class='ocrx_word' id='word_1_604' title='bbox 3371 2844 3538 2906; x_wconf 89' lang='lat' dir='ltr'><strong>enim,</strong></span> 
     </span>
    </p>
   </div>
   <div class='ocr_carea' id='block_1_75' title="bbox 1971 2934 3538 3001">
    <p class='ocr_par' dir='ltr' id='par_1_75' title="bbox 1971 2934 3538 3001">
     <span class='ocr_line' id='line_1_75' title="bbox 1971 2934 3538 3001; baseline 0.002 -16"><span class='ocrx_word' id='word_1_605' title='bbox 1971 2934 2166 3001; x_wconf 83' lang='lat' dir='ltr'><strong>inquit,</strong></span> <span class='ocrx_word' id='word_1_606' title='bbox 2203 2934 2256 2986; x_wconf 91' lang='lat' dir='ltr'><strong>in</strong></span> <span class='ocrx_word' id='word_1_607' title='bbox 2306 2935 2467 2986; x_wconf 90' lang='lat' dir='ltr'><strong>corde</strong></span> <span class='ocrx_word' id='word_1_608' title='bbox 2503 2943 2593 2987; x_wconf 92' lang='lat' dir='ltr'><strong>tuo</strong></span> <span class='ocrx_word' id='word_1_609' title='bbox 2637 2935 2750 2988; x_wconf 75' lang='lat' dir='ltr'><strong>haec</strong></span> <span class='ocrx_word' id='word_1_610' title='bbox 2797 2935 2878 2987; x_wconf 92' lang='lat' dir='ltr'><strong>vel</strong></span> <span class='ocrx_word' id='word_1_611' title='bbox 2927 2935 3036 2997; x_wconf 90' lang='lat' dir='ltr'><strong>illa,</strong></span> <span class='ocrx_word' id='word_1_612' title='bbox 3078 2935 3176 2988; x_wconf 87' lang='lat' dir='ltr'><strong>hoc</strong></span> <span class='ocrx_word' id='word_1_613' title='bbox 3215 2945 3299 2987; x_wconf 76' lang='lat' dir='ltr'><strong>est</strong></span> <span class='ocrx_word' id='word_1_614' title='bbox 3340 2935 3538 2988; x_wconf 84' lang='lat' dir='ltr'><strong>nullam</strong></span> 
     </span>
    </p>
   </div>
   <div class='ocr_carea' id='block_1_76' title="bbox 1969 3026 3540 3096">
    <p class='ocr_par' dir='ltr' id='par_1_76' title="bbox 1969 3026 3540 3096">
     <span class='ocr_line' id='line_1_76' title="bbox 1969 3026 3540 3096; baseline 0.002 -19"><span class='ocrx_word' id='word_1_615' title='bbox 1969 3028 2191 3080; x_wconf 89' lang='lat' dir='ltr'><strong>omnino</strong></span> <span class='ocrx_word' id='word_1_616' title='bbox 2233 3026 2554 3080; x_wconf 67' lang='lat' dir='ltr'><strong>btesitantiae</strong></span> <span class='ocrx_word' id='word_1_617' title='bbox 2588 3028 2971 3096; x_wconf 72' lang='lat' dir='ltr'><strong>COgitationetn</strong></span> <span class='ocrx_word' id='word_1_618' title='bbox 3007 3028 3057 3080; x_wconf 91' lang='lat' dir='ltr'><strong>in</strong></span> <span class='ocrx_word' id='word_1_619' title='bbox 3100 3031 3339 3081; x_wconf 77' lang='lat' dir='ltr'><strong>animum</strong></span> <span class='ocrx_word' id='word_1_620' title='bbox 3380 3030 3540 3081; x_wconf 80' lang='lat' dir='ltr'><strong>indu-</strong></span> 
     </span>
    </p>
   </div>
   <div class='ocr_carea' id='block_1_77' title="bbox 1970 3123 2263 3168">
    <p class='ocr_par' dir='ltr' id='par_1_77' title="bbox 1970 3123 2263 3168">
     <span class='ocr_line' id='line_1_77' title="bbox 1970 3123 2263 3168; baseline 0.007 -2"><span class='ocrx_word' id='word_1_621' title='bbox 1970 3129 2061 3167; x_wconf 85' lang='lat' dir='ltr'><strong>cas</strong></span> <span class='ocrx_word' id='word_1_622' title='bbox 2092 3123 2263 3168; x_wconf 85' lang='lat' dir='ltr'><strong>tuum.</strong></span> 
     </span>
    </p>
   </div>
   <div class='ocr_carea' id='block_1_78' title="bbox 2049 3389 3536 3457">
    <p class='ocr_par' dir='ltr' id='par_1_78' title="bbox 2049 3389 3536 3457">
     <span class='ocr_line' id='line_1_78' title="bbox 2049 3389 3536 3457; baseline -0.001 -14"><span class='ocrx_word' id='word_1_623' title='bbox 2049 3391 2208 3448; x_wconf 72' lang='lat' dir='ltr'><strong>Vens.</strong></span> <span class='ocrx_word' id='word_1_624' title='bbox 2253 3392 2338 3445; x_wconf 83' lang='lat' dir='ltr'><strong>lO.</strong></span> <span class='ocrx_word' id='word_1_625' title='bbox 2378 3411 2395 3443; x_wconf 80' lang='grc' dir='ltr'><strong>ι</strong></span> <span class='ocrx_word' id='word_1_626' title='bbox 2434 3392 2610 3446; x_wconf 87' lang='lat' dir='ltr'><strong>Corde</strong></span> <span class='ocrx_word' id='word_1_627' title='bbox 2639 3405 2875 3456; x_wconf 87' lang='lat' dir='ltr'><strong>namque</strong></span> <span class='ocrx_word' id='word_1_628' title='bbox 2901 3390 3144 3443; x_wconf 88' lang='lat' dir='ltr'><strong>creditur</strong></span> <span class='ocrx_word' id='word_1_629' title='bbox 3166 3389 3231 3442; x_wconf 90' lang='lat' dir='ltr'><strong>ad</strong></span> <span class='ocrx_word' id='word_1_630' title='bbox 3254 3390 3536 3457; x_wconf 76' lang='lat' dir='ltr'><strong>justitiam,</strong></span> 
     </span>
    </p>
   </div>
   <div class='ocr_carea' id='block_1_79' title="bbox 1969 3481 3541 3549">
    <p class='ocr_par' dir='ltr' id='par_1_79' title="bbox 1969 3481 3541 3549">
     <span class='ocr_line' id='line_1_79' title="bbox 1969 3481 3541 3549; baseline -0.001 -12"><span class='ocrx_word' id='word_1_631' title='bbox 1969 3500 2062 3537; x_wconf 84' lang='lat' dir='ltr'><strong>ore</strong></span> <span class='ocrx_word' id='word_1_632' title='bbox 2096 3494 2274 3536; x_wconf 89' lang='lat' dir='ltr'><strong>autem</strong></span> <span class='ocrx_word' id='word_1_633' title='bbox 2304 3483 2360 3535; x_wconf 89' lang='lat' dir='ltr'><strong>ﬁt</strong></span> <span class='ocrx_word' id='word_1_634' title='bbox 2387 3482 2654 3535; x_wconf 82' lang='lat' dir='ltr'><strong>confessio</strong></span> <span class='ocrx_word' id='word_1_635' title='bbox 2683 3482 2748 3534; x_wconf 89' lang='lat' dir='ltr'><strong>ad</strong></span> <span class='ocrx_word' id='word_1_636' title='bbox 2776 3482 3026 3535; x_wconf 89' lang='lat' dir='ltr'><strong>salutem.</strong></span> <span class='ocrx_word' id='word_1_637' title='bbox 3065 3501 3081 3533; x_wconf 76' lang='grc' dir='ltr'><strong>ι</strong></span> <span class='ocrx_word' id='word_1_638' title='bbox 3115 3481 3221 3535; x_wconf 90' lang='lat' dir='ltr'><strong>Cor</strong></span> <span class='ocrx_word' id='word_1_639' title='bbox 3250 3482 3420 3549; x_wconf 87' lang='lat' dir='ltr'><strong>ipsum</strong></span> <span class='ocrx_word' id='word_1_640' title='bbox 3450 3499 3541 3534; x_wconf 87' lang='lat' dir='ltr'><strong>ore</strong></span> 
     </span>
    </p>
   </div>
   <div class='ocr_carea' id='block_1_80' title="bbox 1972 3573 3537 3645">
    <p class='ocr_par' dir='ltr' id='par_1_80' title="bbox 1972 3573 3537 3645">
     <span class='ocr_line' id='line_1_80' title="bbox 1972 3573 3537 3645; baseline -0.003 -15"><span class='ocrx_word' id='word_1_641' title='bbox 1972 3578 2194 3645; x_wconf 83' lang='lat' dir='ltr'><strong>indiget.</strong></span> <span class='ocrx_word' id='word_1_642' title='bbox 2214 3575 2352 3640; x_wconf 83' lang='lat' dir='ltr'><strong>Quid</strong></span> <span class='ocrx_word' id='word_1_643' title='bbox 2374 3577 2516 3629; x_wconf 90' lang='lat' dir='ltr'><strong>enim</strong></span> <span class='ocrx_word' id='word_1_644' title='bbox 2540 3575 2755 3643; x_wconf 87' lang='lat' dir='ltr'><strong>prodest</strong></span> <span class='ocrx_word' id='word_1_645' title='bbox 2778 3574 3000 3628; x_wconf 89' lang='lat' dir='ltr'><strong>credere</strong></span> <span class='ocrx_word' id='word_1_646' title='bbox 3018 3573 3232 3640; x_wconf 86' lang='lat' dir='ltr'><strong>quidem</strong></span> <span class='ocrx_word' id='word_1_647' title='bbox 3257 3574 3537 3637; x_wconf 84' lang='lat' dir='ltr'><strong>inanimo,</strong></span> 
     </span>
    </p>
   </div>
   <div class='ocr_carea' id='block_1_81' title="bbox 1973 3667 3537 3723">
    <p class='ocr_par' dir='ltr' id='par_1_81' title="bbox 1973 3667 3537 3723">
     <span class='ocr_line' id='line_1_81' title="bbox 1973 3667 3537 3723; baseline -0.002 0"><span class='ocrx_word' id='word_1_648' title='bbox 1973 3685 2075 3723; x_wconf 91' lang='lat' dir='ltr'><strong>non</strong></span> <span class='ocrx_word' id='word_1_649' title='bbox 2110 3669 2353 3722; x_wconf 83' lang='lat' dir='ltr'><strong>confiteri</strong></span> <span class='ocrx_word' id='word_1_650' title='bbox 2399 3679 2576 3721; x_wconf 91' lang='lat' dir='ltr'><strong>autem</strong></span> <span class='ocrx_word' id='word_1_651' title='bbox 2614 3683 2795 3720; x_wconf 88' lang='lat' dir='ltr'><strong>coram</strong></span> <span class='ocrx_word' id='word_1_652' title='bbox 2828 3668 3172 3721; x_wconf 85' lang='lat' dir='ltr'><strong>hominibus?</strong></span> <span class='ocrx_word' id='word_1_653' title='bbox 3205 3667 3363 3721; x_wconf 82' lang='lat' dir='ltr'><strong>Fides</strong></span> <span class='ocrx_word' id='word_1_654' title='bbox 3393 3669 3537 3721; x_wconf 90' lang='lat' dir='ltr'><strong>enim</strong></span> 
     </span>
    </p>
   </div>
   <div class='ocr_carea' id='block_1_82' title="bbox 1976 3759 3542 3829">
    <p class='ocr_par' dir='ltr' id='par_1_82' title="bbox 1976 3759 3542 3829">
     <span class='ocr_line' id='line_1_82' title="bbox 1976 3759 3542 3829; baseline -0.001 -15"><span class='ocrx_word' id='word_1_655' title='bbox 1976 3761 2171 3814; x_wconf 82' lang='lat' dir='ltr'><strong>mentis</strong></span> <span class='ocrx_word' id='word_1_656' title='bbox 2214 3760 2478 3829; x_wconf 84' lang='lat' dir='ltr'><strong>jnstiﬁcat</strong></span> <span class='ocrx_word' id='word_1_657' title='bbox 2521 3762 2772 3828; x_wconf 88' lang='lat' dir='ltr'><strong>quidem;</strong></span> <span class='ocrx_word' id='word_1_658' title='bbox 2822 3771 3076 3813; x_wconf 73' lang='lat' dir='ltr'><strong>caeterum</strong></span> <span class='ocrx_word' id='word_1_659' title='bbox 3113 3759 3351 3827; x_wconf 86' lang='lat' dir='ltr'><strong>perfecta</strong></span> <span class='ocrx_word' id='word_1_660' title='bbox 3399 3760 3542 3814; x_wconf 81' lang='lat' dir='ltr'><strong>salus</strong></span> 
     </span>
    </p>
   </div>
   <div class='ocr_carea' id='block_1_83' title="bbox 1972 3851 3538 3920">
    <p class='ocr_par' dir='ltr' id='par_1_83' title="bbox 1972 3851 3538 3920">
     <span class='ocr_line' id='line_1_83' title="bbox 1972 3851 3538 3920; baseline -0.001 -14"><span class='ocrx_word' id='word_1_661' title='bbox 1972 3854 2023 3906; x_wconf 94' lang='lat' dir='ltr'><strong>in</strong></span> <span class='ocrx_word' id='word_1_662' title='bbox 2070 3853 2410 3906; x_wconf 76' lang='lat' dir='ltr'><strong>confessione</strong></span> <span class='ocrx_word' id='word_1_663' title='bbox 2457 3853 2556 3904; x_wconf 82' lang='lat' dir='ltr'><strong>sita</strong></span> <span class='ocrx_word' id='word_1_664' title='bbox 2609 3863 2711 3905; x_wconf 88' lang='lat' dir='ltr'><strong>est.</strong></span> <span class='ocrx_word' id='word_1_665' title='bbox 2749 3853 2882 3904; x_wconf 90' lang='lat' dir='ltr'><strong>Tum</strong></span> <span class='ocrx_word' id='word_1_666' title='bbox 2917 3853 3060 3905; x_wconf 89' lang='lat' dir='ltr'><strong>enim</strong></span> <span class='ocrx_word' id='word_1_667' title='bbox 3111 3851 3328 3920; x_wconf 68' lang='lat' dir='ltr'><strong>effulget</strong></span> <span class='ocrx_word' id='word_1_668' title='bbox 3377 3853 3538 3916; x_wconf 78' lang='lat' dir='ltr'><strong>fides,</strong></span> 
     </span>
    </p>
   </div>
   <div class='ocr_carea' id='block_1_84' title="bbox 1969 3942 3538 4011">
    <p class='ocr_par' dir='ltr' id='par_1_84' title="bbox 1969 3942 3538 4011">
     <span class='ocr_line' id='line_1_84' title="bbox 1969 3942 3538 4011; baseline -0.001 -15"><span class='ocrx_word' id='word_1_669' title='bbox 1969 3946 2209 4011; x_wconf 86' lang='lat' dir='ltr'><strong>adeoque</strong></span> <span class='ocrx_word' id='word_1_670' title='bbox 2231 3945 2412 4007; x_wconf 83' lang='lat' dir='ltr'><strong>plures</strong></span> <span class='ocrx_word' id='word_1_671' title='bbox 2445 3943 2790 4011; x_wconf 88' lang='lat' dir='ltr'><strong>adjuvantur.</strong></span> <span class='ocrx_word' id='word_1_672' title='bbox 2825 3943 2954 4010; x_wconf 80' lang='lat' dir='ltr'><strong>Eget</strong></span> <span class='ocrx_word' id='word_1_673' title='bbox 2985 3953 3164 3996; x_wconf 87' lang='lat' dir='ltr'><strong>autem</strong></span> <span class='ocrx_word' id='word_1_674' title='bbox 3194 3953 3247 3996; x_wconf 83' lang='lat' dir='ltr'><strong>et</strong></span> <span class='ocrx_word' id='word_1_675' title='bbox 3270 3958 3330 3997; x_wconf 93' lang='lat' dir='ltr'><strong>os</strong></span> <span class='ocrx_word' id='word_1_676' title='bbox 3363 3942 3538 4010; x_wconf 87' lang='lat' dir='ltr'><strong>ipsum</strong></span> 
     </span>
    </p>
   </div>
   <div class='ocr_carea' id='block_1_85' title="bbox 1941 4034 3538 4102">
    <p class='ocr_par' dir='ltr' id='par_1_85' title="bbox 1941 4034 3538 4102">
     <span class='ocr_line' id='line_1_85' title="bbox 1941 4034 3538 4102; baseline -0.001 -14"><span class='ocrx_word' id='word_1_677' title='bbox 1941 4036 2150 4089; x_wconf 74' lang='lat' dir='ltr'><strong>.corde.</strong></span> <span class='ocrx_word' id='word_1_678' title='bbox 2203 4034 2480 4102; x_wconf 76' lang='lat' dir='ltr'><strong>Siquidem</strong></span> <span class='ocrx_word' id='word_1_679' title='bbox 2539 4037 2688 4088; x_wconf 91' lang='lat' dir='ltr'><strong>multi</strong></span> <span class='ocrx_word' id='word_1_680' title='bbox 2743 4051 2837 4088; x_wconf 89' lang='lat' dir='ltr'><strong>ore</strong></span> <span class='ocrx_word' id='word_1_681' title='bbox 2881 4036 3211 4088; x_wconf 86' lang='lat' dir='ltr'><strong>conﬁtentur</strong></span> <span class='ocrx_word' id='word_1_682' title='bbox 3258 4034 3538 4088; x_wconf 87' lang='lat' dir='ltr'><strong>Christum</strong></span> 
     </span>
    </p>
   </div>
   <div class='ocr_carea' id='block_1_86' title="bbox 1970 4127 3254 4196">
    <p class='ocr_par' dir='ltr' id='par_1_86' title="bbox 1970 4127 3254 4196">
     <span class='ocr_line' id='line_1_86' title="bbox 1970 4127 3254 4196; baseline -0.002 -17"><span class='ocrx_word' id='word_1_683' title='bbox 1970 4142 2064 4195; x_wconf 91' lang='lat' dir='ltr'><strong>per</strong></span> <span class='ocrx_word' id='word_1_684' title='bbox 2093 4127 2441 4196; x_wconf 76' lang='lat' dir='ltr'><strong>hypocrisim,</strong></span> <span class='ocrx_word' id='word_1_685' title='bbox 2473 4127 2634 4180; x_wconf 90' lang='lat' dir='ltr'><strong>corde</strong></span> <span class='ocrx_word' id='word_1_686' title='bbox 2668 4129 2822 4194; x_wconf 79' lang='lat' dir='ltr'><strong>longe</strong></span> <span class='ocrx_word' id='word_1_687' title='bbox 2860 4129 2925 4177; x_wconf 90' lang='lat' dir='ltr'><strong>ab</strong></span> <span class='ocrx_word' id='word_1_688' title='bbox 2961 4141 3024 4178; x_wconf 87' lang='lat' dir='ltr'><strong>eo</strong></span> <span class='ocrx_word' id='word_1_689' title='bbox 3060 4127 3254 4179; x_wconf 65' lang='lat' dir='ltr'><strong>diSsiti.</strong></span> 
     </span>
    </p>
   </div>
   <div class='ocr_carea' id='block_1_87' title="bbox 2039 4304 3534 4371">
    <p class='ocr_par' dir='ltr' id='par_1_87' title="bbox 2039 4304 3534 4371">
     <span class='ocr_line' id='line_1_87' title="bbox 2039 4304 3534 4371; baseline -0.003 -11"><span class='ocrx_word' id='word_1_690' title='bbox 2039 4305 2203 4360; x_wconf 67' lang='lat' dir='ltr'><strong>Vens.</strong></span> <span class='ocrx_word' id='word_1_691' title='bbox 2243 4307 2425 4360; x_wconf 75' lang='grc'>11-15.</span> <span class='ocrx_word' id='word_1_692' title='bbox 2468 4326 2485 4358; x_wconf 76' lang='grc' dir='ltr'><strong>ι</strong></span> <span class='ocrx_word' id='word_1_693' title='bbox 2522 4306 2661 4358; x_wconf 91' lang='lat' dir='ltr'><strong>Dicit</strong></span> <span class='ocrx_word' id='word_1_694' title='bbox 2692 4305 2835 4358; x_wconf 89' lang='lat' dir='ltr'><strong>enim</strong></span> <span class='ocrx_word' id='word_1_695' title='bbox 2870 4304 3146 4370; x_wconf 81' lang='lat' dir='ltr'><strong>Scriptura</strong></span> <span class='ocrx_word' id='word_1_696' title='bbox 3185 4304 3415 4358; x_wconf 87' lang='lat' dir='ltr'><strong>:Omnis</strong></span> <span class='ocrx_word' id='word_1_697' title='bbox 3447 4307 3534 4371; x_wconf 91' lang='lat' dir='ltr'><strong>qui</strong></span> 
     </span>
    </p>
   </div>
   <div class='ocr_carea' id='block_1_88' title="bbox 1970 4396 3537 4461">
    <p class='ocr_par' dir='ltr' id='par_1_88' title="bbox 1970 4396 3537 4461">
     <span class='ocr_line' id='line_1_88' title="bbox 1970 4396 3537 4461; baseline -0.003 -10"><span class='ocrx_word' id='word_1_698' title='bbox 1970 4400 2141 4451; x_wconf 89' lang='lat' dir='ltr'><strong>credit</strong></span> <span class='ocrx_word' id='word_1_699' title='bbox 2181 4401 2231 4452; x_wconf 92' lang='lat' dir='ltr'><strong>in</strong></span> <span class='ocrx_word' id='word_1_700' title='bbox 2277 4400 2469 4461; x_wconf 84' lang='lat' dir='ltr'><strong>ipsum,</strong></span> <span class='ocrx_word' id='word_1_701' title='bbox 2515 4413 2621 4451; x_wconf 90' lang='lat' dir='ltr'><strong>non</strong></span> <span class='ocrx_word' id='word_1_702' title='bbox 2661 4397 3018 4450; x_wconf 89' lang='lat' dir='ltr'><strong>confundetur</strong></span> <span class='ocrx_word' id='word_1_703' title='bbox 3047 4406 3095 4448; x_wconf 76' lang='grc' dir='ltr'>τ.</span> <span class='ocrx_word' id='word_1_704' title='bbox 3127 4396 3242 4449; x_wconf 89' lang='lat' dir='ltr'><strong>Non</strong></span> <span class='ocrx_word' id='word_1_705' title='bbox 3279 4397 3421 4448; x_wconf 89' lang='lat' dir='ltr'><strong>enim</strong></span> <span class='ocrx_word' id='word_1_706' title='bbox 3457 4404 3537 4449; x_wconf 89' lang='lat' dir='ltr'><strong>est</strong></span> 
     </span>
    </p>
   </div>
   <div class='ocr_carea' id='block_1_89' title="bbox 1972 4487 3536 4544">
    <p class='ocr_par' dir='ltr' id='par_1_89' title="bbox 1972 4487 3536 4544">
     <span class='ocr_line' id='line_1_89' title="bbox 1972 4487 3536 4544; baseline -0.003 -2"><span class='ocrx_word' id='word_1_707' title='bbox 1972 4491 2250 4544; x_wconf 86' lang='lat' dir='ltr'><strong>distinctio</strong></span> <span class='ocrx_word' id='word_1_708' title='bbox 2299 4488 2465 4541; x_wconf 71' lang='grc' dir='ltr'><strong>εἰυάῑυί</strong></span> <span class='ocrx_word' id='word_1_709' title='bbox 2518 4499 2573 4541; x_wconf 90' lang='lat' dir='ltr'><strong>et</strong></span> <span class='ocrx_word' id='word_1_710' title='bbox 2622 4488 2797 4542; x_wconf 61' lang='grc' dir='ltr'><strong>(ἶνα)ρί</strong></span> <span class='ocrx_word' id='word_1_711' title='bbox 2847 4489 3034 4541; x_wconf 84' lang='lat' dir='ltr'><strong>:itletn</strong></span> <span class='ocrx_word' id='word_1_712' title='bbox 3082 4487 3226 4540; x_wconf 83' lang='lat' dir='ltr'><strong>enim</strong></span> <span class='ocrx_word' id='word_1_713' title='bbox 3279 4487 3536 4540; x_wconf 81' lang='lat' dir='ltr'><strong>Dominus</strong></span> 
     </span>
    </p>
   </div>
   <div class='ocr_carea' id='block_1_90' title="bbox 291 4564 1983 4648">
    <p class='ocr_par' dir='ltr' id='par_1_90' title="bbox 291 4564 1983 4648">
     <span class='ocr_line' id='line_1_90' title="bbox 291 4564 1983 4648; baseline -0.009 -8"><span class='ocrx_word' id='word_1_714' title='bbox 291 4588 400 4640; x_wconf 82' lang='grc' dir='ltr'>τῶν</span> <span class='ocrx_word' id='word_1_715' title='bbox 425 4587 503 4648; x_wconf 88' lang='grc' dir='ltr'><strong>είς</strong></span> <span class='ocrx_word' id='word_1_716' title='bbox 535 4586 740 4645; x_wconf 85' lang='grc' dir='ltr'>πάντας</span> <span class='ocrx_word' id='word_1_717' title='bbox 765 4582 890 4642; x_wconf 79' lang='grc' dir='ltr'>τοὺς</span> <span class='ocrx_word' id='word_1_718' title='bbox 922 4579 1378 4647; x_wconf 74' lang='grc' dir='ltr'>ἐπικαλουμένους</span> <span class='ocrx_word' id='word_1_719' title='bbox 1409 4577 1590 4629; x_wconf 86' lang='grc' dir='ltr'>αύτόν.</span> <span class='ocrx_word' id='word_1_720' title='bbox 1621 4578 1729 4640; x_wconf 81' lang='grc' dir='ltr'><strong>Πᾶς</strong></span> <span class='ocrx_word' id='word_1_721' title='bbox 1760 4577 1866 4646; x_wconf 81' lang='grc' dir='ltr'><strong>γάρ</strong></span> <span class='ocrx_word' id='word_1_722' title='bbox 1903 4564 1983 4638; x_wconf 75' lang='grc' dir='ltr'>θ(</span> 
     </span>
    </p>
   </div>
   <div class='ocr_carea' id='block_1_91' title="bbox 1841 4564 3533 4648">
    <p class='ocr_par' dir='ltr' id='par_1_91' title="bbox 1841 4564 3533 4648">
     <span class='ocr_line' id='line_1_91' title="bbox 1841 4564 3533 4648; baseline -0.005 -9"><span class='ocrx_word' id='word_1_723' title='bbox 1841 4595 1866 4646; x_wconf 88' lang='grc' dir='ltr'><strong>ρ</strong></span> <span class='ocrx_word' id='word_1_724' title='bbox 1903 4564 1943 4617; x_wconf 80' lang='lat' dir='ltr'><strong>D</strong></span> <span class='ocrx_word' id='word_1_725' title='bbox 1968 4584 2239 4647; x_wconf 79' lang='lat' dir='ltr'><strong>omnium,</strong></span> <span class='ocrx_word' id='word_1_726' title='bbox 2272 4583 2422 4636; x_wconf 64' lang='lat' dir='ltr'><strong>u’iies</strong></span> <span class='ocrx_word' id='word_1_727' title='bbox 2451 4583 2502 4633; x_wconf 87' lang='lat' dir='ltr'><strong>in</strong></span> <span class='ocrx_word' id='word_1_728' title='bbox 2534 4595 2721 4634; x_wconf 84' lang='lat' dir='ltr'><strong>omnes</strong></span> <span class='ocrx_word' id='word_1_729' title='bbox 2745 4580 2835 4648; x_wconf 88' lang='lat' dir='ltr'><strong>qui</strong></span> <span class='ocrx_word' id='word_1_730' title='bbox 2867 4581 3117 4633; x_wconf 85' lang='lat' dir='ltr'><strong>invocant</strong></span> <span class='ocrx_word' id='word_1_731' title='bbox 3151 4579 3316 4633; x_wconf 87' lang='lat' dir='ltr'><strong>illum.</strong></span> <span class='ocrx_word' id='word_1_732' title='bbox 3348 4577 3533 4632; x_wconf 72' lang='lat' dir='ltr'><strong>Omnis</strong></span> 
     </span>
    </p>
   </div>
   <div class='ocr_carea' id='block_1_92' title="bbox 292 4669 1862 4743">
    <p class='ocr_par' dir='ltr' id='par_1_92' title="bbox 292 4669 1862 4743">
     <span class='ocr_line' id='line_1_92' title="bbox 292 4669 1862 4743; baseline -0.01 -8"><span class='ocrx_word' id='word_1_733' title='bbox 292 4684 352 4742; x_wconf 77' lang='grc' dir='ltr'><strong>ὃς</strong></span> <span class='ocrx_word' id='word_1_734' title='bbox 391 4681 458 4734; x_wconf 82' lang='grc' dir='ltr'>ἂν</span> <span class='ocrx_word' id='word_1_735' title='bbox 491 4677 883 4743; x_wconf 75' lang='grc' dir='ltr'>ἐπικαλέσηται</span> <span class='ocrx_word' id='word_1_736' title='bbox 912 4673 973 4725; x_wconf 82' lang='grc' dir='ltr'>τὸ</span> <span class='ocrx_word' id='word_1_737' title='bbox 1001 4673 1169 4740; x_wconf 81' lang='grc' dir='ltr'>ὄνομα</span> <span class='ocrx_word' id='word_1_738' title='bbox 1206 4671 1437 4740; x_wconf 83' lang='grc' dir='ltr'>Κυρίου,</span> <span class='ocrx_word' id='word_1_739' title='bbox 1478 4669 1804 4734; x_wconf 86' lang='grc' dir='ltr'>σωθήσεται.</span> <span class='ocrx_word' id='word_1_740' title='bbox 1844 4688 1862 4720; x_wconf 69' lang='grc' dir='ltr'><strong>ι</strong></span> 
     </span>
    </p>
   </div>
   <div class='ocr_carea' id='block_1_93' title="bbox 290 4763 1867 4838">
    <p class='ocr_par' dir='ltr' id='par_1_93' title="bbox 290 4763 1867 4838">
     <span class='ocr_line' id='line_1_93' title="bbox 290 4763 1867 4838; baseline -0.01 -9"><span class='ocrx_word' id='word_1_741' title='bbox 290 4775 487 4838; x_wconf 82' lang='grc' dir='ltr'>Εἶπεν,</span> <span class='ocrx_word' id='word_1_742' title='bbox 520 4774 603 4824; x_wconf 86' lang='grc' dir='ltr'>ὃτι</span> <span class='ocrx_word' id='word_1_743' title='bbox 638 4768 852 4838; x_wconf 78' lang='grc' dir='ltr'>Καρδίᾳ</span> <span class='ocrx_word' id='word_1_744' title='bbox 896 4767 1234 4828; x_wconf 84' lang='grc' dir='ltr'>πιστεύεται,</span> <span class='ocrx_word' id='word_1_745' title='bbox 1276 4765 1372 4816; x_wconf 74' lang='grc' dir='ltr'><strong>καὶ</strong></span> <span class='ocrx_word' id='word_1_746' title='bbox 1414 4763 1643 4831; x_wconf 89' lang='grc' dir='ltr'>στόματι</span> <span class='ocrx_word' id='word_1_747' title='bbox 1675 4763 1867 4832; x_wconf 69' lang='grc' dir='ltr'>ὁμολο-</span> 
     </span>
    </p>
   </div>
   <div class='ocr_carea' id='block_1_94' title="bbox 289 4855 1869 4937">
    <p class='ocr_par' dir='ltr' id='par_1_94' title="bbox 289 4855 1869 4937">
     <span class='ocr_line' id='line_1_94' title="bbox 289 4855 1869 4937; baseline -0.009 -16"><span class='ocrx_word' id='word_1_748' title='bbox 289 4872 472 4937; x_wconf 88' lang='grc' dir='ltr'>γεῖται</span> <span class='ocrx_word' id='word_1_749' title='bbox 490 4881 504 4894; x_wconf 87' lang='grc'><strong>·</strong></span> <span class='ocrx_word' id='word_1_750' title='bbox 530 4866 624 4917; x_wconf 77' lang='grc' dir='ltr'>καὶ</span> <span class='ocrx_word' id='word_1_751' title='bbox 655 4860 894 4930; x_wconf 82' lang='grc' dir='ltr'>παράγει</span> <span class='ocrx_word' id='word_1_752' title='bbox 929 4858 1039 4911; x_wconf 78' lang='grc' dir='ltr'><strong>ἀπὸ</strong></span> <span class='ocrx_word' id='word_1_753' title='bbox 1066 4860 1164 4927; x_wconf 77' lang='grc' dir='ltr'><strong>τῆς</strong></span> <span class='ocrx_word' id='word_1_754' title='bbox 1187 4857 1411 4924; x_wconf 85' lang='grc' dir='ltr'>Γραφῆς</span> <span class='ocrx_word' id='word_1_755' title='bbox 1448 4855 1750 4926; x_wconf 82' lang='grc' dir='ltr'>μαρτυρίας</span> <span class='ocrx_word' id='word_1_756' title='bbox 1775 4859 1869 4908; x_wconf 76' lang='grc' dir='ltr'><strong>καὶ</strong></span> 
     </span>
    </p>
   </div>
   <div class='ocr_carea' id='block_1_95' title="bbox 289 4950 1865 5030">
    <p class='ocr_par' dir='ltr' id='par_1_95' title="bbox 289 4950 1865 5030">
     <span class='ocr_line' id='line_1_95' title="bbox 289 4950 1865 5030; baseline -0.009 -16"><span class='ocrx_word' id='word_1_757' title='bbox 289 4963 392 5030; x_wconf 81' lang='grc' dir='ltr'><strong>τῆς</strong></span> <span class='ocrx_word' id='word_1_758' title='bbox 425 4960 660 5016; x_wconf 87' lang='grc' dir='ltr'>πίστεως</span> <span class='ocrx_word' id='word_1_759' title='bbox 699 4954 791 5006; x_wconf 72' lang='grc' dir='ltr'><strong>καὶ</strong></span> <span class='ocrx_word' id='word_1_760' title='bbox 831 4953 930 5020; x_wconf 78' lang='grc' dir='ltr'><strong>τῆς</strong></span> <span class='ocrx_word' id='word_1_761' title='bbox 970 4950 1282 5019; x_wconf 85' lang='grc' dir='ltr'>ὁμολογίας,</span> <span class='ocrx_word' id='word_1_762' title='bbox 1329 4950 1448 5020; x_wconf 72' lang='grc' dir='ltr'>ἤτοι</span> <span class='ocrx_word' id='word_1_763' title='bbox 1493 4950 1593 5018; x_wconf 80' lang='grc' dir='ltr'>τῆς</span> <span class='ocrx_word' id='word_1_764' title='bbox 1633 4950 1865 5021; x_wconf 85' lang='grc' dir='ltr'>ἐπικλή-</span> 
     </span>
    </p>
   </div>
   <div class='ocr_carea' id='block_1_96' title="bbox 294 5043 1863 5117">
    <p class='ocr_par' dir='ltr' id='par_1_96' title="bbox 294 5043 1863 5117">
     <span class='ocr_line' id='line_1_96' title="bbox 294 5043 1863 5117; baseline -0.006 -12"><span class='ocrx_word' id='word_1_765' title='bbox 294 5068 456 5113; x_wconf 81' lang='grc' dir='ltr'>σεως.</span> <span class='ocrx_word' id='word_1_766' title='bbox 491 5047 581 5117; x_wconf 79' lang='grc' dir='ltr'><strong>Τῷ</strong></span> <span class='ocrx_word' id='word_1_767' title='bbox 620 5048 718 5115; x_wconf 81' lang='grc' dir='ltr'>μὲν</span> <span class='ocrx_word' id='word_1_768' title='bbox 746 5045 855 5114; x_wconf 78' lang='grc' dir='ltr'><strong>γάρ</strong></span> <span class='ocrx_word' id='word_1_769' title='bbox 884 5045 1079 5103; x_wconf 74' lang='grc' dir='ltr'>εἰπεῖν,</span> <span class='ocrx_word' id='word_1_770' title='bbox 1117 5062 1132 5093; x_wconf 85' lang='grc' dir='ltr'><strong>ι</strong></span> <span class='ocrx_word' id='word_1_771' title='bbox 1176 5044 1287 5104; x_wconf 81' lang='grc' dir='ltr'><strong>Πᾶς</strong></span> <span class='ocrx_word' id='word_1_772' title='bbox 1317 5043 1343 5094; x_wconf 86' lang='grc' dir='ltr'>ὁ</span> <span class='ocrx_word' id='word_1_773' title='bbox 1381 5043 1672 5106; x_wconf 89' lang='grc' dir='ltr'>πιστεύων,</span> <span class='ocrx_word' id='word_1_774' title='bbox 1711 5061 1729 5094; x_wconf 73' lang='grc' dir='ltr'><strong>ι</strong></span> <span class='ocrx_word' id='word_1_775' title='bbox 1762 5045 1863 5112; x_wconf 78' lang='grc' dir='ltr'>τὴν</span> 
     </span>
    </p>
   </div>
   <div class='ocr_carea' id='block_1_97' title="bbox 291 5133 1871 5209">
    <p class='ocr_par' dir='ltr' id='par_1_97' title="bbox 291 5133 1871 5209">
     <span class='ocr_line' id='line_1_97' title="bbox 291 5133 1871 5209; baseline -0.005 -12"><span class='ocrx_word' id='word_1_776' title='bbox 291 5147 482 5197; x_wconf 83' lang='grc' dir='ltr'>πίστιν</span> <span class='ocrx_word' id='word_1_777' title='bbox 527 5140 784 5209; x_wconf 79' lang='grc' dir='ltr'>ἐδήλωσε,</span> <span class='ocrx_word' id='word_1_778' title='bbox 820 5138 887 5190; x_wconf 85' lang='grc' dir='ltr'>δι’</span> <span class='ocrx_word' id='word_1_779' title='bbox 938 5133 1002 5208; x_wconf 80' lang='grc' dir='ltr'><strong>ἦς</strong></span> <span class='ocrx_word' id='word_1_780' title='bbox 1045 5136 1424 5204; x_wconf 85' lang='grc' dir='ltr'>δικαιούμενος</span> <span class='ocrx_word' id='word_1_781' title='bbox 1460 5138 1557 5206; x_wconf 79' lang='grc' dir='ltr'>μὲν</span> <span class='ocrx_word' id='word_1_782' title='bbox 1591 5138 1648 5189; x_wconf 84' lang='grc' dir='ltr'><strong>ού</strong></span> <span class='ocrx_word' id='word_1_783' title='bbox 1680 5154 1871 5190; x_wconf 87' lang='grc' dir='ltr'>καται-</span> 
     </span>
    </p>
   </div>
   <div class='ocr_carea' id='block_1_98' title="bbox 295 5228 1871 5306">
    <p class='ocr_par' dir='ltr' id='par_1_98' title="bbox 295 5228 1871 5306">
     <span class='ocr_line' id='line_1_98' title="bbox 295 5228 1871 5306; baseline -0.005 -17"><span class='ocrx_word' id='word_1_784' title='bbox 295 5235 659 5306; x_wconf 77' lang='grc' dir='ltr'>σχυνθήσεται</span> <span class='ocrx_word' id='word_1_785' title='bbox 698 5231 763 5262; x_wconf 76' lang='grc'><strong>⁸⁸·</strong></span> <span class='ocrx_word' id='word_1_786' title='bbox 790 5229 866 5299; x_wconf 84' lang='grc' dir='ltr'>τῷ</span> <span class='ocrx_word' id='word_1_787' title='bbox 887 5230 964 5290; x_wconf 83' lang='grc' dir='ltr'><strong>δὲ,</strong></span> <span class='ocrx_word' id='word_1_788' title='bbox 995 5248 1012 5279; x_wconf 81' lang='grc' dir='ltr'><strong>ι</strong></span> <span class='ocrx_word' id='word_1_789' title='bbox 1055 5231 1152 5291; x_wconf 80' lang='grc' dir='ltr'><strong>’ος</strong></span> <span class='ocrx_word' id='word_1_790' title='bbox 1174 5229 1236 5280; x_wconf 80' lang='grc' dir='ltr'>ἂν</span> <span class='ocrx_word' id='word_1_791' title='bbox 1259 5228 1672 5297; x_wconf 74' lang='grc' dir='ltr'>ἐπικαλέσηται,</span> <span class='ocrx_word' id='word_1_792' title='bbox 1713 5247 1728 5279; x_wconf 76' lang='grc' dir='ltr'><strong>ι</strong></span> <span class='ocrx_word' id='word_1_793' title='bbox 1774 5229 1871 5296; x_wconf 84' lang='grc' dir='ltr'>τὴν</span> 
     </span>
    </p>
   </div>
   <div class='ocr_carea' id='block_1_99' title="bbox 292 5318 1870 5397">
    <p class='ocr_par' dir='ltr' id='par_1_99' title="bbox 292 5318 1870 5397">
     <span class='ocr_line' id='line_1_99' title="bbox 292 5318 1870 5397; baseline -0.007 -15"><span class='ocrx_word' id='word_1_794' title='bbox 292 5326 608 5397; x_wconf 57' lang='grc' dir='ltr'>ὁμολογίαν,</span> <span class='ocrx_word' id='word_1_795' title='bbox 654 5327 774 5394; x_wconf 65' lang='grc' dir='ltr'>ἥτις</span> <span class='ocrx_word' id='word_1_796' title='bbox 809 5322 1082 5392; x_wconf 89' lang='grc' dir='ltr'>σωτηρίαν</span> <span class='ocrx_word' id='word_1_797' title='bbox 1109 5321 1420 5390; x_wconf 76' lang='grc' dir='ltr'>ἐργάζεται.</span> <span class='ocrx_word' id='word_1_798' title='bbox 1463 5322 1574 5381; x_wconf 74' lang='grc' dir='ltr'><strong>Πᾶς</strong></span> <span class='ocrx_word' id='word_1_799' title='bbox 1608 5318 1718 5382; x_wconf 82' lang='grc' dir='ltr'>οὖν,</span> <span class='ocrx_word' id='word_1_800' title='bbox 1767 5323 1870 5373; x_wconf 80' lang='grc' dir='ltr'>κᾶν</span> 
     </span>
    </p>
   </div>
   <div class='ocr_carea' id='block_1_100' title="bbox 293 5413 1869 5485">
    <p class='ocr_par' dir='ltr' id='par_1_100' title="bbox 293 5413 1869 5485">
     <span class='ocr_line' id='line_1_100' title="bbox 293 5413 1869 5485; baseline -0.006 -12"><span class='ocrx_word' id='word_1_801' title='bbox 293 5420 575 5480; x_wconf 85' lang='grc' dir='ltr'>Ἰουδαῖος,</span> <span class='ocrx_word' id='word_1_802' title='bbox 602 5416 705 5468; x_wconf 81' lang='grc' dir='ltr'>κᾶν</span> <span class='ocrx_word' id='word_1_803' title='bbox 725 5415 943 5485; x_wconf 87' lang='grc' dir='ltr'>Ἕλλην,</span> <span class='ocrx_word' id='word_1_804' title='bbox 970 5414 1156 5473; x_wconf 82' lang='grc' dir='ltr'>δεκτὸς</span> <span class='ocrx_word' id='word_1_805' title='bbox 1187 5413 1336 5484; x_wconf 79' lang='grc' dir='ltr'>παρὰ</span> <span class='ocrx_word' id='word_1_806' title='bbox 1365 5413 1442 5482; x_wconf 83' lang='grc' dir='ltr'><strong>τῷ</strong></span> <span class='ocrx_word' id='word_1_807' title='bbox 1471 5413 1608 5482; x_wconf 81' lang='grc' dir='ltr'>Θεῷ.</span> <span class='ocrx_word' id='word_1_808' title='bbox 1635 5433 1651 5463; x_wconf 71' lang='grc' dir='ltr'><strong>ι</strong></span> <span class='ocrx_word' id='word_1_809' title='bbox 1676 5414 1732 5466; x_wconf 88' lang='grc'><strong>’0</strong></span> <span class='ocrx_word' id='word_1_810' title='bbox 1764 5415 1869 5482; x_wconf 84' lang='grc' dir='ltr'>γὰρ</span> 
     </span>
    </p>
   </div>
   <div class='ocr_carea' id='block_1_101' title="bbox 295 5505 1867 5578">
    <p class='ocr_par' dir='ltr' id='par_1_101' title="bbox 295 5505 1867 5578">
     <span class='ocr_line' id='line_1_101' title="bbox 295 5505 1867 5578; baseline -0.006 -13"><span class='ocrx_word' id='word_1_811' title='bbox 295 5513 457 5574; x_wconf 63' lang='grc' dir='ltr'>αὐτὸς</span> <span class='ocrx_word' id='word_1_812' title='bbox 485 5510 690 5578; x_wconf 83' lang='grc' dir='ltr'>Κύριος</span> <span class='ocrx_word' id='word_1_813' title='bbox 713 5507 951 5571; x_wconf 85' lang='grc' dir='ltr'>πάντων,</span> <span class='ocrx_word' id='word_1_814' title='bbox 977 5505 1224 5559; x_wconf 84' lang='grc' dir='ltr'>πλουτῶν</span> <span class='ocrx_word' id='word_1_815' title='bbox 1251 5507 1329 5567; x_wconf 84' lang='grc' dir='ltr'><strong>είς</strong></span> <span class='ocrx_word' id='word_1_816' title='bbox 1360 5505 1570 5568; x_wconf 86' lang='grc' dir='ltr'>πάντας</span> <span class='ocrx_word' id='word_1_817' title='bbox 1601 5507 1725 5568; x_wconf 83' lang='grc' dir='ltr'>τοὺς</span> <span class='ocrx_word' id='word_1_818' title='bbox 1752 5507 1867 5557; x_wconf 86' lang='grc' dir='ltr'>ἐπι-</span> 
     </span>
    </p>
   </div>
   <div class='ocr_carea' id='block_1_102' title="bbox 372 5622 1367 5686">
    <p class='ocr_par' dir='ltr' id='par_1_102' title="bbox 372 5622 1367 5686">
     <span class='ocr_line' id='line_1_102' title="bbox 372 5622 1367 5686; baseline -0.008 -3"><span class='ocrx_word' id='word_1_819' title='bbox 372 5640 399 5668; x_wconf 83' lang='lat'><strong>&#39;</strong></span> <span class='ocrx_word' id='word_1_820' title='bbox 431 5630 532 5684; x_wconf 79' lang='lat' dir='ltr'><strong>lsa.</strong></span> <span class='ocrx_word' id='word_1_821' title='bbox 559 5640 750 5683; x_wconf 64' lang='lat' dir='ltr'><strong>“Vm,</strong></span> <span class='ocrx_word' id='word_1_822' title='bbox 785 5623 869 5678; x_wconf 76' lang='grc'><strong>16.</strong></span> <span class='ocrx_word' id='word_1_823' title='bbox 950 5636 974 5664; x_wconf 83' lang='grc' dir='ltr'><strong>ι</strong></span> <span class='ocrx_word' id='word_1_824' title='bbox 1010 5622 1142 5677; x_wconf 83' lang='lat' dir='ltr'><strong>Joel.</strong></span> <span class='ocrx_word' id='word_1_825' title='bbox 1180 5639 1240 5686; x_wconf 87' lang='lat' dir='ltr'><strong>ll,</strong></span> <span class='ocrx_word' id='word_1_826' title='bbox 1280 5623 1367 5676; x_wconf 73' lang='lat'><strong>52.</strong></span> 
     </span>
    </p>
   </div>
   <div class='ocr_carea' id='block_1_103' title="bbox 1965 4671 3530 4743">
    <p class='ocr_par' dir='ltr' id='par_1_103' title="bbox 1965 4671 3530 4743">
     <span class='ocr_line' id='line_1_103' title="bbox 1965 4671 3530 4743; baseline -0.005 -14"><span class='ocrx_word' id='word_1_827' title='bbox 1965 4677 2109 4729; x_wconf 92' lang='lat' dir='ltr'><strong>enim</strong></span> <span class='ocrx_word' id='word_1_828' title='bbox 2139 4679 2229 4743; x_wconf 91' lang='lat' dir='ltr'><strong>qui</strong></span> <span class='ocrx_word' id='word_1_829' title='bbox 2258 4675 2593 4728; x_wconf 85' lang='lat' dir='ltr'><strong>invocaverit</strong></span> <span class='ocrx_word' id='word_1_830' title='bbox 2630 4687 2822 4725; x_wconf 88' lang='lat' dir='ltr'><strong>nomen</strong></span> <span class='ocrx_word' id='word_1_831' title='bbox 2847 4671 3059 4725; x_wconf 85' lang='lat' dir='ltr'><strong>Domini</strong></span> <span class='ocrx_word' id='word_1_832' title='bbox 3095 4672 3275 4726; x_wconf 83' lang='lat' dir='ltr'><strong>salvus</strong></span> <span class='ocrx_word' id='word_1_833' title='bbox 3299 4672 3402 4723; x_wconf 87' lang='lat' dir='ltr'><strong>erit</strong></span> <span class='ocrx_word' id='word_1_834' title='bbox 3431 4682 3476 4722; x_wconf 79' lang='grc' dir='ltr'>ι.</span> <span class='ocrx_word' id='word_1_835' title='bbox 3511 4693 3530 4721; x_wconf 78' lang='grc' dir='ltr'><strong>ι</strong></span> 
     </span>
    </p>
   </div>
   <div class='ocr_carea' id='block_1_104' title="bbox 1965 4762 3536 4832">
    <p class='ocr_par' dir='ltr' id='par_1_104' title="bbox 1965 4762 3536 4832">
     <span class='ocr_line' id='line_1_104' title="bbox 1965 4762 3536 4832; baseline -0.004 -11"><span class='ocrx_word' id='word_1_836' title='bbox 1965 4767 2139 4822; x_wconf 87' lang='lat' dir='ltr'><strong>Corde</strong></span> <span class='ocrx_word' id='word_1_837' title='bbox 2162 4766 2331 4832; x_wconf 89' lang='lat' dir='ltr'><strong>credi,</strong></span> <span class='ocrx_word' id='word_1_838' title='bbox 2360 4782 2454 4820; x_wconf 93' lang='lat' dir='ltr'><strong>ore</strong></span> <span class='ocrx_word' id='word_1_839' title='bbox 2480 4781 2606 4818; x_wconf 85' lang='lat' dir='ltr'><strong>vero</strong></span> <span class='ocrx_word' id='word_1_840' title='bbox 2637 4764 3031 4818; x_wconf 80' lang='lat' dir='ltr'><strong>confessionem</strong></span> <span class='ocrx_word' id='word_1_841' title='bbox 3059 4762 3173 4816; x_wconf 90' lang='lat' dir='ltr'><strong>ﬁeri</strong></span> <span class='ocrx_word' id='word_1_842' title='bbox 3205 4762 3377 4828; x_wconf 81' lang='lat' dir='ltr'><strong>dixit;</strong></span> <span class='ocrx_word' id='word_1_843' title='bbox 3408 4778 3536 4829; x_wconf 85' lang='lat' dir='ltr'><strong>pro—</strong></span> 
     </span>
    </p>
   </div>
   <div class='ocr_carea' id='block_1_105' title="bbox 1966 4851 3537 4925">
    <p class='ocr_par' dir='ltr' id='par_1_105' title="bbox 1966 4851 3537 4925">
     <span class='ocr_line' id='line_1_105' title="bbox 1966 4851 3537 4925; baseline -0.004 -15"><span class='ocrx_word' id='word_1_844' title='bbox 1966 4858 2119 4911; x_wconf 90' lang='lat' dir='ltr'><strong>ducit</strong></span> <span class='ocrx_word' id='word_1_845' title='bbox 2153 4857 2335 4925; x_wconf 89' lang='lat' dir='ltr'><strong>itaque</strong></span> <span class='ocrx_word' id='word_1_846' title='bbox 2364 4871 2393 4908; x_wconf 89' lang='lat' dir='ltr'><strong>a</strong></span> <span class='ocrx_word' id='word_1_847' title='bbox 2430 4854 2712 4923; x_wconf 89' lang='lat' dir='ltr'><strong>Scriptura</strong></span> <span class='ocrx_word' id='word_1_848' title='bbox 2753 4854 3058 4907; x_wconf 77' lang='lat' dir='ltr'><strong>testimonia</strong></span> <span class='ocrx_word' id='word_1_849' title='bbox 3093 4861 3203 4904; x_wconf 91' lang='lat' dir='ltr'><strong>tum</strong></span> <span class='ocrx_word' id='word_1_850' title='bbox 3241 4851 3385 4913; x_wconf 87' lang='lat' dir='ltr'><strong>ﬁdei,</strong></span> <span class='ocrx_word' id='word_1_851' title='bbox 3426 4862 3537 4904; x_wconf 89' lang='lat' dir='ltr'><strong>tum</strong></span> 
     </span>
    </p>
   </div>
   <div class='ocr_carea' id='block_1_106' title="bbox 1966 4943 3535 5004">
    <p class='ocr_par' dir='ltr' id='par_1_106' title="bbox 1966 4943 3535 5004">
     <span class='ocr_line' id='line_1_106' title="bbox 1966 4943 3535 5004; baseline -0.006 0"><span class='ocrx_word' id='word_1_852' title='bbox 1966 4949 2323 5004; x_wconf 80' lang='lat' dir='ltr'><strong>confessionis</strong></span> <span class='ocrx_word' id='word_1_853' title='bbox 2375 4951 2487 5002; x_wconf 90' lang='lat' dir='ltr'><strong>sive</strong></span> <span class='ocrx_word' id='word_1_854' title='bbox 2547 4946 2928 5000; x_wconf 79' lang='lat' dir='ltr'><strong>invocationis.</strong></span> <span class='ocrx_word' id='word_1_855' title='bbox 2982 4944 3118 4999; x_wconf 86' lang='lat' dir='ltr'><strong>Cum</strong></span> <span class='ocrx_word' id='word_1_856' title='bbox 3169 4944 3311 4997; x_wconf 88' lang='lat' dir='ltr'><strong>enim</strong></span> <span class='ocrx_word' id='word_1_857' title='bbox 3372 4943 3535 5001; x_wconf 90' lang='lat' dir='ltr'><strong>dicit.</strong></span> 
     </span>
    </p>
   </div>
   <div class='ocr_carea' id='block_1_107' title="bbox 1974 5036 3535 5107">
    <p class='ocr_par' dir='ltr' id='par_1_107' title="bbox 1974 5036 3535 5107">
     <span class='ocr_line' id='line_1_107' title="bbox 1974 5036 3535 5107; baseline -0.002 -14"><span class='ocrx_word' id='word_1_858' title='bbox 1974 5061 1991 5093; x_wconf 78' lang='grc' dir='ltr'><strong>ι</strong></span> <span class='ocrx_word' id='word_1_859' title='bbox 2029 5039 2218 5095; x_wconf 91' lang='lat' dir='ltr'><strong>Omnis</strong></span> <span class='ocrx_word' id='word_1_860' title='bbox 2245 5040 2334 5107; x_wconf 90' lang='lat' dir='ltr'><strong>qui</strong></span> <span class='ocrx_word' id='word_1_861' title='bbox 2366 5039 2559 5101; x_wconf 89' lang='lat' dir='ltr'><strong>credit,</strong></span> <span class='ocrx_word' id='word_1_862' title='bbox 2600 5058 2618 5090; x_wconf 75' lang='grc' dir='ltr'><strong>ι</strong></span> <span class='ocrx_word' id='word_1_863' title='bbox 2658 5039 2814 5092; x_wconf 92' lang='lat' dir='ltr'><strong>ﬁdem</strong></span> <span class='ocrx_word' id='word_1_864' title='bbox 2852 5036 3211 5099; x_wconf 88' lang='lat' dir='ltr'><strong>denuntiavit,</strong></span> <span class='ocrx_word' id='word_1_865' title='bbox 3245 5050 3341 5104; x_wconf 90' lang='lat' dir='ltr'><strong>per</strong></span> <span class='ocrx_word' id='word_1_866' title='bbox 3372 5049 3535 5101; x_wconf 90' lang='lat' dir='ltr'><strong>quam</strong></span> 
     </span>
    </p>
   </div>
   <div class='ocr_carea' id='block_1_108' title="bbox 1964 5127 3537 5203">
    <p class='ocr_par' dir='ltr' id='par_1_108' title="bbox 1964 5127 3537 5203">
     <span class='ocr_line' id='line_1_108' title="bbox 1964 5127 3537 5203; baseline -0.007 -14"><span class='ocrx_word' id='word_1_867' title='bbox 1964 5136 2290 5203; x_wconf 83' lang='lat' dir='ltr'><strong>justiﬁeatus</strong></span> <span class='ocrx_word' id='word_1_868' title='bbox 2314 5148 2418 5187; x_wconf 92' lang='lat' dir='ltr'><strong>non</strong></span> <span class='ocrx_word' id='word_1_869' title='bbox 2454 5133 2705 5197; x_wconf 88' lang='lat' dir='ltr'><strong>pudeliet.</strong></span> <span class='ocrx_word' id='word_1_870' title='bbox 2739 5141 2807 5185; x_wconf 84' lang='lat' dir='ltr'><strong>At</strong></span> <span class='ocrx_word' id='word_1_871' title='bbox 2837 5146 2957 5184; x_wconf 88' lang='lat' dir='ltr'><strong>cum</strong></span> <span class='ocrx_word' id='word_1_872' title='bbox 2986 5129 3186 5194; x_wconf 89' lang='lat' dir='ltr'><strong>subdit,</strong></span> <span class='ocrx_word' id='word_1_873' title='bbox 3227 5147 3245 5179; x_wconf 79' lang='grc' dir='ltr'><strong>ι</strong></span> <span class='ocrx_word' id='word_1_874' title='bbox 3279 5127 3537 5195; x_wconf 82' lang='lat' dir='ltr'><strong>Quisquis</strong></span> 
     </span>
    </p>
   </div>
   <div class='ocr_carea' id='block_1_109' title="bbox 1971 5219 3536 5287">
    <p class='ocr_par' dir='ltr' id='par_1_109' title="bbox 1971 5219 3536 5287">
     <span class='ocr_line' id='line_1_109' title="bbox 1971 5219 3536 5287; baseline -0.008 -7"><span class='ocrx_word' id='word_1_875' title='bbox 1971 5225 2321 5284; x_wconf 85' lang='lat' dir='ltr'><strong>invocaverit,</strong></span> <span class='ocrx_word' id='word_1_876' title='bbox 2367 5241 2384 5274; x_wconf 76' lang='grc' dir='ltr'><strong>ι</strong></span> <span class='ocrx_word' id='word_1_877' title='bbox 2433 5222 2832 5276; x_wconf 88' lang='lat' dir='ltr'><strong>confessionem</strong></span> <span class='ocrx_word' id='word_1_878' title='bbox 2887 5220 3083 5284; x_wconf 91' lang='lat' dir='ltr'><strong>innuit,</strong></span> <span class='ocrx_word' id='word_1_879' title='bbox 3137 5235 3256 5287; x_wconf 72' lang='lat' dir='ltr'><strong>qua:</strong></span> <span class='ocrx_word' id='word_1_880' title='bbox 3305 5219 3536 5270; x_wconf 85' lang='lat' dir='ltr'><strong>salutem</strong></span> 
     </span>
    </p>
   </div>
   <div class='ocr_carea' id='block_1_110' title="bbox 1967 5311 3536 5385">
    <p class='ocr_par' dir='ltr' id='par_1_110' title="bbox 1967 5311 3536 5385">
     <span class='ocr_line' id='line_1_110' title="bbox 1967 5311 3536 5385; baseline -0.007 -13"><span class='ocrx_word' id='word_1_881' title='bbox 1967 5329 2241 5385; x_wconf 87' lang='lat' dir='ltr'><strong>operatur.</strong></span> <span class='ocrx_word' id='word_1_882' title='bbox 2275 5314 2463 5370; x_wconf 87' lang='lat' dir='ltr'><strong>Omnis</strong></span> <span class='ocrx_word' id='word_1_883' title='bbox 2491 5316 2693 5383; x_wconf 89' lang='lat' dir='ltr'><strong>itaque,</strong></span> <span class='ocrx_word' id='word_1_884' title='bbox 2729 5315 2845 5367; x_wconf 89' lang='lat' dir='ltr'><strong>sive</strong></span> <span class='ocrx_word' id='word_1_885' title='bbox 2881 5311 3119 5376; x_wconf 66' lang='lat' dir='ltr'><strong>Iudaeus,</strong></span> <span class='ocrx_word' id='word_1_886' title='bbox 3152 5311 3266 5365; x_wconf 85' lang='lat' dir='ltr'><strong>sive</strong></span> <span class='ocrx_word' id='word_1_887' title='bbox 3293 5311 3536 5372; x_wconf 75' lang='lat' dir='ltr'><strong>Graecus,</strong></span> 
     </span>
    </p>
   </div>
   <div class='ocr_carea' id='block_1_111' title="bbox 1973 5403 3540 5480">
    <p class='ocr_par' dir='ltr' id='par_1_111' title="bbox 1973 5403 3540 5480">
     <span class='ocr_line' id='line_1_111' title="bbox 1973 5403 3540 5480; baseline -0.006 -15"><span class='ocrx_word' id='word_1_888' title='bbox 1973 5414 2078 5465; x_wconf 87' lang='lat' dir='ltr'><strong>Deo</strong></span> <span class='ocrx_word' id='word_1_889' title='bbox 2107 5423 2291 5480; x_wconf 86' lang='lat' dir='ltr'><strong>gratus</strong></span> <span class='ocrx_word' id='word_1_890' title='bbox 2319 5421 2678 5476; x_wconf 85' lang='lat' dir='ltr'><strong>acceptusque</strong></span> <span class='ocrx_word' id='word_1_891' title='bbox 2715 5416 2818 5461; x_wconf 89' lang='lat' dir='ltr'><strong>est.</strong></span> <span class='ocrx_word' id='word_1_892' title='bbox 2858 5425 2876 5456; x_wconf 79' lang='grc' dir='ltr'><strong>ι</strong></span> <span class='ocrx_word' id='word_1_893' title='bbox 2921 5405 3064 5458; x_wconf 84' lang='lat' dir='ltr'><strong>Idem</strong></span> <span class='ocrx_word' id='word_1_894' title='bbox 3100 5405 3242 5458; x_wconf 89' lang='lat' dir='ltr'><strong>enim</strong></span> <span class='ocrx_word' id='word_1_895' title='bbox 3280 5403 3540 5456; x_wconf 83' lang='lat' dir='ltr'><strong>Dominus</strong></span> 
     </span>
    </p>
   </div>
   <div class='ocr_carea' id='block_1_112' title="bbox 1968 5496 3536 5568">
    <p class='ocr_par' dir='ltr' id='par_1_112' title="bbox 1968 5496 3536 5568">
     <span class='ocr_line' id='line_1_112' title="bbox 1968 5496 3536 5568; baseline -0.008 -10"><span class='ocrx_word' id='word_1_896' title='bbox 1968 5506 2232 5566; x_wconf 85' lang='lat' dir='ltr'><strong>omnium,</strong></span> <span class='ocrx_word' id='word_1_897' title='bbox 2270 5504 2418 5558; x_wconf 88' lang='lat' dir='ltr'><strong>dives</strong></span> <span class='ocrx_word' id='word_1_898' title='bbox 2451 5503 2502 5556; x_wconf 91' lang='lat' dir='ltr'><strong>in</strong></span> <span class='ocrx_word' id='word_1_899' title='bbox 2550 5515 2739 5556; x_wconf 89' lang='lat' dir='ltr'><strong>omnes</strong></span> <span class='ocrx_word' id='word_1_900' title='bbox 2785 5499 2875 5568; x_wconf 87' lang='lat' dir='ltr'><strong>qui</strong></span> <span class='ocrx_word' id='word_1_901' title='bbox 2911 5499 3161 5553; x_wconf 86' lang='lat' dir='ltr'><strong>invocant</strong></span> <span class='ocrx_word' id='word_1_902' title='bbox 3190 5511 3338 5561; x_wconf 90' lang='lat' dir='ltr'><strong>eum,</strong></span> <span class='ocrx_word' id='word_1_903' title='bbox 3375 5514 3392 5545; x_wconf 71' lang='grc' dir='ltr'><strong>ι</strong></span> <span class='ocrx_word' id='word_1_904' title='bbox 3436 5496 3536 5548; x_wconf 81' lang='lat' dir='ltr'><strong>huc</strong></span> 
     </span>
    </p>
   </div>
   <div class='ocr_carea' id='block_1_113' title="bbox 1646 5692 2210 5756">
    <p class='ocr_par' dir='ltr' id='par_1_113' title="bbox 1646 5692 2210 5756">
     <span class='ocr_line' id='line_1_113' title="bbox 1646 5692 2210 5756; baseline 0.011 -8"><span class='ocrx_word' id='word_1_905' title='bbox 1646 5693 1840 5754; x_wconf 66' lang='lat' dir='ltr'><strong>Varia:</strong></span> <span class='ocrx_word' id='word_1_906' title='bbox 1881 5692 2210 5756; x_wconf 84' lang='lat' dir='ltr'><strong>lectiones.</strong></span> 
     </span>
    </p>
   </div>
   <div class='ocr_carea' id='block_1_114' title="bbox 372 5798 1049 5860">
    <p class='ocr_par' dir='ltr' id='par_1_114' title="bbox 372 5798 1049 5860">
     <span class='ocr_line' id='line_1_114' title="bbox 372 5798 1049 5860; baseline 0 -9"><span class='ocrx_word' id='word_1_907' title='bbox 372 5798 419 5829; x_wconf 84' lang='lat'><strong>&quot;</strong></span> <span class='ocrx_word' id='word_1_908' title='bbox 449 5799 620 5860; x_wconf 82' lang='grc' dir='ltr'>οὕτως</span> <span class='ocrx_word' id='word_1_909' title='bbox 651 5815 722 5850; x_wconf 80' lang='lat' dir='ltr'><strong>In.</strong></span> <span class='ocrx_word' id='word_1_910' title='bbox 799 5799 841 5829; x_wconf 69' lang='grc'><strong>⁵⁵</strong></span> <span class='ocrx_word' id='word_1_911' title='bbox 873 5814 962 5850; x_wconf 77' lang='grc' dir='ltr'><strong>σου</strong></span> <span class='ocrx_word' id='word_1_912' title='bbox 999 5812 1049 5852; x_wconf 93' lang='lat' dir='ltr'><strong>o.</strong></span> 
     </span>
    </p>
   </div>
   <div class='ocr_carea' id='block_1_115' title="bbox 299 5868 832 5940">
    <p class='ocr_par' dir='ltr' id='par_1_115' title="bbox 299 5868 832 5940">
     <span class='ocr_line' id='line_1_115' title="bbox 299 5868 832 5940; baseline 0.004 -18"><span class='ocrx_word' id='word_1_913' title='bbox 299 5869 659 5940; x_wconf 70' lang='grc' dir='ltr'>αισχυνθησον</span> <span class='ocrx_word' id='word_1_914' title='bbox 695 5868 749 5923; x_wconf 72' lang='grc' dir='ltr'>δὲ</span> <span class='ocrx_word' id='word_1_915' title='bbox 781 5885 832 5925; x_wconf 90' lang='grc' dir='ltr'><strong>υ.</strong></span> 
     </span>
    </p>
   </div>
   <div class='ocr_carea' id='block_1_116' title="bbox 1129 5796 1918 5871">
    <p class='ocr_par' dir='ltr' id='par_1_116' title="bbox 1129 5796 1918 5871">
     <span class='ocr_line' id='line_1_116' title="bbox 1129 5796 1918 5871; baseline 0.001 -20"><span class='ocrx_word' id='word_1_916' title='bbox 1129 5799 1175 5829; x_wconf 83' lang='grc'><strong>⁵⁷</strong></span> <span class='ocrx_word' id='word_1_917' title='bbox 1201 5801 1256 5850; x_wconf 74' lang='grc' dir='ltr'><strong>τί</strong></span> <span class='ocrx_word' id='word_1_918' title='bbox 1280 5799 1384 5868; x_wconf 75' lang='grc' dir='ltr'><strong>γὰρ</strong></span> <span class='ocrx_word' id='word_1_919' title='bbox 1406 5796 1473 5870; x_wconf 76' lang='grc' dir='ltr'>ἦν</span> <span class='ocrx_word' id='word_1_920' title='bbox 1497 5814 1548 5854; x_wconf 95' lang='lat' dir='ltr'><strong>o.</strong></span> <span class='ocrx_word' id='word_1_921' title='bbox 1622 5800 1663 5829; x_wconf 68' lang='grc'><strong>⁵³</strong></span> <span class='ocrx_word' id='word_1_922' title='bbox 1705 5800 1833 5871; x_wconf 76' lang='grc' dir='ltr'><strong>μηΞέ</strong></span> <span class='ocrx_word' id='word_1_923' title='bbox 1867 5817 1918 5854; x_wconf 94' lang='lat' dir='ltr'><strong>o.</strong></span> 
     </span>
    </p>
   </div>
   <div class='ocr_carea' id='block_1_117' title="bbox 1995 5794 3535 5868">
    <p class='ocr_par' dir='ltr' id='par_1_117' title="bbox 1995 5794 3535 5868">
     <span class='ocr_line' id='line_1_117' title="bbox 1995 5794 3535 5868; baseline -0.006 -15"><span class='ocrx_word' id='word_1_924' title='bbox 1995 5800 2036 5830; x_wconf 71' lang='grc'><strong>⁸³</strong></span> <span class='ocrx_word' id='word_1_925' title='bbox 2069 5797 2250 5853; x_wconf 70' lang='grc' dir='ltr'>πολλοὶ</span> <span class='ocrx_word' id='word_1_926' title='bbox 2283 5795 2508 5866; x_wconf 75' lang='grc' dir='ltr'>στόματι</span> <span class='ocrx_word' id='word_1_927' title='bbox 2548 5796 2645 5866; x_wconf 68' lang='grc' dir='ltr'>μὲν</span> <span class='ocrx_word' id='word_1_928' title='bbox 2684 5796 2784 5868; x_wconf 68' lang='grc' dir='ltr'><strong>γάρ</strong></span> <span class='ocrx_word' id='word_1_929' title='bbox 2815 5797 2904 5859; x_wconf 69' lang='grc' dir='ltr'><strong>ὀμ.</strong></span> <span class='ocrx_word' id='word_1_930' title='bbox 2948 5796 3050 5867; x_wconf 78' lang='grc' dir='ltr'>Χρ.</span> <span class='ocrx_word' id='word_1_931' title='bbox 3082 5814 3133 5850; x_wconf 91' lang='grc' dir='ltr'>υ.</span> <span class='ocrx_word' id='word_1_932' title='bbox 3216 5795 3258 5826; x_wconf 85' lang='grc'><strong>⁶⁰</strong></span> <span class='ocrx_word' id='word_1_933' title='bbox 3303 5794 3362 5847; x_wconf 66' lang='grc' dir='ltr'>οὐ</span> <span class='ocrx_word' id='word_1_934' title='bbox 3396 5810 3535 5851; x_wconf 65' lang='lat' dir='ltr'><strong>xx.</strong></span> 
     </span>
    </p>
   </div>
  </div>
