4286 6444
253 403 357 470 481

1076 402 1487 465 EXPOSITIO
1527 401 1608 461 IN
1653 401 1895 462 EPIST.
1939 403 2038 463 AD
2081 402 2269 463 ROM.
2307 426 2371 438 -
2405 403 2567 465 CAP.
2613 405 2684 465 X.

3403 408 3510 472 482

261 536 360 570 σαν
399 516 496 588 τὴν
544 517 646 585 γῆν
693 514 914 585 ἐξῆλθεν
945 515 971 566 ὁ
1011 514 1248 582 φθόγγος
1279 513 1482 576 αᾶτῶν,
1523 514 1616 564 καὶ
1664 514 1744 571 εἰς
1776 512 1844 564 ti
1873 528 1916 580 Α
1949 535 1953 565 λ

1841 528 1916 580 μΛ
1949 516 2097 583 atqui
2151 516 2200 566 in
2233 529 2448 567 omnem
2487 524 2686 568 terram
2733 514 2899 568 exivit
2943 529 3108 570 sonus
3151 530 3360 582 eo:um,
3395 528 3446 572 et
3484 521 3533 574 iu

255 611 477 680 πέρατα
499 608 600 677 τῆς
631 607 956 675 οἰκουμένης
989 606 1054 658 τὰ
1093 607 1316 675 ῥήματα
1343 604 1542 658 αὐτῶν.
1586 623 1603 654 ι
1636 604 1849 673 Ὠσπερ

253 701 399 762 τινὸς
419 699 665 760 εἰπόντος
684 715 697 726 ’
721 696 828 750 Καὶ
847 695 897 748 τί
916 695 1052 765 πρὸς
1074 696 1318 758 τούτους,
1344 693 1438 765 [εἰ]
1461 693 1846 762 ἀπεστάλησαν

255 795 306 844 ot
339 790 842 858 εὐαγγελιζόμενοι,
877 784 1021 841 οὗτοι
1044 787 1098 838 δὲ
1131 789 1230 840 οὐκ
1258 788 1499 852 ἥκουσαν
1539 785 1672 848 ὅλως
1697 803 1709 851 ;
1739 804 1845 854 φη..

255 885 364 945 civ,
414 885 496 936 ὅτι
536 883 600 935 Ἢ
627 881 921 950 οἰκουμένη
958 881 1172 933 nica“
1199 881 1425 948 ἢκουσε,
1459 879 1556 930 καὶ
1584 875 1726 931 οὗτοι
1750 880 1847 931 οὐκ

258 978 527 1047 ἥκουσαν,
574 976 703 1046 παρ’
745 969 825 1036 οἷς
853 973 1109 1026 τοσοῦτον
1137 973 1226 1024 τὶν
1259 974 1451 1042 χρόνον
1480 971 1768 1041 διέτριψαν
1798 973 1847 1024 οἱ

255 1071 570 1131 ἀπόστολοι,
596 1070 689 1121 καὶ
715 1067 835 1120 ὅθεν
859 1064 1031 1138 inv;
1060 1065 1168 1118 Καὶ
1195 1066 1311 1128 πῶς
1345 1066 1408 1117 ἂν
1440 1064 1550 1134 ἔχοι
1582 1065 1738 1132 λόγον
1761 1082 1774 1130 ;

338 1269 356 1300 ε
405 1247 570 1300 ’Δλλά
619 1248 791 1316 λέγω·
841 1247 933 1317 Μὴ
983 1248 1085 1300 οὐκ
1130 1245 1271 1314 ἔγνω
1322 1246 1623 1316 ’1σραὴλ;›
1679 1245 1847 1298 Πάλιν

259 1344 423 1412 ἑτέρα
443 1341 741 1402 ἀντίθεσις·
773 1341 832 1393 Εἰ
862 1340 1138 1409 ἐκήρυξαν
1166 1340 1264 1407 μὲν
1293 1342 1339 1392 οί
1360 1339 1672 1400 ἀπόστολοι,
1698 1332 1846 1391 οὗτοι

253 1433 308 1484 δὲ
337 1433 397 1484 οὐ
423 1432 680 1502 συνῆκαν,
714 1429 821 1501 ἆρα
846 1431 943 1482 οὐκ
974 1430 1114 1494 ἄξιοι
1175 1430 1532 1498 συγγνώμης;
1576 1422 1711 1481 Εἶτα
1738 1429 1836 1479 ἐπ⁸

255 1526 380 1592 ἁγει
405 1527 497 1577 καὶ
541 1526 730 1576 τούτου
775 1524 872 1592 τὴν
909 1523 1085 1574 λύσιν.

336 1637 353 1668 ‹
391 1617 613 1686 Πρῶτος
657 1618 862 1686 Μωσῆς
903 1615 1072 1682 λέγει·
1101 1612 1242 1683 Ἐγὼ
1277 1611 1664 1683 παραζηλώσω
1700 1611 1843 1680 ὑμᾶς

255 1712 343 1762 ἐπ’
413 1711 511 1762 οὐκ
584 1709 773 1761 ἔθνει·
848 1711 941 1761 ἐπί
1013 1708 1156 1760 ἔθνει
1231 1707 1478 1775 ἀσυνέτῳ
1556 1702 1845 1774 παροργιῶ

255 1805 420 1872 ὑμᾶς.
464 1821 480 1853 ι
520 1802 581 1854 Et
612 1805 704 1854 καὶ
734 1801 1050 1872 μηδαμόθεν
1095 1800 1343 1864 ἄλλοθεν,
1375 1799 1528 1870 φησὶ,
1573 1798 1674 1850 κᾶν
1715 1796 1846 1865 γοῦν

1953 609 2088 661 {mes
2123 607 2270 660 orbis
2315 619 2580 659 terrarum
2617 607 2782 660 verba
2815 621 3000 660 eorum
3033 621 3115 660 ι.»
3157 607 3332 664 Veluti
3385 611 3538 680 quis-

1951 703 2092 769 piam
2124 700 2290 761 dicat,
2320 697 2385 751 Et
2422 700 2550 767 quid
2602 702 2668 753 ad
2712 701 2829 765 hos,
2861 699 2904 754 si
2957 700 3104 754 missi
3181 701 3289 755 sint
3338 705 3537 773 priedi-

1951 801 2136 847 cautes
2171 791 2540 862 Evangelium.
2577 793 2608 845 ii
2637 802 2816 846 autem
2846 793 3069 848 omnino
3097 809 3201 848 non
3233 797 3538 851 audierint?

1950 890 2025 939 ait
2058 904 2071 939 :
2104 884 2398 940 Universus
2439 899 2701 940 terrarum
2755 891 2900 942 orbis
2946 905 3134 944 eorum
3199 893 3535 959 praedicatio-

1951 993 2071 1032 nem
2104 979 2328 1042 audivit,
2357 991 2410 1034 et
2457 980 2528 1032 illi
2566 993 2669 1033 non
2699 980 3022 1041 audiissent,
3051 984 3190 1051 apud
3224 999 3358 1054 quos
3386 994 3532 1038 tanto

1951 1079 2078 1122 sunt
2147 1079 2388 1136 tempore
2453 1071 2646 1124 morati
2710 1073 2961 1141 apostoli,
3019 1073 3321 1142 quibusque
3379 1085 3532 1129 erant

1948 1161 2200 1214 oriundi?
2228 1161 2422 1226 Quam,
2451 1177 2654 1229 quaeso,
2690 1165 2950 1217 rationein
2988 1166 3087 1216 hoc
3121 1165 3407 1220 habuerit?

2025 1250 2182 1303 \‘Ens.
2211 1249 2296 1304 19.
2333 1269 2349 1301 ι
2409 1251 2513 1303 Sed
2567 1251 3010 1322 dicozNunquid
3047 1253 3214 1309 Israel
3267 1272 3372 1311 non
3438 1274 3530 1312 co-

1949 1343 2171 1411 gnovit?
2199 1363 2216 1394 l
2241 1345 2354 1397 Alia
2382 1354 2456 1398 est
2488 1345 2719 1412 objectio
2761 1365 2772 1398 :
2811 1346 2862 1400 Si
2891 1349 3254 1415 pra~dicarunt
3277 1353 3528 1418 apostoli,

1951 1435 2022 1488 illi
2077 1446 2252 1488 autem
2311 1452 2418 1490 nou
2487 1437 2895 1502 intellexerunt,
2943 1443 3180 1508 nunquid
3227 1444 3370 1512 digni
3411 1455 3532 1498 sunt

1953 1523 2330 1595 veniu?Hi.jus
2353 1527 2514 1580 etiam
2551 1529 2866 1584 dilutionem
2909 1531 3166 1585 subtexit.

2027 1728 2044 1762 ι
2088 1709 2303 1762 Primus
2348 1708 2521 1763 Moses
2551 1710 2680 1762 dicit
2711 1725 2723 1760 :
2759 1710 2869 1778 Ego
2895 1711 2959 1762 ad
3007 1709 3403 1764 amulationem
3433 1726 3531 1768 vos

1951 1804 2210 1854 adducam
2247 1803 2297 1854 in
2337 1817 2438 1854 non
2468 1811 2707 1871 gentem,
2745 1803 2794 1855 in
2829 1811 3041 1868 gentem
3075 1803 3439 1870 insipientem,
3478 1805 3529 1858 in

249 1899 320 1946 ἐκ
348 1897 447 1962 τῆς
495 1896 680 1964 τιμῆς,
711 1896 774 1964 ἢν
801 1895 843 1925 ⁸⁷
889 1893 1228 1964 ἐτιμήθησαν
1250 1895 1292 1924 ⁸³
1327 1894 1376 1944 οί
1417 1891 1477 1950 ἐξ
1508 1891 1700 1954 ἐθνῶν,
1739 1890 1847 1941 ἔδει
1875 1878 1921 1933 Β

1835 1878 1921 1940 1.Β
1950 1893 2083 1944 iram
2105 1907 2198 1944 vos
2217 1893 2426 1943 mittam
2448 1891 2500 1944 ἱ).
2532 1910 2550 1943 ι
2572 1891 2750 1946 Sinon
2769 1891 3008 1954 aliunde,
3041 1893 3232 1960 inquit,
3259 1895 3446 1947 saltem
3465 1910 3527 1948 ex

255 1987 457 2046 αὐτοὺς
523 1987 782 2039 συνιέναι.
854 1985 1024 2038 ’Ὀταν
1093 1985 1200 2053 γὰρ
1257 1984 1445 2052 ἐώρων
1500 1981 1628 2042 τοὺς
1685 1980 1842 2032 είδω-

257 2077 526 2145 λολάτρας
572 2076 832 2145 ἐξαίφνης
881 2078 1154 2128 τοσούτων
1217 2073 1550 2138 ἀξιωθέντας
1601 2068 1842 2137 ἀγαθῶν,

247 2168 366 2219 ἔδει
453 2169 652 2231 αὐτοὺς
693 2167 736 2198 ⁶⁹
807 2165 1312 2236 παραζηλώσαντας
1389 2163 1678 2231 ἐννοῆσαι,
1766 2162 1848 2213 ὅτι

258 2259 431 2311 Τοῦτό
499 2261 616 2312 ἐστι
670 2260 730 2311 τὸ
776 2258 947 2321 ἔθνος,
986 2260 1112 2328 περὶ
1154 2251 1215 2310 οὗ
1272 2256 1509 2325 Μωῡσῆς
1561 2250 1732 2306 εἶπεν.
1772 2254 1846 2306 Οὐ

257 2354 370 2423 γάρ
421 2354 578 2422 μόνον
629 2354 690 2406 τὸ
727 2353 956 2424 μέγεθος
1002 2352 1100 2421 τῆς
1134 2352 1300 2422 τιμῆς
1338 2351 1519 2404 ἰκανὸν
1555 2345 1622 2420 ἦν
1655 2350 1852 2411 αὐτοὺς

258 2446 340 2508 είς
373 2444 533 2511 ζῆλον
569 2444 850 2514 ἐμϐαλεῖν,
904 2445 1040 2498 ἀλλά
1084 2445 1177 2496 καὶ
1231 2444 1290 2496 τὸ
1329 2443 1497 2505 οὕτως
1542 2442 1839 2504 εὐτελεῖςτο

248 2534 401 2590 εἶναι
436 2539 559 2599 τοὺς
593 2539 944 2608 τιμηθέντας,
973 2537 1112 2590 ὥστε
1147 2536 1280 2607 μηδὲ
1313 2535 1461 2597 ἔθνος
1500 2533 1837 2604 νομίζεσθαι.

263 2651 283 2683 ι
347 2633 462 2683 Ἐπ’
511 2632 610 2684 οὐκ
660 2631 804 2684 ἔθνει
843 2632 973 2700 γὰρ,
1024 2631 1178 2700 φησὶ,
1233 2628 1616 2699 παραζηλώσω
1673 2627 1838 2694 ὑμᾶς,

243 2724 352 2774 ἐπὶ
388 2723 530 2775 ἔθνει
575 2724 890 2794 ἀσυνέτῳ.»
941 2723 1004 2774 Τί
1047 2725 1155 2792 γὰρ
1203 2723 1471 2792 Ἑλλήνων
1511 2717 1841 2774 ἀσυνετώτε-

265 2831 380 2884 ρον,
415 2814 591 2878 ξύλοις
625 2818 716 2868 καὶ
744 2815 912 2878 λίθοις
935 2815 1412 2884 προσκεχηνότων;

1943 1985 2169 2048 honore,
2189 1983 2299 2053 78
2321 2000 2423 2050 quo
2449 1995 2634 2051 gentes
2649 1984 2850 2037 affectae
2867 1994 3013 2046 sunt,
3045 1985 3342 2056 intelligere
3369 1987 3530 2040 debe-

1944 2073 2073 2125 bant
2125 2076 2470 2139 prie-dientum
2523 2073 2824 2127 Christum.
2876 2074 3008 2128 Cum
3051 2077 3217 2129 enim-
3261 2077 3526 2131 idolorum

1943 2164 2176 2219 cultores
2211 2173 2496 2218 cernerent
2529 2166 2664 2218 adeo
2698 2181 2918 2235 repente
2954 2168 3114 2220 tantis
3145 2168 3307 2222 bonis
3361 2184 3526 2223 orna-

1949 2267 2051 2322 tos,
2082 2257 2368 2325 oportebat
2399 2271 2492 2311 eos
2529 2258 2874 2312 aemulatione
2909 2259 3160 2315 incitatos
3203 2261 3526 2333 intelligere,

1947 2348 2087 2402 hanc
2107 2363 2225 2402 esse
2253 2348 2424 2416 ipsam
2449 2360 2662 2416 gentem
2690 2351 2754 2405 de
2781 2366 2881 2419 qua
2905 2354 3087 2406 Moses
3121 2355 3278 2408 verba
3310 2353 3525 2410 fecerit.

1949 2439 2154 2492 Nedum
2196 2440 2338 2492 enim
2399 2441 2712 2506 magnitudo
2759 2442 2979 2496 honoris
3021 2442 3319 2498 suﬂiciebat
3363 2453 3421 2497 ut
3460 2446 3527 2496 ad

1949 2531 2341 2585 ﬂ'iliUi’dliOIlelll
2371 2547 2466 2584 eos
2510 2533 2776 2594 inritaret,
2806 2536 3158 2588 verumetiam
3193 2537 3333 2603 quod
3391 2536 3526 2589 adeo

1949 2625 2082 2678 viles
2130 2639 2334 2679 nouore
2368 2623 2546 2678 aﬂ‘ecti
2602 2637 2805 2687 essent,
2867 2638 2920 2680 ut
2960 2643 3028 2680 ne
3083 2629 3258 2697 gentis
3306 2629 3522 2698 quidem

1949 2715 2165 2770 nomine
2196 2716 2448 2768 censendi
2473 2725 2676 2769 essent.
2735 2735 2752 2766 ι
2790 2715 2898 2785 Ego
2939 2719 3104 2780 enim,
3136 2737 3156 2769 ι
3193 2718 3387 2785 inquit,
3415 2737 3432 2768 ι
3457 2719 3524 2774 ad

1947 2806 2341 2859 aemulationem
2364 2821 2458 2859 vos
2476 2807 2738 2860 adducam
2768 2810 2817 2860 in
2847 2825 2950 2862 non
2978 2823 3214 2878 geniem,
3243 2813 3292 2865 in
3313 2800 3522 2880 gentem

261 2907 628 2976 insipientem.
667 2928 684 2959 ι
720 2909 859 2974 Quid
898 2909 1040 2962 enim
1093 2907 1295 2963 Graecis
1332 2905 1542 2961 stultius
1590 2913 1645 2959 et
1709 2899 2073 2971 insipientius,
2100 2901 2297 2968 quippe
2330 2900 2420 2968 qui
2494 2916 2523 2953 a
2556 2901 2713 2970 lignis
2754 2913 2807 2955 et
2877 2905 3143 2972 lapidibus
3201 2907 3366 2960 veluti
3429 2922 3523 2961 ore

247 3009 434 3062 “hianti
474 3005 814 3076 penderent?

339 3119 359 3152 ι
408 3101 632 3162 Ἡσαΐας
669 3099 724 3150 δέ
749 3099 788 3127 ⁷¹
820 3097 1104 3166 ἀποτολμᾷ
1137 3096 1229 3149 καὶ
1252 3095 1432 3162 λέγει’
1462 3091 1706 3163 Εὑρέθην
1725 3092 1834 3151 τοῖς
1861 3090 1903 3152 C

251 3190 364 3258 ἐμὲ
418 3191 492 3260 μὴ
541 3190 818 3259 ζητοῦσιν,
869 3186 1119 3256 ἐμφανὴς
1171 3185 1437 3254 ἐγενόμην
1471 3185 1582 3245 τοῖς
1625 3181 1725 3251 ἐμὲ
1761 3180 1834 3251 μὴ

260 3283 638 3351 ἐπερωτῶσιν.
683 3300 700 3332 ι
757 3281 939 3334 Εἰπὼν
981 3280 1008 3332 ὃ
1039 3296 1090 3330 τι
1126 3277 1339 3348 πρῶτος
1378 3277 1618 3344 Μωῡσῆς
1653 3275 1834 3341 λέγει,

259 3377 532 3443 διηγεῖται
562 3374 656 3427 καὶ
693 3378 820 3442 περὶ
850 3373 1040 3440 ἐτέρου
1083 3371 1362 3440 προφήτου
1379 3369 1450 3433 ⁷³,
1479 3368 1544 3419 τὰ
1586 3367 1724 3419 αὐτὰ
1752 3366 1841 3416 λέν

260 3484 452 3536 γοντος
484 3469 577 3520 καὶ
634 3467 959 3534 τρανότερον
1012 3463 1104 3516 καὶ
1151 3461 1499 3529 σαφέστερον.
1551 3478 1568 3509 ι
1608 3459 1834 3519 Ἡσαΐας

260 3561 392 3629 γὰρ,
414 3562 597 3629 φησὶν,
639 3561 942 3628 ἀποτολμᾷ,
979 3556 1073 3608 καὶ
1108 3555 1276 3621 λέγει’
1309 3572 1326 3604 ›
1355 3553 1648 3614 τουτέστιν,
1685 3551 1836 3603 ἐϐιάο

262 3667 396 3704 σατο
419 3650 633 3720 γυμνὴν
655 3652 828 3702 εἰπεῖν
857 3651 954 3716 τὴν
980 3647 1258 3715 ἀλήθειαν,
1293 3646 1388 3695 καὶ
1414 3641 1770 3701 κινδυνεῦσαι,
1802 3640 1832 3711 ἦ

264 3743 678 3811 ἀποσιωπῆσαι.
715 3761 733 3794 t
762 3743 1004 3812 Εὑρέθην
1035 3759 1051 3790 ι
1090 3743 1220 3808 γὰρ,
1245 3738 1396 3805 φησι,
1424 3738 1532 3798 τοῖς
1553 3736 1608 3799 ἐξ
1643 3733 1832 3797 ἐθνῶν,

270 3853 289 3884 ι
315 3838 425 3897 τοῖς
446 3837 547 3904 ἐμὲ
570 3838 643 3904 μὴ
662 3835 907 3903 ζητοῦσι,
929 3853 946 3883 ι
979 3833 1112 3902 μηδέ
1135 3828 1456 3898 ἐπερωτῶσί
1490 3844 1578 3896 με.
1607 3825 1709 3887 Οὓς
1730 3825 1837 3894 γὰρ

263 3928 505 3995 Μωῡσῆς
527 3927 675 3988 ἔθνος
708 3927 966 3979 ἀσύνετον
992 3924 1239 3992 ὠνόμασε
1265 3922 1329 3986 ⁷⁸,
1355 3920 1576 3978 τούτους
1615 3918 1838 3978 Ἡσαΐας

266 4020 341 4088 μὴ
393 4017 727 4088 ζητοῦντας,
792 4017 924 4086 μηδέ
982 4014 1378 4085 ἐπερωτῶντας
1432 4011 1708 4079 ὀνομάζει,
1763 4008 1837 4069 ὠς

262 4110 493 4178 ἀμαθεῖς
527 4109 725 4179 δηλαδὴ
752 4111 846 4160 καὶ
875 4107 1216 4177 μισολόγους.
1251 4104 1398 4155 Ἔδει
1425 4103 1605 4154 τοίνυν
1637 4103 1698 4152 ἐκ
1720 4099 1839 4152 τού-

259 4217 369 4252 των
397 4203 616 4253 πάντων
649 4200 890 4252 συνιέναι
915 4200 1038 4259 τους
1068 4195 1378 4256 Ἰουδαίους,
1411 4193 1527 4256 πῶς
1556 4192 1709 4244 αὐτοὶ
1740 4194 1837 4260 μὲν

258 4291 615 4360 ἀπῶσθησαν,
647 4291 824 4360 ἔτεροι
850 4290 906 4342 δὲ
945 4286 1412 4358 προσεδέχθησαν.

340 4488 358 4520 ι
383 4470 528 4538 Πρὸς
565 4469 619 4521 δὲ
667 4468 758 4519 τὸν
809 4467 1025 4536 Ἰσραὴλ
1073 4466 1252 4532 λέγει’
1290 4467 1458 4534 ’Ὁλην
1481 4464 1578 4534 τὴν
1621 4465 1833 4533 ἡμέραν
1865 4444 1911 4500 Ῑ)

261 4562 564 4627 ἐξεπέτασα
612 4562 711 4622 τάς
762 4559 950 4630 χεῖράς
1000 4577 1101 4628 μου
1147 4560 1282 4628 πρὸς
1336 4559 1460 4610 λαὸν
1511 4557 1835 4609 ἀπειθοῦντα

261 4656 355 4704 καὶ
390 4651 761 4718 ἀντιλέγοντα.
808 4671 825 4703 ι
867 4651 984 4704 Ἵνα
1032 4652 1105 4720 μὴ
1145 4651 1308 4720 ἔχωσι
1335 4650 1537 4717 λέγειν,
1593 4651 1676 4701 ὃτι
1712 4649 1836 4710 Τοῖς

259 4746 492 4804 ἐθνικοῖς
543 4744 792 4813 εὑρέθης,
840 4745 973 4811 ἡμῖν
1019 4743 1074 4793 δὲ
1106 4743 1203 4794 οὐκ
1242 4742 1513 4811 ἠθέλησας
1544 4741 1832 4808 ὁμιλῆσαι’

260 4835 428 4905 φησίν
449 4853 463 4865 ο
505 4852 524 4885 t
567 4834 736 4904 Ὅλην
769 4834 866 4902 τὴν
898 4834 1134 4904 ἡμέραν,
1181 4851 1198 4882 ι
1238 4836 1506 4896 τουτέστι,
1539 4835 1714 4885 πάντα
1747 4833 1836 4883 τὸν

261 4930 476 4995 χρόνον,
515 4925 868 4988 «ἐξεπέτασα
917 4927 1012 4987 τάς
1044 4925 1232 4995 χεῖράς
1266 4942 1388 4994 μου,
1431 4944 1448 4974 ι
1499 4925 1638 4976 ὥστε
1681 4925 1834 4992 ἐφελ-

262 5018 536 5072 κὺσασθαι
573 5019 747 5088 ὑμᾶς’
780 5015 896 5070 ἀλλ’
943 5017 1099 5086 ὑμεῖς
1151 5017 1388 5084 ἐφάνητε
1433 5015 1560 5078 λαὸς
1602 5017 1833 5085 ἀπειθὴς

262 5116 356 5164 καὶ
392 5112 708 5178 ἀντιλέγων.
778 5108 1076 5178 ’Υμέτερον
1134 5107 1225 5160 οὖν
1282 5109 1343 5160 τὸ
1396 5108 1668 5177 ἔγκλημα,
1737 5111 1834 5161 οὐκ

259 5205 414 5272 ἐξεόν.
472 5203 612 5270 Ἐγὼ
643 5207 751 5272 γαρ
781 5203 1166 5266 ἐξεπετάννυον
1196 5202 1292 5263 τάς
1324 5205 1530 5271 χεῖρας,
1568 5205 1660 5255 καὶ
1693 5221 1830 5271 παρ-

259 5297 520 5349 εκάλουν
563 5297 679 5348 ἀλλ’
724 5298 820 5364 οὐχ
881 5294 1250 5365 ὑπηκούσατε.
1302 5295 1461 5346 Ὥστε
1512 5295 1690 5364 δῆλον,
1753 5299 1832 5348 ὃτι

259 5388 359 5440 καὶ
391 5389 632 5457 ἥκουσαν
673 5388 720 5438 οἱ
747 5385 805 5450 ἐξ
837 5385 1075 5455 Ἰσραὴλ,
1114 5389 1209 5436 καὶ
1252 5385 1494 5453 ἔγνωσαν
1517 5404 1528 5418 ·
1565 5389 1664 5440 οὐκ
1697 5388 1827 5456 ﬁes.

260 5481 437 5547 λησαν
460 5479 514 5533 δὲ
543 5478 864 5532 ὑπακοῦσαι.

334 5617 360 5646 ι
396 5602 540 5658 Psal.
578 5619 732 5669 xvut,
763 5603 814 5656 4.
892 5603 919 5642 b
950 5603 1100 5656 Deut.
1156 5620 1303 5668 xxxi,
1354 5602 1443 5657 21.

1522 5613 1541 5641 ε
1578 5602 1681 5667 lsa,
1722 5621 1840 5666 ων,
1872 5605 1907 5660 l.

2013 3086 2174 3138 Vens.
2197 3084 2286 3139 20.
2325 3103 2343 3135 ‹
2378 3083 2540 3138 Isaias
2573 3085 2710 3136 enim
2741 3086 2901 3138 audet
2939 3097 2995 3138 et
3059 3089 3188 3142 dicit
3223 3106 3235 3141 :
3269 3089 3523 3144 Inventus

1939 3199 2056 3236 sum
2088 3198 2115 3232 a
2145 3195 2252 3233 non
2293 3179 2663 3247 qumrcntibus
2693 3194 2796 3239 me,
2836 3179 3012 3248 palam
3046 3183 3267 3251 apparui
3306 3184 3392 3246 iis,
3427 3186 3518 3252 qui

1940 3287 2024 3324 me
2081 3287 2184 3323 non
2246 3271 2674 3337 interrogabant.
2714 3286 2732 3318 ι
2774 3268 3060 3322 Praemisso
3117 3271 3259 3338 quod
3333 3270 3509 3328 Moses

1943 3363 2179 3428 primum
2242 3361 2393 3423 dixit,
2453 3359 2562 3426 jam
2595 3359 2820 3412 alterius
2881 3361 3156 3428 propheta:
3193 3363 3518 3417 mentionem

1939 3455 2068 3508 facit
2089 3496 2102 3519 ,
2130 3456 2217 3523 qui
2250 3458 2435 3510 eadem
2465 3458 2666 3512 clarius
2689 3468 2742 3512 et
2768 3460 3010 3526 apertius
3039 3462 3276 3528 exponit.
3307 3481 3326 3514 ι
3352 3461 3520 3517 Isaias

1938 3546 2106 3609 enim,
2153 3567 2170 3597 ι
2211 3547 2405 3616 inquit,
2443 3567 2460 3599 ι
2504 3548 2666 3603 audet
2703 3561 2757 3604 et
2811 3551 2962 3613 dicit,
2998 3571 3014 3602 ι
3065 3553 3117 3605 id
3178 3562 3261 3607 est
3291 3566 3518 3610 OOuattH

1940 3647 2026 3692 est
2093 3639 2291 3692 nttdnttt
2363 3641 2544 3695 dicere
2607 3642 2914 3707 veritatem,
2975 3652 3030 3696 et
3094 3645 3339 3713 periculo
3398 3662 3519 3702 sese

1938 3733 2256 3787 submittere
2285 3737 2462 3802 potius
2494 3749 2655 3803 quam
2695 3735 2946 3790 reticere.
2987 3754 3004 3787 ι
3033 3736 3291 3794 Inventus
3324 3755 3464 3806 sum,
3493 3760 3512 3792 ι

1939 3826 2134 3896 inquit,
2171 3844 2196 3878 a
2233 3829 2504 3897 gentibus,
2558 3844 2675 3895 quae
2727 3844 2811 3884 me
2868 3844 2970 3882 non
3041 3831 3406 3900 inquirebant,
3465 3845 3519 3888 et

1939 3933 2056 3988 qua!
2088 3921 2155 3972 de
2185 3936 2268 3974 me
2300 3921 2436 3974 nihil
2485 3923 2962 3988 percontabantur.
2996 3923 3142 3989 Quos
3171 3926 3311 3978 enim
3341 3925 3517 3981 Moses

1937 4020 2149 4079 gentem
2187 4025 2290 4064 non
2339 4012 2724 4076 intelligentem
2765 4013 3000 4076 vocavit,
3056 4014 3153 4066 hos
3197 4012 3361 4069 Isaias
3401 4030 3510 4070 non

1934 4095 2266 4170 'quatrentes,
2302 4117 2475 4170 neque
2518 4104 2915 4171 interrogantes
2961 4106 3226 4169 nominat,
3256 4116 3510 4175 tanquam

1942 4195 2101 4247 rudes
2140 4195 2411 4256 videlicet,
2433 4210 2728 4264 osoresquc
2751 4195 3182 4263 disciplinarum.
3209 4198 3510 4265 Oportebat

1939 4286 2120 4354 itaque
2163 4302 2224 4340 ex
2260 4285 2406 4339 hisce
2468 4287 2720 4339 omnilms
2769 4285 2985 4341 Iudaeos
3045 4287 3352 4357 intelligere
3390 4304 3511 4344 sese

1939 4396 2058 4434 esse
2092 4378 2355 4445 repulsos,
2388 4377 2632 4445 aliosque
2679 4390 2943 4447 receptos.

2013 4471 2171 4524 Vens.
2196 4470 2284 4523 2|.
2323 4488 2342 4520 ε
2386 4470 2464 4521 Ad
2517 4469 2680 4522 Israel
2721 4480 2899 4523 autem
2950 4470 3080 4525 dicit
3108 4471 3134 4510 ἀ
3171 4489 3186 4525 :
3221 4471 3355 4527 Tuta
3423 4473 3508 4528 die

1933 4564 2160 4629 expandi
2195 4575 2384 4613 manus
2427 4574 2571 4612 meas
2609 4561 2674 4611 ad
2709 4560 2957 4628 populum
3012 4578 3115 4615 nun
3163 4563 3505 4618 obedientem

1934 4667 1982 4709 et
2033 4655 2511 4708 cnniradicentem.
2547 4672 2564 4703 ι
2596 4651 2671 4705 Ne
2729 4665 2949 4721 possent
2989 4656 3168 4708 dicere
3211 4653 3380 4709 Judaei
3413 4673 3428 4711 :
3461 4655 3505 4709 A

1936 4747 2184 4815 gentibus
2237 4744 2451 4812 quidem
2488 4758 2546 4796 es
2597 4743 2869 4806 inventus,
2922 4745 3198 4798 nobiscum
3235 4761 3365 4800 vero
3411 4761 3505 4800 no-

1936 4838 2078 4890 luisti
2148 4837 2376 4896 versari,
2458 4836 2658 4899 subdit,
2729 4853 2747 4884 ι
2801 4834 2932 4887 Tota
2989 4835 3095 4900 die,
3159 4854 3177 4887 ι
3245 4837 3348 4890 hoc
3399 4844 3504 4902 est,

1935 4931 2080 4984 omni
2112 4940 2352 4996 tempore
2378 4945 2397 4977 ι
2435 4927 2667 4993 expandi
2702 4942 2896 4980 manus
2935 4941 3080 4980 meas
3115 4945 3133 4976 ι
3174 4937 3227 4979 ut
3261 4926 3493 4980 attrahe-

1935 5037 2048 5075 rem
2083 5034 2177 5073 vos
2212 5037 2224 5074 :
2259 5031 2313 5072 at
2345 5035 2436 5071 vos
2476 5019 2800 5087 apparuistis
2843 5018 3070 5088 populus
3113 5017 3428 5071 inobediens
3450 5028 3506 5070 et

1933 5112 2329 5165 contradicens.
2391 5108 2580 5161 Vestra
2644 5108 2806 5179 igitur
2848 5109 3001 5175 culpa
3058 5117 3163 5170 est,
3201 5121 3305 5160 non
3363 5119 3503 5160 mea.

1936 5205 2044 5272 Ego
2075 5218 2307 5271 namque
2361 5201 2717 5254 extendebant
2761 5214 2954 5252 manus
2995 5213 3164 5262 meas,
3202 5207 3254 5252 et
3275 5197 3506 5250 advoca-

1935 5297 2053 5349 bam
2081 5309 2194 5358 vos,
2223 5303 2278 5347 at
2311 5307 2404 5345 vos
2436 5307 2540 5346 non
2570 5292 2870 5346 obediistis.
2902 5289 3135 5344 Proinde
3160 5286 3500 5343 manifestum

1939 5397 2020 5441 est
2053 5388 2194 5455 quod
2227 5394 2280 5438 et
2314 5384 2632 5437 audiverunt
2689 5381 2967 5450 Israelita,
3007 5392 3061 5436 et
3112 5388 3499 5451 cognoverunt,

1936 5483 2027 5534 sed
2059 5483 2428 5546 obtemperare
2457 5476 2768 5530 noluerunt.

1983 5604 2008 5643 ἀ
2039 5603 2138 5656 lsa.
2201 5615 2320 5662 ων,
2358 5599 2410 5650 2.

1621 5697 1818 5758 Variae
1847 5697 2179 5760 lectiones.

333 5799 380 5830 “
409 5798 581 5851 ταῦτα
606 5813 657 5852 o.
795 5799 836 5831 "
872 5799 1138 5868 ἐτίμησαν
1175 5815 1226 5853 ο.

272 5874 403 5942 έρου
439 5869 730 5944 προσώπου
767 5886 818 5926 0.
897 5871 942 5903 ⁷³
985 5871 1205 5924 ἐκάλεσε
1237 5889 1288 5924 o.

1335 5801 1377 5831 “'
1412 5796 1476 5871 ἧς
1515 5801 1850 5873 ἐτιμήθησαν
1871 5817 1941 5856 in.

2071 5803 2114 5834 ‘9
2142 5803 2355 5862 πάντως
2385 5813 2436 5852 o.
2535 5797 2578 5828 ⁷⁰
2601 5794 2829 5856 ἀτελεῖς.
2931 5793 2972 5825 ⁷⁸
3002 5791 3109 5861 γὰρ
3135 5806 3186 5845 ο.
3299 5789 3346 5822 ⁷⁸
3374 5787 3499 5843 6w-
