4286 6444
3903 366 4009 430 488

763 498 926 570 plitio
960 496 1278 552 adicientur.
1327 493 1509 549 Mensa
1560 495 1705 548 enim
1767 499 2025 567 ipsorum,
2084 495 2182 548 hoc
2232 493 2455 556 est,At

2323 532 2337 556 ,
2365 493 2415 552 Α
2442 494 2506 561 τῇ
2538 490 2730 559 κακίᾳ,
2771 489 2839 541 τά
2892 488 3097 559 ἔσχατα
3146 483 3597 555 κολασθήσονται.
3640 479 3708 535 Ἥ
3745 479 3855 551 γὰρ
3878 484 4010 551 τρά-

760 590 939 644 omnia
982 591 1119 642 bona
1172 596 1226 639 et
1268 585 1474 639 deliciae
1534 584 1797 653 ipsorum,
1855 594 2241 639 convertentur
2284 584 2335 635 iu
2442 599 2452 631 τ

2322 598 2335 635 I
2442 582 2583 644 πεζα
2606 581 2805 641 αὐτῶν,
2830 572 3101 644 τουτέστι,
3118 577 3297 631 πάντα
3325 576 3393 627 τὰ
3422 574 3622 644 ἀγαθὰ,
3642 573 3737 626 καὶ
3761 572 4008 642 ήτρυςρὴ,

758 678 1115 739 eomrarium,
1173 687 1228 730 et
1278 675 1641 741 illaqueeutur
1686 675 2335 744 eomprehendanturque,
2447 695 2450 742 ε

2322 715 2335 738 ,
2447 673 2919 745 μεταϐληθήσεται
2952 670 2998 701 ⁸ο
3041 670 3124 731 είς
3150 666 3497 722 τούναντίονο
3545 667 3642 720 καὶ
3684 662 4012 731 παγιδευθή-

761 768 997 823 οιιιιιίιιιη
1060 766 1294 836 captioni
1351 775 1404 819 et
1454 768 1721 821 inVasioui
1780 767 2038 834 expositi,
2087 764 2339 820 scandala
2442 786 2453 802 -

2319 781 2339 817 ιι
2442 783 2623 820 τωσαν
2654 765 2700 795 ⁸¹
2753 769 2849 818 καὶ
2876 762 3384 832 συλληφθήτωσαν,
3426 760 3745 830 εὐχείρωτοι
3796 756 3842 788 ⁸³
3880 758 4011 808 πᾶσι

758 876 973 929 semper
997 870 1051 914 et
1080 858 1403 912 oﬂ'eusiones
1428 856 1481 911 in
1516 859 1623 912 vita
1655 872 1747 910 sua
1788 858 2067 912 habentes.
2093 856 2341 910 lndicaus
2440 878 2450 891 ι

2322 871 2341 910 5
2440 858 2750 927 γενόμενοι,
2792 858 2889 911 καὶ
2937 855 3026 910 ἀεὶ
3058 852 3335 908 σκάνδαλα
3366 854 3459 906 καὶ
3506 852 3910 921 προσκόμματα
3960 847 4014 899 ἐν

762 962 939 1006 autem
976 953 1116 1021 quod
1169 966 1267 1020 pro
1302 953 1537 1020 peccatis
1570 952 1680 1004 haec
1711 950 2003 1019 patiantur,
2037 950 2192 1013 dixit,
2227 967 2244 1000 ι
2281 947 2339 1001 1η
2445 972 2454 987 ι

2323 965 2339 1001 ι
2445 956 2509 1023 τῇ
2544 953 2657 1022 ζωῇ
2691 949 2873 1004 αὐτῶν
2908 949 3145 1019 ἔχοντες.
3180 946 3407 1008 Δεικνὺς
3433 946 3512 1009 δὲ,
3546 946 3629 998 ὅτι
3669 944 3808 1013 ὑπὲρ
3834 944 4015 1012 ἀμαρ-

764 1043 1194 1098 retributionem.
1234 1062 1252 1095 ι
1282 1041 1587 1107 Quinetiam
1615 1041 1760 1095 oculi
1788 1056 1973 1095 eorum
2002 1049 2124 1093 sunt
2149 1041 2344 1094 obseu-
2445 1059 2456 1076 ι

2326 1068 2344 1078 -
2445 1043 2708 1110 τημάτων
2743 1040 2917 1093 ταῦτα
2947 1038 3273 1107 πάσχουσιν,
3301 1031 3421 1089 εἷπε
3447 1035 3530 1099 τὸ,
3576 1053 3595 1086 ι
3634 1036 3726 1098 Είς
3786 1035 4018 1086 ἀνταπό-

770 1135 893 1200 rati,
928 1136 1125 1189 mentis
1154 1135 1369 1203 quidem
1405 1148 1629 1202 prorsus
1685 1144 1847 1202 atque
1876 1133 2038 1187 etiam
2095 1130 2343 1199 corporei
2444 1136 2462 1189 ε

2329 1130 2343 1184 ί
2444 1136 2608 1205 δομα.
2650 1154 2668 1185 ι
2718 1135 2877 1188 Ἀλλὰ
2905 1136 2999 1187 καὶ
3020 1134 3069 1187 oi
3098 1132 3370 1203 ὀφθαλμοὶ
3388 1130 3568 1185 αὐτῶν
3600 1130 4014 1200 ἐσκοτίσθησαν,

766 1243 794 1279 a
823 1227 1245 1281 calamitatibus.
1284 1226 1344 1277 Et
1377 1226 1599 1278 dorsum
1634 1240 1818 1279 eorum
1849 1225 2187 1276 incurvatum
2216 1235 2297 1275 est
2330 1240 2342 1275 :
2451 1246 2458 1280 ε

2330 1240 2342 1275 :
2451 1228 2541 1280 καὶ
2575 1227 2625 1278 oi.
2659 1228 2842 1295 νοητοὶ
2879 1227 2975 1295 μὲν
3023 1227 3261 1286 πάντως,
3295 1224 3392 1277 καὶ
3422 1224 3473 1275 οί
3514 1221 3763 1291 αἰσθητοὶ
3802 1222 3884 1287 δὲ,
3916 1220 4018 1275 ἀπὸ

765 1317 1014 1371 serviunt
1041 1318 1182 1371 enim
1219 1315 1478 1374 Romanis
1510 1317 1770 1371 servitute
1803 1331 2079 1385 nunquam
2103 1324 2348 1370 eessatu-
2449 1340 2457 1356 ι

2329 1345 2348 1356 -
2449 1320 2557 1373 τῶν
2597 1319 2915 1389 συμφορῶν.
2952 1318 3063 1371 Καὶ
3091 1320 3118 1372 ὁ
3153 1317 3323 1379 νῶτος
3349 1315 3529 1368 αὐτῶν
3566 1314 3824 1384 ἐκάμφθη
3846 1328 3861 1341 ·
3905 1313 4021 1365 δου-

758 383 858 444 487
1679 378 2254 441 THEOPHYLACTI
2286 377 2386 436 BU
2396 376 2695 437 LGARUE
2732 372 3086 433 ARCHIEP.

771 1425 852 1461 ra.
891 1411 993 1478 21
1028 1409 1137 1466 lloc
1166 1409 1309 1462 enim
1363 1418 1445 1462 est
1497 1409 1636 1476 quod
1666 1409 1763 1475 ait,
1799 1426 1817 1459 ι
1857 1408 2080 1478 Semper
2114 1426 2125 1460 :
2161 1426 2182 1459 υ
2214 1424 2350 1461 ηυιι-

770 1513 930 1566 quam
968 1498 1224 1551 nimirum
1260 1499 1327 1552 ab
1361 1514 1421 1552 ea
1451 1499 1737 1555 liberandi.

840 1668 1004 1726 Vens.
1039 1670 1123 1725 ll.
1164 1689 1181 1722 ι
1226 1671 1355 1725 Dico
1383 1670 1584 1740 igitur:
1624 1669 1874 1740 Nunquid
1903 1670 2261 1742 impegerunt,
2294 1687 2352 1741 ut

773 1761 1069 1815 caderent?
1098 1762 1246 1814 Absit
1275 1762 1287 1814 ί
1329 1780 1347 1812 ›
1385 1761 1516 1815 Cum
1543 1763 1754 1816 abunde
1780 1762 1911 1816 satis
1937 1778 2030 1817 eos
2067 1764 2355 1831 reprehen-

773 1853 963 1915 dissct,
998 1868 1139 1907 nunc
1172 1852 1598 1908 consolationem
1624 1855 1705 1908 eis
1739 1856 2051 1917 meditatur,
2083 1864 2246 1922 atque
2274 1855 2355 1908 in-
2387 1835 2426 1889 Β

775 1951 1055 2010 terrogat:
1097 1960 1114 1993 ι
1163 1940 1417 2010 Nunquid
1469 1944 1810 2011 impegerunt
1842 1980 1858 2006 ,
1892 1952 1952 1995 ut
2000 1942 2287 1996 caderent?
2327 1962 2345 1993 ι

775 2032 881 2086 hoc
913 2044 1015 2098 est,
1044 2033 1293 2102 Nunquid
1336 2034 1705 2089 incurabiliter
1743 2033 2128 2102 deliquerunt?
2158 2030 2344 2087 [laud-

776 2139 1066 2193 quaqnam.
1102 2123 1445 2195 hupegerunt
1484 2127 1650 2192 enim,
1691 2126 1792 2180 hoc
1835 2135 1936 2189 est,
1969 2124 2349 2181 oﬂ‘endernnt:

775 2230 961 2269 verum
1008 2232 1112 2270 non
1162 2225 1219 2271 ut
1268 2220 1523 2272 caderent
1568 2216 1824 2283 omnino,
1870 2218 1943 2271 ita
1976 2227 2034 2272 ut
2080 2233 2352 2287 nunquam

778 2309 911 2378 erigi
961 2318 1203 2376 possent.
1277 2309 1486 2362 Etenim
1541 2312 1903 2364 servabuntur
1954 2312 2098 2366 circa
2144 2320 2357 2375 tempus

778 2400 1282 2464 consummationis,
1319 2410 1376 2454 ut
1406 2400 1457 2453 in
1492 2415 1783 2469 progressu
1820 2400 2085 2454 orationis
2115 2400 2281 2454 dicet.

859 2510 877 2541 ι
917 2491 1021 2545 Sed
1066 2506 1253 2545 eorum
1286 2492 1480 2546 delicto
1527 2492 1673 2546 salus
1728 2493 1977 2563 gentibus
2024 2493 2248 2559 obtigit,
2297 2499 2356 2545 ut

781 2582 847 2636 ad
898 2582 1257 2636 munulandum
1323 2594 1643 2652 provocaret
1697 2600 1813 2638 eos.
1861 2603 1879 2637 ι
1919 2583 2033 2638 Duo
2095 2586 2199 2640 ista
2246 2586 2358 2640 vult

785 2682 1040 2740 praestare
1074 2686 1170 2742 per
1216 2688 1277 2727 ea
1310 2689 1430 2744 quae
1463 2689 1605 2729 nunc
1655 2675 1786 2729 dicit
1818 2694 1830 2730 :
1860 2691 2057 2745 nempe
2088 2677 2354 2733 consolari

781 2761 1015 2828 Judaeos,
1069 2772 1121 2818 ct
1168 2766 1406 2835 gentium
1473 2765 1669 2821 fastum
1727 2771 2041 2835 reprimere,
2085 2769 2353 2838 inquiens,

789 2852 930 2919 quod
964 2853 1081 2906 istis
1127 2852 1521 2908 oﬂ‘endcnlibus
1568 2855 2056 2926 diﬂidcntibusque,
2110 2859 2358 2928 gentibus

785 2954 968 2997 exorta
999 2952 1081 2997 est
1107 2943 1272 2999 salus.
1302 2944 1501 2998 Rerum
1535 2948 1679 3000 enim
1707 2947 1839 3000 ordo
1856 2948 1954 3002 hos
1983 2949 2210 3016 primum
2242 2964 2358 3004 ser—

789 3035 899 3087 vari
949 3035 1287 3103 postulabat,
1338 3036 1529 3090 deinde
1577 3046 1763 3106 gentes
1800 3054 1811 3090 :
1849 3049 2129 3109 postquam
2176 3050 2355 3095 autem

2452 1415 2665 1468 λεύουσι
2697 1414 2803 1483 γὰρ
2831 1414 2941 1474 τοῖς
2986 1411 3279 1481 Ῥωμαίοις
3337 1407 3694 1477 ἀτελεύτητον
3731 1405 3981 1460 δουλείαν
4003 1419 4019 1436 ·

2451 1506 2612 1557 τοῦτο
2646 1505 2755 1576 γάρ
2789 1506 2906 1557 ἐστι
2957 1503 3037 1570 τὸ,
3079 1522 3096 1555 ι
3148 1501 3450 1565 Διαπαντός
3477 1516 3489 1529 ·
3532 1518 3550 1551 ι
3584 1497 3844 1552 οὐδέποτε
3872 1497 4024 1549 λύσιν

2453 1594 2751 1663 ληψόμενοι
2780 1594 3001 1660 ταύτης.

2532 1706 2549 1738 ι
2588 1685 2746 1755 Λέγω
2785 1684 2911 1738 οὖν’
2938 1686 3027 1754 Μὴ
3078 1684 3364 1747 ἔπταισαν,
3400 1681 3487 1735 ἵνα
3531 1682 3772 1745 πέσωσις
3804 1680 3896 1749 Μὴ
3938 1678 4030 1745 γέ·

2456 1796 2618 1833 νοιτο.
2652 1797 2670 1829 ι
2716 1776 2943 1837 Ἰκανῶς
2987 1776 3169 1827 αὐτῶν
3204 1775 3614 1844 καθαψάμενος,
3646 1773 3741 1825 νῦν
3767 1784 4032 1843 παραμυ-

2456 1871 2576 1924 θίαν
2612 1869 2794 1931 αὐτοῖς
2813 1870 3130 1932 ἐπινοεῖται,
3163 1868 3259 1920 καὶ
3296 1868 3474 1938 ἐρωτᾷ
3499 1882 3511 1894 ·
3556 1885 3573 1918 ι
3617 1866 3709 1935 Μὴ
3741 1864 4029 1928 ἔπταισαν,

2454 1962 2542 2014 ἵνα
2573 1962 2780 2014 πέσωσι
2809 1977 2823 2024 ς
2861 1977 2877 2009 ι
2913 1960 3213 2023 τουτέστιν,
3248 1953 3395 2027 *Αρα
3426 1957 3499 2027 μὴ
3531 1957 3725 2009 ἀνίατα
3750 1955 4029 2025 ἤμαρτονς

2462 2071 2480 2104 ί
2503 2053 2591 2119 Μὴ
2617 2051 2861 2119 γένοιτοι
2892 2070 2909 2101 ι
2948 2051 3249 2103 Ἐπταισαν
3286 2050 3383 2118 μὲν
3406 2048 3534 2117 γὰρ,
3566 2047 3836 2110 τουτέστι,
3864 2062 4034 2112 προσ-

2456 2142 2722 2211 έκρουσαν
2744 2141 2813 2205 ⁸⁸,
2842 2141 2955 2193 ἀλλ’
3002 2140 3101 2211 οὐχ
3127 2140 3214 2191 ἵνα
3239 2138 3448 2190 πέσωσι
3484 2136 3728 2198 τελείως,
3761 2137 4032 2205 μηδέποτε

2454 2231 2760 2301 ὀρθωθῆναι
2780 2231 3069 2300 δυνάμενοι
3089 2249 3101 2262 ·
3142 2232 3234 2282 καὶ
3262 2230 3370 2301 γὰρ
3400 2230 3741 2299 σωθήσονται
3768 2226 3913 2280 κατᾶ
3941 2224 4035 2276 τὸν

2456 2322 2648 2392 καιρὸν
2677 2322 2778 2393 τῆς
2806 2320 3140 2387 συντελείας,
3174 2320 3249 2383 ὡς
3272 2317 3481 2390 προῖὼν
3509 2321 3645 2389 ἐρεῖ.

2536 2519 2555 2552 ι
2604 2499 2772 2553 Ἀλλά
2798 2500 2878 2568 τῷ
2907 2498 3088 2553 αὐτῶν
3134 2499 3544 2569 παραπτώματι
3579 2499 3612 2567 ή
3650 2495 3893 2565 σωτηρία
3926 2498 4038 2557 tot;

2457 2590 2689 2653 ῐθνεσιν,
2732 2588 2813 2652 είς
2841 2588 2901 2641 τὸ
2946 2587 3346 2657 παραζηλῶσαι
3395 2586 3613 2648 αύτούς.
3651 2604 3668 2635 ι
3716 2585 3820 2636 Δύο
3865 2584 4041 2637 ταῦτα

2461 2682 2709 2753 βούλεται
2741 2678 3111 2749 κατορθῶσαι,
3141 2677 3207 2730 δι’
3236 2672 3312 2730 ὦν
3343 2676 3489 2745 λέγει
3525 2676 3620 2729 νῦν
3641 2695 3652 2707 ·
3684 2676 3745 2729 τό
3772 2693 3832 2727 τε
3864 2693 4045 2746 παρα-

2462 2772 2809 2843 μυθήσασθαι
2854 2771 2981 2833 τοὺς
3026 2768 3338 2831 Ἰουδαίους,
3373 2769 3468 2821 καὶ
3507 2769 3568 2820 τὸ
3598 2766 3948 2819 καταστεῖλαι
3983 2766 4043 2817 τὸ

2465 2863 2642 2932 οἴημα
2688 2862 2796 2915 τῶν
2826 2861 3013 2914 -ἐθνῶν
3035 2877 3047 2890 ⁸
3093 2860 3188 2915 καί
3236 2877 3423 2931 φησιν,
3466 2861 3546 2913 δτι
3581 2860 3613 2928 ὴ
3646 2858 3892 2927 σωτηρία
3928 2859 4043 2919 τοῖς

2461 2956 2671 3010 ἔθνεσιν
2696 2955 2937 3023 ἐγένετο,
2961 2952 3170 3007 τούτων
3188 2952 3684 3023 προσκρουσάντων
3704 2952 4045 3018 καὶάπιστη-

2461 3050 2693 3102 σάντων.
2732 3047 2799 3101 Ἦ
2831 3047 2929 3117 μὶν
2956 3047 3067 3117 γὰρ
3092 3046 3383 3098 ἀκολουθία
3403 3043 3602 3114 ἀπῄτει
3630 3043 3855 3105 τούτους
3889 3042 4042 3112 πρώ-

791 3127 884 3181 isti
922 3128 1292 3181 iuobedientes
1320 3126 1445 3181 facti
1483 3140 1630 3194 sunt,
1660 3132 1845 3184 accitae
1877 3141 2005 3184 sunt
2038 3131 2141 3185 illa:
2174 3153 2188 3187 :
2220 3135 2358 3200 quod
2392 3179 2435 3234 ϐ
2464 3158 2483 3193 1

2352 3136 2435 3234 lc
2464 3157 2590 3203 τους
2646 3138 2923 3206 σωθῆναι,
2973 3134 3096 3191 εἶτα
3143 3139 3269 3201 τοὺς
3319 3138 3593 3201 ἐθνικούς·
3651 3137 3772 3190 ἐπεὶ
3807 3136 3863 3189 δὲ
3898 3131 4044 3188 οὗτιι

790 3229 844 3271 et
885 3220 936 3272 in
984 3219 1288 3295 Evangeliis
1342 3220 1489 3275 haud
1546 3223 1731 3290 paucis
1763 3224 1812 3275 in
1842 3223 1975 3278 locis
2010 3225 2361 3293 significatur.

792 3312 1030 3364 Servata:
1078 3323 1257 3365 autem
1306 3323 1432 3366 sunt
1484 3324 1690 3381 gentes,
1740 3324 1799 3368 nt
1829 3331 1848 3366 ι
1889 3317 1954 3369 ad
2001 3318 2363 3373 aemulandum

790 3413 1110 3474 provocaret
1152 3418 1265 3468 eos,
1322 3422 1340 3455 ι
1382 3407 1484 3459 hoc
1513 3415 1617 3471 est,
1650 3415 1708 3459 ut
1741 3409 1974 3472 gentium
2004 3408 2176 3464 honor
2214 3425 2363 3464 mor-

790 3495 925 3547 dens
952 3496 1070 3559 hos,
1100 3496 1450 3565 persuaderet
1474 3511 1587 3560 eos,
1607 3498 1793 3552 saltem
1817 3514 1881 3555 ex
1906 3500 2251 3557 :emulatione
2272 3503 2366 3558 ad-

793 3600 977 3640 versus
1004 3602 1118 3653 eas,
1141 3588 1206 3642 ad
1237 3587 1514 3645 Christum
1548 3592 1831 3646 accedere.

863 3761 1029 3817 Vens.
1084 3763 1169 3816 i2.
1211 3781 1232 3814 ι
1284 3765 1435 3830 Quod
1486 3766 1528 3820 si
1570 3767 1825 3824 delictum
1872 3770 2119 3840 illorum,
2167 3774 2366 3829 divitiae

793 3862 918 3907 sunt
950 3854 1156 3920 mundi,
1188 3864 1241 3910 et
1267 3857 1554 3931 diminutio
1601 3876 1788 3917 eorum
1839 3863 2039 3920 divitiae
2072 3868 2312 3937 gentium
2349 3885 2363 3922 :

796 3953 998 4012 quanto
1021 3945 1192 4013 magis
1220 3945 1499 4014 plenitudo
1519 3950 1758 4016 ipsorum
1778 3953 1799 4005 ?
1823 3971 1841 4004 ι
1873 3953 1951 4017 Si,
1971 3954 2185 4022 quando
2209 3954 2371 4009 offen-

795 4034 1016 4100 derunt,
1045 4035 1242 4104 inquit,
1280 4047 1385 4090 tam
1414 4040 1594 4093 multis
1625 4041 1843 4096 fuerunt
1874 4042 2253 4099 conciliatores
2282 4060 2370 4098 sa-

2467 3231 2772 3302 ὴπείθησαν
2824 3231 2900 3295 ⁸⁵,
2963 3230 3276 3300 ἐκλήθησαν
3340 3232 3575 3283 ἐκεῖνοι·
3625 3231 3652 3282 δ
3694 3231 3788 3282 καὶ
3832 3231 3891 3283 ἐν
3933 3233 4045 3293 τοῖς

2469 3322 2825 3391 Εὐαγγελίοις
2875 3320 3145 3391 πολλαχοῦ
3191 3320 3465 3390 δηλοῦται.
3535 3319 3852 3387 Ἐσώθησαν
3896 3319 3953 3369 δὲ
3994 3319 4044 3370 οἱ

2465 3414 2672 3469 ἐθνικοὶ
2712 3432 2731 3465 ι
2770 3414 2850 3477 είς
2877 3413 2939 3466 τὸ
2970 3413 3366 3483 παραζηλῶσαι
3414 3414 3631 3477 αὐτοὺς,
3674 3431 3691 3463 ι
3736 3411 4044 3475 τουτέστιν,

2468 3504 2556 3558 ἴνα
2588 3505 2621 3573 ή
2648 3502 2755 3557 τῶν
2801 3503 2972 3558 ἐθνῶν
3018 3504 3066 3535 ⁸³
3116 3504 3251 3574 τιμὴ
3301 3504 3573 3557 δάκνουσα
3626 3501 3887 3565 τούτους,
3944 3501 4046 3553 κᾶν

2469 3597 2534 3650 ἐκ
2566 3597 2665 3666 τῆς
2704 3595 2840 3666 πρὸς
2906 3595 3148 3658 ἐκείνους
3204 3594 3540 3663 φιλονεικίας
3594 3593 3772 3664 Ι’πείσῃ
3812 3592 4045 3663 προσελ-

2468 3686 2602 3741 θεῖν.

2547 3797 2565 3830 ι
2604 3780 2665 3831 Ei
2695 3778 2752 3831 δὲ
2794 3777 2853 3830 τὸ
2896 3776 3252 3847 παράπτωμα
3288 3777 3487 3830 ἀὐτῶν
3530 3777 3762 3840 πλοῦτος
3816 3780 4047 3849 κόσμου,

2470 3871 2568 3924 καὶ
2598 3870 2661 3922 τὸ
2690 3870 2912 3940 ⁴ήττημα
2944 3870 3123 3922 αὐτῶν
3158 3868 3387 3932 πλοῦτος
3410 3869 3610 3922 ἐθνῶνο
3656 3870 3805 3940 πόσῳ
3848 3872 4052 3940 μᾶλλον

2469 3964 2531 4016 τὸ
2560 3963 2834 4033 πλήρωμα
2885 3962 3101 4028 αύτῶν;
3140 3981 3158 4014 ι
3202 3962 3266 4016 El
3294 3963 3382 4017 ὅτε
3414 3963 3847 4034 προσέκρουσαν,
3893 3965 4049 4033 φησὶ,

2472 4053 2722 4127 πρόξενοι
2766 4056 3010 4122 ἐγένοντο
3057 4053 3334 4117 τοσούτοις
3387 4054 3685 4125 σωτηρίας,
3738 4057 3833 4107 καὶ
3874 4058 3933 4109 ἐν
3974 4056 4060 4126 τς.

797 4125 945 4189 lutis,
978 4136 1031 4179 et
1059 4142 1155 4196 pro
1185 4128 1285 4181 hoc
1318 4127 1462 4197 quod
1508 4130 1593 4184 isti
1633 4131 1855 4187 fuerunt
1885 4135 2094 4204 rejecti,
2138 4137 2238 4191 illa:
2263 4137 2374 4193 sint
2474 4164 2489 4199 ιι

2362 4145 2374 4191 ι
2474 4125 2693 4209 τούτους
2716 4144 3116 4214 ἀποδληθῆναι,
3138 4146 3338 4198 ἐκεῖνοι
3365 4144 3844 4216 προσελήφθησαν,
3874 4148 3969 4199 καὶ
3990 4125 4054 4199 τδ

793 4226 1107 4287 assumptaa,
1131 4219 1423 4291 lapsusque
1438 4235 1625 4275 eorum
1650 4223 1846 4278 divitia:
1869 4228 2108 4295 gentiqu
2134 4225 2367 4282 fuerint:
2477 4256 2485 4287 ε

2358 4244 2367 4282 ε
2477 4237 2696 4306 σφάλμα
2728 4236 2907 4291 αὐτῶν
2928 4235 3156 4299 πλοῦτος
3175 4228 3393 4305 ἐγένετο
3412 4235 3519 4288 τῶν
3542 4236 3772 4290 ἐθνικῶν
3792 4253 3806 4266 ·
3835 4256 3855 4288 ι
3893 4238 4050 4307 Πόσῳ

803 4325 821 4359 ι
847 4307 1063 4375 Quanto
1104 4311 1275 4379 magis
1312 4311 1587 4380 plenitudo
1614 4314 1878 4379 ipsormn,
1918 4334 1936 4367 ι
1976 4317 2027 4370 id
2051 4328 2132 4373 est
2158 4320 2372 4387 quando
2484 4345 2495 4397 ι

2362 4336 2372 4371 t
2484 4326 2683 4397 μᾶλλον
2716 4325 2777 4379 τὸ
2804 4326 3081 4395 πλήρωμα
3103 4326 3304 4389 αὐτῶν,
3330 4344 3348 4375 ›
3372 4325 3670 4391 τουτέστιν,
3697 4326 3827 4378 ὅταν
3851 4328 4054 4390 πάντες

796 4413 983 4454 omnes
1029 4401 1094 4453 ad
1137 4399 1410 4455 Chrismm
1460 4404 1661 4458 reversi
1717 4406 1921 4459 servati
1967 4406 2205 4461 fuerint?
2249 4408 2375 4463 llaec
2480 4439 2488 4470 4

2360 4423 2375 4463 3
2480 4419 2724 4472 σωθῶσιν
2754 4416 3213 4487 ἐπιστρέψαντες
3249 4417 3435 4471 Ταῦτα
3462 4418 3519 4470 δέ
3549 4417 3719 4484 λέγει,
3752 4418 4052 4488 χαριζόμε.

799 4502 974 4547 autem
1006 4493 1139 4546 dicit
1169 4494 1334 4549 veluti
1364 4496 1676 4565 gratiﬁcans
1708 4497 1860 4566 ipsis,
1897 4508 1953 4554 et
1973 4501 2215 4555 solamen
2244 4499 2375 4555 ειπε-
2397 4516 2451 4576 Ῑ)
2477 4532 2491 4566 η

2363 4531 2375 4544 ·
2397 4516 2451 4576 D
2477 4530 2567 4576 νος
2594 4511 2799 4574 αὐτοῖς,
2823 4511 2919 4564 καὶ
2940 4510 3458 4581 παραμυθούμενος.
3480 4511 3555 4563 Ού
3580 4511 3685 4581 γάρ
3706 4512 3839 4563 διότι
3865 4510 4055 4563 ἔπται-

798 4600 945 4639 rens.
994 4583 1109 4637 Non
1161 4586 1302 4639 enim
1354 4586 1479 4655 quia
1539 4587 1881 4659 impegeruut
1931 4588 2208 4658 Israelitze,
2258 4610 2382 4664 pro-
2480 4622 2490 4654 ε

2357 4624 2382 4634 -
2480 4618 2576 4654 σαν
2601 4601 2649 4652 οί
2690 4599 3045 4669 Ἰσραηλῖται,
3076 4600 3163 4655 διὰ
3184 4598 3342 4653 τοῦτο
3365 4600 3650 4669 ἐσώθησαν
3667 4600 3733 4654 ἂν
3751 4604 3800 4654 oi
3822 4601 4049 4667 ἐθνικοὶ,

800 4690 983 4750 pterea
1018 4680 1180 4735 salva:
1211 4681 1365 4738 facta:
1385 4692 1565 4738 essent
1600 4696 1807 4754 gentes,
1837 4684 1939 4739 nisi
1980 4685 2138 4739 fidem
2166 4687 2382 4743 habuis-
2477 4711 2492 4746 ε

1348 4692 1565 4738 εεεεθηι
1600 4696 1807 4754 gentes,
1837 4684 1939 4739 nisi
1980 4685 2138 4739 fidem
2166 4687 2382 4743 habuis-
2477 4694 2527 4746 εί
2559 4692 2634 4763 μή
2659 4691 2846 4745 πίστιν
2872 4688 3040 4761 εἶχον.

800 4783 941 4828 sent.

872 4865 1036 4922 Vens.
1069 4867 1156 4931 15,
1184 4867 1271 4921 14.
1305 4880 1323 4919 ι
1362 4865 1522 4923 Vobis
1549 4868 1691 4922 enim
1742 4870 1993 4939 gentibus
2018 4870 2158 4937 dico,
2191 4882 2383 4940 quate-

801 4972 903 5013 nus
944 4974 1044 5029 ego
1093 4959 1308 5029 quidem
1348 4976 1465 5015 squ
1523 4963 1757 5031 gentium
1796 4964 2095 5033 apostolus,
2131 4966 2380 5021 ministe-

799 5054 939 5105 rium
985 5066 1159 5108 meum
1186 5052 1466 5122 glorifieo:
1499 5059 1541 5109 si
1572 5070 1679 5124 quo
1712 5057 1870 5111 modo
1908 5057 1974 5111 ad
2018 5059 2375 5113 aemulandum

802 5158 1083 5211 provocem
1124 5160 1341 5199 carnem
1391 5161 1588 5211 meam,
1636 5154 1691 5202 et
1719 5148 1899 5204 salvos
1946 5147 2139 5204 faciam
2171 5149 2379 5218 aliquos

803 5249 866 5289 ex
892 5233 1014 5290 illis.
1043 5253 1061 5286 ›
1091 5234 1326 5290 Rursum
1350 5235 1565 5291 .lndaaos
1586 5238 1893 5303 consolans,
1921 5241 2159 5309 gentium
2186 5239 2381 5294 cristas

802 5326 1010 5395 dejicit,
1054 5326 1302 5395 inquiens
1334 5344 1349 5382 :
1380 5327 1567 5383 Laudo
1607 5344 1726 5395 vos,
1772 5342 1983 5400 gentes,
2018 5342 2236 5402 propter
2275 5335 2381 5385 duo

802 5417 920 5473 hazc
952 5436 965 5471 :
1002 5418 1250 5485 alterum,
1283 5422 1409 5491 quia
1445 5423 1808 5477 necessarium
1828 5424 1958 5478 mihi
1986 5434 2089 5488 est,
2123 5432 2374 5493 tanquam

801 5512 1157 5577 institutionis
1180 5522 1234 5567 et
1271 5514 1543 5585 religionis
1583 5523 1777 5570 vestra:
1814 5516 2137 5583 institutori,
2170 5516 2373 5585 glorifi-

2552 4890 2571 4923 ι
2624 4872 2786 4942 Ὑμῖν
2816 4870 2925 4941 γὰρ
2949 4869 3092 4937 λέγω
3120 4870 3231 4932 τοῖς
3264 4868 3495 4931 ἔθνεσιν,
3532 4868 3617 4936 ἐφ’
3651 4868 3774 4921 ὅσον
3812 4869 3912 4937 μέν
3938 4871 4054 4941 είμι

2481 4964 2591 5035 ἐγὼ
2617 4963 2793 5019 ἐθνῶν
2842 4962 3141 5026 ἀπόστολος
3164 5002 3179 5028 ,
3220 4962 3317 5032 τὴν
3346 4962 3623 5015 διακονίαν
3673 4980 3774 5032 μου
3803 4963 4010 5030 δοξάζω
4037 4981 4052 4994 ·

2478 5059 2648 5120 εῐπως
2677 5055 3061 5128 παραζηλώσω
3100 5073 3203 5126 μου
3237 5054 3334 5125 τὴν
3369 5056 3568 5125 σάρκα,
3600 5058 3693 5110 καὶ
3723 5057 3882 5109 σώσω
3904 5058 4052 5121 τινὰς

2477 5150 2534 5215 ἐξ
2568 5148 2766 5201 αὐτῶν.
2798 5166 2816 5199 ι
2854 5148 3025 5201 Πάλιν
3065 5144 3554 5217 παραμυθούμενος
3581 5146 3704 5207 τοὺς
3748 5146 4055 5211 Ἰουδαίους,

2480 5239 2836 5294 καταστέλλει
2865 5238 2992 5302 τοὺς
3020 5237 3291 5301 ἐθνικοὺς,
3340 5237 3431 5289 καί
3461 5252 3645 5308 φησιν,
3679 5238 3759 5289 ὅτι
3815 5238 4056 5291 Ἐπαινῶ

2481 5335 2646 5404 ὑμᾶς,
2676 5327 2721 5387 ὦ
2748 5331 2970 5396 ἐθνικοὶ,
3006 5331 3093 5383 διὰ
3116 5330 3207 5385 δύο
3234 5330 3406 5383 ταῦτα
3427 5347 3441 5360 ο
3469 5331 3526 5385 ἓν
3552 5331 3672 5399 μὲν,
3701 5332 3782 5383 ὅτι
3804 5331 4053 5400 ἀνάγκην

2483 5426 2610 5495 ἔχω,
2671 5427 2767 5478 ac:
2807 5425 2905 5494 τὴν
2952 5424 3299 5477 διδασκαλίαν
3354 5422 3509 5492 ὑμῶν
3556 5422 4056 5491 ἐγκεχειρισμένος,

2483 5518 2725 5582 δοξάζειν
2773 5518 2871 5587 τὴν
2923 5516 3203 5569 διακονίαν
3255 5533 3381 5586 μου,
3430 5514 3729 5579 τουτέστιν,
3783 5516 3960 5584 ὑμᾶς’
3989 5514 4059 5565 δι’

2165 5612 2369 5675 Variae
2396 5613 2727 5676 lectiones.

884 5712 931 5788 ff
960 5715 1357 5788 μεταϐληθήτω
1417 5735 1490 5773 m.

1612 5720 1655 5751 ¹¹¹
1686 5718 2157 5793 παιδευθήτωσαν.

801 5781 846 5811 ⁸⁸
879 5781 1105 5840 ἐθνικῶν
1139 5802 1190 5841 0.

2266 5722 2311 5754 ⁸¹
2340 5720 2631 5793 ἀχείρωτοι
2690 5739 2742 5778 ο.

2855 5721 2899 5753 ⁸³
2963 5718 3301 5793 προσέκοψαν
3349 5734 3399 5774 ο.
3535 5718 3579 5750 ⁸³
3633 5718 3943 5790 ἠπίστησαν
4004 5736 4059 5775 o-
