4286 6444
337 357 357 387 .'

337 390 400 417 υἱέ

332 390 400 420 κη]

1214 352 1408 409 ΕΧ.Ὀ
1440 352 1613 411 .i'fiLl
1654 352 1728 410 i.\'
1772 353 2007 413 Ei‘lé'i’.
2046 355 2142 412 Ai)
2183 356 2359 414 R031.
2394 358 2631 417 —(I.\l’.
2678 357 2810 417 XII.

3480 351 3585 413 503

332 466 472 521 ἀλλὰ
494 465 583 514 τὸν
615 465 719 516 ἀπὸ
750 466 842 517 τ’λῦ
870 465 1026 529 Θεοῦ,
1060 465 1117 515 ἦν
1214 468 1369 534 χάρις
1408 467 1570 518 αὖτοῦ
1621 468 1907 521 ἐνέπνευσέ
1939 475 1985 528 Α
2015 493 2024 520 :

1892 471 1985 528 ΞΑ
2015 471 2105 522 sed
2164 488 2283 523 eum
2330 488 2489 540 quem
2550 487 2577 524 a
2635 472 2741 524 Deo
2795 470 3001 537 accepi,
3037 482 3192 537 quem
3219 466 3386 536 gratia
3421 466 3584 532 ipsius

340 575 452 630 μοι.
480 558 648 609 Παντὶ
675 556 731 608 δὲ
754 556 903 623 λέγει
928 557 969 619 ¹,
1007 557 1101 609 καὶ
1126 558 1341 627 ἰδι‹ἴ›τῃ,.
1365 557 1459 610 καὶ
1484 558 1725 627 ἄρχοντι,
1766 576 1783 608 ι
1814 560 1903 628 Μὴ

340 653 703 721 ὑπερφρονεῖν
740 651 868 718 παρ’
898 649 924 701 ὃ
953 650 1034 702 δεῖ
1064 653 1341 719 φρονεῖν’)
1366 652 1494 719 περὶ
1525 651 1623 719 τῆς
1654 668 1903 703 ταπεινο-

339 743 614 815 φροσύνης
669 743 1051 808 διαλεγόμενος
1090 740 1323 810 πρῶτον,
1362 740 1550 806 ὥςπερ
1603 742 1693 793 xxi.
1726 743 1751 792 6
1798 740 1908 791 Κύ-

341 848 479 900 ριος,
510 833 602 885 ἀπ’
628 832 798 899 αὐτῆς
846 831 1080 899 ἤρξατο·
1143 851 1159 879 ι
1198 830 1469 899 Μακάριοι
1501 832 1549 881 οἱ
1603 832 1805 899 πτωχοὶ
1831 830 1906 900 τῷ

340 924 632 993 πνειῴατι.
663 944 680 973 ι
715 926 777 977 Ὃ
802 924 855 975 δὲ
879 924 1047 987 λέγει,
1084 922 1322 974 τοιοῦτόν
1354 925 1499 974 ἐστι·
1529 926 1616 975 Δεῖ
1650 926 1745 991 μὲν
1774 941 1905 993 φρο·

337 1020 473 1079 νεῖν,
498 1017 795 1079 τουτέστιν,
829 1016 1029 1083 ὑψηλὸν
1057 1016 1315 1084 λογισμὸν
1337 1014 1499 1085 ἔχειν,
1528 1015 1657 1069 ἀλλὰ
1694 1016 1828 1085 πρὸς
1850 1016 1909 1067 16

340 1111 561 1179 φρονεῖν
588 1110 656 1161 τὰ
711 1108 961 1177 οὐράνια,
1014 1109 1105 1159 καὶ
1138 1106 1493 1177 ὑπερκεῖσθαι
1528 1108 1633 1159 τῶν
1673 1108 1905 1178 γ;τ”,ρῖῖ›ν,

339 1201 460 1269 οὐχὶ
495 1198 629 1268 πρὸς
666 1199 725 1250 16
776 1198 882 1248 τῶν
912 1196 1191 1266 ὁμογενῶν
1237 1198 1704 1271 κατεπαέρεσοαι·
1756 1199 1911 1251 106:0

342 1292 448 1362 γάρ
482 1291 599 1342 ἐστι
630 1290 688 1343 16
721 1290 1101 1362 ὑπερφρονεῖν.

422 1487 437 1518 ι
492 1468 653 1520 Ἀλλὰ
682 1470 899 1539 φρονεῖν
934 1471 1013 1531 εἰς
1042 1471 1102 1521 16
1161 1472 1479 1540 σωφρονεῖν.
1523 1491 1539 1523 ι
1617 1472 1912 1542 Ἐλάεομεν

341 1564 452 1627 γὰρ
476 1560 765 1628 φρόνησιν,
819 1563 915 1629 οὐχ
976 1562 1063 1614 ἵνα
1101 1564 1181 1625 εἰς
1216 1563 1475 1616 ἀπόνοιαν
1527 1566 1663 1633 αὐτῇ
1697 1564 1913 1634 χρηςώ-

344 1649 505 1716 μεθα.
532 1648 648 1703 ἀλλ’
670 1651 756 1701 ἵνα
782 1654 859 1713 εἰς
890 1653 1265 1722 σωφροσύνην,
1294 1656 1593 1716 τουτέστιν,
1621 1658 1698 1719 εἰς
1726 1673 1912 1707 ταπει-

342 1741 701 1809 νοφροσύνην.
737 1740 893 1792 Οὕτω
926 1741 979 1793 δὲ
1007 1740 1179 1806 εἶπεν,
1220 1743 1304 1795 ἵνα
1334 1744 1503 1814 δείξῃ,
1538 1745 1617 1797 ὅτι
1645 1747 1669 1798 6
1701 1746 1773 1815 μὴ
1818 1763 1913 1797 τα-

2016 561 2295 628 inspiravit
2340 564 2487 616 mihi.
2529 583 2545 613 ‹
2585 562 2815 617 Cuilibet
2854 580 2871 611 ι
2900 570 3075 614 autem
3121 560 3209 613 hic
3238 556 3397 612 verba
3438 555 3584 619 facit,

2015 665 2067 706 et
2091 655 2297 720 privato
2322 665 2374 707 et
2406 656 2769 723 magistratum
2794 652 3023 722 gerenti,
3056 670 3073 703 ι
3106 651 3217 705 Νοιι
3237 665 3426 719 sapere
3450 650 3587 701 ultra

2014 759 2171 811 quam
2197 753 2440 810 oporteat
2480 765 2489 796 :
2530 762 2546 791 ο
2585 743 2647 794 de
2702 742 3001 795 humilitate
3035 741 3263 808 primum
3290 740 3583 793 disserens.

2018 834 2158 885 sicut
2222 844 2276 885 et
2322 832 2578 885 Dominus
2608 834 2673 887 ah
2700 834 2811 901 ipsa
2845 833 3006 886 etiam
3034 845 3191 884 orsus
3218 840 3331 883 est:
3380 848 3397 880 ι
3440 828 3583 879 Beati

2018 940 2278 995 [mulieres
2329 927 2516 995 spiritu
2551 937 2575 975 P
2608 965 2621 979 .
2664 945 2680 976 ι
2723 926 2869 991 Quod
2908 934 3087 979 autem
3140 923 3235 986 ait,
3284 932 3356 977 eat
3403 922 3585 989 hujus-

2020 1018 2158 1069 utodi
2199 1036 2209 1071 :
2248 1016 2468 1086 Oportet
2513 1018 2727 1086 quidem
2790 1032 2996 1084 sapere,
3054 1018 3152 1069 hoc
3179 1024 3280 1077 est,
3313 1013 3471 1067 altam
3497 1032 3589 1065 co-

2018 1110 2327 1177 gitatiouem
2380 1110 2597 1173 habere,
2654 1109 2745 1163 sed
2809 1109 2902 1170 ita,
2938 1116 2992 1160 ut
3059 1106 3305 1160 caelestes
3341 1118 3426 1158 res
3461 1103 3587 1156 alle-

2018 1212 2244 1264 ctemus,
2300 1211 2455 1268 atque
2500 1217 2658 1270 super
2712 1200 2987 1253 terrestria
3062 1199 3351 1257 elevemur,
3400 1210 3502 1249 nou
3532 1206 3589 1246 ut

2021 1302 2206 1346 contra
2246 1293 2435 1346 fratres
2465 1304 2518 1346 et
2544 1294 2815 1359 proximos
2846 1291 3134 1346 etferamur
3166 1307 3178 1353 ;
3211 1292 3307 1343 hoc
3339 1289 3479 1342 enim
3508 1298 3590 1339 est

2021 1397 2208 1451 sapere
2233 1384 2367 1435 ultra
2404 1398 2561 1450 quam
2585 1392 2813 1449 oportet.

2097 1493 2115 1525 ι
2173 1474 2277 1529 Sed
2305 1490 2492 1543 sapere
2537 1474 2600 1527 ad
2626 1474 2991 1528 sobrietatem.
3030 1491 3047 1523 ι
3089 1468 3407 1537 Aceepimus
3443 1478 3585 1519 en.m

2021 1568 2338 1636 sapientiam
2361 1583 2466 1620 non
2502 1577 2559 1620 ut
2593 1568 2656 1619 ad
2686 1565 3050 1634 arrogantiam
3074 1564 3359 1618 abutamur
3385 1572 3467 1621 ea,
3496 1556 3590 1609 sed

2024 1660 2086 1712 ad
2123 1659 2464 1712 sobrietatem
2511 1667 2561 1710 et
2595 1658 3040 1717 moderationem,
3068 1654 3165 1707 hoc
3188 1662 3289 1713 est,
3316 1649 3382 1703 ad
3419 1646 3591 1702 Immi-

2026 1751 2247 1803 litatem.
2288 1747 2409 1803 Haec
2443 1750 2511 1801 ita
2539 1749 2743 1802 locutus
2778 1757 2879 1810 est,
2915 1755 2971 1799 ut
3004 1743 3313 1798 ostenderet
3355 1736 3590 1801 eumqui

343 1832 715 1899 πεινοφρονῶν
742 1875 756 1896 ,
811 1834 1114 1902 παραπαίει
1174 1837 1268 1888 καὶ
1317 1837 1576 1906 ἐξέστηκε
1628 1838 1735 1892 τῶν
1768 1839 1911 1891 ἰδίων
1945 1834 1986 1891 Β
2018 1856 2035 1894 ι⁴

1898 1834 1986 1891 ιΒ
2018 1855 2120 1894 non
2174 1838 2466 1902 humiliter,
2523 1838 2612 1891 sed
2638 1845 2949 1906 arroganter
3001 1849 3059 1887 se
3118 1829 3365 1900 gesserit,
3411 1825 3590 1881 etim-

341 1920 649 1991 λογισμῶν·
681 1925 709 1975 6
747 1924 801 1976 δὲ
836 1927 1298 1997 ταπεινοφρονῶν,
1341 1929 1483 1992 odia;
1514 1929 1623 2001 ἔχει
1652 1930 1751 1994 τὰς
1783 1931 1911 2001 φρέ-

341 2031 439 2077 νας
461 2032 474 2046 ·
506 2017 597 2068 xai.
630 2016 718 2070 διὰ
748 2017 905 2071 τοῦτο
927 2018 1144 2087 λέγεται
1181 2026 1499 2078 σωφρονεῖν.

421 2211 440 2243 ι
490 2192 829 2265 Ἐκάστῳὼς
860 2198 888 2249 6
930 2198 1064 2262 Θεὸς
1112 2201 1335 2271 ἐμέρισε
1382 2203 1577 2271 μέτρον
1610 2204 1863 2267 πίστεως.
1889 2224 1905 2255 ι

342 2284 549 2350 Εἰπὼν,
571 2287 651 2339 ὅτι
678 2287 760 2339 δεῖ
787 2290 933 2358 ἡμᾶς
975 2292 1049 2360 μὴ
1101 2293 1484 2364 ὑπερφρονεῖν,
1532 2295 1664 2349 ἀλλὰ
1699 2314 1913 2368 σωφρο-

341 2378 479 2439 νεῖν,
511 2377 604 2429 νῦν
638 2378 805 2446 λέγει,
834 2381 951 2444 πῶς
998 2382 1078 2435 δεῖ
1131 2386 1462 2453 σωφρονεῖν·
1496 2387 1589 2438 καί
1616 2405 1798 2455 φησιν,
1832 2389 1914 2439 ὅτι

342 2470 489 2522 οὕτω
537 2470 618 2522 δεῖ
658 2477 975 2543 σωφρονεῖν,
1028 2476 1103 2539 ὡς
1141 2477 1543 2547 λογιζομένους,
1588 2482 1668 2533 ὅτι
1699 2483 1914 2552 ἑκάστῳ

343 2561 601 2629 ἐμέρισεν
630 2566 657 2615 ὁ
703 2563 838 2628 Θεὸς
888 2568 1086 2637 μέτρον
1138 2569 1393 2633 πίστεως.
1446 2573 1665 2643 Ἐπειδὴ
1708 2576 1815 2643 γὰρ
1848 2576 1915 2626 τὰ

343 2654 665 2723 χαρίσματα
692 2656 892 2725 μᾶλλον
917 2660 996 2721 εἰς
1021 2662 1277 2716 ἀπόνοιαν
1310 2664 1485 2733 ἐπῆρε
1518 2666 1640 2727 τοὺς
1664 2667 1911 2730 πολλοὺς,

339 2745 411 2797 δι’
440 2747 571 2800 αὐτὸ
614 2751 806 2817 106-10,
857 2758 1010 2824 φησι,
1059 2756 1141 2807 δεῖ
1183 2760 1501 2827 σωφρονεῖν,
1552 2760 1682 2813 διότι
1712 2761 1738 2811 6
1784 2761 1915 2825 Θεὸς

344 2838 605 2908 ἐμέρισεν
653 2842 869 2913 ἑκάστῳ
899 2846 959 2897 τὸ
992 2848 1188 2917 μέτρον
1241 2852 1339 2919 τῆς
1372 2851 1627 2913 πίστεως-
1671 2854 1763 2922 Μὴ
1806 2856 1912 2924 γὰρ

348 2928 441 2979 σὸν
478 2930 810 3001 κατόρθωμα
853 2935 1009 2988 τοῦτο
1036 2980 1049 3001 ,
1086 2938 1221 2993 ἀλλὰ
1273 2942 1518 3010 χάρισμα
1566 2947 1680 2997 ἐστι
1732 2944 1873 2997 Οεῖον
1898 2963 1910 2975 ·

346 3020 455 3072 κᾶν
493 3023 654 3090 μέγα,
688 3026 788 3078 κᾶν
816 3044 1033 3097 μικρον,
1066 3031 1093 3081 6
1124 3030 1255 3094 Θεὸς
1280 3034 1439 3085 τοῦτο
1478 3034 1695 3090 δέδωκε.
1730 3037 1914 3091 Πίστιν

345 3112 404 3163 δὲ
434 3116 665 3168 ἐνταῦθα
691 3118 751 3170 16
781 3121 1025 3189 χάρισμα
1058 3122 1226 3189 λέγει,
1254 3128 1311 3177 ἐν
1339 3118 1383 3193 ᾧ
1416 3126 1911 3197 ὲθαυματούργουν.

2016 1933 2223 2003 pegisse
2264 1940 2317 1986 et
2362 1931 2623 1986 excidisse
2650 1947 2677 1984 a
2734 1928 2965 1998 prepriis
3010 1922 3449 1995 cogitationibus.
3479 1917 3593 1972 llu-

2020 2025 2160 2078 milis
2204 2033 2405 2087 autem,
2466 2024 2760 2076 incolumes
2815 2022 3100 2089 salvosque
3151 2028 3341 2071 sensus
3383 2010 3586 2066 habet:

2019 2124 2301 2185 prepterea
2326 2114 2523 2169 dicitur
2544 2128 2664 2169 esse
2696 2113 2929 2167 sobrius.

2100 2224 2119 2257 ι
2176 2204 2477 2273 Unicuique
2528 2206 2666 2259 sicut
2696 2205 2835 2259 Deus
2889 2204 3117 2274 partitus
3177 2208 3261 2255 est
3286 2213 3591 2253 mensuram

2025 2299 2172 2353 ﬁdei.
2213 2318 2230 2350 ι
2279 2299 2412 2354 Cum
2455 2299 2679 2353 dixisset
2720 2315 2816 2353 nos
2855 2314 2960 2354 non
3004 2306 3253 2367 oportere
3293 2294 3589 2363 superbire.

2024 2392 2116 2446 sed
2141 2394 2409 2446 modestos
2474 2407 2594 2445 esse
2638 2402 2693 2444 et
2740 2391 2988 2452 humiles,
3038 2404 3179 2443 nunc
3208 2388 3442 2443 ostendit
3489 2401 3592 2453 qua

2023 2485 2230 2537 ratione
2279 2483 2487 2537 sobrios
2525 2497 2643 2536 esse
2674 2490 2938 2551 Oporteat,
2970 2480 3238 2549 inquiens,
3283 2478 3355 2531 ita
3386 2477 3592 2531 sobrios

2022 2586 2143 2627 esse
2170 2580 2437 2640 oportere,
2464 2580 2775 2639 reputantes
2810 2585 3023 2638 nempe,
3057 2569 3198 2637 quod
3230 2568 3422 2638 cuique
3457 2568 3592 2617 t)eus

2025 2664 2253 2731 partitus
2304 2674 2385 2719 est
2448 2679 2753 2718 mensuram
2807 2662 2949 2717 ﬁdei.
2979 2662 3419 2730 Quandoquidem
3450 2660 3591 2713 enim

2024 2756 2159 2807 dona
2198 2754 2282 2807 illa
2314 2754 2618 2821 complures
2643 2753 2692 2805 in
2718 2752 3079 2821 arrogantiam
3107 2748 3421 2809 eﬂerehaut,
3457 2747 3591 2800 Pro-

2025 2857 2141 2915 pter
2194 2848 2296 2900 hoe
2353 2849 2543 2916 ipsum,
2610 2846 2803 2914 inquit,
2859 2846 3100 2899 modeste
3137 2842 3337 2897 sentire
3361 2848 3591 2909 oportet,

2024 2939 2164 3007 quod
2222 2941 2360 2993 Deus
2405 2938 2693 3007 unicuique
2736 2937 2859 2989 ﬁdei
2894 2950 3197 2990 mensuram
3235 2934 3464 3003 partitus
3496 2933 3587 2985 sit.

2023 3034 2137 3087 Non
2186 3034 2326 3087 enim
2381 3043 2466 3085 tua
2505 3032 2671 3084 virtus
2699 3030 2907 3095 istha-c,
2947 3044 3119 3098 neque
3158 3037 3301 3081 tuum
3325 3043 3458 3095 opus
3493 3035 3590 3083 (ιιι,

2022 3124 2113 3179 sed
2167 3124 2403 3177 divinum
2465 3123 2661 3177 donum
2699 3141 2711 3176 :
2743 3123 2855 3176 sive
2906 3136 3153 3191 maguum
3202 3120 3313 3173 sive
3342 3120 3593 3187 exiguum

360 3203 427 3254 Ἥ
461 3204 569 3273 γάρ
604 3206 783 3270 πίστις
819 3188 969 3280 δίττή
993 3226 1006 3240 '
1043 3214 1074 3281 ἡ
1111 3188 1210 3281 μὲν
1234 3188 1415 3282 ήμῶν,
1444 3214 1520 3277 ὼς
1550 3188 1628 3281 16,
1665 3236 1683 3266 ι
1732 3188 1796 3269 ³ιί
1825 3216 1915 3268 πί·
1946 3188 1987 3245 c
2022 3214 2052 3268 ﬁ

1900 3248 1915 3257 -
1946 3188 1987 3245 (ἶ
2022 3214 2206 3278 fuerit,
2263 3214 2397 3266 Deus
2446 3223 2592 3266 certe
2631 3212 2733 3266 hoc
2782 3211 3057 3279 impertiit.
3094 3209 3274 3264 Fidem
3300 3218 3479 3264 autem
3512 3210 3592 3261 ιιὶι-

349 3311 467 3356 στις
492 3312 583 3347 σου
609 3300 815 3351 σέσωκέ
844 3318 902 3352 σε
932 3319 944 3332 ·
981 3320 999 3352 ι
1034 3305 1064 3371 ἡ
1089 3303 1143 3355 δὲ
1192 3304 1329 3357 Θεοῦ
1395 3306 1588 3375 δῶρον,
1631 3307 1698 3359 δι’
1725 3303 1792 3377 ἧς
1824 3311 1917 3362 καὶ

348 3386 606 3453 θαύματα
655 3391 916 3457 γίνονται,
972 3394 1047 3456 ὡς
1075 3396 1157 3462 16,
1189 3416 1207 3447 ‹
1256 3395 1379 3450 Ἐὰν
1419 3399 1579 3468 ἔχητε
1611 3400 1794 3451 πίστιν
1845 3402 1921 3461 ὼς

350 3483 554 3534 κόιὲκον
587 3484 879 3548 σινάπεως,
915 3489 1088 3557 ἐρεῖτε
1125 3488 1204 3559 τῷ
1256 3490 1371 3561 ὄρει
1406 3493 1600 3563 τούτῳ,
1637 3493 1919 3563 Μετάόηθι

349 3573 605 3629 ἐντεῦθεν
630 3576 767 3642 ἐκεῖ,
800 3579 894 3631 καὶ
921 3580 1307 3651 μεταϐήσεται.
1343 3601 1361 3633 ι

431 3872 450 3903 ι
485 3851 752 3921 Καθάπερ
770 3851 876 3923 γὰρ
908 3854 964 3905 ὲν
994 3852 1076 3906 έν).
1106 3854 1321 3924 σώματι
1342 3852 1509 3907 πολλὰ
1539 3855 1675 3927 μέλη
1703 3856 1917 3927 ἔχομεν,

353 3948 533 3999 πάντα
564 3947 618 3998 δὲ
643 3946 712 3999 τὰ
742 3948 879 4016 μέλη
909 3948 972 3999 οὐ
1021 3946 1120 4019 τὴν
1153 3947 1321 4017 αὐτὴν
1352 3948 1463 4018 ἔχει
1520 3947 1717 4016 πρᾶξιν
1742 3967 1754 3979 ·
1782 3949 1923 4002 οὕτω

353 4042 449 4091 καὶ
479 4040 526 4089 οῖ
557 4038 757 4102 πολλοὶ,
788 4039 845 4091 ἓν
878 4039 1037 4108 σῶμά
1059 4041 1223 4108 ἐσμεν
1249 4041 1306 4091 ἐν
1327 4041 1547 4111 Χριστῷ
1568 4057 1581 4071 ·
1614 4043 1641 4094 6
1665 4042 1718 4093 δὲ
1741 4042 1923 4105 καθεῖς

355 4130 521 4202 [vulg.
553 4131 674 4183 καθ’
708 4126 836 4202 sic],
863 4132 1110 4201 ἀλλήλων
1143 4134 1301 4202 μέλη.
1343 4151 1361 4183 ›
1421 4133 1512 4203 Τῷ
1544 4131 1638 4185 τοῦ
1672 4132 1924 4202 σώματος

354 4222 453 4273 καὶ
489 4223 597 4274 τῶν
636 4223 811 4290 μελῶν
844 4224 1229 4292 ὑποδείγματι,
1266 4223 1324 4275 16
1358 4222 1499 4292 μέγα
1525 4224 1622 4291 τῆς
1651 4224 1927 4293 ὑπερφρο-

360 4313 527 4384 σύνης
552 4312 775 4382 ἔπαρμα
799 4314 1072 4384 καθαιρεῖ.
1104 4314 1313 4383 Ὠσπερ
1342 4315 1447 4382 γάρ
1469 4313 1527 4364 16
1549 4314 1705 4382 σῶμα
1734 4312 1791 4365 ἓν
1828 4314 1926 4382 μέν

358 4408 501 4470 ἐστι,
534 4406 765 4478 διάφορα
785 4407 839 4459 δὲ
864 4408 1002 4476 μέλη
1036 4407 1168 4476 ἔχει,
1195 4408 1483 4476 διαφόρους
1514 4406 1740 4477 πράξεις
1776 4409 1925 4475 ἐνερ-

2024 3308 2220 3361 donum
2272 3305 2520 3373 appellat,
2580 3320 2685 3373 quo
2741 3301 2999 3357 miracula
3031 3301 3402 3371 perﬁciebaut.
3437 3300 3596 3355 Fides

2023 3400 2165 3453 enim
2225 3397 2414 3465 duplex
2445 3407 2523 3450 est
2552 3413 2564 3448 :
2591 3395 2757 3448 altera
2815 3402 3020 3457 nostra,
3080 3403 3159 3459 ut,
3192 3411 3209 3443 ι
3251 3390 3408 3447 Fides
3432 3400 3518 3444 tua
3549 3402 3597 3444 tu

2023 3490 2257 3545 servavit
2289 3499 2317 3537 ει
2350 3506 2360 3539 :
2410 3508 2426 3538 ι
2456 3488 2623 3540 altera
2650 3501 2779 3541 vero
2813 3488 3008 3539 donum
3044 3484 3159 3553 Dei,
3193 3500 3286 3553 per
3315 3500 3472 3552 quam
3500 3484 3597 3537 mi-

2024 3579 2203 3633 racula
2264 3578 2416 3643 ﬁunt,
2446 3587 2503 3631 ut
2548 3593 2669 3631 cum
2729 3576 2805 3630 ait
2855 3574 3149 3631 Christus:
3202 3575 3257 3627 Si
3301 3574 3597 3627 habueritis

2024 3671 2180 3724 ﬁdem
2237 3671 2377 3725 sicut
2424 3684 2649 3737 granum
2703 3670 2925 3736 sinapis.
2982 3667 3172 3721 dicetis
3204 3666 3371 3721 monti
3414 3664 3538 3720 huic
3582 3682 3594 3718 ι

2024 3760 2282 3814 Transfer
2317 3771 2367 3814 te
2408 3761 2531 3812 hinc
2564 3760 2672 3821 illo,
2704 3768 2756 3813 et
2787 3756 3142 3817 transferetur
3168 3767 3245 3812 τη

2099 3854 2259 3907 Vsus.
2323 3857 2376 3915 4,
2486 3870 2504 3902 ‹
2545 3852 2696 3905 Sicut
2743 3851 2883 3904 enim
2919 3850 2971 3902 in
3008 3865 3115 3903 uno
3151 3863 3380 3919 corpore
3433 3848 3595 3902 multa

2026 3947 2263 4001 membra
2296 3946 2575 4008 habemus,
2602 3943 2782 3997 omnia
2822 3953 3003 3995 autent
3042 3946 3278 3995 memhra
3319 3958 3424 3995 non
3446 3958 3596 3995 eum-

2030 4036 2149 4087 dem
2198 4033 2398 4087 habent
2428 4043 2602 4085 actum
2636 4048 2648 4083 :
2687 4032 2757 4083 ita
2808 4041 2861 4083 et
2896 4032 3044 4084 multi
3089 4048 3251 4085 unum
3274 4046 3470 4100 corpus
3494 4046 3592 4083 su—

2028 4139 2146 4177 mus
2178 4126 2229 4176 in
2270 4122 2508 4185 Christo,
2544 4123 2737 4192 singuli
2773 4131 2974 4185 autent,
3018 4124 3153 4176 alter
3182 4125 3401 4177 alterius
3428 4140 3594 4176 mea:-

2027 4217 2144 4271 hra.
2184 4234 2202 4265 ι
2230 4215 2486 4283 Corporis
2532 4227 2585 4268 et
2623 4216 2983 4267 membrorum
3036 4218 3281 4284 exemplo
3327 4218 3593 4285 ingentem

2027 4309 2290 4377 Superbia:
2333 4309 2620 4363 elationem
2677 4310 2831 4363 tollit.
2892 4310 2960 4365 Ut
3016 4311 3158 4362 enim
3203 4327 3399 4380 corpus
3430 4328 3595 4365 unum

2027 4401 2241 4470 quidem
2276 4408 2373 4463 est,
2414 4400 2620 4452 diversa
2652 4415 2781 4454 vero
2814 4400 3048 4454 membra
3091 4403 3249 4455 habet
3291 4402 3594 4457 differentes

357 4498 562 4568 γοῦντα
582 4515 595 4528 ·
629 4496 772 4551 οὕτω
795 4498 891 4551 καὶ¹
916 4499 965 4549 oi.
1000 4499 1200 4562 πιστοὶ,
1234 4496 1290 4549 ἓν
1320 4496 1481 4567 σῶμά
1502 4500 1667 4565 ἐσμεν
1712 4499 1771 4550 ὲν
1792 4498 1923 4567 Χρι-
1949 4520 2002 4578 -ο
2032 4507 2049 4543 ε

1902 4524 1923 4534 -
1949 4520 2002 4578 D
2032 4492 2271 4545 actiones
2325 4491 2632 4545 exercentia
2664 4509 2677 4545 :
2710 4492 2789 4545 sic
2843 4502 2896 4545 et
2952 4507 3048 4547 nos
3090 4492 3270 4546 ﬁdeles
3313 4510 3476 4546 unmu
3505 4510 3591 4547 su-

361 4593 494 4663 σιῷ,
526 4593 602 4655 ὡς
629 4595 685 4645 έν
707 4594 916 4662 κεφαλῇ
955 4595 1365 4661 συνιστάμενον,
1398 4593 1492 4644 καὶ
1519 4594 1546 4644 6
1581 4592 1788 4653 καθεῖς,
1834 4592 1926 4642 ἁλ-

356 4684 537 4754 λήλων
561 4686 694 4755 μέλη
716 4701 729 4715 ·
754 4686 851 4754 οὐχ
881 4686 909 4737 6
937 4685 1129 4754 μικρὸς
1164 4686 1321 4753 μόνον
1368 4684 1463 4736 τοῦ
1499 4685 1753 4754 μεγάλου,
1790 4684 1926 4736 ἀλλὰ

359 4780 453 4829 καί
482 4777 511 4828 6
560 4775 735 4845 μέγας
772 4776 864 4829 τοῦ
921 4776 1139 4845 μικροῦ.
1180 4776 1270 4847 Μὴ
1314 4778 1490 4829 τοίνυν
1524 4778 1768 4848 ἀλλήλων
1796 4794 1925 4829 κατ-

361 4866 659 4936 επαίρεσοε
681 4883 694 4896 ·
719 4864 950 4936 χρῄζετε
974 4868 1106 4936 γὰρ,
1147 4866 1222 4929 ὡς
1247 4867 1432 4921 καὶτὰ
1466 4867 1623 4939 μέλη,
1658 4868 1924 4938 ἀλλήλων.

440 5148 458 5179 ι
486 5128 740 5196 Ἔχοντες
756 5127 812 5179 δὲ
830 5128 896 5180 τὰ
918 5130 1233 5197 χαρίσματα
1256 5129 1398 5181 κατὰ
1419 5128 1516 5198 τὴν
1542 5130 1703 5198 χάριν
1726 5130 1824 5199 τὴν
1844 5130 1924 5182 δο-

362 5222 549 5273 θεῖσαν
568 5223 695 5290 ἡμῖν
712 5220 965 5290 διάφορα,
987 5222 1095 5272 εἴτε
1124 5221 1483 5290 προφητείαν,
1510 5222 1650 5272 κατὰ
1672 5223 1767 5288 τὴν
1792 5223 1925 5273 ἀνα-

360 5314 551 5379 λογία-ι
571 5315 664 5383 τῆς
685 5314 937 5377 πίστεως.
953 5332 969 5363 ι
993 5315 1105 5365 Οὐκ
1122 5310 1295 5379 εἶπεν,
1313 5314 1392 5365 ὅτι
1410 5312 1645 5376 Μείζονα
1668 5316 1758 5366 καὶ
1773 5314 1928 5367 ἐλάτ-

358 5422 491 5460 τονα
508 5407 742 5477 ἔχοντες,
760 5406 913 5473 ἀλλὰ,
943 5425 961 5458 ι
989 5406 1253 5477 Διάφορα·
1282 5424 1299 5456 ι
1321 5408 1407 5460 ἵνα
1435 5408 1770 5478 καταστείλῃ
1798 5408 1925 5470 τοὺς

439 5561 469 5603 p
505 5550 694 5605 Hatth.
728 5568 779 5617 ν,
818 5552 869 5606 3.
947 5564 974 5603 τι
1008 5552 1195 5609 Matth.
1224 5568 1298 5616 ix,
1333 5552 1424 5607 22.

2030 4598 2147 4636 mus
2178 4583 2227 4636 in
2255 4582 2492 4647 Christo,
2539 4597 2635 4637 ceu
2674 4584 2723 4637 in
2760 4585 2955 4652 capite.
2980 4599 3178 4652 corpus
3222 4586 3590 4647 constitutum,

2026 4682 2188 4741 atque
2244 4673 2383 4726 inter
2423 4687 2519 4726 nos
2549 4681 2735 4725 mutuo
2777 4672 2912 4727 alter
2959 4674 3181 4728 alterius
3208 4691 3394 4729 sumus
3427 4691 3596 4729 ntem-

2027 4765 2119 4817 bra
2160 4781 2172 4815 :
2206 4778 2310 4816 non
2343 4763 2522 4817 minor
2560 4764 2931 4817 tantummodo
2981 4765 3219 4831 majoris,
3268 4767 3359 4820 sed
3430 4768 3597 4834 major

2027 4855 2188 4909 etiam
2243 4855 2486 4908 minoris.
2538 4854 2612 4907 Ne
2664 4854 2991 4923 igiturinter
3041 4870 3133 4909 vos
3172 4856 3309 4909 alter
3337 4857 3596 4912 adversus

2028 4949 2257 5001 alterum
2306 4946 2645 5001 ell‘eramini:
2684 4949 2852 5013 egetis
2895 4949 3058 5013 enim,
3114 4949 3475 5003 membrorum
3513 4953 3596 5004 in-

2026 5049 2159 5105 st-ir,
2194 5049 2377 5093 mutua
2412 5050 2591 5093 vestra
2620 5055 2810 5108 opera.

2095 5134 2255 5188 Vens.
2288 5132 2341 5185 6.
2381 5149 2398 5183 ι
2437 5131 2705 5186 Habentes
2736 5142 2914 5186 autem
2954 5132 3115 5197 dona,
3146 5136 3440 5189 secundum
3472 5152 3597 5205 gra—

2027 5226 2152 5278 tiam
2214 5237 2330 5291 qme
2364 5223 2486 5276 data
2526 5231 2609 5277 est
2636 5222 2813 5288 nobis,
2862 5224 3029 5286 varia,
3088 5224 3204 5278 sive
3261 5224 3596 5293 prephetiam

2023 5315 2318 5369 secundum
2342 5313 2605 5367 rationem
2634 5313 2775 5368 ﬁdei.
2803 5331 2820 5365 ι
2858 5313 2971 5368 Non
2994 5313 3106 5385 89
3142 5314 3449 5379 dixit,dona
3485 5329 3601 5367 ma-

2019 5410 2139 5478 jora
2180 5420 2271 5465 aut
2298 5410 2502 5464 minora
2537 5410 2815 5471 habentes.
2860 5407 2972 5473 sed,
3011 5426 3028 5459 ι
3076 5405 3295 5462 Diversa
3329 5424 3342 5459 :
3409 5415 3464 5459 ut
3510 5418 3601 5457 su~

1504 5555 1525 5583 τ
1580 5552 1768 5608 Matth.
1816 5568 1947 5617 xvu,
2003 5553 2065 5609 19

1711 5671 1902 5731 Variae
1934 5669 2258 5730 lectiones.

437 5766 454 5801 ¹
485 5767 630 5841 λόγῳ
670 5785 722 5823 0.
