4286 6444
759 392 861 456 511
1644 386 2221 446 THEOPIIYLACTI
2263 386 2672 445 BULGAIHE
2709 386 3069 445 ARClIlEl’.
3890 384 3995 447 512

757 518 929 573 quare
965 513 1018 556 tu
1049 502 1194 556 illum
1232 499 1464 554 innitaris
1490 539 1502 558 .
1551 512 1611 549 ac
1660 497 1933 551 tnalelacis
1964 498 2125 551 ctiam
2166 498 2279 565 ipse
2305 498 2327 550 ?
2353 502 2396 557 Α
2430 498 2449 559 ς

2312 498 2327 550 ?
2353 502 2396 557 Α
2430 498 2604 564 lfuini;
2632 499 2855 555 ἐκεῖνον,
2885 498 2975 549 καὶ
3004 499 3316 560 κακοπο·εῖς
3336 496 3381 529 ’³
3406 496 3499 550 καὶ
3526 497 3716 561 αὐτόςς
3746 498 3859 550 Οὐκ
3888 497 4004 550 εἷπε

759 595 877 651 Non
938 596 1068 649 dixit
1135 602 1337 658 autem,
1388 591 1499 644 Non
1560 589 1824 643 facientes
1884 592 2081 642 malum
2142 588 2319 649 ﬁdeli,
2427 588 2451 640 δ

2308 629 2319 649 ,
2427 588 2505 646 δὲ,
2538 588 2627 656 Μὴ
2662 587 2941 650 ποιοῦντες
2976 588 3144 639 κακὸν
3174 587 3252 655 τῷ
3284 586 3653 658 πιστῷ,ἀλλά,
3678 608 3694 639 ι
3729 590 3954 657 Μηδενὶ,
3986 610 4000 639 ι

763 687 879 751 sed,
918 704 936 736 ι
974 683 1207 748 Nemini,
1252 701 1271 735 ι
1312 682 1425 736 sive
1477 680 1717 742 Graecus,
1762 695 1853 733 seu
1880 679 2002 748 quis
2031 679 2166 732 alius
2209 676 2320 731 fue-
2428 700 2455 734 κ

1627 696 1717 742 :us,
1762 695 1853 733 seu
1880 679 2002 748 quis
2031 679 2166 732 alius
2209 676 2320 731 fue-
2428 685 2531 735 κᾶν
2555 681 2774 751 Ἕλλην,
2809 684 2911 735 κᾶν
2942 683 3087 744 ὅστις
3121 681 3185 734 ἂν
3214 682 3319 751 εἴη.

839 886 856 918 ι
890 868 1243 921 Providentes
1283 867 1417 918 bona
1454 879 1637 917 coram
1665 862 1917 915 omnibus
1944 860 2266 915 hominibus.
2304 879 2321 911 ι

767 960 871 1011 ΙΙ·ιο
910 961 1028 1014 ideo
1058 974 1159 1010 non
1194 959 1345 1019 dicit,
1382 970 1437 1009 ut
1460 958 1522 1008 ad
1556 957 1765 1007 inanem
1795 956 2019 1023 gloriam
2053 955 2323 1017 vivamus,

764 1054 855 1103 sed
886 1064 938 1104 nt
968 1051 1303 1103 occasionem
1338 1050 1620 1101 adversum
1675 1062 1773 1100 nos
1822 1047 2188 1114 quaerentibus
2222 1061 2325 1098 non

766 1147 1122 1212 pta-ln-atnns.
1151 1142 1325 1207 Exigit
1349 1142 1489 1195 enim
1516 1156 1543 1191 a
1570 1139 1745 1200 nobis,
1773 1148 1829 1190 ιιι
1852 1140 1983 1190 citra
2018 1139 2326 1191 scandalum

764 1246 815 1287 ιι
846 1234 1201 1285 oili-nsintn-m
1255 1234 1513 1286 ducamus
1551 1232 1735 1283 vitam.
1770 1229 2002 1283 Plurimi
2041 1231 2183 1283 enim
2232 1246 2331 1285 nos

2508 880 2525 910 ι
2561 860 2945 929 Προνοοῦμενοι
2973 858 3109 911 καλὰ
3135 859 3363 912 ἐνώπιον
3385 858 3603 912 πάντων
3627 856 3945 921 ἀνθρώπων.
3985 875 3999 905 ι

2429 955 2539 1024 Οὐχ
2576 954 2660 1006 iv:
2697 954 2831 1023 πρὸς
2867 953 3175 1018 κενοδοξίαν
3210 954 3426 1022 ζῶμεν,
3463 951 3620 1004 τοῦτό
3656 968 3817 1018 φησιν
3843 992 3855 1013 ,
3892 950 4007 1001 ἀλλ’

2429 1048 2517 1101 ἶνα
2556 1051 2627 1117 μὴ
2662 1049 2992 1115 παρέχωμεν
3027 1045 3149 1098 καθ’
3182 1046 3340 1115 ἡμῶν
3376 1044 3633 1114 ἀφορμὰς
3669 1046 3779 1105 τοῖς
3820 1041 4006 1111 βουλο-

2435 1139 2631 1209 μένοις.
2663 1136 2736 1190 Τὸ
2762 1140 2869 1206 γὰρ
2898 1138 3324 1190 ἁσκανδάλιστον
3351 1138 3444 1189 καὶ
3473 1136 3821 1203 ἀπρόσκοπον
3848 1136 4009 1186 ἀπαι-

2430 1237 2512 1285 τεῖ
2537 1249 2549 1262 ·
2586 1232 2775 1285 πολλοὶ
2804 1234 2913 1303 γὰρ
2942 1233 2989 1284 οἱ
3020 1234 3086 1284 τὰ
3118 1232 3364 1302 ἡμέτερα
3398 1230 3805 1301 ἐπιτηροῦντες.

766 1338 1060 1392 nostraque
1098 1327 1417 1377 observant.‘

838 1415 1007 1471 Vsus.
1046 1418 1127 1469 l8.
1161 1434 1179 1465 ι
1220 1416 1270 1466 Si
1305 1414 1421 1466 lieri
1454 1422 1649 1482 potest,
1679 1421 1935 1480 quantum
1968 1412 2017 1464 in
2051 1412 2203 1467 vobis
2228 1422 2331 1476 est,

765 1524 888 1559 cum
916 1496 1166 1560 omnibus
1192 1505 1499 1557 hominibus
1525 1519 1707 1570 pacem
1741 1502 2019 1559 habentes.
2054 1521 2072 1556 ι
2104 1502 2334 1556 Pulchre

767 1601 925 1662 dixit,
967 1618 983 1651 ι
1025 1598 1079 1652 Si
1135 1598 1249 1651 tieri
1297 1607 1491 1666 potest.
1539 1614 1555 1645 ι
1591 1594 1987 1665 Nonnunquam
2026 1596 2168 1649 enim
2220 1596 2330 1648 lieri

773 1707 880 1744 non
916 1700 1086 1757 potest
1118 1701 1171 1744 ut
1212 1705 1393 1757 patrum
1441 1686 1707 1757 quispiam
1757 1687 2164 1755 complectatur,
2210 1700 2332 1739 cum

2510 1436 2527 1469 ι
2568 1419 2629 1470 El
2664 1417 2918 1480 δυνατὸν,
2954 1415 3013 1469 to
3052 1416 3107 1480 ἐξ
3142 1416 3327 1485 ὐμῶν,
3368 1416 3503 1483 μετά
3548 1416 3763 1469 πάντων
3797 1416 4012 1484 ἀνθρὼ-

2438 1527 2552 1562 πων
2592 1508 2984 1579 εἰρηνεύοντες.
3017 1528 3034 1560 ι
3085 1509 3280 1571 Καὶῶς
3304 1505 3423 1561 εἷπε
3462 1510 3542 1569 τὸ,
3572 1527 3591 1559 ι
3622 1510 3683 1561 Εἰ
3713 1509 3956 1562 δυνατόν.
3991 1528 4007 1557 ο

2440 1604 2594 1655 Ἐστι
2628 1603 2735 1669 γὰρ
2764 1602 2896 1653 ὅπου
2928 1602 2985 1652 οὐ
3018 1603 3243 1655 δυνατὸν
3270 1600 3330 1653 τὸ
3363 1601 3668 1669 εἰρηνεύειν
3689 1644 3701 1663 ,
3731 1602 3859 1653 ὅταν
3890 1603 4015 1669 περὶ

2438 1693 2721 1752 εὐσεϐείας
2754 1694 2782 1744 ὁ
2814 1688 2961 1759 ἀγὼν
2988 1688 3054 1762 ᾗ,
3087 1694 3217 1745 ὅταν
3250 1692 3390 1762 ὐπέρ
3424 1692 3814 1760 ἀδικουμένων.
3848 1693 4015 1759 Φησὶν

772 1784 837 1834 de
916 1783 1111 1848 pietate
1189 1792 1460 1835 Certamen
1535 1783 1733 1844 luerit,
1794 1795 1917 1833 cum
1994 1780 2061 1833 de
2141 1778 2333 1847 injuria
2370 1800 2463 1870 Βο

2324 1796 2333 1830 ι
2370 1817 2409 1870 Β
2436 1778 2549 1845 οὖν,
2581 1783 2662 1834 ὅτι
2688 1781 2763 1833 Τὸ
2794 1781 3022 1833 σεαυτοῦ
3052 1783 3115 1834 σύ
3148 1786 3312 1844 ποίει,
3342 1783 3438 1835 καὶ
3467 1782 3656 1851 μηδενὶ
3685 1782 3827 1833 δίδου
3859 1783 4016 1833 πολέ-

776 1874 1006 1927 allectis.
1051 1876 1133 1927 Ait
1179 1874 1358 1941 igitur,
1392 1874 1542 1939 Quod
1576 1874 1647 1925 ttti
1676 1881 1757 1925 est
1783 1870 1964 1933 oﬂicii,
2018 1870 2207 1933 facias,
2240 1886 2337 1923 nec

777 1963 1010 2029 tuipiant
1055 1963 1393 2016 occasionem
1445 1964 1683 2031 pt'a'bcas
1737 1962 1993 2015 bellorum
2027 1963 2107 2017 vel
2146 1962 2337 2015 tumul-

778 2066 946 2108 tuum.
1012 2054 1103 2107 Sin
1147 2056 1397 2121 pietatem
1450 2055 1627 2107 la'sam
1683 2057 2072 2122 conspexeris,
2130 2053 2340 2107 fortiter

777 2146 1037 2207 consiste,
1073 2162 1167 2215 pro
1189 2146 1413 2199 veritate
1440 2146 1704 2199 dimicans
1729 2162 1742 2198 :
1770 2161 1874 2197 non
1900 2145 2099 2198 homini
2125 2145 2340 2213 quidem

776 2239 1036 2304 infensus,
1070 2242 1163 2294 sed
1192 2240 1474 2307 itupietali,
1509 2240 1653 2291 illttttt
1687 2239 1859 2307 ipsum
1888 2256 2021 2294 sane
2049 2243 2338 2303 miserans,

776 2334 1002 2401 ejusque
1039 2348 1220 2385 rnram
1254 2348 1467 2399 gerens.
1526 2332 1637 2385 liae
1698 2336 1939 2395 ratione,
1992 2335 2132 2401 quod
2182 2345 2338 2387 antea

779 2425 1109 2489 impossibile
1142 2426 1441 2487 videbatur,
1482 2424 1537 2476 tit
1572 2426 1857 2492 possible;
1898 2428 2041 2493 quod
2086 2427 2231 2478 enini
2275 2425 2339 2477 ad

778 2526 829 2569 te
860 2517 1071 2579 attinet,
1106 2527 1328 2581 pacatus
1362 2531 1418 2569 es
1460 2531 1585 2585 erga
1622 2516 1765 2568 illum
1812 2516 1977 2569 solum
2012 2518 2338 2587 impietatem

778 2616 1122 2672 ltttpttgttalts.

853 2694 1013 2748 Vens.
1047 2694 1132 2750 19.
1180 2715 1197 2746 ι
1240 2693 1352 2747 Non
1380 2697 1733 2764 vosmetipsos
1757 2697 2095 2762 ulciscentes,
2137 2700 2340 2765 dilecti,

777 2788 870 2839 sed
922 2786 1045 2839 date
1093 2786 1265 2839 locum
1319 2788 1430 2840 περ.
1486 2788 1755 2858 Scriptum
1789 2800 1871 2843 est
1922 2792 2062 2844 enim
2098 2794 2161 2842 ιε
2212 2792 2339 2847 ΜΗιί

779 2879 1047 2942 Vindicta,
1082 2892 1181 2946 ego
1234 2880 1566 2942 retriltuattt,
1621 2880 1750 2934 dicit
1807 2880 2083 2939 Domitius.
2134 2903 2152 2935 ι
2214 2884 2344 2939 Date

782 2970 980 3033 locum,
1036 2968 1230 3036 inquit,
1287 2968 1377 3022 Dei
1436 2968 1527 3021 ira!
1576 2969 1834 3023 adversus
1895 2986 2015 3025 eum
2068 2975 2157 3042 qui
2194 2976 2345 3031 vobis

782 3063 1035 3132 iniuriam
1070 3063 1224 3118 aﬂert
1283 3065 1340 3117 Si
1380 3066 1521 3117 enim
1556 3065 1799 3135 vosipsos
1848 3064 2205 3129 uleiscamini,
2240 3084 2343 3123 non

2444 1890 2557 1942 μων
2592 1872 2842 1940 ἀφορμὰς
2878 1874 2972 1924 καὶ
3006 1873 3260 1941 ταραχῶν
3284 1872 3349 1926 ’⁵.
3389 1872 3449 1924 Εἰ
3483 1873 3537 1924 δὲ
3571 1872 3669 1941 τὴν
3728 1872 4014 1926 εὐσέϐειαν

2444 1965 2979 2034 παραϐλαπτομένην
3000 1965 3045 1996 ²⁵
3076 1965 3226 2027 ῖδοις,
3255 1965 3442 2018 ἵστασο
3466 1965 3727 2032 γενναίως
3755 1966 3894 2031 ὐπέρ
3919 1966 4017 2033 τῆς

2440 2057 2698 2127 ἀληθείας
2733 2057 2987 2125 πολεμῶν
3009 2071 3023 2084 ’
3058 2058 3178 2126 οὐχι
3208 2057 3287 2127 τῷ
3318 2057 3592 2127 ἀνθρώπῳ
3628 2058 4015 2127 ἀπεχθανόμε-

2441 2167 2550 2213 νος,
2580 2150 2717 2201 ἀλλά
2746 2152 2809 2217 τῇ
2843 2150 3083 2219 ἀσεϐείᾳ,
3120 2151 3326 2202 ἐκεῖνον
3361 2150 3541 2220 μέντοι
3573 2150 3758 2212 ἐλεῶν,
3793 2150 3889 2202 καὶ
3921 2168 4019 2219 κη-

2441 2241 2663 2308 δόμενος
2718 2240 2906 2294 αὐτοῦ.
2932 2240 3087 2293 Οὕτω
3115 2242 3169 2294 δὲ
3194 2285 3207 2306 ,
3240 2243 3269 2295 ὃ
3297 2242 3434 2305 τέως
3465 2243 3637 2295 ἐδόκει
3666 2244 3726 2295 οὐ
3758 2242 3983 2295 δυνατὸν
4003 2286 4015 2303 ,

2444 2333 2649 2397 γίνεται
2688 2332 2947 2386 δυνατόν·
2984 2334 3106 2386 ὅσον
3149 2335 3257 2403 γὰρ
3297 2333 3357 2385 τὸ
3399 2336 3539 2387 κατὰ
3586 2334 3681 2397 σὲ,
3718 2334 4017 2403 είρηνεύεις

2446 2424 2579 2486 πρὸς
2623 2425 2850 2488 ἐκεῖνον,
2896 2426 3030 2496 πρὸς
3073 2425 3171 2495 τὴν
3218 2424 3473 2480 ἀσέϐειαν
3524 2426 3693 2497 μόνην
3735 2426 4019 2495 ἀπομαχό-

2448 2533 2626 2581 μενος.

2524 2712 2541 2742 ι
2580 2692 2670 2758 Μὴ
2707 2691 2937 2754 ἑαυτοὺς
2970 2691 3313 2754 ἐκδικοῦντες
3337 2733 3350 2753 .
3387 2694 3697 2761 ἀγαπητοὶ,
3734 2694 3869 2745 ἀλλὰ
3903 2694 4019 2747 δότε

2444 2787 2605 2837 τόπον
2626 2787 2691 2853 τῇ
2717 2785 2875 2855 όργῇ.
2901 2784 3212 2853 Γέγραπται
3236 2784 3341 2854 γάρ
3361 2802 3373 2815 ·
3404 2785 3559 2852 Ἐμοὶ
3584 2786 3881 2854 ἐκδίκησις,
3910 2784 4019 2849 ἐγὼ

2444 2874 2842 2935 ἀνταποδώσω.
2878 2873 3024 2942 λέγει
3066 2874 3285 2943 Κύριος.
3328 2892 3345 2925 ι
3380 2874 3510 2925 Δότε
3534 2914 3546 2929 .
3584 2876 3713 2943 φησὶ
3736 2915 3750 2937 ,
3787 2875 4021 2947 παροδον

2447 2968 2513 3032 τῇ
2552 2963 2645 3016 τοῦ
2681 2962 2817 3015 Θεοῦ
2856 2963 2991 3032 όργῇ
3034 2963 3175 3015 κατά
3211 2963 3305 3015 τοῦ
3348 2963 3658 3021 ἀδικοῦντος
3698 2965 3863 3031 ὑμᾶς.
3896 2965 4023 3016 Ἐὰν

2453 3054 2551 3124 μὲν
2579 3055 2686 3122 γὰρ
2716 3054 2872 3123 ὑμεῖς
2903 3054 3130 3115 ἑαυτοὺς
3162 3055 3411 3122 ἐκδικῆτε
3432 3097 3445 3117 ,
3477 3055 3575 3107 οὐκ
3607 3052 4025 3118 ἐπεξελεύσεται

783 3156 1092 3224 egredietur
1149 3171 1245 3224 pro
1300 3156 1452 3210 vobis
1502 3157 1791 3210 adversum
1850 3158 2031 3213 hostes
2081 3159 2240 3214 Dens.
2292 3161 2418 3227 Sic
2450 3150 2475 3199 ἀ

2333 3161 2345 3214 ί
2376 3169 2418 3227 c
2450 3150 2478 3199 ὁ
2502 3147 2631 3207 Θεός
2655 3164 2666 3178 α
2698 3146 2790 3198 ἐὰν
2814 3146 2870 3196 δὲ
2899 3146 3056 3214 ὑμεῖς
3085 3146 3284 3215 ἀφῆτε.
3310 3148 3337 3197 ὁ
3366 3144 3497 3206 Θεὸς
3530 3145 3803 3214 ἐκδικήσει
3830 3146 4024 3215 ττικρό⁸

784 3257 962 3300 autem
1007 3263 1101 3301 vos
1131 3248 1480 3313 dimiseritis,
1525 3248 1663 3303 Deus
1720 3250 2010 3304 ulciscetcr
2071 3253 2336 3307 acerbius.

787 3338 1019 3391 Adducit
1054 3350 1233 3392 autem
1291 3340 1655 3392 testimonium
1697 3355 1803 3408 quo
1846 3356 2149 3395 sermonem
2188 3358 2344 3397 suum

785 3429 1048 3484 stabiliat.
1090 3429 1211 3485 llznc
1235 3443 1412 3485 autem
1450 3432 1579 3485 dicit
1627 3432 1691 3483 ad
1725 3432 2147 3487 consulaliouettt
2184 3434 2347 3501 pusil-

786 3521 1151 3579 lauintorutn:
1212 3520 1341 3575 nihil
1392 3522 1538 3574 enim
1590 3521 1735 3575 aliud
1792 3523 2125 3585 desiderant,
2188 3540 2347 3591 quant

785 3622 845 3664 ιιι
886 3613 1100 3666 videant
1141 3628 1239 3681 pro
1273 3628 1329 3667 se
1362 3615 1427 3668 de
1476 3613 1722 3667 hostibus
1759 3624 2027 3683 sumptam
2076 3630 2193 3670 esse
2233 3617 2348 3669 vin-

788 3704 1009 3755 dictam.

869 3792 1031 3846 Vens.
1060 3791 1151 3845 20.
1195 3810 1212 3843 ι
1249 3791 1305 3847 Si
1340 3794 1512 3847 esurit
1546 3795 1795 3862 inimicus
1836 3806 1977 3860 tuus,
2012 3796 2128 3850 ciba
2168 3797 2349 3852 illum:

793 3886 835 3937 si
871 3885 1006 3949 sitit,
1036 3885 1107 3941 _da
1135 3887 1182 3938 ei
1232 3897 1411 3953 potum
1442 3903 1455 3938 :
1515 3888 1615 3939 hoc
1656 3888 1799 3940 enim
1835 3888 2056 3951 faciens,
2094 3892 2355 3945 cat-hOnes

792 3973 928 4041 ignis
969 3988 1228 4043 congeres
1255 3990 1415 4044 super
1468 3988 1624 4044 caput
1660 3978 1849 4045 ipsius.
1891 3997 1908 4029 ι
1943 3982 2200 4033 Altiorent
2236 3982 2354 4049 phi-

793 4065 1050 4133 losophia:
1099 4068 1324 4133 gradum
1368 4069 1455 4121 hic
1501 4084 1528 4120 a
1588 4070 1739 4123 nobis
1788 4071 1971 4139 exigit.
2024 4070 2161 4136 Quid
2211 4074 2353 4125 enim

792 4156 989 4216 dicam,
1039 4157 1233 4226 inquit,
1291 4160 1434 4228 quod
1487 4169 1735 4225 oporteat
1781 4177 1877 4215 vos
1909 4164 2163 4229 paeitieos
2192 4163 2359 4217 esse?

793 4252 923 4320 quin
962 4252 1123 4303 etiam
1154 4251 1469 4307 benefacere
1500 4254 1723 4321 impero.
1771 4272 1788 4304 ι
1818 4255 2089 4308 Carbones
2127 4274 2145 4305 ι
2179 4265 2354 4309 autem

802 4362 819 4391 ι
883 4344 1019 4410 ignis
1078 4345 1437 4411 congregabis
1494 4360 1658 4410 super
1714 4345 2051 4412 caputeius,
2119 4364 2137 4394 ι
2200 4346 2355 4407 dixit,

796 4432 1078 4499 indulgens
1105 4433 1534 4500 pusillattituitati
1562 4434 1810 4500 iujuriant
1841 4435 2016 4501 passi:
2046 4434 2180 4487 nihil
2213 4437 2355 4488 enim

2450 3253 2625 3305 τερον.
2664 3236 2889 3303 Ἐπάγει
2926 3236 2983 3288 δὲ
3022 3236 3116 3287 καὶ
3154 3238 3251 3303 τὴν
3297 3236 3623 3303 μαρτυρίαν,
3664 3234 3897 3303 βεϐαιῶν
3935 3236 4028 3287 τὸν

2450 3330 2647 3382 οἰκεῖον
2674 3328 2851 3394 λόγον.
2882 3328 3067 3380 Ταῦτα
3100 3327 3157 3379 δέ
3195 3343 3327 3396 φησι
3361 3327 3496 3395 πρδς
3531 3328 3887 3395 παραμυθίαν
3917 3328 4028 3379 τῶν

2454 3416 2802 3486 μικροψύχων
2829 3433 2840 3447 ·
2889 3416 3039 3469 οὐδὲν
3083 3416 3194 3486 γὰρ
3239 3416 3366 3468 ἀλλο
3407 3414 3805 3485 ἐπιθυμοῦσιν,
3847 3417 3923 3479 ὡς
3964 3418 4027 3468 τὸ

2454 3509 2578 3562 ἔδεῖν
2608 3510 2831 3570 ἑαυτοὺς
2860 3507 3265 3577 ἐκδικηθὲντας.

2532 3802 2549 3834 ι
2587 3782 2710 3836 Ἐὰν
2738 3781 2828 3835 οὖν
2859 3782 3018 3851 πεινᾷ
3045 3783 3072 3834 ό
3097 3780 3289 3851 ἐχθρός
3321 3799 3433 3845 σου,
3461 3781 3675 3851 ψώμιζε
3708 3782 3869 3835 αὐτόν
3890 3802 3902 3812 ·
3933 3784 4031 3835 ἐὰν

2455 3875 2603 3945 διψᾷ,
2633 3874 2817 3937 πότιζε
2847 3874 3011 3925 αὐτόν
3032 3888 3045 3901 '
3076 3872 3233 3925 τοῦτο
3260 3873 3365 3941 γὰρ
3394 3872 3584 3937 ποιῶν,
3615 3873 3894 3942 ἄνθρακας
3927 3892 4033 3926 πυο

2459 3967 2548 4036 ρὸς
2593 3969 2887 4035 σωρεύσεις
2934 3966 3025 4016 ἐπὶ
3067 3964 3165 4032 τὴν
3209 3964 3453 4031 κεφαλὴν
3497 3964 3684 4016 αὐτοῦ.
3731 3983 3748 4014 ι
3799 3966 4032 4019 Πλείονα

2458 4060 2772 4127 φιλοσοφίαν
2799 4060 3017 4111 ἀπαιτεῖ
3045 4058 3191 4124 ἡμᾶς
3223 4055 3475 4108 ἐνταῦθα.
3508 4057 3571 4108 Τί
3602 4056 3709 4124 γὰρ
3734 4055 3898 4122 λέγω,
3928 4074 4033 4124 φη-

2459 4156 2565 4215 σὶν,
2595 4152 2675 4204 ὅτι
2706 4150 3009 4219 εἰρηνεύειν
3038 4150 3147 4211 δεῖς
3178 4149 3274 4200 καὶ
3305 4149 3410 4217 γὰρ
3442 4149 3535 4200 καὶ
3565 4150 3872 4217 εὐεργετεῖν
3903 4150 4030 4200 ἐπι-

2458 4245 2655 4296 τάττω.
2684 4244 2755 4294 Τὸ
2784 4242 2861 4301 δὲ,
2901 4239 3244 4309 ι”Ανθρακας
3279 4238 3450 4308 πυρὸς
3486 4239 3779 4309 σωρεύσεις
3809 4239 3903 4291 ἐπὶ
3934 4239 4035 4308 τὴν

2460 4336 2699 4404 κεφαλὴν
2742 4334 2926 4394 αὐτοῦ,
2975 4351 2992 4384 ι
3042 4328 3183 4397 εἷπε,
3226 4332 3529 4401 συντρέχων
3578 4334 3642 4399 τῇ
3699 4332 4037 4400 μικροψυχῇι

2462 4426 2556 4481 τοῦ
2598 4424 2975 4493 ἁδικηθέντοςσ
3014 4424 3164 4475 οὐδὲν
3202 4424 3310 4493 γὰρ
3349 4422 3522 4485 οῦτως
3564 4423 3681 4491 ἡδὺ,
3720 4423 3796 4484 ὡς
3835 4423 4035 4493 ἐχθρὸν

798 4526 932 4577 adeo
958 4538 1121 4577 suave
1150 4524 1260 4595 94
1292 4535 1393 4583 est.
1428 4536 1588 4594 atque
1622 4526 1825 4579 hostem
1851 4526 2034 4579 videre
2066 4528 2309 4592 punitum
2340 4543 2354 4587 ;
2391 4510 2434 4568 θ
2466 4536 2490 4568 κ

2344 4543 2354 4587 ;
2391 4510 2434 4568 D
2466 4517 2825 4584 κολαζόμενον
2855 4516 2984 4567 ἰδεῖν
3006 4532 3019 4546 ο
3044 4514 3239 4566 ὡσανεὶ
3267 4517 3374 4584 γὰρ
3400 4513 3624 4567 τοιαῦτά
3651 4530 3781 4583 φησι
3802 4530 3817 4544 ⁶
3844 4514 4036 4576 Θέλεις

804 4631 868 4666 ιιι·
901 4618 1282 4681 propemodum
1318 4618 1439 4668 talia
1467 4619 1626 4669 dicit:
1658 4616 1746 4669 Vis
1785 4616 1970 4670 ulcisci
2005 4628 2054 4670 te
2080 4618 2147 4670 de
2170 4617 2357 4671 hoste?

802 4706 855 4757 lit
881 4709 1129 4759 neliciuttt
1165 4707 1238 4760 illi
1270 4709 1485 4772 exhibe,
1524 4717 1632 4761 tttttt
1657 4709 1933 4763 acerbiore
1955 4723 2076 4762 cunt
2100 4709 2363 4777 supplicio

802 4796 1048 4850 alTeeisti.
1107 4798 1404 4866 Eapropter
1430 4800 1586 4863 dixit,
1624 4820 1640 4851 ι
1683 4800 1956 4855 Carbones
2002 4802 2139 4866 ignis
2167 4816 2363 4870 conge-

799 4905 884 4941 t'es
920 4905 1081 4957 super
1111 4901 1272 4959 caput
1322 4892 1528 4960 ipsius;
1569 4911 1587 4941 ι
1641 4908 1803 4962 grave
1856 4893 2173 4961 supplicium
2217 4894 2363 4947 desi-

799 4998 991 5048 gnans.
1027 4982 1178 5037 llunc
1206 4983 1273 5037 ad
1314 4985 1529 5038 modum
1564 4999 1721 5053 supra
1750 4985 1903 5050 dixit,
1946 5003 1965 5036 ι
2011 4986 2141 5040 Date
2186 4984 2360 5039 locum

805 5068 898 5120 Dei
933 5071 1041 5123 itte.
1086 5091 1103 5122 ι

874 5159 1032 5213 Vens.
1068 5162 1157 5214 2|.
1200 5183 1216 5212 ι
1261 5164 1337 5216 Ne
1374 5164 1607 5218 vinearis
1636 5181 1666 5220 a
1716 5165 1878 5230 malo,
1938 5165 2030 5217 sed
2098 5164 2250 5217 vince
2302 5165 2355 5216 in

802 5254 942 5306 bono
974 5254 1194 5308 ιιιςιιιιιιι.
1228 5274 1245 5306 ι
1283 5255 1378 5308 llic
1404 5256 1502 5310 loci
1540 5256 1678 5309 istttd
1711 5257 2033 5317 subindicat,
2060 5269 2164 5307 non
2198 5269 2359 5323 opor-

806 5356 919 5396 tere
953 5361 1046 5397 nos
1069 5346 1158 5398 talt
1200 5349 1465 5399 sententia
1497 5346 1681 5400 cibare
1708 5346 1907 5407 hostes,
1945 5353 2001 5396 ιιι
2035 5343 2207 5409 majus
2236 5358 2361 5410 sup-

804 5433 1024 5501 plicium
1077 5435 1180 5488 illis
1210 5436 1575 5500 aseiscamns;
1642 5436 1742 5488 hoc
1782 5436 1925 5487 enim
1959 5444 2041 5487 est
2075 5434 2215 5501 quod
2248 5432 2357 5485 ait:

878 5574 896 5610 ί
934 5572 1089 5627 Deut.
1135 5589 1304 5633 xuii,
1341 5574 1429 5628 35.

2466 4608 2626 4660 αὐτὸν
2664 4606 3007 4675 ἀμύνασθαι;
3048 4606 3405 4675 εὐεργέτησον
3428 4644 3441 4666 ,
3479 4605 3571 4657 καὶ
3606 4605 3906 4673 τηνικαῦτα
3943 4621 4037 4655 πι-

2468 4700 2722 4769 κρότερον
2750 4698 2959 4768 ἡμύνω.
2989 4698 3081 4749 Διὸ
3116 4697 3207 4749 καὶ
3244 4694 3422 4749 εἶπεν*
3465 4715 3482 4747 ι
3511 4696 3823 4765 ’Δνθρακας
3863 4698 4036 4763 mp‘;

2471 4791 2798 4858 σωρεύσεις’
2855 4808 2873 4840 ι
2924 4788 3022 4858 τὴν
3070 4788 3466 4857 ἐπιτεταμένην
3515 4788 3784 4855 τιμωρίαν
3833 4786 4035 4855 δηλῶν.

2470 4880 2625 4934 Οῦτω
2646 4882 2738 4934 xui.
2752 4882 3007 4950 ἀνωτέρω
3040 4877 3158 4933 εἷπε
3184 4896 3198 4911 ·
3239 4898 3257 4931 ι
3278 4880 3404 4931 Δότε
3435 4878 3599 4931 τόπον
3630 4881 3693 4947 τῇ
3718 4880 3853 4948 ὀργῇ
3883 4897 3901 4929 ι
3940 4879 4034 4930 τοῦ

2468 4972 2622 5023 Θεοῦ.

2544 5172 2563 5204 ι
2594 5152 2684 5221 Μὴ
2712 5154 2843 5204 νικῶ
2874 5152 2976 5204 ὑπὸ
3002 5152 3093 5205 τοῦ
3126 5154 3316 5218 κακοῦ,
3344 5153 3479 5206 ἀλλὰ
3507 5153 3631 5206 νίκα
3658 5154 3715 5203 ὲν
3741 5150 3818 5218 τῷ
3846 5151 4037 5220 ἀγαθῷ

2468 5244 2526 5297 τδ
2571 5244 2759 5297 κακόν.
2812 5263 2829 5295 ι
2879 5245 3139 5297 Ἐνταῦθα
3183 5245 3339 5296 τοῦτο
3381 5244 3656 5313 ὑποδηλοῖ,
3701 5246 3757 5296 τὸ
3806 5243 3881 5313 μὴ
3925 5244 4037 5295 δεῖν

2472 5340 2617 5404 ἡμᾶς
2652 5336 2877 5408 τοιαύτῃ
2892 5338 2937 5367 ’θ
2972 5335 3161 5406 γνώμῃ
3196 5337 3466 5407 ψωμίζειν
3500 5339 3622 5397 τοῦς
3660 5337 3908 5406 ἐχθροὺς,
3950 5339 4037 5388 ἶνα

2474 5430 2694 5482 πλείονα
2729 5428 2948 5482 κόλασιν
2979 5431 3161 5491 αὐτοῖς
3196 5430 3520 5499 ἐπάγωμεν·
3556 5430 3712 5481 τοῦτο
3743 5430 3852 5497 γάρ
3886 5430 4037 5481 ἐστιν

2149 5687 2345 5747 Varia:
2370 5684 2696 5746 lectiones.

876 5808 923 5841 ³³
980 5810 1069 5863 τὸν
1102 5814 1544 5881 κακοποιῆσαντι
1577 5828 1626 5865 0.
1706 5813 1746 5851 ’δ
1799 5808 2040 5881 ταραχὴν
2072 5826 2123 5862 o.

2204 5811 2247 5841 ”
2304 5809 2716 5881 πολεμουμένην
2755 5825 2803 5863 0.

2884 5812 2928 5843 "
2960 5811 3211 5879 τειαύτην
3269 5808 3489 5879 γνώμην
3526 5822 3577 5862 0.
