4286 6444
270 425 392 485 ’ΜΊ

1139 419 1542 482 ΕΧῙῸΞΙΤΙΟ
1587 419 1663 479 IN
1700 414 1910 476 EPIST
1970 415 2067 472 AD
2104 413 2284 473 RONI.
2320 440 2384 450 --
2413 407 2572 476 CAP:
2612 418 2781 478 XIII.

3447 422 3556 485 518

294 536 370 601 τις]
412 534 675 598 Οέ-ήχπατι
714 527 802 584 τοῦ
848 532 1005 585 Θεοῦ.
1048 533 1338 592 πονοῦντες
1377 531 1515 601 ὑπὲρ
1551 532 1649 599 τῆς
1694 527 1879 593 κοινῆς
1907 524 1952 583 Α
1985 524 2074 577 "ei
2117 541 2206 593 [δτο

1907 524 1952 583 Α
1985 524 2074 577 Dei
2117 541 2214 593 pro
2238 531 2508 581 comniuui
2559 541 2701 582 Slﬂltl
2756 530 3086 596 laborantes,
3123 533 3286 601 inque
3333 538 3559 604 nlipsnni

296 626 707 690 καταστάσεως,
737 624 831 676 καὶ
859 625 936 686 είς
964 624 1095 676 αὐτὸ
1121 623 1278 675 τοῦτο
1308 618 1872 690 προσκαρτεροῦντες,

297 718 387 771 ἵνα
427 718 584 784 ἡμεῖς
620 718 675 765 ἐν
716 715 905 785 εἰρήνῃ
943 717 1036 767 καὶ
1073 713 1345 784 ἀταραξίᾳ.
1380 716 1678 780 διάγωμεν.
1820 713 1874 762 ὁὲ

293 811 482 872 κακῶς
515 827 594 871 τις
628 811 692 878 τῇ
725 809 864 879 ἀρχῇ
903 809 1203 878 κέχρηται,
1241 807 1393 859 οὐδὲν
1423 806 1580 858 τοῦτο
1613 806 1749 874 πρὸς
1779 806 1876 874 τὴν

294 902 462 954 αὑτοῦ
490 903 533 933 ⁸ο
562 899 656 952 τοῦ
689 902 1016 970 πράγματος
1046 900 1367 968 εὐκοσμίαν.

370 1014 389 1044 ι
433 992 682 1045 ’Λπόδοτε
718 991 809 1044 οὖν
847 991 979 1042 πᾶσι
1014 989 1110 1054 τὰς
1145 989 1365 1055 ὀφειλάς
1391 1005 1403 1019 ⁶

288 1091 384 1139 τὸν
417 1087 579 1156 φόρον
601 1102 612 1113 °
642 1083 718 1152 τῷ
746 1085 804 1136 τὸ
834 1083 1006 1148 τέλος,
1036 1082 1095 1133 τὸ
1122 1082 1307 1143 τέλοςὅ
1341 1081 1417 1149 τῷ
1443 1080 1536 1132 τὸν
1568 1080 1753 1148 φόϐον,
1785 1081 1874 1132 τὶν

292 1180 459 1246 φόϐον
489 1195 500 1207 ·
536 1178 614 1244 τῷ
646 1177 744 1244 τὴν
777 1176 940 1245 τιμὴν
962 1217 974 1236 ,
1011 1173 1111 1244 τὴν
1142 1175 1328 1244 τιμήν.
1373 1193 1390 1225 ι
1430 1174 1602 1240 Χρέος
1623 1213 1635 1237 ,
1674 1173 1870 1241 φησιν,

1441 988 1518 1058 τῷ
1553 989 1642 1040 τὸν
1680 987 1843 1056 φόρον
1857 1028 1870 1051 ,

301 1271 415 1321 ἔστι
445 1286 524 1320 σοι
551 1269 935 1338 ἀπαραιτήτως
955 1267 992 1297 ³¹
1021 1267 1386 1335 ἐπικείμενον,
1414 1267 1445 1334 ἡ
1474 1264 1605 1334 πρὸς
1628 1267 1752 1327 τοὺς
1780 1265 1875 1334 ἅρ-

286 1379 484 1430 γσντας
527 1359 942 1429 εὐγνωμοσύνη.
981 1342 1202 1422 ’Ἀπόδος
1245 1355 1335 1410 οὖν
1379 1357 1413 1411 ἃ
1459 1359 1691 1426 ὀφείλεις
1738 1358 1872 1408 πᾶσι

287 1456 398 1509 τοῖς
430 1452 720 1521 διαφόρους
752 1451 924 1520 ἀρχάς
957 1451 1488 1520 ὲμπεπιστευμένοις
1509 1465 1523 1477 ⁸
1557 1449 1632 1517 τῷ
1663 1448 1753 1500 τὸν
1782 1449 1875 1514 φό-

289 1560 380 1612 ρον
428 1542 894 1611 χρεωστουμένῳ,
939 1542 1108 1610 ἤγουν
1152 1542 1250 1608 τὴν
1293 1541 1591 1607 λεγομένην
1621 1539 1870 1609 κεφαλη-

285 1635 478 1696 τιῶνα,
512 1636 708 1697 ἀπόδος
740 1636 831 1686 τὶν
863 1634 1026 1702 φόρον
1047 1650 1061 1663 ·
1096 1634 1172 1702 τῷ
1203 1633 1262 1683 τὸ
1289 1631 1440 1692 τέλος
1471 1631 1547 1691 δὲ,
1579 1631 1748 1700 ἤγουν
1775 1631 1870 1699 τὴν

287 1725 430 1795 ὑπὲρ
461 1727 558 1792 τῆς
592 1728 694 1793 γῆς
732 1727 1092 1794 συνεισφοράν
1114 1765 1129 1790 ,
1163 1725 1224 1776 τὸ
1255 1723 1407 1785 τέλος
1432 1740 1445 1753 ·
1483 1724 1577 1776 καὶ
1608 1724 1668 1775 οὑ
1708 1723 1870 1791 μόνον

283 1820 564 1887 χρήματα,
598 1817 732 1870 ἀλλὰ
768 1818 862 1870 καὶ
899 1817 1087 1885 φόϐον,
1121 1817 1423 1879 τουτέστιν,
1460 1814 1614 1879 αἰδὼ,
1653 1814 1748 1867 καὶ
1781 1814 1871 1866 εὖ·

284 1910 540 1972 λάϐειαν,
590 1911 686 1960 καὶ
739 1909 1140 1980 ἐπιτεταμένην
1189 1908 1376 1977 τιμήν.
1421 1907 1648 1973 Ἐπάγει
1698 1905 1870 1972 γοῦν⁸

288 2017 307 2048 ι
343 1998 434 2066 Τῷ
458 1998 554 2066 τὴν
579 1999 764 2068 τιμὴν,
788 1997 882 2068 τὴν
907 1998 1091 2068 τιμὴν.
1124 2017 1142 2048 ι
1179 1997 1236 2050 Ὀ
1265 1997 1427 2064 φόϐος
1460 1995 1568 2066 γὰρ
1595 1996 1770 2059 διττός
1797 2014 1808 2026 ·
1842 1997 1869 2048 6

288 2089 388 2156 μὲν
409 2092 476 2154 εί,
502 2089 563 2142 ὃν
590 2090 882 2157 φοϐοῦνται
911 2091 957 2142 oi
977 2093 1283 2152 πταίοντες,
1301 2091 1363 2140 ὲιι
1383 2087 1475 2140 τοῦ
1495 2087 1728 2158 πονηροῦ
1750 2106 1871 2139 συν-

279 2181 484 2242 ειδότος
512 2197 526 2211 °
565 2181 626 2234 ὃν
658 2183 914 2253 ἀνωτέρω
953 2184 1336 2252 ἀπηγόρευσεν
1368 2183 1396 2232 6
1436 2180 1760 2243 Ἀπόστολος
1788 2197 1800 2210 ·
1838 2181 1868 2232 6

280 2271 357 2332 δὲ,
385 2271 443 2322 ὃν
469 2271 682 2341 ἔχουσιν
704 2274 752 2324 οί
778 2274 1103 2340 ἀγαπῶντες
1129 2272 1263 2340 πρὸς
1287 2273 1411 2334 τοὺς
1437 2271 1863 2338 ἀγαπωμένους,

281 2362 592 2425 τουτέστιν,
627 2364 660 2434 ὴ
698 2364 1123 2434 ὑπερϐάλλουσα
1169 2365 1305 2433 τιμὴ
1334 2401 1349 2426 ,
1390 2361 1571 2424 καθὼς
1610 2363 1823 2430 εἴρηται
1850 2377 1864 2390 '

288 2470 306 2501 ι
348 2454 468 2504 Οὐκ
514 2453 662 2506 ἔστιν
705 2455 997 2525 ὑστέρημα
1051 2456 1165 2516 τοῖς
1198 2453 1553 2522 φοϐουμένοις
1594 2452 1756 2504 αὐτόν
1785 2469 1799 2483 θ
1839 2471 1860 2504 ι

281 2543 398 2604 καὶ,
432 2561 449 2594 ι
485 2543 542 2597 Ὀ
569 2545 730 2612 φόϐος
762 2547 967 2614 Κυρίου
992 2545 1259 2615 διαμένων
1284 2549 1363 2608 είς
1392 2543 1566 2597 αἰῶνα
1591 2544 1806 2606 αἰῶνος.
1841 2563 1857 2596 ι

282 2635 396 2705 Τὴν
426 2637 536 2707 γὰρ
569 2638 853 2692 εὐλάϐειαν
880 2638 1115 2692 ἐνταῦθα
1145 2638 1424 2708 ὑποδηλοῖ.

357 2842 372 2872 ι
413 2822 619 2893 Μηδενὶ
654 2821 824 2892 μηδὲν
852 2822 1132 2892 ὀφείλετε,
1162 2823 1210 2876 εί
1245 2823 1320 2894 μὴ
1349 2823 1408 2877 τδ
1437 2824 1662 2895 ἀγαπᾷν
1695 2825 1859 2897 ἀλλή-

275 2909 422 2972 λους.
457 2929 475 2961 ι
502 2912 610 2973 Τάς
639 2911 739 2980 μὲν
763 2911 950 2977 ἄλλας,
976 2914 1140 2982 φησιν
1162 2914 1442 2983 ὀφειλὰς³⁸
1466 2907 1696 2970 ἀπέδοτε
1714 2935 1729 2950 ο
1760 2937 1863 2990 μη-

275 3003 469 3055 δέποτε
500 3003 560 3055 δὲ
585 3005 682 3072 τὴν
708 3005 929 3075 ἀγάπην
959 3006 1249 3059 ἀποδοῦναι
1274 3009 1520 3079 θελήσετε
1544 3009 1860 3082 ,’Ῑ’-ασητε],

275 3095 393 3148 ἀλλ’
422 3098 510 3148 ἀεὶ
558 3095 779 3167 ὀφλημα
835 3097 1003 3168 αὐτὴν
1054 3098 1205 3169 ἔχετε
1252 3100 1527 3170 διηνεκέίο
1577 3103 1668 3172 Μὴ
1717 3103 1858 3171 γὰρ’

275 3188 468 3256 ἐπειδὴ
504 3189 744 3257 σήμερον
776 3191 1125 3259 ἀγαπητικὴν
1159 3192 1422 3256 ἐπεδείξω
1452 3192 1694 3246 διάθεσιν
1727 3196 1859 3264 πρὸς
1887 3215 1929 3272 C

275 3279 368 3329 τὸν
399 3279 648 3346 πλησίον,
680 3281 909 3353 νομίσῃς
940 3282 1343 3352 ἀποπληρῶσαι
1369 3284 1467 3354 τὴν
1493 3285 1734 3356 ὀφειλὴν,
1763 3288 1859 3339 καὶ

273 3370 365 3422 διὰ
391 3371 552 3423 τοῦτο
584 3372 816 3442 παρίδῃς
858 3374 1020 3426 αὑτὸν
1049 3373 1240 3445 αὓριον
1269 3392 1282 3409 ε
1315 3376 1451 3430 ἀλλά
1482 3377 1743 3446 διηνεκῶς
1777 3381 1863 3432 νό-

279 3461 406 3529 μιζε
436 3463 534 3532 τὴν
563 3463 782 3532 ἀγάπην
815 3467 1112 3536 χρεωστεῖν
1144 3467 1221 3536 τῷ
1249 3468 1498 3538 πλησίον.

354 3658 372 3689 ι
407 3639 468 3693 Ὀ
512 3641 619 3710 γάρ
661 3643 889 3709 ἀγαπῶν
925 3646 1014 3697 τὸν
1052 3646 1260 3718 ἕτερον,
1298 3648 1462 3717 νόμον
1502 3651 1852 3721 πεπλήρωκε.

274 3729 351 3781 Τὸ
383 3731 489 3798 γὰρ
512 3771 524 3792 ,
557 3732 629 3782 Οὐ
664 3733 973 3801 μοιχεύσεις
993 3749 1007 3764 ·
1037 3737 1111 3787 υὺ
1142 3736 1422 3804 φονεύσεις
1447 3754 1459 3766 ·
1495 3741 1566 3792 Οὑ
1601 3741 1819 3810 κλέψεις
1839 3759 1852 3773 ο

275 3821 400 3871 υὺκν
423 3822 819 3890 ἐπιθυμήσεις,
854 3824 949 3877 καὶ
978 3827 1114 3888 εἴτις
1146 3828 1308 3898 ἑτέρα
1339 3831 1526 3898 ἐντολὴ
1549 3869 1563 3892 ,
1594 3834 1654 3883 ὲν
1681 3834 1854 3901 τούτῳ

274 3911 352 3979 τῷ
398 3911 541 3982 λόγῳ
584 3915 1100 3981 ἀνακεφαλαιοῦται,
1141 3920 1199 3969 ὲν
1244 3920 1356 3989 τῷ,
1391 3923 1720 3994 Ἀγαπήσεις
1765 3926 1855 3978 τὸν

275 4004 505 4072 πλησίον
538 4022 630 4059 σου
661 4005 734 4069 ὡς
767 4008 980 4064 ἑαυτόν.
1017 4027 1036 4060 ι
1073 4011 1176 4064 Τὸν
1205 4013 1368 4082 νόμον
1397 4015 1573 4069 πάντα
1604 4016 1804 4088 πληροῖ
1827 4021 1856 4072 6

273 4098 379 4162 ἀγα
397 4092 505 4149 πῶν
529 4097 618 4150 τὸν
644 4099 890 4167 πλησίον.
909 4101 1074 4155 Ὥστε
1102 4102 1286 4157 λοιπὸν
1309 4105 1468 4182 χρέος
1495 4107 1608 4177 ἔχει
1636 4110 1856 4182 ἀγαπᾷν

274 4188 468 4250 αὐτὸν,
500 4189 553 4240 ετ
583 4205 642 4254 γε
671 4191 914 4244 τοσαῦτα
946 4193 1317 4262 εὑεργετεῐται
1348 4199 1408 4261 ἐξ
1438 4176 1602 4252 άὺτοῦ
1633 4204 1725 4253 καὶ
1757 4204 1854 4272 τῆς

274 4279 413 4346 πρὸς
456 4280 616 4332 αὑτὸν
652 4282 907 4352 ἀγάπης,
944 4285 1018 4346 ὼς
1051 4286 1144 4338 τὸν
1177 4287 1340 4356 νόμον
1375 4291 1554 4343 πάντα
1589 4292 1852 4362 πληροῦν.

275 4368 390 4422 Οὐκ
426 4367 545 4423 εἷπε
579 4373 653 4437 δὲ,
688 4373 1016 4442 Πληροῦται,
1049 4377 1166 4429 ἀλλ’
1198 4397 1215 4429 ι
1247 4381 1792 4451 Ἀνακεφαλαιοῦται,
1827 4403 1846 4435 ›

271 4462 575 4523 τουτέστιν,
609 4465 664 4513 ὲν
696 4465 949 4533 συντόμῳ
982 4466 1076 4518 καὶ
1104 4470 1161 4520 ὲν
1190 4468 1382 4540 βραχεί
1410 4472 1470 4524 τὸ
1500 4475 1612 4526 πᾶν
1640 4475 1746 4526 τῶν
1773 4477 1851 4528 ὲνο

1982 629 2400 685 perseveranter
2452 620 2849 689 incumbentes,
2919 634 2974 677 nt
3034 642 3131 680 nos
3188 627 3238 679 in
3303 641 3438 694 pace
3498 647 3561 684 ac

1977 711 2369 788 tranquillitate
2432 712 2599 764 vitam
2671 695 3056 783 transigamus.
3115 718 3208 771 Sin
3272 721 3558 788 quisquam

1980 784 2469 872 niale'magistralu
2518 820 2614 858 suo
2643 817 2694 859 et
2723 809 2935 874 publica
2981 809 3256 865 iunctione
3283 814 3559 879 abutatur,

1980 894 2029 946 id
2062 893 2191 945 nihil
2229 896 2489 950 adversus
2523 899 2596 950 rei
2630 898 2798 966 ipsius
2826 900 3113 954 utilitatem
3152 900 3299 957 facit.

2051 983 2210 1037 Vsus.
2251 985 2299 1038 7.
2345 1005 2363 1038 ι
2426 988 2655 1043 Reddite
2709 1007 2838 1059 ergo
2893 994 3146 1048 omnibus
3196 996 3415 1049 debila:
3471 999 3560 1051 cui

1980 1071 2241 1124 tributum
2271 1111 2308 1135 ,.
2347 1076 2644 1131 tributum:
2713 1081 2799 1132 cui
2842 1081 3102 1149 vectigal,
3161 1085 3435 1153 vectigal:
3474 1087 3562 1140 rui

1980 1162 2252 1224 timorem,
2287 1165 2569 1221 timorem:
2606 1170 2688 1222 cui
2724 1170 3011 1234 honorem,
3041 1172 3326 1230 honorem.
3366 1197 3381 1228 ι
3422 1177 3563 1232 Gia~

1978 1255 2152 1308 titudo
2192 1273 2317 1324 erga
2352 1261 2702 1328 magistratus
2742 1273 2825 1316 est
2865 1266 3126 1326 debitum,
3174 1267 3373 1336 inquit,
3419 1271 3560 1322 irre-

1976 1344 2306 1416 fragabiliter
2340 1351 2432 1404 tibi
2468 1353 2802 1409 incumbens.
2843 1357 3023 1411 Redde
3055 1359 3220 1428 igitur
3243 1376 3362 1429 qua:
3394 1361 3562 1418 debts

1976 1439 2041 1492 iis
2073 1441 2347 1506 omnibus,
2379 1446 2573 1513 quibus
2606 1448 2738 1500 varii
2777 1451 3122 1511 magistratus
3149 1463 3271 1506 sunt
3299 1456 3559 1508 commis-

1975 1532 2056 1585 si:
2121 1535 2204 1586 cui
2261 1537 2516 1590 tributum
2578 1539 2823 1604 debetur,
2875 1544 3182 1610 capitumve
3243 1560 3460 1609 census,
3494 1549 3547 1601 ei

1976 1623 2231 1676 tributum
2257 1625 2322 1678 da
2351 1642 2363 1678 :
2395 1631 2478 1680 cui
2505 1630 2755 1697 vectigal,
2778 1633 2877 1686 hoc
2900 1631 2982 1687 est
3012 1649 3110 1700 pro
3159 1645 3300 1688 terra
3330 1651 3560 1700 census,

1973 1715 2221 1783 vectigal.
2255 1715 2365 1771 Nec
2401 1719 2573 1772 solum
2609 1725 2869 1788 pecunias
2905 1727 3139 1791 reddite,
3179 1731 3273 1782 sed
3303 1730 3552 1784 timorem

1974 1806 2161 1872 etiam,
2220 1809 2320 1863 hoc
2366 1821 2450 1864 est
2524 1816 2884 1867 reverentiam
2924 1833 2986 1872 ac
3043 1821 3358 1889 religionem
3393 1835 3561 1891 atque

1974 1898 2233 1953 eximium
2269 1901 2556 1957 honorem.
2591 1905 2770 1969 Quare
2809 1907 3012 1963 infert:
3058 1930 3075 1962 ι
3113 1913 3212 1966 Cui
3269 1915 3554 1980 honorem,

1973 1991 2258 2048 honorem.
2304 2012 2320 2044 ι
2364 1994 2463 2049 Est
2512 2001 2653 2051 enim
2706 1999 2897 2067 duplex
2951 2014 3128 2058 metus
3150 2005 3177 2059 ἐ
3229 2007 3406 2069 alter,
3445 2023 3558 2077 quo

1974 2092 2249 2137 terrentur
2306 2087 2510 2141 scelera
2557 2101 2854 2157 patrantes,
2906 2109 2970 2148 ex
3031 2098 3169 2150 mala
3211 2100 3548 2153 conscientia

1971 2175 2264 2243 proﬂuens,
2296 2193 2456 2246 quem
2481 2179 2593 2244 jam
2628 2193 2787 2237 antea
2825 2185 3008 2251 rejecit
3042 2188 3376 2254 Apostolus:
3410 2191 3553 2244 alter

1972 2280 2119 2330 vero,
2156 2283 2264 2336 quo
2297 2268 2587 2337 diligentes
2615 2287 2741 2341 erga
2791 2275 3017 2330 dilectos
3070 2278 3399 2344 afﬁciuntur,
3453 2280 3558 2334 hoc

1968 2367 2047 2411 est
2075 2397 2090 2422 ,
2145 2359 2418 2415 excellens
2461 2371 2516 2414 et
2567 2366 2803 2418 eximius
2847 2367 3052 2431 honor,
3096 2373 3551 2438 quemadmodum

1969 2449 2178 2503 dictum
2214 2460 2296 2502 est
2324 2459 2352 2489 τ
2383 2468 2396 2503 :
2422 2469 2442 2503 ι
2482 2454 2602 2507 Non
2643 2466 2726 2508 est
2771 2458 2956 2525 inopia
2991 2462 3308 2517 timentibus
3339 2482 3488 2530 eum,
3529 2486 3548 2518 ι

1969 2549 2042 2603 et,
2081 2560 2099 2593 ι
2137 2541 2322 2595 Timor
2376 2544 2590 2599 Domini
2650 2563 2976 2614 permanens
3031 2553 3083 2606 in
3134 2556 3392 2611 saeculum
3448 2574 3554 2613 sm-

1969 2635 2097 2688 cnli.
2139 2654 2157 2686 ι
2202 2636 2462 2692 Pietatem
2500 2640 2646 2692 enim
2684 2641 2771 2695 hic
2803 2645 2919 2697 sive
2968 2649 3333 2703 reverentiam
3359 2650 3555 2705 subiit-

1965 2725 2133 2781 dicat.

2037 2817 2215 2900 Venis-
2238 2820 2292 2874 8.
2331 2831 2358 2872 ι’
2382 2820 2596 2889 Nemini
2645 2827 2938 2895 quidquam
2993 2831 3275 2900 debeatis,
3335 2838 3440 2893 nisi
3492 2848 3552 2894 ut

1963 2923 2060 2963 vos
2091 2889 2324 2978 diiigatis
2357 2920 2562 2967 mutuo.
2604 2931 2624 2964 ι
2663 2889 3025 2985 ᾸΙὶειηυῑιιειιι
3063 2889 3544 2982 ἀεὺὶιιιίέόάίιετ

1964 2993 2292 3062 ςιιατίιιιιειη
2331 3014 2510 3058 autem
2546 3022 2818 3075 nunquam
2870 3001 3176 3078 persolvere
3207 3018 3421 3083 velitis,
3450 3026 3554 3076 sed:

1965 3109 2182 3163 semper
2245 3096 2413 3165 ipsam
2465 3097 2541 3171 uti
2601 3100 2841 3152 debitum
2877 3114 3193 3171 perpetuum
3255 3109 3544 3169 habebitis.

1964 3182 2078 3235 Non
2117 3183 2264 3237 enim
2303 3169 2621 3261 quia'h'odie
2664 3169 2952 3244 charitatis
2978 3169 3288 3260 quamdam
3316 3215 3548 3267 propen-

1968 3276 2173 3328 sionem
2206 3275 2597 3331 demonstrasti
2647 3293 2773 3348 erga
2806 3283 3138 3350 proximum,
3177 3289 3462 3346 arbitreris
3495 3305 3547 3348 to

1965 3368 2292 3436 persolvisse
2319 3371 2587 3434 debitum,
2625 3387 2688 3426 ac
2726 3384 3010 3443 propterea
3035 3378 3210 3455 ipsum
3261 3382 3322 3436 ili.
3350 3388 3544 3438 erasn-

1964 3473 2092 3510 num
2138 3459 2430 3529 negligas;
2473 3464 2572 3516 sed
2600 3474 2868 3533 perpetuo
2898 3468 3150 3521 existima
3196 3475 3250 3525 te
3302 3474 3542 3527 Charita-

1964 3557 2070 3603 tem
2105 3551 2302 3604 debere
2331 3554 2600 3620 proximo.
3250 3550 3253 3553 ’

2037 3643 2198 3697 Vtzns.
2226 3643 2279 3708 8,
2319 3645 2373 3699 9.
2421 3663 2440 3696 ι
2504 3645 2640 3700 Nam
2689 3649 2778 3716 qui
2813 3650 3046 3704 alterum
3095 3654 3308 3725 diligit,
3363 3658 3536 3726 legem

1962 3737 2221 3804 implevit.
2274 3735 2452 3790 Nam:
2486 3737 2604 3792 Non
2660 3743 3066 3798 maeehaberis:
3116 3745 3230 3800 Non
3280 3751 3538 3808 occides:

1957 3825 2074 3879 Non
2110 3825 2419 3884 fui-aberis:
2455 3829 2573 3884 Non
2628 3835 3000 3903 concupisces,
3037 3846 3090 3891 et
3129 3839 3174 3891 si
3216 3843 3358 3909 quod
3393 3843 3540 3898 aliud

1958 3916 2290 3980 mandatum,
2343 3919 2394 3971 in
2448 3919 2552 3973 hoc
2597 3922 2762 3975 verbo
2822 3939 3250 3993 consummatur,
3302 3947 3535 4000 nempe:

1957 4005 2158 4076 Diliges
2195 4013 2504 4076 proximum
2550 4022 2704 4067 tuum.
2755 4025 2811 4068 ut
2865 4020 3114 4087 teipsum.
3153 4039 3172 4072 ι
3215 4023 3316 4088 Qui
3353 4029 3538 4093 proxi—

1899 4151 1909 4158 ,
1957 4113 2104 4151 mum
2136 4098 2336 4168 diligit,
2391 4111 2554 4157 totam
2617 4104 2792 4174 legem
2836 4108 3044 4176 implet.
3109 4111 3374 4183 Deinceps
3423 4116 3533 4187 θ’]

1957 4191 2143 4258 itaque
2201 4192 2430 4258 quislme
2491 4195 2798 4261 proximum
2859 4212 3016 4251 suum
3065 4200 3226 4255 debet
3284 4205 3530 4275 diligere,

1955 4281 2394 4349 quandoquidem
2445 4291 2534 4339 tot.
2571 4286 2845 4355 tantisque
2882 4288 3164 4345 beneﬂciis
3187 4295 3255 4347 ab
3293 4310 3359 4348 eo
3390 4285 3534 4364 ejus-

1955 4387 2058 4440 quc
2083 4372 2375 4429 dilectione
2403 4375 2474 4429 sit
2505 4375 2765 4432 aﬂectus:
2798 4389 2855 4433 ut
2878 4388 3042 4434 totam
3083 4381 3256 4452 legem
3286 4386 3525 4454 iii-plent.

1953 4465 2069 4520 Non
2101 4477 2284 4521 autem
2311 4469 2466 4534 dixit,
2495 4467 2773 4538 Impletur,
2808 4473 2924 4538 sed,
2964 4491 2982 4524 ι
3023 4474 3468 4546 Consummatur,
3504 4500 3523 4532 ι

272 4551 444 4601 στολῶν
469 4552 848 4622 ἀπαρτίζεται.
879 4557 988 4608 Καὶ
1014 4557 1121 4628 γάρ
1146 4561 1240 4611 καὶ
1265 4561 1406 4632 ἀρχὴ
1434 4565 1527 4616 καὶ
1550 4565 1700 4629 τέλος
1726 4569 1846 4637 ἀρε·
1872 4548 1926 4610 D
1955 4559 2054 4614 Ι100
2088 4568 2190 4625 εει.

1899 4548 2054 4614 )Ιιοο
2088 4568 2190 4625 est,
2252 4561 2514 4630 quidquid
2573 4564 2626 4615 in
2682 4563 2816 4632 legis
2869 4567 3138 4622 mandatis
3193 4573 3523 4639 continetur,

272 4642 373 4708 τῆς
416 4645 457 4711 ἥ
485 4645 694 4713 ἀγάπη.
737 4647 1169 4719 Ἐπιτεταμέυην
1205 4653 1260 4705 δὲ
1301 4655 1522 4724 ἀγάπην
1559 4658 1782 4712 άπαιτεῖ
1817 4663 1845 4714 6

271 4732 505 4799 νόμος.ἰ
539 4734 624 4796 Ὠς
651 4737 840 4790 ἑαυτὸν
863 4758 880 4791 ι
906 4741 1029 4810 γὰρ,
1053 4745 1238 4812 φησιν,
1267 4763 1284 4796 ι
1308 4746 1590 4818 ἀγάπησον
1608 4751 1698 4803 τὸν
1716 4753 1843 4820 πλη-

275 4823 411 4874 σίον·
447 4842 465 4874 ι
506 4827 534 4876 6
586 4826 642 4878 δὲ
703 4829 904 4900 Κύριος
948 4833 1008 4884 τὸ
1067 4834 1250 4903 μεῖζον
1292 4839 1386 4890 καὶ
1444 4840 1583 4909 ὑπὲρ
1631 4844 1838 4904 ἑαυτὸν,

273 4917 428 4983 φησί.
470 4914 579 4986 Την
621 4921 726 4989 γάρ
774 4924 952 4994 ψυχὴν
994 4926 1199 4978 τιθέναι
1245 4929 1385 5001 ὑπὲρ
1427 4931 1520 4985 τοῦ
1571 4934 1723 5003 φίλου
1773 4937 1842 4989 δι·

270 5006 482 5062 δάσκεπ

351 5204 367 5234 ι
428 5185 488 5236 'll
548 5186 732 5258 ἀγάπη
758 5230 771 5252 ,
799 5192 874 5260 τῷ
908 5192 1131 5266 πλησίον
1162 5198 1328 5250 κακὸν
1382 5201 1479 5252 οὐκ
1528 5204 1838 5274 ἐργάζεται.

273 5276 554 5345 ιιλήρωμα
588 5279 679 5333 οὖν
722 5284 908 5351 νόμου,
944 5287 1201 5358 ήάγάπη.
1231 5309 1247 5339 ι
1291 5293 1596 5366 Ἀμφότεροι
1629 5276 1694 5350 τά
1726 5301 1838 5368 εἴδη

269 5367 366 5436 τῆς
393 5369 590 5437 ἀρετῆς
629 5375 896 5440 προσόντα
925 5380 989 5446 τῇ
1014 5379 1202 5452 ἀγάπῃ
1229 5382 1489 5456 δεικνύει·
1521 5389 1620 5456 τήν
1651 5407 1705 5440 τε
1735 5391 1840 5442 τῶν

271 5460 459 5532 miva
488 5462 717 5531 ἀποχὴν,
762 5467 816 5517 ὲν
854 5468 930 5537 τῷ
957 5471 1159 5521 εἰπεῖν·
1217 5491 1234 5523 ι
1270 5475 1452 5528 Κακὸν
1484 5479 1582 5531 οὐκ
1614 5483 1838 5550 ἐργάζε·
1900 5501 1910 5510 ’

341 5608 368 5637 ν
404 5598 548 5654 Psal.
591 5619 778 5667 χχχιιι,
821 5607 904 5672 10,
955 5609 1041 5675 18,
1077 5613 1166 5668 19.

1951 4651 2185 4706 breviter
2220 4661 2275 4706 et
2304 4655 2578 4711 succincte
2613 4657 2915 4722 perﬁcitur.
2965 4658 3176 4715 Etenim
3203 4663 3523 4732 principium

1948 4754 2003 4798 et
2044 4745 2164 4798 linis
2193 4744 2432 4811 virtutis,
2461 4755 2544 4801 est
2573 4749 2808 4802 dilectio.
2842 4749 3028 4815 Porro,
3051 4751 3328 4808 inlensam.
3347 4758 3525 4811 chari-

1950 4847 2114 4892 tatem
2151 4839 2230 4892 lex
2267 4840 2470 4907 exigit:
2507 4858 2525 4891 ι
2566 4841 2765 4909 Diliges
2794 4845 2935 4894 enim
2959 4846 3266 4911 proximum
3300 4857 3470 4914 tuum,
3497 4870 3518 4903 ›

1950 4931 2144 4999 inquit,
2182 4949 2200 4981 ι
2238 4943 2291 4985 ιιι
2332 4934 2597 5001 teipsum:
2630 4953 2648 4986 ι
2681 4935 2940 4989 Dominus
2968 4947 3145 4991 autem
3183 4952 3366 4994 noster
3404 4959 3522 5013 ma-

1944 5024 2116 5092 jorem
2134 5026 2321 5094 exigit,
2348 5035 2422 5089 et,
2441 5025 2615 5094 Supra
2641 5029 2894 5095 teipsuui,
2913 5032 3102 5098 inquit.
3132 5031 3260 5086 Nam
3283 5039 3515 5090 animam

1943 5133 2037 5184 pro
2072 5119 2250 5173 amico
2281 5133 2481 5185 ponere
2507 5120 2686 5174 docet.

2013 5208 2294 5263 Vsus.10.
2349 5227 2364 5257 ι
2403 5208 2655 5265 Charitas
2705 5215 2952 5279 proximo
2997 5215 3193 5268 malum
3234 5231 3340 5270 non
3387 5233 3517 5283 ope-

1943 5311 2112 5352 ratur.
2147 5299 2430 5352 Plenitudo
2461 5302 2626 5366 igitur
2675 5304 2807 5372 legis
2835 5305 3076 5359 dilectio.
3120 5326 3140 5358 ι
3179 5308 3376 5362 ΑιιιΙ-κιε
3410 5312 3490 5361 vir

1942 5395 2068 5444 tutis
2121 5394 2328 5459 species
2379 5395 2632 5446 cltaritati
2691 5398 2881 5449 adesse
2942 5409 3244 5454 monstrat:
3296 5415 3323 5452 a
3358 5403 3517 5455 malis

1945 5485 2346 5548 abstinentiam,
2386 5486 2437 5538 in
2472 5503 2537 5541 eo
2561 5491 2700 5554 quod
2729 5491 2847 5542 ait:
2889 5509 2906 5541 ι
2946 5490 3140 5546 Malum
3182 5510 3287 5548 non
3319 5509 3514 5564 opera-

1617 5715 1820 5776 Varite
1863 5715 2196 5780 lectiones.

346 5813 395 5846 ³⁸
440 5815 608 5888 αὐτὴν
634 5820 731 5892 τὴν
779 5837 832 5878 o.
909 5825 951 5858 "
977 5829 1348 5904 ἀπαραίτητον
1378 5850 1428 5892 o.
1508 5837 1551 5869 "
1581 5841 1608 5891 ό
1654 5840 1754 5909 μὲν
1781 5839 1874 5895 οὖν
1905 5843 2052 5897 ἐστιν
2073 5857 2127 5899 o.
2203 5843 2248 5877 ³⁸
2278 5843 2521 5914 ἔντολαςς
2557 5844 2634 5911 ὡς
2682 5845 2771 5918 ὑφ.
2801 5862 2834 5904 0
