4286 6444
239 462 345 530 521

316 599 337 633 ι
382 580 474 648 Μὴ
519 576 719 645 κώμοις
751 575 843 627 καὶ
875 571 1086 642 μέθαις.
1132 589 1148 620 ι
1186 566 1262 622 Οὐ
1295 566 1354 618 τὸ
1387 565 1559 617 πίνειν
1588 559 1806 648 κωλύει,
1842 563 1885 616 Α

237 670 375 724 ἀλῒά
399 647 771 737 τδίάμέτρως·
802 664 920 716 0:5:
949 661 1008 713 τι
1043 656 1335 712 ἀπολαύειν
1365 654 1532 718 οῖνυυ,
1563 650 1694 704 ἀλλὰ
1720 647 1820 716 τὴν

241 762 551 832 παροινίαν.
615 761 815 827 Κῶμος
866 756 975 825 γάρ
1027 756 1140 805 ἐστι
1200 751 1269 804 τὰ
1313 750 1449 818 μετά
1514 743 1681 815 μέθης
1731 740 1826 792 καὶ

243 855 457 926 ὕϐρεως
487 854 708 925 ᾅσματα
733 867 744 882 '
779 849 804 902 ὃ
836 849 927 900 καὶ
960 846 1215 916 παροινία
1248 843 1485 909 λέγεται.

326 1144 344 1176 ι
382 1127 473 1196 Μὴ
513 1124 720 1187 κοίταις
767 1123 859 1176 καὶ
895 1118 1229 1188 ἀσελγείαις.
1265 1135 1284 1169 ι
1335 1113 1518 1168 Εἰπὼν
1572 1111 1700 1181 περί
1729 1110 1828 1178 τῆς

249 1218 424 1286 μέθης
458 1217 744 1286 πρότερον,
777 1214 872 1266 νῦν
903 1212 1053 1278 λέγει
1085 1209 1340 1280 περὶτῶν
1372 1209 1434 1259 ὲκ
1469 1204 1671 1272 ταύτης
1705 1219 1828 1268 γεν-

245 1311 511 1378 νωμένων
547 1308 766 1359 κακῶν·
803 1308 869 1357 ὲκ
900 1306 1009 1374 γὰρ
1046 1304 1216 1373 μέθης
1249 1302 1304 1354 αἱ
1353 1300 1652 1366 ἀσέλγειαι.
1698 1295 1830 1347 Οὐδὲ

249 1405 358 1471 γὰρ
400 1401 636 1454 ἐνταῦθα
688 1401 748 1452 τὸ
803 1398 1095 1470 μίγνυσθαι
1149 1394 1397 1463 γυναιξὶν
1439 1392 1671 1460 ἀναιρεῖ,
1712 1387 1833 1440 οὐδὲ

250 1494 350 1566 τὴν
383 1495 591 1562 κοίτην,
622 1492 756 1544 ἀλλὰ
779 1489 1170 1561 τοπορνεύειν.

332 1604 351 1636 ι
389 1585 481 1656 Μὴ
515 1586 650 1654 ἔριδι
681 1587 772 1636 καὶ
800 1584 965 1654 ζήλῳ.
1003 1599 1021 1634 ι
1072 1581 1288 1650 Ἐπειδὴ
1315 1580 1382 1632 τὰ
1423 1582 1485 1631 ὲκ
1509 1579 1602 1646 τῆς
1646 1573 1833 1625 ἐπιθυ-

257 1678 390 1747 μίας
411 1679 707 1746 τικτόμενα
735 1676 1059 1737 κατέσϐεσε,
1085 1674 1180 1726 νῦν
1228 1674 1321 1726 καὶ
1360 1674 1426 1724 τα
1457 1673 1517 1722 ἐκ
1541 1669 1631 1720 τοῦ
1659 1664 1833 1735 θυμοῦ

254 1770 405 1822 κακά
451 1768 822 1845 καταστέλλει.
875 1768 1039 1820 Οὐδὲν
1092 1767 1200 1834 γὰρ
1234 1765 1376 1818 οὕτω
1416 1763 1509 1815 καὶ
1543 1760 1835 1828 ἐπιθυμίαν

252 1865 510 1924 ἀνάπτει,
553 1862 646 1912 καὶ
674 1859 840 1930 ὀργὴν
874 1857 1109 1921 ἐκκαίει,
1142 1858 1213 1918 ib;
1252 1854 1388 1933 μέρη
1421 1854 1516 1906 καὶ
1558 1852 1831 1922 παροινία.

267 1956 364 2008 Ἐκ
399 1954 453 2006 δὲ
484 1953 576 2005 τοῦ
609 1951 770 2022 ζήλου
805 1954 837 2022 ἡ
878 1951 1014 2021 ἔρις.
1060 1949 1118 2002 '0
1164 1948 1272 2019 γὰρ
1323 1945 1653 2018 ζηλοτυπίαν
1701 1943 1838 2013 ἔχων

255 2046 398 2114 πρός
456 2060 598 2107 τινα,
643 2035 798 2104 οὗτος
857 2043 951 2094 καὶ
1000 2041 1076 2103 είς
1126 2038 1306 2110 ἔριδας
1355 2039 1545 2107 χωρεῖ.
1610 2033 1840 2087 Ἀνελὼν

253 2137 415 2190 οἶδ-»³⁷
455 2136 554 2208 τὴν
589 2134 727 2206 ἔριν,
762 2133 1049 2204 ἀνατρέχει
1104 2132 1198 2185 καὶ
1237 2131 1330 2182 ἐπὶ
1363 2132 1458 2200 τὴν
1499 2127 1671 2198 ἀρχὴν
1710 2132 1840 2181 ταύ-

253 2247 380 2298 της,
415 2229 516 2295 τὴν
547 2225 893 2297 ζηλοτυπίαν.
923 2225 1080 2279 Ἐπεὶ
1102 2224 1158 2277 δὲ
1191 2220 1333 2276 οἶδεν
1365 2224 1446 2275 ὃτι
1477 2225 1539 2274 ἐκ
1564 2221 1662 2290 τῆς
1689 2220 1843 2272 ἀσελ-

254 2323 414 2389 γείας
463 2322 792 2374 ἀνάπτονται
839 2320 1066 2388 πόλεμοι
1119 2317 1212 2368 καὶ
1269 2315 1458 2368 οἰκιῶν
1514 2314 1841 2384 ἀνατροπαὶ,

261 2414 406 2483 μετά
432 2413 531 2480 τῆς
560 2411 844 2480 ἀσελγείας
876 2410 1049 2482 ἔριδος
1076 2411 1168 2462 καὶ
1194 2407 1356 2480 ζήλου
1381 2405 1649 2479 ἐμνήσθη.

341 2708 360 2740 ι
411 2687 553 2740 Ἀλλ’
593 2687 884 2741 ἐνδύσασθε
925 2686 1014 2738 τὸν
1048 2685 1433 2757 Κύριονὴμῶν
1477 2682 1684 2754 Ἰησοῦν
1713 2686 1848 2751 Χρι-

263 2782 412 2835 στὸν.
480 2799 497 2830 ι
561 2779 858 2841 ’Λποδύσας
914 2780 1058 2849 ἡμᾶς
1101 2779 1211 2830 τῶν
1265 2775 1520 2847 πονηρῶν
1595 2777 1846 2846 ἱματίων,

262 2873 600 2937 καλλωπίζει
629 2873 836 2937 λοιπὸν,
861 2873 1046 2924 οὐκέτι
1080 2871 1218 2924 ὅπλα
1246 2872 1423 2938 φωτδς
1449 2872 1596 2941 ἡμεῖς
1626 2869 1847 2934 ὲνδύων,

262 2965 380 3018 ἀλλ’
426 2964 455 3017 ὂ
502 2964 679 3033 πο).λῷ
722 2963 1177 3033 φρικωδέστερον,
1211 2962 1303 3014 τὸν
1362 2963 1525 3015 αὑτὸν
1573 2961 1851 3030 Δεσπότην

261 3056 445 3118 διδοὺς
474 3055 686 3124 ἱμάτιον
710 3056 866 3124 ἡμῖν.
919 3054 977 3107 '0
1010 3055 1120 3125 γὰρ
1146 3054 1338 3107 τοῦτον
1367 3053 1849 3126 περιὸεόλημένος,

266 3144 454 3196 πᾶσαν
478 3145 588 3214 ἔχει
625 3143 722 3214 τὴν
750 3139 970 3215 ἀρετήν.

349 3349 365 3380 ι
415 3330 523 3381 Καὶ
558 3328 657 3397 τῆς
701 3329 899 3397 σαρκὸς
930 3329 1184 3399 πρόνοιαν
1229 3330 1303 3400 μὴ
1336 3329 1575 3383 ποιεῖσθε
1615 3333 1694 3393 εἰς
1729 3333 1850 3384 ἐπι-

271 3420 494 3491 θυμίας.
537 3439 554 3470 ι
595 3421 668 3474 Οὐ
719 3421 778 3472 τὸ
830 3422 1177 3490 προνοεῖσθαι
1225 3426 1324 3492 τῆς
1382 3423 1584 3493 σαρκὸς
1618 3424 1850 3489 κωλύει,

269 3513 409 3564 ἀλλὰ
435 3512 514 3578 τὸ,
558 3512 636 3574 είς
665 3511 979 3581 ἐπιθυμίας.
1025 3513 1168 3583 Πρὸς
1214 3513 1446 3581 ὑγίειαν,
1484 3516 1668 3584 φησὶν,
1719 3516 1854 3569 ἀλλὰ

276 3603 354 3671 μὴ
385 3603 521 3672 πρὸς
562 3603 853 3670 ἀσέλγειαν
904 3604 1166 3673 ἐπιμελοῦ
1192 3605 1292 3674 τῆς
1328 3605 1548 3675 σαρκός.
1583 3607 1716 3659 Οὐδὲ
1746 3609 1853 3677 γὰρ

272 3697 344 3749 ἀν
371 3697 456 3762 εῐη
514 3697 743 3768 πρόνοια
801 3696 1024 3762 λοιπὸν,
1073 3697 1202 3748 ὅταν
1251 3697 1347 3767 τὴν
1386 3698 1557 3766 φλόγα
1585 3699 1851 3770 ἀνάπτῃς,

273 3791 407 3843 ὅταν
455 3789 551 3858 τὴν
599 3789 829 3857 κάμινον
863 3791 1106 3859 χαλεπὴν
1139 3793 1319 3859 ποιῇς.
1360 3791 1454 3844 Ἐν
1491 3789 1639 3860 ζήτει
1673 3793 1851 3861 μόνον,

275 3885 426 3944 ὅπως
474 3882 826 3949 ὑγιαίνουσαν
866 3882 993 3954 ἔχῃς
1040 3883 1140 3953 τὴν
1183 3884 1392 3954 σάρκα·
1448 3885 1758 3954 περαιτέρω
1798 3885 1854 3937 δὲ

278 3975 448 4043 μηδὲν
492 3974 858 4046 περιεργάσῃ,
888 3973 1030 4027 ὥστε
1072 3975 1171 4037 τὰς
1217 3973 1516 4044 ἐπιθυμίας
1552 3975 1721 4044 αὐτῆς
1767 3978 1858 4027 ἀν-

276 4066 436 4134 άψαι,
471 4065 605 4118 ἀλλὰ
645 4067 826 4119 πᾶσαν
859 4069 957 4136 τὴν
989 4066 1225 4138 σπουδὴν
1254 4067 1383 4138 περὶ
1408 4066 1478 4120 τὰ
1515 4068 1855 4137 πνευματικὰ

277 4175 564 4214 αναιιισκε.

883 4361 1134 4414 ΚΕΦΛΛ.
1175 4362 1271 4415 ΙΔ’.

358 4494 377 4528 ‹
425 4475 530 4529 Τὸν
549 4474 605 4527 δὲ
630 4473 960 4528 ἀσθενοῦντα
989 4475 1054 4544 τῇ
1085 4472 1267 4525 πίστει
1291 4472 1794 4542 προσλαμϐάνεσθε.
1830 4493 1848 4525 ›

278 4567 472 4621 Πολλοι
495 4565 624 4658 λτῶν
661 4566 720 4632 ἐξ
757 4564 1026 4617 Ἰουδαίων
1074 4563 1541 4629 πεπιστευκότων,
1579 4565 1672 4617 καὶ
1718 4566 1853 4634 μετὰ

276 4660 378 4728 τὴν
420 4653 605 4709 πίστιν
633 4656 930 4724 ἐφύλαττον
965 4653 1044 4706 ἔτι
1071 4654 1170 4724 τὴν
1202 4653 1309 4705 τῶν
1343 4653 1650 4723 βρωμάτων
1676 4671 1854 4724 παραυ

278 4751 535 4820 τήρησιν,
577 4749 670 4802 καὶ
709 4749 960 4817 χοιρείων
990 4748 1166 4815 κρεῶν
1208 4745 1518 4815 ἀπείχοντο,
1539 4745 1692 4797 οὔπω
1719 4747 1852 4817 θαῤ-

280 4842 506 4912 ροῦντες
534 4839 716 4892 τέλεον
742 4839 1044 4907 ἀποστῆναι
1078 4836 1170 4888 τοῦ
1212 4836 1398 4905 νόμου.
1433 4832 1566 4890 Εἶτα
1612 4836 1752 4889 ὥστε
1781 4839 1855 4908 μὴ

278 4933 593 5002 εὐφώρατοι
646 4931 984 4998 καταστῆναι
1018 4931 1093 4990 ὼς
1132 4929 1238 4980 τῶν
1265 4927 1516 4997 χοιρείων
1543 4929 1717 4998 μόνων
1749 4931 1854 4982 ἀπ·-

279 5029 552 5097 εχόμενοι,
576 5026 791 5078 πάντων
816 5023 997 5086 ἁπλῶς
1017 5023 1303 5091 ἀπείχοντο
1322 5023 1517 5091 κρεῶν,
1543 5025 1635 5076 καί
1651 5023 1858 5093 λάχανα

279 5120 489 5189 ἧσθιον.
535 5118 754 5186 ’Έτεροι
800 5115 962 5168 πάλιν
1004 5110 1143 5182 ἦσαν
1192 5113 1537 5182 τελειότεροι,
1586 5114 1634 5166 οἳ
1693 5116 1857 5184 μηδὲν

279 5209 753 5282 παρατηροῦντες,
784 5205 1060 5268 ὠνείδιζον
1085 5206 1195 5266 τοῖς
1226 5203 1662 5272 παρατηροῦσιν.
1707 5205 1861 5273 Ἐφο-

281 5303 423 5372 ὄήθη
452 5300 632 5351 τοίνυν
663 5300 690 5350 ὁ
731 5295 964 5358 Παῦλος,
1006 5295 1201 5365 μήπως
1232 5294 1471 5362 ἀκαίρως
1496 5295 1861 5364 ὲπιπλήσσον·

278 5410 395 5456 τες,
447 5389 544 5442 καὶ
578 5390 652 5458 μὴ
693 5387 832 5456 μετά
863 5386 956 5439 τοῦ
995 5386 1364 5453 προσήκοντος
1413 5385 1640 5454 τρόπου,
1684 5402 1861 5456 παρα-

282 5483 589 5537 σαλευσωσι
618 5480 745 5542 τοὺς
776 5477 1164 5547 ἀτελεστέρους
1193 5477 1242 5528 οί
1274 5478 1598 5547 τελειότεροι
1629 5479 1735 5528 ἀπὺ
1761 5478 1857 5547 τῆς

279 5583 360 5641 εἰς
389 5576 622 5645 Χριστὸν
654 5574 888 5632 πίστεως
909 5587 920 5599 ·
963 5571 1040 5621 διὸ
1074 5571 1172 5622 καὶ
1203 5568 1383 5636 σοφῶς
1421 5569 1857 5638 μεταχειρίζεται

278 5673 338 5723 τὸ
358 5671 613 5739 πρᾶγμα,
629 5665 890 5733 ἐκατέρου
912 5664 1108 5732 μέρους
1128 5660 1571 5730 ἐπιμελούμενος.
1597 5659 1733 5712 Οῦτε
1752 5661 1859 5730 γὰρ

1062 448 1469 514 EXPOSITIO
1504 447 1585 507 ΙΝ
1631 441 1868 504 EPIST.
1913 440 2011 500 AD
2050 437 2231 498 ROM-
2266 460 2331 470 —
2360 435 2516 493 CAP.
2544 433 2693 491 XIV.

3398 422 3500 485 ιρι

1991 575 2006 605 t
2047 555 2160 608 Non
2212 555 2261 605 in
2312 548 2796 604 comessationibus
2834 553 2882 597 ct
2927 541 3300 598 ebri‘etatihus.
3347 556 3365 588 ι
3411 536 3502 588 lli-

1929 649 2057 700 bcre
2093 644 2513 712 haudquaquam
2550 648 2712 702 vetat,
2748 638 2841 692 sed
2879 635 3232 688 immoderate
3269 631 3451 684 bibere
3489 646 3500 680 :

1930 753 2102 807 neque
2132 737 2231 788 frui
2264 749 2591 804 quemquam
2629 735 2753 783 vino
2787 729 3061 798 prohibet.
3094 726 3186 780 sed
3219 727 3386 791 ipsam
3422 732 3506 774 te-

1932 827 2244 880 mnlentiam
2297 834 2467 876 arcet.
2513 823 2713 891 Κῶμος
2768 821 2908 873 enim
2963 826 3044 871 est
3078 813 3363 868 cantilena:
3403 811 3508 863 illa:

1931 935 2049 989 qua:
2077 921 2130 972 in
2159 917 2421 969 ebrietate
2457 931 2574 968 rum
2613 913 2802 980 injuria
2841 914 2972 964 fiunt
3008 924 3020 959 :
3052 908 3193 976 quod
3245 915 3298 958 et
3337 913 3506 956 lentu-

1934 1016 2100 1068 lentia
2135 1015 2353 1068 dicitur.

2011 1126 2027 1157 ί
2067 1106 2180 1160 Non
2236 1108 2285 1159 in
2341 1101 2611 1156 cubilibus
2661 1109 2711 1152 et
2763 1092 3138 1165 impudicitiis.
3192 1110 3209 1141 ι
3253 1089 3384 1143 Cttm
3445 1087 3512 1138 de

1934 1198 2196 1252 ebrietate
2221 1198 2370 1265 prius
2396 1196 2604 1246 locutus
2634 1199 2799 1252 esset,
2834 1203 2976 1240 nunc
3004 1187 3068 1238 de
3101 1183 3258 1236 malis
3293 1179 3511 1233 disserit

1936 1306 1996 1344 ex
2047 1305 2106 1341 ea
2145 1290 2298 1341 ortis.
2358 1288 2430 1340 Ex
2479 1286 2744 1339 ebrietate
2798 1281 2938 1333 enim
2991 1274 3337 1343 impudicitiae
3387 1287 3514 1340 pro-

1936 1383 2126 1436 fluunt.
2163 1380 2349 1448 Neque
2384 1379 2532 1433 enim
2569 1378 2655 1428 hic
2701 1371 2959 1426 uxoribus
2990 1369 3158 1436 jungi,
3193 1377 3364 1432 neque
3397 1379 3516 1414 ma-

1941 1476 2175 1530 trimonii
2211 1475 2404 1527 lectum
2441 1471 2597 1533 tollit,
2631 1469 2723 1521 sed
2759 1467 2928 1533 ipsam
2969 1459 3406 1513 fornicationem.

2015 1589 2033 1619 ι
2074 1566 2187 1620 Non
2224 1568 2273 1618 in
2311 1564 2653 1618 contentione
2682 1569 2735 1614 et
2762 1555 3122 1611 aemulatione.
3168 1570 3184 1601 ι
3218 1551 3350 1604 Cum
3381 1548 3516 1600 mala

1939 1678 2004 1715 ex
2039 1659 2471 1726 concupiscentia
2506 1665 2628 1708 nata
2665 1651 3034 1708 exstinxisset,
3071 1661 3210 1698 nunc
3235 1645 3394 1697 etiam
3432 1642 3516 1692 illa

1941 1767 2057 1820 qua:
2114 1766 2176 1803 ex
2232 1754 2310 1802 ira
2345 1747 2644 1814 prodeunt,
2698 1742 3001 1811 supprimit.
3038 1739 3175 1792 Nihil
3205 1738 3346 1789 enim
3384 1734 3516 1785 adeo

1942 1843 2288 1911 cupiditatem
2312 1838 2579 1900 accendit,
2610 1847 2663 1889 et
2688 1835 2819 1888 iram
2850 1830 3164 1892 inﬂammat,
3199 1838 3256 1878 ut
3285 1825 3519 1878 ebrietas

1944 1949 2007 1988 ac
2058 1933 2390 1987 temulentia.
2453 1931 2527 1983 Ex
2587 1927 2932 1982 aemulatione
2983 1933 3163 1976 autem
3224 1917 3520 1973 comentio.
3577 1939 3579 1942 ι

1943 2025 2043 2092 Qui
2088 2026 2230 2080 enim
2276 2023 2563 2077 :emulatur
2609 2021 2791 2084 alicui,
2836 2019 2880 2072 is
2934 2027 2988 2070 et
3015 2017 3080 2067 ad
3118 2016 3265 2068 rixas
3298 2025 3522 2080 progre-

1943 2120 2108 2174 ditur.
2147 2117 2371 2172 Sublata
2401 2118 2585 2183 itaque
2613 2113 2980 2171 contentione,
3008 2109 3072 2162 ad
3101 2105 3523 2165 aemulationem,

1946 2211 2086 2264 unde
2120 2210 2206 2263 illa
2239 2208 2502 2266 exoritur,
2538 2201 3090 2267 rccurrit.‘Quoniam
3122 2214 3247 2252 vero
3275 2210 3525 2262 comper-

1947 2312 2057 2355 ttttn
2109 2300 2317 2363 habuit,
2368 2298 2503 2351 bella
2565 2312 2629 2349 ex
2673 2294 3036 2349 fornicatione
3090 2301 3146 2343 et
3190 2285 3524 2356 impudicitia

1946 2392 2290 2455 exsuscitari,
2337 2390 2643 2456 aediumque
2675 2386 3096 2444 subversiones,
3133 2396 3234 2432 una
3267 2394 3385 2430 cum
3425 2376 3527 2428 itu-

1949 2484 2203 2554 pudicitia
2253 2480 2618 2536 contentionis
2669 2486 2724 2530 et
2774 2472 3135 2529 aemulationis
3198 2469 3526 2524 mentionem

1948 2577 2100 2630 facit.
3035 2592 3048 2616 ι

2023 2644 2187 2722 Vens.
2229 2667 2316 2720 M.
2365 2685 2380 2716 ι
2418 2663 2523 2718 Sed
2574 2659 2871 2715 induamini
2938 2656 3222 2710 Dominum
3279 2660 3526 2707 nostrum

1950 2760 2132 2817 Jesum
2169 2759 2468 2813 Christum.
2518 2773 2537 2805 ι
2599 2752 2760 2806 Exuit
2817 2765 2914 2803 nos
2970 2747 3150 2816 pravis
3191 2746 3530 2799 vestimentis

1951 2851 2261 2920 Apostolus,
2281 2850 2531 2915 deinceps
2551 2852 2778 2899 exornat
2806 2858 2924 2903 nos,
2952 2857 3057 2893 non
3080 2840 3191 2908 jam
3218 2838 3352 2890 lucis
3377 2853 3528 2889 arma

1955 2960 2053 3000 nos
2101 2945 2350 3005 induens,
2382 2941 2474 2995 sed
2525 2937 2668 3008 quod
2700 2936 2868 2991 multo
2909 2933 3079 3000 magis
3112 2940 3190 2985 est
3232 2929 3532 2983 formidan-

1955 3040 2102 3103 dum,
2157 3039 2330 3104 ipsum
2393 3033 2676 3087 Dominum
2728 3044 2826 3098 pro
2876 3027 3197 3079 indumento
3232 3023 3392 3077 nobis
3428 3024 3534 3074 lar-

1958 3134 2134 3203 giens.
2192 3128 2302 3182 lloc
2336 3127 2423 3196 qui
2475 3125 2702 3180 vestitus
2738 3121 2923 3186 fuerit,
2978 3120 3123 3173 omni
3172 3132 3303 3172 sane
3337 3116 3536 3169 virtute

1874 3251 1920 3312 ε
1955 3225 2241 3278 decoratus
2270 3231 2369 3275 est.

2039 3335 2056 3367 ι
2100 3318 2164 3372 Ει
2194 3314 2374 3370 carnis
2401 3325 2584 3365 curam
2619 3324 2686 3363 ne
2718 3307 2996 3378 gesseritis
3026 3307 3090 3358 ad
3127 3304 3469 3371 cupiditates.
3510 3321 3528 3353 ι

1961 3409 2076 3464 Non
2132 3407 2381 3479 prohibet
2427 3406 2607 3459 carnis
2644 3417 2853 3465 curant,
2902 3401 2992 3454 sed
3030 3415 3094 3452 ne
3142 3398 3291 3464 juxta
3327 3397 3537 3464 cupidi-

1964 3513 2098 3556 tates
2131 3501 2298 3571 ipsius
2340 3499 2387 3552 ei
2421 3497 2837 3566 prospiciamus.
2890 3495 2967 3545 Ad
3000 3493 3313 3552 sanitatem,
3344 3489 3536 3557 inquit,

1960 3595 2054 3649 sed
2091 3609 2192 3647 non
2227 3591 2292 3646 ad
2325 3591 2576 3644 libidines
2608 3598 2662 3644 et
2695 3589 3000 3655 voluptates
3033 3583 3182 3638 carni
3222 3581 3536 3649 prospicito.

1963 3686 2145 3755 Neque
2196 3685 2337 3740 enim
2392 3686 2540 3738 istarc
2581 3681 2918 3752 providentia
2973 3687 3064 3732 aut
3109 3690 3237 3729 cura
3272 3675 3454 3732 fuerit,
3494 3675 3535 3726 si

1963 3780 2230 3834 llanunam
2265 3778 2550 3839 accendas,
2601 3777 2644 3830 si
2695 3774 2966 3829 caminum
2997 3772 3280 3825 molestum
3326 3767 3537 3821 reddas.

1965 3858 2140 3926 Unurh
2172 3871 2310 3925 istuc
2344 3870 2455 3940 99
2487 3869 2860 3923 tantunnnodo
2891 3881 3072 3933 qnzcre
3093 3904 3109 3929 ,
3164 3872 3223 3917 ut
3264 3877 3391 3918 caro
3421 3878 3542 3917 cor-

1963 3951 2168 4035 pusque
2198 3971 2349 4016 tuum
2387 3963 2524 4016 bene
2550 3961 2726 4014 valeat
2761 3973 2774 4013 :
2810 3970 2971 4026 supra
3013 3959 3112 4010 hoc
3164 3971 3230 4011 ne
3261 3956 3334 4009 sis
3365 3957 3541 4008 adhuc

1964 4058 2228 4119 curiosus,
2267 4069 2441 4122 neque
2473 4054 2522 4107 id
2554 4067 2680 4121 agas
2715 4061 2776 4104 ut
2816 4050 3136 4118 cupiditates
3190 4048 3306 4116 ejus
3341 4061 3538 4100 accen-

1964 4149 2081 4209 das,
2131 4146 2224 4200 sed
2272 4159 2487 4200 omnem
2544 4154 2797 4198 conatum
2845 4145 2996 4194 tuunt'
3045 4141 3188 4194 circa
3239 4137 3538 4207 spiritualia

1964 4249 2195 4294 Insume.

2551 4344 2778 4403 CAPUT
2818 4331 2957 4400 xw.

2034 4469 2197 4523 Vens.
2241 4468 2293 4521 l.
2356 4484 2373 4517 ι
2409 4465 2685 4518 lnlirntum
2717 4472 2896 4516 autem
2955 4463 3033 4514 iu‘
3063 4459 3164 4513 lide
3195 4459 3477 4513 assumite.
3516 4477 3535 4510 ι

1963 4560 2217 4630 Plerique
2280 4558 2587 4613 Judarorum
2657 4556 2747 4624 qui
2818 4555 2938 4608 fidei
3005 4561 3369 4615 accesserant,
3422 4560 3543 4619 post

1966 4654 2121 4706 fidem
2161 4652 2336 4706 adhuc
2372 4651 2423 4704 in
2461 4650 2702 4703 ciborum
2749 4647 3129 4701 observatione
3179 4644 3474 4705 haerebant,
3508 4657 3536 4694 a

1961 4745 2116 4798 suilla
2143 4759 2307 4798 carne
2329 4743 2682 4802 abstinentes,
2710 4741 2946 4792 nondum
2977 4740 3090 4791 ausi
3121 4751 3344 4806 prorsus
3365 4752 3392 4788 a
3424 4735 3540 4803 lege

1961 4837 2214 4889 deiicere.
2256 4834 2458 4888 Deinde
2487 4847 2552 4885 ne
2591 4831 2747 4884 facile
2777 4831 3332 4898 deprehenderentur,
3363 4833 3421 4878 ut
3448 4823 3539 4892 qui

1961 4940 1989 4978 a
2020 4927 2130 4980 sola
2152 4926 2368 4993 porcina
2397 4908 2752 4986 abstinerent,
2781 4922 2844 4973 ab
2865 4919 3116 4973 omnibus
3139 4921 3390 4973 carnibus
3409 4925 3539 4977 sim-

1961 5019 2169 5086 pliciter
2199 5015 2561 5078 abstinebant,
2600 5013 2840 5080 solisque
2884 5013 3122 5067 oleribus
3159 5018 3536 5071 vescebantur.

1962 5111 2062 5165 Alii
2085 5124 2272 5163 rursus
2299 5108 2651 5176 perfectiores
2674 5115 2849 5170 erant,
2880 5108 2970 5175 qui
3001 5107 3132 5160 nihil
3164 5110 3536 5175 observantes,

1962 5200 2374 5257 observantibus
2430 5201 2890 5253 convitiabantur.
2965 5199 3175 5253 Veritus
3229 5211 3312 5253 est
3376 5201 3539 5270 igitur

1965 5296 2183 5359 Paulus,
2226 5309 2291 5346 ne
2338 5292 2689 5359 perfectiores
2740 5292 3046 5360 importune
3095 5302 3149 5345 et
3197 5308 3299 5344 non
3337 5295 3410 5345 uti
3445 5310 3538 5359 par

1966 5397 2084 5440 erat
2135 5384 2561 5451 imperfectiores
2612 5383 2968 5450 increpando,
3004 5399 3030 5435 a
3072 5382 3272 5436 Christi
3309 5384 3409 5435 fide
3439 5382 3536 5436 de-

1965 5489 2232 5533 cuterent.
2254 5477 2542 5545 Propterea
2560 5475 2831 5543 sapienter
2857 5490 2967 5526 rem
2993 5477 3322 5543 aggreditur,
3346 5475 3541 5528 utrius-

1967 5584 2072 5638 que
2109 5570 2274 5638 partis
2329 5569 2592 5621 rationem
2645 5567 2870 5619 habens.
2922 5566 3103 5633 Neque
3155 5567 3294 5620 enim
3350 5567 3537 5636 objur-

1969 5663 2221 5731 gantihus
2264 5661 2494 5714 audebat
2525 5659 2708 5713 dicere
2745 5677 2759 5712 :
2788 5657 2923 5710 Male
2958 5659 3140 5726 agitis,
3191 5674 3254 5711 ne
3289 5657 3542 5726 imperfe—

1595 5786 1790 5847 Variae
1832 5786 2162 5848 lectiones.

362 5895 407 5925 ⁸⁷
440 5893 549 5964 γαρ
570 5906 624 5944 0.

573 5990 840 6050 Pyram"
885 5989 998 6048 Gn.
1037 5990 1317 6052 CXXIV.

3105 5983 3171 6042 Π
