4286 6444
748 411 855 474 55’3

1601 404 2185 464 'l'llEOl‘llYl..\t;i'l
2234 402 2645 465 BUIHARIKE
2687 407 3042 467 AliCillEP.

3886 404 3992 470 524

746 541 862 582 etes
886 529 935 579 in
962 526 1342 580 observatimie
1371 524 1638 578 Stabiliret
1670 542 1679 575 :
1718 541 1889 592 neque
1922 540 2112 575 rursus
2145 524 2242 575 dici
2270 540 2322 574 τι·
2364 530 2399 581 Α
2431 542 2438 553 ·

2364 530 2399 581 Α
2431 526 2541 585 τοῖς
2576 525 2908 595 ἐπιττμῶσιν
2949 524 3151 594 ἐτόλμα
3200 525 3396 588 εἰπεῖν,
3437 524 3518 576 ὅτι
3555 522 3753 586 Κακῶς
3789 524 4016 592 ποιεῖτε,

749 621 940 688 po.u2t,
978 618 1118 670 liene
1168 617 1347 685 agitis.
1396 630 1463 667 ne
1498 615 1937 668 velteIm-ntiores
1977 623 2323 665 iICCIInaiOI'US

750 716 987 777 l'ateret;
1016 711 1107 763 sed
1134 710 1277 763 enim
1309 709 1644 763 moderatam
1664 715 1716 759 ct
1736 709 1799 759 ad
1837 716 2096 773 utrosque
2127 715 2326 774 tempe-

750 816 922 857 ratam
952 801 1384 856 adhortationem
1408 801 1558 853 facit.
1585 800 1646 851 Et
1674 798 1886 852 videtur
1909 798 2126 867 quidem
2162 796 2328 848 fortes

750 900 1082 966 increpare:
1120 905 1288 948 totum
1344 906 1527 947 autent
1589 905 1894 946 sermonem
1949 892 2049 943 hoc
2102 889 2154 942 in
2210 888 2329 941 luco

753 1001 940 1043 rmllrﬂ
979 988 1364 1041 imbecilliores
1396 986 1639 1040 insumit.
1680 984 1874 1037 Statim
1905 982 2045 1035 enim
2075 988 2137 1033 ut
2172 979 2326 1042 dixit,

760 1102 778 1132 ι
825 1084 1123 1145 inﬁrmum,
1155 1099 1172 1131 ι
1210 1078 1466 1133 indicavit
1496 1092 1615 1131 cum
1644 1093 1748 1131 nou
1776 1091 1897 1130 csse
1914 1073 2168 1128 validum.
2196 1072 2331 1126 Cum

751 1188 917 1240 porro
966 1175 1060 1234 ait,
1102 1189 1120 1221 ι
1161 1169 1444 1238 suscipite,
1490 1186 1508 1221 ι
1546 1176 1816 1221 monstrat
1860 1180 1981 1219 eum
2027 1163 2212 1219 sedula
2252 1162 2333 1216 in-

750 1264 934 1332 digere
964 1263 1185 1316 curandi
1223 1264 1452 1325 ratione,
1507 1260 1559 1315 id
1592 1260 1733 1329 quod
1780 1268 2038 1313 extrema:
2086 1254 2330 1311 imbecil-

752 1353 918 1407 litatis
946 1365 1322 1422 argumentum
1361 1364 1463 1407 est.
1520 1398 1527 1401 .

834 1560 850 1586 σ
893 1538 1009 1592 Non
1043 1541 1106 1590 ad
1149 1535 1562 1605 dijudicationes
1618 1533 2092 1603 disceptationum.
2146 1546 2165 1580 ι
2224 1527 2336 1582 Hoc

755 1643 859 1697 est,
892 1646 956 1684 ne
986 1627 1294 1697 dijudicetis
1312 1628 1381 1681 ob
1412 1624 1782 1689 inﬁrmitatem
1815 1620 2008 1691 ipsius,
2037 1633 2217 1689 neque
2249 1618 2335 1673 of-

756 1720 1072 1781 t'eudamini,
1126 1733 1225 1772 nec
1280 1716 1466 1771 multis
1520 1712 1938 1784 cogitationibus
1997 1709 2335 1787 turbemini;

755 1820 1008 1865 caeterum
1060 1819 1314 1880 tauquam
1359 1806 1632 1861 inﬁrmum
1663 1815 1717 1859 et
1755 1814 2013 1875 mgrotum
2060 1801 2208 1857 onmi
2239 1816 2336 1856 cu-

756 1902 910 1957 randi
948 1902 1156 1957 ratione
1188 1900 1468 1969 suscipite.

831 1992 992 2047 Vens.
1021 1994 1074 2047 2.
1126 2009 1145 2043 ι
1179 1992 1331 2047 Alius
1375 1990 1593 2061 quidem
1641 1989 1815 2044 credit
1859 1987 2024 2043 licere
2050 1985 2154 2042 sibi
2192 1984 2337 2041 vesci

757 2088 952 2155 quibus
983 2084 1133 2149 libet,
1168 2085 1259 2154 qui
1304 2098 1433 2138 vero
1480 2083 1727 2137 inﬁrmus
1764 2078 2131 2145 est,‘vescitur
2169 2076 2335 2132 oleri-

758 2183 879 2235 bus.
925 2200 942 2233 ι
1002 2178 1309 2234 Perfectum
1360 2185 1415 2231 et
1464 2173 1839 2246 imperfectum
1903 2182 2205 2241 comparat,
2261 2170 2342 2223 in-

759 2276 953 2344 quiens
982 2292 994 2326 :
1026 2269 1329 2335 Perfectus,
1371 2268 1474 2324 ﬁde
1502 2283 1597 2323 sua
1643 2267 1835 2332 fretus,
1858 2266 2040 2319 omnia
2088 2262 2340 2318 indiscri-

764 2366 1005 2420 minatim
1033 2364 1143 2418 edit
1170 2378 1186 2416 :
1217 2360 1585 2430 imperfectior
1610 2374 1758 2421 vero,
1786 2352 2039 2427 tanquam
2071 2355 2340 2417 inﬁrmus,

760 2458 905 2510 olera
924 2455 1191 2523 comedit.
1222 2451 1423 2518 Dignus
1450 2450 1631 2516 itaque
1661 2456 1743 2502 est
1771 2457 1829 2499 ut
1860 2458 2101 2507 curetur,
2145 2459 2251 2498 non
2285 2452 2342 2496 ut

761 2549 1135 2619 objurgatione
1165 2546 1273 2599 aeri
1297 2542 1689 2619 absterreatur.

838 2616 999 2694 Vsus.
1026 2638 1081 2691 '5.
1118 2655 1136 2688 ι
1174 2635 1276 2702 Qui
1324 2616 1583 2707 vescitur:
1620 2646 1724 2686 non
1752 2638 2057 2686 vescentem
2098 2640 2166 2683 ne
2192 2641 2342 2682 com-

765 2741 991 2796 temnat,
1025 2740 1079 2785 et
1106 2727 1195 2798 qui
1243 2741 1346 2781 non
1372 2725 1629 2788 vescitur,
1662 2718 1970 2777 vesceniem
1996 2728 2063 2774 ne
2086 2718 2294 2788 judicet
2325 2735 2338 2771 :

765 2825 907 2878 Deus
924 2823 1068 2878 enim
1099 2821 1243 2873 illum
1261 2817 1571 2887 assumpsit.
1602 2834 1619 2866 ι
1643 2815 1745 2882 Qui
1765 2814 1944 2868 omnia
1966 2812 2225 2879 edebant,
2244 2824 2342 2863 ceu

742 2914 1140 2984 'perl'ectiores,
1164 2923 1270 2963 non
1295 2908 1515 2963 edentes
1543 2904 1965 2975 vilipeudebant,
1993 2917 2094 2957 ceu
2130 2900 2343 2955 modica

768 3006 873 3059 ﬁde
925 3004 1177 3064 imbutos,
1223 3014 1286 3054 ac
1330 2998 1505 3052 adhuc
1543 2996 1911 3051 Judaizantes.
1964 2992 2190 3061 Contra,
2238 3006 2342 3045 non

768 3103 1067 3157 vescentes,
1101 3090 1430 3161 quibuslibet
1462 3097 1742 3141 vescentes
1763 3084 2099 3156 judicabant,
2138 3097 2342 3153 easque

2433 619 2520 669 ἵνα
2554 619 2629 690 μὴ
2664 621 2809 697 τοὺς,
2836 618 3045 681 ἀτελεῖς
3090 617 3368 689 βεϐαιώσῃ
3400 618 3455 669 ἐν
3488 620 3555 686 τῇ
3598 615 4016 685 παρατηρήσειο

2429 709 2554 763 οὔτε
2594 712 2773 773 πάλιν,
2819 711 2898 762 ὅτι
2932 710 3156 773 Καλῶς,
3215 710 3302 762 ἵνα
3335 711 3409 779 μὴ
3454 710 3847 778 σφοδροτέρους
3880 722 4017 758 κατε

2432 803 2664 873 ηγόρους
2700 804 2937 872 ποιήσῃ·
2988 801 3124 854 ἀλλά
3164 799 3757 872 συμμε[με]τρημένην
3784 798 4020 850 ποιεῖται

2431 896 2530 964 τὴν
2559 896 2901 965 παραίνεσιν.
2953 896 3062 948 Καὶ
3090 897 3240 950 δοκεῖ
3275 895 3375 965 μὲν
3408 898 3520 959 τοῖς
3563 890 3803 964 ἰσχυροῖς
3842 894 4019 944 ἐπιτι-

2437 987 2543 1055 μᾷν
2569 1004 2581 1016 ο
2614 988 2675 1037 τὸ
2703 986 2758 1037 δὲ
2790 987 2917 1049 πᾶν,
2951 988 3031 1049 εἰς
3070 986 3193 1046 τοὺς
3219 985 3643 1055 ἀσθενεστέρους
3673 984 3821 1036 κενοῖ
3849 982 3906 1033 ἐν
3939 981 4021 1048 τῷ

2436 1074 2572 1143 πρὸς
2633 1074 2857 1152 τούτους
2911 1074 3074 1145 λόγῳ.
3142 1075 3355 1128 Λύτίκα
3416 1074 3546 1142 γοῦν
3618 1072 3812 1135 εἰπὼν,
3860 1090 3879 1123 ι
3915 1068 4023 1123 Τὸν

2434 1165 2788 1231 ἀσθενοῦντα,
2834 1186 2853 1218 ι
2913 1167 3117 1233 ἔδειξεν
3156 1168 3439 1238 ἀρῤωστον
3472 1165 3624 1219 ὄντα.
3667 1164 3776 1217 Καὶ
3828 1161 3906 1233 τῷ
3942 1162 4022 1213 εί-

2436 1258 2558 1307 πεῖν
2616 1256 2706 1323 δέ,
2744 1274 2788 1319 ,ι
2856 1255 3371 1327 Προσλαμϐάνεσθε,
3432 1254 3755 1328 ιῃδείκνυσι
3816 1250 4025 1316 πολλῆς

2438 1347 2693 1416 δεόμενον
2725 1350 3067 1419 ἐπιμελείας,
3119 1349 3257 1419 ὅπερ
3307 1350 3533 1417 σημεῖον
3566 1346 3803 1415 ἐσχάτης
3834 1344 4023 1414 ἀρρω-

2440 1455 2617 1500 στιας.
3580 1452 3583 1455 λ

2514 1551 2531 1583 ι
2574 1531 2666 1601 Μὴ
2718 1533 2797 1593 εἰς
2834 1531 3141 1602 διακρίσεις
3190 1529 3580 1600 διαλογισμῶν.
3626 1550 3643 1582 ι
3713 1530 4021 1596 Τουτέστι,

2443 1622 2518 1693 μὴ
2570 1621 2972 1691 διακρινόμενοι
3019 1605 3114 1674 ἐπὶ
3148 1623 3215 1692 τῇ
3272 1620 3548 1692 ἀσθενείᾳ,
3603 1620 4027 1692 καὶ-σκανδαλιο

2440 1715 2679 1785 ζόμενοι,
2715 1716 2809 1768 καὶ
2857 1708 3139 1784 λογισμοῖς
3178 1713 3860 1787 πολλοῖςὶταραττόμενον
3901 1713 4023 1769 ἀλλ’

2439 1806 2521 1871 ὡς’
2543 1805 2745 1876 ἀσθενῆ
2775 1806 2905 1859 ὄντα
2937 1804 3121 1874 πάσης
3152 1804 3450 1877 θεραπείας
3484 1803 3784 1874 ἀξιοῦντες.

2517 2011 2535 2044 ι
2579 1994 2676 2054 ’ος
2713 1991 2814 2062 μέν
2862 1972 3110 2044 πιστεῦει
3140 1982 3340 2060 φαγεῖν
3371 1990 3551 2044 πάντα
3570 2006 3584 2021 ο
3615 1992 3643 2044 ὁ
3671 1991 3728 2043 δέ
3777 1988 4025 2045 ἀσθενῶν

2438 2084 2645 2155 λάχανα
2705 2084 2894 2138 ἐσθίει.
2960 2103 2978 2137 ι
3039 2084 3328 2154 Συγκρίνει
3375 2082 3467 2137 τὸν
3525 2084 3729 2140 τέλειον
3784 2082 3882 2137 καὶ
3933 2083 4025 2135 τὸν

2439 2176 2629 2247 ἀτελῆ,
2672 2177 2764 2230 καί
2800 2194 2989 2247 φησιν,
3020 2178 3104 2230 ὃτι
3130 2178 3159 2229 ὁ
3194 2175 3293 2247 μὲν
3319 2176 3547 2241 τέλειος,
3578 2178 3643 2247 τῇ
3669 2175 3853 2229 πίστει
3886 2175 4027 2247 θαρο

2442 2268 2574 2341 ρὦ,
2616 2268 2793 2322 πάντα
2825 2266 3134 2336 ἀδιαφόρως
3172 2264 3348 2320 ἐσθίει
3375 2282 3389 2297 ’
3425 2268 3453 2320 ὁ
3490 2267 3545 2321 δὲ
3578 2267 3931 2336 ἀτελέστερος
3957 2266 4024 2331 ³⁸,

2442 2358 2538 2413 ἆτε
2570 2358 2847 2425 ἀσθενῶν,
2882 2356 3092 2429 λάχανα
3140 2357 3331 2413 ἐσθίει.
3362 2359 3525 2411 Ὥστε
3562 2341 3711 2436 ἄξιὸς
3738 2358 3831 2412 τοῦ
3864 2357 4023 2430 059a.-

2442 2449 2727 2514 πεύεσθαι,
2762 2451 2882 2519 οὐχὶ
2912 2449 3007 2504 τοῦ
3046 2449 3550 2520 προσπλήττεσθαι.

2421 2691 2425 2695 ,
2518 2655 2536 2688 ι
2583 2636 2641 2691 'U
2671 2634 2866 2688 ἐσθίων
2917 2634 3009 2687 τὸν
3039 2634 3113 2704 μὴ
3143 2633 3392 2687 ἐσθίοντα
3418 2632 3493 2705 μὴ
3522 2633 3900 2700 ἐξουθενείτω’
3933 2636 4028 2688 καὶ

2443 2724 2473 2783 6
2508 2728 2583 2799 μὴ
2613 2727 2809 2781 ἐσθίων
2837 2727 2928 2780 τὸν
2965 2726 3218 2780 ἐσθίοντα
3258 2726 3334 2798 μὴ
3376 2727 3627 2797 κρινέτω.
3668 2727 3726 2782 '0
3751 2726 3884 2790 Θεὸς
3917 2728 4027 2798 γὰρ

2444 2820 2605 2875 αὑτὸν
2627 2818 3021 2889 προσελάϐετο.
3054 2837 3072 2869 ι
3097 2818 3161 2872 Οἱ
3191 2818 3369 2873 πάντα
3390 2818 3687 2885 ἐσθίοντες,
3710 2820 3785 2883 ὡς
3814 2819 4027 2873 τελειό-

2444 2930 2615 2983 τεροι,
2646 2913 2772 2975 τοὺς
2819 2911 2895 2983 μὴ
2926 2910 3206 2975 ἐσθίοντας
3246 2909 3612 2981 ἐξηυτέλιζον,
3657 2910 3734 2975 ὡς
3779 2910 4027 2978 ὀλιγοπί-

2448 3021 2606 3067 στους
2637 3004 2732 3057 καὶ
2778 3003 3170 3067 Ἰουδαῖζοντας
3200 3003 3298 3056 ἔτι.
3335 3002 3526 3068 Πάλιν,
3564 3004 3613 3055 ot
3648 3003 3722 3073 μὴ
3752 3002 4028 3065 ἐσθίοντες

2446 3096 2768 3164 κατέκρινον
2800 3079 2927 3157 τοῦς
2979 3093 3261 3155 ἐσθίοντας
3296 3092 3492 3158 πάντα,
3513 3093 3608 3157 ’ὡς
3659 3092 4025 3163 λαιμάργους.

768 3186 1201 3243 comlemnabant
1249 3192 1306 3237 ut
1347 3182 1562 3251 gulosos
1601 3187 1655 3234 et
1699 3192 1946 3233 voraces.
1976 3176 2111 3243 Quia
2158 3184 2338 3229 autem
2366 3212 2409 3270 ο
2445 3190 2457 3207 θ

2336 3200 2338 3225 ’
2366 3212 2409 3270 C
2445 3189 2665 3258 Ἐπειδὴ
2698 3188 2757 3242 δὲ
2786 3188 2881 3241 καὶ
2904 3188 2948 3221 ³³
2980 3188 3038 3252 ἐξ
3064 3186 3233 3240 ἐθνῶν
3254 3182 3397 3259 ἦσαν
3445 3186 3633 3240 πολλοὶ
3657 3185 3883 3253 τούτων⁹
3924 3203 4028 3255 φη-

771 3281 1013 3352 plerique
1043 3280 1232 3333 horum
1258 3292 1287 3331 e
1313 3274 1567 3346 gentibus
1605 3280 1783 3336 erant,
1813 3289 1833 3323 ι
1874 3270 2036 3334 Deus,
2082 3289 2101 3321 ι
2143 3270 2336 3338 inquit,

775 3396 792 3427 ι
846 3376 1019 3440 ipsutn
1071 3365 1384 3435 assumpsit,
1427 3381 1445 3414 ›
1502 3363 1604 3417 huc
1648 3371 1759 3426 est,
1807 3357 2130 3414 ineﬁ‘abilem
2186 3372 2337 3411 suam

772 3466 999 3537 gratiam
1043 3476 1170 3531 erga
1207 3474 1328 3512 eum
1350 3452 1839 3511 commonstravit.
1868 3451 2005 3518 Quid
2028 3450 2192 3533 igitur
2218 3464 2340 3504 cum

774 3575 841 3611 ro
867 3560 928 3611 de
962 3557 1075 3624 lrge
1099 3553 1360 3620 disputas,
1396 3546 1559 3616 100
1584 3560 1705 3600 cum
1735 3542 1988 3598 Christus
2010 3541 2158 3595 illum
2179 3540 2343 3610 jusu-

772 3648 991 3705 “cavit?

847 3743 991 3797 Vsus
1040 3740 1093 3793 4.
1144 3754 1164 3790 ι
1199 3735 1281 3790 Tu
1328 3732 1451 3803 quis
1499 3720 1567 3784 es
1594 3730 1681 3798 qui
1720 3727 1933 3797 iudicas
1964 3724 2344 3779 alienum‘ser-

774 3835 931 3891 vum?
960 3831 1071 3887 Suo
1103 3828 1320 3883 domino
1358 3836 1463 3880 stat
1487 3834 1579 3877 aut
1604 3821 1767 3875 cadit.
1808 3837 1825 3869 ι
1861 3818 1939 3871 Ad
1972 3816 2345 3887 perfectior-eiu

769 3928 878 3983 hoc
902 3926 1160 3994 loquitur,
1188 3920 1459 3975 abducens
1485 3916 1658 3984 ipsum
1694 3923 1748 3966 ut
1778 3927 1805 3963 a
1833 3918 2167 3980 contemptu,
2198 3913 2275 3965 sic
2293 3920 2347 3965 et

777 4040 805 4074 a
846 4014 1312 4073 cumlemuatione.
1358 4009 1596 4078 Utraque
1631 4008 1772 4061 enim
1825 4006 2186 4060 admittebant
2219 4018 2344 4072 per-

776 4116 1047 4171 lectiores,
1104 4114 1457 4174 aspernantes
1516 4099 1776 4153 nimirum
1831 4107 1885 4153 et
1923 4098 2347 4152 condemnantes

778 4198 1229 4272 imperfectiores.
1263 4194 1581 4247 (llam-olunt
1616 4201 1792 4245 autem
1823 4201 1877 4245 et
1898 4192 1985 4244 hic
2007 4187 2349 4258 imperfectos

777 4292 1112 4365 perstringit.
1144 4290 1258 4343 Non
1298 4289 1451 4340 enim
1497 4288 1621 4355 quia
1657 4286 1744 4339 illa
1786 4284 1948 4338 faciat
1976 4298 2095 4352 qua:
2118 4280 2347 4348 judicari

780 4402 885 4440 non
913 4392 1238 4441 mereantur,
1285 4388 1505 4447 propter
1535 4382 1635 4431 hoc
1676 4386 1727 4431 te
1763 4391 1867 4428 non
1892 4374 2139 4444 judicare
2163 4371 2346 4440 iubeo,

776 4493 958 4531 verum
996 4475 1119 4542 quia
1168 4470 1374 4525 alienus
1408 4473 1598 4523 servus
1645 4476 1749 4529 est,
1778 4467 1879 4521 hoc
1926 4475 2029 4528 est,
2074 4480 2178 4519 non
2206 4474 2348 4528 tuus,

2445 3280 2551 3343 σὶν,
2590 3280 2672 3332 ὅτι
2706 3297 2723 3330 ι
2784 3280 2841 3332 '0
2871 3276 3003 3339 Θεὸς
3035 3276 3198 3331 αὑτὸν
3244 3276 3612 3348 προσελάϐετο
3638 3294 3651 3307 ·
3700 3294 3719 3328 ι
3748 3276 4024 3338 τουτέστι,

2442 3372 2539 3443 τὴν
2573 3372 2779 3439 ἄφατον
2818 3370 2986 3424 αὐτοῦ
3020 3369 3181 3441 χάριν
3223 3370 3352 3438 περὶ
3383 3369 3543 3422 αὑτὸν
3590 3368 3927 3434 ἐπεδείξατο.
3959 3371 4028 3423 Τί

2443 3463 2621 3515 τοίνυν
2659 3462 2807 3531 αὐτῷ
2843 3462 2971 3532 περὶ
3009 3462 3174 3531 νόμου
3216 3460 3464 3533 διαλέγῃ,
3521 3462 3654 3515 ὅπου
3696 3480 3759 3531 γε
3800 3462 3964 3516 αὐτὸν
3999 3466 4030 3514 ὁ

2444 3549 2677 3623 Χριστὸς
2715 3551 3062 3615 ἐδικαίωσεν;

2522 3755 2540 3786 ι
2578 3735 2649 3787 Σὺ
2668 3733 2748 3797 τίς
2771 3728 2819 3785 εἶ
2836 3736 2861 3785 ὁ
2881 3732 3080 3803 κρίνων
3109 3731 3392 3801 ἀλλότριον
3415 3732 3661 3803 οἰκέτηνς
3688 3732 3777 3803 Τῷ
3798 3733 3913 3804 ἰδίῳ
3928 3752 4029 3787 κυ-

2450 3826 2551 3897 ρίῳ
2579 3825 2769 3894 στήκει
2794 3824 2827 3893 ἢ
2855 3823 3064 3876 πίπτει.
3106 3840 3124 3873 ι
3159 3821 3300 3889 Πρὸς
3319 3821 3409 3875 τὸν
3432 3822 3636 3876 τέλειον
3663 3823 3816 3892 λέγει
3841 3825 4027 3886 τοῦτο.

2449 3917 2681 3984 ἀπάγων
2709 3915 2872 3968 αὐτὸν
2912 3913 3101 3984 ὥσπερ
3125 3913 3220 3965 τοῦ
3267 3913 3592 3980 ἐξουθενείν,
3619 3914 3760 3967 οὕτω
3784 3918 3878 3968 καὶ
3929 3916 4027 3970 τοῦ

2451 4011 2802 4078 κατακρίνειν
2826 4012 2863 4038 ·’
2885 4008 3171 4079 ἀμφότερα
3200 4006 3305 4078 γὰρ
3332 4007 3549 4060 ἐποίουν
3581 4008 3629 4060 oi
3674 4008 4027 4079 τελειότεροι,

2451 4098 2937 4170 καὶ-ἐξηυτέλιζον,
2986 4100 3079 4151 καὶ
3110 4099 3432 4168 κατέκρινον
3466 4100 3590 4175 τοὺς
3619 4099 4029 4171 ἁτελεστέρους.

2451 4190 2833 4252 Λανθανόντως
2861 4190 2917 4242 δέ
2943 4188 3171 4241 ἐνταῦθα
3199 4188 3293 4241 τοῦ
3315 4189 3537 4252 ἀτελοῦς
3562 4191 3921 4246 καθάπτεται.
3946 4196 4025 4246 Οὐ

2454 4282 2559 4351 γὰρ
2611 4280 2797 4351 ἐπειδὴ
2839 4280 2963 4344 ἀξια
2995 4280 3085 4333 τοῦ
3120 4280 3193 4350 μὴ
3236 4280 3519 4349 κρίνεσθαι
3548 4284 3711 4347 ποιεῖ,
3739 4283 3827 4335 διὰ
3868 4284 4030 4337 τοῦτο

2454 4372 2661 4434 κελεύω
2692 4372 2766 4442 μὴ
2802 4371 3029 4441 κρίνειν,
3078 4370 3194 4423 ἀλλ’
3220 4370 3409 4440 ἐπειδὴ
3454 4370 3733 4442 ἀλλότριός
3768 4376 3914 4425 ἐστιν
3944 4376 4027 4426 οἰ-

2456 4467 2638 4535 κέτης,
2680 4466 2976 4528 τουτέστιν,
3009 4462 3070 4515 οὐ
3124 4463 3236 4526 σὸς,
3281 4463 3417 4516 ἀλλὰ
3444 4463 3538 4515 τοῦ
3567 4464 3725 4517 Θεοῦ.
3760 4464 3879 4517 Κᾶν
3913 4466 4029 4535 γάρ

778 4570 869 4623 sed
922 4565 1037 4620 Dei.
1086 4564 1218 4617 Nam
1266 4560 1481 4614 etiamsi
1528 4560 1776 4613 inﬁrmus
1807 4557 1986 4620 fuerit,
2028 4572 2132 4610 non
2170 4566 2345 4609 tamen
2376 4552 2470 4616 De

2337 4575 2345 4607 I
2376 4552 2429 4613 D
2453 4557 2676 4628 ἀσθενῇ,
2708 4557 2819 4610 ἀλλ’
2852 4557 2950 4610 οὐκ
2975 4556 3199 4621 ἐξέπεσε
3229 4556 3322 4609 τοῦ
3345 4556 3561 4626 οἰκέτης
3596 4553 3735 4610 εἶναι
3756 4574 3769 4588 ο
3802 4560 3903 4612 οὐκ
3931 4554 4029 4611 οὖν

776 4659 976 4715 excidit
1007 4659 1073 4711 ab
1096 4671 1161 4710 eo
1182 4654 1324 4724 quod
1365 4654 1431 4706 sit
1475 4667 1663 4705 servus
1692 4666 1705 4703 :
1734 4665 1905 4721 quare
1930 4664 2034 4704 non
2076 4658 2157 4702 est
2190 4651 2256 4702 de
2287 4663 2352 4701 eo

780 4751 1196 4825 deSperandum.
1248 4748 1500 4799 Animum
1559 4755 1737 4795 autem
1800 4756 1986 4795 rursus
2027 4742 2074 4795 ei
2125 4740 2349 4803 addens,

782 4861 886 4898 non
916 4844 1065 4905 dixit,
1096 4838 1263 4904 cadit,
1313 4838 1407 4891 sed
1462 4854 1480 4886 ι
1519 4832 1641 4887 Stat
1676 4826 1955 4886 autcadit.
1992 4849 2010 4881 ι
2057 4830 2180 4883 Sive
2205 4831 2348 4882 enim

783 4938 905 4997 hoc,
941 4932 1056 4986 sive
1107 4926 1234 4981 illud
1264 4926 1564 4993 contingat,
1599 4924 1664 4975 ad
1696 4922 1969 4975 dominum
2006 4921 2236 4989 pertinet
2270 4916 2349 4971 vcl

781 5029 1035 5076 damnum
1064 5020 1327 5083 rudentis,
1358 5018 1437 5069 vel
1465 5018 1657 5069 stantis
1682 5015 1910 5069 lucrum.

838 5136 872 5179 ,ι
913 5117 1191 5169 Staluetur
1221 5121 1398 5165 autem
1427 5124 1451 5162 :‘
1475 5122 1662 5177 potens
1684 5120 1766 5163 est
1787 5110 1928 5163 enim
1954 5107 2213 5164 Dominus
2242 5116 2345 5161 sta-

781 5220 931 5259 tuere
955 5206 1149 5273 ipsum.
1184 5222 1201 5254 ι
1232 5201 1365 5256 Cum
1407 5202 1503 5265 ait,
1539 5218 1556 5250 ι
1592 5209 1872 5263 statuetur,
1898 5217 1915 5249 ι
1951 5198 2340 5266 indicatipsum

779 5302 957 5354 adhuc
996 5296 1198 5352 inuveri
1232 5307 1281 5349 et
1328 5295 1540 5349 concuti
1575 5308 1742 5360 usque
1783 5295 1935 5354 adeo,
1979 5302 2037 5345 ut
2076 5292 2190 5346 solo
2237 5292 2343 5345 Deo

780 5394 1159 5444 ronﬁrmatore
1181 5403 1317 5457 opus
1344 5387 1558 5441 habeat.
1590 5385 1739 5451 Quod
1768 5383 1835 5438 de
1863 5384 2017 5453 plane
2047 5384 2343 5453 desperatis

781 5482 1028 5536 dit-imus.

855 5574 1011 5627 Vens.
1050 5572 1100 5627 5.
1137 5590 1156 5623 ι
1193 5571 1341 5624 Alius
1360 5571 1572 5638 quidem
1601 5568 1804 5637 judieat
1835 5568 1971 5623 diem
2009 5568 2152 5623 inter
2178 5569 2343 5632 diem,

776 5667 916 5719 alius
949 5681 1074 5718 vero
1115 5663 1560 5731 judicatomuem
1595 5664 1754 5716 diem.
1805 5680 1821 5712 ι
1871 5661 2123 5716 Nonnulli
2154 5662 2340 5717 .inedia

2449 4650 2847 4716 ἀπογνωστέος.
2885 4648 3387 4717 Παραμυθοὺμενος
3410 4648 3467 4700 δὲ
3511 4648 3672 4701 πάλιν
3702 4650 3883 4714 αὐτὸν,
3924 4651 4029 4702 οὒκ

2447 4738 2620 4807 εἶπεν,
2660 4742 2742 4794 ὅτι
2776 4741 2987 4805 πίπτει,
3036 4740 3194 4806 ἀλλὰ,
3244 4760 3263 4792 ι
3310 4742 3507 4809 Στήκει
3558 4740 3591 4810 ἢ
3632 4742 3850 4795 πίπτειο
3899 4760 3919 4795 ι
3957 4743 4028 4795 ἀν

2446 4853 2505 4889 τε
2532 4836 2587 4889 δέ
2616 4834 2796 4897 τοῦτο,
2833 4834 2896 4888 ἀν
2925 4850 2984 4886 τε
3008 4835 3205 4898 ἐκεῖνο,
3248 4833 3327 4902 τῷ
3358 4832 3595 4905 δεσπότῃ
3623 4835 3892 4905 διαφέρει,
3931 4837 4028 4889 καὶ

2447 4929 2479 4997 ή
2520 4927 2691 4997 ζημία
2732 4926 3043 4990 πίπτοντος,
3087 4926 3179 4978 καὶ
3208 4926 3237 4978 ὸ
3266 4924 3495 4987 πλοῦτος
3530 4925 3780 4989 ἐστῶτπ.

2528 5131 2545 5163 ι
2583 5111 2919 5180 Σταθήσεται
2946 5111 3033 5163 δέ’
3058 5111 3282 5173 δυνατὸς
3308 5109 3415 5178 γάρ
3440 5110 3588 5163 ἐστιν
3608 5111 3636 5162 ὁ
3664 5110 3796 5171 Θεὸς
3826 5111 4026 5181 στῆσαι

2452 5204 2545 5256 καὶ
2598 5204 2777 5257 αὐτόν.
2822 5221 2840 5253 ι
2896 5203 2983 5255 Ἐν
3036 5202 3114 5273 τῷ
3170 5202 3365 5264 εἰπεῖν,
3400 5202 3483 5254 ὅτι
3531 5219 3550 5253 ι
3594 5202 3958 5271 Σταθήσεται,
4000 5222 4020 5255 ι

2451 5295 2720 5348 δείκνυσιν
2740 5294 2829 5367 ἔτι
2856 5294 3235 5363 σαλευόμενον,
3280 5295 3376 5347 καὶ
3402 5293 3678 5360 τοσοῦτον,
3717 5294 3858 5349 ὥστε
3882 5294 4024 5349 Θεοῦ

2456 5388 2615 5458 μόνου
2643 5388 2848 5441 δεῖσθαι
2873 5387 2966 5439 τοῦ
3000 5387 3316 5456 στήσοντος’
3344 5388 3478 5459 ὅπερ
3500 5385 3549 5417 ⁵⁸
3573 5388 3663 5439 ἐπὶ
3688 5388 3794 5439 τῶν
3818 5388 4025 5459 σφόδρα

2449 5481 2887 5551 ἀπεγνωσμένων
2914 5481 3165 5549 λέγομεν.

2527 5592 2546 5624 ι
2587 5575 2683 5637 Ὃς
2716 5573 2814 5641 μὲν
2846 5573 3021 5645 κρίνει
3056 5573 3269 5645 ἡμέραν
3301 5572 3429 5644 παρ’
3460 5573 3693 5643 ἡμέραν,
3729 5571 3786 5633 ὃς
3810 5571 3868 5625 δὲ
3919 5572 4025 5624 mi,-

2455 5684 2551 5719 σαν
2591 5667 2827 5736 ἡμέραν.
2864 5686 2880 5717 ι
2921 5663 3100 5720 Ἥσάν
3129 5682 3273 5728 τινες
3301 5664 3673 5735 νηστεύοντες,
3723 5662 3755 5731 ἦ
3794 5661 4022 5716 καὶτῶν

2086 5755 2282 5817 νει-ιω
2314 5756 2641 5820 lectiones.

852 5862 896 5893 ³⁸
945 5855 1333 5929 ἀσθενέστερος
1367 5872 1418 5913 o.
1497 5859 1539 5891 ³³
1576 5859 1695 5912 ἐπεὶ
1748 5854 1841 5913 οῦν
1872 5863 1962 5913 καὶ
2006 5874 2057 5914 o.

2136 5860 2180 5893 ’⁸ο
2212 5861 2357 5927 ὅπως
2394 5878 2445 5917 o.
