  <div class='ocr_page' id='page_1' title='image "/cluster/home/n/w/nwhite01/storage/ocr_20150623/124/nnc1.0046979735/282.png"; bbox 0 0 4286 6444; ppageno 0'>
   <div class='ocr_carea' id='block_1_1' title="bbox 306 419 1998 498">
    <p class='ocr_par' dir='ltr' id='par_1_1' title="bbox 306 420 1998 498">
     <span class='ocr_line' id='line_1_1' title="bbox 306 420 1998 498; baseline -0.011 0"><span class='ocrx_word' id='word_1_1' title='bbox 306 432 416 498; x_wconf 69' lang='grc'><strong>525</strong></span> <span class='ocrx_word' id='word_1_2' title='bbox 1089 423 1494 486; x_wconf 79' lang='lat' dir='ltr'><strong>EXI‘OSITIO</strong></span> <span class='ocrx_word' id='word_1_3' title='bbox 1538 423 1616 481; x_wconf 78' lang='grc' dir='ltr'><strong>ΙΝ</strong></span> <span class='ocrx_word' id='word_1_4' title='bbox 1653 420 1892 482; x_wconf 82' lang='lat' dir='ltr'><strong>EPIST.</strong></span> <span class='ocrx_word' id='word_1_5' title='bbox 1935 422 1998 479; x_wconf 79' lang='lat' dir='ltr'><strong>Al</strong></span> 
     </span>
    </p>
   </div>
   <div class='ocr_carea' id='block_1_2' title="bbox 1836 419 3528 498">
    <p class='ocr_par' dir='ltr' id='par_1_2' title="bbox 1836 419 3528 487">
     <span class='ocr_line' id='line_1_2' title="bbox 1836 419 3528 487; baseline 0.004 -7"><span class='ocrx_word' id='word_1_6' title='bbox 1836 421 1892 481; x_wconf 83' lang='grc' dir='ltr'>Γ.</span> <span class='ocrx_word' id='word_1_7' title='bbox 1935 422 2033 479; x_wconf 78' lang='lat' dir='ltr'><strong>Al)</strong></span> <span class='ocrx_word' id='word_1_8' title='bbox 2075 419 2260 481; x_wconf 73' lang='lat' dir='ltr'>ROM.</span> <span class='ocrx_word' id='word_1_9' title='bbox 2293 421 2547 481; x_wconf 80' lang='lat' dir='ltr'><strong>—CAP.</strong></span> <span class='ocrx_word' id='word_1_10' title='bbox 2585 423 2742 482; x_wconf 81' lang='lat' dir='ltr'><strong>XlV.</strong></span> <span class='ocrx_word' id='word_1_11' title='bbox 3464 426 3528 487; x_wconf 67' lang='lat'><strong>53</strong></span> 
     </span>
    </p>
   </div>
   <div class='ocr_carea' id='block_1_3' title="bbox 301 537 1993 615">
    <p class='ocr_par' dir='ltr' id='par_1_3' title="bbox 301 537 1993 615">
     <span class='ocr_line' id='line_1_3' title="bbox 301 537 1993 615; baseline -0.006 -17"><span class='ocrx_word' id='word_1_12' title='bbox 301 543 551 615; x_wconf 79' lang='grc' dir='ltr'>χοιρείων</span> <span class='ocrx_word' id='word_1_13' title='bbox 585 540 912 610; x_wconf 71' lang='grc' dir='ltr'><strong>ἀπεχόμενοι</strong></span> <span class='ocrx_word' id='word_1_14' title='bbox 944 538 1112 609; x_wconf 75' lang='grc' dir='ltr'>ρητάς</span> <span class='ocrx_word' id='word_1_15' title='bbox 1157 556 1308 600; x_wconf 86' lang='grc' dir='ltr'>τινας</span> <span class='ocrx_word' id='word_1_16' title='bbox 1351 538 1596 608; x_wconf 78' lang='grc' dir='ltr'>ὴμέρας’</span> <span class='ocrx_word' id='word_1_17' title='bbox 1623 538 1801 607; x_wconf 74' lang='grc' dir='ltr'>ἕτεροι</span> <span class='ocrx_word' id='word_1_18' title='bbox 1827 537 1883 590; x_wconf 81' lang='grc' dir='ltr'><strong>δὲ</strong></span> <span class='ocrx_word' id='word_1_19' title='bbox 1911 544 1954 596; x_wconf 82' lang='grc' dir='ltr'><strong>Λ</strong></span> <span class='ocrx_word' id='word_1_20' title='bbox 1986 557 1993 588; x_wconf 82' lang='grc' dir='ltr'><strong>ι</strong></span> 
     </span>
    </p>
   </div>
   <div class='ocr_carea' id='block_1_4' title="bbox 1880 537 3572 615">
    <p class='ocr_par' dir='ltr' id='par_1_4' title="bbox 1880 537 3572 604">
     <span class='ocr_line' id='line_1_4' title="bbox 1880 537 3572 604; baseline 0.005 -17"><span class='ocrx_word' id='word_1_21' title='bbox 1880 559 1883 587; x_wconf 80' lang='lat'>;</span> <span class='ocrx_word' id='word_1_22' title='bbox 1911 544 1954 596; x_wconf 79' lang='grc' dir='ltr'><strong>Α</strong></span> <span class='ocrx_word' id='word_1_23' title='bbox 1986 547 2032 590; x_wconf 88' lang='lat' dir='ltr'><strong>et</strong></span> <span class='ocrx_word' id='word_1_24' title='bbox 2062 537 2266 604; x_wconf 66' lang='lat' dir='ltr'><strong>jejuno</strong></span> <span class='ocrx_word' id='word_1_25' title='bbox 2312 553 2428 591; x_wconf 64' lang='lat' dir='ltr'><strong>sese</strong></span> <span class='ocrx_word' id='word_1_26' title='bbox 2459 538 2826 602; x_wconf 82' lang='lat' dir='ltr'><strong>macerabant,</strong></span> <span class='ocrx_word' id='word_1_27' title='bbox 2872 546 2964 591; x_wconf 89' lang='lat' dir='ltr'><strong>aut</strong></span> <span class='ocrx_word' id='word_1_28' title='bbox 2991 538 3153 591; x_wconf 88' lang='lat' dir='ltr'><strong>etiam</strong></span> <span class='ocrx_word' id='word_1_29' title='bbox 3179 554 3207 591; x_wconf 92' lang='lat' dir='ltr'><strong>a</strong></span> <span class='ocrx_word' id='word_1_30' title='bbox 3230 539 3382 592; x_wconf 83' lang='lat' dir='ltr'><strong>suilla</strong></span> <span class='ocrx_word' id='word_1_31' title='bbox 3411 557 3572 596; x_wconf 81' lang='lat' dir='ltr'><strong>carne</strong></span> 
     </span>
    </p>
   </div>
   <div class='ocr_carea' id='block_1_5' title="bbox 302 627 1994 701">
    <p class='ocr_par' dir='ltr' id='par_1_5' title="bbox 302 627 1994 698">
     <span class='ocr_line' id='line_1_5' title="bbox 302 627 1994 698; baseline -0.004 -11"><span class='ocrx_word' id='word_1_32' title='bbox 302 636 536 690; x_wconf 64' lang='grc' dir='ltr'>πάντοτε</span> <span class='ocrx_word' id='word_1_33' title='bbox 567 630 866 692; x_wconf 77' lang='grc' dir='ltr'>ἐσθίοντες,</span> <span class='ocrx_word' id='word_1_34' title='bbox 893 629 942 682; x_wconf 82' lang='grc' dir='ltr'>οἳ</span> <span class='ocrx_word' id='word_1_35' title='bbox 971 629 1064 682; x_wconf 71' lang='grc' dir='ltr'>καὶ</span> <span class='ocrx_word' id='word_1_36' title='bbox 1093 629 1413 698; x_wconf 76' lang='grc' dir='ltr'>κατέκριναν</span> <span class='ocrx_word' id='word_1_37' title='bbox 1447 630 1573 691; x_wconf 78' lang='grc' dir='ltr'>τοὺς</span> <span class='ocrx_word' id='word_1_38' title='bbox 1602 627 1884 697; x_wconf 79' lang='grc' dir='ltr'>νηστεύον-</span> <span class='ocrx_word' id='word_1_39' title='bbox 1987 647 1994 680; x_wconf 90' lang='lat'><strong>:</strong></span> 
     </span>
    </p>
   </div>
   <div class='ocr_carea' id='block_1_6' title="bbox 1881 627 3573 701">
    <p class='ocr_par' dir='ltr' id='par_1_6' title="bbox 1881 628 3573 701">
     <span class='ocr_line' id='line_1_6' title="bbox 1881 628 3573 701; baseline 0.003 -21"><span class='ocrx_word' id='word_1_40' title='bbox 1881 657 1884 666; x_wconf 76' lang='grc' dir='ltr'><strong>ι</strong></span> <span class='ocrx_word' id='word_1_41' title='bbox 1987 630 2330 681; x_wconf 76' lang='lat' dir='ltr'><strong>ahstinebmt</strong></span> <span class='ocrx_word' id='word_1_42' title='bbox 2375 631 2539 682; x_wconf 61' lang='lat' dir='ltr'><strong>curtis</strong></span> <span class='ocrx_word' id='word_1_43' title='bbox 2590 628 2913 696; x_wconf 83' lang='lat' dir='ltr'><strong>quihusdam</strong></span> <span class='ocrx_word' id='word_1_44' title='bbox 2945 629 3139 684; x_wconf 90' lang='lat' dir='ltr'><strong>diebus</strong></span> <span class='ocrx_word' id='word_1_45' title='bbox 3174 645 3188 682; x_wconf 91' lang='lat'><strong>:</strong></span> <span class='ocrx_word' id='word_1_46' title='bbox 3223 631 3311 684; x_wconf 85' lang='lat' dir='ltr'><strong>alii</strong></span> <span class='ocrx_word' id='word_1_47' title='bbox 3349 635 3573 701; x_wconf 85' lang='lat' dir='ltr'><strong>quihus-</strong></span> 
     </span>
    </p>
   </div>
   <div class='ocr_carea' id='block_1_7' title="bbox 299 716 1991 792">
    <p class='ocr_par' dir='ltr' id='par_1_7' title="bbox 299 716 1880 792">
     <span class='ocr_line' id='line_1_7' title="bbox 299 716 1880 792; baseline -0.007 -14"><span class='ocrx_word' id='word_1_48' title='bbox 299 743 423 788; x_wconf 78' lang='grc' dir='ltr'>τας.</span> <span class='ocrx_word' id='word_1_49' title='bbox 457 722 592 792; x_wconf 74' lang='grc' dir='ltr'>Περὶ</span> <span class='ocrx_word' id='word_1_50' title='bbox 617 721 823 772; x_wconf 75' lang='grc' dir='ltr'>τούτων</span> <span class='ocrx_word' id='word_1_51' title='bbox 845 717 937 772; x_wconf 80' lang='grc' dir='ltr'>οὖν</span> <span class='ocrx_word' id='word_1_52' title='bbox 972 736 1159 788; x_wconf 79' lang='grc' dir='ltr'>φησιν,</span> <span class='ocrx_word' id='word_1_53' title='bbox 1192 719 1275 770; x_wconf 80' lang='grc' dir='ltr'><strong>ὃτι</strong></span> <span class='ocrx_word' id='word_1_54' title='bbox 1302 717 1460 779; x_wconf 77' lang='grc' dir='ltr'>ἄλλος</span> <span class='ocrx_word' id='word_1_55' title='bbox 1483 716 1654 778; x_wconf 78' lang='grc' dir='ltr'>ἄλλως</span> <span class='ocrx_word' id='word_1_56' title='bbox 1686 716 1880 786; x_wconf 82' lang='grc' dir='ltr'>κρίνει,</span> 
     </span>
    </p>
   </div>
   <div class='ocr_carea' id='block_1_8' title="bbox 1881 716 3573 792">
    <p class='ocr_par' dir='ltr' id='par_1_8' title="bbox 1990 719 3573 788">
     <span class='ocr_line' id='line_1_8' title="bbox 1990 719 3573 788; baseline 0.004 -16"><span class='ocrx_word' id='word_1_57' title='bbox 1990 721 2118 772; x_wconf 85' lang='lat' dir='ltr'><strong>libet</strong></span> <span class='ocrx_word' id='word_1_58' title='bbox 2166 719 2353 772; x_wconf 69' lang='lat' dir='ltr'><strong>diebus</strong></span> <span class='ocrx_word' id='word_1_59' title='bbox 2380 720 2631 783; x_wconf 78' lang='lat' dir='ltr'><strong>edebant,</strong></span> <span class='ocrx_word' id='word_1_60' title='bbox 2669 721 2759 787; x_wconf 91' lang='lat' dir='ltr'><strong>qui</strong></span> <span class='ocrx_word' id='word_1_61' title='bbox 2793 729 2847 773; x_wconf 89' lang='lat' dir='ltr'><strong>et</strong></span> <span class='ocrx_word' id='word_1_62' title='bbox 2889 720 3201 788; x_wconf 80' lang='lat' dir='ltr'><strong>jejnnantes</strong></span> <span class='ocrx_word' id='word_1_63' title='bbox 3243 725 3573 778; x_wconf 83' lang='lat' dir='ltr'><strong>cotnlemna&#39;</strong></span> 
     </span>
    </p>
   </div>
   <div class='ocr_carea' id='block_1_9' title="bbox 300 806 1992 884">
    <p class='ocr_par' dir='ltr' id='par_1_9' title="bbox 300 806 1992 883">
     <span class='ocr_line' id='line_1_9' title="bbox 300 806 1992 883; baseline -0.003 -14"><span class='ocrx_word' id='word_1_64' title='bbox 300 817 398 870; x_wconf 77' lang='grc' dir='ltr'><strong>καὶ</strong></span> <span class='ocrx_word' id='word_1_65' title='bbox 424 813 716 883; x_wconf 73' lang='grc' dir='ltr'>ἀδιάφορόν</span> <span class='ocrx_word' id='word_1_66' title='bbox 740 813 856 864; x_wconf 86' lang='grc' dir='ltr'>ἐστι</span> <span class='ocrx_word' id='word_1_67' title='bbox 881 811 938 864; x_wconf 80' lang='grc' dir='ltr'>τὸ</span> <span class='ocrx_word' id='word_1_68' title='bbox 958 813 1211 880; x_wconf 77' lang='grc' dir='ltr'>πρᾶγμα.</span> <span class='ocrx_word' id='word_1_69' title='bbox 1238 810 1312 862; x_wconf 71' lang='grc' dir='ltr'><strong>Οὐ</strong></span> <span class='ocrx_word' id='word_1_70' title='bbox 1334 810 1416 862; x_wconf 90' lang='grc' dir='ltr'><strong>δεῖ</strong></span> <span class='ocrx_word' id='word_1_71' title='bbox 1435 806 1526 862; x_wconf 66' lang='grc' dir='ltr'>οὖν</span> <span class='ocrx_word' id='word_1_72' title='bbox 1551 809 1751 878; x_wconf 75' lang='grc' dir='ltr'>πλήττε</span> <span class='ocrx_word' id='word_1_73' title='bbox 1767 809 1885 862; x_wconf 79' lang='grc' dir='ltr'>σθαι</span> <span class='ocrx_word' id='word_1_74' title='bbox 1989 814 1992 864; x_wconf 84' lang='lat' dir='ltr'><strong>l</strong></span> 
     </span>
    </p>
   </div>
   <div class='ocr_carea' id='block_1_10' title="bbox 1875 806 3567 884">
    <p class='ocr_par' dir='ltr' id='par_1_10' title="bbox 1875 811 3567 884">
     <span class='ocr_line' id='line_1_10' title="bbox 1875 811 3567 884; baseline 0.002 -22"><span class='ocrx_word' id='word_1_75' title='bbox 1875 828 1885 862; x_wconf 81' lang='grc' dir='ltr'><strong>ι</strong></span> <span class='ocrx_word' id='word_1_76' title='bbox 1989 813 2136 865; x_wconf 85' lang='lat' dir='ltr'><strong>bant.</strong></span> <span class='ocrx_word' id='word_1_77' title='bbox 2177 811 2248 863; x_wconf 85' lang='lat' dir='ltr'><strong>De</strong></span> <span class='ocrx_word' id='word_1_78' title='bbox 2280 813 2346 864; x_wconf 87' lang='lat' dir='ltr'><strong>iis</strong></span> <span class='ocrx_word' id='word_1_79' title='bbox 2384 814 2546 881; x_wconf 74' lang='lat' dir='ltr'><strong>igitur</strong></span> <span class='ocrx_word' id='word_1_80' title='bbox 2598 812 2874 879; x_wconf 71' lang='lat' dir='ltr'><strong>loquitur;</strong></span> <span class='ocrx_word' id='word_1_81' title='bbox 2936 813 3074 865; x_wconf 90' lang='lat' dir='ltr'><strong>alius</strong></span> <span class='ocrx_word' id='word_1_82' title='bbox 3136 813 3295 867; x_wconf 88' lang='lat' dir='ltr'><strong>aliter</strong></span> <span class='ocrx_word' id='word_1_83' title='bbox 3344 815 3567 884; x_wconf 78' lang='lat' dir='ltr'><strong>jndieat,</strong></span> 
     </span>
    </p>
   </div>
   <div class='ocr_carea' id='block_1_11' title="bbox 301 900 1993 973">
    <p class='ocr_par' dir='ltr' id='par_1_11' title="bbox 301 900 1993 973">
     <span class='ocr_line' id='line_1_11' title="bbox 301 900 1993 973; baseline -0.008 -11"><span class='ocrx_word' id='word_1_84' title='bbox 301 911 429 970; x_wconf 71' lang='grc' dir='ltr'>τοὺς</span> <span class='ocrx_word' id='word_1_85' title='bbox 475 906 739 973; x_wconf 50' lang='grc' dir='ltr'>ἀδελφοὺς</span> <span class='ocrx_word' id='word_1_86' title='bbox 779 902 940 972; x_wconf 75' lang='grc' dir='ltr'>χάριν</span> <span class='ocrx_word' id='word_1_87' title='bbox 999 902 1214 956; x_wconf 83' lang='grc' dir='ltr'>τούτου.</span> <span class='ocrx_word' id='word_1_88' title='bbox 1257 900 1444 954; x_wconf 75' lang='grc' dir='ltr'>Ταῦτα</span> <span class='ocrx_word' id='word_1_89' title='bbox 1496 900 1551 953; x_wconf 78' lang='grc' dir='ltr'>δὲ</span> <span class='ocrx_word' id='word_1_90' title='bbox 1605 916 1885 966; x_wconf 80' lang='grc' dir='ltr'>συγκατα-</span> <span class='ocrx_word' id='word_1_91' title='bbox 1989 925 1993 949; x_wconf 75' lang='grc' dir='ltr'>ι</span> 
     </span>
    </p>
   </div>
   <div class='ocr_carea' id='block_1_12' title="bbox 1873 900 3565 973">
    <p class='ocr_par' dir='ltr' id='par_1_12' title="bbox 1873 903 3565 968">
     <span class='ocr_line' id='line_1_12' title="bbox 1873 903 3565 968; baseline 0.004 -16"><span class='ocrx_word' id='word_1_92' title='bbox 1873 931 1885 941; x_wconf 94' lang='grc'><strong>-</strong></span> <span class='ocrx_word' id='word_1_93' title='bbox 1989 917 2109 954; x_wconf 84' lang='lat' dir='ltr'><strong>eum</strong></span> <span class='ocrx_word' id='word_1_94' title='bbox 2153 904 2221 955; x_wconf 83' lang='lat' dir='ltr'><strong>sit</strong></span> <span class='ocrx_word' id='word_1_95' title='bbox 2257 919 2340 955; x_wconf 84' lang='lat' dir='ltr'><strong>res</strong></span> <span class='ocrx_word' id='word_1_96' title='bbox 2370 903 2706 957; x_wconf 79' lang='lat' dir='ltr'><strong>intlili&#39;erens.</strong></span> <span class='ocrx_word' id='word_1_97' title='bbox 2744 905 2856 955; x_wconf 62' lang='lat' dir='ltr'><strong>Non</strong></span> <span class='ocrx_word' id='word_1_98' title='bbox 2891 914 3017 958; x_wconf 77' lang='lat' dir='ltr'><strong>suat</strong></span> <span class='ocrx_word' id='word_1_99' title='bbox 3049 905 3214 968; x_wconf 72' lang='lat' dir='ltr'><strong>igitur</strong></span> <span class='ocrx_word' id='word_1_100' title='bbox 3261 906 3565 961; x_wconf 80' lang='lat' dir='ltr'><strong>incessendi</strong></span> 
     </span>
    </p>
   </div>
   <div class='ocr_carea' id='block_1_13' title="bbox 302 981 1994 1069">
    <p class='ocr_par' dir='ltr' id='par_1_13' title="bbox 302 981 1994 1060">
     <span class='ocr_line' id='line_1_13' title="bbox 302 981 1994 1060; baseline -0.002 -9"><span class='ocrx_word' id='word_1_101' title='bbox 302 1000 477 1052; x_wconf 76' lang='grc' dir='ltr'>ϐαίνει</span> <span class='ocrx_word' id='word_1_102' title='bbox 508 999 712 1058; x_wconf 77' lang='grc' dir='ltr'>αὐτοῖς,</span> <span class='ocrx_word' id='word_1_103' title='bbox 745 995 834 1048; x_wconf 75' lang='grc' dir='ltr'>διὰ</span> <span class='ocrx_word' id='word_1_104' title='bbox 858 994 918 1047; x_wconf 72' lang='grc' dir='ltr'><strong>τὸ</strong></span> <span class='ocrx_word' id='word_1_105' title='bbox 940 994 1198 1058; x_wconf 72' lang='grc' dir='ltr'>νεόφυτον</span> <span class='ocrx_word' id='word_1_106' title='bbox 1225 993 1323 1060; x_wconf 73' lang='grc' dir='ltr'>τῆς</span> <span class='ocrx_word' id='word_1_107' title='bbox 1346 993 1580 1056; x_wconf 86' lang='grc' dir='ltr'>πίστεως</span> <span class='ocrx_word' id='word_1_108' title='bbox 1612 981 1812 1046; x_wconf 64' lang='grc' dir='ltr'>αὐτῶν.</span> <span class='ocrx_word' id='word_1_109' title='bbox 1991 1005 1994 1047; x_wconf 83' lang='lat' dir='ltr'><strong>l</strong></span> 
     </span>
    </p>
   </div>
   <div class='ocr_carea' id='block_1_14' title="bbox 1875 981 3567 1069">
    <p class='ocr_par' dir='ltr' id='par_1_14' title="bbox 1991 993 3567 1069">
     <span class='ocr_line' id='line_1_14' title="bbox 1991 993 3567 1069; baseline 0.005 -22"><span class='ocrx_word' id='word_1_110' title='bbox 1991 993 2185 1048; x_wconf 79' lang='lat' dir='ltr'><strong>fratres</strong></span> <span class='ocrx_word' id='word_1_111' title='bbox 2217 994 2375 1062; x_wconf 72' lang='lat' dir='ltr'><strong>ll&#39;tjtls</strong></span> <span class='ocrx_word' id='word_1_112' title='bbox 2405 997 2480 1048; x_wconf 90' lang='lat' dir='ltr'><strong>rei</strong></span> <span class='ocrx_word' id='word_1_113' title='bbox 2514 1012 2698 1051; x_wconf 84' lang='lat' dir='ltr'><strong>causa.</strong></span> <span class='ocrx_word' id='word_1_114' title='bbox 2732 997 2786 1050; x_wconf 91' lang='lat' dir='ltr'><strong>In</strong></span> <span class='ocrx_word' id='word_1_115' title='bbox 2827 998 2911 1050; x_wconf 86' lang='lat' dir='ltr'><strong>his</strong></span> <span class='ocrx_word' id='word_1_116' title='bbox 2949 1007 3128 1051; x_wconf 87' lang='lat' dir='ltr'><strong>autem</strong></span> <span class='ocrx_word' id='word_1_117' title='bbox 3170 998 3404 1069; x_wconf 87' lang='lat' dir='ltr'><strong>indulget</strong></span> <span class='ocrx_word' id='word_1_118' title='bbox 3437 1000 3567 1066; x_wconf 71' lang='lat' dir='ltr'><strong>illis,</strong></span> 
     </span>
    </p>
   </div>
   <div class='ocr_carea' id='block_1_15' title="bbox 1997 1085 3020 1158">
    <p class='ocr_par' dir='ltr' id='par_1_15' title="bbox 1997 1085 3020 1158">
     <span class='ocr_line' id='line_1_15' title="bbox 1997 1085 3020 1158; baseline 0.007 -22"><span class='ocrx_word' id='word_1_119' title='bbox 1997 1085 2138 1153; x_wconf 83' lang='lat' dir='ltr'><strong>quod</strong></span> <span class='ocrx_word' id='word_1_120' title='bbox 2169 1087 2218 1139; x_wconf 87' lang='lat' dir='ltr'><strong>in</strong></span> <span class='ocrx_word' id='word_1_121' title='bbox 2249 1089 2352 1140; x_wconf 60' lang='lat' dir='ltr'><strong>litlc</strong></span> <span class='ocrx_word' id='word_1_122' title='bbox 2380 1098 2505 1139; x_wconf 91' lang='lat' dir='ltr'><strong>snnt</strong></span> <span class='ocrx_word' id='word_1_123' title='bbox 2533 1088 2706 1140; x_wconf 74' lang='lat' dir='ltr'><strong>azlhue</strong></span> <span class='ocrx_word' id='word_1_124' title='bbox 2741 1089 3020 1158; x_wconf 83' lang='lat' dir='ltr'><strong>neuphyti.</strong></span> 
     </span>
    </p>
   </div>
   <div class='ocr_carea' id='block_1_16' title="bbox 384 1175 2076 1246">
    <p class='ocr_par' dir='ltr' id='par_1_16' title="bbox 384 1175 2076 1244">
     <span class='ocr_line' id='line_1_16' title="bbox 384 1175 2076 1244; baseline -0.002 -14"><span class='ocrx_word' id='word_1_125' title='bbox 384 1199 403 1231; x_wconf 78' lang='grc' dir='ltr'><strong>ι</strong></span> <span class='ocrx_word' id='word_1_126' title='bbox 435 1178 708 1240; x_wconf 78' lang='grc' dir='ltr'>’Ἕκαστος</span> <span class='ocrx_word' id='word_1_127' title='bbox 737 1179 792 1228; x_wconf 89' lang='grc' dir='ltr'><strong>ἐν</strong></span> <span class='ocrx_word' id='word_1_128' title='bbox 813 1175 889 1244; x_wconf 82' lang='grc' dir='ltr'>τῷ</span> <span class='ocrx_word' id='word_1_129' title='bbox 921 1175 1035 1242; x_wconf 89' lang='grc' dir='ltr'>ἰδίῳ</span> <span class='ocrx_word' id='word_1_130' title='bbox 1058 1175 1139 1228; x_wconf 78' lang='grc' dir='ltr'>νοῒ</span> <span class='ocrx_word' id='word_1_131' title='bbox 1165 1175 1638 1244; x_wconf 67' lang='grc' dir='ltr'><strong>πληροφορείσθω.</strong></span> <span class='ocrx_word' id='word_1_132' title='bbox 1669 1195 1686 1226; x_wconf 76' lang='grc' dir='ltr'><strong>ι</strong></span> <span class='ocrx_word' id='word_1_133' title='bbox 1719 1175 1888 1229; x_wconf 82' lang='grc' dir='ltr'>Ὅταν</span> <span class='ocrx_word' id='word_1_134' title='bbox 2068 1197 2076 1227; x_wconf 83' lang='lat' dir='ltr'><strong>t</strong></span> 
     </span>
    </p>
   </div>
   <div class='ocr_carea' id='block_1_17' title="bbox 1879 1175 3571 1246">
    <p class='ocr_par' dir='ltr' id='par_1_17' title="bbox 1879 1177 3571 1246">
     <span class='ocr_line' id='line_1_17' title="bbox 1879 1177 3571 1246; baseline 0.006 -21"><span class='ocrx_word' id='word_1_135' title='bbox 1879 1193 1888 1225; x_wconf 76' lang='grc' dir='ltr'><strong>ι</strong></span> <span class='ocrx_word' id='word_1_136' title='bbox 2068 1196 2086 1227; x_wconf 81' lang='grc' dir='ltr'><strong>ι</strong></span> <span class='ocrx_word' id='word_1_137' title='bbox 2132 1177 2518 1246; x_wconf 83' lang='lat' dir='ltr'><strong>Unusquisque</strong></span> <span class='ocrx_word' id='word_1_138' title='bbox 2559 1179 2613 1231; x_wconf 90' lang='lat' dir='ltr'><strong>in</strong></span> <span class='ocrx_word' id='word_1_139' title='bbox 2646 1194 2745 1231; x_wconf 91' lang='lat' dir='ltr'><strong>suo</strong></span> <span class='ocrx_word' id='word_1_140' title='bbox 2788 1195 2946 1231; x_wconf 84' lang='lat' dir='ltr'><strong>sensu</strong></span> <span class='ocrx_word' id='word_1_141' title='bbox 2983 1180 3239 1235; x_wconf 77' lang='lat' dir='ltr'><strong>abundet.</strong></span> <span class='ocrx_word' id='word_1_142' title='bbox 3276 1199 3295 1232; x_wconf 75' lang='grc' dir='ltr'><strong>ι</strong></span> <span class='ocrx_word' id='word_1_143' title='bbox 3343 1180 3571 1246; x_wconf 88' lang='lat' dir='ltr'><strong>Quando</strong></span> 
     </span>
    </p>
   </div>
   <div class='ocr_carea' id='block_1_18' title="bbox 307 1261 1999 1342">
    <p class='ocr_par' dir='ltr' id='par_1_18' title="bbox 307 1261 1999 1342">
     <span class='ocr_line' id='line_1_18' title="bbox 307 1261 1999 1342; baseline -0.002 -18"><span class='ocrx_word' id='word_1_144' title='bbox 307 1272 406 1342; x_wconf 84' lang='grc' dir='ltr'>μὲν</span> <span class='ocrx_word' id='word_1_145' title='bbox 437 1271 570 1340; x_wconf 74' lang='grc' dir='ltr'>περὶ</span> <span class='ocrx_word' id='word_1_146' title='bbox 601 1269 886 1337; x_wconf 83' lang='grc' dir='ltr'><strong>δογμάτων</strong></span> <span class='ocrx_word' id='word_1_147' title='bbox 908 1269 934 1321; x_wconf 89' lang='lat'><strong>6</strong></span> <span class='ocrx_word' id='word_1_148' title='bbox 964 1267 1120 1335; x_wconf 77' lang='grc' dir='ltr'>λόγος</span> <span class='ocrx_word' id='word_1_149' title='bbox 1146 1261 1203 1338; x_wconf 75' lang='grc' dir='ltr'><strong>ᾗ,</strong></span> <span class='ocrx_word' id='word_1_150' title='bbox 1235 1267 1293 1317; x_wconf 85' lang='grc' dir='ltr'><strong>ού</strong></span> <span class='ocrx_word' id='word_1_151' title='bbox 1323 1265 1404 1318; x_wconf 89' lang='grc' dir='ltr'><strong>δεῖ</strong></span> <span class='ocrx_word' id='word_1_152' title='bbox 1433 1268 1576 1335; x_wconf 77' lang='grc' dir='ltr'>ἡμᾶς</span> <span class='ocrx_word' id='word_1_153' title='bbox 1604 1266 1680 1336; x_wconf 85' lang='grc' dir='ltr'><strong>τῷ</strong></span> <span class='ocrx_word' id='word_1_154' title='bbox 1704 1267 1890 1338; x_wconf 79' lang='grc' dir='ltr'>οἰκεέῳ</span> <span class='ocrx_word' id='word_1_155' title='bbox 1993 1286 1999 1320; x_wconf 74' lang='grc' dir='ltr'>ε</span> 
     </span>
    </p>
   </div>
   <div class='ocr_carea' id='block_1_19' title="bbox 1878 1261 3570 1342">
    <p class='ocr_par' dir='ltr' id='par_1_19' title="bbox 1878 1269 3570 1337">
     <span class='ocr_line' id='line_1_19' title="bbox 1878 1269 3570 1337; baseline 0.003 -19"><span class='ocrx_word' id='word_1_156' title='bbox 1878 1285 1890 1318; x_wconf 87' lang='grc'>›</span> <span class='ocrx_word' id='word_1_157' title='bbox 1993 1284 2170 1321; x_wconf 78' lang='lat' dir='ltr'><strong>sermo</strong></span> <span class='ocrx_word' id='word_1_158' title='bbox 2197 1279 2277 1322; x_wconf 86' lang='lat' dir='ltr'><strong>est</strong></span> <span class='ocrx_word' id='word_1_159' title='bbox 2313 1271 2378 1322; x_wconf 91' lang='lat' dir='ltr'><strong>de</strong></span> <span class='ocrx_word' id='word_1_160' title='bbox 2417 1269 2760 1337; x_wconf 70' lang='lat' dir='ltr'><strong>dogmatibus</strong></span> <span class='ocrx_word' id='word_1_161' title='bbox 2793 1269 2872 1321; x_wconf 93' lang='lat' dir='ltr'><strong>vel</strong></span> <span class='ocrx_word' id='word_1_162' title='bbox 2911 1270 3180 1330; x_wconf 85' lang='lat' dir='ltr'><strong>doctrina,</strong></span> <span class='ocrx_word' id='word_1_163' title='bbox 3213 1285 3316 1323; x_wconf 93' lang='lat' dir='ltr'><strong>non</strong></span> <span class='ocrx_word' id='word_1_164' title='bbox 3356 1280 3570 1334; x_wconf 60' lang='lat' dir='ltr'><strong>oportet</strong></span> 
     </span>
    </p>
   </div>
   <div class='ocr_carea' id='block_1_20' title="bbox 304 1357 1996 1430">
    <p class='ocr_par' dir='ltr' id='par_1_20' title="bbox 304 1357 1996 1430">
     <span class='ocr_line' id='line_1_20' title="bbox 304 1357 1996 1430; baseline -0.001 -17"><span class='ocrx_word' id='word_1_165' title='bbox 304 1360 386 1413; x_wconf 79' lang='grc' dir='ltr'>νοῒ</span> <span class='ocrx_word' id='word_1_166' title='bbox 411 1357 899 1430; x_wconf 80' lang='grc' dir='ltr'>πληροφορεῖσθαι,</span> <span class='ocrx_word' id='word_1_167' title='bbox 928 1358 1043 1412; x_wconf 83' lang='grc' dir='ltr'>ἀλλ’</span> <span class='ocrx_word' id='word_1_168' title='bbox 1074 1357 1110 1412; x_wconf 77' lang='grc' dir='ltr'>ἃ</span> <span class='ocrx_word' id='word_1_169' title='bbox 1138 1357 1540 1427; x_wconf 66' lang='grc' dir='ltr'>παρελάϐομεν,</span> <span class='ocrx_word' id='word_1_170' title='bbox 1565 1357 1738 1410; x_wconf 84' lang='grc' dir='ltr'>ταῦτα</span> <span class='ocrx_word' id='word_1_171' title='bbox 1761 1373 1892 1410; x_wconf 78' lang='grc' dir='ltr'>κατ·</span> <span class='ocrx_word' id='word_1_172' title='bbox 1993 1377 1996 1411; x_wconf 87' lang='lat' dir='ltr'><strong>l</strong></span> 
     </span>
    </p>
   </div>
   <div class='ocr_carea' id='block_1_21' title="bbox 1875 1357 3567 1430">
    <p class='ocr_par' dir='ltr' id='par_1_21' title="bbox 1875 1360 3567 1429">
     <span class='ocr_line' id='line_1_21' title="bbox 1875 1360 3567 1429; baseline 0.001 -17"><span class='ocrx_word' id='word_1_173' title='bbox 1875 1390 1892 1401; x_wconf 95' lang='lat'><strong>-</strong></span> <span class='ocrx_word' id='word_1_174' title='bbox 1993 1375 2088 1412; x_wconf 89' lang='lat' dir='ltr'><strong>nos</strong></span> <span class='ocrx_word' id='word_1_175' title='bbox 2135 1361 2353 1428; x_wconf 85' lang='lat' dir='ltr'><strong>proprio</strong></span> <span class='ocrx_word' id='word_1_176' title='bbox 2398 1375 2560 1414; x_wconf 77' lang='lat' dir='ltr'><strong>sensu</strong></span> <span class='ocrx_word' id='word_1_177' title='bbox 2609 1361 2911 1425; x_wconf 78' lang='lat' dir='ltr'><strong>abundare,</strong></span> <span class='ocrx_word' id='word_1_178' title='bbox 2943 1360 3036 1414; x_wconf 74' lang='lat' dir='ltr'><strong>sed</strong></span> <span class='ocrx_word' id='word_1_179' title='bbox 3072 1374 3191 1426; x_wconf 68' lang='lat' dir='ltr'><strong>quae</strong></span> <span class='ocrx_word' id='word_1_180' title='bbox 3233 1363 3567 1429; x_wconf 82' lang='lat' dir='ltr'><strong>accepimus,</strong></span> 
     </span>
    </p>
   </div>
   <div class='ocr_carea' id='block_1_22' title="bbox 306 1449 1998 1523">
    <p class='ocr_par' dir='ltr' id='par_1_22' title="bbox 306 1449 1998 1523">
     <span class='ocr_line' id='line_1_22' title="bbox 306 1449 1998 1523; baseline -0.001 -17"><span class='ocrx_word' id='word_1_181' title='bbox 306 1453 476 1523; x_wconf 81' lang='grc' dir='ltr'>ἐχειν,</span> <span class='ocrx_word' id='word_1_182' title='bbox 503 1452 606 1504; x_wconf 75' lang='grc' dir='ltr'>κᾶν</span> <span class='ocrx_word' id='word_1_183' title='bbox 625 1451 855 1520; x_wconf 76' lang='grc' dir='ltr'>ἅγγελος</span> <span class='ocrx_word' id='word_1_184' title='bbox 890 1453 948 1516; x_wconf 76' lang='grc' dir='ltr'><strong>ἐξ</strong></span> <span class='ocrx_word' id='word_1_185' title='bbox 972 1449 1218 1521; x_wconf 75' lang='grc' dir='ltr'>οὐρανῶν</span> <span class='ocrx_word' id='word_1_186' title='bbox 1253 1449 1416 1519; x_wconf 72' lang='grc' dir='ltr'>ἔτερα</span> <span class='ocrx_word' id='word_1_187' title='bbox 1446 1449 1887 1518; x_wconf 75' lang='grc' dir='ltr'>εὐαγγελίζηται.</span> <span class='ocrx_word' id='word_1_188' title='bbox 1995 1464 1998 1505; x_wconf 89' lang='lat' dir='ltr'><strong>l</strong></span> 
     </span>
    </p>
   </div>
   <div class='ocr_carea' id='block_1_23' title="bbox 1875 1449 3567 1523">
    <p class='ocr_par' dir='ltr' id='par_1_23' title="bbox 1875 1449 3567 1519">
     <span class='ocr_line' id='line_1_23' title="bbox 1875 1449 3567 1519; baseline 0.001 -17"><span class='ocrx_word' id='word_1_189' title='bbox 1875 1490 1887 1502; x_wconf 94' lang='lat'><strong>.</strong></span> <span class='ocrx_word' id='word_1_190' title='bbox 1995 1454 2222 1506; x_wconf 86' lang='lat' dir='ltr'><strong>lirmiter</strong></span> <span class='ocrx_word' id='word_1_191' title='bbox 2275 1453 2436 1514; x_wconf 89' lang='lat' dir='ltr'><strong>tueri,</strong></span> <span class='ocrx_word' id='word_1_192' title='bbox 2493 1452 2706 1505; x_wconf 80' lang='lat' dir='ltr'><strong>etiamsi</strong></span> <span class='ocrx_word' id='word_1_193' title='bbox 2770 1451 2851 1505; x_wconf 89' lang='lat' dir='ltr'><strong>vel</strong></span> <span class='ocrx_word' id='word_1_194' title='bbox 2907 1451 3128 1519; x_wconf 83' lang='lat' dir='ltr'><strong>angelus</strong></span> <span class='ocrx_word' id='word_1_195' title='bbox 3162 1465 3191 1504; x_wconf 88' lang='lat' dir='ltr'><strong>e</strong></span> <span class='ocrx_word' id='word_1_196' title='bbox 3223 1449 3377 1505; x_wconf 78' lang='lat' dir='ltr'><strong>cmlis</strong></span> <span class='ocrx_word' id='word_1_197' title='bbox 3423 1451 3567 1504; x_wconf 88' lang='lat' dir='ltr'><strong>aliud</strong></span> 
     </span>
    </p>
   </div>
   <div class='ocr_carea' id='block_1_24' title="bbox 308 1539 2000 1614">
    <p class='ocr_par' dir='ltr' id='par_1_24' title="bbox 308 1539 2000 1614">
     <span class='ocr_line' id='line_1_24' title="bbox 308 1539 2000 1614; baseline -0.001 -18"><span class='ocrx_word' id='word_1_198' title='bbox 308 1543 480 1596; x_wconf 86' lang='grc' dir='ltr'>Ἔνθα</span> <span class='ocrx_word' id='word_1_199' title='bbox 515 1543 572 1595; x_wconf 81' lang='grc' dir='ltr'><strong>δέ</strong></span> <span class='ocrx_word' id='word_1_200' title='bbox 596 1559 660 1594; x_wconf 84' lang='grc' dir='ltr'><strong>πε</strong></span> <span class='ocrx_word' id='word_1_201' title='bbox 673 1543 724 1613; x_wconf 72' lang='lat' dir='ltr'><strong>pi</strong></span> <span class='ocrx_word' id='word_1_202' title='bbox 747 1541 1052 1612; x_wconf 80' lang='grc' dir='ltr'><strong>βρωμάτων</strong></span> <span class='ocrx_word' id='word_1_203' title='bbox 1078 1542 1171 1594; x_wconf 73' lang='grc' dir='ltr'>καὶ</span> <span class='ocrx_word' id='word_1_204' title='bbox 1197 1541 1453 1609; x_wconf 81' lang='grc' dir='ltr'><strong>νηστείας</strong></span> <span class='ocrx_word' id='word_1_205' title='bbox 1475 1541 1503 1592; x_wconf 98' lang='lat'><strong>6</strong></span> <span class='ocrx_word' id='word_1_206' title='bbox 1533 1541 1686 1608; x_wconf 76' lang='grc' dir='ltr'>λόγος</span> <span class='ocrx_word' id='word_1_207' title='bbox 1796 1543 1890 1594; x_wconf 75' lang='grc' dir='ltr'><strong>καὶ</strong></span> <span class='ocrx_word' id='word_1_208' title='bbox 1994 1562 2000 1614; x_wconf 80' lang='grc' dir='ltr'>ι</span> 
     </span>
    </p>
   </div>
   <div class='ocr_carea' id='block_1_25' title="bbox 1879 1539 3571 1614">
    <p class='ocr_par' dir='ltr' id='par_1_25' title="bbox 1879 1539 3571 1614">
     <span class='ocr_line' id='line_1_25' title="bbox 1879 1539 3571 1614; baseline -0.002 -20"><span class='ocrx_word' id='word_1_209' title='bbox 1879 1557 1890 1594; x_wconf 90' lang='grc' dir='ltr'><strong>ι</strong></span> <span class='ocrx_word' id='word_1_210' title='bbox 1994 1545 2322 1614; x_wconf 73' lang='grc' dir='ltr'>ριτιιιιίοοιοὶι.</span> <span class='ocrx_word' id='word_1_211' title='bbox 2369 1543 2466 1598; x_wconf 82' lang='lat' dir='ltr'><strong>libi</strong></span> <span class='ocrx_word' id='word_1_212' title='bbox 2496 1555 2673 1598; x_wconf 86' lang='lat' dir='ltr'><strong>autem</strong></span> <span class='ocrx_word' id='word_1_213' title='bbox 2705 1544 2771 1597; x_wconf 87' lang='lat' dir='ltr'><strong>de</strong></span> <span class='ocrx_word' id='word_1_214' title='bbox 2803 1542 2938 1595; x_wconf 81' lang='lat' dir='ltr'><strong>cibis</strong></span> <span class='ocrx_word' id='word_1_215' title='bbox 2966 1539 3243 1610; x_wconf 85' lang='lat' dir='ltr'><strong>etjejunio</strong></span> <span class='ocrx_word' id='word_1_216' title='bbox 3272 1555 3454 1594; x_wconf 85' lang='lat' dir='ltr'><strong>sermo</strong></span> <span class='ocrx_word' id='word_1_217' title='bbox 3487 1552 3571 1594; x_wconf 71' lang='lat' dir='ltr'><strong>est</strong></span> 
     </span>
    </p>
   </div>
   <div class='ocr_carea' id='block_1_26' title="bbox 302 1633 1994 1705">
    <p class='ocr_par' dir='ltr' id='par_1_26' title="bbox 302 1635 1994 1705">
     <span class='ocr_line' id='line_1_26' title="bbox 302 1635 1994 1705; baseline -0.003 -14"><span class='ocrx_word' id='word_1_218' title='bbox 302 1637 416 1691; x_wconf 80' lang='grc' dir='ltr'><strong>τῶν</strong></span> <span class='ocrx_word' id='word_1_219' title='bbox 441 1636 724 1703; x_wconf 82' lang='grc' dir='ltr'>τοιούτων,</span> <span class='ocrx_word' id='word_1_220' title='bbox 759 1636 853 1688; x_wconf 70' lang='grc' dir='ltr'><strong>καὶ</strong></span> <span class='ocrx_word' id='word_1_221' title='bbox 880 1637 927 1688; x_wconf 78' lang='lat' dir='ltr'><strong>ot</strong></span> <span class='ocrx_word' id='word_1_222' title='bbox 950 1636 1236 1698; x_wconf 73' lang='grc' dir='ltr'>πταίοντες</span> <span class='ocrx_word' id='word_1_223' title='bbox 1267 1637 1395 1705; x_wconf 75' lang='grc' dir='ltr'>περὶ</span> <span class='ocrx_word' id='word_1_224' title='bbox 1424 1635 1594 1687; x_wconf 75' lang='grc' dir='ltr'>ταῦτα</span> <span class='ocrx_word' id='word_1_225' title='bbox 1614 1635 1656 1664; x_wconf 64' lang='grc'><strong>³³</strong></span> <span class='ocrx_word' id='word_1_226' title='bbox 1696 1635 1889 1704; x_wconf 68' lang='grc' dir='ltr'>νεόφυ-</span> <span class='ocrx_word' id='word_1_227' title='bbox 1993 1666 1994 1680; x_wconf 61' lang='grc' dir='ltr'><strong>ι</strong></span> 
     </span>
    </p>
   </div>
   <div class='ocr_carea' id='block_1_27' title="bbox 1876 1633 3568 1705">
    <p class='ocr_par' dir='ltr' id='par_1_27' title="bbox 1876 1633 3568 1704">
     <span class='ocr_line' id='line_1_27' title="bbox 1876 1633 3568 1704; baseline -0.003 -13"><span class='ocrx_word' id='word_1_228' title='bbox 1876 1663 1889 1674; x_wconf 93' lang='grc'><strong>-</strong></span> <span class='ocrx_word' id='word_1_229' title='bbox 1993 1647 2046 1691; x_wconf 91' lang='lat' dir='ltr'><strong>et</strong></span> <span class='ocrx_word' id='word_1_230' title='bbox 2075 1636 2362 1696; x_wconf 87' lang='lat' dir='ltr'><strong>similibus,</strong></span> <span class='ocrx_word' id='word_1_231' title='bbox 2397 1646 2450 1688; x_wconf 91' lang='lat' dir='ltr'><strong>et</strong></span> <span class='ocrx_word' id='word_1_232' title='bbox 2481 1635 2570 1704; x_wconf 83' lang='lat' dir='ltr'><strong>qui</strong></span> <span class='ocrx_word' id='word_1_233' title='bbox 2613 1636 2664 1687; x_wconf 91' lang='lat' dir='ltr'><strong>in</strong></span> <span class='ocrx_word' id='word_1_234' title='bbox 2699 1635 2817 1687; x_wconf 80' lang='lat' dir='ltr'><strong>istis</strong></span> <span class='ocrx_word' id='word_1_235' title='bbox 2864 1633 3186 1701; x_wconf 79' lang='lat' dir='ltr'><strong>impingunt,</strong></span> <span class='ocrx_word' id='word_1_236' title='bbox 3222 1633 3398 1686; x_wconf 89' lang='lat' dir='ltr'><strong>adhuc</strong></span> <span class='ocrx_word' id='word_1_237' title='bbox 3442 1643 3568 1686; x_wconf 90' lang='lat' dir='ltr'><strong>sunt</strong></span> 
     </span>
    </p>
   </div>
   <div class='ocr_carea' id='block_1_28' title="bbox 304 1725 1996 1801">
    <p class='ocr_par' dir='ltr' id='par_1_28' title="bbox 304 1725 1996 1796">
     <span class='ocr_line' id='line_1_28' title="bbox 304 1725 1996 1796; baseline 0 -16"><span class='ocrx_word' id='word_1_238' title='bbox 304 1745 409 1786; x_wconf 83' lang='grc' dir='ltr'>τοι,</span> <span class='ocrx_word' id='word_1_239' title='bbox 440 1729 534 1780; x_wconf 77' lang='grc' dir='ltr'><strong>καὶ</strong></span> <span class='ocrx_word' id='word_1_240' title='bbox 559 1726 1026 1794; x_wconf 79' lang='grc' dir='ltr'>συγκαταόἀσεως</span> <span class='ocrx_word' id='word_1_241' title='bbox 1059 1725 1329 1793; x_wconf 85' lang='grc' dir='ltr'>δεόμενοι,</span> <span class='ocrx_word' id='word_1_242' title='bbox 1352 1725 1588 1778; x_wconf 71' lang='grc' dir='ltr'>ἐνταῦθα</span> <span class='ocrx_word' id='word_1_243' title='bbox 1610 1727 1706 1796; x_wconf 78' lang='grc' dir='ltr'><strong>τῆς</strong></span> <span class='ocrx_word' id='word_1_244' title='bbox 1736 1730 1893 1796; x_wconf 77' lang='grc' dir='ltr'>ἀκρι-</span> <span class='ocrx_word' id='word_1_245' title='bbox 1995 1749 1996 1783; x_wconf 89' lang='lat'>:</span> 
     </span>
    </p>
   </div>
   <div class='ocr_carea' id='block_1_29' title="bbox 1877 1725 3569 1801">
    <p class='ocr_par' dir='ltr' id='par_1_29' title="bbox 1877 1728 3569 1801">
     <span class='ocr_line' id='line_1_29' title="bbox 1877 1728 3569 1801; baseline -0.003 -17"><span class='ocrx_word' id='word_1_246' title='bbox 1877 1755 1893 1764; x_wconf 93' lang='lat'><strong>-</strong></span> <span class='ocrx_word' id='word_1_247' title='bbox 1995 1731 2272 1801; x_wconf 86' lang='lat' dir='ltr'><strong>neophyti,</strong></span> <span class='ocrx_word' id='word_1_248' title='bbox 2309 1739 2361 1783; x_wconf 89' lang='lat' dir='ltr'><strong>et</strong></span> <span class='ocrx_word' id='word_1_249' title='bbox 2383 1729 2719 1798; x_wconf 60' lang='lat' dir='ltr'><strong>intulgentia</strong></span> <span class='ocrx_word' id='word_1_250' title='bbox 2749 1743 2885 1797; x_wconf 91' lang='lat' dir='ltr'><strong>opus</strong></span> <span class='ocrx_word' id='word_1_251' title='bbox 2919 1729 3143 1790; x_wconf 91' lang='lat' dir='ltr'><strong>habent,</strong></span> <span class='ocrx_word' id='word_1_252' title='bbox 3173 1729 3258 1780; x_wconf 81' lang='lat' dir='ltr'><strong>hic</strong></span> <span class='ocrx_word' id='word_1_253' title='bbox 3285 1728 3351 1780; x_wconf 87' lang='lat' dir='ltr'><strong>ab</strong></span> <span class='ocrx_word' id='word_1_254' title='bbox 3380 1737 3569 1780; x_wconf 81' lang='lat' dir='ltr'><strong>exacto</strong></span> 
     </span>
    </p>
   </div>
   <div class='ocr_carea' id='block_1_30' title="bbox 309 1821 2001 1892">
    <p class='ocr_par' dir='ltr' id='par_1_30' title="bbox 309 1822 2001 1892">
     <span class='ocr_line' id='line_1_30' title="bbox 309 1822 2001 1892; baseline 0.005 -18"><span class='ocrx_word' id='word_1_255' title='bbox 309 1822 467 1884; x_wconf 73' lang='grc' dir='ltr'>ϐείας</span> <span class='ocrx_word' id='word_1_256' title='bbox 501 1823 763 1876; x_wconf 81' lang='grc' dir='ltr'>ἑνδοτέον.</span> 
     </span>
    </p>
   </div>
   <div class='ocr_carea' id='block_1_31' title="bbox 1255 1821 2947 1892">
    <p class='ocr_par' dir='ltr' id='par_1_31' title="bbox 1990 1821 2947 1892">
     <span class='ocr_line' id='line_1_31' title="bbox 1990 1821 2947 1892; baseline -0.002 -17"><span class='ocrx_word' id='word_1_257' title='bbox 1990 1823 2113 1892; x_wconf 88' lang='lat' dir='ltr'><strong>jure</strong></span> <span class='ocrx_word' id='word_1_258' title='bbox 2145 1839 2265 1876; x_wconf 51' lang='lat' dir='ltr'><strong>non.</strong></span> <span class='ocrx_word' id='word_1_259' title='bbox 2293 1822 2390 1876; x_wconf 91' lang='lat' dir='ltr'><strong>ihil</strong></span> <span class='ocrx_word' id='word_1_260' title='bbox 2419 1833 2499 1874; x_wconf 86' lang='lat' dir='ltr'><strong>est</strong></span> <span class='ocrx_word' id='word_1_261' title='bbox 2540 1821 2947 1874; x_wconf 86' lang='lat' dir='ltr'><strong>remittendum.</strong></span> 
     </span>
    </p>
   </div>
   <div class='ocr_carea' id='block_1_32' title="bbox 387 1893 2079 1983">
    <p class='ocr_par' dir='ltr' id='par_1_32' title="bbox 387 1893 2079 1983">
     <span class='ocr_line' id='line_1_32' title="bbox 387 1893 2079 1983; baseline -0.002 -19"><span class='ocrx_word' id='word_1_262' title='bbox 387 1932 406 1964; x_wconf 75' lang='grc' dir='ltr'><strong>ι</strong></span> <span class='ocrx_word' id='word_1_263' title='bbox 459 1913 518 1966; x_wconf 89' lang='lat'><strong>&#39;0</strong></span> <span class='ocrx_word' id='word_1_264' title='bbox 577 1912 791 1983; x_wconf 72' lang='grc' dir='ltr'>φρονῶν</span> <span class='ocrx_word' id='word_1_265' title='bbox 847 1912 946 1982; x_wconf 81' lang='grc' dir='ltr'>τὴν</span> <span class='ocrx_word' id='word_1_266' title='bbox 997 1911 1235 1981; x_wconf 74' lang='grc' dir='ltr'>ἡμέραν,</span> <span class='ocrx_word' id='word_1_267' title='bbox 1294 1910 1484 1981; x_wconf 83' lang='grc' dir='ltr'>Κυρίῳ</span> <span class='ocrx_word' id='word_1_268' title='bbox 1533 1911 1754 1979; x_wconf 76' lang='grc' dir='ltr'>φρονεῖ’</span> <span class='ocrx_word' id='word_1_269' title='bbox 1801 1909 1894 1961; x_wconf 75' lang='grc' dir='ltr'>καὶ</span> <span class='ocrx_word' id='word_1_270' title='bbox 1925 1893 1966 1948; x_wconf 76' lang='grc' dir='ltr'><strong>Β</strong></span> <span class='ocrx_word' id='word_1_271' title='bbox 2070 1917 2079 1942; x_wconf 82' lang='lat'>‘</span> 
     </span>
    </p>
   </div>
   <div class='ocr_carea' id='block_1_33' title="bbox 1872 1893 3564 1983">
    <p class='ocr_par' dir='ltr' id='par_1_33' title="bbox 1872 1893 3564 1981">
     <span class='ocr_line' id='line_1_33' title="bbox 1872 1893 3564 1981; baseline -0.005 -11"><span class='ocrx_word' id='word_1_272' title='bbox 1872 1893 1966 1960; x_wconf 72' lang='grc' dir='ltr'><strong>ὶΒ</strong></span> <span class='ocrx_word' id='word_1_273' title='bbox 2070 1917 2229 1970; x_wconf 71' lang='lat' dir='ltr'><strong>Vsus.</strong></span> <span class='ocrx_word' id='word_1_274' title='bbox 2261 1916 2314 1969; x_wconf 84' lang='lat'><strong>6.</strong></span> <span class='ocrx_word' id='word_1_275' title='bbox 2372 1934 2389 1966; x_wconf 82' lang='grc' dir='ltr'><strong>ι</strong></span> <span class='ocrx_word' id='word_1_276' title='bbox 2443 1915 2546 1980; x_wconf 80' lang='lat' dir='ltr'><strong>Qui</strong></span> <span class='ocrx_word' id='word_1_277' title='bbox 2595 1914 2735 1981; x_wconf 87' lang='lat' dir='ltr'><strong>sapit</strong></span> <span class='ocrx_word' id='word_1_278' title='bbox 2780 1914 2956 1975; x_wconf 86' lang='lat' dir='ltr'><strong>diem,</strong></span> <span class='ocrx_word' id='word_1_279' title='bbox 3005 1912 3231 1966; x_wconf 81' lang='lat' dir='ltr'><strong>Domino</strong></span> <span class='ocrx_word' id='word_1_280' title='bbox 3263 1912 3442 1979; x_wconf 81' lang='lat' dir='ltr'><strong>sapit:</strong></span> <span class='ocrx_word' id='word_1_281' title='bbox 3476 1912 3564 1978; x_wconf 91' lang='lat' dir='ltr'><strong>qui</strong></span> 
     </span>
    </p>
   </div>
   <div class='ocr_carea' id='block_1_34' title="bbox 305 1987 1997 2076">
    <p class='ocr_par' dir='ltr' id='par_1_34' title="bbox 305 1987 1997 2076">
     <span class='ocr_line' id='line_1_34' title="bbox 305 1987 1997 2076; baseline 0.001 -19"><span class='ocrx_word' id='word_1_282' title='bbox 305 2006 335 2057; x_wconf 88' lang='lat'><strong>6</strong></span> <span class='ocrx_word' id='word_1_283' title='bbox 375 2005 452 2076; x_wconf 78' lang='grc' dir='ltr'>μὴ</span> <span class='ocrx_word' id='word_1_284' title='bbox 498 2006 709 2075; x_wconf 77' lang='grc' dir='ltr'>φρονῶν</span> <span class='ocrx_word' id='word_1_285' title='bbox 747 2005 846 2075; x_wconf 77' lang='grc' dir='ltr'>τὴν</span> <span class='ocrx_word' id='word_1_286' title='bbox 901 1987 1140 2074; x_wconf 70' lang='grc' dir='ltr'>ἡμέραν,</span> <span class='ocrx_word' id='word_1_287' title='bbox 1185 2003 1376 2074; x_wconf 84' lang='grc' dir='ltr'>Κυρίῳ</span> <span class='ocrx_word' id='word_1_288' title='bbox 1417 2005 1477 2055; x_wconf 78' lang='grc' dir='ltr'><strong>ού</strong></span> <span class='ocrx_word' id='word_1_289' title='bbox 1519 2003 1726 2072; x_wconf 83' lang='grc' dir='ltr'>φρονεῖ.</span> <span class='ocrx_word' id='word_1_290' title='bbox 1757 2020 1778 2054; x_wconf 81' lang='grc'><strong><em>›</em></strong></span> <span class='ocrx_word' id='word_1_291' title='bbox 1834 2001 1892 2055; x_wconf 84' lang='lat'><strong>&#39;0</strong></span> <span class='ocrx_word' id='word_1_292' title='bbox 1995 2032 1997 2059; x_wconf 78' lang='lat'><em>:</em></span> 
     </span>
    </p>
   </div>
   <div class='ocr_carea' id='block_1_35' title="bbox 1870 1987 3562 2076">
    <p class='ocr_par' dir='ltr' id='par_1_35' title="bbox 1870 2003 3562 2075">
     <span class='ocr_line' id='line_1_35' title="bbox 1870 2003 3562 2075; baseline -0.005 -14"><span class='ocrx_word' id='word_1_293' title='bbox 1870 2005 1892 2055; x_wconf 75' lang='lat' dir='ltr'><strong>J</strong></span> <span class='ocrx_word' id='word_1_294' title='bbox 1995 2025 2102 2061; x_wconf 87' lang='lat' dir='ltr'><strong>non</strong></span> <span class='ocrx_word' id='word_1_295' title='bbox 2130 2008 2269 2075; x_wconf 77' lang='lat' dir='ltr'><strong>sapit</strong></span> <span class='ocrx_word' id='word_1_296' title='bbox 2299 2006 2461 2070; x_wconf 82' lang='lat' dir='ltr'><strong>diem,</strong></span> <span class='ocrx_word' id='word_1_297' title='bbox 2511 2007 2733 2058; x_wconf 83' lang='lat' dir='ltr'><strong>Domino</strong></span> <span class='ocrx_word' id='word_1_298' title='bbox 2759 2019 2861 2056; x_wconf 87' lang='lat' dir='ltr'><strong>non</strong></span> <span class='ocrx_word' id='word_1_299' title='bbox 2903 2003 3057 2070; x_wconf 82' lang='lat' dir='ltr'><strong>sapit.</strong></span> <span class='ocrx_word' id='word_1_300' title='bbox 3099 2021 3116 2053; x_wconf 77' lang='grc' dir='ltr'><strong>ι</strong></span> <span class='ocrx_word' id='word_1_301' title='bbox 3154 2003 3252 2067; x_wconf 77' lang='lat' dir='ltr'><strong>Qui</strong></span> <span class='ocrx_word' id='word_1_302' title='bbox 3288 2003 3562 2066; x_wconf 80' lang='lat' dir='ltr'><strong>observat,</strong></span> 
     </span>
    </p>
   </div>
   <div class='ocr_carea' id='block_1_36' title="bbox 311 2096 2003 2172">
    <p class='ocr_par' dir='ltr' id='par_1_36' title="bbox 311 2097 2003 2172">
     <span class='ocr_line' id='line_1_36' title="bbox 311 2097 2003 2172; baseline 0.001 -20"><span class='ocrx_word' id='word_1_303' title='bbox 311 2099 828 2172; x_wconf 73' lang='grc' dir='ltr'>παρατηρούμενος,</span> <span class='ocrx_word' id='word_1_304' title='bbox 867 2100 1022 2169; x_wconf 71' lang='grc' dir='ltr'>φησὶ,</span> <span class='ocrx_word' id='word_1_305' title='bbox 1066 2101 1164 2166; x_wconf 79' lang='grc' dir='ltr'><strong>τὴν</strong></span> <span class='ocrx_word' id='word_1_306' title='bbox 1192 2101 1429 2171; x_wconf 82' lang='grc' dir='ltr'>ἡμέραν,</span> <span class='ocrx_word' id='word_1_307' title='bbox 1456 2098 1544 2152; x_wconf 84' lang='grc' dir='ltr'><strong>διὰ</strong></span> <span class='ocrx_word' id='word_1_308' title='bbox 1569 2098 1661 2152; x_wconf 71' lang='grc' dir='ltr'>τὸν</span> <span class='ocrx_word' id='word_1_309' title='bbox 1693 2097 1892 2170; x_wconf 84' lang='grc' dir='ltr'>Κύριον</span> <span class='ocrx_word' id='word_1_310' title='bbox 1995 2101 2003 2153; x_wconf 94' lang='lat' dir='ltr'><strong>i</strong></span> 
     </span>
    </p>
   </div>
   <div class='ocr_carea' id='block_1_37' title="bbox 1875 2096 3567 2172">
    <p class='ocr_par' dir='ltr' id='par_1_37' title="bbox 1875 2096 3567 2167">
     <span class='ocr_line' id='line_1_37' title="bbox 1875 2096 3567 2167; baseline -0.003 -16"><span class='ocrx_word' id='word_1_311' title='bbox 1875 2119 1892 2151; x_wconf 80' lang='grc' dir='ltr'><strong>ν</strong></span> <span class='ocrx_word' id='word_1_312' title='bbox 1995 2100 2188 2167; x_wconf 81' lang='lat' dir='ltr'><strong>inquit,</strong></span> <span class='ocrx_word' id='word_1_313' title='bbox 2237 2099 2399 2154; x_wconf 89' lang='lat' dir='ltr'><strong>diem.</strong></span> <span class='ocrx_word' id='word_1_314' title='bbox 2431 2111 2652 2166; x_wconf 76' lang='lat' dir='ltr'><strong>propter</strong></span> <span class='ocrx_word' id='word_1_315' title='bbox 2682 2096 2968 2150; x_wconf 85' lang='lat' dir='ltr'><strong>Dominum</strong></span> <span class='ocrx_word' id='word_1_316' title='bbox 3009 2105 3284 2161; x_wconf 82' lang='lat' dir='ltr'><strong>observat,</strong></span> <span class='ocrx_word' id='word_1_317' title='bbox 3316 2111 3382 2149; x_wconf 80' lang='lat' dir='ltr'><strong>ex</strong></span> <span class='ocrx_word' id='word_1_318' title='bbox 3417 2111 3567 2150; x_wconf 72' lang='lat' dir='ltr'><strong>rew-</strong></span> 
     </span>
    </p>
   </div>
   <div class='ocr_carea' id='block_1_38' title="bbox 311 2187 2003 2266">
    <p class='ocr_par' dir='ltr' id='par_1_38' title="bbox 311 2192 2003 2266">
     <span class='ocr_line' id='line_1_38' title="bbox 311 2192 2003 2266; baseline -0.001 -20"><span class='ocrx_word' id='word_1_319' title='bbox 311 2196 736 2266; x_wconf 74' lang='grc' dir='ltr'>παρατηρείται,</span> <span class='ocrx_word' id='word_1_320' title='bbox 762 2194 838 2256; x_wconf 86' lang='grc' dir='ltr'>ὼς</span> <span class='ocrx_word' id='word_1_321' title='bbox 871 2193 1270 2264; x_wconf 79' lang='grc' dir='ltr'>εὐλαϐούμενος</span> <span class='ocrx_word' id='word_1_322' title='bbox 1294 2209 1307 2222; x_wconf 83' lang='lat'><strong><em>°</em></strong></span> <span class='ocrx_word' id='word_1_323' title='bbox 1347 2194 1438 2246; x_wconf 78' lang='grc' dir='ltr'><strong>καὶ</strong></span> <span class='ocrx_word' id='word_1_324' title='bbox 1479 2195 1506 2247; x_wconf 87' lang='grc' dir='ltr'>ὁ</span> <span class='ocrx_word' id='word_1_325' title='bbox 1533 2192 1606 2263; x_wconf 86' lang='grc' dir='ltr'>μὴ</span> <span class='ocrx_word' id='word_1_326' title='bbox 1631 2208 1893 2264; x_wconf 72' lang='grc' dir='ltr'>παρατη-</span> <span class='ocrx_word' id='word_1_327' title='bbox 1997 2207 2003 2245; x_wconf 87' lang='grc'><strong>1</strong></span> 
     </span>
    </p>
   </div>
   <div class='ocr_carea' id='block_1_39' title="bbox 1863 2187 3555 2266">
    <p class='ocr_par' dir='ltr' id='par_1_39' title="bbox 1866 2187 3555 2259">
     <span class='ocr_line' id='line_1_39' title="bbox 1866 2187 3555 2259; baseline -0.002 -14"><span class='ocrx_word' id='word_1_328' title='bbox 1866 2222 1893 2232; x_wconf 78' lang='lat'>—</span> <span class='ocrx_word' id='word_1_329' title='bbox 1997 2193 2170 2246; x_wconf 84' lang='lat' dir='ltr'><strong>rentia</strong></span> <span class='ocrx_word' id='word_1_330' title='bbox 2199 2201 2254 2245; x_wconf 89' lang='lat' dir='ltr'><strong>et</strong></span> <span class='ocrx_word' id='word_1_331' title='bbox 2291 2193 2488 2259; x_wconf 86' lang='lat' dir='ltr'><strong>pietate</strong></span> <span class='ocrx_word' id='word_1_332' title='bbox 2515 2191 2743 2258; x_wconf 86' lang='lat' dir='ltr'><strong>quadam</strong></span> <span class='ocrx_word' id='word_1_333' title='bbox 2773 2207 2786 2242; x_wconf 89' lang='lat'>:</span> <span class='ocrx_word' id='word_1_334' title='bbox 2821 2201 2874 2244; x_wconf 89' lang='lat' dir='ltr'><strong>et</strong></span> <span class='ocrx_word' id='word_1_335' title='bbox 2899 2189 2990 2257; x_wconf 89' lang='lat' dir='ltr'><strong>qui</strong></span> <span class='ocrx_word' id='word_1_336' title='bbox 3043 2206 3146 2242; x_wconf 82' lang='lat' dir='ltr'><strong>non</strong></span> <span class='ocrx_word' id='word_1_337' title='bbox 3177 2187 3449 2249; x_wconf 85' lang='lat' dir='ltr'><strong>observat,</strong></span> <span class='ocrx_word' id='word_1_338' title='bbox 3479 2187 3555 2241; x_wconf 87' lang='lat' dir='ltr'><strong>in-</strong></span> 
     </span>
    </p>
   </div>
   <div class='ocr_carea' id='block_1_40' title="bbox 310 2280 2002 2356">
    <p class='ocr_par' dir='ltr' id='par_1_40' title="bbox 310 2285 2002 2356">
     <span class='ocr_line' id='line_1_40' title="bbox 310 2285 2002 2356; baseline -0.004 -17"><span class='ocrx_word' id='word_1_339' title='bbox 310 2286 597 2356; x_wconf 85' lang='grc' dir='ltr'>ρούμενος,</span> <span class='ocrx_word' id='word_1_340' title='bbox 619 2287 705 2339; x_wconf 73' lang='grc' dir='ltr'><strong>διὰ</strong></span> <span class='ocrx_word' id='word_1_341' title='bbox 729 2288 821 2338; x_wconf 69' lang='grc' dir='ltr'>τὶν</span> <span class='ocrx_word' id='word_1_342' title='bbox 847 2286 1070 2356; x_wconf 82' lang='grc' dir='ltr'>Κύριον,</span> <span class='ocrx_word' id='word_1_343' title='bbox 1111 2287 1184 2350; x_wconf 89' lang='grc' dir='ltr'><strong>ώς</strong></span> <span class='ocrx_word' id='word_1_344' title='bbox 1220 2286 1318 2356; x_wconf 73' lang='grc' dir='ltr'><strong>ἤδη</strong></span> <span class='ocrx_word' id='word_1_345' title='bbox 1350 2288 1406 2340; x_wconf 85' lang='grc' dir='ltr'><strong>ἐν</strong></span> <span class='ocrx_word' id='word_1_346' title='bbox 1427 2285 1650 2356; x_wconf 75' lang='grc' dir='ltr'>Χριστῷ</span> <span class='ocrx_word' id='word_1_347' title='bbox 1675 2287 1893 2338; x_wconf 70' lang='grc' dir='ltr'>τελειω-</span> <span class='ocrx_word' id='word_1_348' title='bbox 1997 2306 2002 2333; x_wconf 82' lang='lat' dir='ltr'><strong>t</strong></span> 
     </span>
    </p>
   </div>
   <div class='ocr_carea' id='block_1_41' title="bbox 1871 2280 3563 2356">
    <p class='ocr_par' dir='ltr' id='par_1_41' title="bbox 1874 2280 3563 2352">
     <span class='ocr_line' id='line_1_41' title="bbox 1874 2280 3563 2352; baseline -0.001 -16"><span class='ocrx_word' id='word_1_349' title='bbox 1874 2316 1893 2328; x_wconf 88' lang='lat'><strong>-</strong></span> <span class='ocrx_word' id='word_1_350' title='bbox 1997 2286 2132 2352; x_wconf 88' lang='lat' dir='ltr'><strong>qttit,</strong></span> <span class='ocrx_word' id='word_1_351' title='bbox 2163 2284 2326 2345; x_wconf 70' lang='lat' dir='ltr'><strong>(liern,</strong></span> <span class='ocrx_word' id='word_1_352' title='bbox 2361 2294 2581 2352; x_wconf 79' lang='lat' dir='ltr'><strong>propter</strong></span> <span class='ocrx_word' id='word_1_353' title='bbox 2614 2283 2895 2335; x_wconf 89' lang='lat' dir='ltr'><strong>Dmninum</strong></span> <span class='ocrx_word' id='word_1_354' title='bbox 2943 2297 3047 2336; x_wconf 88' lang='lat' dir='ltr'><strong>non</strong></span> <span class='ocrx_word' id='word_1_355' title='bbox 3081 2282 3355 2342; x_wconf 84' lang='lat' dir='ltr'><strong>observat,</strong></span> <span class='ocrx_word' id='word_1_356' title='bbox 3391 2289 3447 2334; x_wconf 92' lang='lat' dir='ltr'><strong>ut</strong></span> <span class='ocrx_word' id='word_1_357' title='bbox 3476 2280 3563 2349; x_wconf 92' lang='lat' dir='ltr'><strong>qui</strong></span> 
     </span>
    </p>
   </div>
   <div class='ocr_carea' id='block_1_42' title="bbox 309 2372 2001 2450">
    <p class='ocr_par' dir='ltr' id='par_1_42' title="bbox 309 2377 2001 2450">
     <span class='ocr_line' id='line_1_42' title="bbox 309 2377 2001 2450; baseline 0.001 -18"><span class='ocrx_word' id='word_1_358' title='bbox 309 2380 453 2444; x_wconf 81' lang='grc' dir='ltr'>θεὶς,</span> <span class='ocrx_word' id='word_1_359' title='bbox 495 2380 589 2433; x_wconf 73' lang='grc' dir='ltr'><strong>καὶ</strong></span> <span class='ocrx_word' id='word_1_360' title='bbox 635 2377 933 2450; x_wconf 80' lang='grc' dir='ltr'>ὑπέρτερος</span> <span class='ocrx_word' id='word_1_361' title='bbox 963 2378 1254 2450; x_wconf 83' lang='grc' dir='ltr'>γενόμενος</span> <span class='ocrx_word' id='word_1_362' title='bbox 1288 2379 1396 2432; x_wconf 90' lang='grc' dir='ltr'><strong>τῶν</strong></span> <span class='ocrx_word' id='word_1_363' title='bbox 1451 2381 1688 2450; x_wconf 78' lang='grc' dir='ltr'>νομικῶν</span> <span class='ocrx_word' id='word_1_364' title='bbox 1715 2397 1895 2450; x_wconf 81' lang='grc' dir='ltr'>παρα·</span> <span class='ocrx_word' id='word_1_365' title='bbox 1989 2379 2001 2448; x_wconf 85' lang='lat' dir='ltr'>j</span> 
     </span>
    </p>
   </div>
   <div class='ocr_carea' id='block_1_43' title="bbox 1876 2372 3568 2450">
    <p class='ocr_par' dir='ltr' id='par_1_43' title="bbox 1876 2372 3568 2448">
     <span class='ocr_line' id='line_1_43' title="bbox 1876 2372 3568 2448; baseline -0.002 -17"><span class='ocrx_word' id='word_1_366' title='bbox 1876 2409 1895 2420; x_wconf 88' lang='lat'><strong>-</strong></span> <span class='ocrx_word' id='word_1_367' title='bbox 1989 2379 2100 2448; x_wconf 83' lang='lat' dir='ltr'><strong>jam</strong></span> <span class='ocrx_word' id='word_1_368' title='bbox 2127 2378 2178 2430; x_wconf 92' lang='lat' dir='ltr'><strong>in</strong></span> <span class='ocrx_word' id='word_1_369' title='bbox 2205 2377 2425 2430; x_wconf 82' lang='lat' dir='ltr'><strong>Christo</strong></span> <span class='ocrx_word' id='word_1_370' title='bbox 2449 2376 2518 2430; x_wconf 94' lang='lat' dir='ltr'><strong>sit</strong></span> <span class='ocrx_word' id='word_1_371' title='bbox 2544 2385 2972 2437; x_wconf 76' lang='lat' dir='ltr'><strong>eoasunnnatus,</strong></span> <span class='ocrx_word' id='word_1_372' title='bbox 2997 2374 3366 2441; x_wconf 72' lang='lat' dir='ltr'><strong>legalibusque</strong></span> <span class='ocrx_word' id='word_1_373' title='bbox 3389 2372 3568 2427; x_wconf 88' lang='lat' dir='ltr'><strong>obser-</strong></span> 
     </span>
    </p>
   </div>
   <div class='ocr_carea' id='block_1_44' title="bbox 309 2468 2001 2541">
    <p class='ocr_par' dir='ltr' id='par_1_44' title="bbox 309 2470 2001 2541">
     <span class='ocr_line' id='line_1_44' title="bbox 309 2470 2001 2541; baseline -0.001 -20"><span class='ocrx_word' id='word_1_374' title='bbox 309 2470 622 2541; x_wconf 80' lang='grc' dir='ltr'>τηρήσεων.</span> <span class='ocrx_word' id='word_1_375' title='bbox 1998 2486 2001 2496; x_wconf 82' lang='lat'>&#39;</span> 
     </span>
    </p>
   </div>
   <div class='ocr_carea' id='block_1_45' title="bbox 831 2468 2523 2541">
    <p class='ocr_par' dir='ltr' id='par_1_45' title="bbox 1998 2468 2523 2537">
     <span class='ocr_line' id='line_1_45' title="bbox 1998 2468 2523 2537; baseline 0.002 -17"><span class='ocrx_word' id='word_1_376' title='bbox 1998 2468 2300 2523; x_wconf 80' lang='lat' dir='ltr'><strong>valionibns</strong></span> <span class='ocrx_word' id='word_1_377' title='bbox 2331 2468 2523 2537; x_wconf 83' lang='lat' dir='ltr'><strong>major.</strong></span> 
     </span>
    </p>
   </div>
   <div class='ocr_carea' id='block_1_46' title="bbox 394 2557 2086 2637">
    <p class='ocr_par' dir='ltr' id='par_1_46' title="bbox 394 2562 2086 2637">
     <span class='ocr_line' id='line_1_46' title="bbox 394 2562 2086 2637; baseline -0.002 -21"><span class='ocrx_word' id='word_1_378' title='bbox 394 2583 412 2616; x_wconf 82' lang='grc' dir='ltr'><strong>ι</strong></span> <span class='ocrx_word' id='word_1_379' title='bbox 456 2565 566 2617; x_wconf 83' lang='grc' dir='ltr'><strong>Καὶ</strong></span> <span class='ocrx_word' id='word_1_380' title='bbox 590 2565 618 2616; x_wconf 89' lang='lat'><strong>6</strong></span> <span class='ocrx_word' id='word_1_381' title='bbox 649 2562 866 2629; x_wconf 83' lang='grc' dir='ltr'>ἐσθίων,</span> <span class='ocrx_word' id='word_1_382' title='bbox 897 2563 1084 2634; x_wconf 85' lang='grc' dir='ltr'>Κυρίῳ</span> <span class='ocrx_word' id='word_1_383' title='bbox 1111 2565 1279 2618; x_wconf 79' lang='grc' dir='ltr'>ἐσθίει</span> <span class='ocrx_word' id='word_1_384' title='bbox 1306 2563 1653 2637; x_wconf 62' lang='grc' dir='ltr'>(εὐχαριστεί</span> <span class='ocrx_word' id='word_1_385' title='bbox 1684 2565 1792 2634; x_wconf 78' lang='grc' dir='ltr'>γὰρ</span> <span class='ocrx_word' id='word_1_386' title='bbox 1819 2564 1894 2634; x_wconf 82' lang='grc' dir='ltr'>τῷ</span> <span class='ocrx_word' id='word_1_387' title='bbox 2073 2581 2086 2612; x_wconf 82' lang='grc' dir='ltr'><strong>ι</strong></span> 
     </span>
    </p>
   </div>
   <div class='ocr_carea' id='block_1_47' title="bbox 1877 2557 3569 2637">
    <p class='ocr_par' dir='ltr' id='par_1_47' title="bbox 1877 2557 3569 2631">
     <span class='ocr_line' id='line_1_47' title="bbox 1877 2557 3569 2631; baseline -0.003 -18"><span class='ocrx_word' id='word_1_388' title='bbox 1877 2564 1894 2631; x_wconf 64' lang='lat'><strong>3</strong></span> <span class='ocrx_word' id='word_1_389' title='bbox 2073 2581 2090 2612; x_wconf 78' lang='grc' dir='ltr'><strong>ι</strong></span> <span class='ocrx_word' id='word_1_390' title='bbox 2132 2561 2197 2615; x_wconf 82' lang='lat' dir='ltr'><strong>Et</strong></span> <span class='ocrx_word' id='word_1_391' title='bbox 2228 2561 2316 2628; x_wconf 92' lang='lat' dir='ltr'><strong>qni</strong></span> <span class='ocrx_word' id='word_1_392' title='bbox 2363 2559 2496 2624; x_wconf 87' lang='lat' dir='ltr'><strong>edit,</strong></span> <span class='ocrx_word' id='word_1_393' title='bbox 2556 2557 2785 2614; x_wconf 88' lang='lat' dir='ltr'><strong>Domino</strong></span> <span class='ocrx_word' id='word_1_394' title='bbox 2833 2557 2943 2610; x_wconf 85' lang='lat' dir='ltr'><strong>edit</strong></span> <span class='ocrx_word' id='word_1_395' title='bbox 2973 2575 2986 2611; x_wconf 90' lang='lat'><strong>:</strong></span> <span class='ocrx_word' id='word_1_396' title='bbox 3020 2559 3221 2624; x_wconf 81' lang='lat' dir='ltr'><strong>gratias</strong></span> <span class='ocrx_word' id='word_1_397' title='bbox 3268 2558 3413 2610; x_wconf 88' lang='lat' dir='ltr'><strong>enim</strong></span> <span class='ocrx_word' id='word_1_398' title='bbox 3462 2557 3569 2624; x_wconf 81' lang='lat' dir='ltr'><strong>agit</strong></span> 
     </span>
    </p>
   </div>
   <div class='ocr_carea' id='block_1_48' title="bbox 309 2648 2001 2730">
    <p class='ocr_par' dir='ltr' id='par_1_48' title="bbox 309 2654 2001 2730">
     <span class='ocr_line' id='line_1_48' title="bbox 309 2654 2001 2730; baseline -0.007 -14"><span class='ocrx_word' id='word_1_399' title='bbox 309 2654 490 2727; x_wconf 83' lang='grc' dir='ltr'><strong>θεῷ)·</strong></span> <span class='ocrx_word' id='word_1_400' title='bbox 532 2655 628 2708; x_wconf 79' lang='grc' dir='ltr'><strong>καὶ</strong></span> <span class='ocrx_word' id='word_1_401' title='bbox 652 2658 678 2710; x_wconf 86' lang='grc' dir='ltr'>ὁ</span> <span class='ocrx_word' id='word_1_402' title='bbox 702 2655 778 2726; x_wconf 84' lang='grc' dir='ltr'>μὴ</span> <span class='ocrx_word' id='word_1_403' title='bbox 809 2657 1030 2720; x_wconf 87' lang='grc' dir='ltr'>ἐσθίων,</span> <span class='ocrx_word' id='word_1_404' title='bbox 1059 2656 1248 2726; x_wconf 85' lang='grc' dir='ltr'>Κυρίῳ</span> <span class='ocrx_word' id='word_1_405' title='bbox 1269 2659 1369 2711; x_wconf 83' lang='grc' dir='ltr'><strong>ούκ</strong></span> <span class='ocrx_word' id='word_1_406' title='bbox 1397 2657 1588 2722; x_wconf 80' lang='grc' dir='ltr'>ἐσθίει,</span> <span class='ocrx_word' id='word_1_407' title='bbox 1618 2660 1709 2712; x_wconf 81' lang='grc' dir='ltr'><strong>καὶ</strong></span> <span class='ocrx_word' id='word_1_408' title='bbox 1730 2660 1893 2730; x_wconf 83' lang='grc' dir='ltr'>εὐχα-</span> <span class='ocrx_word' id='word_1_409' title='bbox 2000 2658 2001 2704; x_wconf 65' lang='grc' dir='ltr'>ἓ</span> 
     </span>
    </p>
   </div>
   <div class='ocr_carea' id='block_1_49' title="bbox 1876 2648 3568 2730">
    <p class='ocr_par' dir='ltr' id='par_1_49' title="bbox 1876 2648 3568 2722">
     <span class='ocr_line' id='line_1_49' title="bbox 1876 2648 3568 2722; baseline -0.003 -16"><span class='ocrx_word' id='word_1_410' title='bbox 1876 2685 1893 2696; x_wconf 92' lang='grc'><strong>-</strong></span> <span class='ocrx_word' id='word_1_411' title='bbox 2000 2657 2104 2709; x_wconf 72' lang='lat' dir='ltr'><strong>[reo</strong></span> <span class='ocrx_word' id='word_1_412' title='bbox 2138 2672 2152 2706; x_wconf 88' lang='lat'><strong>:</strong></span> <span class='ocrx_word' id='word_1_413' title='bbox 2189 2665 2244 2707; x_wconf 90' lang='lat' dir='ltr'><strong>et</strong></span> <span class='ocrx_word' id='word_1_414' title='bbox 2273 2653 2361 2722; x_wconf 88' lang='lat' dir='ltr'><strong>qui</strong></span> <span class='ocrx_word' id='word_1_415' title='bbox 2395 2667 2502 2707; x_wconf 92' lang='lat' dir='ltr'><strong>non</strong></span> <span class='ocrx_word' id='word_1_416' title='bbox 2533 2650 2664 2715; x_wconf 81' lang='lat' dir='ltr'><strong>edit,</strong></span> <span class='ocrx_word' id='word_1_417' title='bbox 2699 2650 2926 2704; x_wconf 89' lang='lat' dir='ltr'><strong>Domino</strong></span> <span class='ocrx_word' id='word_1_418' title='bbox 2959 2665 3062 2704; x_wconf 92' lang='lat' dir='ltr'><strong>non</strong></span> <span class='ocrx_word' id='word_1_419' title='bbox 3103 2651 3236 2715; x_wconf 87' lang='lat' dir='ltr'><strong>edit,</strong></span> <span class='ocrx_word' id='word_1_420' title='bbox 3272 2657 3327 2704; x_wconf 89' lang='lat' dir='ltr'><strong>et</strong></span> <span class='ocrx_word' id='word_1_421' title='bbox 3365 2648 3568 2717; x_wconf 82' lang='lat' dir='ltr'><strong>gratias</strong></span> 
     </span>
    </p>
   </div>
   <div class='ocr_carea' id='block_1_50' title="bbox 315 2740 2007 2822">
    <p class='ocr_par' dir='ltr' id='par_1_50' title="bbox 315 2746 2007 2822">
     <span class='ocr_line' id='line_1_50' title="bbox 315 2746 2007 2822; baseline 0.004 -20"><span class='ocrx_word' id='word_1_422' title='bbox 315 2750 492 2819; x_wconf 81' lang='grc' dir='ltr'>ριστεί</span> <span class='ocrx_word' id='word_1_423' title='bbox 531 2746 608 2818; x_wconf 81' lang='grc' dir='ltr'>τῷ</span> <span class='ocrx_word' id='word_1_424' title='bbox 651 2747 790 2819; x_wconf 85' lang='grc' dir='ltr'><strong>Θεῷ.</strong></span> <span class='ocrx_word' id='word_1_425' title='bbox 831 2767 848 2800; x_wconf 75' lang='grc' dir='ltr'><strong>ι</strong></span> <span class='ocrx_word' id='word_1_426' title='bbox 913 2754 1009 2805; x_wconf 88' lang='grc' dir='ltr'>Ἕν</span> <span class='ocrx_word' id='word_1_427' title='bbox 1039 2750 1312 2822; x_wconf 70' lang='grc' dir='ltr'>ζητοῦμεν</span> <span class='ocrx_word' id='word_1_428' title='bbox 1361 2751 1543 2821; x_wconf 85' lang='grc' dir='ltr'>μόνον,</span> <span class='ocrx_word' id='word_1_429' title='bbox 1573 2754 1756 2820; x_wconf 75' lang='grc' dir='ltr'>φησὶν,</span> <span class='ocrx_word' id='word_1_430' title='bbox 1794 2755 1890 2808; x_wconf 79' lang='grc' dir='ltr'>ἐὰν</span> <span class='ocrx_word' id='word_1_431' title='bbox 1995 2763 2007 2797; x_wconf 75' lang='grc' dir='ltr'><strong>ε</strong></span> 
     </span>
    </p>
   </div>
   <div class='ocr_carea' id='block_1_51' title="bbox 1877 2740 3569 2822">
    <p class='ocr_par' dir='ltr' id='par_1_51' title="bbox 1877 2740 3569 2814">
     <span class='ocr_line' id='line_1_51' title="bbox 1877 2740 3569 2814; baseline -0.002 -17"><span class='ocrx_word' id='word_1_432' title='bbox 1877 2773 1890 2807; x_wconf 66' lang='grc' dir='ltr'><strong>ι</strong></span> <span class='ocrx_word' id='word_1_433' title='bbox 1995 2746 2104 2814; x_wconf 83' lang='lat' dir='ltr'><strong>agit</strong></span> <span class='ocrx_word' id='word_1_434' title='bbox 2134 2743 2264 2798; x_wconf 83' lang='lat' dir='ltr'><strong>Deo.</strong></span> <span class='ocrx_word' id='word_1_435' title='bbox 2303 2763 2320 2794; x_wconf 78' lang='grc' dir='ltr'><strong>ι</strong></span> <span class='ocrx_word' id='word_1_436' title='bbox 2369 2741 2542 2797; x_wconf 82' lang='grc' dir='ltr'>υηιιιιι</span> <span class='ocrx_word' id='word_1_437' title='bbox 2592 2740 2984 2807; x_wconf 85' lang='lat' dir='ltr'><strong>tantummodo,</strong></span> <span class='ocrx_word' id='word_1_438' title='bbox 3031 2743 3221 2811; x_wconf 90' lang='lat' dir='ltr'><strong>inquit,</strong></span> <span class='ocrx_word' id='word_1_439' title='bbox 3253 2741 3569 2811; x_wconf 74' lang='lat' dir='ltr'><strong>qumrimus,</strong></span> 
     </span>
    </p>
   </div>
   <div class='ocr_carea' id='block_1_52' title="bbox 309 2829 2001 2913">
    <p class='ocr_par' dir='ltr' id='par_1_52' title="bbox 309 2837 2001 2913">
     <span class='ocr_line' id='line_1_52' title="bbox 309 2837 2001 2913; baseline 0.003 -21"><span class='ocrx_word' id='word_1_440' title='bbox 309 2837 402 2892; x_wconf 71' lang='grc' dir='ltr'><strong>διὰ</strong></span> <span class='ocrx_word' id='word_1_441' title='bbox 424 2839 514 2892; x_wconf 73' lang='grc' dir='ltr'>τὸν</span> <span class='ocrx_word' id='word_1_442' title='bbox 542 2838 675 2892; x_wconf 73' lang='grc' dir='ltr'>θεὸν</span> <span class='ocrx_word' id='word_1_443' title='bbox 697 2840 740 2870; x_wconf 69' lang='grc' dir='ltr'><strong>δ’</strong></span> <span class='ocrx_word' id='word_1_444' title='bbox 767 2840 826 2892; x_wconf 73' lang='grc' dir='ltr'>τὸ</span> <span class='ocrx_word' id='word_1_445' title='bbox 850 2844 1082 2911; x_wconf 82' lang='grc' dir='ltr'>πρᾶγμα</span> <span class='ocrx_word' id='word_1_446' title='bbox 1109 2845 1354 2912; x_wconf 82' lang='grc' dir='ltr'>γένηται,</span> <span class='ocrx_word' id='word_1_447' title='bbox 1397 2844 1488 2895; x_wconf 72' lang='grc' dir='ltr'><strong>καὶ</strong></span> <span class='ocrx_word' id='word_1_448' title='bbox 1527 2843 1893 2913; x_wconf 62' lang='grc' dir='ltr'>ε’)γαριστῶσι</span> <span class='ocrx_word' id='word_1_449' title='bbox 1995 2852 2001 2884; x_wconf 66' lang='grc' dir='ltr'><strong>ε</strong></span> 
     </span>
    </p>
   </div>
   <div class='ocr_carea' id='block_1_53' title="bbox 1875 2829 3567 2913">
    <p class='ocr_par' dir='ltr' id='par_1_53' title="bbox 1878 2829 3567 2903">
     <span class='ocr_line' id='line_1_53' title="bbox 1878 2829 3567 2903; baseline -0.001 -16"><span class='ocrx_word' id='word_1_450' title='bbox 1878 2863 1893 2897; x_wconf 86' lang='grc' dir='ltr'><strong>ι</strong></span> <span class='ocrx_word' id='word_1_451' title='bbox 1995 2849 2063 2887; x_wconf 87' lang='lat' dir='ltr'><strong>an</strong></span> <span class='ocrx_word' id='word_1_452' title='bbox 2087 2842 2306 2903; x_wconf 86' lang='lat' dir='ltr'><strong>propter</strong></span> <span class='ocrx_word' id='word_1_453' title='bbox 2325 2830 2600 2886; x_wconf 86' lang='lat' dir='ltr'><strong>Christum</strong></span> <span class='ocrx_word' id='word_1_454' title='bbox 2625 2830 2723 2883; x_wconf 87' lang='lat' dir='ltr'><strong>ista</strong></span> <span class='ocrx_word' id='word_1_455' title='bbox 2749 2829 2898 2895; x_wconf 82' lang='lat' dir='ltr'><strong>ﬁant,</strong></span> <span class='ocrx_word' id='word_1_456' title='bbox 2925 2829 3235 2900; x_wconf 88' lang='lat' dir='ltr'><strong>gratiasque</strong></span> <span class='ocrx_word' id='word_1_457' title='bbox 3255 2840 3414 2900; x_wconf 83' lang='lat' dir='ltr'><strong>agant</strong></span> <span class='ocrx_word' id='word_1_458' title='bbox 3440 2829 3567 2894; x_wconf 87' lang='lat' dir='ltr'><strong>Deo,</strong></span> 
     </span>
    </p>
   </div>
   <div class='ocr_carea' id='block_1_54' title="bbox 312 2923 2004 3006">
    <p class='ocr_par' dir='ltr' id='par_1_54' title="bbox 312 2931 2004 3006">
     <span class='ocr_line' id='line_1_54' title="bbox 312 2931 2004 3006; baseline 0.004 -24"><span class='ocrx_word' id='word_1_459' title='bbox 312 2931 393 3000; x_wconf 79' lang='grc' dir='ltr'><strong>τῷ</strong></span> <span class='ocrx_word' id='word_1_460' title='bbox 425 2931 566 3000; x_wconf 86' lang='grc' dir='ltr'>Θεῷ,</span> <span class='ocrx_word' id='word_1_461' title='bbox 619 2932 712 2984; x_wconf 69' lang='grc' dir='ltr'><strong>καὶ</strong></span> <span class='ocrx_word' id='word_1_462' title='bbox 751 2934 778 2985; x_wconf 87' lang='grc' dir='ltr'>ὀ</span> <span class='ocrx_word' id='word_1_463' title='bbox 821 2931 896 3004; x_wconf 80' lang='grc' dir='ltr'>μὴ</span> <span class='ocrx_word' id='word_1_464' title='bbox 942 2934 1138 2988; x_wconf 80' lang='grc' dir='ltr'>ἐσθίων</span> <span class='ocrx_word' id='word_1_465' title='bbox 1181 2936 1274 2988; x_wconf 74' lang='grc' dir='ltr'><strong>καὶ</strong></span> <span class='ocrx_word' id='word_1_466' title='bbox 1298 2935 1326 2987; x_wconf 90' lang='lat'><strong>6</strong></span> <span class='ocrx_word' id='word_1_467' title='bbox 1353 2934 1582 2988; x_wconf 76' lang='grc' dir='ltr'>ἐσθίωνο</span> <span class='ocrx_word' id='word_1_468' title='bbox 1612 2933 1755 2987; x_wconf 78' lang='grc' dir='ltr'>οὕτω</span> <span class='ocrx_word' id='word_1_469' title='bbox 1787 2935 1896 3006; x_wconf 80' lang='grc' dir='ltr'><strong>γὰρ</strong></span> <span class='ocrx_word' id='word_1_470' title='bbox 1997 2943 2004 2976; x_wconf 69' lang='grc' dir='ltr'><strong>ε</strong></span> 
     </span>
    </p>
   </div>
   <div class='ocr_carea' id='block_1_55' title="bbox 1875 2923 3567 3006">
    <p class='ocr_par' dir='ltr' id='par_1_55' title="bbox 1875 2923 3567 3005">
     <span class='ocr_line' id='line_1_55' title="bbox 1875 2923 3567 3005; baseline -0.002 -26"><span class='ocrx_word' id='word_1_471' title='bbox 1875 2953 1896 3005; x_wconf 66' lang='grc' dir='ltr'><strong>ρ</strong></span> <span class='ocrx_word' id='word_1_472' title='bbox 1997 2939 2119 2979; x_wconf 88' lang='lat' dir='ltr'><strong>cum</strong></span> <span class='ocrx_word' id='word_1_473' title='bbox 2161 2925 2253 2994; x_wconf 90' lang='lat' dir='ltr'><strong>qtti</strong></span> <span class='ocrx_word' id='word_1_474' title='bbox 2283 2926 2538 2986; x_wconf 74' lang='lat' dir='ltr'><strong>vescitur,</strong></span> <span class='ocrx_word' id='word_1_475' title='bbox 2569 2931 2679 2974; x_wconf 92' lang='lat' dir='ltr'><strong>tum</strong></span> <span class='ocrx_word' id='word_1_476' title='bbox 2705 2923 2794 2990; x_wconf 92' lang='lat' dir='ltr'><strong>qui</strong></span> <span class='ocrx_word' id='word_1_477' title='bbox 2820 2938 2924 2975; x_wconf 89' lang='lat' dir='ltr'><strong>non</strong></span> <span class='ocrx_word' id='word_1_478' title='bbox 2955 2923 3212 2978; x_wconf 83' lang='lat' dir='ltr'><strong>vescitur.</strong></span> <span class='ocrx_word' id='word_1_479' title='bbox 3254 2923 3384 2976; x_wconf 86' lang='lat' dir='ltr'><strong>Nam</strong></span> <span class='ocrx_word' id='word_1_480' title='bbox 3427 2927 3567 2992; x_wconf 85' lang='lat' dir='ltr'><strong>quod</strong></span> 
     </span>
    </p>
   </div>
   <div class='ocr_carea' id='block_1_56' title="bbox 312 3012 2004 3094">
    <p class='ocr_par' dir='ltr' id='par_1_56' title="bbox 312 3015 2004 3094">
     <span class='ocr_line' id='line_1_56' title="bbox 312 3015 2004 3094; baseline -0.005 -19"><span class='ocrx_word' id='word_1_481' title='bbox 312 3023 632 3092; x_wconf 84' lang='grc' dir='ltr'>γενόμενον,</span> <span class='ocrx_word' id='word_1_482' title='bbox 655 3023 978 3094; x_wconf 78' lang='grc' dir='ltr'>ἀδιάϐλητόν</span> <span class='ocrx_word' id='word_1_483' title='bbox 1015 3027 1154 3080; x_wconf 87' lang='grc' dir='ltr'>ἐστι.</span> <span class='ocrx_word' id='word_1_484' title='bbox 1190 3024 1376 3078; x_wconf 82' lang='grc' dir='ltr'>Ταῦτα</span> <span class='ocrx_word' id='word_1_485' title='bbox 1403 3025 1482 3087; x_wconf 87' lang='grc' dir='ltr'><strong>δὲ,</strong></span> <span class='ocrx_word' id='word_1_486' title='bbox 1522 3024 1597 3086; x_wconf 88' lang='grc' dir='ltr'><strong>ώς</strong></span> <span class='ocrx_word' id='word_1_487' title='bbox 1623 3025 1778 3094; x_wconf 74' lang='grc' dir='ltr'>ἔφην,</span> <span class='ocrx_word' id='word_1_488' title='bbox 1806 3025 1895 3077; x_wconf 81' lang='grc' dir='ltr'><strong>λέ-</strong></span> <span class='ocrx_word' id='word_1_489' title='bbox 1998 3015 2004 3066; x_wconf 93' lang='lat' dir='ltr'><strong>i</strong></span> 
     </span>
    </p>
   </div>
   <div class='ocr_carea' id='block_1_57' title="bbox 1873 3012 3565 3094">
    <p class='ocr_par' dir='ltr' id='par_1_57' title="bbox 1873 3012 3565 3082">
     <span class='ocr_line' id='line_1_57' title="bbox 1873 3012 3565 3082; baseline -0.001 -16"><span class='ocrx_word' id='word_1_490' title='bbox 1873 3057 1895 3066; x_wconf 92' lang='lat'><strong>-</strong></span> <span class='ocrx_word' id='word_1_491' title='bbox 1998 3015 2068 3066; x_wconf 80' lang='lat' dir='ltr'><strong>ita</strong></span> <span class='ocrx_word' id='word_1_492' title='bbox 2109 3014 2404 3082; x_wconf 66' lang='lat' dir='ltr'><strong>peragitur,</strong></span> <span class='ocrx_word' id='word_1_493' title='bbox 2447 3028 2640 3078; x_wconf 78' lang='lat' dir='ltr'><strong>expers</strong></span> <span class='ocrx_word' id='word_1_494' title='bbox 2673 3012 3138 3066; x_wconf 72' lang='lat' dir='ltr'><strong>estacrusationis</strong></span> <span class='ocrx_word' id='word_1_495' title='bbox 3167 3021 3219 3066; x_wconf 89' lang='lat' dir='ltr'><strong>et</strong></span> <span class='ocrx_word' id='word_1_496' title='bbox 3261 3013 3565 3067; x_wconf 74' lang='lat' dir='ltr'><strong>calumnize.</strong></span> 
     </span>
    </p>
   </div>
   <div class='ocr_carea' id='block_1_58' title="bbox 312 3101 2004 3186">
    <p class='ocr_par' dir='ltr' id='par_1_58' title="bbox 312 3104 2004 3186">
     <span class='ocr_line' id='line_1_58' title="bbox 312 3104 2004 3186; baseline 0.001 -20"><span class='ocrx_word' id='word_1_497' title='bbox 312 3131 426 3181; x_wconf 84' lang='grc' dir='ltr'>γει,</span> <span class='ocrx_word' id='word_1_498' title='bbox 445 3114 533 3168; x_wconf 74' lang='grc' dir='ltr'>διὰ</span> <span class='ocrx_word' id='word_1_499' title='bbox 554 3115 613 3167; x_wconf 83' lang='grc' dir='ltr'><strong>τὸ</strong></span> <span class='ocrx_word' id='word_1_500' title='bbox 647 3115 938 3182; x_wconf 74' lang='grc' dir='ltr'>νεοφύτους</span> <span class='ocrx_word' id='word_1_501' title='bbox 961 3112 1124 3169; x_wconf 75' lang='grc' dir='ltr'>εἶναι.</span> <span class='ocrx_word' id='word_1_502' title='bbox 1168 3115 1320 3168; x_wconf 78' lang='grc' dir='ltr'>Ἐπεί</span> <span class='ocrx_word' id='word_1_503' title='bbox 1357 3132 1438 3168; x_wconf 85' lang='grc' dir='ltr'><strong>τοι</strong></span> <span class='ocrx_word' id='word_1_504' title='bbox 1463 3115 1646 3186; x_wconf 78' lang='grc' dir='ltr'>ἠρέμα</span> <span class='ocrx_word' id='word_1_505' title='bbox 1671 3116 1894 3184; x_wconf 84' lang='grc' dir='ltr'>πλήττει</span> <span class='ocrx_word' id='word_1_506' title='bbox 1999 3104 2004 3157; x_wconf 69' lang='grc' dir='ltr'>Ῑ</span> 
     </span>
    </p>
   </div>
   <div class='ocr_carea' id='block_1_59' title="bbox 1879 3101 3571 3186">
    <p class='ocr_par' dir='ltr' id='par_1_59' title="bbox 1879 3101 3571 3168">
     <span class='ocr_line' id='line_1_59' title="bbox 1879 3101 3571 3168; baseline -0.002 -10"><span class='ocrx_word' id='word_1_507' title='bbox 1879 3133 1894 3168; x_wconf 79' lang='grc' dir='ltr'><strong>ι</strong></span> <span class='ocrx_word' id='word_1_508' title='bbox 1999 3103 2122 3158; x_wconf 78' lang='lat' dir='ltr'><strong>Haec</strong></span> <span class='ocrx_word' id='word_1_509' title='bbox 2150 3117 2352 3167; x_wconf 83' lang='lat' dir='ltr'><strong>autem,</strong></span> <span class='ocrx_word' id='word_1_510' title='bbox 2389 3103 2463 3155; x_wconf 92' lang='lat' dir='ltr'><strong>uti</strong></span> <span class='ocrx_word' id='word_1_511' title='bbox 2498 3103 2628 3164; x_wconf 87' lang='lat' dir='ltr'><strong>di.\i,</strong></span> <span class='ocrx_word' id='word_1_512' title='bbox 2675 3103 2866 3168; x_wconf 85' lang='lat' dir='ltr'><strong>inquit,</strong></span> <span class='ocrx_word' id='word_1_513' title='bbox 2901 3101 3040 3168; x_wconf 85' lang='lat' dir='ltr'><strong>quod</strong></span> <span class='ocrx_word' id='word_1_514' title='bbox 3081 3104 3258 3157; x_wconf 89' lang='lat' dir='ltr'><strong>adhuc</strong></span> <span class='ocrx_word' id='word_1_515' title='bbox 3290 3111 3445 3156; x_wconf 89' lang='lat' dir='ltr'><strong>erant</strong></span> <span class='ocrx_word' id='word_1_516' title='bbox 3471 3117 3571 3155; x_wconf 89' lang='lat' dir='ltr'><strong>no-</strong></span> 
     </span>
    </p>
   </div>
   <div class='ocr_carea' id='block_1_60' title="bbox 313 3191 2005 3278">
    <p class='ocr_par' dir='ltr' id='par_1_60' title="bbox 313 3206 2005 3278">
     <span class='ocr_line' id='line_1_60' title="bbox 313 3206 2005 3278; baseline -0.001 -20"><span class='ocrx_word' id='word_1_517' title='bbox 313 3207 444 3269; x_wconf 84' lang='grc' dir='ltr'>τοὺς</span> <span class='ocrx_word' id='word_1_518' title='bbox 486 3207 891 3272; x_wconf 78' lang='grc' dir='ltr'>Ἰουδαῖζοντας,</span> <span class='ocrx_word' id='word_1_519' title='bbox 934 3209 993 3262; x_wconf 90' lang='grc' dir='ltr'><strong>ἐν</strong></span> <span class='ocrx_word' id='word_1_520' title='bbox 1036 3208 1112 3278; x_wconf 82' lang='grc' dir='ltr'>τῷ</span> <span class='ocrx_word' id='word_1_521' title='bbox 1155 3210 1363 3261; x_wconf 80' lang='grc' dir='ltr'>εἰπεῖν’</span> <span class='ocrx_word' id='word_1_522' title='bbox 1418 3226 1437 3259; x_wconf 79' lang='grc' dir='ltr'><strong>ι</strong></span> <span class='ocrx_word' id='word_1_523' title='bbox 1480 3207 1538 3260; x_wconf 82' lang='lat' dir='ltr'><strong>&#39;U</strong></span> <span class='ocrx_word' id='word_1_524' title='bbox 1587 3206 1661 3278; x_wconf 82' lang='grc' dir='ltr'>μὴ</span> <span class='ocrx_word' id='word_1_525' title='bbox 1698 3207 1895 3261; x_wconf 81' lang='grc' dir='ltr'>ἐσθίων</span> <span class='ocrx_word' id='word_1_526' title='bbox 1922 3249 1963 3278; x_wconf 57' lang='grc' dir='ltr'>η</span> <span class='ocrx_word' id='word_1_527' title='bbox 1999 3213 2005 3228; x_wconf 85' lang='lat'><strong>‘</strong></span> 
     </span>
    </p>
   </div>
   <div class='ocr_carea' id='block_1_61' title="bbox 1877 3191 3569 3278">
    <p class='ocr_par' dir='ltr' id='par_1_61' title="bbox 1877 3191 3569 3278">
     <span class='ocr_line' id='line_1_61' title="bbox 1877 3191 3569 3278; baseline -0.004 -29"><span class='ocrx_word' id='word_1_528' title='bbox 1877 3225 1963 3278; x_wconf 47' lang='lat' dir='ltr'><strong>an</strong></span> <span class='ocrx_word' id='word_1_529' title='bbox 1999 3197 2140 3250; x_wconf 82' lang='lat' dir='ltr'><strong>vitii.</strong></span> <span class='ocrx_word' id='word_1_530' title='bbox 2191 3197 2354 3265; x_wconf 80' lang='lat' dir='ltr'><strong>Atqui</strong></span> <span class='ocrx_word' id='word_1_531' title='bbox 2406 3195 2567 3250; x_wconf 85' lang='lat' dir='ltr'><strong>tacite</strong></span> <span class='ocrx_word' id='word_1_532' title='bbox 2617 3194 2934 3264; x_wconf 75' lang='lat' dir='ltr'><strong>perstringit</strong></span> <span class='ocrx_word' id='word_1_533' title='bbox 2994 3194 3145 3263; x_wconf 76' lang='lat'><strong>101</strong></span> <span class='ocrx_word' id='word_1_534' title='bbox 3198 3191 3569 3258; x_wconf 76' lang='lat' dir='ltr'><strong>Judaizantes,</strong></span> 
     </span>
    </p>
   </div>
   <div class='ocr_carea' id='block_1_62' title="bbox 315 3249 2007 3368">
    <p class='ocr_par' dir='ltr' id='par_1_62' title="bbox 315 3249 2007 3368">
     <span class='ocr_line' id='line_1_62' title="bbox 324 3249 1889 3278; baseline 0 -20"><span class='ocrx_word' id='word_1_535' title='bbox 324 3249 440 3269; x_wconf 69' lang='grc' dir='ltr'><strong>---ν</strong></span> <span class='ocrx_word' id='word_1_536' title='bbox 503 3249 891 3272; x_wconf 59' lang='grc' dir='ltr'><strong>.--ν-..νηηη</strong></span> <span class='ocrx_word' id='word_1_537' title='bbox 934 3249 989 3262; x_wconf 81' lang='lat'><strong>-.</strong></span> <span class='ocrx_word' id='word_1_538' title='bbox 1045 3249 1111 3278; x_wconf 56' lang='grc' dir='ltr'><strong>με,</strong></span> <span class='ocrx_word' id='word_1_539' title='bbox 1155 3249 1326 3261; x_wconf 79' lang='grc'>-...-..</span> <span class='ocrx_word' id='word_1_540' title='bbox 1421 3249 1436 3259; x_wconf 89' lang='grc'><strong>.</strong></span> <span class='ocrx_word' id='word_1_541' title='bbox 1500 3249 1534 3260; x_wconf 72' lang='grc' dir='ltr'>ν</span> <span class='ocrx_word' id='word_1_542' title='bbox 1587 3249 1661 3278; x_wconf 63' lang='grc' dir='ltr'><strong>τη,</strong></span> <span class='ocrx_word' id='word_1_543' title='bbox 1698 3249 1889 3261; x_wconf 61' lang='grc' dir='ltr'>ηπ...</span> 
     </span>
     <span class='ocr_line' id='line_1_63' title="bbox 315 3249 2007 3368; baseline 0 -18"><span class='ocrx_word' id='word_1_544' title='bbox 315 3298 632 3368; x_wconf 73' lang='grc' dir='ltr'>εὐχαριστεῖ</span> <span class='ocrx_word' id='word_1_545' title='bbox 676 3298 753 3368; x_wconf 82' lang='grc' dir='ltr'><strong>τῷ</strong></span> <span class='ocrx_word' id='word_1_546' title='bbox 785 3298 924 3368; x_wconf 84' lang='grc' dir='ltr'>Θεῷ.</span> <span class='ocrx_word' id='word_1_547' title='bbox 961 3318 978 3350; x_wconf 73' lang='grc' dir='ltr'><strong>ι</strong></span> <span class='ocrx_word' id='word_1_548' title='bbox 1029 3299 1154 3360; x_wconf 84' lang='grc' dir='ltr'>Πῶς</span> <span class='ocrx_word' id='word_1_549' title='bbox 1184 3300 1293 3368; x_wconf 74' lang='grc' dir='ltr'>γὰρ</span> <span class='ocrx_word' id='word_1_550' title='bbox 1319 3298 1383 3350; x_wconf 79' lang='grc' dir='ltr'><strong>ἂν</strong></span> <span class='ocrx_word' id='word_1_551' title='bbox 1412 3297 1784 3366; x_wconf 65' lang='grc' dir='ltr'>εύχαριστοίη,</span> <span class='ocrx_word' id='word_1_552' title='bbox 1815 3296 1896 3350; x_wconf 80' lang='grc' dir='ltr'><strong>ἐτι</strong></span> <span class='ocrx_word' id='word_1_553' title='bbox 1922 3249 1964 3306; x_wconf 76' lang='lat' dir='ltr'><strong><em>C</em></strong></span> <span class='ocrx_word' id='word_1_554' title='bbox 1999 3307 2007 3340; x_wconf 73' lang='grc' dir='ltr'><strong>ι</strong></span> 
     </span>
    </p>
   </div>
   <div class='ocr_carea' id='block_1_63' title="bbox 1878 3249 3570 3368">
    <p class='ocr_par' dir='ltr' id='par_1_63' title="bbox 1879 3249 3570 3353">
     <span class='ocr_line' id='line_1_64' title="bbox 1879 3249 3570 3353; baseline -0.004 -10"><span class='ocrx_word' id='word_1_555' title='bbox 1879 3315 1896 3350; x_wconf 80' lang='grc' dir='ltr'><strong>ι</strong></span> <span class='ocrx_word' id='word_1_556' title='bbox 1922 3249 1964 3306; x_wconf 77' lang='lat' dir='ltr'><strong><em>C</em></strong></span> <span class='ocrx_word' id='word_1_557' title='bbox 1999 3304 2118 3342; x_wconf 85' lang='lat' dir='ltr'><strong>cum</strong></span> <span class='ocrx_word' id='word_1_558' title='bbox 2145 3287 2242 3351; x_wconf 84' lang='lat' dir='ltr'><strong>ait,</strong></span> <span class='ocrx_word' id='word_1_559' title='bbox 2275 3307 2291 3337; x_wconf 79' lang='grc' dir='ltr'><strong>ι</strong></span> <span class='ocrx_word' id='word_1_560' title='bbox 2324 3284 2421 3352; x_wconf 81' lang='lat' dir='ltr'><strong>Qui</strong></span> <span class='ocrx_word' id='word_1_561' title='bbox 2449 3301 2555 3339; x_wconf 82' lang='lat' dir='ltr'><strong>non</strong></span> <span class='ocrx_word' id='word_1_562' title='bbox 2603 3289 2858 3348; x_wconf 79' lang='lat' dir='ltr'><strong>vescitur,</strong></span> <span class='ocrx_word' id='word_1_563' title='bbox 2893 3287 3096 3353; x_wconf 78' lang='lat' dir='ltr'><strong>gratias</strong></span> <span class='ocrx_word' id='word_1_564' title='bbox 3120 3283 3233 3353; x_wconf 77' lang='lat' dir='ltr'><strong>agit</strong></span> <span class='ocrx_word' id='word_1_565' title='bbox 3259 3286 3385 3338; x_wconf 83' lang='lat' dir='ltr'><strong>Deo.</strong></span> <span class='ocrx_word' id='word_1_566' title='bbox 3424 3303 3442 3334; x_wconf 70' lang='grc' dir='ltr'><strong>ι</strong></span> <span class='ocrx_word' id='word_1_567' title='bbox 3471 3285 3570 3349; x_wconf 75' lang='lat' dir='ltr'><strong>Qui</strong></span> 
     </span>
    </p>
   </div>
   <div class='ocr_carea' id='block_1_64' title="bbox 313 3375 2005 3460">
    <p class='ocr_par' dir='ltr' id='par_1_64' title="bbox 313 3388 2005 3460">
     <span class='ocr_line' id='line_1_65' title="bbox 313 3388 2005 3460; baseline -0.002 -18"><span class='ocrx_word' id='word_1_568' title='bbox 313 3389 417 3444; x_wconf 74' lang='grc' dir='ltr'><strong>’τοό</strong></span> <span class='ocrx_word' id='word_1_569' title='bbox 455 3391 619 3458; x_wconf 81' lang='grc' dir='ltr'>νόμου</span> <span class='ocrx_word' id='word_1_570' title='bbox 665 3390 958 3460; x_wconf 82' lang='grc' dir='ltr'>ἐχόμενος;</span> <span class='ocrx_word' id='word_1_571' title='bbox 1004 3390 1168 3442; x_wconf 79' lang='grc' dir='ltr'>Ὥστε</span> <span class='ocrx_word' id='word_1_572' title='bbox 1222 3391 1250 3441; x_wconf 91' lang='lat'><strong>6</strong></span> <span class='ocrx_word' id='word_1_573' title='bbox 1293 3389 1486 3441; x_wconf 79' lang='grc' dir='ltr'>ἐσθίων</span> <span class='ocrx_word' id='word_1_574' title='bbox 1531 3388 1690 3457; x_wconf 80' lang='grc' dir='ltr'>μόνος</span> <span class='ocrx_word' id='word_1_575' title='bbox 1727 3389 1895 3457; x_wconf 70' lang='grc' dir='ltr'>εύχας</span> <span class='ocrx_word' id='word_1_576' title='bbox 1999 3402 2005 3431; x_wconf 81' lang='lat' dir='ltr'><strong>t</strong></span> 
     </span>
    </p>
   </div>
   <div class='ocr_carea' id='block_1_65' title="bbox 1881 3375 3573 3460">
    <p class='ocr_par' dir='ltr' id='par_1_65' title="bbox 1881 3375 3573 3448">
     <span class='ocr_line' id='line_1_66' title="bbox 1881 3375 3573 3448; baseline -0.001 -18"><span class='ocrx_word' id='word_1_577' title='bbox 1881 3418 1895 3430; x_wconf 92' lang='lat'><strong>.</strong></span> <span class='ocrx_word' id='word_1_578' title='bbox 1999 3383 2142 3435; x_wconf 89' lang='lat' dir='ltr'><strong>enitn</strong></span> <span class='ocrx_word' id='word_1_579' title='bbox 2185 3381 2388 3448; x_wconf 86' lang='lat' dir='ltr'><strong>gratias</strong></span> <span class='ocrx_word' id='word_1_580' title='bbox 2440 3394 2600 3445; x_wconf 77' lang='lat' dir='ltr'><strong>agere</strong></span> <span class='ocrx_word' id='word_1_581' title='bbox 2645 3387 2826 3444; x_wconf 89' lang='lat' dir='ltr'><strong>queat.</strong></span> <span class='ocrx_word' id='word_1_582' title='bbox 2891 3377 3007 3444; x_wconf 76' lang='lat' dir='ltr'><strong>lege</strong></span> <span class='ocrx_word' id='word_1_583' title='bbox 3069 3378 3244 3428; x_wconf 81' lang='lat' dir='ltr'><strong>adhuc</strong></span> <span class='ocrx_word' id='word_1_584' title='bbox 3292 3375 3573 3430; x_wconf 73' lang='lat' dir='ltr'><strong>detentus?</strong></span> 
     </span>
    </p>
   </div>
   <div class='ocr_carea' id='block_1_66' title="bbox 321 3467 3343 3550">
    <p class='ocr_par' dir='ltr' id='par_1_66' title="bbox 321 3467 3343 3550">
     <span class='ocr_line' id='line_1_67' title="bbox 321 3467 3343 3550; baseline -0.001 -27"><span class='ocrx_word' id='word_1_585' title='bbox 321 3485 518 3550; x_wconf 74' lang='grc' dir='ltr'>ριστετ,</span> <span class='ocrx_word' id='word_1_586' title='bbox 1999 3472 2175 3536; x_wconf 80' lang='lat' dir='ltr'><strong>Quare</strong></span> <span class='ocrx_word' id='word_1_587' title='bbox 2204 3471 2292 3534; x_wconf 89' lang='lat' dir='ltr'><strong>qtti</strong></span> <span class='ocrx_word' id='word_1_588' title='bbox 2338 3469 2644 3531; x_wconf 83' lang='lat' dir='ltr'><strong>tttattdIICat,</strong></span> <span class='ocrx_word' id='word_1_589' title='bbox 2677 3470 2721 3520; x_wconf 83' lang='lat' dir='ltr'><strong>is</strong></span> <span class='ocrx_word' id='word_1_590' title='bbox 2749 3478 2954 3520; x_wconf 85' lang='lat' dir='ltr'><strong>tantum</strong></span> <span class='ocrx_word' id='word_1_591' title='bbox 2983 3468 3188 3535; x_wconf 76' lang='lat' dir='ltr'><strong>gratias</strong></span> <span class='ocrx_word' id='word_1_592' title='bbox 3215 3467 3343 3535; x_wconf 80' lang='lat' dir='ltr'><strong>agit.</strong></span> 
     </span>
    </p>
   </div>
   <div class='ocr_carea' id='block_1_67' title="bbox 395 3559 2087 3640">
    <p class='ocr_par' dir='ltr' id='par_1_67' title="bbox 395 3561 2087 3640">
     <span class='ocr_line' id='line_1_68' title="bbox 395 3561 2087 3640; baseline -0.002 -17"><span class='ocrx_word' id='word_1_593' title='bbox 395 3591 412 3623; x_wconf 82' lang='grc' dir='ltr'><strong>ι</strong></span> <span class='ocrx_word' id='word_1_594' title='bbox 450 3571 638 3632; x_wconf 71' lang='grc' dir='ltr'>Οὐδεὶς</span> <span class='ocrx_word' id='word_1_595' title='bbox 684 3571 792 3640; x_wconf 70' lang='grc' dir='ltr'>γὰρ</span> <span class='ocrx_word' id='word_1_596' title='bbox 823 3571 976 3639; x_wconf 78' lang='grc' dir='ltr'>ἡμῶν</span> <span class='ocrx_word' id='word_1_597' title='bbox 1025 3569 1200 3638; x_wconf 71' lang='grc' dir='ltr'>ἐαυτῷ</span> <span class='ocrx_word' id='word_1_598' title='bbox 1237 3568 1328 3640; x_wconf 76' lang='grc' dir='ltr'><strong>ζῇ,</strong></span> <span class='ocrx_word' id='word_1_599' title='bbox 1353 3569 1444 3621; x_wconf 76' lang='grc' dir='ltr'><strong>καὶ</strong></span> <span class='ocrx_word' id='word_1_600' title='bbox 1488 3569 1666 3632; x_wconf 71' lang='grc' dir='ltr'>οὐδεὶς</span> <span class='ocrx_word' id='word_1_601' title='bbox 1716 3569 1896 3639; x_wconf 79' lang='grc' dir='ltr'>ἐαυτῷ</span> <span class='ocrx_word' id='word_1_602' title='bbox 2071 3561 2087 3606; x_wconf 57' lang='grc' dir='ltr'>Ἰ</span> 
     </span>
    </p>
   </div>
   <div class='ocr_carea' id='block_1_68' title="bbox 1879 3559 3571 3640">
    <p class='ocr_par' dir='ltr' id='par_1_68' title="bbox 1879 3559 3571 3626">
     <span class='ocr_line' id='line_1_69' title="bbox 1879 3559 3571 3626; baseline -0.008 -6"><span class='ocrx_word' id='word_1_603' title='bbox 1879 3569 1896 3620; x_wconf 70' lang='grc'><strong>5</strong></span> <span class='ocrx_word' id='word_1_604' title='bbox 2071 3561 2232 3615; x_wconf 74' lang='lat' dir='ltr'><strong>Vens.</strong></span> <span class='ocrx_word' id='word_1_605' title='bbox 2274 3561 2324 3625; x_wconf 89' lang='lat'><strong>7,</strong></span> <span class='ocrx_word' id='word_1_606' title='bbox 2351 3561 2404 3614; x_wconf 88' lang='lat'><strong>8.</strong></span> <span class='ocrx_word' id='word_1_607' title='bbox 2441 3579 2459 3611; x_wconf 78' lang='grc' dir='ltr'><strong>ι</strong></span> <span class='ocrx_word' id='word_1_608' title='bbox 2503 3559 2671 3613; x_wconf 73' lang='lat' dir='ltr'><strong>Nemo</strong></span> <span class='ocrx_word' id='word_1_609' title='bbox 2716 3561 2859 3613; x_wconf 77' lang='lat' dir='ltr'><strong>enim</strong></span> <span class='ocrx_word' id='word_1_610' title='bbox 2897 3571 3138 3612; x_wconf 75' lang='lat' dir='ltr'><strong>nostrum</strong></span> <span class='ocrx_word' id='word_1_611' title='bbox 3171 3559 3374 3626; x_wconf 85' lang='lat' dir='ltr'><strong>sihiipsi</strong></span> <span class='ocrx_word' id='word_1_612' title='bbox 3419 3560 3571 3622; x_wconf 82' lang='lat' dir='ltr'><strong>vivit,</strong></span> 
     </span>
    </p>
   </div>
   <div class='ocr_carea' id='block_1_69' title="bbox 316 3652 2008 3734">
    <p class='ocr_par' dir='ltr' id='par_1_69' title="bbox 316 3660 2008 3734">
     <span class='ocr_line' id='line_1_70' title="bbox 316 3660 2008 3734; baseline -0.002 -16"><span class='ocrx_word' id='word_1_613' title='bbox 316 3664 672 3734; x_wconf 83' lang='grc' dir='ltr'>ἀποθνήσκει.</span> <span class='ocrx_word' id='word_1_614' title='bbox 707 3663 836 3718; x_wconf 83' lang='grc' dir='ltr'>Ἐάν</span> <span class='ocrx_word' id='word_1_615' title='bbox 864 3680 924 3716; x_wconf 83' lang='grc' dir='ltr'><strong>τε</strong></span> <span class='ocrx_word' id='word_1_616' title='bbox 954 3662 1062 3733; x_wconf 73' lang='grc' dir='ltr'>γὰρ</span> <span class='ocrx_word' id='word_1_617' title='bbox 1108 3663 1313 3731; x_wconf 77' lang='grc' dir='ltr'>ζῶμεν,</span> <span class='ocrx_word' id='word_1_618' title='bbox 1338 3663 1416 3732; x_wconf 86' lang='grc' dir='ltr'><strong>τῷ</strong></span> <span class='ocrx_word' id='word_1_619' title='bbox 1457 3663 1646 3733; x_wconf 81' lang='grc' dir='ltr'>Κυρίῳ</span> <span class='ocrx_word' id='word_1_620' title='bbox 1671 3660 1851 3733; x_wconf 71' lang='grc' dir='ltr'>ζῶμεν</span> <span class='ocrx_word' id='word_1_621' title='bbox 1880 3678 1893 3692; x_wconf 89' lang='grc'>·</span> <span class='ocrx_word' id='word_1_622' title='bbox 2000 3672 2008 3708; x_wconf 93' lang='lat' dir='ltr'><strong>I</strong></span> 
     </span>
    </p>
   </div>
   <div class='ocr_carea' id='block_1_70' title="bbox 1879 3652 3571 3734">
    <p class='ocr_par' dir='ltr' id='par_1_70' title="bbox 1880 3652 3571 3719">
     <span class='ocr_line' id='line_1_71' title="bbox 1880 3652 3571 3719; baseline -0.002 -11"><span class='ocrx_word' id='word_1_623' title='bbox 1880 3678 1893 3692; x_wconf 87' lang='lat'><strong>-</strong></span> <span class='ocrx_word' id='word_1_624' title='bbox 2000 3669 2162 3708; x_wconf 90' lang='lat' dir='ltr'><strong>nemo</strong></span> <span class='ocrx_word' id='word_1_625' title='bbox 2195 3652 2402 3719; x_wconf 80' lang='lat' dir='ltr'><strong>sibiipsi</strong></span> <span class='ocrx_word' id='word_1_626' title='bbox 2432 3653 2674 3704; x_wconf 78' lang='lat' dir='ltr'><strong>moritur.</strong></span> <span class='ocrx_word' id='word_1_627' title='bbox 2710 3652 2835 3704; x_wconf 86' lang='lat' dir='ltr'><strong>Sive</strong></span> <span class='ocrx_word' id='word_1_628' title='bbox 2867 3666 3007 3703; x_wconf 78' lang='lat' dir='ltr'><strong>enim</strong></span> <span class='ocrx_word' id='word_1_629' title='bbox 3040 3652 3310 3711; x_wconf 76' lang='lat' dir='ltr'><strong>vivamus,</strong></span> <span class='ocrx_word' id='word_1_630' title='bbox 3346 3652 3571 3705; x_wconf 77' lang='lat' dir='ltr'><strong>DOtttitO</strong></span> 
     </span>
    </p>
   </div>
   <div class='ocr_carea' id='block_1_71' title="bbox 317 3744 2009 3824">
    <p class='ocr_par' dir='ltr' id='par_1_71' title="bbox 317 3753 2009 3824">
     <span class='ocr_line' id='line_1_72' title="bbox 317 3753 2009 3824; baseline -0.003 -16"><span class='ocrx_word' id='word_1_631' title='bbox 317 3758 414 3810; x_wconf 74' lang='grc' dir='ltr'><strong>ἐάν</strong></span> <span class='ocrx_word' id='word_1_632' title='bbox 455 3772 514 3808; x_wconf 86' lang='grc' dir='ltr'><strong>τε</strong></span> <span class='ocrx_word' id='word_1_633' title='bbox 573 3754 1025 3824; x_wconf 81' lang='grc' dir='ltr'>ἀποθνήσκωμεν,</span> <span class='ocrx_word' id='word_1_634' title='bbox 1065 3753 1144 3822; x_wconf 86' lang='grc' dir='ltr'><strong>τῷ</strong></span> <span class='ocrx_word' id='word_1_635' title='bbox 1177 3753 1367 3824; x_wconf 85' lang='grc' dir='ltr'>Κυρίῳ</span> <span class='ocrx_word' id='word_1_636' title='bbox 1400 3753 1834 3824; x_wconf 85' lang='grc' dir='ltr'>ἀποθνήσκομεν.</span> <span class='ocrx_word' id='word_1_637' title='bbox 1875 3771 1892 3803; x_wconf 73' lang='grc' dir='ltr'><strong>ι</strong></span> <span class='ocrx_word' id='word_1_638' title='bbox 2000 3763 2009 3786; x_wconf 82' lang='lat'><em>‘</em></span> 
     </span>
    </p>
   </div>
   <div class='ocr_carea' id='block_1_72' title="bbox 1875 3744 3567 3824">
    <p class='ocr_par' dir='ltr' id='par_1_72' title="bbox 1875 3744 3567 3805">
     <span class='ocr_line' id='line_1_73' title="bbox 1875 3744 3567 3805; baseline -0.002 -6"><span class='ocrx_word' id='word_1_639' title='bbox 1875 3771 1892 3803; x_wconf 73' lang='grc' dir='ltr'><strong>ι</strong></span> <span class='ocrx_word' id='word_1_640' title='bbox 2000 3747 2226 3799; x_wconf 77' lang='lat' dir='ltr'><strong>vivimus</strong></span> <span class='ocrx_word' id='word_1_641' title='bbox 2259 3763 2271 3798; x_wconf 91' lang='lat'><strong>:</strong></span> <span class='ocrx_word' id='word_1_642' title='bbox 2300 3745 2411 3797; x_wconf 86' lang='lat' dir='ltr'><strong>sive</strong></span> <span class='ocrx_word' id='word_1_643' title='bbox 2440 3745 2752 3805; x_wconf 68' lang='lat' dir='ltr'><strong>moriantur,</strong></span> <span class='ocrx_word' id='word_1_644' title='bbox 2777 3744 3003 3798; x_wconf 87' lang='lat' dir='ltr'><strong>Domino</strong></span> <span class='ocrx_word' id='word_1_645' title='bbox 3027 3745 3308 3797; x_wconf 84' lang='lat' dir='ltr'><strong>morimur.</strong></span> <span class='ocrx_word' id='word_1_646' title='bbox 3341 3763 3360 3796; x_wconf 76' lang='grc' dir='ltr'><strong>ι</strong></span> <span class='ocrx_word' id='word_1_647' title='bbox 3392 3744 3567 3796; x_wconf 83' lang='lat' dir='ltr'><strong>Domi-</strong></span> 
     </span>
    </p>
   </div>
   <div class='ocr_carea' id='block_1_73' title="bbox 318 3835 2010 3914">
    <p class='ocr_par' dir='ltr' id='par_1_73' title="bbox 318 3837 2010 3914">
     <span class='ocr_line' id='line_1_74' title="bbox 318 3837 2010 3914; baseline -0.004 -15"><span class='ocrx_word' id='word_1_648' title='bbox 318 3847 619 3913; x_wconf 71' lang='grc' dir='ltr'>Δεσπότην,</span> <span class='ocrx_word' id='word_1_649' title='bbox 681 3861 869 3914; x_wconf 72' lang='grc' dir='ltr'>φησν,</span> <span class='ocrx_word' id='word_1_650' title='bbox 910 3844 1125 3914; x_wconf 74' lang='grc' dir='ltr'>ἔχομεν,</span> <span class='ocrx_word' id='word_1_651' title='bbox 1175 3837 1218 3910; x_wconf 83' lang='grc' dir='ltr'>ᾧ</span> <span class='ocrx_word' id='word_1_652' title='bbox 1265 3844 1418 3914; x_wconf 82' lang='grc' dir='ltr'>μέλει</span> <span class='ocrx_word' id='word_1_653' title='bbox 1471 3844 1649 3914; x_wconf 80' lang='grc' dir='ltr'>ἡμῶν,</span> <span class='ocrx_word' id='word_1_654' title='bbox 1702 3844 1759 3906; x_wconf 84' lang='grc' dir='ltr'>ὃς</span> <span class='ocrx_word' id='word_1_655' title='bbox 1805 3847 1900 3898; x_wconf 75' lang='grc' dir='ltr'><strong>καὶ</strong></span> <span class='ocrx_word' id='word_1_656' title='bbox 2002 3857 2010 3893; x_wconf 91' lang='lat' dir='ltr'><strong>l</strong></span> 
     </span>
    </p>
   </div>
   <div class='ocr_carea' id='block_1_74' title="bbox 1880 3835 3572 3914">
    <p class='ocr_par' dir='ltr' id='par_1_74' title="bbox 1880 3835 3572 3906">
     <span class='ocr_line' id='line_1_75' title="bbox 1880 3835 3572 3906; baseline -0.002 -13"><span class='ocrx_word' id='word_1_657' title='bbox 1880 3847 1900 3898; x_wconf 68' lang='grc' dir='ltr'>ἱ</span> <span class='ocrx_word' id='word_1_658' title='bbox 2002 3856 2128 3893; x_wconf 80' lang='lat' dir='ltr'><strong>nunt</strong></span> <span class='ocrx_word' id='word_1_659' title='bbox 2159 3839 2442 3902; x_wconf 66' lang='lat' dir='ltr'><strong>habemus,</strong></span> <span class='ocrx_word' id='word_1_660' title='bbox 2477 3837 2670 3904; x_wconf 89' lang='lat' dir='ltr'><strong>inquit,</strong></span> <span class='ocrx_word' id='word_1_661' title='bbox 2716 3838 2800 3890; x_wconf 91' lang='lat' dir='ltr'><strong>cui</strong></span> <span class='ocrx_word' id='word_1_662' title='bbox 2834 3853 2933 3890; x_wconf 83' lang='lat' dir='ltr'><strong>nus</strong></span> <span class='ocrx_word' id='word_1_663' title='bbox 2963 3852 3150 3890; x_wconf 89' lang='lat' dir='ltr'><strong>sumus</strong></span> <span class='ocrx_word' id='word_1_664' title='bbox 3183 3852 3346 3900; x_wconf 62' lang='lat' dir='ltr'><strong>cura),</strong></span> <span class='ocrx_word' id='word_1_665' title='bbox 3374 3835 3572 3906; x_wconf 89' lang='lat' dir='ltr'><strong>quique</strong></span> 
     </span>
    </p>
   </div>
   <div class='ocr_carea' id='block_1_75' title="bbox 319 3929 2011 4007">
    <p class='ocr_par' dir='ltr' id='par_1_75' title="bbox 319 3935 2011 4007">
     <span class='ocr_line' id='line_1_76' title="bbox 319 3935 2011 4007; baseline 0 -19"><span class='ocrx_word' id='word_1_666' title='bbox 319 3938 550 3989; x_wconf 69' lang='grc' dir='ltr'>πλοῦτον</span> <span class='ocrx_word' id='word_1_667' title='bbox 577 3939 676 4007; x_wconf 80' lang='grc' dir='ltr'>τὴν</span> <span class='ocrx_word' id='word_1_668' title='bbox 699 3935 977 4006; x_wconf 79' lang='grc' dir='ltr'>ἡμετέραν</span> <span class='ocrx_word' id='word_1_669' title='bbox 1011 3935 1154 4005; x_wconf 78' lang='grc' dir='ltr'>ζωὴν</span> <span class='ocrx_word' id='word_1_670' title='bbox 1175 3937 1407 4005; x_wconf 83' lang='grc' dir='ltr'>ἡγεῖται,</span> <span class='ocrx_word' id='word_1_671' title='bbox 1437 3936 1531 3988; x_wconf 76' lang='grc' dir='ltr'><strong>καὶ</strong></span> <span class='ocrx_word' id='word_1_672' title='bbox 1552 3935 1776 4005; x_wconf 82' lang='grc' dir='ltr'>ζημίαν,</span> <span class='ocrx_word' id='word_1_673' title='bbox 1807 3937 1898 3988; x_wconf 75' lang='grc' dir='ltr'><strong>τὸν</strong></span> <span class='ocrx_word' id='word_1_674' title='bbox 2000 3950 2011 4003; x_wconf 82' lang='grc' dir='ltr'><strong>ι</strong></span> 
     </span>
    </p>
   </div>
   <div class='ocr_carea' id='block_1_76' title="bbox 1877 3929 3569 4007">
    <p class='ocr_par' dir='ltr' id='par_1_76' title="bbox 1877 3929 3569 4003">
     <span class='ocr_line' id='line_1_77' title="bbox 1877 3929 3569 4003; baseline -0.005 -15"><span class='ocrx_word' id='word_1_675' title='bbox 1877 3954 1898 3988; x_wconf 85' lang='grc' dir='ltr'><strong>ν</strong></span> <span class='ocrx_word' id='word_1_676' title='bbox 2000 3949 2100 4003; x_wconf 85' lang='lat' dir='ltr'><strong>pro</strong></span> <span class='ocrx_word' id='word_1_677' title='bbox 2123 3933 2270 3985; x_wconf 79' lang='lat' dir='ltr'><strong>luero</strong></span> <span class='ocrx_word' id='word_1_678' title='bbox 2298 3941 2353 3984; x_wconf 90' lang='lat' dir='ltr'><strong>et</strong></span> <span class='ocrx_word' id='word_1_679' title='bbox 2378 3929 2580 3982; x_wconf 82' lang='lat' dir='ltr'><strong>divitiis</strong></span> <span class='ocrx_word' id='word_1_680' title='bbox 2609 3938 2848 3982; x_wconf 83' lang='lat' dir='ltr'><strong>nostram</strong></span> <span class='ocrx_word' id='word_1_681' title='bbox 2871 3931 3033 3980; x_wconf 78' lang='lat' dir='ltr'><strong>vitam</strong></span> <span class='ocrx_word' id='word_1_682' title='bbox 3059 3929 3224 3989; x_wconf 86' lang='lat' dir='ltr'><strong>ducit,</strong></span> <span class='ocrx_word' id='word_1_683' title='bbox 3267 3939 3320 3982; x_wconf 89' lang='lat' dir='ltr'><strong>et</strong></span> <span class='ocrx_word' id='word_1_684' title='bbox 3343 3938 3569 3982; x_wconf 79' lang='lat' dir='ltr'><strong>mortem</strong></span> 
     </span>
    </p>
   </div>
   <div class='ocr_carea' id='block_1_77' title="bbox 320 4020 2012 4098">
    <p class='ocr_par' dir='ltr' id='par_1_77' title="bbox 320 4026 2012 4098">
     <span class='ocr_line' id='line_1_78' title="bbox 320 4026 2012 4098; baseline 0 -18"><span class='ocrx_word' id='word_1_685' title='bbox 320 4028 576 4082; x_wconf 68' lang='grc' dir='ltr'>θάνατον.</span> <span class='ocrx_word' id='word_1_686' title='bbox 608 4027 684 4080; x_wconf 79' lang='grc' dir='ltr'><strong>Οὐ</strong></span> <span class='ocrx_word' id='word_1_687' title='bbox 740 4027 846 4096; x_wconf 79' lang='grc' dir='ltr'>γὰρ</span> <span class='ocrx_word' id='word_1_688' title='bbox 877 4028 1091 4088; x_wconf 79' lang='grc' dir='ltr'>ἑαυτοῖς</span> <span class='ocrx_word' id='word_1_689' title='bbox 1126 4026 1328 4095; x_wconf 80' lang='grc' dir='ltr'>ζῶμεν,</span> <span class='ocrx_word' id='word_1_690' title='bbox 1378 4027 1409 4098; x_wconf 87' lang='grc' dir='ltr'>ἢ</span> <span class='ocrx_word' id='word_1_691' title='bbox 1458 4026 1764 4097; x_wconf 83' lang='grc' dir='ltr'>θνήσκομεν</span> <span class='ocrx_word' id='word_1_692' title='bbox 1802 4028 1900 4097; x_wconf 84' lang='grc' dir='ltr'>μό·</span> <span class='ocrx_word' id='word_1_693' title='bbox 2003 4043 2012 4096; x_wconf 84' lang='grc' dir='ltr'><strong>ι</strong></span> 
     </span>
    </p>
   </div>
   <div class='ocr_carea' id='block_1_78' title="bbox 1882 4020 3574 4098">
    <p class='ocr_par' dir='ltr' id='par_1_78' title="bbox 1882 4020 3574 4096">
     <span class='ocr_line' id='line_1_79' title="bbox 1882 4020 3574 4096; baseline -0.002 -19"><span class='ocrx_word' id='word_1_694' title='bbox 1882 4057 1900 4068; x_wconf 91' lang='grc'><strong>-</strong></span> <span class='ocrx_word' id='word_1_695' title='bbox 2003 4041 2099 4096; x_wconf 83' lang='lat' dir='ltr'><strong>pro</strong></span> <span class='ocrx_word' id='word_1_696' title='bbox 2151 4027 2370 4077; x_wconf 88' lang='lat' dir='ltr'><strong>damno.</strong></span> <span class='ocrx_word' id='word_1_697' title='bbox 2406 4022 2590 4090; x_wconf 78' lang='lat' dir='ltr'><strong>Neque</strong></span> <span class='ocrx_word' id='word_1_698' title='bbox 2637 4023 2778 4074; x_wconf 92' lang='lat' dir='ltr'><strong>enim</strong></span> <span class='ocrx_word' id='word_1_699' title='bbox 2827 4023 2979 4075; x_wconf 89' lang='lat' dir='ltr'><strong>nobts</strong></span> <span class='ocrx_word' id='word_1_700' title='bbox 3039 4020 3168 4088; x_wconf 88' lang='lat' dir='ltr'><strong>ipsis</strong></span> <span class='ocrx_word' id='word_1_701' title='bbox 3207 4020 3437 4075; x_wconf 84' lang='lat' dir='ltr'><strong>vivimus</strong></span> <span class='ocrx_word' id='word_1_702' title='bbox 3483 4030 3574 4074; x_wconf 89' lang='lat' dir='ltr'><strong>aut</strong></span> 
     </span>
    </p>
   </div>
   <div class='ocr_carea' id='block_1_79' title="bbox 320 4115 2012 4186">
    <p class='ocr_par' dir='ltr' id='par_1_79' title="bbox 320 4117 2012 4186">
     <span class='ocr_line' id='line_1_80' title="bbox 320 4117 2012 4186; baseline 0 -14"><span class='ocrx_word' id='word_1_703' title='bbox 320 4135 435 4180; x_wconf 84' lang='grc' dir='ltr'>νον,</span> <span class='ocrx_word' id='word_1_704' title='bbox 462 4118 599 4171; x_wconf 81' lang='grc' dir='ltr'>ἀλλὰ</span> <span class='ocrx_word' id='word_1_705' title='bbox 634 4118 727 4170; x_wconf 73' lang='grc' dir='ltr'><strong>καὶ</strong></span> <span class='ocrx_word' id='word_1_706' title='bbox 769 4117 846 4186; x_wconf 82' lang='grc' dir='ltr'><strong>τῷ</strong></span> <span class='ocrx_word' id='word_1_707' title='bbox 881 4119 1092 4186; x_wconf 83' lang='grc' dir='ltr'>Κυρίῳ.</span> <span class='ocrx_word' id='word_1_708' title='bbox 1131 4117 1285 4179; x_wconf 82' lang='grc' dir='ltr'>Ζωὴν</span> <span class='ocrx_word' id='word_1_709' title='bbox 1319 4117 1375 4169; x_wconf 78' lang='grc' dir='ltr'>δὲ</span> <span class='ocrx_word' id='word_1_710' title='bbox 1429 4117 1661 4170; x_wconf 78' lang='grc' dir='ltr'>ἐνταῦθα</span> <span class='ocrx_word' id='word_1_711' title='bbox 1698 4118 1797 4186; x_wconf 81' lang='grc' dir='ltr'><strong>τὴν</strong></span> <span class='ocrx_word' id='word_1_712' title='bbox 1842 4119 1899 4172; x_wconf 91' lang='grc' dir='ltr'><strong>ἐν</strong></span> <span class='ocrx_word' id='word_1_713' title='bbox 2004 4136 2012 4172; x_wconf 90' lang='grc'><strong>1</strong></span> 
     </span>
    </p>
   </div>
   <div class='ocr_carea' id='block_1_80' title="bbox 1880 4115 3572 4186">
    <p class='ocr_par' dir='ltr' id='par_1_80' title="bbox 1880 4115 3572 4176">
     <span class='ocr_line' id='line_1_81' title="bbox 1880 4115 3572 4176; baseline -0.004 -4"><span class='ocrx_word' id='word_1_714' title='bbox 1880 4137 1899 4172; x_wconf 84' lang='grc' dir='ltr'><strong>ν</strong></span> <span class='ocrx_word' id='word_1_715' title='bbox 2004 4121 2261 4172; x_wconf 91' lang='lat' dir='ltr'><strong>morimur</strong></span> <span class='ocrx_word' id='word_1_716' title='bbox 2284 4117 2481 4176; x_wconf 83' lang='lat' dir='ltr'><strong>solum,</strong></span> <span class='ocrx_word' id='word_1_717' title='bbox 2506 4117 2596 4168; x_wconf 89' lang='lat' dir='ltr'><strong>sed</strong></span> <span class='ocrx_word' id='word_1_718' title='bbox 2618 4115 2778 4168; x_wconf 87' lang='lat' dir='ltr'><strong>etiam</strong></span> <span class='ocrx_word' id='word_1_719' title='bbox 2811 4115 3052 4167; x_wconf 79' lang='lat' dir='ltr'><strong>Domino.</strong></span> <span class='ocrx_word' id='word_1_720' title='bbox 3083 4115 3254 4167; x_wconf 75' lang='lat' dir='ltr'><strong>Vitam</strong></span> <span class='ocrx_word' id='word_1_721' title='bbox 3280 4124 3456 4167; x_wconf 75' lang='lat' dir='ltr'><strong>autem</strong></span> <span class='ocrx_word' id='word_1_722' title='bbox 3478 4115 3572 4166; x_wconf 81' lang='lat' dir='ltr'><strong>hoc</strong></span> 
     </span>
    </p>
   </div>
   <div class='ocr_carea' id='block_1_81' title="bbox 319 4207 2011 4280">
    <p class='ocr_par' dir='ltr' id='par_1_81' title="bbox 319 4207 2011 4280">
     <span class='ocr_line' id='line_1_82' title="bbox 319 4207 2011 4280; baseline 0.001 -17"><span class='ocrx_word' id='word_1_723' title='bbox 319 4211 502 4263; x_wconf 81' lang='grc' dir='ltr'>πίστει</span> <span class='ocrx_word' id='word_1_724' title='bbox 529 4209 696 4275; x_wconf 81' lang='grc' dir='ltr'>λέγει,</span> <span class='ocrx_word' id='word_1_725' title='bbox 732 4210 827 4261; x_wconf 70' lang='grc' dir='ltr'><strong>καὶ</strong></span> <span class='ocrx_word' id='word_1_726' title='bbox 861 4209 1093 4262; x_wconf 79' lang='grc' dir='ltr'>θάνατον</span> <span class='ocrx_word' id='word_1_727' title='bbox 1120 4211 1220 4279; x_wconf 78' lang='grc' dir='ltr'><strong>τὴν</strong></span> <span class='ocrx_word' id='word_1_728' title='bbox 1247 4208 1591 4261; x_wconf 80' lang='grc' dir='ltr'>ἐκπίπτωσιν</span> <span class='ocrx_word' id='word_1_729' title='bbox 1619 4207 1685 4280; x_wconf 63' lang='lat' dir='ltr'><strong>[ﬂ</strong></span> <span class='ocrx_word' id='word_1_730' title='bbox 1712 4207 1900 4280; x_wconf 85' lang='grc' dir='ltr'>ἐκπτ.]</span> <span class='ocrx_word' id='word_1_731' title='bbox 2003 4213 2011 4265; x_wconf 96' lang='lat' dir='ltr'><strong>l</strong></span> 
     </span>
    </p>
   </div>
   <div class='ocr_carea' id='block_1_82' title="bbox 1879 4207 3571 4280">
    <p class='ocr_par' dir='ltr' id='par_1_82' title="bbox 1881 4207 3571 4280">
     <span class='ocr_line' id='line_1_83' title="bbox 1881 4207 3571 4280; baseline -0.003 -14"><span class='ocrx_word' id='word_1_732' title='bbox 1881 4207 1900 4280; x_wconf 90' lang='lat'>]</span> <span class='ocrx_word' id='word_1_733' title='bbox 2003 4213 2118 4267; x_wconf 80' lang='lat' dir='ltr'><strong>loro</strong></span> <span class='ocrx_word' id='word_1_734' title='bbox 2142 4212 2292 4275; x_wconf 82' lang='lat' dir='ltr'><strong>dicit,</strong></span> <span class='ocrx_word' id='word_1_735' title='bbox 2323 4225 2443 4278; x_wconf 69' lang='lat' dir='ltr'><strong>qua:</strong></span> <span class='ocrx_word' id='word_1_736' title='bbox 2492 4211 2592 4263; x_wconf 86' lang='lat' dir='ltr'><strong>lide</strong></span> <span class='ocrx_word' id='word_1_737' title='bbox 2633 4217 2866 4270; x_wconf 87' lang='lat' dir='ltr'><strong>constat,</strong></span> <span class='ocrx_word' id='word_1_738' title='bbox 2897 4218 2953 4262; x_wconf 88' lang='lat' dir='ltr'><strong>et</strong></span> <span class='ocrx_word' id='word_1_739' title='bbox 3000 4216 3252 4272; x_wconf 89' lang='lat' dir='ltr'><strong>mortem,</strong></span> <span class='ocrx_word' id='word_1_740' title='bbox 3291 4208 3496 4274; x_wconf 88' lang='lat' dir='ltr'><strong>lapsum</strong></span> <span class='ocrx_word' id='word_1_741' title='bbox 3546 4225 3571 4261; x_wconf 87' lang='lat' dir='ltr'><strong>a</strong></span> 
     </span>
    </p>
   </div>
   <div class='ocr_carea' id='block_1_83' title="bbox 319 4292 2011 4372">
    <p class='ocr_par' dir='ltr' id='par_1_83' title="bbox 319 4292 2011 4371">
     <span class='ocr_line' id='line_1_84' title="bbox 319 4292 2011 4371; baseline -0.004 -19"><span class='ocrx_word' id='word_1_742' title='bbox 319 4301 421 4370; x_wconf 77' lang='grc' dir='ltr'>τῆς</span> <span class='ocrx_word' id='word_1_743' title='bbox 473 4300 728 4362; x_wconf 81' lang='grc' dir='ltr'>πίστεως.</span> <span class='ocrx_word' id='word_1_744' title='bbox 774 4300 937 4352; x_wconf 82' lang='grc' dir='ltr'>Ὥστε</span> <span class='ocrx_word' id='word_1_745' title='bbox 969 4300 1030 4352; x_wconf 81' lang='grc' dir='ltr'><strong>οὐ</strong></span> <span class='ocrx_word' id='word_1_746' title='bbox 1065 4300 1138 4369; x_wconf 83' lang='grc' dir='ltr'>μὴ</span> <span class='ocrx_word' id='word_1_747' title='bbox 1179 4300 1314 4371; x_wconf 80' lang='grc' dir='ltr'>ἐάσῃ</span> <span class='ocrx_word' id='word_1_748' title='bbox 1357 4292 1512 4362; x_wconf 78' lang='grc' dir='ltr'>οὗτος</span> <span class='ocrx_word' id='word_1_749' title='bbox 1559 4302 1586 4352; x_wconf 90' lang='grc' dir='ltr'>ὁ</span> <span class='ocrx_word' id='word_1_750' title='bbox 1617 4301 1894 4370; x_wconf 73' lang='grc' dir='ltr'>Δεσπότης</span> <span class='ocrx_word' id='word_1_751' title='bbox 2006 4313 2011 4358; x_wconf 85' lang='grc' dir='ltr'><strong>ι</strong></span> 
     </span>
    </p>
   </div>
   <div class='ocr_carea' id='block_1_84' title="bbox 1881 4292 3573 4372">
    <p class='ocr_par' dir='ltr' id='par_1_84' title="bbox 1881 4298 3573 4372">
     <span class='ocr_line' id='line_1_85' title="bbox 1881 4298 3573 4372; baseline -0.007 -9"><span class='ocrx_word' id='word_1_752' title='bbox 1881 4317 1894 4363; x_wconf 76' lang='grc' dir='ltr'><strong><em>ἶ</em></strong></span> <span class='ocrx_word' id='word_1_753' title='bbox 2006 4308 2127 4360; x_wconf 88' lang='lat' dir='ltr'><strong>lide.</strong></span> <span class='ocrx_word' id='word_1_754' title='bbox 2162 4303 2340 4372; x_wconf 82' lang='lat' dir='ltr'><strong>Itaque</strong></span> <span class='ocrx_word' id='word_1_755' title='bbox 2365 4301 2624 4355; x_wconf 91' lang='lat' dir='ltr'><strong>Dominus</strong></span> <span class='ocrx_word' id='word_1_756' title='bbox 2655 4301 2754 4352; x_wconf 88' lang='lat' dir='ltr'><strong>iste</strong></span> <span class='ocrx_word' id='word_1_757' title='bbox 2784 4315 3124 4369; x_wconf 84' lang='lat' dir='ltr'><strong>nequaquam</strong></span> <span class='ocrx_word' id='word_1_758' title='bbox 3163 4299 3298 4352; x_wconf 89' lang='lat' dir='ltr'><strong>mori</strong></span> <span class='ocrx_word' id='word_1_759' title='bbox 3331 4298 3465 4352; x_wconf 89' lang='lat' dir='ltr'><strong>sinet</strong></span> <span class='ocrx_word' id='word_1_760' title='bbox 3495 4315 3573 4353; x_wconf 88' lang='lat' dir='ltr'><strong>se-</strong></span> 
     </span>
    </p>
   </div>
   <div class='ocr_carea' id='block_1_85' title="bbox 322 4388 2014 4460">
    <p class='ocr_par' dir='ltr' id='par_1_85' title="bbox 322 4389 2014 4460">
     <span class='ocr_line' id='line_1_86' title="bbox 322 4389 2014 4460; baseline -0.004 -15"><span class='ocrx_word' id='word_1_761' title='bbox 322 4390 506 4445; x_wconf 87' lang='grc' dir='ltr'>θανεῖν</span> <span class='ocrx_word' id='word_1_762' title='bbox 550 4391 691 4444; x_wconf 77' lang='grc' dir='ltr'>κατὰ</span> <span class='ocrx_word' id='word_1_763' title='bbox 742 4390 841 4460; x_wconf 78' lang='grc' dir='ltr'><strong>τὴν</strong></span> <span class='ocrx_word' id='word_1_764' title='bbox 886 4389 1090 4454; x_wconf 88' lang='grc' dir='ltr'>πίστιν,</span> <span class='ocrx_word' id='word_1_765' title='bbox 1138 4391 1231 4442; x_wconf 80' lang='grc' dir='ltr'><strong>καὶ</strong></span> <span class='ocrx_word' id='word_1_766' title='bbox 1275 4391 1528 4442; x_wconf 82' lang='grc' dir='ltr'>ἐκπεσεῖν</span> <span class='ocrx_word' id='word_1_767' title='bbox 1568 4389 1736 4460; x_wconf 79' lang='grc' dir='ltr'>αὐτῆς</span> <span class='ocrx_word' id='word_1_768' title='bbox 1774 4391 1901 4452; x_wconf 71' lang='grc' dir='ltr'>τοὺς</span> <span class='ocrx_word' id='word_1_769' title='bbox 2003 4414 2014 4449; x_wconf 68' lang='grc' dir='ltr'><strong>ι</strong></span> 
     </span>
    </p>
   </div>
   <div class='ocr_carea' id='block_1_86' title="bbox 1883 4388 3575 4460">
    <p class='ocr_par' dir='ltr' id='par_1_86' title="bbox 1883 4388 3575 4458">
     <span class='ocr_line' id='line_1_87' title="bbox 1883 4388 3575 4458; baseline -0.006 -6"><span class='ocrx_word' id='word_1_770' title='bbox 1883 4407 1901 4452; x_wconf 75' lang='grc' dir='ltr'>ς</span> <span class='ocrx_word' id='word_1_771' title='bbox 2003 4397 2232 4450; x_wconf 81' lang='lat' dir='ltr'><strong>cumtum</strong></span> <span class='ocrx_word' id='word_1_772' title='bbox 2269 4393 2448 4455; x_wconf 68' lang='lat' dir='ltr'><strong>ﬁdem,</strong></span> <span class='ocrx_word' id='word_1_773' title='bbox 2493 4401 2546 4444; x_wconf 90' lang='lat' dir='ltr'><strong>et</strong></span> <span class='ocrx_word' id='word_1_774' title='bbox 2578 4391 2646 4444; x_wconf 86' lang='lat' dir='ltr'><strong>ab</strong></span> <span class='ocrx_word' id='word_1_775' title='bbox 2693 4406 2755 4446; x_wconf 85' lang='lat' dir='ltr'><strong>ea</strong></span> <span class='ocrx_word' id='word_1_776' title='bbox 2802 4389 3053 4444; x_wconf 79' lang='lat' dir='ltr'><strong>excidere</strong></span> <span class='ocrx_word' id='word_1_777' title='bbox 3090 4403 3179 4444; x_wconf 87' lang='lat' dir='ltr'><strong>eos</strong></span> <span class='ocrx_word' id='word_1_778' title='bbox 3235 4390 3325 4458; x_wconf 90' lang='lat' dir='ltr'><strong>qui</strong></span> <span class='ocrx_word' id='word_1_779' title='bbox 3378 4388 3575 4442; x_wconf 77' lang='lat' dir='ltr'><strong>infirmi</strong></span> 
     </span>
    </p>
   </div>
   <div class='ocr_carea' id='block_1_87' title="bbox 321 4480 2013 4549">
    <p class='ocr_par' dir='ltr' id='par_1_87' title="bbox 321 4480 2013 4549">
     <span class='ocr_line' id='line_1_88' title="bbox 321 4480 2013 4549; baseline -0.004 -14"><span class='ocrx_word' id='word_1_780' title='bbox 321 4481 612 4545; x_wconf 77' lang='grc' dir='ltr'>δοκοῦντας</span> <span class='ocrx_word' id='word_1_781' title='bbox 634 4481 878 4544; x_wconf 82' lang='grc' dir='ltr'>ἀσθενῶς</span> <span class='ocrx_word' id='word_1_782' title='bbox 907 4481 950 4512; x_wconf 69' lang='grc'><strong>⁸³</strong></span> <span class='ocrx_word' id='word_1_783' title='bbox 971 4480 1138 4549; x_wconf 78' lang='grc' dir='ltr'>ἔχειν.</span> <span class='ocrx_word' id='word_1_784' title='bbox 2003 4504 2013 4538; x_wconf 68' lang='grc' dir='ltr'><strong>ε</strong></span> 
     </span>
    </p>
   </div>
   <div class='ocr_carea' id='block_1_88' title="bbox 726 4480 2418 4549">
    <p class='ocr_par' dir='ltr' id='par_1_88' title="bbox 726 4480 2418 4549">
     <span class='ocr_line' id='line_1_89' title="bbox 726 4480 2418 4549; baseline 0.002 -18"><span class='ocrx_word' id='word_1_785' title='bbox 726 4482 878 4544; x_wconf 62' lang='lat' dir='ltr'><strong>leva);</strong></span> <span class='ocrx_word' id='word_1_786' title='bbox 907 4481 950 4512; x_wconf 70' lang='lat'><strong>‘3</strong></span> <span class='ocrx_word' id='word_1_787' title='bbox 971 4480 1138 4549; x_wconf 77' lang='grc' dir='ltr'>ἔχειν.</span> <span class='ocrx_word' id='word_1_788' title='bbox 2003 4501 2120 4540; x_wconf 86' lang='lat' dir='ltr'><strong>eSSe</strong></span> <span class='ocrx_word' id='word_1_789' title='bbox 2152 4485 2418 4537; x_wconf 84' lang='lat' dir='ltr'><strong>videntur.</strong></span> 
     </span>
    </p>
   </div>
   <div class='ocr_carea' id='block_1_89' title="bbox 401 4569 2093 4647">
    <p class='ocr_par' dir='ltr' id='par_1_89' title="bbox 401 4569 2093 4647">
     <span class='ocr_line' id='line_1_90' title="bbox 401 4569 2093 4647; baseline 0.002 -22"><span class='ocrx_word' id='word_1_790' title='bbox 401 4592 420 4625; x_wconf 80' lang='grc' dir='ltr'><strong>ι</strong></span> <span class='ocrx_word' id='word_1_791' title='bbox 464 4572 592 4626; x_wconf 83' lang='grc' dir='ltr'>Ἐάν</span> <span class='ocrx_word' id='word_1_792' title='bbox 628 4590 684 4625; x_wconf 78' lang='grc' dir='ltr'><strong>τε</strong></span> <span class='ocrx_word' id='word_1_793' title='bbox 730 4569 820 4626; x_wconf 76' lang='grc' dir='ltr'><strong>οὖν</strong></span> <span class='ocrx_word' id='word_1_794' title='bbox 851 4572 1052 4641; x_wconf 78' lang='grc' dir='ltr'>ζῶμεν,</span> <span class='ocrx_word' id='word_1_795' title='bbox 1102 4573 1197 4625; x_wconf 78' lang='grc' dir='ltr'><strong>ἐάν</strong></span> <span class='ocrx_word' id='word_1_796' title='bbox 1225 4588 1285 4624; x_wconf 88' lang='grc' dir='ltr'><strong>τε</strong></span> <span class='ocrx_word' id='word_1_797' title='bbox 1312 4571 1766 4642; x_wconf 80' lang='grc' dir='ltr'>ἀποθνήσκωμεν,</span> <span class='ocrx_word' id='word_1_798' title='bbox 1800 4573 1893 4625; x_wconf 79' lang='grc' dir='ltr'>τοῦ</span> <span class='ocrx_word' id='word_1_799' title='bbox 1934 4586 1981 4647; x_wconf 77' lang='grc' dir='ltr'>υ</span> <span class='ocrx_word' id='word_1_800' title='bbox 2081 4596 2093 4628; x_wconf 77' lang='grc' dir='ltr'><strong>ι</strong></span> 
     </span>
    </p>
   </div>
   <div class='ocr_carea' id='block_1_90' title="bbox 1886 4569 3578 4647">
    <p class='ocr_par' dir='ltr' id='par_1_90' title="bbox 1886 4569 3578 4647">
     <span class='ocr_line' id='line_1_91' title="bbox 1886 4569 3578 4647; baseline -0.002 -18"><span class='ocrx_word' id='word_1_801' title='bbox 1886 4574 1893 4622; x_wconf 74' lang='lat' dir='ltr'><strong>i</strong></span> <span class='ocrx_word' id='word_1_802' title='bbox 1934 4586 1981 4647; x_wconf 78' lang='grc' dir='ltr'>υ</span> <span class='ocrx_word' id='word_1_803' title='bbox 2081 4596 2099 4628; x_wconf 76' lang='grc' dir='ltr'><strong>ι</strong></span> <span class='ocrx_word' id='word_1_804' title='bbox 2141 4576 2264 4632; x_wconf 88' lang='lat' dir='ltr'><strong>Sive</strong></span> <span class='ocrx_word' id='word_1_805' title='bbox 2311 4575 2473 4645; x_wconf 78' lang='lat' dir='ltr'><strong>igitur</strong></span> <span class='ocrx_word' id='word_1_806' title='bbox 2525 4576 2806 4641; x_wconf 82' lang='lat' dir='ltr'><strong>vivamus,</strong></span> <span class='ocrx_word' id='word_1_807' title='bbox 2846 4572 2957 4626; x_wconf 88' lang='lat' dir='ltr'><strong>sive</strong></span> <span class='ocrx_word' id='word_1_808' title='bbox 3011 4572 3323 4636; x_wconf 83' lang='lat' dir='ltr'><strong>moriamur,</strong></span> <span class='ocrx_word' id='word_1_809' title='bbox 3369 4569 3578 4626; x_wconf 63' lang='lat' dir='ltr'><strong>Domini</strong></span> 
     </span>
    </p>
   </div>
   <div class='ocr_carea' id='block_1_91' title="bbox 327 4662 2019 4738">
    <p class='ocr_par' dir='ltr' id='par_1_91' title="bbox 327 4667 2019 4738">
     <span class='ocr_line' id='line_1_92' title="bbox 327 4667 2019 4738; baseline 0.001 -17"><span class='ocrx_word' id='word_1_810' title='bbox 327 4668 533 4738; x_wconf 84' lang='grc' dir='ltr'>Κυρίου</span> <span class='ocrx_word' id='word_1_811' title='bbox 557 4668 744 4735; x_wconf 81' lang='grc' dir='ltr'>ἐσμέν.</span> <span class='ocrx_word' id='word_1_812' title='bbox 783 4686 802 4719; x_wconf 71' lang='grc' dir='ltr'><strong>ι</strong></span> <span class='ocrx_word' id='word_1_813' title='bbox 841 4668 970 4719; x_wconf 80' lang='grc' dir='ltr'><strong>Ἀπὸ</strong></span> <span class='ocrx_word' id='word_1_814' title='bbox 1003 4667 1096 4719; x_wconf 81' lang='grc' dir='ltr'>τοῦ</span> <span class='ocrx_word' id='word_1_815' title='bbox 1150 4668 1289 4720; x_wconf 87' lang='grc' dir='ltr'><strong>κατά</strong></span> <span class='ocrx_word' id='word_1_816' title='bbox 1323 4667 1504 4721; x_wconf 88' lang='grc' dir='ltr'>πίστιν</span> <span class='ocrx_word' id='word_1_817' title='bbox 1535 4667 1766 4722; x_wconf 83' lang='grc' dir='ltr'>θανάτου</span> <span class='ocrx_word' id='word_1_818' title='bbox 1807 4669 1899 4720; x_wconf 76' lang='grc' dir='ltr'>ἐπὶ</span> <span class='ocrx_word' id='word_1_819' title='bbox 2001 4685 2019 4722; x_wconf 82' lang='grc' dir='ltr'><strong>ε</strong></span> 
     </span>
    </p>
   </div>
   <div class='ocr_carea' id='block_1_92' title="bbox 1886 4662 3578 4738">
    <p class='ocr_par' dir='ltr' id='par_1_92' title="bbox 1886 4662 3578 4722">
     <span class='ocr_line' id='line_1_93' title="bbox 1886 4662 3578 4722; baseline -0.002 -2"><span class='ocrx_word' id='word_1_820' title='bbox 1886 4675 1899 4720; x_wconf 84' lang='lat' dir='ltr'><strong>t</strong></span> <span class='ocrx_word' id='word_1_821' title='bbox 2001 4683 2208 4722; x_wconf 87' lang='lat' dir='ltr'><strong>sumus.</strong></span> <span class='ocrx_word' id='word_1_822' title='bbox 2243 4685 2263 4717; x_wconf 71' lang='grc' dir='ltr'><strong>ι</strong></span> <span class='ocrx_word' id='word_1_823' title='bbox 2296 4664 2341 4718; x_wconf 85' lang='lat' dir='ltr'><strong>A</strong></span> <span class='ocrx_word' id='word_1_824' title='bbox 2395 4673 2566 4719; x_wconf 90' lang='lat' dir='ltr'><strong>morte</strong></span> <span class='ocrx_word' id='word_1_825' title='bbox 2609 4664 2899 4718; x_wconf 88' lang='lat' dir='ltr'><strong>secundum</strong></span> <span class='ocrx_word' id='word_1_826' title='bbox 2953 4662 3111 4715; x_wconf 75' lang='lat' dir='ltr'><strong>fidem</strong></span> <span class='ocrx_word' id='word_1_827' title='bbox 3171 4662 3236 4715; x_wconf 90' lang='lat' dir='ltr'><strong>ad</strong></span> <span class='ocrx_word' id='word_1_828' title='bbox 3279 4662 3578 4716; x_wconf 87' lang='lat' dir='ltr'><strong>naturalem</strong></span> 
     </span>
    </p>
   </div>
   <div class='ocr_carea' id='block_1_93' title="bbox 324 4752 2016 4828">
    <p class='ocr_par' dir='ltr' id='par_1_93' title="bbox 324 4758 2016 4828">
     <span class='ocr_line' id='line_1_94' title="bbox 324 4758 2016 4828; baseline -0.003 -16"><span class='ocrx_word' id='word_1_829' title='bbox 324 4759 416 4812; x_wconf 72' lang='grc' dir='ltr'><strong>τὸν</strong></span> <span class='ocrx_word' id='word_1_830' title='bbox 437 4759 664 4826; x_wconf 70' lang='grc' dir='ltr'>φυσικὸν</span> <span class='ocrx_word' id='word_1_831' title='bbox 688 4758 1002 4828; x_wconf 77' lang='grc' dir='ltr'>μεταϐαίνει</span> <span class='ocrx_word' id='word_1_832' title='bbox 1023 4776 1035 4789; x_wconf 77' lang='grc' dir='ltr'><strong>ο</strong></span> <span class='ocrx_word' id='word_1_833' title='bbox 1057 4759 1182 4828; x_wconf 76' lang='grc' dir='ltr'>περὶ</span> <span class='ocrx_word' id='word_1_834' title='bbox 1204 4760 1392 4811; x_wconf 82' lang='grc' dir='ltr'>τούτου</span> <span class='ocrx_word' id='word_1_835' title='bbox 1417 4761 1521 4828; x_wconf 75' lang='grc' dir='ltr'>γὰρ</span> <span class='ocrx_word' id='word_1_836' title='bbox 1543 4759 1635 4811; x_wconf 84' lang='grc' dir='ltr'>νῦν</span> <span class='ocrx_word' id='word_1_837' title='bbox 1656 4760 1898 4826; x_wconf 62' lang='grc' dir='ltr'>διαλέγει</span> <span class='ocrx_word' id='word_1_838' title='bbox 2001 4770 2016 4814; x_wconf 87' lang='grc' dir='ltr'><strong>ι</strong></span> 
     </span>
    </p>
   </div>
   <div class='ocr_carea' id='block_1_94' title="bbox 1881 4752 3573 4828">
    <p class='ocr_par' dir='ltr' id='par_1_94' title="bbox 1881 4752 3573 4823">
     <span class='ocr_line' id='line_1_95' title="bbox 1881 4752 3573 4823; baseline -0.004 -9"><span class='ocrx_word' id='word_1_839' title='bbox 1881 4790 1898 4802; x_wconf 91' lang='grc'><strong>-</strong></span> <span class='ocrx_word' id='word_1_840' title='bbox 2001 4765 2192 4814; x_wconf 84' lang='lat' dir='ltr'><strong>transit</strong></span> <span class='ocrx_word' id='word_1_841' title='bbox 2233 4759 2342 4812; x_wconf 87' lang='lat' dir='ltr'><strong>:de</strong></span> <span class='ocrx_word' id='word_1_842' title='bbox 2387 4758 2485 4810; x_wconf 90' lang='lat' dir='ltr'><strong>hac</strong></span> <span class='ocrx_word' id='word_1_843' title='bbox 2525 4757 2668 4810; x_wconf 89' lang='lat' dir='ltr'><strong>enim</strong></span> <span class='ocrx_word' id='word_1_844' title='bbox 2723 4768 2863 4808; x_wconf 90' lang='lat' dir='ltr'><strong>nunc</strong></span> <span class='ocrx_word' id='word_1_845' title='bbox 2914 4753 3148 4808; x_wconf 90' lang='lat' dir='ltr'><strong>disserit.</strong></span> <span class='ocrx_word' id='word_1_846' title='bbox 3198 4752 3343 4820; x_wconf 88' lang='lat' dir='ltr'><strong>Sive,</strong></span> <span class='ocrx_word' id='word_1_847' title='bbox 3385 4753 3573 4823; x_wconf 87' lang='lat' dir='ltr'><strong>inquit,</strong></span> 
     </span>
    </p>
   </div>
   <div class='ocr_carea' id='block_1_95' title="bbox 323 4845 2015 4923">
    <p class='ocr_par' dir='ltr' id='par_1_95' title="bbox 323 4851 2015 4923">
     <span class='ocr_line' id='line_1_96' title="bbox 323 4851 2015 4923; baseline 0.001 -20"><span class='ocrx_word' id='word_1_848' title='bbox 323 4869 435 4904; x_wconf 85' lang='grc' dir='ltr'>ται.</span> <span class='ocrx_word' id='word_1_849' title='bbox 489 4851 612 4904; x_wconf 82' lang='grc' dir='ltr'>Ὀτι</span> <span class='ocrx_word' id='word_1_850' title='bbox 669 4853 773 4904; x_wconf 72' lang='grc' dir='ltr'>κᾶν</span> <span class='ocrx_word' id='word_1_851' title='bbox 822 4869 879 4904; x_wconf 87' lang='grc' dir='ltr'><strong>τε</strong></span> <span class='ocrx_word' id='word_1_852' title='bbox 921 4852 1018 4921; x_wconf 80' lang='grc' dir='ltr'><strong>τὴν</strong></span> <span class='ocrx_word' id='word_1_853' title='bbox 1068 4854 1303 4922; x_wconf 80' lang='grc' dir='ltr'>φυσικὴν</span> <span class='ocrx_word' id='word_1_854' title='bbox 1356 4851 1501 4923; x_wconf 86' lang='grc' dir='ltr'>ζωὴν</span> <span class='ocrx_word' id='word_1_855' title='bbox 1544 4851 1757 4921; x_wconf 74' lang='grc' dir='ltr'>ζῶμεν,</span> <span class='ocrx_word' id='word_1_856' title='bbox 1805 4852 1898 4906; x_wconf 74' lang='grc' dir='ltr'>τοῦ</span> <span class='ocrx_word' id='word_1_857' title='bbox 2005 4869 2015 4905; x_wconf 90' lang='lat' dir='ltr'><strong>t</strong></span> 
     </span>
    </p>
   </div>
   <div class='ocr_carea' id='block_1_96' title="bbox 1887 4845 3579 4923">
    <p class='ocr_par' dir='ltr' id='par_1_96' title="bbox 1887 4845 3579 4907">
     <span class='ocr_line' id='line_1_97' title="bbox 1887 4845 3579 4907; baseline -0.003 -2"><span class='ocrx_word' id='word_1_858' title='bbox 1887 4853 1898 4904; x_wconf 85' lang='lat' dir='ltr'><strong>i</strong></span> <span class='ocrx_word' id='word_1_859' title='bbox 2005 4851 2303 4905; x_wconf 68' lang='lat' dir='ltr'><strong>naturalem</strong></span> <span class='ocrx_word' id='word_1_860' title='bbox 2335 4849 2575 4901; x_wconf 81' lang='lat' dir='ltr'><strong>vivamus</strong></span> <span class='ocrx_word' id='word_1_861' title='bbox 2599 4847 2786 4907; x_wconf 89' lang='lat' dir='ltr'><strong>vitam,</strong></span> <span class='ocrx_word' id='word_1_862' title='bbox 2813 4845 3026 4900; x_wconf 85' lang='lat' dir='ltr'><strong>Domtni</strong></span> <span class='ocrx_word' id='word_1_863' title='bbox 3082 4860 3266 4901; x_wconf 86' lang='lat' dir='ltr'><strong>sumus</strong></span> <span class='ocrx_word' id='word_1_864' title='bbox 3296 4863 3309 4899; x_wconf 89' lang='lat'><strong>:</strong></span> <span class='ocrx_word' id='word_1_865' title='bbox 3337 4846 3452 4901; x_wconf 86' lang='lat' dir='ltr'><strong>sive</strong></span> <span class='ocrx_word' id='word_1_866' title='bbox 3481 4861 3579 4901; x_wconf 84' lang='lat' dir='ltr'><strong>na-</strong></span> 
     </span>
    </p>
   </div>
   <div class='ocr_carea' id='block_1_97' title="bbox 327 4939 2019 5011">
    <p class='ocr_par' dir='ltr' id='par_1_97' title="bbox 327 4941 2019 5011">
     <span class='ocr_line' id='line_1_98' title="bbox 327 4941 2019 5011; baseline 0.002 -17"><span class='ocrx_word' id='word_1_867' title='bbox 327 4942 532 5011; x_wconf 76' lang='grc' dir='ltr'>Κυρίου</span> <span class='ocrx_word' id='word_1_868' title='bbox 564 4943 729 5010; x_wconf 80' lang='grc' dir='ltr'>ἐσμέν</span> <span class='ocrx_word' id='word_1_869' title='bbox 750 4958 763 4972; x_wconf 74' lang='grc' dir='ltr'><strong>ο</strong></span> <span class='ocrx_word' id='word_1_870' title='bbox 798 4943 901 4994; x_wconf 85' lang='grc' dir='ltr'>κᾶν</span> <span class='ocrx_word' id='word_1_871' title='bbox 928 4959 987 4994; x_wconf 88' lang='grc' dir='ltr'><strong>τε</strong></span> <span class='ocrx_word' id='word_1_872' title='bbox 1013 4943 1102 4993; x_wconf 78' lang='grc' dir='ltr'><strong>τὸν</strong></span> <span class='ocrx_word' id='word_1_873' title='bbox 1141 4941 1369 5009; x_wconf 76' lang='grc' dir='ltr'>φυσικὸν</span> <span class='ocrx_word' id='word_1_874' title='bbox 1403 4942 1633 4996; x_wconf 83' lang='grc' dir='ltr'>θάνατον</span> <span class='ocrx_word' id='word_1_875' title='bbox 1667 4943 1899 5010; x_wconf 78' lang='grc' dir='ltr'>ἀποθνήο</span> <span class='ocrx_word' id='word_1_876' title='bbox 2008 4955 2019 4998; x_wconf 92' lang='lat' dir='ltr'><strong>t</strong></span> 
     </span>
    </p>
   </div>
   <div class='ocr_carea' id='block_1_98' title="bbox 1667 4939 3359 5011">
    <p class='ocr_par' dir='ltr' id='par_1_98' title="bbox 1667 4939 3359 5010">
     <span class='ocr_line' id='line_1_99' title="bbox 1667 4939 3359 5010; baseline -0.004 -14"><span class='ocrx_word' id='word_1_877' title='bbox 1667 4943 1899 5010; x_wconf 76' lang='grc' dir='ltr'>ἀποθνήο</span> <span class='ocrx_word' id='word_1_878' title='bbox 2008 4945 2160 4998; x_wconf 85' lang='lat' dir='ltr'><strong>turali</strong></span> <span class='ocrx_word' id='word_1_879' title='bbox 2198 4953 2369 4996; x_wconf 88' lang='lat' dir='ltr'><strong>morte</strong></span> <span class='ocrx_word' id='word_1_880' title='bbox 2399 4942 2717 5000; x_wconf 84' lang='lat' dir='ltr'><strong>moriantur,</strong></span> <span class='ocrx_word' id='word_1_881' title='bbox 2750 4939 2815 4991; x_wconf 91' lang='lat' dir='ltr'><strong>ad</strong></span> <span class='ocrx_word' id='word_1_882' title='bbox 2845 4953 2965 4992; x_wconf 90' lang='lat' dir='ltr'><strong>eum</strong></span> <span class='ocrx_word' id='word_1_883' title='bbox 3001 4939 3359 5006; x_wconf 88' lang='lat' dir='ltr'><strong>pertinemus.</strong></span> 
     </span>
    </p>
   </div>
   <div class='ocr_carea' id='block_1_99' title="bbox 329 5034 1238 5103">
    <p class='ocr_par' dir='ltr' id='par_1_99' title="bbox 329 5034 1238 5103">
     <span class='ocr_line' id='line_1_100' title="bbox 329 5034 1238 5103; baseline 0.001 -18"><span class='ocrx_word' id='word_1_884' title='bbox 329 5051 573 5103; x_wconf 84' lang='grc' dir='ltr'>σκωμεν,</span> <span class='ocrx_word' id='word_1_885' title='bbox 605 5034 779 5103; x_wconf 87' lang='grc' dir='ltr'>τούτῳ</span> <span class='ocrx_word' id='word_1_886' title='bbox 814 5035 859 5064; x_wconf 66' lang='grc'>⁸⁵</span> <span class='ocrx_word' id='word_1_887' title='bbox 889 5035 1238 5103; x_wconf 79' lang='grc' dir='ltr'>διαφέρομεν.</span> 
     </span>
    </p>
   </div>
   <div class='ocr_carea' id='block_1_100' title="bbox 403 5122 2095 5196">
    <p class='ocr_par' dir='ltr' id='par_1_100' title="bbox 403 5126 2095 5196">
     <span class='ocr_line' id='line_1_101' title="bbox 403 5126 2095 5196; baseline 0.002 -19"><span class='ocrx_word' id='word_1_888' title='bbox 403 5144 421 5177; x_wconf 81' lang='grc' dir='ltr'><strong>ι</strong></span> <span class='ocrx_word' id='word_1_889' title='bbox 465 5127 557 5188; x_wconf 79' lang='grc' dir='ltr'><strong>Εἰς</strong></span> <span class='ocrx_word' id='word_1_890' title='bbox 609 5126 767 5179; x_wconf 74' lang='grc' dir='ltr'>τοῦτο</span> <span class='ocrx_word' id='word_1_891' title='bbox 826 5127 934 5194; x_wconf 79' lang='grc' dir='ltr'>γὰρ</span> <span class='ocrx_word' id='word_1_892' title='bbox 994 5127 1088 5179; x_wconf 70' lang='grc' dir='ltr'><strong>καὶ</strong></span> <span class='ocrx_word' id='word_1_893' title='bbox 1135 5128 1162 5178; x_wconf 89' lang='lat'><strong>6</strong></span> <span class='ocrx_word' id='word_1_894' title='bbox 1195 5127 1428 5196; x_wconf 82' lang='grc' dir='ltr'>Χριστὸς</span> <span class='ocrx_word' id='word_1_895' title='bbox 1487 5126 1746 5193; x_wconf 86' lang='grc' dir='ltr'>ἀπέθανε,</span> <span class='ocrx_word' id='word_1_896' title='bbox 1813 5129 1904 5180; x_wconf 77' lang='grc' dir='ltr'>καὶ</span> <span class='ocrx_word' id='word_1_897' title='bbox 2089 5128 2095 5146; x_wconf 82' lang='lat'><strong>‘</strong></span> 
     </span>
    </p>
   </div>
   <div class='ocr_carea' id='block_1_101' title="bbox 1885 5122 3577 5196">
    <p class='ocr_par' dir='ltr' id='par_1_101' title="bbox 1885 5122 3577 5186">
     <span class='ocr_line' id='line_1_102' title="bbox 1885 5122 3577 5186; baseline -0.001 -7"><span class='ocrx_word' id='word_1_898' title='bbox 1885 5129 1904 5179; x_wconf 73' lang='grc' dir='ltr'>ἱ</span> <span class='ocrx_word' id='word_1_899' title='bbox 2089 5127 2247 5180; x_wconf 72' lang='lat' dir='ltr'><strong>Vens.</strong></span> <span class='ocrx_word' id='word_1_900' title='bbox 2277 5125 2328 5178; x_wconf 90' lang='lat'><strong>9.</strong></span> <span class='ocrx_word' id='word_1_901' title='bbox 2373 5141 2391 5173; x_wconf 75' lang='grc' dir='ltr'><strong>ι</strong></span> <span class='ocrx_word' id='word_1_902' title='bbox 2436 5123 2490 5174; x_wconf 93' lang='lat' dir='ltr'><strong>In</strong></span> <span class='ocrx_word' id='word_1_903' title='bbox 2530 5123 2630 5174; x_wconf 80' lang='lat' dir='ltr'><strong>hoc</strong></span> <span class='ocrx_word' id='word_1_904' title='bbox 2679 5125 2823 5173; x_wconf 87' lang='lat' dir='ltr'><strong>enim</strong></span> <span class='ocrx_word' id='word_1_905' title='bbox 2882 5122 3133 5176; x_wconf 80' lang='lat' dir='ltr'><strong>Christus</strong></span> <span class='ocrx_word' id='word_1_906' title='bbox 3186 5130 3430 5175; x_wconf 92' lang='lat' dir='ltr'><strong>mortuus</strong></span> <span class='ocrx_word' id='word_1_907' title='bbox 3471 5133 3577 5186; x_wconf 88' lang='lat' dir='ltr'><strong>est,</strong></span> 
     </span>
    </p>
   </div>
   <div class='ocr_carea' id='block_1_102' title="bbox 325 5214 2017 5286">
    <p class='ocr_par' dir='ltr' id='par_1_102' title="bbox 325 5216 2017 5286">
     <span class='ocr_line' id='line_1_103' title="bbox 325 5216 2017 5286; baseline -0.002 -16"><span class='ocrx_word' id='word_1_908' title='bbox 325 5218 549 5286; x_wconf 81' lang='grc' dir='ltr'>ἀνέστη,</span> <span class='ocrx_word' id='word_1_909' title='bbox 581 5217 678 5271; x_wconf 82' lang='grc' dir='ltr'>καὶ</span> <span class='ocrx_word' id='word_1_910' title='bbox 707 5217 922 5286; x_wconf 76' lang='grc' dir='ltr'>ἔζησεν,</span> <span class='ocrx_word' id='word_1_911' title='bbox 953 5218 1041 5271; x_wconf 81' lang='grc' dir='ltr'><strong>ἵνα</strong></span> <span class='ocrx_word' id='word_1_912' title='bbox 1074 5217 1169 5270; x_wconf 74' lang='grc' dir='ltr'><strong>καὶ</strong></span> <span class='ocrx_word' id='word_1_913' title='bbox 1199 5216 1408 5286; x_wconf 84' lang='grc' dir='ltr'>νεκρῶν</span> <span class='ocrx_word' id='word_1_914' title='bbox 1437 5219 1530 5270; x_wconf 74' lang='grc' dir='ltr'>καὶ</span> <span class='ocrx_word' id='word_1_915' title='bbox 1563 5217 1780 5280; x_wconf 78' lang='grc' dir='ltr'>ζώντων</span> <span class='ocrx_word' id='word_1_916' title='bbox 1811 5235 1907 5269; x_wconf 87' lang='grc' dir='ltr'>κυ-</span> <span class='ocrx_word' id='word_1_917' title='bbox 2012 5241 2017 5266; x_wconf 76' lang='grc'>‹</span> 
     </span>
    </p>
   </div>
   <div class='ocr_carea' id='block_1_103' title="bbox 1890 5214 3582 5286">
    <p class='ocr_par' dir='ltr' id='par_1_103' title="bbox 1890 5214 3582 5281">
     <span class='ocr_line' id='line_1_104' title="bbox 1890 5214 3582 5281; baseline -0.004 -8"><span class='ocrx_word' id='word_1_918' title='bbox 1890 5248 1907 5257; x_wconf 93' lang='grc'><strong><em>-</em></strong></span> <span class='ocrx_word' id='word_1_919' title='bbox 2012 5228 2066 5273; x_wconf 90' lang='lat' dir='ltr'><strong>et</strong></span> <span class='ocrx_word' id='word_1_920' title='bbox 2095 5218 2406 5281; x_wconf 75' lang='lat' dir='ltr'><strong>resurrexit,</strong></span> <span class='ocrx_word' id='word_1_921' title='bbox 2431 5225 2485 5268; x_wconf 91' lang='lat' dir='ltr'><strong>et</strong></span> <span class='ocrx_word' id='word_1_922' title='bbox 2507 5214 2655 5277; x_wconf 90' lang='lat' dir='ltr'><strong>vivit,</strong></span> <span class='ocrx_word' id='word_1_923' title='bbox 2689 5222 2744 5264; x_wconf 91' lang='lat' dir='ltr'><strong>ut</strong></span> <span class='ocrx_word' id='word_1_924' title='bbox 2774 5222 2827 5266; x_wconf 90' lang='lat' dir='ltr'><strong>et</strong></span> <span class='ocrx_word' id='word_1_925' title='bbox 2857 5223 3189 5266; x_wconf 89' lang='lat' dir='ltr'><strong>mortuorum</strong></span> <span class='ocrx_word' id='word_1_926' title='bbox 3212 5223 3266 5266; x_wconf 85' lang='lat' dir='ltr'><strong>et</strong></span> <span class='ocrx_word' id='word_1_927' title='bbox 3294 5214 3582 5267; x_wconf 88' lang='lat' dir='ltr'><strong>viventium</strong></span> 
     </span>
    </p>
   </div>
   <div class='ocr_carea' id='block_1_104' title="bbox 331 5303 2023 5379">
    <p class='ocr_par' dir='ltr' id='par_1_104' title="bbox 331 5309 2023 5379">
     <span class='ocr_line' id='line_1_105' title="bbox 331 5309 2023 5379; baseline 0.002 -21"><span class='ocrx_word' id='word_1_928' title='bbox 331 5310 545 5378; x_wconf 76' lang='grc' dir='ltr'>ριεύσῃ.</span> <span class='ocrx_word' id='word_1_929' title='bbox 579 5329 598 5360; x_wconf 74' lang='grc' dir='ltr'><strong>ι</strong></span> <span class='ocrx_word' id='word_1_930' title='bbox 627 5311 734 5363; x_wconf 76' lang='grc' dir='ltr'><strong>Καὶ</strong></span> <span class='ocrx_word' id='word_1_931' title='bbox 753 5309 912 5361; x_wconf 85' lang='grc' dir='ltr'>τοῦτό</span> <span class='ocrx_word' id='word_1_932' title='bbox 935 5325 1014 5373; x_wconf 87' lang='grc' dir='ltr'><strong>σε,</strong></span> <span class='ocrx_word' id='word_1_933' title='bbox 1048 5311 1204 5378; x_wconf 63' lang='grc' dir='ltr'>φησι,</span> <span class='ocrx_word' id='word_1_934' title='bbox 1239 5309 1492 5372; x_wconf 84' lang='grc' dir='ltr'>πειθέτω,</span> <span class='ocrx_word' id='word_1_935' title='bbox 1522 5310 1605 5362; x_wconf 86' lang='grc' dir='ltr'><strong>ὅτι</strong></span> <span class='ocrx_word' id='word_1_936' title='bbox 1633 5309 1908 5379; x_wconf 76' lang='grc' dir='ltr'>φροντίζει</span> <span class='ocrx_word' id='word_1_937' title='bbox 2015 5329 2023 5362; x_wconf 87' lang='lat' dir='ltr'><strong>t</strong></span> 
     </span>
    </p>
   </div>
   <div class='ocr_carea' id='block_1_105' title="bbox 1891 5303 3583 5379">
    <p class='ocr_par' dir='ltr' id='par_1_105' title="bbox 1891 5303 3583 5374">
     <span class='ocr_line' id='line_1_106' title="bbox 1891 5303 3583 5374; baseline -0.001 -14"><span class='ocrx_word' id='word_1_938' title='bbox 1891 5328 1908 5360; x_wconf 85' lang='lat' dir='ltr'><strong>t</strong></span> <span class='ocrx_word' id='word_1_939' title='bbox 2015 5311 2340 5365; x_wconf 89' lang='lat' dir='ltr'><strong>dominetur.</strong></span> <span class='ocrx_word' id='word_1_940' title='bbox 2387 5327 2406 5357; x_wconf 74' lang='grc' dir='ltr'><strong>ι</strong></span> <span class='ocrx_word' id='word_1_941' title='bbox 2462 5307 2591 5369; x_wconf 83' lang='lat' dir='ltr'><strong>Hoc,</strong></span> <span class='ocrx_word' id='word_1_942' title='bbox 2660 5304 2854 5370; x_wconf 90' lang='lat' dir='ltr'><strong>inquit,</strong></span> <span class='ocrx_word' id='word_1_943' title='bbox 2911 5305 3228 5374; x_wconf 85' lang='lat' dir='ltr'><strong>persuadeat</strong></span> <span class='ocrx_word' id='word_1_944' title='bbox 3283 5303 3398 5371; x_wconf 87' lang='lat' dir='ltr'><strong>tibi,</strong></span> <span class='ocrx_word' id='word_1_945' title='bbox 3443 5307 3583 5374; x_wconf 88' lang='lat' dir='ltr'><strong>quod</strong></span> 
     </span>
    </p>
   </div>
   <div class='ocr_carea' id='block_1_106' title="bbox 325 5395 2017 5474">
    <p class='ocr_par' dir='ltr' id='par_1_106' title="bbox 325 5395 1907 5470">
     <span class='ocr_line' id='line_1_107' title="bbox 325 5395 1907 5470; baseline -0.001 -18"><span class='ocrx_word' id='word_1_946' title='bbox 325 5400 425 5467; x_wconf 73' lang='grc' dir='ltr'><strong>τῆς</strong></span> <span class='ocrx_word' id='word_1_947' title='bbox 456 5399 794 5470; x_wconf 85' lang='grc' dir='ltr'>διορθώσεως</span> <span class='ocrx_word' id='word_1_948' title='bbox 815 5399 922 5452; x_wconf 89' lang='grc' dir='ltr'><strong>τῶν</strong></span> <span class='ocrx_word' id='word_1_949' title='bbox 948 5399 1207 5454; x_wconf 84' lang='grc' dir='ltr'>ἀσθενῶν.</span> <span class='ocrx_word' id='word_1_950' title='bbox 1236 5400 1294 5453; x_wconf 89' lang='lat' dir='ltr'><strong>&#39;U</strong></span> <span class='ocrx_word' id='word_1_951' title='bbox 1318 5401 1426 5469; x_wconf 84' lang='grc' dir='ltr'><strong>γὰρ</strong></span> <span class='ocrx_word' id='word_1_952' title='bbox 1443 5399 1503 5453; x_wconf 84' lang='grc' dir='ltr'><strong>τὸ</strong></span> <span class='ocrx_word' id='word_1_953' title='bbox 1525 5395 1661 5470; x_wconf 78' lang='grc' dir='ltr'>αἷμα</span> <span class='ocrx_word' id='word_1_954' title='bbox 1692 5401 1907 5470; x_wconf 76' lang='grc' dir='ltr'>ἐκχέας,</span> 
     </span>
    </p>
   </div>
   <div class='ocr_carea' id='block_1_107' title="bbox 1893 5395 3585 5474">
    <p class='ocr_par' dir='ltr' id='par_1_107' title="bbox 1894 5399 3585 5474">
     <span class='ocr_line' id='line_1_108' title="bbox 1894 5399 3585 5474; baseline -0.001 -18"><span class='ocrx_word' id='word_1_955' title='bbox 1894 5439 1907 5463; x_wconf 89' lang='grc'><strong>,</strong></span> <span class='ocrx_word' id='word_1_956' title='bbox 2018 5419 2199 5456; x_wconf 83' lang='lat' dir='ltr'><strong>curam</strong></span> <span class='ocrx_word' id='word_1_957' title='bbox 2248 5411 2397 5474; x_wconf 80' lang='lat' dir='ltr'><strong>gerat</strong></span> <span class='ocrx_word' id='word_1_958' title='bbox 2437 5399 2743 5471; x_wconf 89' lang='lat' dir='ltr'><strong>(Dominus)</strong></span> <span class='ocrx_word' id='word_1_959' title='bbox 2793 5401 3152 5463; x_wconf 78' lang='lat' dir='ltr'><strong>inﬁrmorum,</strong></span> <span class='ocrx_word' id='word_1_960' title='bbox 3199 5409 3256 5452; x_wconf 91' lang='lat' dir='ltr'><strong>ut</strong></span> <span class='ocrx_word' id='word_1_961' title='bbox 3306 5401 3585 5470; x_wconf 78' lang='lat' dir='ltr'><strong>erigantur</strong></span> 
     </span>
    </p>
   </div>
   <div class='ocr_carea' id='block_1_108' title="bbox 325 5489 2017 5562">
    <p class='ocr_par' dir='ltr' id='par_1_108' title="bbox 325 5491 1910 5562">
     <span class='ocr_line' id='line_1_109' title="bbox 325 5491 1910 5562; baseline -0.002 -16"><span class='ocrx_word' id='word_1_962' title='bbox 325 5493 424 5546; x_wconf 71' lang='grc' dir='ltr'><strong>καὶ</strong></span> <span class='ocrx_word' id='word_1_963' title='bbox 457 5493 638 5544; x_wconf 81' lang='grc' dir='ltr'>θανεῖν</span> <span class='ocrx_word' id='word_1_964' title='bbox 690 5493 1080 5562; x_wconf 83' lang='grc' dir='ltr'>ἀνασχόμενος,</span> <span class='ocrx_word' id='word_1_965' title='bbox 1137 5491 1224 5544; x_wconf 86' lang='grc' dir='ltr'>ἵνα</span> <span class='ocrx_word' id='word_1_966' title='bbox 1259 5491 1416 5560; x_wconf 83' lang='grc' dir='ltr'>ήμῶν</span> <span class='ocrx_word' id='word_1_967' title='bbox 1467 5492 1758 5562; x_wconf 85' lang='grc' dir='ltr'>κυριεύσῃ,</span> <span class='ocrx_word' id='word_1_968' title='bbox 1794 5493 1910 5554; x_wconf 89' lang='grc' dir='ltr'><strong>πῶς</strong></span> 
     </span>
    </p>
   </div>
   <div class='ocr_carea' id='block_1_109' title="bbox 1895 5489 3587 5562">
    <p class='ocr_par' dir='ltr' id='par_1_109' title="bbox 1895 5489 3587 5558">
     <span class='ocr_line' id='line_1_110' title="bbox 1895 5489 3587 5558; baseline -0.002 -13"><span class='ocrx_word' id='word_1_969' title='bbox 1895 5510 1910 5554; x_wconf 84' lang='grc' dir='ltr'><strong>ς</strong></span> <span class='ocrx_word' id='word_1_970' title='bbox 2020 5492 2551 5558; x_wconf 77' lang='lat' dir='ltr'><strong>eonsolidenturque.</strong></span> <span class='ocrx_word' id='word_1_971' title='bbox 2593 5491 2693 5554; x_wconf 81' lang='lat' dir='ltr'><strong>Qui</strong></span> <span class='ocrx_word' id='word_1_972' title='bbox 2724 5489 2869 5541; x_wconf 89' lang='lat' dir='ltr'><strong>enim</strong></span> <span class='ocrx_word' id='word_1_973' title='bbox 2901 5491 3214 5558; x_wconf 85' lang='lat' dir='ltr'><strong>sanguinem</strong></span> <span class='ocrx_word' id='word_1_974' title='bbox 3264 5505 3422 5543; x_wconf 90' lang='lat' dir='ltr'><strong>suum</strong></span> <span class='ocrx_word' id='word_1_975' title='bbox 3466 5502 3587 5542; x_wconf 83' lang='lat' dir='ltr'><strong>tun-</strong></span> 
     </span>
    </p>
   </div>
   <div class='ocr_carea' id='block_1_110' title="bbox 325 5579 2017 5655">
    <p class='ocr_par' dir='ltr' id='par_1_110' title="bbox 325 5583 1910 5655">
     <span class='ocr_line' id='line_1_111' title="bbox 325 5583 1910 5655; baseline -0.001 -17"><span class='ocrx_word' id='word_1_976' title='bbox 325 5588 428 5639; x_wconf 65' lang='grc' dir='ltr'>οὒκ</span> <span class='ocrx_word' id='word_1_977' title='bbox 467 5586 530 5638; x_wconf 75' lang='grc' dir='ltr'><strong>ἂν</strong></span> <span class='ocrx_word' id='word_1_978' title='bbox 567 5587 870 5655; x_wconf 69' lang='grc' dir='ltr'>φροντίσειε</span> <span class='ocrx_word' id='word_1_979' title='bbox 895 5585 1095 5638; x_wconf 76' lang='grc' dir='ltr'>δούλων</span> <span class='ocrx_word' id='word_1_980' title='bbox 1139 5584 1305 5637; x_wconf 80' lang='grc' dir='ltr'>αὑτοῦ</span> <span class='ocrx_word' id='word_1_981' title='bbox 1349 5585 1688 5654; x_wconf 77' lang='grc' dir='ltr'>γενομένωνς</span> <span class='ocrx_word' id='word_1_982' title='bbox 1719 5583 1910 5652; x_wconf 82' lang='grc' dir='ltr'>ὥσπερ</span> 
     </span>
    </p>
   </div>
   <div class='ocr_carea' id='block_1_111' title="bbox 1890 5579 3582 5655">
    <p class='ocr_par' dir='ltr' id='par_1_111' title="bbox 1890 5579 3582 5649">
     <span class='ocr_line' id='line_1_112' title="bbox 1890 5579 3582 5649; baseline -0.002 -12"><span class='ocrx_word' id='word_1_983' title='bbox 1890 5600 1910 5649; x_wconf 65' lang='grc' dir='ltr'><strong>ο</strong></span> <span class='ocrx_word' id='word_1_984' title='bbox 2017 5584 2165 5646; x_wconf 89' lang='lat' dir='ltr'><strong>dere,</strong></span> <span class='ocrx_word' id='word_1_985' title='bbox 2198 5599 2405 5635; x_wconf 88' lang='lat' dir='ltr'><strong>necnon</strong></span> <span class='ocrx_word' id='word_1_986' title='bbox 2434 5581 2565 5633; x_wconf 88' lang='lat' dir='ltr'><strong>mori</strong></span> <span class='ocrx_word' id='word_1_987' title='bbox 2596 5579 2873 5643; x_wconf 89' lang='lat' dir='ltr'><strong>sustinuit,</strong></span> <span class='ocrx_word' id='word_1_988' title='bbox 2924 5590 2980 5631; x_wconf 84' lang='grc' dir='ltr'><strong>ιιι</strong></span> <span class='ocrx_word' id='word_1_989' title='bbox 3013 5582 3168 5634; x_wconf 88' lang='lat' dir='ltr'><strong>nobis</strong></span> <span class='ocrx_word' id='word_1_990' title='bbox 3191 5581 3582 5642; x_wconf 72' lang='lat' dir='ltr'><strong>dominaretur,</strong></span> 
     </span>
    </p>
   </div>
   <div class='ocr_carea' id='block_1_112' title="bbox 326 5671 2018 5746">
    <p class='ocr_par' dir='ltr' id='par_1_112' title="bbox 326 5674 1907 5746">
     <span class='ocr_line' id='line_1_113' title="bbox 326 5674 1907 5746; baseline -0.003 -16"><span class='ocrx_word' id='word_1_991' title='bbox 326 5676 603 5746; x_wconf 78' lang='grc' dir='ltr'>εἰώθαμεν</span> <span class='ocrx_word' id='word_1_992' title='bbox 649 5676 858 5745; x_wconf 80' lang='grc' dir='ltr'>λέγειν’</span> <span class='ocrx_word' id='word_1_993' title='bbox 903 5675 962 5730; x_wconf 88' lang='grc' dir='ltr'>Ὀ</span> <span class='ocrx_word' id='word_1_994' title='bbox 1019 5676 1164 5729; x_wconf 83' lang='grc' dir='ltr'>δεῖνα</span> <span class='ocrx_word' id='word_1_995' title='bbox 1216 5675 1332 5738; x_wconf 89' lang='grc' dir='ltr'><strong>πῶς</strong></span> <span class='ocrx_word' id='word_1_996' title='bbox 1378 5676 1438 5727; x_wconf 77' lang='grc' dir='ltr'>οὐ</span> <span class='ocrx_word' id='word_1_997' title='bbox 1488 5674 1764 5744; x_wconf 78' lang='grc' dir='ltr'>φροντίσει</span> <span class='ocrx_word' id='word_1_998' title='bbox 1814 5674 1907 5726; x_wconf 75' lang='grc' dir='ltr'>τοῦ</span> 
     </span>
    </p>
   </div>
   <div class='ocr_carea' id='block_1_113' title="bbox 1897 5671 3589 5746">
    <p class='ocr_par' dir='ltr' id='par_1_113' title="bbox 1897 5671 3589 5743">
     <span class='ocr_line' id='line_1_114' title="bbox 1897 5671 3589 5743; baseline 0.001 -17"><span class='ocrx_word' id='word_1_999' title='bbox 1897 5675 1907 5726; x_wconf 86' lang='lat' dir='ltr'><strong>i</strong></span> <span class='ocrx_word' id='word_1_1000' title='bbox 2018 5676 2415 5743; x_wconf 85' lang='lat' dir='ltr'><strong>quomodojam</strong></span> <span class='ocrx_word' id='word_1_1001' title='bbox 2454 5687 2592 5726; x_wconf 90' lang='lat' dir='ltr'><strong>nunc</strong></span> <span class='ocrx_word' id='word_1_1002' title='bbox 2627 5671 2792 5723; x_wconf 82' lang='lat' dir='ltr'><strong>nostri</strong></span> <span class='ocrx_word' id='word_1_1003' title='bbox 2847 5686 2950 5724; x_wconf 89' lang='lat' dir='ltr'><strong>non</strong></span> <span class='ocrx_word' id='word_1_1004' title='bbox 2997 5682 3304 5738; x_wconf 79' lang='lat' dir='ltr'><strong>tangeretur</strong></span> <span class='ocrx_word' id='word_1_1005' title='bbox 3329 5674 3589 5730; x_wconf 86' lang='lat' dir='ltr'><strong>sollicitu-</strong></span> 
     </span>
    </p>
   </div>
   <div class='ocr_carea' id='block_1_114' title="bbox 1636 5767 2201 5828">
    <p class='ocr_par' dir='ltr' id='par_1_114' title="bbox 1636 5767 2201 5828">
     <span class='ocr_line' id='line_1_115' title="bbox 1636 5767 2201 5828; baseline 0.002 -2"><span class='ocrx_word' id='word_1_1006' title='bbox 1636 5767 1834 5828; x_wconf 58' lang='grc' dir='ltr'>νει-ἰαὶ</span> <span class='ocrx_word' id='word_1_1007' title='bbox 1868 5767 2201 5828; x_wconf 65' lang='lat' dir='ltr'><strong>lectiones.</strong></span> 
     </span>
    </p>
   </div>
   <div class='ocr_carea' id='block_1_115' title="bbox 409 5869 2306 5944">
    <p class='ocr_par' dir='ltr' id='par_1_115' title="bbox 409 5869 2306 5944">
     <span class='ocr_line' id='line_1_116' title="bbox 409 5869 2306 5944; baseline -0.002 -17"><span class='ocrx_word' id='word_1_1008' title='bbox 409 5876 452 5904; x_wconf 78' lang='lat'><strong>&quot;</strong></span> <span class='ocrx_word' id='word_1_1009' title='bbox 504 5869 810 5944; x_wconf 70' lang='grc' dir='ltr'>τηνικαῦτα</span> <span class='ocrx_word' id='word_1_1010' title='bbox 839 5886 892 5927; x_wconf 89' lang='lat'><strong>0.</strong></span> <span class='ocrx_word' id='word_1_1011' title='bbox 971 5873 1012 5904; x_wconf 76' lang='lat'>&quot;</span> <span class='ocrx_word' id='word_1_1012' title='bbox 1052 5872 1371 5941; x_wconf 72' lang='grc' dir='ltr'>Χριστδνο.</span> <span class='ocrx_word' id='word_1_1013' title='bbox 1449 5873 1494 5905; x_wconf 79' lang='grc'><strong>⁵⁸</strong></span> <span class='ocrx_word' id='word_1_1014' title='bbox 1532 5869 1799 5932; x_wconf 66' lang='grc' dir='ltr'>ε’ύςθενῶς</span> <span class='ocrx_word' id='word_1_1015' title='bbox 1825 5885 1876 5924; x_wconf 90' lang='lat'><strong>0.</strong></span> <span class='ocrx_word' id='word_1_1016' title='bbox 1956 5869 1998 5900; x_wconf 66' lang='grc'><strong>³⁸⁸</strong></span> <span class='ocrx_word' id='word_1_1017' title='bbox 2056 5871 2201 5936; x_wconf 73' lang='grc' dir='ltr'>αἰῖῷ</span> <span class='ocrx_word' id='word_1_1018' title='bbox 2257 5890 2306 5924; x_wconf 88' lang='lat' dir='ltr'><strong>u.</strong></span> 
     </span>
    </p>
   </div>
  </div>
