4286 6444
729 396 837 464 535

1587 401 2163 465 THEOPIIYLACTI
2209 394 2615 465 BULGARl/E
2656 408 3020 471 ARCilIEP.

3881 405 3993 472 536

730 521 814 567 set
832 521 1079 579 oportere
1102 523 1201 563 nos
1234 507 1522 576 sustinere,
1553 510 1643 580 qui
1680 510 1781 566 hoc
1816 511 1927 564 ﬁeri
1955 510 2147 579 possit.
2178 512 2309 563 edo-
2338 520 2380 571 Α
2416 517 2422 582 ί

2303 536 2309 546 ›
2338 520 2380 571 Α
2416 513 2729 582 βαστάζειν,
2758 517 3140 579 διδάσκειπῶς
3176 517 3243 572 ἆν
3276 516 3502 589 γένηται
3543 516 3703 572 τοῦτο
3737 517 3861 571 ·ὅτι
3896 519 3995 573 ἐὰν

732 614 857 656 cet:
900 602 1177 663 nimirum,
1213 599 1258 655 si
1294 615 1397 654 non
1446 615 1507 655 ea
1540 610 1744 656 tantum
1794 617 1913 670 qua:
1959 610 2140 656 nostra
2190 613 2316 657 sunt

732 707 1056 764 qna-ramus.

806 783 969 840 Vens.
1028 783 1083 838 2.
1125 803 1142 836 ι
1193 782 1573 853 Unusquisque
1630 796 1867 838 vestrum
1908 788 2156 853 proximo
2203 789 2315 857 pla-

733 888 854 932 ceat
902 879 952 931 itt
1014 877 1236 939 bonum,
1266 876 1330 930 ad
1382 877 1813 932 tedilicationem.
1861 898 1881 931 ι
1914 877 1967 932 Id
2021 888 2125 946 est,
2169 880 2311 949 quod

735 973 979 1039 proximo
1035 969 1227 1037 placet,
1294 970 1420 1021 illud
1483 968 1664 1034 faciat,
1732 971 2097 1039 insertiatque
2140 971 2311 1035 fratri,

734 1065 824 1115 sed
860 1064 920 1115 ad
953 1063 1172 1115 bonum.
1208 1060 1284 1115 Ne
1314 1076 1444 1114 vero
1482 1061 1626 1114 dicat
1654 1062 1743 1127 qui
1779 1063 1878 1116 sibi
1907 1061 2183 1130 perfectus
2234 1063 2315 1117 νὶ-

736 1159 907 1217 tietur,
956 1154 1029 1208 Eu
1086 1166 1132 1209 et
1188 1172 1283 1225 ego
1319 1155 1381 1207 ad
1439 1157 1632 1209 bonum
1670 1156 1859 1219 traho;
1909 1156 2147 1223 adjecit:
2196 1176 2213 1207 ι
2249 1157 2314 1211 ad

735 1248 1163 1302 aediﬁcationem.
1193 1265 1210 1300 ›
1238 1248 1396 1318 106
1420 1247 1570 1303 Nune
1592 1250 1732 1301 enim
1759 1248 1900 1315 quod
1930 1250 2082 1314 facis,
2109 1250 2314 1303 etiamsi

740 1342 936 1392 honuni
970 1350 1072 1404 est,
1111 1352 1352 1394 attamen
1376 1352 1640 1408 quatenus
1674 1355 1778 1392 non
1807 1340 1863 1392 fit
1893 1350 2217 1411 opportune,
2251 1341 2315 1394 ad

738 1430 1146 1485 dissolutionem
1168 1433 1701 1502 destructionemque
1716 1442 1815 1487 est.
1840 1432 2149 1502 lmportuna
2171 1434 2315 1488 enim

743 1524 1044 1590 increpatio
1084 1524 1222 1578 haud
1255 1525 1507 1578 autilicat.

817 1614 983 1670 Vnus.
1020 1618 1071 1671 5.
1113 1636 1131 1668 ι
1171 1616 1379 1670 Etenim
1411 1615 1663 1672 Christus
1703 1634 1805 1672 non
1848 1618 1948 1672 sibi
1978 1618 2199 1685 placuit,
2224 1620 2319 1674 sed

741 1711 882 1762 sicut
924 1710 1178 1776 scriptum
1216 1719 1295 1763 est
1328 1716 1401 1762 γε
1451 1709 1777 1778 l'..1pr0peria
1832 1710 2317 1780 ituprOperantium

748 1802 843 1855 tbi
893 1801 1205 1855 ceciderunt
1252 1816 1416 1869 super
1448 1818 1551 1857 me.
1592 1821 1609 1854 ι
1644 1804 1919 1857 Christum
1974 1804 2025 1857 in
2081 1804 2316 1857 medium

2419 609 2494 680 μὴ
2524 610 2589 663 τὰ
2609 610 2819 663 εαυτῶν
2855 616 3016 681 μόνον
3044 610 3321 682 ζητῶμεν.

2494 814 2512 846 ι
2553 796 2827 859 Ἕκαστος
2884 797 3042 865 ὑμῶν
3081 795 3158 867 τῷ
3196 796 3427 866 πλησίον
3483 796 3767 867 ἀρεσκέτω
3805 797 3889 859 είς
3931 795 3994 849 τὸ

2415 888 2637 954 ἀγαθὸν,
2691 887 2827 958 πρὸς
2881 888 3193 960 οἰκοδομήν.
3239 908 3257 942 ι
3298 889 3613 953 Τουτέστιν,
3656 891 3721 943 Ὅ
3769 889 3996 961 ἀρέσκει

2415 978 2494 1047 τῷ
2551 980 2807 1048 πλησίον,
2865 981 3043 1032 ἐκεῖνο
3093 980 3356 1044 ποιείτω,
3420 981 3517 1034 καὶ
3569 980 3866 1050 δουλευέτω
3918 979 3999 1051 τῷ

2417 1072 2651 1142 ἀδελφῷ,
2684 1073 2799 1127 ἀλλ’
2828 1075 2906 1136 εἰς
2938 1073 2999 1126 τὸ
3041 1073 3267 1141 ἀγαθόν.
3305 1074 3426 1127 Ἵνα
3470 1074 3527 1128 δὲ
3565 1072 3640 1145 μὴ
3680 1074 3813 1145 λέγῃ
3861 1075 3891 1128 ὀ
3915 1075 3999 1128 τέ·

2416 1164 2560 1228 λειος
2595 1181 2607 1195 ·
2642 1167 2774 1220 Ἰδοὺ
2812 1169 2900 1218 καὶ
2930 1164 3041 1233 ἐγὼ
3096 1167 3177 1230 εἰς
3208 1166 3268 1219 τὸ
3322 1165 3530 1234 ἀγαθὸν
3600 1166 3745 1220 ἕλκω
3771 1184 3785 1199 ·
3828 1183 4003 1237 προσ-

2418 1255 2605 1326 έθηκε·
2646 1277 2663 1309 ι
2698 1259 2842 1329 Πρὸς
2868 1259 3176 1329 οἰκοδομήν.
3213 1277 3234 1310 ι
3261 1259 3376 1313 Νῦν
3405 1260 3501 1330 μὲν
3526 1258 3634 1331 γὰρ
3663 1260 3691 1313 ὃ
3716 1260 3907 1323 ποιεῖς,
3948 1259 4001 1313 εί

2421 1348 2516 1399 καὶ
2553 1347 2759 1416 ἀγαθόν
2792 1350 2965 1411 ἐστιν,
2997 1349 3147 1417 ὅμως
3169 1346 3306 1400 καθὸ
3331 1347 3429 1400 οὑκ
3457 1348 3731 1418 εὐκαίρως
3761 1347 3995 1416 γίνεται,

2421 1442 2500 1506 είς
2531 1442 2829 1497 κατάλυσίν
2857 1443 3027 1495 ἐστιν.
3062 1441 3128 1495 Ἦ
3158 1441 3266 1513 γάρ
3297 1440 3527 1512 ἄκαιρος
3553 1440 3847 1510 ἐπίπληξις
3895 1440 3999 1494 οὑκ

2422 1536 2711 1605 οἰκοδομεῖ.

2495 1647 2513 1679 ε
2552 1628 2663 1683 Καὶ
2692 1628 2801 1699 γάρ
2830 1628 2857 1681 6
2879 1626 3110 1699 Χριστὸς
3163 1628 3261 1699 οὑχ
3292 1627 3471 1699 ἐαυτῷ
3495 1628 3712 1699 ῆρεσεν,
3742 1624 3881 1679 ἀλλὰ
3898 1641 4001 1677 κα-

2423 1715 2530 1780 θὼς
2558 1716 2865 1789 γέγραπται
2905 1734 2920 1748 ο
2953 1720 3014 1772 Οἱ
3046 1720 3345 1790 ὀνειδισμοὶ
3399 1720 3509 1773 τῶν
3536 1717 3906 1782 ὀνειδιζόντων
3941 1733 4003 1772 σε

2423 1809 2692 1861 ἐπέπεσον
2723 1809 2810 1862 ἐπ’
2839 1809 2961 1877 ἐμέ.
2996 1830 3013 1861 ι
3049 1810 3152 1863 Τὸν
3176 1810 3410 1881 Χριστὸν
3433 1810 3512 1874 είς
3539 1810 3601 1863 τὸ
3642 1808 3804 1879 μέσον
3827 1808 4001 1875 ἄγων,

746 1893 1071 1960 producens,
1104 1894 1408 1960 exeinpium
1441 1909 1563 1948 eum
1619 1895 1774 1949 nobis
1810 1896 2021 1951 statuit.
2049 1895 2323 1950 Potuisset
2356 1884 2396 1939 Β
2427 1903 2438 1954 t‘

2310 1904 2323 1949 ι
2356 1884 2396 1939 Β
2427 1902 2731 1970 ὑπόδειγμα
2753 1903 2940 1957 τοῦτον
2988 1902 3205 1957 δίδωσιν
3247 1906 3402 1974 ἡμῖν.
3432 1904 3591 1974 Ἐξῆν
3612 1902 3722 1974 γὰρ
3744 1901 3893 1973 αὐτῷ
3926 1902 4002 1974 μὴ

744 1983 886 2036 enim
913 1983 1025 2053 ipse
1054 1984 1415 2038 eonvitiorum
1444 1996 1497 2041 et
1522 1990 1933 2057 opprobriorum
1954 2005 2145 2058 expers
2176 2006 2317 2056 esse,

746 2089 922 2143 neque
962 2077 1069 2143 pati
1105 2091 1224 2145 quae
1252 2077 1392 2141 tulit,
1428 2080 1471 2132 si
1524 2080 1783 2135 voluisset
1824 2082 2029 2151 sihiipsi
2080 2084 2317 2151 placere,

749 2169 851 2221 hoc
875 2177 976 2233 cst,
1008 2171 1149 2237 quod
1207 2185 1364 2225 suum
1420 2183 1558 2237 erat,
1594 2188 1837 2242 quaerere
1868 2189 1881 2228 :
1910 2190 2093 2229 verum
2152 2174 2321 2231 noluit

747 2260 870 2324 hoe,
909 2261 1004 2315 St‘d
1041 2263 1184 2315 enim
1232 2278 1447 2318 crucem
1480 2276 1533 2317 et
1597 2264 1938 2320 amicttouetu
1996 2266 2320 2336 suscipiens,

748 2353 941 2405 malam
968 2355 1106 2423 apud
1132 2355 1415 2425 plerosque
1443 2358 1901 2414 existimationem
1931 2361 2212 2426 sustinuit,
2241 2361 2323 2413 in-

749 2444 937 2499 lirmus
958 2462 1076 2501 esse
1102 2447 1395 2517 judicatus,
1431 2460 1483 2502 et
1515 2451 1677 2504 Veluti
1706 2451 1968 2520 impostor
2008 2463 2065 2507 et
2120 2452 2321 2506 maleﬁ-

749 2552 868 2588 cus.
909 2555 927 2586 ι
967 2537 1114 2592 Alios
1143 2557 1161 2589 ι
1201 2542 1368 2606 enim,
1426 2542 1697 2609 inquiunt,
1732 2560 1750 2593 ι
1790 2544 2048 2608 servavit,
2088 2545 2323 2612 seipsutn

750 2642 972 2681 servare
1001 2643 1103 2681 non
1137 2640 1313 2697 potest
1339 2640 1382 2682 τ.
1424 2650 1440 2683 ι
1475 2632 1801 2701 lmpropeiia
1828 2636 2007 2702 itaque
2059 2635 2324 2704 imprope-

755 2720 989 2777 rantium
1035 2721 1126 2775 tibi
1178 2720 1325 2776 Patri
1365 2724 1417 2777 in
1482 2725 1659 2780 Veteri
1709 2725 2082 2794 Testamento,
2115 2730 2325 2784 cecide-

755 2823 880 2865 runt
907 2829 1067 2882 super
1100 2829 1184 2870 me
1218 2814 1414 2870 Filium
1452 2826 1625 2885 tuum,
1656 2833 1829 2889 neque
1858 2821 2155 2890 quidquam
2202 2825 2326 2879 novi

753 2915 1000 2972 tonttgll.

830 2997 991 3051 \‘sns.
1025 2999 1079 3052 4.
1117 3017 1134 3050 ι
1195 3000 1543 3073 Quaecunque
1579 3013 1760 3088 autem
1814 3007 2128 3077 prmscripta
2177 3017 2326 3078 sunt,

756 3092 820 3141 ad
848 3102 1085 3145 nostram
1121 3091 1424 3148 doctrinam
1459 3096 1773 3165 praescripta
1804 3107 1954 3164 sunt,
1992 3109 2053 3155 ut
2091 3116 2184 3170 per
2234 3116 2330 3172 pa-

2428 1993 2819 2063 ὀνειδισθῆναι,
2857 1995 2993 2064 μηδὲ
3052 1997 3247 2048 παθεῖν
3285 1994 3322 2050 ἃ
3372 1993 3593 2059 ἔπαθεν,
3623 1995 3677 2047 εῐ
3705 2010 3767 2062 γε
3809 1992 4005 2064 ἢθελεν

2424 2085 2603 2157 ἐαυτῷ
2632 2087 2912 2156 ἀρέσκειν,
2949 2089 3220 2152 τουτέστι,
3255 2086 3317 2140 τὸ
3372 2085 3569 2140 ἑαυτοῦ
3611 2086 3796 2154 ζητεῖν
3837 2100 3851 2114 ·
3884 2082 4004 2136 ἀλλ’

2423 2180 2523 2233 οὑκ
2552 2179 2841 2249 ἠθέλησεν,
2868 2179 3004 2233 ἀλλά
3030 2180 3467 2249 καταδεξάμενδς
3509 2178 3723 2243 παθεῖν,
3755 2178 4007 2249 πονηρὰν

2425 2269 2575 2338 παρὰ
2596 2272 2705 2329 τοῖς
2735 2269 2948 2332 πολλοῖς
2982 2269 3107 2339 ἔσχε
3136 2269 3315 2334 δόξαν,
3356 2270 3590 2341 ἀσθενὴς
3644 2264 3785 2322 εἶναι
3841 2286 4009 2339 νομι-

2428 2360 2594 2426 σθεὶς,
2631 2363 2725 2414 καὶ
2764 2361 2839 2424 ὡς
2882 2362 3079 2425 πλάνος
3113 2364 3208 2416 καὶ
3257 2363 3587 2434 κακοῦργος.
3649 2380 3667 2413 ι
3709 2362 3936 2424 Ἀλλους
3977 2381 3999 2413 ι

2425 2454 2557 2523 γὰρ,
2586 2454 2768 2519 φασιν,
2806 2471 2824 2503 ι
2857 2453 3081 2515 ἔσωσεν,
3112 2455 3302 2508 ἑαυτὸν
3323 2454 3382 2507 οὑ
3404 2454 3629 2508 δύναται
3666 2455 3858 2508 σῶσαι.
3896 2472 3915 2505 ι
3940 2454 4008 2507 Ui

2425 2547 2719 2615 ὀνειδισμοὶ
2746 2564 2764 2598 ι
2800 2545 2891 2599 οὖν
2938 2565 2956 2596 ι
2981 2547 3089 2599 τῶν
3120 2547 3486 2611 ὀνειδιζόντων
3517 2548 3573 2599 σὲ
3602 2565 3621 2598 ι
3661 2547 3751 2599 τὸν
3782 2547 4008 2618 Πατέρα

2426 2641 2485 2692 ἐν
2516 2643 2581 2710 τῇ
2608 2640 2837 2712 Παλαιᾴ,
2879 2640 3177 2693 (ἐπέπεσον
3207 2642 3292 2694 ἐπ’
3318 2640 3447 2711 ἐμὲ»
3491 2640 3584 2693 τὸν
3610 2640 3737 2694 Υἱὸν
3774 2658 3889 2706 σου,
3912 2639 4011 2695 καὶ

2428 2732 2579 2787 οὐδὲν
2616 2734 2797 2786 καινὸν
2831 2733 3056 2803 συνέϐη.

2505 3026 2523 3057 ι
2566 3007 2705 3061 Ὀσα
2735 3004 2791 3059 δὲ
2822 3003 3170 3075 προεγράφη,
3200 3006 3279 3065 εἰς
3309 3004 3410 3075 τὴν
3443 3003 3722 3076 ἡμετέραν
3757 3005 4014 3059 διδασκαο

2430 3099 2548 3152 λίαν
2573 3095 2896 3169 προεγράφη
2929 3111 2944 3125 ⁶
2964 3095 3051 3148 ἵνα
3083 3094 3174 3149 διὰ
3195 3096 3291 3166 τῆς
3320 3097 3622 3166 ὑπομονῆς,
3657 3098 3753 3151 καὶ
3781 3098 3877 3167 τῆς
3897 3115 4013 3151 πα-

756 3184 1000 3238 tientiam
1050 3194 1101 3240 et
1144 3186 1567 3243 consolationem
1603 3187 2029 3260 Seripturarunt,
2056 3208 2202 3262 spem
2237 3196 2329 3248 ha-
2358 3233 2400 3291 Ο
2437 3211 2448 3263 ε

2318 3224 2329 3234 -
2358 3233 2400 3291 C
2437 3192 2754 3263 ραιιλήσεως
2769 3188 2877 3241 τῶν
2894 3188 3151 3259 Γραφῶν,
3166 3188 3266 3258 τὴν
3284 3188 3475 3241 ἐλπίδα
3491 3188 3724 3259 ἔχωμεν.
3753 3207 3769 3239 ι
3797 3187 4010 3250 Ταῦτα,

759 3277 1003 3333 beamus.
1052 3296 1070 3330 ι
1126 3276 1272 3345 Ηαιο,
1306 3280 1500 3350 inquit,
1534 3284 1847 3351 pra'scripta
1874 3295 2002 3339 sunt
2052 3297 2107 3340 ut
2152 3286 2333 3342 imite-

760 3386 899 3424 mur.
922 3370 1056 3427 llinc
1087 3383 1268 3427 autem
1289 3386 1342 3428 et
1373 3373 1439 3427 ad
1464 3376 1826 3430 tentatiouuut
1856 3377 2195 3433 tolerantiam
2241 3395 2335 3435 eos

758 3468 1097 3532 adhortatur,
1128 3467 1375 3538 inquiens
1413 3486 1426 3523 :
1471 3467 1541 3525 Ut
1564 3469 1864 3540 Scripturis
1890 3473 2110 3539 ﬁrmati,
2165 3478 2333 3529 susti-

761 3576 1003 3629 neamus,
1040 3573 1095 3618 et
1142 3565 1469 3620 sustinentes
1517 3568 1948 3622 demonstremus
2007 3568 2060 3621 in
2098 3568 2337 3639 nobisip—

761 3655 835 3705 sis
865 3669 1015 3723 spem
1052 3670 1265 3710 onmem
1319 3657 1585 3710 viventem
1620 3668 1673 3711 et
1718 3656 1988 3711 stabilem.
2027 3655 2131 3724 Qui
2191 3661 2333 3713 enim

762 3750 997 3800 sustinet
1024 3757 1075 3801 et
1112 3749 1322 3813 tolerat,
1359 3747 1660 3803 futurorum
1697 3748 1960 3804 honorum
2030 3765 2180 3820 spem
2243 3755 2337 3805 ha-

766 3839 894 3892 bere
944 3841 1185 3904 videtur,
1228 3842 1449 3911 perinde
1489 3857 1553 3897 ac
1586 3842 1883 3898 tolerantia:
1927 3859 2122 3914 expers
2151 3862 2178 3897 a
2240 3861 2336 3914 spe

762 3933 986 3986 excidit.

841 4025 1003 4080 Vsus.
1038 4027 1091 4080 5.
1132 4047 1149 4077 ι
1197 4028 1336 4081 Deus
1380 4038 1562 4081 autem
1620 4029 1894 4097 patientia:
1947 4040 1999 4082 et
2032 4030 2207 4084 solatii
2250 4030 2337 4085 det

765 4120 920 4189 Vobis
958 4121 1096 4174 idem
1122 4136 1311 4191 sapere
1344 4123 1485 4176 inter
1515 4137 1611 4176 vos
1650 4132 1837 4177 mutuo
1860 4123 2154 4177 secundum
2183 4122 2338 4178 Chri-

769 4223 909 4264 stum
965 4210 1173 4267 Jesum.
1216 4232 1235 4265 ι
1280 4214 1622 4270 Demonstrat
1683 4215 1822 4284 quod
1864 4228 1984 4269 cum
2044 4211 2338 4285 Scrrpturis

772 4306 909 4357 l'eus
942 4305 1100 4357 simul
1128 4306 1367 4373 impertit
1404 4306 1722 4376 patientiam
1776 4316 1830 4359 et
1883 4306 2333 4360 consolationem.

769 4395 903 4450 llinc
929 4396 1073 4449 illntn
1112 4407 1262 4450 vocat
1298 4416 1315 4448 ι
1350 4397 1513 4451 Deum
1573 4398 1849 4463 patientiae
1918 4405 1971 4450 et
2007 4396 2337 4450 consolatio-

770 4488 871 4549 nis,
916 4506 935 4538 ι
975 4498 1032 4540 ut
1069 4488 1159 4557 qui
1209 4490 1359 4541 dator
1415 4488 1485 4543 sit
1512 4488 1701 4542 harum
1763 4497 1817 4540 et
1862 4496 2069 4542 auctor.
2109 4484 2341 4556 Exoptat

2437 3286 2588 3355 φησὶ,
2631 3282 2976 3353 προεγράφη,
3026 3280 3113 3334 ἵνα
3145 3279 3463 3351 μιμώμεθα.
3516 3280 3780 3334 Ἐνταῦθα
3834 3281 3889 3334 δὲ
3916 3282 4018 3336 καὶ

2437 3378 2517 3439 εἰς
2566 3373 2842 3444 ὑπομονὴν
2884 3371 3212 3443 πειρασμῶν
3282 3374 3483 3436 αὑτοὺς
3527 3371 3855 3442 παρακαλεῖ,
3918 3373 4018 3426 καί

2439 3486 2604 3539 φησιν
2633 3484 2645 3496 °
2686 3467 2803 3519 Ἵνα
2832 3465 2936 3518 ὑπὸ
2976 3465 3086 3516 τῶν
3125 3464 3357 3535 Γραφῶν
3406 3464 3757 3534 νευροὺμενοι
3806 3464 4019 3533 ὑπομέ-

2443 3578 2642 3630 νωμεν,
2676 3560 2769 3612 καὶ
2790 3557 3154 3625 ὑπομένοντες
3184 3555 3519 3625 δεικνύωμεν
3568 3557 3623 3608 ἐν
3657 3556 3870 3618 ἑαυτοῖς
3901 3557 4017 3609 πᾶ-

2441 3653 2650 3724 σαντὴν
2680 3650 2869 3704 ἐλπίδα
2898 3650 3080 3713 ζῶσαν
3131 3648 3228 3702 καὶ
3275 3647 3518 3718 βεϐαίαν.
3563 3647 3621 3700 'U
3654 3647 3759 3717 γάρ
3804 3648 4020 3719 ὑπομέ-

2438 3766 2566 3807 νων,
2598 3747 2803 3807 ἐκεῖνος
2832 3743 2980 3796 δοκεῖ
3018 3740 3207 3795 ἐλπίδα
3240 3740 3388 3810 ἔχειν
3418 3739 3528 3793 τῶν
3548 3739 3850 3808 μελλόντων
3882 3741 4022 3808 ἀγα-

2440 3841 2549 3894 Οῶν
2572 3856 2585 3869 ·
2616 3837 2802 3907 ὥσπερ
2832 3836 2860 3888 ὀ
2890 3837 3319 3907 ἀνυπομόνητος,
3352 3833 3449 3903 τῆς
3482 3832 3696 3897 ἐλπίδος
3725 3833 4021 3886 ἐκπέπτω-

2438 3950 2553 3986 κεν.

2516 4044 2533 4077 ι
2586 4025 2644 4078 Ὀ
2672 4024 2725 4077 δὲ
2752 4024 2882 4086 Θεὸς
2914 4022 3010 4090 τῆς
3054 4014 3334 4089 ὑπομονῆς
3357 4020 3405 4051 ⁸⁵
3431 4017 3526 4070 καὶ
3573 4016 3674 4086 τῆς
3723 4016 4021 4086 παρακλήο

2442 4132 2598 4179 σεως,
2628 4113 2737 4184 δῴη
2765 4114 2895 4182 ὑμῖν
2927 4111 2988 4165 τὸ
3034 4110 3166 4164 αὑτὸ
3211 4111 3428 4180 φρονεῖν
3458 4109 3515 4161 ἐν
3562 4106 3814 4175 ἀλλήλοις
3873 4108 4023 4159 κατὰ

2439 4206 2671 4277 Χριστὸν
2697 4204 2925 4275 Ἰησοῦν.
2968 4222 2986 4254 ι
3019 4203 3322 4267 Δεξκνυσιν,
3343 4201 3423 4253 δτι
3461 4198 3598 4269 μετὰ
3640 4198 3750 4250 τῶν
3782 4196 4024 4268 Γραφῶν

2438 4306 2467 4355 ὀ
2496 4303 2626 4362 Θεὸς
2661 4300 2846 4353 δίδωσι
2892 4296 2990 4367 τὴν
3026 4296 3304 4365 ὑπομονὴν
3349 4293 3443 4347 καὶ
3501 4293 3600 4362 τὴν
3644 4290 4019 4360 παράκλησιν.

2441 4394 2531 4448 Διὸ
2564 4395 2658 4446 καὶ
2691 4392 2823 4444 Θεὸν
2849 4391 3011 4445 αὑτὸν
3051 4387 3328 4456 ὑπομονῆς
3356 4387 3450 4439 καὶ
3484 4384 3882 4454 παρακλήσεως
3902 4384 4023 4437 ὀνοο

2447 4483 2734 4553 μάζει,ὼς
2791 4482 2990 4549 δοτῆρα
3051 4475 3258 4529 τούτων
3319 4476 3413 4529 καὶ
3470 4472 4024 4541 αττιον.³Επεύχεται

769 4592 949 4634 autem
1003 4582 1071 4635 ab
1101 4582 1217 4651 ἱρςο
1282 4582 1418 4646 dari,
1471 4592 1528 4634 ttt
1580 4583 1718 4634 idem
1768 4581 1908 4634 inter
1968 4595 2025 4634 se
2078 4581 2337 4635 sentiant.
2369 4589 2461 4649 Dc

2331 4619 2337 4634 ,
2369 4589 2418 4649 D
2446 4571 2536 4627 οὖν
2573 4575 2700 4643 παρ’
2731 4570 2894 4624 αὑτοῦ
2947 4569 3168 4638 δοθῆναι
3202 4567 3263 4620 τὸ
3314 4567 3446 4620 αὑτὸ
3501 4566 3719 4633 φρονεῖν
3741 4566 3798 4616 ἐν
3851 4564 4023 4634 ἀλλή-

773 4672 883 4723 lloc
904 4672 1046 4723 enim
1079 4687 1347 4742 germana:
1365 4671 1642 4725 charitatis
1667 4681 1749 4725 est
1782 4671 2344 4742 syuiholttnt,perimle

770 4761 1074 4829 quempiam
1108 4763 1171 4814 de
1196 4763 1443 4830 proximo
1466 4776 1565 4815 suo
1597 4764 1816 4828 sentire,
1860 4777 1923 4815 ac
1942 4763 2005 4815 de
2027 4763 2341 4830 semetipso.

772 4854 905 4918 Quia
949 4868 1074 4908 vero
1105 4855 1346 4908 Charitas
1380 4856 1543 4907 etiam
1577 4864 1663 4908 est
1708 4854 1999 4908 secundum
2063 4856 2341 4919 mundum,

772 4947 1023 5013 apposuit
1068 4962 1085 4994 ι
1130 4946 1425 4999 secundum
1462 4945 1743 4999 Christum
1775 4944 1960 4999 Jesum
1995 4963 2010 4999 :
2050 4964 2069 4998 ι
2102 4946 2203 4999 huc
2232 4955 2338 5004 est.

773 5052 824 5092 nt
877 5040 964 5092 illa
993 5040 1239 5093 sentiatis
1279 5049 1335 5093 et
1359 5039 1626 5110 cogitetis,
1666 5053 1785 5107 qua:
1828 5038 2078 5106 placeant
2121 5039 2341 5092 Christo

769 5132 919 5185 ,ιε-δυ.

849 5224 1007 5279 Vsus.
1055 5223 1106 5279 6.
1139 5243 1156 5276 ‹
1199 5221 1271 5277 Ut
1319 5223 1646 5277 unanimiter
1702 5238 1807 5277 uno
1866 5237 1961 5278 ore
2029 5218 2342 5292 gloriticetis

774 5318 965 5381 Deum,
1012 5327 1067 5370 et
1115 5316 1327 5370 Patrem
1388 5314 1600 5369 Domini
1656 5315 1824 5369 nostri
1873 5314 1997 5370 Jesu
2048 5313 2271 5368 Christi.
2317 5330 2335 5363 ι

774 5409 912 5471 Quid
940 5406 1071 5459 lucri
1107 5416 1189 5460 est
1209 5422 1274 5460 ex
1318 5407 1605 5460 concordia
1650 5416 1704 5460 et
1742 5405 1981 5459 unanimi
2032 5403 2345 5459 sententia?

774 5499 1091 5552 Clorilieare
1138 5514 1243 5553 non
1305 5498 1479 5553 solum
1518 5514 1623 5553 uno
1672 5514 1788 5562 ore,
1824 5512 2010 5553 verum
2038 5497 2199 5551 etiam
2236 5511 2340 5549 una

846 5623 1241 5688 YPsal.t.xvttt,
1270 5624 1354 5678 10.
1435 5632 1454 5659 ι
1489 5622 1673 5678 Matth.
1728 5636 1897 5690 \xrtt,
1930 5621 2020 5677 42.
2114 5604 2119 5609 ’

2442 4668 2575 4731 λοις.
2606 4667 2776 4718 Τοῦτο
2814 4664 2921 4733 γὰρ
2952 4663 3171 4733 ἁῖἀπης
3198 4660 3450 4730 ἀληθοῦς,
3484 4659 3513 4711 ὃ
3544 4658 3674 4729 περὶ
3702 4656 3896 4709 ἑαυτοῦ
3935 4672 4023 4717 τις

2444 4762 2648 4832 φρονεῖ,
2688 4758 2845 4812 τοῦτο
2868 4758 2960 4811 καὶ
2984 4757 3110 4826 περὶ
3142 4753 3237 4807 τοῦ
3268 4752 3496 4821 πλησίον
3524 4752 3763 4820 φρονεῖν.
3796 4748 4023 4819 Ἐπειδὴ

2452 4858 2599 4911 ἔστιν
2669 4853 2859 4920 ἀγάπη
2920 4850 3059 4903 κατὰ
3115 4848 3342 4915 κόσμον,
3406 4845 3749 4915 προσέθηκε·
3808 4860 3825 4893 ι
3878 4846 4025 4896 κατά.

2440 4948 2674 5017 Χριστὸν
2696 4943 2930 5012 Ἰηστιῦνο
2966 4961 2985 4991 ι
3015 4939 3314 5001 τουτέςτιν,
3341 4937 3456 4989 Ἵνα
3485 4937 3666 4988 ἐκεῖνα
3696 4939 3951 5004 cano-275:,
3988 4934 4024 4988 ἃ

2439 5040 2663 5111 ἀρέσκει
2694 5037 2768 5105 τῷ
2797 5032 3016 5105 Χριστῷ
3046 5030 3241 5102 Ἰησοῦ.

2518 5237 2536 5271 ι
2573 5219 2691 5271 Ἵνα
2738 5213 3088 5285 ὁμοθυμαδὸν
3118 5213 3174 5265 ἐν
3201 5212 3282 5264 ἐνί
3345 5211 3576 5282 στόματι
3612 5210 3874 5278 δοξάζητε
3928 5210 4025 5264 τὸν

2444 5310 2601 5371 Θεὸν,
2638 5308 2731 5360 καὶ
2795 5307 3015 5375 Πατέρα
3075 5303 3169 5357 τοῦ
3208 5304 3415 5373 Κυρίου
3448 5304 3604 5373 ἡμῶν
3654 5302 3828 5373 ἰτςσοῦ
3893 5304 4026 5374 Χρι-

2446 5401 2595 5456 στοῦ.
2630 5420 2650 5452 ι
2682 5399 2746 5451 Τί
2774 5399 2833 5451 τὸ
2857 5397 3046 5467 κέρδος
3084 5394 3179 5448 τοῦ
3208 5394 3275 5448 τὰ
3297 5395 3437 5449 αὐτὰ
3484 5397 3737 5466 φρονείνς
3765 5394 3837 5445 Τὸ
3865 5395 4027 5458 δ’δξά-

2444 5494 2582 5558 ζειν,
2632 5491 2693 5543 οὑ
2726 5489 2883 5560 μόνον
2918 5492 2977 5542 ἐν
3006 5488 3088 5543 ἐνὶ
3136 5488 3392 5557 στόματι,
3420 5487 3554 5540 ἀλλὰ
3603 5488 3695 5539 καὶ
3726 5487 3825 5557 μιᾷ
3870 5487 4022 5556 ψυχῇ

2102 5740 2298 5803 Variae
2331 5739 2659 5802 lectiones.

862 5852 902 5882 ί*
926 5850 1147 5922 εἰρήνης
1178 5870 1226 5904 υ.
