4286 6444
290 365 389 429 541

1073 373 1482 437 EXPOSITIO
1516 376 1593 434 IN
1636 377 1876 437 EPIS’i'.
1920 379 2019 440 AD
2064 384 2246 448 ROM.
2285 414 2336 424 -
2384 390 2541 451 CAP.
2584 394 2702 453 XV.

3442 399 3553 460 5i2

295 497 423 551 pou;
451 498 462 510 ’
498 501 515 533 ι
578 484 882 551 τουτέστιν,
914 487 1116 556 ἠρέμα,
1169 489 1262 541 καὶ
1316 488 1403 541 διὰ
1456 489 1705 559 βραχέων
1738 508 1751 520 ·
1786 492 1877 543 καὶ
1905 492 1952 550 Α
1988 515 2003 546 ι
2055 496 2126 551 I‘Ix
2164 514 2337 568 parte,
2376 524 2391 555 ι
2453 507 2557 560 hoc
2592 516 2695 567 est,

1930 492 1952 550 λ
1988 515 2003 546 ι
2055 496 2126 551 I‘Ix
2164 514 2337 568 parte,
2376 524 2391 555 ι
2453 507 2557 560 hoc
2592 516 2695 567 est,
2726 505 2953 571 placide,
2979 517 3032 561 el
3057 507 3244 574 paucis
3275 526 3289 562 :
3327 522 3390 562 ac
3447 525 3550 563 non

288 573 487 643 οὑχὨ,
508 574 794 633 διδάσκων.
818 578 955 642 ἀλλ’,
986 597 1003 629 ι
1025 580 1115 643 Ὠς
1134 580 1689 652 ἐπαναμιμνήσκων,ι
1713 600 1864 635 τουτ-

292 666 411 716 έστι
454 668 652 735 μικρὸν
683 686 733 719 τι
758 670 1217 739 ἀναμιμνήσκων.

370 775 389 806 ι
420 758 518 808 Διὰ
551 761 650 826 τὴν
674 760 833 828 χάριν
854 763 923 792 (θ’
948 763 1043 831 τὴν
1071 763 1318 816 δοθεῖσάν
1348 781 1439 832 μοι
1463 764 1565 816 ὑπὸ
1593 764 1685 817 τοῦ
1710 764 1866 826 Θεοῦ,

290 850 371 912 εἷς
406 849 464 902 τὸ
495 848 635 903 εἶναί
693 869 761 920 με
823 853 1141 924 λειτουργὸν
1194 854 1369 923 Ἰησοῦ
1398 857 1627 926 Χριστοῦ
1682 859 1759 918 εἰς
1805 857 1871 909 τὰ

291 940 443 1012 ἐθιη,
478 942 870 1013 ἱερουργοῦντα
901 947 961 998 τὸ
1005 946 1342 1016 Εὑαγγέλιον
1376 949 1469 1001 τοῦ
1515 949 1669 1002 Θεοῦ.
1713 969 1729 999 ι
1761 950 1869 1000 Τα-

292 1034 607 1105 πετνᾶτερον
655 1036 745 1089 τὸν
796 1037 952 1104 λόγον
1002 1039 1193 1104 ποιῶν,
1230 1040 1871 1112 λέγει,ὄτιοὐκὲμαυτῷ

291 1125 521 1193 ἤρπασα
554 1125 655 1196 τὴν
717 1129 905 1198 τιμὴν,
939 1129 1053 1181 ἀλλ’
1112 1134 1139 1183 ὁ
1190 1131 1324 1195 Θεὸς
1371 1133 1531 1186 τοῦτο
1581 1134 1867 1199 ἐπέταξεν,

292 1218 562 1285 ἀφορίσας
629 1237 694 1288 με
746 1222 827 1283 εἰς
879 1223 1036 1276 τοῦτο
1064 1240 1078 1255 ’
1109 1225 1209 1294 οὐχ
1238 1224 1311 1285 ὡς
1336 1226 1508 1290 ἄξιον,
1539 1226 1671 1279 ἀλλὰ
1732 1227 1874 1281 κατὰ

293 1310 472 1379 χάριν.
516 1311 606 1372 Εἰς
643 1312 694 1362 τί
719 1312 774 1363 δὲ
797 1313 954 1385 ἐδόθη
984 1333 1074 1385 μοι
1102 1318 1135 1388 ἡ
1167 1317 1367 1387 χάρις;
1403 1318 1497 1379 Εἰς
1526 1320 1585 1371 τὸ
1633 1316 1773 1372 εἷναί
1806 1338 1872 1389 με

291 1398 607 1471 λειτουργὸν
654 1404 748 1455 καὶ
806 1406 957 1474 ἱερέα
1009 1408 1101 1460 τοῦ
1153 1402 1513 1477 Εὐαγγελξου.
1553 1413 1642 1480 Μὴ
1698 1411 1874 1465 τοίνυν

295 1507 389 1560 μοι
422 1493 726 1563 μέμψεσθε,
768 1496 862 1548 ἐὰν
894 1499 1023 1566 ὑμῖν
1045 1499 1221 1568 ὁμιλῶ
1256 1514 1268 1527 ·
1313 1500 1452 1572 αὕτη
1500 1502 1609 1571 γάρ
1647 1520 1737 1569 μοι
1794 1505 1871 1555 ἱε-

296 1580 541 1652 ρωσύνη,
567 1583 628 1637 τὸ
662 1588 1055 1655 καταγγέλλειν
1088 1591 1150 1643 τὸ
1180 1592 1532 1660 Εὖαγγέλιον.
1576 1595 1869 1667 Μίτλαιραν

293 1672 406 1743 ἔχω
429 1674 523 1727 τὸν
552 1675 711 1745 λόγον
736 1695 751 1709 ο
785 1677 944 1732 θυσία
995 1681 1118 1734 ἐστὲ
1148 1683 1326 1753 ὑμεῖς,
1372 1685 1465 1748 Τίς
1512 1684 1556 1738 δ’
1617 1686 1680 1740 ἂν
1744 1689 1876 1757 μέμ-

290 1764 449 1834 ψοιτο
484 1767 560 1837 τῷ
589 1769 724 1838 ἱερεῖ
754 1770 853 1841 τήν
885 1771 1162 1844 μάχαιραν
1189 1776 1452 1843 ἐπάγοντι
1482 1779 1594 1841 τοῖς
1629 1779 1761 1846 πρὸς
1785 1778 1874 1830 θυ-

294 1857 419 1911 σίαν
442 1860 850 1931 ἀφωρισμένοις
874 1879 888 1927 ;

373 2062 392 2095 ι
429 2044 549 2097 Ἵνα
571 2045 796 2115 γένηται
822 2047 854 2117 ἠ
883 2049 1172 2120 προσφορὰ
1220 2051 1329 2104 τῶν
1367 2052 1539 2106 ἐθνῶν
1580 2053 1874 2122 εὐπρόσδε-

292 2152 449 2203 κτος,
489 2140 802 2208 ἡγιασμένη
837 2143 892 2193 ἐν
926 2142 1206 2213 Πνεύματι
1241 2144 1398 2213 ἁγίῳ.
1452 2164 1469 2196 ι
1514 2146 1624 2216 Οὐχ
1655 2146 1736 2198 ἵνα
1768 2146 1874 2215 ἐγὼ

289 2228 556 2294 ὁοξασθῶ,
576 2230 664 2283 διὰ
681 2233 837 2286 τοῦτο
856 2234 945 2285 καὶ
959 2234 1085 2304 ὑμῖν
1108 2236 1346 2305 ἔγραψα·
1367 2237 1479 2290 ἀλλ’
1500 2239 1584 2291 ἵνα
1600 2243 1690 2292 καὶ
1714 2242 1871 2309 ὑμεῖς

292 2320 437 2390 μετὰ
454 2320 565 2374 τῶν
588 2321 763 2374 ἄλλων
791 2322 1007 2396 [ἐθνῶν]
1043 2326 1276 2395 σωθῆτε,
1307 2328 1399 2381 καὶ
1426 2329 1565 2382 οὓτω
1591 2332 1814 2399 γένηται
1843 2336 1871 2398 ὴ

292 2410 585 2481 προσφορά
620 2412 726 2463 τῶν
772 2413 944 2465 ἐθνῶν
987 2416 1301 2486 ὁλοκλήρως
1348 2420 1767 2489 εὐπρόσδεκτος,
1802 2422 1876 2484 ὡς

290 2504 515 2555 πάντων
548 2507 1085 2576 καρποφορουμένων
1108 2508 1189 2578 τῷ
1221 2510 1363 2582 Θεῷ.
1398 2529 1415 2561 ι
1439 2513 1778 2582 ’ῐιγιασμένη
1819 2516 1875 2565 ἐν

294 2595 577 2665 Πνεῦματι
615 2597 789 2668 ἁγίῳ,
818 2618 837 2653 ι
872 2599 1172 2665 τουτέστιν,
1223 2604 1280 2656 ἐν
1309 2604 1556 2675 πολιτείᾳ
1605 2605 1872 2678 Ικαθαρᾷ]

290 2692 660 2760 πλευματικῇ.
679 2691 751 2745 Οὐ
767 2693 873 2761 γάρ
889 2693 1067 2755 πίστις
1086 2695 1219 2763 μόνη
1235 2695 1472 2764 ἁγιάζει,
1486 2698 1618 2751 ἀλλὰ
1632 2701 1724 2753 καὶ
1740 2699 1871 2769 βίος.

294 2778 696 2839 Πιστεύσαντες
747 2780 847 2850 μὲν
878 2783 987 2853 γὰρ
1022 2783 1119 2837 καὶ
1155 2784 1570 2855 βαπτισθέντες,
1602 2788 1876 2857 λαμϐάνο-

296 2887 401 2939 μεν
454 2872 516 2923 τδ
563 2871 824 2943 Πνεῦμα·
880 2875 997 2927 ἀλλ’
1044 2877 1141 2929 ἐᾶν
1200 2877 1276 2947 μὴ
1322 2880 1417 2932 καὶ
1474 2878 1586 2949 βίον
1640 2881 1873 2952 ἔχωμεν,

298 2962 593 3016 σϐέννυται
625 2966 663 3035 ἡ
710 2965 872 3035 χάρις
906 2966 1001 3020 τοῦ
1036 2968 1375 3037 Πνεύματος.
1421 2971 1790 3025 Κατεστέλλει
1819 2973 1875 3026 δὲ

292 3054 366 3107 τὰ
400 3057 724 3125 φρονήματα
754 3057 863 3109 τῶν
914 3059 1229 3129 Ῥωμαίων,
1264 3061 1405 3115 ὥστε
1449 3065 1523 3134 μὴ
1558 3064 1875 3129 ἀπαξιῶσαι

290 3146 614 3199 διδάσκαλον
642 3146 787 3218 ἔχειν
818 3149 909 3207 τὸν
942 3152 1121 3207 πάντα
1159 3154 1227 3207 τὰ
1269 3154 1397 3224 ἔθνη
1427 3156 1768 3226 προσάγοντα
1799 3158 1875 3228 τῷ

291 3245 437 3315 Θεῷ.

373 3353 392 3386 ι
453 3336 603 3406 Ἐχω
654 3335 747 3389 οὖν
792 3333 1062 3404 καύχησιν
1107 3336 1165 3388 ἐν
1229 3335 1452 3405 Χριστῷ
1502 3336 1680 3405 Ἰησοῦ
1740 3337 1876 3409 πρὸς

294 3426 454 3478 Θεόν.
495 3446 512 3478 ι
547 3426 902 3488 Ταπεινιὶισας
936 3427 1127 3478 ἐαυτὸν
1158 3427 1386 3497 σφόδρα,
1414 3426 1508 3480 νῦν
1542 3424 1699 3491 αὖθις
1720 3429 1878 3482 ἐπαὶ-

296 3535 387 3588 ρει
418 3518 709 3586 τὸνλόγον,
760 3517 901 3571 ὥστε
940 3518 1013 3588 μὴ
1046 3518 1524 3589 εὐκαταφρόνητος
1553 3520 1736 3585 δόξαι·
1781 3522 1874 3574 καί

295 3631 490 3684 φησιν,
525 3615 607 3667 ὅτι
634 3634 652 3665 ι
696 3612 846 3683 Ἔχω
870 3612 1160 3682 καύχησιν,
1205 3632 1222 3665 ι
1257 3613 1358 3666 οὐκ
1390 3616 1451 3666 ἐν
1483 3614 1727 3685 ἐμαυτῷ,
1753 3615 1874 3667 οὐδὲ

296 3708 357 3759 ἐν
385 3710 452 3776 τῇ
487 3709 593 3778 ἐμῇ
633 3708 859 3776 σπονδῇ,
907 3705 1021 3758 ἀλλ’
1049 3708 1106 3757 ἐν
1155 3706 1220 3775 τῇ
1266 3705 1361 3759 τοῦ
1398 3707 1636 3777 Χριστοῦ
1667 3708 1872 3778 χάριτι.

298 3798 411 3851 Ποῦ
441 3798 497 3851 δὲ
544 3799 871 3869 καυχῶμαι;
928 3796 1022 3859 Εἰς
1070 3797 1138 3849 τὰ
1188 3797 1323 3867 πρὸς
1370 3797 1527 3850 Θεόν·
1572 3800 1871 3864 τουτέστιν,

294 3891 401 3945 οὐκ
427 3892 505 3955 εις
530 3890 600 3944 τὰ
629 3891 884 3962 τυχόντα,
917 3888 1029 3944 ἀλλ’
1066 3890 1144 3953 εἱς
1177 3890 1246 3943 τά
1293 3892 1664 3960 πνευματικά.

377 4179 395 4212 ι
430 4162 506 4214 Οὐ
535 4160 644 4228 γὰρ
686 4160 940 4230 τολμήσω
966 4176 1017 4212 τι
1048 4157 1280 4231 λαλῆσαι
1324 4178 1397 4214 ων
1421 4162 1481 4214 οὐ
1507 4164 1548 4194 ⁶¹
1582 4164 1876 4235 κατειργά-

300 4270 434 4308 σατο
479 4252 713 4322 Χριστὸς
769 4251 838 4303 δι’
892 4250 1059 4320 ἐμοῦ,
1097 4252 1178 4314 εἰς
1226 4251 1475 4322 ὑπακοὴν
1530 4254 1701 4308 ἐθνῶν
1736 4256 1878 4329 λόγῳ

298 4348 395 4402 καὶ
421 4346 588 4417 ἔργῳ.
625 4345 715 4398 Ἐν
745 4344 975 4411 δυνάμει
1011 4344 1256 4413 σημείων
1290 4345 1385 4398 καὶ
1412 4347 1677 4416 τεράτων,
1705 4356 1760 4400 ἐν
1790 4349 1879 4402 δυ-

299 4440 465 4510 νάμει
501 4436 816 4507 Πνεύματος
846 4436 999 4491 Θεοῦ,
1041 4456 1059 4487 ι
1118 4436 1339 4505 Ἐπειδὴ
1380 4433 1551 4501 εἶπεν,
1603 4440 1685 4493 ὅτι
1719 4442 1879 4494 Λειτ-

1975 590 2135 642 vclnti
2170 594 2386 654 docens.
2425 598 2536 658 sed,
2569 616 2585 648 ι
2622 598 2787 650 veluti
2840 600 3356 661 commonefaciens,
3392 617 3411 651 ι
3450 599 3553 654 hoc

1974 694 2075 743 ρει,
2118 687 2369 749 paulatim
2402 689 2450 739 in
2486 693 2801 743 inierunt-inut
2837 706 3123 744 revocans.

2047 773 2212 829 Vens.
2244 778 2329 843 15,
2373 781 2488 832 16.‹
2547 781 2772 851 Propter
2802 784 3033 851 gratiam
3068 801 3187 851 qua:
3245 784 3375 838 mihi
3427 786 3551 839 data

1973 876 2053 919 est
2087 884 2114 919 a
2147 870 2304 940 109
2335 872 2461 926 Deo.
2494 872 2563 927 Ut
2585 890 2759 929 essent
2783 892 2882 943 ego
2912 876 3161 929 minister
3187 877 3311 931 Jesu
3345 877 3548 932 Christi

1976 962 2116 1013 inter
2146 972 2349 1028 gentes.
2378 966 2724 1019 sanetiﬁeaus
2759 968 3105 1037 Evangelium
3146 970 3263 1022 Dei.
3308 989 3325 1022 ι
3360 970 3550 1023 Humi-

1974 1052 2160 1106 liorem
2185 1056 2633 1111 luodestioremvc
2663 1072 2965 1112 sermonem
2997 1078 3151 1113 suum
3186 1060 3408 1125 faciens,
3433 1059 3548 1114 Non

1978 1144 2104 1195 mihi
2137 1143 2271 1210 ipse,
2306 1144 2500 1211 inquit,
2535 1147 2795 1201 honorem
2850 1151 3019 1215 rapui.
3044 1152 3132 1203 sed
3166 1151 3302 1203 Deus
3336 1151 3439 1204 hoc
3470 1151 3551 1202 in-

1969 1235 2147 1300 jnnxit
2182 1237 2333 1299 mihi,
2368 1238 2432 1289 ad
2477 1238 2577 1292 hoc
2640 1240 2812 1306 ipsmn
2875 1255 2960 1293 me
3013 1242 3392 1310 segregando:
3445 1257 3550 1295 non

1975 1328 2117 1396 quod
2148 1330 2341 1399 dignus
2373 1345 2570 1396 essem,
2609 1334 2700 1386 sed
2732 1334 3026 1387 secundum
3077 1336 3310 1395 gratiam
3369 1351 3546 1389 suam.

1978 1423 2241 1486 Quorsum
2267 1438 2396 1476 vero
2419 1424 2551 1477 mihi
2584 1426 2754 1492 gratia
2780 1425 2972 1477 collata
3003 1427 3123 1479 est?
3154 1424 3222 1478 Ut
3248 1441 3420 1479 essem
3454 1428 3553 1477 mi-

1980 1518 2147 1568 u'ster
2187 1532 2249 1569 ac
2298 1519 2555 1572 sacerdos
2603 1518 2901 1587 Evangelii.
2931 1517 3009 1572 Ne
3045 1520 3207 1587 igitur
3254 1533 3554 1586 eunqneia~

1981 1608 2128 1670 nini,
2163 1610 2206 1661 si
2237 1610 2301 1661 ad
2332 1625 2427 1663 vos
2461 1626 2764 1664 sermonem
2824 1611 3071 1676 dirigam.
3113 1611 3223 1663 lloe
3273 1612 3413 1663 enim
3473 1623 3554 1662 est

1980 1699 2338 1752 sacerdotium
2370 1716 2566 1763 meum,
2599 1702 2894 1769 [medicare
2950 1702 3320 1769 Emngcliuut.
3356 1700 3555 1753 Cultel-

1930 1836 1947 1865 )
1980 1788 2086 1839 lum
2140 1788 2311 1841 habeo
2343 1805 2670 1848 sermonem.
2709 1789 2924 1843 victima
2964 1790 3096 1841 estis
3133 1805 3245 1839 vos.
3294 1786 3427 1853 Quis
3471 1804 3558 1838 uu-

1987 1892 2091 1933 11⁸11]
2132 1886 2471 1933 acrusavvrit
2495 1881 2831 1935 sacerdotem
2866 1880 3140 1933 cultellum
3174 1882 3553 1934 admoventem

1982 1974 2046 2024 ad
2088 1973 2359 2026 victimam
2393 1974 2713 2026 destinatis?

2059 2084 2077 2116 ι
2128 2063 2195 2117 Ut
2254 2066 2346 2117 iiut
2395 2065 2595 2117 oblatio
2638 2065 2878 2131 gentium
2914 2076 3171 2130 acet-pla,
3215 2063 3560 2118 sant-titicata

1985 2160 2036 2209 iu
2070 2156 2273 2224 Spiritu
2305 2168 2516 2212 sancto.
2564 2176 2580 2209 ι
2629 2158 2743 2211 Non
2776 2172 2834 2212 ut
2862 2173 2983 2226 ego,
3038 2159 3232 2226 inquit,
3264 2156 3557 2226 gloriﬁcer,

1986 2252 2102 2305 ideo
2128 2252 2281 2304 vobis
2301 2252 2518 2319 scripsi,
2551 2253 2642 2304 sed
2672 2262 2799 2305 utet
2823 2267 2919 2304 vos
2946 2268 3069 2304 cum
3094 2252 3215 2304 aliis
3242 2251 3559 2313 servemini,

1984 2354 2146 2412 atque
2185 2343 2256 2397 ita
2289 2345 2378 2396 liat
2411 2344 2612 2397 oblatio
2650 2344 2893 2411 gentium
2927 2359 3152 2411 prorsus
3184 2342 3558 2411 art-optabilis,

1984 2438 2231 2489 Omnibus
2261 2437 2368 2490 Deo
2393 2435 2868 2489 fructiﬁcantihus.
2901 2455 2919 2487 ι
2959 2434 3313 2490 Βλιιιειείὶοίιιιι
3345 2435 3395 2487 in
3428 2431 3557 2503 Spi-

1987 2530 2089 2581 ritu
2126 2538 2330 2591 sancto,
2360 2549 2377 2580 ι
2400 2532 2498 2582 hoc
2528 2539 2634 2591 est,
2663 2528 2929 2595 spirituali
2962 2529 3094 2581 vita.
3119 2526 3234 2580 Non
3267 2528 3410 2579 enim
3442 2525 3557 2580 sola

1988 2622 2117 2675 iidcs
2148 2623 2468 2683 sanctiﬁcat,
2506 2622 2600 2674 sed
2630 2629 2683 2674 et
2719 2621 2827 2672 vita
2860 2637 2872 2672 :
2916 2619 3076 2673 simul
3116 2633 3178 2670 ac
3210 2618 3352 2670 enim
3383 2616 3560 2670 credi-

1986 2716 2163 2769 dimus
2183 2726 2234 2768 et
2267 2715 2523 2783 baptizati
2559 2728 2771 2776 Sumus,
2800 2711 3099 2780 accipimus
3125 2708 3411 2778 Spiritum.
3464 2708 3557 2759 iit-

1984 2808 2127 2860 enim
2165 2806 2271 2861 nisi
2301 2807 2411 2858 vita
2439 2806 2759 2867 accesserit,
2785 2803 2962 2872 gratia
2995 2800 3231 2869 Spiritus
3257 2796 3561 2862 elsliugui-

1988 2910 2093 2950 tur.
2131 2897 2320 2965 Dejicit
2351 2907 2528 2950 autem
2555 2895 2920 2964 cogitationes
2951 2903 3005 2947 et
3037 2893 3327 2947 elationem
3365 2891 3563 2942 ltmna-

1984 3003 2202 3052 norum,
2253 3001 2321 3042 ne
2377 2987 2628 3040 videlicet
2676 2984 3040 3053 dedignentur
3091 2997 3216 3034 eum
3272 2978 3560 3033 admittere

1986 3084 2287 3145 doctorem,
2323 3080 2413 3149 qui
2447 3093 2636 3133 omnes
2659 3088 2851 3150 gentes
2886 3075 2996 3129 Deo
3030 3076 3286 3128 adducat.

2056 3355 2218 3409 Vens.
2257 3356 2343 3408 l7.
2382 3373 2400 3405 ι
2437 3352 2620 3405 Habeo
2648 3352 2812 3419 igitur
2844 3349 3219 3418 gloriatiouem
3254 3348 3305 3399 iu
3339 3344 3561 3401 Christo

1981 3448 2128 3515 Jesu,
2183 3449 2233 3501 in
2290 3448 2355 3502 iis
2393 3461 2511 3513 qua:
2561 3444 2625 3497 ad
2666 3443 2829 3495 Deum
2882 3443 3137 3496 attinent.
3179 3459 3198 3492 ι
3257 3436 3354 3492 Ubi
3396 3439 3561 3490 vehe-

1986 3551 2192 3595 menter
2241 3553 2363 3594 sese
2420 3536 2782 3598 lmmiliassct,
2831 3533 2942 3601 jam
2996 3546 3193 3587 rursus
3248 3544 3557 3584 sermonem

1982 3634 2198 3697 :tltullil,
2242 3647 2307 3685 ne
2355 3638 2700 3697 contemptus
2749 3626 2902 3696 plane
2953 3626 3219 3689 videatur,
3268 3623 3559 3692 inquiens,

1990 3744 2006 3775 ι
2052 3722 2439 3778 Gloriatienem
2475 3720 2682 3783 habeo,
2724 3737 2742 3768 ι
2778 3732 2879 3770 non
2929 3716 2979 3770 iu
3015 3714 3239 3782 meipso,
3291 3728 3466 3780 neque
3507 3712 3557 3764 in

1985 3832 2103 3869 meo
2143 3823 2362 3877 conatu,
2398 3812 2493 3867 sed
2523 3813 2575 3865 in
2611 3811 2782 3881 gratia
2809 3808 2934 3863 Jesu
2969 3808 3194 3861 Christi.
3231 3806 3335 3860 Sed
3358 3806 3559 3873 quibus

1983 3910 2034 3961 in
2068 3908 2229 3961 rebus
2255 3903 2495 3973 glorior?
2528 3922 2546 3954 ‹
2588 3902 2643 3956 1η
2678 3901 2744 3955 iis
2771 3916 2888 3970 quze
2921 3899 2985 3953 ad
3020 3898 3189 3952 Deum
3219 3898 3454 3951 attinent
3483 3914 3496 3949 :
3532 3913 3552 3948 ι

1984 4002 2086 4054 hoc
2120 4010 2222 4063 est,
2262 4013 2370 4051 non
2408 3996 2460 4049 in
2498 3996 2660 4049 rebus
2696 3993 3013 4062 vulgaribus
3036 4032 3050 4049 .
3086 3992 3180 4045 sed
3210 3992 3261 4043 in
3297 3988 3557 4058 spiritua-

1981 4094 2143 4147 libus.

2060 4184 2223 4237 \‘Ens.
2261 4181 2348 4245 18,
2380 4182 2463 4233 i9.
2492 4199 2509 4230 ι
2552 4178 2667 4232 Non
2704 4177 2845 4231 enim
2879 4174 3053 4229 audeo
3076 4174 3216 4244 loqui
3243 4172 3441 4242 aliquid
3463 4187 3557 4226 eo-

1988 4291 2101 4327 rum
2152 4289 2269 4342 qn:e
2310 4288 2414 4325 non
2444 4269 2626 4323 eﬂ‘eeit
2665 4266 2918 4321 Christus
2963 4282 3055 4334 per
3088 4281 3173 4318 me
3210 4266 3277 4318 ad
3308 4263 3560 4319 obedien-

1988 4368 2113 4419 tiam
2146 4364 2389 4434 gentium
2422 4363 2586 4417 verbo
2618 4375 2670 4416 et
2700 4374 2882 4428 Opere.
2937 4359 2995 4413 lu
3045 4359 3243 4411 virtute
3280 4358 3556 4427 signorum

1986 4466 2039 4509 et
2092 4452 2501 4521 prodigiorum,
2556 4451 2609 4504 in
2661 4452 2861 4502 virtute
2909 4448 3143 4516 Spiritus
3200 4446 3315 4500 Dei.
3355 4466 3373 4499 ι
3421 4446 3558 4499 Cum

303 4531 501 4602 ουργὸς
555 4531 669 4598 εἰμι
716 4527 811 4581 τοῦ
868 4527 1200 4595 Εὑαγγελίου
1253 4528 1333 4590 εἰς
1384 4530 1561 4583 πάντα
1613 4531 1682 4583 τὰ
1726 4532 1876 4602 ἔθνη,
1913 4519 1959 4578 1)
1989 4519 2522 4610 (κίχε-δεριν“λιί,,ίειρι.
2553 4557 2672 4596 sum

1930 4520 1959 4578 3
1989 4519 2235 4610 dixisset,
2259 4519 2522 4598 Minister
2553 4557 2672 4596 sum
2704 4541 2979 4611 Evangelii
3022 4541 3088 4593 ad
3126 4555 3314 4594 omnes
3343 4550 3558 4609 gentes,

304 4626 491 4694 φησιν,
527 4623 609 4674 ὅτι
644 4622 718 4674 Οὐ
752 4621 1041 4690 κομπάζω,
1079 4621 1199 4673 οὐδὲ
1230 4622 1627 4693 ἁλαζονεύομαί
1658 4641 1708 4674 τι
1731 4624 1775 4653 θ’
1808 4618 1882 4677 ὧν

302 4718 405 4771 οὐκ
446 4715 709 4781 ἐποίησα·
767 4714 968 4782 μᾶλλον
1013 4714 1071 4766 δὲ
1117 4716 1216 4767 οὐκ
1256 4716 1367 4781 ἐγὼ
1408 4719 1883 4788 κατειργασάμην,

302 4806 420 4862 ἀλλ’
472 4807 499 4858 ὁ
528 4805 764 4875 Χριστὸς
804 4805 1227 4874 κατειργάσατο,
1278 4807 1402 4873 ἐμοὶ
1433 4809 1649 4878 ὀργάνῳ
1679 4813 1887 4879 χρησά-

306 4914 491 4968 μενος.
525 4895 652 4948 Εἴτε
681 4896 789 4964 γὰρ
820 4895 1132 4965 φθέγγομαι
1156 4914 1209 4949 τι
1244 4898 1419 4964 λέγων
1454 4901 1547 4952 καὶ
1577 4901 1883 4969 φιλοσοφῶν

303 4989 436 5058 περὶ
480 4987 588 5040 τῶν
621 4987 911 5058 οὐρανίων,
946 4988 1056 5039 εἴτε
1078 4987 1122 5019 ⁸³
1168 4988 1471 5059 ἐργάζομαι
1521 4992 1673 5046 θείαν
1727 4995 1883 5047 πολι-

302 5081 457 5134 τεζαν
503 5079 704 5149 μετιὼν
728 5078 793 5144 ⁸⁸,
841 5079 874 5149 ἢ
918 5080 1010 5131 καὶ
1040 5078 1293 5150 θαύματα
1325 5082 1517 5145 τελῶν,
1568 5084 1745 5137 πάντα
1789 5088 1881 5141 τοῦ

308 5171 551 5242 Χριστοῦ
577 5172 643 5224 ⁸³.
685 5170 942 5239 Διαφέρει
972 5169 1027 5222 δὲ
1060 5173 1283 5239 σημεῖον
1326 5173 1421 5224 καὶ
1467 5175 1663 5243 τέρας,
1693 5176 1771 5247 τῷ
1823 5181 1885 5230 τὸ

308 5268 411 5338 μὲν
444 5267 671 5335 σημεῖον
705 5265 763 5316 ἐν
788 5266 899 5326 τοῖς
932 5264 1075 5317 κατὰ
1101 5263 1263 5333 φύσιν
1292 5265 1568 5333 λέγεσθαι,
1600 5286 1889 5340 καινοπρευ

304 5361 425 5423 πῶς
461 5358 646 5429 μέντοι
675 5357 980 5427 γινομένοις
1009 5352 1157 5428 (οἷον
1188 5360 1281 5411 ἐπὶ
1327 5358 1443 5423 τοῦ,
1475 5361 1534 5413 τὸ
1568 5361 1663 5431 τὴν
1695 5364 1885 5417 πενΟε·

308 5453 410 5524 ράν
447 5451 657 5523 Πέτρου
699 5449 1073 5520 πυρέττουσαν
1123 5450 1327 5515 εὐθέως
1357 5452 1592 5523 ἰαθῆναι.
1620 5455 1887 5511 Ἐνταῦθα

303 5544 417 5613 γαρ
455 5542 517 5595 τδ
565 5541 656 5595 τὸν
687 5539 919 5609 πυρετὸν
951 5540 1374 5611 θεραπεύεσθαι,
1415 5545 1556 5598 κατὰ
1590 5546 1752 5615 φύσιν
1782 5550 1882 5619 μέν

1985 4640 2168 4706 adjicit
2192 4680 2205 4702 ,
2261 4636 2375 4691 Non
2429 4650 2549 4689 sum
2591 4648 2899 4702 arrogans,
2929 4645 3028 4684 nec
3066 4639 3384 4699 arroganter
3412 4629 3559 4697 jacio

1986 4729 2281 4797 quidquam
2310 4740 2497 4778 eorum
2530 4738 2650 4792 quae
2682 4738 2785 4775 nou
2822 4720 2925 4774 feci
2959 4738 2972 4774 :
3008 4720 3115 4773 imo
3146 4734 3251 4773 non
3301 4733 3399 4785 ego
3429 4718 3554 4783 feri,

1985 4821 2078 4875 sed
2132 4818 2387 4872 Christus
2421 4814 2593 4869 clfecit
2622 4855 2636 4879 ,
2692 4828 2777 4867 me
2820 4812 3180 4866 instrumento
3230 4826 3382 4867 usus.
3431 4808 3559 4864 Sive

1983 4913 2128 4966 enim
2161 4912 2452 4979 quidquam
2475 4907 2689 4977 loquar,
2725 4905 2794 4959 de
2829 4904 3143 4958 ewlestibus
3195 4903 3465 4957 disserens
3494 4917 3559 4955 ac

1984 5004 2393 5077 phil050phans,
2429 5002 2543 5056 sive
2576 5015 2792 5070 operer,
2822 4999 3062 5050 divinam
3088 4994 3555 5049 conversationem

1984 5111 2266 5161 exercens,
2294 5095 2409 5149 sive
2433 5092 2691 5146 miracula
2719 5088 3029 5158 perliciens.
3053 5086 3233 5139 oumia
3257 5091 3382 5139 sunt
3404 5081 3559 5136 Chric

1985 5189 2076 5244 sti.
2114 5185 2383 5239 Differunt
2415 5194 2592 5236 autem
2629 5182 2841 5250 signum
2890 5188 2944 5232 et
2975 5177 3297 5246 prodigium.
3331 5172 3556 5241 Signum

1984 5279 2127 5333 enim
2159 5276 2359 5330 dicitur
2393 5275 2457 5328 de
2488 5273 2553 5325 iis
2592 5286 2711 5339 qua:
2739 5270 3037 5324 secundum
3081 5276 3331 5319 naturam
3380 5267 3516 5317 liunt
3540 5301 3555 5325 ,

1987 5368 2145 5424 modo
2183 5375 2360 5419 tamen
2407 5362 2699 5423 inusitato,
2752 5359 2886 5413 utin
2940 5356 3081 5411 Petri
3132 5371 3290 5411 socro
3325 5354 3545 5409 febrici-

1994 5471 2140 5515 tante
2177 5467 2397 5528 repente
2444 5464 2658 5510 Sanata.
2696 5451 2794 5506 Hic
2825 5452 2967 5505 enim
3028 5448 3220 5502 febrim
3262 5447 3441 5502 curari
3470 5460 3559 5500 se-

1994 5550 2229 5605 cundum
2267 5557 2513 5602 naturam
2545 5552 2629 5598 est
2732 5552 2842 5594 tum
2878 5554 3004 5594 vero
3044 5553 3182 5592 nova
3211 5536 3443 5607 quadam
3469 5546 3557 5589 rae

1665 5682 1863 5744 Variis
1888 5683 2214 5746 lectiones.

422 5812 491 5841 “‘
520 5806 615 5861 τοῦ
640 5809 797 5861 Θεου.
875 5808 917 5840 ⁶¹
946 5807 974 5860 ὃ
1009 5805 1082 5862 μὴ
1122 5819 1173 5859 ο.
1259 5805 1301 5837 ⁸³
1347 5805 1451 5860 τῶν
1484 5821 1538 5862 ο.

875 5805 1083 5878 ⁶¹ὂμὴ
1122 5819 1173 5859 o.

1616 5810 1661 5841 "
1698 5810 1743 5862 εἰ
1777 5811 1864 5862 καὶ
1898 5825 1949 5865 0.

2030 5809 2072 5841 δ”
2109 5803 2382 5878 μετελθὼν
2418 5818 2489 5857 tn.
2570 5802 2612 5832 "
2659 5799 2732 5870 τῷ
2765 5796 2985 5868 Χριστῷ
3009 5810 3060 5849 ο.
