4286 6444
315 408 425 471 545

1104 404 1514 465 EKPOSITIO
1560 407 1634 464 ΙΝ
1676 408 1916 468 EPIST.
1963 409 2060 466 AD
2102 409 2285 467 ROB.
2326 433 2393 442 --
2421 410 2580 469 CAP.
2616 410 2737 472 XV.

3469 414 3577 478 5ίῦ

311 523 568 584 τούτοις,
611 520 696 572 διὰ
739 519 900 572 τοῦτο
946 521 1041 572 καὶ
1091 537 1288 589 γραφω
1321 523 1467 590 ὑμῖν,
1513 524 1608 574 καὶ
1665 524 1898 594 ἔρχομαι
1928 530 1970 588 Α

1891 545 1898 577 ι
1928 530 1970 588 Α
2005 530 2154 590 dum,
2195 527 2347 595 ιιι
2387 542 2605 580 nromer
2639 528 2738 579 hoc
2771 527 2942 593 ipsum
2976 536 3027 579 et
3053 527 3232 581 scribo
3277 529 3343 582 ad
3374 544 3504 596 vos,
3530 545 3583 587 et

311 613 446 680 πρὸς
479 613 655 679 ὑμᾶς,
686 613 806 681 οὐχὶ
851 612 911 664 δι’
946 613 1075 665 αλλο
1123 629 1194 670 τι.
1228 607 1338 664 οἷον
1369 611 1457 665 δια
1485 613 1644 680 δόξης
1691 617 1892 684 ἔρωτα.

308 700 468 763 Εἶτα,
512 704 597 755 ἵνα
639 704 711 771 μὴ
741 705 970 754 εἴπωσιν
999 701 1171 771 αὐτῷ,
1207 703 1287 755 ὅτι
1332 703 1429 755 Διὰ
1468 703 1528 756 τὸ
1557 705 1632 774 μὴ
1664 705 1806 774 ἔχειν
1838 724 1895 758 σε

309 794 499 848 αὐτόοι
536 795 722 864 ἔργον,
755 795 826 854 ὡς
856 796 913 846 ὲν
947 797 1212 864 παρέργῳ
1244 798 1372 864 ποιῇ
1401 797 1581 864 ἡμᾶς’
1620 799 1894 867 ἐπιφέρει,

308 888 390 938 δτι
437 884 757 938 Ἐπιποθίαν
793 885 903 952 ἔχω
955 888 1064 956 πρὸ
1101 885 1315 938 πολλῶν
1367 886 1538 938 ἐτῶν·
1576 885 1675 957 τὴν
1709 888 1896 940 ἐπιου-

312 976 444 1044 μίαν
482 975 690 1046 ταύτην
740 976 956 1029 σπεύδω
998 978 1308 1047 πληρῶσαι.
1367 978 1486 1030 Ἰνα
1517 980 1571 1032 δὲ
1606 979 1682 1050 μὴ
1736 981 1896 1033 πάλιν

309 1068 655 1138 φυσηϐὦσιν,
694 1068 769 1131 ὠς
816 1069 1208 1132 ἐπιποθοῦντος
1233 1071 1277 1102 ⁸³
1312 1070 1511 1134 αὑτοὲς
1559 1072 1773 1135 τούτου,
1807 1069 1895 1126 οἷα

307 1161 374 1230 δὴ
423 1163 641 1230 μείζους
681 1161 789 1213 τῶν
841 1162 1018 1215 ἄλλων
1051 1162 1132 1225 ⁷⁸,
1172 1162 1400 1229 ὲπὰγει’
1442 1182 1458 1214 ι
1509 1164 1596 1226 Ὠς
1649 1164 1744 1217 ἐὰν
1792 1182 1894 1216 πο-

311 1254 562 1324 ρεύωμαι
587 1258 664 1318 εἰς
686 1256 727 1286 ⁷⁸
759 1257 857 1325 τὴν
887 1255 1163 1310 Ἰσπανῖαν
1193 1258 1485 1328 ἐλεύσομαι
1514 1259 1648 1329 πρὸς
1674 1261 1836 1329 ὑμᾶς.
1869 1279 1886 1312 ι

310 1348 428 1400 Ἵνα
467 1349 522 1400 δὲ
575 1349 648 1418 μὴ
703 1350 899 1401 είπωαι
952 1351 1124 1402 πάλιν
1155 1367 1170 1380 ⁸
1244 1350 1393 1403 Ὀδοῦ
1437 1352 1716 1424 πάρεργον
1767 1357 1891 1422 ποιῇ

310 1440 492 1508 ἡμᾶς,
553 1441 833 1509 ἐπήγαγε·
895 1460 914 1492 ι
959 1443 1069 1494 Καὶ
1120 1442 1210 1510 ὑφ’
1259 1443 1412 1511 ὑμῶν
1467 1447 1892 1515 προπεμφοῆναι

311 1533 464 1584 ἐκείο
524 1550 542 1584 ι
576 1534 876 1597 τουτέστιν,
920 1534 1110 1603 Ὑμεῖς
1153 1536 1308 1589 αὐτοὶ
1358 1537 1555 1600 ἰδόντες
1588 1538 1687 1607 τὴν
1721 1540 1890 1608 ἀνάγ-

309 1642 417 1693 κην
441 1626 486 1654 ⁷³
520 1626 954 1693 κατεπείγουτάν
989 1645 1056 1696 με
1092 1627 1229 1698 πρὸς
1258 1629 1318 1681 τὸ
1374 1630 1469 1682 καὶ
1501 1630 1731 1693 ἐκείνοις
1775 1634 1892 1686 ἐπι-

307 1718 574 1785 δημῆσαι,
631 1719 982 1788 προπέμψειν
1021 1719 1244 1789 μέλλετέ
1291 1738 1381 1789 με.
1415 1721 1579 1774 Ὥστε
1619 1723 1678 1775 ού
1725 1740 1893 1776 κατα-

309 1811 529 1878 φρονῶν
555 1810 731 1877 ύαῶν,
759 1811 873 1863 ἀλλ’
905 1813 1246 1878 ἀναγκαίως,
1279 1814 1423 1883 ὑμᾶς
1457 1814 1886 1884 παρελεύσομαι.

2001 621 2115 672 viso
2145 635 2268 672 vos:
2315 636 2418 672 non
2473 619 2704 686 alicuius
2753 620 2890 672 alius
2949 620 3022 672 rei
3063 631 3272 687 gratia,
3307 623 3470 677 veluti
3504 631 3574 678 ob

1999 710 2180 776 gloria:
2208 712 2585 774 cupiditatem.
2617 709 2839 771 Deinde,
2871 724 2937 767 ne
2965 711 3146 763 dicant
3167 712 3239 772 ei,
3271 711 3404 776 Quia
3435 715 3486 767 in
3515 715 3582 768 iis

2001 801 2305 870 regionibus
2343 802 2474 853 nihil
2522 808 2640 852 erat
2667 799 2758 852 tibi
2796 802 3029 868 negotii,
3064 817 3164 856 nos
3204 803 3380 857 obiter
3412 806 3576 870 visis,

1999 893 2196 946 infert:
2238 892 2571 945 Desidertum
2603 891 2765 945 habui
2793 902 2916 944 ante
2944 894 3142 946 multos
3173 909 3345 949 annos
3380 911 3393 947 :
3430 898 3574 951 desi-

1999 987 2204 1039 derium
2249 998 2350 1038 ttOC
2384 985 2606 1051 implere
2639 982 2857 1036 festino.
2889 983 2964 1035 Ne
2994 999 3117 1036 vero
3152 1001 3340 1039 rursus
3389 986 3578 1040 inﬂen-

1998 1086 2104 1141 tur,
2137 1085 2279 1144 quod
2317 1078 2363 1130 is
2394 1090 2580 1130 eorum
2611 1075 2879 1128 desiderio
2908 1084 3204 1137 teneretur,
3236 1078 3391 1143 quasi
3419 1088 3578 1132 crete-

1997 1171 2070 1225 ris
2105 1171 2354 1224 omnibus
2383 1172 2694 1236 superiores
2725 1179 2927 1228 essent,
2958 1168 3137 1220 subdit
3168 1183 3180 1218 :
3214 1186 3231 1218 ‹
3275 1168 3340 1222 Lt
3371 1172 3413 1223 si
3453 1187 3574 1238 pro-

1998 1263 2210 1316 ﬁciscar
2245 1266 2298 1315 in
2343 1262 2694 1330 Hispaniam,
2731 1261 2940 1313 veniam
2972 1262 3035 1312 ad
3087 1275 3202 1314 vos.
3264 1279 3281 1311 ι
3339 1264 3413 1314 Ne
3449 1277 3576 1315 vero

1998 1356 2191 1408 iterum
2227 1354 2432 1416 dicant,
2468 1353 2680 1407 itineris
2713 1354 2942 1405 auctarii
2984 1353 3100 1405 loco
3127 1368 3224 1406 nos
3256 1354 3424 1418 lacis;
3476 1355 3574 1407 ad-

1994 1446 2128 1498 didit
2163 1461 2177 1496 :
2216 1463 2233 1495 ι
2271 1457 2322 1496 et
2356 1459 2382 1496 a
2433 1445 2583 1496 vobis
2634 1443 2871 1496 deducar
2924 1442 3049 1495 illuc
3087 1460 3099 1494 :
3143 1461 3160 1494 ι
3204 1443 3306 1496 hoc
3343 1456 3445 1508 ρει,
3481 1461 3575 1498 vos

1996 1537 2092 1603 ipsi
2143 1537 2440 1590 consoicati
2481 1536 2862 1589 necessitatem
2913 1548 3192 1603 urgentem
3241 1552 3324 1589 me
3353 1539 3417 1590 ad
3453 1540 3569 1593 illus

1995 1627 2287 1698 proﬁcisci,
2342 1627 2625 1680 deducturi
2663 1628 2795 1681 estis
2831 1643 2932 1679 me.
2978 1632 3157 1693 Quare
3187 1643 3290 1682 non
3324 1643 3389 1683 ex
3439 1646 3574 1683 C0ll°

1997 1730 2223 1788 temptu,
2257 1721 2348 1773 sed
2386 1720 2692 1773 necessario
2725 1721 2993 1772 transiero
3029 1735 3141 1772 \‘os.
3183 1722 3448 1785 Quoniam
3482 1739 3576 1774 au—

1998 1817 2102 1860 tem
2150 1809 2293 1861 istud
2342 1823 2435 1862 eos
2471 1810 2646 1861 adhuc
2685 1811 2855 1877 magis
2902 1811 3170 1876 augebat,
3227 1820 3384 1864 sanat
3418 1813 3571 1876 illud,

322 1902 480 1953 Ἐπεὶ
504 1902 560 1953 δὲ
589 1902 667 1954 ἔτι
695 1903 855 1954 τοῦτο
879 1904 923 1934 ⁷³
945 1903 1135 1956 ἐλύπει
1162 1903 1344 1970 πλέον,
1375 1905 1668 1975 θεραπεύει
1698 1908 1826 1958 αὐτὸ
1845 1907 1891 1938 ⁷⁸
1925 1888 1967 1943 D
1999 1899 2010 1952 ί

1881 1918 1891 1938 ι
1925 1888 1967 1943 D
1999 1899 2250 1965 inquiens
2285 1916 2297 1951 :
2339 1919 2355 1949 ι
2397 1901 2451 1952 Si
2489 1899 2640 1952 vobis
2675 1902 2905 1968 primum
2934 1916 2994 1952 ex
3030 1911 3181 1966 parte
3213 1901 3364 1956 fuero
3392 1905 3573 1973 exple-

310 1995 525 2061 λέγων’
560 2013 578 2046 ι
615 1994 743 2048 Ἐὰν
777 1995 928 2065 ὑμῶν
961 1997 1175 2065 πρῶτον
1208 1997 1315 2049 ἀπὸ
1350 1998 1545 2067 μέρους
1567 1998 1888 2068 ἐμπλησθῶ.

307 2087 569 2139 Δείκνυσι
625 2088 732 2156 γὰρ
767 2089 960 2140 ἑαυτὸν
1015 2089 1223 2156 ἐρῶντα
1268 2091 1366 2159 τῆς
1415 2089 1636 2159 ἀγάπης
1687 2093 1887 2153 αὐτῶν,

309 2198 409 2232 και
444 2181 691 2250 σφοδρῶς
714 2197 726 2209 ·
756 2180 837 2233 διὸ
866 2182 985 2234 οὐδὲ
1010 2177 1150 2246 εἷπε,
1177 2181 1492 2251 Θεάσωμαι,
1546 2182 1682 2246 ἀλλ’,
1714 2202 1731 2234 ι
1756 2183 1889 2251 Ἐμ-

311 2273 577 2342 πλησοῶ,
645 2293 662 2324 ι
721 2273 788 2326 τὰ
838 2274 948 2326 τῶν
1001 2275 1203 2342 γονέων
1263 2275 1600 2344 μιμούμενος
1649 2277 1890 2346 ῥήματα.

318 2386 337 2416 ι
365 2366 496 2418 Ἀπὸ
532 2366 732 2436 μέρους
759 2386 775 2417 ι
815 2368 892 2432 δὲ,
925 2363 1045 2420 εἷπε
1075 2383 1087 2397 ⁸
1119 2369 1415 2429 τουτέστιν,
1457 2371 1643 2433 Οὐδείς
1674 2389 1738 2439 με
1767 2373 1892 2440 χρίε-

310 2476 400 2517 νος
443 2459 719 2526 ἐμπλῆσαι
776 2458 1038 2521 δύναται,
1094 2459 1214 2511 οὐδὲ
1255 2461 1551 2528 ὲμποιῆσαί
1603 2478 1694 2529 μοι
1733 2463 1892 2528 κόρον

307 2547 408 2616 τῆς
453 2547 671 2616 ὁμιλίας
706 2547 882 2613 ὑμῶν.
923 2549 1230 2618 Ἀγαπητὸν
1261 2546 1353 2602 οὖν
1387 2567 1497 2618 μοι,
1531 2551 1625 2601 ἐὰν
1649 2551 1892 2619 μερικῶς

309 2643 339 2692 ὑ
351 2640 468 2708 μῶν
519 2639 700 2706 ὲμπλη
710 2639 840 2693 σθῶ.

388 2750 404 2782 ι
436 2731 570 2783 Νυνὶ
594 2731 649 2782 δὲ
671 2731 974 2799 πορεύομαι
993 2732 1070 2791 εἰς
1099 2731 1469 2802 Ἰερουσαλὴμ,
1491 2732 1752 2784 διακονῶν
1780 2736 1890 2796 το’ς

307 2823 508 2888 ἁγίοις.
541 2823 853 2892 Εύδόκησαν
874 2823 982 2892 γὰρ
1021 2823 1331 2877 Μακεδονία
1354 2826 1445 2876 καὶ
1474 2825 1664 2892 Ἀχαΐα
1696 2842 1890 2876 κοινω-

308 2915 428 2964 νίαν
455 2915 575 2966 τινὰ
598 2915 927 2982 ποιήσασθαι
947 2917 1024 2976 είς
1041 2917 1161 2977 τοὺς
1192 2917 1438 2984 πτωχοὺς
1456 2917 1562 2967 τῶν
1592 2917 1756 2981 ἁγίων
1783 2917 1890 2968 τῶν

307 3007 370 3056 έν
416 3005 796 3075 Ἰερουσαλήμ.
843 3024 860 3056 ι
911 3006 1209 3076 ’Υπέσχετο
1240 3008 1499 3078 ἀνωτέρω
1534 3009 1668 3078 πρὸς
1695 3009 1888 3071 αὐτοὺς

315 3096 545 3148 διελθεῖν
568 3114 580 3126 °
613 3098 736 3148 ἐπεὶ
766 3098 820 3149 δὲ
875 3097 1096 3166 ἔμελλεν
1139 3098 1475 3167 ἐμϐραδῦναι
1500 3143 1510 3162 ,
1547 3103 1631 3153 ἵνα
1662 3101 1734 3170 μὴ
1763 3103 1885 3171 δόξῃ

307 3189 593 3257 χλευάζειν
615 3189 831 3252 αὐτοὺς,
861 3189 1008 3256 λέγει
1037 3193 1128 3241 καὶ
1149 3189 1247 3259 τὴν
1274 3191 1451 3243 αἰτίαν
1481 3191 1546 3244 δι’
1580 3192 1645 3262 ἢν
1675 3193 1885 3262 ἐμϐρα-

310 3280 482 3341 δύνει,
519 3281 610 3332 καί
645 3297 827 3349 φησιν,
865 3283 944 3332 ὅτι
986 3300 1003 3333 ι
1043 3282 1353 3350 [Ιορεύομαι
1389 3286 1466 3345 είς
1505 3283 1881 3354 Ἰερουσαλὴμ,

307 3373 574 3426 διακονῶν
623 3374 733 3434 ταῖς
805 3373 1043 3438 ἁγίοις.»
1093 3375 1205 3425 Οὐκ
1257 3371 1434 3438 εἶπεν,
1483 3375 1886 3445 Ἐλεημοσύνας

311 3465 700 3535 ἁποκομίζων,
760 3465 916 3528 ἀλλα,
977 3483 994 3514 ι
1037 3467 1344 3518 Διακονσῖινο
1403 3485 1420 3517 ι
1484 3467 1568 3518 ἵνα
1627 3469 1885 3536 μάθωμεν

311 3560 498 3628 ἡλίκον
532 3559 625 3609 καὶ
653 3557 740 3624 ὑφ’
770 3553 831 3610 οὗ
895 3558 1180 3626 γινόμενον
1233 3558 1292 3609 τὸ
1336 3561 1639 3627 γινόμενον,
1675 3561 1764 3611 καὶ
1804 3561 1883 3612 ὅτι

313 3650 476 3718 μέγα.
499 3651 596 3700 ,ιιά
617 3649 672 3701 δὲ
686 3648 874 3702 τούτου
894 3649 1260 3718 προτρέπεται
1278 3651 1509 3712 καὶτοὺς
1529 3649 1883 3720 Ῥωμαίους⁷³

309 3743 386 3802 είς
411 3740 798 3810 ἐλεημοσύνην.
825 3743 1013 3807 Λέγων
1043 3742 1170 3808 γὰρ,
1195 3742 1276 3793 ὅτι
1307 3762 1323 3792 ι
1364 3743 1675 3813 Εύδόκησαν
1701 3747 1885 3797 Μακε-

307 3831 455 3882 δονία
490 3832 578 3881 καὶ
620 3831 832 3898 ἰλχαῖα,
875 3849 891 3879 ι
932 3831 1024 3881 καὶ
1053 3829 1123 3882 τὰ
1150 3829 1299 3897 ἑξῆς,
1340 3831 1498 3899 ζῆλον
1530 3834 1709 3894 αὐτοῖς
1740 3835 1878 3886 ἐντί-

308 3922 466 3989 θησιν
503 3923 579 3982 εἰς
607 3921 668 3972 τὸ
706 3921 1049 3990 μιμήσασθαι
1102 3920 1345 3984 τούτους.
1388 3924 1459 3974 Τὸ
1484 3925 1561 3986 δὲ,
1600 3943 1617 3976 ι
1645 3926 1881 3995 [εὐδόκη-

310 4029 411 4063 σαν
431 4053 444 4072 ,
481 4013 601 4064 ἀντὶ
627 4011 742 4071 τοῦ,
770 4013 1060 4080 ἠθέλησαν,
1088 4013 1289 4080 ἀγαθὸν
1315 4014 1558 4084 ἔκριναν,
1589 4017 1646 4068 τὸ
1678 4019 1881 4070 στεῖλαι

309 4104 592 4156 κοινωνίαν
638 4103 782 4155 τινα.
821 4104 1098 4172 Πανταχοῦ
1133 4105 1190 4158 δὲ
1239 4107 1524 4159 κοινωνίαν
1574 4109 1728 4160 καλεῖ
1781 4111 1880 4178 τὴν

305 4193 697 4264 ἐλεημοσύνην,
759 4195 834 4258 ὡς
891 4196 1069 4247 κοινοῦ
1145 4196 1236 4248 τοῦ
1296 4199 1518 4266 κέρδους
1566 4201 1716 4262 ὄντος
1788 4203 1880 4254 καὶ

308 4287 476 4340 τῶν⁷⁶
508 4287 775 4350 διδόντων,
811 4289 905 4340 καὶ
949 4289 1056 4342 τῶν
1101 4288 1501 4360 λαμϐανόντων.
1527 4311 1545 4342 ι
1572 4293 1702 4345 Τινὰ
1745 4313 1762 4344 ι
1800 4295 1876 4357 δὲ,

306 4375 483 4440 εἶπεν,
514 4379 635 4430 ἀντὶ
665 4378 782 4443 τοῦ,
821 4379 1046 4450 μικρὰν,
1078 4379 1162 4432 ἵνα
1195 4380 1268 4451 μὴ
1295 4380 1421 4453 δόξῃ
1445 4385 1554 4445 τοῖς
1589 4383 1878 4453 Ῥωμαίοις

305 4469 606 4533 ὀνειδίζειν,
640 4469 713 4531 ὡς
763 4470 1046 4538 φειδωλοῖς
1086 4472 1178 4521 καὶ
1215 4471 1618 4540 ἀκοινωνήτοις.
1655 4492 1672 4524 ι
1725 4474 1875 4526 Πτω-

1999 2002 2103 2044 tus.
2150 2009 2166 2041 ι
2207 1990 2414 2043 iudicat
2443 2001 2622 2043 autem
2669 2005 2726 2044 se
2756 1992 3076 2043 charitatcm
3113 1992 3326 2045 illorum
3360 2008 3568 2060 amare,

1996 2086 2157 2152 idque
2189 2091 2536 2136 vehementer
2570 2101 2584 2136 :
2622 2083 2850 2151 ideoque
2875 2098 2978 2136 nou
3010 2084 3168 2146 dixit,
3203 2087 3415 2151 videro;
3451 2094 3568 2156 sed,

2000 2194 2017 2226 ι
2060 2187 2309 2244 expletus
2344 2176 2528 2237 i'uero;
2571 2194 2588 2226 ι
2621 2186 2901 2244 parentum
2936 2176 3095 2227 verba
3135 2177 3398 2233 imitatus.
3440 2199 3457 2232 ι
3485 2184 3561 2236 Ex

1995 2278 2176 2328 parte,
2221 2282 2239 2313 ι
2278 2279 2460 2317 autem
2496 2265 2665 2328 dixit;
2710 2265 2808 2316 hoc
2840 2276 2951 2328 est,
2985 2265 3186 2318 nullum
3221 2283 3308 2321 ine
3357 2280 3566 2339 tempus

1995 2356 2245 2424 explere,
2300 2367 2394 2408 aut
2446 2365 2638 2409 i'estra:
2699 2355 2977 2409 societatis
3057 2357 3361 2413 satietatem
3437 2365 3568 2418 mihi

1994 2464 2184 2503 creare
2237 2461 2430 2519 potest.
2475 2451 2530 2503 δι
2582 2451 2768 2519 itaque
2812 2463 2876 2503 ex
2913 2460 3066 2517 parte
3126 2454 3277 2507 vobis
3323 2457 3570 2524 expletus

1994 2545 2165 2606 fuero,
2201 2553 2486 2597 contentus
2515 2556 2629 2597 ero.

2065 2723 2229 2777 Vens.
2257 2724 2348 2786 ‘25,
2382 2723 2474 2778 26.
2507 2743 2522 2775 ι
2564 2724 2716 2780 Nunc
2745 2739 2922 2782 autem
2967 2731 3283 2800 proﬁciscor
3308 2732 3536 2788 llieroso

1995 2817 2154 2886 Iyma,
2193 2819 2506 2871 ministratus
2538 2821 2761 2874 sanctis.
2795 2819 3002 2875 Placait
3030 2826 3173 2877 enim
3242 2825 3550 2879 Macedonia

1992 2921 2044 2962 et
2099 2908 2315 2962 Achaia:
2369 2911 2916 2965 communicationem
2947 2916 3234 2983 quamdam
3277 2919 3456 2970 facere
3514 2919 3544 2970 ii

1992 3015 2259 3068 pauperes
2289 3010 2512 3054 sanctos
2560 3003 2650 3069 qui
2683 3014 2809 3055 sunt
2869 3005 2920 3057 iu
2963 3005 3282 3063 Jerusalem.
3317 3026 3336 3058 ι
3392 3007 3547 3077 διιρι·;

1992 3092 2340 3161 pollicebatur
2373 3108 2430 3145 se
2470 3093 2536 3147 ad
2573 3095 2716 3161 ipsos
2747 3109 3130 3163 perventurum
3167 3115 3179 3150 :
3217 3109 3270 3151 at
3311 3102 3543 3169 queuian

1993 3193 2342 3239 curii-taturus
2367 3197 2502 3250 erat,
2539 3201 2608 3241 ne
2637 3187 2910 3242 videretur
2940 3205 3032 3244 eos
3066 3193 3314 3258 irridere,
3345 3208 3563 3247 causam

1993 3293 2154 3331 moral
2186 3293 2295 3332 sum
2325 3279 2567 3345 exponit,
2601 3297 2619 3328 ι
2652 3278 2994 3344 Proﬁciscor,
3031 3301 3046 3332 ι
3088 3283 3356 3350 inquiens,
3394 3303 3412 3335 ι
3447 3285 3566 3340 ηιθ-

1991 3369 2278 3438 rosolyma,
2312 3369 2628 3423 ministrans
2658 3373 2881 3433 sanctis,
2925 3391 2941 3422 ι
2985 3373 3098 3425 Non
3135 3375 3292 3435 dixit,
3329 3376 3564 3429 eleetno-

1988 3479 2174 3531 syuam
2213 3478 2424 3515 mecum
2455 3470 2767 3529 asportans,
2822 3466 2938 3528 Sed,
2995 3485 3010 3515 ι
3052 3467 3402 3518 ιιιίιιίςοιτιιιιςε
3443 3486 3460 3517 ι
3507 3479 3565 3521 ιιι

1987 3558 2258 3608 discamus
2285 3567 2546 3623 quantum
2589 3557 2680 3617 sit,
2718 3566 2772 3608 et
2805 3572 2831 3608 a
2861 3573 2965 3623 quo
3003 3561 3115 3622 iiut,
3170 3562 3309 3626 quod
3358 3559 3557 3612 factttm

1985 3656 2090 3707 cst,
2127 3653 2182 3696 et
2228 3660 2386 3712 quain
2444 3649 2695 3699 arduum.
2753 3645 2852 3698 Per
2919 3650 3016 3699 hoc
3055 3659 3233 3700 autem
3290 3648 3560 3704 Romanus

1984 3739 2146 3792 etiam
2203 3737 2268 3790 ad
2311 3737 2712 3806 eleemosynam
2771 3742 3038 3792 hortatur.
3096 3740 3227 3792 Cum
3266 3742 3409 3793 enim
3462 3747 3557 3803 ait,

1991 3849 2008 3881 ι
2029 3829 2240 3883 Placuit
2267 3828 2589 3883 Macedonia:
2610 3839 2663 3882 et
2683 3831 2920 3893 Achaiaz,
2963 3850 2980 3881 ι
3012 3842 3140 3894 eun,
3163 3833 3556 3886 simulationem

1984 3923 2062 3977 eis
2099 3923 2234 3976 indit
2271 3922 2338 3975 ad
2378 3923 2515 3976 istos
2539 3922 2848 3976 imitandus.
2885 3923 3074 3987 Porro,
3118 3942 3134 3972 ι
3168 3926 3369 3992 placuit
3397 3944 3413 3974 ι
3449 3927 3553 3988 eis,

1985 4032 2102 4084 pro,
2131 4014 2437 4077 voluerunt,
2475 4014 2673 4067 bonum
2707 4025 3036 4067 censuerunt
3064 4016 3276 4067 mittere
3311 4030 3555 4068 commu-

1977 4106 2304 4160 iiicationem
2351 4105 2608 4174 aliquam.
2652 4105 2859 4173 Ubique
2916 4118 3094 4157 autem
3153 4107 3550 4176 elcemosyuam

1982 4193 2529 4250 communicationem
2582 4204 2758 4255 vocat,
2811 4195 2962 4260 quasi
3014 4197 3224 4247 lucrum
3265 4211 3551 4249 commune

1981 4284 2269 4340 essetéum
2306 4286 2545 4337 dantium
2579 4294 2689 4337 tum
2709 4286 3111 4353 accipientium.
3142 4304 3158 4336 ι
3195 4288 3493 4351 Quumdam
3527 4309 3546 4338 ι

1981 4388 2160 4429 autem
2195 4376 2354 4440 dixit,
2390 4389 2490 4442 pro
2518 4377 2768 4445 exiguam
2810 4393 2822 4429 :
2875 4392 2941 4429 ne
2995 4380 3239 4430 videatur
3291 4378 3552 4433 Romanis

1977 4468 2213 4533 obiicere
2241 4471 2386 4538 quod
2426 4477 2478 4521 et
2544 4468 2692 4535 parci
2727 4469 2836 4521 sint
2883 4477 2936 4520 et
2977 4468 3288 4521 illiberales.
3354 4468 3544 4528 Porro.

304 4566 434 4630 χοῦς
472 4562 526 4612 δὲ
561 4561 668 4613 τῶν
700 4563 900 4626 ἁγίων,
947 4579 964 4610 ι
1006 4561 1268 4623 τουτέστι,
1301 4562 1409 4613 τῶν
1450 4563 1674 4616 πιστῶν.
1711 4565 1873 4616 Ὥστε
1910 4569 1950 4622 ι)
1987 4579 1996 4612 t

1857 4581 1873 4616 ε
1910 4569 1950 4622 D
1987 4579 2004 4612 ι
2037 4575 2298 4630 pauperes
2343 4569 2561 4612 sanctos
2612 4577 2631 4610 ι
2671 4561 2824 4621 dixit,
2861 4560 2956 4611 hoc
3001 4573 3100 4618 est.
3137 4560 3338 4612 tideles.
3381 4559 3454 4612 Ita
3494 4572 3549 4613 ut

304 4655 504 4712 διπλὼς
531 4654 569 4682 ⁷⁷
602 4654 740 4718 ἄξιοι
769 4654 1058 4717 ἐλεεῖσθαι,
1089 4653 1178 4706 διὰ
1208 4654 1303 4724 τὴν
1335 4655 1525 4707 πενίαν
1554 4657 1644 4708 καὶ
1670 4657 1758 4709 διὰ
1779 4658 1876 4726 τὴν

302 4746 528 4814 ἀρετήν.

382 4857 399 4888 ι
443 4839 750 4906 Εύδὸκησαν
789 4838 914 4906 γὰρ,
953 4839 1044 4889 καὶ
1074 4837 1346 4905 ὀφειλέται
1393 4838 1571 4890 αὐτῶν
1615 4839 1784 4891 εἰσινο
1828 4842 1875 4891 εἰ

301 4930 409 5002 γὰρ
458 4931 514 4980 ἐν
558 4931 668 4991 τοῖς
717 4931 1108 4997 πνευματικοῖς
1167 4929 1347 4982 αὐτῶν
1394 4929 1760 5000 ἐκοινώνησαν
1807 4933 1874 4984 τὰ

300 5024 452 5091 ἔθνη,
490 5023 761 5090 ὀφείλουσι
811 5025 902 5075 καὶ
938 5024 993 5074 ὲν
1020 5025 1130 5084 τοῖς
1168 5025 1450 5092 σαρκικοῖς
1491 5023 1871 5093 λειτουργῆσαι

296 5116 503 5175 αὐτοῖς.
549 5132 566 5164 ι
613 5114 799 5174 Οὐδὲν,
835 5115 988 5182 φησι,
1023 5113 1230 5177 καινὸν,
1265 5115 1313 5166 εί
1354 5112 1650 5182 εὐδόκησαν
1682 5131 1871 5166 κοινωα

297 5209 459 5274 νῆςαι
503 5209 612 5266 τοῖς
663 5205 872 5271 ἁγίοις·
912 5205 1183 5272 ὀψειλέται
1233 5208 1336 5272 γὰρ
1374 5205 1550 5256 αὐτῶν
1585 5208 1710 5258 εἰσι.
1765 5206 1871 5256 Καὶ

296 5300 452 5361 πῶς;
495 5299 586 5349 Ἐκ
631 5298 736 5349 τῶν
789 5295 1052 5349 Ἰουδαίων
1089 5294 1154 5368 ἦν
1191 5299 1218 5349 δ
1246 5297 1499 5366 Χριστὸς,
1551 5296 1619 5348 δι’
1674 5297 1869 5359 αὐτοὺς

294 5391 483 5463 ἦλθεν,
512 5390 718 5442 ἐκεῖθεν
747 5391 796 5441 οί
827 5390 1138 5454 ἀπόστολοι,
1173 5391 1220 5442 οί
1269 5390 1566 5458 πριφῆται,
1598 5391 1771 5442 πάντα
1798 5392 1864 5442 τι

295 5483 500 5548 ἀγαθά,
535 5482 752 5534 Τούτων
799 5478 891 5533 οὖν
922 5481 1177 5534 ἁπάντων
1222 5481 1580 5550 ἐκοινώνησεν
1610 5483 1640 5550 ἡ
1680 5486 1858 5533 οἴκου-

298 5577 458 5644 μένη.
504 5575 839 5642 Ὀφείλουσιν
865 5574 956 5628 οὖν
992 5574 1148 5627 πάλιν
1181 5573 1500 5642 μεταδοῦναι
1543 5573 1722 5634 αὐτοῖς
1755 5573 1860 5624 τῶν

1976 4652 2172 4720 tluplici
2235 4654 2444 4703 ratione
2518 4651 2868 4703 miseratione
2921 4649 3065 4717 digni
3125 4650 3253 4710 sint,
3313 4653 3544 4718 primum

1976 4744 2329 4814 p.mpertatis,
2361 4743 2554 4797 deinde
2582 4757 2709 4795 vero
2743 4743 2957 4794 virtutis
2987 4742 3226 4793 nomine.

2047 4838 2206 4891 Vens.
2236 4837 2324 4890 27.
2363 4855 2380 4887 ι
2426 4835 2634 4890 Placuit
2673 4837 2817 4888 enim
2850 4836 2953 4898 eis,
3013 4845 3066 4887 ct
3112 4837 3385 4888 debitores
3419 4847 3544 4887 sunt

1975 4930 2203 4983 illorum.
2234 4929 2365 4981 Nam
2392 4929 2437 4982 si
2466 4928 2828 4996 spiritualium
2871 4940 3058 4980 eorum
3085 4927 3377 4994 partiripes
3415 4927 3540 4980 tat-ti

1973 5033 2092 5076 sum
2119 5020 2366 5090 gentiles.
2390 5021 2583 5074 debent
2601 5031 2654 5072 et
2678 5021 2726 5072 in
2748 5018 3058 5073 carnalibus
3076 5019 3490 5070 niinistrareeis.
3521 5036 3536 5065 ι

1972 5114 2114 5167 Nihil
2149 5128 2371 5178 novum,
2396 5113 2586 5180 inquit,
2614 5113 2655 5165 si
2690 5113 2892 5165 sanctis
2918 5111 3322 5163 communirare
3357 5111 3542 5161 Vultu"

1973 5213 2133 5257 runt:
2173 5203 2445 5256 debitores
2497 5204 2641 5255 enim
2686 5202 2900 5253 illorum
2961 5212 3105 5253 sunt.
3167 5201 3345 5266 chna
3400 5202 3538 5252 istuc

1969 5293 2212 5346 rati0ne?
2260 5292 2335 5345 Ex
2395 5292 2590 5345 ludatis
2647 5302 2764 5345 erat
2801 5293 3068 5353 Christus,
3130 5303 3348 5358 propter
3391 5293 3535 5359 ipsos

1970 5398 2220 5444 venerat;
2253 5386 2318 5435 ab
2362 5387 2467 5438 illis
2497 5384 2656 5437 etiam
2690 5387 2913 5451 apostoli
2953 5394 3004 5436 et
3035 5385 3326 5451 PI'OpIICI'J‘,
3363 5387 3537 5435 adeo-

1968 5492 2072 5545 que
2106 5477 2259 5544 112
2290 5479 2466 5529 omnia
2509 5479 2665 5529 bona.
2703 5477 2902 5528 llnrum
2944 5478 3104 5543 igitur
3139 5479 3380 5527 onmium
3417 5493 3539 5542 pur~

1971 5572 2137 5634 tiu-ps
2169 5575 2337 5622 tattus
2367 5581 2449 5622 est
2482 5572 2764 5622 universus
2795 5579 3060 5622 terrarum
3118 5569 3287 5622 orbis.
3331 5567 3534 5620 Debent

1557 5682 1753 5741 Variae
1787 5680 2109 5740 lectiones.

373 5787 419 5820 ε’
453 5785 845 5854 ἐπιθυμοῦντος
883 5799 934 5838 o.
1013 5785 1057 5816 "°
1099 5783 1207 5854 τῷν
1253 5783 1426 5835 ἄλλων
1474 5784 1598 5854 ἰδεῖν
1647 5801 1715 5834 ιιι.

292 5860 338 5890 ⁷⁵
383 5851 663 5927 Ἐὕραῐούς
697 5872 748 5912 0.
825 5858 870 5889 ⁷⁸
904 5854 1086 5925 κοινὴν
1121 5851 1286 5908 οὖσαν
1333 5856 1423 5906 καὶ
1474 5853 1580 5906 τῶν
1612 5871 1661 5906 o.

1794 5783 1833 5811 ⁷⁸
1889 5780 2020 5849 πρὸς
2070 5796 2120 5833 0.

1742 5853 1785 5881 ⁷⁷
1845 5853 2004 5921 διπλῃ
2045 5868 2097 5903 υ.

2198 5782 2242 5812 ⁷³
2272 5782 2494 5850 ἀγάπην
2544 5797 2594 5836 o.
2671 5781 2716 5816 ’³
2760 5782 2981 5844 τούτους
3019 5796 3068 5834 ο.
3151 5783 3194 5809 ⁷⁵
3247 5779 3437 5840 αὐτούς
3482 5797 3532 5832 υ.
