4286 6444
293 438 400 502 549

1078 432 1488 494 EXPOSITIO
1534 434 1610 492 lN
1650 432 1885 491 EPIST.
1925 431 2021 489 AD
2063 432 2243 492 ROM.
2274 459 2338 467 —
2370 437 2531 498 CAP.
2572 437 2728 495 XVI.

3449 443 3554 505 550

276 556 398 622 έχη,
428 555 558 608 ὅταν
592 553 650 617 ἐξ
671 552 905 615 ἀδικίας,
959 552 1086 603 ὅταν
1148 550 1283 619 πρὸς
1329 545 1658 608 κενοδοξίαν,
1688 544 1865 596 πάντα
1897 549 1937 604 Α
1970 543 2212 606 exhibet,
2243 546 2460 612 quando
2499 559 2562 597 cx
2604 545 2728 613 injul

1858 561 1865 593 ι
1897 549 1937 604 Α
1970 543 2212 606 exhibet,
2243 546 2460 612 quando
2499 559 2562 597 cx
2604 545 2821 613 injuria,
2862 547 3078 614 quando
3111 548 3173 600 ad
3229 555 3550 605 ostentatio-

280 650 513 718 οἴχεται,
553 647 646 700 καὶ
678 648 707 700 ὁ
743 649 808 699 ὲκ
844 643 1049 697 τούτων
1079 644 1290 710 καρπὸς
1319 640 1664 708 ἀφανίζεται.

354 848 372 880 ι
416 830 534 880 Ἵνα
585 830 642 879 ἐν
679 827 821 896 χαρᾷ
865 824 1002 876 ἔλθω
1051 822 1188 893 πρὸς
1233 823 1376 889 ὑμᾶς
1420 819 1509 872 διὰ
1555 819 1859 888 θελήματος

272 919 435 972 Θεοῦ.
481 939 498 970 ι
552 920 650 971 Διὰ
685 917 866 981 τοῦτο,
922 917 1078 986 φησι,
1134 914 1400 984 ρυσθῆναι
1452 910 1718 981 εὔχομαι,
1772 911 1858 962 ἵνα

277 1010 490 1080 ταχέως
517 1009 660 1079 ὑμᾶς
691 1008 805 1071 ἴδω,
859 1008 953 1059 καὶ
988 1005 1104 1074 μεθ’
1137 1003 1330 1073 ἡδονῆς
1351 1043 1364 1068 ,
1405 1000 1677 1071 μηδεμίαν
1711 999 1858 1051 ἐκεῖ·

276 1102 371 1154 θεν
401 1101 794 1171 ἐπισυρόμενος
829 1098 1090 1168 ἀθυμίαν.

353 1212 374 1244 ι
419 1194 530 1247 Καὶ
559 1190 1061 1259 συναναπαύσωμαι
1086 1190 1234 1258 ὑμῖν.
1276 1207 1293 1240 ›
1332 1188 1447 1240 Οὐκ
1475 1182 1617 1251 εἷπε,
1645 1182 1853 1246 Διδάξω

274 1286 444 1354 ὑμᾶς,
497 1288 590 1354 καὶ
641 1283 957 1352 κατηχήσω,
1010 1281 1181 1343 ἀλλὰ,
1239 1298 1256 1330 ι
1310 1275 1852 1344 Συναναπαύσωμαι·

269 1349 590 1439 τουτέστιν,
650 1349 851 1444 ’Υμείς
880 1374 1003 1442 ἐμοὶ
1044 1372 1130 1426 διὰ
1164 1372 1260 1441 τὴν
1290 1369 1662 1432 διδασκαλίαν,
1701 1365 1856 1435 κάγὼ

277 1468 409 1536 ὑμῖν
436 1467 524 1520 διὰ
563 1467 661 1537 τὴν
697 1467 794 1535 τῆς
835 1465 1070 1527 πίστεως
1098 1463 1356 1516 ἐπίδοσιν.
1401 1461 1652 1514 Δείκνυσι
1677 1458 1731 1511 δὲ
1767 1456 1855 1510 διὰ

269 1559 372 1627 τῆς
404 1557 602 1622 λέξεως
629 1557 830 1627 ταύτης
851 1597 864 1621 ,
898 1558 980 1609 ὅτι
1012 1556 1229 1624 ἀγῶνας
1267 1554 1483 1623 ἔχοντες
1511 1552 1605 1605 καὶ
1633 1551 1851 1615 πόνους,

277 1650 373 1710 καὶ
400 1650 565 1712 αὐτὸς
592 1650 687 1701 καὶ
713 1649 866 1703 αὐτοὶ
901 1648 1198 1719 χρῄζουσιν
1230 1645 1612 1728 ἀναπαύσεως.

350 1851 367 1882 ι
419 1832 477 1884 ’0
525 1831 580 1884 δὲ
614 1808 746 1893 Θεὸς
795 1831 896 1900 τῆς
946 1830 1172 1900 είρὴνης
1223 1827 1360 1899 μετὰ
1408 1807 1629 1880 πάντων
1673 1825 1848 1896 ὑμῶν.

1965 649 2112 697 ueni,
2145 645 2337 689 cuneta
2364 647 2610 703 pereunt,
2644 646 2809 706 atque
2862 639 3056 692 horum
3129 641 3370 695 omnium
3432 645 3550 696 l'ru-

1965 732 2090 777 ctus
2116 726 2415 781 evanescit.

2035 817 2306 870 Vsus.52.
2349 837 2366 867 ι
2406 818 2476 874 Ut
2504 833 2625 873 cum
2672 820 2866 886 gaudio
2912 823 3126 876 veniam
3182 826 3247 877 ad
3307 839 3400 878 vos
3448 839 3548 893 per

1960 906 2289 961 voluntatem
2322 908 2437 963 Dei.
2473 929 2490 961 ι
2522 909 2836 980 PrOpterea,
2865 912 3058 982 inquit,
3080 914 3297 969 liberari
3315 925 3460 984 opto,
3490 927 3547 969 ιιι

1960 999 2067 1055 cito
2093 1015 2186 1054 vos
2245 1001 2480 1067 videam,
2520 1012 2573 1058 et
2626 1018 2748 1058 cum
2797 1006 3092 1075 voluptate,
3161 1007 3363 1061 nullam
3423 1009 3546 1062 inde

1963 1090 2242 1144 tristitiam
2269 1093 2616 1148 contrahens.

2036 1201 2053 1233 ι
2093 1183 2156 1236 Ει
2191 1183 2481 1252 refrigerer
2510 1187 2807 1241 vobiscum.
2844 1207 2863 1241 ι
2899 1187 3015 1243 Νοιι
3047 1187 3205 1253 dixit,
3233 1199 3294 1243 ut
3325 1204 3418 1243 vos
3451 1191 3519 1245 do

1958 1287 2105 1326 ceam
2128 1282 2287 1342 atque
2311 1273 2614 1340 instituam,
2635 1277 2751 1343 sed,
2785 1294 2802 1328 ι
2835 1278 3124 1348 ret‘rigerer
3171 1280 3488 1334 vobiscum:
3516 1299 3534 1331 ι

1959 1365 2060 1418 hoc
2086 1375 2188 1429 est,
2222 1376 2278 1419 ιιι
2305 1382 2400 1420 vos
2436 1368 2665 1435 quidem
2690 1370 2744 1422 in
2799 1385 2882 1423 me
2919 1372 3237 1426 recreemiui
3297 1388 3393 1442 per
3438 1372 3540 1427 don

1957 1457 2210 1520 ctrinam,
2240 1471 2302 1510 ac
2329 1453 2518 1526 ego'in
2547 1461 2699 1513 vobis
2731 1471 2954 1530 propter
2983 1461 3105 1515 ﬁdei
3135 1471 3330 1516 vestra:
3357 1464 3540 1538 inere-

1957 1558 2221 1603 mentum.
2260 1549 2522 1603 Monstrat
2549 1561 2728 1606 autem
2761 1569 2855 1621 per
2879 1554 3172 1608 dictionem
3211 1555 3370 1617 hanc,
3395 1559 3540 1624 quod

1956 1641 2348 1695 certaminibus
2383 1657 2444 1694 ac
2469 1641 2743 1698 laboribus
2771 1644 2991 1712 defessi,
3027 1662 3148 1701 cum
3181 1649 3292 1716 ipse
3321 1655 3432 1701 tum
3463 1647 3539 1702 ilii

1957 1730 2347 1787 refocillatione
2375 1733 2678 1800 indigeant.

2029 1820 2192 1877 Vnus.
2225 1824 2313 1877 55.
2354 1843 2372 1876 ι
2425 1826 2561 1880 Deus
2592 1835 2770 1881 autem
2802 1826 2950 1896 pacis
3008 1829 3080 1882 sit
3112 1841 3255 1883 'cum
3287 1831 3539 1886 omnibus

283 1924 484 1994 Ἀμήν.
517 1943 534 1973 ι
562 1892 736 1977 Τοῦτο
755 1892 1030 1992 πανταχού
1055 1892 1176 1984 tot};
1199 1892 1367 1991 αὐτῷ,
1390 1919 1556 1989 εὐχὴν
1582 1892 1852 1971 ποιείσθαι
1885 1892 1926 1949 Β
1956 1915 2129 1969 vobis.
2165 1916 2357 1994 Amen.
2399 1936 2416 1968 ι
2479 1918 2692 1988 Ubique

1885 1892 1926 1949 Β
1956 1915 2129 1969 vobis.
2165 1916 2357 1994 Amen.
2399 1936 2416 1968 ι
2479 1918 2692 1988 Ubique
2747 1892 3083 1978 consuetudo
3116 1933 3198 1978 est
3251 1924 3534 1994 Apostolo,

270 2021 369 2069 καί
400 2019 465 2087 τῇ
499 2015 821 2088 παραινέσει
850 2014 1227 2084 προστιθέναι.

854 2128 1104 2181 ΚΕΦΛΛ.
1136 2126 1247 2194 ις’.

354 2263 372 2292 ι
413 2241 713 2313 Συνίστημι
754 2241 811 2295 δὲ
854 2242 982 2311 ὑμῖν
1029 2241 1229 2312 φοίϐην
1271 2242 1372 2313 τὴν
1402 2242 1636 2313 ἀδελφὴν
1670 2243 1845 2313 ὑμῶν,

266 2335 518 2388 διάκονον
553 2330 718 2388 οὖσαν
744 2335 841 2405 τῆς
882 2328 1210 2406 Ἐκκλησίας
1238 2335 1337 2404 τῆς
1368 2336 1427 2388 ἑν
1455 2327 1784 2406 Κεγχρεαῖς.
1824 2353 1842 2386 ι

267 2424 490 2496 Ἐπειδὴ
525 2426 662 2496 αὓτη
694 2423 762 2497 ἦν
791 2427 1185 2496 διακομίζουσα
1205 2429 1304 2497 τὴν
1348 2427 1691 2498 Ἐπιστολὴν,
1725 2445 1849 2481 συν-

271 2520 397 2590 ιστᾷ
423 2520 590 2589 αὐτὴν
635 2520 839 2582 αὐτοῖς.
874 2519 1132 2589 Σεμνύνει
1160 2519 1216 2571 δὲ
1263 2518 1484 2588 ταύτην,
1515 2519 1610 2572 καὶ
1639 2519 1726 2572 διὰ
1751 2517 1845 2572 τοῦ

267 2612 497 2683 πρώτης
535 2613 863 2682 μνησθῆναι,
897 2615 990 2668 καὶ
1021 2612 1111 2664 διὰ
1142 2611 1236 2663 τοῦ
1288 2611 1524 2681 ἀδελφὴν
1579 2611 1846 2680 ὀνομάσαι

267 2704 336 2772 (ὃ
368 2705 511 2773 μέγα
535 2704 805 2774 ἀξίωμα),
838 2705 933 2758 καὶ
965 2704 1055 2758 διὰ
1075 2702 1169 2756 τού
1189 2691 1436 2757 διᾶκονον
1463 2700 1630 2757 οὖσαν
1651 2703 1843 2767 δεῖξαι.

347 2995 364 3028 ι
400 2977 518 3030 Ἵνα
559 2975 729 3046 αὐτὴν
773 2974 1144 3046 προσδέξησθε
1189 2977 1248 3028 ὲν
1296 2975 1487 3047 Κυρίῳ
1535 2976 1703 3042 ἀξίως
1733 2977 1842 3031 τῶν

259 3069 461 3137 ἁγίων.
496 3087 514 3120 ι
547 3069 860 3132 Τουτέστιν,
893 3069 990 3121 Διὰ
1014 3068 1104 3121 τὸν
1125 3067 1330 3138 Κύριον
1356 3069 1624 3139 τιμήσητε
1649 3071 1838 3140 αὐτήν.

274 3161 337 3216 Ὀ
365 3161 474 3231 γὰρ
501 3161 589 3214 διὰ
608 3162 700 3214 τὸν
725 3161 927 3231 Κύριον
949 3161 1239 3230 δεχόμενος
1264 3161 1470 3214 καὶτὸν
1500 3160 1696 3228 μικρὸν
1744 3177 1841 3228 με-

1953 2008 2320 2076 precationem
2381 2009 2753 2064 adhortationi
2791 2027 3080 2081 apponere.

2554 2120 2783 2178 CAPUT
2814 2122 2954 2178 XVI.

2024 2254 2193 2310 Vsus.
2231 2257 2284 2310 1.
2318 2276 2335 2308 ι
2368 2256 2699 2312 Commendo
2723 2268 2901 2313 autem
2932 2260 3082 2316 vobis
3116 2259 3346 2316 Pharben
3380 2277 3536 2318 soro-

1949 2361 2061 2401 rem
2099 2357 2361 2413 nostram,
2391 2363 2507 2417 qua:
2531 2335 2612 2404 est
2642 2350 2695 2404 in
2735 2351 3037 2406 ministerio
3095 2350 3362 2407 Ecclesize-
3409 2370 3531 2423 qua:

1948 2451 2029 2496 cst
2059 2443 2109 2496 in
2133 2443 2415 2498 Cenchris.
2444 2462 2462 2495 ι
2497 2444 2631 2511 Quia
2669 2446 2782 2500 hate
2808 2457 3050 2502 matrona
3075 2447 3366 2517 Epistulam
3398 2451 3529 2504 hanc

1949 2533 2228 2598 aﬂ‘erebat,
2257 2535 2375 2588 ideo
2392 2549 2508 2587 eam
2532 2539 2878 2591 commendat
2899 2540 3328 2607 ipsis.Peeuliari
3355 2556 3530 2597 autem

1950 2626 2087 2678 hanc
2129 2625 2336 2679 honore
2376 2626 2560 2692 allicit,
2595 2632 2807 2697 etquod
2839 2632 3015 2697 primo
3052 2632 3172 2688 loco
3204 2636 3528 2689 mentionem

1945 2716 2061 2785 ejus
2095 2714 2244 2779 facit,
2308 2727 2360 2771 et
2388 2733 2483 2785 per
2515 2719 2616 2773 hoc
2644 2721 2782 2787 quod
2815 2737 3056 2778 sororem
3110 2726 3341 2792 appellat
3393 2728 3511 2796 (qur

1945 2807 2136 2876 ingens
2168 2822 2299 2860 sane
2331 2819 2415 2862 est
2443 2810 2720 2882 dignitas),
2758 2823 2811 2867 et
2839 2828 2934 2882 per
2965 2815 3066 2868 hoc
3118 2818 3260 2885 quod
3295 2821 3504 2873 ostendi

1944 2912 2062 2951 eam
2095 2899 2396 2953 ministram
2445 2900 2630 2957 fuisse.

2019 2988 2180 3043 Vena.
2208 2991 2264 3044 '2.
2303 3010 2320 3042 (
2362 2992 2429 3047 Ut
2470 2994 2637 3060 ipsam
2670 2996 2954 3066 accipiatis
3010 2998 3061 3051 in
3095 3001 3321 3056 Demino
3372 3003 3516 3073 (ligat

1943 3082 2167 3136 Sanctis.
2221 3101 2239 3133 ι
2283 3083 2414 3137 Hoc
2453 3095 2555 3148 est,
2611 3097 2668 3139 ut
2733 3096 2958 3156 propter
3020 3089 3302 3144 Dominum
3357 3094 3506 3162 ipsan

1946 3175 2246 3228 honoretis.
2299 3173 2398 3240 Qui
2437 3177 2580 3229 enim
2630 3182 2937 3248 quempiam
2971 3184 3224 3250 quamvis
3251 3185 3499 3253 exiguum

261 3254 450 3322 τάλως
474 3256 608 3324 τιμᾷ
628 3269 641 3283 ⁸
675 3254 767 3306 te“
814 3254 868 3305 δὲ
897 3254 990 3306 καί·
1023 3253 1154 3320 ἀγία
1178 3249 1238 3326 ᾖν
1264 3251 1444 3321 πολῖῷ
1485 3252 1686 3320 μᾶλλον
1708 3268 1722 3283 ⁹
1759 3252 1839 3344 διὸ
1865 3235 1908 3296 C
1947 3276 2171 3336 propter
2198 3235 2480 3320 Domin'um
2506 3235 2728 3338 suscipit

1865 3235 1908 3296 Ο
1947 3276 2171 3336 propter
2198 3265 2480 3320 Domiu‘um
2506 3270 2754 3338 suscipit,
2786 3272 2987 3339 ingenti
3017 3275 3216 3329 honore
3239 3275 3522 3344 dignatur:

262 3346 604 3416 προσέθηκεν
621 3363 634 3379 ο
664 3364 682 3397 ι
723 3347 912 3410 Ἀξίως
938 3346 1047 3399 τῶν
1076 3347 1268 3414 ἁγίων,
1293 3364 1313 3397 ι
1346 3345 1640 3413 τουτέστιν,
1663 3345 1737 3408 ὡς
1763 3343 1842 3397 δεῖ

260 3437 393 3500 τοὺς
415 3436 603 3503 ἁγίους
630 3435 1009 3505 ὑποδέχεσθαι.

342 3631 360 3664 ι
402 3613 509 3665 Καὶ
545 3614 864 3682 παραστῆτε
907 3612 1066 3682 αὐτῇ,
1102 3613 1158 3665 ὲν
1193 3605 1236 3680 ᾧ
1274 3613 1337 3665 ἂν
1368 3612 1522 3683 ὑμῶν
1555 3613 1842 3682 πράγματι

259 3706 495 3777 χρῄζῃ.»
529 3705 837 3771 Τουτὲστιν,
869 3704 983 3758 Ἵνα
1027 3709 1093 3759 τὰ
1128 3706 1256 3775 παρ’
1286 3707 1440 3776 ὑμῶν
1467 3708 1838 3776 εἰσενέγκητε,

262 3801 360 3850 καὶ
391 3802 547 3868 χεῖρα
582 3798 827 3867 ὀρέξητε.
863 3801 937 3851 Οὐ
977 3800 1084 3869 γὰρ
1129 3794 1305 3863 εἶπεν,
1338 3800 1454 3851 Ἵνα
1492 3799 1839 3867 ἀπαλλάξητε

261 3890 458 3960 αὐτὴν.

341 4001 359 4033 ι
395 3981 504 4034 ΚαὶΙ
543 3982 651 4052 γὰρ
689 3982 829 4050 αὕτη
875 3982 1170 4054 προστάτις
1218 3980 1428 4034 πολλῶν
1457 3982 1714 4052 ἐγενήθη,
1747 3982 1840 4035 καὶ

260 4069 401 4139 ἐμοῦ
449 4069 636 4123 αὐτοῦ.
687 4090 705 4121 ι
751 4071 1020 4142 Ἑπῄνησε
1069 4071 1307 4140 πρῶτον,
1337 4066 1457 4123 εἶτα
1497 4071 1708 4124 τέθεικε
1737 4072 1838 4140 τὴν

261 4167 617 4237 παράκλησιν
650 4167 825 4237 μέσην
847 4185 858 4196 ·
892 4165 1010 4221 εἶτα
1041 4168 1204 4220 πάλιν
1247 4168 1314 4220 τὰ
1345 4166 1616 4237 ἐγκώμια,
1650 4168 1839 4220 ἑκατέ-

263 4261 403 4331 ρωθι
432 4262 680 4328 σφίγγων
709 4262 809 4330 τὴν
842 4262 977 4331 πρὸς
1028 4264 1088 4314 τὸ
1131 4263 1360 4332 τιμῆσαι
1388 4262 1558 4332 αὐτὴν
1598 4279 1831 4332 προτρο-

260 4356 372 4420 πὴν
396 4343 472 4406 ³³.’
503 4371 520 4403 ι
556 4354 855 4424 Προστὰτις
892 4373 909 4404 ι
945 4355 1074 4424 γὰρ,
1105 4355 1262 4423 φησι,
1295 4373 1312 4405 ‹
1352 4355 1563 4408 πολλῶν
1591 4355 1832 4422 ἐγένετο,

258 4447 356 4498 καὶ
386 4445 523 4514 ἐμοῦ
551 4445 737 4510 αὐτοῦ,
785 4464 802 4496 ι
835 4445 928 4498 τοῦ
962 4447 1199 4517 κήρυκος
1227 4446 1324 4516 τῆς
1353 4447 1706 4516 οἰκουμένης,
1739 4446 1831 4499 τοῦ

261 4541 501 4590 τοσαῦτα
533 4539 818 4600 παθόντος.

336 4651 354 4682 ι
407 4631 751 4684 Ἀσπάσασθε
787 4631 1114 4700 Πρίσκιλλαν
1146 4632 1237 4684 καὶ
1280 4632 1510 4685 Ἀκύλαν
1539 4633 1661 4693 τοὺς
1699 4648 1838 4709 συν-⁵

255 4723 454 4794 εργούς
489 4739 592 4792 μου
647 4726 704 4774 ἐν
740 4723 962 4792 Χριστῷ
1010 4724 1206 4791 Ἰησοῦ.
1248 4743 1265 4775 ι
1317 4725 1676 4794 Συνήργησάν
1720 4742 1833 4791 μοι,

258 4819 446 4884 φησιν,
487 4817 544 4866 ὲν
574 4815 650 4884 τῷ
684 4816 828 4884 λόγῳ
867 4817 958 4868 καὶ
991 4819 1056 4886 τῇ
1089 4817 1410 4888 διδασκαλίᾳ
1427 4817 1493 4881 ⁸⁸,
1532 4819 1625 4869 καὶ
1654 4819 1829 4870 πόνων

255 4910 351 4961 καὶ
378 4906 641 4960 κινδύνων
677 4908 923 4975 ἐγένοντο
957 4907 1226 4961 κοινωνοί.
1260 4909 1412 4969 Τινὲς
1446 4907 1500 4960 δὲ
1537 4908 1831 4976 συνεργοὺς

256 4998 481 5061 τούτους
533 4998 608 5060 ὡς
642 5001 995 5063 σκηνοποιοὺς
1030 5001 1120 5051 καὶ
1149 5000 1346 5060 αὐτοὺς
1387 4999 1546 5061 ὄντας
1577 4999 1827 5068 ἐνόησαν.

336 5199 354 5230 ι
396 5181 610 5242 Οἴτινες
639 5179 780 5249 ὑπὲρ
809 5183 904 5250 τῆς
932 5181 1110 5250 ψυχῆς
1141 5199 1240 5251 μου
1270 5182 1359 5234 τὸν
1387 5182 1595 5235 ἑαυτῶν
1625 5183 1826 5253 τράχη·

256 5273 347 5325 λον
384 5271 687 5339 ὑπέθηκαν.
728 5291 746 5323 ι
789 5273 1078 5343 Μάρτυρες
1103 5275 1499 5344 ἀπηρτισμένοι
1531 5271 1675 5330 οὗτοι
1695 5293 1707 5306 ο
1737 5277 1828 5328 καὶ

256 5365 366 5435 γὰρ
395 5365 489 5416 ἐπὶ
522 5365 770 5434 Νέρωνος
798 5365 979 5435 μυρίοι
1010 5367 1058 5418 οἱ
1091 5365 1343 5420 κίνδυνοι.

335 5473 353 5505 ι
397 5445 493 5520 Di;
523 5457 621 5508 οὐκ
655 5455 764 5524 ἐγὼ
797 5457 953 5524 μόνος
982 5457 1310 5527 εὐχαριστῶ,
1343 5457 1477 5509 ἀλλὰ
1512 5459 1606 5511 καὶ
1653 5461 1819 5514 πᾶσαι

251 5553 310 5606 αἱ
363 5545 679 5617 Ἐκκλησίαι
715 5547 823 5600 τῶν
861 5548 1050 5606 ὲθνῶι,
1096 5569 1114 5601 ι
1166 5551 1435 5605 Ἐνταῦθα
1464 5554 1562 5624 τὴν
1613 5556 1822 5624 φιλοξε-

1944 3357 2027 3410 sin
2065 3371 2188 3409 vero
2211 3365 2264 3410 et
2292 3366 2478 3410 sancta
2511 3360 2692 3426 fuerit,
2754 3362 2922 3416 multo
2979 3365 3171 3434 magis.
3235 3365 3527 3435 Propterea

1947 3448 2161 3516 adjecit,
2204 3466 2222 3499 ι
2265 3449 2424 3517 digne
2479 3452 2704 3525 sanctis,
2747 3470 2766 3504 ι
2810 3453 2861 3507 id
2915 3464 3019 3521 est,
3069 3456 3524 3524 quemadmodum

1946 3525 2201 3593 Convenit
2234 3552 2455 3595 sanctos
2481 3533 2780 3612 suscipere.

2021 3650 2039 3682 ι
2078 3631 2140 3684 Ει
2174 3632 2442 3687 assistatis
2503 3634 2552 3688 ei
2601 3637 2652 3688 in
2711 3625 3045 3705 quocunque
3086 3639 3300 3708 negotio
3357 3641 3523 3695 vestri

1942 3725 2254 3794 indigucrit.
2293 3743 2312 3777 ›
2345 3723 2460 3778 Hoc
2490 3737 2593 3789 est,
2619 3737 2671 3779 ut
2693 3739 2869 3781 vestra
2904 3729 2953 3781 ei
2987 3728 3250 3794 oﬂ'eratis,
3277 3747 3521 3785 manum-

1939 3833 2044 3887 que
2065 3816 2111 3870 ei
2145 3816 2454 3886 porrigatis.
2501 3815 2613 3870 Non
2650 3820 2792 3871 enim
2821 3819 2979 3884 dixit,
3028 3831 3087 3873 ut
3136 3823 3421 3878 dimittatis
3445 3826 3522 3894 ip-

1941 3925 2078 3964 sam.

2016 4020 2032 4052 ι
2078 3999 2289 4055 Etenim
2324 4002 2436 4070 ipsa
2468 4002 2844 4058 astititmultis
2872 4013 2924 4058 et
2950 4005 3080 4058 mihi
3116 4007 3237 4074 ipsi.
3275 4027 3292 4058 ι
3326 4010 3522 4075 Impri-

1939 4095 2041 4148 mis
2069 4094 2471 4147 commendavit
2499 4097 2689 4162 ipsam,
2719 4095 2912 4150 deiude
2940 4098 3372 4154 exhortationem
3431 4103 3517 4154 iu-

1939 4187 2221 4251 terposuit,
2264 4199 2326 4237 ac
2374 4186 2552 4239 denuo
2583 4186 2732 4239 addit
2770 4189 3046 4254 eucomia;
3085 4193 3515 4248 exhortationem

1948 4293 2097 4330 suam
2123 4291 2226 4343 qua
2259 4287 2438 4330 monet
2459 4292 2575 4337 eos,
2608 4290 2663 4330 ιιι
2682 4278 2939 4333 honorem
2961 4282 3031 4334 illi
3056 4283 3322 4348 deferant,
3348 4288 3518 4339 utrin-

1934 4384 2038 4437 que
2057 4369 2300 4437 cingens.
2331 4387 2347 4417 ι
2370 4369 2561 4423 Astitit
2594 4372 2799 4433 teuim,
2845 4373 3038 4440 inquit,
3067 4393 3084 4424 ι
3123 4378 3326 4440 multis,
3355 4395 3372 4428 ι
3411 4379 3516 4430 imo

1943 4477 1960 4509 ‹
2007 4473 2059 4512 et
2100 4458 2231 4510 mihi
2284 4459 2408 4527 ipsi,
2448 4478 2464 4509 ι
2501 4464 2663 4513 totius
2693 4462 2838 4515 orbis
2871 4465 3128 4532 praeconi,
3163 4473 3516 4536 totlantaqne

1971 4563 2115 4602 asso.

1971 4563 2115 4602 asso.

1858 4575 1903 4630 Β
1932 4563 1966 4706 ,ρ
2009 4636 2260 4691 κἐιις.’5.
2295 4657 2312 4688 ι
2351 4639 2592 4695 Salutate
2620 4640 2917 4696 Priscillam
2951 4654 3002 4696 et
3035 4645 3307 4713 Aquilam,
3355 4648 3513 4713 adju-

1934 4737 2078 4782 tores
2113 4744 2260 4781 mcos
2311 4729 2359 4782 iu
2410 4730 2628 4784 Christo
2658 4732 2805 4785 .lesu.
2843 4752 2861 4783 ι
2901 4732 3048 4800 lllihi,
3086 4735 3278 4801 inquit,
3313 4752 3510 4804 coepe-

1934 4818 2036 4871 rati
2080 4833 2205 4874 sunt
2237 4821 2287 4872 in
2323 4821 2487 4874 verbo
2518 4833 2568 4874 et
2625 4823 2675 4875 iu
2738 4824 3005 4889 doctrina,
3066 4826 3416 4896 laborumque
3458 4839 3510 4883 et

1935 4912 2301 4979 periculorum
2335 4912 2464 4964 facti
2491 4925 2613 4964 sunt
2642 4916 2952 4983 participes.
2979 4916 3225 4970 Nonnulli
3251 4935 3507 4988 coopera-

1928 5001 2037 5053 rios
2069 5001 2197 5054 istos
2240 5003 2640 5067 intellexerunt,
2691 5015 2940 5074 tanquam
2972 5009 3068 5076 ipsi
3127 5013 3502 5064 tabernaculu-

1928 5107 2044 5144 rum
2073 5101 2310 5145 textores
2344 5109 2498 5147 (3558"
2510 5104 2546 5146 ι.

2005 5200 2162 5271 114
2186 5201 2344 5255 \‘r-zus.
2371 5202 2424 5256 4.
2467 5222 2485 5253 ‹
2509 5204 2609 5269 Qui
2632 5222 2727 5272 pro
2752 5207 2926 5258 anima
2954 5222 3066 5259 mea
3088 5225 3238 5262 suam
3259 5211 3496 5279 ipsorum

1925 5295 2184 5348 cervicem
2221 5307 2638 5361 supposuerunt.
2669 5316 2685 5346 ι
2710 5282 2772 5348 lli
2795 5310 2948 5350 erant
2972 5301 3189 5366 perlecti
3213 5310 3495 5371 martyres.

1923 5382 2056 5436 Nam
2090 5383 2189 5436 sub
2219 5385 2428 5438 Nerone
2468 5388 2748 5439 innumera
2784 5390 3017 5455 pericula
3053 5393 3420 5446 imminebant.

2005 5492 2022 5523 ι
2057 5474 2261 5539 Quibus
2294 5491 2396 5528 non
2423 5492 2520 5545 ego
2563 5478 2707 5531 solus
2738 5480 2935 5547 gratias
2965 5496 3086 5547 ago,
3119 5499 3302 5536 verum
3332 5488 3492 5541 etiam

1926 5577 2115 5617 omnes
2167 5564 2418 5620 Ecclesia:
2450 5567 2705 5636 gentium.
2746 5585 2764 5618 ι
2825 5566 3253 5638 Ηοειιίιιιιιιίιιοιιι
3306 5590 3493 5631 eorum

1586 5695 1792 5758 Varia
1836 5697 2164 5762 lectiones.

322 5837 370 5869 υ
423 5835 709 5906 προκοπήν
737 5851 788 5892 ο.
865 5838 912 5870 ⁸⁸
940 5838 1038 5906 τῆς
1067 5837 1416 5903 διδασκαλίας
1448 5857 1503 5896 ο.
