4286 6444
737 410 839 479 551

1638 406 2214 468 ἰἩΕΟΙἮὙΙΛΟΤΙ
2257 406 2672 492 ΒΠΒΟᾹΠΙΑΞ
2709 408 3068 468 ARCIIIEP.

3897 407 4011 471 552

744 528 833 583 hic
868 525 1172 581 adumbrat.
1202 521 1282 578 Ne
1311 523 1451 578 enim
1480 536 1575 591 per
1603 522 1969 577 adulationem
2007 521 2117 575 inm:
2141 522 2320 575 dicere
2346 523 2398 583 Α
2423 540 2436 572 ι

2346 523 2398 583 Α
2423 516 2547 574 νίαν
2572 521 2753 575 αὐτῶν
2784 521 3105 574 αἰνίττεται.
3142 518 3262 572 Ἵνα
3292 520 3402 588 γάρ
3430 520 3503 590 μὴ
3531 518 3659 593 δόξῃ
3690 519 4014 575 κολακεύων

743 620 1010 679 videatur,
1056 616 1307 685 producit
1332 616 1495 669 etiam
1524 614 1660 669 alios
1680 615 1876 668 multos
1905 620 2090 667 testes.

817 708 980 761 Vens.
1024 706 1078 761 5.
1120 724 1138 758 ι
1176 707 1241 759 Ει
1266 704 1560 760 Ecclesiam
1596 720 1714 774 qua":
1748 714 1831 757 est
1896 704 1947 756 in
1982 703 2142 758 domo
2179 702 2325 771 ipso-

746 815 888 855 rum.
923 817 941 850 ι
991 797 1055 852 ιιι
1087 799 1220 852 adeo
1276 798 1484 866 probati
1550 797 1787 859 fuerunt,
1823 805 1880 847 ut
1928 803 2089 848 totam
2138 809 2324 847 eorum

743 890 1003 945 familiam
1066 890 1250 943 ﬁdeles
1295 888 1540 943 fecerint.
1605 887 1780 941 Hosce
1840 888 1985 940 enim
2030 884 2324 939 Ecclesiam

744 980 1058 1034 nominavit.
1096 976 1235 1044 Quin
1280 979 1445 1031 etiam
1479 987 1698 1046 propter
1729 975 2154 1045 hospitalitatem
2212 976 2325 1028 haec

743 1072 891 1123 dicit.
930 1068 1026 1124 Ubi
1050 1071 1192 1124 enim
1228 1069 1396 1123 multa
1445 1070 1616 1136 pietas
1654 1076 1739 1121 est
1767 1076 1821 1121 et
1874 1067 2065 1131 virtus,
2135 1066 2326 1119 domus

744 1161 830 1213 illa
858 1159 1100 1215 Ecclesia
1138 1161 1359 1215 dicitur.
1396 1160 1632 1213 Audiaut
1664 1160 1845 1227 itaque
1898 1159 1954 1223 ii,
1986 1158 2076 1227 qui
2136 1157 2327 1211 matri-

748 1254 1282 1324 moniojunguntur,
1336 1253 1478 1323 quod
1514 1254 1576 1306 iis
1612 1254 1679 1307 ad
1730 1254 1984 1305 virtutem
2035 1249 2176 1304 istud
2219 1265 2323 1303 non

742 1358 825 1401 est
851 1348 1255 1417 impedimento.

820 1458 839 1490 ι
881 1439 1124 1494 Salutate
1174 1439 1479 1508 Epzcnetum
1537 1437 1788 1492 dileetmu
1847 1452 2048 1502 meum,
2097 1438 2185 1506 qui
2241 1446 2325 1492 est

746 1535 1000 1603 pritnitim
1059 1534 1279 1588 Achaiae
1327 1534 1378 1585 in
1437 1532 1676 1586 Christo.
1712 1551 1731 1583 ι
1766 1530 2013 1600 Magnum
2048 1544 2182 1585 sane
2242 1537 2324 1583 est

749 1626 918 1680 Paulo
969 1627 1220 1680 dilectum
1257 1639 1401 1687 esse,
1437 1625 1526 1692 qui
1575 1636 1695 1677 cum
1726 1624 1949 1693 judicio,
1981 1632 2035 1676 et
2093 1638 2198 1677 non
2256 1624 2323 1676 ad

747 1716 974 1786 gratiam
1003 1730 1188 1770 amare
1216 1716 1385 1769 novit.
1410 1713 1690 1769 Primitias
1715 1722 1894 1768 autem
1927 1715 2101 1784 ipsum
2136 1713 2324 1781 appel-

744 1808 836 1870 lat,
868 1808 947 1861 vel
983 1807 1127 1875 quod
1160 1809 1367 1875 primus
1400 1807 1653 1869 credidit,
1679 1805 2001 1874 principium
2029 1815 2083 1858 et
2114 1804 2325 1872 ingres-

2430 612 2631 681 λέγειν,
2670 613 2912 681 παράγει
2944 613 3039 664 καὶ
3068 611 3261 674 ἄλλους
3301 611 3529 672 πολλοὺς
3561 614 3868 683 μάρτυρας.

2504 726 2521 756 ι
2562 707 2670 759 Καὶ
2694 706 2792 775 τὴν
2819 704 2940 758 κατ’
2968 700 3118 757 οἷκον
3151 703 3329 756 αὐτῶν
3373 704 3724 773 Ἐκκλησίαν.
3764 722 3783 754 ι
3820 703 4014 766 Οὕτως

2425 792 2564 867 ἦσαν
2590 789 2736 850 οῦτοι
2767 796 3044 865 εὐδόκιμοι
3068 838 3083 861 ,
3118 794 3257 847 ὥστε
3290 794 3380 847 τὸν
3426 790 3575 847 οἷκον
3614 794 3795 846 αὐτῶν
3824 795 4012 847 πάντα

2428 891 2652 959 ποιῆσαι
2692 887 2952 951 πιστούς’
3001 888 3222 950 τούτους
3271 888 3382 958 γάρ
3416 886 3743 955 Ἐκκλησίαν
3787 887 4015 954 ὠνόμα-

2430 996 2549 1032 σεν’
2580 979 2717 1032 ἀλλά
2750 980 2846 1033 καὶ
2871 979 2960 1032 διὰ
2994 979 3057 1032 τὸ
3087 978 3385 1047 φιλόξενον.
3413 977 3585 1032 Ἔνθα
3615 978 3723 1047 γὰρ
3750 976 4011 1030 εὐλάϐεια

2430 1070 2599 1142 πολλὴ
2622 1073 2714 1124 καὶ
2733 1071 2929 1141 ἀρετὴ,
2946 1071 3242 1140 Ἐκκλησία
3258 1071 3286 1123 ό
3307 1067 3453 1133 οἶκος
3478 1072 3681 1132 ἐκεῖνος
3704 1069 3770 1121 ⁸⁵.
3791 1069 4016 1122 Ἀκουέ-

2426 1181 2610 1217 τωσαν
2637 1165 2684 1216 οἱ
2710 1166 2768 1217 ἐν
2790 1164 2976 1234 γάμῳ,
3009 1164 3092 1217 δτι
3118 1164 3178 1217 ού
3211 1164 3539 1234 βλάπτονται
3565 1165 3628 1214 ἐκ
3652 1160 3840 1214 τούτου
3870 1161 4014 1229 πρὶς

2427 1255 2651 1326 ἀρετήν.

2521 1453 2540 1485 ι
2607 1431 2948 1487 ’Λσπάσασθε
3012 1431 3320 1485 Ἐπαινετόν
3388 1431 3566 1503 [vulg.
3643 1430 4009 1505 Ἐπαίνετον]

2424 1526 2516 1578 τὸν
2570 1527 2851 1595 ἀγαπητόν
2894 1537 3030 1593 μουο
3067 1526 3125 1588 ὃς
3176 1526 3324 1578 ἐστιν
3368 1524 3590 1596 ἀπαρχὴ
3638 1525 3735 1595 τῆς
3780 1526 4012 1595 Ἀχαῐα;

2431 1619 2509 1679 εἰς
2534 1617 2792 1687 Χριστόν.
2834 1635 2853 1668 ι
2884 1618 3044 1685 Μέγα
3074 1617 3132 1669 τὸ
3161 1612 3301 1669 εἶναι
3334 1616 3552 1670 Παύλου
3575 1617 3883 1687 ἀγαπητὸν,
3908 1615 4009 1669 τοῦ

2430 1709 2571 1780 μετά
2607 1710 2865 1780 κρίσεως,
2902 1710 2996 1762 καὶ
3029 1710 3088 1762 οὐ
3141 1709 3281 1779 πρὸς
3331 1711 3517 1780 χάριν,
3566 1710 3740 1779 φιλεῖν
3780 1710 4008 1773 εἰδότος.

2438 1801 2719 1871 Ἀπαρχὴν
2746 1801 2803 1854 δὲ
2835 1801 3000 1854 αὑτὸν
3030 1801 3202 1869 λέγει,
3233 1801 3264 1870 ἢ
3292 1802 3374 1853 ὅτι
3407 1800 3621 1871 πρῶτος
3658 1802 4008 1868 ἐπίστευσεν,

744 1916 838 1956 sus
874 1900 1049 1955 factus
1076 1903 1139 1953 ad
1182 1902 1343 1954 ﬁdem
1370 1902 1635 1954 universa:
1662 1899 1832 1969 genti,
1866 1898 1946 1952 vel
1968 1896 2111 1967 quod
2146 1898 2321 1964 majo-
2355 1876 2395 1931 Β
2424 1895 2436 1945 ε

2316 1925 2321 1935 ι
2355 1876 2395 1931 Β
2424 1891 2566 1963 ἀρχὴ
2595 1894 2691 1946 xal
2717 1892 2939 1956 ,εἴσοδος
2990 1894 3069 1956 είς
3110 1894 3210 1962 τὴν
3245 1892 3430 1946 πίστιν
3464 1893 3755 1969 γενόμενος
3790 1894 3899 1964 ὅλῳ
3925 1894 4008 1964 τῷ

746 2009 860 2048 rem
903 2010 1014 2062 prae
1043 1994 1257 2048 ueteris
1286 1996 1541 2063 pietatem
1584 1999 2133 2047 commonstraverat.
2190 1988 2325 2043 Pro-

746 2096 929 2154 pterea
965 2086 1121 2148 dixit,
1161 2102 1179 2138 ι
1220 2086 1314 2157 qui
1368 2095 1452 2141 est
1498 2084 1749 2154 primitiae
1779 2083 1831 2137 in
1882 2081 2122 2145 Christo,
2162 2100 2180 2132 ι
2219 2082 2323 2134 hoc

748 2186 855 2241 est,
891 2191 999 2231 non
1035 2177 1087 2229 in
1116 2176 1410 2231 mundanis
1441 2177 1627 2239 rebus,
1650 2174 1745 2228 sed
1774 2173 1825 2227 in
1850 2171 1914 2225 iis
1933 2185 2050 2240 qua:
2072 2171 2139 2224 ad
2164 2169 2324 2223 Chri-

749 2277 893 2321 sutm
929 2276 1193 2333 speetant.

826 2359 983 2415 Vens.
1021 2362 1073 2415 6.
1102 2377 1120 2411 ι
1160 2357 1403 2413 Salutate
1453 2355 1674 2410 Mariam
1704 2369 1823 2424 quae
1854 2354 2082 2409 multum
2107 2352 2326 2407 labora-

746 2451 822 2504 vit
852 2465 976 2521 erga
1010 2465 1127 2504 nos.
1172 2467 1189 2499 ι
1229 2449 1273 2501 Α
1335 2448 1613 2502 laboribus
1646 2461 1780 2515 quos
1806 2459 1906 2515 pro
1937 2444 2169 2499 veritate
2199 2456 2325 2511 per-

747 2542 892 2605 tulit,
930 2540 1210 2595 mulierem
1236 2547 1415 2592 ornat.
1449 2535 1565 2590 Non
1593 2546 1802 2589 tantum
1821 2535 1990 2599 enim,
2016 2533 2210 2602 inquit,
2230 2546 2327 2601 pro

747 2634 921 2703 seipsa
956 2632 1245 2695 laboravit,
1295 2631 1551 2685 excubias
1578 2642 1764 2699 agens,
1798 2626 2058 2694 humique
2087 2626 2276 2696 jacens
2308 2643 2324 2682 :

748 2735 933 2774 verum
966 2721 1151 2783 etiam,
1185 2720 1328 2789 quod
1378 2718 1556 2787 majus
1584 2728 1685 2782 est,
1717 2730 1815 2786 pro
1840 2716 1995 2770 nobis
2049 2714 2327 2785 apostolo-

748 2829 865 2867 rum
901 2813 1212 2883 adimplevit
1238 2812 1494 2867 oﬂieium.
1539 2810 1642 2877 Qui
1676 2823 1805 2879 ergo
1835 2808 1963 2863 dicit
1991 2807 2321 2876 Apostolus:

751 2924 771 2958 ι
808 2904 1015 2961 Mulieri
1039 2906 1234 2960 docere
1252 2919 1355 2958 non
1384 2905 1637 2973 permitto
1660 2903 1675 2943 ί
1700 2901 1723 2955 ?
1750 2920 1767 2953 ι
1807 2901 1852 2953 Α
1874 2902 2039 2954 verbo
2070 2899 2327 2953 doctrina:

745 3011 865 3049 eam
899 3010 1004 3050 non
1053 3007 1225 3062 arcet,
1267 2995 1361 3049 sed
1394 3010 1423 3046 a
1465 2994 1756 3063 praesulatu
1820 2992 1871 3044 in
1906 3000 2176 3045 conventu
2210 3000 2265 3044 et
2294 3003 2324 3043 a

714 3095 721 3103 '
746 3096 1022 3158 suggesto.
1043 3086 1311 3141 Privatam
1336 3088 1479 3140 enim
1508 3086 1906 3140 institutionem
1932 3084 2086 3137 valde
2110 3082 2323 3151 probat.

747 3179 899 3234 llaue
932 3180 1075 3234 enim
1118 3181 1182 3232 ad
1214 3180 1474 3233 rationem
1499 3185 1554 3232 et
1586 3178 1840 3231 maritum
1870 3191 2028 3230 suum
2083 3189 2239 3236 uxor,
2269 3183 2322 3229 et

2427 1985 2571 2040 ἔθνει
2591 2001 2605 2016 ⁸
2640 1986 2673 2057 ἢ
2703 1986 2785 2038 ὅτι
2824 1985 3047 2038 πλείονα
3076 1984 3363 2039 εὐλάϐειαν
3396 1985 3743 2039 ἐπεδείκνυτο
3764 2002 3778 2015 ·
3809 1986 3891 2041 διὸ
3923 1982 4010 2041 εἷο

2428 2096 2549 2143 πεν,
2599 2098 2617 2132 ι
2661 2078 2761 2142 Ὀς
2802 2080 2950 2132 ἐστιν
2982 2078 3208 2149 ἀπαρχὴ
3242 2080 3321 2141 είς
3372 2078 3636 2150 Χριστόν·
3687 2077 4011 2144 τουτέστινς

2426 2172 2527 2225 οὐκ
2553 2172 2610 2224 ἐν
2636 2174 2747 2235 τοῖς
2781 2173 3065 2240 κοσμικοῖς
3096 2171 3445 2241 πράγμασιν,
3478 2170 3594 2225 ἀλλ’
3624 2172 3681 2224 ἐν
3720 2172 3833 2234 τοῖς
3858 2172 4002 2224 κατά

2426 2264 2685 2336 Χριστόν.

2507 2375 2525 2408 ι
2563 2356 2889 2410 Ασπάσασθε
2922 2356 3192 2426 Μαριὰμ,
3230 2354 3352 2425 ἥτις
3392 2354 3564 2407 πολλὰ
3599 2355 3898 2407 ἐκοπίασεν
3928 2356 4009 2417 εἰς

2429 2450 2596 2520 ἡμᾶς.
2642 2468 2659 2501 ι
2710 2449 2843 2502 Ἀπὸ
2881 2449 2991 2503 τῶν
3027 2449 3167 2519 ὑπὲρ
3203 2449 3301 2518 τῆς
3332 2446 3591 2515 ἀληθείας
3632 2446 3876 2517 ἱδρώτων
3905 2447 4008 2516 τὴν

2428 2542 2662 2609 γυναῖκα
2700 2539 3055 2604 καλλωπίζει.
3084 2540 3157 2593 Οὐ
3192 2539 3351 2608 μόνον
3378 2539 3508 2610 γὰρ,
3538 2540 3724 2610 φησιν,
3762 2540 3843 2603 είς
3876 2540 4009 2592 ἐαυ-

2426 2630 2523 2702 τὴν
2557 2631 2849 2685 ἐκοπίασεν
2871 2671 2886 2697 ,
2933 2630 3289 2702 ἀγρυπνοῦσα
3330 2631 3427 2684 καὶ
3458 2629 3833 2701 χαμευνοῦσα·
3869 2629 4011 2682 ἁλλά

2426 2724 2487 2776 τὸ
2520 2724 2725 2794 μεῖζον,
2761 2726 2855 2777 καὶ
2886 2725 2966 2785 είς
2996 2725 3140 2794 ἡμᾶς
3169 2723 3486 2778 ἀποστόλων
3518 2723 3801 2793 πληροῦσα
3825 2722 4010 2787 τάξιν.

2430 2816 2557 2879 Πῶς
2591 2814 2684 2869 οῦν
2731 2832 2919 2885 φησιν,
2950 2816 3037 2867 ὅτι
3093 2833 3111 2867 ι
3154 2815 3380 2869 Γυναικὶ
3411 2815 3687 2869 διδάσκειν
3730 2816 3832 2868 οὐκ
3882 2815 4011 2867 ἐπι-

2427 2906 2645 2974 τρέπω;
2682 2924 2700 2957 ι
2740 2907 2815 2959 Οὐ
2844 2905 2936 2959 τοῦ
2974 2905 3132 2975 λόγου
3163 2906 3261 2975 τῆς
3289 2905 3639 2969 διδασκαλίας
3681 2906 3855 2977 αὐτὴν
3893 2922 4012 2958 κω-

2428 2998 2582 3063 λύει,
2613 2998 2748 3051 ἀλλὰ
2783 3001 2884 3069 τῆς
2919 3001 2976 3051 ἐν
3011 2998 3088 3068 τῷ
3127 2999 3278 3069 μέσῳ
3320 2998 3649 3069 προεδρίας,
3687 3001 3782 3051 καὶ
3817 2998 3917 3051 τοῦ
3950 3001 4012 3050 ἐν

2430 3090 2635 3159 βήματι
2657 3088 2848 3160 θρόνου
2871 3106 2883 3119 ο
2908 3088 3006 3159 τὴν
3026 3088 3133 3159 γὰρ
3158 3089 3264 3159 ἰδίᾳ
3287 3092 3575 3160 γινομένην
3592 3089 3941 3142 διδασκαλίαν
3960 3089 4009 3121 ³⁸

2429 3183 2524 3234 καὶ
2554 3180 2761 3250 σφόδρα
2787 3180 3024 3249 δέχεται.
3057 3178 3215 3233 Οῦτω
3243 3180 3352 3249 γάρ
3393 3180 3489 3232 καὶ
3519 3179 3654 3249 γυνὴ
3681 3180 3771 3231 τὸν
3801 3183 4008 3233 οἰκεῖον

746 3271 943 3325 liberos
966 3270 1147 3333 docet,
1175 3272 1254 3324 sic
1285 3270 1470 3323 Prisca
1504 3269 1691 3336 Apollo
1742 3266 2001 3322 instituit.
2033 3264 2151 3321 Non
2184 3267 2322 3321 dixit
2355 3264 2394 3277 ν
2425 3273 2438 3326 ε

2314 3264 2394 3321 ιν
2425 3271 2592 3342 ἄνδρα
2626 3272 2720 3323 καὶ
2777 3271 2844 3324 τὰ
2878 3270 3044 3324 τέκνα
3094 3272 3360 3335 διδάσκει,
3415 3273 3507 3324 καὶ
3565 3274 3597 3340 ἡ
3648 3273 3866 3343 Πρίσκα
3916 3274 4006 3327 τὸν

747 3370 947 3426 autem,
994 3361 1156 3414 nmlta
1183 3360 1388 3423 docuit,
1420 3361 1536 3427 sed,
1563 3377 1580 3410 ι
1612 3358 1908 3413 laboravit:
1936 3375 1955 3408 ι
1983 3366 2042 3411 ιιι
2069 3358 2322 3413 ostendat

748 3453 891 3519 quod
922 3461 975 3506 et
1003 3467 1097 3521 per
1131 3452 1389 3520 pecunias
1414 3466 1543 3505 suas
1575 3459 1629 3505 et
1653 3451 1787 3505 alias
1813 3449 2176 3505 ministrabat.

818 3633 981 3687 Vens.
1009 3632 1064 3688 7.
1094 3651 1110 3684 ι
1143 3630 1387 3687 Salutate
1405 3630 1770 3686 Andronicum
1793 3629 2099 3698 etJuniam,
2123 3646 2314 3702 cogna-

748 3736 831 3779 tos
860 3739 1007 3779 meos
1038 3736 1094 3779 et
1120 3726 1473 3793 coneaptivos
1507 3739 1677 3787 meos,
1718 3725 1808 3794 qui
1848 3734 1973 3779 sunt
2022 3723 2228 3779 nobiles
2265 3726 2317 3778 in

744 3818 1026 3885 apOstolis,
1058 3818 1148 3885 qui
1181 3825 1234 3870 et
1265 3824 1389 3871 ante
1416 3832 1501 3870 me
1530 3816 1746 3871 luerunt
1770 3818 1823 3870 in
1846 3816 2081 3871 Christo.
2122 3835 2141 3867 ›
2167 3816 2319 3882 Quod

744 3909 962 3976 cognati
990 3910 1098 3962 sint
1122 3909 1309 3974 Paulo,
1333 3924 1437 3962 non
1466 3918 1673 3961 tantum
1694 3920 1781 3963 est
1805 3911 2129 3976 encomium,
2149 3924 2321 3979 quan-

747 4009 858 4051 tum
911 4010 996 4055 est
1029 4001 1170 4068 quod
1216 4001 1322 4053 sint
1354 4000 1676 4069 concaptivi.
1711 4000 1917 4054 Etenim
1956 4001 2202 4069 graviora
2233 4015 2322 4055 ea-

745 4090 905 4158 ptivis
933 4092 1300 4161 patiebantur,
1326 4092 1449 4145 dum
1474 4102 1762 4162 agerentur
1779 4090 1901 4145 hinc
1921 4092 2047 4145 inde
2063 4101 2112 4145 et
2136 4101 2319 4146 vasta.

747 4194 955 4234 tentur.
1034 4181 1203 4235 Porro
1264 4196 1518 4251 magnum
1558 4190 1639 4235 est
1692 4182 1833 4250 quod
1894 4181 2117 4249 apostoli
2179 4182 2311 4245 sint,

745 4272 1053 4339 praesertim
1079 4287 1201 4327 cum
1231 4271 1389 4326 Junia
1432 4284 1502 4327 stt
1541 4274 1752 4327 mulier.
1788 4272 1953 4327 Multo
1978 4288 2105 4327 vero
2146 4272 2321 4342 majus

744 4373 828 4417 est
877 4366 1016 4432 quod
1083 4364 1323 4434 insignes
1379 4366 1507 4418 sint.
1582 4365 1748 4419 Porro
1794 4366 1861 4419 ab
1921 4365 2181 4434 operibus
2209 4366 2322 4420 suis

745 4460 985 4528 insignes
1018 4465 1142 4511 sunt
1172 4457 1316 4510 facti.
1349 4455 1464 4510 Non
1491 4458 1885 4511 verecundatur
1911 4467 2091 4510 autem
2120 4455 2322 4512 Paulus

2423 3363 2670 3417 Ἀπολλὼ
2696 3365 3030 3433 κατήχησεν.
3058 3365 3171 3416 Οὐκ
3194 3361 3315 3416 εἶπε
3334 3364 3409 3429 δὲ,
3435 3366 3516 3416 ὅτι
3541 3364 3717 3416 Πολλὰ
3737 3364 4002 3430 ἐδίδαξεν,

2421 3455 2560 3519 ἀλλ’,
2606 3473 2624 3506 ι
2658 3455 2983 3509 Ἐκοπίασεν
3003 3471 3015 3484 ’
3045 3474 3063 3507 ι
3100 3456 3185 3510 ἵνα
3216 3455 3385 3527 δείξῃ,
3428 3458 3511 3510 ὅτι
3546 3457 3639 3509 καὶ
3668 3456 3755 3510 διὰ
3785 3459 4009 3529 χρημά-

2420 3565 2531 3600 των
2557 3549 2792 3619 διηκόνει
2816 3588 2829 3612 ,
2867 3550 2962 3602 καὶ
2988 3548 3055 3602 δι’
3086 3548 3261 3602 ἄλλων
3285 3552 3523 3619 τρόπων.

2501 3659 2517 3689 ι
2573 3640 2919 3693 Ἀσπάσασθε
2981 3640 3316 3712 Ἀνδρόνικον
3375 3640 3471 3693 καὶ
3538 3641 3762 3695 Ἰουνίαν
3795 3680 3812 3705 ,
3870 3645 3999 3706 τοὺς

2424 3733 2707 3801 συγγενεῖς
2747 3749 2889 3802 μου,
2931 3734 3026 3786 καὶ
3080 3731 3563 3803 συναιχμαλώτους
3615 3749 3752 3804 μου·
3802 3734 4007 3799 οἵτινές

2422 3828 2561 3877 εἰσιν
2596 3824 2862 3895 ἐπίσημοι
2889 3825 2946 3877 ἐν
2972 3827 3085 3889 τοῖς
3115 3825 3459 3892 ἀποστόλοις,
3504 3826 3553 3879 οἳ
3582 3826 3678 3878 καλ⁵
3719 3825 3828 3897 πρὸ
3856 3827 3995 3895 ἐμοῦ

2422 3917 2713 3985 γεγόνασιν
2740 3918 2799 3970 ἐν
2823 3915 3068 3989 Χριστῷ.
3116 3936 3135 3970 ι
3176 3916 3252 3971 Οὐ
3286 3916 3347 3971 τὸ
3371 3920 3653 3986 συγγενεῖς
3685 3914 3825 3970 εἶναι
3850 3920 4009 3973 Παύ-

2422 4007 2514 4059 λου
2538 4044 2553 4072 ,
2604 4005 2858 4059 τοσοῦτον
2904 4005 3200 4075 ἐγκώμιον,
3244 4007 3368 4059 ὅσον
3403 4007 3464 4059 τὸ
3497 4007 4004 4077 συναιχμαλώτους.

2422 4099 2533 4151 Καὶ
2564 4097 2670 4168 γὰρ
2724 4096 3084 4168 χαλεπώτερα
3131 4097 3372 4168 ἔπασχον
3407 4098 3791 4168 αἰχμαλώτων,
3841 4099 4007 4152 ἐλαυ-

2422 4189 2637 4259 νόμενοι
2662 4230 2676 4253 ,
2707 4188 3094 4259 πορθούμενοι.
3134 4188 3244 4241 Καὶ
3274 4189 3333 4241 τὸ
3375 4189 3706 4252 ἀποστόλους
3734 4190 3793 4242 δέ
3832 4183 4003 4257 εἶναι,

2426 4281 2600 4350 μέγαο
2641 4281 2737 4333 καὶ
2782 4280 2955 4334 ταῦτα
2994 4281 3228 4347 γυναῖκα
3266 4278 3434 4332 οὖσαν
3477 4279 3577 4349 τὴν
3637 4281 3901 4334 Ἰουνίαν·
3940 4284 4007 4336 τὸ

2421 4371 2477 4424 δὲ
2512 4371 2849 4441 ἐπισήμους,
2885 4370 3064 4442 πολλῷ
3090 4371 3134 4402 ⁸⁷
3173 4370 3394 4440 μᾶλλον.
3444 4369 3739 4440 Ἐπίσημοι
3786 4372 3841 4424 δὲ
3875 4373 4006 4441 ἐγέ-

2424 4478 2577 4513 νοντο
2602 4462 2710 4514 ἀπὸ
2732 4462 2838 4515 τῶν
2862 4462 3059 4534 ἔργων.
3090 4464 3204 4517 Οὐκ
3233 4464 3621 4533 ἐπαισχύνεται
3646 4466 3701 4518 δὲ
3732 4468 3758 4518 ό
3788 4466 4005 4532 Παῦλος

742 4554 923 4605 dicere
975 4565 1039 4604 ac
1079 4548 1257 4612 lateri,
1290 4548 1389 4614 Qui
1420 4563 1545 4602 ante
1578 4562 1660 4603 ine
1700 4549 2043 4603 crediderunt
2075 4549 2317 4612 Christo,
2343 4556 2397 4616 1)
2424 4553 2434 4603 ἰ

2313 4556 2397 4616 .D
2424 4553 2618 4621 λέγων,
2658 4555 2740 4606 ὅτι
2779 4555 2889 4623 Πρὸ
2921 4555 3056 4626 ἐμοῦ
3086 4556 3420 4609 ἐπίστευσαν
3454 4555 3530 4626 τῷ
3568 4557 3812 4627 Χριστῷ,
3842 4561 4005 4611 ἐπαι-

744 4662 759 4693 ‹
778 4644 1134 4695 ommcndans
1151 4655 1245 4695 eos
1266 4643 1406 4708 quod
1432 4646 1565 4694 adeo
1588 4638 1931 4705 prmsilierint
1947 4650 2109 4709 atque
2131 4640 2320 4708 praeri-

745 4739 959 4804 pucriut
998 4736 1216 4789 bonum.

819 4827 981 4879 Vens.
1007 4826 1060 4877 8.
1101 4842 1119 4875 ι
1162 4824 1411 4878 Salutate
1448 4822 1710 4890 Ampliam
1738 4820 1993 4875 dilectum
2030 4836 2205 4876 meum
2264 4822 2316 4875 in

2417 4644 2523 4695 νῶν
2571 4644 2789 4710 αὐτοὺς,
2830 4646 2913 4698 ὅτι
2962 4646 3353 4717 προεπήδησαν
3389 4649 3485 4701 xal
3537 4649 3907 4718 προήρπασαν
3939 4652 4004 4704 τὸ

2419 4734 2652 4790 ἀγαθόν.

2499 4750 2652 4790 αυον.

2458 4750 2508 4876 γε
2569 4824 2910 4879 Ἀσπάσασθε
2977 4822 3250 4896 Ἀμπλίαν
3296 4827 3385 4880 τὸν
3425 4828 3712 4898 ἀγαπητόν
3787 4847 3893 4899 μου
3940 4833 4002 4885 ὲν

748 4916 903 4985 115
927 4915 1168 4969 Domino.
1199 4932 1217 4965 ›
1246 4914 1301 4969 Si
1327 4930 1355 4968 a
1378 4929 1502 4985 rege
1521 4912 1666 4983 diligi
1701 4927 1956 4981 maguum
1985 4921 2089 4977 est,
2117 4923 2319 4979 quanto
2414 4918 2440 4970 lt

2305 4928 2319 4966 )
2414 4917 2629 4988 Κυρίῳ.
2668 4935 2687 4971 ι
2728 4918 2790 4970 El
2837 4919 2898 4970 τὸ
2949 4920 3099 4989 παρά
3130 4918 3396 4990 βασιλέως
3443 4920 3759 4987 ἀγαπᾶσθαι
3813 4924 3997 4992 μέγα,

744 5007 1063 5076 praelarius
1092 5017 1234 5059 esta
1294 5005 1479 5070 Paulo,
1546 5004 1635 5073 qui
1690 5017 1912 5071 pr0pter
1953 5003 2206 5057 virtutem
2255 5020 2318 5058 ac
2415 5025 2436 5059 τ

2306 5020 2318 5058 :
2415 5008 2568 5078 πόσῳ
2601 5008 2800 5077 μᾶλλον
2852 5009 2914 5063 τὸ
2949 5011 3099 5079 παρὰ
3140 5010 3388 5075 Παύλου,
3416 5011 3511 5064 τοῦ
3542 5010 3611 5064 δι’
3643 5012 3849 5083 ἀρετὴν
3900 5019 3998 5069 καὶ

743 5099 1039 5152 secundum
1082 5096 1247 5150 Deum
1282 5095 1494 5165 diligit?

816 5188 975 5242 Vens.
1008 5187 1115 5242 9.ι
1177 5187 1239 5240 Et
1292 5186 1561 5241 Urbanum
1602 5184 1901 5254 adjutorem
1967 5195 2207 5240 nastruin
2266 5187 2317 5240 in

742 5280 980 5333 Christo.
1020 5296 1038 5329 ι
1078 5277 1245 5346 Major
1278 5281 1387 5331 Iuec
1410 5277 1524 5330 laus
1547 5288 1627 5331 est
1662 5279 1862 5345 priore,
1918 5277 2026 5329 imo
2083 5280 2195 5332 base
2239 5287 2322 5332 est

742 5386 905 5424 causa
939 5372 1076 5424 illius
1096 5378 1149 5422 et
1182 5369 1673 5437 comprehensoria.
1702 5368 1943 5439 Numqui
1969 5380 2049 5424 est
2086 5370 2319 5439 adjutor,

741 5472 825 5515 est
850 5463 1012 5515 etiam
1043 5460 1289 5514 dilectus.

819 5599 835 5638 ί
877 5598 1043 5653 lCor.
1080 5598 1301 5664 xw,55.

2419 5100 2559 5153 κατά
2585 5101 2715 5153 Θεὸν
2744 5103 3064 5170 ἀγαπῶντος
3091 5120 3106 5169 ;

2494 5211 2511 5242 ι
2549 5193 2659 5246 Kal
2680 5194 2956 5262 Οὐρϐανὸν
2984 5199 3089 5262 ,τὸν
3118 5195 3378 5265 συνεργὸν
3402 5197 3559 5267 ἡμῶν
3584 5202 3641 5252 ἐν
3672 5199 3920 5270 Χριστῷ.
3964 5219 3983 5251 ι

2421 5281 2593 5335 Τοῦτο
2649 5284 2834 5352 μεῖζον
2883 5284 3092 5337 ἐκείνου
3127 5286 3186 5338 τὸ
3232 5286 3507 5357 ἐγκώμιον
3529 5306 3542 5319 ·
3570 5292 3772 5359 μᾶλλον
3808 5292 3866 5344 δὲ
3894 5294 3995 5347 καὶ

2404 5374 2592 5427 ἀίτιον
2621 5375 2774 5427 τοῦτο
2792 5376 3000 5428 ἐκείνου
3041 5379 3135 5429 καὶ
3204 5381 3572 5448 περιεκτικόν.
3625 5381 3687 5435 Ὀ
3716 5382 3827 5454 γὰρ
3863 5400 3993 5438 συν-

2425 5468 2583 5538 εργὸς
2596 5506 2610 5531 ,
2643 5470 2736 5520 καὶ
2776 5469 3078 5539 ἀγαπητός.

2101 5712 2299 5771 \‘arim
2348 5712 2679 5774 lecdones.

821 5820 873 5854 ⁸⁵
922 5822 1102 5877 αὐτῶν
1136 5839 1186 5879 0.
1264 5826 1309 5858 ⁸⁸³
1329 5825 1647 5881 διδάσκαλον
1683 5842 1735 5882 0.
1812 5830 1853 5859 ⁸⁷
1900 5829 2047 5899 πόσῳ
2080 5845 2130 5883 ο,
