4286 6444
281 429 385 498 561
919 430 1325 494 EXPOSITIO
1357 429 1440 491 IN
1473 428 1714 488 EPIST.
1740 426 1769 486 Ι
1811 425 1911 486 AD
1944 422 2113 486 COR.
2150 446 2218 459 -’
2251 420 2814 481 ARGUMENTUM.
3442 411 3547 476 562

278 568 481 620 σματα
509 546 661 605 εἶναι
694 549 764 603 ἐν
802 548 1151 616 Ἐκκλησία,
1176 547 1357 602 τοῦτο
1389 545 1457 599 δὲ
1484 546 1605 599 ἀπὸ
1634 547 1871 614 131,971.10-
1900 547 1945 604 Α

1853 572 1871 585 -
1900 547 1945 604 Α
1976 541 2070 594 bus
2100 538 2278 608 majus
2329 549 2464 603 erat,
2517 538 2870 591 dissensiones
2919 541 2965 586 et
3001 540 3167 585 sectas
3212 551 3324 591 esse
3352 537 3406 590 in
3442 533 3545 589 Ec-

278 642 601 711 φροσύνης
637 642 935 695 ἐτίκτετο·
969 639 1086 708 τὴν
1134 637 1664 706 ὑψηλοφροσύνην
1708 636 1863 704 πρώο
1968 666 1970 679 η

1856 663 1863 677 ι
1968 630 2151 691 clesia,
2186 630 2268 684 ha:
2296 645 2415 684 vero
2451 644 2515 682 ex
2555 628 2696 691 fastu
2729 643 2911 681 eorum
2952 630 3323 694 nascebantur,
3351 628 3548 697 fastum

279 751 397 801 την
429 734 658 803 ἀναιρεῖ
678 736 723 766 ⁸⁸
742 750 759 768 ·
789 737 860 789 ἐν
889 732 1138 801 ταύτῃ⁹³
1173 730 1280 800 γὰρ
1316 732 1666 800 ὑψηλότερα
1696 726 1864 782 διδά-
1970 746 1971 749 η

1854 756 1864 769 .
1970 722 2130 774 istum
2162 729 2317 788 atque
2337 720 2469 773 adeo
2498 721 2863 788 arrOgantiam
2886 721 3113 788 primum
3139 736 3166 773 e
3194 722 3361 773 medio
3385 718 3546 774 tollit.

281 838 464 879 σχειν
490 822 700 891 ᾤοντο.
728 825 825 879 Διὸ
865 823 963 879 καὶ
1001 822 1192 889 οὕτως
1220 820 1485 889 ἄρχεται,
1970 857 1973 863 ς

1970 811 2055 864 Er
2087 826 2150 864 ea
2199 811 2363 872 enim,
2405 810 2716 880 arrogantia
2767 812 2905 875 dico,
2958 811 3156 865 altiora
3204 826 3315 865 sese
3365 812 3550 865 docere

1968 902 2420 957 arbitrabantur:
2453 920 2569 959 eam
2626 905 2688 957 ob
2741 919 2849 958 rem
2895 914 2942 957 et
2992 905 3128 959 hanc
3173 905 3243 959 ad
3295 904 3547 958 rationem

1967 992 2181 1047 initium
2217 993 2382 1049 ducit.

996 1294 1351 1360 EIUSDEM
1398 1290 1810 1356 EPISTOLIE
1852 1292 2424 1355 ARGUMENTUM
2464 1293 2873 1354 ALTERUM.

1586 1434 1659 1485 Ex
1692 1435 1861 1484 codice
1896 1434 2253 1487 Arundeliano.

302 1615 618 1689 ’Υπόθεσις
660 1618 773 1689 τῆς
831 1614 983 1684 πρὸς
1024 1613 1371 1689 Κορινθίους
1430 1607 1670 1679 πρώτης
1710 1609 1874 1662 Ἐπι-
1906 1614 1947 1670 Β

1082 1613 1371 1737 Τέγθίους
1430 1608 1670 1679 πρώτης
1710 1609 1874 1662 Ἐπι-
1906 1614 1947 1670 Β
2094 1609 2475 1681 Argumentum
2515 1608 2771 1679 Epistolas
2797 1613 2982 1681 prima:
3006 1617 3076 1669 ad
3104 1614 3430 1674 Corinthios.

1128 1701 1219 1737 nc.

966 1696 1219 1751 στολης.

377 1806 441 1861 Ἠ
483 1806 773 1873 Κόρινθος
822 1799 955 1854 ἐστι
1006 1797 1122 1866 μὲν
1176 1795 1355 1861 πόλις
1398 1792 1509 1863 τῆς
1552 1791 1873 1856 Ἑλλάδος’

291 1895 481 1963 ἐκόμα
500 1894 568 1947 δὲ
596 1890 926 1960 τηνικαῦτα
954 1887 1218 1951 πλούτῳ,
1251 1884 1351 1941 καὶ
1376 1886 1583 1955 σοφίᾳ,
1609 1883 1707 1937 καὶ
1726 1885 1877 1936 πολ-

291 1986 430 2052 λοῖς
492 1986 711 2048 ἄλλοις
778 1978 1250 2050 προτερήμασιν.
1299 1978 1396 2031 Ἐν
1448 1978 1641 2045 ταύτῃ
1675 1974 1878 2029 πολλὰ

293 2083 602 2135 πέπονθεν
636 2082 667 2133 ό
701 2077 966 2140 Παῦλος.
1004 2076 1103 2128 Ἐν
1129 2074 1317 2142 ταύτῃ
1337 2074 1445 2143 γὰρ
1478 2071 1641 2136 αὐτῷ
1664 2071 1878 2141 φανεὶς

292 2169 333 2220 ό
356 2166 627 2234 Χριστὸς,
657 2183 675 2216 ι
709 2162 806 2232 Μὴ
826 2162 1113 2232 σιγήσῃς,
1144 2180 1162 2213 ι
1199 2162 1413 2230 φησὶν,
1454 2180 1472 2212 ι
1498 2160 1875 2222 αλλάλάλει,

294 2258 447 2312 διότι
490 2259 643 2324 λαός
676 2275 778 2325 μοι
806 2256 1003 2321 πολύς
1033 2255 1206 2308 ἐστιν
1236 2254 1305 2307 ἐν
1329 2252 1404 2322 τῇ
1429 2254 1601 2306 πόλει
1632 2253 1872 2319 ταύτῃ.»

302 2351 425 2418 Τὴν
449 2349 599 2421 γοῦν
627 2350 781 2404 οὕτω
814 2348 1093 2419 μεγάλην
1129 2346 1226 2400 καὶ
1260 2346 1744 2415 πολυάνθρωπον
1775 2344 1882 2396 πό-

295 2448 404 2497 λιν
426 2443 567 2497 ιδὼν
589 2446 622 2497 ό
640 2441 921 2505 διάϐολος
941 2439 1051 2506 τῆς
1087 2440 1372 2506 ἀληθείας
1412 2437 1877 2507 ἐπειλημμένην,

295 2533 513 2601 διαιρεῖ
536 2532 679 2597 τοὺς
709 2530 1087 2599 ἀνθρώπουςο
1121 2530 1219 2582 καὶ
1257 2531 1310 2583 οί
1354 2528 1472 2597 μὲν
1528 2529 1876 2596 αὐτοχειροο

300 2626 549 2690 τόνητοι
585 2622 941 2677 διδάσκαλοι
995 2622 1313 2691 γεγόνασι·
1347 2619 1455 2674 τοῦ
1493 2619 1563 2673 δὲ
1602 2619 1881 2686 πλήθους

295 2720 357 2773 ol
404 2717 519 2784 μὲν
571 2717 805 2783 τούτοις
852 2716 1140 2785 ἐφοίτων,
1184 2708 1281 2768 οἵα
1330 2712 1728 2782 σοφωτέροις,
1779 2713 1875 2766 καὶ

296 2810 495 2865 πλέον
540 2828 591 2864 τι
624 2809 731 2864 τοῦ
782 2810 1030 2863 Παύλου
1104 2806 1418 2862 διδάσκειν
1471 2806 1833 2876 δυναμένοις
1864 2822 1877 2836 ’

296 2906 357 2956 οἱ
396 2903 466 2957 δὲ
492 2904 770 2970 ἐκείνοις,
819 2903 921 2957 ἅτε
979 2900 1472 2968 πλουσιωτέροις,
1527 2900 1625 2953 uel
1679 2896 1882 2969 μεῖζον

298 2995 553 3048 ἐκείνων
573 2993 931 3062 δυναμένοις
966 2994 1053 3057 είς
1076 2995 1480 3061 προστασίαν.
1525 2992 1631 3047 Καὶ
1692 2992 1881 3056 οὕτως

298 3087 929 3157 ἀντιφιλοτιμούμενοι
1000 3086 1236 3139 διεῖπον
1298 3086 1416 3153 τὴν
1489 3086 1879 3150 Ἐκκλησίαν.

305 3181 418 3232 Ἐν
467 3178 587 3247 μὲν
634 3172 753 3232 οὖν
819 3178 998 3231 τοῦτο
1045 3178 1337 3245 χαλεπόν.
1382 3178 1632 3246 Ἕτερον
1671 3177 1759 3241 δὲ,
1792 3177 1882 3231 ὅτι

299 3270 752 3339 συγγενόμενός
792 3286 881 3335 τις
932 3268 1008 3337 τῇ
1049 3269 1267 3323 ἑαυτοῦ
1316 3268 1603 3338 μητρυιᾷ,
1650 3271 1723 3323 οὐ
1777 3271 1884 3339 μό·

301 3378 420 3413 νον
487 3362 623 3414 ιύιι-
668 3359 994 3428 ἐπετιμήθη
1044 3362 1205 3427 παρὰ
1275 3359 1394 3413 τῶν
1442 3360 1669 3423 ἄλλων,
1720 3361 1884 3415 ἀλλὰ

304 3456 404 3505 καὶ
448 3452 810 3522 ὠχλαγώγει,
882 3452 983 3507 καὶ
1036 3451 1307 3521 ἐφυσᾶτο
1363 3451 1460 3504 ἐπὶ
1498 3451 1572 3519 τῇ
1625 3452 1742 3517 ἔξω
1767 3468 1882 3509 σο-

306 3545 437 3613 git...
510 3542 619 3596 Kal
673 3542 826 3596 ἄλλο
854 3540 922 3595 δὲ
952 3540 1159 3603 πάλιν,
1190 3540 1278 3594 ὅτι
1307 3539 1426 3593 τῶν
1454 3539 1639 3607 δῆθεν
1662 3545 1885 3595 τελειο-

304 3632 493 3700 τέρων
522 3632 682 3696 τινὲς
711 3632 832 3687 ἀπὸ
872 3632 1346 3702 γαστριμαργίας
1383 3631 1601 3697 ἢσθιον
1639 3635 1882 3688 εἰδωλό-

305 3727 477 3790 θυτα,
499 3724 599 3777 καὶ
628 3723 699 3776 ἐν
719 3725 844 3789 τοῖς
874 3723 1054 3792 ἱεροῖς
1080 3722 1593 3791 κατακλινόμενοι,
1614 3724 1885 3791 πολλοὺς

306 3815 635 3870 ἔϐλαπτον.
671 3816 781 3870 Kal
828 3817 1009 3870 ἄλλοι
1041 3815 1109 3869 δὲ
1143 3816 1473 3886 μαχόμενοι
1513 3816 1662 3884 πρὸς
1694 3817 1886 3887 ἀλλή-

304 3912 459 3975 λους
484 3908 636 3976 ὑπὲρ
665 3907 1005 3977 χρημάτων,
1035 3909 1195 3977 παρὰ
1223 3907 1347 3974 τοῖς
1366 3907 1482 3971 ἔξω
1510 3906 1618 3974 τῆς
1646 3909 1888 3977 Ἐκκλη-

306 4000 453 4065 σίας
503 3998 861 4059 ἐδικάζοντο.
926 3998 1034 4055 Kal
1095 3998 1285 4067 ἕτεροι
1335 3997 1403 4050 δὲ
1461 3999 1589 4051 καθ’
1635 3998 1889 4065 ἑαυτοὺς

304 4092 617 4157 ἐσθίοντες
644 4091 715 4144 ἐν
743 4089 869 4156 ταῖς
902 4091 1281 4159 ἐκκλησίαις,
1325 4089 1451 4156 τοῖς
1479 4088 1785 4160 δεομένοις
1816 4093 1888 4145 οὐ

307 4181 725 4251 μετεδίδοσαν.
756 4182 970 4246 Ἄλλοι
1000 4181 1067 4233 δὲ
1084 4180 1240 4251 μέγα
1268 4179 1636 4250 φρονοῦντες
1667 4183 1736 4236 ἐν
1763 4183 1890 4249 τοῖς

2048 1790 2334 1845 Corinthus
2370 1802 2448 1846 est
2492 1794 2615 1847 urbs
2658 1792 2879 1849 Gra'ciaz
2918 1812 2938 1851 :
2972 1814 3089 1867 qua:
3133 1809 3258 1853 tunc
3307 1802 3553 1867 temporis

1977 1884 2201 1953 opibus,
2246 1885 2548 1954 sapientia,
2590 1886 2873 1953 multisque
2907 1887 3029 1941 aliis
3074 1891 3259 1957 quibus
3312 1892 3551 1957 eminuit,

1977 1975 2329 2043 superbiebat.
2367 1974 2434 2029 In
2479 1977 2579 2031 ista
2624 1976 2826 2032 Paulus
2870 1980 3038 2032 multa
3083 1996 3269 2049 passus
3315 1992 3410 2037 est.
3451 1981 3555 2036 llic

1976 2069 2116 2120 enim
2156 2069 2449 2136 comparuit
2484 2068 2574 2122 illi.
2610 2069 2891 2135 Christus,
2929 2089 2947 2123 s
2989 2070 3119 2125 Noli
3162 2083 3353 2137 tacere,
3406 2091 3425 2126 ι
3471 2075 3559 2128 in-

1977 2158 2181 2226 quiens,
2234 2177 2252 2210 (
2311 2161 2401 2213 sed
2452 2159 2682 2229 loquere,
2731 2165 2979 2230 quoniam
3024 2165 3249 2233 populus
3303 2176 3382 2221 est
3427 2168 3557 2221 mihi

1979 2250 2174 2303 multus
2213 2251 2267 2303 in
2294 2252 2392 2305 hac
2424 2252 2634 2305 civitate
2666 2264 2715 2309 ιι,
2748 2270 2765 2303 ι
2806 2252 3061 2307 Diabolus
3086 2256 3263 2323 itaque
3292 2258 3554 2311 civitatem

1980 2346 2087 2390 tam
2121 2356 2368 2408 magnam
2399 2350 2447 2394 et
2473 2341 2793 2411 frequentem
2830 2342 3041 2407 incolis,
3074 2344 3345 2399 ueritatem
3376 2363 3560 2415 appre-

1979 2432 2216 2486 hendissc
2250 2434 2598 2501 conspicatus.
2637 2434 2899 2489 dividebat
2939 2436 3199 2502 homines,
3242 2450 3396 2507 atque
3422 2439 3562 2492 inter

1979 2540 2065 2578 eos
2098 2523 2193 2576 alii
2223 2522 2427 2593 quidem
2462 2540 2557 2577 suo
2589 2524 2821 2590 ipsorum
2852 2526 3108 2596 suffragio
3132 2527 3372 2582 doctores
3403 2528 3561 2583 electi

1979 2626 2099 2669 sunt
2124 2629 2143 2668 :
2175 2630 2202 2669 e
2238 2615 2575 2669 multitudine
2609 2631 2749 2679 vero,
2790 2616 2886 2670 alii
2920 2606 3013 2671 hos
3058 2627 3308 2689 tanquam
3355 2622 3563 2691 sapien-

1983 2708 2143 2760 tiores
2177 2716 2225 2760 et
2256 2706 2565 2760 invdocendi
2600 2724 2813 2762 munere
2854 2698 3028 2764 Paulo
3061 2711 3393 2780 aliquantum
3423 2731 3564 2783 pra:-

1982 2799 2265 2853 stantiores
2292 2799 2674 2863 sectabantur;
2709 2802 2804 2854 alii
2840 2818 2958 2856 vero
2997 2803 3141 2868 illos,
3175 2821 3269 2859 ceu
3308 2806 3554 2872 ditiores,

1986 2902 2034 2947 et
2069 2894 2159 2962 qui
2186 2894 2239 2947 in
2264 2893 2604 2963 gubernando
2624 2893 2740 2959 plus
2769 2894 2876 2947 illis
2901 2894 3110 2964 efﬁcere
3134 2907 3365 2964 possent.
3393 2898 3563 2967 Atque

1987 2987 2062 3040 ita
2090 2988 2227 3039 inter
2266 3002 2321 3041 se
2367 2986 2588 3039 invicem
2624 2989 3027 3054 contendentes,
3065 2987 3352 3044 Ecclesium
3390 2993 3563 3045 admi-

1986 3079 2304 3132 nistrabant.
2354 3079 2523 3147 Atque
2571 3079 2711 3132 istud
2762 3095 2891 3134 sane
2933 3096 2963 3135 e
3009 3083 3164 3135 malis
3213 3100 3373 3137 unum
3420 3096 3558 3139 erat.

1984 3170 2220 3223 Attenum
2250 3185 2391 3235 vero,
2431 3169 2569 3239 quod
2608 3169 2824 3240 quidam
2870 3187 2988 3225 cum
3026 3190 3248 3237 noverca
3286 3191 3385 3229 sua
3433 3192 3563 3230 con-

1985 3276 2217 3330 gressus,
2260 3277 2363 3313 non
2416 3260 2589 3313 solum
2638 3261 2699 3313 ab
2752 3261 2864 3315 illis
2917 3278 3021 3316 non
3067 3264 3562 3332 reprehendebatur,

1986 3367 2161 3405 verum
2201 3353 2363 3405 etiam
2396 3351 2786 3406 multitudinem
2820 3354 3153 3419 concitabat,
3194 3367 3350 3426 atque
3378 3359 3440 3411 ob
3471 3375 3565 3413 ex-

1988 3454 2188 3496 ternam
2221 3443 2533 3513 sapientiam
2570 3444 2740 3497 elatus
2770 3453 2905 3498 erat.
2950 3444 3112 3499 Aliud
3144 3462 3328 3502 rursus
3363 3450 3565 3504 malum

1986 3544 2119 3600 erat,
2142 3535 2280 3602 quod
2307 3534 2642 3603 perfectiores
2672 3536 2889 3605 quidam
2922 3553 2982 3589 ea
3010 3553 3128 3606 qua:
3148 3539 3302 3593 idolis
3321 3541 3568 3595 immola-

1989 3623 2184 3677 bantur
2232 3640 2339 3692 prte
2388 3624 2667 3694 gulositate
2716 3628 3076 3694 comedebant,
3129 3647 3190 3684 ac
3246 3632 3301 3686 in
3360 3634 3567 3700 templis

1988 3717 2372 3771 discumbentes
2397 3719 2588 3773 multos
2613 3719 2966 3787 o/fendebant.
2993 3720 3284 3788 Prmterea,
3309 3724 3404 3778 alii
3430 3726 3569 3779 inter

1988 3828 2043 3866 se
2069 3812 2133 3865 de
2169 3812 2408 3881 pecuniis
2446 3813 2813 3867 contendentes
2834 3852 2849 3878 ,
2886 3815 3025 3882 apud
3049 3815 3255 3883 judices
3281 3830 3428 3871 extra
3460 3817 3567 3871 Ec-

1990 3902 2203 3956 clesium
2235 3903 2547 3957 constitutos
2583 3902 2884 3972 litigabunt.
2934 3904 3125 3969 Porro,
3167 3907 3262 3960 alii
3290 3909 3344 3961 in
3384 3906 3569 3962 Eccle~

1990 3995 2083 4048 siis
2119 3994 2259 4063 apud
2306 3995 2501 4059 seipsos
2555 3995 2883 4049 comedentes
2930 3996 3280 4066 indigentibus
3315 4016 3419 4053 non
3461 4000 3570 4053 lar-

1993 4088 2289 4157 giebantur.
2329 4087 2438 4139 Alii
2471 4097 2648 4139 autem
2680 4089 2955 4157 magniﬁce
2990 4091 3054 4142 de
3082 4091 3231 4143 donis
3268 4093 3570 4155 sentientes,

1994 4182 2112 4252 sibi.
2150 4181 2365 4234 invicem
2428 4180 2839 4235 temulabantur.
2907 4180 3103 4237 Adhtec
3168 4186 3568 4239 resurrectionis

309 4274 659 4342 χαρίσμασι,
689 4273 859 4342 ιπρὸς
891 4274 1205 4340 ἀλλήλους
1247 4273 1674 4341 ἐζηλοτύπουν.
1708 4275 1818 4330 Kal
1856 4276 1886 4329 ό
1914 4285 1969 4345 Ι)
1995 4295 2001 4324 ι

1875 4276 1886 4328 Ξ
1914 4285 1969 4345 Ι)
1995 4272 2233 4325 doctrina
2261 4273 2402 4339 apud
2436 4273 2557 4325 illos
2586 4272 2943 4326 claudicabat.
2981 4272 3140 4327 Multi
3171 4276 3325 4328 etiam
3365 4286 3567 4330 con'tam

307 4361 443 4428 περὶ
493 4360 605 4429 τῆς
655 4361 1049 4427 ἀναστάσεως
1104 4361 1172 4414 δὲ
1217 4363 1401 4429 λόγος
1464 4364 1765 4431 ὲχώλευεν
1820 4366 1889 4418 ἐν

306 4451 536 4513 αὐτοῖς.
591 4451 699 4505 Kal
765 4449 1016 4519 κομῆται
1082 4451 1151 4503 δὲ
1203 4453 1425 4505 πολλοὶ
1504 4454 1641 4521 παρ’
1684 4454 1890 4522 αὐτοῖς

307 4545 645 4610 περιῄεσαν
704 4544 855 4597 κατὰ
922 4543 1065 4610 τοὺς
1135 4543 1425 4611 κυνικοὺς
1492 4549 1887 4617 φιλοσόφους.

309 4635 638 4701 Ἐγραψ-αν
672 4633 793 4701 μὲν
830 4631 944 4688 οὖν
982 4632 1080 4687 διὰ
1133 4635 1411 4704 Στεφανᾶ
1451 4636 1549 4690 καὶ
1598 4641 1893 4707 Φουρτου-

305 4724 499 4779 νάτου
534 4726 633 4777 καὶ
680 4725 953 4794 Ἀχαϊκοῦ
1002 4727 1151 4794 πρὸς
1202 4728 1310 4780 τὸν
1355 4728 1717 4783 Ἀπόστολον
1757 4732 1891 4801 περὶ

308 4818 508 4885 γάμου
572 4815 671 4872 καὶ
730 4818 1097 4884 παρθενίας,
1159 4817 1357 4871 τᾶλλα
1426 4822 1893 4887 παραλιπόντες.

322 4907 695 4977 Ἀντιγράφει
759 4906 828 4961 δὲ
872 4910 1095 4962 λοιπὸν
1141 4910 1346 4976 αὐτὸς,
1386 4914 1456 4965 οὑ
1498 4911 1695 4979 μόνον
1741 4913 1895 4981 ὑπὲρ

314 4993 410 5053 ὧν
467 4999 764 5069 ἔγραψαν,
796 5000 960 5055 ἀλλὰ
998 5001 1097 5055 καὶ
1138 5002 1291 5069 ὑπὲρ
1326 4995 1415 5054 ὧν
1453 5003 1564 5057 οὐκ
1598 5001 1891 5073 ἔγραψαν,

310 5091 514 5147 πάντα
552 5092 703 5162 μετὰ
751 5094 1055 5160 ἀκριϐείας
1084 5093 1304 5162 μαθών.
1339 5094 1503 5148 Ἐπεὶ
1543 5091 1658 5151 οὖν
1694 5098 1896 5166 μεῖζον

309 5186 561 5239 πάντων
589 5185 711 5239 τῶν
739 5185 947 5241 ἄλλων
980 5183 1081 5257 ἦν,
1106 5186 1172 5240 τὸ
1211 5187 1522 5256 σχίσματα
1546 5183 1699 5242 εἶναι
1728 5191 1795 5244 ἐν
1818 5191 1892 5260 τῇ

322 5280 681 5347 Ἐκκλησία,
719 5279 894 5333 τοῦτο
931 5279 1001 5333 δὲ
1038 5280 1157 5335 άπὸ
1204 5282 1726 5351 ὐψηλοφροσύνης
1773 5285 1892 5338 ἐτί-

1994 4366 2303 4430 nutrientes,
2338 4366 2640 4434 cynicorum
2671 4380 2816 4417 more
2839 4365 3207 4420 circumibant.
3233 4367 3568 4433 Scripserunt

1991 4459 2170 4527 itaque
2210 4458 2278 4509 ad
2319 4456 2635 4524 Apostolum
2653 4471 2743 4524 per
2780 4455 3100 4524 Stephanum
3138 4471 3185 4512 et
3216 4458 3565 4513 Fortunatum

1990 4562 2036 4605 et
2077 4551 2362 4603 Achaicum
2411 4550 2475 4601 de
2505 4551 2697 4617 nuptiis
2731 4558 2777 4601 et
2810 4548 2874 4602 dc
2903 4550 3165 4614 caelibatu,
3196 4561 3385 4604 autem
3418 4554 3573 4604 omit-

1992 4649 2177 4694 tentes.
2225 4638 2459 4693 Tandem
2486 4650 2662 4692 autem
2697 4639 2808 4699 ipse
2857 4639 3119 4701 rescribit,
3154 4654 3254 4691 non
3290 4640 3354 4692 de
3399 4642 3462 4693 iis
3492 4657 3573 4693 so-

1993 4731 2099 4783 lum
2128 4746 2245 4801 qua:
2287 4732 2367 4783 illi
2414 4731 2753 4797 scripserant,
2801 4729 2890 4782 sed
2929 4729 3091 4782 etiam
3129 4730 3192 4780 de
3240 4729 3429 4797 quibus
3468 4746 3572 4783 non

1994 4823 2336 4891 scripserant,
2359 4829 2414 4874 ut
2452 4823 2538 4881 qui
2565 4821 2745 4873 omnia
2769 4828 3015 4872 accurate
3043 4818 3392 4874 intellexerat.
3424 4822 3571 4883 Quo-

1995 4915 2142 4968 niam
2175 4930 2292 4967 vero
2334 4915 2536 4967 caeteris
2576 4913 2815 4967 omnibus
2846 4912 3059 4981 gravius
3103 4924 3215 4966 erat
3257 4915 3397 4980 quod
3433 4915 3574 4968 schi-

1993 5015 2165 5060 smata
2198 5006 2250 5057 in
2287 5004 2521 5057 Ecclesia
2549 5003 2848 5073 gliscerent,
2876 5004 3019 5058 istud
3056 5016 3233 5058 autem
3264 5022 3291 5059 e
3326 5008 3574 5072 superbia

1998 5099 2287 5160 oriebatur,
2319 5097 2619 5163 superbiam
2655 5097 2913 5163 imprimis
2956 5098 3224 5165 deprimit.
3260 5094 3393 5151 Inde
3432 5102 3571 5151 enim

1999 5192 2160 5246 altius
2180 5190 2435 5261 quiddam
2456 5206 2509 5243 se
2531 5190 2715 5244 docere
2738 5189 3109 5259 opinabantur.
3128 5187 3414 5258 Pmpterea
3433 5190 3572 5243 hunc

1998 5288 2055 5340 in
2087 5286 2298 5338 modum
2329 5285 2558 5337 orditur.

310 5389 490 5426 κτετο
515 5388 529 5403 ·
577 5373 691 5441 τὴν
740 5373 1270 5441 ὐψηλοφροσύνην
1311 5373 1553 5443 πρώτην
1592 5380 1891 5449 καθαιρεῦ
1932 5382 2002 5437 ἐκ
2028 5382 2250 5451 ταύτης
2286 5381 2397 5450 γὰρ
2455 5378 2557 5435 καὶ
2616 5377 3001 5448 ὑψηλότερον
3028 5375 3338 5432 διδάσκειν
3358 5374 3571 5442 ᾤοντο.

308 5462 415 5519 Διὸ
441 5463 541 5518 καὶ
562 5464 751 5532 οὕτως
778 5465 1042 5535 ἄρχεται.

386 5634 414 5662 δ
441 5620 565 5676 Λα.
599 5634 752 5683 xvm,
785 5621 838 5676 9.

1626 5746 1823 5808 Variae
1855 5741 2189 5807 lectiones.

392 5869 435 5901 "
472 5865 728 5938 καθαιριί
758 5884 827 5921 m.
911 5869 953 5901 ³³
984 5868 1066 5921 lc.
1111 5869 1175 5921 ὲκ
1206 5867 1405 5940 ταύτης
1439 5886 1491 5929 0.
