4286 6444
797 370 906 435 563

1719 376 2295 441 THEOPHYLACTI
2334 379 2743 442 BULGARIJE
2782 380 3137 446 ARCHIEP.
3932 389 4046 452 σοι

799 532 4031 564 __.._.__..__.___________________________________________

1217 701 2335 821 THEOPHYLACTI

2468 708 3591 829 COMMENTARIUS

1731 926 1811 985 IN
1850 927 2309 990 EPISTOLAM
2363 929 2388 989 Ι
2435 931 2544 992 ΔΙ)
2576 929 3097 996 CORINTHIOS.

2359 1125 2427 1139 —

1202 1250 1355 1319 121
1410 1249 1636 1307 CAPUT
1670 1248 1958 1306 PRIMUM.

865 1366 1025 1419 Vens.
1079 1365 1126 1419 l.
1176 1384 1192 1416 ι
1245 1366 1447 1421 Paulus
1499 1376 1721 1419 vocatus
1770 1365 2073 1435 apostolus.
2140 1384 2158 1415 ι
2216 1364 2357 1421 Ecce

790 1452 1114 1527 protendunt
1174 1459 1456 1513 confestim
1517 1459 1804 1527 increpans
1860 1460 2111 1515 doctores
2166 1459 2352 1517 falsos.

794 1551 1032 1606 Vocatus
1061 1567 1204 1615 sum,
1237 1551 1432 1620 inquit,
1467 1566 1573 1605 non
1612 1552 1727 1620 ipse
1772 1550 1974 1615 inveni,
2010 1566 2184 1621 neque
2215 1568 2357 1618 pro-

791 1644 904 1709 pria
939 1643 1202 1711 sapientia
1247 1643 1599 1713 apprehendi.
1643 1643 1708 1695 Et
1745 1642 1943 1695 missus
1975 1657 2093 1696 sum
2137 1659 2165 1696 a
2197 1642 2355 1697 Chri-

790 1746 895 1795 sto,
930 1746 983 1789 ct
1017 1752 1123 1789 non
1154 1750 1269 1789 sum
1298 1736 1522 1805 proprio
1546 1734 1801 1804 δυσί·οείο
1839 1734 2065 1801 electus,
2097 1738 2354 1806 quemad-

792 1827 1004 1879 modum
1034 1828 1287 1880 doctores
1315 1827 1498 1881 vestri.

866 1936 884 1969 ι
921 1915 1048 1972 Jesu
1072 1919 1295 1972 Christi.
1336 1938 1352 1965 ι
1389 1920 1637 1975 Christus
1678 1932 1763 1977 est
1806 1922 1994 1976 doctor
2040 1935 2104 1976 ac
2148 1934 2351 1989 praece-

789 2020 911 2077 ptor
961 2029 974 2063 :
1016 2012 1285 2079 quomodo
1341 2011 1506 2079 igitur
1561 2028 1660 2068 vos
1712 2014 1864 2069 vobis
1916 2013 2050 2084 ipsis
2108 2013 2353 2069 homines

789 2100 1043 2156 doctores
1073 2103 1415 2157 accensetis?

866 2211 884 2243 ι
926 2194 1030 2247 Per
1070 2194 1395 2247 voluntatem
1442 2195 1558 2249 Dei.
1602 2215 1620 2247 ι
1659 2194 1776 2251 Non
1805 2199 1930 2265 quia
1965 2212 2064 2251 nos
2092 2195 2352 2252 fuerimus

788 2284 959 2352 digni,
989 2287 1080 2339 sed
1108 2287 1231 2354 quia
1274 2286 1461 2349 voluit,
1506 2288 1626 2343 ideo
1656 2304 1751 2342 nos
1782 2290 2017 2343 servavit
2041 2300 2094 2344 et
2116 2292 2349 2346 vocavit.

793 2377 979 2445 Itaque
1024 2379 1316 2431 etiamnum
1362 2378 1476 2432 vult
1518 2394 1603 2433 me
1644 2380 1943 2449 apostolum
1986 2390 2041 2435 et
2072 2382 2346 2435 doctorem

790 2478 1026 2521 vestrum
1073 2482 1211 2523 esse.
1271 2468 1337 2523 Et
1381 2486 1547 2539 quare
1597 2486 1692 2525 vos
1748 2471 1883 2525 alios
1929 2472 2093 2526 vultis
2142 2473 2347 2527 habere

2869 1255 3268 1311 ΚΕΦΔΛΔΙΟΝ
3314 1257 3606 1316 ΠΡΩΤΟΝ.

2534 1386 2554 1419 ι
2591 1366 2798 1431 Παῦλος
2843 1370 3038 1440 κλητὸς
3091 1373 3406 1437 ἀπόστολος.
3465 1394 3483 1426 ι
3547 1377 3691 1445 Ὅρα
3739 1378 4033 1447 προοίμιον

2457 1459 2617 1524 εὐθὺς
2648 1462 3058 1531 καθαπτόμενον
3089 1464 3200 1518 τῶν
3246 1466 3771 1536 ψευδοδιδασκάλων.
3829 1471 4031 1541 Ἐκλή-

2456 1552 2575 1621 θην,
2611 1556 2795 1620 φησὶν,
2839 1556 2939 1607 οὑκ
2969 1557 3017 1588 ’⁸
3059 1557 3219 1622 αὑτὸς
3271 1552 3452 1631 εὖρον,
3488 1562 3609 1615 οὑδέ
3653 1562 3829 1634 οἰκεία
3862 1565 4028 1634 σοιεθίεεν⁵

2456 1646 2749 1699 κατέλαϐον
2780 1649 2846 1702 ⁸⁸.
2898 1650 3009 1702 Kal.
3060 1651 3372 1722 ἀπεστάλην
3411 1654 3561 1725 παρὰ
3610 1654 3704 1708 τοῦ
3761 1657 4030 1726 Χριστοῦ,

2455 1739 2547 1791 καὶ
2581 1739 2681 1791 οὑκ
2713 1740 2829 1808 εἰμὶ
2859 1740 3391 1815 αύτοχειροτόνητος,
3424 1745 3499 1810 ὡς
3538 1749 3587 1799 οἱ
3619 1748 3676 1799 ἐν
3712 1748 3841 1816 ὑμῖν
3874 1749 4026 1802 διδά-

2455 1846 2639 1884 σκοντε
2648 1850 2694 1885 ς.

2532 1944 2552 1975 ι
2598 1925 2773 1992 Ἰησοῦ
2806 1927 3063 1997 Χριστοῦ.
3101 1947 3119 1978 ι
3176 1929 3235 1981 Ὀ
3267 1930 3497 1998 Χριστὸς
3535 1930 3875 1993 διδάσκαλος·
3912 1930 4031 1993 πῶς

2452 2014 2546 2072 οὖν
2580 2019 2738 2088 ὑμεῖς
2766 2019 3119 2084 διδασκάλους
3162 2022 3375 2085 ἑαυτοῖς
3416 2022 3733 2094 ἀνθρώπους
3788 2024 4027 2091 ἐπιγρά-

2452 2109 2617 2179 φεσθε
2645 2129 2658 2176 ;

2529 2220 2548 2252 ι
2589 2205 2686 2256 Διὰ
2732 2203 3034 2273 θελήματος
3062 2204 3219 2258 Θεοῦ.
3261 2224 3279 2257 ι
3340 2206 3416 2260 Οὑ
3478 2206 3613 2259 διότι
3664 2209 3822 2279 ἡμεῖς
3881 2202 4029 2276 ἦμεν

2453 2293 2615 2359 ἄξιοι,
2671 2293 2807 2347 ἀλλὰ
2855 2295 2989 2347 διότι
3043 2295 3330 2366 ἠθέλησεν,
3386 2297 3555 2351 ἔσωσε
3611 2300 3703 2352 καὶ
3740 2300 4024 2353 ἐκάλεσεν.

2453 2384 2616 2436 Ὥστε
2658 2386 2751 2438 καὶ
2787 2383 2882 2437 νῦν
2911 2386 3010 2455 ἐμὲ
3040 2387 3182 2439 θέλει
3210 2388 3505 2442 ἀπόστολον
3536 2390 3688 2459 ὑμῶν
3726 2385 3863 2442 εἶναι
3886 2407 3900 2420 ·
3934 2393 4029 2440 καὶ

2453 2476 2569 2537 πῶς
2587 2477 2632 2509 ⁸⁸
2673 2478 2829 2545 ὑμεῖς
2877 2477 3068 2540 ἄλλους
3107 2478 3286 2532 θέλετε
3318 2479 3705 2545 διδασκάλουςς
3742 2478 3850 2552 ἆρα
3876 2481 4030 2533 άντίο

792 2560 1085 2614 tim-tores?
1117 2558 1251 2613 Num
1281 2559 1389 2614 Deo
1422 2561 1717 2616 resistitis?
1750 2559 1883 2615 Nota
1923 2567 2106 2615 autem
2139 2576 2350 2631 praepo-
2382 2595 2423 2651 Β
2458 2566 2484 2619 θ

2331 2591 2350 2602 -
2382 2595 2423 2651 Β
2458 2566 2568 2620 θεοί
2597 2569 2720 2621 ἐστε
2746 2584 2760 2633 ;
2789 2568 3097 2638 Σημείωσαι
3125 2569 3182 2623 δὲ
3206 2572 3327 2639 τὴν,
3367 2589 3385 2622 ι
3419 2571 3528 2635 διὰ,
3569 2590 3588 2622 ι
3633 2573 3723 2624 ἐπὶ
3771 2571 3864 2623 τοῦ
3907 2572 4023 2624 Πα-

790 2654 1062 2715 sitionem,
1100 2670 1120 2702 σ
1160 2667 1308 2721 ρετ.»
1345 2651 1487 2706 Patri
1518 2654 1837 2721 appositam.

866 2760 886 2793 ι
923 2741 985 2795 Et
1008 2742 1298 2797 SOSIhenes
1322 2742 1507 2796 frater.
1544 2762 1562 2794 ι
1589 2741 1691 2798 Per
1722 2745 1981 2814 insignem
2015 2745 2353 2808 modestiam,

790 2835 997 2902 sihiipsi
1049 2835 1319 2889 hominem
1375 2851 1434 2890 se
1486 2836 1641 2906 longe
1695 2836 2004 2891 interiorem
2053 2837 2350 2905 coniungit,

792 2928 950 2995 idque
982 2926 1048 2980 ad
1101 2927 1476 2980 verecundiam
1514 2926 1876 2981 fastuosorum
1922 2926 2350 2991 Corinthiorum,

789 3019 879 3087 qui
914 3019 1182 3073 nemiuem
1216 3033 1320 3071 non
1346 3018 1794 3087 aSpernabautur.

864 3108 1024 3163 Vens.
1056 3108 1109 3162 2.
1140 3127 1157 3160 ι
1195 3106 1452 3162 Ecclesiae
1480 3106 1596 3172 Dei,
1626 3122 1743 3176 qua:
1774 3116 1857 3162 est
1884 3107 2149 3162 Corinthi.
2188 3125 2207 3159 ι
2236 3104 2349 3161 Νοη

793 3202 953 3270 hujus
984 3201 1069 3255 vel
1098 3200 1260 3265 illius,
1293 3201 1408 3263 sed,
1445 3218 1461 3249 ι
1498 3200 1610 3254 Dei.
1651 3218 1671 3249 ι
1704 3199 1869 3267 Ecqui
1913 3200 2076 3270 igitur
2106 3199 2353 3253 homines

789 3299 1000 3353 habetis
1045 3295 1346 3367 praesides?
1387 3295 1538 3361 Quod
1579 3296 1622 3348 si
1669 3294 1904 3349 Ecclesia
1949 3295 2104 3361 estis,
2132 3295 2353 3347 omnino

788 3406 883 3445 vos
914 3391 1094 3444 unitos
1120 3403 1237 3443 esse
1268 3398 1501 3455 oportet.
1545 3385 1676 3440 Nam
1707 3386 1960 3440 Ecclesia:
1992 3399 2185 3440 nomen
2216 3400 2349 3438 con-

782 3482 1075 3552 juucliouis
1104 3491 1157 3534 et
1188 3479 1597 3534 cnadunatiouis
1622 3487 1706 3532 est
1738 3476 2143 3533 declaratlvum.

867 3593 885 3626 ι
930 3573 1296 3627 Sanctiﬁcatis
1327 3572 1377 3624 in
1399 3569 1618 3624 Christo
1645 3567 1794 3624 Jesu.
1833 3587 1851 3621 ι
1887 3568 2003 3623 Non
2036 3569 2089 3623 in
2135 3567 2351 3623 homine

789 3666 1067 3735 quopiam,
1098 3665 1193 3719 sed
1232 3664 1284 3717 in
1321 3662 1539 3717 Christo
1569 3660 1892 3715 sanctiﬁcati
1924 3660 2057 3716 estis
2086 3678 2099 3715 :
2127 3675 2222 3730 per
2250 3660 2350 3714 ba-

788 3761 983 3827 ptisma
1020 3757 1291 3819 videlicet,
1321 3772 1423 3810 nnn
1459 3772 1553 3825 per
1581 3753 1901 3825 sapientiam
1931 3762 2022 3808 aut
2047 3767 2198 3823 Opes,
2227 3767 2350 3823 pro-

787 3864 904 3919 pter
937 3866 1068 3918 quas
1098 3849 1402 3903 eﬂ‘erimiui.

863 3962 880 3993 ι
921 3941 1138 3996 Vocatis
1177 3942 1401 3994 sanctis.
1446 3959 1462 3992 ι
1498 3938 1593 3994 Vel
1638 3939 1812 4008 ipsum
1846 3938 2104 4002 credere,
2150 3938 2343 4007 inquit,
2373 3931 2414 3986 C

788 4049 894 4085 nou
943 4042 1026 4086 est
1066 4044 1337 4099 vestrum,
1384 4033 1475 4088 sed
1526 4049 1555 4085 a
1610 4033 1717 4086 Deo
1748 4032 1919 4085 vocati
1969 4030 2250 4086 obediistis
2293 4040 2349 4085 et

787 4122 1112 4177 credidistis.
1148 4120 1380 4176 Proinde
1422 4132 1473 4175 et
1509 4122 1641 4175 ﬁdes
1677 4119 2001 4189 principium
2045 4133 2075 4172 a
2112 4118 2220 4172 Deo
2246 4118 2348 4171 ha-

788 4217 896 4270 bet.
949 4215 1058 4269 Nisi
1092 4215 1236 4270 enim
1279 4214 1364 4268 ille
1398 4222 1663 4279 vocasset,
1696 4226 1791 4266 vos
1825 4219 1973 4266 certe
2019 4225 2124 4264 nou
2173 4208 2349 4266 credi-

787 4308 1029 4360 dissetis.
1044 4338 1053 4363 η-

863 4418 883 4450 σ
914 4396 1048 4453 Cum
1072 4397 1327 4451 omnibus
1344 4397 1432 4465 qui
1458 4396 1709 4449 invocant
1730 4407 1924 4447 nomen
1946 4391 2154 4447 Domini
2179 4390 2346 4444 nostri

785 4490 911 4544 Jesu
941 4490 1164 4544 Christi.
1210 4507 1227 4539 ι
1266 4485 1382 4541 Νοη
1422 4486 1587 4550 solis,
1620 4484 1825 4554 inquit,
1862 4483 2013 4537 vobis
2053 4480 2348 4535 Corinthiis

786 4584 957 4653 gratia
982 4584 1053 4635 sit
1082 4590 1136 4634 et
1158 4596 1281 4648 pax,
1304 4593 1486 4632 verum
1511 4578 1672 4632 etiam
1694 4575 1947 4630 omnibus
1972 4572 2062 4643 qui
2094 4573 2347 4627 invocant

790 4688 984 4728 nomen
1013 4671 1235 4735 Christi,
1262 4685 1368 4725 uon
1398 4670 1554 4739 hujus
1585 4667 1669 4723 vel
1705 4667 1867 4722 illius.

860 4874 879 4905 ι
917 4855 971 4907 lu
1018 4852 1163 4908 omni
1212 4852 1355 4913 loco,
1400 4858 1584 4903 nostro
1622 4856 1674 4901 et
1718 4847 1980 4915 ipsorum.
2022 4863 2040 4897 ι
2080 4843 2342 4899 Fidelium

786 4946 958 5000 ubivis
987 4944 1226 5013 gentium
1262 4943 1530 5011 agentium
1572 4939 1853 5001 meminit,
1885 4938 1960 4991 uti
1992 4938 2341 5002 demonstret,

785 5040 924 5111 quod
968 5054 1071 5093 una
1115 5035 1352 5090 Ecclesia
1396 5034 1507 5087 siut
1552 5046 1741 5085 omnes
1785 5029 1988 5095 iidcles,
2042 5030 2346 5097 ubicunque

785 5132 946 5185 etiam
1028 5129 1247 5183 iuerint.
1300 5125 1400 5191 Qui
1453 5137 1632 5177 autem
1680 5138 1774 5176 vos
1842 5137 1999 5176 unam
2054 5121 2345 5175 incolentes

787 5220 999 5280 urbem,
1039 5216 1190 5269 divisi
1220 5214 1389 5269 estis?
1418 5211 1649 5278 lterum,
1694 5231 1712 5263 ι
1749 5222 2027 5274 nostrum,
2071 5229 2090 5261 ι
2128 5210 2342 5278 adjecit.

784 5307 918 5363 Cum
948 5310 1086 5360 enim
1121 5306 1374 5369 dixisset,
1414 5323 1431 5355 ι
1465 5304 1671 5359 Domini
1707 5304 1873 5358 nostri
1901 5302 2025 5358 Jesu
2050 5301 2274 5368 Christi,
2316 5320 2334 5353 ι

786 5397 1105 5466 interposito
1158 5397 1208 5449 in
1260 5394 1514 5457 medium,
1564 5395 1720 5462 122
1763 5413 1781 5446 ι
1820 5394 1872 5447 iu
1924 5392 2071 5447 omni
2123 5393 2268 5455 loco,
2312 5413 2329 5444 ι

2455 2660 2579 2729 cpit;
2604 2661 2885 2729 κειμένην.

2530 2768 2548 2800 ι
2592 2751 2703 2803 Καὶ
2754 2745 3035 2821 Σωσθένης
3064 2753 3092 2805 ὁ
3125 2751 3370 2821 ἀδελφός.
3425 2771 3443 2805 ι
3488 2753 3645 2806 Κατὰ
3696 2770 4026 2824 μετριοφρο-

2455 2835 2621 2906 σύνην
2655 2839 2917 2892 συνάπτει
2956 2839 3134 2910 ἐαυτῷ
3165 2842 3209 2872 ⁸⁷
3263 2843 3356 2893 τὸν
3392 2841 3568 2911 πολλῷ
3602 2842 3882 2896 ἐλάττονα·
3926 2847 4024 2898 καὶ

2453 2928 2610 2982 τοῦτο
2648 2931 2782 2998 πρὸς
2818 2932 3083 3001 ἐντροπὴν
3116 2932 3225 2988 τῶν
3258 2933 3643 3005 ὑψηλοφρόνων
3691 2936 4020 3005 Κορινθίων,

2452 3020 2559 3072 τῶν
2592 3021 2797 3084 πάντας
2829 3023 3243 3093 ὑπερορώντων.

2528 3129 2547 3162 ι
2580 3113 2657 3182 Τῇ
2701 3113 2997 3184 Ἐκκλησία
3023 3114 3116 3167 τοῦ
3147 3114 3303 3178 Θεοῦ,
3329 3117 3394 3184 τῇ
3427 3114 3561 3186 οὔσῃ
3593 3116 3650 3170 ἐν
3682 3117 3957 3187 Κορίνθῳ.
3995 3136 4016 3169 ι

2451 3203 2529 3257 Οὐ
2555 3204 2647 3257 τοῦ
2681 3205 2869 3271 δεῖνος,
2897 3207 2930 3276 ἢ
2964 3206 3058 3259 τοῦ
3089 3207 3279 3269 δεῖνος.
3309 3206 3445 3259 ἀλλὰ
3477 3226 3496 3259 ι
3522 3206 3615 3260 τοῦ
3642 3207 3798 3261 Θεοῦ.
3834 3228 3853 3260 ι
3891 3210 4020 3272 Πῶς

2451 3292 2545 3349 οὖν
2577 3296 2893 3367 ἀνθρώπους
2915 3296 3066 3368 ἔχετε
3094 3298 3402 3367 προστάτας
3427 3315 3441 3363 ;
3476 3299 3537 3351 Εί
3566 3299 3623 3351 δέ
3652 3300 3746 3351 καὶ
3786 3300 4018 3369 Ἐκκλη·

2452 3387 2543 3440 σία
2587 3387 2732 3449 ἐστὲ,
2786 3388 3005 3449 πάντως
3050 3388 3288 3456 ἡνῶσθαι
3338 3387 3604 3455 ὀφείλετε.
3657 3387 3729 3440 Τὸ
3762 3388 3873 3455 γὰρ
3920 3391 4022 3457 τῆς

2463 3476 2788 3545 Ἔκκλησίας
2820 3477 3015 3547 ὄνομα,
3054 3477 3300 3540 ἐνώσεώς
3329 3478 3475 3530 ἐστιν
3515 3476 3860 3531 ἐνδεικτικόν.

2524 3583 2549 3621 ι
2598 3567 2981 3637 Ἦγιασμένοις
3023 3569 3079 3620 ἐν
3118 3568 3337 3638 Χριστῷ
3377 3567 3574 3639 Ἰησοῦ.
3610 3588 3627 3620 ι
3665 3569 3777 3621 Οὐκ
3826 3570 3884 3621 ἐν
3923 3568 4020 3620 ἀν-

2452 3661 2685 3731 θρώπων
2727 3662 2852 3725 τινὶ,
2885 3661 2999 3714 ἀλλ’
3055 3663 3111 3714 ἐν
3151 3660 3369 3732 Χριστῷ
3420 3660 3737 3731 ἡγιάσθητε·
3784 3660 3873 3713 διὰ
3925 3660 4018 3712 τοῦ

2452 3750 2824 3820 βαπτίσματος
2875 3751 3094 3821 δηλαδὴ.
3137 3752 3259 3821 οὑχὶ
3306 3752 3394 3805 διὰ
3441 3751 3539 3820 τῆς
3584 3752 3793 3820 σοφίας,
3834 3751 3868 3819 ἢ
3924 3750 4019 3804 τοῦ

2452 3839 2702 3901 πλούτου,
2740 3841 2825 3908 ἐφ’
2857 3833 2938 3901 οἷς
2968 3841 3280 3910 ἐπαίρεσθε.

2522 3951 2540 3981 ι
2583 3930 2813 3999 Κλητοῖς
2838 3932 3035 3997 ἁγίοις.
3071 3951 3089 3983 ι
3123 3932 3232 3984 Καὶ
3253 3932 3402 3994 αὐτὸ,
3426 3934 3578 4000 φησὶ,
3611 3933 3668 3984 τὸ
3697 3932 4016 3990 πιστεῦσαι,

2450 4023 2546 4092 οὑχ
2604 4023 2887 4091 ὑμέτερον,
2947 4021 3064 4074 ἀλλ’
3118 4022 3222 4074 ὑπὸ
3269 4022 3406 4075 Θεοῦ
3468 4023 3780 4091 κληθέντες,

2450 4112 2797 4181 ὑπηκούσατε
2853 4113 2945 4164 καὶ
2989 4112 3369 4166 ἐπιστεύσατε.
3422 4114 3583 4165 Ὥστε
3618 4114 3713 4165 καὶ
3760 4114 3791 4181 ἡ
3834 4113 4017 4176 πίστις

2448 4205 2544 4273 τὴν
2575 4204 2749 4274 ἀρχὴν
2794 4205 2901 4257 άπὸ
2930 4203 3024 4256 τοῦ
3056 4204 3191 4256 Θεοῦ
3239 4204 3370 4273 ἔχει.
3410 4205 3472 4256 El
3523 4204 3597 4274 μὴ
3650 4205 3759 4275 γὰρ
3809 4206 4020 4267 ἐκεῖνος

2446 4298 2723 4359 ἐκάλεσεν,
2757 4297 2854 4348 οὑκ
2884 4295 2954 4348 ἂν
2990 4296 3145 4364 ὑμεῖς
3175 4295 3527 4349 ἐπιστεύσατε
3558 4297 3624 4349 ³⁸.

2524 4404 2542 4436 ι
2606 4386 2710 4437 Σὺν
2760 4387 2893 4438 πᾶσι
2944 4387 3059 4446 τοῖς
3102 4386 3543 4455 ἐπικαλουμένοις
3595 4388 3656 4440 τὸ
3702 4388 3874 4456 ὄνομα
3920 4389 4016 4441 τοῦ

2450 4478 2654 4547 Κυρίου
2708 4478 2864 4546 ἡμῶν
2907 4476 3083 4547 Ἰησοῦ
3117 4478 3374 4546 Χριστοῦ.
3418 4497 3435 4528 ι
3491 4480 3580 4547 Μὴ
3633 4479 3818 4547 μόνοις
3865 4480 4017 4548 ὑμῖν,

2448 4571 2600 4637 φησὶ,
2633 4570 2744 4630 τοῖς
2794 4569 3098 4638 Κορινθίοις
3134 4570 3292 4638 χάρις
3342 4572 3438 4621 καὶ
3486 4572 3673 4639 εἰρήνη
3719 4571 3829 4637 εἴη,
3879 4572 4017 4626 ἀλλὰ

2447 4662 2539 4710 καὶ
2570 4677 2588 4708 ι
2613 4660 2744 4710 πᾶσι
2769 4661 2878 4722 τοῖς
2892 4661 3335 4731 ἐπικαλουμένοις
3351 4661 3409 4713 τὸ
3424 4661 3591 4730 ὄνομα
3604 4660 3696 4714 τοῦ
3718 4663 3978 4732 Χριστοῦ,
3992 4681 4011 4714 ι

2446 4750 2505 4801 οὗ
2538 4749 2631 4802 τοῦ
2661 4750 2829 4814 δεῖνος
2857 4751 2888 4820 ἢ
2914 4750 3006 4805 τοῦ
3040 4752 3227 4816 δεῖνος.

2522 4862 2540 4894 ι
2592 4844 2681 4897 Ἑν
2719 4845 2882 4897 παντὶ
2912 4843 3060 4912 τόπῳ
3092 4844 3248 4913 ἡμῶν
3280 4861 3337 4896 τε
3370 4845 3463 4897 καὶ
3496 4845 3694 4897 αὐτῶν.
3736 4864 3755 4897 ι
3790 4844 3915 4896 Τῶν
3954 4847 4015 4898 ἐν

2448 4936 2611 4986 παντὶ
2656 4936 2807 5005 τόπῳ
2861 4935 3067 4988 πιστῶν
3108 4936 3397 5005 μέμνηται,
3435 4937 3519 4988 ἴνα
3561 4936 3729 5005 δείξῃ,
3784 4938 3864 4989 ἔτι
3915 4940 4013 5004 μία

2458 5028 2753 5094 Ἐκκλησία
2797 5028 2903 5080 εἰσὶ
2946 5029 3145 5089 πάντες
3194 5030 3243 5080 οἱ
3294 5030 3497 5089 πιστοὶ,
3533 5029 3664 5081 ὅπου
3692 5029 3735 5080 δ’
3783 5031 3851 5081 ἂν
3887 5023 4011 5082 ὦσι.

2447 5121 2555 5173 Καὶ
2606 5121 2719 5179 πῶς
2750 5119 2903 5188 ὑμεῖς
2935 5121 2991 5171 ἐν
3035 5121 3134 5190 μιᾷ
3169 5119 3318 5172 πόλει
3369 5119 3520 5181 ὄντες
3562 5121 3864 5190 διῄρησθες
3917 5122 4014 5174 Ἐκ

2443 5214 2692 5283 δευτέρου
2729 5214 2783 5265 δὲ
2830 5212 3138 5282 προσέθηκε
3164 5213 3245 5276 τὸ,
3297 5230 3316 5263 ι
3359 5209 3565 5280 Ἠμῶν.
3609 5231 3625 5263 ι
3669 5211 3850 5266 Εἰπὼν
3878 5215 4009 5281 γὰρ,

2457 5321 2475 5354 ι
2520 5303 2625 5355 Τοῦ
2675 5303 2880 5373 Κυρίου
2906 5301 3061 5373 ἡμῶν
3118 5301 3291 5370 Ἰησοῦ
3343 5300 3599 5371 Χριστοῦ.
3635 5320 3652 5351 δ
3707 5303 3801 5353 καὶ
3844 5303 4010 5369 μέσον

2444 5395 2731 5463 παρενθεὶς
2774 5396 2853 5457 τὸ,
2897 5413 2916 5445 ι
2964 5393 3052 5445 Ἐν
3077 5395 3235 5445 παντὶ
3267 5392 3432 5464 τόπῳ,
3465 5410 3484 5444 ι
3524 5392 3681 5446 πάλιν
3710 5394 4009 5448 ἐπανέλαϐε

3842 4023 4015 4087 οῦτως

2116 5485 2311 5545 Varim
2360 5486 2681 5549 lectiones.

853 5590 899 5620 "
933 5586 1116 5653 φησὶν,
1145 5585 1289 5638 τοῦτ’
1326 5587 1470 5637 ἐστιν
1496 5585 1596 5637 οὑκ
1620 5600 1691 5638 m.
1764 5586 1809 5617 "
1832 5585 2147 5639 κατέὸαλον.
2194 5586 2355 5639 Ἀλλὰ
2380 5588 2655 5656 πορθητής
2686 5587 2759 5638 ὢν
2789 5588 3074 5654 πρότερον,
3104 5585 3222 5640 εἶτα
3261 5586 3513 5655 ἐκλήθην.
3550 5586 3667 5645 Πῶς
3720 5579 3813 5636 οῦν
3849 5588 4010 5651 ὑμεῖς

783 5656 1280 5725 αὐτοχειροτόνητοι
1330 5655 1634 5707 διδάσκαλοι
1684 5670 1754 5709 tu.
1810 5656 2135 5723 Appreheudi
2184 5671 2201 5707 :

787 5729 939 5778 modo
962 5728 1135 5793 itaque
1166 5743 1252 5778 t'os
1284 5726 1521 5777 doetores
1544 5726 1664 5776 estis
1698 5730 1904 5793 proprio
1944 5727 2256 5780 auctoritate
2304 5728 2479 5781 consul

1960 5727 2256 5780 ructaritate
2304 5727 2575 5781 constituti
2614 5727 2639 5778 .’
2725 5727 2888 5779 "ml.
2933 5726 3264 5782 διδάσκαλον.
3294 5726 3400 5779 Καὶ
3432 5725 3545 5788 πῶς
3583 5741 3652 5780 tu.

783 5795 1049 5849 Σωσθένει
1087 5812 1137 5848 n.
1215 5798 1257 5827 "
1294 5793 1636 5864 ὑπηκούσατε
1676 5814 1724 5847 u.

2258 5656 2325 5708 Et
2382 5658 2675 5707 destructor
2713 5673 2829 5708 cum
2860 5660 3002 5719 prius
3031 5674 3211 5717 essem,
3237 5669 3411 5724 postea
3453 5668 3664 5708 vocatus
3692 5671 3834 5707 sum.
3860 5658 4006 5719 (lun-

3736 5726 3782 5757 ⁸⁷
3813 5727 4011 5781 ἐαυτὸν
