4286 6444
321 412 429 473 565

1108 403 1513 466 ΙίΧΡΟδΙἸἸΟ
1553 401 1635 463 IN
1671 401 1915 462 EPIST.
1952 401 1975 458 Ι
2010 401 2106 459 AD
2140 400 2309 460 COR.
2335 424 2403 435 —
2431 400 2588 460 CAP.
2632 399 2680 458 Ι.

3455 395 3558 459 568

314 526 414 579 καὶ
443 519 565 577 εἰπε
600 536 614 552 '
646 540 664 572 ι
691 520 797 572 Καὶ
828 516 985 587 ἡμῶν
1010 517 1213 584 Κυρίου
1236 517 1329 569 καὶ
1352 515 1532 568 αὐτῶν
1551 530 1563 543 ·
1589 532 1605 562 ι
1635 514 1721 566 ἵνα
1747 511 1893 579 δείξῃ
1922 512 1965 568 Α
1996 526 2006 560 ι

1867 528 1893 579 ῃ
1922 512 1965 568 Α
1996 525 2208 562 rursum
2246 509 2459 577 repetiit
2484 523 2549 561 ac
2583 507 2737 570 dixit,
2770 506 2937 559 uestri
2967 505 3175 557 Domini
3210 514 3262 558 et
3300 506 3559 573 ipsorum,

315 616 497 670 κοινὸν
543 613 820 679 Δεσπότην
871 610 1017 663 ὅντα.
1065 609 1221 671 Τινὲς
1267 608 1322 660 δὲ
1370 607 1543 668 οὕτως
1591 605 1665 666 ὡς
1716 605 1892 655 κεῖται

314 708 527 761 νοοῦσιν
552 722 564 734 ·
608 723 626 754 ι
676 702 772 755 Ἐν
817 702 980 753 παντὶ
1020 700 1170 768 τόπῳ
1205 697 1359 768 ἡμῶν
1386 714 1443 750 τε
1479 698 1573 749 καὶ
1608 695 1786 748 αὐτῶν
1810 712 1822 723 ·
1869 711 1887 744 ι

312 797 611 859 τουτέστιν,
666 792 755 846 Ἑν
784 784 826 859 ᾧ
858 791 952 843 καὶ
981 790 1140 859 ἡμεῖς
1172 788 1337 855 ἐσμεν
1375 787 1468 840 καὶ
1500 787 1720 838 ἐκεῖνοι.

396 994 413 1025 ι
450 973 621 1042 Χάρις
654 971 780 1039 ὑμῖν
807 970 900 1022 καὶ
927 967 1117 1038 εἰρήνη
1169 966 1276 1019 ἀπὸ
1306 966 1439 1018 Θεοῦ
1473 964 1682 1035 [Ιατρδς
1716 964 1891 1033 ήμῶν,

316 1066 411 1118 καὶ
470 1062 641 1133 Ἰησοῦ
691 1059 950 1131 Χριστοῦ.
1006 1079 1023 1110 ι
1068 1058 1200 1111 Ἀπὸ
1247 1058 1379 1109 Θεοῦ
1439 1059 1469 1124 ἡ
1511 1056 1671 1125 χάρις
1710 1055 1804 1107 καὶ
1861 1056 1894 1123 ἡ

313 1155 528 1223 εἰρήνη.
564 1153 674 1204 Καὶ
706 1153 991 1219 πρότερον,
1021 1150 1106 1200 ὅτε
1139 1149 1272 1216 πρὸς
1297 1148 1459 1199 αὐτὸν
1494 1145 1891 1213 ἐκπεπολεμω-

317 1248 471 1315 μένοι
502 1246 674 1300 ὄντες.
712 1243 797 1295 διὰ
846 1244 944 1312 τῆς
998 1243 1215 1311 χάριτος
1263 1239 1426 1292 αὑτοῦ
1475 1240 1892 1309 είρηνεῦσαμεν,

315 1340 412 1389 καὶ
474 1337 560 1390 ἀεὶ
587 1337 641 1388 δὲ
674 1336 903 1404 εὔχομαι
932 1336 1100 1386 ταῦτα
1132 1334 1258 1402 ὑμῖν
1309 1333 1418 1385 ἀπὸ
1447 1330 1581 1383 Θεοῦ
1616 1334 1893 1398 παρεῖναι,

317 1428 406 1479 ῖια
444 1428 575 1495 μήτε
608 1427 703 1495 τῆς
742 1426 959 1495 χάριτος
996 1423 1160 1477 αὐτοῦ
1209 1423 1474 1490 ἐκπέσητε
1505 1424 1571 1483 ’9,
1625 1422 1761 1491 μήτε
1798 1424 1895 1491 τῆς

315 1520 560 1589 εἰρήνης,
607 1518 681 1579 ὡς
718 1515 1195 1578 διαστασιάζοντες
1254 1514 1389 1583 πρὸς
1437 1513 1718 1581 ἀλλήλους.
1774 1514 1895 1574 [ιὼς

314 1607 410 1662 οῦν
451 1609 757 1678 ἀνθρώποις
796 1610 1022 1669 ἑαυτοὺς
1072 1607 1430 1674 προσνέμετε,
1482 1606 1575 1657 καὶ
1626 1605 1723 1675 τὴν
1764 1604 1893 1672 παρ’

315 1701 546 1762 ἐκείνοις
579 1700 737 1770 χάριν
774 1700 868 1754 καί
898 1700 1254 1768 εὐαρέστησιν
1283 1697 1515 1767 ζητεῖτε,
1549 1698 1623 1759 ὡς
1646 1696 1894 1749 διδασκά-

316 1794 464 1857 λοεςς

1997 610 2056 653 ut
2088 608 2479 655 commonstret
2524 612 2861 652 communem
2908 611 3024 649 esse
3075 598 3382 649 hominum.
3432 596 3568 650 Sunt

1995 694 2085 760 qui
2132 694 2315 754 verba,
2354 691 2429 743 uti
2474 689 2678 758 jacent,
2729 687 3054 756 intelligunt,
3097 706 3114 737 ι
3152 687 3205 740 in
3251 689 3398 741 omni
3446 689 3564 740 loco

1998 792 2182 837 nostro
2206 794 2258 836 et
2287 785 2548 853 ipsorum,
2588 800 2605 833 ι
2653 782 2753 835 hoc
2794 790 2896 844 cst,
2934 781 2985 833 in
3037 794 3144 848 quo
3186 791 3239 833 et
3276 796 3372 833 nos
3399 789 3453 833 et
3490 778 3565 833 illi

1997 890 2057 928 Sll
2067 890 2201 928 "HIS.

2072 966 2232 1021 Vens.
2254 966 2307 1019 5.
2340 984 2359 1017 ι
2388 966 2572 1019 Gratia
2597 965 2768 1029 vobis,
2791 976 2842 1017 ct
2865 981 2965 1032 pax
2991 981 3017 1016 a
3040 963 3147 1017 Deo
3174 962 3330 1016 Patre
3358 973 3563 1026 nostro,

1998 1074 2051 1118 et
2075 1063 2299 1117 Domino
2330 1061 2454 1117 Iesu
2481 1061 2722 1115 Christo.
2769 1079 2785 1112 ι
2824 1062 2865 1112 A
2905 1062 3008 1113 Deo
3040 1060 3209 1129 gratia
3243 1069 3296 1111 et
3328 1073 3427 1125 pax
3463 1068 3564 1109 est.

2002 1157 2175 1210 Etiam
2231 1157 2400 1225 prius,
2449 1172 2569 1209 cum
2624 1156 2830 1209 inimici
2872 1169 3147 1215 essemus,
3198 1169 3293 1221 per
3338 1152 3565 1218 gratiam

2000 1249 2165 1315 ipsius
2201 1262 2383 1316 pacem
2436 1246 2615 1315 adepti
2659 1261 2865 1299 sumus.
2919 1245 3188 1312 Perpetuo
3238 1253 3414 1295 autem
3454 1244 3567 1294 lucc

2001 1337 2150 1390 vobis
2186 1337 2443 1389 divinitus
2473 1336 2664 1388 adesse
2696 1342 2843 1403 opto,
2881 1344 2932 1386 ttt
2981 1348 3155 1401 neque
3190 1347 3216 1383 a
3247 1331 3416 1401 gratia
3453 1331 3569 1397 ejus

1999 1428 2282 1491 excidatis,
2320 1440 2495 1494 neque
2528 1441 2555 1478 a
2601 1439 2753 1493 pace,
2791 1434 3039 1491 tanquam
3078 1425 3217 1475 inter
3259 1436 3355 1475 vos
3385 1430 3570 1473 mutuo

1997 1520 2344 1572 dissidentes.
2390 1518 2556 1585 Ecqui
2603 1517 2769 1586 igitur
2800 1516 3106 1569 hominibus
3136 1528 3229 1567 vos
3264 1512 3569 1580 applicatis,

1997 1622 2118 1660 cum
2167 1606 2416 1673 gratiam,
2468 1615 2575 1657 tum
2629 1602 3059 1657 benevolentiam
3107 1604 3245 1670 apud
3293 1601 3435 1661 illos,
3470 1614 3571 1655 σοι.

2000 1701 2280 1761 doctores,
2312 1696 2659 1751 ambientes?

526 1884 698 1952 Χάρις
764 1885 891 1951 ὑμῖν
941 1884 1034 1938 καὶ
1107 1882 1297 1951 εἰρήνη
1351 1882 1457 1933 ἀπ’)
1499 1881 1632 1935 θεοῦ
1686 1883 1893 1949 Πατρδς
1930 1848 1968 1900 Β
2066 1882 2085 1917 Ἰ

1880 1900 1893 1945 ;
1930 1848 1968 1900 Β
2066 1881 2231 1934 Vens.
2264 1879 2318 1932 3.
2360 1897 2377 1927 ι
2415 1877 2599 1931 Gratia
2661 1875 2813 1929 vobis
2843 1883 2897 1929 et
2927 1890 3025 1942 pax
3069 1890 3097 1925 a
3145 1874 3255 1928 Deo
3288 1874 3449 1928 Patre
3475 1890 3572 1928 no-

316 1974 499 2041 ἡμῶν.
542 1994 559 2025 ι
608 1975 927 2042 Ἐπεύχεται
959 1974 1139 2035 αὐτοῖς
1184 1975 1362 2042 χάριν,
1412 1974 1576 2043 ἤγουν
1622 1974 1893 2025 οἰκείωσιν

316 2066 411 2117 καὶ
447 2066 728 2135 εὐμένειαν
758 2068 867 2120 ἀπὸ
891 2068 982 2118 τοῦ
1023 2067 1176 2131 Θεοῦ,
1209 2066 1477 2135 διασύρων
1510 2066 1757 2118 ἐντεῦθεν
1798 2065 1893 2135 τὴν

316 2156 427 2207 ἀπὸ
459 2155 565 2209 τῶν
594 2157 1089 2226 έτεροδιδασκάλων
1116 2155 1407 2224 γινομένην
1434 2156 1637 2218 αὐτοῖς·
1668 2156 1755 2206 ναὶ
1788 2156 1891 2225 μὴν

318 2249 413 2301 xxi.
444 2248 664 2319 εἰρήνην
686 2249 1128 2310 διαστασιάζουσι
1159 2250 1294 2317 πρός
1324 2266 1382 2301 τε
1414 2249 1611 2310 αὐτοὺς
1641 2248 1894 2317 καὶπρὸς

316 2339 411 2391 τὸν
440 2339 590 2392 Θεόν.
628 2342 844 2410 Πατέρα
874 2340 927 2393 δὲ
962 2341 1118 2410 ἡμῶν
1148 2341 1237 2393 τὸν
1268 2340 1399 2393 Θεὸν
1429 2340 1889 2410 προσηγόρευσεν,

319 2432 393 2494 ὡς
421 2432 847 2503 υἱοθετουμένων
886 2434 1034 2503 αῦτῷ
1068 2434 1153 2485 διὰ
1179 2433 1272 2486 τοῦ
1306 2433 1530 2503 λουτρσῦ
1564 2432 1661 2502 τῆς
1696 2433 1893 2499 παλιγ-

320 2523 596 2589 γενεσίοις.

399 2632 419 2664 ‹
472 2616 579 2667 Καὶ
614 2615 818 2685 Κυρίου
862 2616 1034 2682 Ἰησοῦ
1080 2615 1338 2687 Χριστοῦ.
1371 2634 1389 2667 ι
1440 2616 1507 2667 "A
1536 2614 1644 2685 γάρ
1683 2615 1893 2668 δίδωσιν

320 2707 349 2757 ὁ
378 2706 590 2775 Πατὴρ,
617 2706 789 2761 ταῦτα
811 2708 900 2759 καὶ
923 2709 949 2759 ὁ
972 2708 1117 2769 Υἱός.
1149 2706 1317 2759 Τοῦτο
1347 2707 1452 2776 γὰρ
1480 2706 1775 2776 δηλωτικὸν
1798 2708 1895 2780 τῆς

324 2796 383 2848 ἐν
410 2797 740 2865 ἁμιξοτέροις
777 2801 1039 2869 ἰσότητος.
1073 2799 1205 2853 Cod.
1244 2800 1523 2872 Arundel.]

401 2906 421 2939 ο
464 2889 797 2958 Εὑχαριστῶ.
838 2909 857 2942 ι
892 2892 1256 2961 Εὖχσρίστους
1284 2895 1428 2961 ἡμᾶς
1456 2890 1593 2945 εἶναι
1628 2894 1893 2957 παιδεύει,

324 2979 418 3030 καὶ
444 2981 501 3030 ἐν
543 2981 687 3050 πάσῃ
718 2981 814 3048 μὲν
838 2982 1149 3054 Ἐπιστολῇ,
1191 2985 1573 3056 εὐκαιρότερον
1613 2988 1668 3038 δὲ
1696 2986 1792 3039 νῦν
1828 2989 1892 3056 τῇ

324 3070 644 3140 εὐχαριστίᾳ
676 3075 959 3141 κέχρηται.
1004 3074 1069 3127 ’11
1105 3077 1213 3144 γὰρ
1247 3078 1567 3148 εὐχαριστία
1594 3080 1686 3131 ἐπὶ
1712 3080 1897 3148 χάριτι

1994 1982 2128 2027 stro.
2166 1990 2183 2022 ι
2222 1970 2467 2025 Gratiam
2495 2011 2509 2030 ,
2544 1968 2594 2021 id
2624 1977 2706 2022 est
2730 2007 2742 2030 ,
2778 1967 3276 2021 reconciliationem
3311 1975 3367 2020 et
3407 1968 3570 2020 bene.

1997 2063 2287 2118 volentiam
2341 2062 2407 2115 iis
2436 2075 2478 2111 ,τι
2530 2060 2637 2112 Deo
2689 2070 3083 2128 comprecatur,
3133 2058 3393 2112 vellicans
3443 2058 3569 2111 inde

1998 2158 2165 2220 illam,
2212 2172 2330 2224 qua:
2376 2155 2503 2224 ipsis
2538 2155 2605 2205 ab
2652 2153 2715 2207 iis
2746 2154 2835 2222 qui
2879 2153 3089 2205 diversa
3122 2151 3408 2215 docebant,
3438 2166 3570 2205 con«

1995 2248 2118 2301 ﬂata
2141 2257 2276 2302 erat.
2305 2248 2440 2312 Quin
2465 2246 2628 2300 etiam
2653 2244 3035 2299 dissidentibus
3058 2258 3262 2312 pacem,
3283 2258 3405 2299 cum
3431 2245 3569 2297 inter

1997 2355 2077 2405 se,
2109 2351 2220 2393 tum
2252 2342 2389 2408 apud
2437 2339 2623 2393 Deum.
2665 2339 2829 2391 Deum
2860 2346 3038 2390 autem
3072 2335 3285 2389 Patrem
3322 2347 3566 2389 nostrum

1996 2434 2226 2494 vocavit,
2276 2432 2431 2485 nobis
2473 2430 2549 2484 illi
2598 2443 2696 2498 per
2732 2428 3003 2491 lavacrum
3050 2427 3475 2495 regenerationis
3516 2428 3568 2481 in

1999 2525 2227 2577 ﬁliorum
2254 2538 2531 2577 numerum
2561 2522 2805 2575 adscitis.

2074 2632 2092 2664 ι
2133 2613 2197 2666 Ει
2226 2615 2452 2667 Domino
2470 2613 2596 2666 Jesu
2619 2613 2858 2665 Christo.
2901 2629 2918 2661 ι
2956 2610 3088 2664 Nam
3120 2626 3237 2678 quae
3268 2609 3427 2664 Pater
3454 2610 3565 2673 dat,

1997 2705 2183 2757 eadem
2223 2713 2276 2758 et
2317 2704 2507 2757 Filius.
2541 2702 2651 2755 lloc
2684 2704 2825 2757 enim
2876 2702 2927 2757 in
2978 2717 3205 2772 utroque
3248 2702 3567 2773 aequalitatis

1998 2804 2081 2849 est
2120 2796 2397 2847 indicium.

2074 2883 2234 2940 Vens.
2266 2887 2319 2940 4.
2360 2908 2377 2936 ι
2418 2885 2631 2940 Gratias
2660 2900 2781 2950 ago.
2825 2905 2842 2936 ι
2874 2883 3071 2939 Graios
3102 2900 3198 2939 nos
3239 2898 3357 2939 csse
3387 2886 3567 2949 docet,

2002 2977 2161 3046 idque
2190 2980 2242 3031 in
2273 2979 2419 3031 Ottttti
2452 2993 2673 3047 prorsus
2696 2978 2925 3046 epistola
2958 2994 2970 3029 :
3005 2977 3360 3045 opportunius
3388 2987 3565 3031 autem

2003 3086 2142 3124 nunc
2182 3071 2477 3140 gratiarum
2508 3072 2720 3124 actione
2764 3086 2892 3125 usus
2924 3081 3028 3124 est.
3073 3071 3381 3124 Gratiarum
3422 3072 3564 3124 enin.

322 3161 556 3227 γίνεται·
588 3166 619 3231 ἡ
658 3164 713 3216 δὲ
743 3166 899 3235 χάρις
929 3167 1026 3220 οὐκ
1066 3168 1276 3239 ὀφειλὴ,
1314 3171 1432 3223 οὐδὲ
1477 3172 1697 3243 ἀμοιϐή.
1731 3171 1900 3225 Τοῦτο
1925 3174 1969 3237 C
2003 3179 2014 3217 ε

1876 3174 1969 3237 oc
2003 3166 2144 3219 actio
2192 3176 2405 3233 propter
2450 3175 2677 3234 grattam
2722 3166 2777 3219 lit
2817 3184 2829 3219 :
2883 3166 3054 3233 gratia
3102 3176 3279 3218 autem
3336 3180 3439 3217 non
3485 3174 3568 3218 est

322 3253 379 3306 δὲ
408 3254 505 3325 τὴν
541 3254 771 3326 ἔπαρσιν
802 3258 909 3311 τῶν
943 3260 1242 3327 Κορινθίων
1271 3263 1540 3334 καθαιρεῖ.

401 3453 419 3486 ι
459 3434 548 3504 Τῷ
575 3436 692 3507 Θεῷ
733 3454 857 3505 μου.
892 3457 908 3488 ι
960 3439 1091 3493 Ἀπὸ
1124 3441 1321 3513 πολλῆς
1352 3443 1573 3515 ἀγάπης
1599 3446 1690 3497 τὸν
1719 3448 1897 3501 κοινὸν

326 3528 548 3579 πάντων
581 3528 712 3579 Θεὸν
749 3529 1103 3584 ἰδιοποιεῖται.

399 3635 418 3666 ι
458 3618 695 3671 Πάντοτε
726 3621 853 3689 περὶ
882 3621 1059 3691 ὑμῶν,
1089 3623 1182 3674 ἐπὶ
1220 3626 1285 3691 τῇ
1315 3624 1497 3695 χάριτι
1539 3626 1633 3678 τοῦ
1675 3628 1830 3681 Θεοῦ.
1870 3648 1888 3680 ι

323 3707 578 3761 Παιδεύει
614 3709 703 3762 διά
748 3710 941 3762 τούτου
987 3712 1111 3775 τοὺς
1162 3714 1481 3784 Κορινθίους
1536 3718 1629 3769 καὶ
1676 3719 1894 3785 αὐτοὺς,

322 3800 413 3852 ἀεὶ
459 3800 657 3854 εἰδέναι
686 3802 842 3872 χάριν
868 3802 946 3873 τῷ
984 3803 1122 3872 Θεῷ,
1157 3806 1250 3857 καὶ
1280 3806 1353 3876 μὴ
1376 3809 1485 3869 τοῖς
1506 3809 1727 3873 οἰκείοις
1763 3827 1896 3865 κατ-

321 3892 657 3960 ορθώμασιν.
706 3913 724 3944 ι
770 3895 888 3947 Ἐπί
916 3898 978 3964 τῇ
1012 3897 1192 3966 χάριτι
1217 3898 1327 3969 γὰρ
1360 3899 1454 3952 τοῦ
1469 3900 1626 3961 Θεοῦ,
1656 3921 1674 3953 ι
1711 3904 1895 3974 φησιν,

320 3984 425 4034 οὐκ
454 3984 549 4035 ἐπὶ
575 3988 682 4047 τοῖς
719 3984 1004 4056 ὑμετέροις
1031 3986 1213 4056 ἔργοις
1248 3990 1581 4060 εὐχαριστῶ.

403 4092 420 4124 ι
468 4074 547 4143 Τῇ
579 4074 791 4145 δοθείσῃ
821 4078 948 4144 ὑμῖν
977 4079 1033 4129 ὲν
1061 4080 1280 4149 Χριστῷ
1325 4082 1518 4149 Ἰησοῦ.
1557 4102 1575 4134 ι
1614 4085 1893 4153 Τουτέστι,

319 4165 349 4214 δ
379 4162 411 4213 ὰ
451 4163 687 4231 Χριστοῦ
731 4166 925 4235 Ἰησοῦ,
956 4168 1016 4219 οὐ
1058 4168 1144 4220 διὰ
1174 4169 1267 4220 τοῦ
1319 4170 1485 4233 δεῖνος
1515 4172 1547 4241 ἢ
1580 4173 1672 4227 τοῦ
1705 4175 1892 4239 δεῖνος.

324 4254 489 4305 ’Ὥστε
514 4254 565 4304 τί
592 4255 897 4326 ἀνθρώποις
928 4259 1224 4326 προσέχετε
1254 4277 1268 4324 ;

403 4363 422 4395 ι
462 4345 582 4397 Ὅτι
636 4346 695 4397 ἐν
738 4349 901 4400 παντὶ
952 4349 1342 4421 ἐπλουτίσθητε
1394 4354 1452 4405 ὲν
1500 4354 1668 4422 αῦτῖ).
1722 4374 1741 4407 ›
1799 4357 1890 4423 Τὸ,

330 4456 348 4486 ι
401 4436 491 4487 Ἐν
521 4436 687 4506 αὐτῷ,
724 4455 742 4488 ι
795 4438 953 4492 πάλιν
981 4441 1098 4493 ἀντὶ
1130 4441 1244 4506 τοῦ,
1290 4442 1356 4493 δι’
1392 4444 1574 4496 αὐτοῦ.
1608 4444 1775 4498 Ὅταν
1802 4444 1895 4502 οῦν

2006 3255 2269 3320 debitum,
2303 3270 2476 3320 neque
2503 3255 2895 3323 compensatio.
2929 3255 3103 3322 Atque
3134 3253 3236 3307 hoc
3261 3254 3567 3309 Corinthio-

2003 3362 2119 3400 rum
2152 3348 2346 3401 lastqu
2374 3348 2648 3416 deprimit.

2078 3460 2095 3491 ι
2135 3440 2243 3493 Deo
2275 3455 2414 3495 meo.
2460 3460 2478 3492 ›
2517 3441 2592 3495 Ex
2634 3443 2891 3498 immensa
2922 3445 3228 3507 dilectione,
3264 3444 3426 3498 Deum
3458 3457 3568 3496 om-

1998 3531 2159 3585 nibus
2188 3546 2549 3595 communem,
2581 3536 2856 3602 proprium
2884 3534 2981 3589 sibi
3014 3536 3267 3590 vindicat.

2076 3639 2093 3671 ι
2143 3621 2369 3690 Semper
2400 3636 2494 3689 pro
2526 3623 2697 3686 vobis,
2738 3638 2898 3692 super
2923 3626 3091 3695 gratia
3140 3623 3253 3677 Dei.
3307 3641 3324 3674 ι
3378 3623 3568 3677 Erudit

2001 3728 2095 3782 per
2131 3713 2229 3766 hoc
2256 3713 2401 3781 ipsos
2422 3714 2754 3775 Corinthios,
2779 3715 2885 3768 Deo
2910 3716 3114 3783 gratias
3140 3729 3353 3782 semper
3383 3729 3564 3783 agere,

1998 3815 2052 3859 et
2079 3820 2181 3858 non
2210 3806 2437 3873 propriis
2463 3805 2733 3871 Operibus.
2766 3804 2899 3859 Nam
2935 3824 2951 3857 ι
2986 3806 3160 3876 Super
3185 3808 3359 3877 gratia
3388 3807 3503 3872 Dei,
3540 3824 3559 3859 ι

2001 3897 2194 3965 inquit,
2225 3912 2335 3952 non
2373 3898 2441 3951 ob
2467 3908 2647 3951 vestra
2680 3912 2862 3967 opera,
2897 3916 2915 3950 ι
2949 3900 3149 3969 gratias
3179 3914 3300 3971 ago.
3333 3919 3351 3952 ι

2073 4094 2093 4127 ε
2130 4076 2257 4141 Quae
2291 4078 2410 4131 data
2452 4087 2534 4132 est
2558 4077 2709 4132 vobis
2750 4078 2800 4131 in
2842 4078 3061 4133 Christo
3090 4077 3238 4143 Jesu,
3271 4097 3288 4131 ι
3323 4082 3422 4135 hoc
3458 4090 3561 4143 est,

1996 4181 2089 4235 per
2110 4168 2383 4222 Christum
2411 4167 2615 4229 Jesum,
2646 4185 2753 4223 non
2780 4184 2878 4238 per
2906 4171 3046 4223 hunc
3071 4170 3153 4224 vel
3179 4171 3340 4223 alium
3377 4187 3563 4239 quem-

1996 4260 2159 4329 piam.
2196 4259 2330 4324 Quid
2364 4275 2493 4328 ergo
2528 4262 2833 4315 hominibus
2872 4272 3105 4314 tnenletn
3144 4261 3457 4317 adhibetis?

2070 4351 2226 4405 Vens.
2253 4352 2305 4404 5.
2344 4369 2363 4401 ι
2402 4354 2535 4416 Quia
2572 4356 2623 4404 in
2670 4353 2921 4407 omnibus
2949 4355 3144 4409 divites
3177 4354 3300 4409 facti
3344 4356 3475 4410 cstis
3509 4356 3563 4409 in

1997 4442 2106 4497 illo.
2143 4462 2161 4494 ι
2198 4472 2268 4483 -
2293 4458 2314 4494 ι
2344 4443 2399 4495 lu
2428 4443 2537 4505 illo,
2572 4461 2591 4493 ι
2624 4459 2834 4497 rursum
2863 4445 3081 4512 ponitur
3117 4462 3232 4515 pro,
3265 4461 3361 4515 per
3387 4447 3556 4500 illum.

325 4527 422 4578 καὶ
453 4528 677 4590 πλοῦτος
706 4527 762 4601 ᾖ,
797 4532 891 4583 καὶ
924 4531 1057 4583 Θεοῦ
1086 4532 1334 4598 πλοῦτος,
1372 4535 1466 4588 καὶ
1493 4537 1549 4588 ὲν
1581 4540 1766 4604 παντὶ,
1798 4543 1893 4594 καὶ
1926 4514 1968 4571 D
1994 4536 2017 4590 (

1864 4543 1893 4594 ,ὶ
1926 4514 1968 4571 D
1994 4536 2124 4590 Cum
2155 4537 2317 4604 igitur
2346 4550 2477 4603 opes
2508 4536 2659 4589 vobis
2684 4537 2881 4599 adsint,
2924 4552 2987 4590 ac
3021 4514 3292 4606 Deiopes,
3324 4540 3481 4607 idque
3508 4542 3556 4593 in

321 4619 393 4670 δι’
426 4621 586 4673 αὑτοῦ
622 4622 715 4675 τοῦ
750 4626 1107 4693 Μονογενοῦς,
1150 4628 1265 4691 πῶς
1296 4630 1711 4699 ἀχαριστοῦντες
1743 4634 1897 4703 ὑμεῖς
1971 4632 2013 4679 ἐ

1860 4639 1897 4697 ῖς
1971 4626 2134 4679 ‘omni
2169 4641 2245 4688 re,
2270 4636 2323 4680 et
2346 4640 2439 4693 per
2466 4626 2797 4695 unigenitum
2822 4628 2912 4681 Dei
2939 4629 3169 4696 Filium;
3200 4644 3324 4698 qua,
3350 4646 3552 4698 quaeso,

323 4709 645 4780 ἀνθρώπους
670 4715 884 4780 ἑαυτοῖς
922 4716 1272 4781 διδασκάλους
1305 4721 1676 4791 ὲπιγράφεσθε
1703 4739 1718 4787 ;

402 4912 421 4944 ι
470 4893 557 4946 Ἐν
599 4895 760 4947 παντὶ
801 4894 943 4967 λόγῳ
973 4898 1064 4949 καὶ
1098 4899 1245 4970 πάσῃ
1288 4899 1506 4967 γνώσει.
1545 4920 1564 4953 ι
1612 4904 1766 4955 Ἐστι
1797 4902 1891 4955 καί

323 4984 483 5051 λόγος
522 4986 693 5053 χωρὶς
723 4987 996 5053 γνώσεως·
1029 4988 1216 5059 ὥσπερ
1246 4992 1375 5043 ὅταν
1407 5009 1489 5055 τις
1517 4992 1649 5064 λέγῃ
1686 4994 1891 5060 μάταια

325 5075 496 5146 χωρὶς
524 5077 827 5145 νοημάτων·
861 5078 977 5131 ἔστι
1011 5082 1104 5131 καὶ
1138 5080 1335 5148 γνῶσις
1363 5084 1528 5151 χωρὶς
1553 5084 1731 5150 λόγου,
1763 5085 1891 5137 ὅταν

322 5184 409 5227 τις
459 5171 550 5237 νοῇ
600 5169 696 5235 μὲν
728 5169 906 5238 ὑψηλὰ
937 5173 976 5234 ⁸,
1013 5172 1167 5239 λόγον
1211 5172 1267 5225 δὲ
1294 5174 1393 5224 οὐκ
1433 5174 1527 5244 ἔχῃ
1579 5174 1821 5242 ἑρμηνέα
1845 5176 1889 5229 ¹.

336 5255 527 5323 Ὑμεῖς
569 5257 625 5309 δὲ
665 5261 760 5311 καί⁵
801 5260 957 5327 λόγον
998 5261 1147 5331 ἔχετε
1191 5262 1285 5317 καὶ
1311 5264 1511 5331 γνῶσιν
1539 5263 1710 5327 θείαν,
1748 5263 1888 5317 ὥστε

324 5347 422 5397 καὶ
451 5348 590 5398 νοεῖν
623 5351 715 5399 καὶ
742 5347 920 5416 λέγειν
954 5349 1226 5404 δύνασθαι.

398 5541 423 5579 α
458 5523 651 5587 Καθὼς
688 5525 748 5578 τὸ
779 5526 1075 5598 μαρτύριον
1110 5527 1203 5580 τοῦ
1242 5529 1478 5599 Χριστοῦ
1506 5528 1807 5599 ἐϐεϐαιώθη
1828 5532 1886 5584 ἐν

1992 4715 2165 4768 fronte
2194 4730 2289 4769 vos
2338 4716 2552 4785 ingrati,
2599 4718 2847 4773 homines
2888 4720 3174 4789 vobisipsis
3214 4722 3265 4774 in
3303 4722 3555 4778 doctores

1994 4804 2296 4857 asciscitis?
2349 4861 2355 4869 ,

2062 4911 2082 4945 ι
2126 4894 2181 4947 In
2216 4895 2360 4947 omni
2399 4909 2651 4950 sermone
2692 4911 2746 4953 et
2782 4899 2926 4952 omni
2957 4901 3283 4969 cognitione.
3320 4920 3339 4954 ι
3373 4901 3558 4959 Potest

1989 4999 2109 5038 esse
2139 5000 2318 5039 sermo
2352 4986 2468 5039 sine
2510 4988 2837 5057 cognitione,
2870 5002 2929 5043 ut
2954 4993 2996 5046 si
3022 4993 3147 5061 quis
3177 5010 3311 5048 Vana
3344 4996 3548 5063 absque

1993 5072 2262 5125 intelleCtu
2309 5072 2514 5129 eﬂutiat
2554 5090 2569 5127 :
2611 5087 2692 5131 est
2737 5085 2792 5132 et
2829 5081 3066 5149 cognitio
3114 5083 3230 5137 sine
3268 5099 3541 5148 sermone.

1991 5171 2046 5213 ut
2082 5162 2126 5215 si
2161 5163 2284 5229 quis
2312 5164 2563 5219 sublimia
2599 5166 2875 5238 intelligat,
2911 5172 3073 5224 verbo
3106 5181 3283 5226 autem
3316 5175 3398 5229 vel
3434 5191 3553 5230 ser-

1990 5267 2147 5305 mone
2180 5268 2282 5307 non
2327 5259 2502 5322 possit
2540 5260 2832 5326 explicare.
2884 5259 2991 5316 Vos
3021 5275 3199 5318 autem
3245 5274 3300 5319 et
3326 5267 3545 5321 verbum

1998 5344 2225 5410 habetis,
2263 5355 2317 5400 et
2356 5349 2601 5403 notitiam
2648 5350 2905 5419 divinam,
2952 5363 3011 5407 ut
3055 5363 3110 5409 et
3153 5356 3452 5427 inteltigere
3497 5368 3553 5412 ct

1992 5434 2235 5507 proloqui
2269 5438 2504 5504 possitis.

2072 5527 2232 5586 Vrsas.
2258 5528 2310 5582 6.
2354 5547 2373 5581 ι
2408 5530 2710 5587 Secundum
2755 5536 2894 5602 quod
2936 5538 3299 5594 testimonium
3345 5541 3545 5597 Christi

1657 5670 1851 5733 Variae
1885 5670 2206 5735 lectiones.

395 5797 443 5831 ”
475 5797 803 5870 ἐστερήθητε
844 5815 894 5857 ο.
976 5802 991 5833 ³
1046 5801 1266 5872 ὑψηλῶς
1308 5820 1363 5861 ο,
1439 5807 1457 5836 ³
1491 5803 1785 5873 ἑρμηνείας
1839 5818 1893 5858 o.
