4286 6444
708 361 770 424 ω
784 361 805 423 1

1626 359 2168 419 THEOPHYLACT
2176 359 2200 417 Ι
2241 358 2653 418 BULGARLE
2706 357 3061 417 ARCHIEP.

3847 353 3962 419 572

706 483 920 540 mente,
962 492 979 526 ι
1013 474 1282 542 apposuit,
1320 493 1338 526 ι
1361 474 1426 530 Et
1451 475 1637 528 eadem
1677 477 1944 529 sententia
1979 493 1994 528 :
2031 492 2049 525 t
2087 487 2147 528 ut
2176 490 2270 527 nc-
2299 480 2343 534 Α
2375 490 2398 524 τ

2299 480 2343 534 Α
2375 471 2704 540 προσέθηκε,
2761 489 2780 523 t
2819 471 2929 524 Καὶ
2960 473 3017 524 ὲν
3044 472 3109 540 τῇ
3136 471 3271 542 αὐτῇ
3296 470 3511 542 γνώμῃ·
3542 469 3628 523 ἵνα
3654 469 3789 540 μήτε
3824 473 3970 522 κατὰ

707 580 816 633 que
847 562 1140 617 secundum
1181 563 1364 629 fidem,
1401 577 1573 632 neque
1612 566 1906 620 secundum
1947 563 2270 618 sententiam

709 656 1029 711 dissideant.

784 745 948 799 Vens.
976 744 1066 798 il.
1099 763 1118 796 ι
1153 744 1528 814 Signiﬁcatum
1556 754 1639 800 est
1661 745 1802 800 enim
1837 745 1968 800 mihi
2001 746 2067 800 de
2099 745 2275 809 vobis,

712 833 933 895 fratres.
959 836 1027 890 ab
1057 837 1137 890 his
1166 837 1253 904 qui
1284 846 1412 891 sunt
1445 837 1663 890 Cltloes.
1707 853 1725 887 ι
1764 835 1840 890 Ne
1883 837 2091 890 inficias
2131 845 2277 898 eant,

713 935 879 980 testes
911 927 1198 996 producit:
1239 939 1314 993 et,
1351 943 1418 981 ne
1455 928 1700 981 videatur
1744 928 1857 995 ipse
1893 928 2112 996 fingere,
2150 929 2282 983 istos

717 1018 1038 1072 nominatim
1067 1028 1337 1083 recenset,
1363 1018 1555 1072 Chloes
1580 1017 1832 1071 videlicet
1857 1019 2136 1072 familiam.
2161 1018 2285 1073 Fuit

714 1118 890 1162 autem
931 1107 1196 1163 Corinthii
1247 1110 1449 1162 familia
1498 1124 1619 1178 qua:
1660 1109 2035 1163 nominabatur
2062 1110 2281 1165 Chloes.

714 1197 933 1254 Fratres
977 1209 1156 1253 autem
1209 1201 1380 1254 adhuc
1423 1215 1516 1254 eos
1571 1203 1826 1269 appellat.
1875 1199 2098 1254 Etiamsi
2141 1201 2282 1254 enim

719 1299 996 1357 Pet'Cﬂllllll
1062 1305 1249 1343 eorum
1302 1289 1646 1344 manifestum
1703 1301 1867 1354 esset,
1910 1291 2045 1344 nihil
2106 1301 2284 1345 tamen

719 1382 976 1445 prohibet
1032 1383 1320 1450 quominus
1378 1382 1577 1437 fratres
1629 1381 1880 1450 appellet.
1930 1382 2049 1436 Non
2109 1393 2285 1437 autem

722 1474 863 1528 dixit
895 1474 1154 1527 verbatitn
1202 1475 1420 1541 quinam
1468 1475 1688 1538 fuerint,
1727 1475 1815 1542 qui
1865 1475 1966 1528 hoc
2017 1473 2292 1542 significa-

722 1564 853 1627 rint,
882 1567 975 1618 sed
1007 1571 1176 1616 totatn
1209 1567 1425 1619 domum
1456 1564 1655 1634 posuit,
1687 1580 1754 1619 ne
1785 1567 1885 1620 hos
1917 1564 2023 1618 illis
2047 1564 2291 1620 infensos

724 1657 936 1709 reddat.

804 1765 824 1797 ς
859 1747 1016 1812 Quod
1049 1747 1427 1802 contentiones
1461 1747 1570 1801 sint
1599 1747 1741 1802 inter
1772 1761 1889 1802 vos.
1939 1765 1957 1798 ι
2001 1749 2292 1803 Denuntia-

2377 562 2476 630 τὴν
2529 560 2732 627 πίστιν,
2784 562 2923 631 μήτε
2979 561 3119 614 κατὰ
3171 561 3271 632 τὴν
3335 561 3562 631 γνώμην
3615 559 3970 630 διεστηκότες

2378 647 2530 707 ὦσιν.

2458 746 2486 798 ς’
2523 744 2795 816 Ἐδηλώθη
2829 744 2935 816 γάρ
2965 761 3053 815 μοι
3083 745 3210 815 περὶ
3243 743 3419 814 ὑμῶν,
3452 743 3670 811 ἀδελφοί
3699 761 3822 812 μου,
3861 741 3970 794 ὑπὸ

2381 837 2488 891 τῶν
2535 837 2733 908 Χλόης.
2769 857 2788 888 ι
2828 837 2944 890 Ἵνα
2979 838 3052 908 μὴ
3096 838 3464 907 ἁρνήσωνται,
3505 835 3788 905 μάρτυρας
3821 849 3971 901 παρ-

2383 931 2544 996 άγει·
2595 929 2688 982 καὶ
2739 930 2826 981 ἵνα
2874 928 2946 999 μὴ
2985 927 3110 998 δόξῃ
3160 926 3322 988 αὐτὸς
3371 926 3653 988 πλάττειν,
3700 924 3973 993 ὀνομαστὶ

2387 1022 2585 1084 αὐτοὺς
2616 1022 2786 1089 λέγει,
2821 1021 2948 1084 τοῦς
2997 1021 3095 1086 τῆς
3134 1019 3335 1088 Χλόης.
3385 1019 3544 1071 Οἰκία
3575 1018 3632 1071 δὲ
3661 1014 3727 1086 ἦν
3765 1018 3824 1068 ὲν
3859 1019 3973 1069 Κο-

2392 1115 2555 1185 ρίνθῳ
2576 1113 2749 1176 οὕτως
2776 1110 3216 1184 ὲπονομαζομένη
3243 1109 3440 1180 Χλόης.
3475 1108 3760 1175 ’Λδελφοῦς
3788 1106 3845 1157 δὲ
3868 1107 3971 1158 αύ-

2389 1207 2514 1268 τοῦς
2544 1206 2623 1258 ἔτι
2655 1205 2932 1274 ὀνομάζει·
2981 1204 3086 1255 κᾶν
3125 1202 3233 1271 γὰρ
3265 1200 3424 1268 δῆλον
3537 1198 3598 1250 τὸ
3637 1197 3971 1266 ἁμάρτημα,

2391 1298 2543 1351 οὐδὲν
2587 1297 2785 1350 κωλύει
2818 1297 3081 1366 ἀδελφοὺς
3118 1295 3304 1346 καλεῖν
3335 1291 3440 1346 ἔτι.
3478 1290 3592 1344 Οὐκ
3630 1285 3751 1341 εἷπε
3780 1290 3838 1342 δὲ
3867 1290 3971 1358 ῥη-

2392 1393 2522 1453 τῶς,
2574 1390 2716 1452 τίνες
2762 1385 2903 1459 ἦσαν
2950 1389 2999 1442 οἱ
3046 1388 3312 1450 εἰπόντες,
3366 1382 3479 1436 ἀλλ’
3533 1381 3827 1451 ὁλόκληρον
3871 1379 3971 1448 τὴν

2392 1483 2569 1536 οἰκίαν
2612 1483 2879 1548 τέθεικεν,
2931 1481 3016 1534 ἵνα
3067 1478 3142 1550 μὴ
3167 1473 3533 1546 ὲκπολεμώσῃ
3579 1473 3780 1535 αὐτοὺς
3836 1471 3972 1540 πρὸς

2395 1575 2656 1638 ἐκείνους.

2472 1775 2491 1808 t
2529 1757 2650 1810 Ὅτι
2681 1753 2856 1825 ἔριδες
2882 1753 2939 1804 ἑν
2981 1751 3110 1820 ὑμῖν
3139 1749 3268 1804 είσι.
3315 1767 3334 1801 t
3368 1748 3448 1801 τὰ
3477 1749 3630 1815 παρὰ
3668 1746 3776 1799 τῶν
3799 1744 3976 1814 δηλω-

725 1847 879 1891 turus
928 1853 1171 1904 quamam
1221 1838 1288 1892 ab
1333 1839 1700 1893 indicantibus
1734 1840 2022 1905 audiverit,
2069 1849 2293 1893 conten-
2328 1819 2366 1873 Β
2399 1869 2417 1903 ε

2287 1819 2366 1879 ’Β
2399 1851 2606 1903 σάντων
2652 1819 3031 1914 ἀπαγγέλλων,
3080 1843 3262 1913 ἔριδας
3308 1838 3453 1904 εἷπε,
3510 1840 3791 1910 πραοτέρᾳ
3835 1837 3979 1902 λέξει

727 1929 908 1983 tiones
937 1929 1089 1993 dixit,
1123 1929 1356 1982 dictione
1383 1945 1511 1983 usus
1551 1930 1788 1984 mitiore.
1821 1928 2050 1996 Quando
2081 1947 2212 1986 vero
2240 1934 2292 1986 itt

729 2020 946 2088 propria
978 2034 1209 2089 persona
1242 2021 1498 2090 loquitur,
1533 2021 1829 2077 schismata
1861 2024 2117 2094 appellat,
2150 2025 2294 2096 quod

726 2113 893 2165 multo
924 2113 1076 2182 pejus
1106 2121 1189 2167 est
1217 2113 1586 2168 contentione.

800 2202 966 2257 Vens.
999 2204 1064 2256 l2
1128 2223 1146 2256 t
1191 2205 1315 2257 Dico
1360 2213 1539 2258 autem
1580 2207 1702 2271 hoc,
1742 2206 1881 2274 quod
1928 2206 2156 2274 quilibet
2201 2222 2295 2262 ve-

727 2303 898 2347 strum
926 2296 1000 2348 ait
1026 2312 1038 2346 :
1071 2293 1180 2363 Ego
1205 2295 1420 2361 quidem
1445 2310 1559 2347 sunt
1590 2293 1862 2364 Pauli,ego
1884 2311 2010 2350 vero
2036 2297 2244 2366 Apollo.
2272 2314 2291 2349 ι

727 2381 844 2436 Non
884 2400 1023 2438 unus
1059 2396 1112 2439 et
1145 2384 1281 2438 alter
1318 2387 1414 2438 ista
1449 2386 1611 2452 dicit,
1645 2389 1736 2441 sed
1777 2388 2002 2456 quilibet
2033 2400 2294 2444 vestrum.

727 2470 819 2526 lsti
871 2483 1047 2526 autent
1105 2489 1212 2527 non
1269 2473 1339 2526 ita
1387 2475 1659 2538 dicebant,
1717 2478 1808 2530 sed
1855 2477 1942 2530 ille
1993 2493 2298 2533 sermonem

729 2579 886 2617 suum
942 2565 1014 2616 ita
1063 2563 1290 2633 cllingit,
1338 2577 1398 2620 ut
1447 2567 1716 2633 ostendat,
1762 2569 1908 2636 quod
1958 2571 2000 2623 si
2033 2571 2214 2624 dicere
2245 2587 2303 2626 se

733 2654 883 2709 Pauli
928 2666 982 2710 et
1028 2655 1222 2723 Cephae
1255 2657 1546 2728 discipulos
1577 2659 1732 2728 culpa
1766 2676 1871 2714 non
1918 2671 2094 2728 vacet,
2133 2663 2301 2718 multo

736 2745 912 2814 magis
935 2745 980 2798 si
1006 2745 1256 2799 aliorunt.

810 2855 830 2887 ι
873 2835 985 2905 Ego
1015 2848 1194 2892 autent
1223 2838 1438 2907 Cepltze.
1479 2858 1498 2892 ι
1530 2839 1644 2895 Non
1674 2849 1732 2894 ttt
1761 2841 1999 2911 seipsum
2029 2843 2302 2912 praeferat,

733 2924 952 2981 Petrum
994 2929 1350 2996 posteriorem
1385 2931 1584 2999 posuit,
1615 2933 1706 2987 sed
1741 2934 1890 2986 illum
1919 2936 2096 3003 potius
2132 2939 2305 2993 hono-

738 3031 888 3082 rans,
929 3018 1148 3087 perinde
1178 3035 1242 3072 ac
1276 3019 1552 3074 Christum
1580 3022 1691 3091 jam
1737 3026 2034 3091 posteriore
2065 3026 2182 3081 loco
2213 3042 2310 3096 po-

2397 1939 2760 2010 χρησάμενος.
2799 1937 2964 1989 Ὅταν
2991 1935 3049 1987 δὲ
3100 1933 3209 1985 ἀπὸ
3254 1931 3349 1985 τοῦ
3391 1931 3593 1983 οίκείου
3636 1929 3766 1997 λέγῃ
3807 1943 3984 1996 προσ-

2401 2033 2578 2095 ὡπου,
2642 2028 3075 2102 σχίσματααὺτὰ
3125 2026 3298 2092 καλεῖ,
3361 2024 3390 2078 ὃ
3420 2022 3601 2092 πολλῷ
3652 2023 3833 2092 χεῖρον
3880 2019 3982 2087 τῆς

2402 2121 2600 2193 ἔριδος.

2480 2231 2498 2265 t
2538 2213 2697 2281 Λέγω
2735 2212 2791 2265 δὲ
2820 2209 2994 2265 τοῦτο.
3029 2210 3112 2262 ὅτι
3141 2207 3370 2269 ἕκαστος
3417 2203 3573 2275 ὑμῶν
3624 2203 3791 2269 λέγει·
3843 2197 3986 2268 Ἐγὼ

2401 2303 2500 2370 μέν
2531 2305 2644 2372 εἰμι
2675 2302 2910 2364 Παύλου,
2932 2298 3043 2366 ἐγὼ
3061 2299 3116 2351 δὲ
3158 2295 3423 2351 Ἀπολλὼ.
3456 2311 3475 2346 ι
3506 2294 3580 2347 Οὐ
3607 2293 3774 2363 μέρος
3807 2292 3986 2344 ταῦτα

2400 2394 2572 2460 λέγει,
2612 2393 2726 2445 ἀλλ’
2785 2393 3021 2454 ἕκαστος
3081 2391 3254 2459 ὑμῶν.
3297 2390 3410 2441 Οὐκ
3466 2389 3648 2454 ἔλεγον
3696 2383 3754 2436 δὲ
3811 2382 3987 2442 οὕτως

2402 2487 2620 2544 ἐκεῖνοι,
2656 2483 2771 2535 ἀλλ’
2810 2483 2973 2542 αὐτὸς
3005 2481 3148 2533 οὕτω
3177 2476 3502 2549 σχηματίζει
3537 2477 3628 2528 τὸν
3663 2475 3844 2540 λόγον,
3898 2474 3991 2525 ἵνα

2404 2574 2572 2644 δείξῃ,
2608 2574 2689 2626 ὅτι
2741 2575 2788 2624 εί
2828 2573 2888 2624 τὸ
2946 2571 3128 2635 λέγειν
3175 2571 3274 2638 μὲν
3329 2566 3569 2628 αὐτοὺςθ
3615 2563 3833 2617 Παύλου
3891 2550 3990 2614 καὶ

2407 2667 2572 2734 Κηφᾶ
2597 2664 2914 2727 ὑπεύθυνον,
2950 2660 3126 2731 πολλῷ
3158 2661 3357 2730 μᾶλλον
3383 2657 3445 2711 τὸ
3475 2655 3696 2727 ἐτέρων.

2484 2861 2502 2891 t
2540 2840 2684 2910 Ἐγὼ
2711 2841 2769 2894 δὲ
2815 2841 3008 2911 Κηφᾶ.
3048 2859 3066 2892 ι
3101 2839 3217 2892 Οὖκ
3253 2835 3494 2907 ἐπαίρων
3540 2833 3735 2888 ἑαυτὸν
3777 2832 3994 2885 τέθεικε

2419 2935 2625 3005 Πέτρον
2686 2932 2934 3001 ὕστερον,
2993 2931 3105 2984 ἀλλ’
3163 2932 3373 2984 ἐκεῖνον
3419 2927 3703 2997 προτιμῶν
3769 2923 3995 2993 μᾶλλον,

2414 3025 2604 3096 ὥσπερ
2652 3026 2714 3095 δὴ
2744 3025 2840 3077 καὶ
2894 3025 2985 3076 τὸν
3039 3021 3276 3093 Χριστὸν
3309 3020 3538 3088 ὕστερον
3577 3016 3846 3069 τέθεικεν.
3900 3013 3993 3066 Ἐν

737 3111 866 3165 suit.
917 3113 972 3164 ltt
1025 3112 1182 3168 rebus
1229 3115 1373 3166 enim
1440 3113 1579 3168 factu
1637 3117 1871 3185 indignis
1912 3117 2143 3184 primum
2188 3136 2298 3174 sua-
2335 3130 2429 3208 ετ

2335 3149 2379 3208 C
2415 3113 2702 3180 πράγμασι
2753 3112 2861 3179 γὰρ
2913 3111 3011 3164 οὐκ
3055 3111 3226 3176 ἀξίοις
3277 3106 3554 3176 γενέσθαι,
3602 3105 3822 3176 πρώτου
3865 3105 3995 3156 ἐπε-

740 3203 909 3274 ipsius
938 3221 1180 3274 persona:
1210 3207 1473 3262 meminit.

819 3312 841 3347 ι
887 3295 997 3364 Ego
1039 3305 1217 3351 autem
1264 3298 1487 3351 Christi.
1543 3316 1562 3350 ι
1617 3297 1731 3353 Νοη
1777 3299 1878 3354 hoc
1931 3301 2302 3370 reprehendit,

742 3389 886 3456 quod
933 3387 1153 3442 dicant:
1200 3404 1220 3440 t
1247 3387 1353 3458 Ego
1388 3404 1502 3443 sum
1530 3389 1730 3445 Christi
1780 3409 1794 3445 :
1827 3409 1846 3442 ι
1891 3394 1984 3446 sed
2009 3395 2150 3460 quod
2201 3409 2306 3448 non

743 3492 933 3533 omnes
967 3479 1069 3533 hoc
1099 3478 1301 3535 dicant.
1342 3481 1455 3535 ltno
1481 3497 1510 3533 a
1542 3484 1721 3547 seipse
1761 3483 1941 3550 potius
1971 3483 2074 3538 hoc
2109 3485 2306 3553 posuit,

745 3571 933 3626 volens
969 3571 1041 3624 ita
1086 3573 1492 3627 accusationem
1529 3573 1829 3642 graviorem
1873 3576 2201 3631 constituere
2228 3586 2312 3629 at-

746 3678 850 3732 que
878 3662 1196 3726 ostendere.
1237 3662 1512 3718 Christum
1549 3664 1601 3719 in
1645 3677 1853 3731 partem
1896 3683 2056 3721 unam
2100 3669 2311 3734 datunt,

745 3754 848 3808 etsi
877 3754 950 3807 illi
984 3757 1086 3808 hoc
1116 3770 1218 3810 non
1253 3756 1545 3810 faciebant.

818 3843 989 3900 Vens.
1024 3846 1112 3902 12.
1149 3865 1168 3898 t
1219 3847 1348 3902 Dico
1393 3859 1571 3902 autem
1617 3848 1739 3913 hoc,
1785 3851 1926 3918 quod
1969 3852 2196 3920 quilibet
2227 3869 2315 3909 ve-

750 3943 923 3989 strum
948 3937 1022 3988 ait
1047 3953 1062 3992 :
1090 3937 1194 4007 ligo
1218 3938 1437 4008 quidem
1469 3955 1586 3993 sum
1625 3939 1797 4004 Pauli,
1823 3956 1923 4011 ego
1952 3957 2078 3996 vero
2100 3945 2312 4012 Apollo.

749 4041 850 4096 ego
878 4036 1052 4080 autent
1085 4027 1301 4096 Cephaz,
1322 4045 1422 4098 ego
1451 4040 1628 4082 autem
1663 4031 1888 4084 Christi.
1927 4049 1944 4081 ι
1973 4030 2106 4085 illud
2142 4035 2315 4101 ipsum

751 4118 1125 4174 contentiones
1155 4134 1310 4184 voco,
1344 4121 1486 4189 quod
1518 4122 1744 4190 quilibet
1778 4133 2010 4177 vestrum
2049 4126 2317 4192 privattnn

753 4210 856 4263 sibi
898 4222 1282 4280 praeceptorem
1329 4214 1592 4281 aSsignat.
1640 4212 1754 4267 Nott
1803 4225 1979 4269 autem
2017 4215 2237 4271 Paulum
2267 4229 2320 4272 et

756 4302 949 4370 Apollo
995 4314 1050 4357 et
1083 4304 1322 4374 Ccphant
1357 4306 1458 4358 sibi
1490 4306 1865 4369 ascribebant,
1899 4307 1995 4361 sed
2028 4307 2160 4362 alios
2187 4323 2322 4377 quos

756 4395 974 4450 silentio
1001 4397 1261 4465 przeterit,
1291 4397 1389 4450 sub
1429 4397 1544 4450 istis
1575 4397 1940 4466 apostolorum
1981 4401 2317 4466 nominibus,

2414 3201 2631 3270 μνήσθη
2667 3197 2761 3251 τοῦ
2792 3201 2994 3252 οἰκείου
3027 3199 3342 3268 προσώπου.

2489 3311 2506 3344 ι
2559 3291 2698 3362 Ἐγὼ
2725 3291 2781 3345 δὲ
2809 3292 3069 3361 Χριστοῦ.
3105 3311 3122 3343 t
3158 3293 3229 3343 Οὐ
3265 3289 3423 3343 τοῦτο
3455 3289 3698 3357 ἐγκαλεῖ,
3743 3287 3882 3339 διὸτι
3908 3286 4001 3339 λέ·-

2412 3399 2621 3452 γουσινο
2659 3401 2678 3434 t
2709 3381 2852 3450 Ἐγὼ
2895 3383 2951 3435 δὲ
2996 3381 3254 3446 Χριστοῦ·
3296 3400 3313 3433 t
3359 3379 3494 3433 ἀλλὰ
3533 3379 3668 3433 διότι
3700 3379 3761 3431 οὐ
3797 3377 4002 3436 πάντες

2410 3473 2571 3527 τοῦτο
2601 3475 2841 3542 λέγουσι.
2881 3474 3099 3528 Μᾶλλον
3143 3475 3200 3526 δὲ
3241 3474 3334 3526 καὶ
3365 3471 3457 3541 ἀφ’
3499 3469 3691 3525 ἑαυτοῦ
3724 3468 3884 3523 τοῦτο
3913 3469 4003 3521 τέ-

2414 3566 2585 3633 θεικε,
2621 3566 2942 3638 βουλόμενος
2966 3567 3028 3619 τὸ
3066 3565 3323 3636 ἔγκλημα
3347 3563 3646 3636 βαρύτερον
3685 3578 4002 3616 κατασκευ-

2416 3660 2570 3724 άσαι,
2603 3661 2695 3712 καὶ
2733 3659 2901 3724 δεῖξαι
2933 3659 3026 3712 καὶ
3054 3659 3142 3712 τὸν
3189 3658 3420 3727 Χριστὸν
3468 3657 3688 3711 δοθέντα
3712 3657 3790 3717 εἰς
3835 3654 4004 3724 μέρος

2416 3753 2496 3818 ἓν,
2530 3754 2578 3805 εί
2603 3755 2700 3806 καὶ
2731 3755 2806 3823 μὴ
2840 3752 3000 3806 τοῦτο
3043 3752 3262 3803 ἐποίουν
3297 3753 3511 3804 ἐκεῖνοι.

2490 3844 2540 3918 [ι
2575 3847 2735 3914 Λέγω
2777 3845 2832 3897 δὲ
2888 3844 3061 3898 τοῦτο.
3101 3845 3180 3897 δτι
3209 3844 3437 3906 ἕκαστος
3471 3841 3623 3912 ὑμῶν
3656 3841 3826 3908 λέγει’
3855 3838 4002 3907 Ἐγὼ

2423 3937 2521 4008 μέν
2556 3939 2670 4008 είμι
2717 3935 2950 4000 Παύλου,
2995 3935 3104 4003 ἐγὼ
3136 3935 3191 3986 δὲ
3251 3933 3514 3995 Ἀπολλὼ,
3556 3931 3665 3999 ἐγὼ
3709 3931 3764 3983 δὲ
3808 3933 4000 4000 Κηφᾶ,

2420 4029 2531 4098 ἐγὼ
2559 4031 2614 4084 δὲ
2641 4029 2899 4100 Χριστοῦ.
2936 4050 2954 4081 t
2995 4033 3150 4096 Λέγω
3169 4031 3224 4081 δὲ
3249 4029 3429 4099 ἔριδας
3457 4027 3634 4089 τοῦτο,
3658 4027 3738 4078 ὅτι
3770 4027 4005 4087 ἕκαστος

2422 4125 2575 4193 ὑμῶν
2637 4123 2767 4176 ῖδιον
2804 4121 3126 4192 ὲπιφημίζει
3171 4121 3493 4174 διδάσκαλον
3544 4117 3744 4186 ἑαυτῷ.
3802 4118 3878 4170 Οὐ
3913 4118 4005 4169 τδν

2424 4216 2634 4269 Παῦλον
2674 4216 2729 4269 δὲ
2761 4216 2853 4268 καὶ
2886 4215 2975 4266 τὸν
3005 4212 3257 4268 Ἀπολλὼ
3288 4213 3382 4264 καὶ
3409 4212 3499 4265 τὸν
3537 4213 3730 4279 Κηφᾶν
3761 4211 4007 4280 ἐπέγρα-

2425 4325 2524 4376 φον
2549 4309 2782 4370 ἑαυτοῖς,
2810 4306 2923 4360 ἀλλ’
2949 4307 3169 4376 ἐτέρους
3198 4305 3293 4367 οὒς
3321 4303 3706 4372 ἀπεσιώπησε,
3749 4300 4004 4371 καθάπερ

2423 4402 2535 4454 τισὶ
2575 4400 2960 4469 προσωπείοις,
2991 4401 3102 4461 τοῖς
3126 4399 3351 4464 ὀνόμασι
3377 4396 3588 4459 τούτοις
3621 4395 3730 4447 τῶν
3763 4395 4006 4447 ἀποστύο

756 4485 921 4540 \'eluti
959 4488 1210 4556 personis
1243 4487 1587 4556 quibusdam,
1618 4491 1764 4556 ipsos
1803 4489 2071 4554 ocultans,
2103 4507 2226 4545 cunt
2261 4504 2320 4546 ut
2345 4489 2396 4548 D
2423 4495 2448 4547 λ

2307 4489 2396 4548 LD
2423 4495 2529 4548 λων
2559 4495 2921 4564 ὐποκρύπτων
2966 4493 3181 4554 αὐτοὺς,
3220 4493 3305 4545 ἵνα
3353 4509 3411 4544 τε
3455 4492 3852 4560 ἀνεχθέστερον
3885 4489 3999 4561 [ica

758 4592 1066 4632 sermonem
1115 4592 1272 4632 suum
1311 4579 1490 4633 minus
1538 4580 1822 4634 molcsmm
1866 4582 2072 4645 reddat,
2112 4591 2222 4636 tum
2269 4593 2328 4636 ut

764 4671 955 4724 doceat
985 4671 1126 4739 quod
1165 4672 1211 4723 si
1237 4686 1363 4725 vere
1395 4671 1664 4738 apostolos
1694 4682 1747 4725 ct
1776 4673 2024 4727 doctores
2055 4675 2158 4728 sibi
2187 4676 2328 4729 asci-

761 4777 913 4817 scere
938 4778 1042 4816 tton
1075 4763 1280 4825 liceret,
1312 4763 1479 4816 multo
1511 4764 1687 4818 minus
1717 4764 1856 4819 illos.
1885 4763 2110 4818 Nomina
2141 4777 2324 4820 autem

763 4855 1010 4924 ipSorum
1058 4869 1153 4923 per
1185 4854 1408 4908 auxesin
1441 4856 1682 4923 protulit,
1719 4855 1906 4925 Apollo
1948 4859 2163 4923 quidem
2200 4859 2328 4924 sibi,

759 4947 994 5015 Cephatn
1018 4961 1147 5000 vero
1176 4946 1362 5014 Apollo
1395 4948 1704 5016 prteferens.
1731 4949 1890 5015 Atqui
1921 4948 2056 5002 alios
2099 4949 2316 5016 quidem

761 5036 1016 5099 aliorum,
1053 5035 1185 5090 alios
1230 5053 1360 5093 vero
1399 5038 1599 5093 Christi
1634 5039 1850 5093 nomine
1884 5042 2056 5092 dictos
2100 5041 2200 5092 rite
2236 5042 2320 5092 in-

764 5137 974 5197 crepat.
1003 5127 1144 5192 Quid
1181 5128 1252 5182 ita
1277 5129 1300 5181 ?
1327 5128 1436 5185 llos
1463 5133 1678 5199 quidem
1711 5146 1812 5184 non
1847 5133 2200 5201 perstringit;
2234 5133 2328 5187 sed

769 5231 948 5274 tamen
985 5230 1038 5276 et
1067 5222 1213 5290 ipsos
1239 5225 1436 5290 posuit,
1476 5223 1640 5278 veluti
1675 5224 1999 5294 particulam
2041 5235 2094 5281 et
2124 5225 2330 5296 portio-

765 5323 889 5366 nem
909 5309 1127 5366 Christo
1159 5313 1423 5367 relictam.

843 5494 1010 5550 Vsus.
1058 5495 1145 5550 l3.
1200 5514 1220 5549 t
1267 5496 1484 5552 Divisus
1531 5505 1615 5552 est
1653 5497 1946 5554 Christus?
1991 5498 2334 5554 Dissccuistis

2424 4585 2918 4656 ἀνεπαχθέστερον]
2951 4586 3040 4637 τὸν
3073 4585 3230 4651 λόγον
3274 4585 3496 4654 ποιήσῃ,
3528 4584 3622 4635 καὶ
3658 4582 3742 4634 ἵνα
3789 4581 4004 4650 διδάξῃ,

2424 4679 2506 4731 ὅτι
2534 4680 2581 4730 εί
2609 4677 2738 4739 τοὺς
2769 4677 2985 4747 ἀληθῶς
3025 4676 3354 4737 ἀποστόλους
3401 4677 3495 4727 καὶ
3522 4673 3874 4732 διδασκάλους
3906 4675 4010 4725 οὐκ
4097 4729 4106 4734 _

2426 4771 2590 4840 ἐχρῆν
2625 4770 2978 4840 ὲπιφημίξειν
3007 4769 3242 4830 ἑαυτοῖς,
3273 4766 3453 4836 πολλῷ
3493 4765 3694 4835 μᾶλλον
3727 4766 3998 4826 ἐκείνους.

2427 4862 2582 4914 Κατὰ
2613 4859 2843 4927 αὔξησιν
2875 4859 2930 4910 δὲ
2959 4860 3242 4927 προήγαγε
3275 4857 3343 4910 τὰ
3370 4857 3632 4924 ὀνόματα,
3672 4853 3868 4906 ἑαυτοῦ
3903 4855 4006 4922 μὲν

2426 4950 2518 5002 τὸν
2561 4948 2803 5001 Ἀπολλὼ
2845 4948 3089 5016 προθεὶς,
3137 4947 3227 4998 τοῦ
3277 4945 3521 4999 Ἀπολλὼ
3566 4945 3620 4998 δὲ
3657 4946 3745 4996 τὶν
3783 4945 4002 5010 Κηφᾶν.

2430 5040 2594 5093 Ἀλλὰ
2633 5044 2744 5104 τοῖς
2781 5041 2880 5111 μὲν
2923 5041 3028 5092 ἀπο
3071 5040 3179 5091 τῶν
3217 5039 3392 5092 ἄλλων
3435 5035 4010 5110 προσαγορευομένοις

2433 5130 2609 5192 καλῶς
2654 5131 2902 5200 ἐπιτιμᾷ,
2959 5132 3071 5191 τοῖς
3101 5128 3156 5180 δὲ
3190 5128 3297 5181 ἀπὸ
3332 5125 3426 5180 τοῦ
3480 5124 3745 5197 Χριστοῦ,
3796 5125 3884 5176 διὰ
3911 5124 4006 5187 τί;

2433 5224 2655 5286 Τούτοις
2687 5225 2787 5293 μὲν
2817 5219 2908 5276 οῦν
2951 5223 3050 5275 οὐκ
3090 5223 3337 5292 ἐπιτιμᾷ,
3373 5221 3586 5274 τέθεικε
3621 5219 3678 5274 δὲ
3712 5219 3857 5286 ὅμως
3909 5217 4007 5268 καὶ

2435 5314 2653 5377 αὐτοὺς,
2684 5313 2758 5378 ὡς
2782 5314 2947 5384 μέρος
2983 5313 3076 5367 καὶ
3100 5313 3290 5383 τμῆμα
3312 5310 3636 5380 ὑπολειφθὲν
3661 5308 3737 5379 τῷ
3755 5306 4004 5378 Χριστῷ.

2437 5406 2569 5462 Cod.
2606 5405 2882 5477 Arundel.]

2515 5518 2533 5549 ‹
2591 5500 2934 5571 Μεμέρισται
2979 5500 3006 5553 ὁ
3056 5498 3320 5568 Χριστός;
3367 5514 3384 5547 t
3441 5491 3790 5561 Κατετέμιτε
3835 5489 3880 5524 ¹⁶
3915 5487 4010 5541 τὸν

2104 5638 2297 5701 Varia:
2320 5639 2645 5702 lectiones.

852 5763 871 5794 ³
906 5763 1136 5826 ἑαυτοὺς
1159 5778 1234 5820 tu.
1313 5762 1357 5795 ¹⁶
1390 5761 1758 5832 κατατέμνετε
1798 5779 1870 5818 nt.
