  <div class='ocr_page' id='page_1' title='image "/cluster/home/n/w/nwhite01/storage/ocr_20150623/124/nnc1.0046979735/306.png"; bbox 0 0 4286 6444; ppageno 0'>
   <div class='ocr_carea' id='block_1_1' title="bbox 308 403 418 470">
    <p class='ocr_par' dir='ltr' id='par_1_1' title="bbox 308 403 418 470">
     <span class='ocr_line' id='line_1_1' title="bbox 308 403 418 470; baseline -0.073 0"><span class='ocrx_word' id='word_1_1' title='bbox 308 403 418 470; x_wconf 74' lang='lat'><strong>573</strong></span> 
     </span>
    </p>
   </div>
   <div class='ocr_carea' id='block_1_2' title="bbox 1111 397 2731 459">
    <p class='ocr_par' dir='ltr' id='par_1_2' title="bbox 1111 397 2731 459">
     <span class='ocr_line' id='line_1_2' title="bbox 1111 397 2731 459; baseline 0 -1"><span class='ocrx_word' id='word_1_2' title='bbox 1111 397 1526 458; x_wconf 73' lang='lat' dir='ltr'><strong>EXPOSITIO</strong></span> <span class='ocrx_word' id='word_1_3' title='bbox 1576 398 1659 458; x_wconf 87' lang='lat' dir='ltr'><strong>IN</strong></span> <span class='ocrx_word' id='word_1_4' title='bbox 1697 397 1941 459; x_wconf 84' lang='lat' dir='ltr'><strong>EPIST.</strong></span> <span class='ocrx_word' id='word_1_5' title='bbox 1977 398 2003 455; x_wconf 91' lang='grc' dir='ltr'>Ι</span> <span class='ocrx_word' id='word_1_6' title='bbox 2041 401 2140 459; x_wconf 73' lang='grc' dir='ltr'><strong>ΑΙ)</strong></span> <span class='ocrx_word' id='word_1_7' title='bbox 2180 399 2346 458; x_wconf 79' lang='lat' dir='ltr'><strong>COR.</strong></span> <span class='ocrx_word' id='word_1_8' title='bbox 2379 423 2448 434; x_wconf 88' lang='lat'>—</span> <span class='ocrx_word' id='word_1_9' title='bbox 2473 401 2633 458; x_wconf 73' lang='lat' dir='ltr'><strong>CAP.</strong></span> <span class='ocrx_word' id='word_1_10' title='bbox 2683 399 2731 458; x_wconf 87' lang='lat' dir='ltr'><strong>l.</strong></span> 
     </span>
    </p>
   </div>
   <div class='ocr_carea' id='block_1_3' title="bbox 3469 398 3575 461">
    <p class='ocr_par' dir='ltr' id='par_1_3' title="bbox 3469 398 3575 461">
     <span class='ocr_line' id='line_1_3' title="bbox 3469 398 3575 461; baseline 0 -1"><span class='ocrx_word' id='word_1_11' title='bbox 3469 398 3575 461; x_wconf 64' lang='grc'><strong>574</strong></span> 
     </span>
    </p>
   </div>
   <div class='ocr_carea' id='block_1_4' title="bbox 305 504 1997 581">
    <p class='ocr_par' dir='ltr' id='par_1_4' title="bbox 305 506 1968 581">
     <span class='ocr_line' id='line_1_4' title="bbox 305 506 1968 581; baseline -0.009 -14"><span class='ocrx_word' id='word_1_12' title='bbox 305 510 586 581; x_wconf 76' lang='grc' dir='ltr'>Χριστόνς</span> <span class='ocrx_word' id='word_1_13' title='bbox 618 508 845 561; x_wconf 84' lang='grc' dir='ltr'>διείλετε</span> <span class='ocrx_word' id='word_1_14' title='bbox 872 508 911 538; x_wconf 74' lang='grc'>⁸⁸</span> <span class='ocrx_word' id='word_1_15' title='bbox 945 506 1112 559; x_wconf 86' lang='grc' dir='ltr'>αῦτοῦ</span> <span class='ocrx_word' id='word_1_16' title='bbox 1149 507 1208 559; x_wconf 80' lang='grc' dir='ltr'>τὸ</span> <span class='ocrx_word' id='word_1_17' title='bbox 1243 507 1400 576; x_wconf 78' lang='grc' dir='ltr'>σῶμα</span> <span class='ocrx_word' id='word_1_18' title='bbox 1429 523 1442 568; x_wconf 86' lang='lat'><strong>;</strong></span> <span class='ocrx_word' id='word_1_19' title='bbox 1478 506 1668 572; x_wconf 86' lang='grc' dir='ltr'>Θυμοῦ</span> <span class='ocrx_word' id='word_1_20' title='bbox 1703 506 1756 556; x_wconf 81' lang='grc' dir='ltr'><strong>δέ</strong></span> <span class='ocrx_word' id='word_1_21' title='bbox 1929 509 1968 561; x_wconf 80' lang='grc' dir='ltr'><strong>Α</strong></span> 
     </span>
    </p>
   </div>
   <div class='ocr_carea' id='block_1_5' title="bbox 1893 504 3585 581">
    <p class='ocr_par' dir='ltr' id='par_1_5' title="bbox 1929 504 3585 570">
     <span class='ocr_line' id='line_1_5' title="bbox 1929 504 3585 570; baseline 0 -9"><span class='ocrx_word' id='word_1_22' title='bbox 1929 509 1968 561; x_wconf 81' lang='grc' dir='ltr'><strong>Α</strong></span> <span class='ocrx_word' id='word_1_23' title='bbox 2003 506 2326 558; x_wconf 83' lang='lat' dir='ltr'><strong>Christum?</strong></span> <span class='ocrx_word' id='word_1_24' title='bbox 2363 507 2622 559; x_wconf 71' lang='lat' dir='ltr'><strong>divisustis</strong></span> <span class='ocrx_word' id='word_1_25' title='bbox 2654 506 2772 570; x_wconf 72' lang='lat' dir='ltr'><strong>ejus</strong></span> <span class='ocrx_word' id='word_1_26' title='bbox 2798 505 3040 570; x_wconf 80' lang='lat' dir='ltr'><strong>corpus?</strong></span> <span class='ocrx_word' id='word_1_27' title='bbox 3069 504 3457 568; x_wconf 70' lang='lat' dir='ltr'><strong>lndignationis</strong></span> <span class='ocrx_word' id='word_1_28' title='bbox 3489 525 3585 561; x_wconf 79' lang='lat' dir='ltr'><strong>an&quot;</strong></span> 
     </span>
    </p>
   </div>
   <div class='ocr_carea' id='block_1_6' title="bbox 309 599 1889 674">
    <p class='ocr_par' dir='ltr' id='par_1_6' title="bbox 309 599 1889 674">
     <span class='ocr_line' id='line_1_6' title="bbox 309 599 1889 674; baseline -0.008 -15"><span class='ocrx_word' id='word_1_29' title='bbox 309 624 404 674; x_wconf 88' lang='grc' dir='ltr'><strong>μει</strong></span> <span class='ocrx_word' id='word_1_30' title='bbox 427 607 454 657; x_wconf 93' lang='lat'><strong>6</strong></span> <span class='ocrx_word' id='word_1_31' title='bbox 479 603 654 671; x_wconf 76' lang='grc' dir='ltr'>λόγος.</span> <span class='ocrx_word' id='word_1_32' title='bbox 687 602 846 664; x_wconf 78' lang='grc' dir='ltr'>Τινὲς</span> <span class='ocrx_word' id='word_1_33' title='bbox 868 600 923 654; x_wconf 77' lang='grc' dir='ltr'>δὲ</span> <span class='ocrx_word' id='word_1_34' title='bbox 955 601 1037 662; x_wconf 84' lang='grc' dir='ltr'>τὸ,</span> <span class='ocrx_word' id='word_1_35' title='bbox 1072 616 1089 649; x_wconf 80' lang='lat' dir='ltr'><strong>t</strong></span> <span class='ocrx_word' id='word_1_36' title='bbox 1131 600 1477 668; x_wconf 81' lang='grc' dir='ltr'>Μεμὲρισται</span> <span class='ocrx_word' id='word_1_37' title='bbox 1513 601 1540 650; x_wconf 96' lang='lat'><strong>6</strong></span> <span class='ocrx_word' id='word_1_38' title='bbox 1561 599 1796 666; x_wconf 85' lang='grc' dir='ltr'>Χριστός</span> <span class='ocrx_word' id='word_1_39' title='bbox 1825 615 1837 661; x_wconf 84' lang='grc'>;</span> <span class='ocrx_word' id='word_1_40' title='bbox 1873 615 1889 646; x_wconf 76' lang='lat' dir='ltr'><strong>t</strong></span> 
     </span>
    </p>
   </div>
   <div class='ocr_carea' id='block_1_7' title="bbox 303 690 1896 765">
    <p class='ocr_par' dir='ltr' id='par_1_7' title="bbox 303 690 1896 765">
     <span class='ocr_line' id='line_1_7' title="bbox 303 690 1896 765; baseline -0.006 -15"><span class='ocrx_word' id='word_1_41' title='bbox 303 698 483 760; x_wconf 72' lang='grc' dir='ltr'>οὕτως</span> <span class='ocrx_word' id='word_1_42' title='bbox 543 697 793 765; x_wconf 80' lang='grc' dir='ltr'>ἐνόησαν·</span> <span class='ocrx_word' id='word_1_43' title='bbox 862 691 1227 762; x_wconf 83' lang='grc' dir='ltr'>Διεμερίσατο</span> <span class='ocrx_word' id='word_1_44' title='bbox 1275 693 1389 754; x_wconf 88' lang='grc' dir='ltr'>τοῖς</span> <span class='ocrx_word' id='word_1_45' title='bbox 1438 690 1748 760; x_wconf 83' lang='grc' dir='ltr'>ἀνθρώποις</span> <span class='ocrx_word' id='word_1_46' title='bbox 1796 691 1896 757; x_wconf 78' lang='grc' dir='ltr'>τὴν</span> 
     </span>
    </p>
   </div>
   <div class='ocr_carea' id='block_1_8' title="bbox 304 781 1894 855">
    <p class='ocr_par' dir='ltr' id='par_1_8' title="bbox 304 781 1894 855">
     <span class='ocr_line' id='line_1_8' title="bbox 304 781 1894 855; baseline -0.004 -16"><span class='ocrx_word' id='word_1_47' title='bbox 304 787 667 855; x_wconf 78' lang='grc' dir='ltr'><strong>Ἐκκλησίαν,</strong></span> <span class='ocrx_word' id='word_1_48' title='bbox 714 785 811 837; x_wconf 77' lang='grc' dir='ltr'>καὶ</span> <span class='ocrx_word' id='word_1_49' title='bbox 844 786 1040 854; x_wconf 85' lang='grc' dir='ltr'>μοῖραν</span> <span class='ocrx_word' id='word_1_50' title='bbox 1087 784 1188 854; x_wconf 77' lang='grc' dir='ltr'>τὴν</span> <span class='ocrx_word' id='word_1_51' title='bbox 1237 783 1337 853; x_wconf 89' lang='grc' dir='ltr'>μὲν</span> <span class='ocrx_word' id='word_1_52' title='bbox 1387 783 1549 846; x_wconf 83' lang='grc' dir='ltr'>αὐτὸς</span> <span class='ocrx_word' id='word_1_53' title='bbox 1580 781 1761 845; x_wconf 80' lang='grc' dir='ltr'>ἔλαϐε,</span> <span class='ocrx_word' id='word_1_54' title='bbox 1797 783 1894 852; x_wconf 73' lang='grc' dir='ltr'>τὴν</span> 
     </span>
    </p>
   </div>
   <div class='ocr_carea' id='block_1_9' title="bbox 303 876 857 940">
    <p class='ocr_par' dir='ltr' id='par_1_9' title="bbox 303 876 857 940">
     <span class='ocr_line' id='line_1_9' title="bbox 303 876 857 940; baseline -0.009 -8"><span class='ocrx_word' id='word_1_55' title='bbox 303 879 364 932; x_wconf 75' lang='grc' dir='ltr'>δὲ</span> <span class='ocrx_word' id='word_1_56' title='bbox 391 877 621 939; x_wconf 75' lang='grc' dir='ltr'>ἐκείνοις</span> <span class='ocrx_word' id='word_1_57' title='bbox 649 876 814 928; x_wconf 78' lang='grc' dir='ltr'>ἔδωκε</span> <span class='ocrx_word' id='word_1_58' title='bbox 842 891 857 940; x_wconf 85' lang='grc'><strong>;</strong></span> 
     </span>
    </p>
   </div>
   <div class='ocr_carea' id='block_1_10' title="bbox 386 964 1894 1038">
    <p class='ocr_par' dir='ltr' id='par_1_10' title="bbox 386 964 1894 1038">
     <span class='ocr_line' id='line_1_10' title="bbox 386 964 1894 1038; baseline -0.003 -17"><span class='ocrx_word' id='word_1_59' title='bbox 386 989 404 1021; x_wconf 75' lang='grc' dir='ltr'><strong>ι</strong></span> <span class='ocrx_word' id='word_1_60' title='bbox 443 969 534 1038; x_wconf 84' lang='grc' dir='ltr'><strong>Μὴ</strong></span> <span class='ocrx_word' id='word_1_61' title='bbox 569 967 782 1030; x_wconf 90' lang='grc' dir='ltr'>Παῦλος</span> <span class='ocrx_word' id='word_1_62' title='bbox 815 964 1135 1035; x_wconf 78' lang='grc' dir='ltr'>ἐσταυρώθη</span> <span class='ocrx_word' id='word_1_63' title='bbox 1175 965 1316 1035; x_wconf 83' lang='grc' dir='ltr'>ὑπὲρ</span> <span class='ocrx_word' id='word_1_64' title='bbox 1362 965 1547 1032; x_wconf 76' lang='grc' dir='ltr'>ὑμῶνς</span> <span class='ocrx_word' id='word_1_65' title='bbox 1586 985 1602 1014; x_wconf 74' lang='grc' dir='ltr'><strong>ι</strong></span> <span class='ocrx_word' id='word_1_66' title='bbox 1653 965 1894 1033; x_wconf 84' lang='grc' dir='ltr'>Ἀναιρεί</span> 
     </span>
    </p>
   </div>
   <div class='ocr_carea' id='block_1_11' title="bbox 303 1055 1891 1131">
    <p class='ocr_par' dir='ltr' id='par_1_11' title="bbox 303 1055 1891 1131">
     <span class='ocr_line' id='line_1_11' title="bbox 303 1055 1891 1131; baseline -0.006 -15"><span class='ocrx_word' id='word_1_67' title='bbox 303 1064 366 1116; x_wconf 78' lang='grc' dir='ltr'>τὸ</span> <span class='ocrx_word' id='word_1_68' title='bbox 390 1063 520 1131; x_wconf 61' lang='grc' dir='ltr'>πέρ’</span> <span class='ocrx_word' id='word_1_69' title='bbox 562 1062 748 1123; x_wconf 77' lang='grc' dir='ltr'>αὐτοῖς</span> <span class='ocrx_word' id='word_1_70' title='bbox 794 1059 1082 1128; x_wconf 79' lang='grc' dir='ltr'>γινόμενον</span> <span class='ocrx_word' id='word_1_71' title='bbox 1131 1060 1358 1120; x_wconf 78' lang='grc' dir='ltr'>ἄτοπον,</span> <span class='ocrx_word' id='word_1_72' title='bbox 1393 1057 1486 1109; x_wconf 75' lang='grc' dir='ltr'>καὶ</span> <span class='ocrx_word' id='word_1_73' title='bbox 1539 1055 1632 1108; x_wconf 86' lang='grc' dir='ltr'><strong>τοῦ</strong></span> <span class='ocrx_word' id='word_1_74' title='bbox 1689 1056 1891 1108; x_wconf 76' lang='grc' dir='ltr'>οἰκείου</span> 
     </span>
    </p>
   </div>
   <div class='ocr_carea' id='block_1_12' title="bbox 303 1150 1891 1226">
    <p class='ocr_par' dir='ltr' id='par_1_12' title="bbox 303 1150 1891 1226">
     <span class='ocr_line' id='line_1_12' title="bbox 303 1150 1891 1226; baseline -0.006 -18"><span class='ocrx_word' id='word_1_75' title='bbox 303 1158 574 1226; x_wconf 74' lang='grc' dir='ltr'>ὀνόματος</span> <span class='ocrx_word' id='word_1_76' title='bbox 615 1155 912 1225; x_wconf 80' lang='grc' dir='ltr'><strong>μέμνηται,</strong></span> <span class='ocrx_word' id='word_1_77' title='bbox 948 1154 1034 1204; x_wconf 82' lang='grc' dir='ltr'>ἵνα</span> <span class='ocrx_word' id='word_1_78' title='bbox 1069 1153 1144 1222; x_wconf 79' lang='grc' dir='ltr'>μὴ</span> <span class='ocrx_word' id='word_1_79' title='bbox 1175 1150 1303 1224; x_wconf 80' lang='grc' dir='ltr'>δόξῃ</span> <span class='ocrx_word' id='word_1_80' title='bbox 1331 1152 1476 1204; x_wconf 87' lang='grc' dir='ltr'><strong>κατά</strong></span> <span class='ocrx_word' id='word_1_81' title='bbox 1507 1150 1700 1218; x_wconf 74' lang='grc' dir='ltr'>φθόνον</span> <span class='ocrx_word' id='word_1_82' title='bbox 1733 1151 1891 1201; x_wconf 80' lang='grc' dir='ltr'>ἀλλο-</span> 
     </span>
    </p>
   </div>
   <div class='ocr_carea' id='block_1_13' title="bbox 302 1242 1892 1318">
    <p class='ocr_par' dir='ltr' id='par_1_13' title="bbox 302 1242 1892 1318">
     <span class='ocr_line' id='line_1_13' title="bbox 302 1242 1892 1318; baseline -0.005 -17"><span class='ocrx_word' id='word_1_83' title='bbox 302 1250 476 1318; x_wconf 80' lang='grc' dir='ltr'>τρίων</span> <span class='ocrx_word' id='word_1_84' title='bbox 509 1249 791 1317; x_wconf 79' lang='grc' dir='ltr'><strong>ὀνομάτων</strong></span> <span class='ocrx_word' id='word_1_85' title='bbox 823 1247 1153 1315; x_wconf 79' lang='grc' dir='ltr'>μεμνῆσθαι.</span> <span class='ocrx_word' id='word_1_86' title='bbox 1187 1246 1302 1297; x_wconf 84' lang='grc' dir='ltr'>Οὐκ</span> <span class='ocrx_word' id='word_1_87' title='bbox 1342 1242 1462 1297; x_wconf 79' lang='grc' dir='ltr'>εἷπε</span> <span class='ocrx_word' id='word_1_88' title='bbox 1495 1243 1573 1308; x_wconf 83' lang='grc' dir='ltr'>δὲ,</span> <span class='ocrx_word' id='word_1_89' title='bbox 1630 1243 1720 1312; x_wconf 81' lang='grc' dir='ltr'><strong>Μὴ</strong></span> <span class='ocrx_word' id='word_1_90' title='bbox 1747 1242 1892 1294; x_wconf 86' lang='grc' dir='ltr'>Παῦ-</span> 
     </span>
    </p>
   </div>
   <div class='ocr_carea' id='block_1_14' title="bbox 304 1335 1890 1408">
    <p class='ocr_par' dir='ltr' id='par_1_14' title="bbox 304 1335 1890 1408">
     <span class='ocr_line' id='line_1_14' title="bbox 304 1335 1890 1408; baseline -0.006 -14"><span class='ocrx_word' id='word_1_91' title='bbox 304 1343 397 1405; x_wconf 75' lang='grc' dir='ltr'><strong>λος</strong></span> <span class='ocrx_word' id='word_1_92' title='bbox 431 1341 667 1393; x_wconf 77' lang='grc' dir='ltr'><strong>ἔπλασεν</strong></span> <span class='ocrx_word' id='word_1_93' title='bbox 696 1339 921 1408; x_wconf 83' lang='grc' dir='ltr'>ὑμᾶς,ἢ</span> <span class='ocrx_word' id='word_1_94' title='bbox 951 1341 1246 1407; x_wconf 80' lang='grc' dir='ltr'>ἐποίησεν;</span> <span class='ocrx_word' id='word_1_95' title='bbox 1278 1337 1392 1390; x_wconf 84' lang='grc' dir='ltr'>ἀλλ’</span> <span class='ocrx_word' id='word_1_96' title='bbox 1425 1336 1453 1389; x_wconf 86' lang='grc' dir='ltr'>ὃ</span> <span class='ocrx_word' id='word_1_97' title='bbox 1494 1335 1675 1404; x_wconf 86' lang='grc' dir='ltr'>πολλῴ</span> <span class='ocrx_word' id='word_1_98' title='bbox 1706 1335 1890 1398; x_wconf 84' lang='grc' dir='ltr'>πλέον,</span> 
     </span>
    </p>
   </div>
   <div class='ocr_carea' id='block_1_15' title="bbox 300 1429 1893 1503">
    <p class='ocr_par' dir='ltr' id='par_1_15' title="bbox 300 1429 1893 1503">
     <span class='ocr_line' id='line_1_15' title="bbox 300 1429 1893 1503; baseline -0.004 -17"><span class='ocrx_word' id='word_1_99' title='bbox 300 1437 405 1503; x_wconf 79' lang='grc' dir='ltr'>τὴν</span> <span class='ocrx_word' id='word_1_100' title='bbox 431 1434 640 1503; x_wconf 78' lang='grc' dir='ltr'>ἄφατον</span> <span class='ocrx_word' id='word_1_101' title='bbox 665 1431 835 1485; x_wconf 86' lang='grc' dir='ltr'>αὑτοῦ</span> <span class='ocrx_word' id='word_1_102' title='bbox 867 1433 911 1462; x_wconf 82' lang='grc'>¹¹</span> <span class='ocrx_word' id='word_1_103' title='bbox 945 1431 1359 1501; x_wconf 79' lang='grc' dir='ltr'><strong>φιλανθρωπίαν</strong></span> <span class='ocrx_word' id='word_1_104' title='bbox 1383 1429 1580 1499; x_wconf 85' lang='grc' dir='ltr'>δηλῶν,</span> <span class='ocrx_word' id='word_1_105' title='bbox 1613 1430 1705 1481; x_wconf 83' lang='grc' dir='ltr'>τὸν</span> <span class='ocrx_word' id='word_1_106' title='bbox 1732 1446 1893 1480; x_wconf 88' lang='grc' dir='ltr'>σταυ-</span> 
     </span>
    </p>
   </div>
   <div class='ocr_carea' id='block_1_16' title="bbox 306 1516 1894 1597">
    <p class='ocr_par' dir='ltr' id='par_1_16' title="bbox 306 1516 1894 1597">
     <span class='ocr_line' id='line_1_16' title="bbox 306 1516 1894 1597; baseline -0.004 -18"><span class='ocrx_word' id='word_1_107' title='bbox 306 1529 401 1597; x_wconf 69' lang='grc' dir='ltr'><strong>ρὸν</strong></span> <span class='ocrx_word' id='word_1_108' title='bbox 442 1529 520 1589; x_wconf 84' lang='grc' dir='ltr'><strong>είς</strong></span> <span class='ocrx_word' id='word_1_109' title='bbox 570 1525 632 1578; x_wconf 80' lang='grc' dir='ltr'>τὸ</span> <span class='ocrx_word' id='word_1_110' title='bbox 669 1525 833 1594; x_wconf 83' lang='grc' dir='ltr'>μέσον</span> <span class='ocrx_word' id='word_1_111' title='bbox 900 1524 1159 1594; x_wconf 73' lang='grc' dir='ltr'>παράγει.</span> <span class='ocrx_word' id='word_1_112' title='bbox 1216 1523 1325 1576; x_wconf 76' lang='grc' dir='ltr'><strong>Καὶ</strong></span> <span class='ocrx_word' id='word_1_113' title='bbox 1387 1524 1487 1574; x_wconf 79' lang='grc' dir='ltr'>οὐκ</span> <span class='ocrx_word' id='word_1_114' title='bbox 1529 1516 1673 1582; x_wconf 78' lang='grc' dir='ltr'>εἷπε,</span> <span class='ocrx_word' id='word_1_115' title='bbox 1721 1522 1812 1590; x_wconf 84' lang='grc' dir='ltr'><strong>Μὴ</strong></span> <span class='ocrx_word' id='word_1_116' title='bbox 1865 1523 1894 1573; x_wconf 94' lang='lat'><strong>6</strong></span> 
     </span>
    </p>
   </div>
   <div class='ocr_carea' id='block_1_17' title="bbox 302 1613 1892 1685">
    <p class='ocr_par' dir='ltr' id='par_1_17' title="bbox 302 1613 1892 1685">
     <span class='ocr_line' id='line_1_17' title="bbox 302 1613 1892 1685; baseline -0.004 -13"><span class='ocrx_word' id='word_1_117' title='bbox 302 1619 519 1682; x_wconf 83' lang='grc' dir='ltr'>Παῦλος</span> <span class='ocrx_word' id='word_1_118' title='bbox 558 1619 876 1682; x_wconf 84' lang='grc' dir='ltr'>ἀπέθανεν;</span> <span class='ocrx_word' id='word_1_119' title='bbox 929 1615 1066 1681; x_wconf 83' lang='grc' dir='ltr'>ἀλλ’,</span> <span class='ocrx_word' id='word_1_120' title='bbox 1104 1634 1120 1664; x_wconf 83' lang='lat' dir='ltr'><strong>t</strong></span> <span class='ocrx_word' id='word_1_121' title='bbox 1170 1613 1568 1685; x_wconf 78' lang='grc' dir='ltr'>Ἐσταυρὼθης</span> <span class='ocrx_word' id='word_1_122' title='bbox 1614 1633 1631 1665; x_wconf 77' lang='lat' dir='ltr'><strong>t</strong></span> <span class='ocrx_word' id='word_1_123' title='bbox 1670 1615 1770 1682; x_wconf 70' lang='grc' dir='ltr'>τὴν</span> <span class='ocrx_word' id='word_1_124' title='bbox 1809 1613 1892 1665; x_wconf 85' lang='grc' dir='ltr'>δο-</span> 
     </span>
    </p>
   </div>
   <div class='ocr_carea' id='block_1_18' title="bbox 303 1708 1470 1781">
    <p class='ocr_par' dir='ltr' id='par_1_18' title="bbox 303 1708 1470 1781">
     <span class='ocr_line' id='line_1_18' title="bbox 303 1708 1470 1781; baseline -0.005 -15"><span class='ocrx_word' id='word_1_125' title='bbox 303 1713 511 1766; x_wconf 84' lang='grc' dir='ltr'>κοῦσαν</span> <span class='ocrx_word' id='word_1_126' title='bbox 540 1712 768 1781; x_wconf 83' lang='grc' dir='ltr'>ἀτιμίαν</span> <span class='ocrx_word' id='word_1_127' title='bbox 801 1711 894 1763; x_wconf 84' lang='grc' dir='ltr'><strong>τοῦ</strong></span> <span class='ocrx_word' id='word_1_128' title='bbox 929 1711 1162 1763; x_wconf 73' lang='grc' dir='ltr'>θανάτου</span> <span class='ocrx_word' id='word_1_129' title='bbox 1188 1708 1470 1761; x_wconf 83' lang='grc' dir='ltr'><strong>δεικνύων.</strong></span> 
     </span>
    </p>
   </div>
   <div class='ocr_carea' id='block_1_19' title="bbox 378 1801 1956 1905">
    <p class='ocr_par' dir='ltr' id='par_1_19' title="bbox 378 1801 1956 1905">
     <span class='ocr_line' id='line_1_19' title="bbox 378 1801 1956 1905; baseline -0.002 -50"><span class='ocrx_word' id='word_1_130' title='bbox 378 1805 424 1876; x_wconf 74' lang='grc' dir='ltr'>[ι</span> <span class='ocrx_word' id='word_1_131' title='bbox 453 1805 798 1874; x_wconf 81' lang='grc' dir='ltr'>Μεμέρισται</span> <span class='ocrx_word' id='word_1_132' title='bbox 826 1805 852 1856; x_wconf 89' lang='lat'><strong>6</strong></span> <span class='ocrx_word' id='word_1_133' title='bbox 882 1803 1114 1871; x_wconf 84' lang='grc' dir='ltr'>Χριστός</span> <span class='ocrx_word' id='word_1_134' title='bbox 1141 1818 1155 1864; x_wconf 87' lang='lat'><strong>;</strong></span> <span class='ocrx_word' id='word_1_135' title='bbox 1201 1821 1218 1852; x_wconf 74' lang='grc' dir='ltr'><strong>ι</strong></span> <span class='ocrx_word' id='word_1_136' title='bbox 1254 1801 1599 1869; x_wconf 83' lang='grc' dir='ltr'>Κατετέμετε</span> <span class='ocrx_word' id='word_1_137' title='bbox 1622 1801 1716 1853; x_wconf 78' lang='grc' dir='ltr'>τὸν</span> <span class='ocrx_word' id='word_1_138' title='bbox 1746 1801 1882 1871; x_wconf 78' lang='grc' dir='ltr'>Χρι-</span> <span class='ocrx_word' id='word_1_139' title='bbox 1917 1853 1956 1905; x_wconf 75' lang='grc' dir='ltr'><strong>Β</strong></span> 
     </span>
    </p>
   </div>
   <div class='ocr_carea' id='block_1_20' title="bbox 305 1891 1882 1962">
    <p class='ocr_par' dir='ltr' id='par_1_20' title="bbox 305 1891 1882 1962">
     <span class='ocr_line' id='line_1_20' title="bbox 305 1891 1882 1962; baseline -0.003 -13"><span class='ocrx_word' id='word_1_140' title='bbox 305 1898 467 1960; x_wconf 76' lang='grc' dir='ltr'>σ.όν;</span> <span class='ocrx_word' id='word_1_141' title='bbox 503 1895 726 1948; x_wconf 83' lang='grc' dir='ltr'>διείλετε</span> <span class='ocrx_word' id='word_1_142' title='bbox 756 1895 921 1947; x_wconf 74' lang='grc' dir='ltr'>αὑτοῦ</span> <span class='ocrx_word' id='word_1_143' title='bbox 952 1896 1012 1945; x_wconf 66' lang='grc' dir='ltr'><strong>τὸ</strong></span> <span class='ocrx_word' id='word_1_144' title='bbox 1036 1893 1226 1962; x_wconf 76' lang='grc' dir='ltr'>σῶμας</span> <span class='ocrx_word' id='word_1_145' title='bbox 1259 1892 1625 1962; x_wconf 82' lang='grc' dir='ltr'>Μερισθέντος</span> <span class='ocrx_word' id='word_1_146' title='bbox 1654 1893 1762 1958; x_wconf 75' lang='grc' dir='ltr'><strong>γαο</strong></span> <span class='ocrx_word' id='word_1_147' title='bbox 1791 1891 1882 1944; x_wconf 62' lang='grc' dir='ltr'><strong>τοῦ</strong></span> 
     </span>
    </p>
   </div>
   <div class='ocr_carea' id='block_1_21' title="bbox 303 1984 1886 2058">
    <p class='ocr_par' dir='ltr' id='par_1_21' title="bbox 303 1984 1886 2058">
     <span class='ocr_line' id='line_1_21' title="bbox 303 1984 1886 2058; baseline -0.004 -15"><span class='ocrx_word' id='word_1_148' title='bbox 303 1989 560 2058; x_wconf 85' lang='grc' dir='ltr'>σώματος</span> <span class='ocrx_word' id='word_1_149' title='bbox 616 1988 802 2051; x_wconf 86' lang='grc' dir='ltr'>αὑτοῦ,</span> <span class='ocrx_word' id='word_1_150' title='bbox 841 1989 978 2055; x_wconf 83' lang='grc' dir='ltr'>ὅπερ</span> <span class='ocrx_word' id='word_1_151' title='bbox 1014 1988 1163 2038; x_wconf 68' lang='grc' dir='ltr'>ἐστὶν</span> <span class='ocrx_word' id='word_1_152' title='bbox 1203 1988 1236 2054; x_wconf 82' lang='grc' dir='ltr'>ὴ</span> <span class='ocrx_word' id='word_1_153' title='bbox 1295 1984 1618 2051; x_wconf 83' lang='grc' dir='ltr'>Ἐκκλησία,</span> <span class='ocrx_word' id='word_1_154' title='bbox 1657 1985 1886 2054; x_wconf 85' lang='grc' dir='ltr'>μεμέρι-</span> 
     </span>
    </p>
   </div>
   <div class='ocr_carea' id='block_1_22' title="bbox 304 2076 1885 2146">
    <p class='ocr_par' dir='ltr' id='par_1_22' title="bbox 304 2076 1885 2146">
     <span class='ocr_line' id='line_1_22' title="bbox 304 2076 1885 2146; baseline -0.005 -12"><span class='ocrx_word' id='word_1_155' title='bbox 304 2101 428 2134; x_wconf 83' lang='grc' dir='ltr'>σται</span> <span class='ocrx_word' id='word_1_156' title='bbox 470 2083 688 2141; x_wconf 76' lang='grc' dir='ltr'>παντως</span> <span class='ocrx_word' id='word_1_157' title='bbox 715 2081 900 2142; x_wconf 84' lang='grc' dir='ltr'>αὑτός.</span> <span class='ocrx_word' id='word_1_158' title='bbox 929 2078 1112 2146; x_wconf 85' lang='grc' dir='ltr'>Θυμοῦ</span> <span class='ocrx_word' id='word_1_159' title='bbox 1158 2079 1215 2130; x_wconf 79' lang='grc' dir='ltr'>δὲ</span> <span class='ocrx_word' id='word_1_160' title='bbox 1266 2077 1425 2144; x_wconf 83' lang='grc' dir='ltr'>γέμει</span> <span class='ocrx_word' id='word_1_161' title='bbox 1463 2077 1490 2128; x_wconf 86' lang='grc' dir='ltr'>ὁ</span> <span class='ocrx_word' id='word_1_162' title='bbox 1520 2076 1695 2142; x_wconf 75' lang='grc' dir='ltr'>λόγος.</span> <span class='ocrx_word' id='word_1_163' title='bbox 1730 2076 1885 2138; x_wconf 82' lang='grc' dir='ltr'>Τινὲς</span> 
     </span>
    </p>
   </div>
   <div class='ocr_carea' id='block_1_23' title="bbox 297 2168 1882 2244">
    <p class='ocr_par' dir='ltr' id='par_1_23' title="bbox 297 2168 1882 2244">
     <span class='ocr_line' id='line_1_23' title="bbox 297 2168 1882 2244; baseline -0.009 -13"><span class='ocrx_word' id='word_1_164' title='bbox 297 2180 356 2231; x_wconf 73' lang='grc' dir='ltr'>δὲ</span> <span class='ocrx_word' id='word_1_165' title='bbox 390 2180 470 2239; x_wconf 69' lang='grc' dir='ltr'><strong>τὸ,</strong></span> <span class='ocrx_word' id='word_1_166' title='bbox 509 2196 527 2228; x_wconf 85' lang='grc'><strong>‹</strong></span> <span class='ocrx_word' id='word_1_167' title='bbox 587 2175 933 2244; x_wconf 86' lang='grc' dir='ltr'>Μεμέρισται</span> <span class='ocrx_word' id='word_1_168' title='bbox 979 2175 1006 2224; x_wconf 90' lang='lat'><strong>6</strong></span> <span class='ocrx_word' id='word_1_169' title='bbox 1032 2172 1309 2240; x_wconf 77' lang='grc' dir='ltr'>Χριστόςς</span> <span class='ocrx_word' id='word_1_170' title='bbox 1355 2189 1373 2220; x_wconf 71' lang='grc' dir='ltr'><strong>ι</strong></span> <span class='ocrx_word' id='word_1_171' title='bbox 1405 2168 1576 2230; x_wconf 74' lang='grc' dir='ltr'>οὕτως</span> <span class='ocrx_word' id='word_1_172' title='bbox 1631 2169 1882 2235; x_wconf 76' lang='grc' dir='ltr'>ἐνόησαν,</span> 
     </span>
    </p>
   </div>
   <div class='ocr_carea' id='block_1_24' title="bbox 298 2261 1882 2334">
    <p class='ocr_par' dir='ltr' id='par_1_24' title="bbox 298 2261 1882 2334">
     <span class='ocr_line' id='line_1_24' title="bbox 298 2261 1882 2334; baseline -0.009 -11"><span class='ocrx_word' id='word_1_173' title='bbox 298 2272 422 2323; x_wconf 66' lang='grc' dir='ltr'>ἀντὶ</span> <span class='ocrx_word' id='word_1_174' title='bbox 455 2270 569 2328; x_wconf 75' lang='grc' dir='ltr'>τοῦ,</span> <span class='ocrx_word' id='word_1_175' title='bbox 615 2265 975 2334; x_wconf 76' lang='grc' dir='ltr'>Διεμερίσατο</span> <span class='ocrx_word' id='word_1_176' title='bbox 1011 2264 1108 2332; x_wconf 80' lang='grc' dir='ltr'>τὴν</span> <span class='ocrx_word' id='word_1_177' title='bbox 1153 2261 1481 2331; x_wconf 78' lang='grc' dir='ltr'>Ἐκκλησίαν</span> <span class='ocrx_word' id='word_1_178' title='bbox 1539 2263 1654 2321; x_wconf 76' lang='grc' dir='ltr'>τοῖς</span> <span class='ocrx_word' id='word_1_179' title='bbox 1688 2262 1882 2328; x_wconf 62' lang='grc' dir='ltr'>ἐπιφη-</span> 
     </span>
    </p>
   </div>
   <div class='ocr_carea' id='block_1_25' title="bbox 305 2352 1881 2429">
    <p class='ocr_par' dir='ltr' id='par_1_25' title="bbox 305 2352 1881 2429">
     <span class='ocr_line' id='line_1_25' title="bbox 305 2352 1881 2429; baseline -0.008 -16"><span class='ocrx_word' id='word_1_180' title='bbox 305 2362 617 2429; x_wconf 76' lang='grc' dir='ltr'>μιζομένοις</span> <span class='ocrx_word' id='word_1_181' title='bbox 640 2357 1005 2421; x_wconf 75' lang='grc' dir='ltr'>διδασκάλοις,</span> <span class='ocrx_word' id='word_1_182' title='bbox 1041 2354 1134 2408; x_wconf 71' lang='grc' dir='ltr'><strong>καὶ</strong></span> <span class='ocrx_word' id='word_1_183' title='bbox 1165 2354 1356 2424; x_wconf 86' lang='grc' dir='ltr'>μερίδα</span> <span class='ocrx_word' id='word_1_184' title='bbox 1398 2353 1526 2422; x_wconf 89' lang='grc' dir='ltr'>μίαν</span> <span class='ocrx_word' id='word_1_185' title='bbox 1559 2352 1757 2413; x_wconf 75' lang='grc' dir='ltr'>λαϐὼν,</span> <span class='ocrx_word' id='word_1_186' title='bbox 1786 2352 1881 2411; x_wconf 73' lang='grc' dir='ltr'>τὰς</span> 
     </span>
    </p>
   </div>
   <div class='ocr_carea' id='block_1_26' title="bbox 299 2441 1880 2521">
    <p class='ocr_par' dir='ltr' id='par_1_26' title="bbox 299 2441 1880 2521">
     <span class='ocr_line' id='line_1_26' title="bbox 299 2441 1880 2521; baseline -0.009 -15"><span class='ocrx_word' id='word_1_187' title='bbox 299 2455 466 2513; x_wconf 75' lang='grc' dir='ltr'>ἄλλας</span> <span class='ocrx_word' id='word_1_188' title='bbox 490 2452 797 2521; x_wconf 52' lang='grc' dir='ltr'>ἀφῄρητακ</span> <span class='ocrx_word' id='word_1_189' title='bbox 826 2448 1352 2516; x_wconf 76' lang='grc' dir='ltr'>Οῦτωςέπιπλήξας,</span> <span class='ocrx_word' id='word_1_190' title='bbox 1379 2445 1671 2516; x_wconf 73' lang='grc' dir='ltr'>ἐργάζεται</span> <span class='ocrx_word' id='word_1_191' title='bbox 1696 2441 1880 2494; x_wconf 82' lang='grc' dir='ltr'>λοιπὸν</span> 
     </span>
    </p>
   </div>
   <div class='ocr_carea' id='block_1_27' title="bbox 298 2534 1805 2612">
    <p class='ocr_par' dir='ltr' id='par_1_27' title="bbox 298 2534 1805 2612">
     <span class='ocr_line' id='line_1_27' title="bbox 298 2534 1805 2612; baseline -0.008 -16"><span class='ocrx_word' id='word_1_192' title='bbox 298 2545 398 2612; x_wconf 69' lang='grc' dir='ltr'>τὴν</span> <span class='ocrx_word' id='word_1_193' title='bbox 431 2543 710 2612; x_wconf 83' lang='grc' dir='ltr'>ἀναίρεσιν</span> <span class='ocrx_word' id='word_1_194' title='bbox 744 2540 838 2590; x_wconf 81' lang='grc' dir='ltr'><strong>τοῦ</strong></span> <span class='ocrx_word' id='word_1_195' title='bbox 880 2538 1010 2606; x_wconf 75' lang='grc' dir='ltr'>παρ’</span> <span class='ocrx_word' id='word_1_196' title='bbox 1042 2537 1224 2596; x_wconf 75' lang='grc' dir='ltr'>αὐτοῖς</span> <span class='ocrx_word' id='word_1_197' title='bbox 1259 2534 1549 2603; x_wconf 82' lang='grc' dir='ltr'>γινομένου</span> <span class='ocrx_word' id='word_1_198' title='bbox 1582 2535 1805 2585; x_wconf 78' lang='grc' dir='ltr'>ἀτόπου.</span> 
     </span>
    </p>
   </div>
   <div class='ocr_carea' id='block_1_28' title="bbox 389 2714 1879 2790">
    <p class='ocr_par' dir='ltr' id='par_1_28' title="bbox 389 2714 1879 2790">
     <span class='ocr_line' id='line_1_28' title="bbox 389 2714 1879 2790; baseline -0.005 -16"><span class='ocrx_word' id='word_1_199' title='bbox 389 2743 407 2774; x_wconf 82' lang='grc'><strong>‹</strong></span> <span class='ocrx_word' id='word_1_200' title='bbox 455 2723 544 2790; x_wconf 78' lang='grc' dir='ltr'><strong>Μὴ</strong></span> <span class='ocrx_word' id='word_1_201' title='bbox 577 2720 784 2782; x_wconf 88' lang='grc' dir='ltr'>Παῦλος</span> <span class='ocrx_word' id='word_1_202' title='bbox 819 2717 1143 2788; x_wconf 79' lang='grc' dir='ltr'>ἐσταυρώθη</span> <span class='ocrx_word' id='word_1_203' title='bbox 1184 2718 1325 2787; x_wconf 82' lang='grc' dir='ltr'>ὑπὲρ</span> <span class='ocrx_word' id='word_1_204' title='bbox 1367 2716 1556 2784; x_wconf 84' lang='grc' dir='ltr'><strong>ὑμῶν;</strong></span> <span class='ocrx_word' id='word_1_205' title='bbox 1602 2734 1620 2766; x_wconf 76' lang='grc' dir='ltr'><strong>ι</strong></span> <span class='ocrx_word' id='word_1_206' title='bbox 1651 2716 1770 2768; x_wconf 84' lang='grc' dir='ltr'>’Ὶνα</span> <span class='ocrx_word' id='word_1_207' title='bbox 1806 2714 1879 2782; x_wconf 79' lang='grc' dir='ltr'>μὴ</span> 
     </span>
    </p>
   </div>
   <div class='ocr_carea' id='block_1_29' title="bbox 298 2808 1879 2886">
    <p class='ocr_par' dir='ltr' id='par_1_29' title="bbox 298 2808 1879 2886">
     <span class='ocr_line' id='line_1_29' title="bbox 298 2808 1879 2886; baseline -0.008 -16"><span class='ocrx_word' id='word_1_208' title='bbox 298 2817 427 2886; x_wconf 76' lang='grc' dir='ltr'>δόξῃ</span> <span class='ocrx_word' id='word_1_209' title='bbox 459 2816 567 2868; x_wconf 77' lang='grc' dir='ltr'>ἀπὸ</span> <span class='ocrx_word' id='word_1_210' title='bbox 602 2813 800 2879; x_wconf 80' lang='grc' dir='ltr'>φθόνου</span> <span class='ocrx_word' id='word_1_211' title='bbox 831 2812 1114 2880; x_wconf 77' lang='grc' dir='ltr'>ἐπιτιμᾷν,</span> <span class='ocrx_word' id='word_1_212' title='bbox 1143 2811 1238 2862; x_wconf 73' lang='grc' dir='ltr'>ἐπὶ</span> <span class='ocrx_word' id='word_1_213' title='bbox 1286 2808 1381 2861; x_wconf 87' lang='grc' dir='ltr'><strong>τοῦ</strong></span> <span class='ocrx_word' id='word_1_214' title='bbox 1438 2808 1570 2861; x_wconf 88' lang='grc' dir='ltr'>ίδίου</span> <span class='ocrx_word' id='word_1_215' title='bbox 1614 2809 1879 2876; x_wconf 85' lang='grc' dir='ltr'>ὀνόματος</span> 
     </span>
    </p>
   </div>
   <div class='ocr_carea' id='block_1_30' title="bbox 299 2900 1877 2978">
    <p class='ocr_par' dir='ltr' id='par_1_30' title="bbox 299 2900 1877 2978">
     <span class='ocr_line' id='line_1_30' title="bbox 299 2900 1877 2978; baseline -0.008 -16"><span class='ocrx_word' id='word_1_216' title='bbox 299 2911 398 2978; x_wconf 77' lang='grc' dir='ltr'>τὴν</span> <span class='ocrx_word' id='word_1_217' title='bbox 437 2909 722 2976; x_wconf 76' lang='grc' dir='ltr'>ἀναίρεσιν</span> <span class='ocrx_word' id='word_1_218' title='bbox 780 2907 1038 2956; x_wconf 85' lang='grc' dir='ltr'>ποιεῖται.</span> <span class='ocrx_word' id='word_1_219' title='bbox 1093 2903 1208 2955; x_wconf 80' lang='grc' dir='ltr'><strong>Οὐκ</strong></span> <span class='ocrx_word' id='word_1_220' title='bbox 1257 2900 1377 2953; x_wconf 82' lang='grc' dir='ltr'>εἷπε</span> <span class='ocrx_word' id='word_1_221' title='bbox 1417 2903 1496 2964; x_wconf 89' lang='grc' dir='ltr'><strong>δέ,</strong></span> <span class='ocrx_word' id='word_1_222' title='bbox 1529 2901 1617 2954; x_wconf 68' lang='lat' dir='ltr'><strong>Mr</strong></span> <span class='ocrx_word' id='word_1_223' title='bbox 1666 2900 1877 2960; x_wconf 81' lang='grc' dir='ltr'>Παῦλος</span> 
     </span>
    </p>
   </div>
   <div class='ocr_carea' id='block_1_31' title="bbox 300 2992 1878 3066">
    <p class='ocr_par' dir='ltr' id='par_1_31' title="bbox 300 2992 1878 3066">
     <span class='ocr_line' id='line_1_31' title="bbox 300 2992 1878 3066; baseline -0.008 -13"><span class='ocrx_word' id='word_1_224' title='bbox 300 3003 538 3053; x_wconf 74' lang='grc' dir='ltr'>ἔπλασεν</span> <span class='ocrx_word' id='word_1_225' title='bbox 572 2999 717 3066; x_wconf 78' lang='grc' dir='ltr'>ὑμᾶς</span> <span class='ocrx_word' id='word_1_226' title='bbox 745 2998 818 3065; x_wconf 76' lang='grc' dir='ltr'>ςῆ</span> <span class='ocrx_word' id='word_1_227' title='bbox 852 2996 1020 3062; x_wconf 81' lang='grc' dir='ltr'>ἀλλην</span> <span class='ocrx_word' id='word_1_228' title='bbox 1075 2994 1331 3059; x_wconf 84' lang='grc' dir='ltr'>τοιαύτην</span> <span class='ocrx_word' id='word_1_229' title='bbox 1367 2994 1716 3062; x_wconf 70' lang='grc' dir='ltr'>εὐεργρῖίαν,</span> <span class='ocrx_word' id='word_1_230' title='bbox 1742 2992 1878 3043; x_wconf 69' lang='grc' dir='ltr'>ἀλλὰ</span> 
     </span>
    </p>
   </div>
   <div class='ocr_carea' id='block_1_32' title="bbox 301 3084 1878 3159">
    <p class='ocr_par' dir='ltr' id='par_1_32' title="bbox 301 3084 1878 3159">
     <span class='ocr_line' id='line_1_32' title="bbox 301 3084 1878 3159; baseline -0.006 -14"><span class='ocrx_word' id='word_1_231' title='bbox 301 3095 392 3145; x_wconf 63' lang='grc' dir='ltr'><strong>τὸν</strong></span> <span class='ocrx_word' id='word_1_232' title='bbox 417 3091 648 3159; x_wconf 81' lang='grc' dir='ltr'>σταυρὸν</span> <span class='ocrx_word' id='word_1_233' title='bbox 674 3091 882 3158; x_wconf 77' lang='grc' dir='ltr'>ἧγαγεν</span> <span class='ocrx_word' id='word_1_234' title='bbox 910 3089 990 3149; x_wconf 86' lang='grc' dir='ltr'><strong>εἰς</strong></span> <span class='ocrx_word' id='word_1_235' title='bbox 1023 3085 1212 3156; x_wconf 80' lang='grc' dir='ltr'>μέσον,</span> <span class='ocrx_word' id='word_1_236' title='bbox 1247 3087 1304 3146; x_wconf 77' lang='grc' dir='ltr'>ὃς</span> <span class='ocrx_word' id='word_1_237' title='bbox 1346 3087 1464 3137; x_wconf 78' lang='grc' dir='ltr'>ἐστι</span> <span class='ocrx_word' id='word_1_238' title='bbox 1501 3084 1704 3153; x_wconf 79' lang='grc' dir='ltr'>μείζων</span> <span class='ocrx_word' id='word_1_239' title='bbox 1743 3085 1878 3136; x_wconf 81' lang='grc' dir='ltr'>παν·</span> 
     </span>
    </p>
   </div>
   <div class='ocr_carea' id='block_1_33' title="bbox 2006 594 3582 663">
    <p class='ocr_par' dir='ltr' id='par_1_33' title="bbox 2006 594 3582 663">
     <span class='ocr_line' id='line_1_33' title="bbox 2006 594 3582 663; baseline -0.001 -14"><span class='ocrx_word' id='word_1_240' title='bbox 2006 608 2110 649; x_wconf 85' lang='lat' dir='ltr'><strong>tem</strong></span> <span class='ocrx_word' id='word_1_241' title='bbox 2139 598 2295 663; x_wconf 83' lang='lat' dir='ltr'><strong>plena</strong></span> <span class='ocrx_word' id='word_1_242' title='bbox 2328 606 2412 650; x_wconf 87' lang='lat' dir='ltr'><strong>est</strong></span> <span class='ocrx_word' id='word_1_243' title='bbox 2451 596 2648 648; x_wconf 85' lang='lat' dir='ltr'><strong>oratio.</strong></span> <span class='ocrx_word' id='word_1_244' title='bbox 2681 596 2820 650; x_wconf 88' lang='lat' dir='ltr'><strong>Sunt</strong></span> <span class='ocrx_word' id='word_1_245' title='bbox 2855 596 2969 663; x_wconf 88' lang='lat' dir='ltr'><strong>qui,</strong></span> <span class='ocrx_word' id='word_1_246' title='bbox 3009 613 3024 644; x_wconf 77' lang='grc' dir='ltr'><strong>ι</strong></span> <span class='ocrx_word' id='word_1_247' title='bbox 3073 594 3283 649; x_wconf 75' lang='lat' dir='ltr'><strong>Divisus</strong></span> <span class='ocrx_word' id='word_1_248' title='bbox 3312 606 3392 649; x_wconf 78' lang='lat' dir='ltr'><strong>est.</strong></span> <span class='ocrx_word' id='word_1_249' title='bbox 3424 596 3582 650; x_wconf 86' lang='lat' dir='ltr'><strong>Chri-</strong></span> 
     </span>
    </p>
   </div>
   <div class='ocr_carea' id='block_1_34' title="bbox 1999 687 3582 742">
    <p class='ocr_par' dir='ltr' id='par_1_34' title="bbox 1999 687 3582 742">
     <span class='ocr_line' id='line_1_34' title="bbox 1999 687 3582 742; baseline 0 -1"><span class='ocrx_word' id='word_1_250' title='bbox 1999 690 2160 741; x_wconf 83' lang='lat' dir='ltr'><strong>stus?</strong></span> <span class='ocrx_word' id='word_1_251' title='bbox 2217 690 2296 741; x_wconf 85' lang='lat' dir='ltr'><strong>sic</strong></span> <span class='ocrx_word' id='word_1_252' title='bbox 2341 690 2725 740; x_wconf 84' lang='lat' dir='ltr'><strong>intellexerunt</strong></span> <span class='ocrx_word' id='word_1_253' title='bbox 2786 707 2798 742; x_wconf 89' lang='lat'>:</span> <span class='ocrx_word' id='word_1_254' title='bbox 2852 687 3093 740; x_wconf 85' lang='lat' dir='ltr'><strong>l’arlitus</strong></span> <span class='ocrx_word' id='word_1_255' title='bbox 3136 698 3291 742; x_wconf 87' lang='lat' dir='ltr'><strong>estne</strong></span> <span class='ocrx_word' id='word_1_256' title='bbox 3331 689 3582 741; x_wconf 97' lang='lat' dir='ltr'><strong>Christus</strong></span> 
     </span>
    </p>
   </div>
   <div class='ocr_carea' id='block_1_35' title="bbox 2000 780 3579 846">
    <p class='ocr_par' dir='ltr' id='par_1_35' title="bbox 2000 780 3579 846">
     <span class='ocr_line' id='line_1_35' title="bbox 2000 780 3579 846; baseline 0 -14"><span class='ocrx_word' id='word_1_257' title='bbox 2000 780 2140 846; x_wconf 89' lang='lat' dir='ltr'><strong>apud</strong></span> <span class='ocrx_word' id='word_1_258' title='bbox 2178 780 2424 832; x_wconf 81' lang='lat' dir='ltr'><strong>homines</strong></span> <span class='ocrx_word' id='word_1_259' title='bbox 2459 780 2774 843; x_wconf 66' lang='lat' dir='ltr'><strong>Ecclesium,</strong></span> <span class='ocrx_word' id='word_1_260' title='bbox 2811 790 2865 832; x_wconf 90' lang='lat' dir='ltr'><strong>et</strong></span> <span class='ocrx_word' id='word_1_261' title='bbox 2895 795 3055 832; x_wconf 89' lang='lat' dir='ltr'><strong>unam</strong></span> <span class='ocrx_word' id='word_1_262' title='bbox 3093 792 3296 845; x_wconf 86' lang='lat' dir='ltr'><strong>partem</strong></span> <span class='ocrx_word' id='word_1_263' title='bbox 3337 781 3450 846; x_wconf 88' lang='lat' dir='ltr'><strong>ipse</strong></span> <span class='ocrx_word' id='word_1_264' title='bbox 3478 780 3579 834; x_wconf 86' lang='lat' dir='ltr'><strong>sibi</strong></span> 
     </span>
    </p>
   </div>
   <div class='ocr_carea' id='block_1_36' title="bbox 1998 872 3124 936">
    <p class='ocr_par' dir='ltr' id='par_1_36' title="bbox 1998 872 3124 936">
     <span class='ocr_line' id='line_1_36' title="bbox 1998 872 3124 936; baseline -0.002 -12"><span class='ocrx_word' id='word_1_265' title='bbox 1998 873 2288 936; x_wconf 76' lang='lat' dir='ltr'><strong>acceperit,</strong></span> <span class='ocrx_word' id='word_1_266' title='bbox 2315 874 2538 923; x_wconf 88' lang='lat' dir='ltr'><strong>alteram</strong></span> <span class='ocrx_word' id='word_1_267' title='bbox 2577 887 2702 922; x_wconf 70' lang='lat' dir='ltr'><strong>vero</strong></span> <span class='ocrx_word' id='word_1_268' title='bbox 2735 873 2836 924; x_wconf 88' lang='lat' dir='ltr'><strong>illis</strong></span> <span class='ocrx_word' id='word_1_269' title='bbox 2868 872 3124 924; x_wconf 80' lang='lat' dir='ltr'><strong>dederit?</strong></span> 
     </span>
    </p>
   </div>
   <div class='ocr_carea' id='block_1_37' title="bbox 2074 961 3569 1030">
    <p class='ocr_par' dir='ltr' id='par_1_37' title="bbox 2074 961 3569 1030">
     <span class='ocr_line' id='line_1_37' title="bbox 2074 961 3569 1030; baseline -0.001 -17"><span class='ocrx_word' id='word_1_270' title='bbox 2074 962 2229 1030; x_wconf 75' lang='lat'><strong>125</strong></span> <span class='ocrx_word' id='word_1_271' title='bbox 2264 981 2280 1013; x_wconf 73' lang='grc' dir='ltr'><strong>ι</strong></span> <span class='ocrx_word' id='word_1_272' title='bbox 2325 961 2462 1014; x_wconf 60' lang='lat' dir='ltr'><strong>Num</strong></span> <span class='ocrx_word' id='word_1_273' title='bbox 2501 963 2699 1015; x_wconf 72' lang='lat' dir='ltr'><strong>Paulus</strong></span> <span class='ocrx_word' id='word_1_274' title='bbox 2729 963 3023 1014; x_wconf 79' lang='lat' dir='ltr'><strong>cruciﬁxus</strong></span> <span class='ocrx_word' id='word_1_275' title='bbox 3066 972 3143 1014; x_wconf 91' lang='lat' dir='ltr'><strong>cst</strong></span> <span class='ocrx_word' id='word_1_276' title='bbox 3177 976 3274 1027; x_wconf 90' lang='lat' dir='ltr'><strong>pro</strong></span> <span class='ocrx_word' id='word_1_277' title='bbox 3322 963 3506 1014; x_wconf 72' lang='lat' dir='ltr'><strong>vobis?</strong></span> <span class='ocrx_word' id='word_1_278' title='bbox 3554 982 3569 1011; x_wconf 76' lang='grc' dir='ltr'><strong>ι</strong></span> 
     </span>
    </p>
   </div>
   <div class='ocr_carea' id='block_1_38' title="bbox 1999 1055 3571 1122">
    <p class='ocr_par' dir='ltr' id='par_1_38' title="bbox 1999 1055 3571 1122">
     <span class='ocr_line' id='line_1_38' title="bbox 1999 1055 3571 1122; baseline -0.002 -14"><span class='ocrx_word' id='word_1_279' title='bbox 1999 1056 2404 1109; x_wconf 81' lang='lat' dir='ltr'><strong>Absurditatem</strong></span> <span class='ocrx_word' id='word_1_280' title='bbox 2439 1058 2575 1107; x_wconf 81' lang='lat' dir='ltr'><strong>tollit</strong></span> <span class='ocrx_word' id='word_1_281' title='bbox 2606 1072 2766 1122; x_wconf 88' lang='lat' dir='ltr'><strong>quam</strong></span> <span class='ocrx_word' id='word_1_282' title='bbox 2821 1055 2853 1108; x_wconf 88' lang='lat' dir='ltr'><strong>ii</strong></span> <span class='ocrx_word' id='word_1_283' title='bbox 2891 1055 3244 1116; x_wconf 84' lang='lat' dir='ltr'><strong>admiserant,</strong></span> <span class='ocrx_word' id='word_1_284' title='bbox 3277 1071 3339 1107; x_wconf 88' lang='lat' dir='ltr'><strong>ac</strong></span> <span class='ocrx_word' id='word_1_285' title='bbox 3368 1056 3571 1122; x_wconf 60' lang='grc' dir='ltr'>[πονιήὴ</span> 
     </span>
    </p>
   </div>
   <div class='ocr_carea' id='block_1_39' title="bbox 2004 1149 3574 1211">
    <p class='ocr_par' dir='ltr' id='par_1_39' title="bbox 2004 1149 3574 1211">
     <span class='ocr_line' id='line_1_39' title="bbox 2004 1149 3574 1211; baseline 0.001 -10"><span class='ocrx_word' id='word_1_286' title='bbox 2004 1149 2245 1203; x_wconf 87' lang='lat' dir='ltr'><strong>n0tuinis</strong></span> <span class='ocrx_word' id='word_1_287' title='bbox 2282 1151 2548 1211; x_wconf 89' lang='lat' dir='ltr'><strong>meminit,</strong></span> <span class='ocrx_word' id='word_1_288' title='bbox 2571 1164 2638 1202; x_wconf 90' lang='lat' dir='ltr'><strong>ne</strong></span> <span class='ocrx_word' id='word_1_289' title='bbox 2670 1149 2920 1202; x_wconf 62' lang='lat' dir='ltr'><strong>videatur</strong></span> <span class='ocrx_word' id='word_1_290' title='bbox 2957 1165 3020 1200; x_wconf 85' lang='lat' dir='ltr'><strong>ex</strong></span> <span class='ocrx_word' id='word_1_291' title='bbox 3051 1149 3247 1200; x_wconf 82' lang='lat' dir='ltr'><strong>invidia</strong></span> <span class='ocrx_word' id='word_1_292' title='bbox 3274 1151 3574 1203; x_wconf 83' lang='lat' dir='ltr'><strong>alienorum</strong></span> 
     </span>
    </p>
   </div>
   <div class='ocr_carea' id='block_1_40' title="bbox 1999 1244 3575 1299">
    <p class='ocr_par' dir='ltr' id='par_1_40' title="bbox 1999 1244 3575 1299">
     <span class='ocr_line' id='line_1_40' title="bbox 1999 1244 3575 1299; baseline -0.001 0"><span class='ocrx_word' id='word_1_293' title='bbox 1999 1246 2276 1299; x_wconf 92' lang='lat' dir='ltr'><strong>nominum</strong></span> <span class='ocrx_word' id='word_1_294' title='bbox 2305 1245 2630 1297; x_wconf 87' lang='lat' dir='ltr'><strong>mentionem</strong></span> <span class='ocrx_word' id='word_1_295' title='bbox 2659 1245 2872 1298; x_wconf 75' lang='lat' dir='ltr'><strong>fecisse.</strong></span> <span class='ocrx_word' id='word_1_296' title='bbox 2905 1244 3016 1297; x_wconf 75' lang='lat' dir='ltr'><strong>Non</strong></span> <span class='ocrx_word' id='word_1_297' title='bbox 3043 1245 3175 1297; x_wconf 83' lang='lat' dir='ltr'><strong>dixit</strong></span> <span class='ocrx_word' id='word_1_298' title='bbox 3195 1256 3402 1296; x_wconf 88' lang='lat' dir='ltr'><strong>autem:</strong></span> <span class='ocrx_word' id='word_1_299' title='bbox 3430 1244 3575 1298; x_wconf 67' lang='lat' dir='ltr'><strong>Nun-</strong></span> 
     </span>
    </p>
   </div>
   <div class='ocr_carea' id='block_1_41' title="bbox 1999 1337 3575 1406">
    <p class='ocr_par' dir='ltr' id='par_1_41' title="bbox 1999 1337 3575 1406">
     <span class='ocr_line' id='line_1_41' title="bbox 1999 1337 3575 1406; baseline -0.001 -19"><span class='ocrx_word' id='word_1_300' title='bbox 1999 1338 2127 1406; x_wconf 88' lang='lat' dir='ltr'><strong>quid</strong></span> <span class='ocrx_word' id='word_1_301' title='bbox 2164 1337 2361 1391; x_wconf 81' lang='lat' dir='ltr'><strong>Paulus</strong></span> <span class='ocrx_word' id='word_1_302' title='bbox 2392 1337 2545 1389; x_wconf 88' lang='lat' dir='ltr'><strong>ﬁnxit</strong></span> <span class='ocrx_word' id='word_1_303' title='bbox 2581 1351 2672 1390; x_wconf 80' lang='lat' dir='ltr'><strong>seu</strong></span> <span class='ocrx_word' id='word_1_304' title='bbox 2706 1338 2911 1391; x_wconf 85' lang='lat' dir='ltr'><strong>creavit</strong></span> <span class='ocrx_word' id='word_1_305' title='bbox 2947 1339 3079 1389; x_wconf 82' lang='lat' dir='ltr'><strong>vos?</strong></span> <span class='ocrx_word' id='word_1_306' title='bbox 3110 1340 3202 1390; x_wconf 72' lang='lat' dir='ltr'><strong>sed</strong></span> <span class='ocrx_word' id='word_1_307' title='bbox 3239 1341 3380 1404; x_wconf 89' lang='lat' dir='ltr'><strong>quod</strong></span> <span class='ocrx_word' id='word_1_308' title='bbox 3411 1338 3575 1390; x_wconf 86' lang='lat' dir='ltr'><strong>multo</strong></span> 
     </span>
    </p>
   </div>
   <div class='ocr_carea' id='block_1_42' title="bbox 1996 1428 3572 1498">
    <p class='ocr_par' dir='ltr' id='par_1_42' title="bbox 1996 1428 3572 1498">
     <span class='ocr_line' id='line_1_42' title="bbox 1996 1428 3572 1498; baseline -0.001 -16"><span class='ocrx_word' id='word_1_309' title='bbox 1996 1430 2173 1498; x_wconf 79' lang='lat' dir='ltr'><strong>majus</strong></span> <span class='ocrx_word' id='word_1_310' title='bbox 2209 1439 2310 1491; x_wconf 86' lang='lat' dir='ltr'><strong>est,</strong></span> <span class='ocrx_word' id='word_1_311' title='bbox 2334 1429 2767 1493; x_wconf 85' lang='lat' dir='ltr'><strong>inexplicabilem</strong></span> <span class='ocrx_word' id='word_1_312' title='bbox 2788 1429 2906 1494; x_wconf 87' lang='lat' dir='ltr'><strong>ejus</strong></span> <span class='ocrx_word' id='word_1_313' title='bbox 2939 1428 3282 1482; x_wconf 86' lang='lat' dir='ltr'><strong>clementiam</strong></span> <span class='ocrx_word' id='word_1_314' title='bbox 3307 1429 3572 1490; x_wconf 84' lang='lat' dir='ltr'><strong>indicans,</strong></span> 
     </span>
    </p>
   </div>
   <div class='ocr_carea' id='block_1_43' title="bbox 1995 1521 3573 1590">
    <p class='ocr_par' dir='ltr' id='par_1_43' title="bbox 1995 1521 3573 1590">
     <span class='ocr_line' id='line_1_43' title="bbox 1995 1521 3573 1590; baseline -0.002 -15"><span class='ocrx_word' id='word_1_315' title='bbox 1995 1535 2208 1575; x_wconf 90' lang='lat' dir='ltr'><strong>crucem</strong></span> <span class='ocrx_word' id='word_1_316' title='bbox 2243 1522 2294 1572; x_wconf 90' lang='lat' dir='ltr'><strong>in</strong></span> <span class='ocrx_word' id='word_1_317' title='bbox 2328 1523 2561 1573; x_wconf 89' lang='lat' dir='ltr'><strong>medium</strong></span> <span class='ocrx_word' id='word_1_318' title='bbox 2607 1523 2894 1590; x_wconf 78' lang='lat' dir='ltr'><strong>depromit.</strong></span> <span class='ocrx_word' id='word_1_319' title='bbox 2948 1521 3058 1576; x_wconf 61' lang='lat' dir='ltr'><strong>Nec</strong></span> <span class='ocrx_word' id='word_1_320' title='bbox 3104 1522 3267 1574; x_wconf 77' lang='lat' dir='ltr'><strong>dixit:</strong></span> <span class='ocrx_word' id='word_1_321' title='bbox 3307 1521 3573 1587; x_wconf 57' lang='lat' dir='ltr'><strong>[Numquid</strong></span> 
     </span>
    </p>
   </div>
   <div class='ocr_carea' id='block_1_44' title="bbox 1995 1613 3575 1670">
    <p class='ocr_par' dir='ltr' id='par_1_44' title="bbox 1995 1613 3575 1670">
     <span class='ocr_line' id='line_1_44' title="bbox 1995 1613 3575 1670; baseline -0.002 0"><span class='ocrx_word' id='word_1_322' title='bbox 1995 1616 2192 1670; x_wconf 83' lang='lat' dir='ltr'><strong>Paulus</strong></span> <span class='ocrx_word' id='word_1_323' title='bbox 2232 1626 2479 1668; x_wconf 89' lang='lat' dir='ltr'><strong>mortuus</strong></span> <span class='ocrx_word' id='word_1_324' title='bbox 2531 1622 2650 1667; x_wconf 78' lang='lat' dir='ltr'><strong>est“:</strong></span> <span class='ocrx_word' id='word_1_325' title='bbox 2687 1615 2777 1668; x_wconf 88' lang='lat' dir='ltr'><strong>sed</strong></span> <span class='ocrx_word' id='word_1_326' title='bbox 2814 1631 2825 1666; x_wconf 92' lang='lat'>:</span> <span class='ocrx_word' id='word_1_327' title='bbox 2879 1633 2896 1664; x_wconf 85' lang='grc'><strong>‹</strong></span> <span class='ocrx_word' id='word_1_328' title='bbox 2933 1614 3236 1668; x_wconf 72' lang='lat' dir='ltr'><strong>Crttciiixu;</strong></span> <span class='ocrx_word' id='word_1_329' title='bbox 3262 1618 3282 1665; x_wconf 72' lang='grc' dir='ltr'><strong>’ξ</strong></span> <span class='ocrx_word' id='word_1_330' title='bbox 3323 1633 3340 1662; x_wconf 72' lang='grc' dir='ltr'><strong>ι</strong></span> <span class='ocrx_word' id='word_1_331' title='bbox 3383 1613 3575 1667; x_wconf 85' lang='lat' dir='ltr'><strong>mortis</strong></span> 
     </span>
    </p>
   </div>
   <div class='ocr_carea' id='block_1_45' title="bbox 1992 1708 3398 1772">
    <p class='ocr_par' dir='ltr' id='par_1_45' title="bbox 1992 1708 3398 1772">
     <span class='ocr_line' id='line_1_45' title="bbox 1992 1708 3398 1772; baseline -0.003 -8"><span class='ocrx_word' id='word_1_332' title='bbox 1992 1709 2396 1772; x_wconf 85' lang='lat' dir='ltr'><strong>contumeliam,</strong></span> <span class='ocrx_word' id='word_1_333' title='bbox 2437 1718 2492 1761; x_wconf 93' lang='lat' dir='ltr'><strong>ut</strong></span> <span class='ocrx_word' id='word_1_334' title='bbox 2525 1708 2962 1772; x_wconf 78' lang='lat' dir='ltr'><strong>existimabatur,</strong></span> <span class='ocrx_word' id='word_1_335' title='bbox 2990 1709 3398 1761; x_wconf 81' lang='lat' dir='ltr'><strong>demonstrans.</strong></span> 
     </span>
    </p>
   </div>
   <div class='ocr_carea' id='block_1_46' title="bbox 2068 1798 3573 1854">
    <p class='ocr_par' dir='ltr' id='par_1_46' title="bbox 2068 1798 3573 1854">
     <span class='ocr_line' id='line_1_46' title="bbox 2068 1798 3573 1854; baseline -0.001 0"><span class='ocrx_word' id='word_1_336' title='bbox 2068 1802 2230 1854; x_wconf 71' lang='lat' dir='ltr'><strong>Vens.</strong></span> <span class='ocrx_word' id='word_1_337' title='bbox 2276 1801 2362 1853; x_wconf 78' lang='grc'><strong>15.</strong></span> <span class='ocrx_word' id='word_1_338' title='bbox 2403 1819 2420 1852; x_wconf 72' lang='grc' dir='ltr'><strong>ε</strong></span> <span class='ocrx_word' id='word_1_339' title='bbox 2465 1801 2678 1854; x_wconf 85' lang='lat' dir='ltr'><strong>Divisns</strong></span> <span class='ocrx_word' id='word_1_340' title='bbox 2704 1811 2787 1853; x_wconf 90' lang='lat' dir='ltr'><strong>est</strong></span> <span class='ocrx_word' id='word_1_341' title='bbox 2807 1800 3095 1854; x_wconf 86' lang='lat' dir='ltr'><strong>Christus?</strong></span> <span class='ocrx_word' id='word_1_342' title='bbox 3143 1819 3159 1850; x_wconf 70' lang='grc' dir='ltr'><strong>ι</strong></span> <span class='ocrx_word' id='word_1_343' title='bbox 3220 1798 3573 1853; x_wconf 87' lang='lat' dir='ltr'><strong>Dissecuistis</strong></span> 
     </span>
    </p>
   </div>
   <div class='ocr_carea' id='block_1_47' title="bbox 1991 1892 3569 1959">
    <p class='ocr_par' dir='ltr' id='par_1_47' title="bbox 1991 1892 3569 1959">
     <span class='ocr_line' id='line_1_47' title="bbox 1991 1892 3569 1959; baseline -0.004 -12"><span class='ocrx_word' id='word_1_344' title='bbox 1991 1893 2312 1947; x_wconf 74' lang='lat' dir='ltr'><strong>Christum?</strong></span> <span class='ocrx_word' id='word_1_345' title='bbox 2343 1892 2552 1959; x_wconf 78' lang='lat' dir='ltr'><strong>Corpus</strong></span> <span class='ocrx_word' id='word_1_346' title='bbox 2582 1893 2697 1958; x_wconf 78' lang='lat' dir='ltr'><strong>ejus</strong></span> <span class='ocrx_word' id='word_1_347' title='bbox 2732 1892 2997 1945; x_wconf 73' lang='lat' dir='ltr'><strong>divisistis</strong></span> <span class='ocrx_word' id='word_1_348' title='bbox 3022 1892 3042 1944; x_wconf 90' lang='lat'><strong>?</strong></span> <span class='ocrx_word' id='word_1_349' title='bbox 3069 1892 3251 1945; x_wconf 78' lang='lat' dir='ltr'><strong>Diviso</strong></span> <span class='ocrx_word' id='word_1_350' title='bbox 3282 1892 3424 1942; x_wconf 86' lang='lat' dir='ltr'><strong>enim</strong></span> <span class='ocrx_word' id='word_1_351' title='bbox 3445 1907 3569 1944; x_wconf 90' lang='lat' dir='ltr'><strong>cor-</strong></span> 
     </span>
    </p>
   </div>
   <div class='ocr_carea' id='block_1_48' title="bbox 1994 1984 3568 2053">
    <p class='ocr_par' dir='ltr' id='par_1_48' title="bbox 1994 1984 3568 2053">
     <span class='ocr_line' id='line_1_48' title="bbox 1994 1984 3568 2053; baseline -0.001 -17"><span class='ocrx_word' id='word_1_352' title='bbox 1994 2002 2121 2053; x_wconf 82' lang='lat' dir='ltr'><strong>pore</strong></span> <span class='ocrx_word' id='word_1_353' title='bbox 2148 1986 2285 2053; x_wconf 88' lang='lat' dir='ltr'><strong>ejus.</strong></span> <span class='ocrx_word' id='word_1_354' title='bbox 2322 1987 2463 2052; x_wconf 73' lang='lat' dir='ltr'><strong>quod</strong></span> <span class='ocrx_word' id='word_1_355' title='bbox 2491 1994 2571 2037; x_wconf 81' lang='lat' dir='ltr'><strong>est</strong></span> <span class='ocrx_word' id='word_1_356' title='bbox 2597 1985 2865 2045; x_wconf 65' lang='lat' dir='ltr'><strong>Ecciesia,</strong></span> <span class='ocrx_word' id='word_1_357' title='bbox 2897 1987 3008 2045; x_wconf 79' lang='lat' dir='ltr'><strong>ipse</strong></span> <span class='ocrx_word' id='word_1_358' title='bbox 3035 1985 3261 2036; x_wconf 79' lang='lat' dir='ltr'><strong>omnino</strong></span> <span class='ocrx_word' id='word_1_359' title='bbox 3285 1984 3568 2035; x_wconf 76' lang='lat' dir='ltr'><strong>dividitur.</strong></span> 
     </span>
    </p>
   </div>
   <div class='ocr_carea' id='block_1_49' title="bbox 1994 2076 3568 2144">
    <p class='ocr_par' dir='ltr' id='par_1_49' title="bbox 1994 2076 3568 2144">
     <span class='ocr_line' id='line_1_49' title="bbox 1994 2076 3568 2144; baseline -0.001 -17"><span class='ocrx_word' id='word_1_360' title='bbox 1994 2077 2382 2144; x_wconf 70' lang='lat' dir='ltr'><strong>lnmgnationis</strong></span> <span class='ocrx_word' id='word_1_361' title='bbox 2406 2090 2583 2129; x_wconf 87' lang='lat' dir='ltr'><strong>autem</strong></span> <span class='ocrx_word' id='word_1_362' title='bbox 2619 2077 2774 2143; x_wconf 86' lang='lat' dir='ltr'><strong>plena</strong></span> <span class='ocrx_word' id='word_1_363' title='bbox 2799 2087 2878 2128; x_wconf 91' lang='lat' dir='ltr'><strong>est</strong></span> <span class='ocrx_word' id='word_1_364' title='bbox 2909 2077 3103 2128; x_wconf 78' lang='lat' dir='ltr'><strong>oratio.</strong></span> <span class='ocrx_word' id='word_1_365' title='bbox 3142 2076 3389 2126; x_wconf 58' lang='lat' dir='ltr'><strong>Zionanili</strong></span> <span class='ocrx_word' id='word_1_366' title='bbox 3418 2090 3568 2139; x_wconf 66' lang='lat' dir='ltr'><strong>vero,</strong></span> 
     </span>
    </p>
   </div>
   <div class='ocr_carea' id='block_1_50' title="bbox 1997 2167 3568 2222">
    <p class='ocr_par' dir='ltr' id='par_1_50' title="bbox 1997 2167 3568 2222">
     <span class='ocr_line' id='line_1_50' title="bbox 1997 2167 3568 2222; baseline 0.001 -4"><span class='ocrx_word' id='word_1_367' title='bbox 1997 2188 2013 2218; x_wconf 71' lang='grc' dir='ltr'>α</span> <span class='ocrx_word' id='word_1_368' title='bbox 2054 2169 2264 2222; x_wconf 67' lang='lat' dir='ltr'><strong>Ditisus</strong></span> <span class='ocrx_word' id='word_1_369' title='bbox 2289 2178 2372 2222; x_wconf 91' lang='lat' dir='ltr'><strong>est</strong></span> <span class='ocrx_word' id='word_1_370' title='bbox 2401 2167 2685 2221; x_wconf 82' lang='lat' dir='ltr'><strong>Christus?</strong></span> <span class='ocrx_word' id='word_1_371' title='bbox 2733 2187 2750 2219; x_wconf 70' lang='grc' dir='ltr'><strong>ι</strong></span> <span class='ocrx_word' id='word_1_372' title='bbox 2807 2168 2876 2220; x_wconf 91' lang='lat' dir='ltr'><strong>ita</strong></span> <span class='ocrx_word' id='word_1_373' title='bbox 2913 2168 3294 2220; x_wconf 65' lang='lat' dir='ltr'><strong>inteiiexertzut</strong></span> <span class='ocrx_word' id='word_1_374' title='bbox 3337 2187 3349 2220; x_wconf 89' lang='lat'><strong>:</strong></span> <span class='ocrx_word' id='word_1_375' title='bbox 3391 2167 3568 2219; x_wconf 77' lang='lat' dir='ltr'><strong>Parti-</strong></span> 
     </span>
    </p>
   </div>
   <div class='ocr_carea' id='block_1_51' title="bbox 1993 2259 3559 2328">
    <p class='ocr_par' dir='ltr' id='par_1_51' title="bbox 1993 2259 3559 2328">
     <span class='ocr_line' id='line_1_51' title="bbox 1993 2259 3559 2328; baseline -0.003 -15"><span class='ocrx_word' id='word_1_376' title='bbox 1993 2273 2146 2315; x_wconf 84' lang='lat' dir='ltr'><strong>tusne</strong></span> <span class='ocrx_word' id='word_1_377' title='bbox 2173 2275 2257 2314; x_wconf 84' lang='lat' dir='ltr'><strong>eSt</strong></span> <span class='ocrx_word' id='word_1_378' title='bbox 2299 2260 2594 2313; x_wconf 71' lang='lat' dir='ltr'><strong>bcciesiam</strong></span> <span class='ocrx_word' id='word_1_379' title='bbox 2653 2260 2970 2328; x_wconf 81' lang='lat' dir='ltr'><strong>ascriptitiis</strong></span> <span class='ocrx_word' id='word_1_380' title='bbox 3026 2260 3174 2312; x_wconf 91' lang='lat' dir='ltr'><strong>hisce</strong></span> <span class='ocrx_word' id='word_1_381' title='bbox 3225 2259 3559 2322; x_wconf 73' lang='lat' dir='ltr'><strong>auctoribus,</strong></span> 
     </span>
    </p>
   </div>
   <div class='ocr_carea' id='block_1_52' title="bbox 1990 2351 3567 2420">
    <p class='ocr_par' dir='ltr' id='par_1_52' title="bbox 1990 2351 3567 2420">
     <span class='ocr_line' id='line_1_52' title="bbox 1990 2351 3567 2420; baseline -0.003 -16"><span class='ocrx_word' id='word_1_382' title='bbox 1990 2353 2211 2420; x_wconf 85' lang='lat' dir='ltr'><strong>ipseque</strong></span> <span class='ocrx_word' id='word_1_383' title='bbox 2241 2367 2401 2402; x_wconf 79' lang='lat' dir='ltr'><strong>unam</strong></span> <span class='ocrx_word' id='word_1_384' title='bbox 2438 2351 2836 2404; x_wconf 89' lang='lat' dir='ltr'><strong>nortiuncuiam</strong></span> <span class='ocrx_word' id='word_1_385' title='bbox 2883 2352 3180 2418; x_wconf 78' lang='lat' dir='ltr'><strong>accipiens,</strong></span> <span class='ocrx_word' id='word_1_386' title='bbox 3238 2351 3446 2403; x_wconf 68' lang='lat' dir='ltr'><strong>cmteris</strong></span> <span class='ocrx_word' id='word_1_387' title='bbox 3474 2367 3567 2401; x_wconf 82' lang='lat' dir='ltr'><strong>or-</strong></span> 
     </span>
    </p>
   </div>
   <div class='ocr_carea' id='block_1_53' title="bbox 1991 2443 3568 2509">
    <p class='ocr_par' dir='ltr' id='par_1_53' title="bbox 1991 2443 3568 2509">
     <span class='ocr_line' id='line_1_53' title="bbox 1991 2443 3568 2509; baseline 0.001 -15"><span class='ocrx_word' id='word_1_388' title='bbox 1991 2447 2146 2496; x_wconf 71' lang='lat' dir='ltr'><strong>batus</strong></span> <span class='ocrx_word' id='word_1_389' title='bbox 2181 2453 2297 2495; x_wconf 80' lang='lat' dir='ltr'><strong>est:</strong></span> <span class='ocrx_word' id='word_1_390' title='bbox 2338 2453 2630 2509; x_wconf 84' lang='lat' dir='ltr'><strong>t&#39;ostqnam</strong></span> <span class='ocrx_word' id='word_1_391' title='bbox 2677 2443 2820 2508; x_wconf 82' lang='lat' dir='ltr'><strong>ipsos</strong></span> <span class='ocrx_word' id='word_1_392' title='bbox 2863 2444 3005 2496; x_wconf 88' lang='lat' dir='ltr'><strong>iumc</strong></span> <span class='ocrx_word' id='word_1_393' title='bbox 3039 2446 3089 2496; x_wconf 92' lang='lat' dir='ltr'><strong>in</strong></span> <span class='ocrx_word' id='word_1_394' title='bbox 3133 2444 3347 2495; x_wconf 91' lang='lat' dir='ltr'><strong>modum</strong></span> <span class='ocrx_word' id='word_1_395' title='bbox 3376 2458 3568 2508; x_wconf 84' lang='lat' dir='ltr'><strong>percu-</strong></span> 
     </span>
    </p>
   </div>
   <div class='ocr_carea' id='block_1_54' title="bbox 1989 2534 3568 2595">
    <p class='ocr_par' dir='ltr' id='par_1_54' title="bbox 1989 2534 3568 2595">
     <span class='ocr_line' id='line_1_54' title="bbox 1989 2534 3568 2595; baseline -0.001 -9"><span class='ocrx_word' id='word_1_396' title='bbox 1989 2536 2159 2592; x_wconf 74' lang='lat' dir='ltr'><strong>Eisset.</strong></span> <span class='ocrx_word' id='word_1_397' title='bbox 2201 2535 2456 2595; x_wconf 68' lang='lat' dir='ltr'><strong>aeittceps</strong></span> <span class='ocrx_word' id='word_1_398' title='bbox 2492 2535 2738 2588; x_wconf 72' lang='lat' dir='ltr'><strong>admissae</strong></span> <span class='ocrx_word' id='word_1_399' title='bbox 2791 2534 2858 2586; x_wconf 82' lang='lat' dir='ltr'><strong>ab</strong></span> <span class='ocrx_word' id='word_1_400' title='bbox 2897 2534 3005 2587; x_wconf 91' lang='lat' dir='ltr'><strong>illis</strong></span> <span class='ocrx_word' id='word_1_401' title='bbox 3031 2535 3386 2587; x_wconf 86' lang='lat' dir='ltr'><strong>absurditatis</strong></span> <span class='ocrx_word' id='word_1_402' title='bbox 3419 2549 3568 2586; x_wconf 85' lang='lat' dir='ltr'><strong>amo-</strong></span> 
     </span>
    </p>
   </div>
   <div class='ocr_carea' id='block_1_55' title="bbox 1989 2631 2601 2685">
    <p class='ocr_par' dir='ltr' id='par_1_55' title="bbox 1989 2631 2601 2685">
     <span class='ocr_line' id='line_1_55' title="bbox 1989 2631 2601 2685; baseline -0.003 -1"><span class='ocrx_word' id='word_1_403' title='bbox 1989 2632 2228 2684; x_wconf 63' lang='lat' dir='ltr'><strong>litinnen‘.</strong></span> <span class='ocrx_word' id='word_1_404' title='bbox 2269 2631 2601 2685; x_wconf 61' lang='grc' dir='ltr'>ἱὶζξτιειιίὶῑιΐ.</span> 
     </span>
    </p>
   </div>
   <div class='ocr_carea' id='block_1_56' title="bbox 2065 2718 3563 2789">
    <p class='ocr_par' dir='ltr' id='par_1_56' title="bbox 2065 2718 3563 2789">
     <span class='ocr_line' id='line_1_56' title="bbox 2065 2718 3563 2789; baseline -0.001 -17"><span class='ocrx_word' id='word_1_405' title='bbox 2065 2741 2082 2772; x_wconf 73' lang='grc' dir='ltr'><strong>ι</strong></span> <span class='ocrx_word' id='word_1_406' title='bbox 2125 2721 2259 2774; x_wconf 79' lang='lat' dir='ltr'><strong>Num</strong></span> <span class='ocrx_word' id='word_1_407' title='bbox 2299 2738 2497 2774; x_wconf 58' lang='lat' dir='ltr'><strong>z&#39;autus</strong></span> <span class='ocrx_word' id='word_1_408' title='bbox 2533 2722 2828 2776; x_wconf 88' lang='lat' dir='ltr'><strong>cruciﬁxus</strong></span> <span class='ocrx_word' id='word_1_409' title='bbox 2853 2733 2935 2776; x_wconf 87' lang='lat' dir='ltr'><strong>est</strong></span> <span class='ocrx_word' id='word_1_410' title='bbox 2964 2736 3060 2789; x_wconf 87' lang='lat' dir='ltr'><strong>pro</strong></span> <span class='ocrx_word' id='word_1_411' title='bbox 3097 2721 3287 2773; x_wconf 87' lang='lat' dir='ltr'><strong>vobis?</strong></span> <span class='ocrx_word' id='word_1_412' title='bbox 3321 2739 3338 2768; x_wconf 78' lang='grc' dir='ltr'><strong>ι</strong></span> <span class='ocrx_word' id='word_1_413' title='bbox 3386 2718 3462 2771; x_wconf 81' lang='lat' dir='ltr'><strong>Ne</strong></span> <span class='ocrx_word' id='word_1_414' title='bbox 3498 2735 3563 2771; x_wconf 87' lang='lat' dir='ltr'><strong>ex</strong></span> 
     </span>
    </p>
   </div>
   <div class='ocr_carea' id='block_1_57' title="bbox 1991 2811 3565 2881">
    <p class='ocr_par' dir='ltr' id='par_1_57' title="bbox 1991 2811 3565 2881">
     <span class='ocr_line' id='line_1_57' title="bbox 1991 2811 3565 2881; baseline -0.001 -16"><span class='ocrx_word' id='word_1_415' title='bbox 1991 2813 2186 2866; x_wconf 80' lang='lat' dir='ltr'><strong>invidia</strong></span> <span class='ocrx_word' id='word_1_416' title='bbox 2223 2827 2508 2879; x_wconf 76' lang='lat' dir='ltr'><strong>oujurgare</strong></span> <span class='ocrx_word' id='word_1_417' title='bbox 2545 2814 2809 2876; x_wconf 82' lang='lat' dir='ltr'><strong>videatur,</strong></span> <span class='ocrx_word' id='word_1_418' title='bbox 2847 2814 2945 2867; x_wconf 91' lang='lat' dir='ltr'><strong>sub</strong></span> <span class='ocrx_word' id='word_1_419' title='bbox 2971 2813 3186 2881; x_wconf 88' lang='lat' dir='ltr'><strong>proprio</strong></span> <span class='ocrx_word' id='word_1_420' title='bbox 3219 2828 3318 2864; x_wconf 91' lang='lat' dir='ltr'><strong>suo</strong></span> <span class='ocrx_word' id='word_1_421' title='bbox 3347 2811 3565 2863; x_wconf 84' lang='lat' dir='ltr'><strong>nomine</strong></span> 
     </span>
    </p>
   </div>
   <div class='ocr_carea' id='block_1_58' title="bbox 1990 2901 3564 2970">
    <p class='ocr_par' dir='ltr' id='par_1_58' title="bbox 1990 2901 3564 2970">
     <span class='ocr_line' id='line_1_58' title="bbox 1990 2901 3564 2970; baseline -0.003 -13"><span class='ocrx_word' id='word_1_422' title='bbox 1990 2905 2366 2958; x_wconf 89' lang='lat' dir='ltr'><strong>refutationem</strong></span> <span class='ocrx_word' id='word_1_423' title='bbox 2413 2915 2582 2970; x_wconf 80' lang='lat' dir='ltr'><strong>parat.</strong></span> <span class='ocrx_word' id='word_1_424' title='bbox 2649 2905 2764 2955; x_wconf 68' lang='lat' dir='ltr'><strong>Non</strong></span> <span class='ocrx_word' id='word_1_425' title='bbox 2800 2913 2979 2956; x_wconf 85' lang='lat' dir='ltr'><strong>autem</strong></span> <span class='ocrx_word' id='word_1_426' title='bbox 3023 2904 3157 2955; x_wconf 86' lang='lat' dir='ltr'><strong>dixit</strong></span> <span class='ocrx_word' id='word_1_427' title='bbox 3217 2921 3229 2956; x_wconf 94' lang='lat'><strong>:</strong></span> <span class='ocrx_word' id='word_1_428' title='bbox 3297 2901 3564 2954; x_wconf 77' lang='lat' dir='ltr'><strong>l’aulnsnc</strong></span> 
     </span>
    </p>
   </div>
   <div class='ocr_carea' id='block_1_59' title="bbox 1989 2996 3562 3056">
    <p class='ocr_par' dir='ltr' id='par_1_59' title="bbox 1989 2996 3562 3056">
     <span class='ocr_line' id='line_1_59' title="bbox 1989 2996 3562 3056; baseline -0.004 -5"><span class='ocrx_word' id='word_1_429' title='bbox 1989 2998 2146 3051; x_wconf 84' lang='lat' dir='ltr'><strong>finxit</strong></span> <span class='ocrx_word' id='word_1_430' title='bbox 2194 3000 2324 3050; x_wconf 83' lang='lat' dir='ltr'><strong>vos?</strong></span> <span class='ocrx_word' id='word_1_431' title='bbox 2386 2999 2466 3050; x_wconf 62' lang='lat' dir='ltr'><strong>vel</strong></span> <span class='ocrx_word' id='word_1_432' title='bbox 2513 2998 2654 3050; x_wconf 86' lang='lat' dir='ltr'><strong>aliud</strong></span> <span class='ocrx_word' id='word_1_433' title='bbox 2712 2996 3016 3049; x_wconf 72' lang='lat' dir='ltr'><strong>istiusmodi</strong></span> <span class='ocrx_word' id='word_1_434' title='bbox 3064 2996 3408 3056; x_wconf 83' lang='lat' dir='ltr'><strong>beneficium,</strong></span> <span class='ocrx_word' id='word_1_435' title='bbox 3467 2996 3562 3047; x_wconf 83' lang='lat' dir='ltr'><strong>scd</strong></span> 
     </span>
    </p>
   </div>
   <div class='ocr_carea' id='block_1_60' title="bbox 1988 3088 3563 3157">
    <p class='ocr_par' dir='ltr' id='par_1_60' title="bbox 1988 3088 3563 3157">
     <span class='ocr_line' id='line_1_60' title="bbox 1988 3088 3563 3157; baseline -0.002 -14"><span class='ocrx_word' id='word_1_436' title='bbox 1988 3106 2202 3143; x_wconf 76' lang='lat' dir='ltr'><strong>crucem</strong></span> <span class='ocrx_word' id='word_1_437' title='bbox 2247 3092 2297 3143; x_wconf 92' lang='lat' dir='ltr'><strong>in</strong></span> <span class='ocrx_word' id='word_1_438' title='bbox 2359 3093 2594 3144; x_wconf 88' lang='lat' dir='ltr'><strong>medium</strong></span> <span class='ocrx_word' id='word_1_439' title='bbox 2645 3091 2892 3157; x_wconf 77' lang='lat' dir='ltr'><strong>protulit,</strong></span> <span class='ocrx_word' id='word_1_440' title='bbox 2953 3103 3072 3155; x_wconf 59' lang='lat' dir='ltr'><strong>quae</strong></span> <span class='ocrx_word' id='word_1_441' title='bbox 3127 3088 3330 3140; x_wconf 82' lang='lat' dir='ltr'><strong>Christi</strong></span> <span class='ocrx_word' id='word_1_442' title='bbox 3367 3089 3418 3140; x_wconf 89' lang='lat' dir='ltr'><strong>in</strong></span> <span class='ocrx_word' id='word_1_443' title='bbox 3465 3102 3563 3140; x_wconf 86' lang='lat' dir='ltr'><strong>nos</strong></span> 
     </span>
    </p>
   </div>
   <div class='ocr_carea' id='block_1_61' title="bbox 298 3173 1990 3267">
    <p class='ocr_par' dir='ltr' id='par_1_61' title="bbox 298 3173 1990 3267">
     <span class='ocr_line' id='line_1_61' title="bbox 298 3173 1990 3267; baseline -0.005 -33"><span class='ocrx_word' id='word_1_444' title='bbox 298 3201 410 3236; x_wconf 87' lang='grc' dir='ltr'><strong>των</strong></span> <span class='ocrx_word' id='word_1_445' title='bbox 448 3178 723 3242; x_wconf 78' lang='grc' dir='ltr'>ἀπόδειξις</span> <span class='ocrx_word' id='word_1_446' title='bbox 748 3177 849 3246; x_wconf 80' lang='grc' dir='ltr'>τῆς</span> <span class='ocrx_word' id='word_1_447' title='bbox 875 3178 1004 3246; x_wconf 78' lang='grc' dir='ltr'>περὶ</span> <span class='ocrx_word' id='word_1_448' title='bbox 1040 3177 1187 3244; x_wconf 78' lang='grc' dir='ltr'>ἡμᾶς</span> <span class='ocrx_word' id='word_1_449' title='bbox 1221 3176 1443 3243; x_wconf 77' lang='grc' dir='ltr'>ἀγάπης</span> <span class='ocrx_word' id='word_1_450' title='bbox 1488 3173 1578 3226; x_wconf 87' lang='grc' dir='ltr'><strong>τοῦ</strong></span> <span class='ocrx_word' id='word_1_451' title='bbox 1616 3175 1874 3242; x_wconf 84' lang='grc' dir='ltr'>Χριστοῦ.</span> <span class='ocrx_word' id='word_1_452' title='bbox 1906 3207 1951 3267; x_wconf 81' lang='lat' dir='ltr'>C</span> <span class='ocrx_word' id='word_1_453' title='bbox 1987 3208 1990 3231; x_wconf 81' lang='grc'><strong>.</strong></span> 
     </span>
    </p>
   </div>
   <div class='ocr_carea' id='block_1_62' title="bbox 1867 3173 3559 3267">
    <p class='ocr_par' dir='ltr' id='par_1_62' title="bbox 1867 3179 3559 3267">
     <span class='ocr_line' id='line_1_62' title="bbox 1867 3179 3559 3267; baseline -0.005 -27"><span class='ocrx_word' id='word_1_454' title='bbox 1867 3213 1874 3225; x_wconf 76' lang='grc' dir='ltr'><strong>ι</strong></span> <span class='ocrx_word' id='word_1_455' title='bbox 1906 3207 1951 3267; x_wconf 80' lang='lat' dir='ltr'>C</span> <span class='ocrx_word' id='word_1_456' title='bbox 1987 3187 2272 3239; x_wconf 79' lang='lat' dir='ltr'><strong>charitatis</strong></span> <span class='ocrx_word' id='word_1_457' title='bbox 2317 3186 2558 3238; x_wconf 87' lang='lat' dir='ltr'><strong>omnium</strong></span> <span class='ocrx_word' id='word_1_458' title='bbox 2609 3185 2840 3237; x_wconf 84' lang='lat' dir='ltr'><strong>maxima</strong></span> <span class='ocrx_word' id='word_1_459' title='bbox 2879 3183 3270 3239; x_wconf 85' lang='lat' dir='ltr'><strong>demonstratio</strong></span> <span class='ocrx_word' id='word_1_460' title='bbox 3296 3190 3396 3234; x_wconf 74' lang='lat' dir='ltr'><strong>est.</strong></span> <span class='ocrx_word' id='word_1_461' title='bbox 3445 3179 3559 3232; x_wconf 68' lang='lat' dir='ltr'><strong>Non</strong></span> 
     </span>
    </p>
   </div>
   <div class='ocr_carea' id='block_1_63' title="bbox 300 3264 1877 3337">
    <p class='ocr_par' dir='ltr' id='par_1_63' title="bbox 300 3264 1877 3337">
     <span class='ocr_line' id='line_1_63' title="bbox 300 3264 1877 3337; baseline -0.005 -14"><span class='ocrx_word' id='word_1_462' title='bbox 300 3274 415 3323; x_wconf 69' lang='grc' dir='ltr'>υῦκ</span> <span class='ocrx_word' id='word_1_463' title='bbox 453 3268 599 3332; x_wconf 67' lang='grc' dir='ltr'>εἷπε,</span> <span class='ocrx_word' id='word_1_464' title='bbox 647 3269 738 3337; x_wconf 81' lang='grc' dir='ltr'><strong>Μὴ</strong></span> <span class='ocrx_word' id='word_1_465' title='bbox 785 3267 993 3328; x_wconf 79' lang='grc' dir='ltr'>Παῦλος</span> <span class='ocrx_word' id='word_1_466' title='bbox 1037 3265 1340 3328; x_wconf 85' lang='grc' dir='ltr'>ἀπέθανεν;</span> <span class='ocrx_word' id='word_1_467' title='bbox 1398 3265 1555 3328; x_wconf 86' lang='grc' dir='ltr'>ἀλλά,</span> <span class='ocrx_word' id='word_1_468' title='bbox 1592 3284 1610 3316; x_wconf 73' lang='grc' dir='ltr'><strong>ι</strong></span> <span class='ocrx_word' id='word_1_469' title='bbox 1650 3264 1877 3316; x_wconf 82' lang='grc' dir='ltr'>Ἐσταυ-</span> 
     </span>
    </p>
   </div>
   <div class='ocr_carea' id='block_1_64' title="bbox 303 3355 1873 3433">
    <p class='ocr_par' dir='ltr' id='par_1_64' title="bbox 303 3355 1873 3433">
     <span class='ocr_line' id='line_1_64' title="bbox 303 3355 1873 3433; baseline -0.004 -17"><span class='ocrx_word' id='word_1_470' title='bbox 303 3366 451 3433; x_wconf 84' lang='grc' dir='ltr'>ρώθη</span> <span class='ocrx_word' id='word_1_471' title='bbox 485 3381 498 3426; x_wconf 88' lang='lat'><strong>;</strong></span> <span class='ocrx_word' id='word_1_472' title='bbox 529 3383 545 3414; x_wconf 72' lang='grc' dir='ltr'><strong>ι</strong></span> <span class='ocrx_word' id='word_1_473' title='bbox 581 3364 697 3429; x_wconf 77' lang='grc' dir='ltr'>ἄμα</span> <span class='ocrx_word' id='word_1_474' title='bbox 729 3361 824 3413; x_wconf 85' lang='grc' dir='ltr'><strong>καί</strong></span> <span class='ocrx_word' id='word_1_475' title='bbox 850 3361 910 3412; x_wconf 76' lang='grc' dir='ltr'>τὸ</span> <span class='ocrx_word' id='word_1_476' title='bbox 942 3355 1080 3423; x_wconf 77' lang='grc' dir='ltr'>εἶδος</span> <span class='ocrx_word' id='word_1_477' title='bbox 1106 3359 1199 3411; x_wconf 90' lang='grc' dir='ltr'><strong>τοῦ</strong></span> <span class='ocrx_word' id='word_1_478' title='bbox 1231 3359 1460 3411; x_wconf 80' lang='grc' dir='ltr'>θανάτου</span> <span class='ocrx_word' id='word_1_479' title='bbox 1488 3357 1654 3411; x_wconf 82' lang='grc' dir='ltr'>αὑτοῦ</span> <span class='ocrx_word' id='word_1_480' title='bbox 1679 3358 1873 3427; x_wconf 83' lang='grc' dir='ltr'>δηλῶν.</span> 
     </span>
    </p>
   </div>
   <div class='ocr_carea' id='block_1_65' title="bbox 299 3452 744 3524">
    <p class='ocr_par' dir='ltr' id='par_1_65' title="bbox 299 3452 744 3524">
     <span class='ocr_line' id='line_1_65' title="bbox 299 3452 744 3524; baseline -0.013 -12"><span class='ocrx_word' id='word_1_481' title='bbox 299 3457 430 3512; x_wconf 84' lang='lat' dir='ltr'><strong>Cod.</strong></span> <span class='ocrx_word' id='word_1_482' title='bbox 465 3452 744 3524; x_wconf 80' lang='lat' dir='ltr'><strong>Arttndel.]</strong></span> 
     </span>
    </p>
   </div>
   <div class='ocr_carea' id='block_1_66' title="bbox 376 3541 1875 3614">
    <p class='ocr_par' dir='ltr' id='par_1_66' title="bbox 376 3541 1875 3614">
     <span class='ocr_line' id='line_1_66' title="bbox 376 3541 1875 3614; baseline -0.006 -12"><span class='ocrx_word' id='word_1_483' title='bbox 376 3569 394 3602; x_wconf 71' lang='grc' dir='ltr'><strong>ι</strong></span> <span class='ocrx_word' id='word_1_484' title='bbox 431 3551 500 3602; x_wconf 86' lang='grc' dir='ltr'><em>Ἥ</em></span> <span class='ocrx_word' id='word_1_485' title='bbox 531 3552 611 3612; x_wconf 86' lang='grc' dir='ltr'><strong>είς</strong></span> <span class='ocrx_word' id='word_1_486' title='bbox 637 3549 696 3601; x_wconf 69' lang='grc' dir='ltr'>τὸ</span> <span class='ocrx_word' id='word_1_487' title='bbox 730 3547 902 3614; x_wconf 71' lang='grc' dir='ltr'>ὄνομα</span> <span class='ocrx_word' id='word_1_488' title='bbox 939 3545 1152 3599; x_wconf 84' lang='grc' dir='ltr'>Παύλου</span> <span class='ocrx_word' id='word_1_489' title='bbox 1201 3543 1604 3612; x_wconf 76' lang='grc' dir='ltr'>ἐϐαπτίσθητες</span> <span class='ocrx_word' id='word_1_490' title='bbox 1639 3562 1657 3594; x_wconf 73' lang='lat' dir='ltr'><strong>t</strong></span> <span class='ocrx_word' id='word_1_491' title='bbox 1718 3541 1875 3594; x_wconf 67' lang='grc' dir='ltr'>Ἐειί-</span> 
     </span>
    </p>
   </div>
   <div class='ocr_carea' id='block_1_67' title="bbox 301 3631 1873 3710">
    <p class='ocr_par' dir='ltr' id='par_1_67' title="bbox 301 3631 1873 3710">
     <span class='ocr_line' id='line_1_67' title="bbox 301 3631 1873 3710; baseline -0.006 -16"><span class='ocrx_word' id='word_1_492' title='bbox 301 3659 472 3694; x_wconf 83' lang='grc' dir='ltr'>πτισα</span> <span class='ocrx_word' id='word_1_493' title='bbox 507 3641 603 3710; x_wconf 84' lang='grc' dir='ltr'>μὲν</span> <span class='ocrx_word' id='word_1_494' title='bbox 649 3639 743 3692; x_wconf 78' lang='grc' dir='ltr'>καὶ</span> <span class='ocrx_word' id='word_1_495' title='bbox 775 3638 908 3705; x_wconf 82' lang='grc' dir='ltr'>ἐγὼ,</span> <span class='ocrx_word' id='word_1_496' title='bbox 963 3639 1118 3706; x_wconf 71' lang='grc' dir='ltr'>φησι,</span> <span class='ocrx_word' id='word_1_497' title='bbox 1152 3636 1399 3699; x_wconf 78' lang='grc' dir='ltr'>πολλοὺς,</span> <span class='ocrx_word' id='word_1_498' title='bbox 1427 3634 1539 3685; x_wconf 81' lang='grc' dir='ltr'>ἀλλ’</span> <span class='ocrx_word' id='word_1_499' title='bbox 1574 3634 1654 3695; x_wconf 80' lang='grc' dir='ltr'><strong>είς</strong></span> <span class='ocrx_word' id='word_1_500' title='bbox 1692 3632 1752 3686; x_wconf 82' lang='grc' dir='ltr'>τὸ</span> <span class='ocrx_word' id='word_1_501' title='bbox 1782 3631 1873 3684; x_wconf 73' lang='grc' dir='ltr'><strong>τοῦ</strong></span> 
     </span>
    </p>
   </div>
   <div class='ocr_carea' id='block_1_68' title="bbox 301 3725 1876 3803">
    <p class='ocr_par' dir='ltr' id='par_1_68' title="bbox 301 3725 1876 3803">
     <span class='ocr_line' id='line_1_68' title="bbox 301 3725 1876 3803; baseline -0.008 -15"><span class='ocrx_word' id='word_1_502' title='bbox 301 3732 540 3803; x_wconf 73' lang='grc' dir='ltr'>Χριστοῦ</span> <span class='ocrx_word' id='word_1_503' title='bbox 569 3733 761 3800; x_wconf 67' lang='grc' dir='ltr'>δισομα.</span> <span class='ocrx_word' id='word_1_504' title='bbox 817 3729 990 3782; x_wconf 83' lang='grc' dir='ltr'>Τοῦτο</span> <span class='ocrx_word' id='word_1_505' title='bbox 1038 3730 1094 3782; x_wconf 85' lang='grc' dir='ltr'>δὲ</span> <span class='ocrx_word' id='word_1_506' title='bbox 1128 3729 1296 3795; x_wconf 78' lang='grc' dir='ltr'>λέγει.</span> <span class='ocrx_word' id='word_1_507' title='bbox 1341 3727 1530 3796; x_wconf 84' lang='grc' dir='ltr'>ἐπειδὴ</span> <span class='ocrx_word' id='word_1_508' title='bbox 1578 3725 1674 3778; x_wconf 74' lang='grc' dir='ltr'>καὶ</span> <span class='ocrx_word' id='word_1_509' title='bbox 1718 3726 1876 3778; x_wconf 82' lang='grc' dir='ltr'>τοῦτο</span> 
     </span>
    </p>
   </div>
   <div class='ocr_carea' id='block_1_69' title="bbox 300 3819 1874 3893">
    <p class='ocr_par' dir='ltr' id='par_1_69' title="bbox 300 3819 1874 3893">
     <span class='ocr_line' id='line_1_69' title="bbox 300 3819 1874 3893; baseline -0.006 -15"><span class='ocrx_word' id='word_1_510' title='bbox 300 3830 477 3878; x_wconf 73' lang='grc' dir='ltr'>αἴτιον</span> <span class='ocrx_word' id='word_1_511' title='bbox 515 3824 729 3891; x_wconf 87' lang='grc' dir='ltr'>ἐγίνετο</span> <span class='ocrx_word' id='word_1_512' title='bbox 765 3822 1089 3893; x_wconf 85' lang='grc' dir='ltr'>σχίσματος,</span> <span class='ocrx_word' id='word_1_513' title='bbox 1126 3823 1187 3872; x_wconf 85' lang='grc' dir='ltr'>τὸ</span> <span class='ocrx_word' id='word_1_514' title='bbox 1213 3823 1321 3873; x_wconf 64' lang='grc' dir='ltr'><strong>ἀπὸ</strong></span> <span class='ocrx_word' id='word_1_515' title='bbox 1356 3819 1467 3871; x_wconf 84' lang='grc' dir='ltr'><strong>τῶν</strong></span> <span class='ocrx_word' id='word_1_516' title='bbox 1497 3819 1874 3889; x_wconf 78' lang='grc' dir='ltr'>βαπτισάντων</span> 
     </span>
    </p>
   </div>
   <div class='ocr_carea' id='block_1_70' title="bbox 301 3912 1869 3981">
    <p class='ocr_par' dir='ltr' id='par_1_70' title="bbox 301 3912 1869 3981">
     <span class='ocr_line' id='line_1_70' title="bbox 301 3912 1869 3981; baseline -0.006 -10"><span class='ocrx_word' id='word_1_517' title='bbox 301 3918 610 3971; x_wconf 82' lang='grc' dir='ltr'>καλεῖσθαι.</span> <span class='ocrx_word' id='word_1_518' title='bbox 661 3916 735 3968; x_wconf 82' lang='grc' dir='ltr'><strong>Οὑ</strong></span> <span class='ocrx_word' id='word_1_519' title='bbox 769 3914 927 3967; x_wconf 82' lang='grc' dir='ltr'>τοῦτο</span> <span class='ocrx_word' id='word_1_520' title='bbox 969 3914 1024 3966; x_wconf 82' lang='grc' dir='ltr'>δὲ</span> <span class='ocrx_word' id='word_1_521' title='bbox 1059 3914 1327 3981; x_wconf 78' lang='grc' dir='ltr'>ζητεῖται,</span> <span class='ocrx_word' id='word_1_522' title='bbox 1386 3914 1468 3974; x_wconf 84' lang='grc' dir='ltr'><strong>τίς</strong></span> <span class='ocrx_word' id='word_1_523' title='bbox 1505 3913 1532 3964; x_wconf 91' lang='lat'><strong>6</strong></span> <span class='ocrx_word' id='word_1_524' title='bbox 1583 3912 1869 3981; x_wconf 86' lang='grc' dir='ltr'>βαπτίσας,</span> 
     </span>
    </p>
   </div>
   <div class='ocr_carea' id='block_1_71' title="bbox 299 4002 1872 4073">
    <p class='ocr_par' dir='ltr' id='par_1_71' title="bbox 299 4002 1872 4073">
     <span class='ocr_line' id='line_1_71' title="bbox 299 4002 1872 4073; baseline -0.006 -12"><span class='ocrx_word' id='word_1_525' title='bbox 299 4009 418 4061; x_wconf 74' lang='grc' dir='ltr'>αλλ’</span> <span class='ocrx_word' id='word_1_526' title='bbox 453 4010 534 4069; x_wconf 87' lang='grc' dir='ltr'><strong>είς</strong></span> <span class='ocrx_word' id='word_1_527' title='bbox 567 4007 710 4068; x_wconf 84' lang='grc' dir='ltr'>τίνος</span> <span class='ocrx_word' id='word_1_528' title='bbox 744 4006 916 4073; x_wconf 76' lang='grc' dir='ltr'>ὄνομα</span> <span class='ocrx_word' id='word_1_529' title='bbox 969 4003 1221 4071; x_wconf 73' lang='grc' dir='ltr'>βαπτίζει</span> <span class='ocrx_word' id='word_1_530' title='bbox 1244 4019 1257 4034; x_wconf 75' lang='grc'><strong><em>⁸</em></strong></span> <span class='ocrx_word' id='word_1_531' title='bbox 1286 4005 1493 4064; x_wconf 81' lang='grc' dir='ltr'>ἐκεῖνος</span> <span class='ocrx_word' id='word_1_532' title='bbox 1543 4003 1652 4070; x_wconf 75' lang='grc' dir='ltr'>γὰρ</span> <span class='ocrx_word' id='word_1_533' title='bbox 1682 4002 1872 4069; x_wconf 68' lang='grc' dir='ltr'>ἀφίησι</span> 
     </span>
    </p>
   </div>
   <div class='ocr_carea' id='block_1_72' title="bbox 295 4095 1308 4168">
    <p class='ocr_par' dir='ltr' id='par_1_72' title="bbox 295 4095 1308 4168">
     <span class='ocr_line' id='line_1_72' title="bbox 295 4095 1308 4168; baseline -0.004 -16"><span class='ocrx_word' id='word_1_534' title='bbox 295 4102 365 4152; x_wconf 71' lang='grc' dir='ltr'><strong>τα</strong></span> <span class='ocrx_word' id='word_1_535' title='bbox 394 4100 787 4168; x_wconf 78' lang='grc' dir='ltr'>ἁμαρτήματα,</span> <span class='ocrx_word' id='word_1_536' title='bbox 819 4095 914 4163; x_wconf 84' lang='grc' dir='ltr'><strong>οὐχ</strong></span> <span class='ocrx_word' id='word_1_537' title='bbox 954 4099 980 4146; x_wconf 91' lang='lat'><strong>6</strong></span> <span class='ocrx_word' id='word_1_538' title='bbox 1010 4095 1308 4164; x_wconf 79' lang='grc' dir='ltr'>βαπτίζων.</span> 
     </span>
    </p>
   </div>
   <div class='ocr_carea' id='block_1_73' title="bbox 374 4277 1868 4349">
    <p class='ocr_par' dir='ltr' id='par_1_73' title="bbox 374 4277 1868 4349">
     <span class='ocr_line' id='line_1_73' title="bbox 374 4277 1868 4349; baseline -0.003 -16"><span class='ocrx_word' id='word_1_539' title='bbox 374 4301 393 4333; x_wconf 82' lang='grc'><strong><em>‹</em></strong></span> <span class='ocrx_word' id='word_1_540' title='bbox 429 4280 750 4349; x_wconf 73' lang='grc' dir='ltr'>Εὐχαριστῶ</span> <span class='ocrx_word' id='word_1_541' title='bbox 779 4279 855 4348; x_wconf 83' lang='grc' dir='ltr'><strong>τῷ</strong></span> <span class='ocrx_word' id='word_1_542' title='bbox 884 4278 1024 4348; x_wconf 80' lang='grc' dir='ltr'>Θεῷ,</span> <span class='ocrx_word' id='word_1_543' title='bbox 1071 4279 1153 4331; x_wconf 85' lang='grc' dir='ltr'>ὅτι</span> <span class='ocrx_word' id='word_1_544' title='bbox 1178 4279 1366 4330; x_wconf 78' lang='grc' dir='ltr'>οὐδένα</span> <span class='ocrx_word' id='word_1_545' title='bbox 1400 4277 1552 4346; x_wconf 79' lang='grc' dir='ltr'>ὑμῶν</span> <span class='ocrx_word' id='word_1_546' title='bbox 1574 4277 1868 4341; x_wconf 78' lang='grc' dir='ltr'>ἐὸἀπτισα,</span> 
     </span>
    </p>
   </div>
   <div class='ocr_carea' id='block_1_74' title="bbox 293 4371 1869 4444">
    <p class='ocr_par' dir='ltr' id='par_1_74' title="bbox 293 4371 1869 4444">
     <span class='ocr_line' id='line_1_74' title="bbox 293 4371 1869 4444; baseline -0.004 -17"><span class='ocrx_word' id='word_1_547' title='bbox 293 4377 342 4428; x_wconf 84' lang='grc' dir='ltr'><strong>εί</strong></span> <span class='ocrx_word' id='word_1_548' title='bbox 375 4377 449 4444; x_wconf 80' lang='grc' dir='ltr'>μὴ</span> <span class='ocrx_word' id='word_1_549' title='bbox 477 4375 724 4442; x_wconf 78' lang='grc' dir='ltr'>Κρίσπον</span> <span class='ocrx_word' id='word_1_550' title='bbox 748 4375 842 4425; x_wconf 69' lang='grc' dir='ltr'>καὶ</span> <span class='ocrx_word' id='word_1_551' title='bbox 867 4372 1044 4424; x_wconf 83' lang='grc' dir='ltr'>Γάῖον.</span> <span class='ocrx_word' id='word_1_552' title='bbox 1079 4391 1098 4423; x_wconf 83' lang='grc'><strong>›</strong></span> <span class='ocrx_word' id='word_1_553' title='bbox 1131 4372 1194 4422; x_wconf 87' lang='grc' dir='ltr'>Τί</span> <span class='ocrx_word' id='word_1_554' title='bbox 1221 4371 1361 4440; x_wconf 86' lang='grc' dir='ltr'>μέγα</span> <span class='ocrx_word' id='word_1_555' title='bbox 1389 4373 1656 4439; x_wconf 84' lang='grc' dir='ltr'>φρονεῖτε,</span> <span class='ocrx_word' id='word_1_556' title='bbox 1685 4373 1869 4440; x_wconf 70' lang='grc' dir='ltr'>φησιν,</span> 
     </span>
    </p>
   </div>
   <div class='ocr_carea' id='block_1_75' title="bbox 293 4462 1864 4533">
    <p class='ocr_par' dir='ltr' id='par_1_75' title="bbox 293 4462 1864 4533">
     <span class='ocr_line' id='line_1_75' title="bbox 293 4462 1864 4533; baseline -0.004 -16"><span class='ocrx_word' id='word_1_557' title='bbox 293 4467 387 4517; x_wconf 76' lang='grc' dir='ltr'>ἐπὶ</span> <span class='ocrx_word' id='word_1_558' title='bbox 417 4465 494 4533; x_wconf 85' lang='grc' dir='ltr'>τῷ</span> <span class='ocrx_word' id='word_1_559' title='bbox 531 4464 814 4532; x_wconf 79' lang='grc' dir='ltr'>βαπτίσαι,</span> <span class='ocrx_word' id='word_1_560' title='bbox 843 4464 976 4515; x_wconf 85' lang='grc' dir='ltr'>ὅπου</span> <span class='ocrx_word' id='word_1_561' title='bbox 1014 4479 1078 4529; x_wconf 79' lang='grc' dir='ltr'><strong>γε</strong></span> <span class='ocrx_word' id='word_1_562' title='bbox 1128 4462 1240 4529; x_wconf 84' lang='grc' dir='ltr'>ἐγὼ</span> <span class='ocrx_word' id='word_1_563' title='bbox 1273 4462 1586 4532; x_wconf 82' lang='grc' dir='ltr'>εὐχαριστῶ</span> <span class='ocrx_word' id='word_1_564' title='bbox 1639 4463 1864 4530; x_wconf 73' lang='grc' dir='ltr'>μᾶλλον,</span> 
     </span>
    </p>
   </div>
   <div class='ocr_carea' id='block_1_76' title="bbox 1988 3273 3561 3338">
    <p class='ocr_par' dir='ltr' id='par_1_76' title="bbox 1988 3273 3561 3338">
     <span class='ocr_line' id='line_1_76' title="bbox 1988 3273 3561 3338; baseline -0.004 -7"><span class='ocrx_word' id='word_1_565' title='bbox 1988 3278 2123 3331; x_wconf 79' lang='lat' dir='ltr'><strong>dixit</strong></span> <span class='ocrx_word' id='word_1_566' title='bbox 2167 3297 2180 3331; x_wconf 88' lang='lat'><strong>:</strong></span> <span class='ocrx_word' id='word_1_567' title='bbox 2222 3277 2358 3331; x_wconf 85' lang='lat' dir='ltr'><strong>Num</strong></span> <span class='ocrx_word' id='word_1_568' title='bbox 2406 3278 2603 3330; x_wconf 83' lang='lat' dir='ltr'><strong>Paulus</strong></span> <span class='ocrx_word' id='word_1_569' title='bbox 2656 3288 2899 3330; x_wconf 88' lang='lat' dir='ltr'><strong>mortuus</strong></span> <span class='ocrx_word' id='word_1_570' title='bbox 2948 3276 3066 3330; x_wconf 80' lang='lat' dir='ltr'><strong>est?</strong></span> <span class='ocrx_word' id='word_1_571' title='bbox 3120 3277 3232 3338; x_wconf 88' lang='lat' dir='ltr'><strong>sed,</strong></span> <span class='ocrx_word' id='word_1_572' title='bbox 3296 3292 3316 3326; x_wconf 84' lang='grc'><em>‹</em></span> <span class='ocrx_word' id='word_1_573' title='bbox 3370 3273 3561 3328; x_wconf 88' lang='lat' dir='ltr'><strong>Cruci-</strong></span> 
     </span>
    </p>
   </div>
   <div class='ocr_carea' id='block_1_77' title="bbox 1987 3370 3276 3441">
    <p class='ocr_par' dir='ltr' id='par_1_77' title="bbox 1987 3370 3276 3441">
     <span class='ocr_line' id='line_1_77' title="bbox 1987 3370 3276 3441; baseline -0.002 -16"><span class='ocrx_word' id='word_1_574' title='bbox 1987 3371 2170 3426; x_wconf 82' lang='lat' dir='ltr'><strong>ﬁxus?</strong></span> <span class='ocrx_word' id='word_1_575' title='bbox 2200 3372 2387 3426; x_wconf 90' lang='lat' dir='ltr'><strong>mortis</strong></span> <span class='ocrx_word' id='word_1_576' title='bbox 2412 3373 2528 3440; x_wconf 79' lang='lat' dir='ltr'><strong>ejus</strong></span> <span class='ocrx_word' id='word_1_577' title='bbox 2563 3373 2798 3441; x_wconf 87' lang='lat' dir='ltr'><strong>speciem</strong></span> <span class='ocrx_word' id='word_1_578' title='bbox 2831 3370 2988 3424; x_wconf 90' lang='lat' dir='ltr'><strong>simul</strong></span> <span class='ocrx_word' id='word_1_579' title='bbox 3014 3370 3276 3424; x_wconf 87' lang='lat' dir='ltr'><strong>indicans.</strong></span> 
     </span>
    </p>
   </div>
   <div class='ocr_carea' id='block_1_78' title="bbox 2059 3548 3557 3620">
    <p class='ocr_par' dir='ltr' id='par_1_78' title="bbox 2059 3548 3557 3620">
     <span class='ocr_line' id='line_1_78' title="bbox 2059 3548 3557 3620; baseline -0.001 -16"><span class='ocrx_word' id='word_1_580' title='bbox 2059 3571 2078 3604; x_wconf 70' lang='grc' dir='ltr'><strong>ε</strong></span> <span class='ocrx_word' id='word_1_581' title='bbox 2121 3555 2227 3606; x_wconf 83' lang='lat' dir='ltr'><strong>Ant</strong></span> <span class='ocrx_word' id='word_1_582' title='bbox 2249 3553 2298 3606; x_wconf 91' lang='lat' dir='ltr'><strong>in</strong></span> <span class='ocrx_word' id='word_1_583' title='bbox 2320 3553 2536 3606; x_wconf 90' lang='lat' dir='ltr'><strong>nomine</strong></span> <span class='ocrx_word' id='word_1_584' title='bbox 2562 3551 2711 3605; x_wconf 81' lang='lat' dir='ltr'><strong>Pauli</strong></span> <span class='ocrx_word' id='word_1_585' title='bbox 2737 3551 2988 3620; x_wconf 79' lang='lat' dir='ltr'><strong>baptizati</strong></span> <span class='ocrx_word' id='word_1_586' title='bbox 3015 3551 3144 3605; x_wconf 87' lang='lat' dir='ltr'><strong>estis</strong></span> <span class='ocrx_word' id='word_1_587' title='bbox 3168 3551 3190 3603; x_wconf 90' lang='lat'><strong>?</strong></span> <span class='ocrx_word' id='word_1_588' title='bbox 3219 3569 3235 3601; x_wconf 73' lang='grc' dir='ltr'><strong>ι</strong></span> <span class='ocrx_word' id='word_1_589' title='bbox 3257 3548 3557 3616; x_wconf 83' lang='lat' dir='ltr'><strong>Baptizavi,</strong></span> 
     </span>
    </p>
   </div>
   <div class='ocr_carea' id='block_1_79' title="bbox 1987 3643 3551 3712">
    <p class='ocr_par' dir='ltr' id='par_1_79' title="bbox 1987 3643 3551 3712">
     <span class='ocr_line' id='line_1_79' title="bbox 1987 3643 3551 3712; baseline 0 -16"><span class='ocrx_word' id='word_1_590' title='bbox 1987 3645 2182 3712; x_wconf 85' lang='lat' dir='ltr'><strong>inquit,</strong></span> <span class='ocrx_word' id='word_1_591' title='bbox 2215 3654 2268 3697; x_wconf 87' lang='lat' dir='ltr'><strong>et</strong></span> <span class='ocrx_word' id='word_1_592' title='bbox 2290 3658 2391 3712; x_wconf 78' lang='lat' dir='ltr'><strong>ego</strong></span> <span class='ocrx_word' id='word_1_593' title='bbox 2420 3658 2526 3696; x_wconf 91' lang='lat' dir='ltr'><strong>non</strong></span> <span class='ocrx_word' id='word_1_594' title='bbox 2559 3659 2782 3712; x_wconf 77' lang='lat' dir='ltr'><strong>paucos,</strong></span> <span class='ocrx_word' id='word_1_595' title='bbox 2838 3645 2931 3698; x_wconf 89' lang='lat' dir='ltr'><strong>sed</strong></span> <span class='ocrx_word' id='word_1_596' title='bbox 2971 3645 3019 3697; x_wconf 92' lang='lat' dir='ltr'><strong>in</strong></span> <span class='ocrx_word' id='word_1_597' title='bbox 3067 3643 3271 3696; x_wconf 87' lang='lat' dir='ltr'><strong>Christi</strong></span> <span class='ocrx_word' id='word_1_598' title='bbox 3311 3643 3551 3697; x_wconf 88' lang='lat' dir='ltr'><strong>nomine.</strong></span> 
     </span>
    </p>
   </div>
   <div class='ocr_carea' id='block_1_80' title="bbox 1985 3735 3556 3803">
    <p class='ocr_par' dir='ltr' id='par_1_80' title="bbox 1985 3735 3556 3803">
     <span class='ocr_line' id='line_1_80' title="bbox 1985 3735 3556 3803; baseline -0.001 -14"><span class='ocrx_word' id='word_1_599' title='bbox 1985 3738 2038 3789; x_wconf 90' lang='lat' dir='ltr'><strong>Id</strong></span> <span class='ocrx_word' id='word_1_600' title='bbox 2084 3751 2209 3789; x_wconf 71' lang='lat' dir='ltr'><strong>vero</strong></span> <span class='ocrx_word' id='word_1_601' title='bbox 2244 3737 2337 3801; x_wconf 84' lang='lat' dir='ltr'><strong>ait,</strong></span> <span class='ocrx_word' id='word_1_602' title='bbox 2397 3736 2829 3803; x_wconf 83' lang='lat' dir='ltr'><strong>quandoquidem</strong></span> <span class='ocrx_word' id='word_1_603' title='bbox 2883 3746 2939 3790; x_wconf 88' lang='lat' dir='ltr'><strong>et</strong></span> <span class='ocrx_word' id='word_1_604' title='bbox 2980 3751 3040 3789; x_wconf 87' lang='lat' dir='ltr'><strong>ea</strong></span> <span class='ocrx_word' id='word_1_605' title='bbox 3085 3735 3404 3790; x_wconf 86' lang='lat' dir='ltr'><strong>schismatis</strong></span> <span class='ocrx_word' id='word_1_606' title='bbox 3435 3745 3556 3789; x_wconf 86' lang='lat' dir='ltr'><strong>erat</strong></span> 
     </span>
    </p>
   </div>
   <div class='ocr_carea' id='block_1_81' title="bbox 1984 3827 3552 3895">
    <p class='ocr_par' dir='ltr' id='par_1_81' title="bbox 1984 3827 3552 3895">
     <span class='ocr_line' id='line_1_81' title="bbox 1984 3827 3552 3895; baseline -0.001 -15"><span class='ocrx_word' id='word_1_607' title='bbox 1984 3842 2170 3889; x_wconf 82' lang='lat' dir='ltr'><strong>causa,</strong></span> <span class='ocrx_word' id='word_1_608' title='bbox 2203 3841 2392 3891; x_wconf 86' lang='lat' dir='ltr'><strong>nempe</strong></span> <span class='ocrx_word' id='word_1_609' title='bbox 2418 3827 2557 3893; x_wconf 92' lang='lat' dir='ltr'><strong>quod</strong></span> <span class='ocrx_word' id='word_1_610' title='bbox 2587 3842 2613 3878; x_wconf 89' lang='lat' dir='ltr'><strong>a</strong></span> <span class='ocrx_word' id='word_1_611' title='bbox 2651 3827 3050 3895; x_wconf 84' lang='lat' dir='ltr'><strong>baptizantibus</strong></span> <span class='ocrx_word' id='word_1_612' title='bbox 3083 3828 3552 3880; x_wconf 81' lang='lat' dir='ltr'><strong>nomenclaturatn</strong></span> 
     </span>
    </p>
   </div>
   <div class='ocr_carea' id='block_1_82' title="bbox 1983 3917 3552 3984">
    <p class='ocr_par' dir='ltr' id='par_1_82' title="bbox 1983 3917 3552 3984">
     <span class='ocr_line' id='line_1_82' title="bbox 1983 3917 3552 3984; baseline -0.001 -15"><span class='ocrx_word' id='word_1_613' title='bbox 1983 3918 2084 3970; x_wconf 90' lang='lat' dir='ltr'><strong>sibi</strong></span> <span class='ocrx_word' id='word_1_614' title='bbox 2109 3917 2458 3984; x_wconf 84' lang='lat' dir='ltr'><strong>usurpabant.</strong></span> <span class='ocrx_word' id='word_1_615' title='bbox 2489 3917 2651 3983; x_wconf 78' lang='lat' dir='ltr'><strong>Atqui</strong></span> <span class='ocrx_word' id='word_1_616' title='bbox 2686 3931 2790 3969; x_wconf 92' lang='lat' dir='ltr'><strong>non</strong></span> <span class='ocrx_word' id='word_1_617' title='bbox 2839 3918 2938 3969; x_wconf 91' lang='lat' dir='ltr'><strong>hoc</strong></span> <span class='ocrx_word' id='word_1_618' title='bbox 2984 3919 3268 3984; x_wconf 62' lang='lat' dir='ltr'><strong>quaeritur,</strong></span> <span class='ocrx_word' id='word_1_619' title='bbox 3301 3917 3552 3984; x_wconf 87' lang='lat' dir='ltr'><strong>quisnam</strong></span> 
     </span>
    </p>
   </div>
   <div class='ocr_carea' id='block_1_83' title="bbox 1984 4007 3554 4074">
    <p class='ocr_par' dir='ltr' id='par_1_83' title="bbox 1984 4007 3554 4074">
     <span class='ocr_line' id='line_1_83' title="bbox 1984 4007 3554 4074; baseline 0.001 -15"><span class='ocrx_word' id='word_1_620' title='bbox 1984 4008 2146 4060; x_wconf 85' lang='lat' dir='ltr'><strong>fuerit</strong></span> <span class='ocrx_word' id='word_1_621' title='bbox 2195 4007 2283 4063; x_wconf 81' lang='lat' dir='ltr'><strong>nui</strong></span> <span class='ocrx_word' id='word_1_622' title='bbox 2327 4007 2650 4072; x_wconf 87' lang='lat' dir='ltr'><strong>baptismate</strong></span> <span class='ocrx_word' id='word_1_623' title='bbox 2713 4007 2955 4067; x_wconf 84' lang='lat' dir='ltr'><strong>tinxerit,</strong></span> <span class='ocrx_word' id='word_1_624' title='bbox 3007 4017 3260 4060; x_wconf 65' lang='lat' dir='ltr'><strong>caeterum</strong></span> <span class='ocrx_word' id='word_1_625' title='bbox 3318 4009 3369 4060; x_wconf 91' lang='lat' dir='ltr'><strong>in</strong></span> <span class='ocrx_word' id='word_1_626' title='bbox 3403 4007 3554 4074; x_wconf 86' lang='lat' dir='ltr'><strong>cujus</strong></span> 
     </span>
    </p>
   </div>
   <div class='ocr_carea' id='block_1_84' title="bbox 1983 4100 3552 4170">
    <p class='ocr_par' dir='ltr' id='par_1_84' title="bbox 1983 4100 3552 4170">
     <span class='ocr_line' id='line_1_84' title="bbox 1983 4100 3552 4170; baseline 0.002 -20"><span class='ocrx_word' id='word_1_627' title='bbox 1983 4101 2201 4153; x_wconf 86' lang='lat' dir='ltr'><strong>nomine</strong></span> <span class='ocrx_word' id='word_1_628' title='bbox 2223 4101 2478 4167; x_wconf 79' lang='lat' dir='ltr'><strong>baptizet.</strong></span> <span class='ocrx_word' id='word_1_629' title='bbox 2511 4101 2556 4154; x_wconf 88' lang='lat' dir='ltr'><strong>Is</strong></span> <span class='ocrx_word' id='word_1_630' title='bbox 2589 4101 2732 4152; x_wconf 84' lang='lat' dir='ltr'><strong>enim</strong></span> <span class='ocrx_word' id='word_1_631' title='bbox 2775 4111 2994 4168; x_wconf 88' lang='lat' dir='ltr'><strong>peccata</strong></span> <span class='ocrx_word' id='word_1_632' title='bbox 3039 4102 3288 4164; x_wconf 81' lang='lat' dir='ltr'><strong>remittit,</strong></span> <span class='ocrx_word' id='word_1_633' title='bbox 3322 4115 3429 4154; x_wconf 90' lang='lat' dir='ltr'><strong>non</strong></span> <span class='ocrx_word' id='word_1_634' title='bbox 3462 4100 3552 4170; x_wconf 90' lang='lat' dir='ltr'><strong>qui</strong></span> 
     </span>
    </p>
   </div>
   <div class='ocr_carea' id='block_1_85' title="bbox 1982 4194 2242 4260">
    <p class='ocr_par' dir='ltr' id='par_1_85' title="bbox 1982 4194 2242 4260">
     <span class='ocr_line' id='line_1_85' title="bbox 1982 4194 2242 4260; baseline -0.015 -12"><span class='ocrx_word' id='word_1_635' title='bbox 1982 4194 2242 4260; x_wconf 67' lang='lat' dir='ltr'><strong>bapdzaL</strong></span> 
     </span>
    </p>
   </div>
   <div class='ocr_carea' id='block_1_86' title="bbox 2055 4285 3548 4354">
    <p class='ocr_par' dir='ltr' id='par_1_86' title="bbox 2055 4285 3548 4354">
     <span class='ocr_line' id='line_1_86' title="bbox 2055 4285 3548 4354; baseline 0.002 -17"><span class='ocrx_word' id='word_1_636' title='bbox 2055 4285 2214 4347; x_wconf 65' lang='lat' dir='ltr'><strong>Vens.</strong></span> <span class='ocrx_word' id='word_1_637' title='bbox 2248 4286 2331 4339; x_wconf 74' lang='lat' dir='ltr'><strong>H.</strong></span> <span class='ocrx_word' id='word_1_638' title='bbox 2402 4305 2418 4335; x_wconf 75' lang='grc' dir='ltr'>α</span> <span class='ocrx_word' id='word_1_639' title='bbox 2457 4285 2673 4338; x_wconf 65' lang='lat' dir='ltr'><strong>Gratias</strong></span> <span class='ocrx_word' id='word_1_640' title='bbox 2732 4300 2832 4351; x_wconf 73' lang='lat' dir='ltr'><strong>ago</strong></span> <span class='ocrx_word' id='word_1_641' title='bbox 2892 4287 3022 4349; x_wconf 88' lang='lat' dir='ltr'><strong>Deo,</strong></span> <span class='ocrx_word' id='word_1_642' title='bbox 3080 4287 3224 4354; x_wconf 83' lang='lat' dir='ltr'><strong>quod</strong></span> <span class='ocrx_word' id='word_1_643' title='bbox 3275 4287 3548 4340; x_wconf 88' lang='lat' dir='ltr'><strong>neminem</strong></span> 
     </span>
    </p>
   </div>
   <div class='ocr_carea' id='block_1_87' title="bbox 1979 4376 3542 4443">
    <p class='ocr_par' dir='ltr' id='par_1_87' title="bbox 1979 4376 3542 4443">
     <span class='ocr_line' id='line_1_87' title="bbox 1979 4376 3542 4443; baseline 0.002 -17"><span class='ocrx_word' id='word_1_644' title='bbox 1979 4387 2218 4428; x_wconf 87' lang='lat' dir='ltr'><strong>vestrum</strong></span> <span class='ocrx_word' id='word_1_645' title='bbox 2262 4377 2671 4442; x_wconf 68' lang='lat' dir='ltr'><strong>baptizaveritn,</strong></span> <span class='ocrx_word' id='word_1_646' title='bbox 2710 4378 2810 4430; x_wconf 91' lang='lat' dir='ltr'><strong>nisi</strong></span> <span class='ocrx_word' id='word_1_647' title='bbox 2870 4376 3122 4443; x_wconf 82' lang='lat' dir='ltr'><strong>Crispum</strong></span> <span class='ocrx_word' id='word_1_648' title='bbox 3153 4386 3206 4430; x_wconf 88' lang='lat' dir='ltr'><strong>et</strong></span> <span class='ocrx_word' id='word_1_649' title='bbox 3253 4377 3466 4431; x_wconf 81' lang='lat' dir='ltr'><strong>Gaium.</strong></span> <span class='ocrx_word' id='word_1_650' title='bbox 3526 4397 3542 4429; x_wconf 77' lang='grc' dir='ltr'><strong>ι</strong></span> 
     </span>
    </p>
   </div>
   <div class='ocr_carea' id='block_1_88' title="bbox 1979 4469 3541 4536">
    <p class='ocr_par' dir='ltr' id='par_1_88' title="bbox 1979 4469 3541 4536">
     <span class='ocr_line' id='line_1_88' title="bbox 1979 4469 3541 4536; baseline 0.002 -16"><span class='ocrx_word' id='word_1_651' title='bbox 1979 4469 2136 4532; x_wconf 86' lang='lat' dir='ltr'><strong>Quid,</strong></span> <span class='ocrx_word' id='word_1_652' title='bbox 2172 4470 2364 4534; x_wconf 88' lang='lat' dir='ltr'><strong>inquit,</strong></span> <span class='ocrx_word' id='word_1_653' title='bbox 2408 4469 2765 4533; x_wconf 83' lang='lat' dir='ltr'><strong>baptizatoris</strong></span> <span class='ocrx_word' id='word_1_654' title='bbox 2803 4471 3020 4522; x_wconf 89' lang='lat' dir='ltr'><strong>nomine</strong></span> <span class='ocrx_word' id='word_1_655' title='bbox 3074 4472 3210 4524; x_wconf 85' lang='lat' dir='ltr'><strong>adeo</strong></span> <span class='ocrx_word' id='word_1_656' title='bbox 3232 4471 3541 4536; x_wconf 85' lang='lat' dir='ltr'><strong>superbitis,</strong></span> 
     </span>
    </p>
   </div>
   <div class='ocr_carea' id='block_1_89' title="bbox 292 4552 1984 4628">
    <p class='ocr_par' dir='ltr' id='par_1_89' title="bbox 292 4552 1984 4623">
     <span class='ocr_line' id='line_1_89' title="bbox 292 4552 1984 4623; baseline -0.002 -17"><span class='ocrx_word' id='word_1_657' title='bbox 292 4557 374 4606; x_wconf 82' lang='grc' dir='ltr'>ὃτι</span> <span class='ocrx_word' id='word_1_658' title='bbox 408 4555 566 4606; x_wconf 88' lang='grc' dir='ltr'>τοῦτο</span> <span class='ocrx_word' id='word_1_659' title='bbox 590 4556 689 4605; x_wconf 77' lang='grc' dir='ltr'><strong>οῦκ</strong></span> <span class='ocrx_word' id='word_1_660' title='bbox 731 4555 998 4623; x_wconf 89' lang='grc' dir='ltr'>ἐποίησα;</span> <span class='ocrx_word' id='word_1_661' title='bbox 1035 4553 1219 4605; x_wconf 88' lang='grc' dir='ltr'>Ταῦτα</span> <span class='ocrx_word' id='word_1_662' title='bbox 1257 4552 1312 4604; x_wconf 84' lang='grc' dir='ltr'>δὲ</span> <span class='ocrx_word' id='word_1_663' title='bbox 1337 4554 1504 4618; x_wconf 86' lang='grc' dir='ltr'>λέγει,</span> <span class='ocrx_word' id='word_1_664' title='bbox 1544 4553 1603 4604; x_wconf 79' lang='grc' dir='ltr'><strong>οῦ</strong></span> <span class='ocrx_word' id='word_1_665' title='bbox 1640 4554 1738 4620; x_wconf 84' lang='grc' dir='ltr'>τὴν</span> <span class='ocrx_word' id='word_1_666' title='bbox 1774 4552 1866 4604; x_wconf 91' lang='grc' dir='ltr'><strong>τοῦ</strong></span> <span class='ocrx_word' id='word_1_667' title='bbox 1903 4565 1942 4618; x_wconf 85' lang='grc' dir='ltr'>ι)</span> <span class='ocrx_word' id='word_1_668' title='bbox 1972 4575 1984 4612; x_wconf 65' lang='lat'><strong>4</strong></span> 
     </span>
    </p>
   </div>
   <div class='ocr_carea' id='block_1_90' title="bbox 1857 4552 3549 4628">
    <p class='ocr_par' dir='ltr' id='par_1_90' title="bbox 1857 4556 3549 4628">
     <span class='ocr_line' id='line_1_90' title="bbox 1857 4556 3549 4628; baseline 0.001 -17"><span class='ocrx_word' id='word_1_669' title='bbox 1857 4556 1866 4603; x_wconf 66' lang='grc' dir='ltr'><strong>ι</strong></span> <span class='ocrx_word' id='word_1_670' title='bbox 1903 4565 1942 4618; x_wconf 85' lang='grc' dir='ltr'>ι)</span> <span class='ocrx_word' id='word_1_671' title='bbox 1972 4574 2095 4612; x_wconf 88' lang='lat' dir='ltr'><strong>cum</strong></span> <span class='ocrx_word' id='word_1_672' title='bbox 2132 4573 2229 4627; x_wconf 75' lang='lat' dir='ltr'><strong>ego</strong></span> <span class='ocrx_word' id='word_1_673' title='bbox 2271 4559 2448 4624; x_wconf 78' lang='lat' dir='ltr'><strong>potius</strong></span> <span class='ocrx_word' id='word_1_674' title='bbox 2487 4574 2692 4622; x_wconf 70' lang='lat' dir='ltr'><strong>gratias</strong></span> <span class='ocrx_word' id='word_1_675' title='bbox 2743 4575 2920 4628; x_wconf 84' lang='lat' dir='ltr'><strong>agam,</strong></span> <span class='ocrx_word' id='word_1_676' title='bbox 2975 4561 3116 4626; x_wconf 88' lang='lat' dir='ltr'><strong>quod</strong></span> <span class='ocrx_word' id='word_1_677' title='bbox 3157 4562 3296 4614; x_wconf 88' lang='lat' dir='ltr'><strong>istud</strong></span> <span class='ocrx_word' id='word_1_678' title='bbox 3346 4576 3549 4628; x_wconf 82' lang='lat' dir='ltr'><strong>nequa-</strong></span> 
     </span>
    </p>
   </div>
   <div class='ocr_carea' id='block_1_91' title="bbox 294 4644 1866 4716">
    <p class='ocr_par' dir='ltr' id='par_1_91' title="bbox 294 4644 1866 4716">
     <span class='ocr_line' id='line_1_91' title="bbox 294 4644 1866 4716; baseline -0.004 -16"><span class='ocrx_word' id='word_1_679' title='bbox 294 4648 672 4716; x_wconf 81' lang='grc' dir='ltr'>βαπτίσματος</span> <span class='ocrx_word' id='word_1_680' title='bbox 711 4647 944 4712; x_wconf 77' lang='grc' dir='ltr'>δύναμιν</span> <span class='ocrx_word' id='word_1_681' title='bbox 970 4644 1274 4715; x_wconf 82' lang='grc' dir='ltr'>καθαιρῶν,</span> <span class='ocrx_word' id='word_1_682' title='bbox 1301 4645 1435 4696; x_wconf 74' lang='grc' dir='ltr'>ἀλλὰ</span> <span class='ocrx_word' id='word_1_683' title='bbox 1485 4646 1584 4712; x_wconf 84' lang='grc' dir='ltr'>τὴν</span> <span class='ocrx_word' id='word_1_684' title='bbox 1641 4645 1866 4696; x_wconf 85' lang='grc' dir='ltr'>ἐκείνων</span> 
     </span>
    </p>
   </div>
   <div class='ocr_carea' id='block_1_92' title="bbox 291 4732 1868 4806">
    <p class='ocr_par' dir='ltr' id='par_1_92' title="bbox 291 4732 1868 4806">
     <span class='ocr_line' id='line_1_92' title="bbox 291 4732 1868 4806; baseline -0.004 -13"><span class='ocrx_word' id='word_1_685' title='bbox 291 4740 634 4803; x_wconf 75' lang='grc' dir='ltr'>ἀλαζονείαν,</span> <span class='ocrx_word' id='word_1_686' title='bbox 659 4739 724 4806; x_wconf 76' lang='grc' dir='ltr'>ἢν</span> <span class='ocrx_word' id='word_1_687' title='bbox 747 4732 892 4805; x_wconf 71' lang='grc' dir='ltr'>εἶχον</span> <span class='ocrx_word' id='word_1_688' title='bbox 922 4739 1014 4790; x_wconf 71' lang='grc' dir='ltr'>ἐπὶ</span> <span class='ocrx_word' id='word_1_689' title='bbox 1029 4736 1222 4806; x_wconf 89' lang='grc' dir='ltr'>τούτῳ.</span> <span class='ocrx_word' id='word_1_690' title='bbox 1244 4737 1317 4788; x_wconf 82' lang='grc' dir='ltr'>Τὸ</span> <span class='ocrx_word' id='word_1_691' title='bbox 1345 4736 1441 4806; x_wconf 80' lang='grc' dir='ltr'>μὲν</span> <span class='ocrx_word' id='word_1_692' title='bbox 1461 4738 1567 4804; x_wconf 80' lang='grc' dir='ltr'>γὰρ</span> <span class='ocrx_word' id='word_1_693' title='bbox 1585 4738 1868 4806; x_wconf 67' lang='grc' dir='ltr'>βάπτισμα</span> 
     </span>
    </p>
   </div>
   <div class='ocr_carea' id='block_1_93' title="bbox 293 4829 1242 4900">
    <p class='ocr_par' dir='ltr' id='par_1_93' title="bbox 293 4829 1242 4900">
     <span class='ocr_line' id='line_1_93' title="bbox 293 4829 1242 4900; baseline 0 -18"><span class='ocrx_word' id='word_1_694' title='bbox 293 4832 460 4900; x_wconf 81' lang='grc' dir='ltr'>μέγα,</span> <span class='ocrx_word' id='word_1_695' title='bbox 495 4830 554 4882; x_wconf 79' lang='grc' dir='ltr'>τὸ</span> <span class='ocrx_word' id='word_1_696' title='bbox 581 4831 636 4881; x_wconf 87' lang='grc' dir='ltr'>δὲ</span> <span class='ocrx_word' id='word_1_697' title='bbox 668 4829 951 4898; x_wconf 77' lang='grc' dir='ltr'>βαπτίζειν</span> <span class='ocrx_word' id='word_1_698' title='bbox 975 4830 1035 4880; x_wconf 80' lang='grc' dir='ltr'>οὐ</span> <span class='ocrx_word' id='word_1_699' title='bbox 1077 4829 1242 4898; x_wconf 82' lang='grc' dir='ltr'>μέγα.</span> 
     </span>
    </p>
   </div>
   <div class='ocr_carea' id='block_1_94' title="bbox 370 5093 1862 5164">
    <p class='ocr_par' dir='ltr' id='par_1_94' title="bbox 370 5093 1862 5164">
     <span class='ocr_line' id='line_1_94' title="bbox 370 5093 1862 5164; baseline 0.003 -20"><span class='ocrx_word' id='word_1_700' title='bbox 370 5113 389 5144; x_wconf 84' lang='grc'><em>‹</em></span> <span class='ocrx_word' id='word_1_701' title='bbox 433 5095 546 5145; x_wconf 84' lang='grc' dir='ltr'>Ἵνα</span> <span class='ocrx_word' id='word_1_702' title='bbox 601 5094 673 5162; x_wconf 84' lang='grc' dir='ltr'>μή</span> <span class='ocrx_word' id='word_1_703' title='bbox 703 5109 788 5154; x_wconf 74' lang='grc' dir='ltr'><strong>τις</strong></span> <span class='ocrx_word' id='word_1_704' title='bbox 817 5093 966 5164; x_wconf 84' lang='grc' dir='ltr'>εῐπῃ,</span> <span class='ocrx_word' id='word_1_705' title='bbox 1005 5093 1087 5146; x_wconf 82' lang='grc' dir='ltr'>ὅτι</span> <span class='ocrx_word' id='word_1_706' title='bbox 1123 5093 1202 5155; x_wconf 86' lang='grc' dir='ltr'><strong>είς</strong></span> <span class='ocrx_word' id='word_1_707' title='bbox 1232 5093 1292 5146; x_wconf 77' lang='grc' dir='ltr'>τὸ</span> <span class='ocrx_word' id='word_1_708' title='bbox 1327 5093 1459 5162; x_wconf 72' lang='grc' dir='ltr'>ἐμὸν</span> <span class='ocrx_word' id='word_1_709' title='bbox 1505 5095 1678 5163; x_wconf 74' lang='grc' dir='ltr'>δνομα</span> <span class='ocrx_word' id='word_1_710' title='bbox 1735 5097 1862 5149; x_wconf 64' lang='lat'><strong>£65:-</strong></span> 
     </span>
    </p>
   </div>
   <div class='ocr_carea' id='block_1_95' title="bbox 294 5184 1861 5253">
    <p class='ocr_par' dir='ltr' id='par_1_95' title="bbox 294 5184 1861 5253">
     <span class='ocr_line' id='line_1_95' title="bbox 294 5184 1861 5253; baseline 0.003 -17"><span class='ocrx_word' id='word_1_711' title='bbox 294 5202 482 5238; x_wconf 85' lang='grc' dir='ltr'>πτισα.</span> <span class='ocrx_word' id='word_1_712' title='bbox 526 5202 543 5234; x_wconf 72' lang='grc' dir='ltr'><strong>ι</strong></span> <span class='ocrx_word' id='word_1_713' title='bbox 578 5185 686 5252; x_wconf 78' lang='grc' dir='ltr'><strong>Οὐχ</strong></span> <span class='ocrx_word' id='word_1_714' title='bbox 718 5185 799 5236; x_wconf 77' lang='grc' dir='ltr'>ὅτι</span> <span class='ocrx_word' id='word_1_715' title='bbox 843 5186 969 5253; x_wconf 75' lang='grc' dir='ltr'>περὶ</span> <span class='ocrx_word' id='word_1_716' title='bbox 1022 5184 1245 5236; x_wconf 86' lang='grc' dir='ltr'>ἐκείνων</span> <span class='ocrx_word' id='word_1_717' title='bbox 1271 5186 1426 5238; x_wconf 85' lang='grc' dir='ltr'>τοῦτο</span> <span class='ocrx_word' id='word_1_718' title='bbox 1454 5187 1660 5253; x_wconf 75' lang='grc' dir='ltr'>ἔλεγον,</span> <span class='ocrx_word' id='word_1_719' title='bbox 1703 5189 1861 5253; x_wconf 72' lang='grc' dir='ltr'>ἀλλὰ,</span> 
     </span>
    </p>
   </div>
   <div class='ocr_carea' id='block_1_96' title="bbox 294 5274 1868 5353">
    <p class='ocr_par' dir='ltr' id='par_1_96' title="bbox 294 5274 1868 5353">
     <span class='ocr_line' id='line_1_96' title="bbox 294 5274 1868 5353; baseline 0.003 -25"><span class='ocrx_word' id='word_1_720' title='bbox 294 5277 542 5337; x_wconf 79' lang='grc' dir='ltr'>Δέδοικα,</span> <span class='ocrx_word' id='word_1_721' title='bbox 579 5276 734 5344; x_wconf 73' lang='grc' dir='ltr'>φησὶ,</span> <span class='ocrx_word' id='word_1_722' title='bbox 777 5276 850 5344; x_wconf 76' lang='grc' dir='ltr'>μὴ</span> <span class='ocrx_word' id='word_1_723' title='bbox 875 5276 953 5337; x_wconf 82' lang='grc' dir='ltr'><strong>είς</strong></span> <span class='ocrx_word' id='word_1_724' title='bbox 976 5274 1135 5328; x_wconf 86' lang='grc' dir='ltr'>τοῦτο</span> <span class='ocrx_word' id='word_1_725' title='bbox 1164 5278 1338 5347; x_wconf 77' lang='grc' dir='ltr'>προσῇ</span> <span class='ocrx_word' id='word_1_726' title='bbox 1392 5281 1423 5348; x_wconf 81' lang='grc' dir='ltr'>ἡ</span> <span class='ocrx_word' id='word_1_727' title='bbox 1457 5281 1630 5341; x_wconf 74' lang='grc' dir='ltr'>νόσος.</span> <span class='ocrx_word' id='word_1_728' title='bbox 1667 5282 1727 5334; x_wconf 85' lang='lat' dir='ltr'><strong>El</strong></span> <span class='ocrx_word' id='word_1_729' title='bbox 1760 5283 1868 5353; x_wconf 86' lang='grc' dir='ltr'>γὰρ</span> 
     </span>
    </p>
   </div>
   <div class='ocr_carea' id='block_1_97' title="bbox 296 5367 1861 5440">
    <p class='ocr_par' dir='ltr' id='par_1_97' title="bbox 296 5367 1861 5440">
     <span class='ocr_line' id='line_1_97' title="bbox 296 5367 1861 5440; baseline 0.003 -20"><span class='ocrx_word' id='word_1_730' title='bbox 296 5367 507 5420; x_wconf 71' lang='grc' dir='ltr'>ἀτελῶν</span> <span class='ocrx_word' id='word_1_731' title='bbox 567 5367 870 5436; x_wconf 85' lang='grc' dir='ltr'>ἀνθρώπων</span> <span class='ocrx_word' id='word_1_732' title='bbox 923 5367 1295 5434; x_wconf 62' lang='grc' dir='ltr'>βαπιζὸντων</span> <span class='ocrx_word' id='word_1_733' title='bbox 1353 5372 1562 5440; x_wconf 82' lang='grc' dir='ltr'>αἵρεσις</span> <span class='ocrx_word' id='word_1_734' title='bbox 1613 5375 1861 5440; x_wconf 76' lang='grc' dir='ltr'>γέγονεν,</span> 
     </span>
    </p>
   </div>
   <div class='ocr_carea' id='block_1_98' title="bbox 291 5457 1864 5528">
    <p class='ocr_par' dir='ltr' id='par_1_98' title="bbox 291 5457 1864 5528">
     <span class='ocr_line' id='line_1_98' title="bbox 291 5457 1864 5528; baseline 0.006 -19"><span class='ocrx_word' id='word_1_735' title='bbox 291 5460 423 5520; x_wconf 72' lang='grc' dir='ltr'>ἴσως</span> <span class='ocrx_word' id='word_1_736' title='bbox 446 5459 513 5510; x_wconf 83' lang='grc' dir='ltr'>ἂν</span> <span class='ocrx_word' id='word_1_737' title='bbox 541 5457 676 5526; x_wconf 83' lang='grc' dir='ltr'>ἐμοῦ</span> <span class='ocrx_word' id='word_1_738' title='bbox 719 5457 813 5510; x_wconf 86' lang='grc' dir='ltr'><strong>τοῦ</strong></span> <span class='ocrx_word' id='word_1_739' title='bbox 852 5462 1093 5528; x_wconf 84' lang='grc' dir='ltr'>κήρυκος</span> <span class='ocrx_word' id='word_1_740' title='bbox 1148 5459 1524 5527; x_wconf 79' lang='grc' dir='ltr'>βαπτίζοντος,</span> <span class='ocrx_word' id='word_1_741' title='bbox 1572 5464 1716 5526; x_wconf 83' lang='grc' dir='ltr'>εἰκός</span> <span class='ocrx_word' id='word_1_742' title='bbox 1747 5466 1864 5518; x_wconf 83' lang='grc' dir='ltr'>ἐστι</span> 
     </span>
    </p>
   </div>
   <div class='ocr_carea' id='block_1_99' title="bbox 289 5550 1860 5626">
    <p class='ocr_par' dir='ltr' id='par_1_99' title="bbox 289 5550 1860 5626">
     <span class='ocr_line' id='line_1_99' title="bbox 289 5550 1860 5626; baseline 0.004 -24"><span class='ocrx_word' id='word_1_743' title='bbox 289 5551 554 5619; x_wconf 77' lang='grc' dir='ltr'>συστῆναι</span> <span class='ocrx_word' id='word_1_744' title='bbox 605 5567 780 5613; x_wconf 84' lang='grc' dir='ltr'>τινας,</span> <span class='ocrx_word' id='word_1_745' title='bbox 823 5553 918 5604; x_wconf 73' lang='grc' dir='ltr'>καὶ</span> <span class='ocrx_word' id='word_1_746' title='bbox 959 5550 1019 5603; x_wconf 82' lang='grc' dir='ltr'>τὸ</span> <span class='ocrx_word' id='word_1_747' title='bbox 1073 5551 1359 5624; x_wconf 73' lang='grc' dir='ltr'>βάπτισμα</span> <span class='ocrx_word' id='word_1_748' title='bbox 1412 5556 1537 5624; x_wconf 68' lang='grc' dir='ltr'>ἐμοὶ</span> <span class='ocrx_word' id='word_1_749' title='bbox 1590 5558 1860 5626; x_wconf 77' lang='grc' dir='ltr'>ἐπιφημίο</span> 
     </span>
    </p>
   </div>
   <div class='ocr_carea' id='block_1_100' title="bbox 289 5640 424 5703">
    <p class='ocr_par' dir='ltr' id='par_1_100' title="bbox 289 5640 424 5703">
     <span class='ocr_line' id='line_1_100' title="bbox 289 5640 424 5703; baseline 0.007 -8"><span class='ocrx_word' id='word_1_750' title='bbox 289 5640 424 5703; x_wconf 80' lang='grc' dir='ltr'>ζειν.</span> 
     </span>
    </p>
   </div>
   <div class='ocr_carea' id='block_1_101' title="bbox 1975 4649 3550 4718">
    <p class='ocr_par' dir='ltr' id='par_1_101' title="bbox 1975 4649 3550 4718">
     <span class='ocr_line' id='line_1_101' title="bbox 1975 4649 3550 4718; baseline 0.003 -18"><span class='ocrx_word' id='word_1_751' title='bbox 1975 4665 2133 4715; x_wconf 88' lang='lat' dir='ltr'><strong>quam</strong></span> <span class='ocrx_word' id='word_1_752' title='bbox 2169 4651 2428 4702; x_wconf 80' lang='lat' dir='ltr'><strong>fecerim?</strong></span> <span class='ocrx_word' id='word_1_753' title='bbox 2465 4649 2590 4703; x_wconf 64' lang='lat' dir='ltr'><strong>Haac</strong></span> <span class='ocrx_word' id='word_1_754' title='bbox 2637 4664 2818 4704; x_wconf 84' lang='lat' dir='ltr'><strong>autem</strong></span> <span class='ocrx_word' id='word_1_755' title='bbox 2849 4653 2944 4711; x_wconf 89' lang='lat' dir='ltr'><strong>ait,</strong></span> <span class='ocrx_word' id='word_1_756' title='bbox 2976 4654 3314 4718; x_wconf 79' lang='lat' dir='ltr'><strong>baptismatis</strong></span> <span class='ocrx_word' id='word_1_757' title='bbox 3363 4663 3550 4705; x_wconf 79' lang='lat' dir='ltr'><strong>aucto-</strong></span> 
     </span>
    </p>
   </div>
   <div class='ocr_carea' id='block_1_102' title="bbox 1973 4740 3550 4808">
    <p class='ocr_par' dir='ltr' id='par_1_102' title="bbox 1973 4740 3550 4808">
     <span class='ocr_line' id='line_1_102' title="bbox 1973 4740 3550 4808; baseline 0.001 -16"><span class='ocrx_word' id='word_1_758' title='bbox 1973 4742 2184 4792; x_wconf 84' lang='lat' dir='ltr'><strong>ritatem</strong></span> <span class='ocrx_word' id='word_1_759' title='bbox 2208 4740 2624 4808; x_wconf 81' lang='lat' dir='ltr'><strong>haudquaquam</strong></span> <span class='ocrx_word' id='word_1_760' title='bbox 2648 4741 2994 4804; x_wconf 88' lang='lat' dir='ltr'><strong>imminuens,</strong></span> <span class='ocrx_word' id='word_1_761' title='bbox 3016 4745 3108 4795; x_wconf 91' lang='lat' dir='ltr'><strong>sed</strong></span> <span class='ocrx_word' id='word_1_762' title='bbox 3135 4743 3346 4794; x_wconf 90' lang='lat' dir='ltr'><strong>illorum</strong></span> <span class='ocrx_word' id='word_1_763' title='bbox 3374 4752 3550 4795; x_wconf 86' lang='lat' dir='ltr'><strong>osten-</strong></span> 
     </span>
    </p>
   </div>
   <div class='ocr_carea' id='block_1_103' title="bbox 1970 4833 3542 4900">
    <p class='ocr_par' dir='ltr' id='par_1_103' title="bbox 1970 4833 3542 4900">
     <span class='ocr_line' id='line_1_103' title="bbox 1970 4833 3542 4900; baseline 0.001 -16"><span class='ocrx_word' id='word_1_764' title='bbox 1970 4833 2229 4884; x_wconf 86' lang='lat' dir='ltr'><strong>tationem</strong></span> <span class='ocrx_word' id='word_1_765' title='bbox 2275 4847 2443 4898; x_wconf 89' lang='lat' dir='ltr'><strong>quam</strong></span> <span class='ocrx_word' id='word_1_766' title='bbox 2508 4833 2608 4885; x_wconf 85' lang='lat' dir='ltr'><strong>hac</strong></span> <span class='ocrx_word' id='word_1_767' title='bbox 2652 4833 2701 4883; x_wconf 93' lang='lat' dir='ltr'><strong>in</strong></span> <span class='ocrx_word' id='word_1_768' title='bbox 2768 4848 2825 4885; x_wconf 89' lang='lat' dir='ltr'><strong>re</strong></span> <span class='ocrx_word' id='word_1_769' title='bbox 2890 4833 3181 4888; x_wconf 79' lang='lat' dir='ltr'><strong>habebant.</strong></span> <span class='ocrx_word' id='word_1_770' title='bbox 3263 4833 3542 4900; x_wconf 84' lang='lat' dir='ltr'><strong>Siquidem</strong></span> 
     </span>
    </p>
   </div>
   <div class='ocr_carea' id='block_1_104' title="bbox 1971 4921 3543 4991">
    <p class='ocr_par' dir='ltr' id='par_1_104' title="bbox 1971 4921 3543 4991">
     <span class='ocr_line' id='line_1_104' title="bbox 1971 4921 3543 4991; baseline 0.002 -19"><span class='ocrx_word' id='word_1_771' title='bbox 1971 4921 2234 4987; x_wconf 89' lang='lat' dir='ltr'><strong>baptisma</strong></span> <span class='ocrx_word' id='word_1_772' title='bbox 2269 4935 2355 4974; x_wconf 90' lang='lat' dir='ltr'><strong>res</strong></span> <span class='ocrx_word' id='word_1_773' title='bbox 2391 4935 2579 4988; x_wconf 84' lang='lat' dir='ltr'><strong>magna</strong></span> <span class='ocrx_word' id='word_1_774' title='bbox 2613 4929 2691 4973; x_wconf 85' lang='lat' dir='ltr'><strong>est</strong></span> <span class='ocrx_word' id='word_1_775' title='bbox 2719 4938 2732 4986; x_wconf 90' lang='lat'><strong>;</strong></span> <span class='ocrx_word' id='word_1_776' title='bbox 2760 4921 3034 4989; x_wconf 82' lang='lat' dir='ltr'><strong>baptizare</strong></span> <span class='ocrx_word' id='word_1_777' title='bbox 3064 4934 3242 4975; x_wconf 78' lang='lat' dir='ltr'><strong>autent</strong></span> <span class='ocrx_word' id='word_1_778' title='bbox 3283 4938 3388 4976; x_wconf 90' lang='lat' dir='ltr'><strong>non</strong></span> <span class='ocrx_word' id='word_1_779' title='bbox 3421 4939 3543 4991; x_wconf 67' lang='lat' dir='ltr'><strong>per-</strong></span> 
     </span>
    </p>
   </div>
   <div class='ocr_carea' id='block_1_105' title="bbox 1976 5012 2398 5076">
    <p class='ocr_par' dir='ltr' id='par_1_105' title="bbox 1976 5012 2398 5076">
     <span class='ocr_line' id='line_1_105' title="bbox 1976 5012 2398 5076; baseline -0.002 -12"><span class='ocrx_word' id='word_1_780' title='bbox 1976 5012 2098 5064; x_wconf 87' lang='lat' dir='ltr'><strong>inde</strong></span> <span class='ocrx_word' id='word_1_781' title='bbox 2127 5027 2398 5076; x_wconf 73' lang='lat' dir='ltr'><strong>magnum.</strong></span> 
     </span>
    </p>
   </div>
   <div class='ocr_carea' id='block_1_106' title="bbox 2047 5101 3545 5170">
    <p class='ocr_par' dir='ltr' id='par_1_106' title="bbox 2047 5101 3545 5170">
     <span class='ocr_line' id='line_1_106' title="bbox 2047 5101 3545 5170; baseline 0.003 -15"><span class='ocrx_word' id='word_1_782' title='bbox 2047 5102 2208 5155; x_wconf 71' lang='lat' dir='ltr'><strong>Vens.</strong></span> <span class='ocrx_word' id='word_1_783' title='bbox 2251 5105 2336 5158; x_wconf 82' lang='grc'><strong>15.</strong></span> <span class='ocrx_word' id='word_1_784' title='bbox 2375 5122 2392 5154; x_wconf 77' lang='lat' dir='ltr'><strong>t</strong></span> <span class='ocrx_word' id='word_1_785' title='bbox 2426 5101 2502 5157; x_wconf 69' lang='lat' dir='ltr'><strong>Ne</strong></span> <span class='ocrx_word' id='word_1_786' title='bbox 2527 5105 2648 5170; x_wconf 88' lang='lat' dir='ltr'><strong>quis</strong></span> <span class='ocrx_word' id='word_1_787' title='bbox 2680 5107 2843 5166; x_wconf 68' lang='lat' dir='ltr'><strong>dicat,</strong></span> <span class='ocrx_word' id='word_1_788' title='bbox 2899 5105 3040 5170; x_wconf 90' lang='lat' dir='ltr'><strong>quod</strong></span> <span class='ocrx_word' id='word_1_789' title='bbox 3073 5105 3124 5157; x_wconf 93' lang='lat' dir='ltr'><strong>in</strong></span> <span class='ocrx_word' id='word_1_790' title='bbox 3181 5120 3300 5158; x_wconf 89' lang='lat' dir='ltr'><strong>meo</strong></span> <span class='ocrx_word' id='word_1_791' title='bbox 3331 5107 3545 5159; x_wconf 84' lang='lat' dir='ltr'><strong>nomine</strong></span> 
     </span>
    </p>
   </div>
   <div class='ocr_carea' id='block_1_107' title="bbox 1973 5195 3541 5261">
    <p class='ocr_par' dir='ltr' id='par_1_107' title="bbox 1973 5195 3541 5261">
     <span class='ocr_line' id='line_1_107' title="bbox 1973 5195 3541 5261; baseline 0 -13"><span class='ocrx_word' id='word_1_792' title='bbox 1973 5195 2384 5260; x_wconf 84' lang='lat' dir='ltr'><strong>baptizaverim.</strong></span> <span class='ocrx_word' id='word_1_793' title='bbox 2447 5211 2464 5244; x_wconf 75' lang='grc' dir='ltr'><strong>ι</strong></span> <span class='ocrx_word' id='word_1_794' title='bbox 2510 5195 2624 5247; x_wconf 54' lang='lat' dir='ltr'><strong>bon</strong></span> <span class='ocrx_word' id='word_1_795' title='bbox 2666 5197 2805 5261; x_wconf 88' lang='lat' dir='ltr'><strong>quod</strong></span> <span class='ocrx_word' id='word_1_796' title='bbox 2861 5201 2926 5249; x_wconf 91' lang='lat' dir='ltr'><strong>de</strong></span> <span class='ocrx_word' id='word_1_797' title='bbox 2979 5197 3082 5250; x_wconf 88' lang='lat' dir='ltr'><strong>illis</strong></span> <span class='ocrx_word' id='word_1_798' title='bbox 3139 5197 3238 5250; x_wconf 86' lang='lat' dir='ltr'><strong>hoc</strong></span> <span class='ocrx_word' id='word_1_799' title='bbox 3273 5197 3541 5258; x_wconf 86' lang='lat' dir='ltr'><strong>dicebam,</strong></span> 
     </span>
    </p>
   </div>
   <div class='ocr_carea' id='block_1_108' title="bbox 1967 5288 3538 5357">
    <p class='ocr_par' dir='ltr' id='par_1_108' title="bbox 1967 5288 3538 5357">
     <span class='ocr_line' id='line_1_108' title="bbox 1967 5288 3538 5357; baseline 0.001 -18"><span class='ocrx_word' id='word_1_800' title='bbox 1967 5289 2060 5339; x_wconf 88' lang='lat' dir='ltr'><strong>sed</strong></span> <span class='ocrx_word' id='word_1_801' title='bbox 2095 5298 2296 5348; x_wconf 90' lang='lat' dir='ltr'><strong>metuo,</strong></span> <span class='ocrx_word' id='word_1_802' title='bbox 2331 5288 2523 5354; x_wconf 90' lang='lat' dir='ltr'><strong>inquit,</strong></span> <span class='ocrx_word' id='word_1_803' title='bbox 2554 5303 2618 5341; x_wconf 90' lang='lat' dir='ltr'><strong>ne</strong></span> <span class='ocrx_word' id='word_1_804' title='bbox 2666 5303 2732 5342; x_wconf 89' lang='lat' dir='ltr'><strong>eo</strong></span> <span class='ocrx_word' id='word_1_805' title='bbox 2781 5290 3164 5357; x_wconf 72' lang='lat' dir='ltr'><strong>progrediatur</strong></span> <span class='ocrx_word' id='word_1_806' title='bbox 3201 5289 3442 5342; x_wconf 86' lang='lat' dir='ltr'><strong>morbus.</strong></span> <span class='ocrx_word' id='word_1_807' title='bbox 3480 5288 3538 5340; x_wconf 88' lang='lat' dir='ltr'><strong>Si</strong></span> 
     </span>
    </p>
   </div>
   <div class='ocr_carea' id='block_1_109' title="bbox 1965 5380 3535 5449">
    <p class='ocr_par' dir='ltr' id='par_1_109' title="bbox 1965 5380 3535 5449">
     <span class='ocr_line' id='line_1_109' title="bbox 1965 5380 3535 5449; baseline 0.003 -19"><span class='ocrx_word' id='word_1_808' title='bbox 1965 5380 2108 5431; x_wconf 82' lang='lat' dir='ltr'><strong>enim</strong></span> <span class='ocrx_word' id='word_1_809' title='bbox 2140 5380 2362 5432; x_wconf 89' lang='lat' dir='ltr'><strong>inlirmis</strong></span> <span class='ocrx_word' id='word_1_810' title='bbox 2410 5380 2725 5434; x_wconf 87' lang='lat' dir='ltr'><strong>hominibus</strong></span> <span class='ocrx_word' id='word_1_811' title='bbox 2764 5383 3161 5449; x_wconf 85' lang='lat' dir='ltr'><strong>baptizantibus</strong></span> <span class='ocrx_word' id='word_1_812' title='bbox 3188 5391 3535 5435; x_wconf 89' lang='lat' dir='ltr'><strong>emerserunt</strong></span> 
     </span>
    </p>
   </div>
   <div class='ocr_carea' id='block_1_110' title="bbox 1967 5470 3536 5542">
    <p class='ocr_par' dir='ltr' id='par_1_110' title="bbox 1967 5470 3536 5542">
     <span class='ocr_line' id='line_1_110' title="bbox 1967 5470 3536 5542; baseline 0.003 -21"><span class='ocrx_word' id='word_1_813' title='bbox 1967 5475 2220 5528; x_wconf 68' lang='lat' dir='ltr'><strong>haereses,</strong></span> <span class='ocrx_word' id='word_1_814' title='bbox 2249 5470 2429 5524; x_wconf 79' lang='lat' dir='ltr'><strong>forsan</strong></span> <span class='ocrx_word' id='word_1_815' title='bbox 2464 5487 2546 5526; x_wconf 89' lang='lat' dir='ltr'><strong>me</strong></span> <span class='ocrx_word' id='word_1_816' title='bbox 2580 5488 2828 5537; x_wconf 67' lang='lat' dir='ltr'><strong>prmcone</strong></span> <span class='ocrx_word' id='word_1_817' title='bbox 2854 5483 2905 5526; x_wconf 87' lang='lat' dir='ltr'><strong>et</strong></span> <span class='ocrx_word' id='word_1_818' title='bbox 2930 5473 3186 5542; x_wconf 80' lang='lat' dir='ltr'><strong>Apostolo</strong></span> <span class='ocrx_word' id='word_1_819' title='bbox 3208 5474 3536 5538; x_wconf 78' lang='lat' dir='ltr'><strong>baptizantc,</strong></span> 
     </span>
    </p>
   </div>
   <div class='ocr_carea' id='block_1_111' title="bbox 1965 5563 3534 5636">
    <p class='ocr_par' dir='ltr' id='par_1_111' title="bbox 1965 5563 3534 5636">
     <span class='ocr_line' id='line_1_111' title="bbox 1965 5563 3534 5636; baseline 0.003 -23"><span class='ocrx_word' id='word_1_820' title='bbox 1965 5563 2258 5616; x_wconf 80' lang='lat' dir='ltr'><strong>verisimile</strong></span> <span class='ocrx_word' id='word_1_821' title='bbox 2287 5573 2435 5618; x_wconf 85' lang='lat' dir='ltr'><strong>esset</strong></span> <span class='ocrx_word' id='word_1_822' title='bbox 2474 5576 2531 5619; x_wconf 89' lang='lat' dir='ltr'><strong>ut</strong></span> <span class='ocrx_word' id='word_1_823' title='bbox 2559 5566 2723 5635; x_wconf 88' lang='lat' dir='ltr'><strong>ahqut</strong></span> <span class='ocrx_word' id='word_1_824' title='bbox 2757 5568 3152 5636; x_wconf 87' lang='lat' dir='ltr'><strong>conspirarent,</strong></span> <span class='ocrx_word' id='word_1_825' title='bbox 3181 5577 3233 5623; x_wconf 88' lang='lat' dir='ltr'><strong>et</strong></span> <span class='ocrx_word' id='word_1_826' title='bbox 3261 5567 3534 5636; x_wconf 73' lang='lat' dir='ltr'><strong>baptisma</strong></span> 
     </span>
    </p>
   </div>
   <div class='ocr_carea' id='block_1_112' title="bbox 1961 5653 2470 5710">
    <p class='ocr_par' dir='ltr' id='par_1_112' title="bbox 1961 5653 2470 5710">
     <span class='ocr_line' id='line_1_112' title="bbox 1961 5653 2470 5710; baseline 0.012 -6"><span class='ocrx_word' id='word_1_827' title='bbox 1961 5653 2090 5706; x_wconf 90' lang='lat' dir='ltr'><strong>mihi</strong></span> <span class='ocrx_word' id='word_1_828' title='bbox 2115 5657 2470 5710; x_wconf 73' lang='lat' dir='ltr'><strong>ascriberent.</strong></span> 
     </span>
    </p>
   </div>
   <div class='ocr_carea' id='block_1_113' title="bbox 1614 5745 2160 5811">
    <p class='ocr_par' dir='ltr' id='par_1_113' title="bbox 1614 5745 2160 5811">
     <span class='ocr_line' id='line_1_113' title="bbox 1614 5745 2160 5811; baseline 0.011 -6"><span class='ocrx_word' id='word_1_829' title='bbox 1614 5745 1805 5807; x_wconf 64' lang='lat' dir='ltr'><strong>Variae</strong></span> <span class='ocrx_word' id='word_1_830' title='bbox 1837 5745 2160 5811; x_wconf 89' lang='lat' dir='ltr'><strong>lectiones.</strong></span> 
     </span>
    </p>
   </div>
   <div class='ocr_carea' id='block_1_114' title="bbox 367 5839 1400 5914">
    <p class='ocr_par' dir='ltr' id='par_1_114' title="bbox 367 5839 1400 5914">
     <span class='ocr_line' id='line_1_114' title="bbox 367 5839 1400 5914; baseline 0.005 -22"><span class='ocrx_word' id='word_1_831' title='bbox 367 5841 404 5870; x_wconf 88' lang='lat'>”</span> <span class='ocrx_word' id='word_1_832' title='bbox 435 5839 661 5892; x_wconf 74' lang='grc' dir='ltr'>διείλετο</span> <span class='ocrx_word' id='word_1_833' title='bbox 721 5859 790 5894; x_wconf 90' lang='lat' dir='ltr'><strong>III.</strong></span> <span class='ocrx_word' id='word_1_834' title='bbox 874 5843 914 5876; x_wconf 70' lang='grc' dir='ltr'>η</span> <span class='ocrx_word' id='word_1_835' title='bbox 947 5841 1039 5896; x_wconf 88' lang='grc' dir='ltr'><strong>τοῦ</strong></span> <span class='ocrx_word' id='word_1_836' title='bbox 1081 5843 1313 5914; x_wconf 78' lang='grc' dir='ltr'>Χριστοῦ</span> <span class='ocrx_word' id='word_1_837' title='bbox 1350 5861 1400 5898; x_wconf 87' lang='lat'><strong>0.</strong></span> 
     </span>
    </p>
   </div>
  </div>
