4286 6444
762 431 865 494 575

757 635 1166 707 baptizaverim.
1204 655 1223 690 ι
1262 637 1338 693 Ne
1372 640 1513 710 quis,
1540 639 1724 696 multis
1744 655 1772 694 a
1816 655 1901 695 me
1930 640 2239 710 baptizatis,
2267 650 2322 695 et

759 728 811 782 in
847 740 1043 785 emtum
1100 744 1355 799 magnum
1412 729 1869 794 coalescentibus,
1905 729 2054 784 dicat
2088 747 2174 786 me
2204 731 2322 786 illos

758 817 811 871 in
844 832 961 871 tneo
1012 819 1232 872 nomine
1287 819 1616 883 baptizasse,
1676 834 1783 887 quo
1838 818 1965 872 illud
1994 819 2124 887 ipsis
2154 820 2313 873 attri-

757 910 1029 975 bueretur,
1061 918 1221 979 atque
1254 909 1327 962 illi
1358 926 1385 962 a
1425 926 1509 964 me
1555 910 1792 965 Pauliani
1848 922 2317 979 nuncuparentur.

757 1000 878 1054 Illos
922 1011 1101 1055 autem
1160 1012 1344 1070 aperte
1394 1002 1710 1066 insectatur,
1771 1003 1863 1070 qui
1911 1004 2047 1057 banc
2082 1004 2151 1057 ob
2206 1019 2317 1057 rem

754 1090 952 1146 multos
979 1091 1353 1160 baptizabant.
1383 1091 1475 1146 Vel
1523 1093 1686 1146 etiam
1735 1092 1896 1147 aliter
1934 1112 1945 1145 :
1979 1091 2076 1157 Ne,
2113 1093 2155 1146 si
2187 1094 2315 1147 mihi

754 1183 1205 1247 adluerescerent,
1232 1191 1287 1237 et
1329 1198 1448 1237 meo
1484 1184 1699 1237 nomine
1745 1192 2064 1238 vocarentur
2102 1184 2317 1253 (quem-

754 1275 1037 1328 admodum
1072 1276 1221 1329 multi
1252 1276 1319 1329 ab
1372 1275 1434 1328 iis
1479 1274 1568 1343 qni
1612 1276 1755 1343 ipsos
1788 1276 2161 1343 baptizarunt,
2218 1291 2313 1345 ap-

756 1363 1067 1430 pellantur),
1100 1365 1242 1419 dicat
1281 1365 1495 1432 aliquis,
1524 1366 1666 1433 quod
1699 1366 1751 1418 in
1782 1379 1904 1418 meo
1945 1365 2162 1419 nomine
2223 1366 2317 1419 ba-

754 1455 1091 1522 ptizaverim,
1125 1457 1349 1522 ideoque
1384 1456 1511 1509 mihi
1547 1456 1933 1523 astipuleutur.

831 1564 849 1597 ι
897 1547 966 1601 lis
989 1559 1164 1600 autem
1189 1548 1279 1616 qui
1307 1548 1439 1601 salvi
1475 1549 1628 1614 tiunt,
1661 1550 1840 1613 idest,
1878 1548 2050 1613 nobis,
2075 1552 2314 1617 potentia

757 1635 849 1691 Dei
878 1646 977 1690 est.
1045 1656 1062 1689 t
1091 1635 1280 1701 Nobis,
1313 1639 1506 1707 inquit,
1565 1639 1614 1691 id
1651 1648 1751 1703 est,
1788 1640 2057 1702 ﬁdelibus,
2090 1640 2179 1708 qui
2210 1654 2313 1693 non

754 1730 1010 1795 perimus,
1060 1728 1155 1783 sed
1188 1745 1491 1793 sert'amur,
1522 1745 1652 1783 crux
1690 1731 1983 1798 potentiam
2023 1732 2114 1786 Dei
2140 1741 2318 1787 osten-

752 1820 849 1871 dit.
880 1820 1081 1874 Divinte
1113 1822 1255 1874 enim
1297 1821 1546 1888 potentiae
1586 1823 1798 1891 signum
1830 1833 1933 1883 est,
1966 1828 2105 1892 quol
2138 1825 2183 1879 is
2219 1827 2311 1894 qui

1659 433 2229 495 THEOPHYLACTI
2274 432 2685 495 BULGARIE
2725 435 3076 496 ARCIIIEP.

834 543 994 601 Vens.
1039 545 1125 600 15.
1167 566 1184 597 ι
1226 544 1304 601 Ne
1334 546 1460 617 ‘quis
1486 547 1651 613 dicat,
1682 549 1899 617 quodin
1946 563 2067 603 meo
2106 549 2321 604 nomine
2350 555 2398 611 Α

3874 440 3982 500 57b

2526 548 2573 621 [ι
2617 552 2732 603 Ἵνα
2770 552 2844 622 μή
2896 569 2977 614 τις
3004 552 3155 623 εἴπῃ,
3191 551 3271 605 ὅτι
3304 548 3382 611 είς
3408 550 3469 603 τὸ
3509 548 3640 621 ἐμδν
3668 548 3836 618 ὄνομα
3860 549 3993 603 ἐσά-

2425 658 2613 696 πτισα.
2657 662 2674 693 ι
2710 642 2830 696 ’Ἱνα
2871 644 2944 712 μὴ
2985 642 3197 695 πολλῶν
3243 640 3657 711 βαπτισθέντων
3691 640 3787 699 ὑπζ
3819 639 3981 709 ἐμοῦ,

2423 734 2518 787 καὶ
2550 735 2798 805 σύστημα
2826 736 2968 803 μέγα
2994 736 3400 806 ποιησαμένων,
3434 733 3561 806 εἴπῃ
3592 751 3675 797 τις
3700 735 3780 787 ὅτι
3805 734 3893 787 διὰ
3928 735 3995 788 τὸ

2422 820 2556 890 ἐμὸν
2581 820 2753 890 ὄνομα
2784 821 3054 876 ἐϐάπτισα
3080 824 3300 888 αὐτοὺς,
3329 823 3417 877 ἵνα
3438 823 3841 893 ἐπιφημίζηται
3867 824 3995 876 τού-

2419 928 2553 977 τοις,
2599 914 2690 966 καὶ
2715 914 2810 965 ἀπ’
2839 914 2972 983 ἐμοῦ
3020 914 3291 969 καλῶνται
3331 914 3642 970 Παυλιανοί.
3695 917 3995 985 Ἐμφαντι-

2418 1002 2530 1066 κῶς
2560 1005 2613 1056 δὲ
2653 1004 2867 1074 διέσυρε
2896 1005 3022 1068 τοὺς
3041 1006 3128 1061 διά
3152 1007 3311 1059 τοῦτο
3346 1005 3572 1069 πολλοὺς
3603 1004 3988 1076 βαπτίζοντας.

2422 1094 2491 1145 Ἠ
2529 1096 2621 1146 καὶ
2644 1095 2821 1158 ἄλλως
2847 1111 2859 1125 ⁸
2908 1096 3023 1148 Ἵνα
3056 1098 3130 1167 μὴ
3166 1097 3581 1167 προσκειμένων
3615 1115 3726 1167 μοι,
3756 1099 3852 1151 καὶ
3887 1099 3986 1151 ἀπ’

2421 1180 2555 1251 ἐμοῦ
2619 1183 2974 1254 καλουμένων
3021 1185 3232 1257 (ὥσπερ
3286 1185 3394 1238 ἀπὸ
3445 1184 3557 1239 τῶν
3604 1184 3985 1254 βαπτισάντων

2418 1272 2615 1337 αὐτοὺς
2640 1276 2869 1347 πολλοὶ),
2902 1279 3029 1351 εῐπῃ
3083 1295 3166 1339 τις
3197 1279 3277 1331 ὃτι
3305 1280 3385 1341 είς
3409 1277 3470 1330 τὸ
3489 1278 3620 1349 ἐμὸν
3642 1278 3813 1347 ὄνομα
3852 1277 3984 1332 ἐϐά-

2417 1382 2584 1420 πτισα
2619 1369 2835 1434 αὐτοὺς,
2866 1373 2959 1423 καὶ
2982 1370 3069 1424 διὰ
3095 1370 3251 1423 τοῦτό
3285 1388 3377 1441 μοι
3415 1371 3801 1440 πρόσκεινται.

2492 1563 2510 1596 ι
2556 1546 2680 1609 Τοῖς
2708 1546 2762 1598 δὲ
2796 1545 3122 1617 σωζομένοις
3150 1547 3282 1615 ἡμῖν
3309 1547 3539 1617 δύναμις
3567 1547 3703 1600 Θεοῦ
3750 1548 3919 1602 ἐστιν.
3960 1566 3978 1599 ι

2427 1637 2607 1707 Ἡμῖν,
2638 1640 2791 1705 φησι,
2818 1640 2930 1700 τοῖς
2962 1640 3326 1701 πιστοῖςίτοῖς
3355 1638 3429 1709 μὴ
3450 1638 3809 1703 ἀπολωλόσιν,
3848 1639 3987 1693 ἀλλὰ

2418 1726 2765 1797 σωζομένοις,
2826 1729 3058 1798 δύναμιν
3118 1729 3254 1782 Θεοῦ
3325 1731 3581 1800 ἐμφαίνει
3630 1732 3659 1783 ό
3728 1730 3981 1801 σταυρός.

2417 1820 2708 1889 Δυνάμεως
2735 1820 2842 1890 γὰρ
2871 1821 3044 1885 θείας,
3071 1821 3131 1873 τὸ
3166 1822 3262 1874 τὸν
3318 1822 3380 1877 ἐν
3447 1822 3646 1884 δεινοῖς
3695 1822 3986 1890 γενόμενον

753 1925 840 1964 res
869 1914 1124 1966 adversas
1145 1914 1365 1981 patitur,
1390 1913 1469 1967 eis
1503 1916 1747 1982 superior
1782 1916 1995 1969 evadat.
2028 1916 2103 1969 Ac
2129 1932 2317 1985 quem—
2347 1882 2386 1936 Β
2418 1912 2445 1962 ἀ

2290 1946 2317 1957 -
2347 1882 2386 1936 Β
2418 1882 2672 1979 ἀνωτέρω
2706 1882 3313 1978 των-δεινῶν-γενέσθαι.
3346 1912 3456 1964 Καὶ
3478 1882 3731 1982 καθάπερ
3754 1882 3845 1965 ἐπί
3872 1912 3981 1966 τῶν

752 2005 1037 2058 admodum
1107 2006 1157 2057 in
1232 2006 1406 2059 tribus
1466 2008 1646 2075 pueris
1709 2007 1878 2078 magis
1934 2009 2313 2062 admirandum

750 2107 890 2158 erat,
919 2096 1059 2165 quod
1088 2111 1209 2150 cum
1243 2098 1296 2151 in
1334 2097 1606 2152 fornacem
1652 2098 1991 2163 incidissent,
2031 2116 2134 2153 non
2165 2116 2315 2155 com-

750 2184 888 2237 busti
918 2194 1093 2250 erant,
1126 2200 1283 2252 quam
1318 2189 1361 2239 si
1395 2188 1443 2239 in
1492 2186 1764 2241 caminum
1795 2202 1899 2242 non
1931 2189 2250 2244 incidissent
2295 2208 2308 2245 :

751 2285 911 2345 atque
965 2278 1041 2330 uti
1070 2278 1120 2330 in
1156 2276 1289 2331 Jona
1341 2278 1517 2346 majus
1570 2288 1683 2332 erat
1727 2280 1866 2345 quod
1909 2294 1936 2332 a
1972 2289 2090 2334 ceto
2121 2282 2304 2336 absor-

751 2375 873 2432 ptus
927 2382 1030 2419 non
1087 2378 1516 2427 consumeretur,
1565 2382 1725 2434 quam
1781 2369 1824 2420 si
1876 2384 1979 2422 non
2025 2372 2311 2439 absorptns

744 2457 936 2511 fuisset
971 2476 984 2511 :
1025 2458 1096 2510 ita
1137 2474 1352 2526 quoque
1394 2459 1444 2512 in
1475 2459 1692 2513 Christo
1735 2459 1891 2528 longe
1936 2461 2311 2518 admirabilius

745 2558 884 2615 crat,
917 2560 974 2603 ut
1036 2550 1083 2603 is
1131 2551 1410 2604 moriendo
1448 2558 1672 2605 mortem
1721 2551 1985 2617 vinceret,
2035 2568 2194 2621 quam
2263 2554 2309 2608 si

744 2641 965 2694 omnino
995 2655 1097 2693 non
1139 2651 1459 2695 moreretur.

820 2730 982 2784 Vens.
1046 2730 1128 2784 16.
1193 2749 1211 2782 ι
1274 2730 1549 2800 Baptizavi
1597 2740 1776 2785 autem
1819 2743 1872 2787 et
1904 2730 2188 2801 Stepltame
2216 2733 2309 2787 do-

747 2839 915 2877 mum.
957 2842 976 2874 ‹
1019 2821 1218 2878 Omnes
1246 2822 1498 2876 nimirum
1530 2823 1583 2875 in
1614 2823 1774 2877 domo
1805 2823 1925 2891 ejus
1958 2823 2305 2879 exsistentes.

746 2915 969 2985 Magnus
991 2915 1134 2969 enim
1175 2914 1259 2968 hic
1307 2913 1410 2967 fuit
1438 2914 1710 2981 Corinthi,
1760 2928 1967 2969 necnon
2019 2916 2308 2972 celeberri-

744 3024 886 3062 lttttS.

818 3117 837 3150 ι
882 3097 1148 3153 Caeterum
1176 3099 1358 3155 nescio
1377 3098 1423 3154 si
1455 3113 1614 3168 quem
1646 3098 1809 3151 alium
1835 3098 2248 3168 baptizaverim.
2282 3119 2301 3153 ι

2413 2000 2581 2070 τριῶν
2612 2000 2838 2063 παίδων,
2871 1999 2965 2052 τοῦ
3002 2001 3075 2069 μὴ
3105 2001 3366 2068 ἐμπεσεῖν
3400 2003 3480 2064 είς
3515 2002 3614 2072 τὴν
3640 2003 3892 2072 κάμινον,
3918 2004 3982 2055 τὸ

2414 2091 2750 2161 ἐμπεσόντας
2789 2092 2861 2162 μὴ
2891 2092 3167 2161 καυθῆναι
3201 2091 3685 2164 θαυμασιώτερον·
3742 2094 3837 2147 καὶ
3888 2094 3984 2147 ἐπ’.

2411 2183 2506 2234 τοῦ
2550 2184 2722 2245 Ἰωνᾶ,
2759 2184 2853 2236 τοῦ
2883 2185 2957 2253 μὴ
2989 2184 3368 2252 καταποθῆναι
3405 2184 3510 2237 ὑπὸ
3546 2184 3639 2236 τοῦ
3665 2187 3885 2253 κήτους,
3920 2188 3982 2237 τὸ

2410 2271 2501 2323 τὸν
2530 2272 2905 2325 καταποθέντα
2940 2273 3013 2341 μὴ
3050 2270 3424 2340 ἀναλωθῆναι,
3460 2271 3644 2342 μεῖζον
3665 2288 3678 2303 ’
3709 2273 3858 2326 οὕτω
3885 2277 3981 2326 καὶ

2411 2366 2501 2417 ἐπὶ
2532 2364 2625 2416 τοῦ
2654 2364 2916 2433 Χριστοῦ,
2947 2364 3039 2417 τοῦ
3076 2364 3148 2429 μὴ
3195 2363 3510 2427 ἀποθανεῖν,
3546 2362 3611 2417 τὸ
3642 2364 3984 2417 ἀποθανόντα

2410 2456 2627 2523 νικῆσαι
2655 2458 2745 2507 τὸν
2771 2456 3026 2519 θάνατον,
3063 2454 3242 2524 πολλῷ
3288 2455 3464 2526 δήπου
3520 2455 3979 2527 παραδοξότερον.

2409 2545 2538 2601 Cod.
2564 2544 2847 2617 Arumlel.]

2484 2745 2503 2779 ι
2550 2727 2846 2780 Ἐὅάπτισα
2873 2726 2928 2778 δὲ
2957 2725 3161 2778 καὶτὸν
3193 2725 3442 2793 Στεφανᾶ
3469 2720 3637 2778 οἷκον.
3678 2743 3695 2776 ι
3734 2724 3880 2787 Τοὺς
3915 2725 3980 2778 ἐν

2409 2821 2486 2891 τῷ
2522 2822 2657 2889 οἴκῳ
2688 2820 2856 2873 αὑτοῦ
2882 2820 3089 2884 πάντας
3116 2820 3380 2889 δηλονότι.
3409 2820 3599 2887 Μέγας
3625 2819 3682 2872 δέ
3720 2814 3787 2889 ἦν
3814 2810 3979 2882 οὗτος

2410 2914 2465 2969 ἐν
2496 2912 2768 2983 Κορίνθῳ,
2808 2912 2903 2964 καὶ
2928 2911 3366 2981 ἐπισημότατος.

2486 3110 2504 3144 ι
2539 3092 2738 3145 Λοιπὸν
2758 3091 2858 3144 οὐκ
2885 3086 2999 3143 οῖδα
3022 3089 3074 3142 εί
3110 3106 3231 3144 τινα
3270 3089 3428 3144 ἄλλον
3472 3089 3767 3143 ἐϐάπτισα.
3814 3108 3834 3142 ι
3872 3091 3978 3143 Το-

738 3191 910 3255 Adeo,
949 3190 1140 3260 inquit,
1178 3207 1284 3245 non
1322 3207 1441 3246 sum
1493 3191 1763 3245 sollicitus
1822 3191 1966 3245 circa
2018 3192 2302 3259 baptisma,
2332 3214 2375 3273 α
2412 3201 2430 3236 ε

2288 3235 2302 3259 ,
2332 3214 2375 3273 c
2412 3183 2619 3246 σοῦτον,
2652 3183 2835 3253 φησὶν,
2865 3183 2964 3234 οὐκ
3002 3181 3117 3234 ἐστι
3171 3197 3260 3249 μοι
3290 3181 3757 3249 περισπούδαστον
3787 3185 3847 3234 τὸ
3880 3182 3978 3250 βα-

744 3294 800 3336 ιιι
836 3298 900 3338 ne
934 3285 1269 3337 meminerim
1300 3283 1513 3352 quidem
1542 3298 1669 3337 num
1694 3283 1858 3336 alium
1896 3283 2305 3353 baptizaverim.

742 3373 852 3426 Cur
876 3388 1003 3441 ergo
1034 3388 1127 3427 vos
1159 3373 1297 3426 banc
1331 3373 1401 3427 ob
1445 3388 1556 3426 rem
1588 3372 1872 3426 cli'erimini
1901 3374 1925 3425 ?

817 3460 977 3517 Vens.
1013 3464 1099 3517 l7.
1139 3484 1154 3515 ι
1191 3464 1302 3517 Non
1336 3463 1476 3517 enim
1530 3463 1681 3516 misit
1726 3479 1809 3516 tne
1852 3462 2100 3518 Chrisms
2127 3464 2307 3533 bapti-

745 3571 898 3621 zare,
933 3555 1026 3610 sed
1080 3557 1477 3624 evangelizare.
1520 3574 1540 3607 ι
1600 3556 1737 3608 Natn
1793 3556 2114 3612 laboriosius
2167 3569 2304 3625 erat,

743 3659 904 3716 atque
931 3650 1111 3702 animo
1145 3649 1323 3702 ferreo
1355 3648 1509 3715 plane
1554 3651 1765 3716 egebat,
1809 3647 2160 3719 Evangelium
2210 3665 2310 3703 an—

747 3740 1017 3795 nuntiare.
1054 3739 1300 3794 Hominis
1325 3740 1465 3792 enim
1513 3740 1839 3793 sententiam
1876 3747 2107 3807 mutare,
2144 3753 2307 3808 atque

745 3845 774 3881 a
816 3830 1053 3896 paternis
1090 3830 1467 3885 traditionibus
1497 3830 1780 3894 abducere,
1828 3832 1986 3900 idque
2016 3833 2069 3886 itt
2116 3833 2307 3889 mediis

744 3920 1018 3988 periculis,
1051 3922 1228 3992 magni
1278 3922 1442 3975 animi
1491 3932 1545 3975 et
1597 3924 1801 3976 strenui
1836 3938 1972 3991 opus
2002 3934 2104 3977 est.
2139 3923 2306 3978 Assu-

747 4024 893 4063 tnere
923 4020 1099 4064 autem
1147 4027 1458 4079 persuasum
1496 4022 1550 4067 et
1604 4014 1667 4067 ad
1711 4014 1976 4081 baptisma
2036 4023 2304 4083 paratum,

744 4114 974 4169 eumque
1028 4101 1341 4169 baptizare,
1396 4102 1683 4173 cujuslibet
1734 4103 1896 4158 fuerit
1946 4105 2306 4159 sacerdotium

748 4190 1015 4244 habentis.
1046 4191 1197 4257 Quod
1223 4194 1265 4244 si
1291 4194 1357 4245 ad
1388 4194 1771 4261 baptizandmn
1808 4210 1910 4248 non
1948 4204 2063 4247 erat
2087 4196 2305 4259 missus,

746 4280 1015 4348 quomodo
1047 4284 1268 4336 omnino
1307 4284 1634 4349 baptizavit?
1668 4285 1744 4336 Ad
1788 4285 1888 4339 hoc
1922 4286 2137 4353 quidem
2174 4301 2329 4353 pr:e-,

744 4373 901 4441 cipue
928 4389 1029 4426 non
1064 4375 1376 4429 mittebatur
1404 4392 1417 4429 :
1449 4386 1954 4444 verumtamenmon
1991 4376 2308 4443 prohibeba-

749 4473 833 4517 tttr
858 4466 1147 4533 quominus
1208 4468 1349 4522 istud
1411 4467 1636 4523 iaceret.
1676 4469 1755 4523 Ad
1808 4469 1937 4523 illud
1987 4470 2133 4523 enim
2168 4471 2309 4537 quod

748 4556 919 4625 majus
946 4567 1064 4611 erat
1092 4559 1424 4623 mittebatur,
1464 4570 1519 4613 et
1554 4569 1731 4613 tamen
1788 4575 1892 4613 non
1942 4568 2059 4614 erat
2086 4561 2133 4614 ei
2164 4560 2302 4614 inbi-
2336 4545 2385 4605 ο

744 4647 938 4715 bitum,
965 4664 1036 4704 ne
1066 4650 1115 4703 id
1151 4653 1293 4719 quod
1331 4652 1509 4706 minus
1542 4662 1707 4715 esset,
1748 4653 1965 4707 eiliciat.

822 4742 982 4813 126
1016 4759 1033 4791 ι
1071 4741 1183 4795 Non
1223 4744 1273 4796 in
1320 4744 1579 4811 sapientia
1611 4745 1779 4810 verbi,
1813 4754 1870 4797 nt
1921 4758 2026 4799 non
2077 4759 2306 4800 evacue~

748 4844 835 4888 tur
862 4852 993 4889 crux
1022 4836 1241 4888 Christi.
1287 4853 1304 4885 ›
1339 4835 1563 4889 Sublato
1595 4851 1780 4889 eorum
1831 4836 1963 4890 fastu
2000 4837 2089 4904 qni
2128 4836 2305 4904 bapti-

746 4927 937 4982 sinatis
956 4927 1166 4979 nomine
1184 4927 1376 4979 cristas
1407 4936 1710 4991 erexerant,
1732 4928 1796 4979 ad
1826 4942 1919 4982 eos
1946 4944 2085 4982 nunc
2114 4939 2292 4982 trans-

751 5019 813 5079 it,
859 5018 947 5085 qni
981 5026 1202 5070 externa
1249 5018 1513 5084 sapientia
1572 5018 1956 5084 eil‘erebantnr,
2012 5019 2310 5087 inquiens:

749 5107 892 5162 Misit
922 5122 1007 5160 me
1037 5106 1378 5173 Evangelium
1408 5088 1720 5175 praedicare,
1760 5126 1778 5159 ι
1822 5123 1926 5159 non
1962 5107 2014 5161 iit
2048 5108 2312 5175 sapientia

748 5198 920 5262 verbi,
958 5216 976 5249 ι
1042 5198 1141 5250 hoc
1173 5208 1273 5259 est,
1322 5199 1373 5251 in
1418 5199 1747 5265 eloquentia,
1790 5199 2161 5266 sermonisque
2190 5212 2310 5251 cum

748 5289 1040 5359 elegantia,
1088 5297 1198 5339 tum
1258 5298 1571 5351 venustate;
1633 5302 1699 5341 ne
1752 5302 1945 5341 noxam
1997 5287 2231 5355 patiatur
2259 5295 2314 5339 et

750 5379 1181 5433 imminutionem
1217 5395 1373 5441 crux,
1408 5380 1524 5432 sive
1556 5380 1620 5434 de
1649 5393 1811 5432 cruce
1846 5379 2172 5446 praedicatio.
2208 5377 2319 5431 lloc

750 5468 894 5524 enim
930 5478 1010 5522 est
1038 5470 1177 5535 quod
1208 5469 1280 5522 ait
1315 5488 1330 5523 :
1381 5488 1399 5520 t
1440 5478 1752 5532 evacuctur,
1785 5487 1804 5520 ι
1834 5469 1885 5522 id
1915 5478 2019 5531 est,
2043 5466 2248 5520 inutilis
2270 5475 2323 5518 et

754 5559 929 5613 inanis
975 5559 1299 5614 inveniatur.
1343 5560 1399 5614 Si
1451 5562 1592 5615 enim
1631 5559 1685 5612 in
1716 5559 1976 5626 sapientia
2006 5559 2152 5612 verbi
2185 5571 2318 5625 apo-

756 5651 875 5705 stoli
908 5652 1310 5718 pratdicassent,
1348 5653 1649 5721 potuissent
1680 5650 1896 5722 quidam
1930 5652 2129 5711 dicere,
2172 5647 2315 5716 quod

2411 3277 2639 3340 πτίζειν,
2682 3274 2822 3327 ὥστε
2853 3274 2976 3325 οὐδὲ
3033 3272 3317 3342 μέμνημαι
3373 3273 3426 3324 εί
3461 3288 3585 3324 τινα
3632 3272 3794 3325 ἄλλον
3842 3275 3977 3327 ἐσά-

2409 3383 2606 3420 πτισα⁹
2642 3365 2759 3428 πῶς
2790 3362 2882 3417 οὖν
2915 3366 3071 3434 ὑμεῖς
3092 3365 3185 3415 ἐπὶ
3218 3363 3392 3432 τούτῳ
3430 3364 3690 3433 αἴρεσθες

2485 3478 2503 3510 ι
2557 3458 2630 3511 0-3
2654 3459 2761 3527 γὰρ
2787 3456 3075 3511 ἀπέστειλέ
3116 3473 3180 3525 με
3223 3455 3459 3525 Χριστὸς
3508 3455 3815 3525 βαπτίζειν,
3860 3456 3979 3510 ἀλλ’

2408 3548 2874 3617 εὐαγγελίζεσθαι.
2922 3566 2939 3598 ι
2980 3547 3053 3599 Τὸ
3085 3548 3193 3617 γὰρ
3222 3545 3651 3616 ἐπιπονώτερον,
3678 3549 3773 3599 καὶ
3795 3546 3973 3615 ψυχῆς

2412 3642 2634 3710 σιδηρᾶς
2682 3639 2957 3707 δεόμενον,
3008 3636 3068 3689 τῦ
3115 3635 3564 3704 εὐαγγελίζεσθαι
3603 3632 3693 3707 ἦν.
3749 3638 3823 3689 Th
3868 3640 3983 3707 γὰρ

2414 3732 2742 3801 μεταπεῖσαι
2795 3728 3101 3799 ἄνθρωπον,
3169 3728 3266 3781 καὶ
3323 3727 3667 3797 μεταστῆσαι
3719 3728 3829 3780 τῶν
3902 3748 3981 3779 (α-

2409 3822 2599 3893 τρῴων
2660 3822 2967 3891 δογμάτων,
3026 3822 3121 3875 καὶ
3168 3819 3343 3874 ταῦτα
3380 3822 3438 3872 ἐν
3502 3821 3652 3889 μέσῳ
3693 3818 3983 3882 κινδύνων,

2413 3915 2653 3985 μεγάλης
2698 3915 2876 3984 ψυχης
2926 3913 3019 3965 καὶ
3058 3913 3331 3981 γενναίας.
3405 3912 3479 3964 To
3531 3912 3587 3965 δὲ
3637 3912 3981 3981 παραλαόεἶν

2409 4010 2625 4079 ἕτοιμον
2679 4009 2773 4060 καὶ
2838 4007 3129 4073 βαπτίσαι,
3171 4005 3375 4066 πάντος
3441 4005 3507 4058 ἂν
3556 4004 3641 4074 εἴη
3717 4004 3813 4056 τοῦ
3880 4006 3987 4074 τὴν

2413 4101 2713 4171 ἱερωσύνην
2742 4102 2976 4168 ἔχοντος.
3012 4100 3119 4152 Καὶ
3145 4100 3193 4150 εἰ
3226 4098 3327 4151 οὐκ
3354 4097 3633 4164 ἀπεστάλη
3675 4097 3979 4165 βαπτίζειν,

2413 4195 2528 4256 πῶς
2553 4193 2687 4253 ὅλως
2718 4192 3048 4255 ἐϐάπτισενς
3094 4191 3208 4243 Οὐκ
3251 4189 3532 4258 ἀπεστάλη
3580 4189 3677 4258 μὲν
3713 4190 3794 4247 είς
3822 4190 3984 4242 τοῦτο

2412 4284 2875 4354 προηγουμένως’
2938 4282 3077 4350 πλὴν
3158 4281 3273 4335 ἀλλ’
3332 4281 3432 4334 οὐκ
3505 4280 3755 4351 ἐκωλύθη
3820 4281 3984 4333 τοῦτο

2413 4377 2608 4427 ποιεῖν.
2640 4375 2730 4436 Εἰς
2761 4374 2857 4442 μὲν
2894 4373 3001 4443 γὰρ
3030 4373 3089 4426 τὸ
3123 4373 3307 4443 μεῖζ›·ν
3336 4373 3639 4442 ἀπεσιαλη,
3672 4372 3784 4427 ἀπὸ
3798 4371 3854 4426 δὲ
3885 4371 3981 4425 τοῦ

2414 4467 2508 4519 καὶ
2532 4465 2594 4519 τὸ
2620 4466 2845 4520 ἔλαττον
2868 4467 3114 4536 ἐνεργεῖν
3148 4465 3249 4518 οὐκ
3277 4463 3555 4535 ἐκωλύθη.

2493 4756 2511 4789 ι
2553 4735 2666 4789 Οὐκ
2689 4736 2746 4789 ἐν
2783 4734 2944 4805 σοφίᾳ
2981 4734 3163 4803 λόγου,
3205 4734 3291 4788 ἵνα
3320 4733 3394 4805 μὴ
3430 4732 3641 4805 κενωθῇ
3681 4735 3708 4786 ὁ
3751 4733 3983 4803 canopi»;

2416 4828 2510 4882 τοῦ
2541 4826 2802 4897 Χριστοῦ.
2853 4844 2870 4876 ι
2920 4824 3178 4878 Καθελὼν
3234 4823 3334 4895 τὴν
3389 4823 3562 4893 ὀφρὺν
3607 4824 3715 4875 τῶν
3769 4823 3863 4875 ἐπὶ
3904 4823 3983 4892 τῷ

2415 4918 2701 4989 βαπτίζειν
2737 4918 2879 4987 μέγα
2917 4915 3279 4986 φρονούντων,
3333 4914 3653 4984 μεταϐαένει
3687 4915 3728 4945 ¹³
3757 4914 3848 4965 νῦν
3888 4914 3984 4966 καὶ

2413 5012 2505 5063 ἐπὶ
2535 5010 2660 5071 τοὺς
2688 5011 2755 5078 τῇ
2788 5006 2987 5072 ἔξωθεν
3016 5007 3178 5076 σοφίᾳ
3208 5006 3633 5076 ἐπαιρομένους,
3668 5005 3761 5057 καί
3793 5022 3981 5076 φησιν,

2411 5102 2492 5153 ὅτι
2556 5097 2872 5152 Ἀπέστειλε
2926 5115 2991 5167 με
3021 5096 3491 5163 εὐαγγελίζεσθαι,
3543 5114 3562 5147 ι
3597 5097 3697 5148 οὐκ
3728 5098 3785 5146 ἐν
3821 5095 3985 5163 σοφίᾳ.

2410 5190 2625 5259 λόγου.»
2652 5190 2950 5254 τουτέστιν,
2974 5188 3275 5257 εὐγλωττία
3300 5189 3395 5240 καὶ
3421 5187 3758 5256 καλλιεπεὲα,
3792 5187 3880 5239 ἵνα
3910 5185 3986 5254 μὴ

2416 5282 2622 5352 βλάϐην
2683 5284 2777 5335 καὶ
2826 5280 3123 5335 ἐλάττωσιν
3165 5281 3325 5333 πάθοι
3373 5281 3400 5332 ὁ
3460 5280 3715 5346 σταυρὸς,
3760 5280 3878 5348 ἦτοι
3924 5277 3988 5328 τὸ

2420 5370 2667 5441 περὶτοῦ
2714 5370 2949 5439 σταυροῦ
2992 5372 3274 5440 κήρυγμα.
3319 5370 3487 5422 Τοῦτο
3536 5370 3643 5439 γὰρ
3690 5371 3768 5433 τὶν,
3814 5388 3831 5419 ι
3876 5371 3980 5421 Κε-

2420 5466 2588 5535 νωθῇ,
2626 5484 2643 5515 ι
2698 5464 3001 5528 τουτέστιν,
3038 5465 3313 5531 ἄχρηστος
3356 5463 3449 5514 καὶ
3482 5461 3634 5523 κενὸς
3669 5462 3890 5531 εὑρεθῇ.
3923 5461 3986 5513 Εἰ

2422 5556 2535 5625 γὰρ
2568 5557 2624 5606 ἐν
2654 5550 2815 5624 σοφία
2844 5553 3000 5621 λόγου
3027 5554 3077 5605 oi
3103 5552 3390 5606 ἀπόστολοι
3419 5552 3714 5621 ἐκήρυξαν,
3752 5548 3895 5620 εἶχον
3921 5550 3987 5605 ἄν

2422 5662 2565 5707 τινες
2604 5644 2804 5712 λέγειν,
2851 5644 2933 5698 ὅτι
2971 5643 3058 5697 διὰ
3092 5643 3190 5714 τὴν
3253 5642 3583 5714 πιθανότητα
3641 5642 3748 5696 τῶν
3806 5642 3988 5710 λόγων

2085 5739 2288 5805 Variae
2351 5737 2675 5802 lectiones.

844 5838 883 5875 ³³
925 5842 1236 5897 xJJCaivit
1264 5860 1312 5899 0.
