4286 6444
789 412 893 473 570

1670 401 2241 463 ΤΠΕΟΡΙΙΥΙΑΕΤΙ
2277 401 2376 461 BU
2389 402 2690 462 LGARIE
2727 404 3087 464 ARCIIIEP.

2338 401 2690 462 ULGARIE
2727 404 3087 464 ARCIIIEP.
3923 411 4030 473 580

788 526 1070 595 pieiitiam,
1119 540 1136 573 ι
1186 520 1379 590 accipit
1429 533 1547 589 pro,
1599 517 1924 573 incilieacem
1965 533 2083 573 csse
2133 518 2352 571 dcmon-
2384 524 2429 579 Α
2460 538 2480 571 γ

2337 548 2352 555 -
2384 524 2429 579 Α
2460 523 2552 572 καὶ
2605 521 2797 590 ηλεγξε
2856 523 3065 593 μωρὰν,
3116 523 3191 585 ὡς
3253 524 3328 593 μὴ
3379 522 3677 592 ίσχύσασαν
3720 524 3901 594 εὑρεῖν
3964 532 4029 579 τὸ

787 621 1000 679 stravit,
1028 632 1089 669 ac
1136 615 1372 669 convicit
1424 626 1545 667 esse
1596 612 1840 675 stultam,
1884 619 1941 663 ιιι
1968 624 2087 678 qua:
2119 623 2223 663 n0u
2250 622 2344 677 po-

788 711 947 765 luerit
980 707 1220 760 invenire
1242 722 1444 757 verum.

859 799 1017 850 Vens.
1052 796 1142 849 ‘20.
1182 814 1198 845 ι
1242 794 1337 847 Ubi
1372 795 1630 860 sapiens?
1657 793 1746 844 ubi
1775 792 1987 846 scriba?
2020 792 2107 844 ubi
2160 792 2346 859 dispu-

787 900 925 941 tatur
951 889 1127 942 steculi
1173 884 1369 953 hujus?
1397 906 1414 937 ι
1444 886 1733 950 Scriptura:
1759 884 2060 936 testimonia
2100 884 2342 949 protulit,

783 980 1035 1044 deinceps
1072 989 1253 1042 itaque
1289 976 1805 1027 demonstrationem
1842 988 1869 1023 a
1899 975 2057 1023 rebus
2092 974 2220 1038 ipsis
2255 974 2339 1026 in-

785 1072 947 1127 ducit,
970 1066 1217 1133 inquiens
1248 1085 1258 1117 :
1292 1063 1387 1117 lilii
1415 1064 1724 1117 Crmcot'um
1748 1062 1999 1127 sapiens?
2023 1062 2108 1113 ubi
2132 1060 2344 1115 Judao-

787 1176 898 1210 rum
942 1158 1151 1209 scriba?
1179 1158 1265 1209 ubi
1311 1157 1609 1222 disputator
1636 1156 1721 1220 qui
1774 1153 2105 1222 syllogismis
2136 1162 2189 1205 ct
2232 1154 2343 1206 dis-

783 1252 1162 1319 qu'sitmuihus
1192 1249 1371 1302 omnia
1402 1250 1624 1302 tribuit?
1665 1247 1784 1310 Ubi,
1815 1246 1857 1299 si
1888 1262 2007 1299 cum
2044 1258 2341 1313 apparcnte

785 1342 1173 1409 praedicationis
1218 1340 1446 1392 stultitia
1506 1338 1922 1406 comparentur?
1959 1338 2224 1403 liespectu
2274 1335 2341 1387 il-

784 1438 881 1488 lius
926 1450 1082 1502 quem
1111 1434 1282 1485 locum
1316 1431 1614 1498 occupant?
1655 1428 2015 1483 'l'ranscvndit
2047 1430 2189 1482 enim
2247 1442 2340 1482 eos

782 1539 833 1580 et
865 1527 1159 1593 snperavit.
1199 1543 1215 1575 ι
1252 1523 1440 1578 Saeculi
1477 1522 1659 1593 hujus,
1693 1540 1712 1574 ›
1742 1526 1844 1577 hoc
1876 1531 1979 1587 est,
2015 1522 2067 1573 in
2097 1520 2199 1574 hoc
2236 1535 2338 1575 sa:-

783 1621 904 1674 culo
930 1622 1213 1671 exsistens.

861 1732 878 1761 ι
923 1711 1108 1763 Nonne
1157 1710 1372 1762 stultam
1440 1708 1563 1763 fecit
1614 1707 1753 1762 Deus
1797 1708 2118 1776 sapientiam
2180 1705 2339 1775 hujus

786 1804 1005 1856 mundi?
1060 1822 1078 1854 ι
1127 1801 1315 1855 Nonne
1378 1801 1517 1856 Deus
1573 1802 1893 1869 sapientiam
1944 1799 2249 1854 Judxorum
2288 1810 2339 1851 et

783 1894 1111 1955 Οιωςοιίιιιι,
1151 1895 1239 1961 qui
1280 1910 1362 1946 res
1412 1894 1707 1946 mundanas
1749 1894 2053 1959 sapic-bant,
2100 1892 2339 1943 ittcﬂica-
2379 1883 2417 1936 Β

784 2002 900 2039 cem
936 2000 1055 2039 csse
1084 1984 1338 2046 ostendit,
1385 1999 1445 2036 ac
1494 1982 1710 2036 stultam
1762 1998 1877 2036 esse
1931 1984 2342 2043 demonstravit,

785 2088 965 2144 utpote
991 2094 1109 2143 qua:
1129 2079 1407 2128 veritatem
1430 2075 1670 2129 invenire
1694 2090 1797 2127 non
1823 2076 2066 2140 poterat?
2090 2071 2164 2125 ιω
2188 2088 2336 2127 sane.

785 2170 915 2221 Nam
952 2185 1047 2238 per
1101 2170 1518 2223 conciouatores
1549 2166 1638 2235 qui
1688 2168 1838 2221 stulti
1872 2168 2214 2229 videbantur,
2250 2180 2340 2218 ve-

787 2264 917 2315 ritas
947 2271 1000 2315 et
1028 2262 1175 2314 salus
1225 2260 1570 2322 edocebatur,
1604 2268 1657 2313 et
1708 2274 1814 2313 non
1860 2273 1954 2329 per
1986 2272 2082 2313 eos
2127 2259 2219 2327 qui
2246 2273 2337 2313 sa-

784 2354 989 2421 pientes
1022 2353 1359 2405 videbantur.

858 2444 1017 2495 Vens.
1053 2442 1145 2495 2|.
1178 2461 1198 2494 ι
1236 2442 1373 2496 Nam
1408 2442 1531 2511 quia
1566 2442 1615 2495 in
1650 2440 1743 2495 Dei
1776 2442 2043 2509 sapientia
2094 2456 2199 2496 non
2246 2456 2337 2496 co-

783 2538 968 2605 gnovit
1019 2534 1249 2587 mundus
1299 2536 1485 2599 Deunt,
1510 2533 1711 2601 placuit
1765 2533 1874 2587 Deo
1922 2550 2014 2601 per
2061 2534 2341 2587 stultitiam

786 2624 1176 2692 pradicationis
1219 2638 1433 2677 scrvare
1477 2626 1781 2677 credentes.
1825 2642 1844 2675 ι
1891 2623 2117 2677 Causam
2170 2624 2343 2675 reddit

785 2731 948 2783 quare
987 2715 1248 2781 sapientia
1280 2714 1459 2766 mundi
1492 2717 1541 2766 in
1565 2714 1840 2766 stultitiam
1878 2729 2027 2767 versa
2062 2714 2152 2768 sit.
2180 2712 2337 2767 Pus:-

784 2822 1012 2876 eaquam
1054 2809 1195 2859 enim
1230 2807 1281 2859 in
1307 2806 1594 2874 sapientia,
1626 2820 1744 2872 qua:
1784 2819 1879 2872 per
1914 2816 2190 2859 creaturas
2227 2820 2344 2859 cer-

787 2901 930 2952 nitur
960 2898 1174 2966 (cmlum
1203 2899 1344 2949 enim
1383 2906 1437 2949 et
1493 2906 1659 2957 terra,
1697 2894 1937 2963 adeoque
1965 2897 2140 2950 omnis
2193 2910 2342 2949 crea-

788 3000 903 3042 tura
940 2989 1196 3056 praedicat
1225 2985 1615 3053 Conditorem),
1670 3000 1773 3037 non
1818 2986 2052 3039 novisset
2090 2989 2339 3048 mundus,

790 3080 890 3131 hoc
940 3088 1053 3139 est,
1116 3077 1205 3143 qui
1264 3075 1533 3128 mundana
1590 3077 1835 3141 sapiunt,
1887 3073 2053 3127 Deum
2090 3076 2209 3144 (per
2249 3092 2337 3127 sa-

2453 610 2675 680 ἀληθές.

2535 788 2581 857 [ι
2624 790 2733 841 Ποῦ
2762 790 2960 857 σοφόςς
3016 790 3119 844 ποῦ
3148 793 3535 863 γραμματεύς;
3580 793 3681 846 ποῦ
3717 795 4027 865 συζητητὴς

2451 879 2543 932 τοῦ
2572 881 2766 943 αἰῶνος
2801 882 2989 935 τούτου
3023 901 3040 949 ;
3087 902 3103 933 ι
3151 881 3283 936 Eine
3324 885 3392 937 τὰ
3425 885 3521 953 τῆς
3555 886 3797 956 Γραφῆς’
3836 887 4026 939 λοιπὸν

2451 966 2544 1022 οῦν
2578 972 2670 1023 καὶ
2699 973 2797 1041 τὴν
2820 974 2927 1025 ἀπὸ
2965 975 3073 1025 τῶν
3112 976 3450 1045 πραγμάτιον
3479 978 3671 1043 ἐπάγει
3722 978 4019 1041 ἀπόδειξιν,

2449 1063 2541 1114 καί
2561 1080 2689 1131 φησι
2707 1079 2719 1091 ·
2740 1083 2757 1114 ι
2782 1064 2890 1117 Ποῦ
2912 1065 3069 1133 σοφὸς
3095 1085 3113 1117 ι
3135 1066 3428 1137 Ἐλλήνώνς
3455 1087 3472 1119 ι
3501 1068 3599 1120 ποῦ
3619 1072 3971 1137 γραμματεὺς
3996 1090 4017 1121 ι

2464 1153 2732 1205 Ἰουδαίων
2759 1170 2773 1217 ;
2806 1172 2825 1203 σ
2846 1154 2945 1205 ποῦ
2970 1154 3316 1226 συζητητὴςί»
3350 1156 3724 1225 συλλογισμοῖς
3752 1156 3841 1208 καὶ
3862 1158 4017 1225 ἐρεύ-

2449 1263 2566 1309 ναις
2604 1246 2670 1297 τα
2695 1248 2872 1299 πάντα
2904 1248 3217 1319 ἐπιτρέπων
3246 1266 3261 1314 ;
3323 1248 3426 1301 ποῦ
3476 1250 3609 1318 πρὸς
3640 1250 3736 1318 τὴν
3760 1248 4022 1301 δοκοῦσαν

2452 1342 2663 1410 μωρίαν
2716 1341 2809 1393 τοῦ
2863 1341 3268 1411 κηρύγματος;
3315 1339 3417 1392 ποῦ
3451 1340 3710 1407 φθάνουσι
3759 1341 3892 1410 πρὸς
3922 1342 4021 1391 αύ-

2448 1436 2582 1502 τήνς
2624 1432 2894 1501 ’Υπερέόη
2960 1434 3065 1501 γὰρ
3118 1433 3213 1484 καὶ
3251 1433 3538 1501 νενίκηκεν
3588 1432 3809 1495 αὐτούς.
3852 1451 3869 1482 ι
3908 1432 4018 1484 Τοῦ

2448 1526 2640 1585 αἰῶνος
2683 1542 2698 1573 ι
2726 1524 2781 1576 δὲ
2820 1543 2837 1574 ι
2875 1523 3087 1586 τούτου,
3126 1542 3144 1576 ι
3179 1524 3300 1576 ἀντὶ
3331 1524 3446 1589 τοῦ,
3476 1526 3531 1576 ἐν
3558 1524 3633 1593 τῷ
3660 1523 3815 1576 αίῶνι
3845 1525 4021 1593 τούτῳ

2449 1620 2760 1686 γενόμενος.

2523 1729 2540 1761 ι
2579 1709 2715 1778 Ούχὶ
2747 1708 3030 1778 ἐμώρανεν
3057 1710 3083 1761 6
3117 1709 3248 1771 Θεὸς
3265 1708 3361 1779 τὴν
3392 1708 3581 1776 σοφίαν
3604 1708 3695 1760 τοῦ
3717 1708 3919 1777 κόσμον
3945 1722 3957 1767 ;
3990 1726 4009 1755 ι

2453 1803 2591 1871 Οὐχὶ
2622 1802 2983 1871 ἀνενέργητον
3014 1800 3296 1866 ἀπέδειξεν
3320 1802 3346 1853 6
3394 1799 3525 1862 Θεὸς
3552 1800 3650 1868 τὴν
3686 1802 3877 1866 σοφίαν
3908 1799 4018 1849 τῶν

2448 1898 2513 1947 τὰ
2546 1894 2783 1963 κοσμικὰ
2813 1892 3151 1961 φρονούντων
3184 1893 3454 1945 Ἰουδαίων
3479 1894 3571 1945 καὶ
3600 1893 3891 1960 Ἑλλήνων,
3919 1893 4016 1943 καὶ

2447 1986 2638 2056 ἤλεγξε
2712 1985 2927 2054 μωρὰν,
2968 1986 3042 2055 μὴ
3088 1985 3390 2055 ίσχύσασαν
3446 1987 3626 2055 εὑρεῖν
3664 1985 3723 2035 τὸ
3776 1983 4014 2053 ἀὶηῢές;

2446 2082 2590 2133 [live
2627 2079 2723 2146 μὲν
2751 2077 2862 2131 οὖν.
2895 2077 2993 2129 Διὰ
3032 2077 3139 2147 γὰρ
3170 2077 3277 2128 τῶν
3303 2077 3604 2131 δοκούντων
3658 2074 3855 2145 μωρῶν
3907 2091 4013 2140 κη-

2448 2171 2627 2240 ρύκων
2659 2172 2692 2239 ἡ
2742 2168 2973 2239 ἀλήθεια
3020 2170 3114 2221 καὶ
3143 2170 3176 2238 ἡ
3230 2168 3473 2237 σωτηρία
3512 2167 3786 2235 ἐδιδάχθη,
3834 2166 3927 2217 καὶ
3952 2165 4013 2216 οῦ

2445 2266 2510 2318 δι’
2540 2266 2761 2317 ἐκείνων
2788 2263 2898 2316 τῶν
2932 2262 3234 2315 δοκούντων
3262 2262 3462 2327 σοφῶν.
3495 2260 3625 2314 Cod.
3678 2255 3961 2326 Arundel.]

2521 2466 2539 2498 ι
2582 2445 2801 2514 Ἐπειδὴ
2835 2445 2941 2514 γαρ
2999 2445 3055 2495 ἐν
3085 2446 3152 2513 τῇ
3186 2444 3348 2513 σοφία
3383 2440 3476 2493 τοῦ
3512 2440 3645 2493 Θεοῦ
3678 2441 3778 2492 οὐκ
3814 2440 3955 2506 ἕγνω
3986 2441 4015 2491 6

2446 2542 2645 2608 κόσμος
2671 2538 2758 2590 διὰ
2788 2539 2885 2606 τῆς
2920 2536 3112 2603 σοφίας
3164 2538 3252 2588 τὸν
3288 2535 3443 2600 Θεὸν,
3491 2535 3783 2603 εῦδόκησεν
3821 2534 3848 2584 6
3878 2532 4011 2593 Θεὸς

2443 2631 2530 2683 δια
2550 2630 2644 2698 τῆς
2673 2633 2878 2698 μωρίας
2896 2625 2989 2679 τοῦ
3008 2628 3361 2696 κηρύγματος
3386 2626 3555 2678 σῶσαι
3578 2627 3703 2685 τοὺς
3724 2624 4007 2676 πιστεύον-

2444 2739 2563 2783 τας.
2605 2742 2624 2772 ι
2660 2721 2820 2787 Λέγει
2883 2721 2981 2789 τὴν
3029 2720 3206 2772 αἰτίαν
3260 2717 3325 2770 δι’
3384 2718 3450 2789 ἣν
3485 2717 3775 2787 ἐμωράνθη
3835 2719 3865 2785 ἡ
3909 2716 4016 2781 ἔξω

2445 2815 2625 2882 σοφία.
2678 2812 2896 2880 Ἐπειδὴ
2931 2812 3039 2881 γὰρ
3066 2813 3123 2865 ἐν
3146 2814 3211 2880 τῇ
3254 2810 3342 2864 διὰ
3390 2811 3497 2863 τῶν
3532 2813 3849 2880 κτισμάτων
3888 2827 4014 2879 φαι-

2444 2908 2643 2978 νομένῃ
2675 2906 2835 2974 σοφία
2864 2905 2913 2974 (6
2940 2904 3169 2973 οὐρανὸς
3194 2904 3301 2973 γὰρ
3324 2905 3418 2955 καὶ
3464 2905 3496 2973 ὴ
3529 2904 3621 2973 γῆ,
3672 2905 3765 2954 καὶ
3801 2905 3949 2955 πᾶσα
3981 2903 4015 2969 ἡ

2445 3000 2619 3060 κτίσις
2654 2998 2913 3067 κηρύττει
2938 2996 3029 3048 τὸν
3059 2996 3417 3065 Δημιουργὸν)
3463 2994 3562 3046 οὑκ
3590 2993 4011 3061 ἕγνωόκόσμος,

2444 3092 2721 3142 τουτέστιν
2780 3092 2828 3141 οἱ
2860 3092 2929 3140 τὰ
2968 3090 3061 3141 τοῦ
3104 3091 3312 3157 κόσμου
3348 3089 3694 3157 φρονοῦντες,
3726 3087 3814 3139 τὸν
3848 3085 4007 3146 Θεὸν,

792 3170 1045 3237 pientiam
1082 3166 1351 3232 videlicet,
1388 3182 1505 3235 qua:
1547 3167 1599 3219 in
1652 3165 1958 3233 eloquentia
1996 3168 2338 3231 cernebatur,
2370 3200 2410 3256 ο
2452 3184 2484 3251 (ε

2325 3209 2338 3231 ’
2370 3200 2410 3256 C
2452 3183 2557 3251 (διὰ
2586 3183 2681 3249 τῆς
2709 3183 2765 3233 έν
2794 3181 3095 3250 εὐγλωττίξι
3126 3182 3170 3212 ¹⁶
3203 3181 3583 3251 θεωρουμένης
3614 3179 3805 3247 σοφίας
3836 3179 4012 3246 ἐμπο-

790 3260 1046 3327 impediti)
1071 3275 1081 3310 :
1104 3259 1274 3310 visum
1298 3265 1379 3310 est
1402 3256 1509 3309 Deo
1540 3271 1633 3325 per
1661 3256 2058 3325 praedicationis
2079 3255 2341 3323 simplici-

792 3357 952 3400 tatem
989 3350 1127 3415 (qum
1154 3347 1362 3399 videtur
1414 3346 1627 3415 quidem
1669 3360 1791 3398 esse
1826 3344 2077 3408 stultitia,
2114 3346 2207 3398 sed
2238 3360 2342 3399 non

790 3437 892 3508 est)
942 3453 1158 3491 servare
1189 3438 1491 3491 credentes.
1522 3435 1696 3490 Grtcci
1748 3438 1914 3505 igitur
1946 3438 2217 3491 doctorem
2252 3439 2345 3490 ha-

791 3532 1315 3599 bebantsapientiam
1340 3529 1454 3591 Dei,
1473 3544 1661 3599 nempe
1692 3530 1836 3583 illam
1864 3546 1981 3597 qua:
2006 3532 2055 3584 in
2084 3531 2347 3585 creaturis

788 3623 1047 3686 cernitur,
1076 3622 1169 3677 sed
1204 3632 1381 3675 tamen
1411 3620 1575 3675 Deum
1611 3636 1718 3675 non
1740 3632 2099 3691 agnoverunt,
2127 3633 2346 3693 pr0pter

790 3720 1105 3787 sapientiam
1130 3734 1289 3787 quant
1322 3718 1373 3771 in
1408 3718 1667 3772 orationis
1707 3728 1986 3773 venustate
2042 3720 2342 3789 ponebant;

789 3825 907 3877 quae
943 3824 1045 3861 non
1077 3808 1465 3874 estSapieutia.

864 3899 1026 3953 Vens.
1062 3899 1165 3961 9.2.
1200 3899 1290 3953 25.
1328 3917 1347 3951 ι
1381 3899 1643 3965 Quoniam
1678 3911 1731 3955 et
1758 3901 1929 3956 Judaai
1959 3903 2112 3972 signa
2138 3911 2344 3970 petunt,

789 4004 842 4046 et
867 3990 1040 4046 Grieci
1068 3992 1384 4059 sapientiam
1416 4002 1700 4061 quierunt:
1736 4009 1834 4048 nos
1862 4005 2042 4048 autem
2083 3996 2347 4064 praedica-

792 4100 909 4137 ntus
955 4084 1228 4137 Christum
1281 4086 1616 4139 crueilixum.
1661 4104 1680 4137 ι
1741 4084 1866 4142 Vult
1911 4096 2346 4143 commonstrare

792 4177 986 4231 l’aulus
1012 4178 1279 4245 quomodo
1318 4192 1416 4246 per
1445 4178 1717 4231 coatraria
1753 4178 1893 4233 Deus
1918 4179 2190 4233 coatraria
2221 4194 2347 4246 Ope-

794 4279 940 4321 ratus
966 4269 1055 4335 sit,
1082 4268 1364 4337 inquiens:
1394 4269 1451 4323 Si
1475 4271 1689 4339 quando
1716 4271 1901 4325 dixero
1921 4271 2125 4337 Iudaeo,
2150 4272 2342 4337 Crede,

792 4368 1029 4411 actutum
1071 4358 1219 4427 signa
1260 4360 1483 4427 inquirit
1510 4360 1574 4413 ad
1598 4361 2058 4416 conﬁrmationem
2091 4366 2346 4432 pradica-

793 4449 972 4503 tionis.
1001 4447 1105 4503 Nos
1126 4456 1303 4502 autem
1324 4448 1595 4504 Christum
1619 4452 1970 4519 praedicamus
1990 4452 2301 4507 crucifixum
2328 4470 2343 4508 :

2447 3275 2714 3339 διζόμενοι
2742 3273 2987 3343 δηλαδὴ),
3026 3273 3329 3342 εὐδόκησεν
3383 3275 3410 3324 6
3446 3274 3576 3337 Θεὸς
3621 3275 3708 3326 διὰ
3740 3277 3835 3342 τῆς
3868 3274 4012 3323 ἰδιω-

2446 3366 2597 3426 τείας
2633 3363 2726 3416 τοῦ
2757 3364 3109 3435 κηρύγματος
3141 3365 3281 3434 (ἥτις
3315 3365 3460 3417 δοκεῖ
3490 3365 3587 3434 μὲν
3617 3359 3759 3416 εἶναι
3804 3363 4012 3432 μωρία,

2444 3458 2543 3508 οῦκ
2573 3458 2687 3508 ἐστι
2712 3457 2789 3523 δὲ)
2828 3456 3000 3508 σῶσαι
3027 3456 3151 3513 τοὺς
3194 3456 3564 3515 πιστεύοντας.
3597 3450 3752 3522 Εἶχον
3786 3454 3884 3521 μὲν
3921 3447 4015 3503 οῦν

2446 3548 2761 3600 διδάσκαλον
2789 3547 2837 3598 ot
2870 3546 3133 3614 ’Έλληνες
3161 3546 3258 3613 τὴν
3290 3546 3481 3613 σοφίαν
3503 3544 3595 3598 τοῦ
3631 3542 3788 3605 Θεοῦ,
3820 3544 3918 3611 τὴν
3956 3544 4015 3593 ἐν

2446 3642 2557 3700 τιῖς
2610 3639 2871 3706 κτίσμασι
2905 3638 3108 3707 δηλαδὴ
3172 3638 3550 3707 θεωρουμένην
3578 3655 3591 3668 ’
3619 3637 3718 3688 ούκ
3767 3635 4014 3701 ἔγνωσαν

2446 3732 2503 3783 δὲ
2536 3733 2625 3783 τὸν
2654 3731 2807 3797 Θεὸν,
2840 3730 2928 3782 διὰ
2958 3730 3057 3798 τῆς
3086 3732 3142 3783 ἐν
3164 3728 3310 3793 λέξει
3341 3730 3527 3796 σοφίας
3552 3745 3565 3757 ·
3601 3730 3723 3798 ἥτις
3762 3728 3861 3779 ούκ
3893 3728 4013 3779 εστι

2450 3824 2609 3892 σοφία
2627 3823 2689 3873 ¹⁷.

2526 3932 2544 3963 ι
2594 3912 2810 3981 Ἐπειδὴ
2839 3913 2933 3964 καὶ
2964 3911 3206 3964 Ἰουδαῖοι
3242 3912 3470 3981 σημεῖον
3500 3909 3733 3975 αίτοῦσι,
3771 3908 3867 3963 καὶ
3890 3908 4014 3961 ’Ἐλ-

2448 4004 2604 4071 ληνες
2647 4001 2839 4070 σοφίαν
2868 4001 3123 4072 ζητοῦσιν
3153 4018 3165 4031 ·
3200 4004 3357 4071 ἡμεῖς
3396 4001 3449 4053 δὲ
3492 3999 3838 4071 κηρύσσομεν
3871 4000 4009 4068 Χρι-

2451 4094 2574 4145 στὸν
2612 4094 3051 4161 ἐσταυρωμένον.
3103 4109 3122 4143 ι
3163 4091 3316 4143 Θέλει
3356 4091 3527 4155 δεῖξαι
3573 4094 3599 4144 6
3631 4090 3861 4151 Παῦλος,
3894 4091 4010 4147 π’ς

2447 4184 2531 4235 διὰ
2562 4182 2671 4234 τῶν
2701 4184 2955 4235 ἐναντίων
2984 4184 3052 4235 τὰ
3083 4182 3301 4235 ἐναντία
3334 4182 3361 4232 6
3391 4181 3522 4244 Θεὸς
3553 4181 3846 4250 εἰργάσατο
3866 4197 3879 4210 ·
3917 4182 4012 4231 καί

2449 4291 2632 4343 φησιν,
2666 4274 2748 4324 ὅτι
2780 4273 2949 4325 Ὅταν
2980 4272 3119 4325 εἴπω
3146 4274 3222 4338 τῷ
3266 4273 3534 4344 Ἰουδαίῳ,
3573 4274 3887 4335 Πίστευσον,
3923 4273 4011 4322 εῦ-

2449 4362 2542 4425 θὺς
2576 4364 2774 4431 σημεῖα
2824 4362 2977 4430 ζητεί
3009 4364 3141 4433 πρὸς
3177 4363 3433 4416 σύστασιν
3472 4363 3565 4416 τοῦ
3616 4362 3967 4432 κηρύγματος
3996 4377 4012 4390 ·

2446 4456 2607 4522 ἡμεῖς
2636 4455 2691 4506 δὲ
2716 4456 2951 4524 Χριστὸν
2978 4456 3320 4525 κηρύσσομεν
3344 4454 3775 4525 ἐσταυρωμένον
3797 4456 3933 4521 ὅπερ
3950 4453 4011 4503 οῦ

792 4543 932 4609 quod
961 4556 1061 4593 non
1092 4540 1261 4595 solum
1318 4555 1427 4594 non
1476 4550 1558 4595 est
1611 4542 1888 4611 signorum
1936 4543 2220 4610 exhibitio,
2254 4559 2347 4599 ve-
2382 4536 2423 4590 Β
2455 4564 2484 4616 μ

2330 4574 2347 4585 ο
2382 4536 2423 4590 D
2455 4546 2613 4616 μόνον
2641 4547 2741 4599 οὐκ
2797 4547 2912 4598 ἐστι
2962 4548 3202 4616 σημείων
3238 4546 3517 4611 ἐπίδειξις,
3552 4546 3687 4598 ἀλλὰ
3720 4547 3812 4598 καὶ
3847 4546 4014 4597 6605-

794 4643 911 4681 rum
944 4629 1105 4681 etiam
1140 4629 1491 4694 inlirmitatis,
1528 4643 1784 4697 quantum
1817 4632 2033 4700 quidem
2062 4644 2285 4703 apparet
2330 4654 2342 4688 :

794 4729 1029 4773 attamen
1085 4736 1178 4789 per
1222 4723 1343 4785 hoc,
1400 4722 1542 4791 quod
1600 4736 1848 4791 respectu
1883 4724 2027 4780 illius
2069 4728 2211 4796 qttod
2264 4727 2351 4782 ille

795 4812 946 4877 petit,
1011 4811 1279 4863 inlirnium
1328 4820 1381 4864 et
1431 4814 1760 4865 contrarium
1806 4815 2036 4878 videtur,
2072 4817 2137 4869 ad
2191 4815 2349 4870 ﬁdem

794 4901 1125 4969 perducitur.
1175 4900 1305 4966 Qua:
1357 4917 1441 4955 res
1493 4906 1764 4972 ingentem
1835 4920 1965 4960 sane
2014 4906 2107 4962 Dei
2159 4919 2348 4977 poten-

796 4995 924 5045 tiam
954 4993 1205 5047 ostendit.
1240 4993 1445 5047 Rursus
1480 5012 1493 5047 :
1525 4995 1696 5050 Graeci
1722 4998 2043 5068 sapientiam
2076 5001 2351 5068 inquirunt

796 5099 824 5134 a
868 5084 1059 5137 nobis:
1101 5084 1247 5153 alqui
1292 5093 1343 5137 et
1390 5085 1497 5138 illis
1558 5101 1654 5141 nos
1704 5102 1919 5141 crucem
1973 5092 2347 5158 praedicamus,

797 5169 937 5234 quod
983 5182 1035 5221 et
1076 5170 1265 5236 ipsum,
1306 5180 1364 5223 ut
1406 5184 1646 5240 apparet,
1684 5175 1921 5230 stultitia:
1954 5192 2075 5232 esse
2118 5180 2349 5243 videtur,

800 5258 961 5311 Deum
990 5275 1178 5328 nempe
1216 5261 1527 5315 crucifixum
1557 5266 1851 5333 praedicare
1878 5285 1889 5320 :
1931 5268 2145 5323 interim
2174 5281 2348 5324 tamen

799 5354 872 5404 ita
920 5354 1329 5420 persuadentur.
1362 5352 1552 5408 N0nue
1593 5358 1755 5424 igitur
1813 5360 2063 5413 maxima:
2111 5361 2225 5416 hch
2256 5377 2349 5429 po-

798 5440 978 5493 tentia;
1006 5452 1318 5511 argumenta
1348 5453 1494 5507 sunt,
1514 5459 1579 5497 ex
1610 5447 1916 5512 contrariis,
1942 5450 2119 5518 quoad
2147 5466 2209 5505 ea
2234 5468 2351 5520 qua:

800 5532 1095 5599 inquirunt,
1128 5536 1432 5601 persuaderi
1466 5536 1593 5589 eos?

873 5637 893 5670 ι
929 5620 1126 5673 Iuda-is
1162 5622 1376 5689 quidem
1407 5624 1744 5690 scandalum,
1776 5625 1977 5683 Grmcis
2006 5634 2185 5683 autem
2212 5634 2348 5685 stul-

2448 4638 2616 4699 νείας,
2649 4638 2771 4689 ὅσον
2798 4639 2939 4689 κατὰ
2965 4638 3025 4689 τὸ
3048 4640 3372 4707 φαινόμενον
3397 4654 3409 4666 ·
3442 4640 3533 4690 καὶ
3563 4639 3710 4706 ὅμως
3728 4639 3907 4705 τούτῳ
3937 4636 4015 4703 τῷ

2446 4728 2692 4781 δοκοῦντι
2749 4730 2969 4782 ἀσθενεῖ
3020 4730 3112 4781 καί
3169 4730 3419 4798 ἐναντίῳ,
3469 4730 3593 4780 ὅσον
3626 4729 3761 4797 πρὸς
3790 4727 4011 4789 δαίτεῖ,

2446 4817 2697 4883 ἐνάγεται
2731 4821 2823 4869 καὶ
2867 4819 3001 4886 πρὸς
3040 4822 3139 4889 τὴν
3194 4824 3373 4871 πίστιν
3401 4835 3413 4847 ·
3443 4820 3602 4873 τοῦτο
3656 4821 3713 4874 δὲ
3766 4823 4015 4890 μεγάλην

2448 4910 2684 4962 δείκνυσι
2735 4912 2833 4979 τὴν
2868 4911 2960 4963 τοῦ
3020 4912 3153 4963 Θεοῦ
3203 4912 3452 4981 δύναμιν.
3517 4914 3704 4966 Πάλιν·
3752 4915 4012 4983 "Elin-2:;

2451 5001 2641 5073 σοφίαν
2670 4999 2985 5070 ἐπιζητοῦσι
3013 5004 3142 5072 παρ’
3168 5006 3346 5074 ἡμῶν,
3378 5006 3517 5059 ἀλλὰ
3549 5008 3819 5070 κάκείνοις
3850 5009 4013 5076 ἡμεῖς

2448 5090 2537 5143 τὸν
2572 5094 2801 5161 σταυρὸν
2842 5094 2883 5124 ⁸⁸
2933 5097 3280 5165 κηρύσσομεν
3308 5113 3321 5127 ·
3372 5098 3509 5167 ὅπερ
3547 5100 3687 5151 κατὰ
3724 5100 3787 5150 τὸ
3822 5103 4012 5165 φαινό-

2452 5200 2610 5250 μενον
2633 5186 2723 5236 καὶ
2754 5186 2962 5254 μωρίας
2989 5185 3309 5251 εἶναιδοκεῖ,
3340 5191 3471 5241 Θεὸν
3498 5192 3796 5258 κηρύσσειν
3817 5192 4015 5242 ἐσταυ-

2451 5275 2693 5343 ρωμένον
2720 5292 2733 5305 '
2779 5278 2915 5330 ἀλλὰ
2963 5281 3055 5331 καὶ
3104 5278 3249 5331 οὕτω
3297 5280 3592 5333 πείθονται.
3628 5282 3769 5351 Ἀρα
3806 5281 3868 5333 ού
3912 5299 4013 5347 με·

2451 5368 2643 5435 γίστης
2676 5367 2843 5419 ταῦτα
2872 5370 3172 5439 δυνάμεως,
3210 5375 3273 5424 ἐκ
3300 5373 3405 5423 τῶν
3437 5374 3714 5435 ἐναντίων,
3749 5374 3825 5436 ὡς
3875 5375 4011 5442 πρὸς

2452 5460 2487 5511 ἂ
2516 5459 2667 5511 αὐτοὶ
2697 5460 3033 5531 ἐπιζητοῦσι,
3072 5465 3349 5517 πείθεσθαι
3376 5467 3604 5528 αὖτούςς

2532 5653 2550 5685 ι
2606 5636 2878 5702 Ἰουδαίοις
2908 5641 3007 5708 μὲν
3043 5642 3354 5711 σκάνδαλον,
3382 5644 3606 5716 ’Ἑὶλησι
3632 5643 3688 5699 δὲ
3721 5644 3957 5715 μωρίαν.
3988 5664 4006 5698 ι

2116 5726 2309 5785 Varia:
2342 5724 2667 5789 lectiones.

870 5806 913 5836 ”
958 5810 1013 5860 tv
1059 5813 1123 5879 τῇ
1165 5814 1466 5883 εὐγλωττία
1520 5833 1592 5871 m.
1674 5820 1714 5849 ”
1762 5820 1921 5885 σοφία
1967 5821 2100 5874 Θεοῦ
2157 5840 2228 5877 m.

2312 5828 2353 5857 ’⁸
2395 5830 2628 5896 Χριστὸν
2672 5847 2722 5884 o.
