4272 6448
713 426 819 488 607

1644 419 2219 486 TUEOPHYLACTI
2263 418 2674 484 BULGARHS
2714 429 3071 490 ARCHIEP.

3860 434 3972 498 603

714 537 1119 591 arbitrabantur
1149 536 1221 591 illi
1269 552 1328 593 se
1368 538 1476 593 Deo
1527 553 1632 594 non
1673 541 1933 610 indigere,
1978 538 2070 592 sed
2102 533 2281 587 omnia
2314 535 2401 593 At

2314 535 2359 589 Α
2389 539 2521 593 ἀλλα
2552 544 2727 596 πάντα
2760 546 2973 599 οἴκοθεν
3003 549 3147 599 νοεῖν
3169 563 3181 574 ·
3230 548 3433 613 ἔδειξεν
3468 550 3652 611 αὑτοῖς
3685 550 3712 601 ὁ
3738 547 3870 610 Θεὸς
3901 548 3971 600 δι’

713 645 811 698 per
841 646 898 684 se
930 644 1085 699 posse
1134 630 1457 700 intelligere.
1512 633 1579 686 At
1640 635 1780 688 Deus
1824 637 2142 691 monstravit
2183 638 2289 691 illis

718 737 815 788 per
844 737 926 775 res
964 722 1127 789 ipsas,
1171 723 1308 793 quod
1361 724 1571 779 dicendi
1626 728 1964 781 vehementia
1998 739 2051 782 et
2089 730 2284 783 astutia

720 813 852 866 nihil
891 814 997 867 illis
1050 815 1354 884 profuerit;
1405 818 1496 871 sed
1536 818 1766 871 maxime
1810 819 1993 874 divino
2021 821 2220 875 auxilio
2252 823 2285 875 ii

714 903 1050 970 indigebant.
1084 904 1175 973 qui
1228 907 1363 961 nihil
1416 909 1659 977 indigere
1712 910 2043 967 viderentur.
2098 911 2287 983 Itaque

712 996 765 1047 in
795 997 1090 1051 calliditate
1120 1014 1240 1063 sua,
1272 1016 1375 1068 qua
1420 1003 1680 1068 putabant
1728 1019 1787 1060 se
1823 1008 2002 1060 omnia
2049 1009 2284 1073 novisse,

718 1088 874 1157 150
903 1089 1035 1142 nihil
1071 1092 1215 1144 scire
1254 1093 1454 1146 inventi
1503 1104 1648 1161 sunt,
1698 1098 1793 1151 sed
1834 1099 2193 1167 piscatoribus
2235 1113 2289 1158 et

712 1181 962 1235 coriariis
995 1182 1043 1234 in
1078 1184 1238 1236 rebus
1275 1188 1598 1242 necessariis
1629 1190 1899 1246 rudiores.

785 1270 945 1325 Vens.
981 1273 1064 1327 9.0.
1108 1295 1124 1325 r
1167 1273 1230 1327 Et
1272 1293 1501 1333 rursus:
1534 1278 1546 1329 i
1584 1280 1841 1336 Dominus
1887 1288 2031 1339 novit
2076 1291 2285 1356 cogita-

716 1364 888 1417 tiones
922 1369 1248 1435 sapientum,
1298 1374 1439 1437 quod
1481 1389 1629 1427 vana:
1656 1377 1786 1429 sint.
1830 1397 1846 1430 ι
1885 1380 1939 1434 Si
1984 1382 2144 1449 igitur
2179 1382 2283 1435 Do-

714 1456 888 1509 tninus
918 1461 1064 1513 novit
1111 1465 1251 1529 quod
1284 1481 1433 1518 value
1483 1476 1611 1521 sunt
1657 1470 2041 1538 cogitationes,
2088 1476 2285 1545 quippe

713 1562 829 1612 qua:
860 1549 991 1603 nihil
1030 1558 1461 1609 necessariorum
1495 1568 1546 1612 et
1583 1560 1895 1616 salutarium
1934 1566 2279 1623 contineant:

715 1643 984 1704 quomodo
1026 1660 1138 1705 vos,
1172 1646 1481 1713 Corinthii,
1524 1656 1790 1705 contraria
1832 1656 1939 1711 Deo
1969 1657 2280 1726 decernitis,

717 1745 779 1781 ac
819 1741 1066 1798 tanquam
1098 1734 1255 1790 valde
1295 1738 1454 1792 utiles
1482 1742 1834 1810 cogitationes
1860 1758 2065 1803 vestras
2093 1766 2280 1819 prose-

714 1821 987 1887 quituini?

788 1908 947 1965 Vens.
984 1912 1076 1967 2|.
1117 1934 1133 1964 ι
1174 1918 1356 1985 Itaque
1388 1934 1542 1973 nemo
1574 1923 1834 1991 glorietur
1864 1928 1913 1979 in
1939 1928 2277 1988 hominibus:
2314 1909 2355 1964 Β

711 2004 891 2054 οιιιιιῐιι
939 2007 1079 2056 enim
1113 2016 1289 2062 vestra
1328 2022 1472 2072 sunt,
1512 2013 1625 2066 sive
1655 2015 1867 2082 Paulus,
1902 2020 2015 2074 sive
2069 2023 2278 2090 Apollo,

712 2097 825 2144 sive
877 2095 1108 2163 Cephas.
1153 2117 1170 2149 ι
1219 2099 1342 2155 ΙΙωο
1387 2103 1598 2156 videtur
1650 2108 1715 2159 ad
1776 2109 2018 2167 subditos
2063 2117 2279 2185 quidem

712 2185 937 2249 direre;
992 2198 1358 2243 terretautetn
1416 2195 1719 2265 principes,
1785 2200 2091 2269 inquiens:
2167 2207 2279 2264 Non

712 2287 922 2339 tzportet
958 2295 1049 2332 vos
1090 2284 1310 2337 omnino
1358 2285 1572 2351 gloriari
1619 2308 1631 2343 :
1677 2308 1854 2362 neque
1888 2296 1938 2348 in
1990 2299 2278 2367 sapientia,

712 2370 939 2421 stultitia
974 2373 1116 2423 enim
1150 2386 1229 2428 cst
1258 2394 1270 2429 :
1334 2391 1506 2446 neque
1536 2382 1605 2434 ob
1640 2384 1941 2451 spiritualia
1978 2390 2137 2454 dona,
2188 2394 2279 2449 Dei

709 2460 851 2509 enim
910 2473 1069 2526 sunt,
1138 2479 1199 2517 ac
1260 2479 1476 2535 propter
1524 2474 1766 2528 subditos
1814 2477 1926 2533 hree
1990 2484 2278 2540 donantur.

712 2551 885 2617 Atque
911 2552 1011 2606 hoc
1039 2568 1119 2607 est
1139 2560 1279 2621 quod
1310 2562 1385 2613 ait
1414 2579 1426 2614 :
1458 2580 1475 2613 ι
1505 2562 1697 2620 Omnia
1725 2570 1865 2622 euiot
1893 2584 2067 2626 vestra
2094 2588 2275 2641 sunt,»

715 2639 745 2692 Et
771 2656 811 2691 δι’
839 2655 939 2706 est,
963 2643 1100 2709 Quid
1139 2649 1388 2706 doctores
1418 2656 1580 2707 vestri
1605 2661 1942 2727 superbiunt,
1974 2682 2070 2720 vos
2100 2681 2277 2723 autem

716 2733 910 2787 inﬂatis
940 2752 1033 2791 eos
1058 2750 1109 2790 et
1136 2742 1426 2797 attollitis?
1460 2746 1573 2801 Non
1603 2752 1742 2803 enim
1778 2758 2051 2822 praprium
2079 2761 2279 2830 aliquid

715 2820 934 2890 hah'ent,
963 2829 1053 2882 sed
1092 2842 1265 2886 vestra
1301 2844 1425 2888 sunt
1452 2852 1573 2906 quae
1604 2840 1674 2894 illi
1700 2843 1915 2910 habent,
1949 2849 2018 2902 ob
2043 2864 2277 2907 vestram

711 2921 1146 2975 eositmoditatem
1203 2926 1324 2978 data
1377 2928 1527 2996 ipsis,
1561 2942 1614 2985 et
1651 2935 1799 2990 vobis
1835 2940 2012 3005 potius
2045 2941 2119 2996 illi
2155 2960 2278 3010 gra-

714 3010 815 3062 tias
848 3026 1007 3081 agere
1039 3018 1250 3073 debent.
1302 3022 1506 3079 Rursus
1538 3037 1713 3083 autem
1747 3034 2002 3102 suiipsius
2032 3043 2279 3096 meminit

709 3113 763 3155 ct
793 3102 958 3168 Petri,
988 3118 1043 3160 ut
1090 3112 1265 3167 minus
1308 3127 1451 3170 esset
1484 3120 1760 3187 molestus,
1807 3134 1972 3194 utque
2012 3134 2277 3199 ostendat,

712 3195 853 3258 quod
886 3196 929 3247 si
976 3213 1072 3252 nos
1113 3205 1278 3256 vestri
1326 3220 1484 3259 causa
1529 3214 1897 3278 acceperimus
1925 3218 2276 3289 charismata,
2307 3248 2350 3307 ο

714 3296 777 3334 ae
800 3286 957 3339 vestri
986 3303 1147 3345 causa
1181 3308 1276 3347 nos
1299 3295 1545 3351 doctores
1572 3300 1832 3369 designati
1861 3320 2081 3377 sumus;
2110 3312 2280 3369 multo

714 3375 885 3441 magis
918 3378 973 3440 ii,
1008 3384 1098 3448 qui
1145 3400 1284 3438 nunc
1336 3398 1461 3441 sunt
1492 3391 1739 3446 doctores
1777 3397 1975 3462 vestri,
2019 3400 2087 3455 de
2125 3404 2279 3459 donis

713 3466 1105 3537 spiritualibus,
1148 3487 1398 3545 tanquam
1425 3483 1488 3534 de
1522 3486 1757 3551 pmpriis
1788 3491 2066 3559 operibus,
2100 3495 2277 3553 επεΠί

714 3570 819 3608 non
856 3558 1075 3624 debent,
1103 3578 1223 3617 cum
1257 3568 1428 3622 aliena
1462 3572 1597 3626 bona
1625 3577 1754 3630 sint.

784 3644 947 3702 Vsus.
976 3650 1064 3704 22.
1104 3672 1122 3703 ι
1169 3655 1293 3711 Sive
1337 3664 1596 3729 mutulos,
1631 3668 1742 3721 sive
1770 3670 1900 3736 vita,
1957 3677 2073 3731 sive
2112 3695 2276 3748 mors,

716 3735 827 3788 sive
877 3746 1187 3807 przeseutia,
1242 3748 1353 3802 sive
1416 3752 1615 3809 futura.
1673 3779 1691 3808 ι
1757 3764 1875 3828 ipsa
1924 3765 2052 3829 vita,
2083 3770 2277 3837 inquit,

717 3828 995 3885 doctorum
1039 3850 1257 3907 propter
1310 3858 1404 3897 vos
1450 3857 1551 3911 est,
1604 3858 1659 3903 ut
1696 3855 1844 3907 vobis
1884 3859 2114 3924 prosint,
2152 3862 2277 3917 dum

716 3924 1056 3982 instituimini
1101 3933 1169 3986 ab
1211 3936 1329 3989 eis:
1381 3954 1445 3993 ac
1482 3956 1625 3997 mors
1676 3946 1910 4013 ipsorqu
1953 3962 2033 4005 est
2063 3965 2280 4023 propter

718 4028 809 4067 vos
833 4032 847 4070 :
883 4032 1102 4086 propter
1138 4039 1231 4078 vos
1258 4030 1398 4081 enim
1426 4045 1767 4103 vestramque
1793 4040 2019 4095 salutem
2044 4049 2277 4114 pericula

717 4108 965 4163 subeunt.
997 4110 1088 4166 Vel
1112 4117 1302 4172 aliter:
1326 4121 1390 4173 Et
1421 4125 1610 4178 Adami
1644 4143 1790 4183 mors
1819 4143 1901 4186 est
1922 4108 2140 4203 propter
2164 4155 2277 4205 vos,

720 4206 777 4249 ut
800 4202 1150 4260 modestiores
1190 4212 1486 4268 reddamini
1512 4232 1524 4280 ;
1555 4228 1608 4271 et
1634 4219 1853 4288 Christi,
1884 4235 1941 4277 ut
1966 4231 2274 4288 servemini.

719 4288 794 4340 Ac
834 4290 1150 4361 simpliciter
1194 4302 1475 4358 universus
1521 4312 1750 4364 mundus
1806 4326 2024 4383 propter
2071 4335 2186 4386 vos,
2222 4334 2279 4376 ut

722 4393 817 4446 per
870 4382 1041 4447 ipsum
1082 4388 1146 4438 ad
1189 4403 1461 4446 auctorem
1517 4406 1571 4449 et
1619 4382 1952 4457 conditorem
1986 4408 2274 4477 ducamini,

722 4480 886 4537 utque
932 4474 1099 4541 ipsius
1135 4485 1479 4549 corruptione
1509 4491 1746 4545 doctoris
1789 4496 1902 4549 vice
1931 4501 2180 4567 utamini,
2210 4505 2274 4557 ad

2393 636 2571 686 αὐτῶν
2593 637 2700 688 τών
2725 640 3092 708 πραγμάτων,
3120 640 3200 692 ὅτι
3224 641 3256 711 ἡ
3279 640 3523 710 δεινότης
3549 642 3693 709 καὶὴ
3729 655 3972 707 πανουρη

2393 731 2487 796 γία
2520 729 2671 782 οὐδὲν
2700 732 2885 790 αὑτοῖς
2939 733 3331 795 ἐλυσιτέλεσεν,
3384 734 3520 785 ἀλλὰ
3550 733 3785 802 μάλιστα
3817 733 3972 783 αὐτοὶ

2391 824 2601 877 δέονται
2634 825 2728 877 τοῦ
2756 826 2913 890 Θεοῦ,
2954 827 3005 878 οἱ
3032 827 3316 889 δοκοῦντες
3344 829 3419 898 μὴ
3450 828 3678 880 δεῖσθαι.
3724 828 3887 879 Ὥστε
3914 828 3971 876 ἐν

2389 916 2455 983 τῇ
2494 915 2799 986 πανουργίᾳ
2832 916 3033 980 αὐτῶν,
3069 918 3128 970 ὲν
3238 917 3408 987 ᾤοντο
3437 919 3502 970 τὰ
3533 917 3710 971 πάντα
3740 917 3966 979 εἰδέναι,

2392 1006 2696 1076 εὑρέθησαν
2759 1010 2926 1078 μηδὲν
2962 1008 3184 1073 εἰδότες,
3213 1010 3328 1062 ἀλλ’
3361 1010 3560 1063 ἀλιέων
3603 1011 3695 1063 καὶ
3723 1009 3969 1062 σκυτέων

2390 1100 2770 1173 ἀγροικότεροι
2795 1102 2948 1166 ὄντες
2972 1106 3030 1157 ἐν
3060 1105 3172 1165 τοῖς
3198 1104 3547 1173 ἀναγκαίοις.

2467 1309 2484 1339 ‹
2516 1290 2627 1341 Καὶ
2653 1290 2814 1343 πάλιν
2834 1306 2846 1319 ⁸
2884 1289 3151 1342 Γινώσκει
3181 1288 3386 1359 Κύριος
3428 1292 3552 1352 τοὺς
3574 1289 3966 1358 διαλογισμοὺς

2389 1382 2498 1434 τῶν
2530 1381 2708 1447 σοφῶν
2741 1382 2806 1445 ⁸⁷,
2830 1382 2911 1434 ὅτι
2939 1380 3045 1432 εἰσὶ
3074 1382 3316 1450 μάταιοι.
3348 1400 3366 1429 »
3407 1380 3467 1433 El
3497 1382 3673 1434 τοίνυν
3704 1382 3965 1447 γινώσκει

2386 1477 2414 1525 ὁ
2445 1472 2646 1544 Κύριος
2690 1474 2816 1534 τοὺς
2853 1474 3238 1541 διαλογισμοὺς
3280 1475 3345 1536 ⁸⁸,
3400 1474 3480 1526 ὅτι
3532 1475 3756 1540 μάταιοί
3804 1475 3963 1537 είσιν,

2390 1565 2483 1616 am
2518 1565 2685 1633 μηδὲν
2706 1564 2814 1616 τῶν
2834 1565 3151 1631 ἀναγκαίων
3185 1567 3277 1617 καὶ
3298 1567 3657 1635 σωτηριωδῶν
3686 1567 3968 1634 καταλαμ·

2388 1656 2643 1717 ϐάνοντες
2671 1671 2684 1685 ·
2722 1656 2837 1719 πῶς
2877 1657 3059 1724 ὑμεῖς,
3096 1657 3398 1728 Κορίνθιοι,
3440 1658 3698 1711 τάναντία
3730 1657 3809 1726 τῷ
3845 1657 3966 1725 Θεῷ

2386 1746 2707 1814 γινώσκετε,
2737 1750 2829 1801 καὶ
2861 1750 2937 1812 ὼς
2970 1750 3272 1816 ὲπωᾳελεῖς
3308 1751 3528 1813 τούτους
3564 1752 3890 1821 περιέπετες

2461 1955 2477 1984 4
2511 1934 2673 1985 Ὥστε
2722 1934 2913 2002 μηδεὶς
2970 1932 3267 2003 καυχάσθω
3297 1935 3354 1985 ἐν
3385 1933 3726 2004 ἀνθρὼποις’
3782 1935 3962 1989 πάντα

2384 2026 2492 2095 γὰρ
2526 2026 2678 2094 ὑμῶν
2731 2028 2901 2088 ἐστιν,
2952 2026 3064 2078 εἴτε
3103 2025 3333 2090 Παῦλος,
3361 2025 3472 2079 εἴτε
3519 2026 3816 2092 ’Λπολλὼς,
3849 2028 3961 2081 εἴτε

2384 2120 2601 2184 Κηφᾶς.
2638 2137 2655 2168 ι
2710 2117 2897 2170 Ταῦτα
2948 2118 3096 2171 δοκεῖ
3133 2119 3232 2187 μὲν
3270 2120 3404 2188 πρὸς
3459 2120 3585 2182 τοὺς
3619 2120 3960 2189 ἀρχομένους

2384 2209 2561 2275 λέγειν
2583 2226 2597 2238 ο
2641 2210 2863 2279 πλήττει
2894 2211 2951 2261 δὲ
2982 2211 3107 2273 τοὺς
3134 2212 3423 2279 ἄρχοντας,
3455 2211 3651 2277 λέγων,
3680 2214 3763 2265 ὅτι
3795 2213 3856 2266 οὑ
3880 2212 3962 2263 δεῖ

2384 2301 2691 2369 καυχᾶσθαι
2730 2301 2865 2363 ὅλως
2884 2319 2895 2329 ⁸
2918 2301 3041 2354 οῦτε
3074 2302 3164 2354 ἐπὶ
3185 2305 3251 2371 τῇ
3281 2302 3383 2367 ἔξω
3418 2303 3607 2371 σοφίᾳ·
3645 2304 3826 2372 μωρία
3849 2306 3961 2371 γαρ

2384 2397 2529 2449 ἐστιν
2552 2412 2566 2426 ·
2606 2394 2726 2447 οῦτε
2764 2396 2855 2447 ἐπὶ
2886 2397 2998 2457 τοῖς
3049 2398 3437 2464 πνευματικοῖς
3491 2398 3794 2465 χαρίσμασι
3818 2413 3833 2428 ·
3864 2398 3959 2450 τοῦ

2382 2488 2515 2541 θεοῦ
2545 2487 2652 2556 γάρ
2684 2489 2813 2547 εἱσι,
2844 2486 2938 2537 καὶ
2958 2486 3043 2538 διὰ
3070 2487 3197 2549 τοὺς
3225 2487 3560 2556 ἀρχομένους
3585 2487 3757 2541 ταῦτα
3783 2489 3959 2541 655w-

2382 2596 2493 2633 ται.
2520 2580 2689 2632 Τοῦτο
2739 2580 2845 2648 γάρ
2886 2580 3033 2630 ἐστιν
3061 2579 3089 2631 ὃ
3135 2580 3309 2647 λέγει·
3377 2599 3395 2630 ί
3434 2581 3616 2633 Πάντα
3646 2582 3753 2648 γάρ
3800 2582 3958 2649 ὑμῶν

2383 2672 2497 2723 ἐστι
2519 2688 2531 2700 ·
2567 2672 2835 2733 τουτέστι,
2870 2670 2933 2721 Τί
2962 2670 3011 2721 οἱ
3060 2669 3371 2722 διδάσκαλοι
3404 2669 3559 2739 ὑμῶν
3609 2672 3955 2739 ἐπαίρονται,

2384 2765 2476 2816 καὶ
2504 2765 2661 2830 ὑμεῖς
2712 2763 2768 2815 δὲ
2820 2763 3047 2828 ὀγκοῦτε
3101 2764 3299 2824 αὑτοὺς
3340 2765 3434 2814 καὶ
3468 2763 3830 2832 ὑπεραίρετε;
3862 2765 3959 2834 Μὴ

2380 2858 2488 2926 γὰρ
2516 2856 2711 2909 οἰκεῖόν
2743 2873 2794 2909 τι
2817 2856 3052 2924 ἔχουσιν,
3081 2856 3195 2908 ἀλλ’
3225 2856 3380 2925 ὑμῶν
3409 2858 3549 2909 εἰσιν
3578 2856 3837 2927 ἂιχουσι,
3865 2859 3960 2911 διὰ

2382 2951 2479 3020 τὴν
2512 2947 2785 3018 ὑμετέραν
2832 2947 3099 3015 ὠφέλειαν
3150 2946 3371 3000 δοθέντα
3408 2949 3613 3010 αὑτοῖς,
3666 2949 3762 3001 καὶ
3791 2951 3956 3019 χάριν

2381 3040 2538 3092 αὑτοὶ
2568 3040 2771 3109 μᾶλλον
2824 3040 2952 3109 ὑμῖν
2986 3038 3281 3107 ὀφείλουσι.
3316 3040 3486 3092 Πάλιν
3523 3040 3579 3091 δὲ
3635 3040 3830 3094 ἑαυτοῦ
3858 3044 3959 3095 καὶ

2384 3134 2593 3203 Πέτρου
2627 3131 2898 3202 ἐμνήσθη,
2938 3131 3027 3183 διὰ
3074 3132 3137 3183 τὸ
3181 3132 3509 3200 ἀνεπαχθὲς,
3541 3132 3637 3185 καὶ
3665 3133 3752 3186 ἵνα
3779 3134 3956 3207 δείξῃ,

2382 3225 2464 3276 ὃτι
2518 3226 2578 3277 El
2604 3225 2764 3293 ἡμεῖς
2794 3223 2861 3275 δι’
2884 3223 3025 3293 ὑμᾶς
3066 3222 3334 3292 ἐλάϐομεν
3382 3225 3449 3278 τὰ
3482 3227 3820 3295 χαρίσματα,
3861 3226 3957 3277 καὶ

2382 3316 2448 3369 δι’
2474 3316 2616 3384 ὑμᾶς
2646 3315 2956 3369 διδάσκαλοι
2978 3310 3250 3385 προϐεϐλή
3263 3317 3399 3385 μεοα
3418 3334 3431 3347 ι
3461 3318 3641 3389 πολλῴ
3667 3318 3873 3387 μᾶλλον
3904 3323 3957 3373 οι

2381 3408 2476 3460 νῦν
2506 3408 2812 3461 διδάσκαλοι
2862 3408 3014 3477 ὑμῶν
3033 3410 3133 3461 οὑκ
3170 3409 3476 3477 ὀφείλουσιν
3502 3409 3576 3471 ὡς
3616 3412 3709 3463 ἐπὶ
3730 3412 3956 3472 οἰκείοις

2385 3498 2794 3568 κατορθώμασι,
2857 3501 2970 3561 τοῖς
3021 3500 3357 3569 χαρίσμασιν
3408 3502 3751 3572 ἐπαίρεσθαι,
3792 3503 3953 3555 ἀλλος

2380 3590 2550 3657 τρίοις
2576 3589 2724 3643 οὖσιν
2758 3590 3000 3656 ἀγαθοῖς.

2458 3701 2476 3732 ι
2514 3681 2637 3734 Εἴτε
2701 3682 2922 3749 κόσμος,
2977 3684 3084 3734 εἴτε
3114 3682 3247 3750 ζωὴ,
3287 3684 3395 3735 εἴτε
3428 3684 3679 3748 θάνατος,
3702 3685 3815 3738 εἴτε
3864 3689 3954 3739 ὲνο

2381 3774 2611 3834 εστῶτα,
2640 3774 2749 3829 εἴτε
2793 3775 3075 3843 μέλλοντα.
3112 3796 3128 3826 ι
3165 3774 3274 3828 Καὶ
3308 3777 3340 3845 ἡ
3374 3775 3509 3846 ζωὴ,
3554 3778 3707 3845 φησὶ,
3733 3778 3843 3832 τών
3869 3779 3952 3831 δι-

2379 3864 2658 3917 δασκάλων
2685 3865 2751 3917 δι’
2780 3866 2922 3933 ὑμᾶς
2948 3868 3117 3931 ἐστιν,
3150 3867 3236 3920 ἵνα
3283 3867 3570 3937 ώιρελῆσοε
3624 3854 3952 3939 διδασκόμε-

2379 3972 2459 4007 νοι
2482 3971 2495 3984 ·
2533 3956 2628 4008 καὶ
2650 3958 2677 4007 ὁ
2703 3955 2931 4017 θάνατος
2954 3957 3134 4009 αὐτῶν
3157 3958 3223 4010 δι’
3251 3959 3397 4027 ὑμᾶς
3423 3976 3437 3989 ⁸
3472 3961 3612 4029 ὑπὲρ
3655 3961 3811 4028 ὑμῶν
3840 3963 3953 4033 γὰρ

2380 4047 2777 4109 κινδυνεύουσι,
2815 4048 2908 4099 καὶ
2951 4050 3052 4117 τῆς
3107 4047 3374 4117 ὑμετέρας
3409 4053 3701 4117 σωτηρίας.
3740 4050 3813 4102 Ἢ
3856 4055 3955 4103 καὶ

2380 4138 2555 4200 ἄλλως
2576 4155 2590 4168 ο
2618 4139 2740 4191 Ὅτι
2770 4140 2863 4189 καὶ
2887 4141 2914 4191 ὁ
2938 4138 3033 4190 τοῦ
3062 4140 3232 4206 ’Δδάμ
3253 4140 3481 4203 θάνατος
3506 4140 3575 4193 δι’
3602 4142 3747 4209 ὑμᾶς
3774 4145 3952 4207 ἐστιν,

2381 4231 2468 4283 ἵνα
2497 4232 2903 4299 σωφρονισοῑπε
2931 4248 2943 4260 ·
2979 4232 3072 4284 καὶ
3095 4236 3121 4285 ὁ
3146 4232 3240 4283 τοῦ
3266 4232 3525 4301 Χριστοῦ,
3557 4234 3644 4287 ἵνα
3692 4234 3905 4302 σωθῆτε
3938 4255 3950 4268 ·

2380 4324 2474 4375 καὶ
2502 4323 2687 4386 ἁπλῶς
2722 4326 2749 4376 ὁ
2775 4325 2977 4393 κόσμος
3000 4324 3143 4385 ἄπας
3197 4325 3264 4376 δι’
3290 4326 3451 4392 ὑμᾶς,
3486 4326 3561 4384 ὡς
3587 4327 3651 4378 ἂν
3677 4328 3722 4358 ⁸⁸
3752 4327 3820 4379 δι’
3850 4332 3957 4381 αὖ.

2378 4413 2473 4466 τοῦ
2503 4414 2636 4482 πρὸς
2666 4414 2756 4466 τὸν
2779 4416 3118 4484 Δημιουργὸν
3157 4416 3485 4485 ὁδηγηθῆτε,
3533 4418 3627 4468 καὶ
3661 4421 3948 4487 χρήσησθε

2379 4509 2444 4575 τῇ
2482 4506 2658 4576 φθορᾷ
2693 4506 2857 4559 αὑτοῦ
2892 4508 3199 4577 διδασκάλῳ
3230 4508 3363 4577 πρὸς
3392 4510 3483 4561 τὸν
3518 4511 3623 4561 τών
3649 4510 3951 4579 ἀξθάρτων

718 4566 1044 4623 desiderium
1118 4589 1293 4629 rerum
1352 4579 1841 4652 incorruptibilium
1905 4595 2270 4652 excitandum.
2306 4578 2405 4648 Dat

2257 4639 2270 4652 .
2306 4578 2351 4635 θ
2380 4566 2565 4649 τεῦθον.
2587 4566 2706 4648 .K'a't
2732 4598 2797 4648 τὰ
2819 4597 3089 4649 ἐνεστῶτα
3113 4566 3182 4649 διε
3211 4566 3373 4665 ὑμᾶς,
3403 4598 3672 4663 τουτέστι,
3699 4566 3771 4652 τὰ
3798 4566 3943 4667 ἀγα-

718 4656 1006 4715 Ρίαιεεηιίει
1044 4678 1165 4720 sunt
1208 4672 1370 4724 etiam
1408 4690 1625 4742 propter
1668 4696 1796 4745 vos,
1837 4684 1937 4737 hoe
1984 4699 2065 4741 est
2142 4692 2277 4746 bona

716 4766 835 4814 «pne
865 4753 972 4820 jam
997 4756 1118 4811 inde
1147 4764 1487 4822 credentibus
1510 4769 1672 4824 donat
1698 4773 1856 4828 Deus.
1885 4776 2087 4833 Futura
2118 4784 2277 4840 etiam

716 4855 935 4911 propter
975 4863 1068 4903 vos
1098 4865 1280 4917 parata
1310 4868 1454 4914 sunt.

794 4937 948 4993 Vens.
980 4942 1068 4997 εδ.
1105 4964 1122 4997 ‹
1150 4946 1342 5001 Omnia
1378 4961 1552 5005 vestra
1581 4966 1705 5008 sunt
1731 4971 1745 5009 :
1770 4974 1862 5013 vos
1895 4972 2098 5026 autem,
2124 4967 2277 5022 Chri-

716 5030 824 5082 sti:
861 5031 1107 5091 Christus
1157 5050 1369 5106 autem,
1419 5043 1534 5099 Dei.
1579 5064 1597 5097 ι
1654 5046 1769 5102 Non
1832 5057 2277 5121 quemadmodum

717 5134 815 5173 nos
848 5120 1049 5177 Christi
1093 5142 1299 5193 sumus,
1339 5133 1417 5184 sic
1458 5146 1511 5188 et
1553 5136 1799 5193 Christus
1826 5120 1940 5197 Dei.
1998 5145 2103 5199 Nos
2136 5162 2277 5203 enim

715 5210 915 5267 Christi
945 5230 1155 5281 sumus,
1188 5220 1335 5276 velut
1356 5238 1490 5291 opus
1521 5226 1635 5293 ejus
1661 5240 1715 5281 et
1748 5230 2055 5296 ﬁgmentum
2084 5254 2097 5291 :
2126 5236 2278 5292 Chri-

717 5308 833 5351 stus
856 5312 1033 5358 autem
1068 5306 1183 5373 Dei,
1217 5319 1466 5381 tanquam
1493 5314 1664 5371 Filius
1693 5330 1815 5374 ante
1842 5324 2035 5376 sarcula
2066 5331 2280 5393 genitus

718 5404 765 5443 ct
800 5404 1054 5462 aeternus,
1098 5416 1161 5455 ac
1207 5405 1369 5457 veluti
1407 5420 1624 5462 causam
1665 5419 1717 5462 et
1761 5422 2032 5469 auctorem
2080 5419 2281 5475 h..bens

721 5483 960 5541 Patrem.
992 5488 1169 5554 Quare
1205 5494 1328 5550 licet
1356 5498 1518 5552 dictio
1546 5501 1613 5552 sit
1647 5502 1825 5567 unica,
1858 5506 2065 5560 diversa
2102 5519 2275 5566 tamen

788 5622 802 5673 i
840 5626 977 5681 Psal.
1015 5646 1161 5694 acut,
1219 5635 1301 5687 l2.

2380 4690 2469 4750 θά,
2497 4688 2804 4743 ἃὲντεῦθεν
2850 4690 2951 4759 ήδη
3008 4690 3292 4759 χαρίζεται
3340 4693 3451 4751 τοῖς
3498 4692 3850 4746 πιστεύουσιν
3913 4696 3944 4745 ὁ

2377 4781 2509 4844 Θεὸς
2528 4800 2541 4813 υ
2574 4760 2666 4833 καὶ
2692 4784 2757 4835 τὰ
2789 4780 3050 4851 μέλλοντα
3076 4781 3144 4834 δι’
3181 4781 3324 4850 ὑμᾶς
3350 4782 3702 4852 ἡτοίμασται.

2455 4988 2470 5019 t
2505 4969 2687 5022 Πάντα
2735 4968 2887 5037 ὑμῶν
2934 4970 3113 5021 ἐστιν·
3160 4969 3319 5037 ὑμεῖς
3362 4969 3442 5034 δὲ,
3484 4970 3723 5039 Χριστοῦ
3753 4988 3766 5001 ·
3801 4974 3947 5043 Χρι-

2380 5061 2498 5121 στὸς
2532 5059 2609 5121 δὲ,
2638 5058 2793 5113 Θεοῦ.
2824 5079 2841 5111 ι
2864 5058 2974 5131 Οὐχ
3020 5060 3094 5122 ὡς
3128 5061 3288 5130 ἡμεῖς
3345 5061 3607 5130 Χριστοῦ,
3655 5064 3803 5117 οὕτω
3844 5071 3947 5120 καὶ

2378 5152 2406 5202 ὁ
2436 5150 2671 5220 Χριστὸς
2742 5151 2900 5205 Θεοῦ.
2948 5152 3138 5221 Ἡμεῖς
3182 5153 3279 5218 μὲν
3326 5154 3434 5222 γὰρ
3459 5154 3722 5224 Χριστοῦ,
3747 5155 3822 5219 ὡς
3849 5158 3948 5227 ἐρ-

2376 5261 2471 5310 γαν
2502 5243 2666 5296 αὑτοῦ
2697 5244 2789 5295 καὶ
2829 5244 3074 5312 ποίημαο
3103 5246 3130 5296 ό
3153 5244 3208 5297 δὲ
3250 5244 3483 5316 Χριστὸς
3539 5244 3636 5299 τοῦ
3670 5245 3831 5311 Θεοῦ,
3865 5252 3945 5313 ὡς

2378 5335 2504 5395 Υἱὸς
2536 5333 2879 5403 προαιώνιος,
2908 5333 3002 5383 καὶ
3034 5332 3108 5394 ὼς
3133 5332 3305 5384 αἴτιον
3358 5332 3498 5401 ἔχων
3545 5332 3637 5385 τὸν
3690 5334 3938 5405 Πατέρα.

2378 5427 2538 5479 "Qa-.3
2586 5428 2634 5479 εί
2667 5425 2761 5478 καὶ
2813 5424 2909 5495 μία
2940 5425 2973 5496 ἡ
3000 5424 3167 5488 λέξις,
3198 5425 3335 5478 ἀλλά
3360 5425 3617 5494 διάφορος
3647 5427 3680 5497 ἡ
3708 5426 3894 5479 ἔννοια
3927 5446 3939 5459 ·

2375 5518 2496 5568 ἐπεὶ
2556 5515 2675 5568 οὑδὲ
2701 5513 2769 5567 τὰ
2799 5513 2977 5569 πάντα
3010 5514 3181 5578 οὕτως
3213 5515 3360 5570 ἐστὶν
3398 5516 3579 5582 ήαῶν,
3638 5517 3714 5581 ὡς
3767 5519 3934 5587 ἡμεῖς

2014 5756 2207 5819 Variae
2276 5761 2593 5825 lectiones.

790 5844 833 5876 ⁸⁷
876 5847 1179 5916 ἀνθρώπων
1223 5870 1293 5907 tu.
1374 5855 1417 5888 "
1452 5856 1837 5917 συ).λἰ“,ἰα;.ι.εὶις
1870 5876 1919 5912 υ.
2001 5862 2041 5892 δ’
2073 5862 2155 5915 ἵνα
2189 5880 2258 5917 ut.

1374 5855 1417 5888 σε
1452 5856 1837 5928 συ).>.ρι-,ηεη.ι.ετ.ις
1870 5876 1919 5912 υ.
