4272 6448
285 431 398 492 Coti

1109 426 1516 488 EXPOSITIO
1562 424 1636 483 [Ν
1677 424 1921 484 EPIST.
1972 424 1992 481 Ι
2040 425 2136 483 AD
2172 424 2342 484 (TOR.
2372 427 2618 507 —-Cl.-\P.
2672 431 2766 489 ll'.

3447 434 3549 492 6ἶο

285 544 378 596 τοῦ
413 540 668 612 Χριστοῦ.
715 541 904 610 Ἡμεῖς
940 541 1036 609 μὲν
1074 541 1181 608 γὰρ
1215 540 1390 592 δοῦλοί
1416 542 1582 608 ἐσμεν
1607 539 1697 591 τόὖ
1723 541 1857 607 Χρι-
1889 543 1938 599 Α
1965 549 2045 590 est
2082 541 2349 592 sententia
2381 557 2394 593 :
2446 559 2615 608 neque
2654 546 2760 596 Nlil

1889 543 1938 599 Α
1965 549 2045 590 est
2082 541 2349 592 sententia
2381 557 2394 593 :
2446 559 2615 608 neque
2654 546 2796 596 enim
2835 546 3012 597 on‘tuiu
3065 547 3142 600 sic
3179 556 3297 599 Stmt
3345 558 3546 601 tmttu.

287 631 416 683 στοῦ
457 631 547 682 καὶ
617 629 829 700 ποίημα
859 645 873 658 ·
913 631 977 682 τὰ
1023 629 1078 681 δὲ
1135 631 1330 694 πάντα,
1363 632 1421 680 οὐ
1475 629 1635 680 δοῦλα
1684 630 1859 696 ἡμῶν,

1642 719 1855 786 ἀνθρώ-

282 725 402 775 οὖᾶὲ
454 724 679 791 ποίημα.
739 723 901 772 Ὥστε
961 723 1019 773 οὐ
1084 721 1261 783 καλῶς
1335 724 1580 784 ποιεῖτε,

285 833 324 847 ρ

293 833 406 874 ποις
467 815 693 876 ἑαυτοὺς
754 814 1192 886 προσνέμοντες,
1266 815 1357 866 καὶ
1405 814 1574 865 ταῦτα
1623 812 1859 881 Χριστοῦ

285 912 462 971 ὄντες.

887 1107 1146 1161 ΚΕΦᾹΛ.
1178 1106 1250 1161 Δ’.

367 1246 382 1273 ι
418 1224 601 1281 Οὖ.ω;
637 1225 780 1292 ἡμᾶς
813 1223 1114 1289 λογιζέσθω
1143 1221 1448 1292 ἅνθρωπος,
1479 1222 1553 1285 ὡς
1582 1223 1861 1290 ὑπηρέτας

288 1318 550 1387 Χριστοῦ,
586 1317 679 1367 καὶ
704 1316 1019 1384 οἰκονόμους
1048 1316 1362 1383 μυστηρίων
1386 1314 1543 1366 Θεοῦ.
1579 1333 1595 1364 ι
1643 1316 1860 1385 Ἐπειδὴ

285 1410 562 1477 ὑπηρέται
592 1408 759 1474 ἐσμὲν
775 1409 822 1459 οἰ
846 1406 1178 1470 διδάσκαλοι,
1206 1407 1256 1456 τί
1275 1405 1366 1457 τὸν
1389 1406 1667 1474 Δεσπότην
1692 1408 1856 1474 ἀφέν-

283 1521 397 1564 τες,
433 1503 526 1566 ἀφ’
557 1501 712 1569 ἡμῶν
769 1500 878 1550 τῶν
931 1498 1218 1567 ὑπηρετῶν
1241 1499 1572 1566 ὀνομάζεσθε
1598 1517 1612 1563 ;
1643 1499 1861 1550 Οἰκονο-

289 1610 422 1654 μους
453 1595 507 1644 δὲ
535 1593 809 1660 ὀνομάσας
845 1591 1163 1660 μυστηρίων
1210 1591 1334 1652 τοὺς
1383 1591 1715 1652 ἀποστόλους
1769 1594 1861 1642 καὶ

280 1683 666 1746 διδασκάλους,
704 1683 908 1746 ἔδειξεν
950 1684 1030 1735 ὅτι
1091 1683 1190 1734 οὑκ
1234 1684 1678 1751 ἀνοικονομήτως
1728 1685 1880 1758 πᾶσικ

282 1778 390 1845 χρὴ
417 1779 507 1826 τὶν
533 1776 692 1843 λόγον
731 1778 1014 1846 χορηγεῖν,
1043 1774 1158 1826 ἀλλ’
1180 1768 1259 1836 οἷς
1282 1775 1380 1838 δεῖ,
1413 1778 1505 1827 καὶ
1531 1776 1619 1827 ὅτε
1646 1776 1743 1839 δεῖ,
1768 1778 1859 1829 καὶ

283 1869 359 1930 ὡς
421 1868 538 1919 δεῖ·
577 1868 752 1930 ἄλλως
787 1885 845 1919 τε
906 1868 1000 1920 καὶ
1059 1867 1534 1944 μυστήριαώντα,
1594 1869 1653 1919 οὑ
1694 1871 1858 1922 πᾶσιν

280 1959 586 2027 ὀφείλουσιν
616 1957 1066 2026 ἀνακεκαλὺφθαι
1091 1976 1103 1987 ο
1134 1958 1290 2010 τοῦτο
1335 1957 1442 2027 γὰρ
1468 1959 1528 2009 οὑ
1591 1961 1856 2028 φρονίμου

278 2053 572 2121 οἰκονόμου
583 2092 596 2106 .

362 2162 378 2192 ο
419 2146 483 2195 Ὃ
523 2144 579 2195 δὲ
635 2143 878 2212 ζητεῖται
939 2141 1124 2194 λοιπὸν
1158 2143 1216 2193 ἐν
1254 2145 1365 2204 τοῖς
1396 2143 1725 2211 οἰκονόμοις,
1771 2145 1859 2195 ἵνα

279 2252 363 2296 τις
404 2235 596 2296 πιστὸς
649 2233 870 2304 εὑρεθῇ.
910 2252 928 2284 ι
974 2233 1287 2295 Τουτὲστω,
1336 2233 1422 2284 ἵνα
1462 2233 1535 2302 μὴ
1559 2233 1625 2284 τά
1658 2235 1848 2285 δεσπο-

278 2328 408 2380 τικά
444 2327 852 2396 σφετερίζηται,
892 2326 976 2378 ἴνα
1025 2326 1098 2394 μὴ
1126 2327 1197 2389 ώς
1244 2326 1508 2394 δεσπότης
1561 2328 1629 2377 τὰ
1683 2326 1858 2398 πράγ-

287 2439 434 2488 ματα
481 2420 958 2489 μεταχειριζηται,
994 2420 1106 2471 ἀλλ’
1137 2419 1210 2481 ὼς
1249 2418 1506 2487 ἀλλότρια
1533 2419 1626 2470 καὶ
1653 2418 1854 2470 δεσπο-

277 2513 409 2564 τικὰ
440 2515 742 2579 οἰκονομῶν
774 2526 786 2538 ⁸
821 2512 922 2561 οὑκ
971 2511 1149 2561 οἰκεῖα
1174 2508 1349 2574 λέγων
1393 2503 1532 2560 εἰναι
1568 2509 1637 2561 τὰ
1664 2509 1857 2561 δεσπο-

279 2602 428 2665 τικὰ,
463 2603 599 2654 ἀλλά
641 2600 978 2663 τούναντίον,
1002 2600 1070 2650 τά
1089 2601 1289 2663 οἰκεῖα,
1319 2599 1633 2654 δεσποτικά.

361 2713 378 2743 ε
421 2694 572 2762 Ἐμοὶ
609 2693 664 2745 δὲ
700 2696 779 2755 είς
809 2691 1091 2760 ἐλάχιστόν
1126 2693 1293 2752 ἐστιν,
1324 2691 1409 2742 ἵνα
1434 2691 1522 2757 ὑφ’
1547 2691 1700 2758 ὑμῶν
1725 2692 1856 2743 ἀνα-

281 2785 481 2853 κριθῶ,
512 2785 543 2854 ἢ
589 2785 690 2836 ὑπὸ
724 2782 1075 2851 ἀνθρωπίνης
1129 2783 1364 2852 ἡμέρας.
1399 2799 1417 2830 ι
1453 2782 1685 2850 Νόσημα
1728 2785 1856 2834 ὲκε-

278 2876 524 2946 χωρίαζε
557 2880 623 2948 τῇ
672 2876 923 2947 Κορίνθῳ
961 2873 1223 2928 τοιοῦτον.
1256 2876 1318 2926 Ol.
1358 2876 1466 2942 γὰρ
1531 2876 1670 2944 πρὸς
1730 2876 1855 2938 τοὺς

283 2969 637 3031 διδασκάλους
679 2969 996 3040 διῃρημένοι
1053 2967 1120 3028 ⁷ο,
1159 2966 1412 3037 καθάπερ
1437 2967 1688 3020 δικασταὶ
1730 2983 1856 3036 mpo-

281 3060 607 3129 καθήμενοι,
642 3061 840 3129 ἄνδρας
870 3060 1111 3121 εὐσεϐεῖς
1146 3059 1240 3111 καὶ
1292 3058 1560 3126 θεοφιλεῖς
1615 3059 1704 3109 διὰ
1758 3059 1856 3128 τὴν

278 3153 524 3221 ἀμαθίαν
553 3156 878 3224 ὲκωμῴδουν
919 3154 1009 3206 καί
1041 3151 1360 3217 ἐξέϐαλλον·
1394 3154 1518 3214 τοὺς
1557 3152 1614 3205 δὲ
1645 3152 1854 3222 μυρῖων

281 3247 559 3317 γέμοντας
630 3246 814 3300 κακῶν
871 3247 1145 3314 ὲνέκρινον
1212 3245 1299 3297 διὰ
1356 3245 1454 3314 τὴν
1500 3243 1852 3312 εὑγλωττίαν,

281 3338 509 3391 τοιαῦτα
548 3339 838 3408 προπετῶς
874 3336 1239 3406 ψηφιζόμενοι
1264 3352 1278 3366 ο
1329 3337 1385 3388 '0
1415 3337 1562 3390 δεῖνα
1585 3336 1678 3389 τοῦ
1707 3337 1854 3390 δεῖνα

280 3430 569 3499 κρείττων,
603 3430 698 3481 καὶ
733 3423 886 3490 οὗτος
921 3428 1128 3480 ἐκείνου
1179 3427 1625 3495 καταδεέστερος,
1662 3429 1852 3479 κάκεῖ-

278 3539 369 3583 νος
402 3521 594 3573 τούτου
632 3519 882 3588 βελτίων,
909 3521 1162 3580 κάκεῖνος
1187 3517 1400 3570 τούτου.
1449 3518 1602 3570 Ἐπεὶ
1653 3516 1745 3571 οὑν
1774 3516 1851 3570 εἷ-

279 3631 383 3666 πεν
413 3615 440 3664 ό
465 3611 675 3674 Παῦλος
710 3612 766 3665 ἑν
796 3613 908 3672 τοῖς
960 3611 1263 3680 οἰκονόμοις
1307 3610 1585 3680 ζητεῖσθαι
1617 3610 1702 3663 ἵνα
1761 3627 1853 3663 πι-

279 3706 406 3759 στός
426 3722 516 3765 τις
558 3704 779 3774 εὑρεθῇ,
811 3704 986 3755 ἐδόκει
1015 3702 1069 3755 δὲ
1132 3702 1365 3772 πάροδον
1400 3703 1586 3764 αὐτοῖς
1649 3702 1852 3756 διδόναι

275 3794 374 3847 τοῦ
411 3796 616 3863 κρίνειν
652 3795 741 3847 τὸν
781 3795 1013 3847 ἑκάστου
1049 3793 1185 3862 βίον,
1210 3793 1371 3845 τοῦτο
1397 3793 1454 3845 δὲ
1477 3793 1574 3856 τὰς
1603 3792 1852 3862 διχοστα-

280 3888 402 3948 σίας
438 3886 656 3955 μείζους
678 3886 872 3938 ἐποίει·
899 3885 982 3938 ἴνα
1010 3885 1084 3954 μὴ
1111 3886 1268 3937 τοῦτο
1291 3884 1559 3949 πάθωσιν,
1583 3885 1846 3937 ἀναστέλ-

278 3980 362 4031 λει
399 3979 597 4040 αὐτοὺς
629 3977 722 4030 τοῦ
779 3977 1011 4046 κρίνειν,
1045 3977 1138 4028 καί
1170 3994 1335 4046 φησιν
1362 3995 1374 4008 ·
1412 3995 1430 4027 ι
1468 3977 1624 4045 Ἐμοὶ
1684 3977 1738 4028 δὲ
1772 3979 1851 4039 είς

277 4068 564 4137 ἐλάχιστόν
596 4071 741 4118 ἐστιν
764 4078 780 4095 ο
828 4084 846 4116 ι
886 4062 1019 4129 οἷον,
1076 4064 1312 4128 Ἀδοξίαν
1367 4065 1473 4134 ἔχω
1503 4065 1764 4135 μεγίστην
1795 4063 1853 4115 τὸ

276 4163 416 4224 ὅλως
455 4157 738 4230 κρίνεσθαί
774 4176 838 4228 με
867 4157 955 4225 ὑφ’
985 4158 1160 4226 ὑμῶν.
1190 4153 1344 4220 Εἰτα,
1392 4157 1478 4210 ἵνα
1546 4157 1619 4227 μὴ
1676 4156 1852 4226 πλήξῃ

277 4253 478 4316 αὐτοὺς
542 4251 617 4314 ὡς
666 4250 1240 4320 περιφρονουμὲιιους,
1303 4249 1640 4318 προσέθηκεν
1672 4266 1687 4281 ο
1729 4239 1852 4300 (Ἦ

280 4345 391 4397 ὑπὸ
424 4342 774 4412 ἀνθρωπίνης
825 4343 1060 4411 ἡμέρας,
1102 4359 1120 4391 ι
1160 4340 1521 4409 τουτέστιν,ἢ
1569 4340 1659 4391 ὑπ’
1685 4341 1847 4393 ἄλλου

277 4433 427 4494 τινὸς
464 4431 755 4503 ἀνθρώπου
787 4429 1000 4493 ἐνδόξου
1056 4430 1150 4480 καὶ
1201 4426 1405 4496 ὑψηλοῦ
1435 4443 1447 4457 ·
1472 4427 1686 4496 ἡμέραν
1742 4427 1852 4494 γὰρ

281 4523 569 4594 ἀνθρώπου
609 4524 639 4589 ὴ
678 4521 868 4590 Γραφὴ
896 4520 955 4572 τὸ
981 4519 1114 4588 ὕψος
1143 4519 1331 4571 εἴωθεν
1354 4518 1660 4588 ὀνομάζειν.
1690 4517 1852 4570 Ἀλλά

285 4618 475 4687 μηδεὶς
509 4616 768 4668 ἀπόνοιαν
800 4614 1264 4680 καταγινωσκέτω
1285 4612 1378 4664 τοῦ
1408 4612 1852 4667 Παύλου.”Ταῦτα

282 4711 392 4778 γὰρ
427 4709 485 4760 οὑ
524 4709 651 4776 περὶ
685 4706 881 4759 ἑαυτοῦ
913 4704 1130 4774 ἀληθῶς
1168 4721 1332 4772 φησιν
1357 4720 1370 4733 °
1406 4703 1467 4755 οὑ
1494 4704 1601 4773 γὰρ
1641 4703 1853 4772 ἔκρινον

280 4798 446 4852 αὑτὸν
471 4798 607 4860 ὅλως
631 4813 644 4826 ·
678 4795 795 4848 ἀλλ’
826 4796 912 4848 ἵνα
955 4797 1091 4855 τοὺς
1139 4795 1330 4855 ἄλλους
1383 4794 1458 4863 μὴ
1492 4793 1768 4864 κρίνωσιν,
1795 4795 1853 4846 ὲν

278 4891 360 4961 τῷ
389 4891 576 4960 οἰκείῳ
607 4888 885 4958 προσώπῳ
920 4887 1178 4952 κατορθοῖ
1214 4886 1240 4937 ὃ
1264 4886 1534 4955 βούλεται.

359 5002 378 5034 α
421 4982 560 5034 Ἀλλ’
597 4981 718 5034 οὑδὲ
741 4981 976 5050 ἐμαυτὸν
1001 4979 1278 5047 ἀνακρίνω
1304 4995 1316 5008 ·
1357 4979 1512 5030 οὐδὲν
1536 4978 1641 5047 γὰρ
1662 4978 1850 5047 ’ἐμαυ-

281 5075 362 5144 τῷ
431 5073 648 5126 σύνοιδα
675 5090 687 5103 ·
714 5071 831 5125 ἀλλ’
865 5073 967 5124 οὑκ
1001 5073 1058 5123 ἐν
1103 5071 1278 5138 τούτῳ
1308 5068 1666 5140 δεδικαίωμαι
1693 5087 1707 5102 ο
1741 5071 1769 5122 ὀ
1797 5069 1854 5121 δὲ

279 5170 590 5239 ἀνακρίνων
655 5184 720 5236 με
764 5166 965 5237 Κύριός
989 5168 1124 5218 ἐστι.
1170 5183 1189 5215 ι
1230 5164 1319 5235 Μὴ
1357 5163 1618 5234 νομίσητε
1641 5165 1708 5228 τι,
1751 5181 1855 5232 φη-

281 5265 390 5324 σιν,
435 5264 516 5313 ὅτι
569 5261 713 5330 ὑμᾶς
769 5257 1204 5326 ὲξευτελίζων,ἢ
1253 5257 1378 5319 τοὺς
1423 5255 1612 5319 ἄλλους
1648 5257 1856 5318 πάντας

280 5352 630 5423 ἀνθρώπους,
677 5350 895 5415 ἀπαξιῶ
946 5349 1263 5419 κρίνεσθαι·
1304 5348 1419 5400 ἀλλ’
1448 5347 1568 5400 οὑδὲ
1619 5347 1857 5418 ἐμαυτὸν

287 5448 478 5516 ἀρκεῖν
518 5443 761 5514 ἡγοῦμαι
796 5443 839 5474 ⁷³
872 5441 1007 5511 πρὸς
1036 5441 1133 5510 τὴν
1155 5439 1410 5510 τοιαύτην
1438 5440 1745 5508 ἀκρίϐειαν.
1780 5442 1856 5493 Οὐ

1969 642 2025 684 ιιι
2078 647 2172 683 nos
2207 632 2430 685 Christi.
2493 632 2598 687 Nos
2641 639 2782 688 enim
2838 638 2978 689 servi
3035 653 3217 691 smnus
3249 639 3447 691 (Zbristi
3496 651 3550 692 et

1968 721 2320 789 figmentum:
2364 726 2542 776 turnia
2583 739 2759 779 autem
2818 743 2920 780 non
2980 739 3108 782 sunt
3159 745 3311 782 serva
3361 741 3546 784 nostra

1971 829 2144 879 neque
2202 812 2538 881 figmentum.
2600 816 2750 885 141
2806 820 3168 882 Quamobrem
3243 836 3345 872 non
3403 831 3547 874 recte

1967 899 2166 967 facitis,
2200 903 2505 955 hominibus
2537 921 2629 958 vos
2655 923 2796 974 tpsos
2826 909 3206 971 attribueutes,
3236 910 3393 978 idque
3425 926 3545 963 cum

1965 993 2083 1044 sitis
2110 993 2330 1047 Chiisti.

2563 1107 2794 1163 CAPUT
2853 1107 2939 1162 IV.

2038 1216 2198 1271 Vens.
2240 1220 2290 1273 1.
2325 1240 2342 1270 ι
2386 1219 2475 1273 Sic
2505 1237 2603 1274 nos
2632 1224 2905 1276 existimet
2956 1225 3136 1285 homo,
3174 1235 3232 1277 ut
3265 1228 3542 1282 ministros

1964 1310 2188 1372 Christi,
2231 1324 2282 1365 et
2319 1314 2724 1382 dispensatores
2776 1317 3156 1382 mysteriorum
3198 1319 3309 1372 Dei.
3354 1338 3371 1370 ι
3409 1321 3542 1385 Quia

1967 1421 2062 1458 nos
2087 1405 2338 1459 doctores
2379 1423 2565 1460 smnus
2607 1408 2876 1470 ministri,
2905 1426 3000 1462 cur
3033 1409 3323 1464 Domimnn
3359 1413 3545 1465 dimit-

1967 1505 2159 1560 tentcs,
2189 1512 2215 1548 a
2241 1499 2398 1552 nobis
2424 1501 2685 1553 miuiStris
2711 1500 3099 1568 appellatnini?
3132 1502 3545 1572 Dispensatores

1965 1597 2148 1641 autem
2187 1591 2569 1656 mysteriorum
2623 1606 2819 1644 vocans
2853 1593 3128 1659 apostolos
3173 1609 3233 1645 ac
3269 1593 3542 1659 doctores,

1966 1680 2285 1732 monstravit
2318 1682 2458 1749 quod
2514 1695 2617 1732 non
2669 1683 2919 1734 omnibus
2977 1683 3095 1736 sine
3144 1684 3546 1750 dispensatione

1965 1770 2186 1824 verbum
2221 1771 2568 1839 suppeditare
2622 1780 2852 1839 oportet,
2913 1774 3005 1825 sed
3041 1775 3236 1842 quibus
3265 1790 3399 1842 opus
3439 1788 3542 1836 est,

1966 1871 2019 1912 et
2071 1867 2289 1929 quando
2337 1861 2608 1924 convenit,
2662 1875 2715 1915 et
2772 1863 2911 1916 sicut
2955 1875 3207 1930 oportet:
3244 1869 3541 1934 prtesertim

1963 1965 2084 2004 cum
2119 1953 2372 2022 mysteria
2400 1955 2526 2017 sint,
2581 1970 2684 2006 non
2727 1954 2920 2007 debent
2956 1955 3235 2023 quibusvis
3272 1961 3494 2012 revelari
3526 1976 3541 2011 :

1964 2043 2067 2096 hoc
2099 2045 2242 2096 enim
2286 2060 2388 2097 non
2425 2057 2505 2098 est
2538 2048 2815 2113 prudentis
2842 2050 3130 2101 teeunomi.

2037 2132 2196 2187 Vens.
2224 2134 2278 2186 2.
2311 2153 2327 2184 ι
2359 2134 2511 2198 Quod
2541 2134 2802 2199 reliquum
2833 2145 2933 2196 est,
2966 2137 3226 2202 quaeritur
3251 2137 3300 2188 in
3323 2137 3543 2205 dispen-

1963 2227 2255 2289 satoribus,
2291 2235 2349 2278 ut
2392 2225 2526 2280 [idus
2559 2227 2827 2294 quispiam
2863 2229 3187 2282 inveniatur.
3226 2249 3244 2280 ι
3301 2230 3409 2286 lloc
3436 2243 3540 2297 est,

1962 2328 2019 2370 ut
2053 2318 2244 2370 herilia
2276 2319 2412 2371 bona
2449 2318 2553 2372 sibi
2599 2335 2701 2373 non
2729 2321 2984 2386 vindicet,
3020 2331 3075 2373 ut
3124 2337 3224 2374 non
3252 2324 3414 2379 veluti
3446 2327 3545 2377 do-

1961 2411 2140 2463 minus
2173 2425 2258 2465 res
2288 2419 2501 2476 tractet,
2533 2412 2625 2466 sed
2653 2413 2812 2466 veluti
2871 2415 3044 2466 aliena
3107 2425 3159 2467 et
3213 2417 3398 2470 berilia
3433 2419 3544 2471 dis-

1960 2511 2146 2567 penset
2177 2520 2188 2548 :
2262 2518 2367 2555 non
2401 2518 2497 2556 sua
2528 2503 2711 2556 dicens
2740 2519 2856 2557 esse
2889 2521 3006 2572 quae
3039 2505 3153 2557 heri
3199 2518 3342 2572 sunt,
3379 2511 3469 2563 sed
3510 2526 3539 2564 e

1960 2593 2196 2654 diverso,
2230 2609 2349 2660 qua;
2376 2609 2469 2647 sua
2497 2605 2643 2658 sunt,
2676 2595 2788 2649 beri
2817 2613 2957 2650 esse.

2032 2681 2198 2737 Vens.
2230 2683 2282 2741 5.
2319 2705 2336 2735 ί
2372 2684 2497 2738 Mihi
2535 2698 2711 2739 autem
2738 2704 2832 2756 pro
2860 2690 3081 2746 minimo
3105 2704 3208 2757 est,
3237 2703 3293 2745 ut
3326 2708 3355 2745 a
3386 2693 3538 2746 vobis

1959 2775 2243 2843 dijudicer,
2281 2787 2370 2830 aut
2413 2780 2478 2830 ab
2509 2780 2746 2831 lnunauo
2779 2782 2882 2834 die.
2923 2801 2940 2833 ι
2982 2781 3287 2838 Istiusmodi
3319 2789 3539 2840 morbus

1958 2866 2277 2920 Corinthum
2316 2869 2612 2922 invaserat.
2646 2871 2776 2924 Nam
2809 2876 2899 2942 qui
2924 2874 3077 2940 juxta
3111 2880 3362 2930 doctores
3381 2877 3538 2930 divisi

1958 2967 2134 3021 erant,
2174 2960 2427 3013 sedentes
2463 2969 2719 3029 tauquam
2755 2965 2984 3030 judices,
3021 2969 3165 3020 viros
3217 2970 3331 3038 pios
3359 2980 3410 3023 et
3444 2971 3539 3022 de-

1959 3058 2112 3102 votos
2169 3062 2385 3118 pr0pter
2448 3054 2850 3121 simplicitatem
2923 3059 3223 3112 irridebant
3293 3063 3540 3128 repudia-

1959 3139 2230 3207 bantque:
2262 3156 2356 3195 eos
2391 3152 2570 3197 autem
2605 3147 2692 3214 qui
2746 3149 3043 3203 innumeris
3097 3150 3308 3219 ﬂagitiis
3362 3154 3536 3205 abun-

1882 3232 1925 3290 C
1960 3230 2182 3296 dabant,
2218 3245 2438 3301 propter
2484 3234 2851 3304 eloquentiam
2915 3240 3360 3307 intromittebant,
3412 3245 3537 3298 talia

1888 4567 1929 4620 Ι)

1957 3325 2363 3393 praecipitanter
2394 3327 2746 3382 der-eruentes
2775 3347 2786 3382 :
2829 3329 2924 3384 llic
2952 3332 3041 3385 illo
3062 3334 3411 3389 excellentior
3434 3351 3536 3402 εει,

1958 3418 2046 3471 ille
2110 3419 2211 3471 isto
2248 3418 2484 3479 inferior.
2527 3432 2687 3490 atque
2722 3426 2824 3477 isto
2873 3425 2980 3479 ille.
3024 3429 3156 3481 Cum
3217 3445 3346 3498 ergo
3401 3429 3541 3484 Pau-

1955 3514 2041 3568 lus
2074 3516 2320 3577 dixisset,
2361 3536 2379 3566 ι
2425 3518 2475 3568 ἰιι
2510 3519 2977 3587 αἰερειιειιιοιὶιιιιε
3017 3526 3214 3594 requiri
3241 3567 3254 3589 ,
3301 3540 3358 3582 ιιι
3401 3530 3537 3583 [idus

1957 3604 2221 3672 quispiam
2257 3606 2591 3670 inveniatur,
2626 3629 2643 3658 ι
2695 3627 2756 3662 ac
2809 3612 3093 3667 videbatur
3141 3618 3349 3670 veniam
3407 3621 3537 3688 ipsis

1955 3695 2088 3748 dare
2122 3695 2406 3762 cujuslibet
2441 3699 2603 3750 vitam
2642 3701 2940 3767 judicandi,
2976 3707 3120 3771 quod
3150 3720 3280 3760 sane
3301 3708 3537 3775 majores

1957 3786 2320 3841 dissensiones
2344 3791 2642 3845 excitaret;
2686 3809 2750 3846 ue
2783 3793 2925 3847 istud
2953 3797 3247 3864 patiantur,
3289 3801 3536 3867 reprimit

1955 3892 2051 3931 eos
2084 3881 2370 3945 quominus
2423 3883 2690 3949 judicent,
2729 3885 2974 3953 inquiens
3015 3903 3030 3942 :
3064 3904 3083 3937 ί
3127 3887 3252 3941 Mihi
3285 3904 3408 3944 vero
3440 3907 3536 3960 pro

1958 3971 2184 4024 minimo
2218 3981 2300 4025 est
2332 3991 2345 4027 :
2392 3994 2410 4023 ι
2464 3976 2687 4041 perinde
2722 3992 2784 4030 ac
2813 3979 2856 4030 si
2897 3979 3078 4034 dicat:
3113 3978 3533 4045 Ignominiosum

1955 4061 2113 4126 duco,
2149 4079 2233 4115 me
2266 4065 2487 4117 omnino
2527 4080 2554 4117 a
2588 4069 2739 4121 vobis
2771 4070 3026 4136 judicari.
3077 4073 3297 4137 Deinde,
3349 4091 3414 4129 ne
3443 4091 3535 4130 eos

1957 4154 2254 4220 pereellat,
2308 4158 2461 4224 quasi
2521 4161 2818 4228 despicatui
2861 4163 3224 4228 ducerentur,
3287 4166 3531 4222 addidit:

1961 4264 1978 4297 ι
2020 4251 2123 4301 Aut
2153 4249 2216 4301 ab
2248 4248 2481 4303 humano
2513 4252 2619 4316 die,
2663 4270 2682 4304 ι
2714 4254 2815 4307 hoc
2867 4265 2969 4319 est,
3003 4269 3031 4307 a
3058 4257 3123 4309 ab
3152 4257 3256 4311 alio
3285 4260 3534 4326 quopiam

1956 4339 2170 4392 homine
2200 4341 2399 4393 celebri
2451 4352 2501 4394 et
2550 4345 2826 4410 pt'mclaro.
2864 4346 3146 4415 Scriptura
3205 4351 3347 4403 enim
3389 4351 3532 4405 diem

1958 4427 2187 4481 hominis
2219 4429 2592 4485 celsitudinem
2648 4436 2926 4489 nominare
2956 4437 3112 4491 solet.
3157 4439 3317 4508 Atqui
3374 4457 3534 4495 nemo

1959 4519 2180 4572 Paulum
2243 4523 2540 4578 insolentia:
2587 4526 2854 4581 damnet:
2913 4530 3010 4582 ista
3059 4532 3200 4583 enim
3256 4533 3322 4586 de
3357 4537 3533 4601 seipso

1959 4628 2068 4666 non
2101 4628 2286 4667 revera
2324 4617 2453 4669 dicit
2491 4616 2644 4687 (nam
2707 4619 2878 4686 ipsmn
2911 4621 3132 4676 omnino
3178 4640 3280 4678 non
3325 4624 3535 4692 judica-

1953 4703 2137 4776 bant),
2172 4708 2266 4759 sed
2315 4724 2380 4762 ne
2410 4709 2541 4762 alios
2581 4710 2854 4779 judicent,
2893 4713 2944 4767 in
3002 4716 3218 4784 propria
3272 4722 3531 4786 persona,

1951 4801 2092 4866 quod
2135 4798 2268 4863 vult,
2309 4803 2556 4870 corrigit.

2027 4978 2195 5033 Vens.
2231 4981 2284 5035 4.
2319 4999 2335 5032 ι
2387 4980 2490 5035 Sed
2536 4999 2710 5051 neque
2766 4984 3025 5052 meipsum
3080 4985 3334 5053 dijudico.
3384 4986 3532 5041 Nihil

1959 5076 2102 5127 enim
2141 5075 2269 5128 mihi
2303 5075 2553 5130 conscius
2583 5092 2699 5129 sum
2728 5092 2741 5140 ;
2783 5078 2877 5130 sed
2912 5093 3013 5131 non
3049 5078 3103 5131 in
3142 5078 3533 5145 hocjustiﬁea-

1961 5177 2042 5221 tus
2070 5182 2211 5222 sum.
2253 5167 2355 5234 Qui
2387 5176 2567 5220 autem
2601 5184 2685 5222 me
2721 5167 2949 5237 judicat,
2981 5169 3235 5224 Dominus
3269 5181 3371 5224 est.
3410 5190 3428 5222 ι
3453 5171 3532 5226 Ne

1963 5260 2311 5326 exiSIimetis,
2346 5260 2539 5328 inquit,
2588 5261 2730 5328 quod
2779 5260 3130 5328 villipeudens
3186 5275 3280 5315 vos
3328 5261 3531 5316 ειίοειε

1954 5365 2162 5416 omnes,
2222 5353 2478 5422 dedigner
2527 5351 2800 5418 judicari:
2863 5369 2983 5406 nam
3040 5368 3210 5421 neque
3267 5354 3528 5421 meipsum

1958 5442 2204 5498 sufﬁcere
2246 5457 2443 5498 censeo
2496 5443 2562 5496 ad
2614 5443 2918 5511 hujusmodi
2966 5452 3211 5497 exactum
3241 5443 3527 5512 judicium.

1605 5579 1803 5642 Variae
1833 5580 2160 5648 lectiones.

350 5714 396 5746 '°
422 5711 741 5781 διῃρημένοι
805 5710 989 5781 κριταὶ
1041 5711 1306 5780 ἐκάθηντο
1360 5709 1626 5777 λέγοντες.
1679 5710 1738 5762 '0
1771 5711 1916 5763 δεῖνα
1972 5711 2064 5764 τοῦ
2113 5712 2260 5764 δεῖνα
2301 5710 2597 5780 κρείττων·

278 5782 373 5838 οὖν
410 5779 905 5848 ιιιζΒιιίίεὶῘιιιΙίοει
931 5781 1174 5837 sedebant
1203 5779 1454 5834 dicentes.
1509 5781 1608 5834 Hic
1657 5781 1746 5834 illo
1806 5783 2022 5844 melior;
2083 5783 2164 5832 hic
2217 5779 2554 5848 elnqr’temior.
2613 5779 2743 5833 Cum
2804 5799 2941 5850 ergo.

282 5857 326 5886 ⁷³
362 5855 663 5924 ἡγούμενος
694 5869 743 5908 0.

2674 5712 2701 5762 ὀ
2764 5710 2910 5763 δεῖνα
2961 5710 3300 5781 λογιώτερος.
3368 5711 3522 5764 Ἐπεὶ

3023 5785 3062 5813 ⁷¹
3122 5782 3376 5851 νομίζητε
3444 5798 3520 5838 ιιι.
