  <div class='ocr_page' id='page_1' title='image "/cluster/home/n/w/nwhite01/storage/ocr_20150623/124/nnc1.0046979735/327.png"; bbox 0 0 4272 6448; ppageno 0'>
   <div class='ocr_carea' id='block_1_1' title="bbox 804 409 907 476">
    <p class='ocr_par' dir='ltr' id='par_1_1' title="bbox 804 409 907 476">
     <span class='ocr_line' id='line_1_1' title="bbox 804 409 907 476; baseline -0.01 -1"><span class='ocrx_word' id='word_1_1' title='bbox 804 409 907 476; x_wconf 77' lang='grc'><strong>615</strong></span> 
     </span>
    </p>
   </div>
   <div class='ocr_carea' id='block_1_2' title="bbox 874 505 2445 579">
    <p class='ocr_par' dir='ltr' id='par_1_2' title="bbox 874 505 2445 579">
     <span class='ocr_line' id='line_1_2' title="bbox 874 505 2445 579; baseline -0.019 1"><span class='ocrx_word' id='word_1_2' title='bbox 874 524 1038 579; x_wconf 74' lang='lat' dir='ltr'><strong>Vsus.</strong></span> <span class='ocrx_word' id='word_1_3' title='bbox 1071 516 1153 569; x_wconf 75' lang='lat' dir='ltr'><strong>lt).</strong></span> <span class='ocrx_word' id='word_1_4' title='bbox 1194 532 1213 566; x_wconf 75' lang='grc' dir='ltr'><strong>ι</strong></span> <span class='ocrx_word' id='word_1_5' title='bbox 1248 510 1359 568; x_wconf 82' lang='lat' dir='ltr'><strong>Nos</strong></span> <span class='ocrx_word' id='word_1_6' title='bbox 1398 509 1545 566; x_wconf 92' lang='lat' dir='ltr'><strong>stulti</strong></span> <span class='ocrx_word' id='word_1_7' title='bbox 1577 516 1793 578; x_wconf 92' lang='lat' dir='ltr'><strong>propter</strong></span> <span class='ocrx_word' id='word_1_8' title='bbox 1822 505 2122 567; x_wconf 87' lang='lat' dir='ltr'><strong>Christum,</strong></span> <span class='ocrx_word' id='word_1_9' title='bbox 2144 517 2240 555; x_wconf 78' lang='lat' dir='ltr'><strong>vos</strong></span> <span class='ocrx_word' id='word_1_10' title='bbox 2272 514 2371 553; x_wconf 83' lang='lat' dir='ltr'><strong>au-</strong></span> <span class='ocrx_word' id='word_1_11' title='bbox 2402 506 2445 561; x_wconf 78' lang='grc' dir='ltr'><strong>Α</strong></span> 
     </span>
    </p>
   </div>
   <div class='ocr_carea' id='block_1_3' title="bbox 797 592 2365 682">
    <p class='ocr_par' dir='ltr' id='par_1_3' title="bbox 797 592 2365 682">
     <span class='ocr_line' id='line_1_3' title="bbox 797 592 2365 682; baseline -0.018 -11"><span class='ocrx_word' id='word_1_12' title='bbox 797 626 904 671; x_wconf 88' lang='lat' dir='ltr'><strong>tem</strong></span> <span class='ocrx_word' id='word_1_13' title='bbox 933 610 1220 682; x_wconf 75' lang='lat' dir='ltr'><strong>prudentes</strong></span> <span class='ocrx_word' id='word_1_14' title='bbox 1243 606 1297 659; x_wconf 93' lang='lat' dir='ltr'><strong>in</strong></span> <span class='ocrx_word' id='word_1_15' title='bbox 1324 603 1561 657; x_wconf 91' lang='lat' dir='ltr'><strong>Christo.</strong></span> <span class='ocrx_word' id='word_1_16' title='bbox 1603 618 1621 651; x_wconf 76' lang='grc' dir='ltr'><strong>ι</strong></span> <span class='ocrx_word' id='word_1_17' title='bbox 1654 596 1865 652; x_wconf 77' lang='lat' dir='ltr'><strong>Rursus</strong></span> <span class='ocrx_word' id='word_1_18' title='bbox 1886 606 1940 651; x_wconf 86' lang='lat' dir='ltr'><strong>et</strong></span> <span class='ocrx_word' id='word_1_19' title='bbox 1969 596 2071 649; x_wconf 91' lang='lat' dir='ltr'><strong>hoe</strong></span> <span class='ocrx_word' id='word_1_20' title='bbox 2098 593 2164 645; x_wconf 88' lang='lat' dir='ltr'><strong>ad</strong></span> <span class='ocrx_word' id='word_1_21' title='bbox 2192 592 2365 659; x_wconf 88' lang='lat' dir='ltr'><strong>pudo-</strong></span> 
     </span>
    </p>
   </div>
   <div class='ocr_carea' id='block_1_4' title="bbox 797 685 2368 761">
    <p class='ocr_par' dir='ltr' id='par_1_4' title="bbox 797 685 2368 761">
     <span class='ocr_line' id='line_1_4' title="bbox 797 685 2368 761; baseline -0.017 0"><span class='ocrx_word' id='word_1_22' title='bbox 797 721 911 761; x_wconf 86' lang='lat' dir='ltr'><strong>rem</strong></span> <span class='ocrx_word' id='word_1_23' title='bbox 948 701 1251 755; x_wconf 71' lang='lat' dir='ltr'><strong>faciendum</strong></span> <span class='ocrx_word' id='word_1_24' title='bbox 1307 698 1510 750; x_wconf 80' lang='lat' dir='ltr'><strong>dictum</strong></span> <span class='ocrx_word' id='word_1_25' title='bbox 1547 701 1651 746; x_wconf 88' lang='lat' dir='ltr'><strong>est.</strong></span> <span class='ocrx_word' id='word_1_26' title='bbox 1685 688 1819 745; x_wconf 82' lang='lat' dir='ltr'><strong>Nam</strong></span> <span class='ocrx_word' id='word_1_27' title='bbox 1852 703 1973 743; x_wconf 82' lang='lat' dir='ltr'><strong>cum</strong></span> <span class='ocrx_word' id='word_1_28' title='bbox 2007 685 2232 754; x_wconf 74' lang='lat' dir='ltr'><strong>apostoli</strong></span> <span class='ocrx_word' id='word_1_29' title='bbox 2266 698 2368 737; x_wconf 69' lang='lat' dir='ltr'><strong>caa-</strong></span> 
     </span>
    </p>
   </div>
   <div class='ocr_carea' id='block_1_5' title="bbox 795 776 2367 853">
    <p class='ocr_par' dir='ltr' id='par_1_5' title="bbox 795 776 2367 853">
     <span class='ocr_line' id='line_1_5' title="bbox 795 776 2367 853; baseline -0.015 -2"><span class='ocrx_word' id='word_1_30' title='bbox 795 799 1056 851; x_wconf 86' lang='lat' dir='ltr'><strong>derentur</strong></span> <span class='ocrx_word' id='word_1_31' title='bbox 1133 797 1716 853; x_wconf 76' lang='lat' dir='ltr'><strong>rontemnereuturquc</strong></span> <span class='ocrx_word' id='word_1_32' title='bbox 1776 790 1992 851; x_wconf 75' lang='lat' dir='ltr'><strong>propter</strong></span> <span class='ocrx_word' id='word_1_33' title='bbox 2035 776 2367 832; x_wconf 76' lang='lat' dir='ltr'><strong>Christum:</strong></span> 
     </span>
    </p>
   </div>
   <div class='ocr_carea' id='block_1_6' title="bbox 799 870 2370 953">
    <p class='ocr_par' dir='ltr' id='par_1_6' title="bbox 799 870 2370 953">
     <span class='ocr_line' id='line_1_6' title="bbox 799 870 2370 953; baseline -0.017 -9"><span class='ocrx_word' id='word_1_34' title='bbox 799 892 871 945; x_wconf 85' lang='lat' dir='ltr'>illi</span> <span class='ocrx_word' id='word_1_35' title='bbox 928 904 1049 940; x_wconf 89' lang='lat' dir='ltr'><strong>vero</strong></span> <span class='ocrx_word' id='word_1_36' title='bbox 1094 887 1145 938; x_wconf 93' lang='lat' dir='ltr'><strong>in</strong></span> <span class='ocrx_word' id='word_1_37' title='bbox 1187 882 1361 953; x_wconf 91' lang='lat' dir='ltr'><strong>pretio</strong></span> <span class='ocrx_word' id='word_1_38' title='bbox 1399 882 1707 945; x_wconf 83' lang='lat' dir='ltr'><strong>honoreque</strong></span> <span class='ocrx_word' id='word_1_39' title='bbox 1753 882 1950 933; x_wconf 86' lang='lat' dir='ltr'><strong>essent,</strong></span> <span class='ocrx_word' id='word_1_40' title='bbox 1984 886 2049 925; x_wconf 88' lang='lat' dir='ltr'><strong>ac</strong></span> <span class='ocrx_word' id='word_1_41' title='bbox 2100 870 2370 938; x_wconf 70' lang='lat' dir='ltr'><strong>sapientes</strong></span> 
     </span>
    </p>
   </div>
   <div class='ocr_carea' id='block_1_7' title="bbox 799 962 2368 1054">
    <p class='ocr_par' dir='ltr' id='par_1_7' title="bbox 799 962 2368 1054">
     <span class='ocr_line' id='line_1_7' title="bbox 799 962 2368 1054; baseline -0.013 -17"><span class='ocrx_word' id='word_1_42' title='bbox 799 991 1138 1054; x_wconf 89' lang='lat' dir='ltr'><strong>putarentur,</strong></span> <span class='ocrx_word' id='word_1_43' title='bbox 1192 988 1354 1048; x_wconf 85' lang='lat' dir='ltr'><strong>atque</strong></span> <span class='ocrx_word' id='word_1_44' title='bbox 1400 976 1513 1029; x_wconf 75' lang='lat' dir='ltr'><strong>hzec</strong></span> <span class='ocrx_word' id='word_1_45' title='bbox 1560 972 1612 1025; x_wconf 91' lang='lat' dir='ltr'><strong>in</strong></span> <span class='ocrx_word' id='word_1_46' title='bbox 1646 968 1862 1022; x_wconf 86' lang='lat' dir='ltr'><strong>Christo</strong></span> <span class='ocrx_word' id='word_1_47' title='bbox 1901 979 2019 1019; x_wconf 85' lang='lat' dir='ltr'><strong>esse</strong></span> <span class='ocrx_word' id='word_1_48' title='bbox 2055 962 2320 1032; x_wconf 74' lang='lat' dir='ltr'><strong>iactarent</strong></span> <span class='ocrx_word' id='word_1_49' title='bbox 2353 979 2368 1016; x_wconf 87' lang='lat'><strong>:</strong></span> 
     </span>
    </p>
   </div>
   <div class='ocr_carea' id='block_1_8' title="bbox 799 1055 2370 1144">
    <p class='ocr_par' dir='ltr' id='par_1_8' title="bbox 799 1055 2370 1144">
     <span class='ocr_line' id='line_1_8' title="bbox 799 1055 2370 1144; baseline -0.015 -12"><span class='ocrx_word' id='word_1_50' title='bbox 799 1076 1105 1144; x_wconf 78' lang='lat' dir='ltr'><strong>Quomodo,</strong></span> <span class='ocrx_word' id='word_1_51' title='bbox 1136 1074 1327 1142; x_wconf 85' lang='lat' dir='ltr'><strong>inquit,</strong></span> <span class='ocrx_word' id='word_1_52' title='bbox 1351 1069 1461 1122; x_wconf 81' lang='lat' dir='ltr'><strong>ﬁeri</strong></span> <span class='ocrx_word' id='word_1_53' title='bbox 1490 1072 1683 1133; x_wconf 78' lang='lat' dir='ltr'><strong>potest,</strong></span> <span class='ocrx_word' id='word_1_54' title='bbox 1715 1071 1771 1114; x_wconf 87' lang='lat' dir='ltr'><strong>ut</strong></span> <span class='ocrx_word' id='word_1_55' title='bbox 1801 1059 1989 1115; x_wconf 87' lang='lat' dir='ltr'><strong>eadem</strong></span> <span class='ocrx_word' id='word_1_56' title='bbox 2015 1055 2370 1111; x_wconf 85' lang='lat' dir='ltr'><strong>sentientibus</strong></span> 
     </span>
    </p>
   </div>
   <div class='ocr_carea' id='block_1_9' title="bbox 799 1155 2371 1230">
    <p class='ocr_par' dir='ltr' id='par_1_9' title="bbox 799 1155 2371 1230">
     <span class='ocr_line' id='line_1_9' title="bbox 799 1155 2371 1230; baseline -0.017 -7"><span class='ocrx_word' id='word_1_57' title='bbox 799 1168 1069 1223; x_wconf 86' lang='lat' dir='ltr'><strong>contraria</strong></span> <span class='ocrx_word' id='word_1_58' title='bbox 1106 1158 1459 1230; x_wconf 87' lang='lat' dir='ltr'><strong>coutmgant?</strong></span> <span class='ocrx_word' id='word_1_59' title='bbox 1482 1155 1715 1209; x_wconf 87' lang='lat' dir='ltr'><strong>Proinde</strong></span> <span class='ocrx_word' id='word_1_60' title='bbox 1743 1165 1964 1207; x_wconf 86' lang='lat' dir='ltr'><strong>necesse</strong></span> <span class='ocrx_word' id='word_1_61' title='bbox 2017 1157 2099 1201; x_wconf 89' lang='lat' dir='ltr'><strong>est</strong></span> <span class='ocrx_word' id='word_1_62' title='bbox 2132 1155 2225 1200; x_wconf 87' lang='lat' dir='ltr'><strong>aut</strong></span> <span class='ocrx_word' id='word_1_63' title='bbox 2272 1160 2371 1199; x_wconf 91' lang='lat' dir='ltr'><strong>nos</strong></span> 
     </span>
    </p>
   </div>
   <div class='ocr_carea' id='block_1_10' title="bbox 800 1238 2375 1327">
    <p class='ocr_par' dir='ltr' id='par_1_10' title="bbox 800 1238 2375 1327">
     <span class='ocr_line' id='line_1_10' title="bbox 800 1238 2375 1327; baseline -0.017 -12"><span class='ocrx_word' id='word_1_64' title='bbox 800 1277 905 1315; x_wconf 91' lang='lat' dir='ltr'><strong>non</strong></span> <span class='ocrx_word' id='word_1_65' title='bbox 933 1274 1121 1327; x_wconf 74' lang='lat' dir='ltr'><strong>sapere</strong></span> <span class='ocrx_word' id='word_1_66' title='bbox 1158 1254 1450 1309; x_wconf 83' lang='lat' dir='ltr'><strong>secundum</strong></span> <span class='ocrx_word' id='word_1_67' title='bbox 1487 1248 1789 1310; x_wconf 87' lang='lat' dir='ltr'><strong>Christum,</strong></span> <span class='ocrx_word' id='word_1_68' title='bbox 1824 1257 1917 1297; x_wconf 85' lang='lat' dir='ltr'><strong>aut</strong></span> <span class='ocrx_word' id='word_1_69' title='bbox 1943 1255 2061 1295; x_wconf 84' lang='lat' dir='ltr'><strong>vos.</strong></span> <span class='ocrx_word' id='word_1_70' title='bbox 2103 1238 2262 1306; x_wconf 81' lang='lat' dir='ltr'><strong>Atqui</strong></span> <span class='ocrx_word' id='word_1_71' title='bbox 2294 1238 2375 1290; x_wconf 87' lang='lat' dir='ltr'><strong>in—</strong></span> 
     </span>
    </p>
   </div>
   <div class='ocr_carea' id='block_1_11' title="bbox 799 1330 2373 1422">
    <p class='ocr_par' dir='ltr' id='par_1_11' title="bbox 799 1330 2373 1422">
     <span class='ocr_line' id='line_1_11' title="bbox 799 1330 2373 1422; baseline -0.015 -16"><span class='ocrx_word' id='word_1_72' title='bbox 799 1351 1022 1422; x_wconf 89' lang='lat' dir='ltr'><strong>dignum</strong></span> <span class='ocrx_word' id='word_1_73' title='bbox 1069 1360 1152 1403; x_wconf 87' lang='lat' dir='ltr'><strong>est</strong></span> <span class='ocrx_word' id='word_1_74' title='bbox 1194 1345 1393 1402; x_wconf 86' lang='lat' dir='ltr'><strong>Christi</strong></span> <span class='ocrx_word' id='word_1_75' title='bbox 1428 1341 1701 1412; x_wconf 83' lang='lat' dir='ltr'><strong>apostolos</strong></span> <span class='ocrx_word' id='word_1_76' title='bbox 1732 1353 1837 1392; x_wconf 92' lang='lat' dir='ltr'><strong>non</strong></span> <span class='ocrx_word' id='word_1_77' title='bbox 1864 1348 2053 1403; x_wconf 89' lang='lat' dir='ltr'><strong>sapere</strong></span> <span class='ocrx_word' id='word_1_78' title='bbox 2076 1330 2373 1386; x_wconf 84' lang='lat' dir='ltr'><strong>secundum</strong></span> 
     </span>
    </p>
   </div>
   <div class='ocr_carea' id='block_1_12' title="bbox 799 1433 1681 1508">
    <p class='ocr_par' dir='ltr' id='par_1_12' title="bbox 799 1433 1681 1508">
     <span class='ocr_line' id='line_1_12' title="bbox 799 1433 1681 1508; baseline -0.018 -7"><span class='ocrx_word' id='word_1_79' title='bbox 799 1445 1074 1501; x_wconf 87' lang='lat' dir='ltr'><strong>Christum</strong></span> <span class='ocrx_word' id='word_1_80' title='bbox 1106 1458 1120 1495; x_wconf 93' lang='lat'>:</span> <span class='ocrx_word' id='word_1_81' title='bbox 1149 1455 1245 1494; x_wconf 85' lang='lat' dir='ltr'><strong>vos</strong></span> <span class='ocrx_word' id='word_1_82' title='bbox 1274 1438 1435 1508; x_wconf 90' lang='lat' dir='ltr'><strong>igitur</strong></span> <span class='ocrx_word' id='word_1_83' title='bbox 1469 1433 1681 1489; x_wconf 89' lang='lat' dir='ltr'><strong>erratis.</strong></span> 
     </span>
    </p>
   </div>
   <div class='ocr_carea' id='block_1_13' title="bbox 881 1516 2375 1593">
    <p class='ocr_par' dir='ltr' id='par_1_13' title="bbox 881 1516 2375 1593">
     <span class='ocr_line' id='line_1_13' title="bbox 881 1516 2375 1593; baseline -0.016 -3"><span class='ocrx_word' id='word_1_84' title='bbox 881 1558 899 1590; x_wconf 76' lang='grc' dir='ltr'><strong>ι</strong></span> <span class='ocrx_word' id='word_1_85' title='bbox 940 1535 1049 1590; x_wconf 81' lang='lat' dir='ltr'><strong>Nos</strong></span> <span class='ocrx_word' id='word_1_86' title='bbox 1079 1532 1297 1593; x_wconf 84' lang='lat' dir='ltr'><strong>inﬁrmi,</strong></span> <span class='ocrx_word' id='word_1_87' title='bbox 1320 1545 1416 1584; x_wconf 80' lang='lat' dir='ltr'><strong>vas</strong></span> <span class='ocrx_word' id='word_1_88' title='bbox 1444 1536 1623 1580; x_wconf 89' lang='lat' dir='ltr'><strong>autem</strong></span> <span class='ocrx_word' id='word_1_89' title='bbox 1658 1522 1822 1577; x_wconf 77' lang='lat' dir='ltr'><strong>fortes</strong></span> <span class='ocrx_word' id='word_1_90' title='bbox 1852 1538 1865 1576; x_wconf 91' lang='lat'><strong>:</strong></span> <span class='ocrx_word' id='word_1_91' title='bbox 1896 1534 1992 1573; x_wconf 84' lang='lat' dir='ltr'><strong>vos</strong></span> <span class='ocrx_word' id='word_1_92' title='bbox 2016 1516 2246 1581; x_wconf 84' lang='lat' dir='ltr'><strong>nobiles,</strong></span> <span class='ocrx_word' id='word_1_93' title='bbox 2276 1528 2375 1567; x_wconf 90' lang='lat' dir='ltr'><strong>nos</strong></span> 
     </span>
    </p>
   </div>
   <div class='ocr_carea' id='block_1_14' title="bbox 804 1608 2376 1693">
    <p class='ocr_par' dir='ltr' id='par_1_14' title="bbox 804 1608 2376 1693">
     <span class='ocr_line' id='line_1_14' title="bbox 804 1608 2376 1693; baseline -0.015 -12"><span class='ocrx_word' id='word_1_94' title='bbox 804 1638 982 1681; x_wconf 84' lang='lat' dir='ltr'><strong>autem</strong></span> <span class='ocrx_word' id='word_1_95' title='bbox 1014 1622 1294 1693; x_wconf 88' lang='lat' dir='ltr'><strong>ignobiles.</strong></span> <span class='ocrx_word' id='word_1_96' title='bbox 1342 1637 1360 1670; x_wconf 84' lang='grc'>›</span> <span class='ocrx_word' id='word_1_97' title='bbox 1395 1615 1507 1672; x_wconf 86' lang='lat' dir='ltr'><strong>Hoc</strong></span> <span class='ocrx_word' id='word_1_98' title='bbox 1533 1625 1635 1679; x_wconf 88' lang='lat' dir='ltr'><strong>est,</strong></span> <span class='ocrx_word' id='word_1_99' title='bbox 1664 1627 1760 1666; x_wconf 92' lang='lat' dir='ltr'><strong>nos</strong></span> <span class='ocrx_word' id='word_1_100' title='bbox 1784 1612 2015 1680; x_wconf 82' lang='lat' dir='ltr'><strong>agimur,</strong></span> <span class='ocrx_word' id='word_1_101' title='bbox 2042 1608 2376 1677; x_wconf 85' lang='lat' dir='ltr'><strong>persecutio-</strong></span> 
     </span>
    </p>
   </div>
   <div class='ocr_carea' id='block_1_15' title="bbox 805 1698 2372 1784">
    <p class='ocr_par' dir='ltr' id='par_1_15' title="bbox 805 1698 2372 1784">
     <span class='ocr_line' id='line_1_15' title="bbox 805 1698 2372 1784; baseline -0.015 -10"><span class='ocrx_word' id='word_1_102' title='bbox 805 1734 925 1773; x_wconf 91' lang='lat' dir='ltr'><strong>nem</strong></span> <span class='ocrx_word' id='word_1_103' title='bbox 950 1716 1179 1784; x_wconf 83' lang='lat' dir='ltr'><strong>patimur</strong></span> <span class='ocrx_word' id='word_1_104' title='bbox 1207 1728 1220 1764; x_wconf 87' lang='lat'>:</span> <span class='ocrx_word' id='word_1_105' title='bbox 1246 1726 1341 1765; x_wconf 81' lang='lat' dir='ltr'><strong>vos</strong></span> <span class='ocrx_word' id='word_1_106' title='bbox 1363 1723 1492 1763; x_wconf 85' lang='lat' dir='ltr'><strong>vero</strong></span> <span class='ocrx_word' id='word_1_107' title='bbox 1521 1720 1730 1762; x_wconf 88' lang='lat' dir='ltr'><strong>summa</strong></span> <span class='ocrx_word' id='word_1_108' title='bbox 1786 1703 2076 1757; x_wconf 88' lang='lat' dir='ltr'><strong>securitate</strong></span> <span class='ocrx_word' id='word_1_109' title='bbox 2112 1698 2372 1753; x_wconf 80' lang='lat' dir='ltr'><strong>fruimini.</strong></span> 
     </span>
    </p>
   </div>
   <div class='ocr_carea' id='block_1_16' title="bbox 803 1786 2375 1864">
    <p class='ocr_par' dir='ltr' id='par_1_16' title="bbox 803 1786 2375 1864">
     <span class='ocr_line' id='line_1_16' title="bbox 803 1786 2375 1864; baseline -0.015 0"><span class='ocrx_word' id='word_1_110' title='bbox 803 1810 1180 1864; x_wconf 80' lang='lat' dir='ltr'><strong>Inﬁrmitatem</strong></span> <span class='ocrx_word' id='word_1_111' title='bbox 1244 1802 1384 1857; x_wconf 88' lang='lat' dir='ltr'><strong>enim</strong></span> <span class='ocrx_word' id='word_1_112' title='bbox 1432 1800 1752 1853; x_wconf 83' lang='lat' dir='ltr'><strong>tentationes</strong></span> <span class='ocrx_word' id='word_1_113' title='bbox 1797 1795 1996 1864; x_wconf 86' lang='lat' dir='ltr'><strong>passim</strong></span> <span class='ocrx_word' id='word_1_114' title='bbox 2044 1786 2375 1851; x_wconf 70' lang='lat' dir='ltr'><strong>voeat.\los,</strong></span> 
     </span>
    </p>
   </div>
   <div class='ocr_carea' id='block_1_17' title="bbox 1692 377 3098 453">
    <p class='ocr_par' dir='ltr' id='par_1_17' title="bbox 1692 377 3098 453">
     <span class='ocr_line' id='line_1_17' title="bbox 1692 377 3098 453; baseline -0.012 1"><span class='ocrx_word' id='word_1_115' title='bbox 1692 384 2269 453; x_wconf 67' lang='lat' dir='ltr'><strong>THEOPIIYLACTI</strong></span> <span class='ocrx_word' id='word_1_116' title='bbox 2288 380 2703 445; x_wconf 78' lang='lat' dir='ltr'><strong>BULGARl/E</strong></span> <span class='ocrx_word' id='word_1_117' title='bbox 2736 377 3098 440; x_wconf 80' lang='lat' dir='ltr'><strong>ARCIllEP.</strong></span> 
     </span>
    </p>
   </div>
   <div class='ocr_carea' id='block_1_18' title="bbox 2558 490 4081 565">
    <p class='ocr_par' dir='ltr' id='par_1_18' title="bbox 2558 490 4081 565">
     <span class='ocr_line' id='line_1_18' title="bbox 2558 490 4081 565; baseline -0.002 -16"><span class='ocrx_word' id='word_1_118' title='bbox 2558 516 2576 549; x_wconf 74' lang='grc' dir='ltr'><strong>ι</strong></span> <span class='ocrx_word' id='word_1_119' title='bbox 2629 496 2824 565; x_wconf 82' lang='grc' dir='ltr'>Ἡμεῖς</span> <span class='ocrx_word' id='word_1_120' title='bbox 2858 495 3036 565; x_wconf 78' lang='grc' dir='ltr'><strong>μωροὶ</strong></span> <span class='ocrx_word' id='word_1_121' title='bbox 3080 492 3168 547; x_wconf 75' lang='grc' dir='ltr'><strong>διὰ</strong></span> <span class='ocrx_word' id='word_1_122' title='bbox 3204 490 3471 562; x_wconf 71' lang='grc' dir='ltr'><strong>Χριστόνο</strong></span> <span class='ocrx_word' id='word_1_123' title='bbox 3511 492 3668 561; x_wconf 81' lang='grc' dir='ltr'><strong>ὑμεῖς</strong></span> <span class='ocrx_word' id='word_1_124' title='bbox 3714 490 3770 544; x_wconf 80' lang='grc' dir='ltr'><strong>δέ</strong></span> <span class='ocrx_word' id='word_1_125' title='bbox 3801 493 4081 561; x_wconf 77' lang='grc' dir='ltr'><strong>φρόνιμοι</strong></span> 
     </span>
    </p>
   </div>
   <div class='ocr_carea' id='block_1_19' title="bbox 2471 583 4080 659">
    <p class='ocr_par' dir='ltr' id='par_1_19' title="bbox 2471 583 4080 659">
     <span class='ocr_line' id='line_1_19' title="bbox 2471 583 4080 659; baseline -0.004 -15"><span class='ocrx_word' id='word_1_126' title='bbox 2471 593 2529 644; x_wconf 84' lang='grc' dir='ltr'><strong>ἐν</strong></span> <span class='ocrx_word' id='word_1_127' title='bbox 2557 588 2793 659; x_wconf 75' lang='grc' dir='ltr'><strong>Χριστῷ.</strong></span> <span class='ocrx_word' id='word_1_128' title='bbox 2831 608 2849 640; x_wconf 72' lang='grc' dir='ltr'><strong>ι</strong></span> <span class='ocrx_word' id='word_1_129' title='bbox 2875 588 3045 641; x_wconf 78' lang='grc' dir='ltr'><strong>Πάλιν</strong></span> <span class='ocrx_word' id='word_1_130' title='bbox 3069 586 3162 639; x_wconf 73' lang='grc' dir='ltr'><strong>καὶ</strong></span> <span class='ocrx_word' id='word_1_131' title='bbox 3186 583 3344 637; x_wconf 80' lang='grc' dir='ltr'><strong>τοῦτο</strong></span> <span class='ocrx_word' id='word_1_132' title='bbox 3365 583 3733 653; x_wconf 83' lang='grc' dir='ltr'><strong>ἐντρεπτικῶς</strong></span> <span class='ocrx_word' id='word_1_133' title='bbox 3762 584 4080 654; x_wconf 61' lang='lat' dir='ltr'><strong>simtu&quot;.</strong></span> 
     </span>
    </p>
   </div>
   <div class='ocr_carea' id='block_1_20' title="bbox 2484 677 4085 748">
    <p class='ocr_par' dir='ltr' id='par_1_20' title="bbox 2484 677 4085 748">
     <span class='ocr_line' id='line_1_20' title="bbox 2484 677 4085 748; baseline -0.005 -14"><span class='ocrx_word' id='word_1_134' title='bbox 2484 681 2699 748; x_wconf 78' lang='grc' dir='ltr'><strong>Ἐπειδὴ</strong></span> <span class='ocrx_word' id='word_1_135' title='bbox 2740 680 2848 748; x_wconf 78' lang='grc' dir='ltr'><strong>γὰρ</strong></span> <span class='ocrx_word' id='word_1_136' title='bbox 2881 680 3170 733; x_wconf 75' lang='grc' dir='ltr'><strong>ἐτύπτοντο</strong></span> <span class='ocrx_word' id='word_1_137' title='bbox 3234 678 3333 747; x_wconf 81' lang='grc' dir='ltr'><strong>μὲν</strong></span> <span class='ocrx_word' id='word_1_138' title='bbox 3374 680 3423 730; x_wconf 85' lang='grc' dir='ltr'><strong>οἱ</strong></span> <span class='ocrx_word' id='word_1_139' title='bbox 3454 677 3762 740; x_wconf 73' lang='grc' dir='ltr'><strong>ἀπόστολοι,</strong></span> <span class='ocrx_word' id='word_1_140' title='bbox 3797 678 3893 727; x_wconf 70' lang='grc' dir='ltr'><strong>καὶ</strong></span> <span class='ocrx_word' id='word_1_141' title='bbox 3928 694 4085 729; x_wconf 81' lang='grc' dir='ltr'><strong>κατ-</strong></span> 
     </span>
    </p>
   </div>
   <div class='ocr_carea' id='block_1_21' title="bbox 2472 770 4084 844">
    <p class='ocr_par' dir='ltr' id='par_1_21' title="bbox 2472 770 4084 844">
     <span class='ocr_line' id='line_1_21' title="bbox 2472 770 4084 844; baseline -0.004 -17"><span class='ocrx_word' id='word_1_142' title='bbox 2472 772 2799 843; x_wconf 78' lang='grc' dir='ltr'><strong>εφρονοῦντο</strong></span> <span class='ocrx_word' id='word_1_143' title='bbox 2818 772 2904 826; x_wconf 77' lang='grc' dir='ltr'><strong>διὰ</strong></span> <span class='ocrx_word' id='word_1_144' title='bbox 2938 771 3172 844; x_wconf 86' lang='grc' dir='ltr'><strong>Χριστόν</strong></span> <span class='ocrx_word' id='word_1_145' title='bbox 3192 789 3205 801; x_wconf 83' lang='grc'><strong>’</strong></span> <span class='ocrx_word' id='word_1_146' title='bbox 3238 773 3438 824; x_wconf 89' lang='grc' dir='ltr'><strong>ἐκεῖνοι</strong></span> <span class='ocrx_word' id='word_1_147' title='bbox 3467 771 3523 822; x_wconf 86' lang='grc' dir='ltr'><strong>δὲ</strong></span> <span class='ocrx_word' id='word_1_148' title='bbox 3554 770 3819 839; x_wconf 79' lang='grc' dir='ltr'><strong>ἐτιμῶντο</strong></span> <span class='ocrx_word' id='word_1_149' title='bbox 3837 770 3935 821; x_wconf 69' lang='grc' dir='ltr'><strong>καὶ</strong></span> <span class='ocrx_word' id='word_1_150' title='bbox 3974 786 4084 821; x_wconf 79' lang='grc' dir='ltr'><strong>σο-</strong></span> 
     </span>
    </p>
   </div>
   <div class='ocr_carea' id='block_1_22' title="bbox 2474 859 4084 935">
    <p class='ocr_par' dir='ltr' id='par_1_22' title="bbox 2474 859 4084 935">
     <span class='ocr_line' id='line_1_22' title="bbox 2474 859 4084 935; baseline -0.004 -16"><span class='ocrx_word' id='word_1_151' title='bbox 2474 869 2562 935; x_wconf 73' lang='grc' dir='ltr'><strong>φοὶ</strong></span> <span class='ocrx_word' id='word_1_152' title='bbox 2593 864 2922 935; x_wconf 79' lang='grc' dir='ltr'><strong>ἐνομίζοντο,</strong></span> <span class='ocrx_word' id='word_1_153' title='bbox 2954 864 3049 917; x_wconf 80' lang='grc' dir='ltr'><strong>καὶ</strong></span> <span class='ocrx_word' id='word_1_154' title='bbox 3083 866 3141 917; x_wconf 91' lang='grc' dir='ltr'><strong>ἐν</strong></span> <span class='ocrx_word' id='word_1_155' title='bbox 3184 863 3403 934; x_wconf 78' lang='grc' dir='ltr'><strong>Χριστῷ</strong></span> <span class='ocrx_word' id='word_1_156' title='bbox 3434 862 3606 915; x_wconf 86' lang='grc' dir='ltr'><strong>ταῦτα</strong></span> <span class='ocrx_word' id='word_1_157' title='bbox 3637 859 3776 915; x_wconf 79' lang='grc' dir='ltr'><strong>εἶναι</strong></span> <span class='ocrx_word' id='word_1_158' title='bbox 3804 862 4084 929; x_wconf 80' lang='grc' dir='ltr'><strong>ἐκόμπα-</strong></span> 
     </span>
    </p>
   </div>
   <div class='ocr_carea' id='block_1_23' title="bbox 2475 955 4084 1029">
    <p class='ocr_par' dir='ltr' id='par_1_23' title="bbox 2475 955 4084 1029">
     <span class='ocr_line' id='line_1_23' title="bbox 2475 955 4084 1029; baseline -0.004 -18"><span class='ocrx_word' id='word_1_159' title='bbox 2475 960 2599 1024; x_wconf 84' lang='grc' dir='ltr'><strong>ζον·</strong></span> <span class='ocrx_word' id='word_1_160' title='bbox 2642 958 2788 1020; x_wconf 84' lang='grc' dir='ltr'><strong>Πῶς,</strong></span> <span class='ocrx_word' id='word_1_161' title='bbox 2843 960 2999 1029; x_wconf 69' lang='grc' dir='ltr'><strong>φησὶ,</strong></span> <span class='ocrx_word' id='word_1_162' title='bbox 3046 958 3271 1011; x_wconf 79' lang='grc' dir='ltr'><strong>δυνατὸν</strong></span> <span class='ocrx_word' id='word_1_163' title='bbox 3315 958 3383 1009; x_wconf 83' lang='grc' dir='ltr'><strong>τὰ</strong></span> <span class='ocrx_word' id='word_1_164' title='bbox 3427 956 3644 1009; x_wconf 79' lang='grc' dir='ltr'><strong>ἐναντία</strong></span> <span class='ocrx_word' id='word_1_165' title='bbox 3693 956 3976 1008; x_wconf 82' lang='grc' dir='ltr'><strong>συνελθεῖν</strong></span> <span class='ocrx_word' id='word_1_166' title='bbox 4013 955 4084 1005; x_wconf 64' lang='grc' dir='ltr'><strong>ἐν</strong></span> 
     </span>
    </p>
   </div>
   <div class='ocr_carea' id='block_1_24' title="bbox 2474 1046 4083 1124">
    <p class='ocr_par' dir='ltr' id='par_1_24' title="bbox 2474 1046 4083 1124">
     <span class='ocr_line' id='line_1_24' title="bbox 2474 1046 4083 1124; baseline -0.003 -18"><span class='ocrx_word' id='word_1_167' title='bbox 2474 1057 2583 1117; x_wconf 87' lang='grc' dir='ltr'><strong>τοῖς</strong></span> <span class='ocrx_word' id='word_1_168' title='bbox 2612 1053 2680 1107; x_wconf 77' lang='grc' dir='ltr'><strong>τὰ</strong></span> <span class='ocrx_word' id='word_1_169' title='bbox 2708 1054 2847 1109; x_wconf 81' lang='grc' dir='ltr'><strong>αὑτὰ</strong></span> <span class='ocrx_word' id='word_1_170' title='bbox 2877 1053 3201 1124; x_wconf 89' lang='grc' dir='ltr'><strong>φρονοῦσιν;</strong></span> <span class='ocrx_word' id='word_1_171' title='bbox 3244 1051 3454 1105; x_wconf 77' lang='grc' dir='ltr'><strong>Οὐκοῦν</strong></span> <span class='ocrx_word' id='word_1_172' title='bbox 3490 1052 3701 1120; x_wconf 59' lang='grc' dir='ltr'><strong>ἀνάγκη</strong></span> <span class='ocrx_word' id='word_1_173' title='bbox 3733 1051 3764 1119; x_wconf 84' lang='grc' dir='ltr'>ἦ</span> <span class='ocrx_word' id='word_1_174' title='bbox 3798 1050 3950 1118; x_wconf 72' lang='grc' dir='ltr'><strong>ἡμᾶς</strong></span> <span class='ocrx_word' id='word_1_175' title='bbox 3994 1046 4083 1119; x_wconf 73' lang='grc' dir='ltr'><strong>μὴ</strong></span> 
     </span>
    </p>
   </div>
   <div class='ocr_carea' id='block_1_25' title="bbox 2474 1141 4081 1217">
    <p class='ocr_par' dir='ltr' id='par_1_25' title="bbox 2474 1141 4081 1217">
     <span class='ocr_line' id='line_1_25' title="bbox 2474 1141 4081 1217; baseline -0.004 -18"><span class='ocrx_word' id='word_1_176' title='bbox 2474 1146 2615 1199; x_wconf 81' lang='grc' dir='ltr'><strong>κατὰ</strong></span> <span class='ocrx_word' id='word_1_177' title='bbox 2664 1146 2902 1215; x_wconf 79' lang='grc' dir='ltr'><strong>Χριστὸν</strong></span> <span class='ocrx_word' id='word_1_178' title='bbox 2932 1147 3167 1217; x_wconf 82' lang='grc' dir='ltr'><strong>φρονεῖν,</strong></span> <span class='ocrx_word' id='word_1_179' title='bbox 3216 1145 3250 1216; x_wconf 78' lang='grc' dir='ltr'>ἢ</span> <span class='ocrx_word' id='word_1_180' title='bbox 3286 1146 3452 1215; x_wconf 80' lang='grc' dir='ltr'><strong>ὑμᾶς.</strong></span> <span class='ocrx_word' id='word_1_181' title='bbox 3496 1145 3656 1196; x_wconf 79' lang='grc' dir='ltr'><strong>Ἀλλὰ</strong></span> <span class='ocrx_word' id='word_1_182' title='bbox 3689 1143 3794 1213; x_wconf 82' lang='grc' dir='ltr'><strong>μὴν</strong></span> <span class='ocrx_word' id='word_1_183' title='bbox 3838 1141 4081 1205; x_wconf 73' lang='grc' dir='ltr'><strong>ἀνάξιον</strong></span> 
     </span>
    </p>
   </div>
   <div class='ocr_carea' id='block_1_26' title="bbox 2474 1235 4083 1307">
    <p class='ocr_par' dir='ltr' id='par_1_26' title="bbox 2474 1235 4083 1307">
     <span class='ocr_line' id='line_1_26' title="bbox 2474 1235 4083 1307; baseline -0.002 -17"><span class='ocrx_word' id='word_1_184' title='bbox 2474 1240 2597 1299; x_wconf 73' lang='grc' dir='ltr'><strong>τοὺς</strong></span> <span class='ocrx_word' id='word_1_185' title='bbox 2626 1238 2955 1301; x_wconf 73' lang='grc' dir='ltr'><strong>ἀποστόλους</strong></span> <span class='ocrx_word' id='word_1_186' title='bbox 2984 1237 3077 1290; x_wconf 86' lang='grc' dir='ltr'><strong>τοῦ</strong></span> <span class='ocrx_word' id='word_1_187' title='bbox 3104 1235 3339 1307; x_wconf 83' lang='grc' dir='ltr'><strong>Χριστοῦ</strong></span> <span class='ocrx_word' id='word_1_188' title='bbox 3374 1237 3447 1306; x_wconf 85' lang='grc' dir='ltr'><strong>μὴ</strong></span> <span class='ocrx_word' id='word_1_189' title='bbox 3480 1238 3621 1290; x_wconf 80' lang='grc' dir='ltr'><strong>κατὰ</strong></span> <span class='ocrx_word' id='word_1_190' title='bbox 3654 1236 3887 1307; x_wconf 83' lang='grc' dir='ltr'><strong>Χριστὸν</strong></span> <span class='ocrx_word' id='word_1_191' title='bbox 3926 1250 4083 1304; x_wconf 82' lang='grc' dir='ltr'><strong>φρο-</strong></span> 
     </span>
    </p>
   </div>
   <div class='ocr_carea' id='block_1_27' title="bbox 2475 1329 3595 1401">
    <p class='ocr_par' dir='ltr' id='par_1_27' title="bbox 2475 1329 3595 1401">
     <span class='ocr_line' id='line_1_27' title="bbox 2475 1329 3595 1401; baseline -0.002 -16"><span class='ocrx_word' id='word_1_192' title='bbox 2475 1334 2619 1385; x_wconf 84' lang='grc' dir='ltr'><strong>νεῖν’</strong></span> <span class='ocrx_word' id='word_1_193' title='bbox 2656 1331 2813 1401; x_wconf 81' lang='grc' dir='ltr'>ὑμεῖς</span> <span class='ocrx_word' id='word_1_194' title='bbox 2846 1331 2951 1400; x_wconf 84' lang='grc' dir='ltr'><strong>ἄρα</strong></span> <span class='ocrx_word' id='word_1_195' title='bbox 2978 1330 3101 1382; x_wconf 86' lang='grc' dir='ltr'><strong>ἐστὲ</strong></span> <span class='ocrx_word' id='word_1_196' title='bbox 3129 1331 3177 1382; x_wconf 89' lang='grc' dir='ltr'><strong>οί</strong></span> <span class='ocrx_word' id='word_1_197' title='bbox 3213 1329 3595 1399; x_wconf 86' lang='grc' dir='ltr'><strong>σφαλλόμενοι.</strong></span> 
     </span>
    </p>
   </div>
   <div class='ocr_carea' id='block_1_28' title="bbox 2555 1510 4075 1583">
    <p class='ocr_par' dir='ltr' id='par_1_28' title="bbox 2555 1510 4075 1583">
     <span class='ocr_line' id='line_1_28' title="bbox 2555 1510 4075 1583; baseline -0.003 -16"><span class='ocrx_word' id='word_1_198' title='bbox 2555 1534 2573 1566; x_wconf 77' lang='grc' dir='ltr'><strong>ι</strong></span> <span class='ocrx_word' id='word_1_199' title='bbox 2608 1514 2799 1583; x_wconf 79' lang='grc' dir='ltr'><strong>Ἡμεῖς</strong></span> <span class='ocrx_word' id='word_1_200' title='bbox 2825 1513 3090 1577; x_wconf 78' lang='grc' dir='ltr'><strong>ἀσθενεῖς,</strong></span> <span class='ocrx_word' id='word_1_201' title='bbox 3111 1515 3267 1581; x_wconf 81' lang='grc' dir='ltr'>ὑμεῖς</span> <span class='ocrx_word' id='word_1_202' title='bbox 3286 1513 3341 1565; x_wconf 76' lang='grc' dir='ltr'><strong>δὲ</strong></span> <span class='ocrx_word' id='word_1_203' title='bbox 3370 1514 3582 1583; x_wconf 85' lang='grc' dir='ltr'><strong>ἰσχυροί</strong></span> <span class='ocrx_word' id='word_1_204' title='bbox 3612 1531 3623 1541; x_wconf 66' lang='grc' dir='ltr'>θ</span> <span class='ocrx_word' id='word_1_205' title='bbox 3652 1512 3809 1581; x_wconf 84' lang='grc' dir='ltr'><strong>ὑμεῖς</strong></span> <span class='ocrx_word' id='word_1_206' title='bbox 3836 1510 4075 1576; x_wconf 56' lang='grc' dir='ltr'><strong>ἔνδοξοι,</strong></span> 
     </span>
    </p>
   </div>
   <div class='ocr_carea' id='block_1_29' title="bbox 2477 1608 3411 1678">
    <p class='ocr_par' dir='ltr' id='par_1_29' title="bbox 2477 1608 3411 1678">
     <span class='ocr_line' id='line_1_29' title="bbox 2477 1608 3411 1678; baseline -0.003 -17"><span class='ocrx_word' id='word_1_207' title='bbox 2477 1610 2640 1678; x_wconf 84' lang='grc' dir='ltr'><strong>ἡμεῖς</strong></span> <span class='ocrx_word' id='word_1_208' title='bbox 2685 1608 2740 1660; x_wconf 81' lang='grc' dir='ltr'><strong>δὲ</strong></span> <span class='ocrx_word' id='word_1_209' title='bbox 2791 1609 2999 1675; x_wconf 82' lang='grc' dir='ltr'><strong>ἄτιμοι.</strong></span> <span class='ocrx_word' id='word_1_210' title='bbox 3053 1627 3069 1657; x_wconf 73' lang='grc' dir='ltr'><strong>ι</strong></span> <span class='ocrx_word' id='word_1_211' title='bbox 3098 1608 3411 1671; x_wconf 75' lang='grc' dir='ltr'><strong>Τουτέστιν,</strong></span> 
     </span>
    </p>
   </div>
   <div class='ocr_carea' id='block_1_30' title="bbox 2477 1698 4078 1767">
    <p class='ocr_par' dir='ltr' id='par_1_30' title="bbox 2477 1698 4078 1767">
     <span class='ocr_line' id='line_1_30' title="bbox 2477 1698 4078 1767; baseline -0.002 -15"><span class='ocrx_word' id='word_1_212' title='bbox 2477 1700 2822 1766; x_wconf 85' lang='grc' dir='ltr'><strong>διωκόμεθα’</strong></span> <span class='ocrx_word' id='word_1_213' title='bbox 2870 1701 3028 1767; x_wconf 80' lang='grc' dir='ltr'>ὑμεῖς</span> <span class='ocrx_word' id='word_1_214' title='bbox 3059 1699 3112 1750; x_wconf 77' lang='grc' dir='ltr'><strong>δὲ</strong></span> <span class='ocrx_word' id='word_1_215' title='bbox 3153 1699 3336 1760; x_wconf 80' lang='grc' dir='ltr'><strong>ἀδείας</strong></span> <span class='ocrx_word' id='word_1_216' title='bbox 3379 1699 3705 1753; x_wconf 79' lang='grc' dir='ltr'><strong>ἀπολαύετε.</strong></span> <span class='ocrx_word' id='word_1_217' title='bbox 3748 1698 4078 1750; x_wconf 75' lang='grc' dir='ltr'><strong>Ἀσθένε;αν</strong></span> 
     </span>
    </p>
   </div>
   <div class='ocr_carea' id='block_1_31' title="bbox 2479 1787 4075 1860">
    <p class='ocr_par' dir='ltr' id='par_1_31' title="bbox 2479 1787 4075 1860">
     <span class='ocr_line' id='line_1_31' title="bbox 2479 1787 4075 1860; baseline -0.004 -18"><span class='ocrx_word' id='word_1_218' title='bbox 2479 1793 2589 1860; x_wconf 76' lang='grc' dir='ltr'><strong>γὰρ</strong></span> <span class='ocrx_word' id='word_1_219' title='bbox 2622 1789 2899 1858; x_wconf 81' lang='grc' dir='ltr'><strong>πανταχοῦ</strong></span> <span class='ocrx_word' id='word_1_220' title='bbox 2924 1791 3049 1851; x_wconf 72' lang='grc' dir='ltr'><strong>τοὺς</strong></span> <span class='ocrx_word' id='word_1_221' title='bbox 3076 1790 3416 1859; x_wconf 84' lang='grc' dir='ltr'><strong>πειρασμούς</strong></span> <span class='ocrx_word' id='word_1_222' title='bbox 3443 1804 3598 1855; x_wconf 79' lang='grc' dir='ltr'><strong>φησι.</strong></span> <span class='ocrx_word' id='word_1_223' title='bbox 3634 1790 3741 1839; x_wconf 84' lang='grc' dir='ltr'><strong>Καὶ</strong></span> <span class='ocrx_word' id='word_1_224' title='bbox 3775 1788 3936 1854; x_wconf 83' lang='grc' dir='ltr'><strong>ὑμεῖς</strong></span> <span class='ocrx_word' id='word_1_225' title='bbox 3969 1787 4075 1853; x_wconf 80' lang='grc' dir='ltr'><strong>μὲν</strong></span> 
     </span>
    </p>
   </div>
   <div class='ocr_carea' id='block_1_32' title="bbox 3467 1606 4077 1675">
    <p class='ocr_par' dir='ltr' id='par_1_32' title="bbox 3467 1606 4077 1675">
     <span class='ocr_line' id='line_1_32' title="bbox 3467 1606 4077 1675; baseline -0.003 -17"><span class='ocrx_word' id='word_1_226' title='bbox 3467 1606 3656 1675; x_wconf 77' lang='grc' dir='ltr'><strong>Ἡμεῖς</strong></span> <span class='ocrx_word' id='word_1_227' title='bbox 3698 1606 4077 1674; x_wconf 74' lang='grc' dir='ltr'><strong>ἐλαυνόμεοα,</strong></span> 
     </span>
    </p>
   </div>
   <div class='ocr_carea' id='block_1_33' title="bbox 807 1854 2494 1969">
    <p class='ocr_par' dir='ltr' id='par_1_33' title="bbox 807 1854 2494 1969">
     <span class='ocr_line' id='line_1_33' title="bbox 807 1854 2494 1969; baseline -0.016 -14"><span class='ocrx_word' id='word_1_228' title='bbox 807 1901 1004 1969; x_wconf 87' lang='lat' dir='ltr'><strong>inquit,</strong></span> <span class='ocrx_word' id='word_1_229' title='bbox 1056 1898 1295 1951; x_wconf 80' lang='lat' dir='ltr'><strong>celebres</strong></span> <span class='ocrx_word' id='word_1_230' title='bbox 1320 1892 1531 1960; x_wconf 85' lang='lat' dir='ltr'><strong>quidem</strong></span> <span class='ocrx_word' id='word_1_231' title='bbox 1583 1888 1717 1942; x_wconf 89' lang='lat' dir='ltr'><strong>estis</strong></span> <span class='ocrx_word' id='word_1_232' title='bbox 1760 1895 1814 1939; x_wconf 93' lang='lat' dir='ltr'><strong>et</strong></span> <span class='ocrx_word' id='word_1_233' title='bbox 1845 1883 2084 1951; x_wconf 81' lang='lat' dir='ltr'><strong>ingenui,</strong></span> <span class='ocrx_word' id='word_1_234' title='bbox 2114 1896 2211 1933; x_wconf 84' lang='lat' dir='ltr'><strong>nos</strong></span> <span class='ocrx_word' id='word_1_235' title='bbox 2249 1895 2373 1933; x_wconf 87' lang='lat' dir='ltr'><strong>vero</strong></span> <span class='ocrx_word' id='word_1_236' title='bbox 2410 1854 2449 1907; x_wconf 72' lang='grc' dir='ltr'><strong><em>Β</em></strong></span> <span class='ocrx_word' id='word_1_237' title='bbox 2482 1886 2494 1936; x_wconf 78' lang='grc' dir='ltr'><strong>ε</strong></span> 
     </span>
    </p>
   </div>
   <div class='ocr_carea' id='block_1_34' title="bbox 2389 1854 4076 1969">
    <p class='ocr_par' dir='ltr' id='par_1_34' title="bbox 2410 1854 4076 1951">
     <span class='ocr_line' id='line_1_34' title="bbox 2410 1854 4076 1951; baseline -0.004 -15"><span class='ocrx_word' id='word_1_238' title='bbox 2410 1854 2449 1907; x_wconf 72' lang='grc' dir='ltr'><strong><em>Β</em></strong></span> <span class='ocrx_word' id='word_1_239' title='bbox 2482 1854 2678 1947; x_wconf 56' lang='grc' dir='ltr'><strong>ἔνδοξοι</strong></span> <span class='ocrx_word' id='word_1_240' title='bbox 2718 1854 2835 1935; x_wconf 34' lang='grc' dir='ltr'><strong>καῖ-</strong></span> <span class='ocrx_word' id='word_1_241' title='bbox 2858 1884 3127 1949; x_wconf 79' lang='grc' dir='ltr'><strong>εὐγενεῖς·</strong></span> <span class='ocrx_word' id='word_1_242' title='bbox 3150 1854 3315 1951; x_wconf 50' lang='grc' dir='ltr'><strong>ἡμεῖς</strong></span> <span class='ocrx_word' id='word_1_243' title='bbox 3367 1880 3422 1931; x_wconf 81' lang='grc' dir='ltr'><strong>δὲ</strong></span> <span class='ocrx_word' id='word_1_244' title='bbox 3545 1881 3762 1950; x_wconf 68' lang='grc' dir='ltr'><strong>ἀτιμίᾳ.</strong></span> <span class='ocrx_word' id='word_1_245' title='bbox 3789 1877 3980 1931; x_wconf 85' lang='grc' dir='ltr'><strong>Ταῦτα</strong></span> <span class='ocrx_word' id='word_1_246' title='bbox 4014 1880 4076 1929; x_wconf 83' lang='grc' dir='ltr'><strong>δὲ</strong></span> 
     </span>
    </p>
   </div>
   <div class='ocr_carea' id='block_1_35' title="bbox 807 1970 2372 2061">
    <p class='ocr_par' dir='ltr' id='par_1_35' title="bbox 807 1970 2372 2061">
     <span class='ocr_line' id='line_1_35' title="bbox 807 1970 2372 2061; baseline -0.014 -16"><span class='ocrx_word' id='word_1_247' title='bbox 807 1991 1038 2061; x_wconf 87' lang='lat' dir='ltr'><strong>iuglorii.</strong></span> <span class='ocrx_word' id='word_1_248' title='bbox 1074 1986 1195 2039; x_wconf 73' lang='lat' dir='ltr'><strong>llaec</strong></span> <span class='ocrx_word' id='word_1_249' title='bbox 1234 1997 1412 2037; x_wconf 87' lang='lat' dir='ltr'><strong>autem</strong></span> <span class='ocrx_word' id='word_1_250' title='bbox 1450 1981 1629 2034; x_wconf 87' lang='lat' dir='ltr'><strong>omnia</strong></span> <span class='ocrx_word' id='word_1_251' title='bbox 1684 1976 1927 2030; x_wconf 88' lang='lat' dir='ltr'><strong>molestia</strong></span> <span class='ocrx_word' id='word_1_252' title='bbox 1976 1972 2199 2025; x_wconf 70' lang='lat' dir='ltr'><strong>allectus</strong></span> <span class='ocrx_word' id='word_1_253' title='bbox 2222 1970 2372 2023; x_wconf 88' lang='lat' dir='ltr'><strong>dicit.</strong></span> 
     </span>
    </p>
   </div>
   <div class='ocr_carea' id='block_1_36' title="bbox 808 2068 2374 2145">
    <p class='ocr_par' dir='ltr' id='par_1_36' title="bbox 808 2068 2374 2145">
     <span class='ocr_line' id='line_1_36' title="bbox 808 2068 2374 2145; baseline -0.014 -5"><span class='ocrx_word' id='word_1_254' title='bbox 808 2087 1015 2140; x_wconf 77' lang='lat' dir='ltr'><strong>Sensus</strong></span> <span class='ocrx_word' id='word_1_255' title='bbox 1049 2084 1192 2136; x_wconf 86' lang='lat' dir='ltr'><strong>enim</strong></span> <span class='ocrx_word' id='word_1_256' title='bbox 1225 2088 1308 2134; x_wconf 87' lang='lat' dir='ltr'><strong>est</strong></span> <span class='ocrx_word' id='word_1_257' title='bbox 1335 2072 1639 2145; x_wconf 75' lang='lat' dir='ltr'><strong>huiusmodi</strong></span> <span class='ocrx_word' id='word_1_258' title='bbox 1684 2070 2001 2137; x_wconf 87' lang='lat' dir='ltr'><strong>:Quomndo</strong></span> <span class='ocrx_word' id='word_1_259' title='bbox 2030 2068 2141 2122; x_wconf 86' lang='lat' dir='ltr'><strong>heri</strong></span> <span class='ocrx_word' id='word_1_260' title='bbox 2179 2074 2374 2135; x_wconf 87' lang='lat' dir='ltr'><strong>potest,</strong></span> 
     </span>
    </p>
   </div>
   <div class='ocr_carea' id='block_1_37' title="bbox 808 2157 2373 2243">
    <p class='ocr_par' dir='ltr' id='par_1_37' title="bbox 808 2157 2373 2243">
     <span class='ocr_line' id='line_1_37' title="bbox 808 2157 2373 2243; baseline -0.013 -13"><span class='ocrx_word' id='word_1_261' title='bbox 808 2186 868 2232; x_wconf 89' lang='lat' dir='ltr'><strong>ut</strong></span> <span class='ocrx_word' id='word_1_262' title='bbox 889 2192 984 2229; x_wconf 90' lang='lat' dir='ltr'><strong>nos</strong></span> <span class='ocrx_word' id='word_1_263' title='bbox 1007 2176 1219 2243; x_wconf 82' lang='lat' dir='ltr'><strong>quidem</strong></span> <span class='ocrx_word' id='word_1_264' title='bbox 1243 2169 1564 2239; x_wconf 78' lang='lat' dir='ltr'><strong>aﬂligatnur,</strong></span> <span class='ocrx_word' id='word_1_265' title='bbox 1586 2180 1681 2220; x_wconf 82' lang='lat' dir='ltr'><strong>vos</strong></span> <span class='ocrx_word' id='word_1_266' title='bbox 1698 2172 1875 2216; x_wconf 88' lang='lat' dir='ltr'><strong>autem</strong></span> <span class='ocrx_word' id='word_1_267' title='bbox 1905 2160 2195 2215; x_wconf 74' lang='lat' dir='ltr'><strong>securitate</strong></span> <span class='ocrx_word' id='word_1_268' title='bbox 2219 2157 2373 2211; x_wconf 74' lang='lat' dir='ltr'><strong>frua-</strong></span> 
     </span>
    </p>
   </div>
   <div class='ocr_carea' id='block_1_38' title="bbox 809 2251 2375 2329">
    <p class='ocr_par' dir='ltr' id='par_1_38' title="bbox 809 2251 2375 2329">
     <span class='ocr_line' id='line_1_38' title="bbox 809 2251 2375 2329; baseline -0.013 -9"><span class='ocrx_word' id='word_1_269' title='bbox 809 2267 959 2329; x_wconf 84' lang='lat' dir='ltr'><strong>tuini,</strong></span> <span class='ocrx_word' id='word_1_270' title='bbox 997 2275 1050 2316; x_wconf 84' lang='lat' dir='ltr'><strong>et</strong></span> <span class='ocrx_word' id='word_1_271' title='bbox 1105 2266 1154 2315; x_wconf 89' lang='lat' dir='ltr'><strong>in</strong></span> <span class='ocrx_word' id='word_1_272' title='bbox 1204 2260 1357 2314; x_wconf 85' lang='lat' dir='ltr'><strong>bouis</strong></span> <span class='ocrx_word' id='word_1_273' title='bbox 1394 2260 1557 2311; x_wconf 84' lang='lat' dir='ltr'><strong>vitam</strong></span> <span class='ocrx_word' id='word_1_274' title='bbox 1588 2255 2001 2323; x_wconf 74' lang='lat' dir='ltr'><strong>agatis?Quare</strong></span> <span class='ocrx_word' id='word_1_275' title='bbox 2029 2251 2375 2319; x_wconf 85' lang='lat' dir='ltr'><strong>perspicuum</strong></span> 
     </span>
    </p>
   </div>
   <div class='ocr_carea' id='block_1_39' title="bbox 808 2342 2377 2415">
    <p class='ocr_par' dir='ltr' id='par_1_39' title="bbox 808 2342 2377 2415">
     <span class='ocr_line' id='line_1_39' title="bbox 808 2342 2377 2415; baseline -0.012 -2"><span class='ocrx_word' id='word_1_276' title='bbox 808 2371 889 2415; x_wconf 83' lang='lat' dir='ltr'><strong>est</strong></span> <span class='ocrx_word' id='word_1_277' title='bbox 932 2374 1035 2413; x_wconf 90' lang='lat' dir='ltr'><strong>non</strong></span> <span class='ocrx_word' id='word_1_278' title='bbox 1073 2371 1194 2410; x_wconf 87' lang='lat' dir='ltr'><strong>esse</strong></span> <span class='ocrx_word' id='word_1_279' title='bbox 1223 2368 1318 2407; x_wconf 86' lang='lat' dir='ltr'><strong>vos</strong></span> <span class='ocrx_word' id='word_1_280' title='bbox 1354 2353 1405 2404; x_wconf 92' lang='lat' dir='ltr'><strong>iu</strong></span> <span class='ocrx_word' id='word_1_281' title='bbox 1468 2352 1605 2403; x_wconf 91' lang='lat' dir='ltr'><strong>bono</strong></span> <span class='ocrx_word' id='word_1_282' title='bbox 1650 2357 1816 2409; x_wconf 89' lang='lat' dir='ltr'><strong>statu,</strong></span> <span class='ocrx_word' id='word_1_283' title='bbox 1874 2345 1966 2396; x_wconf 91' lang='lat' dir='ltr'><strong>sed</strong></span> <span class='ocrx_word' id='word_1_284' title='bbox 2026 2359 2167 2395; x_wconf 79' lang='lat' dir='ltr'><strong>nunc</strong></span> <span class='ocrx_word' id='word_1_285' title='bbox 2198 2342 2377 2410; x_wconf 90' lang='lat' dir='ltr'><strong>potius</strong></span> 
     </span>
    </p>
   </div>
   <div class='ocr_carea' id='block_1_40' title="bbox 816 2435 2383 2514">
    <p class='ocr_par' dir='ltr' id='par_1_40' title="bbox 816 2435 2383 2514">
     <span class='ocr_line' id='line_1_40' title="bbox 816 2435 2383 2514; baseline -0.01 -9"><span class='ocrx_word' id='word_1_286' title='bbox 816 2452 953 2505; x_wconf 83' lang='lat' dir='ltr'><strong>male</strong></span> <span class='ocrx_word' id='word_1_287' title='bbox 984 2464 1076 2502; x_wconf 66' lang='lat' dir='ltr'><strong>vos</strong></span> <span class='ocrx_word' id='word_1_288' title='bbox 1099 2459 1152 2500; x_wconf 92' lang='lat' dir='ltr'><strong>et</strong></span> <span class='ocrx_word' id='word_1_289' title='bbox 1182 2444 1435 2514; x_wconf 78' lang='lat' dir='ltr'><strong>apostolis</strong></span> <span class='ocrx_word' id='word_1_290' title='bbox 1476 2441 1699 2508; x_wconf 89' lang='lat' dir='ltr'><strong>indigne</strong></span> <span class='ocrx_word' id='word_1_291' title='bbox 1740 2438 1972 2493; x_wconf 85' lang='lat' dir='ltr'><strong>habetis.</strong></span> <span class='ocrx_word' id='word_1_292' title='bbox 2008 2435 2120 2490; x_wconf 85' lang='lat' dir='ltr'><strong>Non</strong></span> <span class='ocrx_word' id='word_1_293' title='bbox 2175 2435 2383 2489; x_wconf 80' lang='lat' dir='ltr'><strong>debetis</strong></span> 
     </span>
    </p>
   </div>
   <div class='ocr_carea' id='block_1_41' title="bbox 818 2533 1833 2611">
    <p class='ocr_par' dir='ltr' id='par_1_41' title="bbox 818 2533 1833 2611">
     <span class='ocr_line' id='line_1_41' title="bbox 818 2533 1833 2611; baseline -0.012 -17"><span class='ocrx_word' id='word_1_294' title='bbox 818 2544 977 2611; x_wconf 80' lang='lat' dir='ltr'><strong>igitur</strong></span> <span class='ocrx_word' id='word_1_295' title='bbox 1000 2555 1119 2594; x_wconf 81' lang='lat' dir='ltr'><strong>eam</strong></span> <span class='ocrx_word' id='word_1_296' title='bbox 1142 2538 1211 2591; x_wconf 86' lang='lat' dir='ltr'><strong>ob</strong></span> <span class='ocrx_word' id='word_1_297' title='bbox 1239 2554 1347 2591; x_wconf 90' lang='lat' dir='ltr'><strong>rem</strong></span> <span class='ocrx_word' id='word_1_298' title='bbox 1377 2536 1586 2603; x_wconf 80' lang='lat' dir='ltr'><strong>erigere</strong></span> <span class='ocrx_word' id='word_1_299' title='bbox 1621 2533 1833 2586; x_wconf 79' lang='lat' dir='ltr'><strong>cristas.</strong></span> 
     </span>
    </p>
   </div>
   <div class='ocr_carea' id='block_1_42' title="bbox 890 2619 2383 2691">
    <p class='ocr_par' dir='ltr' id='par_1_42' title="bbox 890 2619 2383 2691">
     <span class='ocr_line' id='line_1_42' title="bbox 890 2619 2383 2691; baseline -0.012 -5"><span class='ocrx_word' id='word_1_300' title='bbox 890 2632 1048 2686; x_wconf 73' lang='lat' dir='ltr'><strong>Vens.</strong></span> <span class='ocrx_word' id='word_1_301' title='bbox 1082 2632 1168 2684; x_wconf 82' lang='grc' dir='ltr'><strong>Η.</strong></span> <span class='ocrx_word' id='word_1_302' title='bbox 1212 2648 1229 2679; x_wconf 81' lang='grc' dir='ltr'><strong>ι</strong></span> <span class='ocrx_word' id='word_1_303' title='bbox 1255 2628 1311 2682; x_wconf 88' lang='lat' dir='ltr'><strong>lu</strong></span> <span class='ocrx_word' id='word_1_304' title='bbox 1344 2629 1483 2681; x_wconf 87' lang='lat' dir='ltr'><strong>hanc</strong></span> <span class='ocrx_word' id='word_1_305' title='bbox 1508 2640 1678 2691; x_wconf 86' lang='lat' dir='ltr'><strong>usque</strong></span> <span class='ocrx_word' id='word_1_306' title='bbox 1703 2624 1891 2675; x_wconf 86' lang='lat' dir='ltr'><strong>horam</strong></span> <span class='ocrx_word' id='word_1_307' title='bbox 1921 2630 1974 2674; x_wconf 92' lang='lat' dir='ltr'><strong>et</strong></span> <span class='ocrx_word' id='word_1_308' title='bbox 2004 2619 2297 2681; x_wconf 74' lang='lat' dir='ltr'><strong>esurimus,</strong></span> <span class='ocrx_word' id='word_1_309' title='bbox 2333 2626 2383 2669; x_wconf 90' lang='lat' dir='ltr'><strong>et</strong></span> 
     </span>
    </p>
   </div>
   <div class='ocr_carea' id='block_1_43' title="bbox 815 2713 2386 2789">
    <p class='ocr_par' dir='ltr' id='par_1_43' title="bbox 815 2713 2386 2789">
     <span class='ocr_line' id='line_1_43' title="bbox 815 2713 2386 2789; baseline -0.012 -7"><span class='ocrx_word' id='word_1_310' title='bbox 815 2729 1050 2789; x_wconf 76' lang='lat' dir='ltr'><strong>sitimus,</strong></span> <span class='ocrx_word' id='word_1_311' title='bbox 1076 2735 1130 2777; x_wconf 90' lang='lat' dir='ltr'><strong>et</strong></span> <span class='ocrx_word' id='word_1_312' title='bbox 1172 2724 1297 2777; x_wconf 90' lang='lat' dir='ltr'><strong>nudi</strong></span> <span class='ocrx_word' id='word_1_313' title='bbox 1341 2733 1549 2774; x_wconf 91' lang='lat' dir='ltr'><strong>sumus.</strong></span> <span class='ocrx_word' id='word_1_314' title='bbox 1585 2735 1601 2767; x_wconf 77' lang='grc' dir='ltr'><strong>ι</strong></span> <span class='ocrx_word' id='word_1_315' title='bbox 1632 2715 1794 2781; x_wconf 80' lang='lat' dir='ltr'><strong>Quid,</strong></span> <span class='ocrx_word' id='word_1_316' title='bbox 1838 2713 2030 2780; x_wconf 91' lang='lat' dir='ltr'><strong>inquit,</strong></span> <span class='ocrx_word' id='word_1_317' title='bbox 2080 2722 2263 2764; x_wconf 78' lang='lat' dir='ltr'><strong>vetera</strong></span> <span class='ocrx_word' id='word_1_318' title='bbox 2306 2724 2386 2763; x_wconf 86' lang='lat' dir='ltr'><strong>rc-</strong></span> 
     </span>
    </p>
   </div>
   <div class='ocr_carea' id='block_1_44' title="bbox 816 2802 2386 2886">
    <p class='ocr_par' dir='ltr' id='par_1_44' title="bbox 816 2802 2386 2886">
     <span class='ocr_line' id='line_1_44' title="bbox 816 2802 2386 2886; baseline -0.017 -10"><span class='ocrx_word' id='word_1_319' title='bbox 816 2819 1055 2876; x_wconf 85' lang='lat' dir='ltr'><strong>censeo?</strong></span> <span class='ocrx_word' id='word_1_320' title='bbox 1079 2832 1196 2886; x_wconf 67' lang='lat' dir='ltr'><strong>qua:</strong></span> <span class='ocrx_word' id='word_1_321' title='bbox 1218 2816 1269 2867; x_wconf 94' lang='lat' dir='ltr'><strong>in</strong></span> <span class='ocrx_word' id='word_1_322' title='bbox 1296 2811 1579 2882; x_wconf 65' lang='lat' dir='ltr'><strong>praesentia</strong></span> <span class='ocrx_word' id='word_1_323' title='bbox 1613 2816 1892 2877; x_wconf 87' lang='lat' dir='ltr'><strong>geruntur,</strong></span> <span class='ocrx_word' id='word_1_324' title='bbox 1926 2806 2043 2856; x_wconf 85' lang='lat' dir='ltr'><strong>vide</strong></span> <span class='ocrx_word' id='word_1_325' title='bbox 2074 2822 2086 2855; x_wconf 85' lang='lat'><strong>:</strong></span> <span class='ocrx_word' id='word_1_326' title='bbox 2116 2802 2386 2869; x_wconf 87' lang='lat' dir='ltr'><strong>quomodo</strong></span> 
     </span>
    </p>
   </div>
   <div class='ocr_carea' id='block_1_45' title="bbox 817 2893 2387 2971">
    <p class='ocr_par' dir='ltr' id='par_1_45' title="bbox 817 2893 2387 2971">
     <span class='ocr_line' id='line_1_45' title="bbox 817 2893 2387 2971; baseline -0.013 -6"><span class='ocrx_word' id='word_1_327' title='bbox 817 2929 914 2968; x_wconf 69' lang='lat' dir='ltr'><strong>vos</strong></span> <span class='ocrx_word' id='word_1_328' title='bbox 943 2915 994 2965; x_wconf 93' lang='lat' dir='ltr'><strong>in</strong></span> <span class='ocrx_word' id='word_1_329' title='bbox 1039 2910 1230 2964; x_wconf 89' lang='lat' dir='ltr'><strong>mediis</strong></span> <span class='ocrx_word' id='word_1_330' title='bbox 1257 2904 1466 2960; x_wconf 82' lang='lat' dir='ltr'><strong>deliciis</strong></span> <span class='ocrx_word' id='word_1_331' title='bbox 1496 2902 1673 2971; x_wconf 78' lang='lat' dir='ltr'><strong>agitis,</strong></span> <span class='ocrx_word' id='word_1_332' title='bbox 1703 2913 1801 2953; x_wconf 92' lang='lat' dir='ltr'><strong>nos</strong></span> <span class='ocrx_word' id='word_1_333' title='bbox 1846 2905 2025 2951; x_wconf 88' lang='lat' dir='ltr'><strong>autem</strong></span> <span class='ocrx_word' id='word_1_334' title='bbox 2055 2894 2277 2949; x_wconf 90' lang='lat' dir='ltr'><strong>omnino</strong></span> <span class='ocrx_word' id='word_1_335' title='bbox 2308 2893 2387 2946; x_wconf 89' lang='lat' dir='ltr'><strong>di-</strong></span> 
     </span>
    </p>
   </div>
   <div class='ocr_carea' id='block_1_46' title="bbox 819 3004 1327 3073">
    <p class='ocr_par' dir='ltr' id='par_1_46' title="bbox 819 3004 1327 3073">
     <span class='ocr_line' id='line_1_46' title="bbox 819 3004 1327 3073; baseline -0.016 -15"><span class='ocrx_word' id='word_1_336' title='bbox 819 3020 1035 3060; x_wconf 76' lang='lat' dir='ltr'><strong>versum</strong></span> <span class='ocrx_word' id='word_1_337' title='bbox 1071 3004 1327 3073; x_wconf 87' lang='lat' dir='ltr'><strong>patimur.</strong></span> 
     </span>
    </p>
   </div>
   <div class='ocr_carea' id='block_1_47' title="bbox 899 3078 2384 3162">
    <p class='ocr_par' dir='ltr' id='par_1_47' title="bbox 899 3078 2384 3162">
     <span class='ocr_line' id='line_1_47' title="bbox 899 3078 2384 3162; baseline -0.013 -15"><span class='ocrx_word' id='word_1_338' title='bbox 899 3116 917 3147; x_wconf 83' lang='grc'><strong><em>‹</em></strong></span> <span class='ocrx_word' id='word_1_339' title='bbox 960 3096 1026 3150; x_wconf 86' lang='lat' dir='ltr'><strong>Et</strong></span> <span class='ocrx_word' id='word_1_340' title='bbox 1070 3092 1312 3162; x_wconf 85' lang='lat' dir='ltr'><strong>colaphis</strong></span> <span class='ocrx_word' id='word_1_341' title='bbox 1342 3088 1617 3144; x_wconf 56' lang='lat' dir='ltr'><strong>caédimur.</strong></span> <span class='ocrx_word' id='word_1_342' title='bbox 1654 3102 1673 3134; x_wconf 74' lang='grc' dir='ltr'><strong>ι</strong></span> <span class='ocrx_word' id='word_1_343' title='bbox 1722 3081 1836 3136; x_wconf 81' lang='lat' dir='ltr'><strong>Hoc</strong></span> <span class='ocrx_word' id='word_1_344' title='bbox 1875 3088 1979 3144; x_wconf 88' lang='lat' dir='ltr'><strong>est,</strong></span> <span class='ocrx_word' id='word_1_345' title='bbox 2022 3078 2384 3132; x_wconf 77' lang='lat' dir='ltr'><strong>verberantur.</strong></span> 
     </span>
    </p>
   </div>
   <div class='ocr_carea' id='block_1_48' title="bbox 825 3173 1722 3242">
    <p class='ocr_par' dir='ltr' id='par_1_48' title="bbox 825 3173 1722 3242">
     <span class='ocr_line' id='line_1_48' title="bbox 825 3173 1722 3242; baseline -0.019 0"><span class='ocrx_word' id='word_1_346' title='bbox 825 3187 971 3242; x_wconf 92' lang='lat' dir='ltr'><strong>lstnd</strong></span> <span class='ocrx_word' id='word_1_347' title='bbox 1012 3196 1190 3239; x_wconf 88' lang='lat' dir='ltr'><strong>autem</strong></span> <span class='ocrx_word' id='word_1_348' title='bbox 1223 3183 1288 3235; x_wconf 91' lang='lat' dir='ltr'><strong>ad</strong></span> <span class='ocrx_word' id='word_1_349' title='bbox 1328 3177 1538 3233; x_wconf 83' lang='lat' dir='ltr'><strong>inﬂatos</strong></span> <span class='ocrx_word' id='word_1_350' title='bbox 1570 3173 1722 3227; x_wconf 89' lang='lat' dir='ltr'><strong>dicit.</strong></span> 
     </span>
    </p>
   </div>
   <div class='ocr_carea' id='block_1_49' title="bbox 900 3255 2389 3332">
    <p class='ocr_par' dir='ltr' id='par_1_49' title="bbox 900 3255 2389 3332">
     <span class='ocr_line' id='line_1_49' title="bbox 900 3255 2389 3332; baseline -0.018 1"><span class='ocrx_word' id='word_1_351' title='bbox 900 3298 917 3331; x_wconf 78' lang='grc' dir='ltr'><strong>ι</strong></span> <span class='ocrx_word' id='word_1_352' title='bbox 959 3278 1023 3332; x_wconf 84' lang='grc' dir='ltr'><strong>Ει</strong></span> <span class='ocrx_word' id='word_1_353' title='bbox 1048 3273 1325 3330; x_wconf 82' lang='lat' dir='ltr'><strong>instabiles</strong></span> <span class='ocrx_word' id='word_1_354' title='bbox 1351 3281 1553 3322; x_wconf 85' lang='lat' dir='ltr'><strong>suums.</strong></span> <span class='ocrx_word' id='word_1_355' title='bbox 1596 3284 1613 3315; x_wconf 74' lang='grc' dir='ltr'><strong>ι</strong></span> <span class='ocrx_word' id='word_1_356' title='bbox 1654 3263 1765 3317; x_wconf 89' lang='lat' dir='ltr'><strong>Hoc</strong></span> <span class='ocrx_word' id='word_1_357' title='bbox 1794 3270 1894 3325; x_wconf 90' lang='lat' dir='ltr'><strong>est,</strong></span> <span class='ocrx_word' id='word_1_358' title='bbox 1930 3260 2199 3327; x_wconf 84' lang='lat' dir='ltr'><strong>agitamur</strong></span> <span class='ocrx_word' id='word_1_359' title='bbox 2232 3265 2286 3310; x_wconf 92' lang='lat' dir='ltr'><strong>et</strong></span> <span class='ocrx_word' id='word_1_360' title='bbox 2323 3255 2389 3307; x_wconf 89' lang='lat' dir='ltr'><strong>ad</strong></span> 
     </span>
    </p>
   </div>
   <div class='ocr_carea' id='block_1_50' title="bbox 828 3349 2352 3442">
    <p class='ocr_par' dir='ltr' id='par_1_50' title="bbox 828 3349 2352 3442">
     <span class='ocr_line' id='line_1_50' title="bbox 828 3349 2352 3442; baseline -0.02 -14"><span class='ocrx_word' id='word_1_361' title='bbox 828 3376 1007 3442; x_wconf 77' lang='lat' dir='ltr'><strong>fugam</strong></span> <span class='ocrx_word' id='word_1_362' title='bbox 1041 3365 1433 3436; x_wconf 83' lang='lat' dir='ltr'><strong>cmnpellimur.</strong></span> <span class='ocrx_word' id='word_1_363' title='bbox 1459 3359 1513 3413; x_wconf 90' lang='lat' dir='ltr'><strong>ld</strong></span> <span class='ocrx_word' id='word_1_364' title='bbox 1538 3372 1667 3410; x_wconf 83' lang='lat' dir='ltr'><strong>vero</strong></span> <span class='ocrx_word' id='word_1_365' title='bbox 1698 3356 1764 3408; x_wconf 87' lang='lat' dir='ltr'><strong>ad</strong></span> <span class='ocrx_word' id='word_1_366' title='bbox 1792 3352 2073 3422; x_wconf 84' lang='lat' dir='ltr'><strong>opulentos</strong></span> <span class='ocrx_word' id='word_1_367' title='bbox 2100 3349 2352 3415; x_wconf 90' lang='lat' dir='ltr'><strong>pertinet.</strong></span> 
     </span>
    </p>
   </div>
   <div class='ocr_carea' id='block_1_51' title="bbox 898 3440 2395 3521">
    <p class='ocr_par' dir='ltr' id='par_1_51' title="bbox 898 3440 2395 3521">
     <span class='ocr_line' id='line_1_51' title="bbox 898 3440 2395 3521; baseline -0.021 0"><span class='ocrx_word' id='word_1_368' title='bbox 898 3440 1060 3521; x_wconf 59' lang='lat' dir='ltr'><strong>Vens.</strong></span> <span class='ocrx_word' id='word_1_369' title='bbox 1094 3460 1181 3513; x_wconf 69' lang='lat' dir='ltr'><strong>l2.</strong></span> <span class='ocrx_word' id='word_1_370' title='bbox 1216 3474 1233 3507; x_wconf 77' lang='grc' dir='ltr'><strong>ι</strong></span> <span class='ocrx_word' id='word_1_371' title='bbox 1268 3455 1335 3509; x_wconf 86' lang='grc' dir='ltr'><strong>Ει</strong></span> <span class='ocrx_word' id='word_1_372' title='bbox 1367 3454 1694 3506; x_wconf 82' lang='lat' dir='ltr'><strong>laboramus.</strong></span> <span class='ocrx_word' id='word_1_373' title='bbox 1726 3444 1955 3514; x_wconf 88' lang='lat' dir='ltr'><strong>propriis</strong></span> <span class='ocrx_word' id='word_1_374' title='bbox 1994 3440 2239 3494; x_wconf 87' lang='lat' dir='ltr'><strong>manibus</strong></span> <span class='ocrx_word' id='word_1_375' title='bbox 2270 3452 2395 3505; x_wconf 84' lang='lat' dir='ltr'><strong>ope-</strong></span> 
     </span>
    </p>
   </div>
   <div class='ocr_carea' id='block_1_52' title="bbox 828 3531 2393 3615">
    <p class='ocr_par' dir='ltr' id='par_1_52' title="bbox 828 3531 2393 3615">
     <span class='ocr_line' id='line_1_52' title="bbox 828 3531 2393 3615; baseline -0.022 1"><span class='ocrx_word' id='word_1_376' title='bbox 828 3568 1035 3615; x_wconf 87' lang='lat' dir='ltr'><strong>rantes.</strong></span> <span class='ocrx_word' id='word_1_377' title='bbox 1064 3575 1082 3607; x_wconf 76' lang='grc' dir='ltr'><strong>ι</strong></span> <span class='ocrx_word' id='word_1_378' title='bbox 1115 3552 1238 3606; x_wconf 71' lang='grc' dir='ltr'><strong>Ιιαιο</strong></span> <span class='ocrx_word' id='word_1_379' title='bbox 1264 3550 1394 3603; x_wconf 89' lang='lat' dir='ltr'><strong>dicit</strong></span> <span class='ocrx_word' id='word_1_380' title='bbox 1433 3546 1629 3599; x_wconf 85' lang='lat' dir='ltr'><strong>rubore</strong></span> <span class='ocrx_word' id='word_1_381' title='bbox 1659 3539 1975 3595; x_wconf 80' lang='lat' dir='ltr'><strong>sulIundens</strong></span> <span class='ocrx_word' id='word_1_382' title='bbox 1998 3550 2110 3598; x_wconf 89' lang='lat' dir='ltr'><strong>eos,</strong></span> <span class='ocrx_word' id='word_1_383' title='bbox 2137 3534 2226 3601; x_wconf 91' lang='lat' dir='ltr'><strong>qui</strong></span> <span class='ocrx_word' id='word_1_384' title='bbox 2259 3531 2393 3584; x_wconf 91' lang='lat' dir='ltr'><strong>lucri</strong></span> 
     </span>
    </p>
   </div>
   <div class='ocr_carea' id='block_1_53' title="bbox 829 3623 2393 3722">
    <p class='ocr_par' dir='ltr' id='par_1_53' title="bbox 829 3623 2393 3722">
     <span class='ocr_line' id='line_1_53' title="bbox 829 3623 2393 3722; baseline -0.02 -16"><span class='ocrx_word' id='word_1_385' title='bbox 829 3660 1175 3722; x_wconf 69' lang='lat' dir='ltr'><strong>quaestusque</strong></span> <span class='ocrx_word' id='word_1_386' title='bbox 1206 3642 1380 3712; x_wconf 86' lang='lat' dir='ltr'><strong>gratia</strong></span> <span class='ocrx_word' id='word_1_387' title='bbox 1410 3644 1700 3697; x_wconf 83' lang='lat' dir='ltr'><strong>conantur,</strong></span> <span class='ocrx_word' id='word_1_388' title='bbox 1728 3631 2034 3697; x_wconf 82' lang='lat' dir='ltr'><strong>audentque</strong></span> <span class='ocrx_word' id='word_1_389' title='bbox 2061 3623 2393 3680; x_wconf 87' lang='lat' dir='ltr'><strong>concionari.</strong></span> 
     </span>
    </p>
   </div>
   <div class='ocr_carea' id='block_1_54' title="bbox 909 3827 2397 3903">
    <p class='ocr_par' dir='ltr' id='par_1_54' title="bbox 909 3827 2397 3903">
     <span class='ocr_line' id='line_1_54' title="bbox 909 3827 2397 3903; baseline -0.02 0"><span class='ocrx_word' id='word_1_390' title='bbox 909 3870 926 3903; x_wconf 77' lang='grc' dir='ltr'><strong>ι</strong></span> <span class='ocrx_word' id='word_1_391' title='bbox 958 3849 1093 3901; x_wconf 84' lang='lat' dir='ltr'><strong>Dum</strong></span> <span class='ocrx_word' id='word_1_392' title='bbox 1128 3840 1519 3898; x_wconf 90' lang='lat' dir='ltr'><strong>maledicimur,</strong></span> <span class='ocrx_word' id='word_1_393' title='bbox 1556 3831 1924 3888; x_wconf 88' lang='lat' dir='ltr'><strong>henedicunus</strong></span> <span class='ocrx_word' id='word_1_394' title='bbox 1952 3847 1963 3879; x_wconf 89' lang='lat'><strong>:</strong></span> <span class='ocrx_word' id='word_1_395' title='bbox 1996 3827 2118 3879; x_wconf 86' lang='lat' dir='ltr'><strong>dum</strong></span> <span class='ocrx_word' id='word_1_396' title='bbox 2143 3837 2397 3890; x_wconf 88' lang='lat' dir='ltr'><strong>persecu-</strong></span> 
     </span>
    </p>
   </div>
   <div class='ocr_carea' id='block_1_55' title="bbox 835 3919 2394 4007">
    <p class='ocr_par' dir='ltr' id='par_1_55' title="bbox 835 3919 2394 4007">
     <span class='ocr_line' id='line_1_55' title="bbox 835 3919 2394 4007; baseline -0.021 -10"><span class='ocrx_word' id='word_1_397' title='bbox 835 3947 1033 3997; x_wconf 87' lang='lat' dir='ltr'><strong>tionem</strong></span> <span class='ocrx_word' id='word_1_398' title='bbox 1082 3938 1331 4007; x_wconf 87' lang='lat' dir='ltr'><strong>patimur,</strong></span> <span class='ocrx_word' id='word_1_399' title='bbox 1365 3930 1697 3983; x_wconf 83' lang='lat' dir='ltr'><strong>sustinemus</strong></span> <span class='ocrx_word' id='word_1_400' title='bbox 1728 3938 1742 3986; x_wconf 85' lang='lat'><strong>;</strong></span> <span class='ocrx_word' id='word_1_401' title='bbox 1776 3923 1901 3974; x_wconf 92' lang='lat' dir='ltr'><strong>dum</strong></span> <span class='ocrx_word' id='word_1_402' title='bbox 1939 3919 2394 3985; x_wconf 85' lang='lat' dir='ltr'><strong>blasphemamur,</strong></span> 
     </span>
    </p>
   </div>
   <div class='ocr_carea' id='block_1_56' title="bbox 833 4009 2398 4093">
    <p class='ocr_par' dir='ltr' id='par_1_56' title="bbox 833 4009 2398 4093">
     <span class='ocr_line' id='line_1_56' title="bbox 833 4009 2398 4093; baseline -0.022 -1"><span class='ocrx_word' id='word_1_403' title='bbox 833 4039 1201 4093; x_wconf 83' lang='lat' dir='ltr'><strong>obsecramus.</strong></span> <span class='ocrx_word' id='word_1_404' title='bbox 1244 4048 1261 4078; x_wconf 85' lang='grc'><strong>›</strong></span> <span class='ocrx_word' id='word_1_405' title='bbox 1294 4027 1357 4080; x_wconf 85' lang='grc' dir='ltr'><strong>Ει</strong></span> <span class='ocrx_word' id='word_1_406' title='bbox 1402 4022 1544 4091; x_wconf 82' lang='lat' dir='ltr'><strong>quod</strong></span> <span class='ocrx_word' id='word_1_407' title='bbox 1577 4019 1749 4087; x_wconf 87' lang='lat' dir='ltr'><strong>majus</strong></span> <span class='ocrx_word' id='word_1_408' title='bbox 1789 4025 1875 4068; x_wconf 90' lang='lat' dir='ltr'><strong>est</strong></span> <span class='ocrx_word' id='word_1_409' title='bbox 1897 4015 1982 4065; x_wconf 88' lang='lat' dir='ltr'><strong>his</strong></span> <span class='ocrx_word' id='word_1_410' title='bbox 2015 4010 2287 4070; x_wconf 90' lang='lat' dir='ltr'><strong>omnibus,</strong></span> <span class='ocrx_word' id='word_1_411' title='bbox 2320 4009 2398 4060; x_wconf 90' lang='lat' dir='ltr'><strong>in-</strong></span> 
     </span>
    </p>
   </div>
   <div class='ocr_carea' id='block_1_57' title="bbox 836 4097 2401 4193">
    <p class='ocr_par' dir='ltr' id='par_1_57' title="bbox 836 4097 2401 4193">
     <span class='ocr_line' id='line_1_57' title="bbox 836 4097 2401 4193; baseline -0.02 -15"><span class='ocrx_word' id='word_1_412' title='bbox 836 4128 975 4193; x_wconf 79' lang='lat' dir='ltr'><strong>quit,</strong></span> <span class='ocrx_word' id='word_1_413' title='bbox 1013 4139 1119 4176; x_wconf 89' lang='lat' dir='ltr'><strong>non</strong></span> <span class='ocrx_word' id='word_1_414' title='bbox 1157 4131 1299 4185; x_wconf 78' lang='lat' dir='ltr'><strong>:rgro</strong></span> <span class='ocrx_word' id='word_1_415' title='bbox 1333 4114 1555 4167; x_wconf 76' lang='lat' dir='ltr'><strong>let-imus</strong></span> <span class='ocrx_word' id='word_1_416' title='bbox 1587 4110 1687 4161; x_wconf 89' lang='lat' dir='ltr'><strong>ista</strong></span> <span class='ocrx_word' id='word_1_417' title='bbox 1723 4105 1923 4157; x_wconf 90' lang='lat' dir='ltr'><strong>animo.</strong></span> <span class='ocrx_word' id='word_1_418' title='bbox 1958 4099 2109 4155; x_wconf 85' lang='lat' dir='ltr'><strong>Unde</strong></span> <span class='ocrx_word' id='word_1_419' title='bbox 2146 4112 2271 4149; x_wconf 82' lang='lat' dir='ltr'><strong>vero</strong></span> <span class='ocrx_word' id='word_1_420' title='bbox 2300 4097 2401 4149; x_wconf 90' lang='lat' dir='ltr'><strong>hoc</strong></span> 
     </span>
    </p>
   </div>
   <div class='ocr_carea' id='block_1_58' title="bbox 835 4187 2397 4287">
    <p class='ocr_par' dir='ltr' id='par_1_58' title="bbox 835 4187 2397 4287">
     <span class='ocr_line' id='line_1_58' title="bbox 835 4187 2397 4287; baseline -0.019 -19"><span class='ocrx_word' id='word_1_421' title='bbox 835 4187 1028 4287; x_wconf 77' lang='lat' dir='ltr'><strong>patet?</strong></span> <span class='ocrx_word' id='word_1_422' title='bbox 1056 4213 1183 4265; x_wconf 88' lang='lat' dir='ltr'><strong>lude</strong></span> <span class='ocrx_word' id='word_1_423' title='bbox 1214 4222 1365 4266; x_wconf 85' lang='lat' dir='ltr'><strong>sane,</strong></span> <span class='ocrx_word' id='word_1_424' title='bbox 1395 4201 1534 4266; x_wconf 83' lang='lat' dir='ltr'><strong>quod</strong></span> <span class='ocrx_word' id='word_1_425' title='bbox 1560 4216 1673 4261; x_wconf 87' lang='lat' dir='ltr'><strong>eos,</strong></span> <span class='ocrx_word' id='word_1_426' title='bbox 1705 4194 1796 4265; x_wconf 92' lang='lat' dir='ltr'><strong>qui</strong></span> <span class='ocrx_word' id='word_1_427' title='bbox 1827 4194 1978 4247; x_wconf 90' lang='lat' dir='ltr'><strong>nobis</strong></span> <span class='ocrx_word' id='word_1_428' title='bbox 2009 4189 2145 4243; x_wconf 88' lang='lat' dir='ltr'><strong>male</strong></span> <span class='ocrx_word' id='word_1_429' title='bbox 2172 4187 2397 4250; x_wconf 81' lang='lat' dir='ltr'><strong>faciunt,</strong></span> 
     </span>
    </p>
   </div>
   <div class='ocr_carea' id='block_1_59' title="bbox 838 4275 2399 4361">
    <p class='ocr_par' dir='ltr' id='par_1_59' title="bbox 838 4275 2399 4361">
     <span class='ocr_line' id='line_1_59' title="bbox 838 4275 2399 4361; baseline -0.019 -5"><span class='ocrx_word' id='word_1_430' title='bbox 838 4275 1125 4356; x_wconf 68' lang='lat' dir='ltr'><strong>contrariis</strong></span> <span class='ocrx_word' id='word_1_431' title='bbox 1148 4295 1469 4361; x_wconf 75' lang='lat' dir='ltr'><strong>excipimus.</strong></span> <span class='ocrx_word' id='word_1_432' title='bbox 1505 4289 1646 4340; x_wconf 82' lang='lat' dir='ltr'><strong>Bene</strong></span> <span class='ocrx_word' id='word_1_433' title='bbox 1677 4284 1821 4338; x_wconf 91' lang='lat' dir='ltr'><strong>enim</strong></span> <span class='ocrx_word' id='word_1_434' title='bbox 1870 4284 1948 4335; x_wconf 85' lang='lat' dir='ltr'><strong>eis</strong></span> <span class='ocrx_word' id='word_1_435' title='bbox 1973 4291 2278 4348; x_wconf 88' lang='lat' dir='ltr'><strong>precamur,</strong></span> <span class='ocrx_word' id='word_1_436' title='bbox 2310 4275 2399 4342; x_wconf 87' lang='lat' dir='ltr'><strong>qui</strong></span> 
     </span>
    </p>
   </div>
   <div class='ocr_carea' id='block_1_60' title="bbox 838 4365 2399 4449">
    <p class='ocr_par' dir='ltr' id='par_1_60' title="bbox 838 4365 2399 4449">
     <span class='ocr_line' id='line_1_60' title="bbox 838 4365 2399 4449; baseline -0.019 -6"><span class='ocrx_word' id='word_1_437' title='bbox 838 4388 1082 4443; x_wconf 78' lang='lat' dir='ltr'><strong>cenvieia</strong></span> <span class='ocrx_word' id='word_1_438' title='bbox 1117 4388 1168 4437; x_wconf 91' lang='lat' dir='ltr'><strong>in</strong></span> <span class='ocrx_word' id='word_1_439' title='bbox 1198 4398 1293 4435; x_wconf 92' lang='lat' dir='ltr'><strong>nos</strong></span> <span class='ocrx_word' id='word_1_440' title='bbox 1321 4382 1549 4449; x_wconf 83' lang='lat' dir='ltr'><strong>jactant,</strong></span> <span class='ocrx_word' id='word_1_441' title='bbox 1582 4385 1635 4427; x_wconf 92' lang='lat' dir='ltr'><strong>et</strong></span> <span class='ocrx_word' id='word_1_442' title='bbox 1658 4373 1759 4434; x_wconf 83' lang='lat' dir='ltr'><strong>eis,</strong></span> <span class='ocrx_word' id='word_1_443' title='bbox 1780 4372 1868 4439; x_wconf 90' lang='lat' dir='ltr'><strong>qui</strong></span> <span class='ocrx_word' id='word_1_444' title='bbox 1890 4367 2327 4421; x_wconf 85' lang='lat' dir='ltr'><strong>contumeliosius</strong></span> <span class='ocrx_word' id='word_1_445' title='bbox 2350 4365 2399 4414; x_wconf 93' lang='lat' dir='ltr'><strong>in</strong></span> 
     </span>
    </p>
   </div>
   <div class='ocr_carea' id='block_1_61' title="bbox 838 4449 2399 4539">
    <p class='ocr_par' dir='ltr' id='par_1_61' title="bbox 838 4449 2399 4539">
     <span class='ocr_line' id='line_1_61' title="bbox 838 4449 2399 4539; baseline -0.02 -6"><span class='ocrx_word' id='word_1_446' title='bbox 838 4493 938 4533; x_wconf 88' lang='lat' dir='ltr'><strong>nos</strong></span> <span class='ocrx_word' id='word_1_447' title='bbox 964 4476 1209 4529; x_wconf 82' lang='lat' dir='ltr'><strong>fermuur</strong></span> <span class='ocrx_word' id='word_1_448' title='bbox 1235 4466 1587 4539; x_wconf 58' lang='lat' dir='ltr'><strong>(blasphemia</strong></span> <span class='ocrx_word' id='word_1_449' title='bbox 1609 4462 1749 4516; x_wconf 91' lang='lat' dir='ltr'><strong>enim</strong></span> <span class='ocrx_word' id='word_1_450' title='bbox 1775 4468 1855 4513; x_wconf 92' lang='lat' dir='ltr'><strong>est</strong></span> <span class='ocrx_word' id='word_1_451' title='bbox 1880 4456 2118 4525; x_wconf 87' lang='lat' dir='ltr'><strong>asperior</strong></span> <span class='ocrx_word' id='word_1_452' title='bbox 2140 4453 2334 4521; x_wconf 88' lang='lat' dir='ltr'><strong>injuria</strong></span> <span class='ocrx_word' id='word_1_453' title='bbox 2356 4449 2399 4521; x_wconf 85' lang='lat'><strong>),</strong></span> 
     </span>
    </p>
   </div>
   <div class='ocr_carea' id='block_1_62' title="bbox 2485 1973 4077 2049">
    <p class='ocr_par' dir='ltr' id='par_1_62' title="bbox 2485 1973 4077 2049">
     <span class='ocr_line' id='line_1_62' title="bbox 2485 1973 4077 2049; baseline -0.003 -19"><span class='ocrx_word' id='word_1_454' title='bbox 2485 1981 2663 2034; x_wconf 84' lang='grc' dir='ltr'><strong>πάντα</strong></span> <span class='ocrx_word' id='word_1_455' title='bbox 2686 1978 3048 2049; x_wconf 79' lang='grc' dir='ltr'><strong>βαρυνόμενος</strong></span> <span class='ocrx_word' id='word_1_456' title='bbox 3072 1978 3242 2043; x_wconf 80' lang='grc' dir='ltr'><strong>λέγει.</strong></span> <span class='ocrx_word' id='word_1_457' title='bbox 3277 1977 3431 2028; x_wconf 80' lang='grc' dir='ltr'><strong>Ἔστι</strong></span> <span class='ocrx_word' id='word_1_458' title='bbox 3460 1976 3567 2044; x_wconf 74' lang='grc' dir='ltr'><strong>γὰρ</strong></span> <span class='ocrx_word' id='word_1_459' title='bbox 3592 1979 3617 2028; x_wconf 79' lang='grc' dir='ltr'><strong>ό</strong></span> <span class='ocrx_word' id='word_1_460' title='bbox 3640 1976 3763 2036; x_wconf 72' lang='grc' dir='ltr'><strong>νοῦς</strong></span> <span class='ocrx_word' id='word_1_461' title='bbox 3788 1993 3816 2026; x_wconf 89' lang='grc' dir='ltr'><strong>τ</strong></span> <span class='ocrx_word' id='word_1_462' title='bbox 3834 1994 3835 1997; x_wconf 44' lang='grc' dir='ltr'><strong>η</strong></span> <span class='ocrx_word' id='word_1_463' title='bbox 3855 1973 4034 2033; x_wconf 58' lang='grc' dir='ltr'><strong>ιοῦτοέ</strong></span> <span class='ocrx_word' id='word_1_464' title='bbox 4057 1987 4077 2006; x_wconf 89' lang='grc'>⁶</span> 
     </span>
    </p>
   </div>
   <div class='ocr_carea' id='block_1_63' title="bbox 2486 2066 4080 2142">
    <p class='ocr_par' dir='ltr' id='par_1_63' title="bbox 2486 2066 4080 2142">
     <span class='ocr_line' id='line_1_63' title="bbox 2486 2066 4080 2142; baseline -0.005 -17"><span class='ocrx_word' id='word_1_465' title='bbox 2486 2073 2609 2135; x_wconf 76' lang='grc' dir='ltr'><strong>Πῶς</strong></span> <span class='ocrx_word' id='word_1_466' title='bbox 2648 2074 2791 2133; x_wconf 64' lang='lat' dir='ltr'><strong>elato;</strong></span> <span class='ocrx_word' id='word_1_467' title='bbox 2825 2073 2971 2142; x_wconf 77' lang='grc' dir='ltr'>ἡμᾶς</span> <span class='ocrx_word' id='word_1_468' title='bbox 3008 2070 3105 2137; x_wconf 82' lang='grc' dir='ltr'><strong>μὲν</strong></span> <span class='ocrx_word' id='word_1_469' title='bbox 3129 2069 3488 2130; x_wconf 71' lang='grc' dir='ltr'><strong>κακοπαθεῖν,</strong></span> <span class='ocrx_word' id='word_1_470' title='bbox 3522 2070 3663 2136; x_wconf 80' lang='grc' dir='ltr'><strong>ὑμᾶς</strong></span> <span class='ocrx_word' id='word_1_471' title='bbox 3690 2068 3745 2119; x_wconf 77' lang='grc' dir='ltr'><strong>δὲ</strong></span> <span class='ocrx_word' id='word_1_472' title='bbox 3768 2066 4080 2119; x_wconf 74' lang='grc' dir='ltr'><strong>ἀπολαύειν</strong></span> 
     </span>
    </p>
   </div>
   <div class='ocr_carea' id='block_1_64' title="bbox 2486 2156 4079 2231">
    <p class='ocr_par' dir='ltr' id='par_1_64' title="bbox 2486 2156 4079 2231">
     <span class='ocr_line' id='line_1_64' title="bbox 2486 2156 4079 2231; baseline -0.004 -14"><span class='ocrx_word' id='word_1_473' title='bbox 2486 2166 2689 2225; x_wconf 82' lang='grc' dir='ltr'><strong>ἀδείας,</strong></span> <span class='ocrx_word' id='word_1_474' title='bbox 2725 2167 2815 2216; x_wconf 83' lang='grc' dir='ltr'><strong>καί</strong></span> <span class='ocrx_word' id='word_1_475' title='bbox 2845 2167 2901 2213; x_wconf 77' lang='grc' dir='ltr'><strong>ἐν</strong></span> <span class='ocrx_word' id='word_1_476' title='bbox 2952 2162 3177 2229; x_wconf 80' lang='grc' dir='ltr'><strong>ἀγαθοῖς</strong></span> <span class='ocrx_word' id='word_1_477' title='bbox 3223 2156 3400 2223; x_wconf 72' lang='grc' dir='ltr'><strong>εἷναι;</strong></span> <span class='ocrx_word' id='word_1_478' title='bbox 3454 2160 3617 2212; x_wconf 83' lang='grc' dir='ltr'><strong>Ὥστε</strong></span> <span class='ocrx_word' id='word_1_479' title='bbox 3662 2160 3957 2231; x_wconf 77' lang='grc' dir='ltr'><strong>πρόδηλον,</strong></span> <span class='ocrx_word' id='word_1_480' title='bbox 3990 2161 4079 2212; x_wconf 79' lang='grc' dir='ltr'><strong>δτι</strong></span> 
     </span>
    </p>
   </div>
   <div class='ocr_carea' id='block_1_65' title="bbox 2488 2250 4080 2319">
    <p class='ocr_par' dir='ltr' id='par_1_65' title="bbox 2488 2250 4080 2319">
     <span class='ocr_line' id='line_1_65' title="bbox 2488 2250 4080 2319; baseline -0.006 -10"><span class='ocrx_word' id='word_1_481' title='bbox 2488 2257 2588 2309; x_wconf 86' lang='grc' dir='ltr'><strong>οὑκ</strong></span> <span class='ocrx_word' id='word_1_482' title='bbox 2635 2256 2690 2305; x_wconf 84' lang='grc' dir='ltr'><strong>ἐν</strong></span> <span class='ocrx_word' id='word_1_483' title='bbox 2723 2255 2946 2319; x_wconf 80' lang='grc' dir='ltr'><strong>ἀγαθοῖς</strong></span> <span class='ocrx_word' id='word_1_484' title='bbox 2982 2256 3126 2313; x_wconf 86' lang='grc' dir='ltr'><strong>ἐστε,</strong></span> <span class='ocrx_word' id='word_1_485' title='bbox 3176 2252 3313 2305; x_wconf 71' lang='grc' dir='ltr'><strong>ἀλλὰ</strong></span> <span class='ocrx_word' id='word_1_486' title='bbox 3359 2250 3455 2303; x_wconf 89' lang='grc' dir='ltr'><strong>νῦν</strong></span> <span class='ocrx_word' id='word_1_487' title='bbox 3508 2251 3709 2318; x_wconf 76' lang='grc' dir='ltr'><strong>μᾶλλον</strong></span> <span class='ocrx_word' id='word_1_488' title='bbox 3749 2250 3937 2311; x_wconf 83' lang='grc' dir='ltr'><strong>κακῶς</strong></span> <span class='ocrx_word' id='word_1_489' title='bbox 3979 2254 4080 2299; x_wconf 80' lang='grc' dir='ltr'>καί</span> 
     </span>
    </p>
   </div>
   <div class='ocr_carea' id='block_1_66' title="bbox 2488 2342 4076 2413">
    <p class='ocr_par' dir='ltr' id='par_1_66' title="bbox 2488 2342 4076 2413">
     <span class='ocr_line' id='line_1_66' title="bbox 2488 2342 4076 2413; baseline -0.004 -13"><span class='ocrx_word' id='word_1_490' title='bbox 2488 2347 2721 2409; x_wconf 76' lang='grc' dir='ltr'><strong>ἀναξίως</strong></span> <span class='ocrx_word' id='word_1_491' title='bbox 2778 2347 2878 2398; x_wconf 79' lang='grc' dir='ltr'><strong>τῶν</strong></span> <span class='ocrx_word' id='word_1_492' title='bbox 2917 2345 3235 2400; x_wconf 81' lang='grc' dir='ltr'><strong>ἀποστόλων</strong></span> <span class='ocrx_word' id='word_1_493' title='bbox 3279 2342 3452 2413; x_wconf 78' lang='grc' dir='ltr'><strong>ἔχετε.</strong></span> <span class='ocrx_word' id='word_1_494' title='bbox 3499 2344 3611 2395; x_wconf 61' lang='grc' dir='ltr'><strong>Οὐκ</strong></span> <span class='ocrx_word' id='word_1_495' title='bbox 3663 2343 3771 2413; x_wconf 83' lang='grc' dir='ltr'><strong>ἄρα</strong></span> <span class='ocrx_word' id='word_1_496' title='bbox 3820 2344 4076 2411; x_wconf 77' lang='grc' dir='ltr'><strong>ὀφείλετε</strong></span> 
     </span>
    </p>
   </div>
   <div class='ocr_carea' id='block_1_67' title="bbox 2489 2434 3190 2506">
    <p class='ocr_par' dir='ltr' id='par_1_67' title="bbox 2489 2434 3190 2506">
     <span class='ocr_line' id='line_1_67' title="bbox 2489 2434 3190 2506; baseline 0 -19"><span class='ocrx_word' id='word_1_497' title='bbox 2489 2436 2811 2506; x_wconf 72' lang='grc' dir='ltr'><strong>ἐπαίρεσθαι</strong></span> <span class='ocrx_word' id='word_1_498' title='bbox 2837 2435 2928 2487; x_wconf 78' lang='grc' dir='ltr'><strong>ἐπὶ</strong></span> <span class='ocrx_word' id='word_1_499' title='bbox 2959 2434 3190 2496; x_wconf 79' lang='grc' dir='ltr'><strong>τούτοις.</strong></span> 
     </span>
    </p>
   </div>
   <div class='ocr_carea' id='block_1_68' title="bbox 2568 2611 4082 2686">
    <p class='ocr_par' dir='ltr' id='par_1_68' title="bbox 2568 2611 4082 2686">
     <span class='ocr_line' id='line_1_68' title="bbox 2568 2611 4082 2686; baseline -0.001 -18"><span class='ocrx_word' id='word_1_500' title='bbox 2568 2636 2586 2668; x_wconf 75' lang='grc' dir='ltr'><strong>ι</strong></span> <span class='ocrx_word' id='word_1_501' title='bbox 2629 2618 2791 2686; x_wconf 84' lang='grc' dir='ltr'><strong>’Ἀχρι</strong></span> <span class='ocrx_word' id='word_1_502' title='bbox 2825 2617 2923 2684; x_wconf 82' lang='grc' dir='ltr'><strong>τῆς</strong></span> <span class='ocrx_word' id='word_1_503' title='bbox 2953 2616 3079 2685; x_wconf 83' lang='grc' dir='ltr'><strong>ἄρτι</strong></span> <span class='ocrx_word' id='word_1_504' title='bbox 3109 2613 3259 2683; x_wconf 84' lang='grc' dir='ltr'><strong>ὧρας</strong></span> <span class='ocrx_word' id='word_1_505' title='bbox 3301 2611 3397 2665; x_wconf 73' lang='grc' dir='ltr'><strong>καὶ</strong></span> <span class='ocrx_word' id='word_1_506' title='bbox 3440 2612 3741 2679; x_wconf 75' lang='grc' dir='ltr'><strong>πεινῶμεν,</strong></span> <span class='ocrx_word' id='word_1_507' title='bbox 3782 2612 3877 2665; x_wconf 81' lang='grc' dir='ltr'><strong>καὶ</strong></span> <span class='ocrx_word' id='word_1_508' title='bbox 3904 2612 4082 2680; x_wconf 61' lang='grc' dir='ltr'><strong>διψῶ-</strong></span> 
     </span>
    </p>
   </div>
   <div class='ocr_carea' id='block_1_69' title="bbox 2495 2704 4075 2779">
    <p class='ocr_par' dir='ltr' id='par_1_69' title="bbox 2495 2704 4075 2779">
     <span class='ocr_line' id='line_1_69' title="bbox 2495 2704 4075 2779; baseline -0.008 -16"><span class='ocrx_word' id='word_1_509' title='bbox 2495 2728 2616 2779; x_wconf 87' lang='grc' dir='ltr'><strong>μεν,</strong></span> <span class='ocrx_word' id='word_1_510' title='bbox 2646 2713 2739 2762; x_wconf 66' lang='grc' dir='ltr'><strong>καὶ</strong></span> <span class='ocrx_word' id='word_1_511' title='bbox 2768 2706 3206 2776; x_wconf 84' lang='grc' dir='ltr'><strong>γυμνητεύομεν.</strong></span> <span class='ocrx_word' id='word_1_512' title='bbox 3236 2723 3253 2755; x_wconf 75' lang='grc' dir='ltr'><strong>ι</strong></span> <span class='ocrx_word' id='word_1_513' title='bbox 3283 2704 3371 2767; x_wconf 85' lang='grc' dir='ltr'><strong>Τί,</strong></span> <span class='ocrx_word' id='word_1_514' title='bbox 3392 2706 3547 2772; x_wconf 66' lang='grc' dir='ltr'><strong>φησι,</strong></span> <span class='ocrx_word' id='word_1_515' title='bbox 3576 2704 3643 2755; x_wconf 76' lang='grc' dir='ltr'><strong>τὰ</strong></span> <span class='ocrx_word' id='word_1_516' title='bbox 3666 2704 3872 2756; x_wconf 82' lang='grc' dir='ltr'><strong>παλαιὰ</strong></span> <span class='ocrx_word' id='word_1_517' title='bbox 3894 2704 4075 2770; x_wconf 73' lang='grc' dir='ltr'><strong>λέγως</strong></span> 
     </span>
    </p>
   </div>
   <div class='ocr_carea' id='block_1_70' title="bbox 2493 2795 4079 2867">
    <p class='ocr_par' dir='ltr' id='par_1_70' title="bbox 2493 2795 4079 2867">
     <span class='ocr_line' id='line_1_70' title="bbox 2493 2795 4079 2867; baseline -0.004 -13"><span class='ocrx_word' id='word_1_518' title='bbox 2493 2803 2557 2853; x_wconf 84' lang='grc' dir='ltr'><strong>τὰ</strong></span> <span class='ocrx_word' id='word_1_519' title='bbox 2585 2801 2677 2854; x_wconf 87' lang='grc' dir='ltr'><strong>νῦν</strong></span> <span class='ocrx_word' id='word_1_520' title='bbox 2716 2800 2790 2853; x_wconf 88' lang='grc' dir='ltr'><strong>ίδέ</strong></span> <span class='ocrx_word' id='word_1_521' title='bbox 2812 2822 2827 2835; x_wconf 78' lang='grc' dir='ltr'><strong><em>ο</em></strong></span> <span class='ocrx_word' id='word_1_522' title='bbox 2864 2800 2980 2862; x_wconf 87' lang='grc' dir='ltr'><strong>πῶς</strong></span> <span class='ocrx_word' id='word_1_523' title='bbox 3031 2800 3189 2867; x_wconf 83' lang='grc' dir='ltr'>ὑμεῖς</span> <span class='ocrx_word' id='word_1_524' title='bbox 3220 2796 3319 2867; x_wconf 82' lang='grc' dir='ltr'><strong>μὲν</strong></span> <span class='ocrx_word' id='word_1_525' title='bbox 3364 2798 3636 2865; x_wconf 79' lang='grc' dir='ltr'><strong>τρυφᾶτε,</strong></span> <span class='ocrx_word' id='word_1_526' title='bbox 3670 2797 3830 2865; x_wconf 75' lang='grc' dir='ltr'><strong>ἡμεῖς</strong></span> <span class='ocrx_word' id='word_1_527' title='bbox 3873 2795 3930 2849; x_wconf 78' lang='grc' dir='ltr'><strong>δὲ</strong></span> <span class='ocrx_word' id='word_1_528' title='bbox 3964 2798 4079 2848; x_wconf 76' lang='grc' dir='ltr'><strong>πᾶν</strong></span> 
     </span>
    </p>
   </div>
   <div class='ocr_carea' id='block_1_71' title="bbox 2496 2911 2821 2949">
    <p class='ocr_par' dir='ltr' id='par_1_71' title="bbox 2496 2911 2821 2949">
     <span class='ocr_line' id='line_1_71' title="bbox 2496 2911 2821 2949; baseline 0.003 -1"><span class='ocrx_word' id='word_1_529' title='bbox 2496 2911 2821 2949; x_wconf 84' lang='grc' dir='ltr'><strong>τουναντιον.</strong></span> 
     </span>
    </p>
   </div>
   <div class='ocr_carea' id='block_1_72' title="bbox 2571 3070 4073 3145">
    <p class='ocr_par' dir='ltr' id='par_1_72' title="bbox 2571 3070 4073 3145">
     <span class='ocr_line' id='line_1_72' title="bbox 2571 3070 4073 3145; baseline -0.004 -13"><span class='ocrx_word' id='word_1_530' title='bbox 2571 3099 2589 3132; x_wconf 77' lang='grc' dir='ltr'><strong>ι</strong></span> <span class='ocrx_word' id='word_1_531' title='bbox 2642 3080 2753 3133; x_wconf 97' lang='lat' dir='ltr'><strong>Kal</strong></span> <span class='ocrx_word' id='word_1_532' title='bbox 2810 3075 3238 3145; x_wconf 78' lang='grc' dir='ltr'><strong>κολαφιζόμεθα.</strong></span> <span class='ocrx_word' id='word_1_533' title='bbox 3300 3092 3319 3125; x_wconf 74' lang='grc' dir='ltr'><strong>ι</strong></span> <span class='ocrx_word' id='word_1_534' title='bbox 3371 3072 3628 3126; x_wconf 81' lang='grc' dir='ltr'><strong>Τουτέστι</strong></span> <span class='ocrx_word' id='word_1_535' title='bbox 3660 3112 3677 3136; x_wconf 89' lang='grc'><strong>,</strong></span> <span class='ocrx_word' id='word_1_536' title='bbox 3732 3070 4073 3141; x_wconf 76' lang='grc' dir='ltr'><strong>τυπτόμεθα.</strong></span> 
     </span>
    </p>
   </div>
   <div class='ocr_carea' id='block_1_73' title="bbox 2499 3165 3603 3237">
    <p class='ocr_par' dir='ltr' id='par_1_73' title="bbox 2499 3165 3603 3237">
     <span class='ocr_line' id='line_1_73' title="bbox 2499 3165 3603 3237; baseline -0.005 -13"><span class='ocrx_word' id='word_1_537' title='bbox 2499 3172 2669 3224; x_wconf 86' lang='grc' dir='ltr'><strong>Τοῦτο</strong></span> <span class='ocrx_word' id='word_1_538' title='bbox 2698 3171 2754 3222; x_wconf 80' lang='grc' dir='ltr'><strong>δὲ</strong></span> <span class='ocrx_word' id='word_1_539' title='bbox 2798 3169 2930 3237; x_wconf 71' lang='grc' dir='ltr'><strong>πρὸς</strong></span> <span class='ocrx_word' id='word_1_540' title='bbox 2970 3168 3097 3232; x_wconf 82' lang='grc' dir='ltr'><strong>τοὺς</strong></span> <span class='ocrx_word' id='word_1_541' title='bbox 3127 3165 3603 3235; x_wconf 83' lang='grc' dir='ltr'><strong>πεφυσιωμένους.</strong></span> 
     </span>
    </p>
   </div>
   <div class='ocr_carea' id='block_1_74' title="bbox 2573 3258 4075 3331">
    <p class='ocr_par' dir='ltr' id='par_1_74' title="bbox 2573 3258 4075 3331">
     <span class='ocr_line' id='line_1_74' title="bbox 2573 3258 4075 3331; baseline -0.004 -14"><span class='ocrx_word' id='word_1_542' title='bbox 2573 3285 2590 3317; x_wconf 78' lang='grc' dir='ltr'>ι</span> <span class='ocrx_word' id='word_1_543' title='bbox 2652 3266 2760 3317; x_wconf 89' lang='lat' dir='ltr'><strong>Kal</strong></span> <span class='ocrx_word' id='word_1_544' title='bbox 2815 3264 3175 3331; x_wconf 76' lang='grc' dir='ltr'><strong>ἀστατοῦμεν.</strong></span> <span class='ocrx_word' id='word_1_545' title='bbox 3237 3280 3255 3312; x_wconf 74' lang='grc' dir='ltr'><strong>ι</strong></span> <span class='ocrx_word' id='word_1_546' title='bbox 3312 3261 3641 3323; x_wconf 84' lang='grc' dir='ltr'><strong>Τουτέστιν,</strong></span> <span class='ocrx_word' id='word_1_547' title='bbox 3701 3258 4075 3328; x_wconf 85' lang='grc' dir='ltr'><strong>ἐλαυνόμεθα,</strong></span> 
     </span>
    </p>
   </div>
   <div class='ocr_carea' id='block_1_75' title="bbox 2496 3349 3823 3428">
    <p class='ocr_par' dir='ltr' id='par_1_75' title="bbox 2496 3349 3823 3428">
     <span class='ocr_line' id='line_1_75' title="bbox 2496 3349 3823 3428; baseline -0.002 -20"><span class='ocrx_word' id='word_1_548' title='bbox 2496 3357 2769 3428; x_wconf 73' lang='grc' dir='ltr'><strong>φεύγομεν</strong></span> <span class='ocrx_word' id='word_1_549' title='bbox 2833 3355 3003 3405; x_wconf 86' lang='grc' dir='ltr'><strong>Τοῦτο</strong></span> <span class='ocrx_word' id='word_1_550' title='bbox 3027 3353 3083 3406; x_wconf 84' lang='grc' dir='ltr'><strong>δὲ</strong></span> <span class='ocrx_word' id='word_1_551' title='bbox 3122 3351 3258 3421; x_wconf 82' lang='grc' dir='ltr'><strong>πρὸς</strong></span> <span class='ocrx_word' id='word_1_552' title='bbox 3288 3352 3411 3412; x_wconf 77' lang='grc' dir='ltr'><strong>τοὺς</strong></span> <span class='ocrx_word' id='word_1_553' title='bbox 3438 3349 3823 3412; x_wconf 81' lang='grc' dir='ltr'><strong>πλουτοῦντας.</strong></span> 
     </span>
    </p>
   </div>
   <div class='ocr_carea' id='block_1_76' title="bbox 2570 3443 4076 3514">
    <p class='ocr_par' dir='ltr' id='par_1_76' title="bbox 2570 3443 4076 3514">
     <span class='ocr_line' id='line_1_76' title="bbox 2570 3443 4076 3514; baseline -0.007 -13"><span class='ocrx_word' id='word_1_554' title='bbox 2570 3470 2587 3501; x_wconf 75' lang='grc' dir='ltr'><strong>ι</strong></span> <span class='ocrx_word' id='word_1_555' title='bbox 2629 3450 2738 3503; x_wconf 90' lang='lat' dir='ltr'><strong>Kal</strong></span> <span class='ocrx_word' id='word_1_556' title='bbox 2792 3446 3103 3514; x_wconf 80' lang='grc' dir='ltr'><strong>κοπιῶμεν,</strong></span> <span class='ocrx_word' id='word_1_557' title='bbox 3151 3444 3508 3513; x_wconf 78' lang='grc' dir='ltr'><strong>ἐργαζόμενοι</strong></span> <span class='ocrx_word' id='word_1_558' title='bbox 3572 3445 3693 3506; x_wconf 91' lang='grc' dir='ltr'><strong>ταῖς</strong></span> <span class='ocrx_word' id='word_1_559' title='bbox 3760 3443 3993 3505; x_wconf 72' lang='grc' dir='ltr'><strong>οἰκείαις</strong></span> <span class='ocrx_word' id='word_1_560' title='bbox 4025 3443 4076 3473; x_wconf 67' lang='grc'>⁸⁸</span> 
     </span>
    </p>
   </div>
   <div class='ocr_carea' id='block_1_77' title="bbox 2496 3538 4077 3615">
    <p class='ocr_par' dir='ltr' id='par_1_77' title="bbox 2496 3538 4077 3615">
     <span class='ocr_line' id='line_1_77' title="bbox 2496 3538 4077 3615; baseline -0.004 -19"><span class='ocrx_word' id='word_1_561' title='bbox 2496 3545 2672 3615; x_wconf 85' lang='grc' dir='ltr'><strong>χερσί.</strong></span> <span class='ocrx_word' id='word_1_562' title='bbox 2717 3563 2733 3593; x_wconf 75' lang='grc' dir='ltr'><strong>ι</strong></span> <span class='ocrx_word' id='word_1_563' title='bbox 2779 3542 2964 3593; x_wconf 85' lang='grc' dir='ltr'><strong>Ταῦτα</strong></span> <span class='ocrx_word' id='word_1_564' title='bbox 2991 3540 3140 3606; x_wconf 85' lang='grc' dir='ltr'><strong>λέγει</strong></span> <span class='ocrx_word' id='word_1_565' title='bbox 3173 3539 3452 3605; x_wconf 75' lang='grc' dir='ltr'><strong>ἐντρέπων</strong></span> <span class='ocrx_word' id='word_1_566' title='bbox 3492 3538 3619 3599; x_wconf 84' lang='grc' dir='ltr'><strong>τοὺς</strong></span> <span class='ocrx_word' id='word_1_567' title='bbox 3659 3539 3821 3589; x_wconf 74' lang='grc' dir='ltr'><strong>ἕνεκα</strong></span> <span class='ocrx_word' id='word_1_568' title='bbox 3850 3538 4077 3605; x_wconf 78' lang='grc' dir='ltr'><strong>κέρδους</strong></span> 
     </span>
    </p>
   </div>
   <div class='ocr_carea' id='block_1_78' title="bbox 2498 3627 4078 3704">
    <p class='ocr_par' dir='ltr' id='par_1_78' title="bbox 2498 3627 4078 3704">
     <span class='ocr_line' id='line_1_78' title="bbox 2498 3627 4078 3704; baseline -0.006 -15"><span class='ocrx_word' id='word_1_569' title='bbox 2498 3638 2593 3689; x_wconf 85' lang='grc' dir='ltr'><strong>καί</strong></span> <span class='ocrx_word' id='word_1_570' title='bbox 2642 3632 2912 3704; x_wconf 76' lang='grc' dir='ltr'><strong>πορισμοῦ</strong></span> <span class='ocrx_word' id='word_1_571' title='bbox 2960 3628 3375 3700; x_wconf 70' lang='grc' dir='ltr'><strong>ἐπιχειροῦντας</strong></span> <span class='ocrx_word' id='word_1_572' title='bbox 3427 3631 3524 3683; x_wconf 74' lang='grc' dir='ltr'><strong>καὶ</strong></span> <span class='ocrx_word' id='word_1_573' title='bbox 3568 3628 3743 3681; x_wconf 68' lang='grc' dir='ltr'><strong>ἐπιτολ</strong></span> <span class='ocrx_word' id='word_1_574' title='bbox 3761 3628 3975 3697; x_wconf 82' lang='grc' dir='ltr'><strong>μῶντας</strong></span> <span class='ocrx_word' id='word_1_575' title='bbox 4012 3627 4078 3680; x_wconf 76' lang='grc' dir='ltr'><strong>τὸ</strong></span> 
     </span>
    </p>
   </div>
   <div class='ocr_carea' id='block_1_79' title="bbox 2498 3727 2815 3798">
    <p class='ocr_par' dir='ltr' id='par_1_79' title="bbox 2498 3727 2815 3798">
     <span class='ocr_line' id='line_1_79' title="bbox 2498 3727 2815 3798; baseline -0.022 -15"><span class='ocrx_word' id='word_1_576' title='bbox 2498 3727 2815 3798; x_wconf 85' lang='grc' dir='ltr'><strong>κηρύσσειν.</strong></span> 
     </span>
    </p>
   </div>
   <div class='ocr_carea' id='block_1_80' title="bbox 2575 3813 4078 3887">
    <p class='ocr_par' dir='ltr' id='par_1_80' title="bbox 2575 3813 4078 3887">
     <span class='ocr_line' id='line_1_80' title="bbox 2575 3813 4078 3887; baseline -0.007 -16"><span class='ocrx_word' id='word_1_577' title='bbox 2575 3839 2593 3870; x_wconf 75' lang='grc' dir='ltr'><strong>ι</strong></span> <span class='ocrx_word' id='word_1_578' title='bbox 2632 3815 3066 3887; x_wconf 79' lang='grc' dir='ltr'><strong>Λοιδορούμενοι,</strong></span> <span class='ocrx_word' id='word_1_579' title='bbox 3098 3814 3431 3882; x_wconf 76' lang='grc' dir='ltr'><strong>εὐλογοῦμεν</strong></span> <span class='ocrx_word' id='word_1_580' title='bbox 3455 3830 3469 3843; x_wconf 92' lang='grc'><strong>·</strong></span> <span class='ocrx_word' id='word_1_581' title='bbox 3502 3814 3852 3883; x_wconf 81' lang='grc' dir='ltr'><strong>διωκόμενοι,</strong></span> <span class='ocrx_word' id='word_1_582' title='bbox 3886 3813 4078 3880; x_wconf 71' lang='grc' dir='ltr'><strong>ἀνεχό-</strong></span> 
     </span>
    </p>
   </div>
   <div class='ocr_carea' id='block_1_81' title="bbox 2504 3906 4076 3982">
    <p class='ocr_par' dir='ltr' id='par_1_81' title="bbox 2504 3906 4076 3982">
     <span class='ocr_line' id='line_1_81' title="bbox 2504 3906 4076 3982; baseline -0.004 -18"><span class='ocrx_word' id='word_1_583' title='bbox 2504 3911 2678 3982; x_wconf 79' lang='grc' dir='ltr'><strong>μεθαο</strong></span> <span class='ocrx_word' id='word_1_584' title='bbox 2733 3908 3237 3978; x_wconf 79' lang='grc' dir='ltr'><strong>βλασφημούμενοι,</strong></span> <span class='ocrx_word' id='word_1_585' title='bbox 3290 3906 3737 3976; x_wconf 75' lang='grc' dir='ltr'><strong>παρακαλοῦμεν.</strong></span> <span class='ocrx_word' id='word_1_586' title='bbox 3789 3926 3806 3955; x_wconf 80' lang='grc' dir='ltr'>ι</span> <span class='ocrx_word' id='word_1_587' title='bbox 3845 3908 3952 3959; x_wconf 75' lang='lat' dir='ltr'><strong>Kal</strong></span> <span class='ocrx_word' id='word_1_588' title='bbox 4013 3909 4076 3959; x_wconf 70' lang='grc' dir='ltr'><strong>τὸ</strong></span> 
     </span>
    </p>
   </div>
   <div class='ocr_carea' id='block_1_82' title="bbox 2504 3996 4077 4072">
    <p class='ocr_par' dir='ltr' id='par_1_82' title="bbox 2504 3996 4077 4072">
     <span class='ocr_line' id='line_1_82' title="bbox 2504 3996 4077 4072; baseline -0.004 -18"><span class='ocrx_word' id='word_1_589' title='bbox 2504 4002 2689 4072; x_wconf 75' lang='grc' dir='ltr'><strong>μεῖζον</strong></span> <span class='ocrx_word' id='word_1_590' title='bbox 2736 4001 2974 4062; x_wconf 76' lang='grc' dir='ltr'><strong>πάντων,</strong></span> <span class='ocrx_word' id='word_1_591' title='bbox 3020 3998 3207 4067; x_wconf 74' lang='grc' dir='ltr'><strong>φησὶν,</strong></span> <span class='ocrx_word' id='word_1_592' title='bbox 3239 3999 3323 4049; x_wconf 88' lang='grc' dir='ltr'><strong>ὃτι</strong></span> <span class='ocrx_word' id='word_1_593' title='bbox 3363 3996 3485 4047; x_wconf 79' lang='grc' dir='ltr'><strong>οὐδὲ</strong></span> <span class='ocrx_word' id='word_1_594' title='bbox 3520 3996 3947 4065; x_wconf 69' lang='grc' dir='ltr'><strong>δυσχεραίνομεν</strong></span> <span class='ocrx_word' id='word_1_595' title='bbox 3981 3999 4077 4048; x_wconf 73' lang='grc' dir='ltr'><strong>ἐπὶ</strong></span> 
     </span>
    </p>
   </div>
   <div class='ocr_carea' id='block_1_83' title="bbox 2500 4084 4077 4152">
    <p class='ocr_par' dir='ltr' id='par_1_83' title="bbox 2500 4084 4077 4152">
     <span class='ocr_line' id='line_1_83' title="bbox 2500 4084 4077 4152; baseline -0.004 -9"><span class='ocrx_word' id='word_1_596' title='bbox 2500 4091 2728 4152; x_wconf 73' lang='grc' dir='ltr'><strong>τούτοις.</strong></span> <span class='ocrx_word' id='word_1_597' title='bbox 2794 4090 2900 4143; x_wconf 85' lang='lat' dir='ltr'><strong>Kal</strong></span> <span class='ocrx_word' id='word_1_598' title='bbox 2966 4088 3133 4139; x_wconf 88' lang='grc' dir='ltr'><strong>πόθεν</strong></span> <span class='ocrx_word' id='word_1_599' title='bbox 3206 4085 3398 4152; x_wconf 80' lang='grc' dir='ltr'><strong>δῆλον;</strong></span> <span class='ocrx_word' id='word_1_600' title='bbox 3468 4084 3601 4136; x_wconf 83' lang='grc' dir='ltr'><strong>Ἀπὸ</strong></span> <span class='ocrx_word' id='word_1_601' title='bbox 3652 4084 3748 4136; x_wconf 75' lang='grc' dir='ltr'><strong>τοῦ</strong></span> <span class='ocrx_word' id='word_1_602' title='bbox 3807 4087 3899 4136; x_wconf 71' lang='grc' dir='ltr'><strong>καὶ</strong></span> <span class='ocrx_word' id='word_1_603' title='bbox 3950 4088 4077 4147; x_wconf 75' lang='grc' dir='ltr'><strong>τοῦς</strong></span> 
     </span>
    </p>
   </div>
   <div class='ocr_carea' id='block_1_84' title="bbox 2503 4173 4072 4245">
    <p class='ocr_par' dir='ltr' id='par_1_84' title="bbox 2503 4173 4072 4245">
     <span class='ocr_line' id='line_1_84' title="bbox 2503 4173 4072 4245; baseline -0.002 -12"><span class='ocrx_word' id='word_1_604' title='bbox 2503 4179 2789 4240; x_wconf 80' lang='grc' dir='ltr'><strong>ποιοῦντας</strong></span> <span class='ocrx_word' id='word_1_605' title='bbox 2832 4176 2985 4245; x_wconf 79' lang='grc' dir='ltr'><strong>ἡμᾶς</strong></span> <span class='ocrx_word' id='word_1_606' title='bbox 3026 4174 3213 4235; x_wconf 80' lang='grc' dir='ltr'><strong>κακῶς</strong></span> <span class='ocrx_word' id='word_1_607' title='bbox 3264 4176 3378 4235; x_wconf 88' lang='grc' dir='ltr'><strong>τοῖς</strong></span> <span class='ocrx_word' id='word_1_608' title='bbox 3434 4173 3693 4235; x_wconf 81' lang='grc' dir='ltr'><strong>ἐναντίοις</strong></span> <span class='ocrx_word' id='word_1_609' title='bbox 3729 4175 4072 4241; x_wconf 77' lang='grc' dir='ltr'><strong>ἀμείόεσθαι.</strong></span> 
     </span>
    </p>
   </div>
   <div class='ocr_carea' id='block_1_85' title="bbox 2503 4262 4077 4338">
    <p class='ocr_par' dir='ltr' id='par_1_85' title="bbox 2503 4262 4077 4338">
     <span class='ocr_line' id='line_1_85' title="bbox 2503 4262 4077 4338; baseline -0.004 -15"><span class='ocrx_word' id='word_1_610' title='bbox 2503 4268 2872 4338; x_wconf 77' lang='grc' dir='ltr'><strong>Εὑφημοῦμεν</strong></span> <span class='ocrx_word' id='word_1_611' title='bbox 2909 4268 3017 4335; x_wconf 86' lang='grc' dir='ltr'><strong>γὰρ</strong></span> <span class='ocrx_word' id='word_1_612' title='bbox 3046 4266 3170 4326; x_wconf 83' lang='grc' dir='ltr'><strong>τοὺς</strong></span> <span class='ocrx_word' id='word_1_613' title='bbox 3198 4262 3602 4332; x_wconf 78' lang='grc' dir='ltr'><strong>λοιδοροῦντας,</strong></span> <span class='ocrx_word' id='word_1_614' title='bbox 3643 4266 3738 4315; x_wconf 78' lang='grc' dir='ltr'><strong>καὶ</strong></span> <span class='ocrx_word' id='word_1_615' title='bbox 3769 4265 3896 4325; x_wconf 67' lang='grc' dir='ltr'><strong>τοὺς</strong></span> <span class='ocrx_word' id='word_1_616' title='bbox 3929 4266 4077 4333; x_wconf 73' lang='grc' dir='ltr'><strong>ὑδρε-</strong></span> 
     </span>
    </p>
   </div>
   <div class='ocr_carea' id='block_1_86' title="bbox 2505 4354 4067 4429">
    <p class='ocr_par' dir='ltr' id='par_1_86' title="bbox 2505 4354 4067 4429">
     <span class='ocr_line' id='line_1_86' title="bbox 2505 4354 4067 4429; baseline -0.006 -13"><span class='ocrx_word' id='word_1_617' title='bbox 2505 4360 2732 4416; x_wconf 84' lang='grc' dir='ltr'><strong>στικώτε</strong></span> <span class='ocrx_word' id='word_1_618' title='bbox 2745 4378 2832 4429; x_wconf 84' lang='grc' dir='ltr'><strong>ρον</strong></span> <span class='ocrx_word' id='word_1_619' title='bbox 2864 4360 2918 4412; x_wconf 75' lang='grc' dir='ltr'><strong>δὲ</strong></span> <span class='ocrx_word' id='word_1_620' title='bbox 2940 4360 2985 4390; x_wconf 84' lang='grc'><strong>⁸⁸</strong></span> <span class='ocrx_word' id='word_1_621' title='bbox 3013 4355 3487 4425; x_wconf 78' lang='grc' dir='ltr'><strong>προσφερομένους</strong></span> <span class='ocrx_word' id='word_1_622' title='bbox 3518 4354 3696 4423; x_wconf 80' lang='grc' dir='ltr'><strong>(τοῦτο</strong></span> <span class='ocrx_word' id='word_1_623' title='bbox 3727 4356 3882 4424; x_wconf 68' lang='grc' dir='ltr'><strong>γὰρὴ</strong></span> <span class='ocrx_word' id='word_1_624' title='bbox 3920 4356 4067 4423; x_wconf 56' lang='lat' dir='ltr'><strong>{sim</strong></span> 
     </span>
    </p>
   </div>
   <div class='ocr_carea' id='block_1_87' title="bbox 2504 4447 4070 4523">
    <p class='ocr_par' dir='ltr' id='par_1_87' title="bbox 2504 4447 4070 4523">
     <span class='ocr_line' id='line_1_87' title="bbox 2504 4447 4070 4523; baseline -0.004 -19"><span class='ocrx_word' id='word_1_625' title='bbox 2504 4454 2707 4523; x_wconf 86' lang='grc' dir='ltr'><strong>φημία,</strong></span> <span class='ocrx_word' id='word_1_626' title='bbox 2739 4454 2771 4521; x_wconf 83' lang='grc' dir='ltr'>ἡ</span> <span class='ocrx_word' id='word_1_627' title='bbox 2806 4450 3112 4519; x_wconf 87' lang='grc' dir='ltr'><strong>τραχυτέρα</strong></span> <span class='ocrx_word' id='word_1_628' title='bbox 3167 4448 3370 4516; x_wconf 71' lang='grc' dir='ltr'><strong>ὕϐρις),</strong></span> <span class='ocrx_word' id='word_1_629' title='bbox 3417 4449 3510 4500; x_wconf 77' lang='grc' dir='ltr'><strong>καὶ</strong></span> <span class='ocrx_word' id='word_1_630' title='bbox 3543 4447 3760 4506; x_wconf 83' lang='grc' dir='ltr'><strong>τούτους</strong></span> <span class='ocrx_word' id='word_1_631' title='bbox 3826 4463 4070 4517; x_wconf 65' lang='grc' dir='ltr'><strong>παρακαο</strong></span> 
     </span>
    </p>
   </div>
   <div class='ocr_carea' id='block_1_88' title="bbox 841 4537 2528 4632">
    <p class='ocr_par' dir='ltr' id='par_1_88' title="bbox 841 4543 2528 4632">
     <span class='ocr_line' id='line_1_88' title="bbox 841 4543 2528 4632; baseline -0.017 -10"><span class='ocrx_word' id='word_1_632' title='bbox 841 4571 978 4631; x_wconf 90' lang='lat' dir='ltr'><strong>illos,</strong></span> <span class='ocrx_word' id='word_1_633' title='bbox 1009 4568 1249 4632; x_wconf 90' lang='lat' dir='ltr'><strong>inquam,</strong></span> <span class='ocrx_word' id='word_1_634' title='bbox 1276 4564 1644 4616; x_wconf 88' lang='lat' dir='ltr'><strong>obsecramus,</strong></span> <span class='ocrx_word' id='word_1_635' title='bbox 1665 4555 1765 4605; x_wconf 91' lang='lat' dir='ltr'><strong>hoc</strong></span> <span class='ocrx_word' id='word_1_636' title='bbox 1803 4558 1908 4611; x_wconf 90' lang='lat' dir='ltr'><strong>est,</strong></span> <span class='ocrx_word' id='word_1_637' title='bbox 1952 4543 2403 4601; x_wconf 87' lang='lat' dir='ltr'><strong>mansuetioribus</strong></span> <span class='ocrx_word' id='word_1_638' title='bbox 2436 4546 2478 4600; x_wconf 79' lang='lat' dir='ltr'><strong>tt</strong></span> <span class='ocrx_word' id='word_1_639' title='bbox 2508 4546 2528 4595; x_wconf 80' lang='grc' dir='ltr'><strong>λ</strong></span> 
     </span>
    </p>
   </div>
   <div class='ocr_carea' id='block_1_89' title="bbox 2391 4537 4078 4632">
    <p class='ocr_par' dir='ltr' id='par_1_89' title="bbox 2391 4537 4078 4613">
     <span class='ocr_line' id='line_1_89' title="bbox 2391 4537 4078 4613; baseline -0.004 -19"><span class='ocrx_word' id='word_1_640' title='bbox 2391 4546 2478 4600; x_wconf 70' lang='lat' dir='ltr'><strong>5D</strong></span> <span class='ocrx_word' id='word_1_641' title='bbox 2508 4544 2743 4613; x_wconf 81' lang='grc' dir='ltr'><strong>λοῦμεν,</strong></span> <span class='ocrx_word' id='word_1_642' title='bbox 2796 4543 2917 4594; x_wconf 73' lang='grc' dir='ltr'><strong>ἀντὶ</strong></span> <span class='ocrx_word' id='word_1_643' title='bbox 2959 4540 3052 4592; x_wconf 87' lang='grc' dir='ltr'><strong>τοῦ</strong></span> <span class='ocrx_word' id='word_1_644' title='bbox 3093 4581 3105 4604; x_wconf 91' lang='grc'><strong>,</strong></span> <span class='ocrx_word' id='word_1_645' title='bbox 3151 4540 3471 4608; x_wconf 64' lang='grc' dir='ltr'><strong>πραοτέροις</strong></span> <span class='ocrx_word' id='word_1_646' title='bbox 3528 4538 3705 4604; x_wconf 82' lang='grc' dir='ltr'><strong>λόγοις</strong></span> <span class='ocrx_word' id='word_1_647' title='bbox 3751 4538 3846 4589; x_wconf 72' lang='grc' dir='ltr'><strong>καὶ</strong></span> <span class='ocrx_word' id='word_1_648' title='bbox 3915 4537 4078 4603; x_wconf 59' lang='grc' dir='ltr'><strong>μαλαι</strong></span> 
     </span>
    </p>
   </div>
   <div class='ocr_carea' id='block_1_90' title="bbox 840 4636 2405 4712">
    <p class='ocr_par' dir='ltr' id='par_1_90' title="bbox 840 4636 2405 4712">
     <span class='ocr_line' id='line_1_90' title="bbox 840 4636 2405 4712; baseline -0.017 0"><span class='ocrx_word' id='word_1_649' title='bbox 840 4670 896 4712; x_wconf 93' lang='lat' dir='ltr'><strong>et</strong></span> <span class='ocrx_word' id='word_1_650' title='bbox 914 4655 1248 4710; x_wconf 87' lang='lat' dir='ltr'><strong>mollioribus</strong></span> <span class='ocrx_word' id='word_1_651' title='bbox 1270 4651 1451 4703; x_wconf 88' lang='lat' dir='ltr'><strong>verbis</strong></span> <span class='ocrx_word' id='word_1_652' title='bbox 1467 4645 1824 4699; x_wconf 84' lang='lat' dir='ltr'><strong>occurrimus.</strong></span> <span class='ocrx_word' id='word_1_653' title='bbox 1846 4639 1968 4693; x_wconf 69' lang='lat' dir='ltr'><strong>lla-0</strong></span> <span class='ocrx_word' id='word_1_654' title='bbox 1991 4639 2130 4691; x_wconf 86' lang='lat' dir='ltr'><strong>enim</strong></span> <span class='ocrx_word' id='word_1_655' title='bbox 2148 4648 2233 4689; x_wconf 86' lang='lat' dir='ltr'><strong>est</strong></span> <span class='ocrx_word' id='word_1_656' title='bbox 2250 4636 2405 4688; x_wconf 84' lang='lat' dir='ltr'><strong>obse-</strong></span> 
     </span>
    </p>
   </div>
   <div class='ocr_carea' id='block_1_91' title="bbox 843 4724 2401 4809">
    <p class='ocr_par' dir='ltr' id='par_1_91' title="bbox 843 4724 2401 4809">
     <span class='ocr_line' id='line_1_91' title="bbox 843 4724 2401 4809; baseline -0.016 -8"><span class='ocrx_word' id='word_1_657' title='bbox 843 4747 1035 4809; x_wconf 88' lang='lat' dir='ltr'><strong>cratio,</strong></span> <span class='ocrx_word' id='word_1_658' title='bbox 1070 4757 1247 4797; x_wconf 89' lang='lat' dir='ltr'><strong>sermo</strong></span> <span class='ocrx_word' id='word_1_659' title='bbox 1282 4737 1737 4793; x_wconf 81' lang='lat' dir='ltr'><strong>mansuefaciens.</strong></span> <span class='ocrx_word' id='word_1_660' title='bbox 1784 4730 2070 4799; x_wconf 84' lang='lat' dir='ltr'><strong>Propterea</strong></span> <span class='ocrx_word' id='word_1_661' title='bbox 2111 4724 2401 4782; x_wconf 81' lang='lat' dir='ltr'><strong>Christiani</strong></span> 
     </span>
    </p>
   </div>
   <div class='ocr_carea' id='block_1_92' title="bbox 845 4820 2163 4899">
    <p class='ocr_par' dir='ltr' id='par_1_92' title="bbox 845 4820 2163 4899">
     <span class='ocr_line' id='line_1_92' title="bbox 845 4820 2163 4899; baseline -0.016 -7"><span class='ocrx_word' id='word_1_662' title='bbox 845 4840 1088 4892; x_wconf 78' lang='lat' dir='ltr'><strong>videntur</strong></span> <span class='ocrx_word' id='word_1_663' title='bbox 1117 4834 1289 4895; x_wconf 86' lang='lat' dir='ltr'><strong>stulti,</strong></span> <span class='ocrx_word' id='word_1_664' title='bbox 1315 4827 1745 4899; x_wconf 78' lang='lat' dir='ltr'><strong>quandoquidem</strong></span> <span class='ocrx_word' id='word_1_665' title='bbox 1792 4824 1904 4876; x_wconf 68' lang='lat' dir='ltr'><strong>hinc</strong></span> <span class='ocrx_word' id='word_1_666' title='bbox 1936 4820 2163 4873; x_wconf 74' lang='lat' dir='ltr'><strong>faciant.</strong></span> 
     </span>
    </p>
   </div>
   <div class='ocr_carea' id='block_1_93' title="bbox 948 4907 2405 4997">
    <p class='ocr_par' dir='ltr' id='par_1_93' title="bbox 948 4907 2405 4997">
     <span class='ocr_line' id='line_1_93' title="bbox 948 4907 2405 4997; baseline -0.017 -13"><span class='ocrx_word' id='word_1_667' title='bbox 948 4925 1104 4997; x_wconf 60' lang='grc'><strong>145</strong></span> <span class='ocrx_word' id='word_1_668' title='bbox 1151 4924 1315 4977; x_wconf 68' lang='lat' dir='ltr'><strong>Vsus.</strong></span> <span class='ocrx_word' id='word_1_669' title='bbox 1355 4922 1441 4975; x_wconf 77' lang='grc'><strong>15.</strong></span> <span class='ocrx_word' id='word_1_670' title='bbox 1483 4919 1794 4985; x_wconf 70' lang='lat' dir='ltr'><strong>«Tanquam</strong></span> <span class='ocrx_word' id='word_1_671' title='bbox 1825 4920 2173 4982; x_wconf 84' lang='lat' dir='ltr'><strong>purgamenta</strong></span> <span class='ocrx_word' id='word_1_672' title='bbox 2223 4907 2405 4962; x_wconf 87' lang='lat' dir='ltr'><strong>mundi</strong></span> 
     </span>
    </p>
   </div>
   <div class='ocr_carea' id='block_1_94' title="bbox 851 4999 2410 5079">
    <p class='ocr_par' dir='ltr' id='par_1_94' title="bbox 851 4999 2410 5079">
     <span class='ocr_line' id='line_1_94' title="bbox 851 4999 2410 5079; baseline -0.016 -3"><span class='ocrx_word' id='word_1_673' title='bbox 851 5022 980 5076; x_wconf 78' lang='lat' dir='ltr'><strong>facti</strong></span> <span class='ocrx_word' id='word_1_674' title='bbox 1007 5031 1218 5079; x_wconf 89' lang='lat' dir='ltr'><strong>sumus,</strong></span> <span class='ocrx_word' id='word_1_675' title='bbox 1250 5014 1487 5068; x_wconf 89' lang='lat' dir='ltr'><strong>omnium</strong></span> <span class='ocrx_word' id='word_1_676' title='bbox 1520 5009 1830 5079; x_wconf 85' lang='lat' dir='ltr'><strong>peripsema</strong></span> <span class='ocrx_word' id='word_1_677' title='bbox 1872 5003 2169 5069; x_wconf 89' lang='lat' dir='ltr'><strong>hucusque.</strong></span> <span class='ocrx_word' id='word_1_678' title='bbox 2208 5017 2225 5049; x_wconf 70' lang='grc' dir='ltr'><strong>ι</strong></span> <span class='ocrx_word' id='word_1_679' title='bbox 2274 4999 2410 5064; x_wconf 87' lang='lat' dir='ltr'><strong>Quid</strong></span> 
     </span>
    </p>
   </div>
   <div class='ocr_carea' id='block_1_95' title="bbox 848 5091 2405 5179">
    <p class='ocr_par' dir='ltr' id='par_1_95' title="bbox 848 5091 2405 5179">
     <span class='ocr_line' id='line_1_95' title="bbox 848 5091 2405 5179; baseline -0.014 -13"><span class='ocrx_word' id='word_1_680' title='bbox 848 5127 977 5169; x_wconf 64' lang='lat' dir='ltr'><strong>vero</strong></span> <span class='ocrx_word' id='word_1_681' title='bbox 1027 5117 1109 5166; x_wconf 84' lang='lat' dir='ltr'><strong>est</strong></span> <span class='ocrx_word' id='word_1_682' title='bbox 1154 5130 1170 5161; x_wconf 78' lang='grc' dir='ltr'><strong>ι</strong></span> <span class='ocrx_word' id='word_1_683' title='bbox 1208 5099 1660 5179; x_wconf 81' lang='lat' dir='ltr'><strong>purgamentum?</strong></span> <span class='ocrx_word' id='word_1_684' title='bbox 1704 5116 1723 5149; x_wconf 73' lang='grc' dir='ltr'><strong>ι</strong></span> <span class='ocrx_word' id='word_1_685' title='bbox 1779 5096 1978 5149; x_wconf 87' lang='lat' dir='ltr'><strong>Sordes</strong></span> <span class='ocrx_word' id='word_1_686' title='bbox 2020 5107 2137 5161; x_wconf 67' lang='lat' dir='ltr'><strong>qua:</strong></span> <span class='ocrx_word' id='word_1_687' title='bbox 2184 5091 2405 5159; x_wconf 85' lang='lat' dir='ltr'><strong>spOngia</strong></span> 
     </span>
    </p>
   </div>
   <div class='ocr_carea' id='block_1_96' title="bbox 854 5274 2422 5373">
    <p class='ocr_par' dir='ltr' id='par_1_96' title="bbox 854 5274 2422 5373">
     <span class='ocr_line' id='line_1_96' title="bbox 854 5274 2422 5373; baseline -0.019 -19"><span class='ocrx_word' id='word_1_688' title='bbox 854 5303 947 5373; x_wconf 83' lang='lat' dir='ltr'><strong>git,</strong></span> <span class='ocrx_word' id='word_1_689' title='bbox 999 5274 1350 5369; x_wconf 74' lang='lat' dir='ltr'><strong>purgamenta</strong></span> <span class='ocrx_word' id='word_1_690' title='bbox 1399 5291 1651 5342; x_wconf 88' lang='lat' dir='ltr'><strong>dicuntur</strong></span> <span class='ocrx_word' id='word_1_691' title='bbox 1687 5281 1875 5335; x_wconf 84' lang='lat' dir='ltr'><strong>sordes</strong></span> <span class='ocrx_word' id='word_1_692' title='bbox 1920 5278 2023 5331; x_wconf 74' lang='lat' dir='ltr'><strong>illa:</strong></span> <span class='ocrx_word' id='word_1_693' title='bbox 2065 5274 2422 5344; x_wconf 68' lang='lat' dir='ltr'><strong>qttzn&#39;abster-</strong></span> 
     </span>
    </p>
   </div>
   <div class='ocr_carea' id='block_1_97' title="bbox 856 5367 2418 5464">
    <p class='ocr_par' dir='ltr' id='par_1_97' title="bbox 856 5367 2418 5464">
     <span class='ocr_line' id='line_1_97' title="bbox 856 5367 2418 5464; baseline -0.018 -18"><span class='ocrx_word' id='word_1_694' title='bbox 856 5367 1071 5464; x_wconf 73' lang='lat' dir='ltr'><strong>guntur.</strong></span> <span class='ocrx_word' id='word_1_695' title='bbox 1134 5388 1201 5441; x_wconf 86' lang='lat' dir='ltr'><strong>Et</strong></span> <span class='ocrx_word' id='word_1_696' title='bbox 1258 5405 1275 5437; x_wconf 78' lang='grc' dir='ltr'><strong>ι</strong></span> <span class='ocrx_word' id='word_1_697' title='bbox 1320 5386 1619 5453; x_wconf 86' lang='lat' dir='ltr'><strong>peripsema</strong></span> <span class='ocrx_word' id='word_1_698' title='bbox 1673 5394 1692 5427; x_wconf 74' lang='grc' dir='ltr'><strong>ι</strong></span> <span class='ocrx_word' id='word_1_699' title='bbox 1752 5377 1889 5428; x_wconf 88' lang='lat' dir='ltr'><strong>idem</strong></span> <span class='ocrx_word' id='word_1_700' title='bbox 1949 5372 2239 5441; x_wconf 81' lang='lat' dir='ltr'><strong>signiﬁcat.</strong></span> <span class='ocrx_word' id='word_1_701' title='bbox 2287 5367 2418 5420; x_wconf 87' lang='lat' dir='ltr'><strong>Nam</strong></span> 
     </span>
    </p>
   </div>
   <div class='ocr_carea' id='block_1_98' title="bbox 857 5462 2421 5555">
    <p class='ocr_par' dir='ltr' id='par_1_98' title="bbox 857 5462 2421 5555">
     <span class='ocr_line' id='line_1_98' title="bbox 857 5462 2421 5555; baseline -0.018 -16"><span class='ocrx_word' id='word_1_702' title='bbox 857 5462 1093 5555; x_wconf 59' lang='grc' dir='ltr'><strong>⁹ξτεριὺᾆιν</strong></span> <span class='ocrx_word' id='word_1_703' title='bbox 1128 5489 1208 5533; x_wconf 75' lang='lat' dir='ltr'><strong>est</strong></span> <span class='ocrx_word' id='word_1_704' title='bbox 1262 5476 1425 5531; x_wconf 70' lang='lat' dir='ltr'><strong>veluti</strong></span> <span class='ocrx_word' id='word_1_705' title='bbox 1476 5469 1699 5540; x_wconf 86' lang='lat' dir='ltr'><strong>spongia</strong></span> <span class='ocrx_word' id='word_1_706' title='bbox 1748 5472 2073 5535; x_wconf 85' lang='lat' dir='ltr'><strong>abstergere.</strong></span> <span class='ocrx_word' id='word_1_707' title='bbox 2125 5462 2213 5515; x_wconf 83' lang='lat' dir='ltr'><strong>Ait</strong></span> <span class='ocrx_word' id='word_1_708' title='bbox 2255 5474 2421 5527; x_wconf 88' lang='lat' dir='ltr'><strong>ergo,</strong></span> 
     </span>
    </p>
   </div>
   <div class='ocr_carea' id='block_1_99' title="bbox 858 5552 2417 5643">
    <p class='ocr_par' dir='ltr' id='par_1_99' title="bbox 858 5552 2417 5643">
     <span class='ocr_line' id='line_1_99' title="bbox 858 5552 2417 5643; baseline -0.016 -14"><span class='ocrx_word' id='word_1_709' title='bbox 858 5579 967 5630; x_wconf 75' lang='lat' dir='ltr'><strong>Nos</strong></span> <span class='ocrx_word' id='word_1_710' title='bbox 1001 5552 1301 5643; x_wconf 80' lang='lat' dir='ltr'><strong>abjectione</strong></span> <span class='ocrx_word' id='word_1_711' title='bbox 1328 5580 1513 5621; x_wconf 90' lang='lat' dir='ltr'><strong>smnus</strong></span> <span class='ocrx_word' id='word_1_712' title='bbox 1552 5563 1718 5632; x_wconf 89' lang='lat' dir='ltr'><strong>digni,</strong></span> <span class='ocrx_word' id='word_1_713' title='bbox 1750 5574 1811 5613; x_wconf 89' lang='lat' dir='ltr'><strong>ac</strong></span> <span class='ocrx_word' id='word_1_714' title='bbox 1846 5558 2008 5613; x_wconf 80' lang='lat' dir='ltr'><strong>veluti</strong></span> <span class='ocrx_word' id='word_1_715' title='bbox 2033 5552 2417 5609; x_wconf 84' lang='lat' dir='ltr'><strong>abominationi</strong></span> 
     </span>
    </p>
   </div>
   <div class='ocr_carea' id='block_1_100' title="bbox 2505 4629 4073 4701">
    <p class='ocr_par' dir='ltr' id='par_1_100' title="bbox 2505 4629 4073 4701">
     <span class='ocr_line' id='line_1_100' title="bbox 2505 4629 4073 4701; baseline -0.003 -16"><span class='ocrx_word' id='word_1_716' title='bbox 2505 4636 2713 4694; x_wconf 86' lang='grc' dir='ltr'><strong>κτικοῖς</strong></span> <span class='ocrx_word' id='word_1_717' title='bbox 2765 4630 3122 4701; x_wconf 83' lang='grc' dir='ltr'><strong>ἁμειὸόμεθα.</strong></span> <span class='ocrx_word' id='word_1_718' title='bbox 3160 4630 3333 4682; x_wconf 88' lang='grc' dir='ltr'><strong>Τοῦτο</strong></span> <span class='ocrx_word' id='word_1_719' title='bbox 3384 4629 3488 4699; x_wconf 87' lang='grc' dir='ltr'><strong>γὰρ</strong></span> <span class='ocrx_word' id='word_1_720' title='bbox 3536 4632 3567 4697; x_wconf 81' lang='grc' dir='ltr'>ἡ</span> <span class='ocrx_word' id='word_1_721' title='bbox 3626 4631 3989 4697; x_wconf 79' lang='grc' dir='ltr'><strong>παράκλησις,</strong></span> <span class='ocrx_word' id='word_1_722' title='bbox 4042 4630 4073 4694; x_wconf 85' lang='grc' dir='ltr'><strong>ἡ</strong></span> 
     </span>
    </p>
   </div>
   <div class='ocr_carea' id='block_1_101' title="bbox 2502 4721 4068 4796">
    <p class='ocr_par' dir='ltr' id='par_1_101' title="bbox 2502 4721 4068 4796">
     <span class='ocr_line' id='line_1_101' title="bbox 2502 4721 4068 4796; baseline -0.008 -18"><span class='ocrx_word' id='word_1_723' title='bbox 2502 4728 2819 4796; x_wconf 70' lang='grc' dir='ltr'><strong>πραΰνουσα</strong></span> <span class='ocrx_word' id='word_1_724' title='bbox 2842 4724 3095 4788; x_wconf 77' lang='grc' dir='ltr'><strong>διάλεξις.</strong></span> <span class='ocrx_word' id='word_1_725' title='bbox 3120 4722 3216 4774; x_wconf 74' lang='grc' dir='ltr'><strong>Διὰ</strong></span> <span class='ocrx_word' id='word_1_726' title='bbox 3240 4721 3399 4774; x_wconf 88' lang='grc' dir='ltr'><strong>τοῦτο</strong></span> <span class='ocrx_word' id='word_1_727' title='bbox 3419 4723 3467 4774; x_wconf 89' lang='grc' dir='ltr'><strong>οἱ</strong></span> <span class='ocrx_word' id='word_1_728' title='bbox 3506 4723 3827 4792; x_wconf 72' lang='grc' dir='ltr'><strong>Χριστιανοὶ</strong></span> <span class='ocrx_word' id='word_1_729' title='bbox 3856 4722 4068 4776; x_wconf 65' lang='lat'><strong>507.053.,</strong></span> 
     </span>
    </p>
   </div>
   <div class='ocr_carea' id='block_1_102' title="bbox 2509 4813 3391 4889">
    <p class='ocr_par' dir='ltr' id='par_1_102' title="bbox 2509 4813 3391 4889">
     <span class='ocr_line' id='line_1_102' title="bbox 2509 4813 3391 4889; baseline -0.007 -20"><span class='ocrx_word' id='word_1_730' title='bbox 2509 4822 2700 4889; x_wconf 64' lang='grc' dir='ltr'><strong>μωροὶ,</strong></span> <span class='ocrx_word' id='word_1_731' title='bbox 2734 4820 2814 4871; x_wconf 84' lang='grc' dir='ltr'><strong>ὅτι</strong></span> <span class='ocrx_word' id='word_1_732' title='bbox 2845 4815 3017 4868; x_wconf 86' lang='grc' dir='ltr'><strong>ταῦτα</strong></span> <span class='ocrx_word' id='word_1_733' title='bbox 3057 4813 3299 4866; x_wconf 84' lang='grc' dir='ltr'><strong>ποιοῦσιν</strong></span> <span class='ocrx_word' id='word_1_734' title='bbox 3325 4814 3391 4869; x_wconf 74' lang='grc'><strong>⁸⁸,</strong></span> 
     </span>
    </p>
   </div>
   <div class='ocr_carea' id='block_1_103' title="bbox 2584 4904 4071 4979">
    <p class='ocr_par' dir='ltr' id='par_1_103' title="bbox 2584 4904 4071 4979">
     <span class='ocr_line' id='line_1_103' title="bbox 2584 4904 4071 4979; baseline -0.002 -17"><span class='ocrx_word' id='word_1_735' title='bbox 2584 4931 2602 4962; x_wconf 75' lang='grc' dir='ltr'>ι</span> <span class='ocrx_word' id='word_1_736' title='bbox 2655 4910 2742 4972; x_wconf 83' lang='grc' dir='ltr'><strong>Ὠς</strong></span> <span class='ocrx_word' id='word_1_737' title='bbox 2785 4907 3246 4979; x_wconf 83' lang='grc' dir='ltr'><strong>περικαθάρματα</strong></span> <span class='ocrx_word' id='word_1_738' title='bbox 3297 4904 3390 4958; x_wconf 84' lang='grc' dir='ltr'><strong>τοῦ</strong></span> <span class='ocrx_word' id='word_1_739' title='bbox 3438 4906 3646 4975; x_wconf 80' lang='grc' dir='ltr'><strong>κόσμου</strong></span> <span class='ocrx_word' id='word_1_740' title='bbox 3705 4908 4071 4977; x_wconf 76' lang='grc' dir='ltr'><strong>ἐγενήθημεν,</strong></span> 
     </span>
    </p>
   </div>
   <div class='ocr_carea' id='block_1_104' title="bbox 2517 4996 4069 5070">
    <p class='ocr_par' dir='ltr' id='par_1_104' title="bbox 2517 4996 4069 5070">
     <span class='ocr_line' id='line_1_104' title="bbox 2517 4996 4069 5070; baseline 0.001 -17"><span class='ocrx_word' id='word_1_741' title='bbox 2517 5003 2737 5055; x_wconf 71' lang='grc' dir='ltr'><strong>πάντων</strong></span> <span class='ocrx_word' id='word_1_742' title='bbox 2793 5000 3085 5070; x_wconf 74' lang='grc' dir='ltr'><strong>περίψημα</strong></span> <span class='ocrx_word' id='word_1_743' title='bbox 3132 4998 3235 5059; x_wconf 80' lang='grc' dir='ltr'><strong>ἓως</strong></span> <span class='ocrx_word' id='word_1_744' title='bbox 3274 4996 3422 5063; x_wconf 80' lang='grc' dir='ltr'><strong>ἄρτι.</strong></span> <span class='ocrx_word' id='word_1_745' title='bbox 3462 5014 3480 5047; x_wconf 74' lang='grc' dir='ltr'><strong>ι</strong></span> <span class='ocrx_word' id='word_1_746' title='bbox 3514 4998 3577 5048; x_wconf 93' lang='grc' dir='ltr'><strong>Τί</strong></span> <span class='ocrx_word' id='word_1_747' title='bbox 3606 5000 3722 5051; x_wconf 80' lang='grc' dir='ltr'><strong>ἐστι</strong></span> <span class='ocrx_word' id='word_1_748' title='bbox 3764 5000 3824 5052; x_wconf 86' lang='grc' dir='ltr'><strong>τὸ</strong></span> <span class='ocrx_word' id='word_1_749' title='bbox 3858 5004 4069 5069; x_wconf 75' lang='grc' dir='ltr'><strong>περικά-</strong></span> 
     </span>
    </p>
   </div>
   <div class='ocr_carea' id='block_1_105' title="bbox 2516 5087 4071 5161">
    <p class='ocr_par' dir='ltr' id='par_1_105' title="bbox 2516 5087 4071 5161">
     <span class='ocr_line' id='line_1_105' title="bbox 2516 5087 4071 5161; baseline -0.003 -15"><span class='ocrx_word' id='word_1_750' title='bbox 2516 5093 2735 5161; x_wconf 86' lang='grc' dir='ltr'><strong>θαρμα;</strong></span> <span class='ocrx_word' id='word_1_751' title='bbox 2794 5090 2867 5141; x_wconf 82' lang='grc' dir='ltr'><strong>Τὸ</strong></span> <span class='ocrx_word' id='word_1_752' title='bbox 2922 5090 3214 5158; x_wconf 85' lang='grc' dir='ltr'><strong>λεγόμενον</strong></span> <span class='ocrx_word' id='word_1_753' title='bbox 3265 5087 3715 5157; x_wconf 82' lang='grc' dir='ltr'><strong>ἀποσπόγγισμα.</strong></span> <span class='ocrx_word' id='word_1_754' title='bbox 3747 5091 3918 5142; x_wconf 82' lang='grc' dir='ltr'><strong>’Ὅταν</strong></span> <span class='ocrx_word' id='word_1_755' title='bbox 3976 5098 4071 5159; x_wconf 62' lang='grc' dir='ltr'><strong>τερ</strong></span> 
     </span>
    </p>
   </div>
   <div class='ocr_carea' id='block_1_106' title="bbox 2526 5181 4072 5251">
    <p class='ocr_par' dir='ltr' id='par_1_106' title="bbox 2526 5181 4072 5251">
     <span class='ocr_line' id='line_1_106' title="bbox 2526 5181 4072 5251; baseline 0 -18"><span class='ocrx_word' id='word_1_756' title='bbox 2526 5184 2770 5251; x_wconf 75' lang='grc' dir='ltr'><strong>ῥυπαρόν</strong></span> <span class='ocrx_word' id='word_1_757' title='bbox 2810 5199 2860 5234; x_wconf 90' lang='grc' dir='ltr'><strong>τι</strong></span> <span class='ocrx_word' id='word_1_758' title='bbox 2894 5181 3275 5250; x_wconf 80' lang='grc' dir='ltr'><strong>ἁποσπογγίσῃ</strong></span> <span class='ocrx_word' id='word_1_759' title='bbox 3306 5198 3409 5243; x_wconf 87' lang='grc' dir='ltr'><strong>τις,</strong></span> <span class='ocrx_word' id='word_1_760' title='bbox 3441 5182 3834 5250; x_wconf 79' lang='grc' dir='ltr'><strong>περικάθαρμα</strong></span> <span class='ocrx_word' id='word_1_761' title='bbox 3868 5183 4072 5249; x_wconf 66' lang='grc' dir='ltr'><strong>λέγεται</strong></span> 
     </span>
    </p>
   </div>
   <div class='ocr_carea' id='block_1_107' title="bbox 2518 5271 4073 5340">
    <p class='ocr_par' dir='ltr' id='par_1_107' title="bbox 2518 5271 4073 5340">
     <span class='ocr_line' id='line_1_107' title="bbox 2518 5271 4073 5340; baseline -0.001 -15"><span class='ocrx_word' id='word_1_762' title='bbox 2518 5279 2580 5325; x_wconf 79' lang='grc' dir='ltr'><strong>τὸ</strong></span> <span class='ocrx_word' id='word_1_763' title='bbox 2612 5272 3042 5340; x_wconf 75' lang='grc' dir='ltr'><strong>ἀποσπόγγισμα</strong></span> <span class='ocrx_word' id='word_1_764' title='bbox 3078 5272 3274 5322; x_wconf 80' lang='grc' dir='ltr'><strong>ἐκεῖνο.</strong></span> <span class='ocrx_word' id='word_1_765' title='bbox 3325 5271 3434 5323; x_wconf 83' lang='lat' dir='ltr'><strong>Kal</strong></span> <span class='ocrx_word' id='word_1_766' title='bbox 3484 5271 3544 5323; x_wconf 84' lang='grc' dir='ltr'><strong>τὸ</strong></span> <span class='ocrx_word' id='word_1_767' title='bbox 3588 5272 3878 5339; x_wconf 61' lang='grc' dir='ltr'><strong>περίψημα</strong></span> <span class='ocrx_word' id='word_1_768' title='bbox 3921 5273 3973 5322; x_wconf 77' lang='grc' dir='ltr'><strong>δὲ</strong></span> <span class='ocrx_word' id='word_1_769' title='bbox 4022 5274 4073 5324; x_wconf 84' lang='grc' dir='ltr'><strong>τὸ</strong></span> 
     </span>
    </p>
   </div>
   <div class='ocr_carea' id='block_1_108' title="bbox 2517 5362 4069 5433">
    <p class='ocr_par' dir='ltr' id='par_1_108' title="bbox 2517 5362 4069 5433">
     <span class='ocr_line' id='line_1_108' title="bbox 2517 5362 4069 5433; baseline -0.003 -14"><span class='ocrx_word' id='word_1_770' title='bbox 2517 5366 2647 5419; x_wconf 68' lang='grc' dir='ltr'><strong>αὐτὸ</strong></span> <span class='ocrx_word' id='word_1_771' title='bbox 2670 5364 2838 5433; x_wconf 78' lang='grc' dir='ltr'><strong>δηλοῖ.</strong></span> <span class='ocrx_word' id='word_1_772' title='bbox 2875 5362 3117 5433; x_wconf 61' lang='grc' dir='ltr'><strong>Περιψᾷν</strong></span> <span class='ocrx_word' id='word_1_773' title='bbox 3143 5362 3251 5433; x_wconf 78' lang='grc' dir='ltr'><strong>γὰρ</strong></span> <span class='ocrx_word' id='word_1_774' title='bbox 3275 5362 3493 5430; x_wconf 75' lang='grc' dir='ltr'><strong>λέγεται</strong></span> <span class='ocrx_word' id='word_1_775' title='bbox 3527 5362 3585 5415; x_wconf 75' lang='grc' dir='ltr'><strong>τὸ</strong></span> <span class='ocrx_word' id='word_1_776' title='bbox 3610 5364 4069 5431; x_wconf 78' lang='grc' dir='ltr'><strong>περισπογγίζειν.</strong></span> 
     </span>
    </p>
   </div>
   <div class='ocr_carea' id='block_1_109' title="bbox 2517 5452 4073 5525">
    <p class='ocr_par' dir='ltr' id='par_1_109' title="bbox 2517 5452 4073 5525">
     <span class='ocr_line' id='line_1_109' title="bbox 2517 5452 4073 5525; baseline 0.001 -18"><span class='ocrx_word' id='word_1_777' title='bbox 2517 5457 2683 5525; x_wconf 73' lang='grc' dir='ltr'><strong>ιιιησὶν</strong></span> <span class='ocrx_word' id='word_1_778' title='bbox 2708 5453 2821 5516; x_wconf 75' lang='grc' dir='ltr'><strong>οὖν,</strong></span> <span class='ocrx_word' id='word_1_779' title='bbox 2855 5455 2936 5507; x_wconf 87' lang='grc' dir='ltr'><strong>ὅτι</strong></span> <span class='ocrx_word' id='word_1_780' title='bbox 2970 5453 3074 5505; x_wconf 89' lang='grc' dir='ltr'><strong>Τοῦ</strong></span> <span class='ocrx_word' id='word_1_781' title='bbox 3115 5452 3546 5524; x_wconf 79' lang='grc' dir='ltr'><strong>ἀπορῤίπτεσθαί</strong></span> <span class='ocrx_word' id='word_1_782' title='bbox 3588 5454 3756 5523; x_wconf 85' lang='grc' dir='ltr'><strong>ἐσμεν</strong></span> <span class='ocrx_word' id='word_1_783' title='bbox 3789 5456 3957 5519; x_wconf 78' lang='grc' dir='ltr'><strong>ἄξιοι,</strong></span> <span class='ocrx_word' id='word_1_784' title='bbox 3990 5459 4073 5508; x_wconf 72' lang='grc' dir='ltr'><strong>καὶ</strong></span> 
     </span>
    </p>
   </div>
   <div class='ocr_carea' id='block_1_110' title="bbox 2522 5546 4072 5618">
    <p class='ocr_par' dir='ltr' id='par_1_110' title="bbox 2522 5546 4072 5618">
     <span class='ocr_line' id='line_1_110' title="bbox 2522 5546 4072 5618; baseline 0.001 -19"><span class='ocrx_word' id='word_1_785' title='bbox 2522 5549 2595 5612; x_wconf 82' lang='grc' dir='ltr'><strong>ὡς</strong></span> <span class='ocrx_word' id='word_1_786' title='bbox 2638 5547 2915 5618; x_wconf 78' lang='grc' dir='ltr'><strong>βδέλυγμα</strong></span> <span class='ocrx_word' id='word_1_787' title='bbox 2956 5546 3291 5613; x_wconf 74' lang='grc' dir='ltr'><strong>λογίζεσθαι,</strong></span> <span class='ocrx_word' id='word_1_788' title='bbox 3354 5547 3453 5617; x_wconf 77' lang='grc' dir='ltr'><strong>οὑχ</strong></span> <span class='ocrx_word' id='word_1_789' title='bbox 3503 5547 3631 5615; x_wconf 87' lang='grc' dir='ltr'><strong>ὑμῖν</strong></span> <span class='ocrx_word' id='word_1_790' title='bbox 3685 5548 3888 5616; x_wconf 69' lang='grc' dir='ltr'><strong>μόνοις,</strong></span> <span class='ocrx_word' id='word_1_791' title='bbox 3952 5549 4072 5601; x_wconf 59' lang='grc' dir='ltr'><strong>ἀλλὰ</strong></span> 
     </span>
    </p>
   </div>
   <div class='ocr_carea' id='block_1_111' title="bbox 2166 5687 2741 5749">
    <p class='ocr_par' dir='ltr' id='par_1_111' title="bbox 2166 5687 2741 5749">
     <span class='ocr_line' id='line_1_111' title="bbox 2166 5687 2741 5749; baseline -0.007 0"><span class='ocrx_word' id='word_1_792' title='bbox 2166 5689 2362 5749; x_wconf 71' lang='lat' dir='ltr'><strong>Varia:</strong></span> <span class='ocrx_word' id='word_1_793' title='bbox 2412 5687 2741 5749; x_wconf 84' lang='lat' dir='ltr'><strong>lectiones.</strong></span> 
     </span>
    </p>
   </div>
   <div class='ocr_carea' id='block_1_112' title="bbox 926 5818 2033 5903">
    <p class='ocr_par' dir='ltr' id='par_1_112' title="bbox 926 5818 2033 5903">
     <span class='ocr_line' id='line_1_112' title="bbox 926 5818 2033 5903; baseline -0.017 -17"><span class='ocrx_word' id='word_1_794' title='bbox 926 5836 1201 5903; x_wconf 65' lang='grc' dir='ltr'><strong>11λεϊρι-,κςν</strong></span> <span class='ocrx_word' id='word_1_795' title='bbox 1230 5843 1281 5883; x_wconf 91' lang='lat' dir='ltr'><strong>o.</strong></span> <span class='ocrx_word' id='word_1_796' title='bbox 1358 5824 1401 5856; x_wconf 75' lang='lat'>“</span> <span class='ocrx_word' id='word_1_797' title='bbox 1437 5821 1590 5882; x_wconf 73' lang='grc' dir='ltr'><strong>ἰδίαις</strong></span> <span class='ocrx_word' id='word_1_798' title='bbox 1631 5834 1682 5873; x_wconf 93' lang='lat'><strong>0.</strong></span> <span class='ocrx_word' id='word_1_799' title='bbox 1755 5818 1798 5850; x_wconf 84' lang='grc'><em>⁸⁵</em></span> <span class='ocrx_word' id='word_1_800' title='bbox 1840 5832 1953 5877; x_wconf 81' lang='grc' dir='ltr'><strong>πως</strong></span> <span class='ocrx_word' id='word_1_801' title='bbox 1982 5829 2033 5869; x_wconf 90' lang='lat'><strong>0.</strong></span> 
     </span>
    </p>
   </div>
   <div class='ocr_carea' id='block_1_113' title="bbox 2111 5803 3169 5872">
    <p class='ocr_par' dir='ltr' id='par_1_113' title="bbox 2111 5803 3169 5872">
     <span class='ocr_line' id='line_1_113' title="bbox 2111 5803 3169 5872; baseline -0.008 -8"><span class='ocrx_word' id='word_1_802' title='bbox 2111 5812 2153 5843; x_wconf 76' lang='lat'>“</span> <span class='ocrx_word' id='word_1_803' title='bbox 2182 5811 2263 5863; x_wconf 73' lang='grc' dir='ltr'><strong>ὅτι</strong></span> <span class='ocrx_word' id='word_1_804' title='bbox 2298 5810 2474 5863; x_wconf 84' lang='grc' dir='ltr'><strong>πάντα</strong></span> <span class='ocrx_word' id='word_1_805' title='bbox 2497 5807 2708 5862; x_wconf 73' lang='grc' dir='ltr'><strong>ποιοῦσι</strong></span> <span class='ocrx_word' id='word_1_806' title='bbox 2760 5806 2827 5859; x_wconf 68' lang='grc' dir='ltr'><strong>τὰ</strong></span> <span class='ocrx_word' id='word_1_807' title='bbox 2867 5803 3089 5872; x_wconf 84' lang='grc' dir='ltr'><strong>τοιαῦτα</strong></span> <span class='ocrx_word' id='word_1_808' title='bbox 3118 5820 3169 5860; x_wconf 93' lang='lat' dir='ltr'><strong>o.</strong></span> 
     </span>
    </p>
   </div>
  </div>
