4272 6448
265 385 369 451 617

1082 367 1488 433 EXPOSITIO
1531 364 1612 426 ΙΝ
1653 364 1893 425 EPIST.
1934 363 2084 421 [AD
2132 359 2298 420 COR.
2326 384 2390 394 -
2416 359 2572 418 CAP.
2616 355 2686 414 IV

3395 346 3498 411 GIS

271 496 434 554 παντὶ
461 493 538 562 τῷ
562 491 772 561 κόσμῳ,
800 487 894 542 καὶ
922 485 1088 540 πᾶσιν
1119 482 1430 554 ἀνθρώποις
1459 496 1470 509 ·
1493 481 1585 531 καὶ
1611 479 1708 546 οἰχ
1736 477 1833 527 ἕνα
1866 490 1904 538 Α
1941 474 2194 532 habendi,
2226 487 2327 522 non
2366 471 2538 562 solum
2569 466 2686 521 vohi

1887 492 1904 538 ι
1941 474 2194 532 habendi,
2226 487 2327 522 non
2366 471 2538 521 solum
2569 466 2747 530 vobis,
2775 477 2959 517 verum
2983 463 3143 516 etiam
3177 461 3270 514 toti
3306 468 3501 513 ntnndo

270 588 486 658 καιρὸν,
547 583 796 643 ἀλλ’ῑως
834 578 982 648 ἄρτι.
1025 575 1170 646 Ὅρα
1221 575 1278 628 δὲ
1331 573 1517 624 ὁποῖον
1570 565 1711 622 εἶναι
1756 569 1837 658 δεῖ

267 656 384 732 τὸν
419 672 770 747 Χριστιανὸν,
818 671 916 723 καὶ
972 668 1053 721 ὃτι
1103 664 1286 720 ἀθλεῖν
1331 660 1541 731 ὀφείλει
1599 656 1832 727 ἄχριτέ-

267 770 415 832 λσυς.

346 965 366 999 ι
401 945 518 999 Οὐκ
554 941 831 1013 ἐντρέπων
856 938 1002 1008 ὑμᾶς
1043 932 1216 986 ταῦτα
1238 931 1456 1001 γράςρω,
1490 926 1603 978 ἀλλ’
1647 924 1719 986 ὡς
1754 923 1838 974 τὲ-

269 1055 372 1090 κνα
435 1053 538 1105 μου
587 1031 848 1101 ἀγαπητά
867 1029 912 1060 ⁸⁷
946 1023 1229 1079 νουθετῶν.
1265 1041 1281 1073 ι
1339 1022 1413 1073 Οὐ
1461 1018 1836 1085 καταισχύνων

272 1138 438 1205 ὑμᾶς,
464 1133 646 1202 φησὶν,
670 1128 790 1182 οὐδὲ
825 1126 1042 1194 πονηρᾷ
1066 1124 1161 1176 καὶ
1187 1119 1423 1189 μισούσῃ
1445 1115 1636 1186 γνώμῃ
1668 1115 1839 1169 ταῦτα

271 1229 434 1294 λέγω,
463 1225 579 1280 ἀλλ’
605 1222 680 1284 ὡς
728 1219 894 1272 τέκνα
920 1235 932 1248 ο
966 1216 1060 1268 καὶ
1115 1213 1214 1282 οὐχ
1258 1211 1442 1272 ἁπλῶς
1471 1210 1658 1271 τέκνα,
1705 1206 1842 1259 ὀλλά

269 1316 558 1386 ἀγαπητά.
619 1309 910 1380 Σύγγνωτέ
972 1321 1062 1373 μοι
1118 1304 1170 1356 εἰ
1196 1319 1249 1354 τι
1281 1301 1377 1355 καὶ
1402 1300 1659 1368 φορτικὸν
1688 1297 1840 1386 εἴρη-

268 1385 391 1462 ται·
425 1407 483 1473 ἐξ
519 1405 737 1472 ἀγάπης
769 1401 877 1470 γὰρ
927 1397 1098 1452 ταῦτα
1141 1396 1369 1462 γίνεται.
1398 1395 1508 1444 Καὶ
1533 1393 1634 1443 οὒκ
1665 1385 1838 1450 εἶπεν,

279 1499 571 1568 Ἐπιτιμῶ,
606 1495 761 1557 ἀλλά,
799 1511 816 1543 ι
860 1488 1111 1544 Νουθετῶ
1127 1487 1194 1542 ⁸³⁸.
1224 1505 1242 1536 ι
1288 1485 1382 1546 Τίς
1407 1484 1462 1534 δὲ
1491 1484 1589 1534 οὐκ
1610 1482 1674 1534 ἂν
1708 1482 1838 1534 ανά-

271 1604 455 1656 σχοιτο
481 1583 684 1651 πατρὸς
714 1578 1088 1637 νουθετοῦντος
1118 1592 1132 1640 ;

365 1678 492 1730 Ἐἀν
521 1676 629 1744 γὰρ
661 1671 888 1743 μυρίους
917 1666 1298 1735 παιδαγωγοὺς
1319 1665 1479 1735 ἔχητε
1508 1665 1564 1715 ἐν
1593 1661 1836 1732 Χριστῷ,

269 1770 385 1824 ἀλλ’
426 1770 486 1822 οὐ
548 1764 775 1825 πολλοὺς
832 1762 1096 1830 πατέρας.
1140 1777 1158 1810 ι
1210 1759 1274 1811 Τί
1317 1753 1431 1817 οὖν,
1475 1757 1636 1825 φασίν
1663 1756 1743 1816 ⁶¹;
1791 1753 1841 1803 οί

1938 573 1993 616 et
2032 563 2240 616 cunctis
2278 560 2631 614 mortalibus:
2670 572 2766 610 nec
2793 569 2903 608 uno
2928 554 3196 607 duntaxat
3227 564 3503 617 tempore;

1937 655 2031 709 sed
2054 654 2118 706 ad
2151 653 2291 707 hanc
2318 667 2490 722 usque
2511 651 2718 704 horam.
2753 647 2993 704 Observa
3025 647 3112 701 hic
3138 646 3349 712 qualem
3382 657 3506 697 esse

1939 754 2185 813 oporteat
2240 745 2634 805 Christianum,
2693 743 2940 811 quodque
2990 739 3057 794 ad
3119 737 3279 792 ﬁnem
3336 749 3507 808 usque

1939 847 2085 894 certa
2095 855 2150 892 re
2183 839 2395 892 debeat.

2010 932 2174 986 Vens.
2217 932 2299 983 H.
2343 948 2361 980 ι
2405 929 2520 983 Non
2555 937 2613 982 ιιι
2640 943 2736 982 vos
2764 925 3259 995 pudefaciam,h:ec
3289 924 3505 986 scribo;

1941 1027 2033 1080 sed
2069 1037 2126 1078 ut
2158 1024 2296 1076 lilios
2322 1039 2469 1078 meos
2499 1024 2834 1076 clarissimos
2875 1035 3092 1075 moneo.
3133 1037 3150 1070 ι
3189 1019 3303 1072 Non
3339 1020 3508 1087 pude-

1943 1117 2147 1171 faciens
2176 1137 2194 1168 ι
2230 1133 2328 1172 vos
2357 1135 2374 1168 ι
2412 1118 2604 1184 inquit,
2635 1130 2812 1184 neque
2843 1130 3005 1180 prava
3038 1124 3094 1166 et
3118 1114 3298 1166 invida
3331 1123 3507 1165 mente

1945 1209 2047 1263 hoc
2078 1212 2220 1271 dico,
2278 1223 2536 1264 caeterum
2587 1227 2605 1259 ι
2646 1218 2707 1262 ιιι
2761 1209 2937 1260 filios:
2975 1226 2993 1256 ι
3045 1223 3142 1259 net:
3196 1205 3510 1272 simpliciter

1945 1302 2104 1363 ﬁlios,
2137 1304 2229 1356 sed
2258 1303 2503 1356 dilectos.
2532 1299 2796 1371 Ignoscite
2827 1301 2958 1354 mihi
2990 1301 3032 1354 si
3062 1301 3189 1367 quid
3223 1303 3508 1354 molestum

1944 1409 1970 1446 a
2017 1409 2100 1449 me
2134 1394 2336 1448 dictum
2363 1396 2450 1448 sit.
2491 1393 2614 1448 Haec
2634 1396 2775 1447 enim
2807 1410 2871 1448 ex
2905 1408 3090 1446 amore
3125 1394 3274 1445 lium.
3309 1391 3374 1446 Et
3403 1407 3511 1445 non

1942 1488 2098 1548 dixit,
2155 1487 2392 1554 increpo,
2448 1485 2561 1550 sed,
2602 1504 2619 1536 ι
2661 1489 2874 1541 Moneo.
2928 1504 2944 1536 ι
2983 1485 3115 1551 Quis
3170 1499 3294 1538 vero
3331 1485 3516 1538 adma--

1945 1589 2159 1632 rientem
2200 1590 2406 1647 patrem
2439 1594 2546 1631 non
2579 1579 2878 1631 sustineat?

2015 1669 2179 1722 Vens.
2219 1670 2302 1722 15.
2343 1688 2360 1720 ι
2403 1669 2535 1723 Nam
2577 1671 2624 1723 si
2661 1671 2846 1723 decem
2893 1669 3062 1722 millia
3097 1670 3514 1738 paedagogorum

1947 1760 2192 1814 habeatis
2224 1761 2275 1812 in
2304 1760 2546 1822 Christo,
2578 1763 2670 1815 sed
2701 1776 2806 1814 non
2848 1762 3046 1814 multos
3080 1770 3281 1826 patres.
3321 1779 3339 1811 ι
3376 1760 3514 1825 Quid

268 1864 419 1916 ἄλλοι
478 1860 576 1911 οὐκ
622 1853 910 1923 ἀγαπῶσιν
970 1853 1155 1922 ὴμᾶςς
1209 1851 1320 1920 οὐχ
1352 1847 1516 1910 οὕτω,
1549 1847 1735 1914 φησὶν,
1767 1843 1841 1906 ῶς
1876 1845 1916 1900 Β
1947 1850 2130 1918 igitur,
2167 1849 2463 1920 inquiunt?
2495 1865 2601 1904 non
2631 1851 2684 1902 di

1887 1846 1916 1900 Β
1947 1850 2130 1918 igitur,
2167 1849 2463 1920 inquiunt?
2495 1865 2601 1904 non
2631 1851 2862 1919 diligunt
2911 1864 3008 1904 nos
3049 1850 3180 1904 alii?
3222 1849 3338 1904 Non
3368 1865 3510 1914 eam,

271 1953 405 2018 ἐγώ.
454 1948 682 2002 Ἐκεῖνοι
719 1947 818 2016 μὲν
854 1943 962 2013 γὰρ
993 1940 1333 2008 παιδαγωγοί
1359 1956 1372 1969 ο
1404 1937 1516 2007 ἐγὼ
1543 1937 1599 1989 δὲ
1633 1936 1837 2004 πατήρ.

272 2046 485 2112 Ὠσπερ
515 2040 608 2094 οὖν
640 2037 864 2093 ἐπὶτῶν
896 2035 1122 2099 παίδων,
1156 2037 1184 2086 ὁ
1221 2032 1322 2100 μὲν
1368 2029 1551 2099 πατὴρ
1576 2023 1679 2090 εἷς,
1712 2029 1761 2080 οί
1783 2029 1841 2080 δὲ

271 2136 614 2204 παιδαγωγοὶ
644 2133 806 2202 τυχὸν
858 2128 1044 2182 πολλοί
1066 2127 1110 2158 ⁸⁸
1139 2141 1152 2155 ⁸
1191 2124 1326 2193 πρὸς
1383 2122 1437 2176 δὲ
1483 2123 1542 2174 τὸ
1579 2121 1672 2173 τοῦ
1723 2120 1841 2183 ἑνὸς

269 2231 518 2298 φίλτρον,
547 2226 642 2280 τοῦ
680 2225 910 2293 πατρὸς,
946 2220 1112 2292 φημὶ,
1141 2217 1320 2287 πολλῷ
1370 2215 1616 2269 λείπεται
1657 2217 1688 2281 ὴ
1726 2214 1836 2264 διά-

270 2323 422 2385 θεσις
458 2319 639 2374 αὐτῶν
660 2333 672 2348 ·
705 2316 848 2371 οὕτω
900 2316 998 2367 καὶ
1028 2315 1113 2383 ἐφ’
1143 2312 1322 2383 ἡμῶν⁹
1361 2309 1546 2378 φησίν.
1579 2309 1721 2375 Ὅρα
1760 2305 1839 2367 δὲ,

272 2415 392 2478 πῶς
435 2414 529 2467 καὶ
569 2413 651 2473 τὸ,
680 2429 697 2462 ι
749 2409 838 2463 Ἐν
893 2405 1132 2477 Χριστῷ,
1185 2423 1203 2456 ι
1249 2401 1588 2473 προσέθηκεν
1620 2397 1841 2451 ἐπὶτῶν

272 2503 662 2573 παιδαγωγῶν,
696 2504 784 2556 ἵνα
820 2499 894 2570 μὴ
922 2499 1097 2567 πάντη
1125 2495 1303 2566 πλήξῃ
1323 2494 1523 2555 αὐτούς
1547 2509 1559 2522 '
1579 2491 1716 2545 ἀλλά
1750 2491 1844 2544 καὶ

270 2599 332 2652 τδ
359 2596 760 2666 ἐπιπονώτερον
792 2593 890 2662 μὲν
942 2588 1172 2650 ἐκείνοις
1201 2587 1406 2640 δέδωκε
1442 2583 1706 2654 (τοιοῦτον
1736 2583 1843 2650 γὰρ

269 2694 300 2744 ὁ
329 2688 727 2756 παιδαγωγδ;),
757 2685 858 2756 τὴν
892 2682 949 2736 δι
983 2681 1083 2750 τῆς
1120 2679 1340 2748 ἀγάπης
1380 2677 1691 2747 ὑπερίολὴν
1720 2676 1846 2725 ἑαυ-

268 2784 350 2854 τῷ
378 2780 766 2850 ἐταμιεύσατο.

352 2893 370 2925 ι
419 2873 509 2925 Ἐν
560 2874 669 2941 γάρ
723 2868 944 2940 Χριστῷ
985 2865 1162 2935 Ἰησοῦ
1222 2864 1311 2916 διά
1365 2861 1461 2915 τοῦ
1509 2859 1842 2928 Εὐαγγελίου

277 2964 392 3034 ἐγὼ
433 2964 577 3032 ὑμᾶς
612 2961 904 3031 ἀγέννησα.
945 2978 964 3010 a
997 2954 1470 3018 Κατασκευὰζων,
1507 2954 1566 3005 πί
1603 2970 1623 3011 ς
1664 2955 1846 3020 πατήρ

276 3061 420 3123 ἔστι,
456 3056 645 3124 (φησιν,
678 3054 760 3105 ὅτι
800 3051 889 3105 Ἐν
941 3052 1007 3121 τῇ
1040 3049 1134 3104 τοῦ
1189 3046 1430 3119 Χριστοῦ
1478 3044 1701 3115 βοηθείᾳ
1735 3041 1846 3108 ἐγὼ

274 3151 423 3219 ὑμᾶς
456 3147 724 3216 ἐγέννησα
745 3144 832 3198 διὰ
859 3143 954 3196 τοῦ
995 3141 1350 3210 Εὑαγγιλίου.
1377 3138 1455 3191 Οὐ
1488 3139 1619 3206 γάρ,
1656 3135 1846 3204 ὥσπερ

272 3242 326 3292 οἱ
362 3238 550 3292 πολλοὶ
584 3237 714 3307 παρ’
740 3235 890 3304 ὑμῖν,
924 3231 1148 3301 ἐμαυτῷ
1173 3229 1459 3297 λογίζομαι
1488 3228 1549 3279 τὸ
1586 3227 1843 3295 πρᾶγμα,

275 3333 416 3386 ἁ).λά
477 3332 555 3401 τῷ
599 3327 838 3398 Χριστῷ.
896 3326 1011 3379 Οὐκ
1059 3320 1182 3378 εἷπε
1227 3322 1322 3386 δὲ,
1368 3319 1635 3382 Ἐδίδαξα,
1686 3318 1842 3380 ἀλλά,

281 3447 300 3477 ι
337 3425 652 3494 Ἑγέννησα⁹
677 3441 694 3475 ι
728 3419 808 3489 τῷ
833 3421 934 3490 τῆς
975 3418 1188 3486 φύσεως
1217 3416 1443 3483 ὀνόματι
1493 3412 1589 3481 τὴν
1627 3413 1844 3480 ἀγάπην

277 3517 654 3579 ἐπιδεικνύων,
685 3516 777 3567 καὶ
797 3515 876 3565 ὃτι
901 3511 1220 3565 οἰκειότατοι
1251 3510 1341 3560 καὶ
1359 3506 1718 3577 γνησιώτατος
1750 3506 1848 3556 αὑ-

277 3611 374 3664 τοῦ
416 3608 655 3678 μαθηταὶ
699 3600 846 3659 οὗτοί
902 3604 1062 3667 είσιν,
1111 3603 1186 3665 ὡς
1237 3597 1515 3668 πανταχοῦ
1557 3599 1657 3667 τῆς
1695 3597 1844 3650 Ἐπιο

282 3703 482 3770 στολῆς
517 3700 687 3769 δηλοῖ.

358 3812 376 3846 ι
415 3793 728 3862 Παρακαλῶ
752 3786 845 3843 οὖν
882 3790 1048 3859 ὑμᾶς,
1106 3786 1341 3858 μιμηταί
1401 3804 1502 3857 μου
1551 3787 1785 3855 γίνεσθε.
1824 3805 1842 3837 ι

275 3883 632 3954 Μιμήσασθε,
662 3882 851 3951 φησιν,
879 3882 938 3933 ὲν
965 3882 1138 3932 πᾶσιν
1182 3879 1304 3948 ἐμὲ,
1337 3881 1474 3948 μήτε
1532 3879 1623 3930 ἐπὶ
1664 3879 1845 3947 σοφία,

280 3979 424 4045 μήτε
470 3975 563 4026 ἐπὶ
627 3972 844 4041 πλούτῳ
882 3971 1259 4039 ιπαιρόμενοι,
1319 3972 1456 4039 μήτε
1521 3971 1656 4036 πρὸς
1711 3971 1840 4031 τοὺς

277 4067 544 4135 ἀδελφοὺς
575 4065 915 4132 διιστάμενοι
937 4078 952 4091 ⁸
974 4063 1110 4114 ἀλλά
1133 4063 1226 4114 καὶ
1258 4063 1449 4129 σοφίαν
1477 4063 1574 4113 καὶ
1601 4061 1849 4124 πλοῦτον,

277 4159 378 4229 τὴν
411 4159 547 4228 πρδς
592 4156 827 4226 Χριστὸν
884 4155 978 4207 καὶ
1025 4155 1290 4222 ἀδελφοὺς
1344 4153 1567 4222 ἀγάπην
1626 4153 1849 4216 είδότες.

277 4251 424 4319 Ὅρα
456 4249 512 4300 δὲ
541 4248 847 4316 σπλάγχνα.
877 4245 995 4309 πῶς
1044 4245 1377 4315 παρακαλεῖ,
1412 4246 1511 4298 οὐκ
1544 4247 1848 4298 ἐπιτάσσει.

277 4342 541 4410 Μεγάλης
567 4340 624 4393 δι
682 4337 997 4409 παρρησίας
1045 4339 1140 4389 καὶ
1197 4337 1258 4389 τὸ
1293 4337 1485 4390 ἑαυτὸν
1542 4339 1851 4407 ἀρχέτυπον

282 4431 621 4501 προτιθέναι.

362 4719 380 4749 ι
423 4701 521 4753 Διά
566 4698 727 4752 τοῦτο
783 4699 1008 4769 επεμψα
1055 4701 1186 4770 ὑμῖν
1225 4699 1508 4769 Τιμόθεον,
1536 4700 1594 4763 ὃς
1619 4702 1734 4753 ἐστι
1761 4701 1851 4752 τέ-

281 4813 408 4848 κνον
445 4811 545 4865 μου
569 4793 874 4862 ἀγαπητόν.
910 4811 928 4845 ι
958 4792 1128 4856 Διότι,
1153 4793 1310 4862 φησι,
1333 4793 1569 4862 κήδομαι
1604 4793 1756 4861 ὑμῶν
1779 4793 1853 4856 ὡς

1947 1941 2141 2009 inquit,
2176 1948 2242 1996 ad
2280 1943 2542 1996 rationem
2571 1957 2675 2008 qua
2710 1957 2834 2010 ego.
2885 1940 2962 1994 Illi
2987 1958 3214 2010 namque
3240 1945 3514 2013 pedagogi

1946 2044 2091 2098 sunt,
2115 2048 2214 2102 ego
2238 2048 2366 2088 vero
2390 2044 2563 2101 pater.
2583 2034 3044 2098 Quemadmodum
3071 2034 3232 2102 igitur
3256 2037 3306 2087 in
3332 2038 3515 2103 pueris

1948 2124 2064 2178 fieri
2090 2124 2248 2188 solet,
2283 2135 2345 2179 ιιι
2384 2125 2457 2178 sit
2490 2134 2645 2193 pater
2672 2141 2844 2189 unus,
2874 2127 3146 2196 paedagogi
3206 2141 3338 2181 vero
3365 2129 3516 2182 multi

1948 2218 2214 2273 fortasse:
2250 2218 2316 2273 ad
2351 2218 2509 2272 unius
2535 2228 2714 2272 autem
2745 2233 3008 2281 amorem,
3041 2219 3209 2284 patris
3239 2220 3518 2283 nimirum,

1946 2310 1990 2364 si
2037 2310 2406 2374 conferantur,
2456 2309 2682 2364 multum
2717 2308 2886 2364 distat
2917 2325 3105 2364 eorum
3153 2312 3406 2365 affectio:
3440 2314 3520 2366 sic

1944 2409 2000 2454 et
2054 2401 2336 2456 nobiscum
2397 2401 2478 2455 ﬁt.
2526 2400 2912 2455 Animadverte
2952 2402 3036 2455 hic
3065 2403 3359 2470 quo‘tnodo,
3402 2422 3422 2453 ι
3463 2405 3516 2456 Ιιι

1942 2492 2184 2557 Christo,
2232 2511 2252 2544 ι
2292 2494 2606 2562 apposuerit
2651 2493 2719 2548 ad
2756 2511 2774 2545 ι
2818 2495 3261 2564 ρεόειιιεοιιιιη.
3300 2510 3366 2551 ne
3424 2512 3519 2552 eos

1944 2584 2166 2638 omnino
2196 2587 2490 2654 percellat:
2540 2584 2735 2640 Verum
2771 2587 2918 2655 quod
2951 2589 3070 2656 plus
3103 2589 3304 2643 laboris
3331 2590 3517 2656 habet,

1946 2676 2026 2730 eis
2051 2674 2301 2730 attribuit
2332 2676 2407 2744 (id
2442 2677 2586 2732 enim
2620 2687 2707 2733 est
2736 2679 3085 2749 paedagogum
3122 2685 3280 2750 esse)
3318 2683 3518 2736 chari-

1949 2768 2074 2823 tatis
2101 2778 2283 2822 autem
2323 2783 2609 2824 excessum
2643 2771 2746 2824 sibi
2777 2771 2877 2839 ipsi
2905 2774 3269 2828 conservavit.

2021 2879 2040 2911 ι
2078 2859 2135 2913 In
2171 2859 2389 2915 Christo
2415 2859 2562 2915 enim
2599 2859 2726 2916 Jesu
2769 2877 2869 2932 per
2896 2864 3242 2934 Evangelium
3293 2883 3389 2923 vos
3423 2884 3520 2940 ge-

1947 2953 2060 3006 nui.
2105 2969 2124 3003 a
2177 2950 2522 3008 Conﬁrmans
2579 2957 2852 3024 quomodo
2909 2969 3062 3024 pater
3119 2960 3223 3023 sit,
3285 2961 3521 3027 Christi.-

1949 3045 2144 3114 inquit,
2169 3060 2270 3114 opc
2305 3064 2323 3097 ι
2361 3060 2457 3101 vos
2477 3048 2636 3115 genui
2667 3064 2764 3117 per
2786 3049 3155 3120 Evangelium.
3188 3072 3206 3104 ι
3238 3053 3352 3109 Non
3373 3058 3520 3110 enim

1949 3139 2214 3208 miltiipsi,
2254 3148 2315 3192 ut
2351 3139 2607 3209 plerique
2652 3141 2792 3197 inter
2835 3159 2955 3210 vos,
2991 3145 3203 3202 ascribo
3251 3149 3524 3218 imputove

1951 3245 2087 3291 rem,
2136 3232 2231 3284 sed
2285 3230 2523 3285 Christo.
2566 3232 2682 3287 Non
2740 3235 2878 3290 dixit
2926 3249 3131 3305 autem,
3169 3239 3353 3303 docui,
3403 3244 3520 3308 sed,

1952 3339 1970 3372 ι
2002 3321 2209 3375 Genui:
2260 3340 2278 3374 ι
2333 3334 2541 3377 natura:
2587 3326 2839 3381 videlicet
2896 3332 3116 3386 nomine
3177 3333 3522 3391 dilectionem

1947 3414 2260 3480 ostendens,
2296 3417 2548 3484 quodque
2589 3418 2791 3486 proprii
2844 3420 3020 3485 valde,
3058 3424 3399 3493 maximeque
3425 3444 3521 3498 ge-

1951 3505 2100 3556 nuini
2157 3506 2244 3557 isti
2297 3506 2547 3577 discipuli
2591 3509 2671 3563 sui
2703 3509 2832 3575 sint,
2867 3522 2926 3565 ut
2968 3515 3167 3584 ubique
3196 3517 3250 3572 in
3279 3517 3519 3586 Epistula

1949 3594 2280 3651 manifestat.

2025 3779 2190 3836 Vens.
2225 3780 2313 3837 16.
2349 3799 2369 3835 ι
2409 3783 2686 3840 Adhortor
2714 3785 2897 3858 itaque
2933 3803 3051 3854 vos,
3082 3792 3386 3853 imitatores
3416 3801 3522 3854 mei

1950 3883 2140 3928 estote.
2180 3893 2200 3927 ι
2246 3875 2567 3941 lmitamini,
2602 3879 2798 3948 inquit,
2852 3897 2939 3938 me
2983 3884 3037 3939 in
3087 3888 3384 3946 omnibus:
3422 3907 3523 3948 nec

1952 3969 2255 4059 sapientiae,
2286 3984 2386 4026 nec
2415 3972 2726 4029 divitiarum
2751 3977 2971 4032 nomine
2995 3978 3319 4047 efferaininl,
3347 3999 3524 4054 neque

1954 4076 2078 4115 cum
2114 4063 2374 4119 fratribus
2404 4064 2750 4121 dissideatis:
2789 4084 2976 4123 verum
3010 4086 3104 4128 eas
3140 4083 3346 4130 tantum
3370 4092 3522 4145 opes,

1953 4166 2070 4207 eam
2107 4167 2230 4208 esse
2264 4169 2446 4210 veram
2491 4158 2812 4226 sapientiam
2867 4163 3147 4230 noveritis,
3196 4167 3522 4224 charitatem

1953 4243 2207 4298 nimirum
2238 4259 2362 4314 erga
2389 4245 2664 4303 Christum
2709 4259 2763 4304 et
2815 4250 3034 4308 fratres.
3067 4255 3304 4312 Observa
3343 4272 3523 4315 autem

1954 4338 2260 4394 dilectionis
2297 4340 2542 4396 aﬂectum
2585 4361 2599 4397 :
2644 4345 2965 4402 adhortatur
3019 4349 3186 4416 enim,
3253 4368 3360 4409 non
3423 4356 3529 4410 im-

1957 4440 2127 4498 perat.
2191 4431 2392 4503 Magnae
2461 4445 2638 4490 autem
2693 4437 2905 4495 ﬁducia
2970 4456 3344 4513 argumentum
3400 4461 3526 4512 est,

1887 4524 2100 4605 unod
2171 4539 2292 4581 sese
2355 4529 2672 4600 exemplar,
2722 4533 2866 4601 quod
2945 4534 3266 4603 imitentur,
3330 4554 3528 4612 propo-

1958 4627 2069 4670 nat.

2029 4711 2188 4765 Vens.
2228 4711 2314 4766 I7.
2346 4733 2363 4764 ι
2398 4712 2522 4770 Ideo
2546 4716 2667 4771 misi
2703 4717 2855 4773 vobis
2907 4718 3273 4788 Timethenm,
3320 4729 3411 4794 qui
3446 4737 3530 4783 est

1956 4801 2098 4855 filius
2132 4817 2286 4858 meus
2328 4806 2581 4862 dilectus.
2621 4826 2640 4859 ι
2690 4809 2956 4877 Quoniam
3005 4816 3189 4881 vestri,
3232 4815 3391 4889 ιω
3443 4820 3522 4873 in-

284 4887 515 4951 παίδων,
557 4884 780 4955 [mixtim
834 4885 965 4955 ὑμῖν
1023 4884 1311 4955 Τιμόθεον.
1372 4885 1565 4952 Αὐτὸς,
1606 4885 1704 4955 μὲν
1745 4888 1854 4954 γὰρ
1956 4896 2094 4964 quit,
2128 4911 2314 4950 curam
2343 4914 2489 4967 gero,
2531 4915 2636 4955 non
2665 4916 2686 4955 ε

1956 4896 2094 4964 quit,
2128 4911 2314 4950 curatn
2343 4914 2489 4967 gero,
2531 4915 2636 4955 non
2665 4916 2826 4957 secus
2853 4918 2916 4957 ac
2944 4905 3196 4971 filiorum,
3229 4884 3529 4964 misi'vohis

279 4981 595 5051 ἠϐουλόμην
620 4979 818 5045 ιλθεῐν,
849 4979 924 5042 ὡς
958 4977 1024 5032 ἂν
1047 4979 1362 5048 καταρτίσω
1424 4979 1605 5048 ὑμᾶς·
1662 4979 1850 5048 ἐπειδὴ

264 5074 340 5132 ,δὲ
373 5075 432 5126 σὺ
465 5072 714 5137 δυνατὸν,
745 5072 968 5143 Ιπεμψα
1020 5070 1230 5135 τοῦτον,
1270 5073 1328 5134 ὃς
1357 5071 1470 5124 ἐστι
1519 5071 1706 5125 τέκνον
1751 5091 1848 5141 μου

277 5166 586 5236 ἀγαπητόν.
623 5165 798 5218 Τοῦτο
826 5166 882 5219 δὲ
917 5159 1092 5229 εἶπεν,
1127 5165 1214 5217 ἶνα
1238 5163 1352 5233 ἅμα
1383 5166 1480 5232 μὲν
1507 5165 1656 5235 δείξῃ
1681 5168 1846 5219 πόσον

279 5259 479 5319 αὐτοὺς
535 5258 750 5326 ἀγαπᾷ,
779 5255 833 5308 εῐ
875 5272 939 5324 γε
998 5256 1172 5310 είλετο
1203 5257 1364 5308 αὑτοῦ
1421 5259 1753 5325 χωρισθῆναι
1784 5259 1849 5311 δι’

285 5347 523 5408 αὐτούς’
575 5349 693 5415 ἃμα
746 5347 848 5409 δὲ,
905 5347 991 5400 ἴνα
1059 5349 1154 5401 καὶ
1181 5349 1461 5417 αἰδέσιμος
1515 5349 1699 5414 αὐτοῖς
1761 5353 1852 5418 γέ-

293 5458 463 5512 ιηται.

1960 4986 2001 5039 Τ
2009 4986 2327 5041 im0thcum.
2367 4990 2481 5058 Ipse
2512 4991 2729 5058 quidem
2759 4995 2943 5048 venire
2977 4995 3144 5059 volui,
3173 5003 3230 5048 ut
3258 5011 3352 5052 vos
3381 5012 3530 5053 com-

1959 5093 2250 5146 ponerem:
2285 5083 2411 5148 quia
2438 5098 2566 5137 vero
2597 5085 2737 5140 istuc
2785 5087 2898 5141 fieri
2956 5087 3096 5143 haud
3152 5089 3345 5158 potuit,
3405 5091 3526 5146 ntisi

1962 5173 2140 5234 istum,
2193 5173 2398 5241 quiest
2470 5176 2610 5232 filius
2670 5194 2822 5233 mens
2873 5179 3122 5234 dilectus.
3183 5179 3294 5236 lloc
3347 5192 3529 5237 autem

1960 5267 2117 5333 dixit,
2160 5271 2353 5338 partim
2385 5281 2442 5324 ut
2465 5282 2728 5326 monstret
2754 5282 2954 5341 quanta
2979 5288 3073 5328 eos
3099 5274 3368 5328 charltate
3398 5289 3526 5343 pro-

1963 5371 2238 5428 sequatur,
2263 5363 2527 5432 siquidem
2552 5382 2578 5417 a
2601 5364 2887 5419 Timotheo
2913 5368 3182 5436 segregari
3213 5371 3531 5424 sustinuerit

1963 5466 2181 5520 propter
2213 5456 2396 5523 ipsos:
2429 5457 2623 5524 partim
2667 5468 2721 5510 ut
2755 5469 2805 5511 rt
2839 5462 3186 5516 veneratione
3223 5461 3417 5530 dignus
3448 5465 3529 5518 eis

1964 5545 2235 5598 reddatur.

1615 5679 1808 5738 Varize
1841 5678 2171 5743 lectiones.

350 5796 400 5828 ⁸⁷
446 5795 755 5864 ποθούμενα
796 5809 848 5850 0.
927 5797 970 5829 ³⁸
1022 5800 1105 5853 ῐσ.
1162 5801 1431 5856 νουθετῶν
1461 5821 1512 5858 o.
1591 5807 1634 5836 "
1666 5807 1829 5875 φησίν
1863 5824 1934 5861 ιιι.
2013 5811 2058 5842 ⁸⁸
2094 5811 2274 5864 πολλοὶ
2314 5813 2507 5882 μίνιιι.

606 5889 877 5951 Parnm.
926 5892 1040 5952 Cn.
1079 5892 1356 5956 CXXIV.

3121 5910 3198 5969 20
