4272 6448
300 425 411 492 625
1114 417 1519 480 EXPOSITIO
1558 420 1640 480 IN
1681 421 1916 481 EPIST.
1962 423 1987 480 1

1858 421 1916 481 Τ.
1962 423 1987 480 1
2034 423 2131 483 AD
2169 423 2335 484 COR.
2375 446 2447 457 —
2485 424 2640 482 CAP.
2682 424 2743 481 ν.
3441 423 3545 487 θὲϐ

298 540 515 609 Πάσχα,
538 534 722 599 τυθεὶς
742 534 884 606 ὑπὲρ
908 534 1085 606 ἡμῶν.
1109 538 1430 609 Ὀφείλομεν
1454 532 1546 592 οὖν
1571 538 1642 591 τὰ
1666 540 1871 607 ἄζυμα,
1907 543 1949 599 Α
1980 560 1985 591 t

1858 580 1871 601 ,
1907 543 1949 599 Α
1980 539 2106 609 qttid
2132 540 2201 594 sit
2224 539 2449 604 Pascha,
2474 540 2749 606 Christus,
2777 540 3046 608 inquiens,
3074 538 3276 593 Pascha
3302 547 3544 595 nostrum

293 630 571 695 τουτέστι,
615 628 715 699 τὴν
760 627 868 682 ἀπὸ
913 628 1096 699 πάσης
1129 630 1332 693 κακίας
1380 630 1730 701 καθαρότητα
1770 647 1869 682 πε-
1976 652 1980 676 l

1861 659 1869 669 -
1976 638 2079 692 est,
2118 643 2220 697 pro
2254 630 2408 682 nobis
2433 638 2720 682 mactatus.
2759 628 3022 681 Debemus
3056 627 3217 696 igitur
3251 643 3463 692 azvma,
3499 630 3548 683 id

297 722 532 796 ριέπειν.
1972 731 2058 774 est
2095 735 2313 774 onmem
2379 722 2446 772 ab
2487 722 2737 774 omnibus
2766 720 2912 772 vitiis
2953 720 3242 787 puritatem
3277 722 3549 787 amplecti.

371 834 389 866 ι
430 816 591 867 Ὥστε
626 812 1006 885 ἑορτάζωμεν,
1047 812 1121 882 μὴ
1169 813 1225 864 ὲν
1268 811 1415 881 ζύμη
1466 811 1693 883 παλαιᾷ,
1737 814 1869 882 μηδὲ
2048 812 2058 830 ³

1864 833 1869 865 :
2048 812 2211 866 Vnus.
2246 813 2299 867 8.
2333 830 2351 862 ι
2396 811 2582 864 Ferias
2609 813 2792 879 itaque
2822 808 3179 871 celebremus,
3220 825 3326 865 non
3363 811 3413 863 in
3446 813 3551 864 fer—

296 909 355 959 ὲν
390 906 536 977 ζύμῃ
568 908 769 968 κακίας
810 906 906 958 καὶ
958 904 1250 975 πονηρίας.
1285 924 1302 955 ι
1337 905 1619 958 Δείκνυσιν
1650 906 1730 957 ὅτι
1766 907 1873 968 πᾶς
1976 918 1983 955 1

1866 922 1873 964 ς
1976 912 2161 957 mento
2200 904 2390 969 veteri,
2437 915 2614 971 neque
2663 902 2715 954 in
2760 901 3026 954 fermento
3068 902 3288 954 malitiae.
3334 912 3389 958 et
3431 920 3553 957 vcr-

294 1001 324 1051 ὁ
365 1000 596 1069 χρόνος,
641 998 833 1069 ἑορτῆς
880 1000 992 1050 ἐστι
1014 996 1203 1067 καιρὸς
1237 1000 1346 1061 τοῖς
1377 998 1752 1065 Χριστιανοῖς,
1785 997 1872 1050 διὰ
1974 1010 1981 1047 ι

1865 1018 1872 1050 ι
1974 995 2151 1048 ειιιὶει).
2190 1013 2208 1044 ›
2256 993 2500 1049 Ostendit
2535 993 2678 1061 quod
2728 1006 2887 1045 omne
2928 1002 3143 1054 tempus
3192 992 3450 1046 feriarum
3485 994 3552 1047 sit

295 1091 395 1161 τὴν
440 1090 747 1159 ύπερόολὴν
793 1089 903 1142 τῶν
951 1088 1212 1141 δοθέντων
1254 1090 1438 1152 αὐτοῖς
1483 1089 1728 1157 ἀγαθῶν.
1776 1092 1871 1141 Διὰ
1973 1102 1982 1137 t

1867 1109 1871 1140 :
1973 1086 2188 1139 occasio
2218 1095 2275 1140 et
2304 1087 2686 1155 opportunitas
2733 1087 3094 1150 Christianis,
3128 1094 3347 1154 propter
3374 1088 3554 1141 excel-

294 1182 458 1235 τοῦτο
487 1183 595 1252 γὰρ
627 1185 655 1235 ὁ
706 1181 832 1245 Υἱὸς
862 1180 957 1234 τοῦ
1009 1181 1142 1233 Θεοῦ
1186 1181 1474 1252 ἄνθρωπος
1516 1181 1737 1249 γέγονε,
1781 1182 1873 1232 καὶ
1975 1176 1981 1229 l

1863 1198 1873 1231 ι
1975 1176 2193 1232 lentiam
2252 1178 2570 1231 traditorum
2618 1179 2726 1232 illis
2781 1177 3069 1231 bonorum.
3120 1175 3202 1230 Ob
3247 1193 3364 1230 eam
3408 1180 3550 1231 enim

296 1272 495 1340 ἐτύθη,
535 1272 624 1324 ἶνα
660 1272 719 1325 σὲ
756 1270 1038 1341 ἑορτάζειν
1080 1271 1315 1343 ποιήσῃ·
1358 1273 1457 1323 ούκ
1500 1272 1557 1323 ἐν
1599 1269 1746 1343 ζύμῃ
1776 1270 1869 1323 τοῦ
1976 1287 1983 1319 t

1867 1299 1869 1313 ι
1976 1284 2191 1322 causam
2230 1270 2390 1323 homo
2425 1270 2602 1322 factus
2659 1279 2712 1323 et
2754 1270 2974 1324 occisus
3011 1278 3094 1321 est
3140 1267 3308 1320 Filius
3344 1266 3458 1329 Dei,
3497 1277 3554 1320 ut

298 1363 533 1417 παλαιοῦ
570 1364 767 1433 Ἀδὰμ,
801 1364 920 1417 οὐδὲ
957 1366 1015 1417 ὲν
1057 1363 1158 1433 βίῳ
1193 1364 1394 1427 κακίας
1423 1365 1636 1435 πλήρει,
1671 1366 1872 1433 μᾶλλον
1974 1369 1985 1412 1

1862 1382 1872 1413 l
1974 1369 2025 1412 te
2057 1359 2239 1413 feriari
2271 1360 2479 1413 faceret
2510 1378 2522 1412 :
2553 1375 2660 1413 non
2696 1364 2747 1413 iu
2793 1360 3061 1413 fermento
3092 1358 3293 1411 veteris
3320 1357 3510 1409 Adami
3535 1397 3549 1419 ,

296 1458 354 1508 δὲ
400 1455 429 1509 ὅ
468 1458 670 1525 χεῖρον,
724 1456 1005 1526 πονηρίας.
1042 1457 1225 1518 Κάκος
1281 1457 1378 1525 μὲν
1431 1458 1557 1526 γὰρ,
1600 1458 1709 1518 πᾶς
1756 1458 1781 1506 ό
1816 1456 1874 1507 τὸ
1975 1466 1983 1501 l

1865 1475 1874 1506 ι
1975 1466 2004 1501 ιι
2030 1465 2151 1517 “que
2182 1454 2232 1501 is:
2267 1451 2375 1503 vita
2414 1451 2560 1503 vitiis
2589 1449 2768 1517 plena,
2804 1449 2885 1502 vel
2909 1487 2921 1508 ,
2958 1449 3101 1515 quod
3131 1448 3281 1512 pejus
3322 1454 3403 1497 est
3434 1460 3552 1496 vcr-

298 1548 473 1601 κακδν
502 1548 783 1617 πράττων·
818 1549 1051 1619 πονηρὸς
1072 1548 1150 1617 δὲ,
1181 1552 1207 1602 ὀ
1229 1553 1322 1602 καὶ
1350 1549 1487 1617 μετᾶ
1558 1547 1872 1617 βαθυτάτου
1973 1556 1985 1592 ε

1865 1565 1872 1595 l
1973 1542 2134 1592 sutia.
2172 1539 2342 1593 Malus
2369 1542 2510 1593 enim
2544 1551 2647 1603 est,
2677 1540 2922 1607 quisquis
2947 1538 3088 1591 male
3115 1539 3263 1605 agit:
3301 1544 3552 1588 versutus

295 1643 393 1692 καὶ
420 1638 639 1708 δολερᾶς
661 1641 685 1671 ⁸
714 1639 959 1711 γνώμης.
1977 1649 1982 1682 :

1977 1642 2178 1696 autem,
2222 1633 2311 1699 qui
2362 1645 2570 1687 etcqu
2616 1630 2985 1699 profunditate
3038 1644 3102 1682 ac
3134 1630 3320 1682 dolosa
3372 1640 3552 1681 mente

1978 1722 2113 1774 male
2150 1723 2253 1791 agit

377 1835 396 1867 ι
442 1816 582 1869 Ἀλλ’
633 1817 690 1871 ἐν
730 1817 960 1887 ἀζύμοις
999 1819 1349 1890 εἰλικρινείας
1401 1821 1491 1875 καὶ
1527 1822 1802 1892 ἀληθείαε.
1849 1845 1867 1876 ι
1910 1887 1938 1892 _

1862 1850 1867 1872 ,
1910 1887 1938 1892 _
2064 1830 2079 1861 ι
2127 1811 2230 1864 Sed
2264 1814 2316 1863 iu
2350 1827 2555 1882 azymis
2600 1822 2930 1866 smcerttatts
2976 1822 3025 1863 et
3076 1809 3341 1862 veritatis.
3384 1826 3400 1856 ι
3440 1806 3549 1860 Hoc

297 1908 612 1971 Τουτέστιν,
653 1910 711 1961 ὲν
752 1909 850 1980 βίῳ
895 1887 1208 1980 εἰλικρινεῖ,
1267 1913 1385 1983 ἦτοι
1434 1887 1691 1987 καθαριξ),
1738 1922 1872 1989 πρὸς
1909 1887 1949 1943 B

1859 1938 1872 1981 ς
1909 1887 1949 1943 θ
1992 1914 2064 1956 est
2129 1905 2176 1955 in
2208 1905 2311 1958 vita
2336 1905 2540 1959 sincera
2574 1906 2685 1958 sive
2714 1920 2863 1972 pura.
2891 1915 2948 1955 ut
2973 1911 3275 1971 opponatur
3294 1898 3546 1951 malititez

294 2001 709 2073 ἀντιδιαστολὴν
744 2003 843 2070 τῆς
887 2002 1087 2064 κακίας
1112 2019 1127 2033 ⁸
1170 2003 1261 2056 καὶ
1304 2005 1522 2076 ἀληθεῖ,
1558 2011 1870 2073 τουτέστιν,

1866 2053 1870 2073 ,
1983 2005 2028 2048 ct
2074 2012 2217 2058 vera,
2255 1999 2356 2049 hoc
2388 2008 2490 2055 est.
2528 1996 2797 2063 hypocrisi
2832 2010 2892 2048 ac
2926 1992 3049 2045 dolo
3074 2000 3319 2045 vacante.
3344 1998 3401 2040 ut
3434 2003 3553 2038 ver-

297 2093 671 2163 ἀνυποκρίτῳ,
730 2094 922 2163 ἀδόλῳ,
960 2095 1096 2165 πρὸς
1130 2096 1538 2170 ἀντιδιαστολὴν
1568 2100 1667 2170 τῆς
1705 2120 1872 2172 πονη-
1978 2103 1984 2122 ⁴

1863 2135 1872 2141 .
1978 2090 2130 2138 sutia-
2162 2097 2512 2152 Opponatnr.¢
2543 2085 2635 2139 Vel
2662 2087 2939 2138 veritatem
2970 2102 2988 2134 ι
3028 2082 3323 2149 intelligere
3346 2078 3550 2145 poteris

300 2186 445 2253 ρίας.
487 2185 666 2248 "H16,
714 2202 732 2235 ι
786 2183 1091 2255 Ἀληθείας,
1138 2204 1155 2237 ι
1204 2186 1430 2240 δύνασαι
1483 2191 1695 2260 νοῆσαι,
1739 2196 1873 2263 πρὸς
1978 2194 1987 2229 ί

1860 2214 1873 2258 ς
1978 2179 2040 2229 ad
2076 2179 2362 2233 discrimen
2396 2190 2637 2233 veterum
2675 2182 2985 2246 tigurarum,
3030 2190 3149 2243 qua:
3181 2188 3289 2226 non
3327 2171 3547 2224 fuerunt

295 2275 707 2344 ἁντιδιαστολὴν
735 2276 843 2330 τῶν
873 2278 1121 2333 παλαιῶν
1147 2279 1355 2341 τύπων,
1386 2280 1581 2345 οἵτινες
1607 2285 1706 2339 ούκ
1736 2282 1877 2357 ἦσαν
1978 2287 1982 2299 ¹

1863 2304 1877 2337 ,
1978 2273 2194 2322 veritas.
2261 2271 2381 2323 Vult
2430 2272 2573 2323 enim
2621 2271 2989 2324 Christianum
3043 2267 3320 2320 veteribus
3368 2263 3550 2332 ﬁguris

298 2366 551 2436 ἀλήθεια.
602 2368 860 2421 Βούλεται
892 2369 999 2439 γάρ
1029 2370 1119 2423 τὸν
1164 2372 1509 2441 Χριστιανὸν,
1551 2356 1774 2429 καὶτῶν
1819 2379 1876 2429 ἐν
1980 2384 1985 2411 ⁵

1863 2396 1876 2427 ,
1980 2362 2308 2428 superiorem
2340 2376 2480 2415 esse.
2524 2361 2615 2412 Vel
2654 2361 3021 2414 sinceritatem
3056 2356 3289 2423 accipies
3330 2368 3425 2420 pro
3450 2368 3550 2421 pu-

298 2462 369 2529 τῇ
406 2456 616 2530 Παλαιᾷ
662 2461 849 2515 τύπων
886 2461 1189 2533 ὑπέρτερον
1232 2458 1393 2519 εἶναι.
1430 2467 1498 2518 Ἢ
1529 2467 1878 2536 εἱλικρίνειαν
1981 2466 1985 2495 ¹

1859 2487 1878 2521 .,
1981 2451 2139 2504 ritate
2171 2466 2286 2517 qua:
2316 2466 2410 2517 per
2436 2465 2595 2519 opera
2627 2453 2682 2503 lit
2713 2469 2726 2504 :
2755 2453 3038 2505 veritatem
3065 2458 3267 2511 autem,
3295 2459 3392 2513 pro
3419 2459 3546 2497 cou-

305 2551 431 2623 μὲν,
464 2552 563 2623 τὴν
592 2553 959 2625 καθαρότητα,
1004 2555 1037 2625 ἢ
1078 2554 1164 2608 διὰ
1206 2555 1305 2624 τῆς
1340 2555 1593 2626 πράξεως
1640 2559 1875 2625 γίνεται*
1981 2544 2345 2608 ίθηιβίδίίοῐιυι

301 2644 567 2714 ἀλήθειαν
593 2645 683 2708 δὲ,
725 2646 822 2716 τὴν
854 2646 1106 2718 θεωρίαν.

395 2755 414 2788 ι
451 2736 705 2807 Ἔγραψα
736 2740 862 2809 ὑμῖν
895 2741 950 2790 έν
972 2742 1037 2809 τῇ
1082 2738 1404 2810 Ἐπιστολῇ,
1450 2741 1526 2811 μὴ
1583 2747 1877 2813 συναναμζ-
2056 2736 2082 2782 κ

1862 2776 1877 2783 _
2056 2736 2216 2787 Vens.
2254 2741 2303 2785 υ.
2350 2752 2364 2783 ι
2401 2733 2604 2799 διττὶρεί
2646 2732 2795 2785 vobis
2831 2732 2882 2782 in
2919 2732 3178 2798 Epistola,
3229 2746 3294 2782 ne
3328 2730 3549 2783 commi-

302 2828 537 2897 γνυσθαι
582 2831 826 2900 πόρνοις.
864 2850 883 2881 ι
930 2831 1015 2883 Ἐν
1052 2831 1185 2902 ποίᾳ
1228 2832 1549 2905 Ἐπιστολῇ;
1610 2835 1700 2887 Ἐν
1741 2837 1877 2907 αὐτῇ
1984 2842 1989 2875 ε

1851 2839 1877 2907 ᾗ
1984 2824 2268 2876 st-eretnim
2303 2822 2733 2876 fortttcatoribus.
2777 2841 2793 2872 ι
2829 2820 2883 2875 lu
2920 2836 3022 2889 qua
3059 2820 3336 2886 Epistola?
3372 2819 3426 2872 lu
3456 2821 3538 2871 ha:

304 2921 502 2992 ταύτῃ.
548 2922 766 2993 Ἐπειδὴ
801 2923 907 2993 γὰρ
949 2920 1100 2976 εἶπεν
1154 2925 1449 2995 ἀνωτέρω,
1490 2928 1571 2979 ὅτι
1625 2945 1640 2979 ι
1686 2927 1879 2981 Ἐκκα·‹
1986 2921 1991 2968 ί

1874 2962 1879 2969 .
1986 2920 2119 2984 ipsa.
2154 2916 2287 2967 Cum
2320 2916 2461 2968 enim
2504 2929 2660 2980 supra
2708 2914 2969 2976 dixisset,
3010 2932 3027 2961 ‹
3071 2912 3375 2977 Expurgate
3405 2922 3555 2963 vetns

306 3013 514 3082 θάρατε
547 3015 645 3086 τὴν
679 3014 914 3068 παλαιὰν
944 3014 1143 3087 ζύμην,
1185 3035 1202 3068 ι
1232 3018 1323 3070 τὸν
1350 3034 1557 3087 πεπορν
1594 3019 1778 3083 υκότα,
1808 3019 1883 3079 ὡς
1986 3011 1993 3059 ¹

1863 3035 1883 3079 ς
1986 3008 2333 3064 fermentum.
2376 3024 2393 3055 ι
2437 3008 2841 3061 foruicatorcm.
2896 3014 2951 3057 ut
3005 3018 3167 3072 supra
3202 3002 3400 3055 dictum
3436 3018 3550 3057 cst.

304 3103 628 3173 δεδήλωται,
659 3107 1053 3177 αἰνιττόμενος,
1083 3106 1148 3159 δι’
1179 3102 1239 3163 οὗ
1262 3108 1522 3179 ἐδηλοῦτο
1567 3109 1625 3163 τὸ
1652 3110 1729 3181 μὴ
1758 3128 1883 3165 συν-
1989 3118 1991 3149 ⁵

1864 3140 1883 3149 -
1989 3097 2342 3158 subiunuens,
2379 3098 2521 3148 unde
2569 3095 2909 3163 perspicuum
2943 3094 3089 3157 fecit,
3145 3092 3286 3162 quod
3320 3092 3551 3145 fOI'IIIClt—

305 3196 705 3265 αναμίγνυσθαι
758 3199 973 3269 πόρνοις
1000 3218 1013 3230 ο
1051 3201 1178 3263 ἴσως
1206 3201 1508 3271 ὑπενόησαν
1539 3201 1605 3256 ἂν
1632 3204 1712 3257 ὅτι
1747 3206 1880 3257 πάν·
1908 3228 1951 3285 c
1988 3201 1992 3236 ¹

1861 3234 1880 3244 -
1908 3228 1951 3285 c
1988 3190 2195 3243 toribus
2231 3188 2571 3242 commisceri
2622 3203 2727 3240 non
2778 3196 3029 3253 oportet;
3067 3186 3324 3251 suspicati
3374 3198 3509 3237 eSSc:
3539 3195 3548 3227 I

307 3304 419 3339 των
443 3289 550 3341 τῶν
591 3289 804 3360 πόρνων
844 3291 939 3343 καὶ
980 3292 1088 3346 τῶν
1117 3294 1247 3363 παρ’
1283 3293 1507 3363 Ἕλλησι
1547 3294 1875 3365 χωρίζεσθαι
1918 3276 1951 3285 ’
1987 3285 1994 3332 ¹

1865 3315 1875 3347 ._
1918 3276 1951 3285 “’
1987 3280 2212 3334 fortasse
2237 3284 2302 3333 ab
2331 3279 2581 3333 omnibus
2603 3279 3039 3336 fornicatoribus,
3077 3278 3143 3328 ab
3176 3277 3241 3329 iis
3271 3278 3430 3328 etiam
3461 3276 3550 3342 qui

307 3377 411 3431 δεῖ.
454 3379 778 3449 Ἐρμηνεύει
808 3381 985 3435 τοίνυν
1018 3385 1147 3452 περὶ
1185 3384 1350 3437 ποίων
1391 3386 1753 3455 παρήγγειλε.
1985 3390 1994 3426 ε

1985 3375 2122 3441 apud
2148 3372 2365 3427 Grzecos
2388 3381 2591 3435 essent,
2615 3371 2970 3425 recedendum
2997 3383 3137 3423 esse.
3167 3368 3554 3435 Interpretatur

1986 3468 2146 3533 igitur
2172 3464 2420 3534 qualibus
2460 3463 2732 3529 prrccepit.

386 3574 406 3607 ι
446 3556 553 3609 Καὶ
585 3558 645 3609 ού
677 3559 893 3623 παντως
917 3562 1026 3621 τοῖς
1059 3560 1275 3630 πόρνοις
1305 3561 1397 3614 τοῦ
1429 3561 1635 3633 κόσμου
1668 3562 1880 3629 τούτου,
2058 3554 2073 3592 ‘

1865 3603 1880 3629 ,
2058 3554 2219 3607 Vens.
2250 3555 2336 3605 lt).
2376 3572 2393 3604 ι
2434 3553 2498 3605 Ει
2525 3568 2628 3605 non
2657 3554 2879 3603 omnino
2912 3550 3329 3604 feruicatonbus
3372 3547 3552 3601 mundi

307 3649 341 3718 ἢ
396 3651 505 3713 τοῖς
547 3650 986 3720 πλεονέκταις,ἢ
1041 3653 1297 3719 ἆρπαξιν,
1341 3653 1372 3724 ἢ
1425 3654 1873 3726 εἰδωλολάτραις·
1988 3648 1994 3700 Ι

1869 3673 1873 3685 ·
1988 3648 2164 3710 huius,
2199 3656 2290 3698 aut
2320 3647 2523 3702 avaris.
2562 3653 2652 3695 aut
2684 3645 2987 3710 rapacibus.
3022 3653 3115 3695 aut
3152 3642 3416 3695 idolorum
3446 3643 3556 3693 cul-

310 3745 436 3795 ἐπεὶ
487 3744 730 3811 ὀφείλετε
776 3745 882 3813 ἄρα
929 3745 992 3796 ἐκ
1040 3743 1133 3795 τοῦ
1183 3745 1389 3813 κόσμου
1427 3743 1683 3809 ἐξελθεῖν.
1724 3766 1742 3797 ι
1783 3748 1876 3810 Τὸ,
1990 3749 1997 3791 1

1864 3788 1876 3810 ,
1990 3739 2198 3792 toribus
2237 3756 2249 3791 :
2284 3738 2483 3805 alioqui
2508 3737 2815 3790 debueratis
2838 3750 2899 3787 ex
2937 3745 3036 3788 hoc
3065 3736 3260 3787 mundo
3283 3734 3499 3787 exiisse.
3532 3748 3548 3780 ι

316 3859 334 3891 ι
370 3839 615 3901 Πάντως,
652 3857 669 3889 ι
699 3838 772 3900 ὡς
808 3837 901 3890 ἐπὶ
933 3837 1353 3906 ὼμολογημένου
1382 3837 1593 3891 τέθεικε
1619 3838 1879 3908 πράγμα-
1993 3853 2003 3884 ι

1865 3869 1879 3878 -
1993 3852 2009 3884 ι
2056 3833 2308 3890 Omnino,
2351 3851 2368 3881 ι
2409 3841 2661 3898 tanquam
2694 3833 2758 3882 de
2783 3843 2840 3883 re
2880 3828 3130 3881 conlessa
3168 3842 3231 3880 ac
3270 3824 3552 3878 manilesta

309 3947 422 3993 τος.
467 3930 529 3982 Ἠ
562 3929 811 3994 σύνταξις
840 3928 895 3982 δὲ
919 3927 1013 3980 τοῦ
1048 3929 1204 3995 λόγου
1238 3928 1456 3996 τοιαύτη
1480 3944 1493 3957 ’
1524 3929 1631 3981 Καὶ
1666 3930 1881 3993 πάντως
1988 3944 1996 3993 |

1862 3947 1881 3993 ;
1988 3928 2188 3993 posuit.
2232 3926 2352 3979 Haec
2384 3938 2510 3977 vero
2550 3923 2708 3989 hujus
2743 3920 3005 3972 orationis
3043 3926 3125 3969 est
3161 3914 3495 3968 constructio
3539 3932 3549 3965 :

312 4024 371 4073 ού
409 4024 520 4082 τοῖς
561 4021 779 4090 πόρνοις
830 4018 922 4072 τοῦ
969 4020 1171 4088 κόσμου
1219 4019 1715 4088 συναναμίγνυσθαι
1750 4020 1884 4073 ἐκώ·
1986 4018 1999 4071 Ι

1871 4051 1884 4060 -
1986 4018 2055 4072 Ει
2095 4020 2315 4071 omnino
2347 4032 2452 4069 non
2488 4013 2738 4082 prohibui
2778 4026 2843 4063 ne
2886 4025 3010 4063 cum
3048 4007 3231 4061 mundi
3264 4004 3558 4058 fornicato-

314 4110 472 4172 λυσα,
508 4111 773 4172 τουτέστι,
804 4111 916 4171 τοῖς
940 4108 1049 4161 τῶν
1089 4109 1353 4179 Ἑλλήνων
1375 4123 1391 4139 ·
1424 4109 1547 4162 ἐπεὶ
1577 4110 1771 4181 ἑτέραν
1806 4112 1883 4163 οἰ·
1988 4128 2001 4163 t

1867 4138 1883 4149 -
1988 4110 2135 4163 ribus
2179 4105 2662 4167 conversaremiui,
2715 4104 2815 4155 hoc
2864 4110 2964 4165 est,
3001 4100 3205 4156 Grrecis
3256 4116 3268 4151 :
3320 4097 3554 4164 alioquin

312 4202 584 4271 κουμένην
616 4199 859 4268 ὀφείλετε
889 4198 1141 4268 ζητῆσαι.
1174 4200 1297 4263 Πῶς
1320 4200 1429 4269 γὰρ
1456 4200 1699 4262 δυνατὶν,
1731 4203 1786 4253 ἐν
1817 4203 1882 4271 τῇ
1988 4218 1999 4254 t

1866 4203 1882 4271 τι
1988 4202 2152 4254 alium
2181 4210 2446 4255 terrarum
2472 4198 2656 4250 orbem
2690 4206 2937 4262 qurcrcre
2956 4196 3251 4258 oporteret.
3284 4187 3385 4253 Qui
3409 4187 3553 4240 enim

315 4295 453 4364 αὐτῇ
488 4292 639 4345 πόλει
666 4292 928 4345 πλειόνων
955 4292 1123 4344 ὄντων
1152 4292 1258 4345 τῶν
1296 4292 1585 4363 Ἑλλήνων,
1636 4291 1710 4362 μὴ
1763 4310 1884 4345 συν·
1991 4292 2002 4343 l

1872 4322 1884 4332 -
1991 4292 2104 4345 fieri
2133 4302 2342 4357 potest;
2389 4288 2544 4356 150
2568 4302 2687 4339 cum
2723 4287 2772 4336 in
2808 4298 2911 4335 una
2941 4282 3239 4347 eademque
3274 4280 3409 4332 urbe
3444 4279 3559 4345 plu-

312 4384 714 4456 αναμίγνυσθαι
740 4386 852 4446 τοίς
881 4383 1143 4447 τοιούτοις
1166 4386 1186 4416 ³
1216 4402 1230 4449 ;
1990 4399 1999 4435 l

1990 4398 2075 4435 res
2098 4383 2203 4434 sint
2229 4381 2400 4433 Graeci
2434 4388 2486 4432 et
2513 4387 2851 4447 peccatores,
2881 4383 2937 4426 ut
2960 4386 3063 4427 nou
3090 4371 3555 4425 commisceamini

1836 4472 1841 4479 ’
1989 4471 2225 4524 tahhus?

392 4579 410 4610 ι
450 4559 589 4612 Νυνὶ
612 4559 668 4612 δὲ
696 4558 913 4628 ἔγραψα
940 4559 1068 4629 ὑμῖν
1111 4558 1186 4629 μὴ
1233 4558 1753 4629 συναναμίγνυσθαι,
1790 4564 1882 4615 ἐάν
1919 4573 1958 4627 ῖ)
2062 4562 2079 4601 ‘

1867 4581 1882 4615 θ
1919 4573 1958 4627 ῖ)
2062 4562 2226 4615 Vens.
2267 4561 2349 4613 ll.
2391 4579 2408 4607 ι
2454 4557 2602 4611 Nunc
2631 4566 2808 4610 autem
2841 4554 3033 4621 scripsi
3065 4554 3240 4615 vobis,
3276 4568 3379 4606 non
3409 4568 3554 4607 com-

312 4671 397 4715 τις
431 4652 657 4720 ἁδελφὸς
685 4648 1157 4722 ὀνομαζόμενοςῇ
1191 4651 1406 4721 πόρνος,
1456 4652 1487 4722 ἢ
1524 4652 1849 4724 πλεονέκτης
1873 4696 1886 4719 ,
1992 4671 1999 4708 1

1873 4696 1886 4719 ,
1992 4653 2233 4715 misceri,
2262 4653 2306 4705 si
2338 4652 2383 4705 is
2419 4652 2508 4719 qui
2556 4648 2731 4703 frater
2758 4659 3087 4709 nominatur,
3132 4647 3203 4700 sit
3238 4643 3554 4705 fornicator,

316 4747 348 4815 ἢ
379 4745 792 4814 εἰδωλολάτρης,
820 4743 1131 4815 ἢλοίδορος,
1165 4743 1196 4812 ἢ
1232 4743 1485 4813 μέθυσος,
1576 4744 1776 4816 ἅρπαξ,
1808 4748 1883 4816 τῷ
1993 4766 2003 4797 :

1869 4748 1883 4799 3
1993 4758 2083 4797 aut
2121 4758 2336 4805 avarus,
2385 4751 2478 4792 aut
2511 4741 2777 4793 idolorum
2830 4738 3024 4801 cultor,
3061 4745 3152 4788 aut
3201 4736 3556 4797 conviciator,

318 4834 544 4902 τοιούτῳ
578 4834 710 4904 μηδὲ
753 4833 1072 4887 συνεσθίειν.
1109 4852 1126 4883 ι
1174 4835 1357 4903 Ὀρᾷς,
1391 4836 1472 4887 ὅτι
1497 4838 1593 4905 ούχ
1622 4830 1702 4898 εἷς
1729 4838 1887 4906 μόνος
1993 4853 2005 4890 :

1868 4854 1887 4900 ;
1993 4846 2085 4890 aut
2113 4837 2376 4896 ebriosus,
2405 4841 2497 4887 aut
2528 4847 2692 4900 rapax
2715 4870 2730 4894 ,
2762 4846 2881 4882 cum
2910 4828 3212 4897 huiusmodi
3249 4841 3346 4880 ncc
3378 4827 3555 4878 cibum

313 4922 381 4996 ἦ)
422 4925 639 4996 πόρνος,
674 4924 813 4977 ἀλλὰ
843 4928 936 4977 καὶ
967 4924 1165 4993 ἕτεροι,
1218 4928 1311 4978 καὶ
1344 4929 1401 4979 ὲν
1452 4927 1727 4996 διαφόροις
1781 4947 1879 4981 κα·
1993 4945 2000 4979 ε

1871 4958 1879 4970 -
1993 4940 2221 4979 sumere.
2266 4942 2283 4973 ι
2332 4922 2490 4976 Vides
2522 4938 2625 4975 non
2652 4921 2879 4973 'umcum
2920 4916 3259 4971 solummodo
3298 4924 3558 4969 SCOI‘luLt-

316 5019 485 5079 κίαις.
525 5018 631 5070 Καὶ
670 5016 787 5080 πῶς
867 5015 1097 5084 ἁδελφὸς
1152 5016 1247 5080 ὢν,
1316 5018 1707 5088 εἰδωλολάτρης
1743 5015 1883 5072 εἶναι
1994 5034 2003 5070 l

1867 5039 1883 5072 ι
1994 5031 2102 5070 rem
2129 5013 2329 5077 fuisse,
2358 5013 2453 5068 sed
2479 5013 2740 5069 diversos.
2777 5010 2936 5079 idque
2965 5010 3016 5063 iu
3047 5010 3210 5061 variis
3241 5008 3552 5063 sceleribus.

314 5109 573 5173 δόναταις
618 5108 829 5178 Ὥσπερ
881 5109 972 5159 ἐπὶ
996 5107 1103 5161 τῶν
1130 5108 1482 5177 Σαμαρειτῶν
1510 5109 1707 5179 συνέϐη
1729 5112 1881 5175 ποτὲ,
1995 5144 2001 5160 ι

1871 5151 1881 5175 ,
1995 5108 2062 5160 At
2090 5106 2360 5175 quomodo
2394 5104 2439 5159 is
2474 5104 2563 5173 qui
2599 5100 2771 5154 frater
2796 5112 2901 5164 est,
2936 5088 3201 5153 idolorum
3240 5101 3412 5151 cultor
3441 5111 3558 5150 esse

314 5201 365 5252 οἳ
410 5199 470 5262 ἐξ
522 5198 780 5267 ἡμισείας
843 5197 1106 5266 ηύσὲὅουν
1162 5215 1175 5227 σ
1234 5198 1375 5251 οὕτω
1425 5202 1517 5253 καὶ
1556 5201 1615 5251 ὲν
1654 5200 1885 5264 τούτοις,
1990 5216 2001 5266 ι

1869 5239 1885 5264 ,
1990 5198 2207 5266 potest?
2249 5195 2711 5263 Quemadmodum
2759 5195 2811 5246 iu
2863 5192 3221 5245 Samaritanis
3255 5191 3384 5245 olim
3428 5204 3556 5243 cou-

319 5289 468 5351 τινὲς
535 5288 641 5340 τῶν
706 5286 940 5340 εἰδώλων
1025 5288 1229 5357 εἴχοντο
1286 5289 1388 5341 εἴτι
1433 5290 1493 5342 ¹⁶.
1562 5290 1769 5354 Ἀλλως
1832 5308 1892 5344 τε
1991 5301 2006 5343 ι

1868 5308 1892 5343 ε
1991 5290 2136 5358 tigit,
2177 5288 2267 5357 qui
2304 5303 2368 5341 ex
2402 5286 2623 5340 dimidia
2674 5295 2826 5352 parte
2864 5286 2933 5351 pii
2964 5293 3167 5347 essent,
3202 5283 3398 5349 Deique
3440 5280 3553 5332 cul-

320 5380 417 5431 καὶ
452 5377 966 5447 προκαταὸάλλεται
1011 5379 1104 5431 τὸν
1139 5381 1266 5447 περὶ
1310 5380 1419 5432 τῶν
1468 5380 1535 5432 τὰ
1568 5381 1891 5436 εἰδωλόθυτα
1994 5392 2007 5432 t

1867 5399 1891 5436 ι
1994 5392 2140 5437 torcs
2181 5380 2502 5435 videbantur
2544 5396 2559 5430 :
2607 5379 2687 5432 sic
2720 5379 2859 5445 apud
2907 5378 3041 5432 istos
3090 5375 3306 5430 accidit.
3354 5373 3433 5426 Ex
3473 5373 3554 5425 his

321 5472 613 5525 ἐσθιόντων
652 5472 830 5540 λόγον.
863 5470 1054 5534 Καλῶς
1079 5471 1133 5524 δὲ
1163 5468 1282 5524 εἷπε
1309 5473 1388 5535 τὸ,
1436 5492 1453 5524 ι
1503 5474 1755 5543 Ἀδελφὸς
1776 5476 1891 5527 όνυ-
1992 5489 2008 5525 ε

1866 5504 1891 5515 -
1992 5473 2134 5526 enim
2171 5471 2409 5524 nonnulli
2443 5470 2601 5525 idolis
2633 5470 3014 5524 detinebantur
3061 5468 3253 5521 adhuc.
3288 5464 3552 5518 Prteterea

323 5563 656 5633 μαζόμενος.
695 5583 712 5615 ι
767 5565 978 5633 Ὀνομα
1009 5563 1117 5634 γάρ
1152 5566 1310 5633 μόνον
1340 5564 1567 5634 ἀδελφοῦ
1613 5567 1743 5637 ἔχει,
1791 5567 1891 5618 οὐκ
1992 5578 2010 5614 ι

1871 5583 1891 5617 ι
1992 5565 2134 5617 viam
2174 5564 2448 5633 prmstruit
2497 5562 2756 5627 sermoni,
2808 5576 2968 5631 quem
3014 5560 3078 5613 de
3126 5560 3212 5625 iis,
3259 5556 3347 5625 qui
3402 5553 3558 5610 idolis

1649 5702 1844 5762 Varia)
1892 5702 2214 5763 lectiones.

396 5822 417 5853 ⁸
461 5819 763 5891 βαθύτητος
798 5822 888 5873 καὶ
920 5822 1161 5891 πονηρᾶς
1196 5837 1279 5888 γν.
1311 5838 1359 5875 o.
1440 5824 1457 5849 θ
1518 5824 1731 5891 πόρνοις
1775 5840 1826 5876 o.
1908 5825 1948 5853 ¹⁰
1985 5822 2060 5874 ἔτι
2116 5842 2187 5877 ill.
