4272 6448
754 338 851 397 631

755 533 859 585 tis?
905 515 1090 600 quare
1113 544 1218 585 non
1270 531 1441 600 magis
1479 529 1724 583 fraudem
1759 531 2051 601 patimini?
2084 531 2190 586 Sed
2228 532 2330 600 ipsi

754 624 1009 695 iniuriam
1040 620 1274 689 infertis,
1328 637 1390 675 ac
1443 620 1801 685 defraudatis,
1846 622 2012 691 idque
2044 621 2269 678 fratres.
2307 640 2325 674 ι

753 716 1030 787 Multiplex
1067 716 1366 771 accusatio.
1396 714 1577 769 Prima
1605 714 1853 783 quidem,
1887 716 2027 783 quod
2074 714 2330 784 injuriam

752 810 926 880 passi,
992 810 1266 865 sustinere
1303 822 1411 862 non
1470 816 1719 861 norant:
1782 806 1973 869 altera,
2029 807 2170 875 quod
2229 806 2330 875 ipsi

755 902 935 970 potius
970 900 1223 970 injuriam
1278 898 1560 953 inferant:
1617 898 1797 961 tertia,
1844 896 1984 964 quod
2050 896 2328 952 fratribus.

758 993 963 1047 Bonum
999 1004 1165 1056 esset,
1208 991 1407 1060 inquit,
1471 1005 1647 1062 neque
1698 990 1946 1058 injuriam
1989 990 2191 1057 facere,
2230 1005 2326 1047 ne-

752 1102 859 1155 que
888 1086 1036 1154 pati:
1070 1086 1122 1140 in
1153 1099 1367 1140 summa
1395 1095 1600 1149 autem,
1629 1083 1823 1139 melius
1853 1092 1936 1139 est
1962 1084 2096 1154 pati.

826 1178 994 1234 Vens.
1023 1179 1077 1233 9.
1112 1195 1131 1228 ι
1191 1178 1273 1231 An
1305 1177 1528 1232 nescitis
1557 1174 1702 1244 quod
1766 1175 1937 1245 iniqui
1977 1190 2200 1246 regnum
2236 1174 2327 1230 Dei

754 1288 862 1326 non
915 1270 1312 1340 possidebunt?
1358 1289 1376 1322 ι
1423 1269 1869 1325 Exliortationem
1913 1268 2330 1324 comminatione

751 1362 1048 1427 concludit,
1086 1376 1390 1417 sermonem
1440 1361 1912 1415 vehementiorem
1971 1361 2224 1424 reddens,
2264 1373 2328 1414 ac

750 1454 914 1509 veluti
949 1454 1002 1508 in
1038 1468 1094 1508 re
1117 1452 1362 1507 confessa
1401 1453 1550 1520 ipsos
1574 1450 1901 1519 interrogat.

830 1563 849 1596 ι
886 1544 961 1598 Ne
989 1544 1206 1598 erretis.
1247 1561 1264 1593 ι
1301 1540 1401 1596 Hic
1425 1540 1635 1596 occulte
1665 1538 1870 1594 indicat
1893 1537 2061 1594 fuisse
2093 1538 2326 1592 nonnul-

753 1636 837 1693 los
862 1635 1004 1705 apud
1039 1650 1133 1689 eos
1168 1634 1260 1705 qui
1298 1634 1581 1689 dicerent:
1618 1632 1871 1687 Clemens
1914 1642 1995 1687 est
2031 1632 2193 1695 Deus,
2229 1644 2328 1685 nec

752 1728 938 1797 puniet
962 1742 1085 1793 nos,
1110 1741 1299 1780 verum
1323 1726 1374 1781 in
1405 1740 1631 1795 regnum
1661 1725 1991 1780 introducet.
2020 1723 2111 1778 Ait
2141 1722 2324 1792 igitur,

755 1839 776 1873 ι
814 1819 895 1876 Ne
926 1820 1144 1874 erretis.
1176 1836 1195 1869 ι
1226 1817 1435 1872 Etenim
1472 1832 1661 1872 revera
1691 1818 1894 1872 erroris
1935 1824 2018 1870 est
2067 1825 2120 1871 et
2153 1816 2325 1885 impo-

755 1921 943 1976 sturze,
975 1911 1063 1966 hic
1091 1925 1314 1979 sperare
1345 1911 1654 1974 commoda,
1691 1909 1916 1980 posthac
1940 1922 2070 1964 vero
2101 1907 2213 1964 illic
2244 1906 2327 1962 di-

752 2019 972 2060 versum
1001 2004 1282 2073 consequi.

825 2114 853 2154 ι
887 2098 1071 2167 Neque
1094 2096 1480 2152 fornicatores.
1519 2113 1540 2148 ι
1577 2094 1711 2149 Eum
1737 2094 1831 2164 qui
1863 2093 1976 2163 jam
2008 2092 2328 2148 condemna-

754 2201 842 2247 tus
874 2200 1016 2257 erat,
1044 2191 1223 2261 primo
1245 2188 1366 2243 loco
1405 2187 1578 2259 ponit.

827 2302 847 2336 ι
883 2282 1068 2352 Neque
1106 2282 1374 2336 idolorum
1397 2280 1655 2346 cultores,
1691 2292 1864 2350 neque
1910 2277 2127 2341 mtechi,
2154 2289 2330 2345 neque

752 2372 965 2428 molles.
1006 2389 1026 2424 ι
1059 2369 1270 2435 Molles,
1321 2370 1500 2439 turpia
1553 2370 1822 2439 patientes
1860 2370 2123 2424 nominat.
2162 2366 2330 2421 lnlert

750 2465 915 2535 igitur
943 2473 998 2519 et
1026 2464 1200 2534 turpia
1225 2471 1465 2533 agentes.

822 2554 993 2611 Vens.
1050 2554 1140 2610 10.
1209 2573 1230 2607 ι
1296 2554 1482 2624 Neque
1520 2554 1887 2611 masculorum
1925 2552 2326 2616 concubitores,

758 2660 939 2715 neque
998 2645 1169 2711 avari,
1221 2660 1397 2715 neque
1444 2645 1611 2713 fures,
1660 2660 1834 2715 neque
1870 2645 2093 2708 ebriosi,
2151 2658 2330 2712 neque

751 2737 1026 2805 maledici,
1050 2752 1225 2807 neque
1256 2753 1501 2807 rapaces.
1527 2753 1747 2808 regnum
1783 2737 1877 2791 Dei
1918 2736 2323 2806 possidebunt.»

751 2829 1015 2896 Quaerunt
1046 2828 1222 2894 multi,
1253 2844 1424 2898 quare
1458 2827 1738 2898 conjunxit
1762 2828 2009 2882 ebriosos
2030 2838 2085 2881 et
2109 2826 2329 2881 maledi-

752 2936 849 2977 cos
879 2936 1001 2977 cum
1033 2919 1303 2975 idolorum
1341 2920 1499 2991 153
1528 2920 1852 2985 cultoribus,
1890 2927 1945 2974 ιε.
1971 2936 2094 2976 cum
2121 2922 2201 2976 eis
2230 2921 2325 2990 qui

751 3014 961 3069 scelera
1026 3011 1260 3069 nefanda
1334 3012 1679 3082 perpetrant?
1745 3012 2014 3078 Quoniam
2076 3012 2328 3067 nimirum

754 3109 1008 3164 Christus
1065 3110 1203 3180 ipse,
1258 3125 1381 3163 eum
1412 3111 1503 3178 qui
1540 3110 1739 3164 dixerit
1776 3126 1796 3160 ι
1857 3108 2013 3163 fratri
2054 3122 2173 3171 suo,
2229 3106 2331 3159 Ρη·
2357 3137 2398 3194 C

762 3213 853 3257 tue
884 3211 931 3266 ι),
968 3216 1119 3255 reum
1148 3201 1311 3255 faciat
1345 3200 1603 3268 gehennre
1638 3217 1651 3254 :
1681 3214 1746 3254 ac
1790 3213 1982 3255 rursus
2000 3199 2123 3269 quia
2154 3196 2323 3253 Judaei

756 3308 823 3348 ex
857 3293 1120 3347 ebrietate
1152 3293 1217 3346 ad
1258 3292 1618 3346 idololatrian)
1669 3302 2051 3359 pervenerunt.
2107 3290 2326 3355 Deinde,

755 3398 864 3439 non
894 3384 963 3438 de
990 3384 1252 3453 supplicio
1280 3383 1392 3453 jam
1444 3398 1586 3436 nunc
1634 3383 1905 3453 loquitur;
1961 3382 2053 3437 sed
2084 3381 2150 3437 de
2182 3383 2329 3450 regni

756 3477 1077 3533 amissione.
1123 3475 1163 3529 E
1224 3491 1391 3545 regno
1446 3484 1626 3530 autem
1691 3477 1896 3545 pariter
1938 3490 2128 3530 omnes
2181 3475 2329 3529 exei-

757 3571 895 3624 dunt
927 3588 941 3624 :
970 3584 1103 3623 num
1124 3583 1253 3623 vero
1285 3571 1337 3622 in
1364 3569 1544 3637 pinnis
1579 3569 1871 3624 discrimen
1924 3568 2168 3624 habituri
2199 3568 2327 3633 sint,

758 3675 868 3715 non
903 3669 987 3716 est
1015 3662 1296 3731 praesentis
1327 3662 1426 3717 loci
1452 3662 1730 3733 indagare.

826 3750 988 3809 Vens.
1041 3752 1129 3806 il.
1170 3771 1189 3805 ι
1226 3753 1293 3808 Ει
1338 3754 1454 3808 hac
1510 3754 1723 3823 quidem
1752 3752 1948 3822 fuistis,
2008 3754 2105 3810 sed
2163 3755 2332 3813 abluti

753 3842 911 3909 estis,
958 3843 1052 3898 sed
1096 3844 1418 3900 sanetilicati
1451 3844 1605 3910 estis,
1645 3845 1738 3900 sed
1782 3844 2065 3914 iustificati
2105 3847 2237 3901 estis
2281 3847 2332 3900 in

755 3935 976 3989 nomine
1032 3936 1242 3991 Domini
1296 3934 1448 4002 Jesu,
1500 3938 1637 3994 etin
1682 3936 1883 4006 Spiritu
1944 3938 2037 3992 Dei
2084 3941 2274 3993 nostri.
2308 3958 2327 3992 ι

756 4020 1060 4097 lutelligite,
1123 4028 1316 4096 inquit,
1362 4044 1391 4083 a
1445 4028 1698 4098 qualibus
1732 4030 1891 4084 malis
1941 4045 2038 4085 vos
2070 4030 2331 4097 liberarit,

754 4129 1063 4189 quantaque
1118 4122 1271 4176 vobis
1306 4123 1444 4175 bona
1478 4122 1704 4193 largitus
1738 4122 1808 4177 sit
1839 4123 1998 4177 Deus.
2045 4122 2335 4178 llabebatis

757 4212 903 4266 enim
937 4228 1036 4266 vos
1062 4213 1313 4281 prmdicta
1343 4215 1522 4268 omnia
1555 4232 1569 4267 :
1597 4229 1784 4269 verum
1813 4214 1880 4268 ab
1926 4215 1992 4270 iis
2032 4230 2129 4270 vos
2176 4232 2338 4269 mun-

752 4304 900 4358 davit
957 4304 1098 4359 Deus
1133 4324 1144 4357 :
1175 4318 1229 4360 et
1259 4321 1362 4359 non
1404 4306 1574 4361 solmn
1614 4306 1734 4372 hoc,
1764 4309 1857 4361 sed
1888 4308 2048 4361 etiam
2100 4309 2338 4363 sanctiﬁ-

752 4396 917 4450 cavit.
974 4395 1301 4461 Quomodo?
1350 4397 1717 4465 justillcando,
1761 4400 1959 4468 inquit,
1985 4416 2103 4455 vos.
2149 4400 2334 4455 Abluit

1672 324 2259 388 THEOPHYLACTI
2289 329 2698 392 BULGARHE
2728 333 3080 395 ARCHIEP.

819 440 989 496 Vens.
1027 439 1138 504 7,8.
1178 454 1196 488 ι
1238 437 1421 504 Quare
1466 451 1572 492 non
1609 437 1781 506 magis
1832 437 2080 505 iniuriam
2117 439 2321 509 accipi-
2353 444 2400 502 Α

2503 463 2521 495 ι
2568 446 2666 498 Διά
2699 446 2752 499 τί
2778 447 2899 516 οὐχὶ
2929 447 3131 514 μᾶλλον
3162 448 3437 502 ἀδικεῖσθε
3461 466 3475 515 ;
3502 448 3603 502 Διὰ
3630 449 3685 502 τί
3714 449 3838 518 οὐχὶ
3869 448 4007 519 μᾶλα

2436 534 2525 587 λον
2586 537 3021 607 ἀποστερεῖσθε;
3081 537 3221 592 Ἀλλ’
3258 539 3411 593 αὐτοὶ
3464 541 3700 594 ἀδικεῖτε
3745 540 3841 592 καὶ
3877 540 4014 592 ἀπο-

2437 628 2700 694 στερεῖτε,
2770 628 2866 680 καὶ
2911 627 3084 682 ταῦτα
3146 628 3430 699 ἀδελφούς.
3478 649 3497 681 ι
3552 629 3902 685 Πολλαπλοῦν
3951 630 4013 682 τὲ.

2434 715 2714 785 ἔγκλημα·
2749 717 2964 785 πρῶτον
2999 718 3119 786 μὲν,
3161 720 3242 774 ὅτι
3280 724 3380 773 οὐκ
3425 723 3630 775 οἴδασιν
3662 722 4009 790 ἀδικούμενοι

2436 808 2656 878 φέρειν·
2685 809 2938 879 δεύτερον
2996 809 3076 873 δὲ,
3121 811 3204 863 ὅτι
3263 812 3513 865 ἀδικοῦσι
3564 811 3764 882 μᾶλλον
3816 810 4007 864 αὐτοϋ

2432 899 2632 968 τρίτον,
2668 900 2751 952 ὅτι
2779 900 3067 967 ἀδελφούς.
3089 900 3269 954 Καλὸν
3290 902 3386 970 μὲν
3406 898 3497 973 ἦν,
3525 904 3679 972 φησι,
3727 903 3865 970 μήτε
3895 900 4016 953 ἀδι-

2433 996 2569 1058 κεῖν,
2600 994 2736 1063 μήτε
2788 992 3126 1046 ἀδικεῖσθαι·
3181 996 3242 1049 ἐν
3286 995 3515 1065 ἐπιλογῇ
3563 995 3642 1059 δὲ,
3687 993 3897 1064 βέλτιον
3947 992 4012 1045 τὸ

2433 1086 2757 1143 ἀδικεῖσθαι.

2506 1200 2525 1232 ι
2564 1181 2635 1234 Ἢ
2661 1184 2761 1236 οὐκ
2791 1184 2968 1237 οἴδατε
2991 1184 3073 1237 ὅτι
3098 1183 3274 1238 ἄδικοι
3303 1180 3581 1252 βασιλείαν
3607 1177 3743 1231 Θεοῦ
3776 1178 3839 1230 οὐ
3872 1175 4011 1246 κλητ

2433 1277 2870 1346 ρονομήσουσινς
2913 1295 2932 1328 ι
2983 1277 3077 1339 Εἰς
3123 1274 3357 1345 ἀπειλὴν
3392 1273 3704 1328 κατακλείει
3750 1271 3851 1342 τὴν
3912 1288 4013 1322 πσ-

2436 1365 2696 1434 ραίνεσιν,
2738 1366 3088 1437 ἰσχυρότερον
3122 1365 3293 1419 ποιῶν
3335 1366 3427 1418 τὸν
3471 1365 3649 1432 λόγον,
3684 1363 3782 1416 καὶ
3804 1363 3879 1424 ὡς
3925 1358 4017 1411 ἐπ’

2432 1454 2835 1526 ὼμολογημένῳ
2866 1458 3152 1527 πράγματι
3181 1456 3400 1527 ἐρωτῶν
3432 1455 3653 1518 αὐτούς.

2508 1567 2525 1598 ι
2569 1549 2657 1616 Μὴ
2689 1548 2983 1603 πλανᾶσθε.
3017 1568 3037 1601 ι
3078 1548 3344 1602 Ἐνταῦθα
3369 1546 3847 1606 αἰνίττεταίτινας
3873 1542 4011 1609 παρ’

2430 1644 2614 1705 αὐτοῖς
2647 1641 2830 1708 ὄντας,
2871 1642 2920 1695 οἳ
2974 1640 3181 1710 ελεγον,
3232 1642 3314 1693 ὃτι
3363 1637 3749 1708 φιλάνθρωπός
3804 1638 3957 1687 ἐστιν
3987 1635 4019 1685 ὀ

2430 1738 2582 1801 Θεὸς,
2616 1737 2710 1789 καλ⁵
2731 1736 2793 1789 οὗ
2823 1734 3064 1798 κολάσει,
3089 1732 3206 1785 ἀλλ’
3231 1734 3311 1794 εἰς
3344 1731 3440 1802 τὴν
3464 1726 3742 1801 βασιλείαν
3778 1724 4015 1787 εἰσάξει.

2432 1830 2602 1899 φησὶν
2632 1824 2726 1883 οὖν
2746 1846 2758 1858 ο
2794 1848 2812 1879 ι
2841 1827 2934 1898 Μὴ
2956 1825 3256 1880 πλανᾶσθε.
3288 1843 3307 1876 ι
3338 1823 3447 1875 Καὶ
3469 1822 3581 1892 γὰρ
3603 1820 3771 1881 ὅντως
3797 1818 4020 1884 ἀπάτης

2434 1926 2552 1979 ἐστὶ
2597 1927 2692 1979 καλ⁵
2742 1923 2950 1992 πλάνης
2999 1919 3219 1974 ἐλπίσαι
3267 1914 3500 1972 ἐνταῦθα
3531 1915 3571 1946 ¹⁷
3604 1911 3839 1985 χρηστὰ,
3892 1904 4019 1962 εἶτα

2434 2022 2552 2073 ἐκεῖ
2579 2018 2687 2073 τῶν
2726 2015 2986 2072 ἐναντίων
3016 2016 3318 2083 ἐπιτυχεῖν.

2510 2130 2528 2161 r
2562 2107 2702 2162 Οὔτε
2730 2107 2942 2179 πόρνοι.
2980 2124 2999 2160 ι
3031 2105 3135 2158 Τὸν
3168 2105 3269 2174 ἤδη
3292 2098 3767 2157 καταδικασθέντα
3793 2095 4018 2167 πρῶτον

2434 2197 2665 2267 τίθησιν.

2511 2308 2529 2342 ι
2551 2287 2688 2341 Οὐδὲ
2719 2287 2883 2361 [t-ulg.
2902 2284 3049 2357 οὔτε]
3076 2284 3486 2355 εἰδωλαλάτραι,
3514 2280 3637 2334 οὔτε
3668 2277 3869 2349 μοιχοὶ,
3888 2274 4015 2329 οὔτε

2437 2382 2694 2454 μαλακοί.
2726 2400 2745 2435 ι
2784 2379 3079 2442 Μαλακούς
3126 2394 3259 2447 φησι
3308 2378 3433 2439 τοὺς
3478 2370 4013 2444 αίσχροπαθοῦντας.

2448 2472 2730 2541 Ἐπιφέρει
2774 2471 2904 2537 γοῦν
2936 2469 2979 2500 ¹⁸
3002 2468 3242 2531 καὶτοὺς
3270 2462 3785 2536 αἰσχροποιοῦντας.

2510 2578 2529 2611 ι
2565 2558 2703 2613 Οὔτε
2733 2559 3136 2627 ἀρσενοκοῖται,
3171 2555 3295 2609 οὔτε
3343 2554 3687 2614 πλεονέκται,
3726 2548 3855 2603 οῦτε
3886 2549 4020 2600 κλέ-

2435 2667 2588 2716 πται,
2625 2650 2750 2706 οὕτε
2783 2649 3030 2719 μέθυσοι,
3060 2649 3120 2701 οὗ
3152 2647 3399 2717 λοίδοροι,
3428 2647 3525 2715 οὐχ
3558 2646 3830 2715 ἅρπαγες,
3863 2640 4023 2710 βασις

2414 2746 2585 2802 ,λείαν
2632 2742 2767 2799 Θεοῦ
2801 2744 2861 2796 οὐ
2908 2741 3437 2811 κληρονομήσουσιν.
3472 2757 3490 2788 δ
3533 2735 3765 2803 Ζητοῦσι
3802 2731 4015 2793 πολλοὶ,

2434 2840 2486 2893 τί
2513 2838 2712 2907 δήποτε
2743 2838 2870 2897 τοὺς
2906 2831 3178 2903 μεθύσους
3204 2832 3247 2863 ¹⁸
3293 2830 3388 2884 καὶ
3428 2828 3699 2897 λοιδόρους
3736 2822 3875 2895 μετὰ
3903 2822 4019 2874 τῶν

2435 2927 2839 2998 εἱδωλολατρῶν
2866 2926 2962 2979 καὶ
3009 2923 3118 2977 τῶν
3160 2921 3541 2993 ἀρῤητοποιῶν
3574 2918 3855 2980 τέθεικεν;
3886 2915 4018 2967 Ὀτι

2435 3022 2532 3075 καὶ
2572 3022 2600 3073 ὁ
2628 3018 2866 3088 Χριστὸς
2894 3017 2987 3069 τὸν
3029 3015 3273 3079 εξπόντα,
3310 3034 3327 3065 ι
3360 3012 3549 3084 Μωρὲ,
3590 3010 3667 3080 τῷ
3714 3006 3952 3076 ἀδελςῷ,
3988 3026 4011 3057 ι

2436 3116 2618 3184 ἔνοχον
2656 3109 2777 3165 εἶπε
2800 3112 3025 3179 γεέννης
3046 3123 3060 3137 ⁸
3088 3108 3184 3161 καλ.
3212 3107 3302 3171 αὖ,
3345 3105 3587 3159 Ἰουδαῖοι
3617 3105 3681 3156 ὲκ
3712 3103 3811 3169 τῆς
3838 3100 4017 3170 μέθης

2433 3208 2511 3268 εἰς
2536 3202 2949 3273 είδωλολατρίαν
2977 3195 3160 3269 ἦλθον.
3193 3200 3449 3258 Ἔπειτα,
3474 3196 3534 3249 οὐ
3561 3196 3688 3265 περὶ
3714 3194 4015 3254 κολάσεως,

2430 3301 2459 3352 ό
2506 3297 2665 3365 λόγος
2702 3294 2819 3357 νῦν,
2860 3293 2996 3347 ἀλλὰ
3038 3292 3168 3362 περὶ
3209 3289 3534 3350 ἐκπτώσεως
3567 3285 3861 3357 βασιλείας.
3897 3281 4021 3351 Τῆς

2435 3389 2534 3458 μὲν
2562 3386 2654 3440 οῦν
2692 3384 2969 3456 βασιλείας
2994 3385 3197 3451 ὁμοίως
3224 3380 3426 3442 πάντες
3458 3379 3817 3432 ἐκπίπτουσιν
3836 3389 3850 3403 '
3886 3376 3933 3427 εἰ
3955 3373 4020 3426 δὲ

2432 3480 2492 3533 ἐν
2525 3480 2645 3540 ταῖς
2671 3476 2925 3529 κολάσεσι
2953 3474 2998 3505 ¹⁰
3020 3472 3282 3542 διαφοράν
3312 3469 3547 3535 ἕξουσιν,
3583 3467 3645 3521 οὐ
3682 3465 3776 3519 τοῦ
3810 3464 4018 3534 παρόν.

2432 3590 2522 3636 τος
2554 3569 2749 3641 καιροῦ
2776 3570 2978 3639 ζητεῖν.

2513 3770 2532 3803 ι
2558 3750 2666 3804 Καὶ
2713 3746 2887 3802 ταῦτά
2915 3762 3059 3809 τινες
3085 3741 3206 3816 ἦτε,
3256 3742 3396 3796 ἀλλά
3444 3738 3843 3801 ἀπελούσασθε,
3876 3734 4019 3791 ἀλλά

2434 3842 2754 3915 ἡγιάσθητε,
2788 3839 2926 3894 ἀλλά
2955 3835 3310 3905 ἐδικαιώθητε
3341 3836 3397 3889 ὲν
3422 3834 3500 3904 τῷ
3530 3832 3755 3901 ὀνόματι
3782 3829 3876 3884 τοῦ
3908 3831 4021 3883 Κυ-

2438 3938 2555 4006 ρίου
2597 3932 2768 4005 Ἰησοῦ
2795 3931 2886 3985 καὶ
2926 3932 2983 3983 ὲν
3007 3930 3087 3999 τῷ
3138 3927 3419 3998 Πνεύματι
3460 3925 3553 3979 τοῦ
3598 3923 3732 3978 Θεοῦ
3760 3922 3941 3994 ἡμῶν.
3991 3941 4011 3973 ι

2449 4028 2794 4095 Ἐννοήσατε,
2839 4023 3025 4092 φησὶν,
3072 4019 3276 4090 ἡλίκων
3306 4019 3452 4089 ὑμᾶς
3486 4015 3674 4069 κακῶν
3705 4015 4017 4086 ἀπήλλαξε,

2437 4121 2533 4172 καὶ
2562 4116 2722 4186 ἡλίκα
2757 4115 2885 4182 ὑμῖν
2912 4111 3204 4183 ἐχαρίσατο
3232 4113 3259 4163 ό
3294 4109 3424 4172 Θεὸς
3451 4108 3650 4176 ἀγαθά.
3683 4108 3871 4178 Εῖχετε
3906 4109 4021 4177 γὰρ

2438 4211 2531 4264 καὶ
2552 4210 2709 4279 ὑμεῖς
2728 4206 2795 4260 τὰ
2816 4205 3082 4276 εἰρημένα
3106 4204 3287 4257 πάντα
3306 4215 3320 4230 ⁸
3352 4200 3487 4253 ἀλλὰ
3508 4200 3780 4268 καθαροὺς
3806 4202 4021 4251 τούτων

2441 4304 2583 4372 ὑμᾶς
2616 4301 2839 4371 ἐποίησε
2861 4315 2874 4329 ·
2901 4298 2994 4351 καὶ
3017 4301 3078 4351 οὐ
3109 4299 3268 4366 μόνον
3294 4297 3473 4361 τοῦτο,
3508 4296 3640 4348 ἀλλὰ
3665 4296 3757 4347 καὶ
3793 4295 4015 4360 ἡγίασε.

2440 4397 2599 4458 Πῶςς
2641 4391 2947 4454 Δικαιώσας
2970 4432 2984 4454 ο
3030 4390 3215 4459 φησῖν.
3267 4389 3561 4442 Ἀπέλουσε
3591 4388 3698 4456 γάρ
3721 4428 3733 4450 ,
3766 4381 3889 4438 εἶτα
3941 4383 4022 4437 ει-

753 4488 903 4542 cnim
932 4502 1049 4552 vos,
1081 4487 1275 4542 deinde
1303 4489 1609 4558 justiﬁeans
1662 4493 2019 4545 sattctilicavit
2047 4508 2060 4543 :
2097 4507 2201 4545 non
2228 4492 2329 4545 hu-
2359 4472 2409 4530 Ῑ)

2359 4472 2409 4530 Ῑ)
2440 4487 2681 4545 καιώσας
2721 4483 2979 4553 ἡγίασεν·
3007 4480 3108 4532 οὐκ
3132 4481 3184 4532 ἰν
3214 4476 3289 4547 τῷ
3312 4478 3404 4532 τοῦ
3434 4479 3627 4539 δεῖνος,
3658 4476 3689 4545 ἤ
3723 4474 3815 4527 τοῦ
3842 4476 4017 4537 Bai-.0;

749 4580 839 4649 jus
887 4579 971 4633 vel
1026 4578 1167 4633 illius
1200 4581 1439 4635 doctoris
1481 4582 1718 4645 nomine,
1762 4593 2016 4637 cmterum
2047 4584 2099 4637 iu
2128 4583 2331 4639 Christi

756 4669 997 4734 nomine,
1052 4667 1366 4739 Spirituque
1422 4681 1610 4726 sancto
1646 4688 1661 4723 :
1695 4673 1745 4726 id
1789 4682 1891 4737 est,
1937 4674 2180 4730 Trinitas
2227 4678 2330 4731 ista

752 4757 909 4814 vobis
964 4760 1202 4813 donavit.
1263 4760 1395 4813 Cum
1436 4762 1578 4816 enim
1608 4762 1740 4817 dicit
1781 4764 1924 4833 quod
1978 4764 2117 4820 Deus
2147 4767 2201 4821 in
2229 4784 2329 4823 no-

756 4851 901 4905 mine
937 4851 1136 4907 Cbristi
1162 4861 1217 4907 et
1249 4852 1453 4921 Spiritu
1484 4862 1672 4909 sancto
1700 4871 1798 4911 nos
1826 4857 2205 4927 sanetiﬁcarit,
2240 4862 2322 4915 ni-

757 4942 832 4999 hil
862 4944 1006 4997 aliud
1028 4959 1187 5010 quam
1207 4946 1522 5001 Trinitatem
1560 4947 1731 5017 ponit.

834 5033 993 5089 Vens.
1057 5036 1144 5089 12.
1177 5055 1195 5088 ι
1223 5034 1412 5092 Omnia
1442 5038 1573 5093 mihi
1614 5039 1797 5105 licent,
1853 5041 1947 5096 sed
1994 5057 2096 5098 non
2150 5045 2331 5101 omnia

755 5125 1065 5192 expediunt.
1098 5143 1117 5178 ι
1181 5126 1316 5193 Quia
1369 5128 1711 5185 fornicatoris
1744 5146 1905 5200 supra
1955 5133 2220 5200 meminit,
2268 5151 2332 5190 ac

756 5216 825 5268 de
882 5216 974 5271 illo
1024 5232 1234 5272 rursum
1290 5220 1455 5273 verba
1510 5220 1751 5276 facturus
1798 5232 2230 5285 est,sermonem
2265 5226 2331 5280 de

753 5306 1044 5377 gulositate
1088 5310 1403 5381 interponit.
1440 5312 1513 5366 Ex
1563 5316 1662 5369 hac
1685 5316 1830 5369 enim
1866 5316 2185 5387 plerumque
2215 5318 2330 5372 for-

755 5399 1043 5454 nicatiouis
1080 5402 1276 5455 malmn
1320 5406 1601 5471 provenire
1641 5407 1797 5460 sole?.
1846 5407 1931 5460 Ait
1980 5422 2148 5478 ergo:
2183 5407 2333 5463 Licet

828 5544 855 5584 ι)
892 5533 1084 5589 Matth.
1118 5552 1171 5599 ν,
1206 5535 1299 5591 9.22.

2433 4577 2755 4633 διδασκάλου
2780 4575 3026 4644 ὀνόματι,
3069 4572 3183 4625 ἀλλ’
3215 4574 3273 4623 ὲν
3304 4570 3382 4641 τῷ
3413 4569 3508 4623 τοῦ
3534 4568 3797 4639 Χριστοῦ,
3832 4568 3926 4620 καὶ
3960 4568 4019 4618 ἐν

2433 4675 2512 4745 τῷ
2561 4672 2699 4742 ἁγίῳ
2748 4670 3062 4740 ῐΙνεύματι·
3125 4666 3435 4731 τουτέστιν,
3506 4666 3569 4717 Ἠ
3597 4663 3765 4734 Τριάς
3803 4664 3935 4731 ὑμῖν
3971 4664 4012 4693 ¹¹

2433 4765 2605 4819 ταῦτα
2629 4762 2943 4834 ἐχαρίσατο.
2983 4761 3069 4812 Ἑν
3096 4760 3205 4829 γὰρ
3227 4758 3304 4829 τῷ
3329 4761 3523 4823 εἰπεῖν,
3548 4756 3628 4809 ὅτι
3652 4758 3676 4808 ὁ
3699 4755 3833 4813 Θεὸς
3858 4756 3917 4805 ἐν
3940 4754 4017 4823 τῷ

2434 4858 2660 4927 ὀνόματι
2706 4855 2800 4908 τοῦ
2848 4853 3110 4925 Χριστοῦ,
3158 4851 3251 4904 καὶ
3301 4853 3359 4904 ἐν
3404 4850 3482 4919 τῷ
3539 4851 3679 4918 ἁγίῳ
3732 4847 4017 4917 Πνεῦματι

2437 4950 2689 5021 ἡγίασεν,
2711 4947 2862 5001 οὐδὲν
2886 4946 2999 4999 ἀλλ’
3030 4947 3063 5016 ἢ
3091 4943 3188 5015 τὴν
3220 4944 3427 5012 Τριάδα
3453 4941 3653 5011 τίθησι.

2519 5060 2537 5092 ι
2574 5041 2757 5094 Πάντα
2790 5056 2880 5109 μοι
2905 5038 3133 5103 ἔξεστιν,
3181 5036 3300 5090 ἀλλ’
3328 5034 3387 5087 οὐ
3429 5033 3604 5086 πάντα
3651 5031 3944 5100 συμφέρει.
3990 5049 4008 5081 ι

2451 5133 2667 5202 Ἐπειδὴ
2698 5134 2791 5185 καὶ
2819 5127 2938 5183 εἷπε
2966 5131 3093 5199 περὶ
3121 5127 3213 5181 τοῦ
3244 5125 3699 5197 πεπορνευκότος,
3727 5126 3822 5176 καὶ
3857 5120 4011 5184 αὖθις

2444 5226 2627 5298 μέλλει
2658 5226 2830 5276 εἰπ;ῖν
2871 5222 2997 5292 περὶ
3047 5219 3236 5285 αὑτοῦ,
3271 5217 3647 5288 παρεμϐάλλει
3696 5217 3885 5269 λοιπὸν
3917 5217 4015 5271 καὶ

2438 5319 2530 5370 τδν
2554 5318 2679 5386 περὶ
2706 5318 2804 5385 τῆς
2828 5311 3274 5384 γαστριμαργίας
3314 5309 3492 5377 λόγον.
3545 5309 3639 5362 Ἐκ
3666 5308 3777 5379 γάρ
3807 5309 4015 5377 ταύτης

2439 5410 2515 5472 ὡς
2547 5410 2639 5461 ἐπὶ
2666 5408 2725 5460 τὸ
2754 5408 2889 5459 πολὺ
2922 5406 2983 5457 τὸ
3010 5404 3109 5473 τῆς
3143 5403 3397 5474 πορνείας
3443 5402 3635 5464 πάθος.
3681 5401 3852 5469 Φησὶν
3901 5399 4020 5483 οῦν,

2084 5637 2281 5698 Varia)
2336 5637 2664 5698 lectiones.

827 5751 868 5788 ιι
912 5752 1160 5807 ἐντεῦθεν
1192 5775 1240 5810 υ,
1323 5755 1363 5786 ιε
1394 5753 1449 5807 5!,
1476 5752 1569 5807 ’,ὗν
1609 5771 1661 5810 ο,
1748 5757 1786 5787 Η
1831 5756 2125 5826 μεθύοντας
2153 5776 2203 5813 o.

2293 5760 2335 5791 ²⁰
2375 5760 2466 5813 καὶ
2505 5759 2598 5829 τῆς
2636 5758 2909 5822 κολάσεως
2953 5773 3003 5814 ο.

3082 5761 3124 5791 21
3167 5760 3296 5829 ἡμῖν
3321 5771 3373 5812 ο.
