4272 6448
280 403 393 470 633
1104 400 1506 462 EXPOSlTlO
1552 399 1634 463 IN
1674 401 1898 462 EPIST

1877 401 1921 461 Γ.
1964 400 1993 460 Ι
2033 403 2133 463 AD
2169 399 2334 461 (ΞΟΠ.
2363 401 2604 461 —C.'tP.
2657 405 2754 463 VI.
3453 414 3557 475 634

281 520 368 572 ὅτι
393 516 609 582 Ἔξεστί
641 533 730 586 μοι
761 516 961 585 φαγεῖν
986 516 1081 568 καὶ
1114 517 1294 580 πιεῖν,
1334 513 1448 565 ἀλλ’
1479 513 1539 566 οὐ
1588 512 1855 582 συμφέρει
1887 551 1900 582 Δ

1887 525 1931 582 Α
1964 509 2092 562 mihi
2121 511 2282 563 cdere
2315 520 2367 562 et
2400 510 2603 575 bibere,
2652 512 2743 566 sed
2775 527 2886 567 non
2924 525 3101 582 potest
3135 516 3324 572 isthme
3368 516 3558 570 immo-

281 613 426 684 μετά
457 611 724 680 ἀμετρίας
755 611 930 664 ταῦτα
958 610 1003 640 "
1034 612 1227 665 ποιεῖν.

361 725 380 756 ι
412 707 594 758 Πάντα
633 722 723 774 μοι
747 703 972 769 ἔξεστιν,
1013 703 1130 757 ἀλλ’
1156 704 1253 755 οὑκ
1276 701 1388 770 ἐγὼ
1436 699 1855 769 ἐξουσιασθήσοο

282 815 385 868 μαι
421 797 525 850 ὑπό
547 814 686 858 τινος
710 798 775 848 ⁸³.
798 817 813 846 ι
843 796 1048 863 Κύριός
1072 798 1208 864 εἰμι,
1238 796 1392 865 φησι,
1412 793 1507 847 τοῦ
1545 795 1738 861 φαγεῖν
1765 791 1856 842 καὶ

277 891 454 941 πιεῖν·
491 888 606 940 ἀλλ’
630 888 724 942 ἐὰν
748 887 958 951 τούτοις
985 888 1223 956 ἐμαυτὸν
1250 886 1391 940 ἐκδῶ
1430 886 1705 955 ἀμέτρως,
1734 882 1855 936 δοῦ-

275 983 371 1046 λος
402 983 582 1036 αὐτῶν
613 982 732 1034 ἀντὶ
765 983 952 1052 κυρίου
986 982 1355 1052 εὑρεθήσομαι
1407 979 1473 1032 ’⁸.
1516 981 1573 1032 ’0
1609 979 1708 1048 μὲν
1748 978 1855 1048 γὰρ

273 1077 359 1138 εἰς
405 1075 520 1129 δέον
569 1076 753 1138 αὐτοῖς
809 1075 1186 1145 κεχρημένος,
1239 1075 1399 1136 αὐτὸς
1452 1073 1631 1126 αὐτῶν
1667 1072 1855 1141 κύριός

272 1169 424 1220 ἐστιν
443 1184 457 1196 ·
487 1169 514 1220 6
533 1168 588 1220 δὲ
645 1169 722 1230 εἰς
750 1168 1018 1237 ἀμετρίαν
1061 1167 1239 1232 ἐξιὼν,
1266 1167 1449 1220 οὐκέτι
1485 1167 1690 1235 κύριος,
1718 1164 1852 1217 ἀλλὰ

271 1259 461 1319 δοῦλος
485 1260 663 1312 αὐτῶν
696 1260 932 1327 γίνεται.
959 1263 1059 1330 τῆς
1105 1262 1445 1328 ἀδδηφαγίας
1481 1262 1539 1312 ἐν
1575 1258 1724 1327 αὐτῷ
1756 1276 1852 1310 τυ-

272 1351 597 1422 ραννούσης.
634 1348 806 1416 Εἶδες,
828 1352 944 1415 πῶς
968 1353 1057 1406 τὸν
1090 1352 1377 1422 νομίζοντα
1410 1350 1660 1418 ἐξουσίαν
1684 1351 1846 1418 ἔχειν,

270 1445 474 1511 ἔδειξεν
514 1444 870 1511 ὑπεξούσιονς
906 1446 1107 1499 Σκόπει
1142 1447 1251 1516 γάρ
1274 1463 1286 1475 ·
1332 1445 1586 1496 Ἐκείνων
1621 1443 1851 1505 ἕκαστος

269 1541 498 1607 ἔλεγεν·
549 1542 768 1604 Ἔξεστί
811 1559 902 1610 μοι
955 1543 1168 1612 τρυφᾷν
1198 1558 1210 1571 ·
1248 1542 1411 1603 αὐτός
1443 1559 1600 1608 φησι,
1637 1540 1719 1592 ὅτι
1751 1540 1848 1607 οὐχ

269 1634 445 1696 οὓτως
477 1635 608 1687 αὐτὸ
627 1637 801 1688 ποιεῖν
835 1639 880 1669 ’⁵
911 1635 986 1698 ὡς
1021 1636 1268 1701 ἐξουσίαν
1322 1636 1460 1705 ἔχων
1509 1634 1696 1698 αὐτοῦ,
1733 1633 1848 1686 ἀλλ’

271 1725 348 1786 ὼς
379 1728 442 1795 τῇ
481 1725 697 1797 ἐξουσίᾳ
753 1727 928 1798 ταύτῃ
968 1728 1126 1790 αὐτὸς
1177 1728 1559 1796 ὑποκείμενος.
1612 1727 1687 1779 Οὐ
1740 1726 1846 1796 γὰρ

269 1816 417 1884 ἔχεις
444 1817 690 1881 ἐξουσίαν
717 1820 815 1888 τῆς
845 1820 1101 1889 γαστρὸς,
1135 1820 1237 1883 ἕως
1272 1819 1335 1875 ἂν
1375 1820 1582 1883 ἄσωτος
1609 1815 1696 1892 ᾗς,
1730 1819 1845 1873 ἀλλ’

266 1908 407 1978 αὕτη
446 1910 539 1964 σοῦ
574 1911 673 1980 τὴν
700 1910 948 1976 ἐξουσίαν
980 1914 1116 1983 ἔχει.

345 2018 364 2051 ι
401 2001 481 2054 Τά
507 2001 774 2072 βρώματα
799 2005 864 2072 τῇ
907 2004 1109 2073 κοιλία,
1143 2004 1235 2058 καὶ
1269 2007 1504 2077 quodie
1540 2010 1653 2071 τοῖς
1705 2007 1843 2078 βρώ-

267 2110 426 2161 μασι.
471 2113 487 2144 ι
535 2094 760 2146 Kef/dav
797 2095 894 2165 τὴν
947 2099 1397 2167 γαστριμαργίαν
1453 2100 1634 2168 φησὶν,
1686 2101 1745 2150 οὐ
1781 2099 1841 2152 τὸ

266 2181 602 2252 μέλοςὴμῶν
623 2199 637 2214 ·
665 2184 928 2254 βρώματα
958 2186 1035 2250 δὲ,
1061 2187 1160 2255 τὴν
1190 2188 1458 2257 ἀμετρίαν
1485 2191 1591 2242 τῶν
1618 2189 1841 2262 βρωμά-

261 2290 396 2327 των.
422 2274 588 2344 Φησὶν
615 2275 706 2328 οὖν
739 2278 818 2330 ὅτι
869 2279 1163 2350 ήάμετρία
1195 2281 1302 2332 τῶν
1335 2281 1656 2351 βρωμάτων,
1702 2283 1840 2350 πρὸς

261 2363 364 2434 τὴν
397 2366 860 2436 γαστριμαργίαν,
891 2368 1075 2435 φιλίαν
1104 2371 1195 2422 καὶ
1222 2372 1528 2442 οἰκειότητα
1559 2375 1694 2442 ἔχει,
1740 2375 1838 2426 κά-

263 2454 420 2520 κείνη
457 2455 589 2523 πρὸς
621 2454 853 2525 ταύτην·
890 2457 983 2508 καὶ
1010 2459 1069 2510 οὐ
1106 2459 1326 2512 δύναται
1349 2460 1519 2512 ταῦτα
1545 2461 1680 2530 πρὸς
1707 2462 1839 2531 Χρι-

263 2544 389 2597 στὸν
415 2548 561 2616 ἡμᾶς
592 2550 840 2614 ἀγαγεῖν,
876 2549 990 2601 ἀλλ’
1017 2553 1237 2614 ἑαυταῖς
1264 2555 1691 2622 παραπέμπουσι
1716 2555 1840 2615 τοὺς

260 2639 620 2706 πειθομένους
646 2642 905 2712 αὑταῖς,ἠ
925 2644 1162 2713 ἀμετρία
1185 2648 1246 2716 τῇ
1285 2647 1717 2716 γαστριμαργίᾳ,
1744 2647 1839 2698 καὶ

258 2730 443 2797 εκείνη
475 2732 668 2801 ταύτῃ.

336 2840 356 2872 ‹
407 2823 463 2875 '0
490 2822 545 2874 δὲ
581 2824 710 2888 Θεὸς
740 2825 837 2879 καὶ
870 2828 1070 2897 ταύτην
1103 2831 1194 2883 καὶ
1226 2830 1395 2882 ταῦτα
1429 2833 1783 2902 καταργήσει.
1811 2853 1829 2886 ι

255 2917 334 2969 Οὐ
368 2921 468 2983 τὴν
489 2920 750 2990 γαστέρα,
789 2923 922 2975 ἀλλὰ
952 2923 1050 2992 τὴν
1085 2925 1523 2994 γαστριμαργίαν
1548 2943 1560 2954 '
1594 2925 1712 2976 οὐδὲ
1736 2925 1834 2995 τὴν

255 3013 487 3082 τροφὴν,
522 3012 655 3066 ἀλλὰ.
690 3017 786 3086 τὴν
819 3017 1105 3086 ἀμετρίαν.
1137 3019 1208 3070 Τὸ
1229 3018 1307 3080 δὲ,
1342 3037 1358 3068 ι
1399 3018 1774 3088 Καταργήσει,
1810 3037 1827 3069 ι

253 3104 400 3167 τινὲς
433 3103 536 3173 μέν
569 3123 753 3173 φασιν,
800 3108 882 3160 ὅτι
915 3109 1312 3178 προαγόρευσις
1340 3109 1498 3161 τοῦτό
1542 3111 1658 3161 ἐστι
1706 3111 1832 3180 περὶ

252 3194 348 3247 τοῦ
386 3195 668 3262 μέλλοντος
692 3197 905 3262 αίῶνος,
939 3200 1019 3251 ὅτι
1044 3200 1141 3251 οὐκ
1170 3199 1312 3251 ἔστιν
1333 3200 1450 3251 ἐκεῖ
1473 3203 1686 3267 φαγεῖν,
1710 3199 1832 3252 οὔτε
1863 3216 1905 3274 C

251 3288 420 3339 πεῖν.
454 3289 562 3341 Καὶ
589 3290 635 3340 εξ
665 3288 722 3341 τὸ
768 3289 1099 3360 συμμέτρως
1132 3294 1326 3359 φαγεῖν
1361 3293 1459 3343 οὐκ
1494 3291 1638 3343 ἔστιν
1687 3292 1822 3355 ὲκ;ῖ,

251 3378 433 3448 πολλῷ
460 3380 658 3447 μᾶλλον
680 3383 711 3450 ἡ
731 3381 966 3452 ἀμετρία
1001 3384 1092 3435 καὶ
1122 3385 1152 3454 ἡ
1186 3383 1594 3454 γαστριμαργία
1625 3399 1827 3451 καταρ-

249 3473 553 3540 γηθήσεται
583 3475 648 3526 ³⁸.
683 3474 740 3527 Ὀ
772 3475 826 3527 δὲ
863 3476 1120 3543 Θεολόγος
1170 3476 1267 3548 τὴν
1306 3478 1760 3547 καταργουμένην
1781 3477 1823 3507 ’⁷

249 3561 448 3613 αὖτίκα
497 3564 593 3615 σὺν
621 3565 734 3626 τοῖς
788 3565 1256 3635 καταργουμένοις
1305 3566 1586 3636 βρώμασιν
1632 3565 1820 3630 εἰπὼν,

248 3650 518 3719 ἐδήλωσεν
568 3652 648 3704 ὃτι
703 3651 817 3720 ἅμα
848 3655 922 3724 τῷ
958 3656 1287 3726 κορεσθῆναι
1320 3658 1671 3726 καταργεῖται
1707 3658 1822 3725 ἡτα

245 3743 419 3796 πολλὰ
452 3745 585 3806 τέως
616 3745 874 3812 ζητοῦσα.
909 3747 1061 3810 Τινὲς
1090 3749 1144 3800 δέ
1183 3766 1364 3815 φασιν,
1398 3750 1476 3801 ὅτι
1505 3749 1600 3819 τὴν
1621 3751 1822 3821 παραί-

243 3854 393 3889 νεσιν
424 3837 554 3908 εὐχῇ
581 3839 1007 3909 ὲπεσιρραγισεν,
1042 3839 1405 3911 ἐπευξάμενος
1435 3842 1507 3904 ὡς
1530 3843 1594 3896 ἂν
1621 3860 1821 3912 καταρ-

244 3928 465 3999 γηθείη,
497 3932 664 3999 ἤγουν
692 3932 923 4004 παυοείη
955 3935 1046 3986 καὶ
1077 3936 1108 4005 ή
1144 3937 1380 4007 ἀμετρία
1403 3938 1495 3989 καὶ
1523 3938 1554 4007 ἠ
1593 3954 1820 4005 γαστρι-

244 4021 478 4090 μαργία.

322 4129 341 4161 ε
377 4111 448 4162 Τὸ
475 4112 530 4165 δὲ
566 4114 725 4183 σῶμα
758 4116 818 4168 οὗ
847 4119 914 4187 τῇ
943 4118 1200 4189 πορνείᾳ’,
1231 4119 1365 4173 ἀλλά
1393 4120 1470 4189 τῷ
1501 4121 1707 4192 Κυρίῳ,
1728 4123 1820 4175 καὶ

241 4205 268 4254 6
296 4202 497 4270 Κύριος
525 4223 554 4256 τ
573 4206 600 4271 ζ)
624 4205 858 4275 σώματι.
886 4227 904 4260 ι
954 4210 1084 4263 Ἰδοὺ
1112 4211 1331 4278 ἔδειξεν,
1355 4213 1434 4265 ὃτι
1459 4214 1546 4267 διὰ
1573 4216 1660 4266 τὸν
1693 4216 1821 4285 περὶ

241 4295 342 4362 τῆς
380 4297 631 4363 πορνείας
679 4298 836 4366 λόγον
871 4303 996 4370 περὶ
1049 4306 1494 4374 γαστριμαργίας
1538 4311 1815 4375 προεῖπεν.

255 4384 576 4441 Ἀκῦλουόν
634 4389 731 4459 μὲν
760 4391 867 4460 γὰρ
903 4393 946 4423 ⁸⁸
980 4389 1046 4463 ἦν
1095 4398 1268 4449 εἰπεῖν
1300 4412 1312 4427 ⁸
1343 4399 1415 4451 T6
1447 4399 1501 4451 δὲ
1553 4401 1728 4470 σῶμα,
1757 4401 1818 4452 οὑ

239 4483 352 4541 τοῖς
378 4480 678 4550 βρώμασιν,
709 4485 827 4537 οὐδὲ
846 4488 910 4555 τῇ
937 4487 1117 4558 κοιλία
1142 4505 1156 4520 ο
1186 4491 1212 4541 6
1242 4491 1297 4542 δὲ
1320 4491 1415 4561 οὐχ
1443 4492 1614 4556 οὕτως
1641 4490 1814 4559 εἶπεν,

241 4575 400 4634 ἀλλὰ,
440 4593 456 4625 ι
498 4575 573 4645 Τῇ
608 4577 850 4646 πορνείᾳ,
881 4596 897 4627 ι
931 4580 1142 4641 δεικνὺς
1172 4581 1223 4632 τί
1254 4583 1312 4635 τὸ
1352 4586 1689 4656 ἀποτέλεσμα
1721 4590 1816 4657 τῆς
1854 4574 1896 4626 υ

239 4669 475 4734 τρυφῆς,
508 4667 587 4717 ὅτι
621 4669 865 4735 πορνεία.
899 4672 962 4719 Ὃ
997 4671 1052 4723 δὲ
1080 4672 1248 4739 λέγει,
1287 4676 1527 4729 τοιοῦτόν
1551 4680 1666 4730 ἐστι
1691 4696 1703 4708 '
1741 4678 1815 4732 Τὸ

243 4758 423 4824 σῶμα,
458 4759 660 4826 φησὶν,
692 4761 752 4812 οὺ
783 4762 868 4814 διὰ
914 4763 1070 4815 τοῦτο
1122 4766 1449 4831 πέπλασται,
1508 4771 1590 4822 ἵνα
1639 4775 1818 4844 τρυφᾷ

372 4855 449 4915 εἰς
485 4857 740 4924 πορνείαν
767 4859 1017 4930 ἐμπίπτῃ
1040 4877 1052 4889 ·
1087 4862 1200 4916 ἀλλ’
1237 4863 1322 4916 ἴνα
1347 4867 1421 4935 τῷ
1447 4867 1667 4936 Χριστῷ
1691 4871 1818 4921 ἁκο-

239 4944 403 5013 λιιυθῇ
434 4945 506 5007 ὡς
539 4950 745 5018 κεφαλῇ
783 4951 971 5016 αὐτοῦ,
994 4955 1085 5006 καὶ
1121 4952 1187 5007 αὖ
1219 4958 1245 5008 6
1291 4957 1493 5028 Κύριος
1512 4958 1585 5022 ὡς
1606 4960 1817 5032 κεφαλὴ

239 5038 572 5105 ὲπικάθηται
605 5044 772 5113 αὐτῷ.

318 5148 335 5179 ι
393 5129 448 5181 '0
493 5132 546 5184 δὲ
594 5133 726 5196 Θεὸς
770 5137 988 5190 καὶτὸν
1025 5140 1226 5210 Κύριον
1257 5144 1466 5212 ἤγειρε,
1519 5146 1610 5198 καὶ
1662 5149 1810 5217 ἡμᾶς

238 5218 485 5291 ἐξεγερεῖ
532 5221 618 5273 διὰ
649 5223 749 5292 τῆς
777 5226 1060 5294 δυνάμεως
1093 5233 1276 5286 αὑτοῦ.
1308 5253 1324 5284 ι
1374 5236 1464 5305 Μὴ
1501 5236 1808 5309 θορυϐηθῇς

239 5311 499 5377 ἀκούσας,
551 5315 630 5367 ὅτι
676 5318 702 5368 ὀ
753 5316 883 5380 Θεὸς
916 5321 1006 5372 τὸν
1054 5324 1257 5392 Κύριον
1306 5327 1560 5398 ἤγειρεν·
1594 5331 1668 5394 ὡς
1702 5333 1808 5400 γὰρ

240 5406 454 5472 νηπίοις
506 5408 686 5470 αὐτοῖς
736 5415 1180 5478 συγκαταϐαίνει.
1230 5419 1336 5470 Καὶ
1385 5421 1570 5491 ἐπειδὴ
1608 5425 1736 5493 περὶ
1761 5426 1806 5456 ’³

241 4855 334 4904 καὶ

1970 603 2153 655 derate
2185 602 2384 655 facere.

2044 712 2061 743 ι
2099 692 2289 746 Omnia
2349 694 2476 747 mihi
2512 694 2695 758 licent,
2746 701 2838 751 sed
2861 715 2957 770 ego
2983 701 3083 756 sub
3119 704 3314 758 nullius
3345 706 3557 773 redigar

1967 794 2251 854 potestate.
2322 803 2339 836 ι
2404 787 2662 846 Dominus
2723 804 2861 852 sum,
2888 793 3082 860 inquit,
3109 796 3301 848 edendi
3362 806 3414 850 et
3473 799 3555 850 bi—

1965 873 2164 926 bendi:
2201 889 2390 928 verum
2438 875 2481 928 si
2522 890 2604 928 me
2640 877 2760 932 istis
2808 878 3158 935 immoderate
3185 883 3400 946 dedam,
3433 899 3543 936 ser-

1963 980 2060 1018 vus
2089 980 2276 1018 eorum
2328 982 2425 1033 pro
2449 966 2665 1020 domino
2715 970 2977 1024 inveniar.
3013 972 3144 1024 Nam
3178 975 3267 1040 qui
3321 975 3427 1028 illis
3451 978 3553 1026 uti-

1968 1069 2052 1111 tur
2101 1059 2175 1111 uti
2225 1057 2400 1121 decet,
2446 1058 2546 1111 iste
2580 1058 2797 1112 illorum
2853 1061 3103 1117 dominus
3153 1075 3233 1117 est
3261 1081 3273 1116 :
3301 1066 3388 1132 qui
3421 1082 3549 1119 vero

1965 1151 2016 1203 in
2043 1150 2514 1216 intemperantiam
2547 1151 2826 1214 dilabitur,
2866 1168 2966 1205 non
3006 1155 3234 1224 amplius
3271 1158 3543 1222 dominus,

1960 1244 2053 1295 sed
2114 1257 2303 1296 servus
2360 1258 2547 1296 eorum
2595 1244 2683 1306 sit,
2731 1245 3020 1310 gulositate
3072 1247 3325 1300 nimirmn
3360 1250 3408 1302 in
3449 1251 3540 1302 illo

1963 1343 2240 1401 regnante.
2297 1334 2488 1387 Vidisti
2548 1337 2819 1403 quomodo
2875 1352 3022 1402 eum,
3071 1339 3244 1406 quise
3281 1350 3548 1408 potestate

1961 1423 2240 1489 praeditum
2321 1424 2619 1488 existimat,
2700 1427 2976 1480 subditum
3035 1444 3156 1483 esse
3202 1433 3548 1487 ostenderit?

1960 1511 2238 1579 Perpende
2301 1513 2442 1565 enim
2490 1514 2774 1579 :Quilibet
2836 1530 3028 1573 eorum
3088 1520 3339 1582 dicebat;
3392 1523 3541 1578 Licet

1959 1606 2089 1658 mihi
2140 1604 2456 1673 voluptuose
2511 1609 2693 1662 vivere
2742 1609 2881 1665 :llle
2921 1613 3072 1674 dicit,
3126 1615 3270 1682 quod
3332 1615 3382 1667 id
3439 1633 3542 1668 non

1958 1697 2176 1762 perinde
2209 1696 2363 1762 facis,
2401 1713 2465 1752 ac
2501 1701 2542 1753 si
2571 1710 2889 1768 potestatem
2933 1704 3136 1758 habeas
3175 1706 3225 1759 in
3259 1707 3410 1771 illud,
3449 1712 3540 1760 sed

1956 1788 2119 1842 veluti
2163 1790 2288 1844 huic
2325 1792 2439 1859 ipse
2475 1794 2727 1862 potestati
2761 1794 2833 1846 sis
2869 1796 3162 1862 subjectus.
3198 1798 3326 1851 Nam
3371 1817 3543 1868 quan-

1877 1892 1918 1945 Β
1949 1881 2036 1933 diu
2087 1882 2454 1950 intemperans
2505 1899 2711 1947 manes,
2774 1902 2875 1939 non
2907 1889 3071 1942 trabes
3120 1897 3444 1957 potestatem
3486 1894 3539 1946 in

1945 1981 2212 2036 ventrem,
2258 1973 2351 2026 sed
2392 1975 2492 2027 iste
2517 1975 2567 2028 in
2599 1986 2648 2029 te
2681 1986 3000 2045 potestatem
3024 1994 3271 2049 occupat.

2018 2061 2178 2117 Vens.
2217 2065 2302 2117 15.
2345 2082 2362 2115 ι
2402 2065 2550 2119 Escae
2577 2069 2772 2131 ventri,
2812 2079 2865 2122 et
2910 2081 3094 2125 venter
3113 2075 3274 2127 escis.
3319 2093 3336 2124 ι
3378 2073 3524 2129 Ven-

1945 2161 2102 2216 trem,
2146 2152 2491 2221 gulositatem
2530 2154 2685 2217 dicit,
2721 2171 2824 2209 non
2877 2161 3180 2213 membrum
3215 2172 3459 2216 nostrum
3509 2185 3524 2219 :

1940 2258 2095 2298 escas
2117 2254 2320 2310 autem,
2350 2247 2764 2300 immoderatum
2797 2249 3038 2302 ciborum
3061 2269 3233 2307 usum.
3258 2256 3515 2322 Aitergo,

1941 2334 2351 2388 immoderatum
2402 2335 2645 2390 ciborum
2671 2352 2849 2403 usum,
2894 2341 3188 2394 amicitiam
3219 2345 3530 2398 etatlinita-

1950 2435 2055 2477 tem
2091 2442 2212 2480 cum
2248 2426 2534 2494 gnlositate
2563 2427 2787 2493 habere,
2829 2429 3072 2501 hancque
3101 2447 3223 2486 cum
3257 2433 3344 2487 illo
3377 2450 3390 2486 :
3421 2435 3531 2490 Nec

1941 2529 2164 2586 possunt
2220 2533 2320 2572 nos
2378 2519 2494 2573 haec
2551 2520 2617 2574 ad
2649 2519 2926 2574 Christum
2987 2527 3309 2591 perducere,
3335 2527 3428 2581 sed
3455 2529 3523 2580 ad

1939 2624 2059 2663 sese
2121 2611 2498 2664 transmittunt
2561 2611 3002 2680 obtemperantes
3061 2616 3209 2669 sibi:
3275 2619 3528 2672 nimirum

1941 2715 2197 2755 excessus
2253 2700 2318 2755 ad
2342 2701 2708 2770 gulositatem,
2764 2705 3023 2771 gutositas
3068 2721 3195 2761 vero
3243 2709 3307 2761 ad
3342 2724 3529 2764 exces-

1936 2806 2076 2844 Sllll].

2018 2900 2036 2932 ι
2094 2881 2232 2936 Deus
2289 2891 2468 2936 autem
2515 2892 2568 2939 et
2622 2884 2765 2938 hunc
2788 2895 2842 2939 et
2878 2887 2976 2939 has
3004 2887 3262 2942 destruet.
3301 2908 3318 2940 ι
3360 2889 3521 2961 154

1936 2973 2051 3027 Νοη
2096 2986 2359 3039 ventrem,
2398 2975 2492 3028 sed
2528 2975 2872 3045 gulositatem
2910 2994 3122 3046 :neque
3173 2981 3373 3044 cibum,
3427 2985 3523 3036 sed

1937 3065 2350 3118 immoderatum
2393 3082 2577 3122 eorum
2618 3084 2793 3122 usum.
2846 3088 2864 3119 ι
2906 3070 3172 3133 Destruet,
3211 3089 3231 3122 ο
3287 3075 3527 3128 nonnulli

1937 3168 2034 3222 pro
2082 3155 2469 3221 praedicatione
2499 3157 2771 3227 accipiunt
2803 3159 2942 3228 ejus,
2972 3163 3113 3228 quod
3141 3161 3192 3214 in
3223 3161 3400 3216 futuro
3422 3181 3526 3219 sae-

1939 3247 2061 3300 culo
2083 3257 2396 3301 eventurum
2430 3257 2530 3302 est.
2569 3249 2703 3302 Nam
2729 3249 2834 3304 illic
2879 3266 3051 3319 neque
3076 3255 3316 3319 edemus,
3352 3271 3524 3324 neque

1933 3337 2194 3392 bibemus.
2238 3339 2389 3405 Quod
2418 3340 2462 3394 si
2518 3341 2624 3395 illic
2657 3357 2760 3394 non
2822 3342 3004 3397 licebit
3036 3343 3242 3398 modice
3276 3350 3512 3398 mandu-

1933 3443 2079 3491 care,
2111 3433 2277 3482 tnulto
2305 3430 2473 3498 magis
2503 3429 2876 3484 immoderatio
2895 3442 2945 3485 et
2978 3433 3238 3501 gulositas
3280 3436 3515 3489 tolletur.

1934 3517 2235 3588 Theologus
2282 3531 2458 3573 autem
2521 3521 2746 3574 dicendo
2800 3534 3037 3576 ventrem
3101 3540 3201 3578 una
3228 3541 3346 3578 cum
3383 3527 3520 3579 cibis

1932 3610 2278 3663 desuuctioni
2309 3610 2556 3664 obnoxiis
2593 3612 2814 3676 aboleri,
2851 3613 3127 3675 indicavit,
3178 3618 3316 3684 quod
3357 3605 3518 3671 simul

1932 3711 2094 3768 atque
2140 3711 2413 3755 saturatus
2470 3701 2631 3755 fuerit
2663 3714 2867 3766 venter,
2920 3707 3236 3771 destruitur,
3271 3709 3519 3775 quiadeo

1932 3791 2096 3843 multa
2135 3791 2349 3845 interim
2383 3792 2638 3860 inquirat.
2673 3793 2899 3858 Quidam
2925 3808 3102 3849 autem
3132 3799 3337 3861 dicunt,
3369 3802 3513 3866 quod

1934 3880 2366 3935 adhortationem
2425 3892 2551 3936 voto
2616 3883 2929 3952 signaverit,
2981 3894 3240 3953 exoptans
3290 3889 3363 3940 uti
3421 3889 3513 3940 de-

1930 3980 2168 4024 struatur
2215 3973 2329 4028 sive
2376 3973 2653 4027 aboleatur
2691 3985 2801 4026 tum
2837 3975 3237 4043 imtnoderatio,
3270 3988 3378 4032 tum
3415 3994 3516 4048 gu-

1929 4066 2134 4122 lositas.

2008 4181 2025 4213 ι
2065 4163 2271 4232 Corpus
2317 4172 2493 4218 autem
2551 4177 2653 4216 non
2710 4163 3074 4227 fornicationi,
3122 4164 3215 4217 sed
3255 4164 3509 4228 Domino,

1928 4254 2187 4308 Demittus
2217 4262 2393 4310 autem
2428 4254 2661 4322 corpori.
2705 4271 2722 4303 ι
2771 4253 2908 4308 Ecce
2943 4256 3175 4308 ostendit
3204 4258 3344 4323 quod
3379 4272 3506 4322 pro-

1930 4357 2049 4415 pter
2091 4361 2394 4399 sermonatn
2438 4348 2504 4398 de
2557 4346 2933 4408 fornicatione,
2986 4351 3160 4414 primo
3202 4348 3410 4400 locutus
3444 4348 3515 4400 sit

1931 4440 1997 4492 de
2060 4437 2367 4506 gulositate.
2412 4437 2758 4504 Consequens
2789 4437 2931 4490 enim
2961 4448 3078 4491 erat
3110 4439 3290 4492 dicere
3325 4458 3337 4492 :
3371 4438 3510 4491 Cor-

1930 4541 2026 4594 pus
2058 4542 2160 4579 non
2221 4528 2373 4588 cibis,
2411 4541 2579 4593 neque
2610 4526 2731 4578 alvo
2767 4570 2776 4580 .
2814 4525 2897 4578 iile
2937 4541 3062 4580 vero
3089 4542 3190 4580 non
3249 4528 3326 4580 sic
3355 4528 3510 4592 dixit,

1923 4619 2038 4681 sed,
2067 4636 2083 4667 ‹
2129 4617 2488 4672 For-uicatimii
2524 4635 2536 4672 :
2584 4635 2600 4667 ι
2635 4618 2926 4670 ostendens
2980 4619 3070 4684 qui
3101 4619 3168 4671 sit
3221 4619 3511 4686 voluptatis

1922 4710 2164 4772 effertus,
2185 4725 2378 4776 nempe
2398 4709 2676 4764 scortatio.
2699 4708 2850 4773 Quod
2876 4719 3054 4762 autem
3087 4712 3179 4773 ait,
3209 4721 3290 4762 est
3312 4710 3500 4776 hujus--

1924 4799 2066 4853 tnodi
2102 4814 2114 4849 :
2144 4799 2376 4868 Corpus,
2419 4801 2609 4867 inquit,
2649 4815 2752 4850 non
2789 4815 2912 4852 eum
2942 4802 2992 4852 in
3022 4800 3177 4853 finem
3212 4799 3502 4853 formatum

1922 4894 2024 4947 est,
2061 4894 2117 4936 ut
2141 4885 2446 4951 delicietur,
2490 4894 2544 4939 et
2577 4887 2626 4937 in
2677 4885 3085 4940 fornicationem
3131 4888 3373 4942 incidat:
3403 4903 3508 4941 ca:—

1927 4984 2095 5028 terum
2165 4984 2223 5026 ut
2268 4974 2544 5028 Christum
2598 4990 2690 5028 ceu
2742 4983 2902 5043 caput.
2948 4991 3103 5029 suum
3131 4989 3411 5045 sequatur,
3442 4992 3506 5031 ac

1917 5078 2104 5116 t‘urSIts
2135 5064 2391 5118 Dominus
2415 5081 2509 5118 ceu
2539 5077 2700 5133 caput
2736 5067 2807 5119 illi
2837 5066 3086 5120 insideat.

1995 5154 2153 5207 Vens.
2211 5155 2297 5206 14.
2330 5173 2346 5204 ι
2384 5156 2522 5209 Deus
2571 5172 2697 5208 vero
2753 5167 2806 5209 et
2859 5156 3140 5208 Dominum
3202 5157 3501 5222 suscitavit,

1915 5254 1968 5298 et
2000 5261 2095 5299 nos
2139 5247 2418 5300 suscitahit
2479 5263 2573 5315 per
2608 5249 2859 5301 virtutem
2897 5264 3068 5300 suam.
3113 5267 3132 5300 ι
3175 5248 3286 5302 Νι)ιί
3313 5250 3496 5302 animo

1917 5337 2198 5398 ﬂuctuare,
2260 5339 2482 5392 audiens
2535 5340 2675 5406 quod
2710 5338 2847 5392 Deus
2892 5340 3170 5393 Dominum
3218 5341 3496 5395 excitavit.

1918 5428 2050 5482 Nam
2113 5429 2217 5492 iis,
2285 5440 2538 5498 tanquam
2596 5431 2931 5495 infantibus,
2983 5433 3388 5485 condescendit.
3437 5435 3501 5488 Et

1571 5537 1770 5598 Variae
1829 5540 2152 5604 lectiones.

308 5621 351 5649 ”
387 5618 544 5669 τοῦτο
574 5634 627 5671 o.
702 5623 746 5653 ’³
775 5623 879 5676 ὑπὸ
907 5643 1046 5690 τινος
1080 5631 1282 5681 τούτων
1338 5648 1406 5685 ιιι.

1516 5637 1560 5666 ³³
1627 5639 2014 5715 εὑρεθήσομαι.
2049 5638 2147 5694 Ὧν
2187 5644 2316 5712 γάρ,
2358 5647 2512 5715 φησι,
2541 5647 2673 5707 Θεὸς
2719 5648 2750 5714 ἡ
2806 5643 3004 5696 κοιλία.
3048 5641 3357 5714 Τοιγαροῦν
3397 5649 3498 5702 οὐκ

235 5688 727 5783 ἐξουσιασθήσομαι
767 5688 1066 5783 exsurgo;
1103 5703 1305 5751 τούτων
1351 5721 1419 5756 ut.
1458 5688 1725 5762 Invenitur.
1764 5688 1900 5773 ρίωὲ

1886 5688 1998 5764 {lim
2035 5688 2208 5777 enim:
2243 5688 2429 5783 inquit:
2483 5688 2616 5769 licus
2642 5688 2812 5769 tient‘er
2843 5725 2913 5766 est
2947 5729 2963 5765 .'
2998 5688 3274 5781 igitttt'.aiib
3298 5720 3491 5773 nullius

237 5762 445 5824 redigar
468 5770 742 5819 potesmw.

876 5767 918 5797 ³³
948 5767 1223 5838 Critgsost.
1251 5777 1419 5836 ποιεῖς
1447 5793 1500 5829 υ.

234 5829 276 5863 ³⁵
314 5830 462 5898 παρὰ
517 5845 567 5881 o.

1606 5781 1648 5812 ³⁵
1708 5784 2173 5853 κατακριθήσεται
2207 5804 2257 5839 υ.

3248 5784 3290 5814 28
3318 5788 3370 5814 -."

2361 5787 2426 5856 δ”τ
2463 5787 2549 5842 ἵσ.
2618 5787 2824 5840 κοιλίαν
2860 5799 2980 5836 κατ.
3061 5802 3111 5838 υ.
3248 5787 3290 5814 ²⁸
3317 5788 3408 5841 οὖν
3438 5808 3485 5848 υ,
