4272 6448
765 422 871 488 639

768 632 910 701 quod
962 631 1014 682 in
1070 638 1257 683 nostra
1310 636 1577 698 potestate
1613 644 1718 683 nou
1763 644 1968 691 sumus,
2027 644 2212 681 verum
2245 630 2341 679 sub

770 720 998 775 Domino
1050 718 1159 774 Deo
1218 733 1527 782 censemur,
1582 718 1753 788 quiet
1796 718 2029 770 animam
2067 731 2121 771 et
2150 732 2343 786 corpus

770 820 1021 866 nostrum
1053 811 1312 878 sanguine
1336 813 1577 863 redemit.

1361 922 1587 978 CAPUT
1641 924 1749 978 \lll.

845 1038 1011 1092 Vens.
1072 1039 1119 1093 i.
1157 1057 1176 1090 ί
1243 1036 1316 1091 De
1338 1037 1532 1105 quibus
1584 1046 1761 1092 autem
1796 1040 2091 1108 scripsistis
2125 1039 2277 1093 mihi.
2322 1059 2340 1090 ι

774 1128 961 1182 Sectas
1024 1130 1278 1189 correxit,
1344 1126 1782 1192 fornicationem,
1846 1132 2128 1183 avaritiam
2178 1149 2192 1182 :
2235 1130 2347 1197 jam

774 1235 919 1273 nunc
948 1234 1076 1273 vero
1101 1218 1167 1272 de
1202 1219 1402 1285 nuptiis
1436 1228 1487 1272 et
1515 1218 1827 1287 virginitate
1857 1222 2063 1275 statuit.
2102 1221 2348 1291 Scripse-

775 1322 898 1366 rant
927 1312 1071 1365 enim
1099 1311 1170 1377 ei,
1211 1327 1339 1365 num
1372 1311 1748 1367 abstinendum
1793 1322 1932 1368 esset
1960 1316 2026 1367 ab
2050 1330 2237 1381 uxore,
2279 1332 2346 1369 an

784 1418 965 1457 SCCUS.

852 1513 870 1546 ι
929 1493 1133 1548 Bonum
1192 1495 1497 1549 estliomini
1567 1495 1841 1549 mulierem
1891 1512 1995 1551 non
2032 1508 2265 1568 tangere.
2324 1518 2341 1549 ι

783 1585 1007 1648 Bonum,
1060 1585 1257 1654 inquit,
1317 1597 1370 1640 et
1404 1588 1658 1640 eximium
1696 1599 1778 1641 est
1815 1589 1987 1643 cuivis
2022 1589 2349 1654 mortalium,

782 1692 880 1729 nec
915 1676 1009 1729 soli
1044 1678 1309 1730 sacerdoti
1337 1677 1585 1745 (perinde
1620 1693 1684 1733 ac
1729 1678 1964 1732 nonnulli
1988 1679 2122 1732 male
2159 1680 2353 1735 intelli-

783 1767 935 1837 gunt)
997 1768 1275 1823 mulierem
1325 1783 1546 1836 prorsus
1580 1785 1685 1823 non
1722 1770 2005 1836 attingere,
2046 1772 2141 1825 sed
2190 1772 2354 1842 virgi-

1618 417 2193 481 THEOPHYLACTI
2232 416 2642 478 BULGARIE
2690 418 3044 479 ARCHIEP.

843 557 864 592 ε
897 537 1025 604 Quae
1055 544 1179 591 sunt
1206 535 1320 591 Dei.
1358 554 1377 588 ι
1417 535 1640 591 Assidue
1670 537 1720 590 in
1747 535 2063 589 memoriam
2092 550 2329 595 revocat,
2367 535 2411 587 A

2515 553 2534 586 ς
2578 536 2767 589 "Atr/a1
2812 540 2929 589 ἐστι
2956 536 3047 589 τοῦ
3090 535 3246 590 Θεοῦ.
3285 557 3301 588 ›
3338 536 3582 607 Save/‘6);
3612 537 4025 606 ἀναμιμνήσκει

2445 630 2524 680 ὅτι
2554 628 2650 681 οὐκ
2686 630 2851 697 ὲσμὲν
2893 630 3122 691 ἑαυτῶν,
3159 629 3272 681 ἀλλ’
3298 631 3401 681 ὑπὸ
3449 631 3723 697 Δεσπότην
3758 628 4025 696 τελοῦμεν

2444 723 2535 772 τὸν
2569 722 2720 786 Θεὸν,
2752 722 2844 773 τὸν
2893 722 2986 775 καὶ
3017 721 3195 793 ψυχὴν
3229 723 3324 775 καὶ
3369 722 3527 791 σῶμα
3558 720 3714 791 ἡμῶν
3754 720 4025 791 ἐξαγορά-

2446 832 2633 868 σαντα.

3048 934 3300 989 ΚΕΦΑΛ.
3340 932 3413 986 Z'.

2527 1069 2543 1099 ι
2580 1050 2710 1118 Περὶ
2763 1050 2819 1101 δὲ
2867 1042 2941 1101 ὧν
2987 1048 3264 1115 ἐγράψατέ
3313 1062 3424 1115 μοι.
3460 1063 3478 1096 ι
3535 1043 3893 1119 Διωρβώσατο
3949 1043 4031 1095 τὰ

2451 1141 2741 1209 σχίσματα,
2802 1140 2897 1209 τὴν
2934 1138 3214 1207 πορνείαν.
3261 1137 3360 1206 τὴν
3415 1135 3765 1199 πλεονεξίαν·
3801 1133 3895 1187 νῦν
3926 1130 4031 1185 οὖν

2450 1233 2578 1301 περὶ
2620 1231 2797 1298 γάμου
2854 1233 2948 1282 καὶ
2992 1229 3294 1299 παρθενίας
3332 1229 3699 1281 διατάττεται.
3736 1224 4031 1294 Ἔγραψαν

2450 1326 2558 1392 γὰρ
2588 1323 2756 1391 αὐτῷ,
2790 1325 2837 1375 εξ
2863 1324 2943 1375 δεῖ
2965 1322 3223 1388 γυναικὸς
3253 1318 3635 1390 ἀπέχεσθαι,ἢ
3674 1317 3756 1370 οὗ.

2530 1521 2548 1552 ‹
2577 1502 2759 1554 Καλὸν
2814 1501 3084 1569 ἀνθρώπῳ
3137 1498 3392 1565 γυναικὸς
3430 1498 3504 1567 μὴ
3548 1497 3836 1551 ἅπτεσθαι.
3883 1515 3898 1546 ι
3954 1497 4033 1547 Τὸ

2456 1594 2553 1662 μὲν
2584 1592 2749 1645 καλὸν
2783 1591 2957 1645 καὶτὸ
2985 1590 3250 1659 ὑπερέχον
3282 1590 3420 1653 ἐστὶ,
3441 1589 3600 1658 φηῖὶ,
3633 1591 3793 1639 παντὶ
3820 1587 4035 1653 ἀνθρώ-

2453 1704 2559 1754 πῳ,
2611 1687 2704 1737 καὶ
2727 1685 2785 1737 οὗ
2822 1686 2981 1752 μόνον
3040 1684 3177 1752 ἱερεῖ
3223 1682 3320 1748 (ὥς
3372 1698 3519 1743 τινες
3564 1679 3747 1740 κακῶς
3801 1678 4032 1740 νοοῦσι),

2452 1778 2514 1830 τὸ
2538 1778 2673 1838 ὅλως
2711 1777 2783 1847 μὴ
2829 1777 3102 1829 ἅπτεσθαι
3138 1776 3417 1842 γυναικὸς,
3453 1776 3587 1828 ἀλλὰ
3638 1774 4031 1843 παρθενεύειν⁹

783 1873 902 1911 nem
930 1872 1264 1925 permanere.
1298 1858 1491 1914 Tutior
1515 1869 1714 1924 autem,
1756 1870 1992 1915 nostram
2021 1863 2357 1916 imbecillita-
2393 1862 2441 1923 Β
2468 1894 2470 1902 ι

2348 1891 2357 1902 ·
2393 1862 2441 1923 Β
2468 1870 2525 1923 τὸ
2552 1870 2607 1923 δὲ
2642 1870 3044 1939 ἀσφαλέστερον
3073 1872 3164 1921 καὶ
3215 1869 3442 1938 βοηθοῦν
3488 1868 3645 1937 ἡμῶν
3669 1871 3732 1936 τῇ
3779 1866 4035 1933 ἀσθενείᾳ

785 1958 891 1999 teni
921 1949 1207 2016 plurimum
1240 1948 1503 2016 adjuvaus
1535 1960 1615 2004 est
1640 1951 1970 2006 matrimonii
1997 1967 2106 2007 res.
2144 1952 2347 2007 Subin-

785 2041 892 2093 l‘ert
916 2042 1075 2109 igitur
1104 2060 1115 2094 :

858 2129 1022 2185 Vens.
1075 2130 1128 2185 2.
1173 2149 1190 2181 ι
1248 2132 1473 2201 Propter
1508 2133 1897 2191 fornicntiones
1949 2146 2153 2200 autem,
2192 2153 2354 2192 unus-

786 2220 1015 2289 quisque
1065 2224 1335 2291 propriam
1398 2239 1618 2277 uxorem
1672 2227 1886 2289 habeat,
1916 2238 1969 2281 et
2025 2243 2358 2297 unaquaque

787 2326 943 2364 suum
1004 2312 1176 2365 virum
1216 2314 1434 2369 habeat.
1473 2334 1491 2366 ι
1533 2316 1605 2368 Dc
1652 2328 1880 2385 utraque
1927 2329 2079 2387 parte
2116 2319 2355 2374 disserit.

788 2402 1092 2457 Verisimile
1161 2417 1241 2458 est
1292 2407 1431 2459 enim
1473 2410 1643 2461 virum
1706 2411 2091 2463 continentiam
2152 2425 2353 2473 amare,

788 2496 1066 2549 mulierem
1131 2496 1285 2565 157
1323 2509 1503 2551 autem
1565 2515 1668 2551 non
1730 2501 1855 2553 item
1885 2518 1899 2553 :
1928 2510 2020 2554 aut
2059 2517 2089 2550 ε
2148 2503 2360 2556 diverso

798 2602 815 2634 ι
863 2583 1086 2651 Pi-Opter
1118 2584 1503 2640 fornicationes
1530 2599 1728 2647 autem,
1778 2610 1795 2640 ι
1851 2592 2055 2655 dicens,
2093 2592 2362 2660 compellit

792 2690 892 2729 nos
923 2676 987 2728 ad
1030 2679 1436 2732 continentiam.
1471 2682 1524 2731 bi
1558 2682 1700 2733 enim
1725 2692 1945 2750 prOpter
1977 2684 2362 2741 fornicationes

795 2770 991 2839 nuptias
1026 2774 1430 2838 permittuntur,
1460 2788 1563 2825 non
1596 2773 1787 2825 debent
1818 2776 2042 2841 posthac
2080 2777 2358 2830 matrimo-

797 2862 887 2913 nio
912 2861 1085 2929 junCti
1125 2863 1568 2929 intemperanter,
1604 2864 1696 2917 sed
1738 2865 1926 2931 pudice
1943 2867 2218 2934 congredi.

876 2953 1032 3007 Vens.
1066 2954 1110 3005 3.
1154 2972 1172 3003 ι
1217 2952 1381 3009 Uxori
1418 2960 1643 3012 maritus
1674 2957 1906 3011 debitam
1938 2960 2363 3013 benevolentiam

800 3042 1018 3101 reddat:
1055 3044 1301 3097 similiter
1332 3056 1385 3099 et
1417 3064 1551 3101 uxor
1581 3051 1795 3102 marito.
1830 3066 1848 3098 ι
1876 3048 2112 3102 debitum
2149 3051 2365 3119 (inquit)

800 3141 1030 3203 habetis,
1068 3151 1304 3193 mutuam
1332 3158 1457 3213 erga
1490 3160 1582 3199 vos
1613 3146 2063 3199 benevolentiam.
2092 3148 2368 3212 Quatenus

801 3232 966 3300 igiltll‘
1005 3232 1259 3296 debitum,
1296 3238 1665 3291 necessarium
1699 3247 1800 3302 est,
1830 3247 1883 3290 ut
1913 3237 2050 3290 hanc
2079 3239 2229 3294 vobis
2262 3258 2371 3297 mu-

803 3333 948 3374 tuam
983 3324 1266 3389 prastetis.

875 3412 1041 3467 Vens.
1082 3415 1137 3467 4.
1170 3434 1187 3466 ι
1247 3414 1392 3471 Uxor
1429 3420 1629 3488 praprii
1666 3424 1906 3489 corporis
1956 3442 2059 3482 non
2094 3431 2250 3483 nabet
2279 3443 2372 3496 po-

805 3512 1077 3565 tcstatem,
1120 3506 1209 3559 sed
1254 3510 1479 3563 maritus
1512 3528 1525 3564 :
1562 3512 1811 3569 similiter
1851 3531 2031 3573 autem
2072 3534 2125 3575 et
2149 3525 2376 3577 mai-iras

808 3598 1007 3665 proprii
1038 3601 1281 3668 corporis
1312 3612 1633 3669 potestatem
1665 3623 1770 3662 non
1800 3610 1979 3676 habet,
2011 3614 2102 3667 sed
2152 3631 2302 3668 uxor.
2352 3635 2366 3664 ε

808 3690 958 3753 Quod
1012 3692 1246 3744 debitum
1303 3696 1391 3751 sit.
1443 3710 1493 3750 et
1531 3697 1686 3751 teluti
1722 3716 1806 3755 res
1858 3708 2156 3758 necessaria
2194 3717 2375 3760 mutua

810 3779 1208 3845 benevolentia,
1249 3802 1387 3841 nunc
1434 3789 1786 3844 demonstrat.
1824 3794 1937 3847 Non
1987 3797 2151 3854 enim.
2183 3801 2376 3867 inquit,

811 3883 1127 3939 potestatem
1165 3880 1360 3932 habent
1390 3895 1694 3948 corporum,
1725 3886 1815 3937 sed
1842 3886 1982 3938 enim
2028 3904 2162 3941 uxor
2200 3892 2377 3944 mariti

808 3979 863 4017 τι
906 3981 1060 4020 sei-va
1104 3980 1179 4022 est
1226 3980 1277 4023 et
1312 3973 1568 4026 domina:
1620 3989 1773 4029 serva
1826 3978 2063 4045 quidem,
2116 3992 2379 4047 quatenus

812 4074 926 4110 non
968 4059 1129 4112 habet
1189 4064 1391 4128 proprii
1437 4070 1682 4132 corporis
1743 4076 2085 4133 potestatem,
2120 4084 2176 4123 ut
2206 4074 2382 4125 tradat

812 4151 987 4214 ipsum
1021 4149 1217 4218 quibus
1245 4153 1389 4215 velit,
1425 4166 1678 4209 caeterum
1731 4160 1961 4213 maritus
2000 4163 2304 4216 dominatur
2328 4165 2380 4217 in

816 4255 984 4305 ιμςιιιη
1016 4287 1023 4293 .
1050 4242 1265 4297 domina
1300 4259 1449 4309 vero,
1482 4256 1747 4314 quatenus
1771 4263 1957 4304 rursus
1985 4253 2164 4305 mariti
2188 4269 2383 4323 corpus

814 4332 982 4397 ipsius
1022 4345 1125 4397 est,
1162 4350 1261 4389 nec
1316 4336 1477 4391 habet
1504 4338 1547 4391 is
1578 4342 1819 4407 corporis
1846 4343 1927 4395 sui
1958 4352 2301 4411 potestatem,
2327 4358 2384 4401 ut

816 4423 992 4473 tradat
1017 4422 1192 4490 ipsum
1225 4428 1443 4479 scortis.
1473 4427 1819 4483 Consimilem
1844 4432 1910 4484 ad
1944 4434 2204 4489 rationem
2224 4439 2384 4491 mariv

813 4520 897 4565 tus
923 4523 1027 4579 est,
1051 4530 1170 4567 cum
1199 4532 1389 4570 servus
1420 4528 1526 4571 tum
1556 4520 1803 4574 dominus
1837 4538 1947 4577 sua:
1976 4524 2236 4595 conjugis.

892 4605 1051 4658 Vens.
1084 4610 1136 4661 ii.
1173 4628 1189 4659 ι
1235 4608 1309 4663 Ne
1344 4611 1680 4668 defraudetis
1714 4630 1807 4669 vos
1855 4627 2060 4683 mutuo,
2102 4620 2206 4674 nisi
2259 4622 2387 4690 quid

815 4714 879 4751 rx
913 4712 1177 4751 consensu
1221 4701 1287 4753 ad
1328 4711 1559 4769 tempus.
1606 4722 1623 4754 ι
1668 4703 1777 4759 Hoc
1831 4718 1941 4771 est,
1995 4710 2162 4764 invito
2194 4714 2388 4767 marito

818 4803 883 4839 ne
913 4787 1183 4841 contineat
1206 4804 1373 4854 uxor;
1402 4792 1485 4844 vel
1523 4794 1772 4858 maritus,
1824 4797 2038 4852 nolente
2072 4815 2260 4856 uxore.
2294 4803 2388 4856 Al-

819 4887 990 4931 terum
1012 4877 1154 4931 enim
1176 4881 1344 4934 altero
1372 4880 1541 4936 invito
1565 4883 1704 4937 istud
1727 4884 1925 4954 facere,
1952 4901 2030 4943 est
2051 4890 2391 4960 defraudare,

819 4970 1265 5035 quemadmodum
1297 4983 1349 5025 et
1378 4972 1443 5025 de
1466 4974 1707 5040 pecuniis
1735 4975 1971 5032 dicitur:
2000 4979 2212 5036 volente
2235 4998 2382 5049 vero,

821 5074 921 5112 non
957 5060 1104 5125 item,
1141 5077 1237 5116 ceu
1277 5064 1495 5132 quando
1530 5080 1596 5119 ex
1653 5080 1923 5122 consensu
1956 5073 2166 5141 utrique
2204 5091 2385 5139 segre-

822 5153 1061 5219 gaveriut
1091 5152 1294 5222 aliquid
1325 5156 1604 5223 temporis,
1642 5166 1699 5211 ut
1721 5157 1860 5214 inter
1892 5176 2011 5217 sese
2058 5166 2381 5222 abstineant.

900 5347 916 5377 ι
970 5326 1041 5382 Ut
1078 5330 1281 5385 vacetis
1327 5331 1533 5398 jejunio
1580 5342 1633 5388 et
1679 5335 1931 5391 orationi.
1991 5356 2007 5390 ι
2064 5338 2386 5410 Interpreta-

824 5426 911 5469 tur
958 5420 1227 5484 quomodo
1282 5420 1497 5485 dixerit,
1567 5441 1585 5473 ι
1650 5425 1727 5479 Ad
1789 5437 2016 5497 tempus,
2091 5449 2108 5481 ι
2176 5436 2390 5500 quando

821 5506 1025 5561 scilicet
1075 5516 1282 5577 tempus
1341 5510 1501 5566 fuerit
1562 5525 1758 5568 vacare
1826 5517 2097 5583 orationi,
2156 5522 2259 5575 hoc
2308 5535 2391 5578 est

2457 1961 2653 2015 ἔστιτὸ
2682 1960 2776 2015 τοῦ
2807 1962 2986 2032 γάμου
3018 1964 3229 2031 χρῆμα.
3278 1962 3559 2030 Ἐπιφέρει
3590 1957 3712 2013 οὖν’

2534 2160 2552 2191 ι
2589 2139 2686 2191 Διά
2713 2138 2767 2191 δὲ
2793 2139 2890 2201 τάς
2905 2141 3183 2210 πορνείας,
3204 2141 3431 2201 ἕκαστος
3458 2138 3555 2209 τὴν
3582 2138 3773 2192 ἑαυτοῦ
3802 2142 4041 2206 γυναῖκα

2458 2236 2651 2304 ἐχέτω,
2688 2236 2783 2288 καὶ
2814 2237 3017 2305 ἑκάστη
3064 2237 3154 2286 τὸν
3189 2235 3318 2287 ἴδιον
3370 2234 3537 2303 ἀνδρα
3590 2233 3779 2301 ἐχέτω.
3822 2251 3838 2281 ι
3902 2232 4041 2299 Περὶ

2461 2328 2721 2397 ἐκατέρου
2781 2329 2980 2398 μέρους
3011 2326 3343 2391 διαλέγεται.
3372 2325 3532 2386 Εἰκὸς
3555 2324 3661 2393 γὰρ
3689 2325 3780 2376 τὸν
3812 2323 3911 2392 μὲν
3940 2324 4043 2375 ἀν-

2459 2422 2560 2491 δρα
2582 2423 2827 2490 στέργειν
2853 2420 2897 2453 “
2928 2422 3025 2490 τὴν
3054 2418 3429 2489 σωφροσύνην,
3469 2421 3565 2488 τὴν
3592 2418 3647 2468 δὲ
3682 2420 3917 2484 γυναῖκα
3937 2414 4002 2467 οὗ
4023 2432 4040 2447 ο

2461 2513 2493 2581 ἢ
2525 2515 2615 2564 καὶ
2654 2512 2714 2564 τὸ
2740 2513 2999 2579 ἔμπαλιν.
3054 2531 3072 2562 ι
3110 2511 3209 2563 Διά
3234 2510 3289 2563 δὲ
3319 2510 3413 2571 τὰς
3452 2509 3727 2579 πορνείας,
3771 2526 3788 2557 ι
3843 2505 4041 2567 εἰπὼν,

2462 2606 2541 2663 εἰς
2566 2604 2895 2672 ἐγκράτειαν
2938 2603 3185 2657 συνωθεῖ.
3231 2602 3290 2653 Εἰ
3329 2604 3435 2669 γάρ
3469 2601 3554 2653 διὰ
3587 2600 3685 2661 τὰς
3723 2598 3979 2667 πορνείας
4013 2599 4045 2650 ὁ

2464 2700 2638 2764 γάμος
2666 2698 3044 2765 συγχωρεῖται,
3076 2696 3174 2747 οὐκ
3203 2694 3475 2761 ὀφείλουσι
3507 2690 3691 2743 λοιπὸν
3713 2690 3760 2742 οἱ
3794 2692 3852 2743 ὲν
3875 2691 4047 2759 γάμῳ

2462 2786 2774 2848 ἀκολάστως
2807 2786 3178 2857 συνέρχεσθαι,
3204 2785 3340 2840 ἀλλὰ
3371 2782 3679 2860 σωφρόνως.

2545 2987 2562 3018 ι
2592 2968 2667 3037 Τῇ
2698 2969 2919 3034 γυναικὶ
2946 2968 2972 3020 ὁ
2999 2968 3137 3037 ἀνὴρ
3157 2968 3256 3037 τὴν
3285 2968 3642 3039 ὀφειλομένην
3668 2970 3881 3023 εὔνοιαν
3906 2971 4051 3023 ἀπο-

2467 3058 2687 3110 διδότω³
2726 3058 2927 3124 ὁμοίως
2975 3060 3031 3112 δὲ
3061 3061 3157 3113 καὶ
3188 3062 3220 3130 ἡ
3258 3060 3395 3128 γυνὴ
3442 3060 3520 3128 τῷ
3563 3062 3737 3129 ἀνδρί.
3776 3079 3794 3112 ι
3830 3060 4049 3130 Χρέος.

2473 3151 2659 3219 φησὶν,
2704 3150 2890 3219 ἔχετε,
2933 3152 3030 3221 τὴν
3070 3151 3208 3220 πρὸς
3241 3150 3506 3221 ἀλλήλους
3548 3151 3793 3203 εὖνοιανο
3827 3152 3901 3214 ὡς
3946 3149 4052 3206 οὖν

2474 3246 2664 3313 χρέος,
2717 3244 3018 3311 ἀναγκαῖόν
3081 3246 3229 3298 ἐστιν
3277 3246 3422 3315 ὑμᾶς
3479 3244 3792 3298 ἀποδιδόναι
3837 3245 4054 3315 ταύτην

2476 3335 2746 3404 ἀλλήλοις.

2556 3448 2571 3475 ι
2617 3425 2683 3477 ’Π
2719 3426 2856 3493 γυνὴ
2891 3424 2984 3478 τοῦ
3014 3426 3142 3478 ἰδίου
3170 3426 3420 3495 σώματος
3448 3428 3548 3481 οὐκ
3573 3429 3905 3495 ἐξουσιάζει,
3928 3431 4052 3483 ἀλλ’

2477 3519 2504 3567 ὸ
2536 3522 2703 3585 ανὴρ·
2733 3518 2930 3585 ὁμοίως
2959 3518 3015 3570 δὲ
3043 3518 3135 3570 καὶ
3163 3520 3190 3571 ὀ
3214 3520 3353 3587 ἀνὴρ
3376 3519 3470 3571 τοῦ
3507 3520 3637 3572 ἰδίου
3671 3520 3923 3589 σώματος
3944 3523 4055 3575 οὐκ

2480 3609 2799 3673 ἐξουσιάζει,
2832 3609 2944 3661 ἀλλ’
2979 3611 3011 3679 ἠ
3048 3612 3207 3681 γυνή.
3267 3630 3283 3661 i
3344 3610 3467 3662 Ὅτι
3510 3612 3699 3680 ὁφειλὴ
3730 3612 3824 3664 καὶ
3883 3613 4057 3682 χρέος

2481 3702 2694 3769 ὲστὶνὴ
2739 3702 2874 3770 πρὶς
2911 3701 3177 3771 ἀλλήλους
3215 3701 3426 3765 εὔνοια,
3480 3702 3576 3755 νῦν
3622 3703 3916 3755 δείκνυσιν.
3971 3708 4054 3759 υὺ

2479 3792 2585 3859 γὰρ
2620 3792 2991 3856 ἐξουσιάζουσι
3010 3831 3024 3852 ,
3056 3793 3209 3861 φησι,
3237 3792 3347 3845 τῶν
3371 3794 3659 3862 σωμάτων,
3688 3794 3800 3847 ἀλλ’
3826 3798 3858 3862 ἡ
3886 3799 4055 3865 γυνὴ,

2482 3882 2576 3931 καὶ
2605 3880 2763 3949 δούλη
2793 3881 2887 3932 καὶ
2910 3879 3165 3934 δέσποινά
3189 3883 3305 3933 ἐστι
3326 3882 3417 3934 τοῦ
3449 3883 3639 3948 ἀνδρός
3662 3899 3676 3913 '
3702 3884 3889 3953 δούλη,
3921 3888 4055 3939 καθ’

2481 3973 2507 4023 ὃ
2539 3972 2595 4022 τὸ
2623 3972 2751 4022 ἴδιον
2780 3972 2937 4039 σῶμα
2966 3972 3066 4023 οὐκ
3097 3970 3209 4041 ἔχει
3257 3974 3393 4042 αὐτὴ
3428 3975 3483 4024 ὲν
3520 3974 3770 4045 ἐξουσίᾳ,
3800 3976 3943 4029 ὥστε
3970 3978 4057 4031 διο

2481 4064 2627 4117 δόναι
2652 4062 2782 4116 αὐτὸ
2810 4057 2889 4126 οἷς
2916 4063 3199 4132 βούλεται,
3227 4064 3339 4117 ἀλλ’
3364 4068 3391 4117 ὁ
3412 4066 3549 4135 ἀνὴρ
3572 4066 3823 4130 δεσπόζει
3841 4069 4014 4121 αὑτοῦ
4041 4088 4054 4101 ·

2481 4156 2734 4209 δέσποινα
2767 4157 2842 4217 δὲ,
2879 4156 3012 4209 διότι
3042 4157 3202 4209 πάλιν
3233 4157 3293 4209 τὸ
3330 4158 3426 4211 τοῦ
3472 4159 3662 4229 ἀνδρὸς
3693 4160 3855 4226 σῶμα
3881 4162 4060 4231 αὐτῆς

2482 4251 2617 4312 ἐστι,
2650 4248 2744 4301 καὶ
2772 4248 2871 4300 οὐκ
2896 4248 3008 4317 ἔχει
3044 4250 3248 4309 ἐκεῖνος
3268 4248 3433 4301 αὑτοῦ
3461 4249 3582 4314 ἑξου
3598 4250 3739 4309 σίαν,
3765 4250 3908 4304 ὥστε
3934 4258 4059 4318 ταῖς

2484 4342 2713 4409 πόρναις
2740 4339 2938 4392 διδόναι
2981 4340 3131 4393 αὑτό.
3192 4340 3422 4408 Ὁμοίως
3448 4338 3543 4394 οὖν
3588 4342 3682 4393 καὶ
3708 4344 3733 4394 ὁ
3760 4343 3921 4412 ἀνὴρ,
3962 4350 4059 4401 καὶ

2484 4432 2665 4495 δοῦλός
2689 4433 2804 4485 ἐστι
2839 4433 2933 4485 καὶ
2971 4431 3238 4501 δεσπότης
3261 4433 3356 4499 τῆς
3393 4436 3668 4499 γυναικός.

2564 4624 2581 4656 ι
2629 4607 2720 4675 Μὴ
2755 4605 3105 4671 ἀποστερεῖτε
3140 4604 3403 4673 ἀλλήλους
3426 4644 3437 4662 .
3474 4606 3523 4657 εἰ
3556 4595 3686 4673 μήτι
3715 4606 3781 4659 ἂν
3813 4608 3878 4658 ἐκ
3922 4624 4059 4677 συμ-

2488 4700 2663 4767 φώνου
2693 4698 2829 4768 πρὸς
2858 4699 3066 4768 καιρόν.
3108 4722 3126 4748 ι
3157 4697 3199 4748 Τ
3203 4698 3467 4760 ουτέστιν,
3492 4698 3714 4756 ἄκοντος
3743 4698 3838 4750 τοῦ
3864 4700 4059 4768 ἀνδρὶς

2493 4793 2568 4861 μὴ
2612 4789 3030 4859 ὲγκρατευέσθω
3059 4791 3090 4857 ἠ
3127 4787 3284 4858 γυνὴ,
3333 4788 3365 4857 ῆ
3399 4789 3427 4840 ὁ
3458 4788 3618 4857 ἀνὴρ,
3648 4788 3746 4855 τῆς
3794 4792 4060 4855 γυναικὸς

2494 4882 2569 4951 μὴ
2616 4880 2964 4950 βουλομένης.
3008 4879 3080 4931 Τὸ
3142 4879 3272 4948 γὰρ,
3319 4879 3544 4940 ἄκοντος
3587 4877 3683 4930 τοῦ
3729 4880 3921 4949 ἑτέρου
3967 4884 4061 4935 τὸν

2492 4972 2678 5042 ἕτερον
2724 4970 2883 5024 τοῦτο
2911 4972 3106 5035 ποιεῖν,
3152 4971 3474 5039 ἀποστερεῖν
3517 4968 3687 5033 ἐστιν,
3735 4969 3930 5038 ὥσπερ
3964 4975 4061 5025 καὶ

2494 5063 2586 5115 ἐπὶ
2626 5062 2733 5115 τῶν
2754 5062 3053 5130 χρημάτων
3080 5059 3297 5127 λέγεται
3318 5075 3329 5087 ·
3366 5060 3425 5111 τὸ
3454 5059 3511 5112 δὲ
3542 5060 3787 5122 ἑκόντος,
3834 5062 4025 5115 οὐκέτι
4047 5080 4059 5093 °

2491 5151 2602 5207 οἷον
2618 5195 2632 5216 ,
2656 5154 2783 5207 ὅταν
2802 5155 2866 5205 ὲκ
2889 5150 3179 5219 συμφώνου
3204 5152 3251 5203 οἱ
3275 5150 3369 5203 δύο
3398 5151 3697 5221 ἁφορίσωσι
3724 5153 3917 5220 καιρόν
3938 5171 4063 5208 τινα

2494 5247 2572 5309 εἰς
2609 5245 2670 5297 τὸ
2698 5243 2992 5311 ἀπέχεσθαι
3018 5240 3283 5310 ἀλλήλων.

2574 5357 2590 5388 ι
2628 5337 2747 5390 Ἵνα
2778 5334 3074 5404 σχολάζητε
3110 5336 3174 5402 τῇ
3207 5334 3433 5402 νηστείᾳ
3461 5334 3553 5387 καὶ
3592 5336 3656 5402 τῇ
3691 5338 3999 5404 προσευχῇ.
4038 5353 4055 5386 ι

2505 5427 2852 5499 Ἐρμηνεύει,
2887 5425 3004 5486 πῶς
3047 5420 3167 5475 εἷπε
3202 5424 3283 5488 τὺ,
3336 5442 3353 5473 ι
3391 5424 3532 5493 Πρὸς
3564 5424 3775 5494 καιρὸν,
3829 5442 3847 5474 ι
3894 5426 4065 5493 ἧγουν

2496 5525 2623 5576 ὅταν
2656 5521 2844 5593 καιρὸς
2976 5518 3235 5587 σχολάσαι
3268 5519 3331 5587 τῇ
3384 5518 3690 5586 προσευχῇ,
3743 5516 4062 5580 τουτέστιν,

2083 5662 2277 5722 Variae
2316 5663 2644 5726 lectiones.

904 5796 943 5827 "
976 5797 1059 5848 ὲνε
1071 5799 1215 5865 ργεῖν
1248 5816 1301 5853 υ.
