4272 6448
859 393 964 455 647

1734 385 2303 446 ΤῙῘΕΟΡΗΥΙ.Α(ῙΤΙ
2338 384 2743 446 DULG.\RI.E
2777 390 3126 455 ARCHIEP.

3997 398 4097 459 643

854 514 1013 568 quam
1046 509 1266 569 prOpter
1299 496 1668 550 inﬁdelitatem
1704 494 1763 548 lit
1783 495 2090 554 divortium,
2128 511 2146 542 ε
2187 493 2285 544 nisi
2318 495 2411 544 nni

2243 493 2285 542 si
2318 495 2434 544 nni-
2460 505 2508 557 Α
2539 496 2699 547 αὑτὸν
2729 499 2756 548 ὁ
2790 499 2942 562 Θεὸς.
2978 503 3211 556 Γυναῖκα
3237 505 3372 576 ἔχων
3398 511 3624 565 ἄπιστον
3653 512 3924 583 ἐκλήθηςς
3956 516 4096 567 Μέιε

852 591 1066 659 cuique,
1113 608 1131 641 ι
1190 590 1289 641 hoc
1317 597 1421 651 est,
1455 585 1561 640 Sed
1590 585 1960 654 unusquisque
1996 586 2074 639 sic
2115 599 2172 638 se
2204 583 2420 645 habent,

2532 587 2688 655 ἔχων,
2721 593 2812 643 καὶ
2845 594 2920 664 μὴ
2949 596 3036 649 διὰ
3069 600 3167 669 τὴν
3196 602 3455 656 ἀπιστίαν
3488 605 3745 677 ἐκϐάλῃς.

853 696 912 740 ιιι
951 687 1059 738 Deo
1108 685 1175 739 de
1227 684 1316 737 illo
1342 683 1630 752 disponere
1681 682 1904 750 placuit.
1959 680 2190 735 Uxorem
2223 679 2428 734 habens
2505 681 2772 740 inﬁdelem
2838 705 3058 750 vocatus
3095 698 3189 752 es?
3221 714 3337 751 eam
3370 702 3621 766 retineto,
3671 717 3770 757 nec
3795 704 3864 758 ob
3897 703 4097 756 ῖηῆάε-

851 779 1059 832 litatem
1093 775 1302 842 ejicias.

925 886 942 917 ε
980 866 1044 919 Et
1069 867 1146 920 sic
1179 869 1231 919 in
1263 867 1510 919 omnibus
1538 864 1793 920 Ecelesiis
1814 864 2058 934 dispono.
2086 882 2104 914 ι
2134 861 2242 918 lloc
2267 863 2420 927 dixit,

849 971 905 1011 ut
936 974 998 1011 ex
1029 973 1094 1011 eo
1115 959 1254 1025 quod
1282 958 1414 1011 alios
1431 957 1662 1012 habeant
1688 959 1997 1026 participes,
2028 955 2095 1008 ad
2123 956 2423 1025 obsequen-

847 1056 970 1103 dum
1009 1051 1117 1104 sint
1150 1051 1469 1118 paratiores.

921 1143 1080 1198 Vens.
1113 1143 1196 1196 18.
1236 1160 1254 1192 ι
1288 1143 1658 1197 Circumcisus
1683 1141 1875 1209 aliquis
1899 1151 2122 1193 vocatus
2155 1140 2272 1194 est?
2300 1136 2412 1194 Non

844 1237 1073 1288 adducat
1114 1237 1458 1301 prmputinm.
1494 1254 1512 1285 ι
1570 1233 1872 1286 Verisimile
1895 1242 2012 1286 erat
2043 1233 2242 1286 multos
2269 1247 2406 1300 quos

843 1324 1274 1378 circumcisionis
1303 1324 1550 1390 pudebat,
1574 1322 1963 1375 medicamento
1983 1323 2216 1390 quodam
2250 1338 2414 1376 mem-

844 1418 1002 1468 brum
1041 1416 1419 1469 circumcisum
1465 1415 1529 1467 ad
1564 1414 1852 1482 pristinum
1899 1422 2098 1467 statum
2147 1416 2410 1484 redigere,

843 1508 1136 1561 cuticulam
1172 1507 1421 1559 nimirum
1459 1507 1962 1572 superinducentes.

921 1601 1070 1669 161
1132 1618 1148 1649 ι
1206 1598 1260 1650 lu
1315 1601 1574 1667 praputio
1633 1598 1827 1664 aliquis
1873 1610 2099 1653 vocatus
2154 1601 2267 1653 CSl?
2309 1612 2410 1651 non

841 1691 1280 1744 circumeidutur.
1320 1710 1336 1741 ι
1373 1689 1572 1742 Contra
1608 1690 1870 1752 nonnulli,
1911 1692 2053 1759 quod
2105 1693 2156 1745 in
2183 1692 2413 1745 circum-

839 1784 1047 1836 cisione
1078 1783 1390 1850 prmclarnm
1424 1781 1548 1848 quid
1589 1795 1712 1834 esse
1748 1780 2038 1847 videretur,
2097 1791 2215 1852 post
2252 1781 2411 1834 [idem

835 1877 1378 1932 circumcidebantur.
1434 1873 1523 1926 Ait
1581 1874 1766 1942 igitur,
1794 1875 1936 1942 quod
1995 1876 2096 1930 ista
2131 1874 2196 1928 ad
2255 1873 2410 1927 ﬁdem

843 1970 979 2023 nihil
1014 1967 1315 2023 conferant.

906 2060 1071 2117 Vens.
1103 2061 1187 2116 l9.
1216 2079 1234 2111 ι
1272 2059 1621 2114 Circumcisio
1673 2057 1801 2111 nihil
1833 2067 1935 2121 est,
1996 2067 2048 2112 et
2083 2059 2400 2126 praeputium

831 2154 965 2207 nihil
990 2165 1092 2216 est,
1120 2156 1211 2208 sed
1239 2153 1544 2207 observatio
1578 2153 1956 2204 mandatorum
1992 2149 2102 2204 Dei.
2144 2170 2161 2200 ι
2197 2150 2408 2219 Ubique

832 2263 935 2302 una
973 2264 1092 2303 cum
1126 2246 1229 2300 lide
1250 2245 1465 2300 virtutis
1493 2244 1722 2314 exigitur
1748 2243 2006 2314 operatio.
2029 2241 2233 2299 Caetera
2255 2259 2402 2310 vero,

831 2340 912 2394 vel
945 2341 1138 2401 minus,
1169 2338 1250 2392 vel
1280 2353 1382 2392 non
1435 2339 1674 2412 omnino.

902 2429 1069 2485 Vens.
1091 2430 1275 2493 20,2l.
1309 2449 1326 2480 ι
1357 2428 1732 2497 Unusquisque
1750 2429 1799 2482 in
1816 2443 1918 2498 qua
1941 2429 2223 2483 vocatione
2250 2442 2414 2481 voca-

833 2535 920 2590 ,us
944 2529 1051 2581 est,
1079 2520 1130 2573 in
1157 2534 1218 2573 ea
1242 2530 1574 2586 permaneat.
1613 2522 1812 2573 Servus
1838 2528 2057 2571 vocatus
2093 2517 2190 2571 es?
2214 2533 2318 2569 non
2347 2519 2416 2571 sit

833 2614 924 2666 tibi
961 2626 1132 2665 curm:
1173 2612 1266 2664 sed
1297 2621 1348 2663 et
1375 2611 1418 2664 si
1454 2621 1608 2679 potes
1646 2611 1757 2663 lieri
1792 2610 1948 2669 liber.
1979 2611 2152 2675 magis
2183 2617 2353 2662 utere.
2391 2626 2409 2657 ι

832 2705 887 2758 ln
922 2703 1198 2757 vocatione
1229 2718 1330 2770 qua
1362 2712 1582 2754 voratus
1641 2711 1745 2764 est,
1807 2699 1909 2753 hoc
1954 2709 2060 2758 est.
2097 2713 2414 2766 quocunque

831 2797 893 2848 in
927 2811 1144 2865 genere,
1172 2795 1250 2848 vel
1291 2793 1479 2847 ordine
1507 2793 1587 2846 vel
1620 2793 1927 2846 conditione
1985 2789 2188 2845 Christi
2255 2791 2412 2843 [idem

843 2891 1143 2958 susceperit
1169 2889 1455 2958 quispiam.
1487 2887 1539 2940 in
1575 2887 1673 2940 hoc
1699 2894 2028 2956 perseveret.
2063 2882 2412 2938 Vocationcm

837 2983 982 3034 enim
1009 2982 1139 3035 dicit
1169 2979 1534 3034 inductionem
1572 2979 1637 3031 ad
1674 2979 1850 3030 Iidem.
1891 2974 2090 3029 Servus
2121 2989 2241 3028 cum
2263 2987 2414 3028 esses

832 3073 1158 3128 credidisti?
1188 3072 1380 3124 anxius
1412 3085 1474 3124 ne
1505 3070 1600 3134 sis,
1639 3083 1810 3137 neque
1843 3067 2199 3135 perturberis.
2230 3065 2413 3133 Usque

841 3168 976 3220 adeo
1006 3165 1278 3218 enimnon
1321 3163 1485 3215 obest'
1529 3159 1784 3222 servitus,
1825 3169 1882 3212 ut
1917 3160 2116 3228 potius,
2176 3157 2219 3210 si
2263 3167 2414 3225 potes

842 3258 976 3310 liber
1007 3255 1141 3319 ﬁeri,
1171 3263 1362 3307 utere:
1405 3254 1504 3307 hoc
1529 3261 1635 3316 est,
1687 3251 1907 3315 servito,
1950 3259 2111 3319 atque
2162 3251 2214 3303 iu
2257 3265 2410 3304 usum

830 3361 882 3402 te
913 3345 1054 3400 conti
1077 3357 1181 3400 rto.

906 3441 1061 3491 Vsus.
1084 3437 1173 3490 22.
1200 3454 1218 3488 ι
1250 3435 1344 3500 Qui
1369 3434 1510 3487 enim
1535 3433 1587 3486 in
1614 3431 1837 3486 Domino
1859 3440 2076 3485 vocatus
2098 3437 2178 3484 est
2204 3444 2412 3494 servus,

830 3535 1060 3586 libertus
1093 3546 1175 3583 ρει
1210 3528 1418 3582 Domini
1458 3545 1469 3578 :
1508 3529 1758 3580 similiter
1786 3529 1876 3596 qui
1910 3529 2039 3579 liber
2059 3538 2280 3578 vocatus
2308 3535 2410 3586 cst,

837 3640 1029 3680 servus
1059 3633 1140 3677 cst
1171 3621 1395 3677 Christi.
1440 3640 1458 3673 ι
1505 3620 1758 3674 Libertus
1787 3620 2003 3682 dicitur,
2030 3618 2120 3686 qui
2153 3620 2413 3672 servitute

832 3718 1114 3772 liberatur.
1143 3713 1316 3783 inquit
1345 3713 1508 3780 igitur
1557 3729 1571 3766 :
1610 3710 1688 3764 Tn
1721 3709 1834 3779 qni,
1874 3725 1996 3762 cum
2054 3711 2104 3760 in
2158 3709 2413 3761 servitute

833 3822 1103 3870 maneres,
1165 3805 1440 3859 credidisti
1478 3806 1529 3857 in
1584 3803 1880 3861 Christum,
1919 3802 2142 3855 libertus
2191 3798 2412 3854 ell'ectus

829 3914 889 3953 es
923 3898 1126 3952 Christi
1165 3914 1178 3949 :
1239 3895 1488 3949 liberavit
1513 3894 1657 3947 enim
1691 3892 1780 3945 hic
1843 3899 1894 3944 te
1938 3900 2046 3943 tum
2089 3904 2117 3943 a
2167 3899 2410 3957 peccato,

834 4005 946 4044 tum
982 3990 1048 4042 ab
1082 3990 1181 4042 ista
1234 3989 1492 4040 servitute
1523 3985 1812 4048 exteriore,
1844 3982 2054 4035 tametsi
2106 3995 2295 4035 servus
2315 3981 2408 4033 sis.

828 4083 965 4136 Cum
1001 4095 1143 4133 enim
1181 4079 1301 4144 quis
1338 4079 1408 4130 ab
1435 4075 1718 4129 aﬂectibus
1739 4074 2019 4136 liberatur,
2053 4083 2106 4124 et
2134 4073 2296 4124 animi
2333 4074 2412 4122 in-

829 4172 1104 4237 genuitate
1165 4168 1386 4238 potitur,
1451 4179 1556 4218 non
1591 4172 1673 4218 est
1724 4176 1932 4224 servus,
1993 4160 2092 4215 etsi
2141 4160 2408 4214 videatur.

831 4262 1069 4325 ltursus,
1100 4261 1237 4314 alius
1294 4257 1585 4326 quispiam,
1620 4255 1756 4308 liber
1776 4269 1893 4306 cum
1936 4262 2100 4315 esset,
2132 4251 2196 4304 ad
2252 4250 2410 4303 iidem

831 4365 1077 4419 vocatus,
1113 4352 1314 4406 Christi
1340 4363 1531 4404 servus
1554 4345 1804 4401 ellicitur.
1843 4345 2026 4412 Itaque
2058 4343 2102 4396 si
2129 4341 2409 4396 servitutis

801 4443 1031 4498 'nomen
1101 4457 1316 4496 servum
1367 4440 1660 4501 obturbat,
1706 4437 1967 4506 intelligat
1997 4451 2054 4488 se
2087 4436 2138 4488 in
2196 4434 2411 4487 Christo

832 4539 1116 4590 liberatum
1157 4548 1276 4588 esse
1320 4550 1332 4584 :
1376 4533 1519 4600 quod
1552 4531 1707 4596 longe
1764 4536 1847 4581 est
1880 4532 2108 4580 humana
2165 4524 2410 4578 libertate

830 4630 1198 4701 prestantius.
1267 4628 1458 4690 Porro,
1518 4625 1561 4678 si
1623 4623 1882 4676 libertatis
1936 4635 2124 4673 nomen
2178 4619 2405 4671 liberum

829 4727 1047 4786 attollit,
1089 4722 1348 4789 intelligat
1381 4721 1522 4772 idem
1553 4731 1612 4771 se
1632 4716 1830 4770 Christi
1864 4728 2076 4767 servum
2145 4723 2287 4774 esse,
2354 4721 2407 4763 et

829 4817 1241 4881 comprimatur,
1273 4821 1457 4877 utpote
1485 4809 1576 4877 qui
1609 4807 1742 4860 tanti
1772 4803 1981 4856 Domini
2005 4802 2192 4871 jugum
2216 4801 2402 4854 subie-

831 4912 920 4975 rit,
959 4908 1163 4976 ipsique
1182 4908 1392 4974 placere
1409 4902 1672 4958 debuerit.
1697 4898 1886 4951 Viden’
1909 4909 2067 4964 qnam
2110 4893 2402 4963 prudenter

831 5003 1140 5072 Apostolus,
1171 5016 1291 5070 qua:
1328 5009 1612 5065 utramque
1638 4994 1861 5047 deceant
1888 5000 2116 5059 partem,
2160 5000 2401 5039 commo-

834 5094 1067 5149 ιιιίιιςίιιι
1092 5094 1114 5145 ?

903 5189 1063 5242 Visus.
1083 5184 1266 5248 23,2l.
1300 5204 1316 5235 ι
1342 5183 1522 5237 Pretio
1547 5181 1710 5248 empti
1729 5177 1881 5238 estis,
1905 5174 2085 5229 nolite
2115 5173 2230 5226 ﬁeri
2262 5171 2401 5225 servi

835 5281 1130 5334 hominum.
1169 5275 1551 5344 Unusquisque
1581 5273 1632 5325 in
1665 5285 1773 5339 quo
1805 5278 2026 5322 vocatus
2060 5274 2164 5329 est,
2188 5263 2404 5325 fratres,

835 5373 888 5425 in
919 5383 985 5424 eo
1009 5379 1323 5437 permaneat
1351 5365 1486 5436 apud
1518 5363 1704 5416 Deum.
1747 5378 1764 5411 ι
1798 5357 1914 5412 Non
1953 5357 2123 5412 solum
2165 5354 2230 5408 ad
2279 5369 2396 5408 ser-

831 5477 927 5518 vos
953 5462 1053 5516 hoe
1070 5462 1220 5523 dicit,
1252 5460 1340 5514 sed
1375 5460 1534 5513 etiam
1562 5455 1628 5509 ad
1661 5453 1890 5507 liberos:
1925 5459 1977 5504 et
2002 5448 2283 5501 universos
2319 5445 2398 5496 in-

832 5554 1012 5609 8tituit
1049 5551 1406 5614 Christianos,
1447 5559 1502 5602 ut
1562 5544 1692 5600 nihil
1751 5542 1814 5595 ad
1846 5540 2130 5595 hominum.
2171 5537 2397 5604 gratiam

2607 885 2625 916 ι
2669 869 2774 921 Καὶ
2799 869 2967 932 οὕτως
3001 873 3057 923 ἐν
3085 876 3284 936 πάσαις
3315 879 3435 940 ταῖς
3489 879 3835 952 Ἐκκλησίαις
3878 883 4090 938 διατᾶτο

2525 971 2710 1024 τομαι.
2753 976 2770 1009 ι
2817 961 2985 1015 Τοῦτο
3016 958 3188 1028 εἶπεν,
3222 966 3307 1018 ἴνα
3343 968 3422 1038 τῷ
3452 968 3596 1039 ἔχειν
3624 973 3715 1023 καὶ
3747 973 3941 1036 ἄλλους
3975 992 4091 1027 κοι-

2524 1049 2744 1108 νωνοὺς,
2765 1049 3164 1123 προθυμότεροι
3192 1057 3315 1125 περὶ
3330 1059 3429 1126 τὴν
3447 1060 3691 1131 ὑπακοὴν
3710 1063 4008 1118 διατεθῶσι
4023 1068 4087 1120 ⁸’.

2599 1159 2617 1188 ε
2668 1143 3140 1212 Περιτετμημένος
3171 1167 3254 1212 τις
3281 1149 3521 1222 ἐκλήθης
3555 1155 3643 1223 Μὴ
3675 1158 4030 1214 ἐπισπάσθω.
4070 1180 4085 1211 ι

2523 1233 2679 1296 Εἰκὸς
2715 1231 2782 1303 ἦν
2831 1237 3058 1300 πολλοὺς
3096 1245 3519 1313 αἰσχυνομένους
3569 1253 3635 1317 τῇ
3676 1257 3972 1320 περιτομῇ,
4004 1254 4092 1305 διὰ

2521 1343 2665 1390 τινος
2714 1330 2976 1398 ἰατρείας,
3019 1332 3110 1384 ἐπὶ
3140 1334 3198 1384 τὸ
3230 1337 3458 1404 ἀρχαῖον
3498 1339 3796 1407 ἐπανάγειν
3825 1344 3886 1396 τὸ
3917 1347 4090 1413 ἐμπε-

2526 1421 2744 1489 ρίτομον
2775 1426 2982 1492 μόριον,
3018 1427 3438 1496 ἐπισπωμένους
3471 1432 3530 1484 τὸ
3562 1433 3756 1504 δέρμα.

2596 1597 2613 1628 ι
2648 1580 2736 1632 Ἐν
2760 1582 3094 1656 ἀκροϐυστίᾳ
3120 1603 3201 1647 τις
3229 1587 3467 1656 ἐκλήθη;
3495 1590 3567 1658 μὴ
3592 1594 4032 1661 περιτεμνέσθω.
4063 1615 4080 1645 ι

2523 1671 2689 1723 Πάλιν
2723 1675 2869 1735 τινὲς
2901 1675 2988 1727 διὰ
3017 1678 3077 1728 τὸ
3118 1677 3308 1730 δοκοῦν
3359 1679 3563 1744 ἔνδοξον
3610 1685 3708 1751 τῆς
3735 1688 4081 1755 περιτομῆς,

2524 1765 2660 1831 μετὰ
2710 1765 2766 1816 τὸ
2815 1768 3101 1820 πιστεῦσαι
3148 1774 3593 1841 περιετὲμνοντο.
3638 1777 3806 1844 Φησὶν
3843 1772 3960 1844 οῦν,
4009 1781 4086 1832 ὅτι

2521 1856 2689 1909 ταῦτα
2720 1859 2870 1911 οὐδὲν
2900 1861 2981 1922 εἰς
3005 1859 3102 1929 τὴν
3131 1862 3316 1914 πίστιν
3351 1866 3614 1919 συντελεῖ.

2597 2055 2615 2086 ι
2671 2036 2731 2089 Ἢ
2779 2041 3049 2110 περιτομὴ
3083 2040 3235 2094 οὐδέν
3267 2043 3405 2102 ἔστι.
3441 2046 3534 2097 καὶ
3570 2047 3601 2114 ἡ
3629 2048 3968 2120 ἀκροϐυστία
3996 2052 4084 2104 οὗ·

2518 2128 2603 2181 ὁὲν
2639 2130 2802 2193 ἐστιν,
2840 2133 2974 2185 ἀλλὰ
3022 2137 3252 2203 τήρησις
3292 2133 3520 2189 ἐντολῶν
3549 2139 3708 2192 Θεοῦ.
3740 2163 3769 2189 ι
3799 2144 4084 2214 Πανταχοῦ

2517 2224 2673 2273 τοῦτο
2709 2221 2985 2290 ζητεῖται,
3038 2225 3174 2292 μετὰ
3209 2230 3308 2293 τῆς
3353 2228 3648 2299 πίστεωςή
3706 2235 3942 2302 ἐργασία
3988 2237 4085 2307 τῆς

2518 2311 2717 2379 ἀρετῆς
2736 2311 2781 2342 ⁸⁸
2805 2329 2818 2342 ο
2854 2309 3022 2365 τᾶλλα
3049 2315 3126 2378 δὲ,
3158 2315 3191 2383 ἢ
3235 2311 3414 2386 ἦττον,
3451 2319 3483 2386 ἢ
3515 2320 3766 2395 οὑδόλως.

2593 2423 2609 2454 ι
2653 2403 2920 2468 Ἕκαστος
2967 2409 3024 2459 ἐν
3072 2412 3138 2477 τῇ
3202 2406 3480 2483 κλήσει,ᾖ
3536 2414 3763 2485 ἐκλήθη,
3808 2417 3866 2469 ἐν
3913 2419 4086 2490 ταύτῃ

2519 2496 2724 2565 μενέτω
2746 2498 2808 2549 ³³.
2843 2497 3037 2562 Δοῦλος
3083 2501 3352 2572 ἐκλήθης;
3387 2506 3459 2574 μή
3492 2522 3574 2558 σοι
3622 2507 3858 2575 μελέτω·
3889 2511 4008 2563 ἀλλ’
4044 2515 4087 2564 εἰ

2518 2595 2609 2644 καὶ
2629 2592 2852 2644 δύνασαι
2878 2593 3159 2662 ἐλεύθερος
3189 2597 3459 2662 γενέσθαι,
3489 2600 3687 2668 μᾶλλον
3718 2604 3934 2672 χρῆσαι.
3969 2624 3987 2655 ι
4019 2636 4084 2644 -

2523 2704 2541 2736 ε
2566 2686 2652 2737 Ἐν
2677 2688 2741 2753 τῇ
2765 2686 2972 2754 κλήσει,
3051 2688 3305 2758 ἐκλήθη,ι
3335 2693 3636 2756 τουτέστιν,
3667 2695 3724 2746 ἐν
3738 2696 3832 2764 οἴῳ
3850 2698 3971 2768 βίῳ,
3995 2703 4091 2754 καὶ

2515 2776 2573 2828 ἐν
2605 2777 2701 2848 οἴῳ
2728 2778 2970 2847 τάγματι
3019 2781 3113 2832 καὶ
3140 2782 3501 2854 πολιτεύματι
3538 2785 3616 2837 ὢν
3645 2789 3993 2857 ἐπίστευσεν,
4031 2794 4089 2846 ἐν

2515 2865 2689 2934 τούτῳ
2718 2869 2941 2934 μενέτω.
2968 2869 3174 2935 Κλῆσιν
3204 2872 3312 2941 γὰρ
3333 2874 3432 2943 τὴν
3461 2876 3540 2934 είς
3569 2876 3669 2946 τὴν
3691 2878 3876 2932 πίστιν
3904 2898 4080 2951 προσ-

2513 2958 2737 3025 αγωγὴν
2789 2974 2940 3026 φησι.
2994 2959 3190 3022 Δοῦλος
3234 2961 3310 3013 ὦν
3367 2965 3730 3030 ἐπίστευσαςς
3795 2972 3870 3041 μὴ
3907 2975 4080 3044 φρύν-

2515 3047 2626 3111 τιζε
2648 3089 2663 3112 ,
2699 3051 2830 3120 μηδέ
2861 3052 3115 3122 θορυϐοῦ.
3151 3055 3417 3108 Τοσοῦτον
3449 3058 3558 3129 γὰρ
3602 3061 3664 3113 οὐ
3699 3061 3927 3131 βλάπτει
3959 3083 4021 3120 σε
4057 3071 4087 3137 ἠ

2458 3160 2460 3163 ·
2513 3140 2746 3205 δουλεία,
2773 3141 2914 3194 ὥστε
2961 3145 3183 3212 μᾶλλον,
3231 3148 3325 3198 καὶ
3364 3150 3413 3200 εἰ
3452 3149 3676 3204 δύνασαι
3712 3154 4090 3228 ἐλευθερωθῆ-

2515 3249 2624 3293 vas,
2658 3234 2886 3305 χρῆται·
2927 3237 3193 3302 τουτέστι,
3229 3239 3456 3294 Δούλευε
3477 3282 3492 3306 ,
3523 3244 3603 3307 είς
3633 3248 3826 3316 χρῆσιν
3857 3253 4090 3303 σεαυτὸν

2433 3328 2478 3390 C
2510 3323 2683 3387 ἓκδος.

2594 3437 2613 3469 ε
2665 3419 2722 3472 '0
2761 3420 2868 3492 γὰρ
2893 3424 2948 3474 ἐν
2982 3424 3172 3494 Κυρίῳ
3202 3426 3425 3495 κληθεὶς
3468 3428 3672 3495 δοῦλος,
3714 3434 4089 3506 ἀπελεύθερος

2516 3511 2724 3578 Κυρίου
2756 3512 2900 3565 ἐστίν
2924 3529 2935 3541 ⁸
2963 3515 3165 3582 ὁμοίως
3188 3518 3282 3569 καὶ
3310 3519 3338 3568 ὁ
3364 3519 3646 3590 ἐλεύθερος
3672 3525 3890 3592 κληθεὶς
3909 3567 3925 3590 ,
3960 3527 4087 3580 δοῦ-

2517 3599 2602 3663 λος
2639 3603 2878 3670 Χριστοῦ
2921 3607 3085 3658 ἐστιν.
3127 3624 3146 3657 ι
3191 3607 3580 3680 ’Δπελεύθερος
3623 3612 3862 3680 λέγεται,
3898 3619 3926 3668 ὁ
3975 3619 4086 3670 ἀπὸ

2514 3692 2756 3756 δουλείας
2789 3695 3190 3766 ἐλευθερωοείς.
3223 3700 3391 3769 Φησὶν
3418 3699 3531 3760 οὖν,
3563 3703 3646 3756 ὅτι
3675 3705 3744 3757 Σὺ
3789 3705 3819 3757 ὁ
3851 3709 3910 3759 ἐν
3961 3709 4085 3762 δου-

2515 3790 2631 3859 λεία
2669 3791 2983 3857 πιστεύσας,
3011 3795 3372 3864 ἀπελεύθερος
3418 3792 3470 3848 εἴ
3498 3797 3592 3850 τοῦ
3623 3799 3861 3867 Χριστοῦ
3884 3817 3896 3829 ’
3927 3804 4088 3871 ἠλευο

2515 3881 2720 3950 θέρωσε
2763 3882 2869 3952 γάρ
2903 3899 2961 3935 σε
2987 3884 3084 3937 καὶ
3117 3885 3225 3938 ἀπὸ
3253 3885 3354 3954 τῆς
3383 3887 3675 3958 ἁμαρτίας,
3716 3894 3813 3944 καὶ
3845 3893 3958 3945 ἀπὸ
3989 3895 4088 3963 τῆς

2514 3972 2713 4033 ἔξωθεν
2743 3974 2802 4024 δὲ
2849 3975 3052 4045 ταύτης
3085 3976 3353 4042 δουλείας,
3383 3979 3431 4030 εί
3462 3980 3557 4031 καὶ
3587 3979 3771 4044 δοῦλος
3801 3977 3870 4035 εί.
3910 3984 4088 4038 Ὀταν

2515 4063 2623 4130 γάρ
2656 4081 2737 4126 τις
2769 4065 2957 4117 παθῶν
2983 4067 3358 4134 ἀπήλλακται,
3386 4071 3482 4122 καὶ
3512 4071 3707 4140 εὐγενῆ
3747 4073 3847 4142 Em
3879 4074 4087 4146 ψυχὴν,

2513 4152 2612 4205 οὑκ
2643 4152 2758 4204 ἐστι
2788 4152 2998 4219 δοῦλος,
3029 4154 3138 4209 κᾶν
3185 4156 3339 4228 δοκῇ.
3382 4158 3570 4223 Πάλιν,
3611 4161 3769 4224 ἄλλος
3799 4164 4086 4235 ἐλεύθερος

2512 4244 2607 4310 ἂν,
2640 4246 2845 4314 ἐκλήθη
2896 4250 2974 4309 είς
3004 4249 3105 4318 τὴν
3157 4251 3363 4311 πίστιν,
3407 4251 3592 4314 δοῦλος
3623 4253 3862 4321 Χριστοῦ
3911 4257 4084 4310 ἐστιν.

2515 4335 2677 4388 Ὥστε
2711 4339 2759 4389 εί
2794 4336 2853 4390 τδ
2886 4338 3056 4406 ὄνομα
3091 4339 3187 4407 τῆς
3219 4339 3464 4404 δουλείας
3494 4341 3716 4411 θορυδεί
3743 4342 3834 4394 τὸν
3870 4343 4088 4410 ὼῦλον,

2512 4429 2765 4481 ἐννοείτω
2785 4430 2867 4482 ὅτι
2890 4430 2945 4481 ἐν
2965 4431 3185 4501 Χριστῷ
3212 4432 3580 4500 ὴλευθὲρωται
3601 4450 3612 4461 '
3642 4434 3670 4485 ὃ
3696 4433 3877 4503 πολλῷ
3897 4437 4088 4505 μεῖζον

2512 4523 2625 4572 ἐστι
2657 4520 2752 4589 τῆς
2793 4521 3143 4590 ἀνθρωπίνης
3193 4522 3531 4592 ἐλευθερίας.
3575 4522 3738 4588 Αὖθις
3783 4525 3838 4578 δὲ
3865 4566 3879 4588 .
3925 4529 3977 4580 εί
4028 4532 4088 4582 τὸ

2513 4612 2681 4679 ονομα
2721 4611 2819 4676 τῆς
2855 4610 3167 4680 ἐλευθερίας
3217 4611 3437 4680 ἐπαίρει
3484 4613 3574 4666 τὸν
3625 4613 3937 4684 ἐλεύθερον,
3996 4620 4082 4672 ἐν.

2515 4703 2724 4763 νοείτω,
2762 4703 2842 4754 ὅτι
2889 4702 3073 4766 δοῦλός
3103 4705 3220 4756 ἐστι
3258 4703 3522 4772 Χριστοῦ,
3554 4705 3651 4756 καὶ
3683 4708 4082 4774 συστελλέσθω,

2515 4797 2587 4855 ὡς
2621 4795 2722 4846 ὑπὸ
2758 4795 3035 4863 Δεσπότην
3056 4797 3372 4865 τηλικοῦτον
3402 4797 3498 4863 ὢν,
3528 4798 3622 4851 καὶ
3650 4798 3800 4868 αὐτῷ
3825 4801 4084 4868 ἀρέσκειν

2511 4888 2758 4956 ὀφείλων.
2800 4889 2963 4959 Ὁρᾷς
2991 4889 3203 4958 σοφίαν,
3233 4889 3352 4953 πῶς
3383 4891 3716 4960 ἀμφοτέροις
3743 4893 3857 4955 τοῖς
3889 4895 4083 4964 μέρεσι

2511 4983 2576 5034 τα
2618 4983 2965 5051 προσήκοντα
3005 4983 3287 5050 παραινεῖ;

2582 5177 2596 5206 ε
2634 5156 2814 5226 Τιμῆς
2856 5155 3221 5227 ἠγοράσθητε,
3281 5157 3356 5226 μὴ
3390 5156 3609 5224 γίνεσθε
3644 5156 3820 5210 δοῦλοι
3866 5157 4081 5228 ἀνθρὼο

2507 5269 2641 5302 πων.
2678 5250 2947 5311 Ἕκαστος
2972 5252 3028 5301 ἐν
3062 5244 3106 5317 ᾧ
3136 5249 3372 5320 ἐκλήθη,
3407 5250 3646 5317 ἀδελφοὶ,
3676 5252 3733 5303 ἐν
3760 5249 3936 5320 τούτῳ
3981 5269 4082 5320 με·

2507 5342 2643 5394 νέτω
2675 5342 2825 5412 παρὰ
2865 5341 3005 5410 Θεῷ.
3059 5359 3076 5393 ι
3130 5342 3207 5395 Οὐ
3247 5342 3383 5412 πρὸς
3415 5340 3629 5403 οἰκέτας
3676 5341 3871 5408 μόνους
3919 5342 4079 5394 τοῦτο

2508 5452 2694 5504 φησιν,
2715 5435 2847 5486 ἀλλὰ
2871 5435 2961 5486 καὶ
2981 5434 3114 5500 πρδε
3141 5432 3476 5502 ἐλευθέρους,
3503 5431 3784 5500 παραινῶν
3806 5433 3938 5484 πᾶσι
3964 5434 4077 5493 τοῖς

2507 5530 2871 5600 Χριστιανοῖς,
2899 5527 2943 5557 ⁸⁸
2988 5526 3061 5596 μὴ
3085 5526 3223 5596 προς·
3251 5526 3541 5596 ἀρέσκειαν
3577 5525 3878 5595 ἀνθρώπων
3903 5527 4076 5576 ποιεῖν

2124 5629 2325 5689 Varite
2361 5627 2686 5688 lectiones.

906 5752 948 5779 ι’
984 5753 1245 5812 ’Ξένωνται
1288 5766 1339 5803 υ.
1419 5748 1464 5779 ⁸⁸
1495 5746 1598 5798 τῶν
1625 5742 1851 5795 ἐντολῶν
1886 5757 1936 5792 0.

831 5820 1133 5888 ἀνίρώποις
1168 5843 1213 5874 υ.

2023 5740 2064 5769 '-"
2117 5739 2174 5789 ἐν
2292 5732 2493 5801 ἐτάχθη
2541 5730 2768 5798 μενέτω.
2835 5729 3009 5782 "All.
3053 5729 3109 5778 ἐν
3159 5724 3342 5794 ἐκείνῃ
3395 5722 3602 5793 μενέτω
3658 5735 3710 5777 o.

3818 5720 3862 5754 ³⁸
3907 5721 4074 5776 niani
