4272 6448
712 414 818 482 651
1575 400 2153 463 TllEOPllYLACTl
2198 398 2606 459 numnum
2635 395 2986 456 ARCHIEP.
3226 422 3227 425 γ
3883 381 3994 449 652

722 552 739 583 ι
770 530 879 599 ligo
914 536 1115 589 autem,
1161 544 1177 574 ι
1224 519 1418 589 inquit,
1469 519 1663 573 tvobis
1724 531 1910 585 parco,
1969 533 1987 566 ι
2045 524 2301 583 tanquam
2333 516 2409 570 At

2333 516 2380 570 Α
2405 517 2591 583 δομαι,
2640 532 2657 564 ι
2689 513 2764 575 ὡς
2788 513 3018 577 τέκνων,
3045 509 3141 563 καὶ
3173 507 3438 579 βούλομαι
3476 507 3620 579 ὑμᾶς
3662 506 3992 577 ἐλευθέρους

716 623 861 683 filiis,
891 626 1119 686 votoque
1144 615 1345 669 liberos
1374 627 1467 666 vos
1494 625 1639 676 esse,
1671 621 1933 675 extraque
1960 620 2248 659 tttmrorem
2282 622 2294 657 :

2407 602 2547 659 εἶναι
2573 608 2669 657 καὶ
2696 604 2941 667 ἀλύπους
2962 618 2976 633 ’
3014 602 3091 666 ὡς
3118 604 3146 656 ὁ
3170 601 3349 671 γάμος
3377 617 3441 669 γε
3478 600 3574 654 καὶ
3612 599 3814 669 δεσμός
3841 600 3989 662 ἐστι,

719 726 974 781 tanquam
1008 707 1409 761 matrimonium
1451 718 1625 758 nexus
1663 700 1931 769 quispiam
1963 698 2055 759 sit,
2097 696 2301 765 quique

2407 698 2501 752 καὶ
2540 700 2587 751 οἱ
2620 698 2724 750 ὑπὸ
2764 696 2956 750 τοῦτον
2981 694 3158 759 ὄντες,
3194 692 3407 748 ἑαυτῶν
3436 692 3538 746 οὐκ
3568 691 3954 756 ἑξουσιάζουσι
3974 729 3993 753 ,

719 820 783 859 eo
818 804 927 856 sint
961 799 1221 868 colligati,
1254 812 1360 851 non
1391 794 1501 849 sint
1535 794 1616 849 sui
1644 790 1805 863 juris,
1844 799 1902 845 ut
1942 801 2108 859 supra
2156 800 2305 841 com-

1358 840 1360 849 .
1391 794 1501 849 sint
1535 794 1616 849 sui
1644 790 1805 863 juris,
1844 799 1902 845 ut
1942 801 2108 859 supra
2156 800 2305 841 com-
2407 792 2484 855 ὡς
2515 792 2776 861 ἀνωτέρω
2806 791 3045 863 εἴρηται.

724 905 1078 949 memoratum
1118 902 1217 946 est.

792 987 959 1043 Vens.
984 986 1071 1040 ‘29.
1104 1004 1122 1036 ι
1158 981 1271 1038 Hoc
1289 990 1467 1035 autem
1498 978 1639 1040 dico,
1665 974 1880 1041 fratres,
1911 984 2121 1047 tempus
2147 974 2309 1025 breve

724 1097 807 1139 cst
842 1101 853 1136 :
888 1081 1153 1149 reliquum
1188 1083 1292 1142 est,
1336 1094 1355 1127 ι
1409 1072 1539 1128 Cum
1579 1070 1831 1131 dixisset,
1875 1085 1893 1118 ι
1944 1065 2309 1120 Amictionetn

727 1175 999 1230 habebunt
1030 1173 1082 1225 iu
1120 1184 1307 1224 carne.
1348 1185 1366 1218 ι
1406 1179 1477 1219 ne
1499 1163 1623 1232 quis
1649 1159 1804 1231 163
1833 1159 2118 1228 adjiceret,
2156 1156 2308 1226 atqui

724 1280 777 1322 et
806 1266 1126 1334 voluptatem
1158 1255 1727 1315 habebuntzsubsecat
1761 1263 1813 1307 et
1837 1252 2014 1306 aufert
2037 1266 2155 1320 qua:
2185 1258 2313 1304 sunt

725 1361 1036 1429 voluptatis,
1081 1369 1177 1425 per
1204 1360 1305 1407 hoc
1328 1350 1473 1421 quod
1529 1357 1738 1416 tempus
1801 1359 1923 1399 esse
1973 1353 2311 1399 contractum

726 1464 779 1509 et
810 1455 971 1507 breve
999 1446 1323 1503 subinferat.
1353 1443 1430 1496 Ad
1466 1439 1880 1494 dissolutionem
1911 1435 2054 1490 enim
2086 1441 2141 1487 et
2177 1433 2313 1485 inte-

726 1548 892 1599 ritum
933 1541 1114 1597 omnia
1157 1543 1402 1606 vergunt,
1466 1528 2024 1602 apprOpiuquavitque
2087 1538 2311 1593 regnum

727 1637 955 1699 Christi,
983 1648 1045 1689 ac
1074 1634 1124 1687 in
1167 1639 1439 1700 posterum
1474 1628 1539 1680 ad
1566 1626 1740 1693 ipsum
1767 1621 2001 1690 migrare
2027 1619 2310 1673 debemus.

728 1733 907 1799 Quare
928 1729 1090 1782 etiam
1123 1733 1179 1779 et
1210 1720 1466 1777 nonnulla
1494 1718 1545 1770 in
1572 1713 1917 1769 matrimonio
1942 1709 2189 1777 voluptas
2210 1717 2311 1770 est,

729 1838 790 1876 ea
819 1832 994 1873 tamen
1028 1814 1208 1870 brevis
1241 1820 1343 1874 est,
1396 1808 1699 1877 exiguoque
1724 1802 1981 1870 temporis
2020 1798 2193 1868 spatio
2214 1796 2307 1849 du-

734 1924 917 1965 ratura
945 1928 959 1963 :
996 1920 1157 1975 atque
1190 1906 1290 1957 hoc
1337 1901 1510 1970 ipsum
1544 1908 1629 1952 est
1657 1894 1895 1949 afﬂictio.
2347 1884 2394 1944 B

804 2001 966 2053 Vens.
997 1994 1189 2050 29-51.
1226 2012 1243 2043 ι
1292 1992 1361 2047 Ut
1400 1990 1490 2059 qui
1526 1990 1728 2042 habent
1785 1996 2007 2044 uxores,
2059 1988 2314 2045 tanquam

732 2111 837 2148 non
870 2093 1131 2146 habentes
1169 2089 1275 2142 sint
1308 2106 1320 2138 :
1350 2085 1417 2139 Et
1453 2082 1545 2153 qui
1586 2081 1737 2157 flent,
1761 2089 2015 2144 tauquam
2050 2090 2152 2127 non
2180 2072 2314 2125 llen-

734 2200 812 2239 tes
846 2192 941 2238 ιρι
974 2182 1065 2252 qui
1112 2179 1365 2250 gaudent,
1413 2186 1667 2243 tanquam
1701 2186 1804 2223 non
1861 2167 2156 2237 gaudentes
2208 2180 2221 2217 :
2265 2174 2320 2219 et

733 2280 825 2348 qtti
856 2287 1059 2338 emunt,
1096 2286 1352 2342 tanquam
1385 2284 1494 2323 non
1530 2264 1868 2336 possidentes
1904 2278 1917 2314 :
1951 2260 2015 2314 Et
2036 2259 2126 2326 qui
2152 2268 2318 2310 utun-

734 2347 821 2425 tur
861 2371 960 2422 hoc
997 2366 1219 2428 mundo,
1256 2374 1513 2428 tauquam
1570 2372 1675 2409 non
1713 2363 1957 2407 utantur.
2014 2368 2032 2401 ι
2071 2347 2229 2413 Quod
2273 2347 2319 2400 si

735 2466 826 2529 qui
881 2474 1077 2513 uxores
1138 2457 1361 2519 habent,
1426 2462 1680 2518 tanquam
1745 2462 1850 2499 non
1887 2444 2139 2506 habeant,
2200 2454 2322 2494 esse

738 2556 990 2615 debeant,
1017 2550 1144 2622 quid
1166 2549 1304 2603 ultra
1332 2544 1569 2616 proderit
1602 2543 1653 2595 in
1676 2537 2021 2593 matrimonio
2041 2533 2320 2603 conjungi,

740 2648 947 2716 sibique
974 2645 1072 2715 ipsi
1103 2657 1237 2697 onus
1259 2634 1525 2706 injicere?
1566 2634 1703 2701 Quid
1740 2643 1921 2685 autem
1962 2638 2064 2691 est,
2106 2644 2124 2677 t
2181 2624 2323 2677 Tan-

740 2756 899 2803 quam
941 2752 1048 2789 nou
1084 2729 1385 2786 habentes?
1423 2747 1441 2779 ι
1479 2741 1597 2797 pro,
1658 2738 1763 2778 non
1818 2719 1984 2783 affixi,
2010 2732 2112 2771 n0n
2165 2729 2325 2769 omne

742 2833 979 2885 studium
1037 2829 1183 2882 circa
1249 2823 1479 2892 nuptias
1506 2831 1561 2875 et
1627 2830 1853 2872 uxorein
1923 2810 2320 2881 impendentes.

743 2922 1091 2979 Consimilem
1136 2919 1200 2971 ad
1228 2917 1515 2976 rationem,
1552 2925 1726 2979 neque
1754 2908 1898 2961 circa
1926 2905 2055 2969 alia,
2084 2904 2198 2957 sive
2232 2900 2328 2954 tri-

745 3018 875 3083 stia,
903 3029 1018 3084 qua:
1050 3027 1163 3082 per,
1196 3009 1406 3073 flentes,
1444 3006 1618 3059 itmuit
1643 3021 1657 3066 ;
1681 3003 1795 3056 sive
1820 2997 2181 3060 delectabilia,
2208 3008 2327 3064 qua:

2489 990 2507 1022 t
2549 969 2721 1022 Τοῦτο
2744 967 2803 1021 δέ
2837 981 3007 1038 φημι,
3032 964 3281 1035 ἀδελφοὶ,
3308 964 3391 1016 ὃτι
3414 964 3443 1015 ὁ
3479 960 3671 1032 καιρὸς
3699 956 3998 1012 συνεσταλ-

2415 1063 2574 1136 μένος
2604 1064 2667 1119 ea
2697 1062 2885 1117 λοιπόν
2912 1065 3081 1117 ἐστιν,
3128 1079 3146 1112 ι
3187 1058 3408 1129 Ἐπειδὴ
3432 1052 3606 1118 εἶπεν,
3638 1056 3721 1108 ὄτι
3752 1073 3769 1105 ι
3803 1052 4001 1119 Θλῖψιν

2413 1159 2597 1223 ἕξουσι
2623 1160 2688 1228 τῇ
2717 1156 2905 1227 σαρκὶ,
2947 1174 2965 1206 ι
3001 1156 3088 1207 ῖνα
3121 1154 3194 1224 μή
3222 1169 3309 1215 τις
3345 1152 3508 1224 είπῃο
3547 1148 3712 1202 Ἀλλὰ
3752 1147 3848 1199 καὶ
3875 1146 3999 1215 ήδοσ

2414 1256 2546 1325 νήν·
2594 1252 2891 1322 ὑποτέμνει
2934 1249 3005 1304 τὰ
3035 1248 3136 1318 τῆς
3183 1248 3401 1319 ἡδονῆς,
3436 1247 3503 1298 ὲκ
3540 1243 3634 1298 τοῦ
3669 1242 3763 1295 τὸν
3804 1239 4001 1309 καιρὸν

2417 1344 2851 1413 συνεσταλμένον
2877 1342 3217 1409 εἰσαγαγεῖν.
3267 1339 3415 1410 Πρὸς
3439 1337 3596 1390 λύσιν
3615 1335 3723 1404 γάρ
3747 1333 4004 1399 ὲπείγονυ

2417 1456 2506 1493 ται
2536 1438 2604 1490 τὰ
2644 1435 2844 1497 πάντα,
2870 1435 2965 1487 καὶ
2999 1434 3228 1511 ἡγγικεν
3264 1431 3297 1499 ὴ
3324 1427 3573 1499 βασιλεία
3594 1424 3689 1478 τοῦ
3732 1422 3998 1494 Χριστοῦ,

2416 1533 2513 1586 καὶ
2546 1530 2730 1584 λοιπὸν
2765 1529 2902 1597 πρὸς
2932 1526 3099 1581 αὑτὸν
3124 1524 3425 1593 ἀποδημεῖν
3465 1520 3782 1590 ὀφείλομεν.
3834 1518 4004 1570 Ὥστε

2417 1626 2512 1681 καὶ
2537 1627 2584 1678 εί
2621 1623 2782 1694 ἡδονή
2810 1623 2889 1686 τίς
2915 1624 3083 1683 ἐστιν,
3132 1618 3269 1672 ἀλλὰ
3299 1616 3528 1687 βραχεῖα
3553 1612 3720 1682 αὕτη,
3756 1611 3853 1664 καὶ
3886 1609 4004 1663 ὀλι-

2416 1718 2727 1790 γοχρόνιοςν
2761 1714 2858 1768 καὶ
2892 1712 3058 1767 τοῦτο
3096 1711 3150 1765 δὲ
3183 1709 3317 1764 αὐτὸ
3351 1708 3553 1778 Θλῖψις.

2491 2025 2508 2057 ι
2540 2005 2655 2057 Ἵνα
2685 2003 2779 2055 καὶ
2802 2000 2847 2053 οἱ
2874 1998 3087 2069 ἔχοντες
3104 1997 3393 2064 γυναῖκας,
3416 1991 3491 2055 ὡς
3523 1990 3598 2061 μὴ
3620 1983 3968 2059 έχοντεςῶσι
3989 1998 4007 2013 ’

2418 2100 2513 2153 καὶ
2536 2099 2585 2150 οἱ
2609 2095 2913 2155 κλαίοντες,
2940 2090 3015 2154 ὡς
3044 2090 3118 2159 μὴ
3148 2086 3430 2147 κλαίοντες
3455 2100 3470 2113 °
3496 2082 3593 2135 καὶ⁹
3620 2082 3669 2133 οί
3699 2078 4011 2149 χαίροντες,

2417 2194 2491 2255 ὡς
2536 2192 2610 2262 μὴ
2645 2178 3087 2261 χαίροντες-’καὶ
3117 2184 3164 2234 οἱ
3212 2179 3597 2248 ἀγοράζοντες,
3632 2173 3707 2235 ὡς
3739 2172 3815 2241 μὴ
3877 2185 4013 2222 κατ-

2421 2291 2634 2361 έχοντες
2662 2307 2671 2316 ·
2711 2286 2803 2336 καὶ
2857 2284 2905 2335 οἱ
2952 2279 3225 2350 χρώμενοι
3278 2274 3356 2342 τῷ
3381 2273 3571 2341 κόσμῳ
3602 2271 3796 2337 τούτῳ,
3827 2265 3905 2328 ὠς
3934 2263 4014 2333 μὴ

2421 2380 2861 2449 καταχρώμενοι.
2906 2394 2924 2425 ι
2978 2371 3135 2424 Ἐπεὶ
3167 2369 3263 2421 καὶ
3291 2368 3340 2419 οί
3368 2366 3612 2434 ἔχοντες,
3643 2360 3718 2422 ὡς
3753 2358 3830 2429 μὴ
3855 2358 4016 2426 έχον-

2420 2489 2511 2535 τες
2555 2469 2862 2537 ὀφείλουσιν
2894 2460 3057 2525 εἶναι,
3091 2460 3143 2512 τί
3174 2459 3253 2510 δεῖ
3294 2456 3479 2508 λοιπὸν
3508 2454 3645 2513 ὅλως
3682 2448 4015 2516 συζυγῆναι,

2424 2565 2517 2619 καὶ
2550 2563 2726 2630 ἐαυτῷ
2760 2557 2981 2627 φορτίον
3005 2554 3286 2606 ὲπιὸαλεῖν
3310 2567 3324 2615 ;
3352 2547 3418 2601 Τί
3446 2547 3501 2600 δέ
3542 2548 3715 2604 ἐστιν,
3744 2560 3764 2594 ι
3806 2541 3895 2603 Ὦς
3934 2538 4016 2608 μὴ

2424 2656 2671 2725 ἔχοντεςς
2710 2671 2727 2702 ι
2767 2649 2887 2701 ἀντὶ
2924 2646 3042 2710 τοῦ,
3080 2645 3140 2696 οὐ
3186 2640 3608 2714 προσηλὼμενοι
3635 2636 3704 2701 ⁸⁸,
3745 2632 3869 2686 οὐδὲ
3908 2632 4023 2685 πᾶ-

2428 2767 2528 2801 σαν
2562 2746 2658 2815 τὴν
2692 2742 2926 2811 σπουδὴν
2961 2740 3089 2808 περὶ
3131 2738 3223 2789 τὸν
3262 2738 3439 2803 γάμον
3470 2733 3565 2783 καὶ
3606 2729 3707 2791 τας
3738 2727 4012 2794 γυναῖκας

2427 2839 2835 2897 ἀναλίσκοντες.
2877 2832 3151 2891 Ὡσαύτως
3178 2829 3298 2880 οὐδὲ
3340 2825 3469 2895 περί
3502 2841 3555 2875 τι
3599 2820 3707 2873 τῶν
3741 2818 3941 2880 ἄλλων,
3974 2814 4012 2883 ἢ

2427 2930 2708 3001 λυπηρῶν.
2759 2928 2795 2982 ἃ
2849 2927 2937 2979 διὰ
2991 2923 3085 2976 τοῦ
3128 2921 3337 2974 κλαίειν
3376 2917 3598 2989 ᾐνίξατο
3739 2908 4017 2980 τερπνῶν,

2428 3025 2464 3079 ἃ
2498 3000 2700 3075 διὰίτοῦ
2728 3017 2940 3089 χαίρειν
2970 3015 3239 3083 ἐδήλωσεν
3260 3028 3272 3040 ο
3311 3010 3345 3081 ἢ
3377 3009 3484 3061 τῶν
3523 3000 4017 3069 συναλλαγμάτων,

746 3110 1192 3179 pet',gaudentes,
1216 3098 1542 3171 significavit
1573 3116 1587 3162 ;
1618 3109 1795 3164 neque
1828 3092 1972 3147 circa
2018 3097 2328 3143 contractus

2438 3116 2473 3169 ἂ
2529 3114 2619 3167 διὰ
2671 3088 2766 3164 τοῦ
2822 3108 3117 3177 ἀγοράζειν
3158 3104 3441 3171 ἐνέφηνεν,
3498 3096 3703 3167 ὀφείλει
3749 3110 3833 3151 τις
3873 3088 4023 3141 πάνυ

747 3218 881 3272 quos
929 3216 1024 3269 per
1058 3197 1387 3266 emptionem
1450 3188 1731 3269 indicajit,
1773 3182 2145 3239 vehementius
2176 3179 2327 3247 quis-
2358 3187 2406 3247 ρ

2358 3187 2406 3247 cl
2439 3205 2795 3276 σφοδρότερον
2828 3202 2874 3232 ⁸⁸
2908 3197 3255 3261 σπουδάζειν.
3295 3194 3402 3247 Καὶ
3451 3191 3524 3254 τί,
3577 3189 3731 3258 φησὶ,
3767 3185 3894 3238 τάδε
3924 3184 4029 3237 καὶ

750 3270 891 3363 piam
919 3292 1137 3346 studere
1175 3288 1353 3341 debet.
1384 3282 1657 3349 Quorsum
1689 3292 1842 3340 vero,
1875 3276 1971 3338 ait,
1998 3273 2113 3326 haec
2136 3280 2190 3324 et
2240 3270 2328 3322 illa

751 3382 1043 3440 recenseo?
1077 3380 1193 3435 Uno
1221 3378 1381 3431 verbo
1398 3374 1611 3428 dicam:
1640 3370 1742 3437 Qui
1773 3376 1995 3422 utuntur
2033 3366 2133 3420 hoc
2164 3378 2326 3416 utun-

750 3480 840 3540 do,
869 3473 1324 3538 nondebentipso
1359 3466 1527 3529 abuti,
1553 3467 1653 3518 hoc
1682 3471 1788 3527 cst,
1842 3459 1991 3514 omni
2044 3456 2224 3511 studio
2280 3460 2333 3505 et

754 3569 947 3625 affectu
978 3568 1051 3621 illi
1082 3564 1414 3619 incumbere.
1446 3559 1660 3613 Abusus
1729 3555 1870 3609 ettitu
1906 3562 1986 3606 est
2030 3546 2334 3619 superﬂuus

754 3680 902 3725 usus,
938 3670 991 3716 et
1015 3662 1270 3713 decorum
1312 3665 1664 3720 exsuperans.

835 3778 852 3809 ι
890 3755 1140 3810 Praeterit
1161 3751 1305 3804 enittt
1327 3748 1495 3817 figura
1518 3743 1699 3798 ututtdi
1724 3739 1903 3809 hujus.
1944 3756 1960 3789 ι
1986 3736 2039 3790 Id
2062 3745 2164 3803 est,
2189 3744 2336 3789 trau-

756 3855 829 3909 sit
858 3861 914 3905 et
943 3846 1278 3903 dissolvitur.
1317 3839 1455 3906 Quid
1487 3852 1614 3904 ergo
1652 3849 1836 3887 amore
1865 3833 1981 3902 ejus
2034 3842 2339 3888 teneamur.

758 3944 900 4013 quod
928 3935 1280 3994 dissolvitur?
1314 3934 1565 4000 Figttrant
1586 3938 1763 3981 autem
1785 3924 2091 3995 appellavit,
2115 3924 2346 3977 innueus

763 4037 923 4105 hujus
963 4031 1146 4085 mundi
1180 4042 1263 4082 res
1297 4024 1482 4079 oeulos
1515 4031 1723 4075 tantum
1781 4019 2065 4087 attingere,
2118 4031 2177 4070 ac
2204 4015 2347 4069 leves

760 4144 900 4191 esse,
932 4124 1135 4179 nullam
1168 4120 1513 4176 stabilitatem
1549 4126 1600 4170 et
1632 4111 2037 4169 subsistentiat'u
2062 4109 2348 4164 habentes.

842 4311 1004 4365 \‘stts.
1039 4306 1126 4361 59..
1158 4321 1176 4355 ι
1226 4300 1354 4355 Volo
1380 4308 1558 4353 autem
1597 4311 1689 4351 vos
1745 4297 1953 4363 alisque
1984 4290 2351 4348 sollicitudine

767 4420 908 4459 esse.
946 4422 964 4453 ι
994 4398 1279 4467 Quomodo
1309 4410 1434 4447 vero
1455 4388 1832 4446 sollicitudinis
1866 4395 2118 4456 expertes
2142 4383 2356 4438 simus?

767 4498 813 4549 si
851 4492 1062 4547 calibes
1090 4486 1567 4557 permanserirnus.
1597 4479 1761 4533 Infert
1786 4478 1979 4547 igitur:

849 4590 1007 4642 Vsus.
1032 4582 1215 4645 52,53.
1243 4598 1259 4630 ι
1284 4579 1383 4645 Qui
1406 4578 1524 4630 sine
1540 4587 1707 4626 uxore
1719 4584 1823 4633 est,
1845 4569 2110 4625 sollicitus
2133 4576 2216 4621 est
2237 4579 2357 4633 qua:

774 4681 985 4737 Domini
1031 4683 1178 4740 sunt,
1223 4671 1492 4742 quomodo
1532 4668 1737 4734 placeat
1788 4664 2035 4716 Durnino.
2066 4660 2166 4725 Qui
2231 4674 2358 4711 vero

775 4793 896 4830 cum
934 4786 1100 4825 uxore
1132 4777 1234 4830 est,
1265 4765 1528 4818 sollicitus
1558 4769 1640 4812 est
1670 4772 1787 4826 quae
1814 4764 1939 4809 sunt
1968 4754 2174 4816 mundi,
2216 4767 2355 4819 quu-

780 4870 940 4925 modo
980 4868 1191 4934 placeat
1231 4859 1404 4913 uxori.
1443 4875 1459 4907 ι
1500 4853 1780 4920 Quomodo
1804 4850 1990 4903 volens
2024 4864 2122 4901 nos
2158 4849 2360 4915 absque

783 4957 1152 5015 sollicitudine
1176 4968 1318 5016 esse,
1348 4966 1379 5004 ο
1408 4948 1591 5010 Paule,
1625 4961 1687 4999 ac
1708 4953 1993 5012 propterea
2034 4956 2133 4994 nos
2168 4941 2220 4992 itt
2254 4955 2355 4991 (:1:-

782 5056 1287 5109 ltbatttasscrvans,
1315 5058 1527 5095 rursum
1580 5038 1713 5089 dicis
1748 5055 1759 5090 :
1798 5053 1815 5084 ι
1876 5034 1975 5100 Qui
2016 5034 2134 5086 sine
2189 5047 2354 5085 tunrc

783 5161 888 5212 est,
909 5148 974 5200 tle
997 5147 1060 5198 iis
1075 5156 1192 5212 qure
1220 5136 1565 5192 Dominisunt
1585 5131 1846 5186 sollicitus
1860 5128 1981 5182 est?
2006 5146 2025 5178 ι
2056 5126 2190 5180 Ecce
2213 5126 2355 5178 enim

786 5246 980 5299 iterum
1015 5232 1431 5295 sollicitudines.
1461 5229 1563 5282 Sed
1616 5241 1719 5280 non
1752 5224 1911 5285 tales,
1945 5222 2140 5290 inquit,
2175 5218 2364 5289 quales

787 5344 908 5388 sunt
946 5327 1310 5389 matrimonii;
1338 5319 1545 5375 Domini
1576 5319 1715 5372 enim
1742 5330 1883 5369 cura-
1913 5313 2181 5366 salutares
2214 5319 2360 5373 sunt,

784 5424 1250 5490 oblectabilesquc
1291 5436 1305 5473 :
1340 5416 1526 5470 mundi
1585 5425 1713 5465 vero
1750 5424 1893 5465 cura:
1930 5411 2102 5461 noxiae
2135 5418 2285 5470 sunt,
2312 5412 2366 5456 et

789 5516 1037 5587 angustia
1098 5513 1289 5580 plenae.
1322 5504 1606 5574 Quomodo
1641 5502 1781 5555 enim
1831 5499 1947 5552 ficri
1982 5507 2181 5565 poteSI,
2233 5497 2362 5564 quin

790 5619 1154 5667 arruutnosttnt
1190 5603 1588 5666 molestumque
1614 5595 1685 5648 sit
1712 5593 1895 5645 uxoris
1944 5590 2223 5661 placenda:
2254 5598 2366 5643 stu-

2431 3297 2557 3351 τάδε
2612 3292 2936 3359 καταλέγω;
2981 3288 3218 3350 ’Δπλῶς,
3263 3286 3313 3337 οἱ
3370 3283 3645 3353 χρώμενοι
3695 3277 3777 3347 τῷ
3825 3277 4027 3344 κόσμῳ

2433 3388 2628 3457 τούτῳ,
2662 3386 2764 3438 οὐκ
2794 3382 3104 3452 ὀφείλουσιν
3139 3378 3286 3448 αὐτῷ
3318 3374 3720 3446 καταχρᾶσθαι·
3750 3371 4029 3433 τουτέστι,

2434 3480 2722 3552 προσέχειν
2765 3477 2915 3545 αὐτῷ
2948 3478 3084 3545 μετὰ
3117 3474 3295 3541 πάσης
3342 3471 3577 3537 σπουδῆς
3611 3466 3708 3520 καὶ
3737 3465 3837 3533 τῆς
3876 3462 4021 3531 πρὸς

2437 3573 2599 3626 αὑτὸν
2656 3568 3050 3642 προσπαθείας.
3112 3566 3466 3634 Κατάχρησις
3529 3563 3640 3630 γὰρ
3692 3560 3726 3628 η
3794 3554 4035 3627 περιττὴ

2443 3664 2663 3735 χρῆσις,
2704 3664 2801 3716 καὶ
2833 3661 3039 3714 πλείων
3073 3657 3168 3711 τοῦ
3203 3656 3438 3716 δέοντος.

2520 3777 2539 3810 ι
2582 3758 2827 3827 Παράγει
2876 3755 2985 3823 γὰρ
3034 3753 3091 3805 τὸ
3133 3752 3317 3821 σχῆμα
3367 3746 3460 3801 τοῦ
3493 3747 3699 3814 κόσμου
3745 3742 3964 3796 τούτου.
4008 3759 4029 3791 ι

2457 3852 2604 3907 Ἀντὶ
2650 3849 2745 3901 τοῦ
2771 3891 2784 3913 ,
2818 3832 3157 3918 παρέρχεται
3200 3843 3297 3894 καὶ
3346 3839 3645 3893 διαλύεται.
3696 3836 3759 3887 Τί
3786 3832 3879 3888 οὖν
3910 3832 4035 3901 ἐχε-

2451 3946 2575 3998 σθαι
2606 3943 2689 3995 δεῖ
2726 3940 2821 3993 τοῦ
2867 3936 3167 4007 λυομένους
3200 3935 3395 4003 Σχῆμα
3424 3933 3479 3983 δὲ
3521 3929 3803 3991 ἐκάλεσεν,
3832 3923 4043 3994 ἐμφαί-

2451 4051 2557 4088 νων
2581 4032 2664 4085 ὂτι
2708 4031 2867 4100 ἄχρις
2893 4027 3065 4095 sese;
3094 4026 3200 4076 είσι
3235 4026 3303 4074 τὰ
3347 4020 3441 4072 τοῦ
3488 4018 3754 4088 παρόντος
3803 4014 4040 4080 κόσμου,

2453 4126 2549 4179 καὶ
2579 4122 2874 4175 ὲπιπὸλαια
2893 4158 2907 4185 ,
2940 4116 3105 4189 μηδὲν
3136 4113 3365 4185 βεὸηκδς
3397 4111 3491 4164 καὶ
3535 4107 3791 4168 οὐσιῶδες
3820 4105 4043 4174 ἔχοντες

2458 4218 2524 4290 υ.
2554 4247 2622 4257 -
2647 4214 2760 4287 τα].

2538 4330 2556 4363 ι
2593 4308 2743 4360 Θέλω
2798 4306 2853 4359 δὲ
2903 4304 3049 4373 ὑμᾶς
3098 4300 3437 4370 ἀμερίμνους
3482 4290 3643 4349 εἶναι.
3678 4312 3695 4344 ι
3728 4291 3853 4352 Πῶς
3898 4290 3943 4343 δ’
3978 4290 4048 4344 ἂν

2464 4403 2659 4473 εἴημεν
2698 4400 3033 4470 ἀμέριμνοι;
3068 4395 3128 4447 Εἰ
3160 4393 3363 4461 ἄγαμοι
3396 4382 3565 4458 ὦμεν.
3608 4387 3834 4451 Ἐπάγει
3873 4381 3970 4435 οὖν
3993 4399 4010 4413 ο

2541 4602 2559 4634 ι
2608 4582 2667 4633 Ὀ
2704 4580 2917 4647 ἄγαμος
2947 4577 3186 4647 μεριμνᾷ
3219 4572 3286 4625 τὰ.
3319 4571 3413 4624 τοῦ
3444 4568 3675 4639 Κυρίου,
3706 4566 3824 4623 πῶς
3855 4563 4051 4633 άρέσει

2464 4674 2542 4741 τῷ
2609 4672 2797 4741 Κυρίῳ
2841 4669 2910 4722 ⁸⁸.
2968 4668 3025 4719 ὐ
3078 4667 3133 4717 δὲ
3188 4664 3483 4731 γαμήσας,
3542 4657 3780 4728 μεριμνᾷ
3831 4655 3903 4705 τά
3949 4652 4051 4705 τοῦ

2468 4770 2699 4836 κόσμου,
2728 4764 2846 4826 πῶς
2877 4762 3065 4832 ἀρέσει
3097 4762 3163 4827 τῇ
3192 4757 3436 4825 γυναικί.
3480 4772 3497 4804 ι
3546 4753 3667 4813 Πῶς
3702 4751 3873 4803 Θέλων
3900 4748 4050 4817 ἡμᾶς

2469 4860 2805 4928 ἀμερίμνους
2854 4850 3013 4914 εἶναι,
3068 4850 3268 4910 Παῦλε,
3305 4848 3397 4898 καὶ
3450 4844 3541 4896 διὰ
3594 4842 3752 4894 τοῦτο
3798 4840 4051 4906 ἀγάμους

2467 4946 2773 5015 συντηρῶν,
2812 4943 2975 4995 πάλιν
3021 4941 3230 5006 λέγεις’
3276 4956 3294 4987 ι
3342 4936 3399 4988 '0
3446 4935 3659 5001 ἄγαμος
3708 4929 3948 4998 μεριμνᾷ
3982 4930 4052 4978 τὰ

2461 5042 2556 5095 τοῦ
2604 5009 2846 5109 Ιξυρίους
2886 5056 2900 5086 ι
2939 5035 3070 5087 Ἰδοὺ
3096 5032 3200 5100 γὰρ
3241 5031 3333 5083 καὶ
3387 5027 3550 5082 πάλιν
3586 5028 3867 5095 μέριμναι.
3912 5009 4057 5074 Ἀλλ’

2465 5136 2563 5203 οὐχ
2608 5126 2741 5194 οἷαι,
2773 5128 2957 5196 υησὶν,
2989 5125 3043 5176 αἱ
3075 5123 3167 5175 τοῦ
3195 5124 3396 5190 γάμου.
3429 5120 3492 5172 Αἱ
3536 5118 3633 5186 μὲν
3663 5117 3769 5183 γὰρ
3808 5110 3903 5164 τοῦ
3938 5113 4057 5163 Κυ-

2476 5227 2591 5296 ρίου
2629 5222 2911 5293 μέριμναι,
2942 5213 3306 5284 σωτηριώδεις
3342 5214 3435 5265 καὶ
3475 5210 3735 5279 τερπναί·
3770 5206 3825 5258 al
3875 5204 3933 5255 δὲ
3962 5202 4057 5256 τοῦ

2471 5322 2699 5388 κόσμου,
2733 5311 2994 5386 βλαϐεραὶ
3028 5308 3122 5361 καὶ
3169 5306 3437 5374 ϐλιὸεραί.
3471 5305 3592 5365 Πῶς
3641 5300 3749 5369 γὰρ
3777 5299 3837 5350 οὐ
3873 5297 4059 5363 (tl-Itin;

2467 5414 2561 5465 aut
2598 5410 2821 5480 ὄχλησις
2864 5406 2927 5456 τὸ
2968 5401 3219 5455 σπεύδειν
3259 5398 3454 5467 ἀρέσαι
3481 5392 3724 5463 γυναικὶ,
3757 5389 3849 5441 καὶ
3879 5386 4063 5439 ταῦτα

2472 5502 2809 5574 φιλοκόσμῳ,
2839 5499 2935 5551 καὶ
2984 5494 3297 5564 ἀπαιτούσῃ
3332 5490 3530 5559 χρυσία
3564 5488 3659 5538 καὶ
3690 5482 4061 5553 μαργαρίτας,

2476 5598 2570 5651 καὶ
2598 5595 2697 5662 τὴν
2726 5592 2892 5662 ἀλλην
2916 5588 3170 5660 βλακείαν
3196 5605 3209 5652 ;
3242 5583 3432 5635 Ἔνθεν
3470 5580 3563 5633 καὶ
3583 5580 3662 5641 εἰς
3694 5575 3907 5629 ἀδικίαν
3938 5588 4065 5628 σνν-

2140 5761 2340 5822 Var-ize
2382 5758 2709 5821 lectiones.

862 5900 909 5937 εδ
944 5896 1417 5970 προσκολλώμενοι
1446 5910 1497 5949 o.
1577 5893 1618 5926 ⁸⁵
1653 5892 1958 5961 ὀφείλοντες
1985 5892 2128 5944 πάνυ
2156 5890 2357 5958 σφόδρα
2399 5906 2452 5944 ο.

2533 5888 2576 5919 ⁸⁵
2610 5887 2755 5955 αὐτῷ
2786 5901 2836 5940 0.
