4272 6448
263 375 372 440 653

1010 365 1414 426 EXPOSlTlO
1450 365 1527 422 ΙΝ
1573 363 1808 422 EPIST.
1859 363 1880 420 Ι
1927 365 2025 423 ΑΙ)
2066 363 2231 424 COR.
2264 388 2332 397 —
2364 363 2519 420 (IAI’.
2557 361 2686 420 Vll.

3393 351 3499 414 054

263 481 530 537 ωθοῦνται
570 479 618 531 οἱ
662 477 884 530 ὲλεεινοὶ
908 473 1098 542 ἄνδρες
1129 474 1221 524 καὶ
1244 470 1603 541 ψυχοῦλαϐεῖς
1635 470 1834 538 διοική-
1871 481 1906 530 Α
1942 490 1950 520 l

1813 499 1834 509 -
1871 481 1906 530 Α
1942 472 2112 532 ilium,
2147 472 2416 540 praecipue
2449 486 2570 523 cum
2598 466 2858 535 ejusmodi
2896 465 2985 531 sil,
3010 479 3129 534 qua:
3154 468 3500 518 urttalndelc-

268 587 384 633 σεις
418 569 774 639 πραγμάτων.

351 851 367 882 ι
407 832 744 901 Μεμέριτται
773 832 803 893 ή
836 829 970 900 γυνὴ
998 829 1092 881 καὶ⁵
1121 830 1152 896 ἠ
1185 828 1470 897 παρθένος.
1507 846 1523 875 ι
1558 826 1835 889 Τουτέστι,

267 925 620 993 διαφέρουσιν
653 924 915 991 ἀλλήλων,
947 923 1039 974 καὶ
1063 923 1122 972 οὐ
1147 923 1243 985 τὴν
1277 921 1446 986 αὐτὴν
1471 920 1652 987 ἔχουσι
1681 937 1840 985 φρον-

267 1017 414 1080 τίδα,
465 1017 599 1068 ἀλλὰ
634 1017 1032 1086 μεμερισμέναι
1065 1015 1168 1066 εἰσὶ
1212 1016 1328 1075 ταῖς
1375 1014 1658 1074 σπουδαῖς·
1689 1015 1780 1066 καὶ
1808 1017 1839 1081 ἡ

274 1109 376 1178 μὲν
408 1109 534 1176 περὶ
566 1109 699 1162 ἄλλα
748 1104 1056 1169 σπουδάζει,
1102 1107 1133 1172 ἠ
1181 1105 1236 1156 δὲ
1293 1106 1420 1171 περὶ
1463 1106 1623 1156 άλλα’
1659 1105 1840 1171 διαφέ-

275 1216 431 1268 ρουσι
464 1201 519 1251 δὲ
547 1201 602 1252 αί
626 1199 902 1268 φροντίδες
930 1199 1142 1258 αὑταῖς,
1171 1199 1264 1249 καὶ
1299 1197 1380 1248 δεῖ
1407 1196 1726 1262 ἐκλέγεσθαι
1776 1196 1844 1249 τὰ

274 1290 511 1357 κρείττω
544 1291 637 1342 καὶ
666 1289 984 1356 ἀπονώτερα
1016 1289 1078 1342 ⁸⁷.

356 1483 372 1514 ι
418 1463 480 1515 Ἦ
515 1464 726 1531 ἄγαμος
761 1464 1001 1532 μεριμνᾷ
1031 1462 1096 1514 τά
1123 1463 1216 1513 τοῦ
1250 1463 1474 1531 Κυρίου,
1515 1462 1626 1526 πῶς
1664 1465 1846 1533 ἀρέσει

272 1555 354 1624 τῷ
389 1557 596 1623 Κυρίῳ,
632 1556 717 1606 ἵνα
818 1556 946 1620 ἁγία
981 1557 1074 1605 καὶ
1108 1553 1320 1621 σώματι
1352 1557 1440 1605 καὶ
1477 1558 1785 1621 πνεύματι·
1815 1557 1846 1624 ἡ

273 1646 336 1699 δὲ
359 1649 681 1716 γαμήσασα,
707 1647 945 1716 μεριμνᾷ
971 1647 1036 1696 τὰ
1059 1646 1150 1696 τοῦ
1177 1647 1401 1714 κόσμου,
1428 1647 1540 1707 πῶς
1565 1646 1747 1714 ἀρέσει
1774 1647 1849 1713 τῷ

275 1738 452 1806 ἀνδρί.
489 1757 505 1787 ι
540 1739 651 1788 Οὐκ
699 1739 859 1806 ἀρκεῖ
910 1739 1121 1810 σώματι
1182 1734 1319 1788 εἶναι
1362 1740 1546 1805 ἁγίαν,
1584 1739 1719 1790 ἀλλὰ
1772 1739 1851 1788 δεῖ

1940 571 2140 626 ctatur,
2171 571 2224 615 et
2263 578 2475 626 aurum,
2507 560 2848 624 margaritas,
2905 556 3174 624 aliamque
3229 557 3504 610 mollitiem

1942 655 2180 721 expetit?
2223 653 2356 706 llinc
2381 653 2562 707 miseri
2595 649 2772 702 mariti
2808 651 2871 701 ad
2901 649 3258 715 iniquitatem,
3287 650 3504 701 anima:-

1944 759 2050 810 que
2085 746 2275 796 noxias
2311 759 2486 795 rerum
2521 742 3020 794 administrationes
3064 739 3432 808 impelluntur.

2015 835 2176 890 Vens.
2211 837 2296 888 δι.
2349 854 2364 884 ι
2410 834 2599 886 Divisa:
2633 844 2757 885 sunt
2780 848 2914 884 uxor
2937 841 2990 884 et
3020 832 3188 899 virgo.
3227 852 3244 882 ι
3272 830 3383 883 Hoc
3406 839 3506 893 est,

1947 927 2104 997 164
2131 926 2379 979 «ιίθῖιιεηιιι
2408 927 2550 978 inter
2589 940 2645 976 se
2675 936 2879 987 mutuo,
2903 937 2999 975 nec
3028 922 3225 974 habent
3254 922 3513 975 sollicitu-

1946 1019 2144 1076 dinem,
2176 1017 2269 1068 scd
2303 1014 2486 1068 divisa:
2544 1023 2669 1066 sunt
2693 1014 2744 1064 in
2776 1013 2964 1065 studiis
2993 1013 3106 1064 suis
3139 1028 3152 1063 :
3185 1022 3346 1078 atque
3407 1013 3508 1065 ista

1945 1109 2159 1175 quidem
2199 1108 2262 1159 de
2311 1107 2431 1159 aliis
2472 1114 2556 1158 est
2592 1104 2856 1166 sollicita,
2915 1104 3001 1155 illa
3060 1119 3186 1156 vero
3234 1104 3298 1156 de
3329 1103 3450 1156 aliis
3491 1122 3504 1156 :

1947 1203 2173 1253 diversae
2198 1209 2372 1250 autem
2399 1206 2520 1251 sunt
2557 1197 2835 1264 utriusque
2870 1211 3012 1249 cura:
3045 1213 3057 1248 :
3091 1211 3152 1247 ea
3187 1198 3364 1263 itaque
3393 1211 3512 1264 quae

1949 1291 2320 1357 pra-stantiora
2350 1297 2494 1351 sunt,
2526 1298 2579 1341 ct
2611 1289 2789 1341 minus
2821 1287 3018 1339 habent
3050 1286 3270 1346 laboris,
3308 1287 3512 1354 eligen-

1949 1383 2012 1434 da
2047 1392 2192 1433 sunt.

2026 1493 2041 1523 ι
2076 1473 2299 1537 lnnupta
2326 1473 2526 1539 cogitat
2556 1486 2674 1538 qua:
2705 1479 2828 1523 sunt
2849 1470 3084 1531 Domini,
3107 1470 3376 1538 quomodo
3401 1468 3516 1536 pla-

1951 1576 2071 1620 ceat
2104 1566 2350 1627 Domino,
2373 1574 2426 1616 ut
2445 1564 2513 1616 sit
2533 1571 2717 1615 sancta
2744 1571 2795 1615 et
2818 1576 3045 1628 corpore
3067 1569 3120 1614 et
3147 1562 3358 1629 spiritu.
3385 1560 3517 1624 Qua:

1954 1672 2079 1710 vero
2103 1656 2305 1723 nupsit,
2341 1656 2543 1722 cogitat
2581 1669 2701 1720 quae
2730 1663 2855 1705 sunt
2887 1651 3092 1715 mundi,
3112 1651 3381 1719 quomodo
3401 1651 3515 1717 pla-

1959 1759 2081 1802 ceat
2108 1751 2239 1801 viro.
2274 1767 2289 1796 ι
2324 1747 2436 1798 Non
2462 1747 2591 1798 satis
2619 1744 2945 1810 estutvirgo
2966 1753 3148 1796 sancta
3173 1743 3243 1795 sit
3265 1756 3516 1809 corpore.

274 1831 373 1881 καὶ
402 1829 692 1896 πνεύματι.
736 1828 904 1880 Τοῦτο
938 1831 1042 1897 γὰρ
1076 1832 1101 1898 ἡ
1136 1830 1336 1897 ἀληθὴς
1367 1831 1657 1900 παρθενία,
1687 1833 1716 1898 ὴ
1753 1834 1848 1898 τῆς
1881 1816 1926 1872 Β
1959 1858 1961 1866 τ

1832 1851 1848 1893 ;
1881 1816 1926 1872 Β
1959 1855 2142 1892 verum
2178 1840 2338 1891 etiam
2375 1837 2588 1904 spiritu.
2623 1835 2732 1887 lloc
2762 1835 2902 1886 enim
2936 1843 3017 1887 est
3047 1848 3170 1886 vera
3221 1833 3519 1902 virginitas,

273 1919 455 1986 ψυχῆς
487 1918 828 1986 καθαρότης·
859 1919 978 1970 ἐπεὶ
1013 1919 1200 1970 πολλαὶ
1242 1920 1300 1969 τὸ
1353 1921 1509 1987 σῶμα
1555 1922 1716 1985 ἁγναὶ
1755 1922 1847 1972 καὶ

275 2011 576 2077 ἀμόλυνται
623 2010 798 2071 οὖσαι,
847 2011 1324 2078 κατεσπιλωμέναι
1362 2012 1468 2062 εἰσὶ
1521 2013 1618 2080 τὴν
1647 2012 1844 2082 ψυχήν.

290 2105 453 2156 Ἀλλά
485 2105 574 2156 καὶ
608 2103 763 2154 τοῦτο
793 2105 1004 2168 σκόπει,
1035 2105 1115 2154 ὅτι
1145 2105 1241 2154 οὐκ
1274 2104 1390 2154 ἔστι
1422 2104 1687 2172 παρθένος
1715 2107 1745 2173 ἡ
1781 2105 1850 2155 τὰ

276 2193 375 2245 τοῦ
425 2194 628 2260 κόσμου
685 2193 1030 2261 μεριμνῶσα.
1105 2194 1351 2246 Ἐπειδὰν
1413 2193 1505 2246 οὖν
1561 2195 1676 2264 ἴδῃς
1730 2200 1849 2245 τινα

279 2283 583 2356 παρθενίαν
615 2286 1115 2356 ἐπαγγελλομένην,
1153 2289 1504 2357 μεριμνῶσαν
1543 2291 1598 2340 δὲ
1649 2289 1716 2340 τὰ
1754 2288 1848 2339 τοῦ

279 2378 510 2445 κόσμου,
535 2379 768 2444 γίνωσκε
801 2379 843 2409 ⁸⁸
875 2380 954 2431 ὃτι
987 2381 1135 2432 οὐδὲν
1175 2381 1422 2448 διαφέρει
1447 2381 1545 2447 τῆς
1574 2383 1628 2430 ὲν
1663 2380 1846 2446 γάμῳ.

291 2469 354 2520 Ὀ
404 2470 510 2536 γὰρ
544 2469 749 2531 Παῦλος
789 2471 944 2537 ὅρους
977 2473 1309 2542 ἀμφοτέροις
1360 2471 1626 2535 τέθεικεν,
1678 2473 1733 2536 ἐξ
1775 2465 1850 2522 ὧν

277 2559 751 2625 διαγινώσκονται,
810 2562 869 2612 οὐ
929 2564 1106 2630 γάμον
1168 2565 1262 2614 καὶ
1317 2565 1669 2631 ἐγκράτειαν,
1716 2564 1852 2616 ἀλλά

280 2652 816 2722 πολυπραγμοσύνην
855 2655 946 2706 καὶ
1001 2655 1432 2724 ἀπραγμοσύνην
1465 2656 1531 2708 ⁶⁹.
1588 2656 1753 2707 Ὥστε
1810 2658 1842 2723 ἡ

281 2742 722 2812 πολυπράγμων,
786 2746 846 2797 οὐ
900 2747 1186 2815 παρθένος.
1253 2748 1508 2816 Μεριμνᾷ
1553 2747 1608 2798 δὲ
1673 2751 1766 2800 καὶ
1820 2750 1852 2817 ὴ

281 2837 639 2903 γεγαμηκυῖα
692 2835 804 2896 πῶς
856 2835 1153 2905 ἀρέσειτῷ
1187 2837 1377 2907 ἀνδρί·
1411 2838 1571 2907 τυχὸν
1617 2838 1712 2905 μὲν
1761 2841 1853 2892 καὶ

283 2924 514 2987 κάλλους
545 2925 943 2997 ὲπιμελουμένη
962 2944 976 2957 ·
1001 2928 1158 2997 τυχὸν
1183 2928 1259 2992 δὲ,
1286 2929 1381 2980 καὶ
1405 2929 1497 2982 διὰ
1523 2929 1571 2980 τ)
1606 2932 1853 3001 οἰκουρὸν

282 3010 464 3062 δοκεῖν
526 3009 665 3063 εἶναι
736 3013 982 3083 ἀγαθὴν,
1051 3016 1370 3085 ἀνελεήμων
1439 3019 1535 3070 καὶ
1597 3019 1854 3088 φειδωλὸς

285 3101 632 3172 δεικνυμένη.

365 3210 382 3240 t
428 3192 599 3245 Τοῦτο
623 3193 679 3245 δὲ
709 3195 844 3264 πρὸς
879 3194 938 3248 τὸ
976 3195 1129 3264 ὑμῶν
1167 3197 1347 3249 αὐτῶν
1385 3198 1663 3267 συμφέρον
1696 3199 1858 3265 λέγω,
1889 3173 1931 3229 C

283 3283 385 3351 οὐχ
412 3283 500 3336 ἵνα
523 3284 712 3353 βρόχον
738 3287 863 3353 ὑμῖν
886 3287 1146 3340 ἐπιϐάλω.
1183 3308 1200 3338 ι
1225 3289 1362 3350 Τοὺς
1388 3292 1513 3359 περὶ
1541 3291 1861 3360 παρθενίας,

289 3377 450 3442 φησὶ,
521 3375 711 3442 λόγους
784 3379 1027 3445 έκίνηοα,
1090 3378 1243 3440 εἰδὼς
1297 3383 1571 3448 συμςέρον
1616 3382 1744 3449 ὑμῖν
1808 3382 1868 3432 τὸ

286 3469 546 3536 πρᾶγμα,
573 3469 734 3522 διὰτὸ
764 3469 988 3538 ἄλυπον,
1028 3472 1123 3524 καὶ⁵
1151 3473 1580 3541 ἀμέριμνον,καὶ
1610 3474 1862 3543 duxtth-

286 3560 577 3632 λέστερονσ
607 3564 703 3632 οὐχ
727 3563 812 3614 ἵνα
844 3565 1138 3630 ἀναγκάσω
1162 3567 1329 3634 ὑμᾶς,
1363 3567 1456 3618 καὶ
1490 3569 1563 3634 μὴ
1591 3567 1860 3631 θέλοντας,

287 3654 650 3724 παρθενεύειν
673 3671 685 3682 ·
715 3654 907 3723 βρόχον
940 3658 1045 3725 γὰρ
1075 3656 1170 3724 τὴν
1192 3656 1439 3725 ἀνάγκην
1469 3658 1773 3725 ὠνόμασεν.

367 3765 387 3797 c
438 3746 596 3798 Ἀλλά
647 3749 780 3815 πρὸς
837 3748 898 3798 τὸ
959 3746 1234 3815 εὓσχημον
1282 3749 1374 3798 καὶ
1423 3749 1757 3819 εὐπάρεδρον
1789 3750 1865 3818 τῷ

287 3836 480 3904 Κυρίῳ
509 3839 958 3905 ἀπερισπάστως,
993 3857 1010 3888 ι
1058 3839 1198 3901 Ἵνα,
1253 3843 1437 3909 φησὶν,
1488 3842 1863 3909 εὐσχημόνως,

290 3931 385 3979 καὶ
413 3929 470 3979 ὲν
509 3928 844 3998 καθαρότητι
879 3929 1007 3998 ζῆτε
1060 3931 1133 4000 (τί
1183 3934 1291 3996 γάρ
1330 3933 1627 3999 παρθενίας
1668 3935 1864 4003 εὐσχη-

292 4019 614 4087 μονέστερον
664 4023 756 4072 καὶ
791 4020 1245 4090 καθαρώτερονς)
1297 4022 1389 4074 καὶ
1453 4024 1541 4075 ἵνα
1589 4024 1865 4094 ἐλεύθεροι

287 4109 443 4170 ὄντες
472 4108 579 4161 τῶν
612 4109 704 4160 τοῦ
748 4111 923 4177 γάμου
975 4110 1272 4178 όχλήσεων,
1334 4113 1756 4180 ἀπερισπάστως
1789 4114 1865 4183 τῷ

291 4201 486 4269 Κυρίῳ
511 4200 794 4266 δουλεύητε
825 4202 916 4251 καὶ
945 4201 1094 4268 αὐτῴ
1121 4203 1492 4272 παρεδρεύητε
1520 4204 1587 4267 ⁷ο,
1615 4204 1743 4272 ὃλην
1765 4207 1866 4274 τὴν

296 4297 566 4361 μέριμναν
597 4293 683 4343 ἐπ’
719 4293 882 4344 αὑτὸν
916 4293 1296 4359 μετατιθέντες
1324 4296 1386 4344 ⁷¹.

368 4404 387 4436 ι
429 4385 494 4438 El
536 4385 591 4435 δέ
639 4401 721 4445 τις
759 4384 1086 4452 ἀσχημονεῖν
1126 4386 1218 4434 ἐπὶ
1263 4386 1363 4450 τὴν
1399 4384 1666 4452 παρθένον
1699 4385 1865 4438 αὑτοῦ

1957 1930 2147 1982 animm
2180 1931 2428 1982 nimirum
2457 1929 2683 1996 puritas.
2711 1926 2840 1978 Nam
2864 1925 3038 1978 multm
3060 1940 3283 1991 corpore
3302 1924 3519 1992 quidem

1957 2033 2118 2074 casta:
2156 2033 2207 2072 et
2243 2020 2554 2086 impolluta},
2591 2019 2769 2068 anima
2795 2017 3177 2069 contaminatae
3210 2024 3354 2070 sunt.
3380 2014 3525 2067 Prae-

1959 2122 2123 2176 tcrca,
2160 2121 2210 2162 ct
2263 2111 2401 2161 istud
2449 2109 2737 2175 perpende,
2792 2107 2932 2175 quod
2966 2107 3050 2159 illa
3084 2122 3188 2159 non
3216 2115 3296 2159 est
3349 2107 3520 2172 virgo,

1957 2218 2074 2270 qua:
2110 2217 2197 2254 res
2222 2208 2377 2255 curat
2421 2199 2738 2253 mundanas.
2794 2197 2924 2251 Cum
2960 2197 3118 2266 igitur
3171 2193 3524 2263 conspexeris

1961 2293 2290 2360 quampiam,
2320 2307 2438 2360 qua:
2469 2291 2771 2344 castitatem
2828 2290 2994 2352 vovit,
3044 2287 3277 2341 sollicite
3312 2288 3525 2339 incum-

1959 2381 2175 2435 bentem
2211 2381 2368 2432 rebus
2402 2377 2606 2441 mundi,
2635 2377 2848 2430 noveris
2867 2391 2982 2429 eam
3011 2391 3041 2427 a
3081 2373 3362 2441 coniugata
3389 2372 3526 2426 nihil

1965 2475 2295 2540 discrepare.
2331 2471 2462 2523 Nam
2504 2469 2702 2523 Paulus
2740 2470 2870 2522 ﬁnes
2901 2469 3145 2536 utrisque
3175 2467 3377 2534 posuit,
3405 2466 3527 2534 qui-

1960 2565 2060 2617 bus
2091 2565 2499 2632 dignoscantur,
2527 2579 2631 2615 non
2662 2571 2810 2615 certe
2844 2561 3247 2614 matrimonium
3276 2567 3330 2613 et
3352 2558 3528 2613 conti-

1964 2657 2226 2717 nentiam,
2252 2655 2343 2708 sed
2362 2655 2724 2707 curiositatem
2751 2663 2802 2706 et
2839 2651 3298 2720 tranquillitatem.
3323 2651 3526 2715 Quare.

1962 2762 2080 2814 qua
2103 2747 2263 2799 variis
2295 2747 2523 2814 negotiis
2551 2761 2607 2798 se
2645 2744 2901 2812 implicat,
2939 2745 3093 2811 virgo
3129 2757 3232 2795 non
3261 2751 3364 2796 est.
3398 2739 3529 2806 ριιω

1963 2845 2136 2888 autem
2182 2844 2341 2903 nupta
2369 2844 2469 2898 est,
2501 2835 2730 2887 Sollicita
2758 2841 2840 2886 est
2872 2832 3143 2900 quomodo
3179 2831 3376 2884 marito
3407 2830 3530 2900 pla-

1963 2937 2112 2991 ceat;
2163 2926 2391 2979 formam
2439 2925 2669 2978 fortasse
2711 2939 2930 2985 curans,
2961 2922 3042 2976 vel
3091 2922 3271 2976 forsan
3296 2933 3350 2974 ut
3390 2923 3528 2975 bona

1963 3017 2648 3079 materfamiliasvideatur,
2667 3030 2723 3068 se
2739 3015 3215 3069 immisericordem
3232 3023 3284 3067 et
3310 3028 3528 3082 parcam

1963 3111 2271 3162 ostendens.

2039 3198 2202 3251 Vens.
2231 3200 2318 3253 55.
2358 3219 2374 3249 ι
2413 3200 2581 3253 Porro
2607 3199 2706 3252 hoc
2727 3199 2790 3252 ad
2815 3199 3096 3252 utilitatem
3120 3209 3353 3253 vestram
3385 3198 3527 3264 dico,

1966 3307 2068 3344 non
2099 3294 2417 3358 utlaqueutn
2446 3293 2598 3345 vobis
2628 3291 2888 3359 injiciam.
2918 3310 2936 3342 ι
2969 3290 3040 3344 De
3084 3293 3390 3360 virginitate
3417 3306 3535 3344 ser-

1968 3398 2179 3435 moncm
2210 3385 2374 3447 m0vi,
2405 3399 2516 3436 rem
2565 3386 2722 3438 istam
2775 3383 2927 3436 vobis
2980 3384 3284 3438 condutere
3330 3384 3530 3448 sciens,

1968 3475 2112 3544 quod
2147 3489 2379 3528 maerore
2401 3476 2870 3542 sollicitudineque
2890 3485 3090 3538 careat,
3127 3475 3430 3543 animaeque
3461 3475 3535 3528 sit

1968 3567 2151 3619 utilior
2184 3581 2320 3619 :non
2349 3576 2406 3618 ut
2439 3582 2624 3634 cogam
2658 3581 2753 3620 vos
2791 3568 2988 3619 invitos
3017 3566 3068 3618 in
3114 3568 3362 3619 cmlihatu
3393 3581 3528 3634 per-

1973 3672 2228 3710 manere:
2256 3673 2377 3709 nam
2414 3658 2791 3711 necessitatem
2832 3657 3077 3724 laqueum
3110 3659 3424 3710 nominavit.

2045 3766 2060 3796 (
2090 3747 2192 3801 Sed
2226 3749 2289 3800 ad
2312 3749 2361 3801 id
2387 3749 2523 3815 quod
2553 3750 2838 3801 honestum
2869 3756 2970 3810 est,
2991 3758 3042 3801 et
3066 3759 3116 3800 ut
3152 3748 3378 3800 Domino
3397 3749 3536 3803 assi-

1967 3839 2163 3900 deatis,
2187 3841 2256 3890 ita
2282 3849 2339 3890 ut
2360 3841 2424 3889 ab
2450 3853 2514 3889 eo
2537 3839 2692 3890 avelli
2727 3839 3028 3905 nequeatis.
3060 3857 3077 3887 ι
3104 3838 3194 3902 Ut,
3225 3841 3419 3905 inquit,
3445 3840 3535 3892 ho-

1970 3942 2120 3984 neste
2150 3941 2204 3982 et
2259 3931 2310 3981 in
2354 3930 2586 3996 puritate
2613 3930 2804 3981 vivatis
2840 3930 2988 3995 (quid
3044 3932 3187 3982 enim
3224 3930 3536 3997 virginitate

1970 4021 2249 4073 honestius
2275 4030 2326 4073 et
2352 4021 2617 4087 pttrius?),
2640 4032 2693 4072 et
2713 4029 2769 4071 ut
2795 4036 2820 4071 a
2854 4020 3157 4087 nuptiartnn
3183 4022 3443 4074 molestiis
3465 4020 3532 4073 li-

1970 4112 2103 4170 heri,
2135 4112 2358 4164 Domino
2380 4111 2493 4162 sine
2523 4112 2624 4161 ulla
2646 4112 2992 4163 distractione
3023 4112 3272 4164 serviatis
3324 4111 3535 4178 ipsique

1969 4203 2278 4266 assideatis,
2305 4211 2471 4254 totam
2509 4217 2692 4254 curam
2728 4213 2960 4254 vestram
2987 4203 3037 4254 in
3075 4205 3245 4270 ipsum
3304 4203 3536 4256 transle-

1970 4303 2176 4346 ιέηιεε.

2042 4381 2206 4434 Vsas.
2237 4379 2328 4433 36.
2363 4398 2381 4430 ι
2419 4380 2510 4433 Sin
2540 4381 2660 4448 quis
2685 4391 2839 4448 turpe
2862 4395 2981 4434 esse
3005 4389 3334 4449 putetsuper
3367 4380 3534 4449 virgi-

289 4472 525 4540 νομίζει,
559 4467 709 4541 ἑανῄ
739 4470 1057 4538 ὑπέρακμος
1085 4512 1098 4535 ,
1130 4473 1244 4539 (καὶ
1277 4471 1445 4534 οὕτως
1489 4474 1691 4539 ὀφείλει
1725 4476 1865 4540 γίνε-
1900 4499 1941 4552 D
1972 4492 1976 4526 ι

1845 4504 1865 4514 -
1900 4499 1941 4552 D
1972 4489 2037 4527 ne
2061 4479 2178 4537 sua,
2214 4474 2255 4526 si
2289 4473 2450 4526 fuerit
2480 4475 2844 4540 superadnlta,
2880 4485 2934 4528 et
2982 4475 3059 4526 sic
3120 4484 3334 4540 oportet
3394 4476 3532 4534 lieri,

291 4562 482 4626 σθαι),
504 4561 531 4612 ὃ
549 4561 692 4612 θέλει
713 4562 953 4624 ποιείτω,
976 4563 1072 4628 οὺχ
1096 4564 1394 4630 ἁμαρτάνει
1415 4581 1427 4593 ·
1454 4564 1820 4631 γαμείτωσαν.
1845 4584 1861 4610 ι

289 4655 358 4706 Εἴ
384 4670 488 4715 τις,
525 4653 710 4722 φησὶν,
735 4651 966 4719 ἀσθενὴς
997 4651 1072 4703 ὢν
1102 4653 1177 4718 τῷ
1216 4653 1329 4703 ὄντι
1365 4654 1463 4720 τὴν
1497 4655 1755 4716 διάνοιαν,
1779 4672 1865 4706 νο-

295 4747 445 4818 μίξει
493 4747 738 4815 ἄσχημον
794 4741 934 4797 εἶναι
968 4745 1028 4795 τὸ
1079 4745 1346 4812 παρθένον
1382 4747 1523 4812 ἔχειν
1570 4747 1862 4816 θυγατέρα,

290 4843 388 4893 καὶ
418 4837 587 4888 ταῦτα
618 4838 682 4896 τ’,
715 4838 1032 4904 ὑπέρακμον
1057 4833 1222 4888 οὖσαν
1251 4854 1262 4865 ·
1296 4838 1554 4903 γενέσθω,
1587 4842 1739 4904 φησὶ,
1769 4840 1865 4889 καὶ

288 4930 454 4984 οὕτω.
496 4930 658 4993 Πῶς;
702 4948 719 4980 ι
765 4931 829 4980 Ὃ
869 4929 1035 4991 θέλει,
1085 4929 1339 4981 ποιείτω·
1388 4948 1405 4979 ι
1439 4931 1734 4994 τουτέστιν,
1772 4931 1863 4981 ὲὰν

288 5022 422 5093 θέλῃ
449 5021 630 5073 δοῦναι
660 5020 828 5089 αὐτὴν
860 5022 1035 5089 ἀνδρὶ,
1064 5021 1200 5072 δότω
1221 5037 1234 5050 ο
1265 5022 1361 5088 οὐχ
1387 5022 1688 5088 ἁμαρτάνει
1729 5022 1855 5091 γάρ.

290 5114 438 5183 Πλὴν
467 5117 710 5182 κρεῖττον
750 5114 807 5164 τὸ
835 5113 1103 5181 παρθένον
1125 5117 1334 5182 τηρεῖν,
1366 5114 1438 5174 ὡς
1481 5114 1603 5182 ἑξῆς
1626 5114 1791 5179 λέγει.

370 5313 388 5344 ι
430 5295 527 5354 ⁸ος
552 5293 608 5344 δὲ
655 5292 885 5359 ἕστηκεν
921 5291 1128 5357 ἑδραῖος
1160 5291 1216 5341 ὲν
1267 5292 1332 5358 τῇ
1368 5289 1585 5357 καρδίᾳ,
1623 5289 1694 5357 μὴ
1731 5290 1865 5357 ἔχων

286 5389 560 5454 ἀνάγκην,
586 5384 838 5448 ἐξουσίαν
863 5382 919 5434 δὲ
950 5382 1060 5450 ἔχει
1095 5383 1222 5449 περὶ
1250 5383 1344 5432 τοῦ
1380 5381 1507 5432 ἰδίου
1540 5381 1863 5449 Θελήματος,

287 5483 384 5532 καὶ
435 5476 594 5528 τοῦτο
646 5475 904 5544 κέκρικεν
959 5476 1016 5524 ὲν
1065 5476 1130 5544 τῇ
1191 5474 1387 5542 καρδία
1440 5473 1625 5536 αὐτοῦ,
1684 5477 1867 5541 τηρεῖν

1971 4564 2113 4631 quod
2144 4564 2274 4625 vult,
2310 4563 2490 4624 iaciat,
2526 4578 2631 4614 non
2664 4573 2870 4629 peccat,
2900 4562 3224 4615 contrahant
3256 4562 3538 4613 matrimo-

1972 4658 2142 4708 nium.
2185 4674 2202 4704 ›
2234 4657 2288 4706 Si
2319 4656 2458 4722 quis,
2489 4656 2678 4721 inquit,
2703 4669 2888 4707 revera
2915 4654 3196 4706 imbecillis
3227 4654 3534 4720 intelligen-

1972 4749 2076 4805 tiae.
2114 4758 2266 4812 turpe
2288 4761 2409 4798 esse
2428 4753 2663 4803 censeat,
2687 4744 2847 4795 tiliam
2898 4758 3053 4795 suam
3095 4745 3350 4810 virginem
3409 4745 3537 4796 reti-

1969 4852 2118 4898 nere,
2143 4837 2436 4904 praesertim
2459 4850 2576 4902 qua:
2598 4835 2770 4888 :etatis
2795 4832 2976 4887 ﬂorem
3002 4837 3276 4902 praeteriit,
3296 4834 3432 4895 Fiat,
3455 4835 3537 4886 in-

1971 4932 2104 4996 quit,
2134 4931 2229 4981 sic.
2263 4928 2587 4993 Quomodo?
2626 4945 2643 4977 ι
2682 4927 2831 4990 Quod
2864 4928 2974 4977 vult
3005 4927 3164 4979 faciat
3200 4943 3212 4978 :
3258 4943 3277 4976 ι
3308 4928 3406 4978 hoc
3427 4939 3532 4992 est,

1969 5021 2011 5071 si
2031 5021 2156 5071 velit
2177 5034 2293 5070 eam
2319 5019 2532 5071 tradere
2547 5018 2766 5080 marito,
2794 5015 3006 5080 tradat;
3027 5031 3131 5068 non
3156 5017 3296 5068 enim
3322 5025 3530 5083 peccat.

1976 5105 2352 5160 Verumtamen
2383 5106 2568 5158 melius
2593 5116 2676 5156 est
2716 5105 2975 5172 virginem
3004 5119 3242 5168 servare,
3268 5106 3532 5168 quemad-

1974 5202 2189 5252 modum
2226 5199 2478 5266 deinceps
2512 5199 2663 5252 dicit.

2042 5289 2419 5344 V'Ens.'57-58.
2459 5310 2474 5337 ι
2513 5291 2610 5354 Qui
2639 5299 2816 5343 autem
2870 5300 2978 5343 stat
3026 5289 3214 5344 llrmus
3274 5291 3324 5342 in
3374 5290 3536 5344 corde

1973 5398 2090 5444 Stto,
2127 5397 2228 5432 non
2274 5382 2472 5433 habens
2505 5383 2907 5441 necessitatem,
2933 5392 3196 5448 p0leslale
3223 5391 3400 5433 autem
3435 5382 3535 5433 ha-

1976 5475 2106 5527 bens
2129 5475 2352 5541 propriae
2376 5474 2686 5536 voluntatis,
2709 5485 2868 5542 atque
2893 5475 3262 5542 hocjuiliCaVit
3292 5475 3343 5527 in
3372 5473 3536 5527 corde

1640 5571 1838 5630 Variae
1891 5568 2219 5630 lectiones.

358 5672 400 5700 "
428 5669 524 5736 τὴν
558 5668 790 5739 κρείττω
812 5669 906 5725 καὶ
934 5671 1304 5740 ἀπονωτέραν.
1405 5671 1448 5702 ⁸⁸
1481 5668 1609 5724 ἴσθι.
1655 5687 1705 5724 0.

280 5742 328 5773 ⁷⁸
363 5740 567 5806 ταύτην
600 5757 652 5794 ο.

1787 5675 1828 5702 τ’
1860 5669 2243 5740 ἀκτημοσύνην
2270 5687 2321 5724 o.

2398 5671 2443 5702 "°
2477 5669 2875 5740 προσεδρεύητε
2910 5686 2960 5724 ο.
3039 5674 3078 5704 ⁷¹
3115 5673 3456 5736 ἀνατιθέντες
3481 5687 3537 5731 ο.
