4272 6448
279 411 390 479 δῦῚ

1034 408 1446 472 EXFOSITIO
1488 409 1568 469 IN
1605 407 1839 468 EPIST.
1879 406 1904 464 Ι
1946 407 2047 466 ΑΒ
2082 405 2254 471 COR.
2289 436 2356 444 —
2394 409 2553 469 CAP.
2587 409 2763 468 VIII.

3446 407 3554 469 658

290 529 430 599 πρὸς
457 524 585 591 τοὺς
614 525 854 590 τελείους
879 523 1215 592 διαλέγεται,
1245 522 1406 591 ἀφεὶς
1439 521 1564 584 τοὺς
1595 521 1874 573 ἀτελεστέ-
1898 516 1951 576 Α
1980 518 2247 573 idolorum
2296 518 2569 575 culturam
2603 520 2763 589 impcl

1906 516 1951 576 Α
1980 518 2247 573 idolorum
2296 518 2569 575 culturam
2603 519 3037 589 impellerentur.
3095 519 3172 574 Ad
3209 517 3346 574 istttd
3378 518 3559 586 itaque

282 638 436 694 ρους,
477 621 615 690 ὅπερ
668 618 789 681 ἔθος
844 617 1014 687 αὐτῷ.
1074 617 1187 670 Καὶ
1242 613 1461 682 πρῶτον
1514 611 1869 666 καταστέλλει

279 713 466 767 αὑ¹τῶν
505 713 596 765 τὸν
627 712 719 763 ἐπὶ
750 711 796 742 ⁷⁸
840 713 905 781 τῇ
940 708 1140 777 γνώσει
1188 707 1381 775 τῦφον,
1420 707 1512 760 καί
1557 723 1745 775 φησιν,
1790 707 1871 757 ὅτι

282 806 361 859 Οὐ
396 805 545 875 μόνοι
576 805 734 873 ὑμεῖς
755 802 958 872 ταύτην
984 802 1156 870 ἔχετε,
1181 800 1318 854 ἀλλὰ
1343 800 1544 861 πάντες
1565 799 1786 866 οἴδαμεν
1803 798 1868 862 ⁷⁷,

281 897 369 951 ὅτι
403 899 555 950 οὐδέν
586 900 734 950 ἐστιν
765 897 982 949 εἴδωλον
1024 898 1081 949 ὲν
1125 896 1317 965 κόσμῳ
1341 912 1353 924 ·
1402 893 1563 961 πλὴν.
1606 894 1637 960 ἡ
1672 891 1874 959 γνῶσις

283 989 349 1043 οὐ
382 990 541 1057 μόνον
575 990 730 1042 οὐδὲν
786 986 1009 1056 ὠφελεῖ,
1046 988 1183 1041 ἀλλά
1233 987 1437 1057 μᾶλλον
1473 986 1569 1039 καὶ
1617 985 1871 1055 βλάπτει,

286 1082 564 1152 φυσιοῦσα
615 1083 711 1135 καὶ
744 1079 986 1150 ὸγκοῦσα
1019 1081 1112 1133 τὸν
1164 1080 1375 1150 ἔχοντα,
1436 1081 1531 1132 καὶ
1579 1078 1665 1129 διὰ
1718 1078 1875 1132 τοῦτο

286 1170 665 1239 ἀποσχίζουσα.
697 1171 863 1223 αὐτὸν
898 1170 991 1223 τοῦ
1023 1171 1254 1239 πλησίον
1288 1170 1505 1239 μέλους,
1546 1172 1641 1225 ἐὰν
1674 1172 1746 1241 μὴ
1780 1172 1874 1224 καὶ

284 1265 389 1331 τὴν
417 1263 639 1330 ἀγάπην
680 1263 778 1334 ἔχῃ
816 1262 935 1331 μεθ’
972 1262 1166 1316 ἑαυτοῦ
1192 1263 1261 1326 ⁷⁸,
1282 1263 1403 1331 ἦτις
1433 1262 1621 1333 ἀγάπη
1645 1264 1871 1315 τούναν-

286 1356 403 1409 τίον
438 1356 742 1424 οἰκοδομεῖν
782 1354 1033 1410 δύναται.
1066 1356 1210 1409 "00::
1242 1356 1351 1425 γὰρ
1384 1357 1417 1425 ὴ
1456 1357 1625 1424 χωρὶς
1655 1357 1874 1423 ἀγάπης

286 1448 497 1516 γνῶσις
558 1448 837 1516 καθαιρεῖ,
891 1447 1066 1501 ταῦτα
1133 1449 1165 1516 ἡ
1219 1448 1405 1518 ἀγάπη
1456 1448 1729 1517 ἀνεγείρει
1782 1446 1872 1499 καὶ

282 1541 587 1610 οἰκοδομεῖ,
621 1540 801 1593 πάντα
846 1540 987 1609 ὑπὲρ
1019 1539 1112 1592 τοῦ
1145 1539 1372 1608 πλησίον
1395 1540 1645 1592 ποιοῦσα.

368 1834 387 1867 ι
429 1816 491 1869 Εἰ
523 1816 580 1869 δέ
603 1834 685 1878 τις
712 1817 861 1870 δοκεῖ
901 1818 1101 1871 εἰδέναι
1128 1835 1203 1879 τι,
1230 1816 1445 1869 οὐδέπω
1480 1816 1631 1869 οὐδὲν
1661 1817 1870 1885 ἔγνωκε

287 1908 482 1972 καθὼς
521 1910 602 1961 δεῖ
643 1909 843 1963 εἰδέναι
902 1910 969 1966 ⁷⁹.
1014 1927 1032 1960 ι
1099 1909 1173 1961 Τὸ
1211 1910 1396 1977 μεῖζον
1426 1908 1577 1976 λέγει
1619 1906 1872 1971 ἐνταῦθα,

285 2002 372 2055 ὅτι
406 2000 511 2055 κᾶν
540 2000 678 2069 μετὰ
716 2001 815 2069 τῆς
848 2002 1076 2069 ἀγάπης
1121 2003 1152 2070 ὴ
1191 2001 1393 2068 γνῶσις
1527 2000 1649 2053 οὐδὲ
1702 1998 1875 2062 οὕτως

288 2092 418 2145 ἐστὶ
444 2092 629 2145 τελεία
652 2110 665 2123 ο
710 2092 889 2154 οὐδεὶς
928 2092 1036 2162 γὰρ
1071 2088 1179 2144 οἶδέ
1210 2110 1260 2145 τι
1309 2090 1489 2154 καθὼς
1521 2092 1601 2144 δεῖ
1649 2092 1871 2159 γνῶναι,

285 2184 395 2240 κᾶν
420 2184 624 2255 Πέτρος
663 2180 725 2259 ᾖ,
762 2184 870 2238 κᾶν
908 2183 1141 2247 Παῦλος.
1172 2185 1335 2237 Ὥστε
1365 2184 1415 2235 τί
1458 2183 1617 2251 ὑμεῖς
1654 2182 1871 2252 ἐπαίρει

290 2275 412 2339 σθε,
457 2276 507 2328 οί
541 2278 640 2345 τὴν
672 2275 873 2344 γνῶσιν
899 2274 1114 2344 ἔχοντες
1142 2274 1315 2345 χωρὶς
1345 2264 1589 2345 ἀγάπης,
1625 2275 1757 2327 ὅπου
1810 2288 1874 2341 γε

286 2366 399 2420 κᾶν
450 2366 588 2435 μετὰ
634 2366 733 2434 τῆς
792 2365 1016 2435 ἀγάπης
1072 2364 1243 2434 αὐτὴν
1300 2365 1498 2435 εἴχετε,
1560 2365 1681 2417 οὐδὲ
1732 2363 1875 2417 οὕτω

287 2458 503 2512 τέλειόν
531 2476 585 2512 τι
620 2458 953 2527 ὲγινώσκετε
978 2475 993 2526 ;

375 2740 395 2773 ‹
428 2722 491 2775 Εἰ
520 2722 578 2775 δέ
612 2739 695 2784 τις
728 2722 921 2791 ἀγαπᾷ
950 2721 1042 2773 τὸν
1089 2721 1244 2783 Θεὸν,
1295 2712 1448 2783 οὗτος
1482 2722 1752 2788 ἔγνωσται
1785 2722 1875 2773 ὑπ’

293 2814 485 2869 αὐτοῦ.
528 2834 548 2866 ι
586 2816 651 2868 Ὃ
699 2815 873 2881 λέγει,
929 2813 1171 2867 τοιοῦτόν
1219 2815 1368 2867 ἐστιν
1396 2831 1408 2843 ο
1466 2815 1532 2868 Εἴ
1557 2832 1641 2877 τις
1686 2816 1878 2885 ἀγαπᾷ

288 2909 385 2961 τὸν
420 2908 672 2976 πλησίον,
710 2908 900 2977 ἀγαπᾷ
931 2907 1025 2958 καὶ
1055 2906 1146 2959 τὸν
1177 2906 1310 2958 Θεὸν
1344 2906 1582 2969 πάντως.
1620 2906 1877 2973 Ἀγαπῶν

286 2998 349 3052 δὲ
382 2999 475 3052 τὸν
521 2999 677 3061 Θεὸν,
728 3000 829 3051 οὐκ
878 2992 1053 3063 εἶπεν,
1096 3000 1177 3052 ὃτι
1223 2998 1365 3066 ἔγνω
1412 3000 1503 3051 τὸν
1554 2999 1708 3062 Θεὸν,
1738 2998 1874 3063 ἀλλ’,

298 3110 319 3142 ς
357 3090 667 3158 Ἐγνωσται
698 3091 803 3142 ὑπὸ
832 3089 969 3142 Θεοῦ
992 3108 1005 3120 '
1041 3108 1058 3140 ι
1093 3089 1362 3153 τουτέστι,
1396 3091 1635 3157 γνωστὸς
1662 3089 1809 3160 αὐτῷ
1832 3091 1876 3121 ⁸⁸

296 3180 395 3233 καὶ
423 3182 621 3242 οἰκεῖος
674 3180 1027 3233 καθίσταται.
1056 3180 1304 3242 Γνωστδς
1348 3180 1403 3233 δὲ
1453 3181 1748 3249 γενόμενος
1801 3180 1878 3252 τῷ

294 3271 437 3341 Θεῷ,
467 3272 671 3341 γνῶσιν
699 3272 830 3342 παρ’
862 3272 1028 3325 αὑτοῦ
1058 3271 1325 3341 λαμϐάνει
1360 3313 1375 3338 ,
1406 3275 1499 3326 καί
1529 3274 1651 3325 οὐδὲ
1671 3274 1877 3344 ταύτην

298 3365 417 3433 ἔχει
463 3366 907 3434 ἀπηρτισμένην.
940 3366 1105 3417 Ὥστε
1160 3366 1266 3417 κᾶν
1341 3365 1544 3433 γνῶσιν
1600 3369 1750 3440 ἔχῃς,
1804 3370 1879 3439 μὴ

294 3456 526 3525 ἐπαίρου
551 3474 561 3485 ·
588 3457 709 3509 οὕτε
737 3457 846 3527 γὰρ
870 3457 1050 3509 τελεία
1075 3458 1245 3517 ἐστὶν,
1262 3455 1383 3509 οὔτε
1412 3459 1501 3510 σὸν
1526 3460 1875 3530 κατόρθωμα,

296 3547 438 3599 ἀλλὰ
471 3547 565 3599 τοῦ
588 3548 725 3601 Θεοῦ
746 3549 789 3579 ⁸³
817 3550 931 3600 ἐστι
966 3548 1234 3618 χάρισμα.
1255 3549 1394 3619 Ὀρα
1420 3548 1569 3617 γοῦν,
1589 3551 1675 3603 διὰ
1699 3552 1879 3604 πόσων

298 3640 661 3691 καταστέλλει
694 3639 785 3691 τὸν
816 3639 987 3706 τῠψον
1028 3638 1231 3691 αὐτῶν.

378 3747 396 3778 ι
434 3728 569 3797 Περὶ
603 3729 701 3796 τῆς
735 3727 991 3797 βρώσεως
1005 3723 1099 3780 οὖν
1121 3729 1229 3781 τῶν
1248 3730 1637 3795 εἰδωλοθύτων,
1661 3732 1881 3801 οἴδαμεν

298 3823 385 3874 ὅτι
440 3822 593 3873 οὐδὲν
628 3820 848 3873 είδωλον
907 3823 965 3872 ἐν
1016 3821 1228 3891 κόσμῳ,
1266 3824 1360 3874 καὶ
1395 3823 1476 3875 ὅτι
1534 3824 1709 3887 οὐδεὶς
1750 3825 1883 3888 Θεὸς

300 3913 516 3983 ἕτερος.
549 3914 599 3965 εί
646 3913 719 3985 μὴ
752 3908 853 3976 εἷς.
906 3932 923 3965 ›
968 3914 1139 3966 Πάλιν
1192 3919 1485 3968 κοινοποιεῖ
1532 3918 1629 3986 τὴν
1658 3918 1879 3985 γνῶσιν,

300 4005 685 4059 καταστὲλλων
736 4006 957 4068 αὐτούς.
999 4008 1208 4071 Πάντες
1243 4009 1374 4075 γὰρ,
1414 4011 1600 4077 φησὶν,
1661 4011 1882 4079 οἴδαμεν

299 4097 385 4148 δτι
425 4096 577 4149 οὐδὲν
618 4096 838 4149 εἴδωλον
868 4100 926 4148 ἐν
959 4097 1172 4167 κόσμῳ.
1214 4098 1326 4149 Οὐκ
1351 4098 1497 4149 ἔστιν
1530 4098 1622 4150 οὖν
1650 4099 1879 4163 είδωλοις

296 4189 402 4241 οὐκ
435 4188 549 4240 ἔστι
588 4188 781 4255 ξόανας
822 4190 980 4241 Ἔστι
1038 4190 1159 4258 μὲν,
1209 4190 1323 4243 ἀλλ’
1354 4190 1506 4243 οὐδέν
1534 4191 1679 4243 ἐστι’
1724 4209 1881 4243 τουτ-

301 4279 479 4343 έστιν,
513 4279 775 4348 οὐδεμίαν
820 4281 975 4349 ίσχὺν
1013 4280 1166 4349 ἔχει’
1216 4282 1335 4334 οὐδὲ
1371 4282 1484 4332 Οεοί
1532 4284 1691 4344 εἰσιν,
1748 4283 1883 4335 ἀλλὰ

300 4370 445 4422 λίθοι
486 4374 581 4422 καί
620 4369 894 4439 δαίμονες.
942 4372 1161 4442 Ἐπειδὴ
1189 4373 1297 4445 γὰρ
1322 4369 1463 4444 ἦσαν
1495 4375 1627 4444 παρ’
1657 4374 1882 4443 Ἕλλησι

300 4463 400 4513 καὶ
436 4460 664 4523 ἰδιῶται,
722 4461 818 4513 καὶ
872 4462 1061 4528 σοφοί·
1107 4463 1203 4514 καὶ
1260 4465 1307 4516 οί
1339 4464 1436 4532 μὲν
1479 4464 1685 4517 ἰδιῶται
1731 4465 1884 4518 οὐδὲν

1975 612 2357 681 corrigendum
2393 612 2635 676 festinat,
2676 627 2736 666 ac
2773 613 2837 665 ad
2865 610 3161 680 perfectos,
3194 610 3559 679 impcrfectio-

1974 713 2148 773 ribus,
2182 712 2257 765 uti
2284 712 2444 773 solet,
2477 710 2723 768 omissis.
2759 709 3003 764 disserit.
3049 710 3123 763 Ac
3152 708 3384 779 primum
3418 708 3562 777 ipso—

1980 820 2101 857 rum
2149 802 2343 857 fastnm
2375 806 2443 857 ob
2472 804 2755 857 scientiam
2797 812 3123 870 conceptum
3172 800 3439 870 reprimit,
3474 801 3559 853 in-

1979 895 2173 963 quiens
2204 911 2216 947 :
2254 891 2370 945 Non
2407 908 2502 946 vos
2529 893 2626 947 soli
2662 892 2803 946 hanc
2838 892 3070 957 habetis,
3113 890 3205 943 sed
3237 905 3336 944 nos
3370 903 3560 944 omnes

1974 1002 2037 1041 ex
2076 1002 2230 1055 mquo
2261 995 2529 1050 tenemus,
2567 985 2707 1052 quod
2739 983 2872 1037 nihil
2904 982 2976 1035 sit
3006 981 3209 1034 idolum
3244 981 3296 1033 in
3333 978 3557 1033 mundo.

1979 1078 2176 1133 Verum
2227 1078 2457 1132 scientia
2490 1078 2623 1130 adeo
2666 1090 2771 1129 non
2834 1076 3007 1130 solum
3041 1089 3148 1127 non
3205 1073 3447 1141 prodest,
3502 1080 3562 1122 ttt

1976 1172 2157 1239 potius
2203 1171 2368 1223 etiam
2405 1169 2567 1231 obsit,
2607 1166 2801 1219 inflatis
2838 1176 2892 1220 et
2940 1166 3310 1220 intumescere
3355 1163 3562 1216 faciens

1976 1262 2285 1324 habentem,
2314 1276 2376 1313 ac
2400 1271 2681 1328 propterea
2709 1257 3040 1311 abscindens
3083 1271 3109 1308 a
3134 1254 3365 1325 proximi
3392 1267 3562 1306 mem—

1975 1352 2093 1419 bro,
2128 1351 2230 1405 nisi
2264 1350 2586 1405 charitatent
2615 1364 2718 1402 una
2751 1363 2942 1404 secum
2972 1346 3241 1400 habuerit.
3269 1342 3564 1409 Qumnimi-

1976 1461 2091 1499 rum
2123 1444 2386 1507 charitas,
2426 1458 2455 1496 e
2478 1450 2664 1495 contra
2696 1441 2967 1495 ardiftcare
2990 1447 3188 1509 potest.
3217 1436 3564 1503 Qumcunque

1985 1539 2129 1592 enim
2164 1536 2393 1592 scicntia
2427 1536 2544 1589 sine
2580 1532 2866 1596 cbaritate,
2898 1531 3151 1594 destruit,
3186 1530 3300 1583 haec
3326 1526 3564 1582 Charitas

1976 1630 2139 1698 erigit
2201 1629 2580 1697 azdilicatque,
2645 1624 2829 1681 omnia
2896 1624 2949 1677 in
3028 1621 3260 1691 proximi
3330 1616 3563 1688 gratiam

1980 1723 2205 1778 faciens.

2049 1812 2211 1867 Vsus.
2258 1812 2312 1868 2.
2358 1829 2375 1861 (
2419 1807 2475 1864 Si
2506 1809 2627 1879 quis
2659 1816 2840 1863 autem
2871 1821 2931 1861 se
2974 1804 3253 1859 existimat
3297 1800 3435 1855 scire
3463 1799 3565 1852 ali-

1981 1905 2133 1974 quid,
2165 1903 2401 1957 nondum
2436 1902 2729 1972 quidquam
2782 1898 2955 1961 novit,
2984 1892 3437 1965 quemadmodum
3470 1907 3567 1945 no-

1979 1996 2121 2047 visse
2150 2002 2375 2060 oportet.
2420 2010 2436 2039 ι
2478 1989 2643 2059 Majus
2680 1987 2939 2057 quiddam
2969 1987 3056 2040 hic
3106 1985 3263 2049 dicit,
3301 1997 3494 2050 nempe
3534 1998 3547 2034 :

1978 2085 2205 2139 Etiamsi
2237 2083 2491 2137 cltaritati
2548 2080 2775 2135 scientia
2827 2078 3110 2145 conjuncta
3154 2076 3346 2141 fuerit;
3390 2088 3564 2143 neque

1986 2177 2065 2230 sic
2093 2186 2173 2228 est
2197 2172 2457 2243 perfecta.
2493 2169 2661 2224 Nemo
2693 2170 2834 2225 enim
2871 2168 3167 2239 quidquam
3194 2165 3343 2219 novit
3367 2179 3561 2234 quem-

1980 2268 2269 2321 admodum
2329 2264 2472 2319 scire
2519 2273 2756 2332 Oportet,
2792 2263 2906 2317 sive
2958 2261 3152 2315 Petrus
3204 2258 3388 2321 fuerit,
3448 2258 3569 2311 sive

1980 2359 2197 2414 Paulus.
2222 2357 2358 2423 Quid
2391 2356 2557 2426 igitur
2588 2371 2686 2409 vos
2722 2354 3035 2416 efferimini,
3069 2352 3160 2422 qui
3192 2351 3417 2405 scientia
3446 2349 3564 2402 sine

1981 2452 2273 2507 dilectione
2300 2451 2495 2505 imbuti
2530 2448 2700 2503 estis?
2723 2446 3167 2516 quandoquidem
3197 2444 3243 2499 si
3276 2442 3560 2499 scientiam

1980 2546 2144 2600 etiam
2177 2560 2299 2598 cum
2339 2541 2631 2595 dilectione
2682 2539 2976 2603 haberetis,
3016 2552 3193 2607 neque
3240 2537 3319 2591 sic
3383 2544 3561 2589 tamen

1980 2637 2215 2707 perfecte
2254 2633 2454 2703 aliquid
2488 2633 2723 2686 sciretis.

2053 2729 2217 2782 Vsus.
2247 2728 2300 2789 5.
2343 2745 2361 2777 ι
2409 2724 2503 2780 Sin
2536 2724 2660 2794 quis
2699 2733 2877 2778 autem
2917 2722 3089 2791 diligit
3128 2721 3320 2785 Deum,
3375 2718 3422 2774 is
3470 2732 3563 2773 co-

1979 2821 2165 2892 gnitus
2211 2829 2294 2875 est
2343 2820 2410 2873 ab
2459 2834 2545 2872 co.
2591 2836 2609 2868 ι
2648 2817 2801 2883 Quod
2834 2815 2931 2882 ait,
2983 2812 3447 2883 esthujnsmodi:
3505 2809 3563 2865 Si

1979 2910 2390 2981 quischaritate
2416 2908 2722 2978 proximum
2752 2922 2910 2961 suum
2935 2906 3304 2977 prosequitur,
3324 2904 3367 2958 is
3396 2903 3561 2957 Deum

1981 3004 2145 3058 etiam
2171 3016 2395 3071 prorsns
2430 3000 2627 3070 diligit.
2690 2999 2789 3065 Qtti
2821 3008 2999 3053 autem
3036 2999 3201 3052 Deum
3226 2996 3426 3067 diiigit,
3452 3011 3560 3050 non

1983 3094 2143 3160 dixit,
2178 3092 2494 3162 cognoverit
2524 3093 2844 3157 Deum,sed,
2878 3108 2898 3143 ι
2931 3090 2977 3143 Α
2997 3090 3105 3144 Deo
3130 3088 3509 3159 cognitusest:
3538 3105 3559 3138 ι

1906 3218 1948 3275 C
1984 3188 2085 3241 hoc
2119 3196 2223 3250 est,
2260 3196 2421 3240 notus
2452 3185 2551 3254 ipsi
2589 3192 2639 3239 et
2666 3183 2955 3237 familiaris
2986 3182 3355 3237 constituitur.
3388 3178 3566 3234 Notus

1982 3285 2162 3330 autem
2210 3275 2341 3341 Deo,
2382 3274 2665 3329 scientiam
2703 3276 2771 3329 ab
2820 3289 2886 3328 eo
2921 3274 3118 3342 accipit
3157 3290 3169 3326 :
3208 3287 3381 3341 neque
3427 3272 3567 3325 hanc

1984 3377 2159 3420 tamen
2223 3365 2518 3434 perfectam
2560 3365 2740 3418 habet.
2804 3364 3061 3428 Proinde,
3112 3363 3213 3417 etsi
3279 3361 3561 3415 scientiam

1981 3459 2202 3522 habeas,
2244 3456 2353 3511 noli
2380 3456 2584 3511 efferri.
2621 3455 2754 3510 Nam
2790 3472 2964 3526 neque
2998 3456 3235 3525 perfecta
3260 3464 3364 3521 est,
3390 3469 3566 3522 neque

1988 3559 2135 3601 tuum
2175 3564 2331 3617 opus,
2391 3546 2488 3601 sed
2540 3548 2631 3601 Dei
2663 3548 2888 3602 donttm.
2947 3544 3080 3601 Vide
3132 3546 3297 3616 igitur
3342 3545 3566 3615 quantis

1987 3641 2325 3709 argumentis
2358 3655 2546 3693 eorum
2586 3639 2895 3707 superbiam
2931 3639 3169 3693 cohibet.

2063 3733 2225 3787 Vens.
2285 3732 2338 3785 4.
2380 3751 2397 3783 ι
2448 3732 2520 3785 De
2550 3730 2964 3785 ntauduratione
3000 3745 3128 3785 vero
3179 3744 3391 3794 eorum,
3448 3744 3568 3798 qua:

1986 3824 2146 3878 idolis
2180 3832 2306 3876 sunt
2336 3823 2542 3888 oblata,
2580 3823 2783 3876 scimus
2820 3823 2964 3891 quod
2994 3821 3194 3876 idolum
3237 3821 3370 3874 nihil
3396 3828 3482 3875 est
3510 3820 3568 3873 in

1986 3916 2211 3975 mundo,
2244 3923 2295 3967 et
2326 3916 2468 3982 quod
2494 3914 2671 3968 nullus
2702 3923 2782 3967 est
2808 3914 2948 3967 Deus
2978 3914 3077 3967 nisi
3101 3929 3261 3975 unus.
3302 3932 3320 3965 ι
3356 3911 3565 3966 Rursus

1985 4007 2345 4077 cognitionem
2366 4022 2705 4060 communem
2732 4005 2879 4069 facit,
2909 4008 3219 4075 deprimens
3248 4020 3366 4059 eos.
3429 4003 3566 4057 Nam

1986 4114 2196 4164 omnes,
2254 4099 2449 4166 inquit,
2511 4098 2713 4151 scimus
2769 4099 2913 4168 quod
2974 4099 3177 4153 idolum
3214 4097 3346 4151 nihil
3384 4096 3455 4150 sit
3512 4096 3564 4149 itt

1988 4195 2214 4245 mundo.
2254 4192 2449 4244 Nonne
2490 4192 2653 4257 igitur
2674 4200 2800 4243 sunt
2834 4191 3017 4244 idola?
3052 4206 3228 4244 nonne
3258 4188 3569 4256 sculptilia?

1992 4285 2131 4337 Sunt
2166 4283 2411 4352 quidem,
2440 4284 2531 4336 sed
2568 4282 2702 4335 nihil
2737 4295 2865 4337 sunt
2894 4301 2908 4337 :
2938 4283 2988 4337 itl
3021 4291 3124 4348 est,
3169 4282 3373 4335 nullum
3403 4281 3569 4335 robur

1992 4376 2213 4429 habent.
2255 4375 2443 4445 Neque
2489 4377 2562 4429 dii
2596 4385 2747 4439 sunt,
2780 4374 2871 4428 sed
2915 4374 3121 4444 lapides
3154 4388 3218 4427 ac
3270 4374 3568 4428 dmmones.

1987 4466 2122 4533 Quia
2157 4482 2285 4521 vero
2317 4468 2456 4534 apud
2495 4466 2711 4519 Graecos
2746 4465 2901 4519 fuere
2928 4473 2984 4519 et
3018 4464 3221 4519 indocti
3255 4472 3312 4517 et
3347 4463 3565 4531 sapien-

300 4553 505 4622 ᾔδεσαν
538 4553 583 4584 ⁸⁸
616 4554 778 4605 πλέον
816 4554 923 4604 τῶν
959 4554 1122 4607 λίθων
1156 4571 1169 4584 ·
1202 4557 1249 4608 oi.
1282 4556 1338 4607 δὲ
1385 4555 1663 4623 φιλόσοφοι
1722 4558 1882 4610 δυνά·
1911 4554 1963 4613 Ι)
1994 4569 2072 4611 tcs
2102 4575 2114 4610 :
2148 4558 2349 4611 indocti
2412 4557 2628 4625 quidem
2691 4555 2763 4609 ni!

1911 4554 1963 4613 D
1994 4569 2072 4611 tes
2102 4575 2114 4610 :
2148 4558 2349 4611 indocti
2412 4557 2628 4625 quidem
2691 4555 2824 4609 nihil
2864 4555 2980 4624 plus
3043 4555 3182 4608 idola
3234 4569 3353 4609 esse
3402 4568 3564 4621 quam

307 4659 432 4711 μεις
464 4642 613 4704 Θείας
646 4644 876 4695 ἐνοικεῖν
900 4643 1083 4705 αὐτοῖς
1114 4644 1384 4711 ἐδόξαζον,
1416 4645 1509 4709 οὒς
1539 4646 1583 4678 ⁸⁸
1612 4648 1705 4699 καὶ
1732 4648 1888 4713 θεοὺς

304 4735 539 4788 ἐκάλουν
564 4752 576 4766 ·
614 4736 752 4805 πρὸς
795 4735 894 4806 μὲν
936 4737 1062 4798 τοὺς
1117 4736 1333 4800 ἰδιώτας
1374 4734 1496 4790 εἷπε
1540 4738 1621 4803 τὸ,
1661 4758 1680 4791 ‹
1722 4740 1888 4793 Οὐδέν

306 4832 459 4883 ἔστιν
490 4828 707 4881 εἴδωλον
740 4830 796 4880 ἔν
818 4828 896 4898 τῷ
929 4828 1118 4898 κόσμῳ
1139 4845 1153 4859 ·
1196 4848 1214 4881 ι
1243 4829 1376 4899 πρὸς
1410 4830 1465 4882 δὲ
1500 4831 1623 4893 τοὺς
1673 4830 1887 4899 φιλοσό-

306 4937 466 4987 φους,
497 4922 577 4974 ὅτι
608 4938 626 4970 ι
656 4920 771 4972 Οὐκ
796 4919 945 4972 ἔστιν
975 4921 1163 4990 ἔτερος
1185 4919 1341 4984 Θεὸς,
1368 4923 1416 4973 εί
1445 4920 1517 4990 μὴ
1542 4916 1641 4983 εἷς.
1672 4940 1690 4973 ι
1727 4922 1887 4975 ’Ὥστε

302 5011 429 5064 οὐδὲ
483 5010 742 5079 δυνάμεις
783 5012 923 5064 Θεῖαι
975 5012 1244 5065 ἐνοικοῦσι
1295 5016 1407 5076 τοῖς
1474 5008 1747 5077 εἰδώλοιξ·
1803 5013 1883 5080 εἷς

304 5103 418 5173 γάρ
448 5106 563 5155 ἐστι
603 5102 758 5167 Θεὸς,
795 5104 891 5156 καὶ
916 5102 976 5155 οὐ
1006 5104 1211 5157 πολλοί.

385 5289 403 5320 ι
441 5270 555 5323 Καὶ
588 5271 697 5339 γὰρ
727 5272 890 5343 είπερ
924 5272 1031 5324 εἰσὶ
1067 5271 1353 5343 λεγόμενοι
1382 5274 1514 5339 θεοῖ,
1548 5277 1655 5329 εἴτε
1690 5278 1746 5329 ἐν
1796 5281 1883 5331 οὑν

308 5362 479 5432 ράνῷ,
514 5362 623 5414 εἴτε
682 5365 773 5416 ἐπὶ
816 5366 915 5431 γῆς
951 5364 1161 5436 (ὥσπερ
1206 5367 1313 5418 εἰσὶ
1366 5366 1478 5419 θεοὶ
1530 5368 1736 5432 πολλοὶ,
1787 5372 1880 5423 καὶ

306 5452 493 5523 κύριοι
535 5453 763 5517 πολλῶ),
806 5454 918 5507 ἀλλ’
969 5458 1101 5524 ἡμῖν
1138 5450 1219 5518 εἷς
1260 5457 1393 5519 Θεὸς
1433 5460 1460 5509 ὁ
1493 5459 1700 5528 Πατὴρ,
1730 5462 1787 5524 ἐξ
1822 5456 1880 5513 οὗ

306 5543 378 5596 τὰ
415 5544 618 5608 πάντα,
667 5544 762 5597 καὶ
811 5547 976 5613 ἡμεῖς
1010 5548 1087 5609 εἰς
1128 5546 1307 5598 αὐτόν.
1364 5566 1381 5597 ι
1444 5549 1662 5620 Ἐπειδὴ
1706 5547 1879 5617 εἶπεν,

1992 4650 2200 4720 lapides
2237 4660 2432 4703 norant
2482 4669 2495 4703 :
2544 4648 2849 4717 pitiiOSOpiti
2894 4662 3022 4701 vero
3066 4647 3279 4700 divinas
3332 4646 3385 4699 in
3436 4645 3568 4712 ipsis

1989 4742 2237 4796 habitare
2270 4741 2499 4795 virtutes
2526 4740 2952 4803 arbitrabantur,
2992 4752 3125 4807 quas
3164 4745 3217 4789 et
3246 4736 3375 4789 deos
3407 4749 3569 4786 voca-

1990 4834 2119 4885 bant
2144 4848 2158 4895 ;
2179 4832 2243 4885 ad
2272 4833 2467 4885 idiotas
2492 4831 2658 4885 dixit:
2690 4850 2708 4881 ι
2736 4828 2937 4883 Idolum
2962 4829 3093 4883 nihil
3114 4828 3263 4883 estin
3292 4828 3560 4880 mundozr

1991 4926 2056 4979 ad
2086 4924 2436 4993 philosophos
2472 4938 2622 4986 vero,
2663 4940 2680 4973 ι
2722 4922 2838 4975 Non
2871 4932 2951 4975 est
2977 4920 3114 4974 alius
3150 4920 3308 4983 Deus,
3344 4930 3566 4985 prmter-

1992 5026 2151 5079 quam
2185 5026 2341 5063 ttnns.
2395 5029 2412 5061 ι
2454 5010 2625 5078 Igitur
2672 5025 2848 5079 neque
2899 5012 3131 5063 virtutes
3160 5009 3356 5061 divina:
3393 5008 3564 5061 simu-

1994 5103 2137 5155 lacra
2171 5104 2273 5155 ista
2334 5102 2692 5156 inhabitant:
2731 5117 2871 5156 unus
2918 5101 3065 5155 enim
3114 5100 3261 5155 Deus
3303 5107 3404 5161 est,
3462 5112 3564 5152 non

1994 5194 2163 5247 multi.

2071 5285 2225 5355 167
2262 5283 2428 5339 Vsus.
2473 5288 2525 5349 5,
2561 5286 2611 5339 6.
2646 5305 2663 5337 ι
2706 5284 2839 5339 Nam
2887 5284 2989 5339 etsi
3022 5293 3147 5337 sunt
3186 5284 3276 5353 qui
3314 5284 3565 5339 dicantur

1992 5371 2089 5434 dii,
2125 5373 2237 5425 sive
2272 5373 2321 5425 in
2358 5375 2514 5437 cmlo,
2549 5375 2662 5427 sive
2698 5376 2750 5428 itt
2803 5384 2942 5427 terra
2978 5357 3455 5444 (quemulntodtttri
3489 5373 3563 5427 dii

1994 5464 2145 5516 tnttlti
2199 5475 2342 5529 sunt,
2394 5479 2447 5518 ct
2500 5466 2698 5518 domini
2744 5466 2941 5533 multi).
2992 5467 3146 5520 nobis
3198 5477 3371 5519 tamen
3426 5480 3564 5519 unus

1993 5554 2135 5608 licus
2172 5555 2331 5608 Pater
2359 5566 2460 5620 est,
2509 5574 2571 5609 ex
2608 5572 2713 5626 quo
2754 5558 2959 5615 omnia,
2995 5566 3049 5610 cl
3081 5574 3176 5611 nos
3211 5558 3261 5608 in
3302 5559 3493 5625 ipsum.
3538 5576 3554 5607 ι

1648 5677 1847 5737 Varia)
1889 5677 2218 5740 lectiones.

382 5771 429 5801 ⁷⁸
474 5772 531 5822 ἐν
576 5788 625 5825 o.
732 5776 771 5807 ⁷⁷
817 5775 989 5828 οἴδατε
1043 5790 1093 5830 0.

1219 5778 1261 5809 ⁷⁸
1316 5776 1515 5841 ἑαυτῆς
1556 5795 1603 5834 0.

477 5818 523 5822 vv
596 5818 625 5825 -υ
824 5818 989 5828 συν-.-
1044 5818 1093 5830 νο
1316 5818 1483 5848 ῸῺῚΙΙ³

306 5843 352 5873 υ
454 5859 469 5865 -
530 5842 546 5855 ’⁸
577 5861 590 5870 .

403 5862 441 5892 ι.
480 5884 489 5894 .
528 5859 610 5905 1,.

1729 5784 1771 5813 7’
1811 5784 2011 5850 γνῶναι
2052 5801 2101 5841 0.

2208 5786 2252 5817 ⁸ο
2297 5784 2459 5837 αὺτοῦ
2501 5800 2551 5840 0.
2681 5788 2720 5817 ⁸²
2768 5784 3005 5854 Χριστοῦ
3060 5803 3115 5841 0.
3236 5783 3282 5814 ⁵³
3320 5776 3422 5851 ἦτα
3504 5794 3550 5837 ο.
