  <div class='ocr_page' id='page_1' title='image "/cluster/home/n/w/nwhite01/storage/ocr_20150623/124/nnc1.0046979735/352.png"; bbox 0 0 4272 6448; ppageno 0'>
   <div class='ocr_carea' id='block_1_1' title="bbox 281 355 384 418">
    <p class='ocr_par' dir='ltr' id='par_1_1' title="bbox 281 355 384 418">
     <span class='ocr_line' id='line_1_1' title="bbox 281 355 384 418; baseline 0 0"><span class='ocrx_word' id='word_1_1' title='bbox 281 355 384 418; x_wconf 84' lang='grc'>661</span> 
     </span>
    </p>
   </div>
   <div class='ocr_carea' id='block_1_2' title="bbox 1037 360 2777 423">
    <p class='ocr_par' dir='ltr' id='par_1_2' title="bbox 1037 360 2777 423">
     <span class='ocr_line' id='line_1_2' title="bbox 1037 360 2777 423; baseline 0.001 -4"><span class='ocrx_word' id='word_1_2' title='bbox 1037 360 1456 422; x_wconf 77' lang='lat' dir='ltr'>EXPOSITIO</span> <span class='ocrx_word' id='word_1_3' title='bbox 1494 363 1574 422; x_wconf 82' lang='lat' dir='ltr'><strong>IN</strong></span> <span class='ocrx_word' id='word_1_4' title='bbox 1620 361 1858 421; x_wconf 82' lang='lat' dir='ltr'>EPIST.</span> <span class='ocrx_word' id='word_1_5' title='bbox 1907 362 1933 420; x_wconf 95' lang='grc' dir='ltr'>Ι</span> <span class='ocrx_word' id='word_1_6' title='bbox 1969 363 2067 422; x_wconf 81' lang='grc' dir='ltr'>ΑΙ)</span> <span class='ocrx_word' id='word_1_7' title='bbox 2106 363 2272 423; x_wconf 80' lang='lat' dir='ltr'><strong>COB.</strong></span> <span class='ocrx_word' id='word_1_8' title='bbox 2318 388 2380 396; x_wconf 92' lang='grc'><strong>-</strong></span> <span class='ocrx_word' id='word_1_9' title='bbox 2417 361 2575 420; x_wconf 73' lang='lat' dir='ltr'><strong>CAP.</strong></span> <span class='ocrx_word' id='word_1_10' title='bbox 2613 362 2777 421; x_wconf 82' lang='lat' dir='ltr'><strong>Vlll.</strong></span> 
     </span>
    </p>
   </div>
   <div class='ocr_carea' id='block_1_3' title="bbox 3435 352 3545 416">
    <p class='ocr_par' dir='ltr' id='par_1_3' title="bbox 3435 352 3545 416">
     <span class='ocr_line' id='line_1_3' title="bbox 3435 352 3545 416; baseline -0.009 0"><span class='ocrx_word' id='word_1_11' title='bbox 3435 352 3545 416; x_wconf 69' lang='lat'>€52</span> 
     </span>
    </p>
   </div>
   <div class='ocr_carea' id='block_1_4' title="bbox 280 465 1967 541">
    <p class='ocr_par' dir='ltr' id='par_1_4' title="bbox 280 465 1936 541">
     <span class='ocr_line' id='line_1_4' title="bbox 280 465 1936 541; baseline -0.001 -17"><span class='ocrx_word' id='word_1_12' title='bbox 280 473 376 524; x_wconf 85' lang='grc' dir='ltr'>Διὸ</span> <span class='ocrx_word' id='word_1_13' title='bbox 406 471 506 524; x_wconf 78' lang='grc' dir='ltr'>οὐκ</span> <span class='ocrx_word' id='word_1_14' title='bbox 543 465 716 530; x_wconf 75' lang='grc' dir='ltr'>εἶπεν,</span> <span class='ocrx_word' id='word_1_15' title='bbox 761 471 842 523; x_wconf 84' lang='grc' dir='ltr'>δτι</span> <span class='ocrx_word' id='word_1_16' title='bbox 880 472 1064 524; x_wconf 80' lang='grc' dir='ltr'>ἐκεῖνα</span> <span class='ocrx_word' id='word_1_17' title='bbox 1117 473 1457 541; x_wconf 82' lang='grc' dir='ltr'>μολύνουσιν,</span> <span class='ocrx_word' id='word_1_18' title='bbox 1510 473 1664 535; x_wconf 71' lang='grc' dir='ltr'>ἀλλὰ,</span> <span class='ocrx_word' id='word_1_19' title='bbox 1726 491 1743 521; x_wconf 82' lang='grc' dir='ltr'>ι</span> <span class='ocrx_word' id='word_1_20' title='bbox 1801 473 1863 523; x_wconf 89' lang='lat' dir='ltr'>&#39;H</span> <span class='ocrx_word' id='word_1_21' title='bbox 1894 475 1936 532; x_wconf 78' lang='grc' dir='ltr'><strong>Α</strong></span> 
     </span>
    </p>
   </div>
   <div class='ocr_carea' id='block_1_5' title="bbox 1854 465 3541 541">
    <p class='ocr_par' dir='ltr' id='par_1_5' title="bbox 1854 465 3541 541">
     <span class='ocr_line' id='line_1_5' title="bbox 1854 465 3541 541; baseline -0.002 -18"><span class='ocrx_word' id='word_1_22' title='bbox 1854 473 1863 523; x_wconf 95' lang='lat' dir='ltr'><strong>l</strong></span> <span class='ocrx_word' id='word_1_23' title='bbox 1894 475 1936 532; x_wconf 78' lang='grc' dir='ltr'><strong>Α</strong></span> <span class='ocrx_word' id='word_1_24' title='bbox 1976 474 2204 541; x_wconf 84' lang='lat' dir='ltr'><strong>aliquid,</strong></span> <span class='ocrx_word' id='word_1_25' title='bbox 2228 489 2400 541; x_wconf 87' lang='lat' dir='ltr'><strong>eaque</strong></span> <span class='ocrx_word' id='word_1_26' title='bbox 2428 481 2728 524; x_wconf 89' lang='lat' dir='ltr'><strong>metuentes</strong></span> <span class='ocrx_word' id='word_1_27' title='bbox 2755 467 2910 537; x_wconf 87' lang='lat' dir='ltr'><strong>quasi</strong></span> <span class='ocrx_word' id='word_1_28' title='bbox 2936 482 3051 533; x_wconf 71' lang='lat' dir='ltr'><strong>quce</strong></span> <span class='ocrx_word' id='word_1_29' title='bbox 3082 467 3293 538; x_wconf 78' lang='lat' dir='ltr'>possint</span> <span class='ocrx_word' id='word_1_30' title='bbox 3327 465 3541 520; x_wconf 71' lang='lat' dir='ltr'><strong>ltede-e.</strong></span> 
     </span>
    </p>
   </div>
   <div class='ocr_carea' id='block_1_6' title="bbox 281 560 1861 632">
    <p class='ocr_par' dir='ltr' id='par_1_6' title="bbox 281 560 1861 632">
     <span class='ocr_line' id='line_1_6' title="bbox 281 560 1861 632; baseline -0.001 -16"><span class='ocrx_word' id='word_1_31' title='bbox 281 562 593 631; x_wconf 75' lang='grc' dir='ltr'>συνείδησις</span> <span class='ocrx_word' id='word_1_32' title='bbox 644 563 826 616; x_wconf 79' lang='grc' dir='ltr'>αὐτῶν</span> <span class='ocrx_word' id='word_1_33' title='bbox 863 564 1173 632; x_wconf 78' lang='grc' dir='ltr'>μολύνεται,</span> <span class='ocrx_word' id='word_1_34' title='bbox 1228 585 1245 615; x_wconf 82' lang='grc' dir='ltr'>ι</span> <span class='ocrx_word' id='word_1_35' title='bbox 1299 566 1372 628; x_wconf 80' lang='grc' dir='ltr'>ὡς</span> <span class='ocrx_word' id='word_1_36' title='bbox 1429 566 1662 631; x_wconf 84' lang='grc' dir='ltr'>ἀσθενὴς</span> <span class='ocrx_word' id='word_1_37' title='bbox 1707 560 1861 625; x_wconf 85' lang='grc' dir='ltr'>οῦσα,</span> 
     </span>
    </p>
   </div>
   <div class='ocr_carea' id='block_1_7' title="bbox 277 655 1864 724">
    <p class='ocr_par' dir='ltr' id='par_1_7' title="bbox 277 655 1864 724">
     <span class='ocr_line' id='line_1_7' title="bbox 277 655 1864 724; baseline -0.001 -17"><span class='ocrx_word' id='word_1_38' title='bbox 277 657 376 708; x_wconf 75' lang='grc' dir='ltr'>καὶ</span> <span class='ocrx_word' id='word_1_39' title='bbox 410 656 483 724; x_wconf 84' lang='grc' dir='ltr'>μὴ</span> <span class='ocrx_word' id='word_1_40' title='bbox 506 655 781 724; x_wconf 81' lang='grc' dir='ltr'>δυναμένη</span> <span class='ocrx_word' id='word_1_41' title='bbox 814 659 1029 724; x_wconf 82' lang='grc' dir='ltr'>νοῆσαι,</span> <span class='ocrx_word' id='word_1_42' title='bbox 1048 657 1127 708; x_wconf 83' lang='grc' dir='ltr'>ὅτι</span> <span class='ocrx_word' id='word_1_43' title='bbox 1156 657 1308 708; x_wconf 76' lang='grc' dir='ltr'>οὐδέν</span> <span class='ocrx_word' id='word_1_44' title='bbox 1337 660 1472 708; x_wconf 89' lang='grc' dir='ltr'>εἰσιν</span> <span class='ocrx_word' id='word_1_45' title='bbox 1493 675 1506 687; x_wconf 86' lang='grc'><strong>·</strong></span> <span class='ocrx_word' id='word_1_46' title='bbox 1536 656 1658 708; x_wconf 74' lang='grc' dir='ltr'>ἐπεὶ</span> <span class='ocrx_word' id='word_1_47' title='bbox 1683 657 1864 706; x_wconf 79' lang='grc' dir='ltr'>ἐκεῖνα</span> 
     </span>
    </p>
   </div>
   <div class='ocr_carea' id='block_1_8' title="bbox 278 747 1865 817">
    <p class='ocr_par' dir='ltr' id='par_1_8' title="bbox 278 747 1865 817">
     <span class='ocr_line' id='line_1_8' title="bbox 278 747 1865 817; baseline -0.001 -18"><span class='ocrx_word' id='word_1_48' title='bbox 278 747 421 799; x_wconf 73' lang='grc' dir='ltr'>αὐτὰ</span> <span class='ocrx_word' id='word_1_49' title='bbox 463 747 585 798; x_wconf 74' lang='grc' dir='ltr'>καθ’</span> <span class='ocrx_word' id='word_1_50' title='bbox 624 747 762 798; x_wconf 70' lang='grc' dir='ltr'>αὐτὰ</span> <span class='ocrx_word' id='word_1_51' title='bbox 794 749 852 798; x_wconf 79' lang='grc' dir='ltr'>ού</span> <span class='ocrx_word' id='word_1_52' title='bbox 891 747 1148 798; x_wconf 78' lang='grc' dir='ltr'>δύνανται</span> <span class='ocrx_word' id='word_1_53' title='bbox 1185 748 1408 817; x_wconf 86' lang='grc' dir='ltr'>μολῦναί</span> <span class='ocrx_word' id='word_1_54' title='bbox 1459 767 1603 799; x_wconf 88' lang='grc' dir='ltr'>τινα.</span> <span class='ocrx_word' id='word_1_55' title='bbox 1654 748 1865 814; x_wconf 73' lang='grc' dir='ltr'>Νόησον</span> 
     </span>
    </p>
   </div>
   <div class='ocr_carea' id='block_1_9' title="bbox 280 835 1865 906">
    <p class='ocr_par' dir='ltr' id='par_1_9' title="bbox 280 835 1865 906">
     <span class='ocr_line' id='line_1_9' title="bbox 280 835 1865 906; baseline 0.001 -20"><span class='ocrx_word' id='word_1_56' title='bbox 280 835 377 887; x_wconf 77' lang='grc' dir='ltr'>οὖν</span> <span class='ocrx_word' id='word_1_57' title='bbox 411 837 654 888; x_wconf 82' lang='grc' dir='ltr'>τοιοῦτον</span> <span class='ocrx_word' id='word_1_58' title='bbox 691 839 924 904; x_wconf 76' lang='grc' dir='ltr'>πάσχειν</span> <span class='ocrx_word' id='word_1_59' title='bbox 966 839 1232 903; x_wconf 80' lang='grc' dir='ltr'>ἐκείνους,</span> <span class='ocrx_word' id='word_1_60' title='bbox 1278 838 1469 906; x_wconf 70' lang='grc' dir='ltr'>ὧσπερ</span> <span class='ocrx_word' id='word_1_61' title='bbox 1515 841 1567 890; x_wconf 79' lang='grc' dir='ltr'>εἴ</span> <span class='ocrx_word' id='word_1_62' title='bbox 1601 857 1682 900; x_wconf 87' lang='grc' dir='ltr'>τις</span> <span class='ocrx_word' id='word_1_63' title='bbox 1723 839 1865 889; x_wconf 69' lang='grc' dir='ltr'>κατὰ</span> 
     </span>
    </p>
   </div>
   <div class='ocr_carea' id='block_1_10' title="bbox 277 927 1865 998">
    <p class='ocr_par' dir='ltr' id='par_1_10' title="bbox 277 927 1865 998">
     <span class='ocr_line' id='line_1_10' title="bbox 277 927 1865 998; baseline 0.003 -22"><span class='ocrx_word' id='word_1_64' title='bbox 277 929 380 993; x_wconf 68' lang='grc' dir='ltr'>τὴν</span> <span class='ocrx_word' id='word_1_65' title='bbox 446 927 744 997; x_wconf 77' lang='grc' dir='ltr'>ἰουδαῖκὴν</span> <span class='ocrx_word' id='word_1_66' title='bbox 801 929 1122 995; x_wconf 74' lang='grc' dir='ltr'>συνήθειαν,</span> <span class='ocrx_word' id='word_1_67' title='bbox 1188 930 1463 998; x_wconf 67' lang='grc' dir='ltr'>μολυσμὸν</span> <span class='ocrx_word' id='word_1_68' title='bbox 1519 929 1755 997; x_wconf 76' lang='grc' dir='ltr'>νομίζων</span> <span class='ocrx_word' id='word_1_69' title='bbox 1806 928 1865 980; x_wconf 72' lang='grc' dir='ltr'>τὸ</span> 
     </span>
    </p>
   </div>
   <div class='ocr_carea' id='block_1_11' title="bbox 277 1015 1863 1090">
    <p class='ocr_par' dir='ltr' id='par_1_11' title="bbox 277 1015 1863 1090">
     <span class='ocr_line' id='line_1_11' title="bbox 277 1015 1863 1090; baseline 0 -18"><span class='ocrx_word' id='word_1_70' title='bbox 277 1019 552 1072; x_wconf 79' lang='grc' dir='ltr'>ἅπτεσθαι</span> <span class='ocrx_word' id='word_1_71' title='bbox 574 1021 790 1088; x_wconf 77' lang='grc' dir='ltr'>νεκροῦ,</span> <span class='ocrx_word' id='word_1_72' title='bbox 813 1015 929 1072; x_wconf 81' lang='grc' dir='ltr'>εἶτα</span> <span class='ocrx_word' id='word_1_73' title='bbox 954 1021 1172 1090; x_wconf 83' lang='grc' dir='ltr'>ἐτέρους</span> <span class='ocrx_word' id='word_1_74' title='bbox 1193 1022 1334 1088; x_wconf 84' lang='grc' dir='ltr'>ορῷν</span> <span class='ocrx_word' id='word_1_75' title='bbox 1356 1021 1693 1088; x_wconf 75' lang='grc' dir='ltr'>ἁπτομένους</span> <span class='ocrx_word' id='word_1_76' title='bbox 1727 1021 1863 1088; x_wconf 77' lang='grc' dir='ltr'>μετὰ</span> 
     </span>
    </p>
   </div>
   <div class='ocr_carea' id='block_1_12' title="bbox 282 1097 1862 1180">
    <p class='ocr_par' dir='ltr' id='par_1_12' title="bbox 282 1106 1862 1180">
     <span class='ocr_line' id='line_1_12' title="bbox 282 1106 1862 1180; baseline 0.001 -19"><span class='ocrx_word' id='word_1_77' title='bbox 282 1109 534 1178; x_wconf 82' lang='grc' dir='ltr'>καθαροῦ</span> <span class='ocrx_word' id='word_1_78' title='bbox 579 1110 901 1175; x_wconf 77' lang='grc' dir='ltr'>συνειδότος,</span> <span class='ocrx_word' id='word_1_79' title='bbox 941 1110 1168 1162; x_wconf 78' lang='grc' dir='ltr'>ἅπτοιτο</span> <span class='ocrx_word' id='word_1_80' title='bbox 1198 1112 1296 1180; x_wconf 82' lang='grc' dir='ltr'>μὲν</span> <span class='ocrx_word' id='word_1_81' title='bbox 1331 1111 1425 1162; x_wconf 67' lang='grc' dir='ltr'>καὶ</span> <span class='ocrx_word' id='word_1_82' title='bbox 1454 1111 1636 1172; x_wconf 77' lang='grc' dir='ltr'>αὐτὸς,</span> <span class='ocrx_word' id='word_1_83' title='bbox 1664 1106 1862 1162; x_wconf 77' lang='grc' dir='ltr'>ἀἰδού-</span> 
     </span>
    </p>
   </div>
   <div class='ocr_carea' id='block_1_13' title="bbox 285 1198 1864 1270">
    <p class='ocr_par' dir='ltr' id='par_1_13' title="bbox 285 1198 1864 1270">
     <span class='ocr_line' id='line_1_13' title="bbox 285 1198 1864 1270; baseline 0.002 -22"><span class='ocrx_word' id='word_1_84' title='bbox 285 1215 448 1266; x_wconf 81' lang='grc' dir='ltr'>μενος</span> <span class='ocrx_word' id='word_1_85' title='bbox 486 1199 744 1261; x_wconf 85' lang='grc' dir='ltr'>τούτους·</span> <span class='ocrx_word' id='word_1_86' title='bbox 800 1198 1080 1267; x_wconf 79' lang='grc' dir='ltr'>μολύνοιτο</span> <span class='ocrx_word' id='word_1_87' title='bbox 1134 1201 1191 1252; x_wconf 85' lang='grc' dir='ltr'>δὲ</span> <span class='ocrx_word' id='word_1_88' title='bbox 1243 1202 1338 1269; x_wconf 79' lang='grc' dir='ltr'>τὴν</span> <span class='ocrx_word' id='word_1_89' title='bbox 1403 1200 1728 1270; x_wconf 68' lang='grc' dir='ltr'>συνείδησιν,</span> <span class='ocrx_word' id='word_1_90' title='bbox 1790 1201 1864 1262; x_wconf 81' lang='grc' dir='ltr'>ὡς</span> 
     </span>
    </p>
   </div>
   <div class='ocr_carea' id='block_1_14' title="bbox 279 1290 717 1360">
    <p class='ocr_par' dir='ltr' id='par_1_14' title="bbox 279 1290 717 1360">
     <span class='ocr_line' id='line_1_14' title="bbox 279 1290 717 1360; baseline 0.007 -20"><span class='ocrx_word' id='word_1_91' title='bbox 279 1290 717 1360; x_wconf 73' lang='grc' dir='ltr'>δνακρινόμενος.</span> 
     </span>
    </p>
   </div>
   <div class='ocr_carea' id='block_1_15' title="bbox 360 1469 1866 1541">
    <p class='ocr_par' dir='ltr' id='par_1_15' title="bbox 360 1469 1866 1541">
     <span class='ocr_line' id='line_1_15' title="bbox 360 1469 1866 1541; baseline 0.003 -21"><span class='ocrx_word' id='word_1_92' title='bbox 360 1488 380 1520; x_wconf 72' lang='grc' dir='ltr'>ι</span> <span class='ocrx_word' id='word_1_93' title='bbox 424 1469 632 1539; x_wconf 84' lang='grc' dir='ltr'>Βρῶμα</span> <span class='ocrx_word' id='word_1_94' title='bbox 667 1471 722 1521; x_wconf 80' lang='grc' dir='ltr'>δὲ</span> <span class='ocrx_word' id='word_1_95' title='bbox 756 1473 906 1540; x_wconf 78' lang='grc' dir='ltr'>ἡμᾶς</span> <span class='ocrx_word' id='word_1_96' title='bbox 956 1472 1016 1523; x_wconf 86' lang='grc' dir='ltr'>ού</span> <span class='ocrx_word' id='word_1_97' title='bbox 1052 1472 1354 1541; x_wconf 73' lang='grc' dir='ltr'>παρίστησι</span> <span class='ocrx_word' id='word_1_98' title='bbox 1385 1471 1461 1539; x_wconf 87' lang='grc' dir='ltr'>τῷ</span> <span class='ocrx_word' id='word_1_99' title='bbox 1508 1471 1647 1540; x_wconf 81' lang='grc' dir='ltr'>Θεῷ.</span> <span class='ocrx_word' id='word_1_100' title='bbox 1690 1491 1708 1522; x_wconf 79' lang='grc' dir='ltr'>ι</span> <span class='ocrx_word' id='word_1_101' title='bbox 1748 1472 1866 1524; x_wconf 81' lang='grc' dir='ltr'>Ἵνα</span> 
     </span>
    </p>
   </div>
   <div class='ocr_carea' id='block_1_16' title="bbox 282 1559 1867 1632">
    <p class='ocr_par' dir='ltr' id='par_1_16' title="bbox 282 1559 1867 1632">
     <span class='ocr_line' id='line_1_16' title="bbox 282 1559 1867 1632; baseline 0.002 -21"><span class='ocrx_word' id='word_1_102' title='bbox 282 1559 359 1628; x_wconf 85' lang='grc' dir='ltr'>μὴ</span> <span class='ocrx_word' id='word_1_103' title='bbox 396 1560 648 1624; x_wconf 82' lang='grc' dir='ltr'>εἴπωσιν,</span> <span class='ocrx_word' id='word_1_104' title='bbox 682 1563 761 1612; x_wconf 80' lang='grc' dir='ltr'>ὅτι</span> <span class='ocrx_word' id='word_1_105' title='bbox 811 1561 952 1628; x_wconf 88' lang='grc' dir='ltr'>Ἐγὼ</span> <span class='ocrx_word' id='word_1_106' title='bbox 982 1563 1201 1632; x_wconf 79' lang='grc' dir='ltr'>καθαρᾷ</span> <span class='ocrx_word' id='word_1_107' title='bbox 1225 1562 1390 1614; x_wconf 64' lang='lat' dir='ltr'><strong>scilian</strong></span> <span class='ocrx_word' id='word_1_108' title='bbox 1416 1562 1737 1631; x_wconf 80' lang='grc' dir='ltr'>συνειδήσει,</span> <span class='ocrx_word' id='word_1_109' title='bbox 1772 1563 1867 1614; x_wconf 78' lang='grc' dir='ltr'>καὶ</span> 
     </span>
    </p>
   </div>
   <div class='ocr_carea' id='block_1_17' title="bbox 277 1658 1863 1728">
    <p class='ocr_par' dir='ltr' id='par_1_17' title="bbox 277 1658 1863 1728">
     <span class='ocr_line' id='line_1_17' title="bbox 277 1658 1863 1728; baseline 0.001 -18"><span class='ocrx_word' id='word_1_110' title='bbox 277 1659 333 1710; x_wconf 89' lang='grc' dir='ltr'>τί</span> <span class='ocrx_word' id='word_1_111' title='bbox 385 1676 473 1728; x_wconf 91' lang='grc' dir='ltr'>μοι</span> <span class='ocrx_word' id='word_1_112' title='bbox 529 1659 679 1727; x_wconf 82' lang='grc' dir='ltr'>μέλει</span> <span class='ocrx_word' id='word_1_113' title='bbox 721 1659 886 1723; x_wconf 75' lang='grc' dir='ltr'>εἴτις</span> <span class='ocrx_word' id='word_1_114' title='bbox 919 1661 1007 1713; x_wconf 72' lang='grc' dir='ltr'>διὰ</span> <span class='ocrx_word' id='word_1_115' title='bbox 1061 1660 1347 1712; x_wconf 80' lang='grc' dir='ltr'>ἀσθένειαν</span> <span class='ocrx_word' id='word_1_116' title='bbox 1409 1658 1863 1726; x_wconf 79' lang='grc' dir='ltr'>σκανδαλίζεται;</span> 
     </span>
    </p>
   </div>
   <div class='ocr_carea' id='block_1_18' title="bbox 276 1750 1868 1822">
    <p class='ocr_par' dir='ltr' id='par_1_18' title="bbox 276 1750 1868 1822">
     <span class='ocr_line' id='line_1_18' title="bbox 276 1750 1868 1822; baseline 0.001 -19"><span class='ocrx_word' id='word_1_117' title='bbox 276 1751 564 1803; x_wconf 79' lang='grc' dir='ltr'>Δείκνυσιν</span> <span class='ocrx_word' id='word_1_118' title='bbox 593 1751 674 1803; x_wconf 82' lang='grc' dir='ltr'>ὅτι</span> <span class='ocrx_word' id='word_1_119' title='bbox 709 1752 804 1803; x_wconf 78' lang='grc' dir='ltr'>καὶ</span> <span class='ocrx_word' id='word_1_120' title='bbox 837 1750 968 1803; x_wconf 84' lang='grc' dir='ltr'>αὐτὸ</span> <span class='ocrx_word' id='word_1_121' title='bbox 998 1751 1057 1803; x_wconf 74' lang='grc' dir='ltr'>τὸ</span> <span class='ocrx_word' id='word_1_122' title='bbox 1091 1755 1286 1820; x_wconf 84' lang='grc' dir='ltr'>φαγεῖν</span> <span class='ocrx_word' id='word_1_123' title='bbox 1310 1751 1444 1812; x_wconf 81' lang='grc' dir='ltr'>ὅλως</span> <span class='ocrx_word' id='word_1_124' title='bbox 1478 1753 1568 1802; x_wconf 77' lang='grc' dir='ltr'>ἐπὶ</span> <span class='ocrx_word' id='word_1_125' title='bbox 1594 1769 1868 1822; x_wconf 65' lang='grc' dir='ltr'>καταφρο-</span> 
     </span>
    </p>
   </div>
   <div class='ocr_carea' id='block_1_19' title="bbox 277 1839 1866 1911">
    <p class='ocr_par' dir='ltr' id='par_1_19' title="bbox 277 1839 1866 1911">
     <span class='ocr_line' id='line_1_19' title="bbox 277 1839 1866 1911; baseline 0.001 -21"><span class='ocrx_word' id='word_1_126' title='bbox 277 1841 434 1905; x_wconf 80' lang='grc' dir='ltr'>νήσει</span> <span class='ocrx_word' id='word_1_127' title='bbox 471 1839 578 1890; x_wconf 84' lang='grc' dir='ltr'>τῶν</span> <span class='ocrx_word' id='word_1_128' title='bbox 622 1840 878 1903; x_wconf 76' lang='grc' dir='ltr'>εἰδώλων,</span> <span class='ocrx_word' id='word_1_129' title='bbox 910 1840 1062 1893; x_wconf 74' lang='grc' dir='ltr'>οὐδέν</span> <span class='ocrx_word' id='word_1_130' title='bbox 1112 1843 1247 1893; x_wconf 78' lang='grc' dir='ltr'>ἐστι.</span> <span class='ocrx_word' id='word_1_131' title='bbox 1284 1841 1402 1893; x_wconf 78' lang='grc' dir='ltr'>Κᾶν</span> <span class='ocrx_word' id='word_1_132' title='bbox 1445 1842 1552 1911; x_wconf 78' lang='grc' dir='ltr'>γὰρ</span> <span class='ocrx_word' id='word_1_133' title='bbox 1580 1843 1607 1893; x_wconf 86' lang='grc' dir='ltr'>ό</span> <span class='ocrx_word' id='word_1_134' title='bbox 1639 1841 1866 1909; x_wconf 80' lang='grc' dir='ltr'>ἀδελφὸς</span> 
     </span>
    </p>
   </div>
   <div class='ocr_carea' id='block_1_20' title="bbox 280 1930 1865 1998">
    <p class='ocr_par' dir='ltr' id='par_1_20' title="bbox 280 1930 1865 1998">
     <span class='ocr_line' id='line_1_20' title="bbox 280 1930 1865 1998; baseline 0.003 -17"><span class='ocrx_word' id='word_1_135' title='bbox 280 1930 361 1998; x_wconf 85' lang='grc' dir='ltr'>μὴ</span> <span class='ocrx_word' id='word_1_136' title='bbox 394 1931 718 1996; x_wconf 79' lang='grc' dir='ltr'>ἐὸλάπτετο,</span> <span class='ocrx_word' id='word_1_137' title='bbox 752 1934 872 1985; x_wconf 81' lang='grc' dir='ltr'>οὐδὲ</span> <span class='ocrx_word' id='word_1_138' title='bbox 919 1933 1093 1995; x_wconf 78' lang='grc' dir='ltr'>οὕτως</span> <span class='ocrx_word' id='word_1_139' title='bbox 1131 1933 1417 1986; x_wconf 79' lang='grc' dir='ltr'>ἐπαινετόν</span> <span class='ocrx_word' id='word_1_140' title='bbox 1446 1952 1496 1985; x_wconf 82' lang='grc' dir='ltr'>τι</span> <span class='ocrx_word' id='word_1_141' title='bbox 1538 1934 1740 1995; x_wconf 76' lang='grc' dir='ltr'>ἐποίεις</span> <span class='ocrx_word' id='word_1_142' title='bbox 1772 1935 1865 1986; x_wconf 69' lang='grc' dir='ltr'>καὶ</span> 
     </span>
    </p>
   </div>
   <div class='ocr_carea' id='block_1_21' title="bbox 277 2024 1786 2097">
    <p class='ocr_par' dir='ltr' id='par_1_21' title="bbox 277 2024 1786 2097">
     <span class='ocr_line' id='line_1_21' title="bbox 277 2024 1786 2097; baseline 0.002 -22"><span class='ocrx_word' id='word_1_143' title='bbox 277 2024 603 2094; x_wconf 82' lang='grc' dir='ltr'>θεάρεστον.</span> <span class='ocrx_word' id='word_1_144' title='bbox 630 2025 835 2097; x_wconf 85' lang='grc' dir='ltr'>Βρῶμα</span> <span class='ocrx_word' id='word_1_145' title='bbox 867 2025 977 2096; x_wconf 78' lang='grc' dir='ltr'>γὰρ</span> <span class='ocrx_word' id='word_1_146' title='bbox 1013 2026 1112 2078; x_wconf 73' lang='grc' dir='ltr'>οὐκ</span> <span class='ocrx_word' id='word_1_147' title='bbox 1137 2027 1329 2077; x_wconf 84' lang='grc' dir='ltr'>οἰκειοῖ</span> <span class='ocrx_word' id='word_1_148' title='bbox 1360 2027 1506 2094; x_wconf 76' lang='grc' dir='ltr'>ἡμᾶς</span> <span class='ocrx_word' id='word_1_149' title='bbox 1539 2025 1616 2094; x_wconf 82' lang='grc' dir='ltr'>τῷ</span> <span class='ocrx_word' id='word_1_150' title='bbox 1646 2025 1786 2094; x_wconf 89' lang='grc' dir='ltr'>Θεῷ.</span> 
     </span>
    </p>
   </div>
   <div class='ocr_carea' id='block_1_22' title="bbox 359 2204 1863 2275">
    <p class='ocr_par' dir='ltr' id='par_1_22' title="bbox 359 2204 1863 2275">
     <span class='ocr_line' id='line_1_22' title="bbox 359 2204 1863 2275; baseline 0.001 -19"><span class='ocrx_word' id='word_1_151' title='bbox 359 2225 379 2256; x_wconf 74' lang='grc' dir='ltr'>ι</span> <span class='ocrx_word' id='word_1_152' title='bbox 421 2204 558 2257; x_wconf 72' lang='grc' dir='ltr'>Οὔτε</span> <span class='ocrx_word' id='word_1_153' title='bbox 616 2205 727 2274; x_wconf 76' lang='grc' dir='ltr'>γὰρ</span> <span class='ocrx_word' id='word_1_154' title='bbox 779 2206 874 2258; x_wconf 73' lang='grc' dir='ltr'>ἐὰν</span> <span class='ocrx_word' id='word_1_155' title='bbox 926 2205 1212 2274; x_wconf 81' lang='grc' dir='ltr'>φάγωμεν,</span> <span class='ocrx_word' id='word_1_156' title='bbox 1268 2205 1705 2275; x_wconf 77' lang='grc' dir='ltr'>περισσεύομεν·</span> <span class='ocrx_word' id='word_1_157' title='bbox 1740 2205 1863 2258; x_wconf 75' lang='grc' dir='ltr'>οὔτε</span> 
     </span>
    </p>
   </div>
   <div class='ocr_carea' id='block_1_23' title="bbox 281 2297 1864 2368">
    <p class='ocr_par' dir='ltr' id='par_1_23' title="bbox 281 2297 1864 2368">
     <span class='ocr_line' id='line_1_23' title="bbox 281 2297 1864 2368; baseline 0.001 -19"><span class='ocrx_word' id='word_1_158' title='bbox 281 2297 378 2350; x_wconf 76' lang='grc' dir='ltr'>ἑὰν</span> <span class='ocrx_word' id='word_1_159' title='bbox 414 2298 488 2367; x_wconf 78' lang='grc' dir='ltr'>μὴ</span> <span class='ocrx_word' id='word_1_160' title='bbox 522 2299 815 2368; x_wconf 78' lang='grc' dir='ltr'>φάγωμεν,</span> <span class='ocrx_word' id='word_1_161' title='bbox 872 2297 1270 2366; x_wconf 81' lang='grc' dir='ltr'>ὑστερούμεθα.</span> <span class='ocrx_word' id='word_1_162' title='bbox 1314 2315 1332 2346; x_wconf 82' lang='grc' dir='ltr'>ι</span> <span class='ocrx_word' id='word_1_163' title='bbox 1370 2297 1681 2361; x_wconf 85' lang='grc' dir='ltr'>Τουτέστιν,</span> <span class='ocrx_word' id='word_1_164' title='bbox 1729 2299 1864 2351; x_wconf 68' lang='grc' dir='ltr'>Οὔτε</span> 
     </span>
    </p>
   </div>
   <div class='ocr_carea' id='block_1_24' title="bbox 280 2390 1866 2460">
    <p class='ocr_par' dir='ltr' id='par_1_24' title="bbox 280 2390 1866 2460">
     <span class='ocr_line' id='line_1_24' title="bbox 280 2390 1866 2460; baseline 0.001 -19"><span class='ocrx_word' id='word_1_165' title='bbox 280 2390 379 2441; x_wconf 65' lang='grc' dir='ltr'>ἐὰν</span> <span class='ocrx_word' id='word_1_166' title='bbox 422 2390 706 2458; x_wconf 80' lang='grc' dir='ltr'>φάγωμεν,</span> <span class='ocrx_word' id='word_1_167' title='bbox 736 2392 996 2458; x_wconf 83' lang='grc' dir='ltr'>περισσόν</span> <span class='ocrx_word' id='word_1_168' title='bbox 1015 2407 1068 2442; x_wconf 90' lang='grc' dir='ltr'>τι</span> <span class='ocrx_word' id='word_1_169' title='bbox 1097 2390 1317 2460; x_wconf 76' lang='grc' dir='ltr'>ἔχομεν,</span> <span class='ocrx_word' id='word_1_170' title='bbox 1341 2391 1436 2442; x_wconf 67' lang='grc' dir='ltr'>καὶ</span> <span class='ocrx_word' id='word_1_171' title='bbox 1466 2391 1866 2460; x_wconf 82' lang='grc' dir='ltr'>εύδοκιμοῦμεν</span> 
     </span>
    </p>
   </div>
   <div class='ocr_carea' id='block_1_25' title="bbox 282 2482 1865 2553">
    <p class='ocr_par' dir='ltr' id='par_1_25' title="bbox 282 2482 1865 2553">
     <span class='ocr_line' id='line_1_25' title="bbox 282 2482 1865 2553; baseline 0.002 -20"><span class='ocrx_word' id='word_1_172' title='bbox 282 2482 437 2550; x_wconf 77' lang='grc' dir='ltr'>παρὰ</span> <span class='ocrx_word' id='word_1_173' title='bbox 473 2482 547 2550; x_wconf 88' lang='grc' dir='ltr'>τῷ</span> <span class='ocrx_word' id='word_1_174' title='bbox 581 2482 702 2550; x_wconf 84' lang='grc' dir='ltr'>Θεῷ</span> <span class='ocrx_word' id='word_1_175' title='bbox 729 2498 742 2512; x_wconf 72' lang='grc'><strong><em>⁸</em></strong></span> <span class='ocrx_word' id='word_1_176' title='bbox 780 2482 908 2535; x_wconf 75' lang='grc' dir='ltr'>οὗτε</span> <span class='ocrx_word' id='word_1_177' title='bbox 941 2483 1035 2536; x_wconf 75' lang='grc' dir='ltr'>ἐὰν</span> <span class='ocrx_word' id='word_1_178' title='bbox 1082 2482 1157 2553; x_wconf 80' lang='grc' dir='ltr'>μὴ</span> <span class='ocrx_word' id='word_1_179' title='bbox 1209 2482 1494 2551; x_wconf 84' lang='grc' dir='ltr'>φάγωμεν,</span> <span class='ocrx_word' id='word_1_180' title='bbox 1531 2482 1865 2552; x_wconf 82' lang='grc' dir='ltr'>ὑστεροῦμεν</span> 
     </span>
    </p>
   </div>
   <div class='ocr_carea' id='block_1_26' title="bbox 285 2573 806 2642">
    <p class='ocr_par' dir='ltr' id='par_1_26' title="bbox 285 2573 806 2642">
     <span class='ocr_line' id='line_1_26' title="bbox 285 2573 806 2642; baseline 0.008 -19"><span class='ocrx_word' id='word_1_181' title='bbox 285 2574 381 2624; x_wconf 68' lang='grc' dir='ltr'>καὶ</span> <span class='ocrx_word' id='word_1_182' title='bbox 407 2573 806 2642; x_wconf 81' lang='grc' dir='ltr'>ὲλαττούμεθα.</span> 
     </span>
    </p>
   </div>
   <div class='ocr_carea' id='block_1_27' title="bbox 366 2665 1866 2736">
    <p class='ocr_par' dir='ltr' id='par_1_27' title="bbox 366 2665 1866 2736">
     <span class='ocr_line' id='line_1_27' title="bbox 366 2665 1866 2736; baseline 0.003 -21"><span class='ocrx_word' id='word_1_183' title='bbox 366 2685 382 2714; x_wconf 83' lang='grc' dir='ltr'>ι</span> <span class='ocrx_word' id='word_1_184' title='bbox 416 2665 656 2718; x_wconf 69' lang='grc' dir='ltr'>Βλέπετε</span> <span class='ocrx_word' id='word_1_185' title='bbox 688 2665 765 2728; x_wconf 84' lang='grc' dir='ltr'>δὲ,</span> <span class='ocrx_word' id='word_1_186' title='bbox 805 2666 1004 2735; x_wconf 83' lang='grc' dir='ltr'>μήπως</span> <span class='ocrx_word' id='word_1_187' title='bbox 1035 2665 1307 2734; x_wconf 79' lang='grc' dir='ltr'>ἠὲξουσία</span> <span class='ocrx_word' id='word_1_188' title='bbox 1339 2665 1492 2736; x_wconf 83' lang='grc' dir='ltr'>ὑμῶν</span> <span class='ocrx_word' id='word_1_189' title='bbox 1527 2667 1666 2736; x_wconf 79' lang='grc' dir='ltr'>αὓτη</span> <span class='ocrx_word' id='word_1_190' title='bbox 1697 2669 1866 2736; x_wconf 82' lang='grc' dir='ltr'>πρόσ-</span> 
     </span>
    </p>
   </div>
   <div class='ocr_carea' id='block_1_28' title="bbox 284 2757 1868 2827">
    <p class='ocr_par' dir='ltr' id='par_1_28' title="bbox 284 2757 1868 2827">
     <span class='ocr_line' id='line_1_28' title="bbox 284 2757 1868 2827; baseline 0.002 -18"><span class='ocrx_word' id='word_1_191' title='bbox 284 2775 475 2825; x_wconf 81' lang='grc' dir='ltr'>κομμα</span> <span class='ocrx_word' id='word_1_192' title='bbox 503 2757 728 2823; x_wconf 76' lang='grc' dir='ltr'>γένηται</span> <span class='ocrx_word' id='word_1_193' title='bbox 753 2759 864 2818; x_wconf 87' lang='grc' dir='ltr'>τοῖς</span> <span class='ocrx_word' id='word_1_194' title='bbox 887 2758 1172 2810; x_wconf 75' lang='grc' dir='ltr'>ἀσθενοῦσι</span> <span class='ocrx_word' id='word_1_195' title='bbox 1194 2759 1302 2810; x_wconf 83' lang='grc' dir='ltr'>τῶν</span> <span class='ocrx_word' id='word_1_196' title='bbox 1328 2759 1590 2826; x_wconf 75' lang='grc' dir='ltr'>ἀδελφῶν.</span> <span class='ocrx_word' id='word_1_197' title='bbox 1619 2779 1635 2810; x_wconf 82' lang='grc' dir='ltr'>ι</span> <span class='ocrx_word' id='word_1_198' title='bbox 1677 2761 1868 2827; x_wconf 76' lang='grc' dir='ltr'>Ἐκφο-</span> 
     </span>
    </p>
   </div>
   <div class='ocr_carea' id='block_1_29' title="bbox 285 2848 1866 2918">
    <p class='ocr_par' dir='ltr' id='par_1_29' title="bbox 285 2848 1866 2918">
     <span class='ocr_line' id='line_1_29' title="bbox 285 2848 1866 2918; baseline 0 -15"><span class='ocrx_word' id='word_1_199' title='bbox 285 2852 375 2904; x_wconf 68' lang='lat' dir='ltr'>ﬁsi</span> <span class='ocrx_word' id='word_1_200' title='bbox 420 2851 617 2914; x_wconf 80' lang='grc' dir='ltr'>αὐτοὺς</span> <span class='ocrx_word' id='word_1_201' title='bbox 667 2849 757 2902; x_wconf 83' lang='grc' dir='ltr'>διὰ</span> <span class='ocrx_word' id='word_1_202' title='bbox 794 2850 1002 2902; x_wconf 90' lang='grc' dir='ltr'>τούτου.</span> <span class='ocrx_word' id='word_1_203' title='bbox 1048 2852 1156 2902; x_wconf 76' lang='grc' dir='ltr'>Καὶ</span> <span class='ocrx_word' id='word_1_204' title='bbox 1191 2851 1291 2902; x_wconf 75' lang='grc' dir='ltr'>οὐκ</span> <span class='ocrx_word' id='word_1_205' title='bbox 1347 2848 1524 2914; x_wconf 77' lang='grc' dir='ltr'>εἶπεν,</span> <span class='ocrx_word' id='word_1_206' title='bbox 1564 2850 1631 2903; x_wconf 80' lang='lat' dir='ltr'><strong>&#39;ll</strong></span> <span class='ocrx_word' id='word_1_207' title='bbox 1667 2851 1866 2918; x_wconf 83' lang='grc' dir='ltr'>γνῶσις</span> 
     </span>
    </p>
   </div>
   <div class='ocr_carea' id='block_1_30' title="bbox 289 2939 1869 3012">
    <p class='ocr_par' dir='ltr' id='par_1_30' title="bbox 289 2939 1869 3012">
     <span class='ocr_line' id='line_1_30' title="bbox 289 2939 1869 3012; baseline -0.001 -17"><span class='ocrx_word' id='word_1_208' title='bbox 289 2942 470 3012; x_wconf 81' lang='grc' dir='ltr'>ὑμῶν,</span> <span class='ocrx_word' id='word_1_209' title='bbox 527 2941 667 3005; x_wconf 78' lang='grc' dir='ltr'>ἀλλ’,</span> <span class='ocrx_word' id='word_1_210' title='bbox 717 2959 734 2991; x_wconf 80' lang='grc' dir='ltr'>ι</span> <span class='ocrx_word' id='word_1_211' title='bbox 793 2941 857 2992; x_wconf 83' lang='grc' dir='ltr'><strong>Ἦ</strong></span> <span class='ocrx_word' id='word_1_212' title='bbox 893 2939 1131 3003; x_wconf 79' lang='grc' dir='ltr'>ἐξουσία.</span> <span class='ocrx_word' id='word_1_213' title='bbox 1181 2959 1198 2990; x_wconf 75' lang='grc' dir='ltr'>ι</span> <span class='ocrx_word' id='word_1_214' title='bbox 1240 2941 1553 3005; x_wconf 77' lang='grc' dir='ltr'>Τουτέστιν,</span> <span class='ocrx_word' id='word_1_215' title='bbox 1595 2943 1628 3010; x_wconf 81' lang='grc' dir='ltr'>ἡ</span> <span class='ocrx_word' id='word_1_216' title='bbox 1658 2943 1869 3011; x_wconf 81' lang='grc' dir='ltr'>προπέ-</span> 
     </span>
    </p>
   </div>
   <div class='ocr_carea' id='block_1_31' title="bbox 285 3033 1870 3104">
    <p class='ocr_par' dir='ltr' id='par_1_31' title="bbox 285 3033 1870 3104">
     <span class='ocr_line' id='line_1_31' title="bbox 285 3033 1870 3104; baseline -0.003 -16"><span class='ocrx_word' id='word_1_217' title='bbox 285 3053 430 3097; x_wconf 81' lang='grc' dir='ltr'>τεια,</span> <span class='ocrx_word' id='word_1_218' title='bbox 480 3039 574 3087; x_wconf 73' lang='grc' dir='ltr'>καὶ</span> <span class='ocrx_word' id='word_1_219' title='bbox 625 3037 657 3104; x_wconf 82' lang='grc' dir='ltr'>ἡ</span> <span class='ocrx_word' id='word_1_220' title='bbox 724 3033 1016 3096; x_wconf 75' lang='grc' dir='ltr'>ἀλαζονεία</span> <span class='ocrx_word' id='word_1_221' title='bbox 1089 3033 1422 3102; x_wconf 81' lang='grc' dir='ltr'>πρόσκομμα</span> <span class='ocrx_word' id='word_1_222' title='bbox 1470 3035 1695 3102; x_wconf 86' lang='grc' dir='ltr'>γένηται</span> <span class='ocrx_word' id='word_1_223' title='bbox 1758 3039 1870 3099; x_wconf 81' lang='grc' dir='ltr'>τοῖς</span> 
     </span>
    </p>
   </div>
   <div class='ocr_carea' id='block_1_32' title="bbox 286 3125 1869 3194">
    <p class='ocr_par' dir='ltr' id='par_1_32' title="bbox 286 3125 1869 3194">
     <span class='ocr_line' id='line_1_32' title="bbox 286 3125 1869 3194; baseline 0.001 -15"><span class='ocrx_word' id='word_1_224' title='bbox 286 3128 650 3180; x_wconf 54' lang='grc' dir='ltr'>ἀσθενοῦσιν</span> <span class='ocrx_word' id='word_1_225' title='bbox 719 3125 746 3176; x_wconf 86' lang='grc' dir='ltr'><strong>ὂ</strong></span> <span class='ocrx_word' id='word_1_226' title='bbox 779 3125 980 3194; x_wconf 78' lang='grc' dir='ltr'>μείζων</span> <span class='ocrx_word' id='word_1_227' title='bbox 1025 3126 1207 3178; x_wconf 80' lang='grc' dir='ltr'>αὐτῶν</span> <span class='ocrx_word' id='word_1_228' title='bbox 1256 3126 1578 3194; x_wconf 82' lang='grc' dir='ltr'>κατηγορία,</span> <span class='ocrx_word' id='word_1_229' title='bbox 1619 3128 1699 3178; x_wconf 86' lang='grc' dir='ltr'>ὅτι</span> <span class='ocrx_word' id='word_1_230' title='bbox 1750 3128 1869 3180; x_wconf 72' lang='grc' dir='ltr'>οὐδὲ</span> 
     </span>
    </p>
   </div>
   <div class='ocr_carea' id='block_1_33' title="bbox 284 3213 1865 3288">
    <p class='ocr_par' dir='ltr' id='par_1_33' title="bbox 284 3213 1865 3288">
     <span class='ocr_line' id='line_1_33' title="bbox 284 3213 1865 3288; baseline 0.001 -15"><span class='ocrx_word' id='word_1_231' title='bbox 284 3218 663 3273; x_wconf 76' lang='grc' dir='ltr'>ἀσθενούντων</span> <span class='ocrx_word' id='word_1_232' title='bbox 703 3219 997 3286; x_wconf 87' lang='grc' dir='ltr'>φείδονται,</span> <span class='ocrx_word' id='word_1_233' title='bbox 1035 3213 1113 3279; x_wconf 72' lang='grc' dir='ltr'>οἷς</span> <span class='ocrx_word' id='word_1_234' title='bbox 1171 3218 1278 3269; x_wconf 82' lang='grc' dir='ltr'>ἔδει</span> <span class='ocrx_word' id='word_1_235' title='bbox 1322 3219 1415 3270; x_wconf 72' lang='grc' dir='ltr'>καὶ</span> <span class='ocrx_word' id='word_1_236' title='bbox 1448 3222 1603 3287; x_wconf 80' lang='grc' dir='ltr'>χεῖρα</span> <span class='ocrx_word' id='word_1_237' title='bbox 1634 3219 1865 3288; x_wconf 81' lang='grc' dir='ltr'>ὀρέγειν.</span> 
     </span>
    </p>
   </div>
   <div class='ocr_carea' id='block_1_34' title="bbox 368 3309 1869 3379">
    <p class='ocr_par' dir='ltr' id='par_1_34' title="bbox 368 3309 1869 3379">
     <span class='ocr_line' id='line_1_34' title="bbox 368 3309 1869 3379; baseline 0.003 -18"><span class='ocrx_word' id='word_1_238' title='bbox 368 3329 386 3360; x_wconf 80' lang='grc' dir='ltr'>ι</span> <span class='ocrx_word' id='word_1_239' title='bbox 439 3311 564 3361; x_wconf 79' lang='grc' dir='ltr'>Ἐὰν</span> <span class='ocrx_word' id='word_1_240' title='bbox 597 3309 703 3378; x_wconf 84' lang='grc' dir='ltr'>γάρ</span> <span class='ocrx_word' id='word_1_241' title='bbox 728 3327 809 3370; x_wconf 91' lang='grc' dir='ltr'>τις</span> <span class='ocrx_word' id='word_1_242' title='bbox 837 3309 921 3379; x_wconf 80' lang='grc' dir='ltr'>ἴδῃ</span> <span class='ocrx_word' id='word_1_243' title='bbox 947 3309 1011 3360; x_wconf 82' lang='grc' dir='ltr'>σὲ</span> <span class='ocrx_word' id='word_1_244' title='bbox 1044 3310 1136 3360; x_wconf 79' lang='grc' dir='ltr'>τὸν</span> <span class='ocrx_word' id='word_1_245' title='bbox 1173 3310 1363 3378; x_wconf 78' lang='grc' dir='ltr'>ἔχοντα</span> <span class='ocrx_word' id='word_1_246' title='bbox 1393 3312 1598 3377; x_wconf 83' lang='grc' dir='ltr'>γνῶσιν</span> <span class='ocrx_word' id='word_1_247' title='bbox 1631 3313 1688 3364; x_wconf 81' lang='grc' dir='ltr'>ὲν</span> <span class='ocrx_word' id='word_1_248' title='bbox 1715 3313 1869 3366; x_wconf 90' lang='grc' dir='ltr'>εἰδω-</span> 
     </span>
    </p>
   </div>
   <div class='ocr_carea' id='block_1_35' title="bbox 289 3401 1869 3472">
    <p class='ocr_par' dir='ltr' id='par_1_35' title="bbox 289 3401 1869 3472">
     <span class='ocr_line' id='line_1_35' title="bbox 289 3401 1869 3472; baseline 0.003 -18"><span class='ocrx_word' id='word_1_249' title='bbox 289 3403 421 3472; x_wconf 86' lang='grc' dir='ltr'>λείῳ</span> <span class='ocrx_word' id='word_1_250' title='bbox 456 3402 881 3470; x_wconf 85' lang='grc' dir='ltr'>κατακείμενον,</span> <span class='ocrx_word' id='word_1_251' title='bbox 915 3401 1034 3470; x_wconf 71' lang='grc' dir='ltr'>οὐχὶ</span> <span class='ocrx_word' id='word_1_252' title='bbox 1062 3404 1092 3471; x_wconf 81' lang='grc' dir='ltr'>ἡ</span> <span class='ocrx_word' id='word_1_253' title='bbox 1136 3403 1442 3471; x_wconf 80' lang='grc' dir='ltr'>συνείδησις</span> <span class='ocrx_word' id='word_1_254' title='bbox 1472 3405 1659 3467; x_wconf 73' lang='grc' dir='ltr'>αὑτοῦ,</span> <span class='ocrx_word' id='word_1_255' title='bbox 1707 3406 1869 3458; x_wconf 79' lang='grc' dir='ltr'>ἀσθεο</span> 
     </span>
    </p>
   </div>
   <div class='ocr_carea' id='block_1_36' title="bbox 288 3494 1872 3565">
    <p class='ocr_par' dir='ltr' id='par_1_36' title="bbox 288 3494 1872 3565">
     <span class='ocr_line' id='line_1_36' title="bbox 288 3494 1872 3565; baseline 0.002 -17"><span class='ocrx_word' id='word_1_256' title='bbox 288 3497 412 3558; x_wconf 88' lang='grc' dir='ltr'>νοῦς</span> <span class='ocrx_word' id='word_1_257' title='bbox 448 3497 622 3560; x_wconf 78' lang='grc' dir='ltr'>ὄντος,</span> <span class='ocrx_word' id='word_1_258' title='bbox 679 3494 1275 3565; x_wconf 80' lang='grc' dir='ltr'>οίκοδομηθήσεταιείς</span> <span class='ocrx_word' id='word_1_259' title='bbox 1325 3497 1384 3546; x_wconf 83' lang='grc' dir='ltr'>τὸ</span> <span class='ocrx_word' id='word_1_260' title='bbox 1436 3496 1503 3549; x_wconf 79' lang='grc' dir='ltr'>τὰ</span> <span class='ocrx_word' id='word_1_261' title='bbox 1543 3498 1872 3552; x_wconf 76' lang='grc' dir='ltr'>εἰδωλόθυτα</span> 
     </span>
    </p>
   </div>
   <div class='ocr_carea' id='block_1_37' title="bbox 290 3589 1872 3656">
    <p class='ocr_par' dir='ltr' id='par_1_37' title="bbox 290 3589 1872 3656">
     <span class='ocr_line' id='line_1_37' title="bbox 290 3589 1872 3656; baseline 0 -13"><span class='ocrx_word' id='word_1_262' title='bbox 290 3591 536 3654; x_wconf 64' lang='lat' dir='ltr'><strong>eaeam;</strong></span> <span class='ocrx_word' id='word_1_263' title='bbox 598 3610 614 3641; x_wconf 78' lang='grc' dir='ltr'>ι</span> <span class='ocrx_word' id='word_1_264' title='bbox 668 3591 953 3652; x_wconf 86' lang='grc' dir='ltr'>Τουτέστι,</span> <span class='ocrx_word' id='word_1_265' title='bbox 1014 3591 1081 3641; x_wconf 82' lang='grc' dir='ltr'><strong>Σὲ</strong></span> <span class='ocrx_word' id='word_1_266' title='bbox 1123 3591 1246 3653; x_wconf 70' lang='grc' dir='ltr'>τὸν,</span> <span class='ocrx_word' id='word_1_267' title='bbox 1297 3590 1371 3652; x_wconf 84' lang='grc' dir='ltr'>ὼς</span> <span class='ocrx_word' id='word_1_268' title='bbox 1419 3589 1636 3656; x_wconf 85' lang='grc' dir='ltr'>λέγεις,</span> <span class='ocrx_word' id='word_1_269' title='bbox 1671 3591 1872 3643; x_wconf 89' lang='grc' dir='ltr'>τέλειον</span> 
     </span>
    </p>
   </div>
   <div class='ocr_carea' id='block_1_38' title="bbox 290 3682 1870 3752">
    <p class='ocr_par' dir='ltr' id='par_1_38' title="bbox 290 3682 1870 3752">
     <span class='ocr_line' id='line_1_38' title="bbox 290 3682 1870 3752; baseline 0.001 -18"><span class='ocrx_word' id='word_1_270' title='bbox 290 3683 442 3743; x_wconf 75' lang='grc' dir='ltr'>ὄντα,</span> <span class='ocrx_word' id='word_1_271' title='bbox 482 3684 575 3734; x_wconf 70' lang='grc' dir='ltr'>ἐὰν</span> <span class='ocrx_word' id='word_1_272' title='bbox 607 3683 690 3751; x_wconf 82' lang='grc' dir='ltr'>ίδη</span> <span class='ocrx_word' id='word_1_273' title='bbox 719 3683 952 3750; x_wconf 81' lang='grc' dir='ltr'>ἀσθενής</span> <span class='ocrx_word' id='word_1_274' title='bbox 987 3699 1067 3744; x_wconf 86' lang='grc' dir='ltr'>τις</span> <span class='ocrx_word' id='word_1_275' title='bbox 1100 3682 1208 3733; x_wconf 85' lang='grc' dir='ltr'>τῶν</span> <span class='ocrx_word' id='word_1_276' title='bbox 1239 3682 1608 3735; x_wconf 76' lang='grc' dir='ltr'>εἰδωλοθύτων</span> <span class='ocrx_word' id='word_1_277' title='bbox 1642 3684 1870 3752; x_wconf 82' lang='grc' dir='ltr'>γευόμε-</span> 
     </span>
    </p>
   </div>
   <div class='ocr_carea' id='block_1_39' title="bbox 291 3768 1872 3844">
    <p class='ocr_par' dir='ltr' id='par_1_39' title="bbox 291 3768 1872 3844">
     <span class='ocr_line' id='line_1_39' title="bbox 291 3768 1872 3844; baseline 0.001 -18"><span class='ocrx_word' id='word_1_278' title='bbox 291 3792 404 3836; x_wconf 89' lang='grc' dir='ltr'>νον,</span> <span class='ocrx_word' id='word_1_279' title='bbox 453 3768 562 3843; x_wconf 82' lang='grc' dir='ltr'>ἆρα</span> <span class='ocrx_word' id='word_1_280' title='bbox 593 3774 654 3825; x_wconf 81' lang='grc' dir='ltr'>ού</span> <span class='ocrx_word' id='word_1_281' title='bbox 693 3772 767 3842; x_wconf 82' lang='grc' dir='ltr'>μὴ</span> <span class='ocrx_word' id='word_1_282' title='bbox 811 3772 953 3844; x_wconf 83' lang='grc' dir='ltr'>λάόῃ</span> <span class='ocrx_word' id='word_1_283' title='bbox 1009 3773 1266 3843; x_wconf 79' lang='grc' dir='ltr'>ἀφορμὴν</span> <span class='ocrx_word' id='word_1_284' title='bbox 1318 3773 1490 3825; x_wconf 82' lang='grc' dir='ltr'>πλείω</span> <span class='ocrx_word' id='word_1_285' title='bbox 1536 3775 1617 3836; x_wconf 87' lang='grc' dir='ltr'>εἰς</span> <span class='ocrx_word' id='word_1_286' title='bbox 1664 3774 1723 3825; x_wconf 86' lang='grc' dir='ltr'>τὸ</span> <span class='ocrx_word' id='word_1_287' title='bbox 1780 3775 1872 3827; x_wconf 78' lang='grc' dir='ltr'>καὶ</span> 
     </span>
    </p>
   </div>
   <div class='ocr_carea' id='block_1_40' title="bbox 296 3863 1874 3938">
    <p class='ocr_par' dir='ltr' id='par_1_40' title="bbox 296 3863 1874 3938">
     <span class='ocr_line' id='line_1_40' title="bbox 296 3863 1874 3938; baseline 0.001 -22"><span class='ocrx_word' id='word_1_288' title='bbox 296 3864 467 3925; x_wconf 76' lang='grc' dir='ltr'>αὐτὸς</span> <span class='ocrx_word' id='word_1_289' title='bbox 500 3865 568 3915; x_wconf 74' lang='grc' dir='ltr'>τὰ</span> <span class='ocrx_word' id='word_1_290' title='bbox 603 3863 928 3916; x_wconf 81' lang='grc' dir='ltr'>εἰδωλόθυτα</span> <span class='ocrx_word' id='word_1_291' title='bbox 957 3863 1180 3928; x_wconf 84' lang='grc' dir='ltr'>ἐσθίειν,</span> <span class='ocrx_word' id='word_1_292' title='bbox 1225 3866 1319 3917; x_wconf 77' lang='grc' dir='ltr'>καὶ</span> <span class='ocrx_word' id='word_1_293' title='bbox 1363 3867 1559 3933; x_wconf 83' lang='grc' dir='ltr'>μᾶλλον</span> <span class='ocrx_word' id='word_1_294' title='bbox 1588 3869 1874 3938; x_wconf 71' lang='grc' dir='ltr'>παγιωθήο</span> 
     </span>
    </p>
   </div>
   <div class='ocr_carea' id='block_1_41' title="bbox 293 3956 1872 4027">
    <p class='ocr_par' dir='ltr' id='par_1_41' title="bbox 293 3956 1872 4027">
     <span class='ocr_line' id='line_1_41' title="bbox 293 3956 1872 4027; baseline 0.003 -19"><span class='ocrx_word' id='word_1_295' title='bbox 293 3974 451 4008; x_wconf 87' lang='grc' dir='ltr'>σεται</span> <span class='ocrx_word' id='word_1_296' title='bbox 481 3956 679 4026; x_wconf 84' lang='grc' dir='ltr'>(τοῦτο</span> <span class='ocrx_word' id='word_1_297' title='bbox 724 3957 833 4027; x_wconf 77' lang='grc' dir='ltr'>γὰρ</span> <span class='ocrx_word' id='word_1_298' title='bbox 881 3956 964 4019; x_wconf 75' lang='grc' dir='ltr'>τὸ,</span> <span class='ocrx_word' id='word_1_299' title='bbox 997 3976 1013 4006; x_wconf 83' lang='grc' dir='ltr'>ι</span> <span class='ocrx_word' id='word_1_300' title='bbox 1055 3957 1553 4026; x_wconf 80' lang='grc' dir='ltr'>Οίκοδομηθὴσεται</span> <span class='ocrx_word' id='word_1_301' title='bbox 1591 3960 1636 4026; x_wconf 73' lang='grc' dir='ltr'>ι)</span> <span class='ocrx_word' id='word_1_302' title='bbox 1699 3962 1779 4023; x_wconf 90' lang='grc' dir='ltr'>εἰς</span> <span class='ocrx_word' id='word_1_303' title='bbox 1814 3961 1872 4013; x_wconf 88' lang='grc' dir='ltr'>τὸ</span> 
     </span>
    </p>
   </div>
   <div class='ocr_carea' id='block_1_42' title="bbox 292 4043 1874 4118">
    <p class='ocr_par' dir='ltr' id='par_1_42' title="bbox 292 4043 1874 4118">
     <span class='ocr_line' id='line_1_42' title="bbox 292 4043 1874 4118; baseline 0.002 -18"><span class='ocrx_word' id='word_1_304' title='bbox 292 4048 503 4100; x_wconf 74' lang='grc' dir='ltr'>οἴεσθαι</span> <span class='ocrx_word' id='word_1_305' title='bbox 543 4043 684 4099; x_wconf 76' lang='grc' dir='ltr'>εἷναί</span> <span class='ocrx_word' id='word_1_306' title='bbox 717 4065 770 4098; x_wconf 93' lang='grc' dir='ltr'>τι</span> <span class='ocrx_word' id='word_1_307' title='bbox 801 4047 869 4098; x_wconf 88' lang='grc' dir='ltr'>τὰ</span> <span class='ocrx_word' id='word_1_308' title='bbox 917 4047 1151 4110; x_wconf 83' lang='grc' dir='ltr'>είδωλα;</span> <span class='ocrx_word' id='word_1_309' title='bbox 1208 4048 1444 4113; x_wconf 82' lang='grc' dir='ltr'>Ἀγνοῶν</span> <span class='ocrx_word' id='word_1_310' title='bbox 1493 4050 1600 4118; x_wconf 84' lang='grc' dir='ltr'>γὰρ</span> <span class='ocrx_word' id='word_1_311' title='bbox 1644 4050 1734 4102; x_wconf 84' lang='grc' dir='ltr'>τὸν</span> <span class='ocrx_word' id='word_1_312' title='bbox 1784 4052 1874 4104; x_wconf 74' lang='grc' dir='ltr'>σὺν</span> 
     </span>
    </p>
   </div>
   <div class='ocr_carea' id='block_1_43' title="bbox 291 4133 1875 4210">
    <p class='ocr_par' dir='ltr' id='par_1_43' title="bbox 291 4133 1875 4210">
     <span class='ocr_line' id='line_1_43' title="bbox 291 4133 1875 4210; baseline 0.003 -19"><span class='ocrx_word' id='word_1_313' title='bbox 291 4140 579 4208; x_wconf 82' lang='grc' dir='ltr'>λογισμὸν,</span> <span class='ocrx_word' id='word_1_314' title='bbox 622 4139 740 4208; x_wconf 80' lang='grc' dir='ltr'>μεθ’</span> <span class='ocrx_word' id='word_1_315' title='bbox 783 4133 843 4192; x_wconf 75' lang='grc' dir='ltr'>οὗ</span> <span class='ocrx_word' id='word_1_316' title='bbox 888 4139 1047 4191; x_wconf 85' lang='grc' dir='ltr'>τοῦτο</span> <span class='ocrx_word' id='word_1_317' title='bbox 1101 4143 1272 4202; x_wconf 87' lang='grc' dir='ltr'>ποιεῖς</span> <span class='ocrx_word' id='word_1_318' title='bbox 1302 4179 1315 4202; x_wconf 92' lang='grc'>,</span> <span class='ocrx_word' id='word_1_319' title='bbox 1369 4141 1686 4210; x_wconf 75' lang='grc' dir='ltr'>προτροπὴν</span> <span class='ocrx_word' id='word_1_320' title='bbox 1719 4142 1875 4195; x_wconf 82' lang='grc' dir='ltr'>τοῦτο</span> 
     </span>
    </p>
   </div>
   <div class='ocr_carea' id='block_1_44' title="bbox 290 4231 844 4298">
    <p class='ocr_par' dir='ltr' id='par_1_44' title="bbox 290 4231 844 4298">
     <span class='ocr_line' id='line_1_44' title="bbox 290 4231 844 4298; baseline 0.002 -16"><span class='ocrx_word' id='word_1_321' title='bbox 290 4231 574 4298; x_wconf 86' lang='grc' dir='ltr'>λογίσεται</span> <span class='ocrx_word' id='word_1_322' title='bbox 607 4232 844 4293; x_wconf 82' lang='grc' dir='ltr'>πάντως.</span> 
     </span>
    </p>
   </div>
   <div class='ocr_carea' id='block_1_45' title="bbox 372 4322 1871 4393">
    <p class='ocr_par' dir='ltr' id='par_1_45' title="bbox 372 4322 1871 4393">
     <span class='ocr_line' id='line_1_45' title="bbox 372 4322 1871 4393; baseline 0.002 -20"><span class='ocrx_word' id='word_1_323' title='bbox 372 4339 392 4373; x_wconf 74' lang='grc' dir='ltr'>ι</span> <span class='ocrx_word' id='word_1_324' title='bbox 431 4323 542 4374; x_wconf 70' lang='grc' dir='ltr'>Καὶ</span> <span class='ocrx_word' id='word_1_325' title='bbox 590 4323 875 4376; x_wconf 81' lang='grc' dir='ltr'>ἀπολεῖται</span> <span class='ocrx_word' id='word_1_326' title='bbox 923 4327 951 4376; x_wconf 83' lang='grc' dir='ltr'>ὁ</span> <span class='ocrx_word' id='word_1_327' title='bbox 999 4323 1242 4376; x_wconf 84' lang='grc' dir='ltr'>ἀσθενῶν</span> <span class='ocrx_word' id='word_1_328' title='bbox 1289 4322 1516 4390; x_wconf 77' lang='grc' dir='ltr'>ἀδελφὸς</span> <span class='ocrx_word' id='word_1_329' title='bbox 1575 4324 1670 4376; x_wconf 72' lang='grc' dir='ltr'>ἐπὶ</span> <span class='ocrx_word' id='word_1_330' title='bbox 1693 4326 1757 4393; x_wconf 80' lang='grc' dir='ltr'>τῇ</span> <span class='ocrx_word' id='word_1_331' title='bbox 1808 4327 1871 4393; x_wconf 82' lang='grc' dir='ltr'>σῇ</span> 
     </span>
    </p>
   </div>
   <div class='ocr_carea' id='block_1_46' title="bbox 294 4412 1872 4483">
    <p class='ocr_par' dir='ltr' id='par_1_46' title="bbox 294 4412 1872 4483">
     <span class='ocr_line' id='line_1_46' title="bbox 294 4412 1872 4483; baseline 0.001 -19"><span class='ocrx_word' id='word_1_332' title='bbox 294 4412 520 4479; x_wconf 84' lang='grc' dir='ltr'>γνώσει,</span> <span class='ocrx_word' id='word_1_333' title='bbox 552 4412 618 4464; x_wconf 75' lang='grc' dir='ltr'>δι’</span> <span class='ocrx_word' id='word_1_334' title='bbox 648 4413 706 4464; x_wconf 84' lang='grc' dir='ltr'>ὃν</span> <span class='ocrx_word' id='word_1_335' title='bbox 736 4415 971 4482; x_wconf 77' lang='grc' dir='ltr'>Χριστὸς</span> <span class='ocrx_word' id='word_1_336' title='bbox 1021 4413 1312 4467; x_wconf 85' lang='grc' dir='ltr'>ἀπέθανεν.</span> <span class='ocrx_word' id='word_1_337' title='bbox 1360 4431 1377 4464; x_wconf 77' lang='grc' dir='ltr'>ι</span> <span class='ocrx_word' id='word_1_338' title='bbox 1433 4414 1542 4466; x_wconf 73' lang='grc' dir='ltr'>Καὶ</span> <span class='ocrx_word' id='word_1_339' title='bbox 1587 4416 1872 4483; x_wconf 82' lang='grc' dir='ltr'>γενήσεται</span> 
     </span>
    </p>
   </div>
   <div class='ocr_carea' id='block_1_47' title="bbox 1971 559 3546 633">
    <p class='ocr_par' dir='ltr' id='par_1_47' title="bbox 1971 559 3546 633">
     <span class='ocr_line' id='line_1_47' title="bbox 1971 559 3546 633; baseline 0 -23"><span class='ocrx_word' id='word_1_340' title='bbox 1971 564 2307 633; x_wconf 63' lang='lat' dir='ltr'><strong>Quapropter</strong></span> <span class='ocrx_word' id='word_1_341' title='bbox 2340 580 2444 614; x_wconf 92' lang='lat' dir='ltr'>non</span> <span class='ocrx_word' id='word_1_342' title='bbox 2477 562 2611 613; x_wconf 87' lang='lat' dir='ltr'><strong>dixit</strong></span> <span class='ocrx_word' id='word_1_343' title='bbox 2643 580 2654 614; x_wconf 91' lang='lat'>:</span> <span class='ocrx_word' id='word_1_344' title='bbox 2696 560 2785 612; x_wconf 84' lang='lat' dir='ltr'><strong>lll.i</strong></span> <span class='ocrx_word' id='word_1_345' title='bbox 2845 559 3088 628; x_wconf 89' lang='lat' dir='ltr'><strong>polluunt</strong></span> <span class='ocrx_word' id='word_1_346' title='bbox 3117 600 3129 620; x_wconf 85' lang='lat'>,</span> <span class='ocrx_word' id='word_1_347' title='bbox 3161 561 3250 613; x_wconf 88' lang='lat' dir='ltr'>sed</span> <span class='ocrx_word' id='word_1_348' title='bbox 3282 579 3298 614; x_wconf 86' lang='lat'><strong>;</strong></span> <span class='ocrx_word' id='word_1_349' title='bbox 3353 577 3372 610; x_wconf 79' lang='grc' dir='ltr'>ι</span> <span class='ocrx_word' id='word_1_350' title='bbox 3409 560 3546 613; x_wconf 75' lang='lat' dir='ltr'><strong>Cen-</strong></span> 
     </span>
    </p>
   </div>
   <div class='ocr_carea' id='block_1_48' title="bbox 1973 649 3546 720">
    <p class='ocr_par' dir='ltr' id='par_1_48' title="bbox 1973 649 3546 720">
     <span class='ocr_line' id='line_1_48' title="bbox 1973 649 3546 720; baseline -0.004 -11"><span class='ocrx_word' id='word_1_351' title='bbox 1973 658 2196 709; x_wconf 79' lang='lat' dir='ltr'><strong>St&#39;ieﬂtia</strong></span> <span class='ocrx_word' id='word_1_352' title='bbox 2227 670 2410 706; x_wconf 74' lang='lat' dir='ltr'><strong>eorum</strong></span> <span class='ocrx_word' id='word_1_353' title='bbox 2445 653 2740 720; x_wconf 91' lang='lat' dir='ltr'><strong>polluitur;</strong></span> <span class='ocrx_word' id='word_1_354' title='bbox 2784 671 2802 701; x_wconf 77' lang='grc' dir='ltr'>ι</span> <span class='ocrx_word' id='word_1_355' title='bbox 2839 654 3037 720; x_wconf 73' lang='lat' dir='ltr'><strong>quippe.</strong></span> <span class='ocrx_word' id='word_1_356' title='bbox 3067 665 3186 717; x_wconf 65' lang='lat' dir='ltr'><strong>quae</strong></span> <span class='ocrx_word' id='word_1_357' title='bbox 3225 649 3546 703; x_wconf 67' lang='lat' dir='ltr'>imbecillior</span> 
     </span>
    </p>
   </div>
   <div class='ocr_carea' id='block_1_49' title="bbox 1971 742 3546 813">
    <p class='ocr_par' dir='ltr' id='par_1_49' title="bbox 1971 742 3546 813">
     <span class='ocr_line' id='line_1_49' title="bbox 1971 742 3546 813; baseline -0.001 -13"><span class='ocrx_word' id='word_1_358' title='bbox 1971 748 2060 806; x_wconf 65' lang='lat' dir='ltr'><strong>sit,</strong></span> <span class='ocrx_word' id='word_1_359' title='bbox 2089 764 2248 813; x_wconf 87' lang='lat' dir='ltr'><strong>quam</strong></span> <span class='ocrx_word' id='word_1_360' title='bbox 2282 757 2337 796; x_wconf 94' lang='lat' dir='ltr'>ut</span> <span class='ocrx_word' id='word_1_361' title='bbox 2383 745 2548 812; x_wconf 77' lang='lat' dir='ltr'>possit</span> <span class='ocrx_word' id='word_1_362' title='bbox 2597 744 2896 811; x_wconf 90' lang='lat' dir='ltr'><strong>intelligere</strong></span> <span class='ocrx_word' id='word_1_363' title='bbox 2943 742 3143 796; x_wconf 89' lang='lat' dir='ltr'><strong>idolum</strong></span> <span class='ocrx_word' id='word_1_364' title='bbox 3203 743 3337 795; x_wconf 90' lang='lat' dir='ltr'><strong>nihil</strong></span> <span class='ocrx_word' id='word_1_365' title='bbox 3387 757 3546 808; x_wconf 87' lang='lat' dir='ltr'><strong>esse;</strong></span> 
     </span>
    </p>
   </div>
   <div class='ocr_carea' id='block_1_50' title="bbox 1970 834 3545 906">
    <p class='ocr_par' dir='ltr' id='par_1_50' title="bbox 1970 834 3545 906">
     <span class='ocr_line' id='line_1_50' title="bbox 1970 834 3545 906; baseline -0.002 -17"><span class='ocrx_word' id='word_1_366' title='bbox 1970 857 2090 891; x_wconf 80' lang='lat' dir='ltr'><strong>t&#39;ttttt</strong></span> <span class='ocrx_word' id='word_1_367' title='bbox 2131 840 2212 891; x_wconf 75' lang='lat' dir='ltr'><strong>illi</strong></span> <span class='ocrx_word' id='word_1_368' title='bbox 2248 841 2358 904; x_wconf 85' lang='lat' dir='ltr'><strong>ipsa</strong></span> <span class='ocrx_word' id='word_1_369' title='bbox 2410 853 2505 906; x_wconf 91' lang='lat' dir='ltr'><strong>per</strong></span> <span class='ocrx_word' id='word_1_370' title='bbox 2548 852 2667 889; x_wconf 80' lang='lat' dir='ltr'><strong>sese</strong></span> <span class='ocrx_word' id='word_1_371' title='bbox 2698 835 3034 903; x_wconf 87' lang='lat' dir='ltr'><strong>nonpossint</strong></span> <span class='ocrx_word' id='word_1_372' title='bbox 3076 834 3321 903; x_wconf 87' lang='lat' dir='ltr'><strong>polluere</strong></span> <span class='ocrx_word' id='word_1_373' title='bbox 3351 850 3545 902; x_wconf 58' lang='lat' dir='ltr'><strong>quem.</strong></span> 
     </span>
    </p>
   </div>
   <div class='ocr_carea' id='block_1_51' title="bbox 1969 925 3544 996">
    <p class='ocr_par' dir='ltr' id='par_1_51' title="bbox 1969 925 3544 996">
     <span class='ocr_line' id='line_1_51' title="bbox 1969 925 3544 996; baseline -0.002 -17"><span class='ocrx_word' id='word_1_374' title='bbox 1969 945 2153 996; x_wconf 86' lang='lat' dir='ltr'><strong>quam.</strong></span> <span class='ocrx_word' id='word_1_375' title='bbox 2188 929 2427 996; x_wconf 85' lang='lat' dir='ltr'><strong>lntellige</strong></span> <span class='ocrx_word' id='word_1_376' title='bbox 2465 928 2630 996; x_wconf 81' lang='lat' dir='ltr'><strong>igitur</strong></span> <span class='ocrx_word' id='word_1_377' title='bbox 2659 926 2764 979; x_wconf 90' lang='lat' dir='ltr'><strong>tale</strong></span> <span class='ocrx_word' id='word_1_378' title='bbox 2796 925 3069 993; x_wconf 87' lang='lat' dir='ltr'><strong>quidpiam</strong></span> <span class='ocrx_word' id='word_1_379' title='bbox 3100 926 3207 991; x_wconf 88' lang='lat' dir='ltr'><strong>pati</strong></span> <span class='ocrx_word' id='word_1_380' title='bbox 3237 941 3355 987; x_wconf 92' lang='lat' dir='ltr'><strong>eos,</strong></span> <span class='ocrx_word' id='word_1_381' title='bbox 3382 925 3544 977; x_wconf 84' lang='lat' dir='ltr'><strong>veluti</strong></span> 
     </span>
    </p>
   </div>
   <div class='ocr_carea' id='block_1_52' title="bbox 1970 1018 3548 1088">
    <p class='ocr_par' dir='ltr' id='par_1_52' title="bbox 1970 1018 3548 1088">
     <span class='ocr_line' id='line_1_52' title="bbox 1970 1018 3548 1088; baseline -0.002 -18"><span class='ocrx_word' id='word_1_382' title='bbox 1970 1023 2012 1071; x_wconf 75' lang='lat' dir='ltr'>si</span> <span class='ocrx_word' id='word_1_383' title='bbox 2081 1022 2203 1088; x_wconf 85' lang='lat' dir='ltr'><strong>quis</strong></span> <span class='ocrx_word' id='word_1_384' title='bbox 2259 1018 2485 1072; x_wconf 82' lang='lat' dir='ltr'><strong>Judaica</strong></span> <span class='ocrx_word' id='word_1_385' title='bbox 2537 1019 2975 1080; x_wconf 81' lang='lat' dir='ltr'><strong>consuetudine,</strong></span> <span class='ocrx_word' id='word_1_386' title='bbox 3031 1018 3548 1069; x_wconf 82' lang='lat' dir='ltr'><strong>contaminationctn</strong></span> 
     </span>
    </p>
   </div>
   <div class='ocr_carea' id='block_1_53' title="bbox 1968 1107 3550 1178">
    <p class='ocr_par' dir='ltr' id='par_1_53' title="bbox 1968 1107 3550 1178">
     <span class='ocr_line' id='line_1_53' title="bbox 1968 1107 3550 1178; baseline -0.004 -13"><span class='ocrx_word' id='word_1_387' title='bbox 1968 1112 2291 1165; x_wconf 66' lang='lat' dir='ltr'><strong>existimans</strong></span> <span class='ocrx_word' id='word_1_388' title='bbox 2331 1113 2598 1177; x_wconf 84' lang='lat' dir='ltr'><strong>attingere</strong></span> <span class='ocrx_word' id='word_1_389' title='bbox 2634 1120 2925 1178; x_wconf 90' lang='lat' dir='ltr'><strong>mortuum,</strong></span> <span class='ocrx_word' id='word_1_390' title='bbox 2957 1109 3148 1162; x_wconf 84' lang='lat' dir='ltr'><strong>deinde</strong></span> <span class='ocrx_word' id='word_1_391' title='bbox 3193 1107 3325 1161; x_wconf 85' lang='lat' dir='ltr'><strong>alios</strong></span> <span class='ocrx_word' id='word_1_392' title='bbox 3370 1108 3550 1161; x_wconf 77' lang='lat' dir='ltr'><strong>videat</strong></span> 
     </span>
    </p>
   </div>
   <div class='ocr_carea' id='block_1_54' title="bbox 1971 1201 3546 1270">
    <p class='ocr_par' dir='ltr' id='par_1_54' title="bbox 1971 1201 3546 1270">
     <span class='ocr_line' id='line_1_54' title="bbox 1971 1201 3546 1270; baseline -0.001 -18"><span class='ocrx_word' id='word_1_393' title='bbox 1971 1219 2101 1270; x_wconf 87' lang='lat' dir='ltr'><strong>pura</strong></span> <span class='ocrx_word' id='word_1_394' title='bbox 2146 1202 2476 1254; x_wconf 86' lang='lat' dir='ltr'><strong>conscientia</strong></span> <span class='ocrx_word' id='word_1_395' title='bbox 2532 1211 2811 1268; x_wconf 75' lang='lat' dir='ltr'>tangentes</span> <span class='ocrx_word' id='word_1_396' title='bbox 2839 1241 2851 1262; x_wconf 96' lang='lat'>,</span> <span class='ocrx_word' id='word_1_397' title='bbox 2909 1201 3023 1268; x_wconf 91' lang='lat' dir='ltr'><strong>ipse</strong></span> <span class='ocrx_word' id='word_1_398' title='bbox 3064 1214 3282 1268; x_wconf 90' lang='lat' dir='ltr'><strong>quoque</strong></span> <span class='ocrx_word' id='word_1_399' title='bbox 3316 1209 3496 1266; x_wconf 77' lang='lat' dir='ltr'><strong>tangat</strong></span> <span class='ocrx_word' id='word_1_400' title='bbox 3529 1237 3546 1260; x_wconf 84' lang='lat'>,</span> 
     </span>
    </p>
   </div>
   <div class='ocr_carea' id='block_1_55' title="bbox 1973 1291 3550 1360">
    <p class='ocr_par' dir='ltr' id='par_1_55' title="bbox 1973 1291 3550 1360">
     <span class='ocr_line' id='line_1_55' title="bbox 1973 1291 3550 1360; baseline -0.003 -12"><span class='ocrx_word' id='word_1_401' title='bbox 1973 1297 2090 1349; x_wconf 88' lang='lat' dir='ltr'><strong>illos</strong></span> <span class='ocrx_word' id='word_1_402' title='bbox 2144 1295 2448 1358; x_wconf 84' lang='lat' dir='ltr'>reveritus;</span> <span class='ocrx_word' id='word_1_403' title='bbox 2522 1297 2726 1347; x_wconf 82' lang='lat' dir='ltr'><strong>interea</strong></span> <span class='ocrx_word' id='word_1_404' title='bbox 2796 1303 2977 1345; x_wconf 88' lang='lat' dir='ltr'><strong>tamen</strong></span> <span class='ocrx_word' id='word_1_405' title='bbox 3041 1293 3158 1360; x_wconf 85' lang='lat' dir='ltr'><strong>ejus</strong></span> <span class='ocrx_word' id='word_1_406' title='bbox 3213 1291 3550 1346; x_wconf 88' lang='lat' dir='ltr'><strong>conscicutia</strong></span> 
     </span>
    </p>
   </div>
   <div class='ocr_carea' id='block_1_56' title="bbox 1971 1386 3102 1456">
    <p class='ocr_par' dir='ltr' id='par_1_56' title="bbox 1971 1386 3102 1456">
     <span class='ocr_line' id='line_1_56' title="bbox 1971 1386 3102 1456; baseline -0.005 -14"><span class='ocrx_word' id='word_1_407' title='bbox 1971 1389 2376 1456; x_wconf 83' lang='lat' dir='ltr'><strong>coinquinetur,</strong></span> <span class='ocrx_word' id='word_1_408' title='bbox 2413 1398 2467 1439; x_wconf 92' lang='lat' dir='ltr'><strong>ut</strong></span> <span class='ocrx_word' id='word_1_409' title='bbox 2507 1387 2595 1453; x_wconf 92' lang='lat' dir='ltr'><strong>qui</strong></span> <span class='ocrx_word' id='word_1_410' title='bbox 2635 1386 2868 1453; x_wconf 77' lang='lat' dir='ltr'><strong>ambigat</strong></span> <span class='ocrx_word' id='word_1_411' title='bbox 2894 1400 3102 1438; x_wconf 89' lang='lat' dir='ltr'><strong>secum.</strong></span> 
     </span>
    </p>
   </div>
   <div class='ocr_carea' id='block_1_57' title="bbox 2049 1473 3551 1530">
    <p class='ocr_par' dir='ltr' id='par_1_57' title="bbox 2049 1473 3551 1530">
     <span class='ocr_line' id='line_1_57' title="bbox 2049 1473 3551 1530; baseline -0.003 -3"><span class='ocrx_word' id='word_1_412' title='bbox 2049 1476 2208 1530; x_wconf 79' lang='lat' dir='ltr'><strong>Vsus.</strong></span> <span class='ocrx_word' id='word_1_413' title='bbox 2262 1480 2313 1528; x_wconf 85' lang='lat'><strong>8.</strong></span> <span class='ocrx_word' id='word_1_414' title='bbox 2369 1495 2384 1526; x_wconf 83' lang='grc' dir='ltr'>ι</span> <span class='ocrx_word' id='word_1_415' title='bbox 2449 1477 2583 1529; x_wconf 81' lang='lat' dir='ltr'><strong>Esca</strong></span> <span class='ocrx_word' id='word_1_416' title='bbox 2643 1485 2822 1527; x_wconf 86' lang='lat' dir='ltr'><strong>autem</strong></span> <span class='ocrx_word' id='word_1_417' title='bbox 2890 1489 2990 1527; x_wconf 88' lang='lat' dir='ltr'>nos</span> <span class='ocrx_word' id='word_1_418' title='bbox 3070 1488 3172 1526; x_wconf 90' lang='lat' dir='ltr'>non</span> <span class='ocrx_word' id='word_1_419' title='bbox 3209 1473 3551 1526; x_wconf 76' lang='lat' dir='ltr'><strong>commendat</strong></span> 
     </span>
    </p>
   </div>
   <div class='ocr_carea' id='block_1_58' title="bbox 1975 1567 3547 1637">
    <p class='ocr_par' dir='ltr' id='par_1_58' title="bbox 1975 1567 3547 1637">
     <span class='ocr_line' id='line_1_58' title="bbox 1975 1567 3547 1637; baseline -0.004 -13"><span class='ocrx_word' id='word_1_420' title='bbox 1975 1571 2100 1624; x_wconf 89' lang='lat' dir='ltr'><strong>Deo.</strong></span> <span class='ocrx_word' id='word_1_421' title='bbox 2143 1588 2160 1620; x_wconf 78' lang='grc' dir='ltr'>ι</span> <span class='ocrx_word' id='word_1_422' title='bbox 2199 1570 2276 1621; x_wconf 89' lang='lat' dir='ltr'><strong>Ne</strong></span> <span class='ocrx_word' id='word_1_423' title='bbox 2308 1569 2563 1636; x_wconf 75' lang='lat' dir='ltr'><strong>objiciunt</strong></span> <span class='ocrx_word' id='word_1_424' title='bbox 2597 1587 2607 1620; x_wconf 94' lang='lat'>:</span> <span class='ocrx_word' id='word_1_425' title='bbox 2645 1569 2756 1637; x_wconf 86' lang='lat' dir='ltr'><strong>Ego</strong></span> <span class='ocrx_word' id='word_1_426' title='bbox 2799 1582 2933 1635; x_wconf 88' lang='lat' dir='ltr'><strong>pura</strong></span> <span class='ocrx_word' id='word_1_427' title='bbox 2958 1567 3293 1618; x_wconf 91' lang='lat' dir='ltr'><strong>conscientia</strong></span> <span class='ocrx_word' id='word_1_428' title='bbox 3336 1579 3547 1626; x_wconf 84' lang='lat' dir='ltr'><strong>vescor,</strong></span> 
     </span>
    </p>
   </div>
   <div class='ocr_carea' id='block_1_59' title="bbox 1971 1656 3549 1728">
    <p class='ocr_par' dir='ltr' id='par_1_59' title="bbox 1971 1656 3549 1728">
     <span class='ocr_line' id='line_1_59' title="bbox 1971 1656 3549 1728; baseline -0.004 -15"><span class='ocrx_word' id='word_1_429' title='bbox 1971 1661 2162 1728; x_wconf 80' lang='lat' dir='ltr'><strong>ecquid</strong></span> <span class='ocrx_word' id='word_1_430' title='bbox 2204 1661 2330 1712; x_wconf 90' lang='lat' dir='ltr'><strong>mihi</strong></span> <span class='ocrx_word' id='word_1_431' title='bbox 2377 1675 2519 1713; x_wconf 68' lang='lat' dir='ltr'><strong>cura:</strong></span> <span class='ocrx_word' id='word_1_432' title='bbox 2555 1671 2661 1723; x_wconf 92' lang='lat' dir='ltr'><strong>est,</strong></span> <span class='ocrx_word' id='word_1_433' title='bbox 2700 1660 2742 1711; x_wconf 89' lang='lat' dir='ltr'>si</span> <span class='ocrx_word' id='word_1_434' title='bbox 2787 1659 2914 1727; x_wconf 84' lang='lat' dir='ltr'><strong>quis</strong></span> <span class='ocrx_word' id='word_1_435' title='bbox 2971 1671 3067 1724; x_wconf 87' lang='lat' dir='ltr'>per</span> <span class='ocrx_word' id='word_1_436' title='bbox 3123 1656 3549 1710; x_wconf 87' lang='lat' dir='ltr'><strong>imbecillitatem</strong></span> 
     </span>
    </p>
   </div>
   <div class='ocr_carea' id='block_1_60' title="bbox 1973 1749 3548 1818">
    <p class='ocr_par' dir='ltr' id='par_1_60' title="bbox 1973 1749 3548 1818">
     <span class='ocr_line' id='line_1_60' title="bbox 1973 1749 3548 1818; baseline -0.003 -14"><span class='ocrx_word' id='word_1_437' title='bbox 1973 1751 2304 1804; x_wconf 68' lang='lat' dir='ltr'><strong>offenditur?</strong></span> <span class='ocrx_word' id='word_1_438' title='bbox 2340 1753 2580 1806; x_wconf 86' lang='lat' dir='ltr'><strong>ostendit</strong></span> <span class='ocrx_word' id='word_1_439' title='bbox 2615 1752 2752 1818; x_wconf 89' lang='lat' dir='ltr'><strong>quod</strong></span> <span class='ocrx_word' id='word_1_440' title='bbox 2813 1752 2987 1818; x_wconf 84' lang='lat' dir='ltr'><strong>ipsum</strong></span> <span class='ocrx_word' id='word_1_441' title='bbox 3028 1751 3189 1802; x_wconf 85' lang='lat' dir='ltr'><strong>edere</strong></span> <span class='ocrx_word' id='word_1_442' title='bbox 3240 1749 3401 1800; x_wconf 87' lang='lat' dir='ltr'><strong>etiam</strong></span> <span class='ocrx_word' id='word_1_443' title='bbox 3429 1763 3548 1801; x_wconf 87' lang='lat' dir='ltr'>cum</span> 
     </span>
    </p>
   </div>
   <div class='ocr_carea' id='block_1_61' title="bbox 1973 1839 3553 1909">
    <p class='ocr_par' dir='ltr' id='par_1_61' title="bbox 1973 1839 3553 1909">
     <span class='ocr_line' id='line_1_61' title="bbox 1973 1839 3553 1909; baseline -0.003 -15"><span class='ocrx_word' id='word_1_444' title='bbox 1973 1851 2284 1909; x_wconf 84' lang='lat' dir='ltr'><strong>contemptu</strong></span> <span class='ocrx_word' id='word_1_445' title='bbox 2333 1844 2624 1905; x_wconf 88' lang='lat' dir='ltr'><strong>idolorum,</strong></span> <span class='ocrx_word' id='word_1_446' title='bbox 2671 1841 2804 1894; x_wconf 88' lang='lat' dir='ltr'><strong>nihil</strong></span> <span class='ocrx_word' id='word_1_447' title='bbox 2833 1842 2922 1894; x_wconf 89' lang='lat' dir='ltr'><strong>sit.</strong></span> <span class='ocrx_word' id='word_1_448' title='bbox 2955 1839 3178 1892; x_wconf 86' lang='lat' dir='ltr'><strong>Etiamsi</strong></span> <span class='ocrx_word' id='word_1_449' title='bbox 3204 1839 3347 1892; x_wconf 89' lang='lat' dir='ltr'><strong>enim</strong></span> <span class='ocrx_word' id='word_1_450' title='bbox 3385 1839 3553 1891; x_wconf 79' lang='lat' dir='ltr'><strong>frater</strong></span> 
     </span>
    </p>
   </div>
   <div class='ocr_carea' id='block_1_62' title="bbox 1977 1931 3554 2002">
    <p class='ocr_par' dir='ltr' id='par_1_62' title="bbox 1977 1931 3554 2002">
     <span class='ocr_line' id='line_1_62' title="bbox 1977 1931 3554 2002; baseline -0.002 -16"><span class='ocrx_word' id='word_1_451' title='bbox 1977 1946 2097 1988; x_wconf 92' lang='lat' dir='ltr'><strong>tuus</strong></span> <span class='ocrx_word' id='word_1_452' title='bbox 2151 1951 2256 1988; x_wconf 91' lang='lat' dir='ltr'>non</span> <span class='ocrx_word' id='word_1_453' title='bbox 2313 1936 2639 1996; x_wconf 68' lang='lat' dir='ltr'><strong>la&#39;dcretur,</strong></span> <span class='ocrx_word' id='word_1_454' title='bbox 2700 1949 2872 2002; x_wconf 86' lang='lat' dir='ltr'><strong>neque</strong></span> <span class='ocrx_word' id='word_1_455' title='bbox 2925 1935 3003 1986; x_wconf 85' lang='lat' dir='ltr'>sic</span> <span class='ocrx_word' id='word_1_456' title='bbox 3053 1944 3227 1984; x_wconf 83' lang='lat' dir='ltr'><strong>tamen</strong></span> <span class='ocrx_word' id='word_1_457' title='bbox 3285 1931 3554 1984; x_wconf 82' lang='lat' dir='ltr'><strong>laudabile</strong></span> 
     </span>
    </p>
   </div>
   <div class='ocr_carea' id='block_1_63' title="bbox 1974 2023 3552 2095">
    <p class='ocr_par' dir='ltr' id='par_1_63' title="bbox 1974 2023 3552 2095">
     <span class='ocr_line' id='line_1_63' title="bbox 1974 2023 3552 2095; baseline -0.002 -18"><span class='ocrx_word' id='word_1_458' title='bbox 1974 2025 2270 2094; x_wconf 84' lang='lat' dir='ltr'>quidquam</span> <span class='ocrx_word' id='word_1_459' title='bbox 2299 2027 2528 2089; x_wconf 78' lang='lat' dir='ltr'><strong>faceres,</strong></span> <span class='ocrx_word' id='word_1_460' title='bbox 2561 2027 2775 2094; x_wconf 89' lang='lat' dir='ltr'><strong>Deoque</strong></span> <span class='ocrx_word' id='word_1_461' title='bbox 2809 2035 3042 2095; x_wconf 84' lang='lat' dir='ltr'><strong>gratum.</strong></span> <span class='ocrx_word' id='word_1_462' title='bbox 3073 2023 3238 2076; x_wconf 86' lang='lat' dir='ltr'><strong>Cibus</strong></span> <span class='ocrx_word' id='word_1_463' title='bbox 3265 2023 3409 2076; x_wconf 90' lang='lat' dir='ltr'><strong>enim</strong></span> <span class='ocrx_word' id='word_1_464' title='bbox 3455 2037 3552 2075; x_wconf 83' lang='lat' dir='ltr'>nos</span> 
     </span>
    </p>
   </div>
   <div class='ocr_carea' id='block_1_64' title="bbox 1975 2116 2510 2172">
    <p class='ocr_par' dir='ltr' id='par_1_64' title="bbox 1975 2116 2510 2172">
     <span class='ocr_line' id='line_1_64' title="bbox 1975 2116 2510 2172; baseline 0.007 -4"><span class='ocrx_word' id='word_1_465' title='bbox 1975 2116 2085 2172; x_wconf 72' lang='lat' dir='ltr'><strong>Deo</strong></span> <span class='ocrx_word' id='word_1_466' title='bbox 2122 2134 2224 2171; x_wconf 93' lang='lat' dir='ltr'>non</span> <span class='ocrx_word' id='word_1_467' title='bbox 2250 2119 2510 2172; x_wconf 83' lang='lat' dir='ltr'><strong>associat.</strong></span> 
     </span>
    </p>
   </div>
   <div class='ocr_carea' id='block_1_65' title="bbox 2053 2208 3552 2278">
    <p class='ocr_par' dir='ltr' id='par_1_65' title="bbox 2053 2208 3552 2278">
     <span class='ocr_line' id='line_1_65' title="bbox 2053 2208 3552 2278; baseline 0 -18"><span class='ocrx_word' id='word_1_468' title='bbox 2053 2229 2068 2260; x_wconf 86' lang='grc' dir='ltr'>ι</span> <span class='ocrx_word' id='word_1_469' title='bbox 2109 2209 2294 2278; x_wconf 80' lang='lat' dir='ltr'><strong>Neque</strong></span> <span class='ocrx_word' id='word_1_470' title='bbox 2333 2212 2476 2263; x_wconf 90' lang='lat' dir='ltr'><strong>enim</strong></span> <span class='ocrx_word' id='word_1_471' title='bbox 2512 2212 2553 2263; x_wconf 89' lang='lat' dir='ltr'><strong>si</strong></span> <span class='ocrx_word' id='word_1_472' title='bbox 2585 2211 2832 2272; x_wconf 83' lang='lat' dir='ltr'><strong>edamus,</strong></span> <span class='ocrx_word' id='word_1_473' title='bbox 2868 2211 3211 2263; x_wconf 83' lang='lat' dir='ltr'><strong>abundamus</strong></span> <span class='ocrx_word' id='word_1_474' title='bbox 3242 2228 3254 2262; x_wconf 91' lang='lat'>:</span> <span class='ocrx_word' id='word_1_475' title='bbox 3301 2223 3475 2276; x_wconf 90' lang='lat' dir='ltr'><strong>neque</strong></span> <span class='ocrx_word' id='word_1_476' title='bbox 3507 2208 3552 2261; x_wconf 89' lang='lat' dir='ltr'><strong>si</strong></span> 
     </span>
    </p>
   </div>
   <div class='ocr_carea' id='block_1_66' title="bbox 1976 2301 3546 2370">
    <p class='ocr_par' dir='ltr' id='par_1_66' title="bbox 1976 2301 3546 2370">
     <span class='ocr_line' id='line_1_66' title="bbox 1976 2301 3546 2370; baseline 0 -16"><span class='ocrx_word' id='word_1_477' title='bbox 1976 2317 2080 2355; x_wconf 90' lang='lat' dir='ltr'>non</span> <span class='ocrx_word' id='word_1_478' title='bbox 2105 2302 2351 2363; x_wconf 81' lang='lat' dir='ltr'><strong>edamus.</strong></span> <span class='ocrx_word' id='word_1_479' title='bbox 2379 2303 2714 2356; x_wconf 67' lang='lat' dir='ltr'><strong>deﬁcimus.»</strong></span> <span class='ocrx_word' id='word_1_480' title='bbox 2750 2302 2863 2356; x_wconf 84' lang='lat' dir='ltr'><strong>lloc</strong></span> <span class='ocrx_word' id='word_1_481' title='bbox 2895 2313 2998 2365; x_wconf 80' lang='lat' dir='ltr'><strong>est,</strong></span> <span class='ocrx_word' id='word_1_482' title='bbox 3021 2301 3205 2370; x_wconf 84' lang='lat' dir='ltr'><strong>Neque</strong></span> <span class='ocrx_word' id='word_1_483' title='bbox 3229 2305 3270 2354; x_wconf 92' lang='lat' dir='ltr'>si</span> <span class='ocrx_word' id='word_1_484' title='bbox 3298 2302 3546 2361; x_wconf 84' lang='lat' dir='ltr'><strong>edamus.</strong></span> 
     </span>
    </p>
   </div>
   <div class='ocr_carea' id='block_1_67' title="bbox 1979 2394 3556 2462">
    <p class='ocr_par' dir='ltr' id='par_1_67' title="bbox 1979 2394 3556 2462">
     <span class='ocr_line' id='line_1_67' title="bbox 1979 2394 3556 2462; baseline -0.001 -16"><span class='ocrx_word' id='word_1_485' title='bbox 1979 2394 2183 2448; x_wconf 91' lang='lat' dir='ltr'><strong>idcirco</strong></span> <span class='ocrx_word' id='word_1_486' title='bbox 2231 2395 2485 2448; x_wconf 86' lang='lat' dir='ltr'><strong>meliores</strong></span> <span class='ocrx_word' id='word_1_487' title='bbox 2526 2410 2737 2454; x_wconf 90' lang='lat' dir='ltr'><strong>sumus,</strong></span> <span class='ocrx_word' id='word_1_488' title='bbox 2775 2410 2837 2448; x_wconf 88' lang='lat' dir='ltr'>ac</span> <span class='ocrx_word' id='word_1_489' title='bbox 2872 2395 2979 2447; x_wconf 82' lang='lat' dir='ltr'><strong>Deo</strong></span> <span class='ocrx_word' id='word_1_490' title='bbox 3026 2394 3293 2462; x_wconf 81' lang='lat' dir='ltr'><strong>gratiores</strong></span> <span class='ocrx_word' id='word_1_491' title='bbox 3330 2408 3342 2443; x_wconf 93' lang='lat'>:</span> <span class='ocrx_word' id='word_1_492' title='bbox 3381 2406 3556 2459; x_wconf 85' lang='lat' dir='ltr'><strong>neque</strong></span> 
     </span>
    </p>
   </div>
   <div class='ocr_carea' id='block_1_68' title="bbox 1976 2485 3554 2556">
    <p class='ocr_par' dir='ltr' id='par_1_68' title="bbox 1976 2485 3554 2556">
     <span class='ocr_line' id='line_1_68' title="bbox 1976 2485 3554 2556; baseline -0.003 -16"><span class='ocrx_word' id='word_1_493' title='bbox 1976 2487 2018 2540; x_wconf 89' lang='lat' dir='ltr'>si</span> <span class='ocrx_word' id='word_1_494' title='bbox 2053 2503 2156 2541; x_wconf 84' lang='lat' dir='ltr'>non</span> <span class='ocrx_word' id='word_1_495' title='bbox 2193 2492 2441 2550; x_wconf 87' lang='lat' dir='ltr'><strong>edamus,</strong></span> <span class='ocrx_word' id='word_1_496' title='bbox 2475 2487 2676 2541; x_wconf 86' lang='lat' dir='ltr'><strong>idcirco</strong></span> <span class='ocrx_word' id='word_1_497' title='bbox 2705 2487 2916 2556; x_wconf 83' lang='lat' dir='ltr'><strong>pejores</strong></span> <span class='ocrx_word' id='word_1_498' title='bbox 2940 2501 3132 2540; x_wconf 86' lang='lat' dir='ltr'><strong>smnus</strong></span> <span class='ocrx_word' id='word_1_499' title='bbox 3164 2496 3218 2540; x_wconf 90' lang='lat' dir='ltr'>et</span> <span class='ocrx_word' id='word_1_500' title='bbox 3249 2485 3554 2554; x_wconf 73' lang='lat' dir='ltr'><strong>deficimus.</strong></span> 
     </span>
    </p>
   </div>
   <div class='ocr_carea' id='block_1_69' title="bbox 2047 2658 3555 2726">
    <p class='ocr_par' dir='ltr' id='par_1_69' title="bbox 2047 2658 3555 2726">
     <span class='ocr_line' id='line_1_69' title="bbox 2047 2658 3555 2726; baseline 0.001 -12"><span class='ocrx_word' id='word_1_501' title='bbox 2047 2662 2209 2714; x_wconf 74' lang='lat' dir='ltr'><strong>\‘uts.</strong></span> <span class='ocrx_word' id='word_1_502' title='bbox 2246 2663 2297 2716; x_wconf 89' lang='lat'><strong>9.</strong></span> <span class='ocrx_word' id='word_1_503' title='bbox 2345 2680 2361 2711; x_wconf 83' lang='grc' dir='ltr'>ι</span> <span class='ocrx_word' id='word_1_504' title='bbox 2399 2658 2585 2712; x_wconf 70' lang='lat' dir='ltr'><strong>\‘iilete</strong></span> <span class='ocrx_word' id='word_1_505' title='bbox 2628 2668 2805 2712; x_wconf 86' lang='lat' dir='ltr'><strong>autem</strong></span> <span class='ocrx_word' id='word_1_506' title='bbox 2834 2673 2901 2712; x_wconf 91' lang='lat' dir='ltr'><strong>ne</strong></span> <span class='ocrx_word' id='word_1_507' title='bbox 2932 2661 3202 2726; x_wconf 86' lang='lat' dir='ltr'><strong>quomodo</strong></span> <span class='ocrx_word' id='word_1_508' title='bbox 3238 2660 3353 2715; x_wconf 60' lang='lat' dir='ltr'><strong>haec</strong></span> <span class='ocrx_word' id='word_1_509' title='bbox 3381 2661 3555 2717; x_wconf 87' lang='lat' dir='ltr'><strong>licen-</strong></span> 
     </span>
    </p>
   </div>
   <div class='ocr_carea' id='block_1_70' title="bbox 1982 2751 3554 2810">
    <p class='ocr_par' dir='ltr' id='par_1_70' title="bbox 1982 2751 3554 2810">
     <span class='ocr_line' id='line_1_70' title="bbox 1982 2751 3554 2810; baseline 0 -4"><span class='ocrx_word' id='word_1_510' title='bbox 1982 2756 2050 2806; x_wconf 90' lang='lat' dir='ltr'>tia</span> <span class='ocrx_word' id='word_1_511' title='bbox 2087 2765 2263 2805; x_wconf 82' lang='lat' dir='ltr'><strong>vestra</strong></span> <span class='ocrx_word' id='word_1_512' title='bbox 2313 2751 2698 2805; x_wconf 79' lang='lat' dir='ltr'><strong>oﬂ&#39;endicnlum</strong></span> <span class='ocrx_word' id='word_1_513' title='bbox 2757 2752 2847 2803; x_wconf 84' lang='lat' dir='ltr'><strong>fiat</strong></span> <span class='ocrx_word' id='word_1_514' title='bbox 2908 2753 3137 2806; x_wconf 90' lang='lat' dir='ltr'><strong>inﬁrmis</strong></span> <span class='ocrx_word' id='word_1_515' title='bbox 3194 2754 3486 2810; x_wconf 80' lang='lat' dir='ltr'><strong>fratribus.</strong></span> <span class='ocrx_word' id='word_1_516' title='bbox 3529 2773 3554 2806; x_wconf 66' lang='grc' dir='ltr'>ν</span> 
     </span>
    </p>
   </div>
   <div class='ocr_carea' id='block_1_71' title="bbox 1982 2844 3557 2912">
    <p class='ocr_par' dir='ltr' id='par_1_71' title="bbox 1982 2844 3557 2912">
     <span class='ocr_line' id='line_1_71' title="bbox 1982 2844 3557 2912; baseline 0.003 -14"><span class='ocrx_word' id='word_1_517' title='bbox 1982 2846 2362 2900; x_wconf 79' lang='lat' dir='ltr'><strong>Pertet-rcfacit</strong></span> <span class='ocrx_word' id='word_1_518' title='bbox 2401 2859 2493 2897; x_wconf 93' lang='lat' dir='ltr'>eos</span> <span class='ocrx_word' id='word_1_519' title='bbox 2536 2860 2629 2912; x_wconf 88' lang='lat' dir='ltr'>per</span> <span class='ocrx_word' id='word_1_520' title='bbox 2665 2845 2787 2899; x_wconf 90' lang='lat' dir='ltr'><strong>hoc.</strong></span> <span class='ocrx_word' id='word_1_521' title='bbox 2823 2845 2931 2899; x_wconf 87' lang='lat' dir='ltr'><strong>Nec</strong></span> <span class='ocrx_word' id='word_1_522' title='bbox 2962 2847 3133 2899; x_wconf 79' lang='lat' dir='ltr'><strong>dixit:</strong></span> <span class='ocrx_word' id='word_1_523' title='bbox 3172 2844 3415 2901; x_wconf 83' lang='lat' dir='ltr'><strong>Scientia</strong></span> <span class='ocrx_word' id='word_1_524' title='bbox 3460 2864 3557 2902; x_wconf 80' lang='lat' dir='ltr'>ve-</span> 
     </span>
    </p>
   </div>
   <div class='ocr_carea' id='block_1_72' title="bbox 1979 2938 3558 3006">
    <p class='ocr_par' dir='ltr' id='par_1_72' title="bbox 1979 2938 3558 3006">
     <span class='ocr_line' id='line_1_72' title="bbox 1979 2938 3558 3006; baseline -0.001 -12"><span class='ocrx_word' id='word_1_525' title='bbox 1979 2952 2111 3004; x_wconf 85' lang='lat' dir='ltr'><strong>stra,</strong></span> <span class='ocrx_word' id='word_1_526' title='bbox 2145 2941 2260 3003; x_wconf 87' lang='lat' dir='ltr'><strong>sed,</strong></span> <span class='ocrx_word' id='word_1_527' title='bbox 2303 2959 2320 2990; x_wconf 76' lang='lat' dir='ltr'><strong>t</strong></span> <span class='ocrx_word' id='word_1_528' title='bbox 2359 2938 2625 2998; x_wconf 85' lang='lat' dir='ltr'><strong>Licentia.</strong></span> <span class='ocrx_word' id='word_1_529' title='bbox 2657 2957 2675 2989; x_wconf 78' lang='grc' dir='ltr'>ι</span> <span class='ocrx_word' id='word_1_530' title='bbox 2727 2939 2828 2992; x_wconf 92' lang='lat' dir='ltr'>hoc</span> <span class='ocrx_word' id='word_1_531' title='bbox 2859 2949 2964 3003; x_wconf 90' lang='lat' dir='ltr'><strong>est,</strong></span> <span class='ocrx_word' id='word_1_532' title='bbox 2994 2939 3288 3006; x_wconf 88' lang='lat' dir='ltr'><strong>petulantia</strong></span> <span class='ocrx_word' id='word_1_533' title='bbox 3321 2952 3375 2995; x_wconf 91' lang='lat' dir='ltr'>et</span> <span class='ocrx_word' id='word_1_534' title='bbox 3406 2958 3558 2994; x_wconf 90' lang='lat' dir='ltr'><strong>arro-</strong></span> 
     </span>
    </p>
   </div>
   <div class='ocr_carea' id='block_1_73' title="bbox 1979 3030 3554 3103">
    <p class='ocr_par' dir='ltr' id='par_1_73' title="bbox 1979 3030 3554 3103">
     <span class='ocr_line' id='line_1_73' title="bbox 1979 3030 3554 3103; baseline 0.001 -19"><span class='ocrx_word' id='word_1_535' title='bbox 1979 3035 2157 3103; x_wconf 81' lang='lat' dir='ltr'><strong>gantia</strong></span> <span class='ocrx_word' id='word_1_536' title='bbox 2193 3033 2282 3086; x_wconf 87' lang='lat' dir='ltr'><strong>fiat</strong></span> <span class='ocrx_word' id='word_1_537' title='bbox 2312 3030 2694 3085; x_wconf 73' lang='lat' dir='ltr'><strong>oﬂ‘endieulum</strong></span> <span class='ocrx_word' id='word_1_538' title='bbox 2731 3033 2982 3086; x_wconf 87' lang='lat' dir='ltr'><strong>inﬁrmis.</strong></span> <span class='ocrx_word' id='word_1_539' title='bbox 3021 3035 3197 3101; x_wconf 82' lang='lat' dir='ltr'><strong>Atque</strong></span> <span class='ocrx_word' id='word_1_540' title='bbox 3232 3034 3345 3088; x_wconf 78' lang='lat' dir='ltr'><strong>haec</strong></span> <span class='ocrx_word' id='word_1_541' title='bbox 3380 3037 3554 3102; x_wconf 81' lang='lat' dir='ltr'><strong>major</strong></span> 
     </span>
    </p>
   </div>
   <div class='ocr_carea' id='block_1_74' title="bbox 1979 3123 3559 3193">
    <p class='ocr_par' dir='ltr' id='par_1_74' title="bbox 1979 3123 3559 3193">
     <span class='ocr_line' id='line_1_74' title="bbox 1979 3123 3559 3193; baseline -0.002 -14"><span class='ocrx_word' id='word_1_542' title='bbox 1979 3141 2166 3179; x_wconf 90' lang='lat' dir='ltr'><strong>eorum</strong></span> <span class='ocrx_word' id='word_1_543' title='bbox 2216 3133 2297 3177; x_wconf 91' lang='lat' dir='ltr'>est</span> <span class='ocrx_word' id='word_1_544' title='bbox 2326 3123 2625 3186; x_wconf 80' lang='lat' dir='ltr'><strong>accusatio,</strong></span> <span class='ocrx_word' id='word_1_545' title='bbox 2658 3124 2798 3190; x_wconf 90' lang='lat' dir='ltr'><strong>quod</strong></span> <span class='ocrx_word' id='word_1_546' title='bbox 2853 3139 2916 3176; x_wconf 91' lang='lat' dir='ltr'>ne</span> <span class='ocrx_word' id='word_1_547' title='bbox 2953 3124 3181 3178; x_wconf 91' lang='lat' dir='ltr'><strong>inﬁrmis</strong></span> <span class='ocrx_word' id='word_1_548' title='bbox 3208 3125 3426 3193; x_wconf 89' lang='lat' dir='ltr'><strong>quidem</strong></span> <span class='ocrx_word' id='word_1_549' title='bbox 3468 3142 3559 3176; x_wconf 68' lang='grc' dir='ltr'>νος</span> 
     </span>
    </p>
   </div>
   <div class='ocr_carea' id='block_1_75' title="bbox 1983 3215 3520 3286">
    <p class='ocr_par' dir='ltr' id='par_1_75' title="bbox 1983 3215 3520 3286">
     <span class='ocr_line' id='line_1_75' title="bbox 1983 3215 3520 3286; baseline -0.001 -16"><span class='ocrx_word' id='word_1_550' title='bbox 1983 3219 2185 3270; x_wconf 86' lang='lat' dir='ltr'><strong>lueriut</strong></span> <span class='ocrx_word' id='word_1_551' title='bbox 2213 3231 2459 3286; x_wconf 87' lang='lat' dir='ltr'><strong>parcere,</strong></span> <span class='ocrx_word' id='word_1_552' title='bbox 2491 3216 2692 3284; x_wconf 84' lang='lat' dir='ltr'><strong>quibus</strong></span> <span class='ocrx_word' id='word_1_553' title='bbox 2719 3216 2882 3269; x_wconf 88' lang='lat' dir='ltr'><strong>etiam</strong></span> <span class='ocrx_word' id='word_1_554' title='bbox 2919 3215 3174 3284; x_wconf 87' lang='lat' dir='ltr'><strong>opitulari</strong></span> <span class='ocrx_word' id='word_1_555' title='bbox 3215 3218 3520 3285; x_wconf 87' lang='lat' dir='ltr'><strong>oportebat.</strong></span> 
     </span>
    </p>
   </div>
   <div class='ocr_carea' id='block_1_76' title="bbox 2051 3308 3558 3378">
    <p class='ocr_par' dir='ltr' id='par_1_76' title="bbox 2051 3308 3558 3378">
     <span class='ocr_line' id='line_1_76' title="bbox 2051 3308 3558 3378; baseline -0.002 -13"><span class='ocrx_word' id='word_1_556' title='bbox 2051 3312 2217 3365; x_wconf 70' lang='lat' dir='ltr'><strong>Vsus.</strong></span> <span class='ocrx_word' id='word_1_557' title='bbox 2253 3311 2339 3364; x_wconf 81' lang='grc'>10.</span> <span class='ocrx_word' id='word_1_558' title='bbox 2383 3328 2401 3361; x_wconf 80' lang='grc' dir='ltr'>ι</span> <span class='ocrx_word' id='word_1_559' title='bbox 2447 3308 2579 3362; x_wconf 78' lang='lat' dir='ltr'><strong>Nam</strong></span> <span class='ocrx_word' id='word_1_560' title='bbox 2611 3309 2652 3363; x_wconf 92' lang='lat' dir='ltr'><strong>si</strong></span> <span class='ocrx_word' id='word_1_561' title='bbox 2681 3311 2966 3377; x_wconf 72' lang='lat' dir='ltr'><strong>quisquam</strong></span> <span class='ocrx_word' id='word_1_562' title='bbox 2995 3310 3340 3378; x_wconf 80' lang='lat' dir='ltr'><strong>conspexerit</strong></span> <span class='ocrx_word' id='word_1_563' title='bbox 3390 3319 3439 3363; x_wconf 90' lang='lat' dir='ltr'><strong>te</strong></span> <span class='ocrx_word' id='word_1_564' title='bbox 3461 3311 3558 3362; x_wconf 84' lang='lat' dir='ltr'><strong>lia-</strong></span> 
     </span>
    </p>
   </div>
   <div class='ocr_carea' id='block_1_77' title="bbox 1984 3405 3562 3467">
    <p class='ocr_par' dir='ltr' id='par_1_77' title="bbox 1984 3405 3562 3467">
     <span class='ocr_line' id='line_1_77' title="bbox 1984 3405 3562 3467; baseline -0.001 -9"><span class='ocrx_word' id='word_1_565' title='bbox 1984 3414 2194 3460; x_wconf 74' lang='lat' dir='ltr'><strong>lzcntem</strong></span> <span class='ocrx_word' id='word_1_566' title='bbox 2245 3407 2553 3467; x_wconf 83' lang='lat' dir='ltr'><strong>scientiam,</strong></span> <span class='ocrx_word' id='word_1_567' title='bbox 2611 3406 2662 3457; x_wconf 86' lang='lat' dir='ltr'>in</span> <span class='ocrx_word' id='word_1_568' title='bbox 2703 3405 2866 3457; x_wconf 87' lang='lat' dir='ltr'><strong>idolio</strong></span> <span class='ocrx_word' id='word_1_569' title='bbox 2899 3406 3330 3467; x_wconf 81' lang='lat' dir='ltr'><strong>accumbentem,</strong></span> <span class='ocrx_word' id='word_1_570' title='bbox 3377 3421 3562 3457; x_wconf 79' lang='lat' dir='ltr'><strong>nonne</strong></span> 
     </span>
    </p>
   </div>
   <div class='ocr_carea' id='block_1_78' title="bbox 1983 3496 3561 3564">
    <p class='ocr_par' dir='ltr' id='par_1_78' title="bbox 1983 3496 3561 3564">
     <span class='ocr_line' id='line_1_78' title="bbox 1983 3496 3561 3564; baseline 0.001 -15"><span class='ocrx_word' id='word_1_571' title='bbox 1983 3497 2321 3549; x_wconf 87' lang='lat' dir='ltr'><strong>conscientia</strong></span> <span class='ocrx_word' id='word_1_572' title='bbox 2355 3497 2472 3564; x_wconf 86' lang='lat' dir='ltr'><strong>ejus</strong></span> <span class='ocrx_word' id='word_1_573' title='bbox 2524 3498 2612 3562; x_wconf 86' lang='lat' dir='ltr'>qui</span> <span class='ocrx_word' id='word_1_574' title='bbox 2651 3496 2897 3549; x_wconf 88' lang='lat' dir='ltr'><strong>inﬁrmus</strong></span> <span class='ocrx_word' id='word_1_575' title='bbox 2943 3506 3047 3562; x_wconf 87' lang='lat' dir='ltr'><strong>est,</strong></span> <span class='ocrx_word' id='word_1_576' title='bbox 3095 3497 3450 3550; x_wconf 76' lang='lat' dir='ltr'><strong>:cdiﬁcaliitur</strong></span> <span class='ocrx_word' id='word_1_577' title='bbox 3501 3508 3561 3550; x_wconf 91' lang='lat' dir='ltr'><strong>ut</strong></span> 
     </span>
    </p>
   </div>
   <div class='ocr_carea' id='block_1_79' title="bbox 1985 3589 3561 3656">
    <p class='ocr_par' dir='ltr' id='par_1_79' title="bbox 1985 3589 3561 3656">
     <span class='ocr_line' id='line_1_79' title="bbox 1985 3589 3561 3656; baseline 0.003 -18"><span class='ocrx_word' id='word_1_578' title='bbox 1985 3599 2232 3642; x_wconf 77' lang='lat' dir='ltr'><strong>rescatur</strong></span> <span class='ocrx_word' id='word_1_579' title='bbox 2261 3589 2614 3656; x_wconf 85' lang='lat' dir='ltr'><strong>idolothytis?</strong></span> <span class='ocrx_word' id='word_1_580' title='bbox 2652 3608 2669 3639; x_wconf 81' lang='grc' dir='ltr'>ι</span> <span class='ocrx_word' id='word_1_581' title='bbox 2703 3589 2814 3642; x_wconf 85' lang='lat' dir='ltr'><strong>Hoc</strong></span> <span class='ocrx_word' id='word_1_582' title='bbox 2853 3597 2955 3652; x_wconf 89' lang='lat' dir='ltr'><strong>est,</strong></span> <span class='ocrx_word' id='word_1_583' title='bbox 2982 3589 3122 3653; x_wconf 87' lang='lat' dir='ltr'><strong>sine,</strong></span> <span class='ocrx_word' id='word_1_584' title='bbox 3153 3589 3262 3656; x_wconf 78' lang='lat' dir='ltr'><strong>qui,</strong></span> <span class='ocrx_word' id='word_1_585' title='bbox 3295 3589 3374 3642; x_wconf 90' lang='lat' dir='ltr'><strong>ttti</strong></span> <span class='ocrx_word' id='word_1_586' title='bbox 3401 3589 3561 3652; x_wconf 79' lang='lat' dir='ltr'><strong>dicis,</strong></span> 
     </span>
    </p>
   </div>
   <div class='ocr_carea' id='block_1_80' title="bbox 1985 3680 3560 3748">
    <p class='ocr_par' dir='ltr' id='par_1_80' title="bbox 1985 3680 3560 3748">
     <span class='ocr_line' id='line_1_80' title="bbox 1985 3680 3560 3748; baseline 0.001 -19"><span class='ocrx_word' id='word_1_587' title='bbox 1985 3681 2256 3747; x_wconf 80' lang='lat' dir='ltr'><strong>perfectus</strong></span> <span class='ocrx_word' id='word_1_588' title='bbox 2282 3696 2360 3744; x_wconf 79' lang='lat' dir='ltr'>es,</span> <span class='ocrx_word' id='word_1_589' title='bbox 2395 3683 2644 3733; x_wconf 88' lang='lat' dir='ltr'><strong>inﬁrmus</strong></span> <span class='ocrx_word' id='word_1_590' title='bbox 2671 3681 2864 3748; x_wconf 88' lang='lat' dir='ltr'><strong>aliquis</strong></span> <span class='ocrx_word' id='word_1_591' title='bbox 2902 3680 3060 3734; x_wconf 85' lang='lat' dir='ltr'><strong>idolis</strong></span> <span class='ocrx_word' id='word_1_592' title='bbox 3087 3680 3360 3734; x_wconf 77' lang='lat' dir='ltr'><strong>immolata</strong></span> <span class='ocrx_word' id='word_1_593' title='bbox 3395 3681 3560 3733; x_wconf 85' lang='lat' dir='ltr'><strong>eden-</strong></span> 
     </span>
    </p>
   </div>
   <div class='ocr_carea' id='block_1_81' title="bbox 1984 3771 3560 3840">
    <p class='ocr_par' dir='ltr' id='par_1_81' title="bbox 1984 3771 3560 3840">
     <span class='ocr_line' id='line_1_81' title="bbox 1984 3771 3560 3840; baseline -0.001 -16"><span class='ocrx_word' id='word_1_594' title='bbox 1984 3783 2088 3824; x_wconf 87' lang='lat' dir='ltr'><strong>tem</strong></span> <span class='ocrx_word' id='word_1_595' title='bbox 2121 3773 2491 3840; x_wconf 82' lang='lat' dir='ltr'><strong>conspexerit,</strong></span> <span class='ocrx_word' id='word_1_596' title='bbox 2525 3787 2704 3826; x_wconf 89' lang='lat' dir='ltr'><strong>nonne</strong></span> <span class='ocrx_word' id='word_1_597' title='bbox 2737 3772 2996 3838; x_wconf 89' lang='lat' dir='ltr'><strong>majorem</strong></span> <span class='ocrx_word' id='word_1_598' title='bbox 3048 3771 3277 3838; x_wconf 86' lang='lat' dir='ltr'><strong>arripiet</strong></span> <span class='ocrx_word' id='word_1_599' title='bbox 3313 3771 3560 3824; x_wconf 81' lang='lat' dir='ltr'><strong>occasio-</strong></span> 
     </span>
    </p>
   </div>
   <div class='ocr_carea' id='block_1_82' title="bbox 1986 3865 3560 3934">
    <p class='ocr_par' dir='ltr' id='par_1_82' title="bbox 1986 3865 3560 3934">
     <span class='ocr_line' id='line_1_82' title="bbox 1986 3865 3560 3934; baseline -0.001 -18"><span class='ocrx_word' id='word_1_600' title='bbox 1986 3881 2128 3930; x_wconf 87' lang='lat' dir='ltr'><strong>nem,</strong></span> <span class='ocrx_word' id='word_1_601' title='bbox 2163 3876 2218 3918; x_wconf 92' lang='lat' dir='ltr'><strong>ut</strong></span> <span class='ocrx_word' id='word_1_602' title='bbox 2250 3866 2363 3934; x_wconf 80' lang='lat' dir='ltr'><strong>ipse</strong></span> <span class='ocrx_word' id='word_1_603' title='bbox 2408 3868 2570 3919; x_wconf 88' lang='lat' dir='ltr'><strong>etiam</strong></span> <span class='ocrx_word' id='word_1_604' title='bbox 2618 3865 2930 3934; x_wconf 76' lang='lat' dir='ltr'><strong>idolothytis</strong></span> <span class='ocrx_word' id='word_1_605' title='bbox 2959 3875 3230 3929; x_wconf 88' lang='lat' dir='ltr'><strong>vescatur,</strong></span> <span class='ocrx_word' id='word_1_606' title='bbox 3278 3877 3560 3932; x_wconf 82' lang='lat' dir='ltr'><strong>magisque</strong></span> 
     </span>
    </p>
   </div>
   <div class='ocr_carea' id='block_1_83' title="bbox 1984 3954 3560 4028">
    <p class='ocr_par' dir='ltr' id='par_1_83' title="bbox 1984 3954 3560 4028">
     <span class='ocr_line' id='line_1_83' title="bbox 1984 3954 3560 4028; baseline -0.004 -16"><span class='ocrx_word' id='word_1_607' title='bbox 1984 3959 2287 4012; x_wconf 69' lang='lat' dir='ltr'><strong>stabilietrir</strong></span> <span class='ocrx_word' id='word_1_608' title='bbox 2321 3959 2446 4028; x_wconf 87' lang='lat' dir='ltr'><strong>(hoc</strong></span> <span class='ocrx_word' id='word_1_609' title='bbox 2507 3959 2649 4011; x_wconf 87' lang='lat' dir='ltr'><strong>enim</strong></span> <span class='ocrx_word' id='word_1_610' title='bbox 2712 3967 2815 4020; x_wconf 86' lang='lat' dir='ltr'><strong>est,</strong></span> <span class='ocrx_word' id='word_1_611' title='bbox 2875 3974 2893 4007; x_wconf 79' lang='grc' dir='ltr'>ι</span> <span class='ocrx_word' id='word_1_612' title='bbox 2939 3955 3324 4009; x_wconf 68' lang='grc' dir='ltr'>Ᾰίιίιίίςηὶιίιιιι·</span> <span class='ocrx_word' id='word_1_613' title='bbox 3376 3954 3442 4023; x_wconf 82' lang='grc' dir='ltr'>ι)</span> <span class='ocrx_word' id='word_1_614' title='bbox 3502 3963 3560 4006; x_wconf 85' lang='grc' dir='ltr'>ιιι</span> 
     </span>
    </p>
   </div>
   <div class='ocr_carea' id='block_1_84' title="bbox 1984 4047 3558 4117">
    <p class='ocr_par' dir='ltr' id='par_1_84' title="bbox 1984 4047 3558 4117">
     <span class='ocr_line' id='line_1_84' title="bbox 1984 4047 3558 4117; baseline -0.003 -14"><span class='ocrx_word' id='word_1_615' title='bbox 1984 4052 2256 4104; x_wconf 74' lang='lat' dir='ltr'><strong>exisnimet</strong></span> <span class='ocrx_word' id='word_1_616' title='bbox 2292 4051 2428 4102; x_wconf 89' lang='lat' dir='ltr'><strong>idola</strong></span> <span class='ocrx_word' id='word_1_617' title='bbox 2463 4049 2666 4117; x_wconf 89' lang='lat' dir='ltr'><strong>aliquid</strong></span> <span class='ocrx_word' id='word_1_618' title='bbox 2703 4049 2866 4102; x_wconf 85' lang='lat' dir='ltr'><strong>esse?</strong></span> <span class='ocrx_word' id='word_1_619' title='bbox 2897 4049 2991 4101; x_wconf 87' lang='lat' dir='ltr'><strong>Ille</strong></span> <span class='ocrx_word' id='word_1_620' title='bbox 3027 4048 3170 4100; x_wconf 92' lang='lat' dir='ltr'><strong>enim</strong></span> <span class='ocrx_word' id='word_1_621' title='bbox 3205 4047 3426 4110; x_wconf 91' lang='lat' dir='ltr'><strong>inscius,</strong></span> <span class='ocrx_word' id='word_1_622' title='bbox 3453 4061 3558 4114; x_wconf 89' lang='lat' dir='ltr'><strong>qua</strong></span> 
     </span>
    </p>
   </div>
   <div class='ocr_carea' id='block_1_85' title="bbox 1987 4138 3563 4206">
    <p class='ocr_par' dir='ltr' id='par_1_85' title="bbox 1987 4138 3563 4206">
     <span class='ocr_line' id='line_1_85' title="bbox 1987 4138 3563 4206; baseline -0.001 -12"><span class='ocrx_word' id='word_1_623' title='bbox 1987 4153 2041 4194; x_wconf 92' lang='lat' dir='ltr'><strong>tu</strong></span> <span class='ocrx_word' id='word_1_624' title='bbox 2082 4143 2218 4193; x_wconf 86' lang='lat' dir='ltr'><strong>ratio</strong></span> <span class='ocrx_word' id='word_1_625' title='bbox 2251 4143 2443 4194; x_wconf 90' lang='lat' dir='ltr'><strong>ductus</strong></span> <span class='ocrx_word' id='word_1_626' title='bbox 2486 4141 2588 4193; x_wconf 90' lang='lat' dir='ltr'>hoc</span> <span class='ocrx_word' id='word_1_627' title='bbox 2635 4138 2796 4204; x_wconf 87' lang='lat' dir='ltr'><strong>facis,</strong></span> <span class='ocrx_word' id='word_1_628' title='bbox 2854 4139 2998 4194; x_wconf 87' lang='lat' dir='ltr'><strong>istud</strong></span> <span class='ocrx_word' id='word_1_629' title='bbox 3036 4155 3133 4206; x_wconf 88' lang='lat' dir='ltr'>pro</span> <span class='ocrx_word' id='word_1_630' title='bbox 3179 4139 3563 4194; x_wconf 74' lang='lat' dir='ltr'><strong>exhortatione</strong></span> 
     </span>
    </p>
   </div>
   <div class='ocr_carea' id='block_1_86' title="bbox 1988 4236 2278 4302">
    <p class='ocr_par' dir='ltr' id='par_1_86' title="bbox 1988 4236 2278 4302">
     <span class='ocr_line' id='line_1_86' title="bbox 1988 4236 2278 4302; baseline -0.003 -14"><span class='ocrx_word' id='word_1_631' title='bbox 1988 4236 2278 4302; x_wconf 89' lang='lat' dir='ltr'><strong>reputabit.</strong></span> 
     </span>
    </p>
   </div>
   <div class='ocr_carea' id='block_1_87' title="bbox 2063 4324 3560 4397">
    <p class='ocr_par' dir='ltr' id='par_1_87' title="bbox 2063 4324 3560 4397">
     <span class='ocr_line' id='line_1_87' title="bbox 2063 4324 3560 4397; baseline -0.002 -19"><span class='ocrx_word' id='word_1_632' title='bbox 2063 4328 2223 4381; x_wconf 75' lang='lat' dir='ltr'><strong>Vens.</strong></span> <span class='ocrx_word' id='word_1_633' title='bbox 2258 4329 2342 4382; x_wconf 82' lang='lat' dir='ltr'><strong>ll.</strong></span> <span class='ocrx_word' id='word_1_634' title='bbox 2395 4347 2413 4379; x_wconf 83' lang='grc' dir='ltr'>ι</span> <span class='ocrx_word' id='word_1_635' title='bbox 2453 4328 2530 4382; x_wconf 81' lang='lat' dir='ltr'><strong>Ac</strong></span> <span class='ocrx_word' id='word_1_636' title='bbox 2567 4327 2762 4397; x_wconf 91' lang='lat' dir='ltr'><strong>peribit</strong></span> <span class='ocrx_word' id='word_1_637' title='bbox 2826 4326 3072 4380; x_wconf 89' lang='lat' dir='ltr'><strong>inﬁrmus</strong></span> <span class='ocrx_word' id='word_1_638' title='bbox 3119 4324 3286 4377; x_wconf 83' lang='lat' dir='ltr'><strong>frater</strong></span> <span class='ocrx_word' id='word_1_639' title='bbox 3318 4325 3386 4376; x_wconf 93' lang='lat' dir='ltr'>ob</span> <span class='ocrx_word' id='word_1_640' title='bbox 3414 4332 3560 4375; x_wconf 90' lang='lat' dir='ltr'><strong>tuam</strong></span> 
     </span>
    </p>
   </div>
   <div class='ocr_carea' id='block_1_88' title="bbox 1983 4418 3556 4489">
    <p class='ocr_par' dir='ltr' id='par_1_88' title="bbox 1983 4418 3556 4489">
     <span class='ocr_line' id='line_1_88' title="bbox 1983 4418 3556 4489; baseline -0.006 -14"><span class='ocrx_word' id='word_1_641' title='bbox 1983 4423 2300 4486; x_wconf 85' lang='lat' dir='ltr'><strong>scientiam,</strong></span> <span class='ocrx_word' id='word_1_642' title='bbox 2335 4431 2553 4489; x_wconf 85' lang='lat' dir='ltr'><strong>propter</strong></span> <span class='ocrx_word' id='word_1_643' title='bbox 2599 4435 2757 4489; x_wconf 90' lang='lat' dir='ltr'><strong>quem</strong></span> <span class='ocrx_word' id='word_1_644' title='bbox 2798 4418 3047 4473; x_wconf 90' lang='lat' dir='ltr'><strong>Christus</strong></span> <span class='ocrx_word' id='word_1_645' title='bbox 3095 4428 3180 4470; x_wconf 91' lang='lat' dir='ltr'>est</span> <span class='ocrx_word' id='word_1_646' title='bbox 3233 4426 3494 4468; x_wconf 90' lang='lat' dir='ltr'><strong>mortuus.</strong></span> <span class='ocrx_word' id='word_1_647' title='bbox 3539 4435 3556 4465; x_wconf 77' lang='grc' dir='ltr'>ι</span> 
     </span>
    </p>
   </div>
   <div class='ocr_carea' id='block_1_89' title="bbox 295 4504 1982 4584">
    <p class='ocr_par' dir='ltr' id='par_1_89' title="bbox 295 4504 1955 4584">
     <span class='ocr_line' id='line_1_89' title="bbox 295 4504 1955 4584; baseline 0.001 -27"><span class='ocrx_word' id='word_1_648' title='bbox 295 4504 573 4574; x_wconf 76' lang='grc' dir='ltr'>πρόφασις</span> <span class='ocrx_word' id='word_1_649' title='bbox 595 4505 874 4568; x_wconf 82' lang='grc' dir='ltr'>ἀπωλείας</span> <span class='ocrx_word' id='word_1_650' title='bbox 896 4507 1069 4574; x_wconf 81' lang='grc' dir='ltr'>ἑτέρῳ</span> <span class='ocrx_word' id='word_1_651' title='bbox 1101 4508 1132 4575; x_wconf 82' lang='grc' dir='ltr'>ἡ</span> <span class='ocrx_word' id='word_1_652' title='bbox 1168 4507 1235 4575; x_wconf 80' lang='grc' dir='ltr'>σὴ</span> <span class='ocrx_word' id='word_1_653' title='bbox 1266 4505 1560 4573; x_wconf 77' lang='grc' dir='ltr'>τελειότης,</span> <span class='ocrx_word' id='word_1_654' title='bbox 1589 4508 1679 4556; x_wconf 82' lang='grc' dir='ltr'>καὶ</span> <span class='ocrx_word' id='word_1_655' title='bbox 1703 4507 1872 4558; x_wconf 81' lang='grc' dir='ltr'>ταῦτα</span> <span class='ocrx_word' id='word_1_656' title='bbox 1913 4532 1955 4584; x_wconf 76' lang='lat' dir='ltr'>D</span> 
     </span>
    </p>
   </div>
   <div class='ocr_carea' id='block_1_90' title="bbox 1874 4504 3561 4584">
    <p class='ocr_par' dir='ltr' id='par_1_90' title="bbox 1913 4505 3561 4584">
     <span class='ocr_line' id='line_1_90' title="bbox 1913 4505 3561 4584; baseline -0.004 -18"><span class='ocrx_word' id='word_1_657' title='bbox 1913 4532 1955 4584; x_wconf 73' lang='grc' dir='ltr'><strong>ι)</strong></span> <span class='ocrx_word' id='word_1_658' title='bbox 1990 4515 2048 4566; x_wconf 84' lang='lat' dir='ltr'><strong>Et</strong></span> <span class='ocrx_word' id='word_1_659' title='bbox 2081 4521 2169 4566; x_wconf 89' lang='lat' dir='ltr'>tua</span> <span class='ocrx_word' id='word_1_660' title='bbox 2199 4513 2457 4580; x_wconf 82' lang='lat' dir='ltr'><strong>perfectio</strong></span> <span class='ocrx_word' id='word_1_661' title='bbox 2508 4511 2661 4565; x_wconf 84' lang='lat' dir='ltr'><strong>alteri</strong></span> <span class='ocrx_word' id='word_1_662' title='bbox 2700 4511 2790 4563; x_wconf 87' lang='lat' dir='ltr'><strong>flet</strong></span> <span class='ocrx_word' id='word_1_663' title='bbox 2840 4509 3056 4563; x_wconf 85' lang='lat' dir='ltr'><strong>occasio</strong></span> <span class='ocrx_word' id='word_1_664' title='bbox 3097 4509 3372 4570; x_wconf 84' lang='lat' dir='ltr'><strong>interitus,</strong></span> <span class='ocrx_word' id='word_1_665' title='bbox 3401 4505 3561 4573; x_wconf 87' lang='lat' dir='ltr'><strong>idque</strong></span> 
     </span>
    </p>
   </div>
   <div class='ocr_carea' id='block_1_91' title="bbox 297 4595 1888 4666">
    <p class='ocr_par' dir='ltr' id='par_1_91' title="bbox 297 4595 1888 4666">
     <span class='ocr_line' id='line_1_91' title="bbox 297 4595 1888 4666; baseline 0.001 -17"><span class='ocrx_word' id='word_1_666' title='bbox 297 4596 647 4656; x_wconf 84' lang='grc' dir='ltr'>ἀσθενοῦντι,</span> <span class='ocrx_word' id='word_1_667' title='bbox 681 4597 778 4649; x_wconf 72' lang='grc' dir='ltr'>καὶ</span> <span class='ocrx_word' id='word_1_668' title='bbox 815 4598 988 4649; x_wconf 82' lang='grc' dir='ltr'>ταῦτα</span> <span class='ocrx_word' id='word_1_669' title='bbox 1018 4597 1084 4649; x_wconf 78' lang='grc' dir='ltr'>δι’</span> <span class='ocrx_word' id='word_1_670' title='bbox 1115 4597 1171 4648; x_wconf 88' lang='grc' dir='ltr'>ὃν</span> <span class='ocrx_word' id='word_1_671' title='bbox 1215 4597 1446 4666; x_wconf 84' lang='grc' dir='ltr'>Χριστὸς</span> <span class='ocrx_word' id='word_1_672' title='bbox 1481 4595 1741 4649; x_wconf 82' lang='grc' dir='ltr'>ἀπέθανε.</span> <span class='ocrx_word' id='word_1_673' title='bbox 1778 4600 1888 4658; x_wconf 85' lang='grc' dir='ltr'>Καὶ</span> 
     </span>
    </p>
   </div>
   <div class='ocr_carea' id='block_1_92' title="bbox 294 4687 1883 4764">
    <p class='ocr_par' dir='ltr' id='par_1_92' title="bbox 294 4687 1883 4764">
     <span class='ocr_line' id='line_1_92' title="bbox 294 4687 1883 4764; baseline 0.003 -24"><span class='ocrx_word' id='word_1_674' title='bbox 294 4689 323 4740; x_wconf 86' lang='grc' dir='ltr'>ό</span> <span class='ocrx_word' id='word_1_675' title='bbox 357 4687 459 4756; x_wconf 84' lang='grc' dir='ltr'>μὲν</span> <span class='ocrx_word' id='word_1_676' title='bbox 508 4688 742 4756; x_wconf 75' lang='grc' dir='ltr'>Χριστὸς</span> <span class='ocrx_word' id='word_1_677' title='bbox 789 4688 907 4740; x_wconf 78' lang='grc' dir='ltr'>οὐδὲ</span> <span class='ocrx_word' id='word_1_678' title='bbox 966 4688 1262 4747; x_wconf 84' lang='grc' dir='ltr'>ἀποθανεῖν</span> <span class='ocrx_word' id='word_1_679' title='bbox 1325 4690 1684 4757; x_wconf 79' lang='grc' dir='ltr'>παρητήσατο</span> <span class='ocrx_word' id='word_1_680' title='bbox 1744 4691 1883 4764; x_wconf 85' lang='grc' dir='ltr'>ὑπὲρ</span> 
     </span>
    </p>
   </div>
   <div class='ocr_carea' id='block_1_93' title="bbox 298 4779 1885 4851">
    <p class='ocr_par' dir='ltr' id='par_1_93' title="bbox 298 4779 1885 4851">
     <span class='ocr_line' id='line_1_93' title="bbox 298 4779 1885 4851; baseline 0.003 -18"><span class='ocrx_word' id='word_1_681' title='bbox 298 4779 472 4833; x_wconf 81' lang='grc' dir='ltr'>αὐτοῦ</span> <span class='ocrx_word' id='word_1_682' title='bbox 499 4799 513 4812; x_wconf 86' lang='grc'><strong>·</strong></span> <span class='ocrx_word' id='word_1_683' title='bbox 549 4782 614 4833; x_wconf 83' lang='grc' dir='ltr'>σὺ</span> <span class='ocrx_word' id='word_1_684' title='bbox 650 4781 706 4833; x_wconf 82' lang='grc' dir='ltr'>δὲ</span> <span class='ocrx_word' id='word_1_685' title='bbox 744 4781 865 4833; x_wconf 80' lang='grc' dir='ltr'>οὐδὲ</span> <span class='ocrx_word' id='word_1_686' title='bbox 912 4779 1218 4851; x_wconf 86' lang='grc' dir='ltr'>βρωμάτων</span> <span class='ocrx_word' id='word_1_687' title='bbox 1256 4781 1461 4850; x_wconf 78' lang='grc' dir='ltr'>ἀπέχῃ,</span> <span class='ocrx_word' id='word_1_688' title='bbox 1495 4780 1582 4832; x_wconf 84' lang='grc' dir='ltr'>ἵνα</span> <span class='ocrx_word' id='word_1_689' title='bbox 1619 4779 1692 4850; x_wconf 83' lang='grc' dir='ltr'>μὴ</span> <span class='ocrx_word' id='word_1_690' title='bbox 1723 4799 1885 4838; x_wconf 83' lang='grc' dir='ltr'>σκαν-</span> 
     </span>
    </p>
   </div>
   <div class='ocr_carea' id='block_1_94' title="bbox 297 4871 1889 4946">
    <p class='ocr_par' dir='ltr' id='par_1_94' title="bbox 297 4871 1889 4946">
     <span class='ocr_line' id='line_1_94' title="bbox 297 4871 1889 4946; baseline -0.001 -23"><span class='ocrx_word' id='word_1_691' title='bbox 297 4871 626 4941; x_wconf 80' lang='grc' dir='ltr'>δαλίζηται;</span> <span class='ocrx_word' id='word_1_692' title='bbox 678 4872 736 4926; x_wconf 85' lang='grc' dir='ltr'><strong>Ὀ</strong></span> <span class='ocrx_word' id='word_1_693' title='bbox 767 4873 824 4924; x_wconf 81' lang='grc' dir='ltr'>δὲ</span> <span class='ocrx_word' id='word_1_694' title='bbox 869 4874 1280 4944; x_wconf 87' lang='grc' dir='ltr'>Χρυσόστομος,</span> <span class='ocrx_word' id='word_1_695' title='bbox 1319 4891 1338 4922; x_wconf 82' lang='grc' dir='ltr'>ι</span> <span class='ocrx_word' id='word_1_696' title='bbox 1387 4871 1514 4924; x_wconf 73' lang='grc' dir='ltr'>Ἐπὶ</span> <span class='ocrx_word' id='word_1_697' title='bbox 1543 4873 1610 4940; x_wconf 82' lang='grc' dir='ltr'>τῇ</span> <span class='ocrx_word' id='word_1_698' title='bbox 1646 4875 1710 4942; x_wconf 82' lang='grc' dir='ltr'>σῇ</span> <span class='ocrx_word' id='word_1_699' title='bbox 1745 4874 1889 4946; x_wconf 81' lang='grc' dir='ltr'>βρώ-</span> 
     </span>
    </p>
   </div>
   <div class='ocr_carea' id='block_1_95' title="bbox 304 4965 674 5032">
    <p class='ocr_par' dir='ltr' id='par_1_95' title="bbox 304 4965 674 5032">
     <span class='ocr_line' id='line_1_95' title="bbox 304 4965 674 5032; baseline 0.003 -15"><span class='ocrx_word' id='word_1_700' title='bbox 304 4982 410 5028; x_wconf 85' lang='grc' dir='ltr'>σει,</span> <span class='ocrx_word' id='word_1_701' title='bbox 447 4983 465 5015; x_wconf 78' lang='grc' dir='ltr'>ι</span> <span class='ocrx_word' id='word_1_702' title='bbox 499 4965 674 5032; x_wconf 87' lang='grc' dir='ltr'>λέγει.</span> 
     </span>
    </p>
   </div>
   <div class='ocr_carea' id='block_1_96' title="bbox 376 5051 1875 5125">
    <p class='ocr_par' dir='ltr' id='par_1_96' title="bbox 376 5051 1875 5125">
     <span class='ocr_line' id='line_1_96' title="bbox 376 5051 1875 5125; baseline 0.004 -23"><span class='ocrx_word' id='word_1_703' title='bbox 376 5071 394 5102; x_wconf 77' lang='grc' dir='ltr'>ι</span> <span class='ocrx_word' id='word_1_704' title='bbox 443 5051 600 5105; x_wconf 79' lang='grc' dir='ltr'>Οὕτω</span> <span class='ocrx_word' id='word_1_705' title='bbox 633 5053 689 5105; x_wconf 85' lang='grc' dir='ltr'>δὲ</span> <span class='ocrx_word' id='word_1_706' title='bbox 731 5053 1134 5124; x_wconf 83' lang='grc' dir='ltr'>ἁμαρτάνοντες</span> <span class='ocrx_word' id='word_1_707' title='bbox 1185 5056 1262 5117; x_wconf 86' lang='grc' dir='ltr'>είς</span> <span class='ocrx_word' id='word_1_708' title='bbox 1297 5055 1419 5118; x_wconf 70' lang='grc' dir='ltr'>τοὺς</span> <span class='ocrx_word' id='word_1_709' title='bbox 1453 5057 1736 5125; x_wconf 75' lang='grc' dir='ltr'>ἀδελφοὺς,</span> <span class='ocrx_word' id='word_1_710' title='bbox 1781 5058 1875 5109; x_wconf 77' lang='grc' dir='ltr'>καὶ</span> 
     </span>
    </p>
   </div>
   <div class='ocr_carea' id='block_1_97' title="bbox 295 5143 1877 5215">
    <p class='ocr_par' dir='ltr' id='par_1_97' title="bbox 295 5143 1877 5215">
     <span class='ocr_line' id='line_1_97' title="bbox 295 5143 1877 5215; baseline 0.004 -21"><span class='ocrx_word' id='word_1_711' title='bbox 295 5143 594 5206; x_wconf 84' lang='grc' dir='ltr'>τύπτοντες</span> <span class='ocrx_word' id='word_1_712' title='bbox 645 5145 826 5198; x_wconf 81' lang='grc' dir='ltr'>αὐτῶν</span> <span class='ocrx_word' id='word_1_713' title='bbox 875 5147 975 5215; x_wconf 78' lang='grc' dir='ltr'>τὴν</span> <span class='ocrx_word' id='word_1_714' title='bbox 1026 5147 1330 5215; x_wconf 88' lang='grc' dir='ltr'>συνείδησιν</span> <span class='ocrx_word' id='word_1_715' title='bbox 1381 5147 1750 5215; x_wconf 84' lang='grc' dir='ltr'>ἀσθενοῦσαν,</span> <span class='ocrx_word' id='word_1_716' title='bbox 1799 5153 1877 5212; x_wconf 84' lang='grc' dir='ltr'>είς</span> 
     </span>
    </p>
   </div>
   <div class='ocr_carea' id='block_1_98' title="bbox 302 5235 1876 5307">
    <p class='ocr_par' dir='ltr' id='par_1_98' title="bbox 302 5235 1876 5307">
     <span class='ocr_line' id='line_1_98' title="bbox 302 5235 1876 5307; baseline 0.003 -18"><span class='ocrx_word' id='word_1_717' title='bbox 302 5238 543 5304; x_wconf 83' lang='grc' dir='ltr'>Χριστὸν</span> <span class='ocrx_word' id='word_1_718' title='bbox 577 5237 945 5306; x_wconf 82' lang='grc' dir='ltr'>ἁμαρτάνετε.</span> <span class='ocrx_word' id='word_1_719' title='bbox 993 5257 1010 5288; x_wconf 79' lang='grc' dir='ltr'>ι</span> <span class='ocrx_word' id='word_1_720' title='bbox 1053 5239 1166 5291; x_wconf 86' lang='grc' dir='ltr'>υύκ</span> <span class='ocrx_word' id='word_1_721' title='bbox 1197 5235 1316 5291; x_wconf 75' lang='grc' dir='ltr'>εἷπε</span> <span class='ocrx_word' id='word_1_722' title='bbox 1340 5280 1354 5303; x_wconf 93' lang='grc'>,</span> <span class='ocrx_word' id='word_1_723' title='bbox 1394 5241 1842 5306; x_wconf 73' lang='grc' dir='ltr'>Σκανδαλίζοντες</span> <span class='ocrx_word' id='word_1_724' title='bbox 1863 5283 1876 5307; x_wconf 89' lang='grc'>,</span> 
     </span>
    </p>
   </div>
   <div class='ocr_carea' id='block_1_99' title="bbox 298 5329 1877 5401">
    <p class='ocr_par' dir='ltr' id='par_1_99' title="bbox 298 5329 1877 5401">
     <span class='ocr_line' id='line_1_99' title="bbox 298 5329 1877 5401; baseline 0.003 -20"><span class='ocrx_word' id='word_1_725' title='bbox 298 5329 459 5393; x_wconf 73' lang='grc' dir='ltr'>ἀλλὰ,</span> <span class='ocrx_word' id='word_1_726' title='bbox 492 5348 508 5379; x_wconf 83' lang='grc' dir='ltr'>ι</span> <span class='ocrx_word' id='word_1_727' title='bbox 546 5331 874 5394; x_wconf 83' lang='grc' dir='ltr'>Τύπτοντες·</span> <span class='ocrx_word' id='word_1_728' title='bbox 908 5350 925 5382; x_wconf 81' lang='grc' dir='ltr'>ι</span> <span class='ocrx_word' id='word_1_729' title='bbox 955 5331 1094 5384; x_wconf 80' lang='grc' dir='ltr'>ὥστε</span> <span class='ocrx_word' id='word_1_730' title='bbox 1117 5333 1214 5398; x_wconf 77' lang='grc' dir='ltr'>τὴν</span> <span class='ocrx_word' id='word_1_731' title='bbox 1236 5333 1495 5401; x_wconf 79' lang='grc' dir='ltr'>ὠμότητα</span> <span class='ocrx_word' id='word_1_732' title='bbox 1512 5335 1877 5398; x_wconf 76' lang='grc' dir='ltr'>ἐνδείξασθαι,</span> 
     </span>
    </p>
   </div>
   <div class='ocr_carea' id='block_1_100' title="bbox 299 5422 1878 5494">
    <p class='ocr_par' dir='ltr' id='par_1_100' title="bbox 299 5422 1878 5494">
     <span class='ocr_line' id='line_1_100' title="bbox 299 5422 1878 5494; baseline 0.002 -21"><span class='ocrx_word' id='word_1_733' title='bbox 299 5423 433 5473; x_wconf 76' lang='grc' dir='ltr'>ὅταν</span> <span class='ocrx_word' id='word_1_734' title='bbox 469 5422 562 5473; x_wconf 72' lang='grc' dir='ltr'>καὶ</span> <span class='ocrx_word' id='word_1_735' title='bbox 592 5423 691 5491; x_wconf 82' lang='grc' dir='ltr'>τὴν</span> <span class='ocrx_word' id='word_1_736' title='bbox 725 5424 1056 5477; x_wconf 80' lang='grc' dir='ltr'>ἀσθενοῦσαν</span> <span class='ocrx_word' id='word_1_737' title='bbox 1095 5426 1400 5494; x_wconf 83' lang='grc' dir='ltr'>συνείδησιν</span> <span class='ocrx_word' id='word_1_738' title='bbox 1446 5426 1742 5481; x_wconf 70' lang='grc' dir='ltr'>τύπτωσιν.</span> <span class='ocrx_word' id='word_1_739' title='bbox 1787 5427 1878 5488; x_wconf 79' lang='lat' dir='ltr'>Ei;</span> 
     </span>
    </p>
   </div>
   <div class='ocr_carea' id='block_1_101' title="bbox 301 5512 1877 5588">
    <p class='ocr_par' dir='ltr' id='par_1_101' title="bbox 301 5512 1877 5588">
     <span class='ocr_line' id='line_1_101' title="bbox 301 5512 1877 5588; baseline 0.002 -22"><span class='ocrx_word' id='word_1_740' title='bbox 301 5512 477 5582; x_wconf 81' lang='grc' dir='ltr'>αὐτὴν</span> <span class='ocrx_word' id='word_1_741' title='bbox 504 5513 558 5565; x_wconf 79' lang='grc' dir='ltr'>δὲ</span> <span class='ocrx_word' id='word_1_742' title='bbox 586 5515 684 5584; x_wconf 78' lang='grc' dir='ltr'>τὴν</span> <span class='ocrx_word' id='word_1_743' title='bbox 715 5516 960 5587; x_wconf 78' lang='grc' dir='ltr'>κορυφὴν</span> <span class='ocrx_word' id='word_1_744' title='bbox 989 5517 1086 5586; x_wconf 86' lang='grc' dir='ltr'>τῆς</span> <span class='ocrx_word' id='word_1_745' title='bbox 1116 5519 1462 5588; x_wconf 80' lang='grc' dir='ltr'>παρανομίας</span> <span class='ocrx_word' id='word_1_746' title='bbox 1487 5518 1545 5571; x_wconf 74' lang='grc' dir='ltr'>τὸ</span> <span class='ocrx_word' id='word_1_747' title='bbox 1574 5518 1877 5587; x_wconf 81' lang='grc' dir='ltr'>ἁμάρτημα</span> 
     </span>
    </p>
   </div>
   <div class='ocr_carea' id='block_1_102' title="bbox 302 5603 1869 5680">
    <p class='ocr_par' dir='ltr' id='par_1_102' title="bbox 302 5603 1869 5680">
     <span class='ocr_line' id='line_1_102' title="bbox 302 5603 1869 5680; baseline 0.003 -26"><span class='ocrx_word' id='word_1_748' title='bbox 302 5603 661 5671; x_wconf 78' lang='grc' dir='ltr'>ἀνήγαγεν⁸⁷,</span> <span class='ocrx_word' id='word_1_749' title='bbox 717 5622 736 5656; x_wconf 79' lang='grc' dir='ltr'>ι</span> <span class='ocrx_word' id='word_1_750' title='bbox 794 5606 888 5668; x_wconf 78' lang='grc' dir='ltr'>Εἰς</span> <span class='ocrx_word' id='word_1_751' title='bbox 921 5607 1154 5677; x_wconf 82' lang='grc' dir='ltr'>Χριστὸν</span> <span class='ocrx_word' id='word_1_752' title='bbox 1193 5608 1570 5680; x_wconf 85' lang='grc' dir='ltr'>ἁμαρτάνετε,</span> <span class='ocrx_word' id='word_1_753' title='bbox 1621 5627 1638 5659; x_wconf 79' lang='grc' dir='ltr'>ι</span> <span class='ocrx_word' id='word_1_754' title='bbox 1682 5607 1869 5660; x_wconf 76' lang='grc' dir='ltr'>εἰπών.</span> 
     </span>
    </p>
   </div>
   <div class='ocr_carea' id='block_1_103' title="bbox 1989 4595 3563 4671">
    <p class='ocr_par' dir='ltr' id='par_1_103' title="bbox 1989 4595 3563 4671">
     <span class='ocr_line' id='line_1_103' title="bbox 1989 4595 3563 4671; baseline -0.006 -14"><span class='ocrx_word' id='word_1_755' title='bbox 1989 4605 2225 4668; x_wconf 84' lang='lat' dir='ltr'><strong>inﬁrmo,</strong></span> <span class='ocrx_word' id='word_1_756' title='bbox 2260 4613 2312 4654; x_wconf 86' lang='lat' dir='ltr'>et</span> <span class='ocrx_word' id='word_1_757' title='bbox 2340 4615 2560 4671; x_wconf 87' lang='lat' dir='ltr'><strong>propter</strong></span> <span class='ocrx_word' id='word_1_758' title='bbox 2589 4617 2748 4668; x_wconf 89' lang='lat' dir='ltr'><strong>quem</strong></span> <span class='ocrx_word' id='word_1_759' title='bbox 2785 4600 3036 4653; x_wconf 82' lang='lat' dir='ltr'><strong>Christus</strong></span> <span class='ocrx_word' id='word_1_760' title='bbox 3071 4609 3153 4652; x_wconf 89' lang='lat' dir='ltr'>est</span> <span class='ocrx_word' id='word_1_761' title='bbox 3186 4607 3452 4651; x_wconf 90' lang='lat' dir='ltr'><strong>mortuus.</strong></span> <span class='ocrx_word' id='word_1_762' title='bbox 3497 4595 3563 4649; x_wconf 84' lang='lat' dir='ltr'><strong>Et</strong></span> 
     </span>
    </p>
   </div>
   <div class='ocr_carea' id='block_1_104' title="bbox 1988 4683 3560 4760">
    <p class='ocr_par' dir='ltr' id='par_1_104' title="bbox 1988 4683 3560 4760">
     <span class='ocr_line' id='line_1_104' title="bbox 1988 4683 3560 4760; baseline -0.007 -14"><span class='ocrx_word' id='word_1_763' title='bbox 1988 4694 2241 4746; x_wconf 79' lang='lat' dir='ltr'><strong>Christus</strong></span> <span class='ocrx_word' id='word_1_764' title='bbox 2271 4692 2486 4760; x_wconf 90' lang='lat' dir='ltr'><strong>quidem</strong></span> <span class='ocrx_word' id='word_1_765' title='bbox 2520 4706 2614 4758; x_wconf 92' lang='lat' dir='ltr'>pro</span> <span class='ocrx_word' id='word_1_766' title='bbox 2645 4691 2760 4756; x_wconf 89' lang='lat' dir='ltr'><strong>ipso</strong></span> <span class='ocrx_word' id='word_1_767' title='bbox 2791 4705 2895 4741; x_wconf 88' lang='lat' dir='ltr'>non</span> <span class='ocrx_word' id='word_1_768' title='bbox 2932 4689 3249 4740; x_wconf 70' lang='lat' dir='ltr'><strong>detrectavit</strong></span> <span class='ocrx_word' id='word_1_769' title='bbox 3281 4683 3418 4738; x_wconf 88' lang='lat' dir='ltr'><strong>mori</strong></span> <span class='ocrx_word' id='word_1_770' title='bbox 3451 4701 3465 4749; x_wconf 91' lang='lat'><strong>;</strong></span> <span class='ocrx_word' id='word_1_771' title='bbox 3507 4694 3560 4735; x_wconf 91' lang='lat' dir='ltr'><strong>tu</strong></span> 
     </span>
    </p>
   </div>
   <div class='ocr_carea' id='block_1_105' title="bbox 1987 4775 3559 4847">
    <p class='ocr_par' dir='ltr' id='par_1_105' title="bbox 1987 4775 3559 4847">
     <span class='ocr_line' id='line_1_105' title="bbox 1987 4775 3559 4847; baseline -0.004 -14"><span class='ocrx_word' id='word_1_772' title='bbox 1987 4796 2115 4833; x_wconf 83' lang='lat' dir='ltr'><strong>vero</strong></span> <span class='ocrx_word' id='word_1_773' title='bbox 2153 4796 2222 4832; x_wconf 91' lang='lat' dir='ltr'>ne</span> <span class='ocrx_word' id='word_1_774' title='bbox 2265 4795 2290 4830; x_wconf 89' lang='lat' dir='ltr'>a</span> <span class='ocrx_word' id='word_1_775' title='bbox 2325 4782 2461 4832; x_wconf 89' lang='lat' dir='ltr'><strong>cibis</strong></span> <span class='ocrx_word' id='word_1_776' title='bbox 2502 4780 2716 4847; x_wconf 91' lang='lat' dir='ltr'><strong>quidem</strong></span> <span class='ocrx_word' id='word_1_777' title='bbox 2748 4777 3010 4840; x_wconf 86' lang='lat' dir='ltr'><strong>abstines,</strong></span> <span class='ocrx_word' id='word_1_778' title='bbox 3046 4784 3103 4827; x_wconf 91' lang='lat' dir='ltr'><strong>ut</strong></span> <span class='ocrx_word' id='word_1_779' title='bbox 3155 4775 3313 4844; x_wconf 78' lang='lat'>169</span> <span class='ocrx_word' id='word_1_780' title='bbox 3344 4775 3431 4827; x_wconf 92' lang='lat' dir='ltr'><strong>ille</strong></span> <span class='ocrx_word' id='word_1_781' title='bbox 3457 4791 3559 4826; x_wconf 84' lang='lat' dir='ltr'>non</span> 
     </span>
    </p>
   </div>
   <div class='ocr_carea' id='block_1_106' title="bbox 1987 4863 3560 4937">
    <p class='ocr_par' dir='ltr' id='par_1_106' title="bbox 1987 4863 3560 4937">
     <span class='ocr_line' id='line_1_106' title="bbox 1987 4863 3560 4937; baseline -0.008 -14"><span class='ocrx_word' id='word_1_782' title='bbox 1987 4869 2330 4923; x_wconf 69' lang='lat' dir='ltr'><strong>oﬂ&#39;endatur?</strong></span> <span class='ocrx_word' id='word_1_783' title='bbox 2374 4869 2789 4937; x_wconf 82' lang='lat' dir='ltr'><strong>Cltrysostomus</strong></span> <span class='ocrx_word' id='word_1_784' title='bbox 2842 4874 3040 4929; x_wconf 88' lang='lat' dir='ltr'><strong>autem,</strong></span> <span class='ocrx_word' id='word_1_785' title='bbox 3077 4885 3092 4914; x_wconf 85' lang='grc' dir='ltr'>ι</span> <span class='ocrx_word' id='word_1_786' title='bbox 3133 4864 3216 4917; x_wconf 81' lang='lat' dir='ltr'>Ub</span> <span class='ocrx_word' id='word_1_787' title='bbox 3270 4863 3560 4916; x_wconf 80' lang='lat' dir='ltr'><strong>mandUCa-</strong></span> 
     </span>
    </p>
   </div>
   <div class='ocr_carea' id='block_1_107' title="bbox 1987 4959 2636 5027">
    <p class='ocr_par' dir='ltr' id='par_1_107' title="bbox 1987 4959 2636 5027">
     <span class='ocr_line' id='line_1_107' title="bbox 1987 4959 2636 5027; baseline -0.008 -11"><span class='ocrx_word' id='word_1_788' title='bbox 1987 4965 2186 5016; x_wconf 88' lang='lat' dir='ltr'><strong>tionem</strong></span> <span class='ocrx_word' id='word_1_789' title='bbox 2221 4973 2388 5027; x_wconf 88' lang='lat' dir='ltr'><strong>tuam,</strong></span> <span class='ocrx_word' id='word_1_790' title='bbox 2435 4979 2452 5011; x_wconf 77' lang='grc' dir='ltr'>ι</span> <span class='ocrx_word' id='word_1_791' title='bbox 2488 4959 2636 5013; x_wconf 86' lang='lat' dir='ltr'><strong>dicit.</strong></span> 
     </span>
    </p>
   </div>
   <div class='ocr_carea' id='block_1_108' title="bbox 2062 5049 3562 5119">
    <p class='ocr_par' dir='ltr' id='par_1_108' title="bbox 2062 5049 3562 5119">
     <span class='ocr_line' id='line_1_108' title="bbox 2062 5049 3562 5119; baseline -0.007 -11"><span class='ocrx_word' id='word_1_792' title='bbox 2062 5055 2222 5109; x_wconf 71' lang='lat' dir='ltr'><strong>Vens.</strong></span> <span class='ocrx_word' id='word_1_793' title='bbox 2263 5055 2344 5108; x_wconf 69' lang='lat' dir='ltr'>l2.</span> <span class='ocrx_word' id='word_1_794' title='bbox 2380 5074 2398 5105; x_wconf 82' lang='grc' dir='ltr'>ι</span> <span class='ocrx_word' id='word_1_795' title='bbox 2442 5053 2530 5106; x_wconf 90' lang='lat' dir='ltr'><strong>Sic</strong></span> <span class='ocrx_word' id='word_1_796' title='bbox 2578 5060 2754 5105; x_wconf 91' lang='lat' dir='ltr'><strong>autem</strong></span> <span class='ocrx_word' id='word_1_797' title='bbox 2791 5059 3078 5119; x_wconf 89' lang='lat' dir='ltr'><strong>peccantes</strong></span> <span class='ocrx_word' id='word_1_798' title='bbox 3128 5051 3179 5102; x_wconf 94' lang='lat' dir='ltr'>iu</span> <span class='ocrx_word' id='word_1_799' title='bbox 3241 5049 3471 5111; x_wconf 86' lang='lat' dir='ltr'><strong>fratres,</strong></span> <span class='ocrx_word' id='word_1_800' title='bbox 3507 5056 3562 5099; x_wconf 91' lang='lat' dir='ltr'><strong>et</strong></span> 
     </span>
    </p>
   </div>
   <div class='ocr_carea' id='block_1_109' title="bbox 1978 5141 3558 5217">
    <p class='ocr_par' dir='ltr' id='par_1_109' title="bbox 1978 5141 3558 5217">
     <span class='ocr_line' id='line_1_109' title="bbox 1978 5141 3558 5217; baseline -0.007 -16"><span class='ocrx_word' id='word_1_801' title='bbox 1978 5149 2343 5217; x_wconf 88' lang='lat' dir='ltr'><strong>percutientes</strong></span> <span class='ocrx_word' id='word_1_802' title='bbox 2404 5145 2794 5200; x_wconf 89' lang='lat' dir='ltr'><strong>conscientiam</strong></span> <span class='ocrx_word' id='word_1_803' title='bbox 2869 5159 3056 5196; x_wconf 91' lang='lat' dir='ltr'><strong>eorum</strong></span> <span class='ocrx_word' id='word_1_804' title='bbox 3126 5141 3433 5204; x_wconf 86' lang='lat' dir='ltr'><strong>inﬁrmam,</strong></span> <span class='ocrx_word' id='word_1_805' title='bbox 3507 5141 3558 5191; x_wconf 92' lang='lat' dir='ltr'><strong>in</strong></span> 
     </span>
    </p>
   </div>
   <div class='ocr_carea' id='block_1_110' title="bbox 1986 5231 3557 5307">
    <p class='ocr_par' dir='ltr' id='par_1_110' title="bbox 1986 5231 3557 5307">
     <span class='ocr_line' id='line_1_110' title="bbox 1986 5231 3557 5307; baseline -0.008 -13"><span class='ocrx_word' id='word_1_806' title='bbox 1986 5241 2260 5296; x_wconf 81' lang='lat' dir='ltr'><strong>Christum</strong></span> <span class='ocrx_word' id='word_1_807' title='bbox 2298 5237 2554 5307; x_wconf 85' lang='lat' dir='ltr'><strong>peccatis.</strong></span> <span class='ocrx_word' id='word_1_808' title='bbox 2603 5255 2620 5287; x_wconf 76' lang='grc' dir='ltr'>ι</span> <span class='ocrx_word' id='word_1_809' title='bbox 2672 5234 2786 5290; x_wconf 83' lang='grc' dir='ltr'>Νοιι</span> <span class='ocrx_word' id='word_1_810' title='bbox 2839 5235 3014 5298; x_wconf 82' lang='lat' dir='ltr'><strong>dixit,</strong></span> <span class='ocrx_word' id='word_1_811' title='bbox 3048 5231 3391 5286; x_wconf 65' lang='lat' dir='ltr'><strong>Oﬂ‘i-ndentes</strong></span> <span class='ocrx_word' id='word_1_812' title='bbox 3416 5272 3431 5296; x_wconf 93' lang='lat'>,</span> <span class='ocrx_word' id='word_1_813' title='bbox 3466 5233 3557 5283; x_wconf 90' lang='lat' dir='ltr'>sed</span> 
     </span>
    </p>
   </div>
   <div class='ocr_carea' id='block_1_111' title="bbox 1989 5326 3560 5392">
    <p class='ocr_par' dir='ltr' id='par_1_111' title="bbox 1989 5326 3560 5392">
     <span class='ocr_line' id='line_1_111' title="bbox 1989 5326 3560 5392; baseline -0.006 -11"><span class='ocrx_word' id='word_1_814' title='bbox 1989 5349 2006 5381; x_wconf 84' lang='grc' dir='ltr'>ι</span> <span class='ocrx_word' id='word_1_815' title='bbox 2039 5331 2443 5392; x_wconf 82' lang='lat' dir='ltr'><strong>Percntieutes;</strong></span> <span class='ocrx_word' id='word_1_816' title='bbox 2484 5347 2502 5379; x_wconf 82' lang='grc' dir='ltr'>ι</span> <span class='ocrx_word' id='word_1_817' title='bbox 2545 5339 2601 5380; x_wconf 85' lang='grc' dir='ltr'>ιιι</span> <span class='ocrx_word' id='word_1_818' title='bbox 2640 5328 3015 5381; x_wconf 78' lang='lat' dir='ltr'><strong>crudelitatem</strong></span> <span class='ocrx_word' id='word_1_819' title='bbox 3055 5326 3354 5386; x_wconf 86' lang='lat' dir='ltr'><strong>indicaret;</strong></span> <span class='ocrx_word' id='word_1_820' title='bbox 3386 5338 3560 5388; x_wconf 84' lang='lat' dir='ltr'><strong>quan-</strong></span> 
     </span>
    </p>
   </div>
   <div class='ocr_carea' id='block_1_112' title="bbox 1981 5416 3556 5491">
    <p class='ocr_par' dir='ltr' id='par_1_112' title="bbox 1981 5416 3556 5491">
     <span class='ocr_line' id='line_1_112' title="bbox 1981 5416 3556 5491; baseline -0.005 -16"><span class='ocrx_word' id='word_1_821' title='bbox 1981 5423 2266 5490; x_wconf 91' lang='lat' dir='ltr'><strong>doquidem</strong></span> <span class='ocrx_word' id='word_1_822' title='bbox 2319 5433 2371 5475; x_wconf 91' lang='lat' dir='ltr'>et</span> <span class='ocrx_word' id='word_1_823' title='bbox 2409 5421 2752 5491; x_wconf 76' lang='lat' dir='ltr'><strong>languentem</strong></span> <span class='ocrx_word' id='word_1_824' title='bbox 2815 5420 3203 5473; x_wconf 89' lang='lat' dir='ltr'><strong>conscientiam</strong></span> <span class='ocrx_word' id='word_1_825' title='bbox 3247 5417 3461 5470; x_wconf 84' lang='lat' dir='ltr'><strong>feriant.</strong></span> <span class='ocrx_word' id='word_1_826' title='bbox 3503 5416 3556 5467; x_wconf 92' lang='lat' dir='ltr'><strong>ln</strong></span> 
     </span>
    </p>
   </div>
   <div class='ocr_carea' id='block_1_113' title="bbox 1982 5509 3555 5582">
    <p class='ocr_par' dir='ltr' id='par_1_113' title="bbox 1982 5509 3555 5582">
     <span class='ocr_line' id='line_1_113' title="bbox 1982 5509 3555 5582; baseline -0.006 -16"><span class='ocrx_word' id='word_1_827' title='bbox 1982 5514 2154 5582; x_wconf 91' lang='lat' dir='ltr'><strong>ipsum</strong></span> <span class='ocrx_word' id='word_1_828' title='bbox 2212 5523 2390 5566; x_wconf 89' lang='lat' dir='ltr'><strong>autem</strong></span> <span class='ocrx_word' id='word_1_829' title='bbox 2426 5512 2870 5578; x_wconf 79' lang='lat' dir='ltr'><strong>transgressionis</strong></span> <span class='ocrx_word' id='word_1_830' title='bbox 2913 5509 3228 5578; x_wconf 85' lang='lat' dir='ltr'><strong>fastigium,</strong></span> <span class='ocrx_word' id='word_1_831' title='bbox 3275 5516 3555 5571; x_wconf 85' lang='lat' dir='ltr'><strong>peccatum</strong></span> 
     </span>
    </p>
   </div>
   <div class='ocr_carea' id='block_1_114' title="bbox 1985 5597 3561 5672">
    <p class='ocr_par' dir='ltr' id='par_1_114' title="bbox 1985 5597 3561 5672">
     <span class='ocr_line' id='line_1_114' title="bbox 1985 5597 3561 5672; baseline -0.004 -13"><span class='ocrx_word' id='word_1_832' title='bbox 1985 5605 2204 5670; x_wconf 89' lang='lat' dir='ltr'><strong>retulit;</strong></span> <span class='ocrx_word' id='word_1_833' title='bbox 2245 5623 2262 5655; x_wconf 83' lang='grc' dir='ltr'>ι</span> <span class='ocrx_word' id='word_1_834' title='bbox 2307 5604 2362 5658; x_wconf 90' lang='lat' dir='ltr'><strong>lu</strong></span> <span class='ocrx_word' id='word_1_835' title='bbox 2399 5605 2669 5659; x_wconf 84' lang='lat' dir='ltr'><strong>Christum</strong></span> <span class='ocrx_word' id='word_1_836' title='bbox 2723 5603 2982 5672; x_wconf 88' lang='lat' dir='ltr'><strong>peccatis,</strong></span> <span class='ocrx_word' id='word_1_837' title='bbox 3032 5622 3049 5654; x_wconf 77' lang='grc' dir='ltr'>ι</span> <span class='ocrx_word' id='word_1_838' title='bbox 3096 5602 3362 5671; x_wconf 82' lang='lat' dir='ltr'><strong>inquiens.</strong></span> <span class='ocrx_word' id='word_1_839' title='bbox 3413 5597 3561 5662; x_wconf 80' lang='lat' dir='ltr'><strong>Quo—</strong></span> 
     </span>
    </p>
   </div>
   <div class='ocr_carea' id='block_1_115' title="bbox 1654 5696 2241 5760">
    <p class='ocr_par' dir='ltr' id='par_1_115' title="bbox 1654 5696 2241 5760">
     <span class='ocr_line' id='line_1_115' title="bbox 1654 5696 2241 5760; baseline -0.007 0"><span class='ocrx_word' id='word_1_840' title='bbox 1654 5698 1858 5760; x_wconf 75' lang='lat' dir='ltr'><strong>Varite</strong></span> <span class='ocrx_word' id='word_1_841' title='bbox 1920 5696 2241 5760; x_wconf 86' lang='lat' dir='ltr'><strong>lectiones.</strong></span> 
     </span>
    </p>
   </div>
   <div class='ocr_carea' id='block_1_116' title="bbox 378 5798 836 5868">
    <p class='ocr_par' dir='ltr' id='par_1_116' title="bbox 378 5798 836 5868">
     <span class='ocr_line' id='line_1_116' title="bbox 378 5798 836 5868; baseline 0.002 -17"><span class='ocrx_word' id='word_1_842' title='bbox 378 5798 426 5829; x_wconf 88' lang='grc'><strong><em>⁸⁷</em></strong></span> <span class='ocrx_word' id='word_1_843' title='bbox 449 5799 750 5868; x_wconf 71' lang='grc' dir='ltr'>εἰσήγαγεν</span> <span class='ocrx_word' id='word_1_844' title='bbox 783 5820 836 5856; x_wconf 89' lang='grc' dir='ltr'>υ.</span> 
     </span>
    </p>
   </div>
  </div>
