4272 6448
760 351 868 416 667

1643 356 2226 416 THEOPHYLACTI
2269 355 2679 416 BULGARIAE
2721 355 3079 416 ARCHIEP.

3901 353 4026 421 663

755 477 869 518 non
911 462 1129 517 ditescit
1158 477 1224 515 ex
1260 460 1484 518 fructu?
1511 465 1602 518 sed
1623 506 1638 528 ,
1676 483 1694 515 ι
1730 465 1845 518 Non
1875 466 2026 520 edit?
2063 485 2080 518 ι
2117 467 2333 535 ubique,
2365 469 2415 527 Α

2365 469 2415 527 Α
2449 486 2466 517 ι
2522 467 2612 519 Ἐκ
2645 466 2738 519 τοῦ
2787 465 3024 536 καρποῦ.
3069 483 3089 517 ι
3139 461 3257 519 οὑδέ
3289 457 3443 526 εἷπε,
3483 461 3577 524 Τίς
3615 460 3675 515 οὑ
3706 461 3926 516 πλουτεῖ
3955 463 4034 517 ἐκ

753 553 898 624 quod
937 556 1002 606 ad
1045 570 1201 607 nsunt
1243 565 1296 609 et
1342 556 1718 610 necessitatem
1757 558 2039 624 pertinet,
2090 573 2334 627 quaerere

752 647 1068 708 admonens,
1105 662 1211 700 non
1239 649 1380 715 quod
1413 647 1740 716 superﬂuum
1768 659 1870 701 est.

827 755 846 789 ι
881 737 1008 802 Quis
1037 742 1210 806 pascit
1238 755 1478 808 gregem,
1504 749 1558 792 et
1586 741 1650 792 de
1683 741 1821 793 lacte
1852 740 1969 804 ejus
1995 756 2102 795 non
2132 744 2280 796 edit?
2309 763 2328 794 ι

753 826 870 881 Non
905 829 1039 882 dixit
1061 869 1075 890 .
1113 828 1302 883 Vendit
1334 831 1592 896 pecudes,
1628 845 1789 884 easve
1819 834 1964 896 edat,
1997 844 2089 885 aut
2119 835 2335 887 univer—

755 937 873 974 sum
905 922 1010 984 lac,
1046 922 1157 982 sed,
1209 941 1227 972 ι
1279 921 1353 975 De
1393 921 1529 974 lacte
1567 939 1577 972 :
1621 941 1636 971 ι
1672 921 1964 975 ostendens
2011 924 2163 977 nobis
2195 925 2334 991 quod

756 1013 968 1066 modica
997 1012 1369 1065 consolatione
1397 1013 1672 1066 doctorem
1697 1021 2011 1066 contentum
2037 1029 2154 1065 esse
2177 1030 2336 1081 opor~

757 1111 902 1168 teat,
966 1118 1028 1155 ac
1086 1105 1399 1157 necessario
1460 1105 1624 1155 victu.
1696 1103 1801 1157 Per
1855 1116 2123 1172 pastorem
2185 1121 2335 1171 vero,

758 1211 1005 1261 magnam
1058 1211 1242 1248 curam
1301 1196 1564 1249 indicavit
1615 1212 1777 1264 quam
1829 1197 2108 1251 doctorem
2146 1215 2335 1269 gerere

753 1296 1022 1354 oporteat.

830 1379 985 1431 Vens.
1040 1377 1091 1439 8.
1153 1396 1172 1428 ι
1237 1375 1490 1447 Nunqtiid
1565 1380 1861 1432 secundum
1903 1380 2176 1433 hominem
2225 1381 2336 1433 haec

753 1471 912 1524 dico?
936 1486 1002 1523 an
1033 1479 1087 1524 et
1127 1470 1209 1523 lex
1245 1472 1358 1526 haec
1394 1487 1498 1524 non
1533 1472 1699 1525 dicit?
1733 1491 1748 1521 ι
1781 1473 1893 1526 Hoc
1935 1484 2041 1536 est,
2079 1476 2231 1525 Anne
2267 1488 2332 1526 ex

753 1563 886 1616 solis
941 1562 1194 1615 humanis
1254 1561 1517 1630 exemplis
1583 1563 1682 1615 ista
1745 1564 1951 1632 probo.
2012 1579 2110 1617 uec
2164 1563 2338 1617 habeo

759 1653 1059 1720 Scriptura:
1129 1654 1538 1707 testimonium?
1566 1655 1791 1709 Possum
1829 1658 2073 1722 equidem
2115 1657 2339 1710 demon-

750 1756 948 1808 strare,
973 1746 1111 1814 quod
1139 1747 1250 1800 haec
1277 1747 1384 1804 Deo
1412 1748 1654 1816 placeant
1683 1767 1694 1800 :
1721 1749 1984 1816 siquidem
2012 1758 2066 1802 et
2090 1750 2195 1814 lex,
2220 1766 2338 1819 qua:

752 1849 860 1888 non
894 1844 977 1888 est
1000 1833 1236 1889 humana
1262 1838 1354 1889 sed
1381 1837 1582 1899 divitia,
1614 1837 1725 1890 haec
1758 1838 2023 1906 praecipit.

825 1927 989 1982 Vens.
1024 1930 1078 1984 9.
1119 1948 1137 1981 ι
1172 1929 1444 1997 Scriptum
1473 1941 1556 1982 est
1577 1931 1719 1982 enim
1755 1934 1805 1984 in
1835 1931 1947 2000 lege
1975 1931 2138 2000 Moysi
2173 1949 2185 1982 :
2214 1928 2330 1983 Non

751 2019 997 2089 alligaliis
1027 2037 1087 2074 os
1116 2021 1236 2075 bovi
1270 2023 1544 2076 trilurauti
1577 2026 1622 2077 ⁸.
1671 2042 1688 2074 ι
1731 2023 1802 2075 Ex
1843 2024 2158 2087 abundanti,
2191 2023 2331 2090 quod

751 2113 886 2176 vult,
917 2113 1201 2168 ccufirmat
1240 2131 1253 2168 :
1290 2118 1432 2168 unde
1461 2127 1516 2168 et
1562 2118 1718 2169 houm
1751 2116 2053 2184 exemplum
2107 2114 2330 2184 profert.

829 2305 846 2337 ι
880 2286 1134 2356 Nunquid
1165 2288 1232 2341 de
1257 2289 1426 2342 bobus
1471 2305 1599 2344 cura
1629 2298 1712 2343 est
1743 2291 1886 2344 Deo?
1925 2309 1941 2341 ι
1975 2290 2111 2356 Quid
2142 2291 2334 2359 igitur?

749 2377 940 2430 Nonne
963 2380 1151 2431 curat?
1181 2379 1415 2434 Omnino
1442 2390 1587 2433 certe
1620 2399 1634 2438 ;
1669 2382 1815 2449 atqui
1846 2396 1946 2432 non
1979 2382 2074 2439 ita.
2107 2391 2162 2433 ut
2192 2382 2335 2449 leges

752 2471 817 2522 de
849 2471 912 2524 iis
933 2472 1160 2524 sauciat.
1189 2474 1344 2524 Aliud
1373 2473 1556 2540 itaque
1576 2474 1836 2541 quiddam
1865 2489 1962 2540 per
1985 2473 2330 2527 clementiam

753 2574 880 2624 erga
915 2559 1071 2612 bruta
1105 2561 1446 2615 aduutbravit
1468 2601 1482 2624 ,
1525 2578 1785 2616 exercens
1832 2565 2085 2616 nimirum
2117 2563 2334 2618 Judmos

753 2649 804 2701 io
839 2649 1016 2701 studio
1046 2661 1100 2702 et
1126 2667 1309 2704 amore
1351 2667 1475 2720 erga
1508 2653 1761 2705 doctores
1801 2669 1946 2707 Suos.
1997 2654 2132 2708 llinc
2174 2671 2334 2721 porro

752 2741 1046 2805 discimus,
1087 2743 1230 2809 quod
1275 2759 1612 2812 quaecunque
1649 2746 1699 2796 iu
1753 2743 1933 2798 Veteri
1985 2745 2335 2799 Testamento

753 2834 819 2884 de
848 2833 1020 2887 brutis
1042 2836 1366 2888 animalibus
1397 2837 1538 2889 dicta
1585 2846 1732 2901 sunt,
1773 2839 1837 2890 ad
1872 2837 2151 2890 hominum
2183 2838 2336 2892 insti-

757 2925 1017 2978 lntionem
1041 2927 1375 2982 c0uducunt.

827 3018 988 3072 Vens.
1024 3020 1109 3072 t0.
1164 3039 1182 3072 ι
1235 3027 1313 3074 An
1345 3032 1562 3089 propter
1605 3039 1704 3077 nos
1745 3025 1858 3077 haec
1903 3027 2124 3078 omnino
2164 3027 2338 3079 dicit?

2437 554 2529 606 τοῦ
2564 556 2810 625 καρποῦς
2843 556 2957 608 ἀλλ’
3001 573 3018 605 ι
3052 555 3163 608 Οὑκ
3193 554 3361 606 ἐσθίει
3390 571 3402 582 ·
3429 553 3709 623 πανταχοῦ
3735 554 3795 606 τὺ
3823 553 4032 624 χρειῶ-

2436 645 2524 707 δες
2564 646 2748 715 ζητεῖν
2783 646 3084 715 παραινῶν,
3112 646 3173 698 οὑ
3207 646 3266 698 τὸ
3305 647 3575 713 περιττόν.

2517 755 2534 786 ι
2579 737 2674 798 Τίς
2700 738 2977 805 ποιμαίνει
3005 737 3262 806 ποίμνην,
3295 739 3385 788 καὶ
3411 740 3475 788 ἐκ
3498 737 3590 789 τοῦ
3619 737 3884 804 γάλακτος
3915 739 4026 790 αὑ·

2437 828 2537 895 τῆς
2568 828 2668 879 οὐκ
2699 827 2902 893 ἐσθίει;
2943 846 2959 877 ι
2997 828 3111 879 Οὑκ
3138 822 3312 890 εἶπεν,
3344 829 3422 880 ὅτι
3454 827 3631 879 Πωλεῖ
3655 828 3720 879 τὰ
3746 827 4025 895 πρόϐατα,

2439 919 2494 987 ἦ,
2533 917 2735 971 Ἐσθίει
2776 918 2970 977 ταῦτα.
3006 920 3038 987 ἢ
3073 919 3146 970 Τὸ
3179 919 3320 985 γάλα
3345 920 3474 983 πᾶν,
3513 919 3648 980 ἀλλ’,
3703 938 3720 969 ι
3779 920 3872 971 Ἐκ
3922 918 4028 971 τοῦ

2438 1011 2726 1077 γάλακτος·
2758 1029 2776 1060 ι
2803 1010 3064 1062 δεικνύων
3095 1012 3248 1080 ἡμῖν,
3282 1012 3360 1063 ὃτι
3389 1013 3563 1080 μικρᾷ
3582 1011 3898 1080 παραμυθίᾳ
3927 1011 4032 1062 τὸν

2438 1102 2755 1155 διδάσκαλον
2789 1102 3081 1172 ἀρκεῖσθαι
3106 1104 3184 1155 δεῖ
3211 1106 3278 1169 ’⁸,
3310 1105 3404 1156 καὶ
3433 1107 3499 1172 τῇ
3525 1103 3801 1172 ἀναγκαίᾳ
3823 1106 4028 1173 τροφῇ.

2441 1194 2551 1262 Τὴν
2585 1193 2640 1246 δὲ
2677 1194 2877 1263 πολλὴν
2921 1195 3247 1262 κηδεμονίαν
3280 1195 3537 1262 ἐδήλωσε,
3574 1195 3661 1247 διὰ
3698 1194 3790 1247 τοῦ
3830 1195 4031 1264 ποιμέ-

2439 1303 2546 1348 νος,
2584 1288 2651 1354 ἣν
2678 1285 2758 1337 δεῖ
2789 1286 2935 1354 ἔχειν
2969 1288 3057 1338 τὸν
3086 1286 3428 1339 διδάσκαλον.

2516 1395 2534 1426 ι
2573 1378 2662 1444 Μὴ
2714 1377 2856 1428 κατά
2887 1378 3172 1448 ἄνθρωπον
3203 1378 3372 1429 ταῦτα
3411 1379 3589 1443 λέγω;
3623 1377 3652 1446 ἢ
3692 1377 3814 1446 οὑχὶ
3859 1377 3951 1429 καὶ
3997 1379 4027 1429 ό

2438 1469 2601 1537 νεμος
2635 1469 2804 1521 ταῦτα
2847 1470 3036 1536 λέγει;
3087 1490 3105 1521 ›
3142 1471 3420 1530 Τουτέστι,
3461 1470 3551 1540 Μὴ
3579 1472 3642 1521 ἐκ
3673 1470 3781 1521 τῶν
3812 1469 4029 1538 ἀνθρω-

2443 1563 2610 1612 πίνων
2645 1562 2823 1630 μόνων
2851 1563 3271 1630 ὑποδειγμάτων
3298 1562 3471 1615 ταῦτα
3500 1562 3756 1624 συνιστῶ,
3793 1562 3893 1613 οὑκ
3915 1561 4026 1629 ἔχω

2439 1654 2493 1704 δὲ
2523 1655 2612 1705 καὶ
2643 1655 2748 1706 ἀπὸ
2789 1659 2883 1725 τῆς
2920 1657 3146 1724 Γραφῆς
3183 1657 3528 1724 μαρτυρίαν;
3569 1657 3718 1723 "Elui
3743 1654 3912 1718 δεῖξαι
3939 1656 4025 1706 ὅτι

2442 1748 2536 1798 καὶ
2567 1747 2642 1816 τῷ
2668 1749 2785 1814 Θεῷ
2812 1748 2984 1801 ταῦτα
3009 1749 3175 1811 δοκεῖ,
3210 1750 3304 1800 καὶ
3330 1750 3356 1800 6
3387 1748 3570 1816 νόμος,
3596 1747 3654 1811 ὃς
3678 1747 3778 1799 οὑκ
3807 1745 4023 1816 ἀνθρὼο

2443 1853 2614 1897 πινος,
2658 1838 2792 1889 ἀλλὰ
2822 1839 2962 1897 θεῖός
2999 1841 3136 1902 ἐστι,
3169 1837 3342 1890 ταῦτα
3372 1837 3699 1904 διαγορεύει.

2513 1946 2530 1976 ι
2571 1928 2658 1978 Ἐν
2680 1931 2785 1997 γάρ
2811 1930 2885 1996 τῷ
2914 1929 3152 1989 Μωσέως
3187 1929 3334 1996 νόμῳ
3363 1929 3674 1996 γέγραπται
3698 1945 3710 1956 °
3739 1929 3813 1980 Οὑ
3846 1927 4027 1995 φιμώ-

2439 2035 2552 2079 σεις
2588 2018 2713 2086 βοῦν
2746 2020 3011 2073 ἀλοῶντα.
3058 2039 3074 2069 ι
3127 2021 3221 2071 Ἐκ
3264 2021 3583 2088 περιουσίας
3625 2020 4027 2083 κατασκευάζει

2435 2111 2462 2161 ὃ
2503 2110 2779 2178 βούλεται*
2823 2113 2911 2164 διά
2958 2113 3117 2165 τοῦτο
3152 2112 3246 2163 καὶ
3277 2111 3334 2162 τὺ
3374 2112 3481 2162 τῶν
3515 2111 3651 2180 βοῶν
3694 2111 4026 2181 παρεισάγει

2437 2204 2742 2272 ὑπόδειγμα
2767 2205 2832 2255 ⁸⁸.

2513 2317 2530 2346 ι
2571 2299 2659 2365 Μὴ
2716 2297 2823 2349 τῶν
2871 2298 3008 2366 βοῶν
3060 2298 3215 2366 μέλει
3267 2298 3346 2366 τῷ
3399 2297 3555 2368 Θεῷς
3599 2315 3618 2350 ι
3672 2299 3735 2349 Τί
3781 2297 3904 2363 oin;
3965 2299 4025 2350 οὐ

2440 2390 2623 2456 μέλει;
2654 2390 2760 2441 Ναὶ
2787 2390 3001 2452 πάντως
3024 2408 3035 2420 ·
3062 2390 3174 2440 ἀλλ’
3202 2393 3298 2459 οὑχ
3320 2392 3515 2452 οὑτως,
3539 2389 3677 2441 ῶστε
3709 2393 3804 2443 xui.
3826 2391 4025 2456 νόμους

2437 2481 2643 2534 τιθέναι
2677 2483 2804 2551 περὶ
2844 2482 3071 2534 τούτων.
3109 2484 3272 2536 Ὥστε
3303 2484 3429 2536 ἄλλο
3451 2502 3501 2535 τι
3533 2483 3777 2552 ᾐνίττετο
3807 2482 3897 2534 διὰ
3929 2484 4026 2550 τῆς

2438 2576 2515 2634 εἰς
2547 2574 2613 2626 τὰ
2646 2575 2813 2640 ἄλογα
2845 2575 3280 2644 φιλανθρωπίας,
3326 2574 3688 2644 ἐγγυμνὰζων
3719 2576 3845 2636 τοὺς
3888 2575 4026 2626 Ἰου-

2437 2667 2620 2727 δαίους
2646 2668 2710 2734 τῇ
2747 2668 2825 2728 είς
2857 2667 2983 2729 τοὺς
3010 2666 3360 2728 διδασκάλους
3386 2669 3616 2736 σπουδῇ.
3665 2665 3947 2717 Ἐντεῦθεν
3972 2667 4026 2718 δέ

2441 2758 2811 2826 μανθάνομεν,
2844 2759 2923 2810 ὃτι
2965 2759 3063 2809 ὅσα
3091 2760 3216 2826 περὶ
3252 2758 3461 2825 ἀλόγων
3493 2760 3550 2811 ἐν
3580 2761 3644 2825 τῇ
3677 2759 3892 2828 Παλαιᾷ
3933 2759 4022 2809 λέ-

2438 2869 2617 2918 γεται,
2651 2853 2728 2914 είς
2761 2853 2860 2922 τὴν
2893 2853 3001 2905 τῶν
3032 2853 3336 2922 ἀνθρώπων
3370 2853 3615 2904 συντελεῖ
3647 2851 4025 2904 διδασκαλίαν.

2517 3048 2532 3078 ι
2606 3032 2676 3082 Ἦ
2726 3031 2791 3082 δι’
2852 3033 3000 3100 ἡμᾶς
3069 3031 3285 3094 πάντως
3337 3031 3485 3097 λέγει
3527 3049 3540 3094 ;
3585 3033 3662 3082 Δι’
3718 3032 3862 3098 ἡμᾶς
3915 3033 4028 3099 γάρ

753 3122 975 3178 pr0pter
1017 3126 1112 3164 nos
1162 3113 1304 3164 enim
1351 3115 1552 3180 scripta
1605 3125 1751 3166 sunt.
1796 3134 1812 3165 ι
1858 3146 1929 3155 -
1969 3137 1986 3167 ‹
2025 3117 2276 3182 Omnino,
2312 3138 2329 3169 ι
2365 3143 2405 3198 C

2365 3143 2405 3198 ε
2441 3123 2677 3190 ἐγράφη.
2732 3141 2748 3172 ι
2786 3123 2876 3186 Τὸ,
2918 3144 2934 3172 ι
2968 3124 3215 3185 Πάντως,
3275 3143 3292 3174 ι
3344 3124 3418 3183 ὡς
3459 3124 3549 3174 ἐπὶ⁸
3587 3123 4027 3191 ὁμολογουμένου

755 3201 911 3266 quasi
945 3203 1008 3254 de
1040 3218 1095 3255 re
1127 3203 1373 3256 confessa
1404 3207 1615 3274 posuit,
1648 3217 1705 3256 ut
1747 3207 1817 3258 ita
1861 3208 2094 3260 auditori
2126 3208 2333 3262 nullum

759 3295 1165 3348 contradicendi
1204 3301 1376 3349 locum
1408 3299 1697 3367 relinquat.

834 3406 852 3437 ι
887 3385 1150 3451 Quoniam
1191 3391 1240 3440 in
1284 3405 1377 3458 spe
1412 3392 1603 3454 debet,
1637 3394 1726 3460 qui
1763 3403 1914 3456 arat,
1942 3407 2120 3445 arare.
2170 3413 2187 3445 ι
2224 3394 2334 3448 lloc

754 3486 869 3538 est,
899 3490 1200 3548 prrrceptor
1249 3495 1340 3547 spe
1371 3483 1833 3548 compensationis
1875 3492 1929 3535 et
1967 3474 2336 3539 retributionis

757 3582 913 3619 arare
940 3584 999 3620 ac
1033 3569 1277 3623 laborare
1309 3571 1489 3624 debet.

834 3677 852 3708 ι
891 3660 954 3711 Et
993 3662 1082 3726 qui
1135 3661 1349 3713 tritura!
1378 3703 1392 3724 ,
1428 3673 1482 3714 ttt
1520 3665 1588 3717 sit
1630 3667 1897 3732 patticeps
1941 3667 2051 3734 spei
2108 3682 2249 3728 sure,
2284 3666 2333 3716 iu

759 3765 877 3817 spe.
918 3768 937 3800 ι
976 3751 1019 3802 A
1047 3752 1252 3803 semine
1280 3754 1341 3801 ad
1377 3768 1555 3805 aream
1592 3759 1807 3818 transit,
1840 3756 2038 3808 multos
2071 3756 2334 3821 apostolo-

759 3858 876 3895 rum
913 3843 1140 3895 sudorcs
1170 3845 1292 3897 inde
1327 3846 1394 3898 0b
1429 3847 1582 3916 172
1616 3849 1802 3899 oculos
1840 3863 2047 3914 ponens
2081 3867 2092 3900 :
2130 3863 2254 3899 nam
2281 3858 2332 3901 et

762 3933 862 4000 ipsi
890 3941 1067 3998 arant,
1100 3945 1152 3986 et
1185 3950 1363 3988 arcam
1391 3935 1677 4004 frugesque
1710 3947 1911 3990 terunt.
1944 3939 2208 4003 Quoniam
2240 3955 2336 3990 au-

759 4035 864 4076 tem
897 4024 962 4087 is,
1003 4027 1090 4092 qui
1129 4037 1268 4089 arat,
1297 4036 1478 4095 sperat
1510 4038 1714 4080 tantum
1754 4046 1766 4081 :
1807 4031 1895 4097 qtti
1929 4046 2053 4082 vero
2081 4031 2296 4084 triturat
2319 4072 2333 4093 ,

754 4120 864 4187 jam
896 4121 1056 4172 etiam
1083 4121 1259 4185 aliqua
1292 4137 1348 4174 re
1388 4121 1612 4186 fruitur,
1651 4134 1942 4190 prepterea
1977 4123 2135 4180 dixit.
2176 4140 2193 4172 ι
2235 4122 2332 4188 Qui

755 4210 993 4270 triturat,
1023 4211 1133 4276 spei
1162 4225 1274 4263 sua:
1305 4211 1574 4279 particeps
1616 4225 1724 4265 est.
1750 4231 1767 4262 ι
1804 4212 1879 4265 Ne
1914 4214 2035 4280 quis
2066 4214 2224 4281 igitur
2253 4213 2334 4265 di-

754 4311 842 4352 cat
889 4317 904 4352 :
951 4301 1087 4366 Quid
1140 4303 1312 4370 ergo?
1345 4301 1446 4355 Tot
1484 4311 1868 4370 tantorumque
1901 4306 2154 4357 sudorum
2200 4305 2336 4356 hanc

754 4395 924 4447 Solam
953 4398 1254 4449 mercedem
1288 4398 1382 4449 das
1411 4397 1670 4464 apostolis
1692 4438 1706 4459 ,
1745 4407 1801 4447 ut
1833 4397 2045 4448 alantur
2087 4396 2335 4448 tantum?

2441 3212 2722 3273 τέθεικεν.
2755 3213 2840 3263 ἵνα
2877 3215 2950 3283 μὴ
2983 3216 3338 3286 συγχωρήσῃ.
3383 3215 3503 3284 μηδ’
3537 3213 3713 3265 ὁτιοῦν
3747 3215 4028 3266 ἀντειπεῖν

2434 3323 2465 3356 τ
2488 3306 2512 3372 ξι
2550 3305 2818 3372 ἀκροατῇ.

2516 3417 2531 3446 ι
2570 3397 2692 3447 Ὅτι
2737 3397 2819 3447 ἐπ’
2848 3394 3020 3446 ἐλπίδι
3055 3393 3262 3461 ὀφείλει
3303 3396 3329 3445 6
3363 3395 3633 3462 ἀροτριῶν
3677 3395 3960 3462 ἀροτριᾷν.
4001 3413 4018 3445 ι

2439 3487 2752 3544 Τουτέστιν,
2781 3488 2807 3537 ὁ
2828 3486 3146 3546 διδάσκαλος
3170 3485 3374 3552 ὀφείλει
3400 3487 3682 3554 ἀροτριᾷν,
3714 3487 3808 3537 καὶ
3828 3486 4025 3555 κοπιᾷν

2437 3581 2523 3631 ἐπ’
2559 3581 2730 3632 ἐλπίδι
2764 3580 3000 3648 ἀμοιόῆς
3039 3581 3128 3630 καὶ
3176 3578 3545 3646 ἁντιμισθίας.

2517 3689 2534 3720 ι
2572 3672 2678 3722 Καὶ
2724 3672 2750 3722 6
2783 3670 2982 3731 ἀλοῶν,
3019 3672 3115 3737 τῆς
3147 3670 3360 3731 ἐλπίδος
3406 3670 3570 3722 αὑτοῦ
3623 3671 3899 3739 μετέχειν,
3942 3669 4026 3722 ἐπ’

2438 3760 2636 3814 ἐλπίδι.
2685 3781 2700 3810 ι
2747 3761 2880 3813 Ἀπὸ
2923 3759 3014 3812 τοῦ
3052 3760 3253 3828 σπόρου
3300 3762 3390 3812 ἐπὶ
3422 3762 3519 3826 τὴν
3551 3760 3730 3813 ἅλωνα
3768 3759 4024 3829 μετῆλθε,

2437 3852 2735 3904 κάντεῦθεν
2763 3853 2888 3914 τοὺς
2915 3852 3142 3912 πολλοὺς
3172 3850 3404 3921 ἱδρῶτας
3426 3852 3533 3902 τῶν
3571 3852 3888 3904 ἀποστόλων
3920 3853 4021 3919 ἐμ-

2438 3944 2646 4012 φαίνων
2670 3959 2682 3972 ο
2714 3945 2796 3996 ὅτι
2833 3944 2928 3995 καὶ
2960 3945 3113 3995 αὐτοὶ
3145 3946 3236 3994 καὶ
3265 3943 3562 4012 ἀροτριῶσι
3592 3944 3684 3993 καὶ
3714 3943 3811 4012 τὴν
3844 3943 4026 3996 ἅλωνα

2436 4035 2700 4104 τρίϐουσι.
2743 4034 2962 4103 Ἐπειδὴ
3000 4035 3056 4085 δὲ
3087 4037 3113 4086 6
3144 4035 3240 4101 μὲν
3272 4033 3542 4103 ἀροτριῶν
3576 4032 3786 4096 ἐλπίζει
3821 4034 3985 4102 μόνον
4006 4071 4027 4100 ,

2437 4125 2464 4175 6
2485 4125 2538 4175 δὲ
2566 4124 2737 4176 ἀλοῦν
2766 4126 2860 4176 καὶ
2897 4123 3160 4175 ἀπολαύει
3199 4124 3296 4192 ἤδη
3328 4124 3504 4184 τινός·
3539 4124 3624 4174 διὰ
3655 4123 3814 4174 τοῦτο
3845 4120 4028 4190 εἶπεν⁹

2436 4216 2516 4268 ὅτι
2550 4233 2567 4264 ι
2621 4215 2678 4265 '0
2711 4212 2884 4265 ἀλοῶν
2934 4213 3031 4280 τῆς
3085 4212 3297 4273 ἐλπίδος
3346 4210 3515 4262 αὑτοῦ
3561 4211 3801 4279 μετέχει.
3853 4229 3870 4260 ι
3908 4212 4023 4262 Ἱνα

2436 4307 2528 4362 οὖν
2571 4312 2643 4379 μή
2693 4326 2772 4368 τις
2808 4309 2969 4377 εἴπῃ·
3021 4307 3083 4359 Τί
3135 4303 3258 4367 οὖνς
3320 4307 3428 4358 τῶν
3476 4307 3746 4357 τοσούτων
3787 4304 4027 4373 ἱδρώτων

2443 4402 2612 4470 μόνην
2651 4400 2856 4468 ταύτην
2903 4399 3140 4468 ἀμοιϐὴν
3185 4398 3342 4460 δίδως
3391 4400 3503 4457 τοῖς
3554 4397 3916 4458 ἀποστόλοις,
3968 4396 4029 4446 τὸ

753 4501 782 4537 a
809 4487 971 4553 ljecit,
1003 4505 1020 4536 ι
1066 4485 1119 4539 In
1152 4502 1246 4555 spe
1273 4529 1286 4552 ,
1326 4507 1343 4539 ι
1384 4487 1685 4541 futurorum
1738 4487 1987 4540 videlicet
2033 4489 2313 4540 bonorum.
2347 4491 2397 4549 D
2426 4510 2440 4543 -ι

2347 4491 2397 4549 Ι)
2426 4492 2722 4561 τρέφεσθαι
2757 4491 2952 4558 μόνον;
3000 4488 3338 4560 προσέθηκεν
3361 4505 3372 4519 ·
3417 4507 3432 4537 ι
3479 4488 3598 4539 Ἐπ’
3630 4487 3803 4538 ἐλπίδι
3833 4503 3846 4516 ·
3872 4503 4023 4538 τουτ-

755 4577 938 4643 Quare
977 4591 1029 4630 et
1069 4579 1154 4631 illa
1188 4579 1402 4647 quidem
1439 4594 1660 4648 sperare
1689 4586 1901 4647 Oportet
1927 4617 1941 4641 ,
1982 4580 2073 4632 sed
2119 4579 2332 4631 interim

755 4669 917 4720 etiam
949 4667 1040 4721 ali.

830 4756 990 4811 Vens.
1029 4758 1118 4811 Η.
1153 4777 1171 4808 ι
1205 4757 1259 4811 Si
1287 4774 1384 4813 nos
1410 4759 1563 4812 vobis
1591 4758 1892 4826 spiritualia
1925 4757 2334 4822 seminavimus,

758 4863 1014 4916 magnum
1066 4859 1146 4902 est
1189 4851 1233 4903 si
1278 4865 1376 4903 nos
1426 4860 1606 4903 vestra
1661 4849 1898 4901 carnalia
1961 4849 2256 4902 metamus?
2311 4865 2328 4898 ι

757 4940 852 4992 ltei
893 4939 1205 5007 aequitatem
1249 4940 1335 4994 hic
1364 4941 1622 4994 ostendit.
1656 4941 1779 4993 Non-
1797 4943 1939 4993 enim
1977 4940 2123 5006 paria
2158 4941 2330 4993 reddi-

757 5031 825 5080 tis
848 5068 861 5092 ,
888 5029 1081 5096 inquit,
1117 5046 1213 5098 pro
1253 5032 1317 5084 iis
1345 5045 1463 5100 qua:
1492 5031 1799 5099 accepistis.
1851 5029 1958 5082 Nos
1989 5031 2130 5082 enim
2166 5030 2329 5097 spiri-

757 5121 917 5174 ιιιειΙίι
949 5123 1100 5176 vohis
1129 5124 1539 5184 seminavimus.
1575 5139 1668 5176 vos
1703 5134 1878 5178 autem
1909 5123 2147 5176 carnalia
2178 5124 2333 5176 nobis

759 5213 1002 5265 redditis.
1035 5213 1285 5283 Magnum
1313 5217 1476 5283 igitur
1502 5217 1602 5269 hoc
1632 5215 1749 5268 est?

835 5302 996 5358 Vens.
1027 5306 1111 5358 t2.
1157 5325 1174 5357 ι
1209 5307 1359 5372 Quod
1393 5311 1433 5361 si
1466 5309 1555 5360 alii
1588 5307 1867 5376 potestatis
1900 5317 2090 5359 vestrae
2118 5305 2336 5372 partici-

760 5407 858 5462 ινδ
892 5406 1038 5458 sunt,
1078 5412 1256 5450 nonne
1304 5400 1483 5466 potius
1524 5398 1655 5452 nos?
1711 5416 1727 5447 ι
1782 5397 2039 5451 Doetores
2074 5395 2334 5465 quosdam

841 5533 866 5572 ε
893 5533 1043 5586 Dcul.
1077 5550 1200 5598 xxv,
1245 5535 1298 5587 4.

2440 4582 2593 4643 έστι,
2644 4583 2709 4648 τῇ
2747 4580 2852 4631 τῶν
2900 4579 3204 4649 μελλόντων
3227 4579 3269 4609 ⁹⁷
3305 4578 3546 4643 ἀγαθῶν.
3591 4579 3755 4628 Ὥστε
3805 4579 3886 4629 δεῖ
3926 4579 4027 4646 μὲν

2441 4674 2670 4723 κάκεῖνα
2707 4669 2979 4732 ἐλπίζειν,
3018 4668 3156 4737 πλὴν
3189 4669 3282 4719 καὶ
3316 4667 3630 4736 τρέφεσθαι.

2515 4781 2531 4812 ι
2575 4764 2633 4814 Εἰ
2657 4765 2817 4831 ἡμεῖς
2848 4763 2974 4830 ὑμῖν
2992 4762 3058 4812 τά
3088 4759 3436 4826 πνευματικά
3468 4759 3825 4826 ἐσπείραμεν,
3882 4759 4024 4827 μέγα

2437 4855 2483 4904 εἰ
2521 4855 2680 4921 ἡμεῖς
2721 4851 2871 4920 ὑμῶν
2912 4851 2979 4902 τὰ
3026 4851 3268 4918 σαρκικὰ
3307 4850 3634 4918 θερίσομεν;
3688 4867 3705 4899 ι
3757 4848 4022 4900 Ἐνταῦθα

2437 4945 2498 4996 τὸ
2535 4946 2742 4997 δίκαιον
2775 4945 3015 4996 δείκνυσι
3053 4943 3145 4994 τοῦ
3188 4944 3534 5011 πράγματος.
3569 4943 3642 4993 Οὑ
3693 4941 3801 5008 γάρ
3840 4942 4020 5008 ὃμοια,

2441 5039 2596 5104 φησι,
2643 5035 2833 5098 δίδοτε,
2892 5028 2966 5087 ὧν
3023 5033 3265 5085 ἐλάϐετε.
3341 5031 3533 5099 Ἠμεῖς
3595 5033 3690 5097 μὲν
3739 5030 3848 5099 γάρ
3894 5031 4024 5097 ὑμῖν

2442 5125 2779 5192 ἐσπείραμεν
2815 5122 3182 5190 πνευματικὰ,
3217 5121 3372 5190 ὑμεῖς
3407 5121 3463 5172 δὲ
3498 5120 3735 5188 σαρκικὰ
3768 5121 3901 5188 ἡμῖν
3933 5119 4025 5170 ἀν-

2439 5217 2688 5268 τιδίδοτε.
2723 5217 2879 5283 Μέγα
2903 5215 2995 5267 οὖν
3025 5215 3182 5266 τοῦτό
3208 5218 3384 5279 ἐστινλ

2518 5324 2536 5354 ι
2592 5306 2652 5357 Ei
2701 5306 2848 5357 ἄλλοι
2891 5305 2988 5372 τῆς
3045 5304 3293 5367 ἐξουσίας
3349 5303 3502 5370 ὑμῶν
3563 5301 3906 5370 μετέχουσιν,
3961 5300 4020 5351 ο·’·

2444 5397 2623 5466 πολλῴ
2660 5397 2859 5466 μᾶλλον
2905 5398 3098 5466 ήμεῖςς
3145 5416 3161 5446 ι
3194 5394 3724 5456 Ψευδοὸιδασκάλους
3754 5393 3904 5455 τινάς
3935 5391 4020 5443 αἰ-

2115 5648 2312 5707 Varite
2363 5647 2688 5709 lectiones.

810 5774 856 5808 "
890 5776 991 5845 χρή
1028 5792 1077 5828 οι

1159 5778 1201 5807 9‘
1230 5779 1574 5848 παράῖειγμα
1603 5798 1648 5832 o.

1734 5781 1773 5806 ’⁵⁷
1809 5780 1905 5847 τῆς
1933 5778 2229 5847 μελλοίσης
2265 5777 2776 5845 μισθαποδοσέαςο.
