4272 6448
267 407 377 470 669
450 461 462 467 -

1045 409 1454 471 Exrosmo
1498 411 1576 473 lN
1620 413 1856 475 EPIST.
1903 415 1928 472 ι
1973 417 2069 474 AD
2101 417 2265 478 con.
2307 445 2372 455 -—
2407 422 2563 484 CAP.
2612 403 2732 487 1x.

3425 438 3529 506 670

265 517 559 583 νίττεται,¹’
585 520 634 573 οἳ
680 520 988 590 ἐλάμϐανον
1021 520 1399 590 ἀναισχύντως
1450 523 1545 575 καὶ
1607 523 1856 574 αὐθεντι-
1883 525 1933 583 Α

1843 552 1856 561 -
1883 525 1933 583 Α
1961 524 2126 582 falsos
2157 529 2245 582 ltic
2273 531 2491 584 denotat
2512 573 2525 597 ,
2555 537 2644 602 qui
2676 525 3022 606 impudenter
3053 547 3108 594 et
3140 557 3260 597 cum
3291 551 3530 602 aucto-ri-

264 610 432 673 κῶς⁹⁸
446 612 580 683 παρ’
606 614 787 666 αὐτῶν
804 615 872 666 ”.
905 614 995 665 Διὸ
1022 614 1138 666 οὐδὲ
1173 609 1345 675 εἶπεν,
1368 615 1446 666 δτι
1464 614 1524 665 Εἰ
1543 614 1689 666 ἄλλοι
1717 614 1856 681 λαμ-

266 700 546 766 ϐάνουσιν,
571 704 707 769 ἀλλ’,
746 723 764 754 ι
805 706 865 756 Ei
889 704 990 773 τῆς
1015 704 1264 769 ἐξουσίας
1287 705 1442 773 ὑμῶν
1474 709 1760 774 μετέχουσι
1786 721 1798 734 °
1831 724 1849 756 ι

263 793 539 857 τουτέστι,
578 795 884 865 Κρατοῦσιν
929 795 1105 864 ὑμῶν,
1142 795 1574 857 ἐξουσιάζουσιν,
1612 797 1686 857 ὡς
1716 797 1857 848 οίκέ-

266 898 394 944 ταις
415 883 842 954 ἀπσκέχρηνται·
867 885 928 936 οὐ
957 884 1135 954 πολλῷ
1161 885 1362 953 μᾶλλον
1385 887 1544 955 ἡμεῖς
1570 889 1617 938 οἱ
1640 887 1853 956 ἀληθῶς

265 974 556 1026 ἀπόστολοι
579 992 593 1038 ;

347 1082 366 1114 ι
409 1063 550 1115 Ἀλλ’
573 1063 670 1116 οὐκ
702 1067 1056 1135 ἐχρησάμεθα
1089 1071 1153 1136 τῇ
1191 1068 1409 1138 ἐξουσίᾳ
1438 1068 1634 1140 ταύτῃ.
1670 1089 1685 1120 ι
1717 1069 1853 1122 Καί-

263 1172 348 1208 τοι
378 1171 467 1221 γε,
495 1157 684 1224 φησὶν,
708 1157 958 1220 ἐξουσίαν
989 1159 1202 1228 ἔχοντες
1226 1161 1318 1226 ἀφ’
1351 1160 1503 1227 ὑμῶν
1533 1161 1851 1229 τρέφεσθαι,

263 1247 369 1298 οὐκ
412 1247 768 1314 ἐχρησάμεθα
804 1251 868 1317 τῇ
905 1249 1124 1320 ἐξουσίᾳ
1157 1250 1348 1320 ταύτῃ,
1388 1251 1473 1302 ἵνα
1509 1252 1581 1319 μὴ
1626 1253 1853 1303 σκανδαο

261 1338 514 1405 λξζησθε·
540 1339 637 1390 καὶ
674 1339 831 1405 ὑμεῖς
866 1340 986 1390 ούδέ
1015 1343 1121 1392 τῶν
1161 1341 1530 1393 εἰδωλοθύτων
1559 1343 1849 1410 ἀπέχεσθε,

262 1428 356 1480 διὰ
381 1429 441 1479 τδ
467 1429 542 1498 μὴ
569 1427 945 1492 σκανδαλίζειν
968 1432 1092 1490 τοὺς
1123 1429 1546 1502 ἀσθενεστέρους
1567 1433 1675 1485 τῶν
1699 1433 1852 1485 ἀδελ-

265 1518 388 1587 φῶν
408 1536 422 1583 ;

348 1628 366 1660 ι
417 1609 579 1662 Ἀλλά
618 1611 798 1663 πάντα
849 1611 1136 1678 στέγομεν,
1181 1612 1268 1664 ἵνα
1319 1611 1392 1682 μὴ
1439 1613 1688 1681 ἐγκοπήν
1730 1631 1852 1665 τινα

261 1699 444 1768 δῶμεν
470 1700 546 1770 τῷ
574 1701 992 1770 Εύαγγελίῳτοῦ
1034 1702 1326 1770 Χριστοῦ.»
1355 1704 1471 1755 ’Ὶνα
1500 1705 1670 1771 μήτις
1697 1705 1848 1776 εἴπῃ,

263 1791 349 1844 ὅτι
389 1792 688 1846 Ἐπεὶούδέ
720 1793 968 1864 ἔχρῃζες,
1007 1795 1095 1846 διὰ
1138 1794 1295 1847 τοῦτο
1328 1795 1450 1847 οὐδὲ
1490 1795 1680 1858 ἔλαϐες
1704 1814 1716 1826 ·
1747 1814 1852 1864 φη-

265 1888 371 1941 σιν,
403 1881 485 1932 δτι
525 1880 614 1932 Ἐν
650 1883 864 1952 μεγάλῃ
896 1883 1230 1952 στενοχωρίᾳ
1254 1884 1426 1947 ὄντες,
1462 1885 1610 1952 ὅμως
1634 1886 1648 1914 ³
1676 1885 1851 1938 πάντα
1884 1869 1925 1921 Β

266 1974 570 2042 στέγομεν,
606 1975 700 2025 καὶ
757 1977 948 2025 πεῖναν
974 2015 986 2038 ,
1044 1976 1140 2026 καὶ
1171 1976 1350 2044 δίψαν,
1387 1977 1481 2026 καὶ
1515 1977 1848 2046 γυμνότητα,

268 2065 358 2116 ἵνα
393 2065 466 2133 μή
493 2083 574 2127 τις
598 2067 810 2132 ἐγκοπὴ
839 2066 1089 2135 γένηται,
1113 2067 1415 2132 τουτέστιν,
1448 2070 1480 2138 ἡ
1517 2071 1724 2137 σμικρὰ
1754 2071 1852 2122 καὶ

262 2157 300 2226 ἡ
332 2157 572 2225 τυχοῦσα
613 2157 848 2228 ἀναϐολὴ
874 2197 887 2221 ,
921 2159 1001 2220 είς
1039 2159 1099 2210 τὸ
1141 2159 1475 2227 Εὑαγγέλιον
1523 2163 1613 2214 καὶ
1650 2162 1709 2213 τὸ
1752 2167 1853 2232 κή-

265 2265 474 2321 ρυγμα-

346 2357 364 2390 t
407 2343 523 2393 Ούκ
551 2342 753 2406 οἴδατε,
796 2343 877 2394 ὅτι
909 2345 957 2397 oi
986 2344 1052 2396 τὰ
1087 2344 1209 2414 ἱερὰ
1243 2347 1626 2416 ἐργαζόμενοι,
1662 2349 1726 2400 ἐκ
1759 2349 1852 2401 τοῦ

265 2432 414 2502 ἱεροῦ
447 2435 756 2501 ἐσθίουσιν;
795 2455 811 2486 ι
851 2436 966 2488 Οὐκ
990 2439 1282 2504 ἀρκεσθεὶς
1318 2442 1430 2500 τοῖς
1469 2439 1725 2508 πρώτοις,
1760 2442 1854 2492 καὶ

263 2525 430 2593 ἕτερα
475 2529 670 2593 ἐπάγει
713 2529 776 2579 ἐκ
804 2527 895 2579 τοῦ
924 2527 1115 2595 νόμου,
1153 2529 1369 2590 δεικνὺς
1394 2569 1406 2590 ,
1435 2530 1510 2591 ὼς
1549 2533 1676 2598 ἐξῆν
1705 2530 1853 2600 αὐτῷ

263 2617 421 2683 παρὰ
450 2618 559 2668 τῶν
587 2619 844 2687 μαθητῶν
871 2619 1072 2670 λαϐεῖν.
1115 2621 1332 2690 Ἐπειδὴ
1365 2622 1472 2691 γὰρ
1501 2623 1567 2672 τά
1597 2625 1724 2690 περί
1748 2623 1854 2673 τῶν

270 2709 412 2778 βοῶν
442 2712 584 2763 κατὰ
624 2712 953 2780 ἀλληγορίαν
1001 2712 1149 2780 αὐτῷ
1191 2713 1462 2780 ἐξε).ήφθη
1485 2752 1500 2776 ,
1539 2715 1702 2779 φησιν
1725 2752 1738 2772 ,
1773 2715 1855 2764 ὅτι

279 2799 544 2866 Ῥητῶςο
570 2804 731 2872 νόμος
753 2804 1080 2873 διαγορεύει,
1110 2805 1196 2856 ἵνα
1224 2807 1285 2856 ἐκ
1308 2804 1401 2855 τοῦ
1431 2805 1578 2871 ἱεροῦ
1605 2806 1854 2858 ἐσθίωσιν

269 2893 320 2946 oi
341 2893 549 2962 τάίερὰ
579 2896 962 2962 ἐργαζόμενοι,
992 2897 1293 2958 τουτέστιν,
1320 2899 1370 2948 oi
1396 2897 1642 2958 Λευῖται,
1671 2901 1720 2951 οἱ
1747 2902 1856 2952 τῶν

269 2986 464 3054 ἱερέων
498 2987 876 3054 ὑποδεέστεροι
909 2987 1052 3038 κατὰ
1081 2988 1173 3039 τὸν
1206 2988 1434 3057 βαθμόν.
1471 2991 1582 3042 Οὐ·.
1621 2986 1741 3042 εἷπε
1775 2991 1852 3055 δὲ,

281 3075 378 3129 Ἐκ
412 3078 520 3130 τῶν
556 3081 974 3148 προσφερόντων
1015 3080 1289 3133 ἐσθίουσιν
1312 3121 1326 3144 ,
1363 3082 1502 3143 ἀλλ’,
1555 3103 1572 3134 ‹
1628 3082 1720 3135 Ἐκ
1761 3083 1855 3136 τοῦ

271 3169 448 3236 ἱεροῦ·
489 3187 506 3218 ι
553 3170 639 3222 ἵνα
665 3171 799 3239 μήτε
831 3173 877 3222 oi
909 3172 1271 3240 λαμϐάνοντες
1340 3173 1703 3241 αἰσχύνωνται
1728 3217 1741 3238 ,
1783 3175 1856 3237 ὡς
1885 3198 1925 3254 C

269 3261 422 3328 παρὰ
456 3260 761 3330 ἀνθρώπων
794 3263 1137 3332 τρεφόμενοι,
1172 3267 1309 3333 μήτε
1345 3267 1394 3316 οἱ
1421 3265 1658 3328 διδόντες
1699 3267 1858 3319 ἐπαίο

275 3369 499 3422 ρωνται.

348 3463 367 3494 ι
427 3446 488 3497 Οἱ
542 3445 622 3514 τῷ
663 3446 1034 3516 Θυσιαστηρίῳ
1091 3448 1583 3517 προσεδρεύοντες,
1637 3449 1714 3518 τῷ
1764 3451 1857 3501 θυ-

272 3538 576 3606 σιαστηρίῳ
622 3539 1075 3608 συμμερίζονται.
1127 3558 1146 3589 ›
1203 3541 1530 3604 Τουτέστιν,
1589 3543 1637 3592 οἱ
1695 3544 1857 3610 ἱερεῖς

270 3632 367 3680 καὶ
422 3630 468 3680 οἱ
535 3632 834 3699 ἀρχιερεῖς.
905 3630 1017 3699 Τὴν
1050 3631 1273 3700 διηνεκῆ
1324 3632 1379 3683 δὲ
1449 3633 1699 3685 δουλείαν
1765 3635 1858 3686 καὶ

269 3721 570 3791 καρτερίαν
635 3722 723 3773 διὰ
774 3722 873 3790 τῆς
929 3723 1286 3790 προσεδρείας
1336 3723 1695 3778 ἐνδείκνυται.
1743 3728 1858 3779 Οὐκ

270 3808 394 3864 εἷπε
431 3813 509 3876 δὲ,
545 3813 627 3864 ὅτι
667 3812 733 3865 τά
771 3815 890 3882 ἱερᾶ
926 3813 1298 3881 λαμϐάνουσι,
1335 3814 1550 3878 δεικνὺς
1596 3818 1693 3885 τὴν
1726 3835 1860 3884 συμ-

276 3903 507 3972 μετρίαν
530 3943 544 3965 ,
578 3905 670 3954 καὶ
703 3906 784 3955 ὅτι
827 3905 887 3956 οὐ
923 3906 1182 3974 χρήματα
1230 3907 1482 3971 συνάγειν
1507 3911 1523 3936 ²
1568 3907 1664 3960 δεῖ.
1725 3910 1856 3960 Οὐδὲ

271 3991 446 4054 εἶπεν,
493 3995 573 4045 ὅτι
627 3995 734 4046 ἀπὸ
787 3995 896 4046 τῶν
949 3995 1185 4057 θυόντων
1229 3995 1634 4064 λαμϐάνουσιν,
1687 3999 1855 4064 ἀλλὰ,

278 4102 296 4134 ι
328 4082 419 4152 Τῷ
449 4083 817 4153 Θυσιαστηρίῳ
869 4086 1320 4154 συμμερὶζονται.
1360 4106 1378 4137 ι
1438 4089 1518 4140 Τά
1546 4090 1653 4158 γὰρ
1691 4105 1857 4158 προσ-

269 4176 557 4246 ενεχθέντα
593 4177 612 4206 ³
691 4177 882 4228 ούκέτι
935 4177 1119 4228 λοιπὸν
1196 4179 1306 4230 τῶν
1377 4182 1857 4247 προσενεγκάντων

268 4264 448 4337 ⁴ἦσαν,
501 4268 637 4320 ἀλλὰ
689 4269 782 4320 τοῦ
820 4269 966 4339 ίεροῦ
1018 4273 1114 4321 καὶ
1160 4270 1254 4322 τοῦ
1306 4271 1722 4341 θυσιαστηρίου.
1784 4273 1858 4325 Τὸ

269 4359 352 4423 δέ,
389 4377 406 4410 t
443 4359 901 4431 Συμμερίζονται,
943 4380 960 4411 ι
999 4357 1172 4425 εἷπεν,
1207 4363 1394 4432 ἐπειδὴ
1440 4363 1549 4415 τῶν
1579 4364 1857 4434 θυομένων

269 4456 336 4507 τὸ
391 4453 490 4518 μὲν
538 4447 675 4522 αἷμα
724 4457 1045 4523 προσεχεῖτο
1093 4455 1170 4522 τῷ
1211 4455 1621 4525 θυσιαστηρίῳ,
1657 4459 1752 4508 καὶ
1797 4457 1857 4508 τὸ

270 4544 443 4610 «κέαρ
476 4541 776 4609 ἐθυμιᾶτοο
809 4543 919 4594 τῶν
953 4542 1009 4594 δὲ
1057 4544 1236 4613 κρεῶν
1283 4544 1568 4613 ἀφαίρεμά
1596 4563 1649 4596 τι
1690 4547 1855 4616 ἐλάμ-
1891 4535 1934 4590 D
1961 4554 2103 4589 ιηυηι
2135 4550 2188 4590 ει
2222 4539 2583 4593 νυηιΐίευιυω
2622 4556 2635 4591 ε

271 4634 439 4685 ϐανεν
460 4634 488 4684 ο
513 4633 708 4699 ἱερεύς·
739 4627 851 4685 οἷον
879 4633 940 4685 τὸ
968 4635 1257 4704 στηθήνιον
1282 4636 1375 4688 καὶ
1409 4637 1498 4688 τὸν
1521 4634 1694 4698 δεξιὸν
1724 4638 1858 4706 βρα-

270 4726 447 4796 χίονα,
488 4724 580 4775 καὶ
614 4725 675 4774 τὸ
716 4724 1017 4794 ἤνυστρονσ
1049 4726 1117 4776 τὰ
1165 4726 1349 4794 μέντοι
1383 4727 1816 4798 ὁλοκαυτώματα
1839 4769 1853 4796 ,

276 4817 443 4885 μόνου
473 4815 563 4866 τοῦ
597 4815 987 4882 θυσιαστηρίου
1023 4817 1282 4882 ἐγίνοντο.

354 4926 372 4957 ι
402 4905 560 4958 Οὖτω
583 4908 676 4958 καὶ
707 4908 735 4958 ὁ
784 4907 988 4976 Κύριος
1020 4907 1232 4970 διέταξε
1283 4911 1394 4968 τοῖς
1425 4910 1484 4962 τὸ
1519 4911 1852 4978 Εὑαγγέλιον

273 4997 757 5064 καταγγέλλουσιν,
793 5000 857 5050 ἐκ
886 4997 983 5049 τοῦ
1019 4999 1352 5066 Εύαγγελίου
1381 5000 1499 5070 ζῇν.
1543 5021 1560 5052 ι
1608 5003 1680 5055 Το
1715 5006 1854 5056 πάν-

275 5107 386 5141 των
443 5089 787 5158 ἰσχυρότερον
833 5089 1142 5141 τελευταῖον
1169 5090 1402 5143 τέθεικε.
1437 5092 1500 5144 Τί
1530 5092 1662 5164 γὰρ,
1697 5095 1853 5163 φησι,

271 5179 398 5231 τάδε
425 5183 515 5230 καὶ
563 5179 689 5230 τάδε
731 5179 910 5244 λέγω;
950 5177 1011 5229 '0
1040 5178 1242 5246 Κύριος
1266 5177 1406 5230 οὕτω
1436 5179 1736 5254 διετάξατο,
1775 5197 1859 5232 νο-

278 5268 584 5339 μοθετήσας
609 5268 916 5330 ἀκολούθως
949 5272 1013 5337 τῇ
1041 5269 1270 5339 Παλαιᾷ.
1301 5271 1514 5340 Ὥσπερ
1545 5272 1598 5322 δὲ
1633 5273 1746 5324 ἀνω
1778 5266 1857 5324 εἴ·

279 5377 399 5416 πεν.
438 5379 455 5410 ι
500 5361 728 5414 Ἐεθίειν
777 5364 840 5413 ἐκ
864 5361 956 5413 τοῦ
1003 5361 1171 5431 ἱεροῦ,
1215 5381 1232 5411 ι
1290 5361 1435 5414 οὕτω
1467 5364 1559 5415 καὶ
1601 5363 1855 5428 ἐνταῦθα,

283 5454 398 5515 ιύκ,
430 5453 524 5505 Ἐκ
547 5453 656 5504 τῶν
690 5452 1170 5520 μαθητευομένων,
1204 5452 1342 5519 ἀλλ’,
1379 5472 1398 5505 ι
1441 5455 1534 5506 Ἐκ
1562 5455 1653 5507 τοῦ
1681 5456 1858 5522 Εὐαγ-

283 5545 514 5613 τελίου,ι
550 5546 634 5596 ἵνα
661 5544 736 5616 μὴ
766 5544 1100 5612 ἑπαίρωνται
1128 5547 1174 5597 οι
1197 5545 1509 5614 τρέφοντες.
1529 5547 1604 5598 Οὐ
1629 5547 1736 5613 γάρ
1767 5548 1851 5611 σὺ,

1959 623 2069 669 tate
2111 619 2446 687 accipiebant
2485 625 2553 676 ab
2582 625 2734 690 ipsis.
2777 630 2954 693 Quare
2987 647 3090 684 non
3123 633 3298 688 dixit:
3342 635 3396 690 Si
3437 637 3526 693 alii

1958 710 2264 774 accipiunt,
2315 714 2441 777 sed,
2495 733 2515 766 ι
2564 715 2621 770 Si
2667 722 2953 782 potestatis
3001 735 3197 777 vestrae
3240 728 3530 796 participes

1959 810 2104 863 sunt,
2139 821 2156 851 ι
2194 803 2295 855 bnc
2324 805 2819 871 est,Doutinantur,
2847 808 3129 876 imperium
3162 817 3211 868 in
3244 829 3340 870 Vos
3366 811 3524 871 exer-

1958 901 2099 955 cent,
2155 908 2251 945 ceu
2297 897 2468 948 servis
2505 897 2653 950 vobis
2698 899 2850 953 abusi
2888 913 3011 953 sunt
3062 922 3074 954 :
3127 904 3311 960 Nonne
3357 907 3530 962 mu’lto

1963 984 2131 1045 titagis
2167 1000 2285 1046 nos,
2328 989 2417 1053 qui
2449 1002 2570 1040 vere
2597 1006 2779 1042 sutnns
2815 995 3077 1058 apostoli?

2033 1093 2050 1123 ι
2092 1072 2196 1128 διξά
2242 1091 2343 1129 ιιοιι
2391 1078 2471 1129 tisi
2513 1096 2699 1134 sumus
2745 1095 3008 1150 potestate
3052 1087 3172 1141 huc.
3232 1107 3249 1140 ι
3288 1088 3532 1144 Potesta-

1959 1175 2086 1232 tem,
2122 1171 2315 1236 inquit,
2353 1171 2614 1225 habentes
2646 1187 2701 1226 ut
2735 1193 2760 1226 ιι
2797 1175 2950 1227 Vultis
2982 1179 3270 1244 alerentur,
3308 1197 3414 1233 non
3451 1192 3530 1233 ta-

1957 1275 2076 1310 tncu
2112 1264 2191 1313 usi
2224 1278 2408 1315 sumus
2436 1273 2700 1330 potestate
2736 1267 2859 1328 iSta,
2889 1285 2953 1320 ne
2990 1271 3397 1325 olleiidt-retiiini
3433 1291 3445 1326 :
3476 1283 3531 1325 et

1955 1365 2047 1403 vos
2085 1367 2149 1404 tte
2181 1355 2247 1404 ab
2280 1353 2544 1408 idolorum
2581 1357 2794 1422 quidem
2819 1361 3183 1414 oblationibus
3224 1365 3524 1430 abSliltetiS,

1956 1457 2022 1494 ne
2054 1443 2498 1500 imbecillioribus
2529 1445 2793 1501 fratribus
2829 1453 3140 1504 scandalum
3175 1454 3423 1520 ponatis?

2031 1638 2048 1671 ι
2088 1621 2191 1674 Sed
2223 1623 2402 1674 omnia
2447 1626 2776 1680 sustinemus
2801 1669 2815 1690 ,
2863 1644 2931 1682 ne
2961 1630 3100 1699 quod
3147 1629 3527 1685 oﬂ‘endiculum

1954 1713 2137 1767 demus
2173 1713 2461 1782 Evangelio
2486 1717 2709 1772 Christi.
2743 1738 2761 1769 ι
2796 1719 2873 1773 Ne
2899 1722 3019 1788 quis
3048 1721 3213 1784 dicat,
3245 1723 3379 1787 Quia
3424 1739 3528 1777 non

1953 1805 2167 1873 egebas,
2199 1804 2319 1859 ideo
2345 1809 2473 1861 nihil
2504 1811 2808 1879 accipiebas
2830 1854 2844 1877 ,
2880 1813 3074 1880 inquit,
3111 1815 3162 1865 In
3195 1815 3397 1883 ingenti
3430 1831 3531 1868 an-

1954 1897 2128 1965 gustia
2153 1898 2453 1962 cunstituti,
2485 1902 2665 1954 omnia
2710 1913 2885 1956 tamen
2929 1904 3267 1968 suﬂ’erimus,
3302 1916 3355 1959 et
3386 1908 3530 1960 sitim

1955 1999 2008 2040 et
2040 1987 2363 2052 nuditatem,
2397 2006 2463 2043 ne
2498 1993 2640 2058 quod
2667 1992 3047 2047 oﬂ‘endiculnm
3084 1997 3394 2064 contingat,
3432 1998 3534 2053 hoc

1956 2090 2058 2140 cst,
2084 2081 2276 2147 exigua
2300 2091 2351 2135 et
2374 2083 2610 2150 volgaris
2635 2084 2952 2151 retardatio,
2985 2086 3278 2155 Evangelio
3309 2086 3532 2156 ejusque

1957 2172 2348 2237 praedicatioiti.

2027 2351 2189 2405 Vens.
2234 2354 2319 2406 15.
2366 2370 2383 2403 ι
2439 2352 2669 2407 Nescitis
2706 2358 2849 2423 quod
2891 2357 2979 2424 qui
3017 2357 3070 2411 in
3118 2357 3360 2411 sacrario
3398 2371 3532 2425 ope-

1957 2456 2168 2503 rantur.
2218 2459 2333 2511 qua:
2386 2443 2453 2496 de
2498 2447 2738 2498 sacrario
2790 2458 2913 2500 sunt
2959 2447 3165 2501 edunt?
3203 2467 3220 2498 ι
3259 2446 3536 2502 Prioribus

1960 2535 2088 2588 locis
2116 2550 2219 2589 non
2255 2548 2543 2591 contentus
2567 2576 2582 2600 ,
2613 2539 2717 2591 alia
2744 2555 2808 2591 ex
2843 2541 2957 2608 lege
2988 2541 3039 2592 in
3069 2539 3304 2594 medium
3343 2541 3538 2608 depro-

1960 2629 2054 2679 tnit
2092 2645 2104 2678 :
2149 2641 2604 2693 commonstrans,
2628 2630 2771 2698 quod
2807 2631 3026 2684 licuerit
3053 2631 3152 2683 sibi
3190 2647 3218 2682 a
3257 2631 3534 2699 discipulis

1958 2717 2225 2784 aet-ipcre.
2261 2717 2395 2770 Nam
2427 2733 2550 2771 cntn
2598 2735 2658 2772 ea
2696 2737 2813 2781 qua:
2865 2723 2930 2774 de
2981 2721 3151 2774 bobus
3176 2721 3319 2773 dicta
3355 2729 3533 2786 erant,

1957 2810 2242 2874 allegorice
2280 2813 2600 2876 accepisset,
2630 2811 2739 2879 jam
2771 2814 2987 2866 disertis
3022 2813 3199 2866 verbis
3229 2813 3399 2881 legem
3433 2813 3541 2866 im-

1959 2915 2147 2967 perare
2196 2903 2291 2963 ait,
2349 2911 2406 2953 ut
2439 2903 2471 2954 ii
2509 2918 2662 2955 sacra
2705 2904 2890 2966 edant,
2941 2907 3031 2972 qui
3073 2918 3229 2957 sacra
3274 2905 3480 2959 faciunt
3516 2922 3532 2960 :

1961 2990 2064 3044 hoc
2088 3001 2168 3044 est
2203 2991 2398 3055 levitte,
2435 2994 2809 3045 sacerdotibus
2856 2997 3023 3062 gradu
3070 2995 3372 3050 inl'eriores.
3417 2994 3535 3049 Non

1962 3091 2139 3134 autem
2189 3083 2356 3144 dixit,
2396 3081 2470 3134 Ex
2506 3082 2852 3135 offerentibus
2884 3084 3081 3146 edunt,
3116 3083 3212 3137 sed
3265 3102 3282 3132 ι
3338 3082 3414 3136 Ex
3450 3099 3540 3137 sa-

1961 3188 2074 3234 cro,
2119 3192 2135 3223 ι
2165 3184 2222 3226 ιιι
2249 3189 2418 3240 neque
2449 3176 2778 3239 accipientes
2806 3177 3078 3242 pudetiant
3107 3214 3121 3229 .
3142 3176 3297 3243 quasi
3331 3175 3397 3228 ab
3435 3175 3534 3229 lto-

1963 3266 2196 3318 minibus
2226 3267 2457 3330 alantur,
2488 3281 2663 3334 neque
2694 3267 2885 3321 dantes
2915 3267 3252 3321 attollautur.

2036 3462 2053 3492 ι
2091 3442 2191 3508 Qui
2239 3442 2395 3494 altari
2440 3442 2719 3507 assident,
2753 3457 2875 3496 cum
2922 3443 3078 3495 altari
3119 3442 3470 3510 participant.
3511 3459 3533 3492 ι

1962 3532 2074 3587 lloc
2105 3543 2208 3596 est,
2247 3532 2528 3600 pontiﬁces
2554 3544 2605 3586 et
2635 3536 2964 3588 sacerdotes.
2993 3534 3320 3587 Continuam
3357 3541 3536 3587 autent

1961 3628 2272 3679 servitutem
2307 3636 2358 3676 et
2393 3625 2851 3691 perseverantiam
2874 3666 2887 3688 ,
2923 3643 3016 3694 per
3052 3628 3414 3680 assessionem
3455 3627 3538 3679 iu-

1960 3718 2124 3771 dicat.
2153 3716 2266 3769 Νοιι
2304 3727 2483 3770 autem
2519 3719 2671 3782 dixit,
2709 3719 2850 3786 quod
2878 3734 3031 3773 sacra
3063 3721 3350 3787 accipiant,
3381 3719 3539 3789 173

1962 3810 2384 3863 lllOdCl‘allOIH‘ln
2423 3811 2675 3872 innuens,
2705 3813 2958 3880 quodque
2997 3813 3253 3879 pecunias
3286 3813 3540 3878 colligere

1963 3917 2067 3954 non
2097 3910 2369 3970 oporteat.
2395 3899 2506 3956 Nec
2543 3902 2679 3954 dixit
2705 3903 2844 3969 quod
2873 3919 2904 3956 a
2929 3903 3366 3957 sacriﬁcantibus
3396 3905 3558 3958 acci-i

1962 3993 2133 4060 piant,
2178 4008 2383 4056 verum,
2424 4010 2440 4041 ι
2483 3993 2614 4044 Cum
2663 3993 2820 4045 altari
2875 3995 3224 4062 participant.
3279 4013 3297 4046 ι
3347 3993 3540 4049 Oblata

1961 4097 2191 4150 namque
2215 4096 2324 4134 non
2356 4084 2590 4151 amplius
2632 4082 2973 4135 offerentium
3003 4092 3161 4136 erant
3181 4121 3195 4146 ,
3232 4088 3326 4136 sed
3357 4083 3539 4152 templi

1961 4183 2016 4226 et
2041 4175 2247 4226 altaris.
2289 4173 2432 4226 Dixit
2467 4185 2670 4238 autem,
2704 4192 2720 4223 t
2759 4173 3093 4242 Participant
3117 4215 3131 4236 ,
3170 4193 3190 4224 ι
3225 4175 3349 4242 quia
3384 4175 3540 4228 vieti-

1963 4279 2175 4314 tuarum
2209 4264 2432 4331 Sanguis
2465 4279 2630 4331 super
2671 4280 2821 4316 arant
2861 4263 3253 4330 cﬂ'undebatur,
3285 4275 3339 4319 et
3374 4265 3541 4332 adeps

1961 4355 2304 4407 cremabatur
2344 4371 2356 4406 :
2392 4355 2635 4407 carnium
2673 4371 2799 4408 vero
2827 4366 3029 4423 partem
3057 4357 3347 4424 quamdam
3387 4356 3537 4410 acci-

1962 4447 2140 4513 piebat
2171 4449 2462 4510 sacerdos;
2507 4447 2671 4501 veluti
2728 4449 3128 4516 pectusculunt,
3161 4450 3411 4501 dextrum
3453 4463 3545 4500 ar-

2680 4541 3111 4594 bolocautomata
3157 4549 3335 4595 tamen
3371 4541 3539 4595 solius

1956 4631 2143 4687 altaris
2170 4644 2343 4687 erant.

2036 4899 2199 4952 Vens.
2246 4900 2332 4953 M.
2395 4917 2412 4950 ι
2466 4901 2541 4953 Ita
2591 4910 2645 4953 et
2691 4899 2950 4953 Dominus
3004 4897 3295 4961 ordinavit,
3340 4895 3407 4948 iis
3448 4892 3540 4961 qui

1966 4993 2310 5062 Evangeliutn
2361 4993 2711 5052 annuntiant,
2764 4991 2831 5044 de
2903 4990 3198 5060 Evangelio
3251 4988 3456 5040 vivere.
3516 5002 3536 5036 ι

1969 5086 2220 5141 Omnium
2273 5084 2628 5136 lortissitnum
2664 5083 2965 5152 posteriore
3015 5079 3131 5134 loco
3163 5080 3359 5146 posuit.
3397 5076 3541 5144 Quid

1968 5179 2139 5239 enim,
2175 5177 2366 5245 inquit,
2427 5175 2539 5228 Itmc
2594 5185 2756 5242 atque
2807 5171 2930 5224 talia
2961 5170 3121 5225 dico?
3156 5167 3419 5224 Dominus
3458 5167 3542 5222 sic

1966 5270 2256 5332 ordinavit,
2290 5268 2460 5335 legem
2496 5268 2770 5327 sanciens,
2792 5280 2920 5334 qua:
2950 5264 3162 5318 Veteris
3203 5261 3537 5316 Testameuti

1967 5359 2174 5424 legibus
2200 5360 2541 5425 respondeat.
2564 5358 3024 5422 Quemadmodum
3047 5370 3175 5410 vero
3196 5367 3356 5420 supra
3375 5352 3534 5413 dixit,

1968 5469 1987 5502 ι
2026 5453 2196 5504 Edere
2232 5466 2297 5506 ex
2338 5466 2530 5517 sacro;
2569 5471 2586 5501 ι
2623 5450 2783 5504 simili
2816 5450 3022 5502 ratione
3071 5449 3160 5504 hic
3213 5463 3318 5501 non
3353 5461 3420 5499 ex
3457 5447 3537 5498 di-

1963 5546 2202 5612 scipulis,
2240 5546 2334 5599 sed
2367 5561 2384 5596 ‹
2427 5545 2501 5598 Ex
2554 5544 2840 5613 Evangelia
2879 5562 2897 5594 ι
2933 5543 3201 5597 edendum
3247 5542 3429 5603 docet,
3473 5551 3542 5590 ne

1622 5652 1820 5712 Varite
1862 5653 2188 5717 lectiones.

350 5752 399 5784 "
425 5753 816 5824 ἀναισχύντως,
847 5755 940 5810 καὶ
981 5752 1215 5816 ἀναιδῶς
1281 5769 1352 5807 ιιι.
1470 5755 1516 5784 ’⁸
1558 5756 1744 5818 αὐτοῖς
1790 5775 1838 5812 o.

302 5837 415 5880 των
438 5834 512 5877 m.

1925 5759 1938 5788 ¹
1993 5760 2075 5812 διὰ
2117 5759 2276 5812 τοῖτο
2311 5779 2385 5814 ιιι.

2495 5763 2514 5794 ³
2541 5760 2602 5814 λα
2616 5760 2836 5830 μεάνειν
2864 5775 2918 5814 0.
3032 5757 3050 5787 ³
3110 5752 3503 5827 προσενεγκάν-
