4272 6448
754 386 857 463 611

1574 382 2149 444 THEOPHYLACTI
2180 379 2592 441 BULGARI/E
2632 381 2984 444 ARCHIEP.

3926 375 4044 439 6'72

757 501 1054 552 ct'ferautur
1088 494 1313 549 alentes.
1349 493 1464 548 Non
1492 494 1636 547 enim
1674 503 1729 545 tu
1770 493 1870 546 alis
1902 494 2099 559 ipsum,
2137 488 2331 558 inquit,
2366 492 2413 547 Α

2366 492 2413 547 Α
2445 488 2604 557 φησι,
2636 489 2859 560 τρέφεις
2889 488 3075 555 αὐτὸν,
3103 487 3239 543 ἀλλὰ
3271 487 3332 543 τὸ
3362 485 3523 561 ἔργον
3554 488 3744 554 αὑτοῦ,
3771 488 3833 544 τὸ
3856 490 4050 559 Εὐαγ-

761 601 942 637 wrtnu
960 600 1096 653 opus
1116 585 1455 651 ejus.nempe
1483 580 1852 650 Evangelium.
1878 580 1937 633 Et
1964 581 2162 642 vivere,
2189 579 2342 645 dixit,

762 694 866 733 nou
890 678 1174 746 negotiari,
1213 691 1385 743 neque
1419 675 1705 730 thesauros
1726 674 2001 742 colligere.

832 768 990 821 Vens.
1020 768 1103 820 15.
1140 785 1158 817 ι
1191 766 1301 836 Ego
1323 782 1448 820 vero
1474 766 1828 819 nullohorum
1848 781 1965 819 sum
1998 779 2146 820 usus.
2181 783 2199 816 ι
2236 764 2347 819 Hoc

763 872 866 922 est,
926 874 1093 925 neque
1124 861 1376 927 quopiam
1428 860 1802 926 exemplorum
1841 873 1960 927 qua:
2013 872 2347 911 commemo-

764 953 898 1008 ravi.
941 968 1111 1018 neque
1148 952 1237 1003 illo
1264 951 1476 1004 Veteris
1514 951 1879 1015 Testamenti,
1924 966 2103 1019 neque
2139 949 2343 1004 Christi

766 1044 1038 1105 mandato,
1075 1053 1129 1094 ιιι
1159 1059 1186 1094 a
1227 1043 1381 1096 vobis
1417 1044 1593 1095 alercr
1625 1058 1741 1095 sum
1779 1057 1929 1095 usus.

844 1156 861 1185 ι
905 1136 1014 1187 Non
1070 1146 1249 1187 autem
1285 1135 1475 1200 scripsi
1520 1135 1656 1197 hcc,
1698 1144 1755 1187 ut
1796 1135 1867 1187 ita
1902 1135 2030 1186 tiaut
2079 1134 2130 1186 in
2172 1148 2279 1191 me.
2322 1153 2341 1184 ι

770 1224 849 1278 Ne
902 1225 1022 1287 quis
1074 1223 1177 1290 ipsi
1212 1225 1392 1288 dicat;
1447 1223 1582 1289 Quid
1634 1223 1798 1276 inde?
1848 1224 2053 1276 etiamsi
2107 1224 2344 1277 nondum

768 1331 896 1367 usus
934 1316 1031 1378 sis,
1080 1317 1131 1368 in
1177 1323 1455 1383 posterum
1495 1326 1674 1369 tamen
1706 1316 1893 1376 uteris,
1934 1325 2096 1384 atque
2127 1330 2190 1369 eo
2241 1317 2342 1368 ista

768 1408 956 1460 dicis:
1011 1409 1110 1460 hoc
1159 1408 1338 1460 statim
1370 1408 1614 1473 corrigit,
1662 1426 1679 1458 ι
1718 1408 1830 1461 Non
1882 1408 2077 1476 scripsi
2122 1410 2263 1471 haec,
2319 1427 2336 1460 ι

770 1500 1038 1568 inquiens,
1076 1518 1093 1550 t
1133 1509 1191 1552 ιιι
1221 1501 1292 1553 ita
1348 1502 1476 1553 ﬁant
1510 1502 1559 1552 in
1593 1516 1699 1567 me,
1741 1520 1758 1551 ι
1815 1503 1918 1555 hoc
1944 1508 2045 1564 est,
2083 1500 2154 1555 Ut
2198 1500 2343 1554 acci-

770 1593 936 1662 piam.

844 1701 863 1734 ι
902 1683 1106 1737 Bonum
1147 1693 1231 1738 est
1283 1684 1428 1737 enim
1468 1684 1596 1737 mihi
1635 1686 1815 1753 potius
1866 1686 2225 1754 mori,'quam
2287 1694 2347 1739 ιιι

772 1775 998 1845 gloriam
1055 1791 1229 1830 meam
1276 1779 1396 1843 quis
1427 1788 1669 1830 evacnet.
1708 1798 1724 1828 ι
1768 1776 1900 1848 Ego,
1954 1778 2148 1846 inquit,
2203 1778 2342 1832 fama

770 1868 948 1936 perire.
974 1869 1150 1936 potius
1175 1869 1423 1935 optarim,
1450 1884 1608 1935 quam
1636 1869 1773 1938 quod
1800 1878 2030 1923 evacuet
2053 1869 2344 1938 quispiam,

772 1961 878 2019 hoc
906 1972 1010 2025 est,
1041 1976 1233 2013 vanam
1298 1970 1351 2013 et
1395 1976 1621 2013 vacuam
1668 1963 1921 2016 ostendat
1971 1961 2346 2031 gloriationcm

774 2067 973 2107 meam.
1045 2051 1436 2107 Gloriationem
1492 2062 1679 2107 autem
1761 2055 1918 2117 dixit,
1990 2070 2098 2123 quo
2167 2053 2347 2123 gaudii

776 2163 1060 2202 excessum
1117 2149 1390 2201 ostendat.
1438 2147 1644 2201 Forsan
1695 2148 1837 2199 enim
1916 2146 2114 2214 aliquis
2169 2145 2351 2199 dicere

776 2242 1058 2306 potuissel,
1138 2238 1346 2292 Revera
1412 2238 1543 2291 nihil
1606 2238 1820 2305 quidem
1902 2239 2130 2306 accepit,
2197 2237 2349 2306 atqui

774 2344 1015 2384 mwrens
1053 2343 1116 2382 ac
1149 2328 1338 2396 lugens
1376 2342 1477 2379 non
1520 2328 1839 2393 accipiebat.
1887 2326 2119 2379 Tantum
2166 2326 2349 2389 igitur,

776 2422 972 2490 inquit,
1026 2422 1179 2473 abest
1224 2418 1282 2473 ut
1343 2435 1461 2473 eam
1526 2421 1595 2472 oh
1647 2434 1757 2471 rem
1814 2418 2131 2483 contrister,
2196 2428 2252 2470 ut
2298 2424 2355 2471 et

779 2514 981 2567 idcirco
1014 2514 1235 2583 glorier.

848 2604 1016 2659 Vens.
1062 2605 1149 2659 16.
1208 2624 1226 2655 ι
1263 2604 1318 2657 Si
1359 2604 1501 2659 enim
1534 2602 1924 2671 evangelizem,
1966 2616 2073 2654 non
2106 2608 2190 2653 est
2220 2600 2355 2653 mihi

780 2698 1029 2766 gloriatio
1083 2716 1096 2752 :
1170 2698 1466 2751 necessitas
1515 2698 1658 2751 enim
1720 2695 1851 2748 mihi
1905 2693 2190 2749 incumbit.
2261 2690 2357 2745 Vm

781 2801 959 2844 autem
998 2791 1129 2843 mihi
1159 2799 1263 2847 est.
1295 2791 1336 2842 si
1378 2806 1482 2842 non
1514 2790 1978 2856 evangelizavero.
2020 2807 2035 2837 ι
2068 2788 2207 2853 Quid
2241 2787 2359 2859 ais?

783 2897 887 2934 non
924 2882 1017 2933 tibi
1049 2882 1233 2947 gloriae
1261 2880 1377 2932 loco
1410 2882 1644 2941 ducitur,
1678 2881 1970 2947 przcdicare
1996 2880 2355 2947 evangelium,

782 2978 875 3027 soil
908 2975 1040 3027 citra
1071 2976 1299 3027 aliormu
1333 2974 1604 3039 impensas
1638 2988 1702 3026 ac
1733 2982 2003 3039 sumptum
2039 2974 2356 3039 praedicare,

786 3067 878 3118 tibi
912 3066 1096 3134 gloria:
1137 3076 1219 3119 est
1254 3085 1265 3119 :
1300 3066 1551 3131 Nunquid
1611 3068 1711 3119 hoc
1762 3066 1853 3118 illo
1885 3066 2057 3131 majus
2096 3067 2219 3120 est?
2251 3067 2356 3120 Mi-

787 3157 950 3215 nime,
1004 3162 1097 3207 sed
1136 3158 1481 3224 Evangelintn
1524 3156 1871 3219 anuuntiare,
1911 3168 2239 3225 prrecepttlm
2278 3165 2357 3209 est

787 3262 851 3300 at:
902 3247 1143 3300 debitum
1185 3259 1285 3301 :et
1322 3249 1364 3300 si
1420 3249 1521 3300 hot:
1569 3247 1867 3314 perﬁciam,
1918 3247 2052 3299 nihil
2089 3256 2171 3301 est
2207 3262 2236 3300 a
2278 3263 2363 3301 me

790 3341 1051 3408 pneclare
1088 3349 1140 3391 et
1174 3341 1372 3392 eximie
1421 3339 1645 3392 factum.
1684 3337 1772 3390 Va:
1811 3341 1954 3391 enim
1988 3340 2141 3403 mihi,
2176 3340 2217 3391 si
2257 3355 2362 3391 nou

790 3432 1038 3501 impleam
1067 3450 1080 3485 :
1114 3431 1289 3483 t-zctlar
1308 3446 1541 3498 namque
1567 3431 1737 3499 plagis
1764 3430 1967 3496 multis,
1998 3434 2192 3497 quippe
2220 3431 2362 3499 quod

794 3522 1104 3575 mandatum
1144 3520 1351 3573 Domini
1393 3535 1495 3571 non
1544 3534 1662 3572 sum
1714 3529 2023 3571 exsecutus.
2089 3517 2192 3571 Sed
2249 3518 2367 3571 sine

793 3615 1052 3684 impensis
1074 3613 1387 3682 praedicare,
1432 3612 1725 3665 voluntatis
1771 3612 1939 3664 honor
1999 3609 2159 3682 174
2181 3622 2285 3675 est,
2316 3620 2368 3664 et

795 3716 1081 3773 propterea
1134 3704 1385 3766 gloriatio
1437 3711 1538 3757 est.
1587 3703 1734 3756 Istud
1773 3718 1920 3763 vero,
1984 3720 2002 3751 ι
2063 3702 2369 3757 Necessitas

798 3796 929 3849 mihi
958 3797 1242 3856 incumbit,
1280 3815 1296 3846 ι
1327 3811 1431 3848 non
1469 3796 1532 3848 ad
1558 3796 1711 3849 liberi
1739 3796 1947 3848 arbitrii
1974 3796 2367 3861 sublationem;

797 3887 891 3942 sed
917 3888 981 3941 ad
1017 3888 1413 3956 oppositiouctn
1445 3888 1711 3941 libertatis
1736 3888 1787 3940 in
1827 3888 2137 3956 aet-ipiendo
2167 3888 2368 3941 dictum

794 3988 901 4041 est,
933 3994 998 4046 ac
1043 3990 1262 4047 propter
1324 3994 1497 4047 paena:
1543 3990 1740 4033 metum
1768 4021 1781 4045 ,
1826 3980 1868 4033 si
1926 3982 1976 4033 id
2013 3996 2115 4033 non
2153 3981 2371 4033 efliciat.

869 4067 1036 4122 Vsus.
1069 4068 1155 4122 17.
1202 4086 1220 4120 ι
1261 4067 1317 4123 Si
1352 4070 1495 4122 enim
1529 4068 1718 4123 volens
1765 4069 1866 4122 hoc
1911 4084 2031 4138 ago,
2070 4070 2371 4123 mercedem

800 4159 976 4213 habeo
1012 4178 1028 4217 :
1061 4160 1104 4213 si
1148 4170 1327 4214 autem
1378 4161 1598 4224 invitus,
1636 4162 1973 4228 diSpensatio
2009 4161 2141 4214 mihi
2168 4163 2373 4216 credita

795 4264 937 4305 est»
972 4253 1051 4317 Si,
1088 4253 1612 4321 inquit,fpraedicatio
1637 4253 1912 4318 Evangelii
1940 4268 2046 4307 nou
2072 4264 2214 4307 esset
2245 4253 2373 4307 mihi

798 4345 1143 4405 demandata,
1179 4346 1271 4397 sed
1308 4361 1335 4397 a
1391 4344 1596 4411 meipso
1643 4343 1786 4397 istud
1822 4345 2078 4402 facerem.
2120 4345 2374 4399 haberem

802 4435 1054 4504 equidem
1093 4437 1391 4489 mercedem
1447 4451 1691 4505 magnam
1730 4448 1784 4490 et
1814 4438 2032 4489 tnultam
2074 4455 2087 4489 :
2139 4436 2291 4503 Quod
2332 4439 2375 4489 si

2452 580 2652 646 γέλιον.
2706 580 2839 643 Καὶ,
2886 600 2905 633 ‹
2936 581 3065 653 Ζῇν,
3102 600 3123 635 ι
3182 576 3357 648 εἶπεν,
3392 581 3515 647 οὐκ,
3573 582 4047 655 Ἐμπορεύεσθαι,

2450 671 2592 735 οὐδὲ,
2619 671 3003 742 Θησαυρίζειν.

2525 781 2543 815 ι
2600 762 2740 830 Ἐγὼ
2767 764 2821 816 δὲ
2855 765 3007 818 οὐδὲν
3031 766 3354 836 ἐχρησάμην
3382 765 3611 819 τούτων.
3645 784 3665 817 ι
3718 765 4046 829 Τουτὲστιν,

2451 852 2589 906 Οὔτε
2620 855 2724 908 τινὶ
2752 855 2859 908 τῶν
2892 857 3379 927 παραδειγμάτων,
3416 850 3492 911 ὧν
3540 855 3711 916 εἷπον,
3748 856 3873 909 οὔτε
3924 858 4041 917 τοῖς

2448 946 2544 1015 τῆς
2565 945 2825 1010 Παλαιᾶς,
2851 946 2975 1000 οὔτε
3008 948 3085 1017 τῷ
3118 949 3458 1019 ὲπιτάγματι
3485 949 3579 1002 τοῦ
3601 949 3841 1018 Χριστοῦ
3873 950 4052 1019 ἐχρη-

2450 1038 2651 1105 σάμην,
2678 1041 2757 1101 είς
2781 1039 2840 1093 τὸ
2869 1040 3166 1110 τρέφεσθαι
3198 1042 3329 1113 παρ’
3354 1041 3529 1111 ὑμῶν.

2525 1147 2543 1179 ι
2584 1130 2698 1183 Οὐκ
2736 1131 2952 1202 ἔγραψα
3007 1132 3063 1185 δὲ
3106 1133 3303 1197 ταῦτα,
3370 1135 3458 1187 ἵνα
3518 1132 3661 1187 οὕτω
3714 1135 3949 1205 γένηται
3986 1136 4050 1188 ὲν

2450 1220 2591 1289 ἐμοί.
2632 1241 2649 1272 ι
2702 1222 2823 1275 ’Ὶνα
2888 1224 2961 1292 μή
3012 1240 3095 1286 τις
3146 1224 3274 1294 εἴπῃ
3327 1224 3475 1294 αὑτῷ
3513 1240 3527 1257 ο
3585 1224 3650 1276 Τί
3713 1219 3841 1287 οὖνς
3874 1226 3925 1275 εἰ
3970 1222 4051 1292 μὴ

2448 1313 2668 1382 ἐχρήσω
2695 1312 2810 1374 νῦν,
2862 1315 2997 1385 πρὸς
3030 1315 3087 1367 δὲ
3120 1314 3180 1367 τὸ
3220 1314 3413 1385 μέλλον
3463 1315 3643 1384 βούλει
3697 1314 4046 1386 χρήσασθαι,

2449 1406 2543 1457 καὶ
2594 1405 2681 1457 διὰ
2718 1404 2877 1458 τοῦτο
2911 1404 3087 1458 ταῦτα
3118 1406 3298 1472 λέγεις
3320 1425 3332 1437 ·
3368 1407 3768 1478 ἐπιδιορθοῦται
3802 1407 4048 1476 ταχέως,

2448 1497 2530 1548 ὅτι
2560 1514 2578 1547 ι
2603 1498 2713 1549 Οὐκ
2731 1497 2966 1565 ἔγραψα,
3000 1497 3240 1552 ῖεααοῦτω
3259 1500 3517 1569 γένηται⁸
3548 1519 3566 1551 ι
3600 1500 3899 1561 τουτέστιν,
3926 1499 4052 1551 Ἵνα

2450 1588 2514 1640 λα
2524 1587 2734 1656 μὸάνω.

2474 1714 2483 1718 ι
2526 1698 2545 1730 ‹
2577 1679 2751 1732 Καλὸν
2782 1680 2890 1749 γάρ
2920 1696 3009 1747 μοι
3046 1681 3246 1748 μᾶλλον
3276 1680 3592 1747 ἀποθανεῖν,
3619 1682 3651 1751 ἢ
3685 1681 3745 1734 τὸ
3769 1680 4046 1750 καύχημά

2455 1786 2554 1839 μου
2591 1772 2677 1823 ἵνα
2702 1788 2785 1833 τις
2814 1769 3049 1840 κενώςῃ.
3098 1791 3116 1823 ι
3160 1772 3455 1841 Αἱροῦμαι,
3485 1771 3640 1839 φησι,
3678 1771 3885 1840 μᾶλλον
3917 1770 4046 1822 δια-

2452 1860 2729 1931 φθαρῆναι
2759 1862 2924 1932 λιμῷ,
2956 1865 2986 1933 ἦ
3014 1866 3101 1917 ἵνα
3133 1862 3347 1933 κενώσῃ
3376 1881 3481 1927 τις,
3513 1862 3785 1927 τουτέστι,
3812 1862 4052 1931 μάταιον

2452 1958 2548 2008 καὶ
2600 1956 2757 2009 κενὸν
2784 1958 3040 2028 ἀποδείξῃ
3088 1958 3147 2010 τὸ
3176 1958 3441 2027 καύχημὰ
3479 1975 3603 2024 μου.
3654 1957 3939 2027 Καύχημα
3986 1956 4045 2008 δὲ

2452 2044 2628 2109 εἶπεν,
2688 2050 2774 2102 ἴνα
2803 2050 2902 2120 τὴν
2933 2050 3241 2121 ὑπερϐολὴν
3299 2052 3399 2119 τῆς
3445 2052 3620 2119 χαρᾶς
3652 2048 3821 2119 δείξῃ.
3883 2050 4052 2112 Ἴσως

2452 2138 2562 2206 γὰρ
2604 2139 2668 2193 ἄν
2697 2157 2779 2203 τις
2810 2135 2986 2202 εἶπεν,
3022 2142 3103 2193 ὅτι
3148 2140 3390 2210 Ἀληθῶς
3437 2140 3535 2192 οὐκ
3592 2139 3871 2207 ἐλάμϐανε
3922 2140 4049 2204 μὲν,

2456 2229 2595 2299 πλὴν
2629 2231 2831 2284 στένων
2867 2233 2960 2285 καὶ
2981 2231 3318 2300 ὀδυνώμενος
3352 2231 3510 2285 τοῦτο
3544 2232 3741 2286 ἐποίει.
3768 2230 4043 2283 Τοσοῦτον

2455 2320 2568 2386 οὖν,
2609 2323 2795 2391 φησὶν,
2828 2326 3017 2394 ἀπέχω
3063 2323 3348 2377 λυπεῖσθαι
3378 2323 3420 2390 ⁸,
3464 2325 3546 2378 ὃτι
3580 2324 3677 2376 καὶ
3716 2323 4040 2393 καυχῶμαι.

2537 2608 2555 2640 ι
2588 2590 2713 2642 Ἐὰν
2734 2590 2841 2662 γὰρ
2868 2591 3331 2663 εὐαγγελίζωμαι.
3352 2594 3452 2647 οὐκ
3482 2594 3599 2647 ἔστι
3632 2612 3721 2663 μοι
3744 2595 4015 2662 καύλημα
4038 2611 4051 2622 '

2459 2681 2673 2749 ἀνάγκη
2700 2684 2808 2752 γάρ
2842 2700 2931 2749 μοι
2976 2685 3271 2737 ὲπὶκειται.
3313 2686 3451 2739 Οὐαὶ
3485 2686 3543 2738 δέ
3601 2686 3692 2753 μοί
3744 2689 3918 2749 ἐστιν,
3959 2686 4055 2738 ἐὰν

2464 2778 2537 2847 μὴ
2560 2778 3020 2847 εὐαγγελίζωμαι.
3055 2797 3072 2829 ι
3102 2779 3167 2831 Τί
3214 2780 3427 2846 λέγεις;
3492 2781 3591 2832 οὐκ
3622 2779 3737 2831 ἐστι
3788 2781 4058 2849 καύῃμά

2464 2885 2542 2920 σοι
2578 2868 2637 2919 τό
2694 2869 3168 2935 εὐαγγελίζεσθαι,
3205 2871 3341 2923 ἀλλὰ
3377 2870 3438 2923 τὸ
3488 2872 3781 2933 ἀδαπάνως
3844 2872 4059 2940 κηρύσο

2465 2978 2607 3024 σειν;
2635 2960 2832 3013 οὐκοῦν
2883 2961 3042 3014 τοῦτο
3073 2962 3283 3013 ἐκείνου
3335 2962 3546 3030 μεῖζονς
3578 2963 3815 3029 Ἀπαγε,
3853 2964 4021 3033 φησίν
4041 2979 4055 2991 ·

2465 3054 2601 3106 ἀλλὰ
2647 3053 2707 3104 τὸ
2742 3054 2841 3122 μὲν
2901 3051 3392 3120 εὐαγγελίζεσθαι,
3441 3053 3727 3121 ἐπίταγμά
3788 3056 3909 3106 ἐστι
3967 3056 4061 3106 καὶ

2388 3180 2431 3237 C
2464 3148 2646 3217 χρέος,
2672 3147 2766 3198 καὶ
2794 3146 2887 3196 ἐὰν
2917 3145 3109 3215 πληρῶ
3134 3145 3315 3208 τοῦτο,
3346 3146 3498 3198 οὐδὲν
3521 3145 3882 3216 κατόρθωμα.
3919 3146 4059 3198 Οὐαὶ

2467 3241 2575 3309 γάρ
2613 3256 2702 3307 μοι
2740 3239 2837 3289 ἐὰν
2892 3238 2966 3307 μὴ
3012 3238 3242 3305 πληρῶ·
3282 3238 3595 3307 δαρήσομαι
3648 3239 3758 3307 γὰρ
3812 3238 3983 3291 πολλὰ
4013 3240 4057 3299 ⁸.

2468 3333 2541 3393 ὡς
2598 3330 2659 3382 τὸ
2706 3330 2986 3397 ἐπίταγμα
3062 3329 3157 3381 τοῦ
3219 3331 3495 3382 Δεσπότου
3547 3330 3622 3400 μὴ
3656 3331 3851 3384 ποιῶν,
3884 3333 3958 3383 Τὸ
4003 3332 4063 3383 δὲ

2469 3422 2755 3484 ἀδαπάνως
2839 3420 3172 3491 κηρύσσειν,
3245 3422 3617 3491 προαιρέσεως
3711 3422 3995 3490 φιλοτιμία
4042 3439 4058 3453 ⁸

2470 3516 2676 3568 καὶδιὰ
2707 3515 2866 3567 τοῦτο
2920 3517 3184 3583 καύχημά
3233 3517 3372 3569 ἐστι.
3410 3516 3483 3567 Τὸ
3505 3516 3583 3580 δὲ,
3621 3534 3641 3566 ι
3691 3517 3937 3586 Ἀνάγκη
3970 3532 4059 3582 μοι

2472 3610 2765 3671 ἐπίκειται,
2794 3628 2811 3659 ι
2841 3610 2899 3661 οὑ
2934 3611 3067 3678 πρὸς
3098 3609 3376 3678 ἀναίρεσιν
3406 3608 3499 3662 τοῦ
3531 3609 3906 3674 αὑτεξουσίου,
3927 3609 4061 3662 ἀλλὰ

2475 3707 2610 3775 πρὸς
2646 3705 3054 3773 ἁντιδιαστολὴν
3080 3706 3180 3773 τῆς
3215 3706 3530 3773 ἐλευθερίας
3570 3705 3671 3773 τῆς
3720 3706 3777 3756 ἐν
3811 3704 3889 3774 τῷ
3919 3705 4062 3774 lat..-

2475 3798 2658 3850 ϐἀνειν
2712 3798 2950 3868 εἴρηται.
3000 3798 3096 3850 καὶ
3131 3798 3220 3849 διὰ
3271 3797 3359 3850 τὸν
3393 3798 3559 3865 φόϐον
3614 3796 3713 3867 τῆς
3750 3800 3845 3850 επὶ
3884 3798 3961 3867 τῷ
3987 3796 4063 3866 μὴ

2478 3889 2702 3958 ποιῆσαι
2743 3890 3043 3951 κολάσεως.

2554 4093 2573 4125 ι
2611 4075 2674 4126 Εἰ
2709 4072 2818 4144 γὰρ
2848 4072 2988 4126 ἑκὼν
3039 4071 3201 4126 τοῦτο
3236 4071 3490 4143 πράσσω,
3526 4071 3718 4140 μισθὸν
3765 4070 3907 4141 ἔχω·
3934 4074 3979 4125 εἰ
4005 4073 4063 4127 δὲ

2478 4167 2658 4230 ἄκων,
2690 4165 3006 4235 οἰκονομίαν
3067 4165 3462 4234 πεπίστευμαι.
3502 4183 3520 4215 ι
3599 4165 3657 4216 El
3692 4164 3793 4234 μὲν
3833 4160 3930 4219 οὖν
3966 4168 4064 4217 οὐκ

2480 4257 2873 4328 ὲνεχειρίσθην,
2910 4258 3062 4325 φησι,
3121 4256 3182 4308 τδ
3240 4258 3525 4326 κήρυγμα,
3586 4257 3683 4309 ἀπ’
3720 4258 3963 4325 ἐμαυτοῦ
4008 4258 4062 4309 δὲ

2479 4349 2638 4401 τοῦτο
2668 4348 2908 4410 ἐποίουν,
2946 4346 3138 4414 μισθὸν
3191 4346 3299 4415 ἔχω
3338 4346 3513 4415 μέγαν
3562 4348 3655 4399 καὶ
3683 4346 3853 4398 πολύν
3878 4364 3892 4377 ·
3930 4349 3978 4398 εί
4006 4346 4061 4398 δὲ

2483 4440 2874 4510 ἐνεχειρίσοην,
2931 4438 3199 4507 πρόδηλον
3248 4440 3328 4490 ὅτι
3363 4440 3464 4491 οὐκ
3508 4439 3603 4492 ἀπ’
3635 4438 3876 4506 ἐμαυτοῦ
3910 4439 4062 4491 τοῦτο

806 4525 936 4576 mihi
964 4526 1313 4578 commissum
1349 4534 1451 4590 est,
1480 4528 1820 4595 perspicuum
1866 4534 1950 4580 est
2005 4530 2145 4597 quod
2205 4543 2308 4581 non
2348 4543 2375 4580 a
2409 4515 2453 4569 Ῑ)
2484 4552 2493 4583 τ

2373 4553 2375 4578 ι
2409 4515 2453 4569 Ῑ)
2484 4532 2642 4594 ποιῶ,
2666 4531 2801 4583 ἀλλὰ
2828 4529 3166 4598 Δεσποτικὴυ
3230 4528 3452 4597 ἐντολὴν
3498 4529 3709 4599 πληριῖι.
3745 4528 3921 4579 Τοῦτο
3956 4529 4060 4598 γάρ

801 4618 1157 4683 meipsoistud
1182 4617 1337 4682 facio,
1362 4620 1450 4672 sed
1478 4617 1685 4670 Domini
1706 4620 2014 4671 mandatum
2032 4619 2244 4687 impleo.
2268 4620 2381 4675 Iloc

801 4709 947 4759 enim
986 4720 1069 4760 est
1112 4710 1251 4775 quod
1301 4711 1397 4773 ait,
1424 4727 1441 4759 ι
1487 4710 1714 4763 Invitus.
1756 4729 1774 4760 ι
1801 4709 2067 4775 Quocirca
2100 4713 2270 4775 isttec}
2297 4729 2382 4766 res

806 4818 911 4855 nou
934 4814 1015 4855 est
1042 4804 1214 4856 honor
1245 4822 1257 4857 :
1296 4804 1746 4871 dispensationem
1790 4819 2017 4872 namque
2041 4805 2167 4857 mihi
2202 4805 2377 4857 credi-

808 4905 913 4944 tam
946 4894 1281 4947 administro.
1306 4894 1684 4947 Animadverte
1706 4904 1907 4959 autem,
1933 4895 2074 4961 quod
2104 4910 2206 4947 non
2235 4894 2380 4949 dixe-

808 4985 899 5047 rit,
926 4984 981 5037 Si
1009 4994 1184 5039 autem
1210 4986 1426 5050 invitus,
1454 4990 1751 5039 mercedem
1774 5004 1876 5039 non
1897 4988 2101 5041 habeo:
2131 4987 2380 5041 iudicans

808 5078 953 5146 quod
990 5078 1182 5131 haheat
1229 5080 1443 5145 quidem
1500 5081 1821 5145 mercedem,
1858 5082 2019 5133 etiam
2055 5080 2105 5132 in
2142 5081 2383 5148 promul-

811 5170 987 5239 gando
1034 5171 1345 5238 Evangelio,
1396 5172 1563 5225 herile
1608 5172 1732 5225 licet
1766 5173 2081 5225 mandatum
2138 5172 2386 5241 impleat.

815 5262 1123 5315 Ahsnrdum
1158 5265 1301 5316 cnim
1346 5274 1510 5327 esset,
1544 5268 1585 5319 si
1627 5265 1865 5331 Apostoli
1906 5279 2096 5319 oumes
2134 5266 2391 5332 prmdica-

818 5354 981 5406 tionis
1032 5358 1331 5408 mercedem
1405 5373 1507 5409 nou
1582 5358 1924 5424 acripercut;
1980 5356 2224 5409 sedenim
2282 5372 2387 5409 non

818 5446 1007 5511 talem,
1037 5446 1245 5513 qualem
1284 5449 1369 5501 ille
1396 5449 1482 5516 qui
1520 5452 1687 5518 gratis
1725 5450 2121 5517 praedicaverit.

893 5539 1056 5594 Vens.
1082 5540 1168 5595 ‘18.
1204 5561 1221 5591 ι
1250 5542 1375 5606 Quae
1397 5544 1652 5611 igitur-est
1685 5542 1930 5597 merces?
1960 5552 2015 5594 ut
2042 5540 2387 5609 Evangelimn

2484 4628 2601 4682 ἑστι
2633 4626 2714 4689 τὸ,
2773 4644 2791 4675 ‹
2832 4626 3036 4676 Ἀκων.
3077 4642 3095 4674 ι
3147 4624 3257 4674 Καὶ
3285 4623 3373 4674 διὰ
3407 4620 3564 4674 τοῦτο
3598 4623 3657 4673 οὐ
3694 4620 3977 4690 φιλοτιμία
4006 4622 4062 4671 τδ

2490 4720 2750 4788 πρᾶγμα·
2784 4716 3097 4784 οἰκονομίαν
3130 4716 3239 4783 γὰρ
3273 4712 3684 4783 ἐμπιστευθεὶς,
3716 4712 3905 4765 διοικῶ
3937 4712 4061 4765 ταύ-

2484 4828 2606 4879 την.
2636 4810 2774 4877 Ὅρα
2806 4808 2882 4869 δὲ,
2916 4809 2997 4860 ὅτι
3027 4808 3129 4861 οὐκ
3156 4802 3332 4871 εἶπεν,
3364 4806 3425 4859 Εἰ
3452 4806 3507 4858 δὲ
3538 4806 3708 4867 ἄκων,
3748 4805 3941 4871 μισθὸν
3970 4804 4065 4855 οὐκ

2487 4902 2628 4971 ἔχω·
2655 4902 2864 4963 δεικνὺς
2891 4902 2971 4953 ὅτι
3010 4900 3122 4969 ἔχει
3156 4900 3253 4969 μὲν
3283 4899 3473 4968 μισθὸν
3503 4901 3595 4950 καὶ
3628 4898 3717 4949 ἐπὶ
3750 4896 3827 4965 τῷ
3862 4896 4063 4965 κηρύσ-

2490 5011 2622 5057 σειν,
2654 4994 2701 5045 εἱ
2735 4995 2828 5059 καὶ
2874 4993 3152 5059 ἐπίταγμα
3196 4991 3527 5042 Δεσποτικόν
3584 4989 3805 5057 πληροῖ.
3835 4990 4065 5041 Ἀτοπεν

2488 5087 2617 5153 γὰρ,
2638 5086 2685 5136 εἰ
2712 5086 2761 5137 οἱ
2788 5084 3074 5137 ἀπόστολοι
3096 5083 3296 5145 πάντες
3325 5083 3384 5134 οὐ
3421 5082 3683 5149 λήψονται
3714 5081 3907 5149 μισθὸν
3929 5081 4063 5147 ὑπὲρ

2483 5172 2557 5230 ὧν
2587 5178 2861 5247 ἐκήρυξαν
2884 5192 2897 5204 ·
2951 5177 3092 5244 πλὴν
3128 5176 3187 5227 οὐ
3226 5174 3488 5237 τοιοῦτον,
3523 5170 3633 5225 οἷον
3672 5178 3765 5224 καὶ
3804 5174 3833 5223 ὁ
3868 5173 4066 5225 ἀδαπά-

2484 5287 2589 5330 νω;
2622 5269 2885 5339 κηρύξας.

2568 5556 2585 5588 t
2624 5538 2718 5600 Τίς
2742 5534 2835 5593 οὖν
2867 5540 2894 5591 ὁ
2932 5538 3120 5610 pta-96;
3142 5557 3155 5600 ς
3179 5537 3296 5591 Ἵνα
3321 5533 3830 5604 εὐαγγελιζῦμειος,
3866 5530 4061 5586 ἀδέκα-

2172 5700 2368 5761 Varia)
2412 5698 2736 5760 lectiones.

894 5821 919 5849 ’⁵
949 5820 1039 5873 τοῦ
1083 5821 1367 5875 λυπεῖσθαι
1406 5840 1474 5878 ιιι.
1556 5823 1573 5853 ⁵
1612 5823 1809 5887 πολλάς
1834 5840 1888 5878 0.
