4272 6448
798 420 866 482 ’ἷ5
1639 408 2228 473 THEOPHYLACTI
2273 404 2693 468 BULGARLE
2725 403 3094 467 ARCIIIEP.

826 531 986 587 Vens.
1016 528 1107 583 22.
1148 544 1168 581 ι
1201 524 1406 579 Factus
1440 538 1556 577 smn
1603 522 1836 575 iutirmis
1863 530 2121 589 tauquam
2175 518 2299 571 iutir
2361 519 2407 573 Α

750 640 892 689 tnus,
936 631 991 674 ut
1038 618 1285 672 infirmos
1332 615 1735 670 Iucrifacerem.
1772 630 1789 661 ι
1838 610 2067 663 Perinde
2097 622 2159 659 ac
2192 620 2336 658 nunc

748 715 905 769 vobis
938 710 1113 764 factus
1160 725 1304 770 sum,
1356 707 1426 760 ob
1474 704 1806 757 imbecillam
1843 712 2078 757 vestram
2112 698 2338 752 scanda-

750 808 923 874 lisque
954 803 1114 857 facile
1153 801 1442 855 obnoxiam
1485 808 1749 860 mentrm,
1784 812 1906 849 cum
1943 793 2091 847 nolui
2126 809 2153 845 a
2185 791 2337 846 voltis

746 899 842 969 ali.
876 898 1187 964 Quinetiam
1241 893 1413 947 sicubi
1445 907 1591 953 eum,
1646 892 1715 943 ob
1762 889 2074 941 auditorum
2113 883 2335 938 infirmi-

753 998 945 1051 tatem,
973 986 1052 1039 vel
1084 986 1147 1037 tle
1186 982 1307 1037 Filii
1334 984 1561 1044 tleilate,
1587 980 1667 1034 vel
1700 983 1765 1033 de
1798 979 2035 1046 Spiritus
2057 976 2337 1028 divinitate

755 1099 859 1136 non
887 1080 1186 1149 [perspicuo
1239 1076 1606 1130 disserentem
1658 1074 2008 1140 conspexeris
2047 1088 2061 1131 ;
2093 1082 2200 1122 tum
2235 1083 2336 1121 uo»

751 1175 893 1229 veris
917 1175 1095 1241 ipsum
1121 1170 1354 1224 iutirmis
1383 1178 1637 1235 tanquam
1676 1164 1953 1218 infirmum
1984 1162 2119 1215 ﬁeri.

825 1283 843 1315 ι
892 1262 1160 1320 Omnibus
1254 1262 1430 1314 factus
1508 1274 1628 1313 sunt
1697 1259 1900 1318 Oltlltla,
1979 1264 2038 1307 ιιι
2097 1253 2327 1306 omnino

752 1358 1016 1429 quosdam
1076 1356 1312 1409 facerem
1378 1353 1580 1429 salvos.
1644 1370 1662 1401 ι
1726 1350 1782 1403 Et
1844 1350 1970 1419 quid
2028 1349 2197 1400 multa
2254 1363 2338 1398 ru-

753 1448 1044 1506 censeaut?
1091 1446 1357 1501 Omnibus
1432 1421 1518 1497 tite
1574 1442 1964 1511 attentpuravi:
2014 1440 2179 1507 Atqui
2233 1454 2334 1491 non

754 1556 945 1595 omnes
971 1553 1187 1593 servare
1217 1547 1572 1604 exspectans,
1605 1549 1788 1588 verum
1829 1545 1885 1585 ut
1915 1548 2116 1600 pauc-os
2150 1533 2335 1585 saltem

756 1633 934 1686 salvos
981 1629 1217 1683 facerem
1269 1644 1283 1680 :
1333 1627 1476 1696 quod
1527 1637 1581 1680 et
1636 1624 2009 1677 admirabilius
2058 1634 2161 1675 est.
2204 1621 2335 1674 Nam

756 1724 847 1792 qui
882 1724 1075 1775 uberes
1122 1718 1330 1773 fructus
1380 1727 1584 1785 sperat,
1619 1718 1659 1768 si
1711 1715 1799 1767 ille
1842 1714 2071 1777 laboret,
2114 1728 2215 1766 non
2259 1722 2342 1765 Crl

755 1814 890 1867 adeo
929 1812 1233 1865 mirandum
1297 1827 1313 1867 :
1360 1810 1501 1877 quod
1550 1818 1729 1859 autem
1775 1806 1986 1874 exiguzn
2025 1808 2098 1859 rei
2142 1806 2335 1871 gratia,

2512 535 2530 567 ι
2576 516 2875 586 Ἐγενόμην
2913 519 3026 578 τοῖς
3054 515 3342 569 ἀσθενέσιν
3386 515 3461 579 ὡς
3488 517 3743 588 ἀσθενὴς,
3789 519 3873 573 ῖια
3900 523 4051 579 τοὺς

2439 607 2686 670 ἀσθενεῖς
2715 607 3020 676 κερδήσω.»
3052 607 3267 677 ’Ὠσπερ
3302 609 3396 660 νῦν
3423 610 3553 677 ὑμῖν
3584 610 3671 662 διὰ
3698 610 3798 680 τὴν
3825 612 4047 681 ἀσθενῆ

2440 697 2594 767 ὑμῶν
2628 699 2723 750 καὶ
2749 695 3205 749 εὑσκανδάλιστον
3239 697 3489 767 γνώμην,
3531 697 3605 769 μὴ
3641 698 3869 770 θελήσας
3900 701 4052 769 ὐςρ’⁹

2439 790 2593 860 ὑμῶν
2653 790 2947 858 τραφῆναι.
2997 788 3157 841 Ἀλλὰ
3208 791 3300 841 καὶ
3348 790 3475 842 ὅταν
3535 791 3652 861 ἴδῃς
3696 794 3859 845 αὐτον
3955 794 4047 863 μὴ

2440 880 2653 951 τρανῶς
2686 880 2718 948 ἦ
2757 882 2881 949 περὶ
2912 880 3013 948 τῆς
3047 879 3141 931 τοῦ
3197 880 3329 933 Υἱοῦ
3385 882 3659 952 Θεότητος,
3693 884 3722 952 ἢ
3764 884 3893 953 περὶ
3927 886 4046 954 τῆς

2440 972 2532 1025 τοῦ
2594 971 2914 1041 Πνεύματος
2979 970 3228 1038 λέγοντα,
3288 971 3376 1023 διὰ
3438 972 3537 1042 τὴν
3584 973 3869 1028 ἀσθένειαν
3919 976 4044 1027 τῶν

2439 1066 2769 1125 ἀκουόντων,
2810 1064 2905 1116 καὶ
2935 1066 3055 1116 τότε
3083 1064 3192 1116 ῐσοι
3226 1064 3388 1117 αὑτὸν
3436 1065 3683 1133 γίνεσθαι
3719 1068 3831 1129 τοῖς
3866 1066 4043 1119 ἀσθε-

2439 1158 2588 1208 νέσιν
2621 1156 2695 1218 ὠς
2734 1154 2960 1223 ἀσθενῆ.

2519 1268 2537 1297 ε
2569 1248 2694 1307 Τοῖς
2735 1249 2868 1298 πᾶσι
2900 1246 3101 1313 γέγονα
3146 1246 3215 1299 τὰ
3244 1248 3445 1313 πάντα,
3489 1249 3577 1302 ἵνα
3625 1249 3843 1313 πάντως
3881 1252 4044 1316 τινας

2444 1340 2601 1393 σώσω
2633 1340 2695 1392 ³⁸.
2729 1358 2746 1389 ι
2782 1339 2892 1391 Καὶ
2918 1340 2969 1390 τί
3018 1338 3190 1391 πολλὰ
3219 1341 3705 1412 καταριθμοῦμαι;
3736 1344 3862 1407 Τοῖς
3897 1348 4042 1397 πᾶσι

2444 1431 2825 1499 συγκατέϐην·
2877 1430 3056 1482 καίτοι
3092 1448 3155 1497 γε
3216 1432 3278 1483 οὑ
3316 1433 3524 1496 πάντας
3572 1434 3765 1498 σώζειν
3799 1437 4042 1506 προσδο-

2442 1525 2575 1588 κῶν,
2621 1523 2734 1575 ἀλλ’
2780 1522 2868 1574 ἵνα
2906 1522 3002 1573 καὶ
3032 1522 3249 1589 ὀλίγους
3286 1522 3446 1577 σώσω
3469 1541 3483 1554 ·
3526 1525 3554 1577 ὃ
3586 1527 3677 1577 καὶ
3706 1525 4041 1596 θαυμασιώ-

2442 1631 2621 1683 τερον.
2658 1615 2730 1666 Τὸ
2768 1615 2866 1683 μὲν
2895 1616 3003 1685 γὰρ
3060 1616 3349 1678 ἐλπίζοντα
3388 1618 3631 1688 μεγάλην
3684 1620 4035 1688 ἐπικαρπίαν

2444 1707 2649 1769 πονεῖν,
2684 1705 2742 1756 οὑ
2788 1707 3044 1758 τοσοῦτον
3076 1707 3427 1775 θαυμαστόν·
3478 1708 3539 1757 τὸ
3576 1708 3632 1760 δὲ
3667 1712 3761 1763 καὶ
3815 1712 4036 1781 μικρῶν

2443 1799 2607 1850 ἓνεκα
2636 1796 2876 1850 τοσαῦτα
2915 1798 3139 1867 μοχθεῖν
3170 1798 3235 1861 “,
3260 1797 3419 1852 τοῦτο
3446 1798 3607 1867 μέγα.
3633 1798 3708 1852 Τὸ
3735 1800 3815 1867 δὲ,
3853 1821 3870 1851 ι
3894 1801 4039 1856 Πάν⁸

758 1906 1069 1973 modicique
1100 1903 1312 1957 fructus
1340 1917 1503 1956 causa
1547 1900 1712 1953 tantis
1748 1900 2024 1952 laboribus
2056 1913 2113 1951 se
2144 1897 2334 1951 defati-
2376 1867 2416 1924 Β
2444 1916 2445 1921 η

2376 1867 2416 1924 Β
2444 1908 2573 1953 τως,
2612 1908 2629 1940 ι
2679 1888 3013 1959 προσέθηκε,
3054 1890 3551 1960 παραμυθούμενος
3583 1890 3937 1958 διδάσκςντας
3969 1895 4032 1949 ".

756 1998 927 2067 gavit,
985 1997 1087 2050 hoc
1134 2010 1267 2049 sane
1314 2008 1563 2060 maguum
1594 2001 1697 2042 est.
1740 2008 1758 2039 ι
1813 1986 2049 2040 Omnino
2097 2006 2113 2037 ι
2153 1998 2334 2041 autent

757 2088 1024 2154 apposuit,
1046 2082 1469 2138 consolationem
1491 2080 1735 2147 prmbcns
1755 2077 2089 2130 docentibus.
2114 2077 2338 2132 Etiamsi

756 2178 899 2231 enim
970 2190 1075 2228 non
1136 2188 1324 2226 omnes
1401 2172 1671 2241 quispiam
1751 2178 2057 2232 conservet,
2121 2171 2342 2225 omnino

758 2269 939 2323 debeL

835 2364 999 2418 Vens.
1024 2364 1113 2417 23.
1149 2381 1167 2413 ι
1199 2360 1311 2414 lloc
1330 2371 1507 2415 autem
1537 2358 1678 2413 facio
1708 2370 1932 2428 propter
1963 2359 2337 2428 Evangelimn,

770 2470 829 2514 ιιι
862 2460 1131 2526 particeps
1150 2455 1266 2521 ejus
1289 2452 1515 2506 efliciar.
1551 2470 1568 2501 ι
1605 2451 1955 2521 Evangelium
1991 2451 2339 2515 dicittidelcs,

763 2553 852 2620 qui
884 2566 980 2619 per
1029 2546 1377 2615 Evangelium
1421 2554 1733 2605 servantur,
1783 2542 2238 2611 quemadmodum
2290 2554 2343 2594 et

761 2659 922 2713 supra
952 2642 1123 2693 dixit:
1164 2658 1181 2690 t
1222 2636 1610 2705 EtcEvangelio
1642 2637 1843 2695 vivere,
1886 2653 1903 2685 ι
1942 2649 2061 2702 pro,
2093 2650 2158 2687 cx
2222 2649 2344 2687 crc-

764 2737 1033 2793 deutibtts.
1084 2732 1153 2787 Ut
1206 2731 1390 2800 igitur,
1450 2729 1646 2796 inquit,
1688 2727 1925 2779 fidelium
1958 2740 2175 2780 coronat
2209 2742 2337 2780 cou-

763 2844 883 2883 sors
911 2828 1024 2881 fieri
1054 2824 1277 2894 poss‘tm,
1336 2831 1623 2889 propterea
1676 2822 1788 2873 bere
1826 2818 1964 2872 facio
1997 2837 2010 2872 :
2050 2833 2155 2871 non
2194 2820 2336 2886 quod

763 2920 879 2986 ipse
904 2932 999 2987 pro
1050 2915 1302 2969 mercede
1352 2914 1464 2967 haec
1502 2912 1732 2973 faceret,
1769 2926 1957 2963 verum
1996 2920 2052 2962 ut
2083 2909 2185 2963 illis
2218 2926 2342 2977 per-

765 3012 1017 3063 suaderet
1048 3008 1231 3059 omnia
1264 3021 1359 3075 pro
1403 3005 1660 3057 fratribus
1698 3001 1899 3065 facere,
1936 3015 2035 3069 spe
2073 3001 2340 3054 bonorum

765 3114 1148 3169 supernorum.
1203 3095 1499 3151 Considera
1554 3104 1735 3147 autem
1787 3093 1903 3159 ejus
1956 3092 2341 3157 humilitatem,

2447 1985 2567 2036 Κᾶν
2610 1984 2716 2052 γαρ
2748 1982 2821 2052 μὴ
2854 1984 2984 2044 τοὺς
3034 1983 3244 2045 πάντας
3282 1982 3528 2054 διασώσῃ
3571 2002 3676 2049 τις,
3709 1986 3931 2050 πάντως
3970 2005 4036 2057 γε

2450 2077 2663 2144 ὀλίγους
2695 2073 2957 2145 διασώσῃ.
3006 2074 3220 2126 Οὐκοῦν
3247 2074 3348 2126 οὐκ
3379 2076 3585 2142 ὀφείλει
3620 2077 3966 2149 άποναρκᾷν.

2398 2179 2577 2225 tamen
2618 2183 2817 2236 paucos
2857 2167 3116 2222 servabit.
3180 2166 3305 2221 Otio
3342 2168 3525 2237 itaque
3550 2177 3861 2237 torpescere
3933 2185 4040 2224 non

2528 2381 2544 2412 ι
2576 2360 2745 2413 Τοῦτο
2772 2358 2826 2411 δὲ
2857 2358 2994 2411 ποιῶ
3027 2358 3115 2411 διὰ
3138 2358 3195 2410 τὶ
3234 2359 3590 2427 Εὑαγγέλιον,
3628 2362 3716 2414 ἵνα
3742 2380 4043 2429 συγκοινω-

2449 2456 2535 2517 νὸς
2566 2454 2730 2506 αὑτοῦ
2764 2453 3033 2522 γένωμαι.
3059 2472 3077 2502 ι
3111 2452 3441 2520 Εὑαγγέλιον
3466 2453 3754 2521 λέγειτοὺς
3784 2458 4039 2518 πιστοὺς,

2450 2549 2575 2609 τους
2620 2547 2707 2599 διὰ
2755 2544 2849 2597 τοῦ
2905 2546 3241 2612 Εὐαγγελίου
3290 2546 3663 2615 σωζομένους·
3706 2546 3900 2617 ὥσπερ
3948 2549 4045 2599 καὶ

2452 2639 2709 2708 ἀνωτέρω
2744 2634 2917 2703 εἶπεν,
2956 2654 2973 2687 t
3029 2636 3122 2688 Ἐκ
3177 2637 3272 2689 τοῦ
3308 2637 3645 2705 Εὑαγγελίου
3702 2638 3824 2709 ζῇν,
3864 2658 3881 2688 ι
3921 2641 4045 2691 ἀντὶ

2448 2731 2563 2791 τοῦ,
2621 2732 2683 2781 ὲκ
2714 2730 2823 2781 τῶν
2873 2730 3262 2781 πιστευόντων.
3298 2730 3417 2782 Ἵνα
3450 2727 3543 2783 οὖν
3568 2774 3583 2796 ,
3622 2736 3778 2800 φησι,
3826 2732 4046 2801 δυνηθῶ

2444 2823 2770 2890 κοινωνῆσαι
2817 2823 2925 2874 τῶν
2978 2823 3261 2889 στεφάνων
3309 2825 3423 2884 τοῖς
3481 2825 3715 2885 πιστοῖς,
3756 2824 3845 2875 διὰ
3878 2824 4046 2874 τοῦτο

2444 2913 2623 2967 ταῦτα
2677 2913 2848 2966 ποιῶο
2906 2915 3005 2965 οὐκ
3042 2913 3229 2984 ἐπειδὴ
3294 2913 3453 2975 αὐτὸς
3488 2916 3583 2965 ἐπὶ
3638 2913 3817 2983 μισθῷ
3864 2914 4048 2965 ταῦτα

2446 3007 2642 3069 ἐποίει,
2682 3005 2798 3058 ἀλλ’
2826 3003 2915 3057 ἵνα
2956 3005 3202 3066 ἐκείνους
3252 3006 3418 3075 πείσῃ
3459 3008 3634 3057 ποιεῖν
3673 3006 3850 3058 πάντα
3894 3006 4043 3075 ὑπὲρ

2441 3098 2549 3150 τῶν
2579 3096 2842 3163 ἀδελφῶν,
2886 3096 2970 3147 ἐπ’
3014 3096 3187 3147 ἐλπίδι
3229 3096 3337 3147 τῶν
3395 3097 3506 3147 ἄνω
3536 3096 3775 3163 ἀγαθῶν.
3810 3098 3957 3168 Ὅρα
3987 3099 4045 3152 δὲ

769 3193 844 3244 uti
881 3194 924 3244 is
971 3191 1061 3258 qui
1119 3189 1325 3258 primas
1358 3186 1579 3247 meruit,
1610 3184 1660 3236 iu
1698 3183 1859 3253 176
1900 3184 2161 3238 bonorum
2194 3198 2346 3236 com-
2374 3192 2418 3249 ο
2450 3208 2456 3222 ι

2374 3192 2418 3249 C
2450 3188 2977 3257 ταπεινοφροσύνην,
3023 3186 3139 3248 πῶς
3188 3188 3214 3237 ὁ
3251 3187 3359 3238 τῶν
3388 3188 3673 3256 πρωτείων
3703 3188 3876 3254 ἄξιος,
3931 3193 4044 3252 τοῖς

768 3285 1132 3339 tntttticatione
1167 3296 1227 3337 se
1267 3280 1587 3349 simpliciter
1627 3279 1873 3330 fidelibus
1902 3275 2206 3345 conjungit.

840 3446 1004 3515 Vens.
1046 3460 1138 3513 ει.
1191 3476 1210 3508 ι
1269 3456 1499 3511 Nescitis
1526 3455 1694 3523 quod,
1745 3455 1835 3523 qui
1887 3456 1939 3507 iu
1989 3454 2165 3508 stadio
2229 3470 2352 3507 cur-

766 3564 914 3617 runt,
964 3565 1153 3605 omnes
1208 3550 1427 3618 quidem
1483 3557 1729 3610 currunt,
1782 3547 1875 3601 sed
1935 3563 2076 3600 unus
2139 3548 2342 3616 accipit

766 3642 1068 3700 brabeunt?
1121 3661 1139 3692 ι
1204 3642 1492 3708 Postquam
1538 3640 1845 3692 ostenderat
1904 3640 2044 3706 quod
2092 3637 2352 3693 fratribus

768 3735 1201 3793 condescendere
1256 3740 1525 3801 Oporteat,
1586 3731 1842 3799 deinceps
1890 3730 2182 3799 aliquanto
2243 3741 2351 3782 ter-

770 3828 982 3882 ribilius
998 3838 1120 3879 cum
1153 3825 1216 3877 iis
1255 3822 1498 3876 disserit.
1525 3820 1677 3885 Quod
1708 3830 1885 3873 autem
1916 3822 2010 3884 ait,
2043 3820 2349 3885 ltujusmodi

767 3930 852 3974 est
880 3938 894 3973 :
926 3918 1004 3973 Ne
1048 3915 1375 3971 existimetis
1434 3913 1576 3981 quod
1624 3911 1959 3979 simulatque
2012 3910 2346 3972 credidistis,

769 4018 823 4065 et
844 4010 895 4063 in
927 4007 1176 4061 Ecclesiae
1207 4004 1437 4058 stadium
1464 4001 1687 4070 ingressi
1713 4000 1870 4065 estis,
1929 3999 2071 4053 istud
2104 4000 2255 4053 vobis
2284 3998 2351 4051 ad

770 4101 999 4158 Salutem
1031 4097 1267 4153 sufficiat
1297 4111 1314 4149 :
1342 4093 1798 4163 quemadmodum
1832 4107 2006 4162 neque
2036 4092 2101 4146 iis
2129 4091 2351 4157 sufficit,

770 4204 831 4248 ut
871 4190 1190 4260 simpliciter
1230 4194 1478 4249 currant,
1512 4186 1617 4239 nisi
1651 4185 1756 4239 hoc
1786 4184 1949 4238 etiam
1984 4184 2143 4248 adsit,
2180 4192 2238 4236 ut
2267 4184 2353 4235 in-

770 4288 989 4352 colpate
1041 4282 1272 4343 scilicet,
1311 4289 1365 4333 et
1414 4280 1479 4332 ad
1535 4292 1734 4331 metam
1788 4292 1977 4344 usque.
2015 4278 2355 4345 Quapropter

769 4382 826 4427 et
856 4372 943 4425 ille
977 4369 1123 4423 solus
1151 4368 1241 4436 qui
1288 4367 1362 4420 ita
1392 4367 1587 4430 currit,
1638 4364 1901 4419 brabeum
1934 4364 2131 4433 accipit
2159 4382 2172 4418 :
2208 4365 2354 4434 quod

771 4478 869 4519 vos
892 4461 1271 4533 periclitamini
1296 4475 1364 4513 ne
1393 4457 1701 4527 accipiatis,
1728 4459 1853 4511 dum
1877 4465 2097 4527 propter
2118 4456 2356 4510 scientiae

2454 3282 2639 3342 ἁπλῶς
2675 3283 2883 3341 πιστοῖς
2912 3279 3104 3331 ἑαυτὸν
3135 3281 3419 3332 συντάττει
3453 3282 3509 3331 ἐν
3540 3283 3605 3349 τῇ
3639 3282 3899 3353 κοινωνία
3932 3283 4042 3334 τῶν

2454 3373 2526 3439 ἀγ
2536 3371 2700 3423 αοῶν.

2533 3486 2549 3516 ι
2592 3464 2703 3517 Οὐκ
2728 3463 2907 3516 οἴδατε
2943 3464 3024 3515 ὅτι
3059 3466 3106 3515 οἱ
3139 3465 3197 3516 ὲν
3244 3464 3443 3535 σταδίῳ
3471 3465 3782 3535 τρέχοντες,
3842 3469 4046 3532 πάντες

2458 3558 2554 3627 μὲν
2590 3556 2894 3626 τρέχουσιν,
2928 3550 3011 3617 εἷς
3039 3557 3094 3609 δὲ
3124 3556 3391 3625 λαμϐάνει
3424 3558 3483 3609 τὸ
3516 3560 3801 3628 βραϐεῖον;
3833 3582 3851 3613 ι
3891 3565 3973 3615 Ms
3991 3567 4048 3617 τὰ

2453 3648 2513 3700 τδ
2534 3644 2724 3709 δεῖξαι,
2754 3646 2835 3697 δτι
2862 3646 2943 3697 δεῖ
2976 3646 3441 3713 συγκαταϐαίνειν
3489 3650 3600 3710 τοῖς
3631 3650 3903 3719 ἀδελφοῖς,
3932 3652 4049 3703 7.0;-

2455 3741 2553 3794 πδν
2584 3738 3032 3809 πληκτικώτερον
3068 3740 3251 3801 αὐτοῖς
3305 3739 3636 3807 διαλέγεται.
3681 3743 3755 3794 Ὀ
3785 3744 3842 3795 δὲ
3875 3745 4049 3812 λέγει,

2452 3829 2696 3883 τοιοῦτόν
2732 3831 2877 3880 ὲστι·
2915 3829 3007 3897 Μὴ
3037 3830 3323 3898 νομίσητε,
3368 3833 3449 3883 ὅτι
3483 3832 3670 3897 ἐπειδὴ
3706 3834 4048 3886 ἐπιστεύσα-

2453 3937 2533 3983 τε,
2562 3922 2653 3972 καὶ
2685 3921 2763 3978 εἰς
2791 3919 2851 3970 τὸ
2875 3919 3087 3971 στάδιον
3117 3920 3216 3983 τῆς
3247 3920 3576 3990 Ἐκκλησίας
3602 3923 3908 3991 εἰσήλθετε,
3944 3926 4047 3996 ἥδη

2452 4013 2615 4082 ἀρκεῖ
2635 4011 2792 4063 τοῦτο
2821 4011 2951 4079 ὑμῖν
2983 4014 3063 4073 είς
3093 4013 3371 4081 σωτηρίαν
3394 4026 3406 4039 ’
3438 4012 3629 4081 ὥσπερ
3658 4015 3777 4066 οὐδὲ
3808 4016 4047 4079 ἐκείνοις

2452 4102 2514 4154 τὸ
2565 4101 2778 4171 τρέχειν
2831 4100 3039 4165 ἁπλῶς,
3118 4103 3166 4152 εί
3216 4102 3291 4169 μὴ
3376 4102 3744 4171 προσγένηται
3810 4106 3905 4153 καὶ
3963 4104 4047 4166 τὸ,

2454 4190 2782 4258 ἀμέμπτως,
2815 4191 2906 4241 καὶ
2948 4189 3010 4240 τὸ
3039 4188 3199 4259 μέχρι
3247 4191 3546 4258 τέρματος.
3595 4192 3686 4242 At?)
3734 4194 3827 4243 καὶ
3886 4194 4051 4261 μόνος

2453 4279 2719 4347 λαμϐάνει
2754 4280 2812 4331 τὸ
2841 4276 3137 4350 βραϐεῖονό
3175 4279 3316 4332 οὕτω
3345 4279 3571 4348 δραμών
3610 4282 3653 4312 ⁸³
3672 4298 3687 4312 ο
3720 4284 3858 4352 ὅπερ
3887 4284 4051 4352 ὑμεῖς

2457 4372 2798 4425 κινδυνεύετε
2828 4373 2902 4444 μὴ
2930 4372 3137 4435 λαϐεῖν,
3162 4372 3249 4425 διὰ
3283 4374 3383 4441 τὴν
3412 4370 3729 4441 τελειότητα
3760 4374 3923 4444 δῆθεν
3947 4376 4051 4444 τῆς

2458 4462 2711 4531 γνώσεως
2742 4464 3210 4532 καταφρονοῦντες
3263 4463 3372 4514 τῶν
3406 4462 3674 4533 ἀδελφῶν,
3704 4467 3801 4521 καὶ
3830 4468 3939 4519 τῶν
3968 4470 4050 4519 εί-

772 4556 982 4614 εοὶιίοοι
1046 4552 1435 4622 perfectionem
1491 4549 1694 4603 fratres
1760 4548 2134 4627 contemnitis,
2181 4546 2355 4601 idolo-
2387 4546 2431 4603 D

1546 4560 1694 4603 atres
1760 4548 2134 4627 contemnitis,
2181 4546 2355 4601 idolo-
2387 4546 2431 4603 D
2461 4556 2780 4609 δωλοθύτων
2809 4556 3232 4627 ἐμφορούμενοι.

776 4648 1049 4718 thytisque
1076 4643 1373 4697 larcimini.

848 4736 1007 4791 Vsus.
1049 4734 1252 4800 24,25.
1299 4752 1318 4785 ι
1362 4732 1454 4787 Sic
1501 4732 1730 4797 currite,
1761 4741 1821 4785 ut
1853 4730 2353 4801 comprehendatis.

773 4829 963 4886 Omnis
994 4837 1174 4881 autem
1206 4826 1297 4897 qui
1327 4834 1523 4887 certat,
1558 4824 1625 4877 ab
1657 4826 1911 4878 omnibus
1946 4839 2003 4878 se
2033 4824 2289 4879 abstinet.
2330 4841 2348 4874 ι

775 4922 1014 4985 Debetis,
1061 4919 1260 4990 inquit,
1312 4933 1558 4981 currere,
1610 4935 1629 4967 ε
1684 4926 1743 4970 ut
1788 4916 2285 4985 contprelieudutis.
2332 4934 2350 4967 ι

774 5011 891 5064 Hoc
928 5018 1109 5064 autem
1151 5009 1270 5062 sine
1321 5008 1587 5062 cltaritate
1634 5022 1737 5061 non
1778 5006 1871 5070 lit,
1915 5023 2075 5077 quam
2117 5022 2211 5061 vos
2254 5022 2355 5060 non

777 5102 1009 5165 habetis,
1034 5100 1249 5156 etiamsi
1280 5100 1547 5168 perfectos
1582 5115 1677 5154 vos
1712 5100 1932 5170 putetis,
1967 5102 2109 5169 quod
2137 5102 2359 5154 minime

776 5195 930 5249 vobis
969 5192 1199 5263 contigit
1237 5210 1251 5245 :
1290 5194 1527 5246 nondum
1563 5193 1705 5246 enim
1763 5193 2221 5261 appr-etieudistis.
2273 5192 2358 5245 lu-

775 5300 951 5339 nuens
989 5296 1167 5339 autem
1219 5284 1363 5353 quod
1394 5284 1559 5338 multa
1592 5284 1673 5338 eis
1715 5285 1961 5348 deerant,
1992 5285 2191 5354 quippe
2214 5285 2355 5353 quod

777 5379 925 5448 gula,
958 5388 1011 5431 et
1041 5376 1353 5445 foruicatio,
1380 5388 1435 5432 et
1466 5377 1706 5433 ebrietas
1734 5376 1875 5445 apud
1906 5390 2001 5431 eos
2028 5378 2351 5447 regnabant,

2537 4756 2555 4788 t
2584 4735 2741 4790 Οὕτω
2769 4736 3014 4806 τρέχετε,
3034 4736 3121 4788 ἵνα
3147 4735 3516 4805 καταλάϐητε.
3557 4738 3669 4798 Πᾶς
3697 4736 3754 4788 δὲ
3784 4735 3813 4786 ὁ
3848 4738 4051 4804 ἀγωνι-

2457 4827 2706 4897 ζόμενος,
2755 4828 2935 4880 πάντα
2999 4827 3413 4897 ἐγκρατεύεται.
3454 4846 3472 4878 ι
3546 4828 3850 4896 Ὀφείλετε,
3890 4833 4047 4898 φησι,

2454 4921 2689 4991 τρέχειν,
2733 4937 2751 4971 t
2788 4920 2875 4971 ῐνα
2903 4918 3269 4989 καταλάϐητε.
3315 4938 3333 4970 ι
3395 4917 3565 4971 Τοῦτο
3624 4919 3680 4971 δὲ
3726 4920 3899 4988 χωρὶς
3951 4923 4051 4989 τῆς

2455 5014 2674 5083 ἀγάπης
2712 5012 2773 5065 οὐ
2798 5012 3033 5077 γίνεται,
3081 5014 3148 5081 ἦν
3199 5011 3357 5081 ὑμεῖς
3386 5013 3485 5063 οὐκ
3526 5010 3677 5081 ἔχετε
3701 5052 3716 5077 ,
3750 5015 3795 5063 εἰ
3833 5014 3931 5064 καὶ
3967 5031 4053 5065 τε-

2455 5104 2632 5166 λείους
2660 5105 2889 5166 έαυτοὺς
2918 5102 3165 5173 νομίζετε
3184 5120 3196 5133 ·
3226 5105 3363 5173 ὅπερ
3388 5104 3488 5156 οὐκ
3519 5104 3665 5155 ἔστιν
3686 5121 3699 5133 ·
3740 5102 3897 5156 οὔπω
3941 5107 4051 5175 γάρ

2456 5195 2807 5249 κατελάϐετο.
2853 5196 3231 5265 Αίνιττόμενος
3258 5196 3336 5259 δὲ,
3363 5196 3446 5247 ὃτι
3474 5195 3617 5247 κατὰ
3668 5196 3841 5247 πολλὰ
3871 5198 4049 5250 ἐλλείο

2464 5306 2627 5341 ποντο
2744 5286 2969 5359 slain],
3006 5287 3099 5341 ἅτε
3131 5287 3583 5357 γαστριμαργίας
3625 5288 3683 5338 ὲν
3718 5290 3906 5353 αὐτοῖς
3955 5292 4055 5359 ἐμ.

2464 5380 2915 5450 πολιτευομένης,
2962 5381 3053 5432 καὶ
3095 5381 3374 5449 πορνείας,
3415 5380 3509 5433 καὶ
3537 5379 3731 5450 μέθης,
3760 5383 3926 5450 φησὶν
3970 5384 4052 5434 δτι

2116 5514 2315 5576 Varia)
2348 5514 2676 5577 lectiones.

850 5644 871 5673 ⁹
907 5640 1011 5706 ἀφ’
1050 5655 1103 5693 ο.
1214 5640 1256 5670 ¹⁶
1300 5641 1545 5708 κερδήσω
1574 5655 1627 5692 o.
1740 5640 1780 5670 ”
1812 5642 1997 5691 πονεῖν
2024 5655 2096 5691 tu.

2209 5641 2251 5670 "
2279 5640 2404 5701 τοίις
2436 5638 2788 5700 διδάσκοντας
2848 5654 2920 5690 tu.

3029 5638 3071 5668 "
3101 5638 3330 5702 ἐκείνοις
3388 5638 3449 5690 τὸ
3495 5636 3746 5706 δραμεῖν.
3796 5638 3934 5689 ἀλλὰ.
3973 5640 4053 5690 ξεῖ

780 5717 876 5768 καὶ
912 5711 1105 5779 μέχρις
1146 5709 1310 5762 αὑτοῦ
1345 5706 1725 5779 τοῦβραϐείου
1748 5711 2016 5772 σπεύδειν,
2055 5711 2150 5762 καὶ
2176 5710 2354 5762 πάντα
2385 5713 2558 5761 ποιεῖν
2600 5712 2733 5777 πρὸς
2769 5708 2829 5759 τὸ
2881 5710 3040 5761 τοῗτο
3065 5709 3269 5761 λαϐεῖν.
3306 5728 3375 5761 m.
3419 5706 3483 5759 Ut
3550 5708 3860 5776 simpliciter
3921 5726 4045 5761 cur-

779 5793 897 5836 rant
942 5796 959 5841 ;

781 5870 890 5919 vos,
925 5861 1029 5906 etc.

1014 5784 1102 5832 sed
1133 5791 1330 5849 oportet
1367 5790 1420 5833 ut
1479 5778 1635 5850 usque
1670 5780 1736 5833 ad
1786 5782 2034 5835 brabeum
2083 5781 2382 5850 perveniant
2436 5795 2455 5844 ;
2497 5780 2775 5848 omniaque
2841 5778 3043 5848 faciant
3106 5782 3171 5831 ad
3240 5779 3373 5831 illud
3428 5779 3786 5847 accipientium
3847 5793 3863 5829 :
3913 5780 4047 5847 qmd
