4272 6448
234 418 338 484 681

980 403 1388 470 EXPOSITIO
1434 402 1511 460 Ν
1547 398 1789 460 EPIST.
1833 397 1860 455 Ι
1896 397 1995 455 AD
2034 395 2200 455 COR.
2237 417 2304 429 -
2345 395 2502 455 CAP.
2547 396 2614 454 Χ.

3385 392 3488 458 682

238 533 341 600 τὴν
375 527 575 598 ἀθρόαν
611 522 790 580 αὐτιῖιν
818 517 1114 580 ἀπώλειαν,
1144 515 1239 569 καὶ
1265 513 1364 575 τάς
1398 510 1692 581 θεηλάτους
1728 523 1817 560 κο-
1844 511 1890 570 Α
1922 529 1925 551 ι

1802 537 1817 547 -
1844 511 1890 570 Α
1922 519 2106 558 eorum
2143 502 2571 557 destruetionem
2622 499 2847 562 indicat,
2882 513 3184 571 pinnasque
3229 501 3489 560 divinitus

237 624 430 685 λάσεις
453 619 730 690 ἐμφαίνει.

320 736 338 768 ι
371 687 554 766 Ταῦτα
587 711 644 764 δέ
663 709 821 762 τύποι
863 709 1018 779 ἡμῶν
1046 705 1404 774 ἐγενήθησαν,
1438 701 1516 761 εἰς
1546 697 1606 749 τὸ
1637 695 1712 764 μὴ
1746 687 1818 743 εἷ-

237 827 326 862 ναι
377 808 522 875 ἡμᾶς
569 801 914 870 ἐπιθυμητὰς
953 799 1062 850 τῶν
1100 796 1309 860 κακῶν,
1346 789 1528 853 καθὼς
1565 787 1809 840 κάκεῖνοι

236 874 616 968 ἐπεθόμησαν.
654 915 672 946 i
714 896 922 962 Ὠσπερ
982 892 1038 944 αἱ
1091 886 1405 958 εὐεργεσίαι
1457 883 1618 935 τύποι
1650 874 1812 948 ἦσαν,

236 992 381 1045 οὕτω
415 994 509 1043 καὶ
543 987 598 1041 αἱ
634 987 902 1047 κολάσεις.
963 982 1214 1036 Δείκνυσι
1247 979 1324 1042 δὲ,
1357 978 1455 1046 οὐχ
1514 976 1596 1026 ὅτι
1648 969 1809 1023 κολα-

239 1085 532 1154 σθήσονται
565 1080 744 1152 μόνον,
798 1078 910 1131 ἀλλ’
947 1078 1027 1130 ὅτι
1086 1075 1180 1128 καὶ
1215 1073 1478 1144 μειζόνως
1525 1068 1559 1138 ἢ
1589 1068 1810 1125 ἐκεῖνοι,

237 1180 350 1247 ὅσῳ
407 1178 588 1228 ἐκεῖνα
647 1173 744 1241 μέν
787 1171 989 1232 τύπος,
1050 1167 1224 1221 ταῦτα
1277 1167 1333 1217 δὲ
1398 1160 1650 1232 ἀλήθεια.
1701 1158 1811 1210 Καὶ

237 1271 429 1339 ὥσπερ
451 1272 506 1322 ὲν
535 1269 652 1328 ταῖς
673 1266 901 1335 δωρεαῖς
931 1264 962 1332 ἡ
994 1259 1260 1332 ὑπεροχὴ,
1297 1257 1439 1310 οὕτω
1471 1257 1564 1308 καί
1592 1255 1649 1306 ἐν
1694 1253 1813 1312 ταῖς

236 1364 546 1416 κολάσεσιν.
581 1358 762 1414 Εἰπὼν
794 1359 872 1420 δὲ,
914 1375 932 1407 ι
969 1352 1343 1422 Ἐπιθυμητὰς
1369 1350 1577 1412 κακῶν,
1621 1366 1640 1398 ι
1677 1343 1810 1397 καθ-

244 1452 445 1514 ολικῶς
494 1451 617 1520 περὶ
668 1449 844 1517 πάσης
879 1446 1076 1507 κακίας
1103 1444 1271 1510 λέγει,
1300 1439 1489 1506 ἐπειδὴ
1521 1437 1612 1489 καὶ
1661 1436 1812 1486 πᾶσα

237 1547 406 1596 κακία
441 1541 500 1605 ἐξ
533 1539 846 1607 ἐπιθυμίας.
888 1532 1019 1589 Εἶτα
1048 1536 1142 1587 καὶ
1189 1531 1309 1584 κατ’
1345 1527 1481 1590 εἶδος
1507 1526 1687 1596 τίθησι
1714 1525 1814 1585 τὰς

237 1636 459 1696 κακίας.
497 1634 561 1684 Τί
601 1633 655 1684 δὲ
692 1633 886 1683 ἐκεῖνοι
913 1626 1302 1696 ἐπεθύμησαν;
1340 1621 1598 1689 Σκόροδα,
1650 1617 1808 1688 κρέα,

239 1728 397 1789 θεοὺς
428 1727 607 1788 ἰδίους,
632 1726 704 1787 ὡς
733 1726 827 1776 καὶ
861 1724 1019 1784 αὐτὸς
1043 1720 1130 1773 διὰ
1150 1718 1256 1770 τῶν
1289 1715 1413 1784 ἑξῆς
1435 1713 1582 1783 δηλοῖ
1611 1711 1708 1781 τὴν
1737 1710 1812 1762 εί-

236 1821 632 1890 δωλολατρείαν
663 1817 862 1870 αὐτῶν.

318 2015 337 2047 ι
369 1996 516 2064 Μηδὲ
544 1993 923 2063 εἰδωλολάτραι
949 1990 1183 2058 γίνεσθε,
1228 1987 1409 2049 καθώς
1439 2002 1584 2048 τινες
1613 1985 1809 2046 αὐτῶν,

240 2087 432 2153 ὥσπερ
463 2085 806 2154 γέγραπται·
880 2081 1162 2135 Ἐκάθισεν
1201 2080 1228 2130 ὁ
1277 2079 1402 2140 λαὸς
1453 2079 1663 2145 φαγεῖν,
1722 2076 1816 2128 καὶ

241 2180 409 2242 πιεῖν,
461 2178 556 2230 καὶ
616 2178 918 2243 ἀνέστησαν
977 2175 1216 2236 παίζειν.
1252 2191 1269 2222 ›
1329 2171 1547 2240 Πρῶτον
1612 2168 1816 2221 τούτων

240 2270 583 2323 καθάπτεται
638 2268 746 2319 τῶν
781 2271 836 2319 ἐν
873 2267 985 2327 τοῖς
1038 2264 1330 2324 εἰδωλείοις
1362 2264 1686 2324 ἐσθιόντων,
1723 2261 1817 2312 καὶ

238 2362 531 2424 δείκνυσιν,
569 2359 648 2412 ὅτι
678 2358 867 2427 ὥσπερ
892 2359 1087 2409 ἐκεῖνοι
1115 2357 1221 2408 άπὸ
1247 2353 1692 2423 γαστριμαργίας
1736 2352 1815 2412 εἰς

240 2451 688 2521 εἰδωλολατρείαν
715 2450 909 2502 ἔπεσον
947 2449 1165 2518 (χοροὺς
1199 2449 1306 2513 γὰρ
1362 2446 1656 2512 στήσαντες
1687 2444 1815 2511 περὶ

241 2547 334 2597 τὸν
366 2546 586 2614 μόσχον,
641 2543 868 2606 ἔπαιζον
919 2540 1230 2610 ἔμπροσθεν
1256 2538 1438 2590 αὐτοῦ·
1484 2555 1500 2588 ι
1550 2537 1690 2588 οὕτω
1719 2537 1814 2587 καὶ

243 2639 388 2705 ὑμᾶς
415 2637 652 2698 κίνδυνος
692 2636 770 2695 είς
804 2632 1009 2700 ταύτην
1041 2633 1249 2692 πεσεῖν,
1282 2629 1389 2682 άπὸ
1436 2628 1525 2680 τοῦ
1557 2629 1623 2679 τὰ
1664 2627 1814 2678 εἰδω-

242 2731 443 2781 λόθυτα
502 2729 591 2780 διὰ
634 2725 1079 2795 γαστριμαργίαν
1126 2724 1348 2776 ἐσθίειν.
1400 2721 1583 2782 Ὥστε,
1645 2719 1813 2788 ποῦὴ

242 2819 478 2873 δοκοῦσα
508 2818 781 2887 τελειότης
829 2833 945 2878 σου,
977 2817 1107 2868 ὃταν
1135 2814 1214 2875 είς
1261 2809 1704 2873 εἱδωλολατκιείαν
1732 2810 1815 2872 ἐξ·

248 2914 397 2984 diu;

327 3025 344 3056 ι
379 3003 530 3073 Μηδὲ
558 2999 915 3071 πορνεύωμεν
939 3001 1009 3064 η,
1039 2999 1218 3062 καθώς
1249 3015 1392 3060 τινες
1427 2998 1556 3050 αὐτὸ
1581 3017 1602 3047 ιν
1659 2998 1816 3066 ἐπόρ-

244 3117 464 3161 νευσαν,
495 3098 589 3149 καὶ
619 3097 813 3148 ἔπεσον
848 3097 904 3146 ἐν
932 3095 1030 3164 μιᾷ
1059 3095 1242 3163 ἡμέρα
1269 3094 1441 3144 εἴκοσι
1468 3095 1613 3160 τρεῖς
1644 3089 1816 3159 χιλιά-

279 3210 357 3255 ες.

245 3284 341 3336 τοῦ
367 3284 586 3351 ἐλέγχου
607 3280 1015 3349 ἀνυσιμώτερον
1033 3276 1121 3330 τὸν
1147 3277 1303 3344 λόγον
1329 3277 1519 3331 ποιῶν.
1545 3276 1650 3327 Καὶ
1675 3275 1812 3344 αὕτη

245 3376 305 3429 δὲ
335 3376 367 3443 ἡ
415 3371 656 3442 ἁμαρτία
687 3371 796 3423 ἀπὸ
843 3368 1288 3438 γαστριμαργίας
1335 3367 1564 3433 γίνεται.
1599 3369 1731 3419 Πότε
1760 3368 1816 3419 δὲ

247 3467 446 3516 ἔπεσον
463 3467 638 3516 εἰκοσι
665 3465 813 3531 τρεῖς
843 3461 1078 3530 χιλιάδες
1104 3475 1118 3523 ;
1142 3459 1271 3512 Ὅτε
1295 3461 1436 3510 κατὰ
1462 3459 1560 3528 τὴν
1589 3459 1819 3527 συμϐου-

248 3556 345 3625 λὴν
378 3556 607 3622 Βαλαὰμ
629 3555 685 3606 αἱ
710 3551 1086 3612 Μαδιανίτιδες
1113 3553 1375 3616 γυναῖκες
1399 3551 1490 3602 ἐπὶ
1521 3551 1616 3618 τῆς
1639 3568 1816 3618 παρα,

246 3647 452 3709 τάξεως
480 3648 754 3714 φανεῖσαι,
783 3645 911 3704 τοὺς
938 3643 1241 3709 νεωτέρους
1283 3640 1691 3710 ἐφειλκύσαντο,
1727 3644 1817 3695 καὶ

245 3743 333 3794 δια
362 3741 459 3808 τῆς
492 3739 746 3807 πορνείας
775 3740 852 3797 είς
875 3737 934 3787 τὸ
960 3735 1118 3788 θῦσαι
1154 3742 1231 3805 τῷ
1256 3734 1578 3804 Βεελφεγὼρ
1623 3735 1816 3800 ἐξεκα-

247 3835 472 3886 λέσαντο
501 3832 723 3893 τούτους
749 3869 763 3894 ,
805 3832 899 3883 καὶ
947 3829 1142 3882 ἔπεσεν
1172 3829 1199 3880 ὁ
1231 3827 1353 3888 λαὸς
1375 3829 1431 3878 ἐν
1463 3830 1546 3897 τῇ,
1570 3827 1816 3896 παρατά-

248 3925 301 3987 ξε
313 3943 349 3977 ι.

325 4034 343 4066 ι
379 4015 530 4082 Μηδέ
557 4012 975 4083 ἐκπειράζωμεν
1009 4011 1100 4062 τὸν
1122 4010 1377 4079 Χριστὸν,
1402 4008 1586 4071 καθὼς
1614 4009 1706 4061 καί
1741 4025 1818 4061 τι-

247 4124 337 4166 νες
370 4107 549 4157 αὐτῶν
572 4105 872 4172 ἐπείρασαν
926 4102 992 4164 ³³,
1031 4101 1124 4153 καὶ
1179 4100 1283 4151 ὑπὸ
1321 4099 1426 4152 τῶν
1477 4100 1654 4167 ὄφεων
1708 4103 1818 4152 άπ-

247 4199 469 4250 ώλοντυ.
500 4214 519 4247 ι
559 4193 865 4264 Ἐμφαίνει,
896 4193 977 4245 ὅτι
1011 4192 1060 4244 οί
1086 4191 1358 4261 Κορίνθιοι
1381 4192 1688 4260 ἐπείραζον,
1723 4208 1819 4259 ση-

249 4292 377 4358 μεῖα
409 4285 817 4356 ἐπιζητοῦντες.

324 4397 342 4428 ι
375 4378 526 4446 Μηδέ
552 4375 871 4442 γογγύζετε,
902 4372 1084 4435 καθὼς
1109 4371 1199 4424 καί
1219 4388 1361 4432 τινες
1383 4371 1561 4422 αὐτῶν
1587 4371 1784 4437 ἐγόγγυ
1801 4400 1815 4410 -

247 4471 360 4533 ζον,
385 4471 478 4520 και¹
509 4466 792 4520 ἀπώλοντο
818 4464 923 4517 ὑπὸ
954 4463 1048 4516 τοῦ
1095 4461 1436 4531 ὀλοθρευτοῦ.
1477 4479 1494 4511 ι
1532 4461 1808 4522 Τουτέστι,

1922 597 2122 650 multis.

1991 688 2154 742 Vitas.
2202 688 2255 740 0.
2306 707 2322 738 ι
2368 686 2491 742 llaec
2529 698 2708 740 autem
2761 688 2946 756 ﬁgurae
2997 697 3196 742 nostrae
3245 690 3487 755 luerunt,

1920 789 1977 835 ut.
2021 795 2124 832 nou
2183 781 2351 834 simus
2396 780 2850 846 concupiscentes
2891 780 3177 842 malorum,
3228 783 3369 835 sicut
3429 793 3485 836 et

1919 872 1993 926 illi
2048 872 2458 938 concupierUui.
2502 893 2518 924 ι
2555 871 3019 936 Quemadmodum
3072 874 3330 926 benelicia
3377 874 3489 942 typi

1917 964 2157 1027 fuerunt,
2220 966 2293 1016 ita
2346 975 2398 1016 et
2457 979 2647 1024 pinum.
2713 965 2918 1016 iudicat
2961 973 3136 1016 autem
3187 965 3331 1032 quod
3384 979 3488 1017 nou

1916 1055 2086 1108 solum
2121 1071 2275 1124 pwua
2315 1055 2635 1119 ailieii-iztur,
2681 1072 2866 1110 verum
2909 1056 3070 1109 etiam
3111 1065 3256 1109 tanto
3288 1059 3490 1125 majore

1917 1162 2074 1216 quam
2121 1150 2212 1209 illi.
2255 1158 2459 1215 quanto
2513 1149 2602 1202 illa
2646 1151 2860 1217 quidem
2906 1162 3064 1219 typus
3117 1148 3352 1215 iuerint;
3389 1152 3488 1205 ista

1916 1256 2080 1305 vero,
2123 1245 2369 1298 vi-ritas:
2424 1258 2486 1296 ac
2536 1242 2986 1312 quemadmodum
3041 1244 3092 1294 in
3135 1244 3290 1310 dapis
3346 1258 3485 1310 pra:-

1917 1333 2206 1395 cellebant,
2251 1333 2332 1386 sic
2376 1342 2430 1386 et
2487 1335 2538 1385 iu
2594 1333 2788 1401 pinnis.
2840 1334 3034 1387 Diceris
3069 1344 3248 1388 autem
3293 1354 3309 1386 ι
3343 1335 3489 1390 Con-

1915 1426 2254 1492 cupiscentes
2294 1425 2579 1488 malorum,
2620 1445 2637 1476 ι
2665 1426 2962 1494 generatim
3005 1425 3071 1479 de
3099 1429 3240 1480 omni
3282 1431 3487 1482 malitia

1915 1517 2171 1586 lOQuitur,
2215 1519 2642 1588 quandoquidem
2673 1529 2726 1573 et
2760 1533 2920 1572 omne
2955 1519 3144 1573 vitium
3191 1536 3255 1573 ex
3295 1537 3491 1575 concu-

1914 1614 2173 1682 pisceutia
2194 1615 2384 1666 oritur.
2411 1613 2611 1667 Deinde
2638 1614 2918 1680 speciatim
2965 1615 3035 1666 ita
3064 1615 3188 1666 vitia
3218 1627 3488 1668 recenset.

1915 1703 2054 1768 Quid
2106 1716 2285 1757 autem
2331 1704 2404 1757 illi
2455 1704 2856 1770 expetiveriut?
2893 1705 3054 1767 Allia,
3107 1720 3319 1769 carnes,
3363 1721 3490 1774 pro-

1914 1797 2061 1861 prios
2091 1795 2238 1854 deos,
2266 1794 2340 1847 uti
2374 1805 2422 1846 et
2463 1795 2574 1857 ipse
2603 1809 2697 1861 per
2725 1809 2785 1846 ca
2826 1809 2943 1861 qua:
2971 1807 3270 1862 sequuntur
3302 1811 3486 1851 eorum

1844 1867 1888 1921 Β
1921 1887 2279 1940 idololatriani
2305 1884 2583 1949 patefacit.

1991 1975 2153 2028 Vsus.
2198 1974 2250 2027 7.
2311 1993 2328 2024 ι
2387 1975 2569 2042 t\eque
2623 1974 2916 2028 idololatrre
2967 1975 3296 2040 eﬂiciatniui,
3344 1978 3488 2029 sicut

1918 2067 2136 2134 quidam
2185 2083 2248 2120 ex
2297 2069 2447 2135 ipsis,
2492 2068 2944 2133 quemadmodum
2999 2070 3258 2136 scriptum
3322 2081 3404 2124 est
3469 2090 3480 2123 :

1922 2157 2070 2212 Sedit
2113 2159 2337 2229 populus
2370 2162 2701 2212 manducare
2735 2169 2788 2212 et
2823 2159 3026 2223 bibere,
3053 2171 3106 2213 et
3134 2173 3489 2215 Surrexeruut

1919 2250 2103 2304 ludere
2134 2249 2172 2304 ί.
2235 2269 2253 2301 i
2289 2251 2524 2303 Primum
2590 2264 2682 2304 eos
2733 2251 2925 2318 carpit,
2986 2251 3076 2316 qui
3121 2251 3172 2304 in
3225 2251 3486 2304 idolorum

1918 2343 2156 2397 delubris
2194 2343 2576 2410 epulabantur,
2606 2347 2899 2396 ostendens
2923 2343 3088 2411 quod,
3122 2346 3493 2412 quemadmo-

1918 2437 2040 2487 dum
2073 2434 2146 2485 illi
2182 2447 2209 2483 a
2264 2431 2551 2500 gulositate
2602 2434 2667 2485 ad
2721 2433 2984 2486 idolorum
3038 2435 3238 2487 cultum
3286 2435 3490 2500 delapsi

1919 2525 2028 2576 sint
2075 2523 2320 2590 (ειιοι-υε
2371 2525 2518 2575 enim
2562 2533 2862 2576 statuentes
2914 2525 3059 2577 circa
3110 2525 3361 2588 vitulum,
3411 2527 3492 2578 lu-

1920 2614 2116 2668 debant
2139 2626 2262 2667 ante
2290 2627 2509 2682 ipsum),
2543 2614 2620 2667 sic
2651 2614 2948 2682 periculum
2980 2623 3085 2679 est,
3119 2630 3187 2668 ne
3224 2625 3278 2668 et
3307 2632 3400 2670 vos
3426 2620 3490 2669 ad

1919 2707 2282 2761 idololatriam
2355 2707 2771 2772 provolvamini,
2818 2721 2940 2760 cum
2999 2722 3066 2760 ex
3137 2709 3271 2775 gula:
3328 2725 3493 2765 suasu

1917 2799 2077 2853 idolis
2115 2799 2388 2853 immolata
2421 2800 2604 2852 editis.
2638 2797 2864 2853 Ubinam
2900 2799 3061 2869 igitur
3091 2800 3350 2868 perfectio
3381 2813 3491 2870 tua,

1918 2895 1960 2946 si
1992 2893 2058 2946 ad
2102 2892 2459 2946 idololatriain
2499 2894 2852 2960 perduceris?

1993 2987 2149 3039 Vnus.
2185 2987 2238 3040 8.
2279 3005 2295 3036 ι
2323 2986 2504 3054 Neque
2545 2985 2705 3056 179
2740 2987 3091 3054 fornicemur,
3109 2988 3246 3042 sicut
3273 2990 3491 3057 quidam

1919 3090 1985 3132 ex
2025 3077 2152 3144 ipsis
2192 3075 2438 3129 fornicati
2465 3086 2609 3139 sunt,
2648 3078 3029 3131 etccciderunt
3063 3095 3176 3132 uno
3201 3081 3286 3133 die
3309 3080 3492 3151 viginti

309 3210 357 3255 ς.
397 3209 416 3242 ι
452 3189 620 3244 Πάλιν
667 3190 767 3256 τῆς
798 3187 1056 3257 πορνείας
1113 3185 1406 3254 μέμνηται,
1465 3187 1529 3254 τῇ
1569 3185 1813 3254 συνεχείᾳ
1841 3211 1884 3268 c
1921 3170 1996 3222 "ii

1805 3202 1884 3268 lc
1921 3170 2020 3222 tria
2054 3169 2237 3223 millia.
2284 3189 2303 3220 ι
2343 3169 2548 3224 l‘iursus
2581 3171 2927 3224 scortationis
2971 3173 3237 3238 meminit,
3282 3188 3346 3226 ex
3387 3174 3492 3226 fru-

1922 3264 2136 3331 quentia
2189 3264 2627 3332 reprehensionis
2673 3266 2969 3318 orationem
3016 3264 3370 3320 eﬂicaciorem
3416 3268 3491 3321 ia:

1921 3357 2090 3409 ciens.
2127 3355 2415 3410 Peccatum
2445 3367 2622 3410 autem
2661 3359 2800 3410 istud
2848 3373 2876 3410 a
2912 3359 3288 3424 gastrimargia
3331 3361 3496 3428 proii-

1920 3448 2157 3500 ciscitur.
2204 3447 2430 3514 Quando
2455 3463 2580 3502 vero
2620 3449 2810 3516 viginti
2839 3449 2934 3501 tria
2966 3450 3130 3502 millia
3153 3451 3492 3506 ceciderunt?

1921 3537 2145 3603 Quando
2180 3537 2334 3604 juxta
2369 3539 2654 3593 consilium
2694 3539 2936 3602 Balaam,
2972 3538 3350 3596 Madianitides
3377 3559 3492 3595 mu-

1920 3628 2078 3681 lieres
2110 3631 2247 3695 apud
2287 3629 2585 3682 exercitum
2625 3629 2772 3690 visae,
2828 3630 3054 3696 juvenes
3090 3631 3155 3683 ad
3206 3647 3324 3686 sese
3367 3648 3490 3702 per-

1923 3729 2224 3780 traxerunt,
2254 3729 2418 3787 atque
2452 3734 2543 3772 eos
2577 3734 2671 3787 per
2703 3721 3089 3774 scortatiouem
3123 3721 3483 3790 pelliciebant.

1921 3820 1976 3861 ut
2014 3825 2228 3862 sacrum
2262 3810 2499 3863 facerent
2535 3809 2881 3881 Beelpliegor,
2919 3825 2982 3866 ac
3009 3812 3203 3865 cecidit.
3255 3813 3486 3881 populus

1923 3917 1974 3953 Ill
2005 3916 2139 3955 3018.

2002 3989 2161 4044 Vsus.
2205 3991 2257 4046 9.
2309 4011 2326 4042 ι
2362 3989 2547 4059 Neque
2592 4000 2858 4045 tentemus
2894 3991 3195 4057 Christum,
3232 3998 3492 4060 quemad-

1923 4085 2136 4135 modum
2169 4093 2224 4136 et
2267 4084 2483 4150 quidam
2519 4085 2757 4151 ipsorum
2794 4092 3160 4150 tentaveruut,
3202 4097 3255 4139 et
3299 4103 3328 4138 a
3372 4105 3489 4142 ser-

1922 4176 2172 4244 pentibus
2210 4176 2505 4242 perierunt.
2555 4192 2573 4224 ι
2629 4173 2810 4226 lunuit
2860 4174 3169 4230 Corinthios
3223 4184 3487 4244 tentasse,

1922 4269 2048 4320 dum
2078 4267 2227 4333 signa
2255 4271 2580 4332 quaererent.

1990 4357 2152 4408 Vsus.
2191 4357 2275 4408 ll).
2313 4373 2329 4404 ι
2374 4354 2559 4421 Neque
2589 4355 2961 4418 murmuretis,
3003 4364 3060 4408 ut
3093 4356 3308 4423 quidam
3346 4359 3490 4428 ipso~

1924 4461 2042 4499 rum
2069 4454 2470 4499 murmurarunt
2490 4455 2542 4497 et
2565 4444 2838 4510 perierunt
2862 4447 2928 4498 ab
2977 4448 3422 4503 exteriiiiuatore.
3464 4471 3482 4502 ι

245 4561 532 4630 δυνάμεώς
566 4575 710 4621 τινος
755 4556 1154 4627 τιμωρητικῆς.
1195 4553 1581 4606 Αίνίττεταιδέ
1621 4552 1812 4612 αὐτοὺς
1846 4543 1890 4602 D
1923 4537 1932 4589 Ῑ

1802 4569 1812 4612 ς
1846 4543 1890 4602 D
1923 4537 2035 4590 Hoc
2065 4548 2175 4597 est,
2222 4553 2249 4587 a
2281 4550 2481 4590 Virtute
2514 4536 2761 4603 quapiam
2800 4550 3016 4603 pinnam
3064 4537 3352 4605 iulligente.
3387 4539 3489 4592 Per

247 4654 449 4706 καὶδιὰ
476 4651 690 4715 τούτου,
725 4651 808 4701 ὅτι
843 4650 900 4700 ἐν
952 4650 1065 4708 τοῖς
1117 4647 1442 4714 πειρασμοῖς
1479 4644 1578 4696 οὐκ
1621 4643 1811 4713 ἔφερον

245 4740 534 4811 γενναίως,
582 4738 698 4792 ἀλλ’
735 4738 1031 4805 ἐγόγγυζον
1072 4735 1356 4802 λέγοντεςο
1412 4734 1548 4786 Πότε
1599 4733 1716 4801 ἣξει
1747 4733 1813 4786 τὰ

247 4834 458 4902 ἁγαθά;
493 4832 587 4884 καὶ
620 4832 724 4893 ἓως
754 4830 881 4882 πότε
914 4830 969 4883 αί
990 4826 1293 4890 κακώσεις,

329 5031 346 5062 ι
390 5010 574 5064 Ταῦτα
618 5010 674 5063 δὲ
735 5009 915 5063 πάντα
963 5008 1124 5060 τόποι
1182 5007 1495 5061 συνέϐαινον
1550 5005 1811 5066 ἐκείνοις·

249 5106 466 5176 ἐγράφη
500 5105 556 5157 δὲ
581 5105 716 5174 πρὸς
751 5101 1033 5155 νουθεσίαν
1075 5101 1250 5170 ἡμῶν,
1306 5103 1384 5163 είς
1439 5099 1533 5162 οὓς
1581 5103 1648 5150 τα
1687 5098 1813 5166 τέλη

247 5201 358 5252 τῶν
375 5197 585 5251 αἰώνων
614 5197 943 5265 κατήντησε.
974 5213 990 5244 ι
1013 5194 1171 5245 Φοὸεῖ
1201 5193 1396 5253 αὐτοὺς
1422 5190 1500 5260 τῷ
1533 5207 1590 5242 τε
1618 5192 1812 5252 εἰπεῖν,

247 5292 330 5344 ὅτι
367 5307 385 5339 ι
424 5290 563 5359 Πρὸς
593 5286 873 5342 νουθεσίαν
894 5285 1049 5355 ἡμῶν
1082 5285 1314 5354 ἐγράφη,
1351 5301 1366 5332 ι
1408 5284 1498 5334 καὶ
1529 5283 1815 5349 ὀφείλομεν

248 5383 434 5436 λοιπὸν
461 5384 554 5435 καὶ
583 5383 740 5450 ἡμεῖς
771 5378 1074 5448 προσδοκᾷν
1119 5378 1389 5440 κολάσεις,
1417 5376 1512 5427 καὶ
1545 5375 1814 5444 φρικωδε-

250 5475 471 5546 στὲρας,
500 5475 610 5541 ὅσῳ
663 5473 758 5524 καὶ
809 5471 1073 5538 μειζόνων
1131 5468 1528 5537 άπηλαύσαμεν
1551 5467 1768 5536 δωρεῶν
1793 5479 1807 5495 ’

249 5570 344 5622 καὶ
361 5565 438 5635 τῷ
468 5565 692 5633 ἐφιστᾷν
727 5563 908 5624 αὐτοῖς
947 5563 1005 5614 τὸ
1036 5561 1208 5623 τέλος,
1250 5561 1345 5611 καὶ
1403 5559 1696 5621 δεικνύναι,
1726 5559 1806 5609 ὅτι

327 5661 539 5715 ίΕλοιΙ.
573 5673 749 5720 mm,
779 5655 832 5709 6.

1884 5135 1887 5137 .
1920 5089 2115 5156 gebaut
2155 5085 2256 5138 illis

1923 4633 2029 4685 lioc
2058 4643 2233 4683 autem
2268 4631 2462 4687 innuit,
2481 4628 2621 4696 quod
2651 4627 2703 4680 in
2731 4628 3116 4682 lentatiouibus
3144 4630 3483 4697 impatientes

1922 4724 2122 4779 fuerint
2143 4763 2156 4786 ,
2194 4737 2292 4776 nec
2322 4737 2414 4774 eas
2442 4736 2594 4789 aequo
2626 4720 2807 4774 animo
2837 4719 3176 4788 pertulerint,
3209 4724 3302 4774 sed
3336 4739 3481 4775 uiui-

1921 4816 2275 4877 niuraverint,
2331 4814 2568 4866 dicentes
2615 4830 2628 4863 :
2675 4811 2901 4874 Quando
2946 4810 3163 4865 venian
3205 4812 3382 4867 bona?
3433 4827 3486 4867 et

1921 4907 2159 4975 quaudiu
2201 4905 2458 4956 duratura
2490 4913 2573 4954 est
2606 4900 2863 4954 nilliclio?

1989 4995 2147 5048 Vatis.
2185 4995 2272 5046 il.
2318 5010 2334 5040 ι
2378 4992 2498 5045 llaec
2546 5001 2722 5046 autem
2761 4991 2938 5046 omnia
2975 4992 3026 5046 in
3062 4992 3228 5060 [ﬁgura
3271 4995 3483 5047 contin—

2306 5102 2318 5136 :
2362 5087 2561 5151 scripta
2609 5095 2732 5138 sunt
2762 5092 2940 5136 autem
2984 5085 3048 5136 ad
3090 5087 3483 5153 correptionem

1922 5193 2188 5244 nostram,
2239 5180 2289 5230 in
2343 5193 2478 5245 quos
2516 5179 2646 5229 lines
2690 5177 3006 5229 saaculorum
3057 5179 3409 5232 devenerunt.
3459 5198 3476 5230 i

1922 5274 2190 5328 i’erterret
2216 5286 2327 5333 eos,
2375 5283 2428 5324 et
2465 5287 2585 5323 cum
2617 5270 2769 5330 dicit,
2813 5287 2830 5320 ι
2875 5267 2998 5322 llaec
3028 5270 3227 5337 scripta
3261 5280 3386 5322 sunt
3413 5280 3478 5323 at

1922 5367 2310 5434 cerreptionem
2345 5373 2604 5427 nostrain,
2638 5381 2655 5412 ι
2685 5377 2977 5432 poenasque
3007 5375 3102 5414 nos
3129 5363 3179 5414 in
3205 5372 3477 5428 posterum

1918 5474 2232 5531 exspectare
2257 5461 2537 5520 debemus,
2556 5473 2756 5524 easque
2786 5467 2931 5511 tanto
2954 5458 3122 5525 magis
3147 5458 3476 5516 tremendas.

1917 5565 2120 5624 quanto
2161 5555 2367 5623 majora
2404 5553 2664 5606 beneficia
2709 5551 3016 5618 accepimus
3060 5563 3075 5603 :
3113 5559 3316 5604 etcum
3351 5550 3480 5603 dicit

1578 5721 1776 5784 Varias
1831 5719 2156 5782 lectiones.

322 5836 367 5867 η
413 5833 801 5904 περνεύσωμεν
832 5847 887 5886 o.
965 5833 1009 5862 ’³
1038 5829 1396 5900 ἐξεπείραζον
1437 5843 1489 5884 0.

536 5937 802 5997 ΡΔτιιοι..
835 5937 950 5997 (in.
996 5933 1271 5994 CXXIV.

3099 5905 3177 5964 22
