4272 6448
784 330 892 393 683

1645 328 2229 394 THEOPIIYLACTI
2271 332 2685 399 BULGA‘RLE
2726 343 3081 408 ARCHIEP.

3950 361 4067 427 685

789 450 950 502 finem
997 448 1129 515 ipsis
1181 446 1488 512 imminere,
1535 448 1878 515 ostenditque
1920 450 2061 516 quod
2106 449 2369 518 supplicia
2403 456 2476 508 Αι

2403 456 2441 508 Α
2473 452 2531 504 οὑ
2559 454 2886 525 πρόσκαιροι
2908 462 3195 530 τιμωρίαι,
3217 463 3333 516 ἀλλ’
3360 470 3417 520 ai
3446 469 3585 539 μετὰ
3613 471 3714 539 τὴν
3745 474 4069 529 συντέλειαν

790 557 896 594 non
954 552 1314 606 lt'mp0l‘:lr|3.
1369 539 1464 593 sed
1516 541 1863 595 Immortalia.
1900 554 1992 594 vos
2045 540 2362 596 suscitabat.

787 632 1051 688 Tribunal
1096 632 1239 685 cutim
1302 630 1432 685 illud
1496 630 1601 697 iam
1648 646 1792 685 nunc
1848 648 1958 701 pra:
2008 634 2209 689 foribus
2261 644 2365 698 est,

786 725 1225 795 quandoquidem
1258 724 1444 777 mundi
1475 730 1666 777 aetates
1700 725 2035 780 transierint.

857 815 1022 871 Vens.
1056 815 1143 869 12.
1179 834 1197 867 ι
1242 815 1425 885 Itaque
1455 815 1546 885 qui
1583 830 1640 871 se
1680 816 1952 872 existimat
1988 829 2154 883 stare,
2183 819 2366 876 videat

783 926 851 966 ne
896 910 1077 964 cadat.
1119 929 1137 961 ο
1186 908 1421 964 Rursum
1469 924 1564 965 eos
1607 911 1809 974 innuit,
1856 928 1947 980 qut
1985 913 2229 970 scientiae
2269 930 2366 969 no-

785 1003 931 1058 mine
968 1002 1421 1057 intumesccbant.
1455 1000 1776 1074 Quanquam
1816 1004 1959 1059 enim
1996 1015 2048 1061 te
2079 1016 2225 1064 stare
2252 1009 2368 1063 exi-

801 1096 1014 1159 sumas,
1049 1103 1255 1157 metue,
1290 1094 1485 1163 inquit,
1522 1110 1588 1151 ne
1624 1098 1807 1151 cadas.
1856 1096 1987 1151 Nam
2020 1098 2195 1168 ipsum
2232 1113 2366 1155 sane

788 1189 1076 1249 conlidi-re.
1129 1188 1269 1257 quod
1318 1199 1454 1255 stes,
1501 1189 1700 1243 indicio
1730 1197 1813 1242 est
1864 1191 2006 1257 quod
2052 1205 2158 1246 non
2204 1199 2361 1246 stes:

787 1282 982 1334 videris
1012 1281 1154 1333 enim
1185 1296 1200 1346 ;
1234 1296 1338 1334 aen
1379 1296 1565 1335 revera
1599 1289 1733 1336 stas.
1770 1281 1851 1336 Ac
1880 1284 2091 1338 etiamsi
2131 1282 2366 1339 maxime

782 1384 914 1435 stes,
957 1374 1132 1425 facilis
1158 1385 1243 1425 est
1272 1389 1367 1441 per
1403 1374 1768 1440 arrogantiam
1804 1376 2006 1443 lapsus.

858 1466 1022 1517 \t.as.
1058 1467 1141 1516 17..
1183 1483 1200 1515 ι
1239 1462 1490 1519 Tentatio
1514 1480 1608 1520 vos
1638 1482 1742 1520 non
1770 1468 1930 1535 cepit,
1967 1466 2070 1523 nisi
2105 1469 2359 1524 humana.

783 1557 983 1611 Fidelis
1027 1566 1206 1609 autem
1243 1556 1409 1619 Deus,
1453 1558 1543 1626 qui
1596 1573 1703 1612 non
1751 1559 1984 1624 patietur
2027 1575 2121 1615 vos
2162 1561 2359 1617 tentari

782 1666 943 1716 supra
982 1648 1032 1701 id
1062 1650 1204 1711 quod
1237 1652 1482 1715 potestis,
1520 1653 1611 1703 sed
1647 1649 1805 1704 faciet
1835 1663 1998 1705 etiam
2028 1667 2152 1708 cum
2187 1664 2360 1709 tenta-

785 1744 929 1795 tione
964 1749 1310 1807 proventum,
1344 1753 1399 1795 ut
1432 1742 1651 1810 possitis
1681 1742 1974 1800 sustinere.
2012 1764 2029 1796 ι
2062 1744 2197 1811 Quia
2228 1761 2358 1814 per-

2473 543 2729 599 ἁθὰνατοι
2755 549 3085 614 διαδέξονται
3119 555 3282 623 ὑμᾶς.
3320 559 3461 630 Ἤδη
3483 562 3592 632 γὰρ
3616 563 3676 617 τὸ
3700 565 4067 637 δικαστήριον

2471 635 2646 689 ἐκεῖνο
2684 638 2779 690 ἐπὶ
2809 639 3022 712 θύραις,
3051 644 3241 715 ἐπειδὴ
3287 648 3615 706 τελευτῶσιν
3638 655 3686 707 οί
3713 655 3806 708 τοῦ
3844 657 4061 726 κόσμου

2469 745 2687 792 αιωνες.

2549 841 2568 874 ι
2614 822 2777 877 "Orta
2810 824 2837 876 ὁ
2887 825 3061 880 δοκῶν
3106 829 3353 899 ἑστάναι,
3397 835 3642 905 βλεπέτω
3691 840 3766 913 μὴ
3825 842 3991 913 πέσῃ.
4035 860 4055 891 ι

2469 914 2636 968 Πάλιν
2658 916 2783 979 τοὺς
2820 917 2911 969 ἐπὶ
2939 922 3007 989 τῇ
3027 920 3227 987 γνώσει
3262 924 3409 994 μέγα
3441 929 3775 998 φρονοῦντας
3817 932 4062 987 αἰνίττε-

2467 1028 2577 1066 ται.
2618 1014 2677 1067 El
2711 1014 2818 1086 γὰρ
2847 1016 2941 1067 καὶ
2963 1015 3191 1070 ἑστάναι
3225 1018 3492 1089 νομίζεις,
3527 1022 3760 1075 εὐλαϐοῦ
3792 1027 3861 1088 ⁸⁸,
3895 1027 4056 1095 φησὶ,

2471 1100 2544 1171 μὴ
2583 1106 2757 1174 πέσῃς
2780 1122 2793 1136 ο
2843 1105 2935 1159 καὶ
2979 1108 3112 1161 αὑτὸ
3149 1109 3248 1177 μὲν
3274 1112 3383 1183 γὰρ
3414 1112 3473 1163 τὸ
3497 1113 3740 1185 θαρῤεἴν,
3773 1116 3858 1169 ὅτι
3887 1118 4059 1187 ’ἐστη-

2467 1210 2589 1260 κας,
2623 1196 2745 1249 οὐδὲ
2799 1198 3023 1253 ἑστάναι
3059 1200 3196 1253 ἐστί.
3257 1204 3447 1265 Δοκεῖς
3492 1205 3637 1276 σγὰρ,
3687 1208 3787 1261 οὑκ
3835 1209 4059 1278 ἀληθῶς

2466 1285 2702 1355 ἕστηκας
2729 1303 2741 1316 ’
2782 1289 2918 1343 εἰδὲ
2976 1293 3071 1345 καὶ
3120 1292 3299 1361 ἐστιν,
3354 1296 3587 1368 εὐχερὴς
3643 1299 3703 1364 ἐξ
3734 1302 4057 1372 ἀπονοίαςὴ

2467 1392 2695 1439 πτωσις.

2536 1487 2552 1517 ι
2588 1470 2899 1541 Πειρασμδς
2924 1472 3071 1543 ὑμᾶς
3097 1475 3198 1529 οὑκ
3224 1476 3471 1547 εἴληφεν,
3499 1480 3548 1532 εἰ
3579 1481 3652 1552 μὴ
3686 1482 4053 1553 ἀνθρώπινος·

2464 1559 2656 1622 πιστὸς
2701 1562 2758 1613 δὲ
2812 1565 2840 1616 ὁ
2896 1563 3049 1627 Θεὸς,
3083 1565 3143 1627 ὃς
3171 1567 3275 1619 οὑκ
3323 1569 3475 1622 ἐάσει
3503 1570 3647 1637 ὑμᾶς
3680 1572 4053 1641 πειρασθῆναι

2465 1650 2603 1711 ὑπὲρ
2636 1650 2661 1703 ὃ
2696 1653 2951 1720 δύνασθε,
2983 1656 3118 1711 ἀλλὰ
3141 1658 3239 1709 σὺν
3267 1658 3347 1727 τῷ
3387 1663 3684 1730 πειρασμῷ
3710 1666 3930 1733 ποιήσει
3964 1665 4057 1715 καὶ

2585 1744 2831 1811 ἔκϐασιν,
2860 1747 2955 1799 τοῦ
2980 1750 3241 1803 δύνασθαι
3269 1753 3414 1819 ὑμᾶς
3441 1758 3787 1822 ὑπενεγκεῖν.
3824 1776 3843 1805 ι
3871 1758 4056 1808 Ἐπει-

781 1832 1051 1885 ιειτρίὶκὲι
1107 1848 1201 1884 eos
1256 1833 1463 1895 dicens,
1517 1850 1534 1883 I
1570 1830 1672 1896 Qui
1744 1847 1802 1886 se
1870 1834 2146 1888 existimat
2187 1845 2354 1896 stare,
2390 1807 2468 1884 Bt

2390 1807 2434 1863 Β
2462 1835 2524 1905 δὴ
2555 1837 2823 1907 ἑςόόησεν
2876 1841 3100 1907 αὐτοὺς,
3161 1842 3368 1895 εἰπών·
3407 1864 3425 1896 ι
3478 1846 3536 1898 '0
3572 1847 3748 1899 δοκῶν
3800 1849 4053 1909 ἑστάναι,

780 1925 960 1978 videat
1001 1938 1070 1976 ne
1122 1924 1304 1987 cadat,
1351 1941 1370 1974 ι
1433 1933 1617 1978 essent
1662 1938 1814 1989 vero,
1855 1925 1945 1992 qui
1999 1942 2105 1979 non
2157 1940 2359 1995 paucas

777 2016 885 2083 jam
938 2014 1265 2067 tentatinnes
1305 2015 1730 2079 snstmuissent;
1777 2030 1843 2066 ne
1899 2018 2163 2080 dicereut,
2218 2015 2358 2081 Quid

781 2119 881 2158 nos
905 2104 1325 2173 perlevi-clarus?
1356 2109 1550 2159 multas
1575 2106 1715 2158 enim
1739 2106 1979 2174 perpessi
2008 2107 2358 2175 tentationes,

783 2212 888 2252 non
941 2209 1120 2251 tamen
1172 2197 1575 2261 succubuitnns,
1638 2197 1735 2263 ait,
1780 2197 1897 2252 Non
1941 2202 2085 2267 cepit
2113 2214 2210 2254 vos
2242 2210 2363 2254 ten-

784 2291 916 2345 tatio
964 2291 1065 2343 nisi
1108 2290 1317 2343 modica
1360 2299 1412 2343 et
1467 2291 1741 2342 moderata
1791 2307 1805 2343 :
1863 2290 2158 2345 humanum
2214 2293 2361 2348 enim

781 2384 981 2452 ubique
1016 2383 1282 2436 modicum
1328 2391 1509 2439 vocat.
1556 2380 1757 2435 Deinde
1797 2396 1985 2436 rursus
2022 2386 2358 2448 consolatur,

780 2475 1116 2546 persuadens
1148 2472 1249 2537 eis,
1291 2482 1350 2525 ut
1392 2472 1445 2525 in
1477 2471 1642 2525 Deum
1676 2472 2009 2537 intueantur,
2050 2474 2139 2541 qui
2188 2472 2362 2528 fidelis

781 2576 885 2627 est,
928 2568 1029 2618 hoc
1069 2574 1174 2627 est,
1224 2578 1403 2625 verus,
1452 2578 1551 2617 nec
1606 2566 1901 2619 mentietur
1936 2580 2193 2634 unquam.
2234 2563 2365 2620 Pro-

784 2658 930 2711 misit
952 2652 1547 2725 180etiim,c\letiite,
1576 2674 1594 2705 ι
1621 2658 1887 2723 inquiens,
1919 2674 1938 2708 ι
1969 2658 2059 2725 qui
2085 2657 2362 2725 laboratis,

782 2761 837 2807 et
866 2766 967 2818 ego
990 2750 1231 2802 reficiam
1262 2762 1358 2801 vos
1394 2746 1442 2800 i.
1476 2765 1495 2799 ι
1529 2748 1645 2801 Non
1677 2750 1816 2803 sinet
1853 2749 2014 2818 igitur
2048 2764 2141 2804 vos
2168 2752 2362 2805 tentari

786 2843 927 2898 ultra
959 2843 1099 2895 vires
1130 2850 1335 2894 vestras
1358 2880 1371 2904 ,
1426 2840 1518 2893 sed
1552 2841 1900 2895 Ientationem
1934 2841 2140 2896 viribus
2167 2843 2363 2897 vestris

786 2934 1203 3005 respondentem
1228 2929 1428 2985 adoriri
1460 2947 1556 2985 vos
1583 2931 1767 2987 faciet.
1803 2932 1919 2986 lmo
1948 2934 2149 3001 qumvis
2184 2944 2359 2988 tenta-

787 3028 862 3081 tio
894 3028 1038 3079 vires
1069 3036 1282 3078 vestras
1311 3032 1627 3091 exsuperat,
1670 3024 1769 3077 nisi
1812 3024 1901 3079 ille
1932 3025 2224 3079 auxilietur
2264 3039 2357 3079 vo-

788 3118 892 3182 bis,
918 3126 972 3170 ct
1010 3115 1223 3169 felicem
1273 3124 1524 3169 eventum
1573 3115 1836 3182 praebeat,
1873 3117 1974 3170 hoc
2012 3125 2116 3179 est,
2159 3116 2361 3169 libera-

786 3222 983 3263 ttouem
1031 3223 1059 3261 a
1103 3206 1510 3272 teutationibus,
1541 3220 1667 3260 cum
1707 3208 2004 3262 tentatione
2044 3226 2057 3261 :
2103 3208 2205 3262 hoc
2240 3217 2347 3274 est,

785 3301 1040 3362 celerem,
1075 3308 1131 3352 et
1158 3298 1316 3351 simul
1336 3298 1776 3365 atqueinvaserit
1802 3300 2067 3365 tentatio;
2106 3300 2178 3352 ita
2210 3308 2269 3353 ιιι
2295 3299 2363 3353 ob

789 3394 1018 3449 subitam
1062 3392 1439 3445 liberationem
1469 3405 1531 3445 ea
1561 3392 1715 3446 vobis
1746 3391 2041 3446 tolerabilis
2070 3392 2356 3445 efﬁciatur.

792 3503 811 3535 ι
859 3484 1045 3538 Faciet
1089 3484 1233 3537 enim
1280 3485 1506 3547 exitum,
1547 3500 1565 3533 ι
1604 3485 1793 3551 inquit,
1834 3500 1851 3534 ι
1898 3494 1956 3537 ut
2001 3499 2096 3539 vos
2135 3484 2364 3540 suﬂ'erre

789 3578 1009 3647 queatis
1046 3595 1059 3629 :
1094 3595 1112 3627 ι
1154 3576 1255 3629 hoc
1283 3584 1387 3638 est,
1420 3583 1480 3629 ut
1512 3575 1685 3631 facilis
1716 3577 1867 3631 vobis
1897 3578 2145 3631 videatur
2185 3585 2361 3632 tenta-

791 3672 867 3725 tlo
891 3679 946 3724 et
972 3668 1290 3724 tolerabilis.

864 3848 1029 3902 Vens.
1084 3846 1171 3900 Η.
1215 3864 1235 3898 ι
1272 3848 1589 3917 Propterea,
1640 3850 1837 3905 fratres
1890 3853 2017 3917 mei,
2072 3853 2245 3925 fugite
2294 3855 2361 3910 ab

786 3942 1054 3997 idolorum
1106 3942 1341 3994 cultura.
1392 3958 1410 3992 ι
1448 3940 1584 3995 Cum
1611 3955 1705 3996 eos
1749 3942 1963 3997 abunde
1996 3946 2130 3999 satis
2179 3948 2359 4001 incre-

788 4032 1015 4100 puisset,
1055 4031 1270 4083 tandem
1298 4031 1543 4085 medetur
1567 4032 1718 4099 ipsis,
1749 4030 1946 4087 fratres
1968 4048 2187 4089 vocans.
2214 4033 2361 4088 Non-

788 4126 915 4177 dum
960 4129 1140 4175 tamen
1189 4121 1461 4190 prohibet,
1496 4123 1786 4191 quominus
1828 4123 2139 4195 idolothytis
2186 4128 2358 4180 absti-

788 4221 969 4275 neant,
1002 4226 1067 4263 ne
1091 4210 1290 4265 fratres
1330 4211 1603 4278 oﬂendat;
1635 4214 1725 4266 sed
1757 4228 1870 4267 rem
1898 4215 2070 4282 ipsam
2108 4217 2159 4269 in
2182 4218 2357 4287 seipsa

789 4304 1193 4358 consideratam
1230 4303 1522 4371 vituperat,
1569 4305 1926 4359 idololatriam
1958 4321 2178 4373 vocans,
2214 4310 2361 4364 subi-

792 4410 1013 4466 tumque
1069 4398 1139 4451 ab
1194 4397 1286 4451 illa
1349 4411 1627 4451 secessum
1685 4399 1977 4467 postulans.
2032 4418 2051 4452 ι
2105 4400 2295 4470 Fugite
2339 4421 2357 4453 ι

787 4490 955 4551 enim,
992 4488 1183 4555 inquit.

866 4577 1025 4633 Vsus.
1059 4578 1143 4632 15.
1190 4598 1207 4630 ‹
1245 4578 1525 4648 Tanquam
1571 4580 1935 4649 prudentibus
1968 4583 2178 4652 loquor.
2212 4584 2360 4651 judi-

795 4683 914 4727 cate
952 4686 1047 4726 vos
1096 4673 1237 4739 quod
1284 4673 1425 4727 dico.
1462 4690 1481 4724 ι
1528 4670 1665 4737 Quia
1708 4689 1958 4744 magnam
2008 4677 2112 4732 illis
2148 4678 2360 4748 culpam

791 4764 1007 4828 inussit,
1042 4761 1403 4817 idololatriam
1438 4765 1728 4819 nominans
1780 4766 1831 4820 id
1880 4767 2023 4836 quod
2057 4771 2363 4838 patrabant,

794 4855 944 4909 verbi
998 4855 1348 4924 asperitatem
1399 4856 1632 4925 mitigat,
1686 4857 1941 4927 ipsosque
1987 4874 2107 4914 reos
2155 4861 2364 4930 iudices

793 4947 1077 5000 constituit
1140 4946 1216 5017 (id
1255 4946 1398 5016 quod
1436 4947 1578 5001 illius
1611 4958 1728 5014 est,
1759 4952 1849 5019 qui
1878 4953 2110 5021 propriis
2142 4956 2364 5010 rationi-

791 5051 893 5091 bus
934 5052 1032 5091 ceu
1081 5039 1226 5093 veris
1273 5039 1545 5111 confidit).
1584 5038 1702 5095 Non
1749 5056 1884 5111 Opus
1930 5043 2123 5107 habeo,
2168 5047 2360 5115 inquit,

790 5127 917 5182 aliis
942 5126 1240 5195 judicibus,
1270 5142 1367 5183 vos
1396 5139 1651 5198 tanquam
1681 5133 1972 5200 prudentes
2005 5134 2264 5203 iudicate.

867 5220 1026 5274 Vens.
1053 5218 1141 5273 16.
1178 5236 1197 5271 ι
1225 5219 1377 5275 Calix
1408 5223 1819 5290 benedictionis,
1848 5226 1932 5279 cui
1968 5225 2356 5295 benedicintus,

780 5322 963 5361 ltottnc
1008 5312 1438 5368 communicatio
1469 5317 1746 5384 sanguinis
1783 5318 1982 5373 Christi
2023 5319 2143 5374 est?
2180 5338 2199 5372 ι
2244 5321 2359 5376 Hoc

790 5409 900 5464 est,
937 5398 1315 5459 Eucharistiar.
1350 5404 1599 5462 Manibus
1637 5410 1779 5462 enim
1809 5424 1930 5463 eum
1975 5420 2239 5476 tenentes,
2271 5413 2359 5469 be-

861 5560 876 5611 i
913 5560 1101 5619 Matth.
1138 5581 1210 5633 ιι,
1248 5568 1337 5621 Ξ8.

2466 1929 2711 1997 βλεπέτω
2745 1933 2818 2001 μὴ
2853 1933 2997 2005 πέσῃ
3024 1949 3036 1959 ·
3070 1953 3088 1984 ι
3139 1930 3281 2001 ἦσαν
3307 1935 3365 1988 δὲ
3404 1936 3634 2001 πολλοὺς
3658 1940 4057 2007 ὑπενεγκὸντες

2462 2020 2561 2089 ἤδη
2598 2026 2961 2090 πειρασμοὺς,
2997 2026 3082 2078 ἵνα
3114 2026 3187 2097 μὴ
3216 2029 3421 2095 λέγωσι
3451 2048 3464 2062 ο
3485 2031 3551 2083 Τί
3586 2033 3737 2101 ἡμᾶς
3758 2035 4053 2101 ἑκςςοϐεῖςς

2462 2108 2693 2171 πολλοὺς
2728 2110 2837 2181 γὰρ
2866 2114 3261 2182 ὑπομείναντες
3292 2122 3637 2189 πειρασμοὺς
3659 2124 3722 2174 οὑ
3755 2125 4058 2177 πεπτώκα-

2466 2217 2565 2268 μεν
2589 2215 2602 2228 ·
2638 2204 2826 2271 φησὶν,
2857 2205 2940 2257 ὅτι
2976 2206 3091 2259 Οὐκ
3114 2208 3339 2277 εἴληφεν
3370 2211 3515 2279 ὑμᾶς
3536 2215 3869 2285 πειρασμὸς,
3898 2218 3948 2268 εἰ
3984 2218 4056 2285 μὴ

2468 2294 2662 2362 μικρὸς
2698 2296 2793 2347 καὶ⁵
2848 2295 3166 2368 σύμμετρος
3188 2317 3202 2330 ⁸
3239 2300 3588 2373 ἀνθρώπινον
3635 2306 3744 2375 γὰρ
3772 2306 4054 2373 πανταχοῦ

2462 2385 2524 2437 τὸ
2555 2388 2748 2455 μικρὸν
2784 2389 2961 2445 καλεῖ.
2995 2387 3130 2445 Εἶτα
3159 2395 3573 2464 παραμυθεῖται
3612 2400 3794 2463 πάλιν,
3832 2402 3926 2452 ἐπὶ
3965 2403 4053 2452 tiu

2463 2478 2595 2531 Θεὸν
2623 2480 2834 2549 ἀφορᾷν
2874 2482 3073 2545 αὐτοὺς
3110 2485 3338 2553 πείθων,
3367 2488 3428 2548 ὃς
3482 2490 3675 2552 πιστός
3721 2491 3863 2557 ἐστι,
3895 2510 4051 2545 τουτ-

2469 2574 2642 2637 έστιν,
2695 2572 2929 2643 ἀληθὴς,
2985 2576 3079 2628 καὶ
3113 2576 3176 2628 οὑ
3229 2577 3603 2646 διαψεὺσεται.
3654 2584 4055 2653 Ἐπηγγείλατο

2469 2663 2577 2732 γὰρ
2603 2679 2618 2695 ο
2660 2683 2677 2714 ι
2720 2665 2907 2729 Δεῦτε,
2937 2668 2987 2718 οἱ
3018 2668 3341 2732 κοπιῶντες,
3365 2671 3457 2723 καὶ
3494 2674 3794 2729 ἀναπαύσω
3820 2677 3989 2745 ὑμᾶς.
4030 2698 4048 2729 ›

2472 2774 2490 2807 ι
2517 2757 2631 2809 Οὐκ
2661 2757 2811 2809 ἐάσει
2843 2755 2938 2812 οὖν
2967 2761 3330 2831 πειρασθῆναι
3356 2765 3501 2833 ὑμᾶς
3528 2765 3669 2837 ὑπὲρ
3700 2767 3728 2818 ὃ
3752 2768 4003 2825 δύνασθε.
4032 2789 4045 2818 r

2466 2846 2602 2900 ἀλλὰ
2661 2849 2754 2903 τὸν
2805 2851 3113 2921 πειρασμὸν
3173 2856 3440 2923 ἀνάλογον
3476 2860 3543 2928 τῇ
3610 2858 3766 2927 ὑμῶν
3821 2860 4051 2929 δυνάμει

2467 2944 2685 3010 ποιήσει
2711 2942 2958 2997 ἐπελθεῖν
2981 2960 2993 2974 ’
3020 2946 3222 3014 μᾶλλον
3251 2947 3309 3000 δὲ
3355 2949 3466 3012 πᾶς
3503 2953 3811 3021 πειρασμὸς
3846 2955 4049 3021 μείζων

2464 3032 2565 3101 τῆς
2588 3033 2869 3104 ὑμετέρας
2921 3035 2966 3065 ³³
2997 3035 3302 3106 δυνάμεως,
3338 3040 3388 3091 εί
3424 3040 3498 3110 μὴ
3522 3042 3731 3106 ἐκεῖνος
3765 3044 4052 3113 βοηθήσει,

2474 3142 2493 3173 ‹
2521 3125 2616 3176 καὶ
2628 3126 2845 3193 ποιήσει
2870 3126 2970 3196 τὴν
2993 3126 3240 3195 ἑκϐασιν,
3266 3149 3285 3182 ι
3307 3132 3600 3204 ὄὲστι,τὴν
3615 3136 3939 3206 ἀπαλλαγὴν
3961 3138 4053 3190 τοῦ

2474 3215 2803 3284 πειρασμοῦ,
2831 3234 2850 3267 ι
2874 3218 2971 3269 σὺν
2996 3219 3075 3289 τῷ
3104 3224 3418 3292 πειρασμῷ·
3453 3244 3471 3277 ι
3501 3233 3771 3290 τουτέστι,
3804 3235 4050 3300 ταχεῖαν,

2470 3308 2562 3357 καὶ
2597 3307 2712 3373 ἃμα
2743 3306 2822 3376 τῷ
2843 3307 3093 3361 ἐπελθεῖν
3128 3311 3258 3381 ὑμῖν
3288 3315 3335 3346 ’⁸
3389 3314 3479 3368 τὸν
3527 3320 3840 3388 πειρασμέν
3862 3337 3876 3350 ·
3909 3322 4050 3374 ὥστε

2468 3397 2561 3449 καὶ
2587 3397 2675 3450 διὰ
2706 3399 2805 3469 τὴν
2832 3402 3056 3469 ταχεῖαν
3086 3402 3433 3475 ἀπαλλαγὴν,
3476 3410 3714 3479 φορητὸν
3750 3412 3881 3481 ὑμῖν
3901 3416 4049 3480 γενέ-

2469 3489 2591 3543 σθαι
2620 3489 2831 3545 τοῦτον.
2868 3509 2885 3542 ι
2927 3492 3151 3564 Ποιήσει
3186 3497 3296 3565 γὰρ
3346 3498 3447 3566 τὴν
3482 3498 3729 3565 ἔκϐασιν,
3778 3521 3797 3554 ι
3858 3508 4045 3573 φησὶν,

2466 3581 2651 3633 ἕνεκεν
2686 3598 2704 3630 ι
2731 3581 2823 3633 τοῦ
2851 3582 2892 3613 ’⁷
2924 3583 3217 3653 δυνηθῆναι
3248 3588 3393 3657 ὑμᾶς
3429 3590 3750 3658 ὑπενεγκεῖν
3772 3610 3786 3623 ’
3828 3614 3847 3645 ι
3888 3612 4048 3648 τουτ-

2466 3671 2635 3737 έστιν,
2659 3669 2893 3740 ἐλαφρὸν
2926 3674 3052 3743 ὑμῖν
3076 3675 3311 3745 φανῆναι
3348 3677 3440 3730 τὸν
3466 3683 3774 3752 πειρασμὸν
3802 3686 3898 3737 καὶ
3946 3690 4043 3738 ἀν-

2464 3761 2645 3814 εκτόν.

2546 3872 2565 3904 ι
2596 3857 2820 3928 Διόπερ,
2870 3859 3091 3929 ἀδελφοί
3136 3877 3263 3930 μου,
3295 3863 3527 3930 φεύγετε
3561 3865 3669 3918 ἀπὸ
3702 3866 3803 3933 τῆς
3829 3870 4051 3922 εἰδωλο-

2468 3944 2745 4018 λατρείας.
2778 3968 2797 4002 ι
2848 3951 3072 4022 Ἐπειδὴ
3103 3954 3306 4012 ἱκανῶς
3328 3956 3509 4009 αὑτῶν
3553 3958 3865 4029 καθήψατο,
3891 3963 4049 4031 059;:-

2470 4039 2627 4090 πεύει
2682 4039 2887 4107 λοιπὸν,
2933 4042 3197 4111 ἀδελφοὺς
3252 4048 3451 4110 αὑτοὺς
3499 4049 3713 4102 καλῶν·
3751 4052 3943 4107 οὑκέτι
3976 4058 4049 4117 δε,

2469 4128 2555 4182 διὰ
2582 4131 2681 4201 τὴν
2724 4132 2833 4184 τῶν
2882 4134 3131 4203 ἀδελφῶν
3182 4136 3411 4207 βλάϐην,
3455 4140 3655 4192 κωλύει
3706 4142 3911 4206 αὐτοὺς
3946 4147 4052 4195 ἁπῦ

2471 4220 2580 4272 τῶν
2609 4222 2996 4290 εἰδωλοθύτων,
3040 4225 3154 4278 ἀλλ’
3202 4228 3335 4281 αὐτὸ
3384 4230 3505 4283 καθ’
3540 4231 3674 4285 αὑτὸ
3721 4233 3784 4285 τὸ
3815 4238 4051 4304 πρξγμσ

2470 4311 2765 4376 διαϐάλλει,
2818 4315 3265 4388 είδωλολατρείαν
3322 4320 3631 4391 ὀνομάζων,
3669 4326 3766 4381 καὶ
3799 4324 3901 4396 τὴν
3960 4345 4051 4379 τα-

2471 4406 2622 4472 χεῖαν
2672 4406 2768 4458 ἀπ’
2799 4407 2965 4460 αὐτοῦ
3000 4408 3351 4480 ἀναχώρησιν
3396 4414 3667 4469 ἀπαιτῶν.
3699 4436 3717 4467 ι
3751 4417 3992 4485 Φεύγετε
4029 4440 4046 4468 ι

2389 4512 2434 4570 D
2468 4495 2595 4565 γὰρ,
2630 4498 2813 4566 φησίν·

2549 4605 2568 4637 ι
2616 4588 2701 4649 Ὠς
2732 4589 3019 4660 φρονίμοις
3071 4591 3235 4661 λέγω,
3289 4595 3504 4664 κρίνετε
3558 4597 3717 4667 ὑμεῖς
3750 4600 3780 4651 ὅ
3810 4619 3976 4672 φημι.
4020 4624 4038 4655 ι

2469 4680 2692 4753 Ἐπειδὴ
2721 4687 2865 4756 μέγα
2892 4688 3144 4759 ἔγκλημα
3190 4690 3376 4757 αὑτοῖς
3415 4696 3722 4765 προσῆψεν,
3762 4698 4047 4751 εἰδωλολα-

2468 4778 2653 4847 τρείαν
2684 4780 2961 4849 ὀνομάσας
3016 4782 3044 4835 ὃ
3090 4785 3331 4849 ἐποίουν,
3382 4789 3729 4844 καταλεαένει
3778 4794 3840 4845 τὸ
3873 4798 4048 4863 τραχὺ

2473 4868 2570 4919 τοῦ
2607 4867 2789 4936 λόγου,
2822 4869 2918 4922 καὶ
2943 4871 3141 4932 αὑτοὺς
3170 4878 3296 4937 τοὺς
3323 4877 3655 4943 ὑπευθύνους
3691 4885 3886 4949 κριτὰς
3912 4892 4046 4935 κασι-

2473 4958 2574 5022 ίζει
2617 4960 2774 5031 (ὅπερ
2807 4961 3140 5032 θαρροῦντός
3184 4967 3300 5019 ἐστι
3358 4970 3468 5031 τοῖς
3498 4970 3718 5033 οἰκείοις
3759 4972 3940 5039 λὸ,οις
3975 4978 4039 5041 ¹⁴,

2466 5053 2541 5114 ὡς
2577 5051 2848 5121 ἀληθέσι),
2898 5055 2990 5107 καί
3022 5073 3220 5125 φησιν·
3274 5059 3350 5112 Οὑ
3401 5060 3591 5130 δέομαι
3631 5064 3837 5134 ἑτέρων
3880 5066 4038 5121 δικα-

2473 5144 2637 5211 στῶν,
2672 5145 2828 5215 ὑμεῖς
2855 5146 2931 5210 ὡς
2964 5149 3221 5219 φρόνιμοι
3249 5154 3484 5223 κρίνετε.

2542 5257 2560 5288 ι
2598 5237 2671 5289 Τὸ
2720 5239 2985 5310 ποτήριον
3036 5244 3135 5313 τῆς
3183 5245 3455 5314 εὐλογίας,
3479 5248 3508 5299 ὃ
3536 5249 3889 5320 εὐλογοῦμεν,
3922 5255 4041 5323 silli

2464 5330 2722 5384 κοινωνία
2744 5331 2840 5385 τοῦ
2860 5334 3092 5403 αἵματος
3113 5336 3207 5388 τοῦ
3232 5338 3468 5407 Χριστοῦ
3497 5341 3615 5395 ἐστι
3636 5360 3651 5410 ;
3691 5362 3709 5394 ι
3750 5344 4038 5409 Τουτὲστι,

2488 5421 2587 5489 τῆς
2647 5422 3037 5492 Εὑχαριστίας.
3088 5427 3210 5479 Ἐπὶ
3271 5430 3459 5499 χεῖρας
3520 5433 3630 5504 γὰρ
3661 5434 3793 5488 αὐτὸ
3825 5438 4043 5507 ἔχοντες

2114 5670 2308 5731 Varia:
2369 5670 2694 5733 lectiones.

896 5762 1103 5837 ’δ’ἀλλα
1152 5782 1317 5854 ςεοεοῦ
1365 5801 1437 5841 tu.
1520 5792 1560 5819 ⁷⁷·
1615 5789 1891 5860 ἡμετέρας
1923 5806 1975 5848 0.
2053 5794 2099 5826 "
2131 5796 2259 5866 ἡμῖν
2286 5811 2338 5853 ο.
2417 5799 2583 5853 "(Im

1555 5793 1560 5812 "
1615 5789 1891 5860 ἡμετέρας
1923 5806 1975 5848 0.
2053 5794 2099 5826 "
2131 5796 2259 5866 ἡμῖν
2286 5811 2338 5853 ο.
2417 5800 2461 5830 ²⁷
2484 5799 2622 5854 ὥστε
2653 5816 2725 5856 nt.
2806 5802 2849 5834 "
2885 5804 3161 5877 λογισμοῖς
3194 5824 3242 5865 ο.
