4272 6448
796 373 898 437 68ῖ

794 581 994 645 aliquid
1024 577 1114 639 sit,
1139 582 1231 629 aut
1256 575 1401 644 quod
1427 573 1584 628 idolis
1607 565 1940 626 innnolatum
1972 574 2042 625 sit
2064 571 2309 640 aliquid?
2343 591 2360 623 ι

792 671 908 726 Non
938 668 1090 736 quasi
1139 668 1299 722 idolis
1338 667 1420 720 vis
1468 665 1648 733 aliqua
1694 666 1912 726 inesset,
1941 671 1995 716 et
2037 661 2120 715 vel
2173 676 2368 716 nocere

792 763 874 816 vel
902 762 1159 829 prodesse
1202 760 1536 829 potuissent,
1569 757 1773 809 idcirco
1799 756 1868 809 ab
1916 755 1982 808 iis
2012 768 2109 807 vos
2159 754 2367 807 abduco

789 855 990 925 (neque
1043 855 1186 908 enim
1216 853 1511 922 quidquam
1550 862 1670 902 sunt
1716 847 1957 914 omnino)
1994 862 2179 900 verum
2224 846 2368 915 quod

795 965 901 1004 non
945 947 1204 1001 offeratur
1254 945 1471 999 victima
1522 944 1751 997 Domino
1796 953 1902 992 tuo.
1942 938 2112 993 infert
2153 940 2365 1008 igitur:

863 1040 1027 1094 Vens.
1058 1038 1150 1093 20.
1188 1056 1206 1090 ι
1246 1038 1350 1092 Sed
1388 1038 1531 1105 quod
1567 1050 1684 1102 qua:
1715 1044 1900 1101 gentes
1929 1032 2230 1094 immolant,
2259 1031 2370 1084 da:-

789 1135 987 1189 moniis
1015 1131 1313 1198 immolent,
1347 1139 1401 1184 et
1436 1142 1542 1182 non
1583 1127 1711 1179 Deo.
1746 1143 1766 1177 »
1800 1124 1878 1180 Ne
1910 1125 2069 1195 igitur
2102 1123 2367 1178 accurrite

789 1229 857 1281 ad
889 1226 1072 1280 hostes
1113 1222 1321 1276 Domini
1360 1220 1543 1273 vestri.
1583 1216 1718 1270 Nam
1765 1216 1833 1282 si,
1879 1230 2062 1269 mensa
2107 1215 2251 1282 regia
2283 1214 2366 1267 di-

790 1321 996 1382 missa,
1049 1315 1115 1370 ad
1176 1315 1659 1370 condemnatorum
1721 1324 1961 1363 mensam
2019 1322 2362 1371 accurreres,

788 1410 1010 1465 omnino
1042 1419 1290 1477 peccares
1321 1419 1335 1468 ;
1377 1412 1483 1455 nOn
1518 1400 1659 1467 quod
1699 1408 1920 1452 noceret
1954 1395 2039 1448 illa
2067 1398 2362 1465 quidquam

787 1511 881 1556 aut
907 1501 1139 1570 juvaret,
1182 1506 1440 1551 caeterum
1473 1491 1614 1560 quod
1651 1488 1845 1558 injuria
1892 1488 2038 1541 istud
2090 1488 2364 1543 videretur

789 1605 987 1645 mensa:
1015 1588 1192 1658 regia.

868 1701 886 1733 ι
930 1682 1065 1736 Nolo
1096 1692 1279 1735 autem
1309 1695 1405 1735 vos
1430 1679 1719 1751 participes
1748 1679 2135 1733 daemoniorum
2169 1676 2303 1732 lieri.
2337 1694 2356 1729 ι

787 1774 844 1828 Si
878 1773 1021 1828 enim
1065 1774 1350 1841 mysticam
1400 1786 1640 1825 mensam
1689 1771 2097 1839 participantes,
2145 1770 2363 1822 Christo

1648 366 2237 427 THEOPHYLACTI
2279 367 2690 427 BULGARL'E
2724 368 3086 431 ARCHIEP.

868 485 1031 538 Vens.
1070 486 1149 539 l9.
1201 502 1217 534 ι
1260 480 1398 549 Quid
1431 482 1595 551 igitur
1630 480 1793 535 dico?
1826 479 1942 535 Non
1987 482 2128 550 quod
2167 482 2366 535 idolum
2398 495 2443 548 Α

3944 377 4067 440 688

2549 503 2565 532 ι
2613 483 2675 534 Τί
2711 479 2799 535 οὖν
2830 502 2971 552 φημι
2998 502 3011 547 ;
3042 484 3124 537 ὅτι
3158 485 3379 540 εἴδωλόν
3406 486 3460 539 τί
3494 487 3675 555 ὲστιν;
3703 489 3736 561 ἢ
3760 490 3844 543 ὃτι
3890 494 4064 545 εἰδω-

2471 573 2688 627 λόθυτόν
2716 576 2767 625 τί
2802 581 2949 629 ἐστιν
2981 578 3058 643 ³¹;
3100 595 3118 628 ι
3179 579 3290 647 Οὐχ
3323 579 3398 642 ὡς
3452 580 3607 651 ἰσχύν
3637 598 3760 636 τινα
3813 584 4063 651 ἐχόντων

2468 668 2578 720 τῶν
2612 669 2865 732 εἰδωλων,
2900 670 2997 722 καὶ
3047 669 3362 739 δυναμένων
3417 670 3619 741 βλάψαι
3671 675 3700 743 ἣ
3741 674 4060 745 ὠφελῆσαι,

2470 763 2670 827 ἁπάγω
2720 761 2927 813 τούτων
2986 762 3165 831 ὑμᾶς’
3210 763 3477 834 οὐδὲγὰρ
3532 767 3674 818 εἰσὶν
3716 768 3891 831 ὄλως’
3931 769 4059 823 ἀλλ’

2469 854 2551 905 ὅτι
2583 854 2642 905 οὐ
2668 854 3009 923 προσάγεται
3039 854 3100 907 τὸ
3127 853 3390 925 θυόμενον
3421 858 3500 928 τῷ
3534 860 3782 932 Δεσπότῃ
3830 860 3910 931 τῷ
3945 861 4055 932 σῷ.

2484 945 2764 1013 Ἐπιφερει
2790 946 2881 999 οὖν
2898 965 2913 979 ο

2545 1058 2564 1090 ι
2608 1039 2745 1093 Ἀλλ’
2773 1044 2854 1092 ὅτι
2875 1044 2910 1095 5t
2936 1042 3052 1096 θύει
3081 1044 3148 1097 τὰ
3178 1044 3328 1115 ἔθνη,
3368 1044 3663 1115 δαιμονίοις
3694 1045 3834 1108 θύει,
3858 1047 3954 1100 καὶ
3984 1048 4052 1099 οὗ

2469 1130 2607 1199 Θεῷ.
2645 1149 2663 1181 ι
2704 1133 2793 1201 Μὴ
2825 1134 3004 1187 τοίνυν
3032 1135 3256 1208 τρέχετε
3278 1138 3370 1191 ἐπὶ
3395 1141 3522 1201 τοὺς
3547 1138 3775 1208 ἐχθροὺς
3816 1139 3911 1191 τοῦ
3945 1142 4052 1191 Δε-

2471 1224 2671 1277 σπότου
2692 1227 2844 1291 ὑμῶν
2866 1243 2879 1257 ’
2917 1229 3138 1298 καὶγὰρ
3166 1232 3214 1281 εἰ
3243 1230 3529 1301 βασιλικὴν
3553 1233 3707 1299 ἀφεὶς
3733 1231 4050 1300 τράπεζαν,

2468 1317 2689 1386 ἔτρεχες
2718 1319 2807 1371 ἐπὶ
2838 1321 2939 1389 τὴν
2962 1320 3071 1372 τῶν
3092 1321 3423 1388 καταδίκων,
3455 1325 3673 1385 πάντως
3699 1324 4048 1394 ήμάρτανες·

2466 1411 2563 1479 οὐχ
2592 1413 2675 1462 ὅτι
2710 1411 2977 1465 ἓὸλαπτεν
3009 1413 3216 1483 ἐκείνη,
3246 1413 3503 1485 ἧὼφέλει
3535 1416 3599 1478 ³³,
3625 1416 3739 1468 ἀλλ’
3776 1417 3859 1468 ὅτι
3882 1414 4051 1485 ὕϐρις

2465 1502 2637 1556 ἐδόκει
2676 1503 2835 1557 τοῦτο
2873 1507 2970 1573 τῆς
2999 1505 3287 1577 βασιλικῆς
3320 1508 3604 1578 τραπέζης
3633 1508 3723 1562 ⁸³’.

2546 1700 2565 1734 ι
2597 1682 2670 1734 Οὐ
2704 1682 2843 1735 θέλω
2873 1682 2929 1736 δὲ
2981 1683 3125 1753 ὑμᾶς
3162 1685 3457 1748 κοινωνοὺς
3479 1682 3589 1737 τῶν
3632 1684 3931 1753 δαιμονίων
3961 1686 4053 1751 γί-

2466 1774 2675 1826 νεσθαι.
2719 1791 2737 1825 i
2775 1775 2838 1826 El
2872 1776 2980 1842 γὰρ
3011 1776 3110 1844 τῆς
3139 1778 3407 1844 μυστικῆς
3465 1774 3746 1846 τραπέζης
3782 1777 4051 1844 μετέχον-

787 1870 1191 1924 communicant
1244 1884 1258 1921 :
1308 1866 1610 1918 daemonum
1658 1878 1899 1918 mensam
1955 1862 2359 1932 participantes,
2389 1840 2474 1914 Βῆ

2389 1840 2436 1899 Β
2463 1881 2574 1929 τες,
2605 1866 2922 1919 κοινωνοῦσι
2949 1866 3202 1937 Χριστῷ’
3229 1869 3277 1920 οἱ
3303 1868 3574 1937 δαιμόνων
3599 1867 3879 1936 τραπέζης
3914 1883 4048 1936 μετ-

787 1960 1121 2014 ιιδιιιιοιιίιιιιε
1160 1958 1299 2011 haud
1334 1957 1497 2010 dubio
1523 1959 1944 2010 communicant.

857 2050 1020 2104 Vens.
1065 2050 1153 2102 2t.
1192 2067 1209 2098 ι
1252 2049 1411 2118 182
1445 2048 1561 2101 Non
1605 2051 1831 2117 potestis
1875 2048 2100 2103 calicem
2150 2048 2359 2102 Domini

786 2143 992 2208 bibere,
1023 2152 1077 2196 et
1102 2141 1323 2196 calicem
1354 2142 1766 2195 daemoniorum.
1800 2159 1817 2190 ι
1851 2142 1985 2194 tium
2018 2156 2113 2209 per
2141 2143 2359 2194 modum

786 2236 1183 2291 adhortationis
1209 2236 1441 2297 dixerat,
1474 2231 1609 2287 Nolo
1644 2249 1739 2287 vos
1773 2235 2062 2302 participes
2091 2248 2212 2287 esse
2249 2233 2361 2286 da:-

789 2333 1092 2387 inoniorum
1130 2368 1146 2394 ,
1236 2345 1303 2384 ne
1352 2330 1648 2382 admonitio
1704 2329 1804 2380 ista
1875 2328 2025 2382 ﬂocci
2074 2328 2359 2395 pendatur,

785 2441 880 2495 per
909 2424 1127 2479 modum
1178 2424 1462 2478 sententia:
1514 2423 1774 2487 negativae
1822 2435 1967 2473 nunc
2002 2419 2131 2472 illud
2186 2419 2358 2487 ipsum

791 2518 992 2586 posuit,
1032 2534 1051 2568 ι
1089 2516 1206 2570 Non
1243 2516 1489 2584 potestis,
1537 2532 1556 2564 ι
1603 2515 1871 2582 inquiens,
1919 2530 1938 2564 ι
1991 2512 2213 2566 calicem
2252 2511 2357 2564 Do-

788 2610 916 2663 mini
954 2609 1159 2671 bibere,
1194 2618 1247 2660 et
1274 2607 1495 2660 calicem
1530 2604 1940 2658 «livenloniorum.
1987 2622 2005 2653 ›

860 2718 879 2750 ι
920 2698 1035 2753 Non
1076 2700 1300 2768 potestis
1331 2711 1526 2751 mensa:
1561 2695 1768 2750 Domini
1812 2695 2100 2763 participes
2135 2709 2275 2759 esse,
2304 2704 2358 2749 et

786 2806 985 2847 mensa:
1016 2790 1419 2845 daemoniorum.
1464 2805 1483 2839 ι
1528 2788 1603 2841 Ex
1637 2788 1766 2842 solis
1810 2787 2116 2841 nominibus
2142 2787 2354 2855 probat,

784 2888 926 2957 quod
957 2886 1023 2938 ab
1060 2882 1372 2952 idolothytis
1395 2880 1670 2934 abstinere
1698 2887 1964 2947 oporteat.

856 2978 1021 3031 Vens.
1047 2975 1137 3030 92.
1169 2992 1187 3026 ι
1218 2975 1299 3028 An
1334 2988 1693 3044 provocamus
1730 2972 2057 3026 Dominum?
2086 2970 2353 3041 Numquid

780 3066 1036 3133 ,iortiorcs
1069 3076 1135 3117 eo
1178 3060 1411 3117 sumus?
1451 3078 1470 3112 ι
1515 3059 1631 3126 Quo
1671 3059 1975 3127 pudefaciat
2021 3061 2203 3129 ipsos,
2250 3063 2354 3116 hoc

786 3159 1006 3227 posuit:
1037 3154 1173 3210 Num
1206 3165 1493 3220 tentamus,
1526 3148 1720 3224 inquit,
1744 3165 1795 3208 et
1820 3154 2133 3210 lacessimus
2158 3155 2351 3218 Deum,
2381 3186 2424 3247 ο

789 3257 969 3300 utrum
993 3245 1185 3314 punire
1214 3259 1312 3299 nos
1343 3246 1531 3313 possit,
1557 3247 1622 3298 ad
1652 3246 1832 3299 hostes
1851 3246 1967 3312 ejus
2002 3246 2352 3299 secedentes?

789 3339 991 3393 Deinde
1018 3338 1085 3391 ad
1115 3336 1407 3393 absurdum
1439 3335 1741 3406 perducens
1783 3338 2102 3400 orationem,
2140 3354 2158 3386 ι
2187 3335 2356 3390 Num-

786 3430 916 3501 quid
939 3430 1211 3493 fortiores,
1254 3446 1274 3480 ι
1325 3428 1525 3498 inquit,
1588 3446 1607 3479 ι
1650 3429 1762 3497 ipso
1813 3428 2033 3482 sumus?
2083 3445 2102 3478 ι
2150 3427 2351 3481 dictum

787 3524 916 3580 illud
957 3522 1250 3578 Hosaicnm
1281 3521 1435 3575 vaJde
1482 3522 1681 3575 acriter
1712 3521 1778 3575 iis
1828 3521 1881 3573 in
1918 3521 2232 3576 memoriam
2266 3536 2351 3575 re-

786 3630 1030 3670 vocans:
1070 3632 1088 3665 ι
1132 3611 1504 3667 Provocarunt
1550 3628 1636 3665 me
1672 3615 1725 3665 in
1769 3626 1874 3665 non
1936 3612 2046 3667 Deo
2079 3630 2093 3666 :
2122 3617 2189 3668 ad
2247 3614 2354 3667 ira-

787 3708 1038 3764 cundiam
1069 3720 1154 3760 me
1173 3705 1581 3760 concitaverunt
1605 3704 1657 3757 in
1682 3704 1845 3758 idolis
1869 3706 1986 3759 suis
2008 3705 2055 3758 k.
2099 3724 2117 3755 ι

863 3799 1026 3854 Vens.
1060 3797 1151 3852 23.
1192 3814 1210 3848 ι
1250 3795 1441 3851 Omnia
1492 3797 1623 3850 mihi
1672 3798 1855 3863 licent,
1898 3798 1993 3851 sed
2036 3812 2139 3853 non
2173 3800 2352 3853 omnia

785 3892 1097 3962 expediunt.
1136 3908 1155 3942 ι
1199 3888 1278 3943 Ne
1314 3892 1433 3958 quis
1483 3887 1555 3942 illi
1585 3889 1842 3955 objiciat:
1894 3888 2181 3959 TantiSper
2228 3892 2352 3944 dum

788 4001 921 4055 pura
965 3999 1088 4039 cum
1128 3986 1456 4039 conscientia
1504 3983 1919 4046 manducatero,
1953 3984 2093 4037 istud
2124 3981 2355 4037 faciendi

786 4085 1105 4147 potestatem
1147 4075 1319 4132 habeo
1351 4092 1363 4128 :
1399 4074 1579 4139 Certe,
1615 4074 1806 4142 inquit,
1836 4075 2014 4127 omnia
2046 4075 2139 4128 tibi
2172 4075 2356 4139 licent,

785 4166 1219 4239 quandoquidem
1248 4166 1452 4236 proprii
1485 4166 1697 4219 arbitrii
1737 4167 1986 4219 dominus
2018 4180 2047 4217 a
2091 4165 2201 4219 Deo
2228 4182 2357 4219 con-

785 4263 934 4315 ditus
970 4274 1028 4315 es
1068 4277 1081 4313 :
1115 4272 1298 4312 verum
1344 4257 1446 4311 hoc
1476 4256 1650 4325 ipsum
1699 4265 1757 4308 ut
1786 4256 1937 4318 edas,
1985 4269 2091 4309 non
2139 4256 2358 4308 omnino

785 4352 882 4406 tibi
908 4350 1143 4421 expedit.
1177 4346 1357 4401 lsthac
1383 4346 1529 4399 enim
1564 4345 1934 4415 progrediens,
1964 4344 2016 4397 in
2063 4344 2199 4397 idola
2230 4357 2355 4413 pro-

784 4439 1063 4511 pendebis,
1099 4439 1339 4506 ipsorum
1374 4450 1590 4491 mensas
1620 4435 1932 4505 frequenter
1962 4436 2356 4505 participando.

862 4548 883 4583 ι
920 4530 1113 4587 Omnia
1161 4528 1289 4584 mihi
1336 4527 1521 4591 licent,
1557 4539 1613 4581 at
1647 4542 1753 4582 non
1786 4528 1966 4582 omnia
1998 4527 2287 4582 :edilicant.
2328 4545 2347 4578 ι
2381 4538 2434 4599 Ι)

783 4623 973 4693 Neque
1020 4622 1113 4676 tibi
1144 4622 1383 4690 prodest,
1418 4620 1615 4689 inquit,
1646 4620 1789 4674 sicut
1820 4630 1873 4675 et
1916 4630 2071 4674 antea
2098 4620 2229 4683 dixi,
2264 4635 2358 4674 ne-

785 4731 892 4785 que
926 4716 1075 4769 fratri
1111 4725 1203 4768 tuo
1234 4729 1247 4765 :
1279 4713 1449 4782 ipsum
1483 4713 1627 4765 enim
1660 4726 1766 4765 non
1803 4712 2053 4775 aediﬁcat,
2096 4713 2223 4780 quin
2262 4726 2358 4781 po-

786 4813 890 4862 tius
935 4806 1162 4861 destruit
1206 4820 1268 4859 ac
1313 4804 1508 4859 evertit
1557 4802 1726 4872 ipsius
1770 4801 1950 4855 ﬁdem.
1996 4801 2129 4856 Cum
2177 4801 2357 4869 itaque

783 4910 962 4969 uertue
1018 4910 1089 4961 te,
1138 4911 1312 4966 neque
1348 4896 1570 4949 fratrem
1611 4894 1848 4963 adjuvet,
1879 4893 2008 4962 quid
2037 4896 2134 4946 hoc
2178 4892 2355 4947 iacis?

859 5078 1018 5130 Vens.
1055 5075 1143 5128 24.
1187 5093 1204 5125 ι
1253 5074 1421 5130 Nemo
1465 5074 1607 5144 quod
1652 5089 1805 5128 suum
1853 5085 1935 5128 est
1977 5083 2204 5144 quaerat,
2257 5074 2351 5127 sed

783 5174 1010 5239 quisque
1054 5168 1197 5236 quod
1248 5168 1477 5236 proximi
1521 5177 1621 5221 est.
1680 5185 1698 5217 ι
1752 5166 1831 5220 Ne
1865 5181 2078 5235 quaeras
2123 5181 2249 5220 num
2298 5175 2350 5219 tu

858 5288 879 5321 κ
918 5283 1069 5337 Deut.
1106 5297 1276 5345 xxxii,
1297 5283 1386 5334 2i.

2463 1960 2702 2028 έχοντες,
2735 1960 2890 2027 δῆλον
2912 1962 2995 2012 ὅτι
3028 1960 3247 2031 δαίμοσι
3290 1960 3657 2015 κοινωνοῦσιν.

2530 2070 2547 2103 ι
2578 2053 2649 2103 Οὐ
2680 2051 2909 2103 δύνασθε
2943 2053 3203 2120 ποτήριον
3231 2051 3436 2119 Κυρίου
3475 2052 3670 2113 πίνειν,
3724 2054 3821 2103 καὶ
3872 2052 4047 2119 ποτήο

2467 2162 2581 2215 ριον
2630 2144 2947 2214 δαιμονίων.
2988 2163 3007 2195 ι
3079 2144 3299 2214 Ἐπειδὴ
3356 2147 3412 2197 ὲν
3450 2145 3601 2210 τάξει
3658 2145 4049 2214 παραινέσεως

2461 2234 2634 2291 εἷπεν⁸
2661 2257 2681 2289 ι
2712 2239 2786 2291 Οὐ
2802 2238 2939 2290 θέλω
2968 2238 3111 2306 ὑμᾶς
3137 2239 3425 2299 κοινωνοὺς
3442 2238 3550 2291 τῶν
3577 2237 3868 2306 δαιμονίων
3893 2238 4048 2303 γίνεο

2466 2330 2589 2382 σθαι
2614 2347 2627 2360 ’
2664 2348 2682 2381 ›
2730 2331 2817 2383 ἵνα
2852 2333 2926 2400 μὴ
2960 2332 3278 2401 παραίνεσις
3328 2333 3736 2403 καταφρονηθῇ,
3794 2334 3852 2384 ἐν
3888 2331 4047 2393 τάξ;ι

2461 2421 2789 2489 ἀποφάσεως
2820 2422 2913 2474 νῦν
2936 2422 3065 2476 αὐτὸ
3096 2422 3359 2487 τέθεικεν,
3400 2423 3603 2476 εἰπών’
3641 2444 3658 2475 ι
3693 2424 3765 2475 Οὔ
3806 2424 4044 2477 δύνασθε

2462 2512 2723 2579 ποτήριον
2754 2512 2962 2581 Κυρίου
2992 2513 3188 2577 πίνειν,
3218 2514 3313 2566 καὶ
3359 2514 3619 2583 ποτήριον
3650 2513 3971 2582 δαιμονίων.
4016 2532 4034 2562 ι

2538 2711 2555 2739 ι
2595 2688 2669 2742 Οὐ
2696 2689 2925 2742 δύνασθε
2952 2691 3233 2761 τραπέζης
3263 2692 3471 2762 Κυρίου
3493 2692 3762 2763 μετέχειν,
3791 2694 3888 2747 καὶ
3908 2710 4041 2761 τρα-

2462 2778 2632 2851 πέζης
2657 2781 2974 2850 δαιμονίων.
3008 2800 3026 2834 ι
3065 2781 3160 2834 Ἐκ
3196 2784 3375 2851 μόνων
3411 2782 3520 2836 τῶν
3550 2784 3835 2853 ὀνομάτων
3858 2802 4038 2837 κατα-

2461 2873 2739 2938 σκευάζει,
2768 2874 2828 2925 τὸ
2857 2874 2968 2925 δεῖν
2995 2873 3297 2944 ἀπέχεσθαι
3333 2874 3439 2927 τῶν
3463 2875 3850 2930 εἰδωλοθύτων.

2535 2983 2553 3015 ι
2588 2964 2658 3016 Ἢ
2680 2964 3105 3035 παραζηλοῦμεν
3152 2966 3243 3018 τὸν
3282 2967 3522 3037 Κύριονς
3571 2968 3645 3039 μὴ
3692 2969 4038 3039 ίσχυρὸτεμι

2461 3055 2626 3108 αὐτου
2656 3056 2859 3124 ἐσμενς
2896 3075 2913 3106 ι
2985 3057 3386 3127 Ἐντρεπτικῶς
3432 3058 3590 3112 τοῦτο
3646 3059 3918 3117 τέθεικεν.
3963 3063 4039 3116 Ἦ

2464 3145 2817 3217 πειράζὸμεν,
2862 3148 3014 3218 φησὶ,
3071 3148 3164 3200 καὶ
3200 3149 3609 3220 παρακνίξομεν
3662 3150 3753 3202 τὸν
3792 3152 3950 3214 Θεὸν,
3985 3155 4039 3207 εί

2457 3239 2682 3291 δύναται
2714 3241 2942 3294 κολάσαι
2968 3242 3116 3311 ἡμᾶς
3139 3241 3275 3311 πρὸς
3297 3244 3420 3305 τοὺς
3449 3243 3675 3313 ἐχθροὺς
3700 3244 3865 3296 αὑτοῦ
3898 3245 4036 3297 ἀπο-

2458 3331 2802 3401 χωροῦντας;
2863 3330 2997 3385 Εἶτα
3063 3334 3142 3395 εἰς
3187 3333 3388 3387 ἄτοπον
3446 3335 3678 3400 ἀπάγων
3722 3336 3815 3388 τὸν
3846 3336 4031 3403 λόγον,

2459 3426 2591 3493 φησί
2614 3441 2625 3454 °
2660 3445 2677 3475 ι
2714 3424 2806 3495 Μὴ
2848 3426 3187 3496 ἰσχυρότεροι
3218 3425 3382 3479 αὑτοῦ
3431 3428 3630 3496 ἐσμεν;
3668 3446 3687 3479 ι
3715 3431 4033 3499 ἀναμιμνή-

2459 3534 2604 3570 σκων
2634 3518 2679 3550 ³³
2712 3518 2915 3589 σφόδρα
2938 3518 3254 3588 πληκτικῶς
3284 3519 3384 3588 τῆς
3438 3520 3744 3590 Μωσαῖκῆς
3776 3525 3985 3591 ῥήσεως
4018 3541 4031 3551 ·

2462 3627 2480 3658 ι
2520 3608 2922 3677 Παρεζήλωσάν
2958 3625 3026 3675 με
3048 3609 3217 3661 ἐπὀὑ
3243 3608 3382 3679 Θεῷ,
3414 3610 3770 3680 παρώργισάν
3805 3630 3874 3682 με
3905 3615 3963 3666 ἐν
3984 3614 4035 3647 ³³

2458 3701 2569 3759 τοῖς
2594 3698 2833 3762 εἰδώλοις
2858 3698 3062 3752 αὐτῶν.
3103 3716 3122 3749 ι

2542 3810 2561 3843 ι
2592 3791 2778 3844 Πάντα
2813 3808 2904 3862 μοι
2957 3792 3189 3857 ἔξεστιν,
3217 3792 3333 3846 ἀλλ’
3362 3794 3423 3847 οὐ
3470 3794 3648 3849 πάντα
3676 3798 3968 3868 συμφέρει.
4008 3818 4029 3850 ι

2459 3883 2574 3936 Ἵνα
2604 3883 2678 3953 μή
2710 3901 2791 3946 τις
2817 3883 2949 3955 εἴπῃ
3000 3883 3171 3953 αὐτῷ,
3217 3884 3299 3938 ὅτι
3337 3885 3493 3938 Μετὰ
3553 3888 3799 3954 καθαρᾶς
3837 3889 4037 3943 ἐσθίων

2460 3976 2815 4044 συνειδήσεως
2838 3974 3089 4038 ἐξουσίαν
3131 3976 3242 4047 ἔχω
3274 3977 3432 4030 τοῦτο
3461 3980 3637 4030 ποιεῖν
3656 3995 3669 4007 ·
3695 3980 3826 4045 Ναὶ,
3874 3984 4034 4050 φησί,

2458 4068 2637 4120 πάντα
2675 4067 2775 4135 μέν
2822 4084 2903 4120 σοι
2933 4067 3139 4131 ἔξεστιν
3161 4107 3176 4132 ,
3206 4068 3249 4099 ³⁸
3285 4068 3472 4140 ἐπειδὴ
3503 4069 3662 4132 αὐτὸς
3710 4073 3863 4141 παρὰ
3892 4074 4034 4128 Θεοῦ

2460 4160 2807 4226 αὐτεξούσιος
2862 4161 3129 4228 γέγονας’
3182 4160 3300 4215 ἀλλ’
3360 4161 3423 4214 οὐ
3485 4164 3704 4225 πάντως
3759 4166 4034 4235 συμφέρει

2462 4266 2546 4303 σοι
2596 4251 2656 4302 τὸ
2697 4250 2935 4302 ἐσθίειν*
2968 4250 3073 4320 ὀδῷ
3112 4250 3220 4322 γάρ
3260 4251 3585 4320 προϐαίνων,
3614 4252 3853 4306 διάθεσιν
3880 4256 4029 4318 ἕξεις

2460 4338 2596 4408 πρὸς
2645 4338 2715 4391 τά
2740 4338 2954 4403 εἴδωλα,
2996 4338 3073 4408 τῷ
3134 4340 3374 4407 συνεχῶς
3421 4342 3696 4392 κοινωνεῖν
3748 4342 3857 4394 τῶν
3890 4359 4029 4413 τρα-

2460 4429 2643 4493 πεζῶν
2672 4430 2869 4484 αὐτῶν.

2545 4540 2563 4573 ι
2595 4522 2778 4592 Πάντα
2804 4540 2893 4592 μοι
2935 4522 3167 4590 ἔξεστιν,
3229 4523 3345 4576 ἀλλ’
3369 4523 3429 4575 οὐ
3462 4524 3642 4578 πάντα
3665 4526 3961 4593 οἰκοδομεῖ.
4006 4546 4025 4577 ι

2464 4611 2602 4664 Οὔτε
2630 4614 2711 4664 σοὶ
2736 4613 3026 4682 συμφέρει,
3051 4615 3205 4681 φησὶ,
3235 4614 3372 4667 καθὸ
3401 4612 3496 4667 καὶ
3518 4615 3805 4684 προλαϐὼν
3833 4612 3987 4669 εἷπον
4015 4655 4029 4677 ,

2459 4708 2582 4761 οὔτε
2608 4707 2684 4777 τῷ
2737 4707 2949 4777 ἁδελφῷ
2990 4724 3083 4760 σου
3105 4723 3119 4737 ο
3153 4706 3215 4759 οὐ
3240 4709 3348 4777 γάρ
3377 4707 3651 4778 οἰκοδομεῖ
3679 4709 3862 4771 αὑτζν,
3893 4710 4028 4763 ἀλλὰ

2464 4802 2661 4869 μᾶλλον
2692 4801 2960 4869 καθαιρεῖ,
2990 4802 3083 4853 καὶ
3110 4802 3487 4853 κατασκάπτει
3512 4801 3608 4870 τὴν
3631 4802 3814 4853 πίστιν
3836 4802 4023 4855 αὑτοῦ.

2464 4893 2626 4943 Ὥστε
2681 4892 2802 4944 ἐπεὶ
2852 4891 2973 4943 οὔτε
3033 4890 3091 4943 σὲ
3135 4890 3354 4958 ὠφελεῖ,
3410 4889 3534 4943 οὔτε
3586 4890 3677 4943 τὸν
3705 4892 3957 4960 ἀδελφὸν,
3979 4898 4028 4946 τί

2461 4983 2617 5034 τοῦτο
2652 4984 2824 5043 ποιεῖς
2847 5000 2860 5046 ;

2536 5093 2553 5125 ι
2591 5074 2793 5143 Μηδεὶς
2814 5075 2875 5126 τὸ
2900 5074 3089 5127 ἑαυτοῦ
3124 5074 3356 5146 ζητείτω
3382 5117 3395 5130 .

2462 5166 2574 5218 σίον
2596 5167 2845 5230 ἕκαστος.
2884 5187 2900 5218 ι
2926 5167 3018 5227 Μὴ
3047 5167 3197 5230 ζήτει
3222 5168 3399 5221 τοῦτο».

3452 5076 3589 5129 ἀλλὰ
3641 5074 3701 5128 τό
3741 5074 3837 5128 τοῦ
3893 5075 4028 5146 πλη-

3432 5171 3476 5215 ρῖ
3508 5169 3568 5221 σὺ
3590 5168 3790 5231 ἐσθίεις
3813 5168 4025 5221 καθαοὶ

2107 5398 2301 5458 Varia)
2357 5397 2682 5459 lectiones.

853 5527 897 5558 ³³
934 5526 1173 5596 ἐφοϐήθη
1231 5527 1423 5596 μήπως
1486 5526 1675 5591 δόξωσι
1721 5526 1891 5579 ταῦτα
1940 5527 2121 5594 λέγειν
2173 5528 2335 5579 αὐτὸν
2378 5527 2452 5591 ὡς
2504 5531 2657 5596 ἰσχὺν
2684 5526 2912 5595 ἐχόντων
2941 5527 3046 5577 τῶν
3092 5526 3488 5596 εἰδώλωνπΚαί
3517 5540 3683 5593 φησιν
3715 5523 3798 5576 ὅτι
3826 5523 3922 5593 οὐχ
3949 5524 4023 5586 ὡς

786 5595 1104 5666 δυναμένων
1136 5599 1332 5665 βλάψαι
1364 5599 1395 5666 ἦ
1423 5598 1702 5665 ὠφελῆσαι
1732 5601 1840 5649 τῶν
1873 5599 2127 5662 εἰδώλων,
2173 5601 2373 5664 απάγω
2417 5617 2473 5650 το

2335 5617 2373 5650 ω
2417 5595 2619 5650 τούτων
2671 5599 2812 5664 ὑμᾶς
2859 5615 2929 5651 III.
2969 5598 3051 5649 Sit
3081 5598 3302 5665 aliquid.
3350 5595 3604 5658 Timebat,
3656 5610 3720 5648 ne
3747 5599 3869 5666 plurc
3909 5613 4022 5649 eum

792 5665 984 5731 mm,
1021 5679 1288 5734 putarent,
1312 5665 1469 5735 quasi
1496 5672 1654 5720 idolis
1683 5672 1755 5720 vis
1780 5670 1957 5734 aliqua
1983 5672 2169 5721 inesset
2204 5685 2220 5721 :
2257 5675 2390 5721 unde
2421 5671 2536 5720 ait:
2572 5667 2692 5720 Non
2737 5685 2857 5734 quia
2891 5667 2983 5717 illa
3017 5669 3193 5720 obesse
3216 5668 3433 5731 possint,
3487 5677 3578 5718 aut
3622 5665 3891 5730 prodesse,
3938 5667 4023 5715 id-

786 5754 923 5791 cltco
956 5744 1016 5791 ab
1049 5740 1112 5791 iis
1139 5755 1225 5791 vos
1258 5740 1482 5789 abduco.

793 5810 838 5839 "
870 5813 962 5863 επὶ
998 5826 1051 5863 o.
1129 5809 1173 5841 ⁸⁸
1200 5807 1315 5861 ἀλλ’
1355 5809 1413 5859 οὐ
1444 5809 1621 5864 πάντα
1640 5808 1928 5879 συμφέρει.

1561 5738 1605 5768 ³³
1636 5738 1904 5810 ἔϐλαπτες
1938 5741 2154 5810 ἐκείνην
2194 5742 2225 5809 ἢ
2261 5740 2490 5807 ὠφέλεις
2527 5755 2576 5791 0.

2683 5739 2747 5769 ³³·
2790 5738 3110 5807 δεσποτικῆς
3148 5754 3197 5792 ο.
3307 5738 3350 5768 ³⁸
3394 5738 3802 5806 ἀναμιμνήσκει
3865 5737 3921 5788 δὲ
3972 5749 4003 5789 0
