4272 6448
267 440 377 503 693

1058 426 1465 491 EXPOSITIO
1502 428 1586 489 IN
1616 426 1855 488 EPIST.
1902 426 1930 484 Ι
1970 425 2070 485 AD
2109 425 2277 485 COR.
2319 447 2385 461 -τ
2413 424 2567 485 CAP.
2610 424 2719 486 XI.

3439 423 3545 490 694

266 550 508 622 πομένου
542 548 741 621 μᾶλλον
766 545 846 609 εἰς
869 543 971 616 τὴν
1005 543 1262 616 μίμησιν.
1293 545 1355 597 Εἰ
1387 544 1495 614 γὰρ
1528 540 1658 610 ἐγὼ,
1690 541 1847 612 φησι,
1879 538 1928 598 Α

1879 538 1928 598 Α
1957 547 2113 608 putes
2148 536 2457 607 arrogantis
2479 550 2600 591 esse
2621 548 2955 602 sermonem,
2990 550 3178 591 verum
3204 536 3543 593 adhortantis

266 642 506 715 Χριστὸν
550 638 915 713 ἐμιμησάμην
956 638 1048 691 τὸν
1099 637 1596 707 καταφρονήσαντα
1625 634 1719 686 καὶ
1757 633 1857 701 τῆς

265 734 465 791 ἑαυτοῦ
514 733 659 805 ζωῆς
704 732 847 799 ὑπὲρ
896 730 990 783 τοῦ
1040 729 1204 799 ζῆσαι
1249 728 1431 799 ὑμᾶς,
1470 726 1619 793 πόσῳ
1656 724 1856 795 μᾶλλον

266 830 426 899 ὑμεῖς
451 828 579 898 ὲμὲς
600 827 673 882 O6
692 826 803 897 γὰρ
826 823 1083 878 τοσοῦτον
1107 822 1217 893 ἐγὼ
1242 822 1396 893 ὑμῶν
1420 820 1707 889 κρείττων,
1732 817 1856 870 ὅσον

266 925 479 987 ἐκεῖνος
519 921 677 993 ἐμοῦ,
710 924 738 978 6
768 920 989 975 πάντων
1025 916 1376 989 ἀσυγκρίτως
1407 913 1711 983 ὑπερέχων.

873 1145 1125 1199 ΚΕΦΛΛ.
1151 1143 1255 1198 IA'.

347 1305 365 1339 ι
418 1286 659 1342 Ἐπαινῶ
679 1285 738 1339 δὲ
767 1284 933 1355 ὑμᾶς,
975 1282 1216 1351 ἀδελφοὶ,
1250 1282 1331 1335 ὅτι
1379 1280 1557 1333 πάντα
1590 1298 1690 1350 μου
1758 1278 1857 1350 μέ-

273 1380 507 1450 μνησθε.
536 1398 554 1431 ι
589 1376 812 1448 Ἐπειδὴ
856 1377 948 1429 τὸν
995 1376 1123 1447 περὶ
1160 1375 1264 1428 τῶν
1294 1372 1659 1427 εἰδωλοθύτων
1698 1374 1857 1440 λόγον

266 1475 564 1543 ἀπήρτισε,
620 1472 741 1543 περὶ
800 1470 1058 1541 μεγάλων
1111 1470 1262 1531 ὄντα,
1296 1470 1390 1522 νῦν
1442 1467 1774 1536 κουφότερόν
1805 1485 1856 1519 τι

268 1564 579 1633 ἁμάρτημα
607 1560 939 1631 διορθοῦται.
964 1558 1135 1612 Εἵωθε
1161 1559 1269 1629 γὰρ
1288 1557 1496 1628 μεταξὺ
1514 1558 1620 1608 τῶν
1645 1555 1857 1625 βαρέων

266 1658 337 1708 τὰ
365 1656 679 1727 κουφότερα
709 1655 1087 1725 ἁμαρτήματα
1118 1654 1349 1706 τιθέναι.
1379 1653 1443 1704 Τί
1471 1652 1527 1703 δὲ
1560 1649 1718 1703 τοῦτο
1745 1644 1813 1720 ἦν
1839 1666 1854 1713 ;

266 1750 337 1800 Αἱ
374 1750 474 1818 μὲν
501 1749 760 1815 γυναῖκες
805 1746 1260 1801 ἀκατακάλυπτοι
1293 1746 1339 1776 ’⁵⁷
1374 1745 1467 1798 καὶ
1493 1744 1723 1815 ηὔχοντο
1763 1743 1856 1796 καὶ

267 1842 647 1913 προεφήτευον
690 1842 961 1912 (καὶγὰρ
1020 1842 1113 1894 καὶ
1167 1842 1424 1908 γυναῖκες
1483 1839 1855 1909 προεφήτευον

266 1934 413 2003 τίτε)
439 1952 453 1965 ·
489 1936 537 1987 οἱ
567 1934 622 1986 δὲ
648 1934 839 2005 ἄνδρες
863 1935 1100 2003 ἐκόμων,
1128 1932 1224 1986 ἃτε
1254 1933 1310 1985 ἐν
1335 1932 1623 2002 φιλοσοφίᾳ
1653 1928 1850 1999 διατρῖ-

265 2026 491 2092 ιιαντες,
520 2027 614 2081 καὶ
633 2028 721 2081 ὅτε
750 2026 1000 2098 ηὔχοντο,
1027 2027 1226 2081 καὶὸτε
1252 2027 1647 2097 προεφήτευον.
1669 2022 1855 2077 Ταῦτα

264 2115 326 2167 δὲ
372 2115 690 2185 Ἑλληνικοῦ
731 2116 897 2187 νόμου
947 2113 1109 2188 ἦσαν.
1161 2117 1314 2169 Ἐπεὶ
1347 2112 1438 2169 οὖν
1489 2114 1856 2184 περὶτούτων

267 2207 582 2278 παρῄνεσεν
632 2210 842 2275 αὐτοῖς,
892 2210 1021 2272 ἴσως
1051 2210 1140 2262 ὅτε
1191 2210 1397 2280 παρῆν,
1426 2208 1484 2275 ἐξ
1516 2209 1694 2261 αὐτῶν
1726 2209 1781 2261 δὲ
1807 2211 1855 2261 οἱ

269 2299 372 2369 μὲν
411 2300 732 2370 ὑπήκουσαν
754 2343 769 2365 ,
805 2302 852 2353 οἱ
904 2300 960 2353 δὲ
989 2301 1300 2371 ἠπείθησαν
1326 2316 1338 2329 ·
1399 2302 1533 2370 φησὶ
1588 2300 1717 2372 περὶ
1748 2298 1856 2352 τῶν

268 2392 656 2445 ὑπακουόντων
683 2394 749 2459 ⁸⁸,
780 2394 863 2446 ὅτι
894 2412 911 2444 ι
966 2392 1206 2446 Ἐπαινῶ
1238 2393 1403 2463 ὑμᾶς,
1436 2394 1515 2445 ὅτι
1548 2396 1724 2445 πάντα
1752 2409 1853 2462 μου

270 2481 579 2553 μέμνησθε.
628 2503 646 2534 ι
695 2485 890 2538 Καίτοι
935 2484 1088 2556 γεοέν
1122 2480 1189 2555 ἦν
1229 2483 1408 2550 τοῦτο,
1464 2486 1592 2555 περὶ
1645 2484 1738 2537 τοῦ
1780 2484 1856 2555 μὴ

266 2574 447 2644 κομᾷν
500 2576 619 2628 τοῦ(
670 2574 901 2646 ἄνδρας⁶
952 2575 1067 2635 ἀλλ’
1100 2576 1246 2646 ὅμως
1295 2576 1480 2641 αὐτὸς,
1514 2596 1531 2627 ι
1584 2576 1792 2641 Πάντα,
1831 2597 1847 2627 ι

266 2668 427 2735 φησι,
463 2686 480 2717 ι
528 2668 812 2737 μέμνησθέ
848 2686 971 2739 μου.
1008 2687 1027 2719 ι
1070 2668 1179 2721 Ἀεὶ
1214 2668 1321 2737 γὰρ
1355 2669 1513 2722 εἴωθε
1551 2670 1727 2736 σοφῶς
1757 2688 1847 2739 μα-

264 2759 487 2813 λάττειν
512 2764 626 2825 τοῖς
661 2762 910 2827 ἐπαίνοις
948 2763 1077 2825 τοὺς
1120 2761 1230 2815 ἀπὸ
1260 2762 1467 2815 τούτων
1497 2761 1852 2831 βελτιωθῆναι

266 2854 781 2926 προσδοκωμένους.

345 3140 366 3173 ι
404 3121 515 3176 Καὶ
544 3119 727 3184 καθὼς
755 3122 1049 3192 παρέδωκα
1084 3122 1234 3191 ὑμῖν,
1271 3122 1369 3184 τὰς
1396 3121 1724 3191 παραδόσεις
1760 3139 1854 3173 κα-

1963 633 2141 701 potius
2167 631 2232 683 ad
2259 629 2633 683 imitationem.
2655 627 2711 683 Si
2739 628 2882 682 enim
2903 642 3021 698 ego,
3046 628 3239 699 inquit,
3267 628 3545 684 Christum

1964 723 2204 777 imitatus
2245 737 2389 783 sum,
2431 722 2522 790 qui
2553 720 2718 774 vitam
2767 736 2920 776 suam
2968 720 3318 790 contempsit,
3360 730 3418 774 ut
3447 734 3545 775 nos

1964 817 2231 881 vivamus,
2245 825 2451 884 quanto
2470 815 2648 883 potius
2666 828 2760 868 vos
2773 828 2859 868 me
2879 812 3250 869 imitabimini.
3267 812 3379 868 Non
3397 813 3542 869 enim

1963 923 2060 980 ego
2091 915 2241 963 tanto
2288 923 2405 961 sum
2458 906 2652 961 melior
2715 904 2901 972 vobis,
2943 916 3145 973 quanto
3187 905 3275 962 ille
3302 918 3407 971 me,
3452 905 3545 975 qui

1962 1016 2154 1059 omnes
2182 998 2686 1069 incomparabiliter
2727 997 3026 1052 antecellit.

2566 1132 2794 1191 CAPUT
2840 1134 2930 1188 Χῐ.

2032 1271 2201 1326 Vens.
2248 1270 2301 1323 1.
2339 1288 2357 1320 ι
2396 1267 2585 1322 Laudo
2632 1277 2813 1323 autem
2845 1281 2962 1334 vos,
3008 1266 3228 1332 fratres,
3273 1267 3416 1337 quod
3452 1282 3547 1337 per

1961 1364 2141 1420 omnia
2169 1362 2273 1418 mei
2310 1376 2581 1417 memores
2608 1362 2761 1416 estis.
2796 1380 2813 1411 ι
2848 1360 3110 1415 Absoluto
3138 1360 3205 1416 de
3230 1360 3546 1432 idolothytis

1961 1472 2232 1522 sermone,
2288 1455 2489 1525 quippe
2535 1455 2625 1524 qui
2656 1454 2724 1509 de
2766 1454 2977 1523 magnis
3024 1463 3164 1521 erat,
3204 1470 3347 1508 nunc
3374 1454 3548 1507 levius

1960 1551 2227 1623 quoddam
2260 1559 2541 1618 peccatum
2572 1548 2733 1618 185
2759 1549 3009 1617 corrigit.
3030 1548 3163 1603 Nam
3185 1548 3328 1603 inter
3352 1549 3545 1601 delicta

1960 1643 2233 1713 graviora,
2271 1641 2474 1696 leviora
2508 1642 2778 1696 collocare
2814 1640 2969 1696 solet.
3008 1641 3147 1707 Quid
3183 1650 3365 1695 autem
3403 1640 3545 1694 istud

1960 1735 2086 1790 fiet?
2108 1734 2347 1790 Feminae
2383 1732 2599 1803 quidem
2634 1748 2742 1789 non
2773 1732 2951 1788 velato
2982 1734 3161 1804 capite
3199 1733 3447 1797 orabant,
3482 1748 3545 1786 ac

1960 1826 2398 1880 vaticinabantur
2425 1825 2573 1895 (nam
2602 1826 2890 1881 etfeminae
2923 1836 3049 1879 tunc
3078 1824 3375 1896 prophetiae
3404 1825 3546 1879 dono

1962 1920 2124 1974 clarae
2159 1918 2361 1989 erant),
2397 1917 2496 1971 viri
2540 1927 2743 1982 autem,
2779 1919 2976 1988 quippe
2997 1918 3087 1986 qui
3121 1917 3173 1973 in
3206 1916 3545 1987 philosophia

1961 2012 2160 2066 versati
2213 2016 2432 2074 essent,
2479 2024 2691 2065 comam
2754 2009 3106 2072 nutriebant,
3160 2024 3282 2063 cum
3331 2010 3547 2076 quando

1959 2114 2199 2168 orarent,
2227 2112 2340 2157 tum
2364 2104 2581 2170 quando
2603 2103 3016 2172 proplietarent.
3044 2101 3171 2157 Haec
3193 2116 3323 2156 vero
3346 2101 3547 2157 Cratere

1960 2196 2367 2252 consuetudinis
2419 2204 2600 2250 erant.
2632 2193 2769 2260 Quia
2813 2194 2981 2262 igitur
3011 2194 3077 2249 de
3126 2194 3277 2249 hisce
3312 2209 3408 2249 eos
3446 2196 3546 2248 ad-

1960 2300 2266 2355 monuerat,
2320 2289 2503 2345 forsan
2540 2303 2665 2343 cum
2701 2296 2901 2357 pratsto
2948 2296 3114 2352 esset,
3154 2296 3319 2356 atque
3352 2303 3543 2342 eorum

1959 2380 2177 2450 quidam
2220 2380 2310 2434 alii
2342 2380 2877 2448 obtemperaverant,
2916 2376 3008 2432 alii
3040 2392 3170 2433 vero
3199 2392 3304 2431 non
3339 2379 3548 2432 obtem-

1960 2481 2283 2541 peraverant
2309 2489 2323 2539 ;
2351 2473 2418 2527 de
2450 2471 2828 2527 obedientihus
2870 2470 3079 2540 inquit,
3136 2490 3153 2522 ι
3198 2469 3384 2524 Laudo
3424 2485 3545 2533 vos,

1959 2565 2102 2634 quod
2133 2579 2230 2633 per
2266 2564 2446 2618 omnia
2481 2563 2585 2617 mei
2629 2576 2901 2618 memores
2945 2564 3096 2617 estis.
3147 2580 3165 2614 ι
3202 2559 3363 2630 Atqui
3406 2562 3548 2615 inter

1958 2668 2152 2712 caatera
2196 2658 2336 2711 istuc
2367 2671 2534 2709 unum
2588 2663 2727 2721 erat,
2768 2656 2834 2710 de
2876 2670 3033 2709 coma
3091 2668 3196 2710 non
3254 2655 3544 2708 nutrienda

1957 2763 2053 2817 per
2078 2747 2255 2812 viros;
2296 2746 2409 2815 ipse
2442 2758 2621 2800 tamen
2662 2763 2680 2797 ι
2718 2745 2823 2799 Per
2850 2746 3056 2809 omnia,
3098 2763 3117 2797 ι
3152 2744 3349 2814 inquit,
3386 2763 3405 2796 ι
3443 2745 3546 2799 ιιιοί

1958 2836 2303 2891 meministis.
2347 2854 2366 2888 ι
2408 2835 2638 2903 Semper
2663 2837 2807 2889 enim
2847 2835 3122 2905 sapienter
3144 2835 3428 2907 praeconiis
3453 2849 3548 2890 eos

1959 2930 2127 2984 lenire
2167 2928 2323 2993 solet,
2353 2929 2418 2982 de
2450 2927 2648 2996 quibus
2675 2942 2800 2997 spes
2832 2936 2935 2993 est,
2974 2927 3118 2998 quod
3155 2942 3251 2998 per
3283 2927 3384 2982 ista
3418 2942 3549 2997 pos-

1960 3024 2068 3077 sint
2098 3025 2150 3075 in
2190 3022 2467 3077 meliorem
2503 3028 2703 3076 statum
2733 3021 2929 3090 redigi.

2032 3112 2197 3169 Vens.
2244 3112 2295 3166 9..
2335 3132 2352 3163 ‹
2391 3111 2860 3179 Quemadmodum
2899 3113 3098 3168 tradidi
3151 3115 3327 3179 vobis,
3375 3115 3548 3169 tradi-

264 3213 480 3281 τέχετε.
524 3230 541 3262 ι
573 3210 859 3265 Ἐντεῦθεν
907 3211 1089 3279 δῆλον,
1123 3212 1205 3265 ὅτι
1247 3214 1340 3266 καὶ
1382 3212 1643 3283 ἀγράφως
1683 3212 1851 3265 πολλὰ
1882 3232 1923 3289 c

1882 3232 1923 3289 (χ
1959 3210 2134 3263 tiones
2161 3208 2453 3264 continetis
2485 3226 2503 3258 ι
2542 3206 2678 3262 Hinc
2716 3207 3056 3277 perspicuum
3091 3206 3172 3271 tit,
3205 3209 3350 3275 quod
3391 3207 3545 3261 haud

268 3306 554 3377 παρέδωκε
585 3305 681 3359 καὶ
711 3306 873 3369 αὐτὸς
915 3307 1010 3359 καὶ
1040 3310 1087 3361 οἱ
1118 3307 1295 3360 λοιποὶ
1321 3307 1632 3365 ἀπόστολοι,

413 3484 565 3539 Θέλω
600 3483 655 3538 δὲ
690 3486 836 3556 ὑμᾶς
879 3485 1103 3550 εἰδέναι,
1132 3486 1214 3538 ὅτι
1242 3485 1441 3548 παντὸς
1473 3486 1663 3555 ἀνδρὸς
1696 3489 1728 3555 ἡ
1761 3504 1845 3539 κε-

267 3580 415 3652 φαλὴ
444 3584 470 3633 6
495 3580 730 3650 Χριστός
763 3581 899 3636 ἐστι.
936 3600 954 3631 ι
988 3581 1147 3632 Δοκεῖ
1179 3580 1301 3649 μὲν,
1336 3582 1459 3632 ὅσον
1494 3581 1553 3632 ὲκ
1586 3581 1685 3648 τῆς
1724 3580 1852 3631 ἀκο-

265 3672 489 3736 λουθίας
544 3673 890 3742 διαλέγεσθαι
942 3673 1078 3743 πρὸς
1124 3673 1248 3735 τοὺς
1286 3673 1376 3725 ὑπ’
1405 3673 1568 3725 αὑτοῦ
1600 3674 1850 3724 ἐπαινου-

270 3763 469 3833 μένους
496 3764 587 3817 ἐπὶ
610 3764 687 3834 τῷ
722 3764 975 3833 κατέχειν
1007 3762 1107 3825 τὰς
1139 3763 1470 3833 παραδόσεις
1492 3780 1507 3795 ο
1534 3766 1600 3833 τῇ
1627 3763 1851 3834 ἀληθείᾳ

264 3856 346 3917 δὲ,
384 3856 511 3919 τοὺς
544 3856 950 3926 ἀπειθήσαντας
983 3855 1312 3925 διορθοῦται.
1347 3857 1554 3920 Παντὸς
1583 3858 1637 3909 δὲ
1660 3858 1851 3926 ἀνδρὸς

266 3949 504 4014 ἁκούων,
535 3948 630 4001 τοῦ
658 3948 850 4002 πιστοῦ
890 3948 1000 4001 νόει
1029 3949 1274 4019 κεφαλὴν
1306 3946 1446 4002 εἶναι
1475 3951 1564 4003 τὸν
1588 3951 1845 4021 Χριστόν.

266 4041 333 4093 Οἱ
363 4040 471 4111 γὰρ
498 4041 677 4093 πιστοί
706 4043 873 4110 ἐσμεν
907 4040 1066 4111 σῶμα
1090 4040 1277 4105 αὑτοῦ,
1310 4042 1429 4112 οὐχὶ
1456 4044 1549 4095 καὶ
1574 4045 1619 4095 οἱ
1647 4043 1849 4113 ’Ἑλλη-

267 4151 388 4198 νεςο
430 4134 571 4187 ὥστε
602 4135 724 4187 οὐδὲ
758 4133 972 4204 κεφαλὴ
999 4132 1220 4190 ἐκείνων
1250 4136 1277 4186 ὁ
1310 4135 1562 4202 Χριστός.

346 4334 365 4367 ‹
406 4314 633 4386 Κεφαλὴ
659 4314 714 4366 δὲ
741 4314 1000 4382 γυναικὸς
1031 4315 1058 4367 6
1082 4313 1220 4383 ἀνήρ
1242 4329 1257 4344 ⁸
1295 4312 1505 4381 κεφαλὴ
1531 4312 1586 4365 δὲ
1610 4309 1847 4383 Χριστοῦ

264 4405 469 4467 ὁθεός.
509 4423 528 4457 ι
558 4404 781 4474 Κεφαλὴ
814 4406 1072 4471 γυναικὸς
1099 4406 1127 4457 6
1159 4403 1318 4474 ἀνὴρ.
1350 4403 1437 4456 διὰ
1463 4403 1523 4455 τὸ
1554 4403 1848 4472 κατάρχειν

265 4497 440 4564 αὐτῆς
465 4514 478 4527 ·
511 4495 746 4566 Χριστοῦ
764 4495 821 4549 δὲ
853 4495 1062 4565 κεφαλὴ
1079 4497 1106 4548 6
1130 4495 1280 4559 Θεὸς,
1310 4495 1398 4548 διὰ
1422 4493 1483 4547 τὺ
1511 4493 1682 4555 αἴτιος
1708 4489 1846 4547 εἶναι

1958 3316 2124 3369 pauca
2176 3301 2295 3355 sine
2341 3300 2561 3369 scriptis
2612 3301 2942 3356 tradiderint
2981 3308 3036 3356 et
3083 3301 3201 3369 ipse
3242 3309 3296 3354 et
3343 3299 3543 3370 reliqui

1957 3391 2206 3459 apostoli.

2027 3482 2192 3538 Vens.
2224 3484 2277 3538 '5.
2319 3502 2336 3534 ι
2377 3484 2508 3538 Volo
2543 3494 2723 3538 autem
2756 3498 2849 3539 vos
2877 3483 3038 3550 scire,
3074 3484 3215 3553 quod
3252 3484 3545 3552 cujuslibet

1956 3576 2054 3629 viri
2092 3586 2272 3645 caput,
2300 3576 2548 3630 Christus
2580 3585 2681 3631 est.
2720 3595 2738 3627 ι
2768 3574 2997 3631 Videtur
3026 3577 3244 3645 quidem
3275 3586 3541 3647 quantum

1954 3684 1981 3721 a
2015 3668 2302 3723 verborum
2355 3670 2744 3737 consequentia
2796 3669 3090 3739 colligitur,
3136 3668 3202 3722 ad
3240 3684 3334 3724 eos
3379 3670 3546 3724 verba

1956 3758 2156 3823 facere,
2199 3774 2333 3827 quos
2363 3774 2428 3815 eo
2454 3761 2715 3825 laudavit,
2749 3760 2891 3830 quod
2922 3771 3188 3831 przecepta
3224 3761 3341 3815 sive
3377 3762 3547 3817 tradi-

1958 3852 2131 3905 tiones
2198 3852 2585 3910 observasscnt
2632 3868 2871 3908 :revera
2931 3861 3110 3907 autem
3170 3856 3546 3925 immorigeros

1954 3943 2196 4013 corrigit.
2226 3943 2359 3998 Cum
2388 3959 2516 4000 vero
2563 3945 2853 4015 cujuslibet
2896 3945 2998 3998 viri
3033 3954 3195 4014 caput
3224 3960 3345 4000 esse
3386 3942 3547 4000 Chri4

1951 4047 2092 4091 stum
2133 4037 2309 4101 audis,
2340 4038 2405 4092 de
2448 4037 2592 4093 fideli
2649 4038 2793 4092 istuc
2843 4038 3137 4107 intelligas.
3185 4038 3318 4092 Nam
3356 4038 3543 4094 ﬁdeles

1952 4144 2051 4184 nos
2077 4144 2269 4183 sumus
2291 4144 2489 4199 corpus
2529 4131 2737 4200 ipsius;
2782 4146 2890 4186 non
2928 4140 3109 4185 autem
3140 4130 3314 4187 Graeci
3353 4132 3544 4188 intide-

1954 4220 2034 4275 les
2063 4239 2073 4272 :
2103 4234 2272 4290 quare
2305 4236 2405 4276 nec
2434 4231 2595 4290 caput
2630 4221 2843 4275 illorum
2877 4222 3147 4277 Christus.

2030 4330 2048 4363 ‹
2084 4311 2263 4379 Caput
2310 4320 2492 4367 autem
2530 4312 2772 4367 mulieris
2816 4313 2931 4380 vir;
2965 4321 3128 4383 caput
3173 4329 3306 4369 vero
3334 4316 3538 4384 Christi

1954 4403 2119 4457 Deus.
2161 4423 2179 4454 ι
2221 4403 2399 4473 Caput
2441 4406 2627 4459 uxoris
2667 4405 2897 4460 maritus
2933 4416 3036 4471 est,
3072 4416 3356 4475 propterea
3398 4414 3539 4478 quod

1952 4496 2259 4551 dominetur
2286 4496 2339 4550 in
2373 4511 2491 4551 eam
2529 4515 2541 4549 :
2576 4496 2789 4551 Christi
2838 4514 2967 4553 vero
2998 4508 3160 4568 caput
3199 4498 3361 4567 Deus,
3396 4505 3538 4571 quod

266 4586 456 4651 αὐτοῦ,
488 4585 564 4647 ὡς
594 4584 781 4656 Πατὴρ
810 4584 964 4640 Υἱοῦ.
995 4586 1069 4638 Οὐ
1110 4585 1192 4637 δεῖ
1223 4585 1332 4656 γὰρ
1356 4585 1423 4638 τά
1449 4584 1578 4655 περὶ
1610 4584 1853 4654 κεφαλῆς
1886 4580 1931 4636 D

1849 4604 1853 4641 τ
1886 4580 1931 4636 Β
1957 4588 2027 4644 sit
2058 4588 2174 4657 ejus
2221 4603 2407 4653 causa,
2441 4598 2502 4643 ut
2528 4588 2689 4643 Pater
2725 4590 2870 4645 Filii.
2901 4590 3018 4645 Non
3049 4602 3265 4661 oportet
3295 4593 3438 4647 enim
3477 4609 3536 4649 ea

264 4679 534 4749 εἰρημένα
564 4678 766 4748 ὁμοίως
796 4677 890 4731 καὶ
922 4678 1015 4731 ἐπὶ
1040 4677 1279 4748 Χριστοῦ
1310 4678 1678 4748 ἐκλαμϐάνειν
1703 4694 1715 4709 ·
1739 4677 1857 4730 ἀλλ’

263 4772 426 4841 ἡμῶν
473 4771 571 4841 μὲν
622 4771 832 4841 κεφαλὴ
865 4772 892 4824 6
922 4772 1179 4842 Χριστὸς,
1228 4772 1323 4825 καὶ
1364 4772 1439 4836 ὡς
1484 4773 1848 4844 Δημιουργδς,

267 4864 362 4914 καὶ
403 4862 478 4924 ὠς
523 4863 778 4933 σώματος
827 4865 991 4917 αὐτοῦ
1049 4864 1221 4918 ὄντων
1263 4864 1455 4935 ἡμῶν
1485 4865 1592 4918 ὁδὲ
1641 4865 1849 4936 Πατὴρ,

266 4950 505 5021 Χριστοῦ
557 4954 791 5024 κεφαλὴ,
823 4954 900 5018 ὡς
948 4954 1119 5017 αἴτιος
1172 4955 1359 5009 αὑτοῦ.
1404 4958 1464 5009 Εἰ
1489 4956 1544 5009 δὲ
1575 4956 1667 5009 καὶ
1710 4957 1853 5011 κατά

268 5045 612 5115 ἀνθρώπινον
645 5046 893 5109 ὲκλάϐοις
915 5046 1087 5110 οὕτως
1112 5046 1364 5118 εξρῆσθαι
1396 5049 1485 5102 τὸν
1514 5051 1729 5120 Πατέρα
1754 5051 1848 5103 τοῦ

268 5135 511 5207 Χριστοῦ
562 5138 842 5207 κεφαλὴν,
894 5137 1084 5207 ὥσπερ
1131 5140 1293 5202 αὐτὸς
1323 5142 1349 5193 6
1383 5141 1617 5212 Χριστὶς
1654 5143 1848 5213 ἐλέχθη

266 5227 426 5297 ἡμῶν
457 5228 689 5299 κεφαλὴ,
724 5228 875 5282 οὐδὲν
906 5229 1131 5295 ἀσεϐές·
1166 5231 1287 5284 ἐπεὶ
1318 5234 1411 5284 καὶ
1440 5233 1570 5296 Θεὸς
1597 5235 1625 5285 6
1659 5235 1846 5305 Πατὴρ

266 5320 492 5386 λέγεται
517 5318 608 5371 τοῦ
639 5319 877 5390 Χριστοῦ
909 5321 1051 5374 κατὰ
1077 5323 1138 5375 τὸ
1168 5323 1526 5393 ἀνθρώπινον.
1565 5326 1716 5377 Ἐπεὶ
1740 5326 1848 5397 γὰρ

268 5411 405 5479 ἡμῖν
432 5409 748 5479 ὡμοιῶσθαι
779 5412 823 5442 ’⁸⁸
860 5411 1217 5477 κατεδέξατο,
1267 5415 1361 5466 καὶ
1410 5414 1640 5482 ἁδελφὸς
1689 5416 1846 5485 ἡμῶν

271 5500 611 5572 ἐχρημάτισε
663 5501 758 5555 καὶ
792 5503 1025 5573 κεφαλὴ,
1060 5504 1213 5557 οὐδὲν
1244 5504 1431 5558 καινὸν
1458 5508 1505 5558 εἰ
1536 5508 1629 5559 καὶ
1657 5508 1724 5561 τὰ
1750 5509 1848 5574 τῆς

270 5590 658 5657 ταπεινώσεως
687 5593 929 5662 ὀνόματα
974 5594 1331 5665 καταδέχεται
1365 5596 1431 5663 5‘,
1461 5596 1557 5649 καὶ
1579 5597 1670 5650 τὸν
1708 5599 1849 5651 κατά

1964 4696 2082 4749 qure
2111 4681 2178 4735 de
2214 4680 2392 4747 capite
2428 4681 2567 4734 dicta
2602 4691 2746 4747 sunt,
2776 4697 2840 4736 ex
2872 4697 3027 4752 teque
3052 4685 3116 4737 de
3139 4682 3357 4739 Christo
3383 4684 3541 4739 intel-

1960 4772 2126 4842 ligere
2159 4792 2171 4828 :
2206 4788 2390 4826 verum
2427 4783 2669 4827 nostrum
2707 4774 2923 4843 quidem
2966 4784 3128 4844 caput
3159 4786 3242 4829 est
3268 4776 3536 4842 Christus,

1947 4877 2002 4921 Cl
2045 4877 2313 4937 quatenus
2364 4876 2451 4919 est
2500 4875 2717 4921 creator
2769 4876 2984 4933 noster,
3036 4876 3091 4922 et
3137 4877 3403 4937 quatenus
3438 4886 3540 4925 nos

1953 4974 2144 5015 sumus
2174 4957 2346 5026 ipsius
2365 4973 2585 5027 corpus.
2616 4958 2819 5013 Christi
2844 4968 3022 5014 autem
3058 4973 3218 5030 caput
3247 4961 3406 5015 Pater
3435 4974 3538 5025 ρει,

1955 5066 2050 5106 ceu
2071 5064 2232 5104 causa
2259 5049 2454 5118 ipsius.
2478 5049 2571 5103 Sin
2592 5050 2741 5118 juxta
2769 5051 3163 5107 humanitatem
3184 5053 3423 5122 accipias
3457 5056 3537 5109 sie

1957 5145 2160 5197 dictum
2196 5157 2317 5197 esse
2342 5142 2555 5197 Patrem
2579 5144 2788 5198 Christi
2821 5154 3002 5215 caput,
3040 5147 3265 5215 perinde
3293 5162 3356 5201 ac
3382 5148 3540 5202 Chri-

1957 5244 2072 5288 stus
2137 5236 2313 5289 dictus
2366 5243 2447 5289 est
2495 5245 2658 5305 caput
2716 5247 2998 5302 nostrum,
3059 5238 3195 5292 nihil
3246 5238 3537 5308 impietatis

1961 5326 2204 5380 admittis
2242 5345 2253 5378 :
2302 5327 2783 5397 quandoquidem,
2834 5340 2886 5384 et
2929 5329 3073 5385 Deus
3125 5330 3286 5385 Pater
3333 5330 3534 5385 Christi

1959 5417 2158 5472 dicitur
2202 5420 2496 5474 secundum
2549 5422 2969 5476 humanitatem.
3013 5423 3148 5490 Quia
3197 5425 3342 5477 enim
3380 5424 3535 5478 nobis

1960 5512 2251 5566 assimilari
2294 5512 2549 5583 dignatus
2593 5522 2704 5578 est,
2738 5523 2790 5568 et
2821 5513 2994 5570 frater
3042 5524 3245 5581 noster,
3285 5526 3340 5571 et
3369 5527 3532 5585 caput

1962 5613 2207 5658 nostrum
2247 5605 2438 5670 audiit,
2466 5605 2814 5662 nihilnovum
2850 5617 2958 5676 est,
2994 5609 3037 5665 si
3061 5608 3530 5665 ethumiliatiouis

1601 5751 1799 5812 Varia)
1840 5749 2167 5816 lectiones.

341 5876 391 5915 ⁸⁷
446 5874 927 5940 ἀκατακαλύπτως
983 5892 1035 5936 o.
1119 5875 1159 5910 ιδ
1204 5876 1639 5933 ὑπακουσάντων
1677 5893 1725 5932 o.

1810 5880 1851 5915 ⁸⁷⁸
1892 5878 2223 5950 ὁμοιωθῆναι
2262 5897 2309 5938 0.

2395 5884 2438 5915 ³ο
2468 5882 2788 5952 ἀναδέχεται
2818 5900 2870 5937 o.
