4272 6448
782 390 892 454 699

1689 390 2262 455 THEOPHYLACTI
2302 393 2713 457 BULGARI/E
2752 400 3103 464 ARCHIEP.

3940 410 4065 478 730

788 525 900 565 rem
957 520 1024 562 ex
1050 507 1164 576 ipso
1184 508 1347 578 188
1370 522 1509 564 esse.
1550 509 1642 563 Vir
1668 518 1847 563 autem
1904 519 1988 563 est
2037 526 2132 578 per
2177 510 2361 563 mulie-
2390 514 2475 568 A1

2390 514 2432 568 Α
2462 510 2522 562 τὸ
2552 511 2611 574 ἐξ
2647 512 2812 566 αὐτοῦ
2857 511 2997 569 εἶναι
3043 515 3141 587 τὴν
3178 518 3455 585 ’γυναῖκ’
3486 522 3513 574 ὁ
3540 520 3597 575 δὲ
3636 522 3777 593 ἀνὴρ
3823 524 3910 579 διὰ
3948 528 4061 593 τῆς

789 620 926 667 rem,
970 601 1022 654 id
1062 610 1163 664 est,
1209 602 1402 655 mulier
1431 610 1511 655 est
1552 601 1795 654 ministra
1824 602 2156 669 generationi
2186 602 2359 655 homi-

790 697 909 752 nis:
944 695 1118 765 potior
1164 705 1340 749 autem
1372 694 1613 761 operatio
1656 694 1879 747 seminis
1917 700 2019 758 est,
2053 694 2125 745 ita
2178 703 2234 747 ut
2278 693 2360 747 vir

792 802 901 839 non
957 787 1175 855 proprie
1228 788 1436 839 dicatur
1461 798 1526 837 ex
1573 783 1769 837 femina
1817 799 1957 850 esse,
1992 786 2083 837 sed
2111 800 2175 838 ex
2205 795 2359 853 patre

789 894 886 932 suo
922 894 1016 948 per
1052 879 1353 941 mulierem,
1383 885 1441 930 ut
1478 892 1598 945 quae
1644 875 1806 930 fuerit
1836 878 2079 930 ministra
2114 875 2178 929 ad
2201 890 2359 944 gene-

788 973 1071 1024 rationem.
1111 968 1184 1021 De
1232 968 1456 1024 Dotnino
1498 980 1675 1021 autem
1727 968 1922 1021 Paulus
1960 982 2064 1022 non
2093 967 2170 1023 sic
2204 968 2358 1032 dixit,

787 1066 878 1118 sed
931 1060 1123 1116 Natum
1168 1078 1234 1116 ex
1293 1060 1514 1114 muliere
1563 1060 1658 1114 ait.
1707 1058 1891 1111 Metuit
1923 1059 2067 1112 enim
2114 1058 2187 1111 uti
2224 1072 2361 1125 pra:-

785 1157 1048 1227 positione
1078 1174 1096 1206 ‹
1132 1156 1265 1220 Per,
1304 1172 1321 1203 ι
1367 1168 1432 1206 ne
1464 1152 1637 1206 locum
1664 1152 1819 1205 daret
1848 1150 2113 1205 luereticis
2150 1148 2357 1204 calum-

786 1249 1012 1311 niandi,
1064 1246 1202 1314 quod
1247 1260 1342 1315 per
1396 1245 1697 1313 virginem,
1750 1248 1900 1309 quasi
1945 1256 2041 1311 per
2093 1240 2359 1306 canalem,

791 1338 1064 1391 transierit
1104 1356 1115 1389 :
1154 1337 1240 1390 vel
1295 1336 1436 1405 quod
1498 1336 1614 1388 sine
1671 1335 1771 1388 viri
1827 1348 2144 1401 congressu,
2193 1333 2361 1387 solius

788 1433 955 1501 ipsius
986 1433 1119 1486 uteri
1159 1431 1363 1485 fructus
1390 1430 1527 1484 ei'at.

863 1635 882 1667 ς
919 1614 1108 1670 Omnia
1139 1623 1317 1667 auiem
1349 1626 1413 1666 ex
1448 1610 1576 1665 Deo.
1617 1630 1635 1661 ι
1670 1610 1787 1664 Non
1832 1608 1957 1672 viri,
2001 1608 2190 1676 inquit.
2217 1606 2361 1663 istud

786 1723 920 1775 opus
952 1716 1050 1770 est,
1081 1705 1171 1758 sed
1210 1704 1324 1759 Dei.
1356 1703 1505 1770 Quod
1544 1704 1589 1757 si
1620 1702 1797 1755 omnia
1818 1700 1904 1754 Dei
1936 1699 2173 1768 potentia
2210 1701 2359 1764 liant,

789 1803 1008 1870 ipseque
1060 1802 1328 1854 ordinavit
1396 1800 1627 1850 virorum
1673 1805 1729 1851 et
1766 1796 2051 1850 mulierum
2077 1809 2187 1859 res,
2254 1796 2361 1851 noli

782 1892 1175 1957 contradicere,
1208 1890 1299 1943 sed
1333 1890 1664 1957 obtempera.

857 2068 1023 2122 Vens.
1080 2069 1166 2121 l5.
1230 2085 1247 2117 ι
1286 2066 1430 2119 Inter
1456 2080 1551 2118 vos
1585 2066 1727 2132 ipsos
1766 2063 2025 2132 jndicate.
2067 2082 2085 2114 ι
2125 2064 2358 2117 Rursum

787 2177 881 2217 eos
917 2161 1126 2229 iudices
1168 2159 1472 2222 constituit,
1517 2156 1730 2211 abunde
1762 2168 1815 2210 et
1870 2156 2087 2225 copiose
2116 2166 2360 2210 astruens

787 2255 928 2325 quod
967 2254 1115 2308 velit.

862 2368 883 2403 ι
930 2350 1088 2403 Decet
1139 2349 1411 2401 mulierem
1456 2361 1561 2399 non
1620 2346 1848 2399 velatam
1892 2360 2049 2400 orare
2092 2344 2353 2397 Deum?»

789 2441 886 2495 llic
928 2440 1178 2510 quiddam
1234 2439 1546 2493 horribilius
1607 2438 1827 2501 indicat,
1883 2448 2075 2504 nempe
2128 2434 2269 2504 quod
2294 2433 2359 2485 ad

790 2537 957 2590 D‘um
1002 2534 1195 2603 injuria
1232 2541 1494 2586 recurrat.

870 2626 1031 2679 Vens.
1079 2625 1167 2687 H,
1204 2624 1292 2677 15.
1330 2643 1347 2675 ι
1375 2623 1561 2677 Nonne
1589 2632 1782 2676 natura
1810 2623 2027 2690 quidem
2066 2621 2176 2688 ipsa
2208 2621 2363 2675 docet

787 2728 903 2779 vos,
936 2713 1078 2782 quod
1109 2713 1191 2767 vir
1219 2714 1457 2781 quidem,
1488 2713 1532 2767 si
1565 2728 1771 2766 comam
1806 2714 2027 2775 nutriat,
2066 2711 2360 2778 ignominia

786 2817 868 2863 est
900 2808 971 2861 illi
1004 2826 1018 2861 :
1054 2808 1247 2861 mulier
1275 2816 1472 2869 autem,
1506 2806 1549 2860 si
1582 2820 1787 2859 comam
1819 2804 2044 2868 nutriat,
2084 2804 2252 2873 gloria
2280 2816 2364 2860 est

787 2898 1069 2954 illi?Nam
1100 2914 1253 2953 coma
1296 2913 1393 2966 pro
1429 2898 1695 2952 velamine
1718 2898 1765 2950 ei
1811 2897 1933 2949 data
1982 2906 2083 2951 est.
2135 2916 2153 2947 ι
2194 2896 2360 2963 Ecqui

786 3002 871 3046 est
907 2992 1197 3061 ignominia
1234 2992 1366 3054 viro,
1404 2992 1449 3045 si
1482 3004 1688 3043 comam
1712 2989 1905 3043 curet?
1943 2989 2075 3054 Quia
2125 2989 2365 3043 mulieris

790 3084 1033 3138 habitum
1076 3083 1321 3146 assumit,
1354 3096 1583 3150 cumque
1627 3082 1877 3149 princeps
1919 3082 2240 3137 constitutus
2272 3081 2361 3147 sit,

791 3176 1140 3242 sabjectionis
1165 3177 1375 3243 signum
1419 3174 1630 3243 recipit.
1663 3173 1867 3227 Mulieri
1889 3184 2065 3227 autem
2100 3188 2249 3227 coma
2285 3181 2366 3226 est

789 3269 993 3338 glorim,
1038 3269 1290 3336 quoniam
1332 3268 1605 3336 proprium
1660 3266 1900 3320 ordinem
1938 3274 2138 3319 servat.
2182 3264 2365 3320 Cuivis

790 3372 969 3415 autem
1002 3361 1055 3413 in
1085 3359 1309 3428 gloriam
1366 3360 1507 3413 cedit
1541 3359 1621 3413 sui
1650 3367 1824 3413 status
1850 3359 2175 3412 observatio.
2228 3359 2367 3421 Quid

790 3470 919 3509 vero
967 3469 1242 3507 necessum
1290 3463 1373 3506 est
1431 3452 1571 3505 aliud
1621 3450 1795 3504 adhuc.
1825 3452 2242 3519 operimentum,
2273 3464 2365 3516 pe-

788 3547 936 3615 plum
968 3545 1176 3599 scilicet
1212 3544 1431 3609 addere,
1470 3542 1513 3595 si
1565 3557 1716 3595 coma
1751 3551 1834 3595 est
1869 3542 2267 3596 velamentum?
2300 3541 2368 3595 Ut

788 3654 891 3690 non
922 3652 984 3691 ex
1013 3635 1123 3689 sola
1169 3644 1382 3696 natura,
1428 3648 1615 3688 verum
1648 3633 1808 3687 etiam
1850 3648 1911 3686 ex
1946 3633 2171 3687 consilio
2187 3643 2237 3685 et
2272 3649 2365 3686 vo-

789 3730 1007 3783 luntatis
1044 3728 1306 3782 electione
1334 3724 1722 3792 subiectionem
1750 3725 2011 3781 fateatur.

867 3823 1017 3876 Vens.
1060 3820 1142 3874 l6.
1190 3839 1209 3872 ι
1248 3820 1303 3874 Si
1343 3820 1464 3886 quis
1515 3827 1691 3872 autem
1736 3818 1949 3871 videtur
1991 3820 2367 3872 contentiosas

786 3928 927 3979 esse,
961 3928 1058 3967 nos
1081 3911 1238 3965 talem
1267 3910 1710 3966 consuetudinem
1737 3923 1840 3962 non
1876 3908 2157 3969 habemus,
2194 3922 2369 3976 neque

786 4005 1043 4061 Ecclesia:
1094 4003 1215 4074 Dei,
1250 4021 1268 4054 ι
1307 4001 1678 4058 Contentionis
1716 4001 1875 4070 igitur
1930 4009 2032 4066 est,
2083 4001 2137 4053 in
2184 4001 2370 4065 hujus-

787 4098 955 4153 modi.
984 4097 1141 4154 rebus
1192 4095 1443 4150 reluctari
1507 4109 1611 4146 non
1678 4094 1905 4146 rationis
1952 4102 2005 4145 et
2043 4092 2365 4145 intellectus.

786 4187 1229 4254 Quandoquidem
1281 4186 1422 4239 enim
1461 4184 1729 4238 Corinthii
1759 4185 2036 4249 sapientes
2069 4182 2234 4235 videri
2268 4199 2365 4236 vo-

787 4278 977 4343 lentes,
1023 4293 1117 4346 per
1142 4276 1480 4346 syllogismos
1558 4274 1788 4328 fortasse
1826 4272 2220 4336 renitebantur,
2256 4289 2367 4327 rem

789 4367 1184 4423 iadill'erentem
1208 4382 1325 4421 esse
1354 4366 1699 4419 ostendentes
1737 4380 1749 4415 :
1781 4362 1913 4427 Nos,
1973 4362 2173 4430 inquit,
2211 4362 2366 4416 talem

786 4460 1230 4515 consuetudinem
1279 4474 1384 4511 non
1423 4457 1703 4521 habemus,
1754 4455 1868 4509 sive
1931 4455 2001 4507 ita
2046 4454 2363 4519 altercandi,

2462 608 2741 671 γυναικὸς,
2776 609 3077 672 τουτέστιν,
3107 611 3295 681 ἡγυνὴ
3325 613 3569 678 διάκονός
3601 619 3715 668 ἐστι
3747 620 3811 685 τῇ
3847 619 4062 688 γεννή-

2462 708 2546 745 σει
2589 694 2684 746 τοῦ
2727 696 3050 763 ἀνθρώπουο
3083 701 3115 770 ὴ
3148 700 3350 755 πλείων
3376 702 3432 755 δὲ
3460 704 3708 774 ἐνέργεια
3751 707 3845 758 τοῦ
3873 707 4059 777 σπὲρο

2465 786 2633 854 ματός
2665 788 2833 843 ἐστιν.
2873 790 3034 843 Ὥστε
3060 794 3087 843 ὁ
3112 794 3251 863 ἀνὴρ
3280 796 3378 847 οῦκ
3405 793 3469 848 ἂν
3496 796 3715 866 λεχθείη
3749 799 3957 867 κυρίως
3986 801 4056 852 ὲκ

2461 877 2563 947 τῆς
2611 882 2893 947 γυναικὸς,
2947 884 3063 936 ἀλλ’
3121 888 3184 938 ὲκ
3228 886 3322 939 τοῦ
3370 888 3577 957 πατρὸς
3626 889 3787 942 αὐτοῦ
3822 891 3909 943 διὰ
3946 892 4055 961 τῆς

2462 972 2741 1037 γυναικὸς,
2772 972 2847 1036 ὡς
2878 974 3124 1027 διακόνου
3160 978 3459 1047 γενομένης
3481 979 3617 1047 πρὸς
3644 980 3743 1050 τὴν
3766 980 4051 1051 γέννησιν.

2475 1062 2596 1115 Ἐπὶ
2624 1063 2679 1115 δὲ
2704 1064 2796 1117 τοῦ
2829 1066 3035 1137 Κυρίου
3061 1069 3088 1120 ὀ
3120 1070 3327 1132 Παῦλος
3357 1072 3453 1139 οὐχ
3494 1069 3667 1133 οὕτως
3706 1068 3875 1137 εἶπεν,
3904 1072 4053 1126 ἀλλά

2463 1153 2779 1223 Γενόμενον,
2832 1159 3016 1228 φησὶν,
3052 1160 3116 1212 ἐκ
3146 1160 3427 1228 γυναικός.
3486 1161 3761 1232 Ἐφοϐήθη
3799 1162 3903 1230 γὰρ
3951 1164 4046 1231 τῇ.

2469 1264 2485 1296 ι
2520 1245 2638 1310 Διά,
2672 1266 2691 1298 ι
2723 1249 2977 1319 προθέσει
3021 1252 3356 1321 χρήσασθαι,
3389 1252 3475 1305 ἵνα
3518 1253 3590 1321 μὴ
3618 1252 3691 1322 δῷ
3721 1250 3903 1323 χώραν
3931 1255 4048 1313 τοῖς

2463 1338 2762 1405 αίρετικοῖς
2806 1339 3004 1407 λέγειν,
3040 1343 3119 1394 ὅτι
3144 1343 3217 1405 ὡς
3254 1344 3341 1396 διὰ
3370 1345 3609 1414 σωλῆνος
3633 1346 3732 1413 τῆς
3760 1344 4045 1417 Παρθένου

2465 1427 2712 1495 διῆλθεν·
2754 1430 2787 1499 ἢ
2832 1432 2923 1483 καὶ
2996 1432 3131 1484 διότι
3190 1433 3382 1504 ἀνδρὸς
3429 1435 3505 1504 μὴ
3567 1434 4045 1505 παρεισελθόντος,

2465 1518 2676 1589 καρπὸς
2706 1520 2805 1589 τῆς
2838 1521 3047 1583 κοιλίας
3080 1523 3249 1592 αὐτῆς
3284 1525 3452 1592 μόνης
3490 1519 3579 1594 ἦν.
3764 1566 3768 1571 -

2539 1630 2558 1661 ι
2585 1612 2667 1664 Τὰ
2682 1612 2737 1664 δὲ
2765 1612 2943 1665 πάντα
2970 1616 3031 1664 ἐκ
3057 1614 3149 1665 τοῦ
3180 1614 3336 1670 Θεοῦ.
3374 1635 3391 1666 ι
3420 1617 3494 1668 Οὐ
3519 1615 3611 1668 τοῦ
3642 1616 3857 1686 ἀνδρὸς,
3884 1617 4044 1687 amat,

2462 1702 2621 1756 τοῦτο
2662 1705 3017 1775 κατόρθωμα,
3061 1707 3200 1761 ἀλλά
3236 1708 3330 1761 τοῦ
3366 1709 3523 1763 Θεοῦ.
3556 1710 3616 1763 Εἰ
3646 1710 3825 1762 τοίνυν
3866 1710 4046 1762 πάντα

2462 1797 2528 1865 τῇ
2554 1795 2645 1848 τοῦ
2675 1795 2808 1848 Θεοῦ
2856 1796 3085 1866 δυνάμει
3132 1799 3392 1866 γίνονται,
3426 1802 3586 1864 αὐτὸς
3619 1802 3673 1854 δὲ
3715 1801 3873 1865 ἔταξε
3898 1802 3941 1832 ⁸⁷
3978 1800 4047 1851 τὰ

2394 1862 2438 1921 Β
2470 1885 2596 1955 περὶ
2639 1886 2752 1939 τῶν
2800 1886 3013 1958 ἀνδρῶν
3060 1891 3155 1941 καὶ
3195 1890 3303 1943 τῶν
3342 1892 3641 1960 γυναικῶν,
3672 1893 3746 1961 μὴ
3770 1892 4044 1956 ἀντίλεγε,

2469 1978 2604 2032 ἀλλά
2628 1979 2837 2033 πείθου.

2544 2089 2562 2120 ι
2627 2071 2715 2123 Ἐν
2779 2072 2907 2140 ὑμῖν
2989 2074 3171 2135 αὐτοῖς
3243 2074 3489 2145 κρίνατε.
3545 2096 3563 2128 ι
3615 2077 3785 2131 Πάλιν
3847 2075 4047 2137 αὐτοὺς

2467 2161 2682 2224 καθίζει
2729 2162 3023 2228 δικαστὰς,
3076 2168 3140 2219 ὲκ
3190 2167 3509 2237 περιουσίας
3560 2168 3993 2231 κατασκευάζων
4024 2169 4049 2219 ὃ

2469 2253 2635 2307 θέλει.

2543 2367 2561 2398 ι
2605 2350 2820 2417 Πρέπον
2856 2350 2973 2403 ἐστὶ
3022 2352 3244 2419 γυναικὶ
3292 2353 3753 2407 ἀκατακάλυπτον
3797 2354 3878 2423 τῷ
3924 2356 4046 2426 Θεῷ

2468 2440 2899 2509 προσεύχεσθαις
2931 2462 2949 2493 ι
2976 2442 3243 2497 Ἐνταῦθα
3272 2443 3643 2515 φοϐερώτερόν
3666 2446 3713 2477 ⁸⁸
3736 2464 3788 2498 τι
3812 2447 4045 2499 αἰνίττε-

2467 2546 2580 2593 ται,
2607 2531 2688 2583 ὅτι
2716 2533 2848 2598 πρὸς
2881 2533 3014 2585 Θεὸν
3046 2536 3079 2599 ἡ
3116 2533 3271 2604 ’ύϐρις
3307 2536 3618 2604 ἀνατρέχει.

2547 2638 2564 2668 ι
2602 2620 2671 2671 Ἢ
2700 2621 2822 2672 οὐδὲ
2875 2622 3011 2690 αὐτὴ
3040 2623 3071 2692 ὴ
3102 2622 3261 2690 φύσις
3303 2625 3447 2693 ὑμᾶς
3485 2624 3748 2688 διδάσκει,
3787 2626 3870 2679 ὅτι
3909 2627 4046 2695 ἀνὴρ

2474 2710 2571 2779 μὲν
2600 2712 2694 2765 ἐὰν
2721 2714 2887 2785 κομᾷ,
2919 2715 3110 2783 ἀτιμία
3142 2714 3291 2784 αύτῷ
3326 2717 3442 2767 ἐστι
3468 2732 3480 2745 ο
3512 2718 3647 2786 γυνὴ
3672 2717 3725 2769 δὲ
3759 2718 3855 2771 ὲάν
3879 2722 4043 2788 κομᾷ,

2468 2805 2594 2869 δόξα
2640 2807 2777 2877 αὐτῇ
2810 2809 2992 2873 ὲστιν;
3031 2808 3112 2859 ὅτι
3137 2809 3169 2876 ἡ
3194 2808 3336 2877 κόμη
3367 2806 3487 2859 ἀντὶ⁵
3518 2808 3868 2877 περιϐολαίου
3912 2809 4047 2861 δέδο-

2469 2916 2560 2951 ται
2602 2900 2760 2969 αὐτῇ.
2802 2919 2820 2951 ι
2857 2900 2982 2962 Πῶς
3012 2899 3068 2952 δὲ
3111 2898 3305 2970 ἀτιμία
3338 2902 3383 2932 ⁸⁸
3416 2901 3493 2969 τῷ
3543 2901 3699 2972 ἀνδρὶ
3742 2903 3803 2954 τὸ
3831 2904 4043 2973 κομᾷνς

2473 2992 2599 3043 "Ott
2647 2994 2831 3061 σχῆμα
2874 2992 3135 3060 γυναικὸς
3193 2992 3590 3062 ἀναλαμϐάνει,
3638 2994 3731 3046 καὶ
3766 2995 3957 3065 ἄρχειν
4001 2995 4046 3026 ⁸⁸

2470 3085 2711 3153 ταχθεὶς,
2744 3085 2803 3136 το
2835 3086 2932 3152 τῆς
2971 3086 3253 3154 ὑποταγῆς
3287 3084 3554 3155 σύμϐολον
3592 3087 3929 3158 ἀναδέχεται.
3966 3090 4046 3158 Τῇ

2472 3176 2694 3241 γυναικὶ
2740 3176 2794 3227 δὲ
2837 3176 2963 3239 δόξα
3002 3178 3033 3246 ἡ
3078 3176 3243 3245 κόμη,
3278 3177 3360 3228 ὅτι
3399 3176 3660 3243 φυλάττει
3693 3178 3794 3247 τὴν
3840 3178 4047 3231 οἰκείαν

2470 3266 2642 3331 τάξιν,
2687 3266 2834 3336 Τιμὴ
2860 3267 2915 3318 δὲ
2942 3267 3156 3335 ἑκάστῳ
3182 3269 3214 3337 ἡ
3242 3267 3339 3336 τῆς
3368 3266 3575 3332 τάξεως
3600 3267 3643 3298 ⁶¹
3678 3268 3918 3337 φυλακή.
3952 3269 4051 3321 Διά

2466 3361 2516 3410 τί
2542 3360 2598 3411 δὲ
2624 3360 2706 3411 δεῖ
2745 3361 2835 3412 καὶ
2866 3360 3053 3431 ἕτερον
3092 3359 3441 3427 περιϐόλαιον
3477 3362 3847 3430 προστιθέναι,
3873 3363 3932 3414 τὺ
3954 3364 4051 3430 τῆς

2466 3450 2807 3522 καλύπτρας,
2840 3451 2892 3503 εἴ
2913 3470 2975 3519 γε
3002 3455 3033 3522 ἡ
3064 3452 3209 3521 κόμη
3242 3452 3587 3521 περιϐόλαιόν
3613 3456 3795 3519 tam;
3823 3455 3942 3507 Ἵνα
3974 3456 4050 3525 μὴ

2467 3544 2574 3595 ἀπὸ
2618 3546 2717 3613 τῆς
2764 3542 2979 3611 φύσεως
3012 3544 3201 3611 μόνης,
3246 3542 3381 3595 ἀλλά
3414 3542 3503 3596 καῖ
3539 3543 3637 3614 τῆς
3676 3545 4048 3615 προαιρέσεως

2466 3637 2564 3706 τὴν
2588 3634 2866 3705 ὑποταγὴν
2904 3634 3164 3705 ὁμολογῇ.

2545 3833 2562 3863 ι
2602 3814 2660 3863 Ei
2681 3813 2737 3865 δέ
2764 3830 2847 3876 τις
2870 3812 3017 3865 δοκεῖ
3049 3811 3354 3882 φιλόνεικος
3381 3810 3547 3877 εἶναι,
3582 3814 3743 3883 ἡμεῖς
3786 3816 4048 3887 τοιαύτην

2470 3904 2758 3974 συνήθειαν
2782 3906 2881 3956 οὐκ
2904 3904 3123 3973 ἔχομεν,
3151 3904 3272 3958 οὐδὲ
3298 3906 3354 3956 al
3379 3906 3702 3976 Ἐκκλησίαι
3728 3908 3822 3961 τοῦ
3853 3909 4011 3963 Θεοῦ.
4028 3931 4045 3960 ι

2466 3997 2797 4057 Φιλονεικίας
2839 3997 2974 4064 ἄρα,
3022 3996 3082 4046 τὸ
3119 3996 3440 4050 ἀντιτείνειν
3506 4000 3562 4050 ὲν
3602 4002 3715 4062 τοῖς
3752 4002 4046 4067 τοιούτοις,

2467 4090 2583 4144 ἀλλ’
2610 4091 2669 4141 οὐ
2700 4088 2965 4159 λογισμοῦ
3009 4089 3103 4140 καὶ
3156 4089 3445 4152 συνέσεως.
3498 4090 3716 4161 Ἐπειδὴ
3761 4092 3871 4163 γάρ
3923 4096 4049 4156 ἴσως

2467 4184 2514 4233 οἱ
2542 4181 2822 4251 Κορίνθιοι
2863 4179 3183 4248 σοφίζεσθαι
3243 4179 3580 4248 βουλόμενοι,
3636 4183 3941 4237 ἀντέτεινον
3965 4186 4049 4238 διὰ

2471 4274 2868 4343 συλλογισμῶν,
2900 4276 3191 4346 ἀδιάφορον
3219 4275 3529 4338 δεικνύντες
3554 4276 3615 4329 τὸ
3638 4280 3873 4347 πρᾶγμα
3896 4297 3909 4308 ·
3942 4298 4046 4349 φη-

2472 4366 2575 4430 σὶν,
2602 4366 2683 4418 ὅτι
2715 4367 2906 4434 Ἡμεῖς
2936 4365 3228 4435 συνήθειαν
3250 4368 3507 4437 τοιαύτην
3543 4368 3643 4419 οῦκ
3669 4369 3867 4437 ἔχομεν
3888 4387 3899 4399 ·
3930 4374 4047 4439 ἦτοι

2468 4455 2562 4508 τοῦ
2604 4457 2949 4523 φιλονεικεῖν,
2990 4454 3168 4525 ἢτοῦ,
3221 4456 3311 4508 τὸν
3365 4456 3465 4525 μὲν
3506 4456 3675 4524 ἄνδρα
3710 4459 3913 4526 κομᾷν,
3952 4458 4048 4526 τὴν

787 4554 901 4610 sive
939 4561 997 4607 ut
1026 4552 1108 4605 vir
1131 4551 1345 4615 quidem
1376 4565 1587 4604 comam
1608 4550 1846 4613 nutriat;
1879 4547 2069 4601 mulier
2100 4563 2224 4603 vero
2254 4564 2356 4602 non
2392 4574 2435 4629 η
2466 4550 2474 4600 ἀ

2392 4574 2435 4629 D
2466 4548 2521 4601 δὲ
2544 4549 2776 4616 γυναῖκα
2804 4546 2879 4616 μὴ
2923 4547 3267 4613 κεκαλύφθαι
3288 4565 3301 4577 ·
3336 4546 3451 4600 ἀλλ’
3493 4547 3614 4600 οὐδὲ
3641 4549 3698 4599 αἱ
3727 4548 3887 4601 ἄλλαι
3926 4549 4044 4600 Ἐκ-

785 4645 1088 4699 obvelatum
1136 4651 1296 4711 caput
1338 4650 1533 4710 gerat:
1580 4641 1687 4694 imo
1741 4655 1809 4694 ne
1858 4640 1977 4694 alia:
2006 4639 2247 4708 quidem,
2275 4640 2358 4692 in-

786 4736 921 4805 quit,
964 4734 1217 4788 ECclesize
1270 4732 1381 4786 Dei.
1408 4728 1584 4797 Quare
1609 4745 1713 4784 non
1744 4731 1897 4785 nobis
1940 4730 2069 4785 solis
2101 4730 2355 4785 adversa-

787 4828 938 4889 mini,
994 4840 1179 4879 verum
1212 4824 1372 4878 etiam
1410 4823 1674 4875 universa:
1712 4822 1988 4876 Ecclesia.
2031 4822 2137 4875 Ista
2182 4830 2359 4875 autem

789 4918 1047 4989 pudorem
1106 4916 1393 4979 incutiunt,
1437 4914 1676 4983 cogendo
1710 4913 1917 4968 scilicet
1962 4914 2257 4973 auditores.
2291 4928 2360 4967 ne

788 5010 1079 5078 quidquam
1138 5016 1334 5077 praeter
1386 5004 1734 5075 apostolicam
1791 5006 2236 5061 consuetudinem
2274 5004 2359 5059 fa-

788 5102 956 5155 ciant.

858 5187 1023 5241 Vens.
1053 5187 1137 5241 l7.
1179 5204 1197 5237 ι
1258 5186 1372 5241 lloc
1396 5196 1572 5242 autem
1614 5186 1930 5257 prmcipiens
1957 5200 2063 5238 non
2119 5184 2297 5239 laudo.
2336 5203 2355 5236 ι

789 5280 1251 5345 Quemadmodum
1318 5280 1352 5333 ii
1384 5280 1470 5347 qui
1508 5280 1738 5349 primum
1796 5278 2155 5341 crediderant,
2208 5294 2360 5333 com-

790 5371 969 5423 nnmia
1009 5371 1189 5423 omnia
1226 5370 1508 5434 habentes,
1557 5370 1915 5423 communiter
1959 5369 2358 5437 epulabantur:

790 5463 866 5514 sic
914 5477 1007 5530 per
1031 5465 1318 5528 quamdam
1362 5476 1550 5516 eorum
1590 5461 1966 5523 imitationem,
2009 5461 2219 5513 etiamsi
2255 5477 2359 5515 non

794 5554 922 5607 adeo
971 5552 1131 5621 189
1178 5563 1445 5618 exactam,
1488 5552 1780 5616 Corinthii,
1840 5551 2355 5619 Statis'quibusdatn

2466 4640 2707 4709 κλησίαι,
2746 4639 2932 4709 φησίν.
2967 4640 3131 4691 Ὥστε
3159 4640 3257 4708 οὐχ
3285 4641 3418 4709 ἡμῖν
3463 4638 3643 4708 μόνοις
3674 4640 4042 4700 ἐναντιοῦσθε.

2465 4734 2602 4786 ἀλλὰ
2619 4734 2710 4785 καὶ
2729 4733 2875 4801 πάσῃ
2900 4733 2965 4801 τῇ
3004 4731 3302 4801 Ἐκκλησία
3320 4731 3383 4784 ⁸⁸.
3405 4730 3769 4801 Ἐντρεπτικά
3795 4733 3851 4783 δὲ
3875 4732 4045 4785 ταῦτα

2468 4828 2593 4891 εἰσι,
2626 4824 2970 4878 συνωθοῦντα
3016 4824 3141 4886 τοὺς
3188 4822 3512 4890 ἀκούοντας,
3560 4823 3729 4893 μηδὲν
3757 4824 3911 4895 παρὰ
3953 4825 4045 4895 τὴν

2466 4914 2833 4985 ἀποστολικὴν
2860 4912 3149 4985 συνήθειαν
3179 4916 3379 4969 ποιεῖν.

2544 5207 2562 5240 ι
2596 5186 2765 5240 Τοῦτο
2787 5187 2844 5238 δὲ
2873 5182 3265 5254 παραγγέλλων
3298 5182 3396 5233 οὐκ
3421 5180 3656 5233 ἐπαινῶ.
3704 5200 3721 5232 ι
3760 5182 3970 5251 ’Ὠσπερ
3995 5183 4041 5232 οἱ

2469 5282 2527 5333 ὲν
2565 5283 2708 5349 ἀρχῇ
2752 5278 3175 5339 πιστεύσαντες,
3208 5274 3363 5326 κοινά
3410 5273 3587 5325 πάντα
3626 5272 3843 5341 ἔχοντες
3891 5275 4039 5341 κοινῇ

2472 5371 2764 5425 ἐστιῶντο·
2818 5368 2963 5421 οὕτω
3019 5368 3161 5419 κατά
3220 5382 3343 5417 τινα
3409 5364 3639 5433 μίμησιν
3707 5364 3916 5417 τούτων
3967 5366 4038 5427 ⁸³,

2473 5464 2519 5515 εἰ
2550 5463 2644 5515 καὶ
2677 5461 2750 5531 μὴ
2799 5454 3003 5528 ἀκριϐῆ
3028 5497 3042 5520 ,
3086 5460 3145 5509 ὲν
3181 5456 3431 5526 Κορίνθῳ
3482 5456 3627 5508 κατὰ
3667 5474 3820 5519 τινας
3876 5457 4040 5525 ῥητὰς

2471 5555 2705 5625 ἡμέρας,
2762 5552 3006 5622 ἐορτίονς
3053 5550 3218 5613 ἴσως,
3273 5550 3425 5617 κοινῇ
3464 5545 3766 5615 εὐωχοῦντο
3816 5548 3953 5616 μετά
3984 5547 4040 5601 τὸ

2069 5687 2266 5750 Variae
2317 5692 2648 5756 lect-Iones.

865 5839 905 5867 ⁵⁷
939 5837 1161 5893 ὲ·ῖέτειΞε
1190 5855 1238 5893 0.
1318 5841 1361 5872 ⁵⁸
1394 5838 1617 5895 ῢῡξεούν
1655 5855 1704 5895 0.
1784 5844 1825 5873 ⁵⁷
1860 5842 2005 5895 ἱπτῖν
2044 5856 2092 5895 ο.
2172 5843 2213 5873 ⁸³

2248 5848 2272 5896 ὁ
2311 5847 2490 5911 ἅρχων
2522 5862 2571 5899 0.
2652 5844 2691 5875 ⁶¹
2735 5842 2963 5903 πίστεως
2993 5858 3041 5895 0.

3122 5840 3162 5869 Η
3200 5840 3491 5903 οἰκουμένη
3530 5853 3579 5894 0.
3658 5839 3920 5893 "103:20
3964 5856 4031 5896 tu.
