4272 6448
695 386 809 426 ’ἠιθ-

707 390 817 463 71:.

1644 399 1744 459 ΤΠ
1757 396 1949 458 ΕΟΡΠ
1963 398 2222 458 YIACTI
2267 398 2515 458 BULGA
2528 399 2575 459 [ἰ
2589 400 2603 459 I
2618 401 2683 460 [Ε
2721 403 3078 465 ARCHIEP.

3857 410 3973 470 illi

708 512 930 582 tumqui
980 510 1049 565 ob
1102 511 1278 565 minus
1318 509 1517 563 donum
1562 508 1936 569 contristatur,
1984 508 2281 561 ostendens
2312 510 2395 565 A1

2312 510 2355 565 Α
2388 507 2661 578 πούμενον
2683 512 2775 567 ἐπὶ
2798 513 2874 583 τῷ
2895 514 3139 567 ἐλάττονι
3163 516 3485 587 χαρίσματι,
3511 518 3773 571 δεικνύων
3791 519 3968 591 αὐτῷ,

706 607 850 676 quod
883 602 1014 657 nihil
1053 602 1124 655 sit
1174 601 1514 654 imminutus.
1567 598 1639 655 Ut
1683 600 1827 655 enim
1877 614 2072 669 corpus
2114 612 2278 651 tmtnn

709 708 792 753 est
841 705 895 751 et
938 694 1129 755 multa.
1165 709 1229 749 eo
1282 693 1423 763 quod
1483 691 1722 746 membra
1771 694 2058 746 centiuct:
2115 691 2195 746 sic
2228 700 2283 743 ct

708 787 945 843 membra
975 793 1030 840 et
1058 785 1220 838 multa
1260 794 1385 855 sunt
1422 792 1475 836 et
1533 798 1717 847 unum,
1744 798 1807 836 eo
1840 783 1983 850 quod
2032 782 2083 834 in
2116 796 2279 833 unmn

706 896 907 951 cerpus
938 886 1408 949 coagtnentantur.
1450 874 1551 932 Ubi
1616 876 1777 945 igitur
1809 874 2155 929 dilTert-ntia?
2190 872 2278 927 ubi

701 972 881 1038 maius
905 1011 920 1036 ,
950 970 1034 1022 ubi
1060 966 1270 1021 minus?
1290 968 1468 1019 omnia
1487 966 1629 1019 enitn
1664 982 1826 1017 untttn
1849 976 1979 1018 sunt
2010 985 2022 1020 :
2066 984 2083 1016 ι
2111 966 2222 1028 Sic.
2256 984 2272 1015 ι

705 1066 899 1132 inquit,
934 1080 952 1112 ι
989 1060 1262 1123 Christus,
1308 1080 1325 1111 ι
1354 1060 1403 1111 id
1440 1071 1541 1123 csl,
1568 1056 1766 1112 Christi
1803 1058 2062 1113 Ecclesia.
2085 1058 2281 1125 Quan-

706 1154 993 1222 doquidem
1026 1154 1170 1207 enim
1199 1152 1449 1205 Christus
1473 1162 1637 1217 caput
1665 1161 1748 1204 est
1772 1151 2046 1212 Εοειοείω,
2075 1151 2151 1205 sic
2180 1148 2281 1203 Ec-

705 1245 926 1300 clesiam
961 1246 1261 1298 noininavit
1290 1262 1317 1295 a
1342 1244 1539 1310 capite.
1578 1243 1811 1298 Perinde
1863 1245 2008 1297 enim
2053 1256 2111 1296 ut
2154 1258 2277 1296 enr-

706 1353 804 1405 pus
832 1347 887 1391 et
914 1344 1079 1405 caput
1126 1351 1263 1389 unus
1310 1347 1435 1389 sunt
1469 1337 1662 1399 homo,
1715 1335 2052 1390 consimilem
2086 1335 2151 1389 ad
2193 1350 2279 1389 ra-

704 1432 929 1491 tionem,
960 1426 1255 1481 Ecclesiam
1313 1438 1362 1479 et
1416 1428 1719 1482 Christum.
1775 1429 1935 1481 veluti
1993 1444 2193 1495 corpus
2224 1438 2279 1482 et

703 1530 887 1590 caput,
922 1536 1090 1573 unum
1144 1536 1263 1575 esse
1315 1524 1513 1583 sciens,
1556 1536 1651 1589 pro
1706 1521 1947 1575 Ecclesia
1998 1522 2275 1576 Christum

704 1619 905 1686 posuit.
942 1617 1289 1686 Dicitigitur,
1318 1618 1532 1682 quodin
1572 1617 1814 1672 Ecclesia
1853 1633 2069 1687 quoque
2109 1635 2274 1671 mmm

706 1712 973 1780 quoddam
1005 1724 1193 1764 omnes
1226 1725 1431 1775 sumius,
1457 1710 1674 1764 etiamsi
1708 1724 1771 1764 ex
1808 1710 2042 1765 diversis
2062 1712 2275 1765 ordini-

705 1805 801 1857 bus
832 1803 895 1856 sit
923 1802 1346 1857 concinnatum.

778 1894 938 1948 Vsus.
973 1893 1061 1947 l5.
1105 1911 1123 1944 ‹
1167 1892 1375 1947 Etenim
1426 1892 1481 1946 in
1511 1909 1617 1948 uno
1640 1892 1849 1963 Spiritu
1873 1908 2065 1949 omnes
2091 1909 2190 1948 nos
2221 1893 2275 1947 in

703 2002 867 2039 nnttm
918 2002 1117 2055 corpus
1170 1986 1426 2054 baptizati
1474 2001 1685 2051 smnus,
1748 1986 1865 2040 sive
1914 1984 2107 2049 Judmi,
2163 1987 2278 2041 sive

704 2080 950 2148 gentiles,
1004 2079 1119 2132 sive
1146 2077 1311 2142 servi,
1338 2077 1450 2129 sive
1476 2077 1653 2131 liberi.
1691 2095 1708 2128 ι
1742 2076 1949 2131 Iudicat
1969 2076 2080 2144 jam
2108 2092 2274 2141 nunc,

702 2172 972 2237 quomodo
1002 2168 1241 2225 Ecclesia
1268 2169 1601 2222 assimiletur
1632 2169 1791 2223 unius
1824 2168 2071 2238 corporis
2091 2184 2277 2223 exem-

708 2266 819 2333 plu,
851 2263 1101 2332 inquiens
1136 2281 1149 2314 :
1182 2261 1294 2315 Sub
1334 2276 1439 2314 uno
1463 2265 1766 2329 eodemque
1798 2259 2002 2330 Spiritu
2038 2277 2137 2316 nos
2157 2276 2275 2316 om-

706 2369 824 2416 nes,
853 2365 907 2409 et
942 2368 1040 2423 ego
1073 2355 1239 2408 etiam
1278 2354 1391 2422 ipse
1444 2352 1663 2417 l‘aulus,
1701 2351 1959 2420 baptizati
1990 2368 2179 2406 sumus
2218 2353 2273 2406 in

706 2462 871 2501 unum
893 2461 1111 2514 corpus,
1150 2448 1251 2498 hoc
1298 2453 1464 2498 estut
1513 2444 1684 2497 simus
1715 2459 1880 2497 unum
1913 2459 2129 2512 corpus.
2157 2444 2273 2499 Non

703 2540 848 2594 enim
885 2541 936 2591 in
967 2536 1072 2591 alio
1095 2536 1310 2606 quidem
1355 2545 1431 2601 tu,
1462 2536 1514 2589 in
1568 2536 1676 2590 alio
1708 2550 1835 2591 vero
1882 2551 1979 2604 ego
2017 2536 2272 2607 baptizati

703 2648 891 2688 sumus
943 2630 1166 2700 Spiritu,
1224 2644 1407 2682 verum
1450 2629 1501 2682 in
1558 2630 1763 2684 eodem.
1814 2624 2047 2683 Proinde
2098 2642 2274 2699 neque

700 2741 799 2793 ego
827 2724 1076 2792 quiddam
1103 2732 1154 2776 te
1183 2721 1537 2775 excellentius
1557 2721 1749 2774 habeo.
1789 2721 1920 2775 Nam
1963 2742 1981 2773 ι
2013 2724 2069 2776 lu
2105 2739 2272 2776 unum

702 2832 905 2887 corpus
942 2815 1197 2884 baptizati
1249 2828 1458 2878 smnus,
1513 2831 1533 2864 ι
1584 2828 1704 2883 pro,
1758 2812 1827 2868 Ut
1900 2815 2069 2868 simus
2110 2830 2272 2869 unum

701 2927 917 2981 corpus,
946 2920 997 2963 et
1020 2907 1186 2962 .ludmi
1215 2918 1269 2961 et
1291 2904 1486 2969 Graeci,
1512 2915 1565 2959 et
1596 2906 1735 2959 servi
1768 2916 1820 2959 et
1848 2906 2026 2961 liberi.
2066 2905 2121 2961 Si
2144 2921 2274 2977 ergo

702 3005 835 3057 adeo
861 3001 1180 3067 disjtinctos,
1208 3008 1463 3067 tantoque
1494 2998 1778 3052 intervallo
1815 2998 2101 3067 distantes,
2143 2997 2271 3068 Spi-

702 3095 840 3147 ritus
876 3092 1156 3161 conjunxit
1204 3101 1365 3158 atque
1416 3089 1591 3143 univit
1631 3105 1647 3142 :
1700 3092 1868 3144 multo
1912 3092 2086 3161 magis
2125 3102 2271 3161 post-

2386 602 2469 653 ὅτι
2525 603 2625 656 οὐκ
2663 604 2997 673 ἠλάττωται.
3044 608 3257 679 Ὠσπερ
3308 610 3417 681 γὰρ
3464 610 3524 664 τὸ
3565 611 3725 681 σῶμα
3769 616 3863 665 καί
3903 614 3967 665 ’ἐν

2384 696 2501 747 ἐστι
2537 699 2631 750 καὶ
2659 697 2850 764 πολλὰ,
2875 699 2963 753 διὰ
2984 701 3042 753 τὸ
3062 702 3201 771 μέλη
3228 703 3375 773 ἔχειν
3404 721 3415 731 ’
3439 702 3582 757 οὕτω
3607 704 3699 757 xal
3727 705 3794 756 τὰ
3825 704 3968 775 μέλη

2385 790 2479 840 καὶ
2516 790 2687 843 πολλά
2722 793 2829 846 εἰσι
2862 793 2956 845 καὶ
2985 793 3063 858 ἓν,
3095 794 3184 847 διὰ
3203 796 3264 848 τὸ
3292 799 3371 859 εἰς
3392 795 3451 848 ἓν
3485 796 3639 866 σῶμα
3665 797 3967 848 συντελεῖν.

2386 880 2494 933 Ποῦ
2531 884 2711 935 τοίνυν
2741 886 2773 952 ἡ
2804 886 3076 955 διαφορὰ;
3112 889 3212 940 ποῦ
3236 891 3299 941 τὸ
3326 889 3552 958 μεῖζον;
3584 888 3687 941 ποῦ
3714 890 3775 941 τὸ
3805 889 3966 941 ἔλατ-

2382 988 2509 1037 τους
2544 975 2722 1026 πάντα
2773 976 2882 1045 γὰρ
2943 978 3002 1029 ἓν
3048 979 3218 1032 ἐστιν.
3281 998 3299 1030 ι
3359 979 3547 1041 Οὕτως
3585 998 3602 1030 ι
3642 975 3755 1043 οὖν,
3801 982 3962 1048 φησὶ,

2388 1084 2405 1115 ι
2444 1068 2534 1118 καὶ
2584 1071 2608 1120 ὁ
2642 1069 2872 1138 Χριστός
2900 1086 2915 1101 ο
2957 1090 2975 1121 ι
3006 1071 3309 1135 τουτέστιν,
3362 1074 3393 1141 ή
3429 1072 3523 1125 τοῦ
3554 1071 3788 1141 Χριστοῦ
3842 1072 3967 1123 Ἑκ-

2383 1159 2593 1227 κλησία.
2648 1162 2799 1213 Ἐπεὶ
2829 1164 2936 1232 γὰρ
2971 1165 3182 1235 κεφαλή
3208 1166 3355 1217 ἐστιν
3389 1168 3416 1217 ὁ
3449 1166 3683 1234 Χριστὸς
3701 1165 3797 1233 τῆς
3832 1166 3961 1216 Ἐκ-

2382 1249 2628 1321 κλησίας,
2663 1251 2803 1303 οὕτω
2849 1253 2947 1322 τὴν
2996 1254 3326 1323 Ἐκκλησίαν
3373 1256 3658 1324 ὠνόμασεν
3700 1256 3807 1308 ἀπὸ
3858 1255 3962 1323 τῆς

2383 1344 2650 1410 κεταλῆς.
2684 1344 2953 1413 Καθάπερ
2983 1346 3091 1414 γὰρ
3138 1346 3199 1397 τὸ
3256 1347 3415 1415 σῶμα
3458 1348 3554 1399 καὶ
3579 1351 3610 1417 ἡ
3637 1346 3847 1416 κεφαλὴ
3877 1341 3962 1408 εἷς

2380 1432 2528 1485 ἐστιν
2558 1434 2876 1503 ἄνθρωπος’
2908 1435 3050 1487 οὕτω
3085 1437 3177 1489 καὶ
3208 1438 3306 1507 τὴν
3359 1439 3687 1507 Ἐκκλησίαν
3735 1440 3824 1490 καὶ
3867 1440 3963 1491 τὸν

2380 1527 2633 1594 Χριστὸν,
2668 1528 2743 1590 ὡς
2773 1528 2933 1597 σῶμα
2966 1528 3058 1582 καὶ
3109 1530 3375 1599 κεςαλὴν,
3411 1529 3470 1583 ἓν
3494 1530 3671 1592 εἰδὼς,
3718 1532 3839 1583 ἀντὶ
3860 1530 3963 1599 τῆς

2394 1618 2721 1687 Ἐκκλησίας
2767 1618 2860 1671 τὸν
2910 1621 3148 1690 Χριστὸν
3204 1619 3439 1675 τέθεικε.
3480 1621 3618 1690 Φησὶ
3652 1623 3851 1682 τοίνυν,
3878 1623 3961 1673 ὅτι

2380 1710 2477 1762 καὶ
2510 1713 2568 1762 ἐν
2597 1713 2665 1780 τῇ
2714 1711 3011 1783 Ἐκκλησία
3045 1712 3103 1764 ἓν
3148 1730 3201 1766 τι
3232 1714 3432 1777 πάντες
3468 1714 3653 1783 ἐσμὲν,
3687 1716 3735 1766 εἰ
3765 1717 3860 1766 καὶ
3895 1714 3962 1766 ἐκ

2377 1802 2649 1872 διαφόρων
2683 1805 2981 1872 ταγμάτων
3011 1804 3315 1871 σύγκειται.

2455 1913 2475 1945 ι
2517 1895 2628 1947 Καὶ
2656 1897 2765 1965 γὰρ
2797 1898 2857 1948 ἐν
2892 1896 2970 1949 ἐνὶ
3022 1897 3303 1967 Πνεύματι
3354 1899 3554 1961 πάντες
3601 1899 3761 1968 ἡμεῖς
3788 1898 3869 1959 εἰς
3898 1896 3961 1948 ἓν

2382 1987 2541 2055 σῶμα
2569 1986 3004 2057 ἐϐαπτίσθημεν,
3044 1988 3153 2040 εἴτε
3196 1988 3462 2049 Ἰουδαῖοι,
3508 1990 3618 2040 εἴτε
3671 1988 3954 2058 Ἕλληνες.

2378 2078 2489 2132 εἴτε
2519 2077 2717 2141 δοῦλοι,
2752 2080 2861 2131 εἴτε
2908 2079 3203 2149 ἐλεύθεροι.
3250 2099 3268 2130 ι
3324 2081 3439 2133 Νῦν
3485 2081 3723 2134 δείκνυσι
3756 2081 3874 2142 πῶ;
3922 2082 3956 2149 ἢ

2391 2166 2687 2238 Ἐκκλησία
2717 2168 2859 2221 ἔοικε
2891 2169 2968 2237 τῷ
2998 2171 3089 2221 τοῦ
3136 2168 3253 2232 ἐνὸς
3285 2169 3535 2239 σώματος
3570 2169 3956 2237 ὑποδεὶγματι,

2378 2261 2472 2314 καί
2501 2278 2687 2330 φησιν,
2727 2263 2808 2313 ὅτι
2847 2262 2986 2313 ’Υπὸ
3014 2262 3107 2314 τοῦ
3128 2262 3296 2314 αὐτοῦ
3346 2264 3440 2314 καὶ
3486 2263 3601 2323 ἐνὸς
3637 2262 3957 2331 ιΙνεύματος

2377 2354 2540 2421 ἡμεῖς
2580 2354 2802 2416 πάντες,
2831 2354 2923 2406 καὶ
2956 2352 3068 2420 ἐγὼ
3110 2356 3137 2407 ὁ
3190 2354 3420 2418 Παῦλος,
3476 2351 3711 2426 [acuatu]
3744 2353 3958 2405 ὲεαπτί·

2381 2447 2589 2515 σοημεν
2614 2449 2690 2506 εἰς
2721 2446 2778 2499 ἒν
2804 2447 2979 2516 σῶμα,
3005 2447 3301 2509 τουτέστιν,
3322 2446 3459 2500 ὥστε
3478 2448 3522 2479 ⁹⁰
3540 2443 3677 2499 εἶναι
3699 2446 3956 2515 ἒνσιῖλμα.

2377 2538 2452 2591 Οὐ
2481 2539 2591 2606 γὰρ
2618 2538 2673 2589 ἐν
2699 2538 2842 2606 ἄλλῳ
2878 2541 2979 2608 μὲν
3012 2542 3101 2604 σὺ,
3138 2544 3195 2593 ὲν
3228 2540 3374 2608 ἄλλῳ
3401 2540 3457 2593 δὲ
3479 2537 3590 2606 ἐγὼ
3615 2537 3950 2606 ἐϐαπτίσθη-

2381 2647 2479 2699 μεν
2536 2629 2836 2699 Πνεύματι,
2871 2630 2985 2682 ἀλλ’
3034 2632 3092 2683 ὲν
3138 2631 3219 2701 τῷ
3267 2630 3442 2702 αὐτῷ.
3482 2632 3646 2685 Ὥστε
3678 2631 3798 2683 οὐδὲ
3845 2628 3957 2697 ἐγὼ

2376 2724 2485 2792 ἔχω
2519 2724 2679 2775 πλέον
2708 2741 2759 2775 τι
2786 2722 2899 2778 σοῦ.
2942 2744 2959 2775 ι
2998 2725 3092 2785 El;
3136 2743 3153 2774 ι
3197 2726 3303 2794 γὰρ
3339 2743 3357 2775 ‹
3416 2726 3473 2776 ἒν
3526 2725 3685 2795 σῶμα
3735 2724 3955 2778 ἐϐαπτί-

2383 2814 2612 2885 σθημεν.
2651 2834 2669 2867 ι
2724 2815 2870 2867 Ἀντὶ
2902 2815 3016 2882 τοῦ,
3075 2817 3190 2869 Ἵνα
3220 2810 3369 2885 ὦμεν
3421 2816 3479 2869 ἓν
3512 2817 3670 2885 σῶμα
3694 2818 3787 2868 καὶ
3828 2818 3927 2868 ’1ου

2376 2907 2513 2959 δαίοι
2540 2908 2634 2960 καὶ
2671 2907 2952 2976 Ἕλληνες,
2992 2907 3088 2960 καὶ
3112 2908 3291 2960 δοῦλοι
3346 2911 3437 2961 καὶ
3467 2908 3764 2977 ἐλεύθεροι.
3894 2908 3951 2961 δὲ

2375 2999 2501 3059 τοὺς
2522 2999 2775 3051 τοσοῦτον
2806 3000 3157 3069 διεστηκότας
3194 3001 3370 3069 ἧνωσε
3402 3001 3461 3053 τὸ
3494 3000 3741 3071 Πνεῦμα,
3772 3000 3951 3069 πολλῷ

2382 3090 2584 3158 μᾶλλον
2615 3090 2752 3160 μετὰ
2782 3090 2840 3143 τὸ
2867 3091 3123 3158 γενέσθαι
3158 3091 3237 3155 ἓν,
3276 3092 3376 3144 οὐκ
3431 3092 3720 3162 ὀφείλομεν
3765 3093 3948 3145 λυπεῖ-

701 3202 864 3254 quam
898 3200 1064 3238 unum
1098 3182 1222 3236 facti
1256 3197 1464 3245 sumus,
1501 3196 1610 3234 non
1648 3182 1907 3236 debemus
1930 3184 2266 3249 centristari,
2296 3210 2340 3268 ο
2381 3203 2388 3232 ι

1882 3197 1907 3236 s
1930 3184 2266 3249 centristari,
2296 3210 2340 3268 ο
2381 3182 2525 3249 σθαι,
2559 3183 2633 3246 ὠς
2660 3184 2923 3252 διαφορᾶς
2960 3200 3101 3245 τινος
3132 3183 3298 3255 οὒσης
3327 3188 3385 3238 ὲν
3413 3187 3568 3254 ἡμῖν.

699 3292 797 3333 Ceu
834 3276 1122 3329 discrimen
1151 3273 1419 3343 quoddam
1453 3272 1522 3325 sit
1556 3272 1701 3325 inter
1723 3287 1839 3326 nos.

776 3388 794 3420 ι
836 3369 901 3422 Ει
933 3382 1121 3421 oumcs
1168 3382 1273 3418 uno
1313 3364 1516 3433 Spiritu
1550 3365 1720 3434 potati
1755 3381 1960 3419 smnus.
1993 3385 2012 3418 ›
2051 3366 2274 3422 Videtur

702 3464 791 3517 hic
823 3461 964 3529 loqui
998 3461 1063 3511 de
1119 3473 1303 3511 mensa
1357 3456 1665 3519 Dominica,
1698 3462 1751 3510 et
1782 3458 1847 3511 de
1880 3474 2017 3526 pane
2045 3467 2098 3511 et
2128 3460 2269 3515 vino.

700 3554 831 3607 Cum
859 3551 1001 3606 enim
1038 3549 1189 3614 dicit,
1226 3548 1428 3617 Spiritu
1495 3549 1584 3618 qui
1636 3552 1845 3617 potavit
1887 3565 2006 3615 nos,
2044 3562 2274 3619 utraque

702 3646 978 3707 indicavit,
1023 3655 1217 3709 nempe
1258 3642 1579 3707 sanguinem
1625 3652 1678 3694 et
1708 3656 1948 3695 carnem.
1986 3641 2275 3696 Verumta-

704 3754 823 3791 men
869 3737 1047 3789 vetitis
1071 3743 1171 3797 est,
1209 3735 1349 3803 quod
1389 3733 1474 3785 hic
1513 3732 1766 3801 loquatur
1799 3736 1863 3787 de
1898 3750 2117 3789 accessu
2148 3734 2273 3805 Spi-

703 3834 858 3893 ritus,
886 3827 975 3896 qui
1010 3826 1169 3879 nobis
1201 3834 1319 3893 post
1370 3822 1638 3892 baptisma
1682 3826 1971 3895 contingit,
2005 3834 2059 3880 et
2092 3828 2274 3896 prius-

700 3936 862 3991 quam
910 3924 1248 3971 sacramenta
1293 3916 1642 3971 accedamus.
1705 3934 1723 3967 ι
1768 3914 1941 3969 Putati
1973 3930 2152 3971 autem
2184 3935 2274 3972 su-

699 4030 841 4077 mus,
878 4030 895 4062 ι
924 4013 1060 4064 dixit
1079 4026 1174 4079 per
1194 4010 1563 4077 metaphoram
1583 4018 1853 4077 sumptam
1877 4010 1945 4062 ab
1967 4009 2271 4075 arboribus,

700 4124 820 4176 qua:
850 4107 1039 4158 eodem
1077 4105 1223 4156 fonte
1278 4102 1594 4170 irrigantur.
1635 4099 1789 4156 Unus
1842 4103 2006 4172 igitur
2037 4102 2274 4172 Spiritus

701 4199 906 4267 pnituit
936 4212 1053 4261 nos,
1088 4205 1139 4247 et
1168 4192 1323 4261 197
1353 4193 1618 4261 irrigavit,
1653 4201 1708 4246 et
1733 4208 1895 4247 unum
1928 4208 2124 4261 corpus
2156 4208 2275 4247 esse

697 4291 849 4345 l‘ccil.

775 4384 937 4435 Vens.
975 4380 1056 4433 ll.
1093 4397 1109 4429 ι
1148 4373 1356 4430 Etenim
1394 4390 1588 4445 corpus
1622 4391 1729 4429 non
1775 4386 1854 4431 est
1893 4363 2057 4430 unum
2103 4394 2273 4432 mem-

699 4476 878 4534 ln-um,
922 4474 1012 4523 sed
1045 4471 1229 4523 multa.
1295 4486 1313 4518 ι
1350 4465 1425 4519 Ne
1487 4467 1723 4529 mireris,
1775 4469 1971 4533 inquit,
2015 4471 2157 4537 quod
2198 4480 2273 4522 tot

2452 3383 2470 3415 ι
2519 3366 2629 3418 Καὶ
2669 3364 2871 3427 πάντες
2902 3365 2981 3427 εἰς
3009 3365 3069 3418 ἒν
3101 3365 3326 3434 Πνεῦμα
3372 3366 3763 3435 ἐποτίσθημεν.
3805 3385 3823 3418 ι
3856 3370 3952 3419 Δο-

2377 3456 2463 3506 κεῖ
2497 3455 2595 3523 μὲν
2624 3453 2804 3521 λέγειν
2834 3454 3085 3524 περὶτῆς
3109 3458 3487 3525 πνευματικῆς
3514 3458 3816 3525 τραπέζης,
3856 3457 3949 3509 τοῦ

2374 3561 2435 3597 τε
2466 3545 2633 3613 ἄρτου
2663 3547 2705 3577 ⁹¹
2736 3545 2830 3599 καὶ
2857 3546 2950 3598 τοῦ
2981 3546 3148 3602 οἴνου.
3190 3546 3411 3616 Πνεῦμα
3434 3548 3541 3616 γὰρ
3566 3547 3737 3602 εἰπὼν
3758 3550 3818 3600 τὸ
3849 3565 3949 3601 πο·

2376 3640 2532 3692 τίσαν
2560 3641 2730 3709 ἡμᾶς,
2762 3641 3051 3711 ἀμφότερα
3080 3641 3343 3710 ἐδήλωσε,
3385 3642 3444 3694 τό
3475 3659 3533 3695 τε
3563 3638 3704 3711 αἷμα
3734 3646 3828 3696 καὶ
3850 3646 3951 3711 τὴν

2378 3733 2577 3803 σάρκα.
2615 3732 2761 3802 Πλὴν
2805 3732 2869 3785 τὸ
2915 3731 3302 3803 ἀληθέστερον,
3340 3734 3438 3803 τὴν
3478 3736 3826 3805 ἐπιφοίτησιν
3858 3736 3950 3789 τοῦ

2376 3823 2692 3894 Πνεύματός
2735 3842 2901 3894 φησιν
2935 3825 3194 3889 ἐνταῦθα,
3227 3827 3326 3894 τὴν
3361 3826 3468 3879 ἀπὸ
3505 3826 3599 3880 τοῦ
3638 3829 3951 3897 βαπτίσμα-

2374 3933 2461 3979 τος
2492 3918 2571 3980 εἰς
2604 3919 2751 3987 ἡμᾶς
2781 3918 3104 3988 γενομένην,
3142 3918 3239 3972 καὶ
3294 3920 3401 3990 πρὸ
3444 3919 3552 3972 τῶν
3608 3923 3948 3990 μυστηρίων.

2382 4027 2399 4058 ι
2446 4009 2840 4079 Ἐποτίσθημεν
2869 4010 2925 4062 δὲ
2962 4028 2981 4061 ι
3011 4006 3185 4075 εἶπεν,
3220 4010 3330 4062 ἀπὸ
3364 4012 3677 4079 μεταφορᾶς
3702 4011 3810 4065 τῶν
3836 4013 3955 4064 δέν-

2374 4101 2515 4171 δρων
2533 4100 2675 4172 [καὶ]
2697 4102 2807 4155 τῶν
2847 4106 2909 4156 ὲκ
2964 4106 3063 4173 τῆς
3088 4102 3257 4173 αὐτῆς
3291 4102 3715 4175 ἀρδευ[0]μένων
3746 4106 3948 4174 πηγῆς.

2380 4194 2475 4244 Ἐν
2506 4191 2597 4245 οὖν
2629 4194 2852 4264 Πνεῦμα
2904 4196 3153 4247 ἐπότισεν
3180 4196 3326 4265 ἡμᾶς
3374 4195 3466 4249 καὶ
3492 4195 3740 4265 ἦρδευσε,
3770 4203 3862 4249 καὶ
3896 4200 3953 4249 ἓν

2382 4285 2543 4355 σῶμα
2595 4281 2734 4339 εἶναι
2772 4286 3014 4356 ἐποίησε.

2454 4396 2470 4427 ι
2510 4377 2620 4430 Καὶ
2668 4377 2777 4446 γὰρ
2823 4378 2883 4430 τὸ
2946 4378 3103 4448 σῶμα
3157 4378 3259 4431 οὐκ
3322 4378 3467 4432 ἔστιν
3497 4379 3556 4433 ἓν
3601 4380 3787 4449 μέλος,
3817 4382 3954 4434 ἀλλὰ

2380 4469 2570 4523 πολλά.
2617 4490 2635 4522 ι
2672 4471 2765 4539 Μὴ
2801 4470 3106 4542 θαυμάσῃς,
3147 4473 3331 4540 φησὶν,
3360 4473 3409 4524 εἰ
3438 4472 3679 4526 τοσοῦτοι
3718 4474 3871 4536 ὄντες
3896 4475 3953 4527 ἓν

697 4582 816 4613 cum
850 4564 1041 4623 simus,
1072 4576 1234 4611 unum
1285 4572 1476 4624 corpus
1512 4557 1699 4609 simus.
1748 4553 1957 4609 Etenim
1990 4568 2043 4611 et
2090 4561 2139 4612 in
2173 4562 2269 4612 lm-
2304 4554 2346 4608 Ι)
2378 4586 2384 4612 t

2265 4587 2269 4596 ν
2304 4554 2346 4608 Ι)
2378 4564 2538 4633 σῶμά
2566 4566 2753 4631 ἐσμεν.
2788 4564 2902 4615 Καὶ
2924 4565 3033 4631 γὰρ
3080 4570 3174 4617 καὶ
3206 4565 3299 4618 ἐπὶ
3332 4566 3427 4619 τοῦ
3464 4566 3808 4637 ἀνθρωπὶνου
3844 4569 3952 4620 σώ-

697 4670 856 4707 tnano
901 4668 1127 4718 corpore
1158 4665 1187 4701 a
1231 4648 1411 4701 multis
1443 4649 1702 4701 membris
1733 4666 1901 4703 unum
1936 4666 2134 4720 corpus
2187 4664 2269 4707 est

693 4744 962 4800 invenire.
1196 4788 1199 4791 ,

763 4832 927 4888 Vena.
962 4831 1045 4897 15,
1080 4830 1160 4883 16.
1191 4848 1208 4879 ι
1250 4830 1305 4883 Si
1328 4830 1518 4883 dixerit
1544 4846 1657 4898 prs.
1683 4832 1803 4899 quia
1838 4831 1950 4885 Neu
1985 4850 2099 4888 sum
2142 4853 2255 4892 ma-

692 4941 815 4986 nus,
848 4942 949 4976 non
982 4939 1097 4975 sum
1139 4922 1205 4973 de
1234 4935 1463 4989 coipurc
1493 4939 1505 4973 ε
1544 4937 1668 4974 nttm
1703 4934 1984 4990 propterea
2034 4946 2134 4982 ιιιιιι
2188 4943 2270 4985 est

692 5021 756 5071 de
784 5014 1047 5083 COIpOl‘tz?
1078 5013 1139 5064 Et
1170 5013 1212 5065 si
1245 5013 1436 5064 dixerit
1467 5014 1613 5067 auris
1634 5052 1649 5078 ,
1694 5017 1946 5082 quoniam
2003 5034 2109 5073 non
2150 5039 2265 5077 sum

689 5113 900 5173 Oculus,
936 5124 1038 5159 non
1071 5122 1186 5161 Sum
1240 5108 1305 5159 de
1351 5121 1575 5175 corpore
1623 5124 1636 5160 :
1683 5124 1809 5162 num
1837 5123 2115 5179 prepterm
2164 5134 2267 5171 ηοη

691 5214 771 5259 cst
806 5203 872 5254 de
919 5199 1190 5269 corpore?
1234 5219 1249 5249 ι
1288 5198 1585 5254 lntroducit
1634 5201 1871 5254 membra
1918 5203 2184 5273 loquentia
2218 5218 2272 5261 et

694 5295 1109 5355 murmut'antia,
1164 5295 1305 5362 quud
1358 5292 1464 5346 sint
1513 5294 1634 5348 aliis
1690 5294 1943 5351 inferiora
1990 5319 2002 5353 :
2046 5312 2103 5354 ut
2146 5305 2268 5358 dum

690 5390 927 5443 OStclttlil
1000 5388 1363 5441 membrorum
1417 5388 1969 5444 obmurmuratimiem
2037 5394 2271 5450 absurde

693 5479 915 5541 factam,
940 5474 1244 5546 pudefaciat
1269 5491 1362 5530 eos
1384 5476 1473 5545 qui
1499 5476 1554 5529 in
1580 5477 1817 5533 Ecclesia
1839 5479 2267 5550 0bmurnm*ant,

696 5581 979 5641 propterea
1009 5569 1153 5640 quod
1208 5568 1447 5623 nonnulli
1481 5568 1611 5638 ipsis
1645 5568 1755 5625 sint
1806 5572 2061 5642 majores.
2110 5573 2270 5629 Ponit

2378 4672 2545 4725 ματος
2580 4656 2686 4707 ἀπὸ
2715 4655 2924 4707 πολλῶν
2951 4656 3124 4725 μελῶν
3160 4655 3217 4708 ἓν
3249 4657 3409 4728 σῶμα
3431 4658 3579 4711 ἐστιν
3606 4660 3805 4728 εὑρεῖν.

2438 4856 2456 4890 ς
2515 4837 2643 4890 Ἐὰν
2699 4836 2826 4906 εἴπῃ
2858 4837 2885 4887 ὁ
2941 4834 3093 4897 ποῦς,
3126 4835 3207 4887 ὃτι
3244 4834 3357 4887 Οὐκ
3389 4834 3504 4905 εἰμὶ
3532 4836 3676 4905 χεὶρ,
3710 4836 3807 4888 οὐκ
3836 4839 3954 4905 εἰμι

2377 4934 2441 4985 ἐκ
2467 4930 2560 4984 τοῦ
2606 4930 2888 4999 σώματος·
2938 4928 3000 4980 οὐ
3041 4930 3191 4998 παρὰ
3230 4926 3388 4981 τοῦτο
3441 4931 3544 4981 οὐκ
3572 4929 3719 4981 ἔστιν
3746 4931 3810 4982 ἐκ
3856 4930 3947 4983 τοῦ

2380 5024 2666 5092 σώματο;;
2694 5022 2804 5075 Καὶ
2836 5022 2931 5073 ἐὰν
2964 5020 3095 5092 εἴπῃ
3131 5020 3187 5072 τὺ
3218 5015 3331 5083 οὖς,
3361 5021 3442 5072 ὅτι
3470 5022 3582 5073 Οὐκ
3605 5023 3719 5089 εἰμί
3751 5022 3949 5089 6:50:1-

2380 5114 2497 5184 μὸς,
2523 5114 2623 5166 οὐκ
2674 5111 2788 5181 εἰμὶ
2831 5113 2893 5163 ὲκ
2921 5111 3012 5163 τοῦ
3064 5110 3341 5180 σώματος’
3377 5111 3436 5163 οὐ
3470 5112 3620 5181 παρὰ
3646 5113 3802 5166 τοῦτο
3851 5116 3950 5167 οὐκ

2373 5206 2521 5259 ἔστιν
2549 5207 2614 5258 ἐκ
2658 5204 2752 5257 τοῦ
2790 5203 3078 5273 σώματος;
3110 5222 3128 5255 ι
3168 5203 3391 5272 Εισάγει
3422 5203 3488 5257 τὰ
3538 5205 3674 5275 μέλη
3712 5205 3947 5274 φθετγὸο

2378 5317 2513 5369 μενα
2543 5300 2635 5352 καὶ
2669 5297 3007 5367 γογγύζοντα
3031 5297 3117 5350 διὰ
3150 5298 3210 5350 τὸ
3245 5296 3591 5367 ὴλαττῶσθαι
3622 5298 3730 5350 τῶν
3771 5297 3947 5351 ἄλλων

2376 5390 2579 5461 μελῶν,
2608 5392 2693 5444 ἵνα
2741 5390 2826 5442 διὰ
2856 5389 2950 5442 τοῦ
2979 5390 3146 5454 δεῖξαι
3175 5390 3267 5443 τὸν
3294 5391 3607 5460 γογγυσμὸν
3629 5391 3739 5442 τῶν
3767 5390 3945 5459 μελῶν

2376 5486 2699 5555 παραλόγως
2730 5483 3036 5554 γινόμενον,
3090 5483 3324 5556 ὲντρέψῃ
3357 5484 3483 5548 τοὺς
3522 5486 3580 5536 ὲν
3610 5486 3675 5554 τῇ
3720 5484 3947 5553 Ἐκκλη-

2375 5576 2466 5646 σία
2496 5576 2887 5646 γογγύζοντας,
2909 5576 2999 5632 διὰ
3042 5575 3102 5629 τὸ
3135 5572 3274 5631 εἷναί
3307 5593 3458 5642 τινας
3492 5576 3711 5648 μεὲξους
3740 5575 3943 5630 αὐτῶν.

1998 5710 2199 5774 Variae
2237 5709 2567 5775 lectiones.

770 5827 819 5860 ³⁸
843 5830 925 5894 εἰς
946 5828 1009 5885 τό
1032 5844 1086 5888 o.
1163 5831 1206 5864 “
1237 5830 1485 5886 τουτέστι
1508 5831 1603 5887 τοῦ
1644 5832 1810 5903 ἄρτου
1850 5848 1901 5890 o.
