4272 6448
353 363 408 424 ἱῗ
743 433 747 438 ν
985 353 1397 414 EXI’OSITIO
1439 351 1514 410 1N
1563 351 1802 411 EPIST.
1851 350 2008 409 ΙΛῘ)

985 353 1397 414 EXI’OSITIO
1439 351 1514 410 1N
1563 351 1802 411 EPIST.
1851 350 1876 408 Ι
1911 350 2008 409 AD
2043 348 2207 408 C0“.
2237 370 2303 381 -
2332 347 2487 406 CAP.
2524 342 2661 407 Xii.

3445 343 3554 400 718

305 469 500 534 Τιθησι
550 463 604 518 δὲ
637 465 730 517 δυο
771 465 940 534 ἄκρα,
999 463 1132 516 πόδα
1165 463 1258 514 καὶ
1289 463 1458 531 ἀκοήν
1481 477 1493 489 ⁸
1525 461 1615 512 καὶ
1642 461 1702 512 οῦ
1734 460 1878 511 ποιεῖ
1910 467 1950 520 Α
1983 477 1992 511 :

1864 461 1950 520 ῖΑ
1983 469 2160 511 autem
2198 459 2302 510 duo
2347 469 2606 516 extrema,
2650 457 2833 521 pedem
2884 463 2938 506 et
2973 469 3178 506 aurem.
3223 453 3324 506 Nec
3368 458 3551 521 pedm.

305 561 397 613 τον
424 558 559 609 πόδα
592 555 670 626 τῷ
696 555 962 624 ὀφθαλμῷ
1005 554 1410 621 διαλεγόμενον,
1441 552 1578 605 ἀλλὰ
1601 555 1668 621 τῇ
1695 551 1875 616 ὀλίγον

309 649 651 719 ὑπερεχούσῃ
703 647 872 700 αὐτοῦ
931 647 1093 716 χειρί.
1161 644 1273 714 Τὴν
1339 644 1525 712 μέντοι
1578 640 1747 711 ἀκοὴν
1801 639 1879 709 τῷ

306 742 571 812 ὀφθαλμῷ
625 741 834 807 εἰσάγει
890 737 1306 805 διαλεγομένη-ι’
1371 737 1454 786 ἀεὶ
1497 734 1606 802 γὰρ
1667 735 1727 785 οῦ
1768 733 1878 792 τοῖς

312 835 516 902 ago-3p:
573 832 953 901 ὑπερέχουσιν,
987 829 1122 880 ἀλλὰ
1153 831 1265 890 τοῖς
1296 828 1474 893 ὀλίγον
1519 823 1881 890 ἀναϐεϐηκόσι

310 927 524 992 φθολεῖν
551 924 842 993 εἰώθαμεν.
876 923 1045 991 Φησ“ιν
1077 920 1193 982 οὖν,
1219 923 1301 974 δτι
1351 921 1474 972 Ἐὰν
1511 921 1637 985 εἴπῃ
1671 920 1696 968 ό
1724 914 1880 977 ποῦς,

311 1020 393 1066 δτι
421 1015 554 1068 διότι
581 1015 682 1066 οῦκ
713 1013 820 1082 ἔχω
855 1013 951 1080 τὴν
988 1011 1161 1080 μέσην
1210 1010 1394 1080 χώραν
1429 1009 1502 1072 ὡς
1527 1011 1561 1077 ἡ
1591 1009 1734 1077 χεὶρ,
1771 1007 1882 1058 ἀλλ’

313 1107 570 1159 ὑποκάτω
594 1105 811 1157 πάντων
840 1105 978 1172 εἰμὶ,
1008 1104 1108 1155 οὐκ
1131 1103 1248 1168 εἰμὶ
1277 1102 1441 1170 μέρος
1474 1101 1568 1153 τοῦ
1597 1100 1846 1168 σώματος
1869 1114 1883 1128 ·

313 1199 374 1250 οῦ
404 1201 552 1268 παρὰ
583 1197 759 1257 τοῦτο,
797 1196 918 1248 ἀντὶ
975 1195 1090 1257 τοῦ,
1149 1194 1280 1246 διότι
1329 1196 1428 1246 οῦκ
1481 1193 1594 1245 ἔστι
1628 1193 1767 1261 χεὶρ,
1801 1192 1888 1245 διὰ

314 1290 471 1341 τοῦτο
518 1292 618 1341 οὐκ
658 1289 803 1340 ἐστιν
852 1289 916 1338 ἐκ
973 1287 1067 1339 τοῦ
1106 1287 1392 1354 σώματος;
1431 1287 1506 1339 Οὐ
1542 1285 1696 1354 mae
1729 1288 1888 1346 τόπος

317 1385 462 1434 ποιεῖ
490 1383 549 1434 τὸ
573 1377 714 1435 εἶναι
741 1383 906 1450 μέρος
936 1379 1028 1432 τοῦ
1067 1379 1339 1449 σώματος,
1370 1380 1402 1449 ἢ
1447 1380 1520 1450 μὴ
1553 1376 1713 1442 εἶναι,
1756 1379 1891 1431 ἀλλὰ

317 1473 378 1523 τὸ
400 1472 659 1540 ἡνῶσθαι,
691 1472 721 1541 ῆ
755 1473 829 1540 μὴ
863 1471 1124 1540 ἡνῶσθαι.
1161 1469 1434 1533 Ὡσαύτως
1459 1473 1552 1525 καὶ
1575 1472 1668 1524 ἐὰν
1697 1473 1728 1541 ἡ
1756 1471 1893 1540 ἀκοὴ

319 1565 471 1631 εἴπῃ.
509 1565 589 1616 ὅτι
620 1564 764 1614 Διότι
797 1565 896 1614 οὐκ
923 1563 1040 1630 εἰμί
1067 1562 1366 1632 ὀφθαλμὸς,
1397 1562 1770 1631 ἀποδάλλομαι
1801 1569 1894 1616 καὶ

323 1655 380 1705 τὸ
407 1653 541 1713 ὅλως
568 1654 705 1706 εἶναι
738 1655 901 1723 μέρος
933 1651 1026 1704 τοῦ
1061 1653 1350 1721 σώματος’
1385 1656 1445 1707 οὐ
1491 1655 1579 1706 διὰ
1615 1653 1772 1706 τοῦτο
1802 1655 1895 1705 καὶ

323 1746 459 1815 αὐτὴ
479 1747 576 1798 οῦκ
600 1747 751 1800 ἔσται
779 1747 842 1798 ἐκ
873 1747 966 1799 τοῦ
991 1747 1236 1815 σώματος
1259 1762 1274 1811 ;
1318 1746 1478 1799 Ἀλλὰ
1501 1746 1590 1798 τὸν
1629 1747 1685 1812 ἓξ
1719 1748 1896 1816 ἀρχῆς

321 1837 460 1906 αὐτῇ
493 1837 761 1906 ταχθέντα
814 1840 976 1891 τόπον
1007 1840 1229 1908 ἔχουσα,
1273 1839 1362 1890 καὶ
1392 1838 1488 1907 τὴν
1515 1839 1723 1891 οἰκείαν
1745 1842 1895 1906 ἐνερ-

328 1927 494 1992 εε-οῦσα
531 1929 832 1996 ἐνέργειαν,
882 1931 976 1981 καὶ
1035 1929 1176 1998 αῦτη
1232 1930 1382 1981 ἕσται
1421 1930 1584 1998 μέρος
1612 1930 1705 1981 καὶ
1736 1929 1894 1998 μέλος

321 2019 416 2070 τοῦ
452 2018 724 2088 σώματος.
760 2021 925 2072 Ὥστε
961 2021 1056 2073 καὶ
1090 2022 1153 2074 σὺ
1183 2023 1210 2074 δ
1245 2021 1416 2074 δοκῶν
1447 2021 1506 2073 τὸ
1538 2021 1756 2072 ἔλαττον
1800 2023 1892 2073 λα-

325 2112 440 2162 εἱείν
470 2111 734 2181 χάρισμα,
770 2113 843 2181 μὴ
873 2114 1130 2180 γόγγυζε.
1166 2115 1346 2183 Μέρος
1379 2113 1486 2182 γὰρ
1517 2109 1566 2165 εἷ
1590 2114 1683 2165 τοῦ
1712 2114 1894 2183 σώμα-

326 2221 412 2265 τος
441 2203 891 2272 τῆς.⁶Εκκλησίας
916 2206 1178 2275 Χριστοῦ,
1211 2210 1258 2258 εἰ
1295 2207 1388 2258 καὶ
1433 2206 1527 2258 τὸν
1555 2207 1703 2258 κάτω
1735 2208 1898 2258 τόπον

327 2295 538 2363 ἔλαχες.
581 2296 713 2346 Τότε
743 2296 799 2348 δὲ
829 2297 927 2347 οὐκ
957 2292 1007 2348 εἴ
1036 2297 1221 2364 μέλος,
1255 2298 1383 2349 ὅταν
1415 2297 1718 2366 ἁποσχίσῃς
1739 2313 1898 2350 σεαυ-

326 2386 438 2444 τόν,
475 2387 566 2435 καὶ
626 2385 721 2452 τῆς
774 2385 1020 2447 ὲνώσεως
1067 2388 1413 2458 ἀπορραγῇς.
1448 2387 1687 2440 Φύλαττε
1719 2387 1898 2440 τοίνυν

328 2475 424 2544 τὴν
449 2476 661 2537 ἕνωσιν,
687 2477 779 2529 ἐὰν
806 2476 966 2548 θέλῃς
993 2473 1133 2529 εἶναι
1158 2478 1336 2545 μέλος.

409 2671 426 2701 ι
465 2653 524 2704 Εἰ
555 2653 675 2705 ὅλον
709 2655 767 2704 το
826 2653 982 2721 σῶμα
1039 2653 1339 2722 ὀφθαλμὸς,
1396 2652 1496 2704 ποῦ
1530 2655 1562 2720 ἠ
1624 2653 1801 2722 ἁκοή;
1840 2653 1898 2703 Εἰ

331 2745 453 2797 ὗλον
481 2747 639 2815 ἀκοὴ,
669 2745 769 2798 ποῦ
801 2746 1116 2816 ὴόσφρησι,
1145 2763 1158 2810 ;
1189 2764 1208 2796 ι
1255 2745 1471 2814 Ἐπειδὴ
1504 2745 1782 2811 ὀξθαλμοῦ
1812 2745 1901 2795 καὶ

335 2841 492 2902 ποδὸς
524 2840 793 2907 ἐμνήσθη.
824 2842 916 2892 καὶ
969 2840 1135 2907 ἀκοῆς
1171 2839 1266 2890 καὶ
1315 2839 1515 2906 χειρὸς,
1570 2839 1662 2888 καὶ
1693 2839 1901 2905 ἤγαγεν

337 2931 529 2992 αὐτοὺς
558 2932 633 2992 εἰς
669 2931 872 2982 ἔννοιαν
902 2932 996 3000 τῆς
1015 2929 1283 2998 ὑπεροχῆς
1318 2930 1412 2981 καὶ
1427 2929 1553 2994 τί,ςὲ
1597 2927 1900 2987 πτώσεως.

337 3023 430 3072 καὶ
456 3021 543 3072 διὰ
575 3021 731 3072 τοῦτο
759 3021 920 3072 πάλιν
943 3020 1087 3081 εἰκὸς
1117 3016 1185 3089 ἦν
1212 3019 1410 3080 αὐτοὺς
1451 3015 1759 3079 λυπεῖσθαι,
1784 3016 1904 3084 οὐχὶ

1986 563 2107 600 cum
2138 549 2294 601 oculo
2318 548 2670 599 disserentem
2713 544 2936 604 inducit,
2969 547 3059 595 sed
3086 559 3206 596 cum
3240 560 3422 605 manu,
3449 560 3562 610 ipso

1983 639 2366 705 aliquantulum
2399 638 2694 700 superiore.
2735 635 2992 688 Auditum
3034 645 3210 686 autem
3261 634 3563 687 introducit

1984 745 2104 782 cum
2137 730 2293 783 oculo
2327 730 2687 796 disputantem
2724 744 2738 790 ;
2783 728 2862 779 eis
2894 728 3038 779 enim
3095 728 3182 792 qui
3217 727 3368 796 longe
3413 728 3564 780 ιιο1ιίς

1985 819 2392 887 Supermninent
2459 832 2730 884 numquam
2776 817 3012 868 invidere
3057 817 3310 878 solemus,
3360 819 3451 867 sed
3497 818 3562 868 iis

1986 915 2076 982 qui
2128 911 2284 979 paulo
2342 911 2501 963 altius
2533 910 2913 963 ascenderunt.
2958 911 3045 962 Ait
3076 910 3237 977 igitur
3273 927 3286 962 :
3321 910 3472 973 Quod
3515 910 3558 960 si

1989 1008 2186 1061 dixerit
2217 1021 2333 1074 pes,
2376 1005 2496 1072 quia
2529 1020 2632 1057 non
2693 1004 2865 1058 habeo
2901 1003 3130 1056 medimn
3184 1007 3355 1057 locum
3414 1019 3566 1071 teque

1991 1113 2054 1150 ac
2079 1112 2289 1157 manus,
2325 1095 2417 1149 sed
2447 1110 2562 1148 sum
2587 1095 2826 1146 omnium
2868 1093 3109 1153 iniimus,
3139 1108 3240 1144 non
3279 1110 3393 1146 sum
3435 1110 3564 1162 ergo

1991 1206 2116 1258 pars
2158 1188 2451 1258 Corporis:
2498 1187 2756 1253 nmnquid
2813 1197 3116 1254 prepterea,
3155 1185 3255 1238 hoc
3312 1195 3396 1238 est
3443 1191 3564 1254 quia

1995 1298 2097 1334 non
2133 1293 2214 1333 est
2245 1294 2455 1340 manus,
2507 1292 2612 1331 non
2646 1286 2729 1330 est
2752 1278 2868 1329 ideo
2898 1292 2961 1329 ex
2996 1275 3258 1344 corpore?
3288 1275 3398 1328 Non
3422 1277 3566 1329 enim

1997 1377 2142 1427 lorus
2170 1383 2251 1426 est
2285 1374 2333 1425 in
2366 1387 2548 1434 causa,
2596 1386 2692 1424 cur
2731 1369 2801 1421 sit
2848 1383 2973 1438 pars
3020 1369 3285 1436 corporis,
3335 1368 3414 1418 vel
3464 1386 3566 1420 non

1997 1469 2106 1521 sit:
2142 1481 2324 1520 verum
2353 1466 2495 1533 quod
2517 1465 2730 1532 corpori
2769 1462 2974 1516 unitum
3013 1463 3084 1514 sit
3119 1462 3200 1513 vel
3244 1477 3367 1513 non.
3419 1461 3567 1513 lluuc

2001 1561 2063 1612 ad
2105 1560 2317 1612 modum
2350 1558 2392 1611 si
2431 1558 2578 1609 auris
2612 1555 2828 1618 dixerit,
2877 1553 3012 1619 Quia
3057 1568 3161 1606 non
3197 1567 3312 1604 sum
3362 1553 3566 1614 oculus,

2000 1667 2116 1704 eam
2153 1650 2223 1703 ob
2263 1664 2481 1702 causam
2518 1646 2681 1700 urbor
2709 1645 2930 1699 omnino
2959 1660 3045 1710 eo,
3082 1656 3140 1698 ut
3164 1646 3264 1698 sint
3301 1660 3424 1712 pars
3452 1661 3569 1695 cor-

2001 1743 2147 1810 poris
2175 1757 2190 1795 :
2223 1753 2350 1794 num
2383 1747 2660 1808 propterea
2693 1747 2746 1791 et
2774 1737 2886 1804 ipsa
2917 1751 3023 1789 non
3053 1737 3158 1790 erit
3198 1751 3260 1788 ex
3309 1736 3570 1803 corpore?

1999 1836 2164 1904 Atqui
2201 1851 2319 1889 cum
2347 1833 2522 1888 locum
2551 1832 2654 1887 sibi
2681 1847 2709 1885 a
2745 1831 3011 1902 principio
3056 1831 3381 1884 destinatum
3437 1833 3567 1885 mti-

2000 1939 2146 1991 neat.
2183 1928 2565 1997 propriamque
2594 1926 2960 1994 operationem
2985 1931 3260 1991 operetur,
3296 1925 3407 1990 ipsa
3437 1940 3569 1991 quo-

2000 2037 2103 2089 que.
2131 2023 2234 2074 erit
2260 2029 2314 2073 et
2347 2019 2646 2073 membrum
2672 2027 2722 2071 et
2759 2031 2883 2083 pars
2936 2017 3197 2083 corporis.
3232 2016 3464 2070 Proinde
3516 2028 3572 2070 et

2001 2121 2077 2175 tu,
2109 2112 2198 2176 qui
2227 2110 2423 2160 donum
2472 2111 2645 2158 minus
2690 2105 2964 2172 accepisse
3010 2102 3224 2166 videris,
3267 2103 3378 2155 noli
3422 2118 3572 2154 mur-

2002 2217 2234 2254 murare.
2267 2200 2560 2252 Membrum
2593 2199 2732 2251 enim
2766 2213 2825 2250 es
2859 2196 3134 2261 Ecclesiae,
3171 2209 3289 2263 qua;
3327 2202 3412 2249 est
3451 2209 3574 2248 cor-

2001 2309 2099 2360 pus
2146 2293 2362 2352 Clu-isti.
2393 2289 2602 2343 etiamsi
2663 2289 2971 2341 inferiorem
3019 2288 3193 2341 locum
3253 2297 3443 2340 nactus
3488 2301 3565 2339 es.

2001 2385 2135 2436 Tum
2167 2400 2290 2436 vero
2324 2397 2426 2435 nou
2460 2397 2518 2434 es
2560 2379 2885 2438 membrum.
2912 2394 3034 2432 cum
3068 2379 3295 2448 teipsmn
3331 2379 3574 2433 abscide-

2004 2476 2096 2537 ris,
2130 2485 2287 2542 atque
2317 2475 2382 2525 al)
2413 2472 2619 2524 unitate
2665 2471 2884 2524 avulsus
2929 2469 3116 2523 fueris.
3151 2467 3426 2523 Conserva
3471 2470 3572 2538 igi-

2003 2576 2089 2619 tur
2115 2568 2395 2624 nnitatem,
2433 2565 2472 2616 si
2499 2563 2578 2615 vis
2608 2577 2727 2616 esse
2753 2560 3074 2615 membrum.

2077 2659 2237 2711 \"r.ns.
2270 2659 2352 2712 Π.
2391 2675 2408 2707 ι
2445 2656 2498 2710 Si
2539 2665 2703 2710 totum
2737 2671 2936 2724 corpus
2961 2657 3170 2720 oculus,
3205 2658 3290 2710 ubi
3329 2657 3576 2710 auditas?

2005 2753 2060 2805 Si
2109 2760 2278 2805 totum
2313 2751 2548 2812 auditus,
2591 2749 2676 2804 ubi
2713 2749 2982 2802 oll'at-tus?
3012 2767 3033 2800 ι
3067 2747 3200 2816 Quia
3234 2751 3372 2804 oculi
3401 2761 3454 2803 et
3482 2767 3570 2818 pe~

2003 2843 2086 2895 tlis
2116 2845 2456 2906 meminerat,
2485 2853 2535 2892 et
2563 2842 2778 2893 auditus
2805 2850 2859 2894 et
2891 2855 3102 2902 manus,
3142 2855 3345 2909 eosque
3395 2842 3446 2893 in
3477 2858 3572 2893 ex-

2005 2934 2265 2989 Celleutia:
2316 2933 2667 3000 deiectusque
2725 2933 3107 3000 cogitationem
3161 2932 3466 2992 induxerat,
3510 2950 3574 2985 ac

2020 3025 2316 3079 verisimile
2354 3036 2502 3080 esset
2528 3039 2716 3079 rursus
2744 3025 2887 3092 ipsos
2919 3038 3202 3079 lllCBl'Ol‘em
3237 3024 3358 3078 inde
3394 3027 3570 3092 potius

339 3109 817 3178 παραμυθεῖσθαι·
857 3109 952 3161 νῦν
981 3109 1272 3172 δείκνυσιν,
1321 3109 1401 3160 ὅτι
1428 3107 1569 3160 οὕτω
1629 3108 1904 3176 συμφέρον
1932 3141 1978 3206 C
2010 3132 2026 3165 ι

1884 3123 1904 3156 ν
1932 3141 1978 3206 C
2010 3131 2170 3185 quam
2206 3116 2629 3170 consolationem
2687 3115 2975 3182 accipere:
3025 3130 3169 3170 nunc
3215 3119 3454 3170 ostendit
3503 3117 3571 3168 ita

339 3201 476 3261 ἐστὶ,
507 3199 740 3269 διάφορα
793 3196 934 3252 εἶναι
971 3202 1306 3269 χαρίσματα.
1340 3201 1400 3252 Εἰ
1432 3199 1538 3268 γὰρ
1567 3197 1624 3250 ἓν
1651 3197 1809 3266 μέλος
1841 3192 1906 3265 ἦν

338 3293 398 3343 τὸ
456 3293 618 3361 σῶμα
664 3294 806 3353 ὅλον,
863 3311 965 3344 που
1019 3294 1085 3345 τὰ
1146 3293 1342 3354 λοιπάς
1389 3293 1502 3344 Οὐκ
1554 3290 1782 3361 αἰσχύνῃ
1815 3289 1907 3342 οῦν

342 3385 581 3437 τοσαῦτα
621 3386 756 3454 μέλη
793 3384 1095 3447 ἐκεάλλων,
1143 3385 1236 3437 γαί
1286 3383 1508 3436 σεαυτὸν
1552 3383 1710 3451 μόνον
1743 3381 1908 3445 ἀξιῶν

339 3471 478 3526 εἶναι
500 3492 514 3535 ;

413 3585 432 3616 ι
466 3567 578 3618 Νῦν
611 3566 665 3618 δὲ
696 3569 724 3619 δ
748 3567 878 3628 Θεὸς
916 3567 1068 3618 ἔθετο
1096 3567 1163 3619 τὰ
1197 3566 1351 3636 μέλη,
1383 3565 1440 3619 ἓν
1467 3566 1694 3620 ’ἑκαστον
1731 3565 1908 3618 αὐτῶν

342 3661 398 3709 ἐν
423 3659 499 3727 τῷ
532 3657 767 3728 σώματι,
806 3659 988 3720 καθὼς
1021 3659 1274 3728 ἠθέλησε.
1311 3679 1329 3710 ι
1393 3660 1658 3726 Μεγάλως
1693 3661 1908 3710 ἐπιστο-

345 3753 492 3816 μίζει
523 3753 716 3814 αὐτοὺς
737 3752 824 3804 διὰ
851 3753 946 3803 τοῦ
982 3752 1182 3818 λέγειν,
1215 3752 1296 3804 ὅτι
1324 3753 1351 3804 δ
1373 3753 1501 3813 θεὶς
1531 3751 1787 3820 ἠθέλησε,
1816 3751 1908 3802 καί

342 3845 617 3910 αςαςὶπρισεν
643 3844 724 3894 ἑνὶ
759 3843 976 3908 ἑκάστῳ
1010 3842 1164 3910 μέλει
1195 3842 1288 3893 τὸν
1311 3842 1512 3893 οἰκεῖον
1533 3842 1696 3893 τόπον
1718 3839 1910 3911 (τοῦτο

343 3936 448 4004 γὰρ
483 3935 735 4001 σημαίνει
771 3935 850 3995 τὸ,
886 3952 902 3983 ι
937 3934 1130 3986 Ἔθετο
1161 3935 1230 3999 ι),
1266 3934 1355 3985 καὶ
1381 3932 1503 3985 οὔτε
1537 3934 1564 3984 ὁ
1595 3932 1724 3994 ποῦς
1773 3933 1910 4001 έχων

343 4028 432 4075 τον
458 4030 606 4077 κάτω
637 4027 800 4074 τόπον
844 4025 1049 4090 ὀφείλει
1075 4025 1260 4090 ἀλγεῖν
1285 4043 1297 4054 ’
1338 4024 1478 4076 οὕτω
1511 4023 1618 4093 γὰρ
1650 4025 1908 4093 ἠθέλησεν

342 4120 370 4165 ό
402 4116 504 4166 Θεὸ
538 4157 551 4178 ,
589 4116 681 4166 καὶ
706 4115 860 4165 τοῦτο
887 4114 1036 4183 αὐτῷ
1061 4114 1353 4183 συμφέρει,
1377 4116 1436 4165 τὸ
1464 4115 1610 4166 κάτω
1631 4113 1905 4182 τετάχθαι.

344 4205 478 4256 υῦτε
516 4207 547 4274 ἡ
572 4207 781 4274 κεςαλὴ
801 4205 899 4273 τὴν
923 4205 1034 4256 ἄνω
1059 4205 1243 4274 χώραν
1275 4204 1496 4272 ἔχουσα,
1527 4207 1728 4274 ὀφείλει
1756 4205 1910 4257 ἐπεί-

348 4297 536 4365 ρεεθαι
557 4314 567 4323 ·
592 4295 794 4368 [τοῦτο]
827 4298 933 4364 γὰρ
959 4296 1094 4347 Θεοῦ
1118 4298 1255 4361 ἐστι,
1278 4297 1432 4348 τοῦτο
1453 4296 1550 4348 οὐκ
1578 4296 1748 4364 αὐτῆς
1782 4314 1910 4349 κατ-

343 4389 586 4458 όρθωμα.
624 4390 817 4450 υὲτως
847 4386 941 4439 οὖν
972 4389 1067 4439 καὶ
1097 4389 1189 4439 ἐπὶ
1214 4390 1310 4455 τῆς
1350 4388 1686 4457 Ἐκκλησίας,
1718 4390 1746 4440 ὁ
1780 4388 1910 4450 Θεὸς

2009 3207 2347 3262 commodum
2387 3222 2527 3270 esse,
2561 3217 2618 3261 ut
2648 3209 2758 3262 sint
2790 3209 2997 3262 diversa
3035 3208 3194 3261 dona.
3232 3207 3362 3261 Nam
3411 3210 3454 3261 si
3491 3219 3576 3262 to-

2012 3308 2120 3350 tum
2153 3312 2346 3364 corpus
2373 3297 2512 3350 foret
2545 3313 2708 3350 unum
2755 3295 3073 3357 membrum,
3108 3297 3324 3349 ubinam
3375 3299 3577 3361 reliqua

2012 3389 2323 3442 manerent?
2368 3387 2482 3442 Non
2527 3390 2686 3457 igitur
2733 3389 2894 3456 pudet
2939 3398 3009 3448 te,
3060 3387 3151 3455 qui
3193 3396 3271 3442 tot
3339 3391 3576 3444 membra

2009 3483 2180 3550 t-jicis,
2209 3492 2263 3534 et
2293 3490 2342 3534 te
2374 3481 2544 3534 solum
2578 3479 2796 3547 dignum
2833 3493 2950 3532 esse
2975 3478 3225 3546 iudicas?

2082 3575 2241 3628 Vens.
2274 3574 2359 3628 18.
2404 3591 2422 3624 ι
2469 3573 2619 3626 Nunc
2664 3582 2838 3624 autem
2902 3571 3076 3638 posuit
3123 3568 3265 3624 Deus
3317 3575 3578 3636 membra,

2011 3666 2424 3734 unumquodque
2457 3678 2641 3716 eorum
2677 3663 2726 3714 in
2759 3675 3004 3728 corpore.
3035 3661 3175 3714 sicut
3203 3662 3396 3714 voluit.
3432 3681 3448 3712 ι
3482 3665 3580 3717 Ve-

2012 3763 2290 3815 ltementer
2319 3772 2410 3810 eos
2449 3754 2767 3822 compescit,
2811 3768 2932 3806 cum
2989 3753 3082 3817 ait,
3114 3753 3253 3820 quod
3307 3754 3443 3806 Deus
3489 3771 3582 3807 vo.

2010 3852 2131 3916 luit,
2173 3865 2234 3903 ae
2285 3847 2581 3918 segregavit
2635 3845 2795 3915 198
2840 3843 3104 3898 unicuivis
3156 3848 3396 3898 IIIOIIIIII‘O
3453 3864 3579 3916 pro-

2013 3940 2186 4006 prium
2247 3940 2416 3989 locum
2477 3935 2552 4004 (id
2593 3935 2734 3987 enim
2795 3931 3083 3998 signiﬁcat,
3141 3951 3155 3981 ι
3205 3931 3386 3986 Posuit
3436 3940 3482 4000 t)
3527 3947 3582 3989 et

2010 4029 2150 4099 quod
2216 4042 2386 4094 neque
2439 4039 2550 4093 pes,
2605 4023 2730 4091 quia
2779 4022 3021 4074 intimum
3093 4024 3263 4075 locmn
3315 4026 3577 4086 obtineat,

2011 4136 2148 4185 aegre
2194 4119 2333 4172 ferre
2385 4117 2596 4170 debeat.
2636 4113 2724 4168 Sic
2776 4114 2918 4166 enim
2982 4113 3117 4167 Deus
3163 4115 3370 4168 voluit:
3421 4128 3580 4182 atque

2013 4215 2114 4266 hoc
2142 4211 2240 4280 ipsi
2266 4209 2493 4270 confert,
2527 4208 2576 4260 in
2612 4207 2718 4258 imo
2758 4205 2872 4257 loco
2922 4203 3153 4269 positum
3206 4220 3346 4260 esse.
3397 4207 3580 4270 Neque

2012 4313 2172 4373 caput
2222 4316 2530 4370 supremum
2581 4300 2749 4351 locum
2805 4298 3031 4358 habens,
3098 4309 3375 4364 propterea
3424 4302 3582 4354 debet

2014 4395 2214 4449 elferri.
2254 4392 2344 4446 Dei
2397 4392 2538 4443 enim
2576 4391 2698 4449 hoc,
2727 4405 2831 4440 non
2862 4386 3028 4455 ipsius
3057 4402 3189 4456 Opus
3248 4402 3346 4443 est.
3394 4395 3581 4448 (linis:—

344 4482 495 4532 ;Osto
517 4483 701 4532 τοῦτον
723 4477 862 4532 εἶναι
890 4480 1058 4538 κάτω,
1086 4481 1183 4532 καὶ
1217 4483 1482 4550 συμφέρει
1513 4481 1659 4549 αὑτῷ
1678 4500 1690 4511 ·
1717 4483 1904 4532 κάκεῖ·
1940 4477 1982 4530 D
2015 4505 2027 4539 ι

1893 4510 1904 4520 ·
1940 4477 1982 4530 1)
2015 4486 2187 4539 milem
2223 4485 2288 4536 ad
2327 4480 2619 4534 modumin
2659 4479 2897 4532 Ecclesia
2939 4480 3074 4532 Deus
3124 4484 3401 4534 constituit
3444 4487 3580 4537 hune

345 4591 433 4623 νον
453 4569 592 4622 εἶναι
621 4573 731 4623 ἄνω
753 4589 764 4600 ·
803 4573 898 4622 καὶ
925 4571 1006 4622 δεῖ
1037 4573 1129 4622 καὶ
1162 4571 1343 4622 τοῦτον
1364 4575 1632 4640 στέργειν,
1659 4573 1907 4624 κάκεῖνον

348 4665 424 4733 μὴ
458 4665 708 4732 αἴρεσθαι
734 4663 793 4714 θ’.

426 4865 440 4891 ι
476 4844 535 4896 ΕΞ
560 4843 616 4895 δὲ
643 4840 708 4912 ἦν
739 4843 805 4894 τὰ
842 4844 1014 4894 πάντα
1047 4842 1104 4893 ἒν
1138 4843 1318 4911 μέλος,
1351 4842 1450 4894 ποῦ
1480 4843 1538 4895 τὸ
1564 4843 1718 4912 σῶμα
1741 4861 1754 4905 ;
1777 4846 1908 4896 Νυνὶ

345 4935 400 4986 δὲ
435 4933 605 4984 πολλὰ
644 4934 740 5002 μὲν
777 4933 934 5001 μέλη,
962 4933 1019 4982 ἓν
1045 4932 1097 4983 δὲ
1132 4931 1308 5000 σῶμα.
1349 4950 1368 4982 ι
1413 4933 1551 5002 Ὅρα
1587 4933 1812 5000 σοφίαν·
1851 4936 1910 4998 ἐξ

348 5027 512 5078 ε-ὺτοῦ
545 5025 732 5076 τούτου
770 5026 1112 5092 ἐπιστομίζει
1134 5026 1350 5086 αὐτοὺς,
1384 5025 1478 5076 τοῦ
1504 5025 1782 5088 δοκοῦντος
1808 5028 1908 5095 ἐμ-

353 5121 524 5170 ποιεῖν
554 5117 650 5185 τὴν
683 5117 1069 5186 μικροψυχίαν,
1106 5115 1252 5184 φημὶ
1298 5115 1353 5167 δὲ
1386 5115 1480 5167 τοῦ
1513 5116 1744 5184 διάφορα
1773 5113 1910 5168 εἷναι

346 5210 414 5261 τὰ
441 5211 777 5277 χαρίσματα,
803 5206 899 5259 καὶ
934 5206 1009 5276 μὴ
1059 5203 1197 5258 εἶναι
1256 5208 1469 5274 ἰσότιμα
1512 5205 1579 5258 ⁸³.
1610 5207 1671 5257 Ei
1696 5207 1801 5272 γὰρ
1836 5207 1910 5275 μὴ

347 5299 489 5369 ἦσαν
534 5300 767 5368 διάφορα
829 5299 990 5368 μέλη,
1025 5298 1130 5350 οὐδ’
1157 5299 1223 5350 ἂν
1261 5299 1319 5350 ἓν
1348 5297 1508 5367 σῶμα
1529 5295 1595 5368 ἧν
1616 5315 1629 5327 ·
1658 5301 1730 5369 μὴ
1760 5299 1908 5362 ὄντος

346 5394 402 5444 δὲ
430 5393 546 5454 ἑνὸς
609 5394 880 5460 σώματος,
914 5391 1034 5443 οὐδὲ
1087 5390 1324 5458 ἰσοτιμία
1356 5390 1420 5443 ἂν
1471 5385 1558 5460 ἦν.
1594 5390 1706 5442 Νῦν
1745 5391 1800 5442 δὲ
1823 5391 1911 5444 διὰ

344 5485 504 5539 τοῦτο
528 5485 764 5554 ἰσοτιμία
787 5486 933 5537 ἐστὶν
965 5485 1024 5536 ἐν
1060 5485 1211 5547 πᾶσι,
1241 5483 1374 5535 διότι
1408 5484 1491 5558 εἰς,
1511 5482 1566 5536 ἓν
1599 5483 1755 5552 σῶμα
1782 5499 1907 5533 συν-

2013 4574 2479 4634 esseinieriorem,
2500 4574 2549 4624 id
2573 4573 2711 4640 quod
2747 4572 2839 4635 ipsi
2876 4575 3129 4636 prodest:
3164 4569 3308 4623 illum
3341 4589 3465 4627 vero
3496 4594 3585 4629 su-

2017 4669 2301 4735 periorem.
2336 4664 2507 4730 Atque
2539 4663 2677 4714 hunc
2717 4668 3039 4726 oportetsua
3089 4669 3230 4713 sorte
3291 4678 3409 4715 esse
3453 4681 3578 4718 eo...

2020 4764 2240 4816 lentum.
2275 4754 2419 4805 illtnn
2449 4767 2570 4804 vero
2603 4767 2704 4802 non
2745 4752 2934 4804 attolli.

2092 4845 2252 4898 Vens.
2291 4842 2463 4904 l9,“20.
2503 4859 2518 4890 ι
2563 4840 2714 4906 Quod
2745 4843 2787 4894 si
2817 4856 2991 4898 essent
3020 4847 3195 4897 omnia
3230 4862 3389 4897 unum
3419 4863 3582 4897 ntem-

2014 4939 2187 5001 hrum,
2223 4936 2310 4989 ubi
2348 4934 2578 5001 corpus?
2602 4934 2749 4987 Nunc
2776 4946 2953 4990 autem
2992 4937 3225 4990 membra
3252 4938 3437 4997 multa,
3465 4955 3583 4991 cor-

2015 5045 2116 5099 pus
2168 5042 2295 5081 vero
2346 5041 2510 5078 unum
2555 5035 2656 5079 cst.
2697 5043 2715 5076 ι
2784 5026 3166 5081 Animadverte
3231 5031 3576 5097 Sapientiam.

2017 5121 2126 5175 lloc
2160 5122 2271 5186 ipso
2312 5133 2406 5171 ora
2457 5119 2691 5187 ipsorum
2739 5119 2992 5182 obstruit,
3031 5122 3170 5186 quod
3211 5120 3489 5172 videbatur
3516 5121 3578 5172 il—

2017 5215 2080 5266 lis
2112 5227 2299 5281 parere
2358 5211 2897 5279 pttsillanimitalem;
2935 5226 3143 5279 nempe,
3194 5213 3332 5275 quod
3368 5211 3580 5264 diversa

2016 5309 2126 5360 sint
2158 5304 2509 5368 charismata,
2549 5301 2800 5371 quodque
2832 5318 2936 5355 non
2962 5304 3069 5355 sint
3102 5303 3212 5370 pari
3264 5303 3462 5356 lienore
3501 5304 3584 5355 di-

2017 5413 2140 5467 gna.
2173 5394 2281 5448 Nisi
2319 5395 2461 5448 enim
2491 5403 2673 5448 essent
2721 5395 2927 5447 diversa
2969 5393 3231 5458 membra,
3267 5408 3436 5461 neque
3456 5407 3578 5444 cor-

2018 5503 2115 5555 pus
2155 5500 2319 5540 uutun
2349 5495 2496 5540 esset
2527 5504 2539 5538 :
2583 5485 2723 5554 quod
2759 5485 2802 5540 si
2842 5500 3035 5555 corpus
3065 5501 3168 5541 non
3213 5494 3354 5540 θεειει
3392 5499 3577 5548 unum,

1655 5646 1852 5707 Varim
1910 5647 2233 5723 lectiones,

420 5769 465 5800 ⁰¹
493 5767 810 5836 ἐπαίρεσθαι
836 5783 905 5825 ιιι.
986 5769 1029 5800 ³³
1066 5766 1336 5836 ἰσοτιμίαν
1360 5784 1413 5822 0.
