4272 6448
679 441 788 505 719

1569 424 2147 487 TliEOl‘llYLACTl
2197 421 2608 482 BULGARIJE
2649 420 2995 480 ARCIIIEP.

3837 418 3955 483 720

684 567 797 611 tum
832 567 937 608 non
977 557 1118 604 esset
1143 546 1366 601 honoris
1391 540 1692 611 aequalitas.
1736 539 1854 593 lam
1888 551 2019 592 vero
2043 549 2161 588 eam
2195 534 2263 588 ob
2294 539 2371 595 Α·

2294 539 2343 595 Α
2368 534 2584 587 τελοῦσι
2614 534 2683 586 τὰ
2743 536 2943 587 πάντα.
3002 531 3165 585 Ὥστε
3200 530 3261 583 ἐκ
3294 530 3389 584 τοῦ
3441 532 3675 602 διάφορα
3714 525 3854 586 εἶναι
3885 536 3962 586 τὰ

681 663 794 702 rem
823 646 875 698 in
904 640 1155 696 omnibus
1177 647 1261 693 est
1284 636 1423 690 idem
1461 630 1716 702 pretium,
1741 630 1884 699 quod
1911 627 2091 681 omnia
2119 626 2261 679 idem

678 751 878 808 corpus
904 732 1211 803 perliciant.
1241 730 1427 797 Itaque
1445 726 1568 796 quia
1600 724 1813 777 diversa
1845 719 2085 775 membra
2108 726 2259 782 sunt,

678 831 801 886 ideo
829 844 994 883 unum
1020 840 1216 894 corpus
1245 821 1537 892 perﬁcitur.
1560 816 1693 884 Quia
1711 829 1841 871 vero
1856 828 2019 867 unum
2040 826 2260 879 corpus,

681 923 804 979 ideo
841 922 1085 990 ejusdem
1117 915 1397 986 dignitatis
1448 920 1572 967 sunt
1609 909 1814 973 omnia,
1841 921 1909 962 ex
1966 907 2067 961 hoc
2121 906 2259 973 ipso,

2378 625 2537 695 μέλη,
2562 625 2909 678 ἀποτελεῖται
2933 624 2991 677 ἓν
3023 625 3185 696 σῶμα
3211 642 3223 653 ·
3261 627 3324 678 ὲκ
3356 624 3451 678 τοῦ
3478 624 3537 678 ἒν
3582 620 3722 679 εἶναι
3767 625 3960 695 σῶμα,

2376 719 2616 787 ἰσοτιμία
2646 717 2763 770 ἐστὶ
2798 719 2954 782 πᾶσι,
2982 721 3102 772 κατ’
3127 719 3259 771 αὐτὸ
3289 718 3473 783 τοῦτο,
3507 716 3643 771 καθὸ
3669 716 3962 771 συντελοῖν

2376 828 2460 863 σιν
2488 812 2568 874 εἰς
2600 812 2717 874 ἐνὸς
2754 811 3008 879 σώματος
3040 813 3438 882 συμπλήρωσιν
3458 828 3471 843 ·
3520 811 3615 865 καὶ
3644 812 3752 883 γάρ
3780 829 3955 883 φησι·

2376 924 2393 955 ι
2431 905 2608 957 nam
2638 907 2736 973 μὲν
2775 907 2933 976 μέλη,
2968 906 3026 959 ἓν
3056 907 3112 960 δὲ
3147 907 3326 978 σῶμα.
3370 926 3389 959 ι

680 1016 825 1086 quod
852 1012 1033 1069 omnia
1064 1019 1258 1065 coeant
1278 1019 1332 1063 et
1355 1005 1803 1075 compaginentur
1832 998 1899 1055 ad
1934 998 2094 1054 unius
2120 1000 2364 1067 corporis
2390 999 2867 1067 complementum.
2902 1004 2989 1055 Ait
3022 1001 3168 1057 enim
3203 1020 3216 1056 :
3263 1022 3281 1056 ι
3322 1003 3483 1058 Multa
3518 1005 3734 1075 quidem
3776 1021 3959 1062 mem-

680 1113 800 1173 bra,
834 1121 1033 1176 corpus
1066 1118 1197 1159 vero
1226 1116 1413 1157 unum.
1455 1116 1473 1150 ι

754 1199 925 1255 Vens.
958 1197 1051 1252 2t.
1089 1214 1108 1247 c
1152 1193 1267 1247 Non
1301 1199 1474 1262 potest
1505 1198 1682 1243 autem
1708 1187 1895 1242 oculus
1926 1186 2106 1240 dicere
2139 1199 2259 1238 ma-

678 1294 796 1359 nui,
828 1292 1005 1361 Opera
1034 1298 1119 1341 tua
1153 1302 1258 1339 non
1294 1283 1511 1353 indigeo
1537 1299 1551 1336 :
1581 1292 1673 1335 aut
1703 1282 1900 1334 iterum
1927 1287 2089 1346 caput
2112 1278 2262 1346 pedi-

678 1390 800 1450 bus,
852 1382 1025 1449 Opera
1077 1387 1253 1434 vestra
1280 1390 1408 1451 non.
1451 1374 1683 1441 indigeo.
1725 1389 1743 1422 ι
1783 1368 2134 1438 Pacatisjam
2181 1368 2261 1423 eis

679 1478 770 1547 qui
804 1477 1011 1531 minora
1035 1473 1367 1527 charismata
1390 1471 1735 1536 acceperant,
1766 1463 1832 1517 ad
1855 1477 1949 1518 eos
1971 1476 2115 1515 nunc
2137 1475 2259 1514 ver-

676 1572 745 1626 ba
777 1570 928 1635 facit,
959 1565 1052 1635 qui
1086 1563 1289 1632 majora
1326 1558 1620 1621 habebant,
1654 1570 1823 1626 seque
1852 1570 1980 1624 erga
2022 1552 2247 1607 inferio-

679 1676 767 1717 res
799 1650 1093 1714 insolenter
1119 1653 1398 1723 gerebant.
1426 1648 1492 1705 Ut
1526 1649 1692 1713 eaim,
1720 1647 1913 1714 inquit,
1936 1643 2122 1699 oculus
2146 1658 2253 1697 non

679 1763 857 1823 potest
895 1750 1075 1805 dicere
1131 1743 1357 1814 reliquis
1405 1742 1683 1804 membris,
1738 1737 1901 1793 Vobis
1956 1751 2091 1806 opus
2148 1749 2258 1789 non

679 1844 849 1899 habeo
916 1840 1065 1909 (uno
1116 1849 1351 1904 namque
1406 1831 1710 1894 deﬁciente,
1772 1826 2045 1882 claudicat
2098 1834 2267 1880 totum

678 1932 942 2005 corpus),
979 1932 1061 1986 sic
1094 1943 1267 1998 neque
1288 1925 1378 1995 qui
1412 1922 1616 1993 majora
1652 1922 1983 1977 charismata
2040 1934 2269 1989 act-epe-

682 2034 827 2087 runt,
883 2021 1132 2077 attollere
1164 2031 1287 2073 sese
1351 2020 1581 2087 possunt
1626 2012 1887 2067 adversus
1928 2026 2025 2067 eos
2075 2011 2273 2080 quibus

684 2129 810 2173 sunt
845 2118 1076 2171 minora.
1122 2112 1321 2168 Eorum
1372 2109 1516 2165 enim
1565 2117 1619 2161 et
1643 2106 1741 2177 ipsi
1792 2120 1957 2174 opera
2008 2104 2269 2174 indigent,

682 2221 872 2280 utpote
899 2207 990 2277 qui
1018 2204 1117 2262 soli
1146 2218 1253 2258 non
1281 2198 1554 2256 sulIiciunt
1582 2197 1648 2251 ad
1681 2196 1977 2251 Ecclesiam
2006 2192 2101 2248 Dei
2136 2192 2270 2248 aedi-

693 2302 981 2358 ticandam.
1036 2295 1268 2352 Pulchre
1314 2300 1494 2346 autem
1548 2288 1707 2353 dixit,
1745 2304 1764 2340 l
1828 2285 1945 2341 Non
2023 2292 2215 2354 potest.
2246 2300 2266 2334 ι

682 2392 902 2447 Etiamsi
935 2401 1167 2456 namque
1194 2383 1361 2438 multa
1391 2381 1537 2446 velit,
1585 2380 1779 2448 inquit,
1824 2392 1928 2432 non
1974 2377 2050 2430 sic
2086 2385 2271 2429 tamen

683 2488 842 2541 habet
874 2484 948 2537 rei
993 2488 1205 2534 natura.

752 2579 916 2633 Vens.
970 2571 1158 2636 22,23.
1208 2567 1371 2632 «βοά
1423 2564 1591 2619 multo
1642 2562 1814 2631 inagis
1840 2574 1960 2629 qua:
2012 2558 2270 2614 videntur

684 2670 926 2725 membra
955 2663 1199 2733 corporis
1235 2659 1534 2715 inlirmiora
1568 2670 1713 2720 esse,
1756 2654 2063 2708 necessaria
2091 2659 2218 2705 sunt
2255 2667 2267 2703 :

681 2774 731 2816 et
785 2777 904 2831 quze
937 2769 1190 2829 putamus
1221 2751 1542 2823 ignobiliora
1589 2762 1713 2803 esse
1735 2747 2001 2817 corporis,
2048 2745 2131 2799 his
2177 2744 2276 2797 lto-

684 2866 871 2909 norem
905 2846 1351 2904 abundantiorem
1400 2841 1840 2897 circumdamus:
1876 2850 1929 2893 et
1962 2852 2081 2905 qua:
2111 2836 2269 2889 inho-

686 2956 841 2999 nesta
872 2949 999 2998 sunt
1025 2948 1234 3001 nostra,
1280 2934 1725 2990 abundantiorem
1778 2931 2115 2984 honestatem
2168 2928 2267 2981 ba-

697 3039 847 3091 bent.
898 3052 915 3085 ›
949 3029 1285 3100 lndieatjam
1315 3027 1457 3097 quod
1485 3035 1541 3079 et
1573 3021 1855 3077 commoda
1892 3030 1947 3073 et
1972 3006 2272 3072 necessaria

685 3129 795 3182 sint
825 3141 942 3194 qua:
976 3124 1229 3177 videntur
1258 3133 1378 3174 esse
1423 3116 1656 3170 minora.
1711 3111 1971 3167 Videntur
2014 3108 2156 3163 enim
2190 3108 2269 3161 in-
2298 3146 2343 3207 C

689 3221 907 3283 t’eriora,
939 3214 1032 3271 sed
1068 3230 1174 3268 nou
1212 3221 1358 3265 sunt.
1398 3209 1527 3274 Quae
1550 3220 1678 3260 vero
1712 3211 1840 3258 sunt
1873 3203 1986 3255 haec
2015 3215 2137 3269 quae
2174 3199 2275 3252 im-

688 3308 963 3365 becilliora
995 3305 1211 3374 quidem
1244 3300 1517 3361 videntur,
1540 3302 1595 3351 et
1619 3294 1794 3348 minus
1827 3292 2075 3354 honesta,
2098 3297 2153 3343 et
2182 3288 2278 3354 in-

688 3402 842 3457 terim
919 3403 1100 3451 tamen
1168 3390 1480 3447 necessaria
1542 3384 1706 3441 sunt?
1752 3382 2003 3438 Nonnulli
2066 3380 2273 3441 dicunt,

689 3495 928 3549 membra
961 3488 1234 3561 genitalia,
1270 3500 1391 3555 qua:
1420 3482 1677 3536 videntur
1712 3476 1929 3547 quidem
1974 3476 2153 3528 minus
2178 3474 2274 3525 ho-

690 3595 840 3639 nesta
875 3592 929 3637 et
961 3580 1215 3635 indecora
1266 3593 1281 3631 :
1335 3588 1504 3643 usque
1560 3574 1694 3625 adeo
1744 3577 1924 3621 autem
1967 3561 2275 3617 necessaria

687 3685 833 3742 sunt,
860 3684 919 3727 ut
953 3674 1069 3727 sine
1114 3669 1201 3724 his
1231 3682 1297 3722 ne
1358 3665 1465 3718 vita
1514 3661 1733 3731 quidem
1786 3666 2038 3711 constare
2078 3651 2280 3723 queat?

692 3766 919 3833 Insuper
949 3760 1206 3830 majorem
1253 3754 1412 3826 199
1444 3754 1544 3808 illis
1594 3753 1853 3805 honorent
1904 3746 2277 3799 attribuintus.

692 3857 804 3909 Etsi
840 3855 981 3907 cnim
1015 3853 1301 3919 quisquam
1346 3857 1459 3901 toto
1510 3857 1738 3915 corpore
1793 3840 1967 3894 nudus
2020 3840 2111 3903 sit,
2173 3837 2275 3889 ista

692 3957 870 4001 tamen
906 3945 1094 3999 nudari
1125 3957 1230 3996 non
1264 3941 1483 4009 patitur.
1514 3934 1765 3991 Nonnulli
1798 3947 1926 3985 vero
1960 3946 2057 4000 per
2102 3929 2274 3982 imbeo

692 4039 902 4094 cilliora
923 4036 1164 4106 quidem,
1207 4032 1301 4087 sed
1334 4029 1642 4084 necessaria
1683 4037 1882 4085 tamen,
1909 4021 2094 4076 oculos
2124 4019 2277 4073 intel-

692 4132 887 4200 liguut,
935 4128 1175 4197 quicum
1213 4122 1364 4183 parvi
1411 4121 1514 4175 sint
1570 4136 1631 4173 ne
1666 4116 1885 4185 reliquis
1938 4115 2162 4167 artubus
2193 4112 2277 4163 iu-

695 4224 986 4285 tirmiores,
1034 4219 1303 4289 imprimis
1366 4227 1546 4270 tamen
1608 4222 1731 4267 stitit
1791 4206 2111 4263 noceSsarii.
2179 4203 2281 4257 Per

694 4313 1017 4384 ignobiliora
1052 4325 1181 4366 vero
1205 4319 1260 4364 et
1284 4309 1598 4368 inhonesta,
1640 4305 1823 4372 pedes.
1874 4299 2072 4354 Oculos
2102 4298 2280 4363 itaque

696 4421 895 4477 magna
931 4418 1059 4459 cura
1085 4403 1390 4473 dignantur,
1412 4412 1511 4451 ceu
1564 4392 1884 4449 imbecillos.
1946 4390 2117 4443 Pedes
2162 4403 2281 4440 rur-

698 4514 791 4552 sus
820 4495 1156 4564 contegimus
1194 4500 1248 4546 et
1278 4487 1614 4549 obvelamus,
1649 4499 1713 4537 ac
1741 4480 1969 4537 sollicite
2012 4478 2116 4532 illis
2158 4492 2276 4544 pro-
2313 4490 2353 4542 ι)

698 4589 978 4657 spieimus,
1010 4581 1258 4652 quamvis
1283 4578 1540 4633 inferiore
1588 4574 1706 4629 loco
1738 4570 1915 4640 positi,
1955 4583 2015 4620 ac
2062 4566 2282 4620 honeris

702 4678 856 4732 vacui
893 4688 1017 4729 esse
1048 4673 1351 4726 videantur.
1399 4664 1603 4721 Poterit
1640 4673 1819 4715 autem
1878 4657 2143 4726 quispiam
2192 4654 2279 4707 hic

705 4783 817 4824 tres
849 4766 1068 4821 ordines
1097 4761 1389 4830 intelligere
1411 4762 1463 4812 in
1496 4756 1580 4810 his
1618 4768 1738 4826 qua:
1765 4752 1905 4805 dicta
1948 4757 2102 4811 sunt;
2129 4760 2277 4798 uetu-

706 4876 792 4931 pc,
825 4861 930 4912 alia
968 4856 1183 4925 quidem
1214 4863 1337 4908 sunt
1368 4851 1577 4905 infirma
1611 4859 1665 4901 et
1697 4843 2023 4905 necessaria,
2058 4850 2114 4891 ut
2140 4853 2271 4891 ocu-

706 4956 785 5010 lt:
815 4953 915 5007 alia
950 4965 1075 5004 νυνι)
1115 4944 1337 5000 honoris
1359 4957 1547 5005 vacua,
1596 4948 1653 4992 ut
1703 4938 1865 5005 pedes
1915 4931 2055 4987 :alia
2104 4926 2271 4983 defor-

710 5052 812 5101 mia
844 5047 955 5099 sive
982 5044 1288 5104 inhonesta,
1319 5046 1375 5089 ut
1414 5032 1685 5104 genitalia.

781 5137 944 5192 Vsus.
974 5133 1066 5188 ‘25.
1092 5152 1110 5184 ι
1140 5130 1375 5184 Honesta
1402 5136 1577 5180 autem
1610 5131 1793 5176 nostra
1827 5116 2025 5172 nullius
2044 5120 2224 5179 egent.
2258 5129 2276 5162 ι

710 5229 787 5283 Ne
818 5228 937 5295 quis
967 5226 1133 5285 dicat,
1159 5218 1417 5287 Qumnam
1451 5215 1667 5269 hami-st
1709 5211 1867 5271 ratio,
1898 5216 1954 5260 ut
1983 5201 2280 5274 prospicia-

712 5335 832 5373 ntus
892 5318 1191 5369 inhonestis
1246 5320 1408 5378 atque
1473 5302 1813 5374 ignobilibus.
1874 5298 2102 5352 honesta
2150 5306 2280 5344 vero

713 5405 1108 5477 despiciatnus?
1164 5402 1276 5458 Non
1306 5400 1657 5469 despicimus,
1712 5394 1807 5459 ait,
1843 5392 1935 5445 sed
1990 5387 2081 5441 illa
2142 5383 2283 5437 nulla

712 5514 897 5557 nostra
946 5513 1074 5553 cura
1134 5510 1267 5564 opus
1312 5494 1547 5557 habent;
1577 5496 1760 5556 utpote
1783 5499 1902 5554 quae
1937 5483 2103 5535 decus
2132 5490 2283 5528 suum

717 5613 744 5647 a
778 5603 967 5648 natura
1010 5589 1226 5643 habent.

2446 1205 2463 1236 ι
2495 1186 2569 1238 Οὐ
2604 1184 2827 1239 δύναται
2854 1186 2909 1238 δὲ
2936 1187 3211 1259 ὀφθαλμὸς
3239 1191 3414 1243 εἰπεῖν
3448 1193 3514 1261 τῇ
3551 1192 3714 1261 χειρί·
3749 1192 3963 1262 Χρείαν

2370 1296 2463 1332 σου
2489 1280 2589 1331 οὐκ
2625 1281 2732 1348 ἔχω
2752 1295 2765 1308 ’
2802 1278 2832 1346 ἦ
2859 1279 3021 1332 πάλιν
3049 1282 3081 1349 ἡ
3121 1282 3331 1351 κεφαλὴ
3393 1286 3505 1344 τοῖς
3558 1284 3687 1335 ποσί
3708 1300 3721 1313 ο
3747 1284 3961 1353 Χρείαν

2368 1372 2522 1440 ὑμῶν
2575 1371 2848 1443 οὐκ,ἔχω.
2905 1390 2923 1422 ι
2965 1372 3345 1436 Καταστείλας
3404 1374 3530 1436 τοὺς
3583 1374 3652 1426 τὰ
3692 1375 3954 1427 ἐλάττονα

2369 1466 2689 1536 χαρίσματα
2720 1465 2964 1535 ἔχοντας,
3001 1465 3095 1518 νῦν
3124 1467 3258 1537 πρὸς
3288 1468 3415 1531 τοὺς
3444 1469 3510 1521 τὰ
3546 1469 3771 1538 μείζονα
3800 1469 3959 1539 ἕχον-

2369 1575 2488 1623 τας,
2525 1559 2619 1610 καὶ
2644 1559 3152 1629 κατεπαιρομένους
3177 1559 3283 1611 τῶν
3311 1560 3742 1631 ὑποδεεστέρων,
3765 1561 3952 1614 διαλέ-

2368 1664 2551 1717 γεται.
2579 1650 2789 1719 Ὥσπερ
2823 1652 2953 1719 γὰρ.
3000 1651 3184 1718 φησὶν,
3222 1651 3280 1703 οὐ
3340 1649 3562 1703 δύναται
3614 1653 3648 1703 ὁ
3672 1652 3953 1722 ὀφθαλμὸς

2370 1742 2550 1811 λέγειν
2586 1745 2699 1817 τοῖς
2733 1742 2940 1806 λοιποῖς
2965 1743 3154 1813 μέλεσι
3175 1760 3218 1795 ⁸(
3244 1744 3451 1812 Χρείαν
3482 1744 3635 1815 ὑμῶν
3657 1746 3757 1798 οὐκ
3784 1745 3897 1815 ἐχω
3927 1765 3951 1799 ι

2374 1834 2534 1905 (ἐνὸς
2560 1835 2669 1906 γὰρ
2702 1836 2995 1904 ἐνδέοντος,
3031 1836 3263 1907 χωλεύει
3287 1838 3347 1890 τὸ
3375 1839 3482 1890 ’πᾶν
3515 1839 3744 1908 σῶμα)’
3777 1837 3952 1900 οὕτως

2372 1927 2493 1981 οὐδὲ
2520 1928 2658 1980 οίτά
2692 1928 2920 1995 μείζονα
2978 1929 3264 1999 εἰληφότες
3316 1930 3636 2000 χαρίσματα
3694 1931 3955 1983 δύνανται

2372 2018 2697 2090 ἐπαίρεσθαι
2753 2019 2897 2072 κατά
2955 2019 3065 2073 τῶν
3097 2021 3167 2075 τὰ
3220 2021 3481 2075 ἐλάττονα
3520 2022 3823 2091 εἰληφότων
3883 2023 3953 2076 ’⁸.

2373 2113 2653 2187 Χρῄζουσι
2684 2113 2794 2184 γὰρ
2826 2113 3029 2179 αὐτῶν,
3062 2116 3136 2178 ὡς
3165 2115 3265 2168 οὐκ
3298 2115 3450 2178 ὄντες
3476 2115 3776 2187 αὐτάρκεις
3797 2116 3957 2167 αὐτοὶ

2376 2209 2528 2278 μόνοι
2559 2209 2659 2278 τὴν
2700 2207 3033 2277 Ἐκκλησίαν
3062 2208 3389 2274 οἰκοδομεῖν.
3425 2207 3621 2271 Καλῶς
3640 2208 3697 2263 δὲ
3726 2203 3848 2261 εἷπε
3870 2208 3963 2273 τὸ,

2380 2320 2398 2353 ι
2439 2302 2513 2355 Οὐ
2547 2301 2794 2357 δύναται.
2835 2321 2854 2355 ι
2890 2303 3011 2357 Κᾶν
3040 2301 3149 2371 γὰρ
3178 2302 3351 2356 πολλὰ
3399 2301 3549 2373 θέλῃ,
3608 2303 3795 2371 φησὶν,
3833 2302 3955 2356 ἀλλ’

2375 2396 2472 2466 οὐχ
2504 2394 2679 2460 οὕτως
2709 2394 2828 2467 ἔχει
2852 2396 3069 2465 φύσεως
3093 2400 3153 2448 τὸ
3179 2397 3434 2467 πρᾶγμα.

2450 2596 2469 2627 r
2518 2576 2680 2629 ’Λλλὰ
2712 2574 2892 2645 πολλῷ
2928 2575 3129 2645 μᾶλλον
3159 2577 3225 2629 τὰ
3253 2576 3519 2629 δοκοῦντα
3553 2576 3688 2647 μέλη
3722 2575 3820 2629 τοῦ
3846 2576 3954 2628 ad).

2379 2686 2545 2737 ματος
2578 2669 2944 2739 ἀσθενέστερα
2986 2669 3272 2739 ὑπάρχειν,
3309 2670 3581 2737 ἀναγκαίὰ
3605 2670 3746 2723 ἐστι.
3787 2670 3894 2721 Καὶ
3922 2668 3961 2722 ἃ

2374 2759 2640 2827 δοκοῦμεν
2700 2759 3021 2831 ἀτιμώτερα
3074 2755 3215 2812 εἶναι
3250 2758 3343 2812 τοῦ
3406 2759 3682 2825 σώματος,
3741 2759 3955 2821 τούτοις

2375 2850 2541 2919 τιμὴν
2567 2849 2967 2920 περισσοτέραν
3005 2848 3385 2920 περιτίθεμεν,
3414 2852 3509 2902 καί⁵
3553 2851 3623 2901 τὰ
3664 2851 3955 2921 ἀσχήμονα

2376 2941 2533 3012 ἡμῶν
2556 2944 2949 3013 περισσοτέραν
2979 2944 3147 3011 τιμὴν
3184 2942 3320 3011 ἔχει.
3346 2958 3365 2994 ›
3405 2941 3519 2995 Νὖν
3548 2941 3844 3005 δείκνυσιν,
3871 2943 3961 2993 ὅτι

2377 3037 2470 3087 καὶ
2490 3033 2725 3103 χρειώδη
2753 3034 2848 3085 καὶ
2876 3034 3148 3100 αναγκαῖά
3171 3036 3277 3086 εἰσι
3298 3034 3367 3086 τὰ
3387 3032 3648 3087 δοκοῦντα
3669 3033 3948 3087 ἐλάττονα·

2377 3126 2595 3179 ὃοκοὺσι
2634 3126 2742 3197 γὰρ
2796 3124 3078 3190 ἐλάττονα,
3140 3126 3240 3178 οὐκ
3298 3126 3406 3178 εἰσὶ
3438 3126 3514 3179 δέ.
3573 3126 3706 3177 Τίνα
3750 3124 3805 3177 δέ
3837 3126 3957 3177 ἐστι

2376 3217 2575 3279 ταῦτα,
2600 3218 2669 3269 τὰ
2699 3215 3068 3285 ἀσθενέστερα
3094 3214 3193 3284 μὲν
3218 3214 3481 3268 δοκοῦντα
3500 3215 3594 3266 καὶ
3613 3213 3952 3286 ἀτιμώτερα.

2378 3315 2651 3381 ἀναγκαῖα
2689 3312 2746 3363 δὲ
2796 3311 2963 3375 δντα;
3012 3309 3169 3373 Τινὲς
3226 3310 3323 3379 μὲν
3351 3309 3421 3362 τὰ
3443 3309 3741 3379 γεννητικὰ
3789 3309 3955 3379 μέριὰ

2379 3422 2567 3475 φασιν,
2618 3403 2654 3457 ἃ
2691 3402 2908 3457 δοκοῦσι
2970 3403 3069 3472 μὲν
3121 3403 3291 3472 ἄτιμα
3341 3396 3481 3455 εἶναι
3511 3402 3605 3454 καὶ
3628 3401 3951 3471 ἀσχήμονα’

2378 3494 2635 3549 τοσοῦτον
2656 3494 2713 3547 δέ
2744 3495 2884 3547 εἰσιν
2910 3494 3205 3560 ἀναγκαῖα,
3234 3491 3374 3545 ὥστε
3406 3493 3535 3544 ἄνευ
3560 3492 3739 3544 αὐτῶν
3764 3492 3884 3543 οὐδὲ
3927 3494 3955 3543 ὁ

2382 3588 2493 3659 βίος
2522 3591 2687 3641 ἐστίν.
2734 3587 2896 3641 Ἀλλά
2946 3588 3040 3640 καὶ
3078 3585 3241 3656 τιμὴν
3296 3586 3696 3657 περισσοτέραν
3746 3583 3954 3644 τούτοις

2383 3683 2765 3753 περιτίθεμεν·
2794 3683 2899 3736 κᾶν
2932 3683 3041 3752 γὰρ
3065 3682 3272 3751 γυμνός
3301 3698 3378 3742 τις
3404 3681 3489 3749 εἴη
3522 3680 3643 3732 ὅλον
3680 3678 3742 3731 τὸ
3772 3680 3953 3747 σῶμα,

2379 3778 2555 3832 ταῦτά
2582 3794 2645 3846 γε
2680 3777 2780 3830 οὐκ
2809 3776 3059 3846 ἀνέχεται
3090 3773 3276 3845 γυμνὰ
3301 3774 3415 3843 ὲᾷν.
3468 3772 3623 3834 Τινὲς
3656 3772 3709 3825 δὲ
3736 3770 3957 3824 ἀσθενέ-

2382 3888 2552 3941 στερα
2598 3870 2719 3939 μὲν,
2771 3870 3045 3935 ἀναγκαῖα
3095 3866 3176 3928 δὲ,
3230 3866 3355 3927 τοὺς
3400 3864 3717 3933 ὀφθαλμούς
3755 3876 3959 3931 φασινο

2384 3963 2574 4033 μικροὶ
2622 3963 2731 4032 γὰρ
2768 3962 2921 4023 οντες
2956 3961 3050 4012 καὶ
3083 3959 3192 4011 τῶν
3222 3957 3397 4012 ἄλλων
3423 3956 3603 4027 μελῶν
3634 3956 3960 4009 ἀσθενέστεο

2385 4075 2489 4128 ροι,
2522 4056 2943 4126 ἀναγκαιότατοί
2989 4057 3151 4108 εἰσιν.
3193 4052 3536 4121 Ἀτιμώτερα
3566 4050 3623 4103 δὲ
3664 4051 3757 4101 καὶ
3787 4048 3960 4117 dav"-

2384 4170 2545 4220 μονα,
2575 4151 2703 4211 τοὺς
2752 4148 2942 4209 πόδας.
2976 4144 3116 4206 Τούς
3159 4162 3217 4197 τε
3250 4142 3349 4197 οὖν
3390 4140 3705 4211 ὀφθαλμοὺς
3756 4138 3959 4206 πολλῆς

2384 4242 2644 4313 ἀξιοῦμεν
2688 4240 3040 4310 κηδεμονίας,
3072 4239 3146 4300 ὡς
3186 4236 3462 4299 ἀσθενεῖς·
3509 4233 3761 4295 καὶτοὺς
3791 4232 3959 4292 πόδας

2382 4336 2439 4388 δὲ
2470 4336 2539 4390 αὖ
2560 4336 2835 4403 σκέπομεν
2861 4334 2955 4386 καὶ
2984 4332 3243 4401 προνοίας
3279 4328 3562 4399 ἀξιοῦμεν,
3595 4327 3775 4378 καίτοι
3806 4324 3960 4376 κάτω

2384 4432 2688 4501 κειμένους,
2727 4430 2822 4482 καὶ
2852 4427 3081 4496 ἀτίμους
3133 4424 3445 4483 δοκοῦντας.
3499 4421 3733 4473 Δύναται
3785 4418 3841 4470 δέ
3875 4434 3958 4478 τις

2389 4524 2582 4593 νοῆσαι
2606 4523 2756 4591 τρεῖς
2789 4519 2971 4585 τάξεις
2994 4518 3050 4570 ὲν
3072 4520 3184 4577 τοῖς
3206 4517 3520 4586 λεγομένοις
3546 4514 3591 4545 9⁸
3612 4528 3623 4540 ·
3656 4512 3729 4573 ὡς
3760 4510 3828 4563 τὰ
3862 4510 3957 4577 μὲν

2388 4621 2589 4688 ἀσθενῆ
2616 4615 2753 4671 εἶναι
2778 4618 2872 4670 καὶ
2892 4617 3187 4682 ἀναγκαῖα,
3211 4613 3460 4679 καθάπερ
3485 4608 3534 4660 οἰ
3561 4605 3862 4674 ὀφθαλμοί·
3894 4603 3969 4653 τὰ

2385 4713 2441 4765 δὲ
2468 4713 2660 4780 ἄτιμα,
2696 4710 2948 4779 καθάπερ
2976 4709 3024 4760 οἱ
3053 4707 3208 4767 πόδες
3235 4720 3247 4732 ⁸
3272 4705 3339 4756 τὰ
3372 4702 3427 4754 δὲ
3452 4701 3757 4768 ἀσχήμονα,
3788 4696 3959 4748 καθα-

2386 4822 2490 4875 περ
2510 4807 2579 4859 τα
2606 4805 2922 4873 γεννητικὰ.

2459 5094 2475 5125 ε
2515 5074 2594 5125 Τὰ
2609 5072 2664 5125 δὲ
2697 5072 3009 5140 εὐσχήμονα
3042 5066 3198 5137 ἡμῶν
3233 5064 3292 5116 οὐ
3328 5061 3516 5132 χρείαν
3549 5061 3681 5129 ἔχει.
3714 5074 3732 5107 ι
3771 5056 3889 5107 Ἲνα
3917 5058 3957 5083 ‘-"

2385 5170 2459 5239 μὴ
2491 5184 2570 5229 τις
2603 5167 2731 5233 εἴπῃ
2756 5183 2770 5196 ·
2805 5163 2910 5217 Καὶ
2957 5164 3104 5222 ποῖος
3157 5153 3311 5220 οὗτος
3369 5154 3547 5222 λόγος,
3580 5152 3823 5221 προνοεῖν
3856 5147 3960 5199 τῶν

2386 5263 2711 5335 ἀσχημόνων
2751 5261 2842 5310 καὶ
2873 5257 3101 5325 ἀτίμων,
3139 5249 3500 5318 καταφρονεῖν
3526 5245 3583 5296 δὲ
3617 5261 3722 5295 των
3759 5242 3962 5309 εὐσχη-

2395 5360 2606 5427 μόνων;
2636 5355 2709 5406 Οὐ
2742 5348 3211 5419 καταφρονοῦμεν,
3245 5344 3430 5414 φησιν,
3485 5338 3598 5393 ἀλλ’
3643 5338 3830 5390 ἐκεῖνα
3873 5334 3964 5386 οξε-

2391 5449 2537 5511 δενὸς
2570 5448 2629 5510 ἐξ
2654 5443 2812 5515 ἡμῶν
2835 5443 3067 5505 δέονται,
3100 5438 3259 5505 φύσει
3289 5436 3347 5488 τὸ
3376 5432 3650 5503 εὔσχημον
3683 5428 3894 5498 ἔχοντα.

2047 5733 2238 5793 Venite
2299 5729 2624 5791 lectiones.

784 5886 827 5912 ’ν
860 5878 1083 5947 ηςῦηωι
1118 5892 1165 5928 υ.
1244 5875 1288 5905 ε³⁸
1317 5867 1634 5940 εωζομᾷνοις
1673 5881 1721 5920 υ.

1802 5862 1843 5893 τέ
1872 5858 2227 5927 καταοτοῖιῆς,
2268 5856 2341 5918 ὡς
2383 5855 2439 5906 τι
2490 5851 2800 5919 πρόσωπον,
2846 5851 2889 5898 εἰ

2930 5846 3105 5914 χεῖρες
3136 5860 3147 5871 °
3191 5842 3273 5893 ἵνα
3321 5836 3426 5904 γάρ
3462 5849 3511 5889 0.
