4272 6448
322 417 423 480 7‘21

326 619 675 687 συνεκέρασε,
707 621 797 670 καὶ
840 619 897 671 ἓν
943 619 1188 687 ἐποίησε·
1221 621 1281 674 τὸ
1307 621 1414 692 γὰρ
1449 623 1802 692 κιρνὼμενον,
1833 623 1889 673 ἓν

323 711 552 776 γίνεται·
605 711 698 764 καὶ
735 710 833 764 ποῦ
869 710 1054 764 λοιπὸν
1083 713 1142 764 ὲν
1176 713 1250 782 τῷ
1281 713 1364 766 ἑνὶ
1397 714 1457 766 τὸ
1496 715 1674 784 μεῖζον
1714 715 1892 766 καὶτὸ

324 803 576 865 ἐλαττονς

403 912 421 944 ι
462 894 549 964 Τῷ
599 893 915 963 ὑστεροῦντι
964 897 1357 966 περισσοτέραν
1414 896 1533 957 δοὺς
1574 899 1758 965 τιμὴν,
1807 895 1894 947 ἵνα

329 985 402 1052 μὴ
537 984 809 1053 σχίσματα
865 985 922 1036 ἐν
970 985 1048 1054 τῷ
1103 985 1335 1054 σώματι.
1373 1005 1391 1036 ι
1451 987 1562 1037 Οὐκ
1611 983 1752 1048 εἷπε,
1804 985 1894 1055 Τῷ

324 1079 616 1144 ἀσχήμονι,
669 1078 700 1149 ἢ
740 1075 817 1145 τῷ
870 1077 1074 1146 ἀτίμῳ,
1117 1078 1271 1140 ἀλλὰ,
1315 1096 1331 1128 ι
1368 1076 1456 1147 Τῷ
1495 1078 1828 1146 ὑστεροῦντι.
1871 1096 1887 1128 ι

327 1171 494 1220 Οὐδὲν
526 1170 634 1239 γὰρ
673 1170 830 1238 φύσει
861 1170 1110 1240 ἄσχημον
1145 1171 1178 1240 ἢ
1226 1171 1436 1240 ἄτιμον.
1475 1172 1892 1241 Περισσοτέραν,

327 1261 484 1328 φησι,
507 1262 703 1314 δέδωκε
732 1264 898 1332 τιμὴν
923 1263 1001 1331 τῷ
1036 1264 1370 1330 ὑστεροῦντι.
1402 1265 1491 1332 Μὴ
1523 1264 1699 1315 τοίνυν
1727 1265 1895 1332 ἀλγῇς

331 1349 489 1400 πλέον
520 1351 792 1420 τιμηθείς.
836 1352 945 1404 Καὶ
994 1353 1027 1422 ἡ
1079 1354 1246 1410 αἰτία,
1284 1354 1368 1406 ἵνα
1406 1355 1480 1422 μὴ
1583 1355 1638 1404 ἐν
1672 1353 1748 1420 τῷ
1791 1353 1896 1405 σώ-

333 1461 461 1508 ματι
494 1444 783 1512 σχίσματα.
821 1445 881 1497 Εἰ
908 1445 1016 1514 γὰρ
1045 1445 1111 1498 τὰ
1142 1447 1240 1516 μὲν
1273 1448 1364 1498 καὶ
1392 1449 1499 1500 ἀπὸ
1528 1449 1624 1515 τῆς
1658 1447 1892 1515 φύσεως,

329 1538 420 1587 κιὶ
447 1538 548 1588 ἀπὲ
575 1538 675 1605 τῆς
715 1538 985 1608 ἡμετέρας
1012 1539 1376 1610 ἐθεραπεύετο
1421 1538 1696 1610 προνοίας·
1743 1541 1811 1591 τὰ.
1841 1540 1895 1591 δὲ

327 1627 447 1680 οὐδὲ
475 1629 571 1696 τῆς
606 1629 736 1699 παρ’
770 1630 924 1699 ἡμῶν
947 1628 1160 1699 ἠξιοῦτο
1190 1631 1534 1700 κηδεμονίας,
1564 1631 1898 1700 ἀπεσχίσθηο

332 1736 431 1771 σαν
457 1721 522 1773 ἂν
549 1722 815 1791 ἀλλήλων,
847 1724 920 1792 μὴ
951 1724 1221 1795 δυνάμενα
1246 1724 1431 1794 φέρειν
1464 1724 1552 1776 τὸν
1580 1725 1894 1791 σύνδεσμον·

328 1811 771 1879 ἀποσχισθέντων
811 1814 865 1866 δὲ
897 1815 1122 1879 τούτων,
1155 1816 1245 1867 καὶ
1278 1817 1345 1867 τά
1383 1816 1542 1868 λοιπὰ
1574 1816 1638 1869 ἂν
1669 1817 1896 1885 ἐϐλάϐη,

329 1895 423 1947 ᾶτε
454 1897 545 1949 τοῦ
576 1899 825 1968 σώματος
855 1902 1194 1972 σχιζομένου.
1224 1905 1314 1974 Μὴ
1348 1905 1527 1957 τοίνυν
1554 1907 1684 1976 μηδὲ
1715 1907 1893 1974 ὑμεῖς,
1929 1893 1969 1949 Β

330 1987 515 2051 φησὶν,
552 1987 600 2038 oi
634 1991 702 2039 τὰ
731 1991 899 2055 μείζω
923 1991 1132 2059 ἔχοντες
1161 1993 1492 2064 χαρίσματα,
1528 1995 1894 2065 ὲπεμὸαίνητε

327 2079 439 2138 τοῖς
478 2079 775 2144 ἐλάττοσιν,
817 2082 903 2132 ἶνα
944 2083 1018 2152 μὴ
1053 2083 1276 2137 ἐκείνων
1305 2086 1770 2156 ἀποσχιζομένων,
1804 2089 1897 2141 καὶ

330 2169 773 2241 ὑμεῖ;,βλα6ἧτε.

401 2278 419 2309 t
470 2262 627 2315 Ἀλλά
673 2267 731 2317 τὸ
769 2269 900 2320 αὑτὸ
944 2272 1083 2339 ὑπὲρ
1125 2271 1369 2340 ἀλλήλων
1403 2271 1709 2341 μεριμνῶσι
1739 2273 1786 2303 ⁸⁷
1829 2272 1899 2323 τὰ

331 2354 490 2426 μέλη.
529 2376 547 2408 ι
600 2359 673 2410 Οὐ
707 2361 886 2428 μόνον,
941 2366 1122 2433 φησιν,
1166 2365 1252 2416 ἵνα.
1302 2367 1376 2434 μὴ
1422 2366 1785 2434 ἀποσχίζηται
1833 2367 1898 2418 τὰ

333 2448 489 2515 μέλη,
523 2450 636 2501 ἀλλ’
680 2452 766 2504 ἵνα
812 2456 906 2505 καὶ
944 2457 975 2525 ἡ
1025 2456 1210 2526 ἀγάπη
1315 2457 1480 2524 πολλὴ
1518 2459 1613 2511 xal.
1653 2459 1893 2525 ὁμόνοια.

332 2540 439 2590 Καὶ
468 2541 494 2591 ὁ
529 2541 724 2608 μέγας,
756 2543 898 2614 ὑπὲρ
939 2545 1032 2597 τοῦ
1062 2547 1257 2616 μικροῦ
1296 2549 1571 2615 φροντίζει
1605 2549 1700 2600 καὶ
1745 2567 1898 2618 μερίς-

336 2632 461 2699 μνᾷ,
499 2634 596 2701 οὐχ
643 2634 848 2698 ἁπλῶς,
879 2635 1014 2688 ἀλλά
1038 2637 1097 2689 τὸ
1129 2638 1260 2690 αὑτό
1286 2655 1298 2668 ·
1336 2638 1635 2698 τουτέστιν,
1673 2639 1760 2692 ἵνα
1797 2639 1898 2706 τῆς

330 2724 499 2791 αὐτῆς
525 2725 604 2793 τῷ
641 2727 858 2796 μεγάλῳ
889 2729 1142 2797 προνοίας
1173 2729 1421 2801 ἀπολαύῃ
1465 2733 1559 2781 καὶ
1607 2732 1635 2782 ὁ
1682 2732 1895 2800 μικρός.

332 2815 488 2867 Οὕτω
546 2816 675 2881 γοῦν
723 2820 966 2888 ἀκάνθης
1018 2819 1387 2889 ἐμπεσούσης.
1443 2823 1537 2875 καὶ
1590 2824 1655 2891 τῇ
1695 2823 1900 2892 πτέρνῃ

334 2908 698 2979 ἐμπαγείσης,
738 2912 858 2963 ὅλον
883 2913 944 2963 τὸ
976 2912 1132 2979 σῶμα
1162 2913 1477 2966 αἰσθάνεται
1511 2915 1602 2966 καὶ
1636 2917 1897 2984 μεριμνᾷ·

336 3003 540 3068 κεφαλὴ
584 3002 797 3061 κύπτει,
824 3002 991 3065 νῶτος
1027 3005 1442 3073 συγκάμπτεται
1469 3005 1536 3071 ’⁵,
1577 3009 1784 3076 γαστὴρ
1806 3007 1898 3060 καὶ

338 3092 502 3161 μηροὶ
549 3094 942 3158 συστέλλονται,
988 3093 1254 3162 ὀφθαλμοὶ
1296 3095 1463 3163 δρῶσι
1519 3096 1659 3164 μετά
1699 3096 1899 3164 πολλῆς

335 3186 431 3252 τῆς
460 3187 756 3255 φροντίδος,
789 3192 962 3258 χεῖρες
1014 3189 1286 3260 ἐξαιροῦσι
1326 3191 1387 3241 τὸ
1422 3191 1617 3258 παγέν.
1665 3192 1771 3243 Καὶ
1808 3191 1900 3242 ἐπὶ

334 3277 442 3328 τῶν
471 3278 642 3330 ἄλλων
671 3282 892 3347 ὁμοίως.

413 3387 431 3413 σ
469 3371 577 3421 Καὶ
629 3372 738 3422 εἴτε
781 3374 974 3440 πάσχει
1023 3374 1080 3424 ἓν
1136 3374 1315 3444 μέλος.
1370 3375 1677 3444 συμπάσχει
1723 3375 1900 3426 πάντα

334 3461 400 3511 τὰ
432 3461 566 3529 μέλη
598 3478 610 3489 ·
654 3464 762 3514 εἴτε
793 3464 1069 3527 δοξάζεται
1104 3465 1162 3516 ἓν
1199 3468 1377 3535 μέλος,
1409 3469 1691 3536 συγχαίρει
1726 3469 1902 3520 πάντα

340 3551 409 3602 τὰ
445 3553 599 3622 μέλη.
642 3572 659 3602 ι
707 3553 770 3605 Ἠ
803 3557 908 3624 γὰρ
940 3558 1176 3626 ἀκριϐὴς
1212 3559 1422 3620 ἓνωσις,
1453 3560 1638 3621 κοινὰς
1668 3563 1900 3612 ποιεῖται

335 3643 434 3702 τὰς
480 3644 784 3713 συμφορὰς,
819 3648 910 3698 καὶ
957 3649 1055 3709 τὰς
1105 3649 1504 3718 εὐδοκιμήσεις.
1545 3651 1699 3703 Οὖτω
1750 3653 1898 3717 γοῦν,

335 3734 407 3796 ὡς
433 3734 676 3803 εἴπομεν,
712 3737 810 3804 τῆς
838 3739 1076 3808 πτέρνης
1099 3741 1392 3810 πλαγείσης
1417 3743 1481 3812 [Γ.
1508 3742 1698 3813 πληγ.]
1729 3744 1903 3796 πάντα

339 3829 669 3897 συμπάσχει·
706 3830 887 3892 πάλιν,
928 3831 1285 3898 στεφανοῦται
1329 3835 1361 3901 ἡ
1407 3834 1634 3903 κεφαλὴ,
1673 3837 1902 3899 καὶτοῖς

337 3920 536 3980 λοιποῖς
569 3921 751 3987 μέλεσι
778 3920 901 3984 δόξα
932 3925 1022 3975 καὶ
1056 3925 1220 3993 χαρὰ,
1267 3925 1533 3994 ὀφθαλμοί
1583 3932 1687 3980 εἱσι
1726 3929 1898 3993 καλοὶ,

338 4014 431 4065 καὶ
457 4013 516 4063 τὸ
543 4014 650 4063 πᾶν
686 4015 842 4082 σῶμα
871 4015 1018 4066 δοκεῖ
1051 4016 1230 4068 καλόν.

410 4206 429 4236 ι
478 4188 664 4256 Ὑμεῖς
712 4189 768 4240 δέ
822 4191 944 4241 ἐστε
995 4190 1156 4259 σῶμα
1202 4192 1461 4260 Χριστοῦ,
1517 4194 1609 4245 καὶ
1663 4197 1796 4266 μέλη
1839 4199 1898 4249 ἐκ

339 4282 556 4348 μέρους.
603 4299 621 4332 ι
673 4281 790 4333 ἰνα
847 4283 920 4350 μὴ
953 4284 1178 4335 εἴπωσι·
1233 4284 1297 4335 Τί
1334 4285 1468 4353 πρὸς
1515 4288 1661 4355 ἡμᾶς
1696 4290 1756 4340 τὸ
1804 4291 1898 4342 τοῦ

336 4371 587 4439 σώματος
619 4373 854 4424 καὶτῶν
909 4375 1086 4442 μελῶν
1135 4375 1519 4444 παράδειγμα;
1579 4386 1762 4448 φησιν,
1813 4383 1897 4434 ὅτι

336 4466 444 4518 Καὶ
485 4466 642 4532 ὑμεῖς
675 4467 796 4516 ἐστε
831 4465 987 4534 σῶμα
1017 4466 1252 4534 Χριστοῦ
1302 4468 1395 4520 καὶ
1438 4470 1593 4537 μέλη·
1630 4471 1790 4534 ὥστε,
1848 4476 1896 4525 εί

1030 417 1430 478 EXPOSITIO
1473 416 1550 476 ΙΝ
1593 416 1824 475 EPIST.
1863 415 1882 474 Ι
1928 415 2024 474 .-\D
2065 415 2229 475 COR.
2267 417 2514 479 —CAP.
2561 416 2694 477 ΧΠ.

398 546 414 576 ι
472 527 609 579 Ἀλλ’
642 528 669 579 ὁ
700 527 829 590 Θεὸς
865 528 1193 598 συνεκέρσσε
1240 531 1299 583 τὸ
1334 532 1510 601 σῶμα.
1560 553 1575 582 ι
1625 534 1783 584 Ὥστε
1836 532 1882 584 εἱ
1919 533 1959 587 Α

3464 428 3570 492 ’792

2067 551 2083 582 ι
2129 530 2234 585 Sed
2266 533 2404 589 Deus
2431 538 2588 590 simul
2637 539 2950 603 temperavit
3002 554 3216 608 corpus.
3264 561 3281 592 ι
3314 542 3393 595 'Si
3443 559 3571 612 ergo

1995 626 2336 691 temperavit,
2368 635 2479 679 tum
2515 643 2682 681 unum
2718 629 2842 682 fecit
2873 646 2885 684 :
2922 632 3060 698 quod
3103 634 3246 685 enim
3293 635 3569 698 miscetur,

1995 731 2155 768 unum
2192 718 2269 770 ﬁt.
2301 719 2364 770 Et
2400 719 2487 772 tibi
2525 719 2774 788 deinceps
2809 723 2859 774 in
2899 739 3003 776 uno
3045 730 3216 793 majus
3255 733 3308 779 ct
3352 727 3566 783 minus?

2070 895 2229 949 Vens.
2267 897 2352 950 '23.
2395 916 2413 948 ι
2458 899 2520 951 Et
2555 899 2640 950 cui
2709 899 2914 965 deerat,
2967 901 3418 957 abundantiorem
3473 906 3568 957 tri-

1997 989 2205 1038 lmendo
2268 989 2544 1048 honorem,
2579 1003 2643 1041 ne
2688 989 2973 1041 Schismata
3029 989 3137 1044 sint
3170 991 3221 1043 in
3256 1006 3502 1058 corpore.
3546 1011 3564 1042 ι

1999 1076 2110 1130 Non
2143 1078 2300 1138 dixit,
2336 1077 2567 1132 Deformi
2601 1089 2654 1132 et
2705 1079 2946 1148 ignobili,
2973 1080 3089 1146 sed,
3127 1098 3147 1132 ‹
3189 1082 3464 1135 Delicienti
3499 1102 3512 1137 :
3546 1101 3565 1134 ι

1999 1171 2126 1224 nihil
2162 1174 2304 1226 enim
2345 1182 2536 1224 natura
2567 1173 2909 1227 inhonestum
2939 1182 3030 1226 aut
3063 1174 3324 1242 ignobile.
3358 1175 3571 1228 Exube—

1999 1266 2312 1328 rantiort-m,
2353 1265 2541 1333 inquit,
2579 1266 2832 1332 impertiit
2865 1266 3124 1320 honorem
3172 1267 3218 1321 ei
3247 1270 3336 1335 qui
3362 1269 3570 1323 deerat.

2001 1358 2074 1410 Ne
2133 1359 2295 1427 igitur
2349 1359 2554 1418 doleas.
2619 1375 2738 1412 cum
2794 1360 2980 1428 majori
3037 1361 3240 1413 honore
3296 1360 3566 1416 aﬁiciaris.

1999 1451 2171 1503 Causa
2207 1459 2308 1510 est,
2343 1465 2408 1502 ne
2436 1448 2726 1502 schismata
2759 1449 2864 1503 sint
2916 1449 2968 1502 in
3003 1464 3251 1515 corpore.
3316 1447 3371 1501 Si
3423 1450 3565 1502 enim

1999 1543 2103 1594 alia
2147 1542 2362 1610 quidem
2409 1553 2462 1594 et
2502 1557 2531 1595 a
2594 1551 2786 1595 natura
2826 1551 2878 1594 et
2909 1556 2936 1593 a
2994 1551 3185 1594 nostra
3233 1542 3568 1609 providentia

1998 1647 2183 1687 curata
2218 1646 2420 1696 essent,
2457 1635 2559 1688 alia
2593 1649 2720 1689 vero
2751 1649 2816 1690 ne
2850 1645 3032 1688 nostra
3056 1637 3270 1703 quidem
3311 1635 3574 1689 sollicitu-

1999 1725 2124 1778 dine
2154 1726 2366 1793 dignata
2393 1735 2593 1787 essent,
2638 1725 2804 1778 divisa
2839 1723 3065 1778 inissent
3106 1725 3247 1779 inter
3271 1739 3329 1778 se
3362 1736 3570 1788 mutuo,

1999 1832 2298 1873 connexum
2342 1816 2484 1871 ferre
2534 1833 2636 1869 non
2693 1817 2946 1869 valentia.
2980 1815 3075 1870 llis
3127 1830 3255 1870 vero
3309 1817 3570 1878 discissis,

1999 1923 2174 1976 neque
2208 1908 2410 1975 reliqua
2440 1908 2865 1977 permansissent
2886 1907 3057 1972 salva,
3082 1922 3180 1961 ceu
3206 1922 3433 1974 corpore
3455 1906 3567 1975 jam

1998 2010 2145 2055 secto
2171 2015 2232 2054 ac
2262 2001 2450 2054 scisso.
2487 1999 2562 2052 Ne
2603 2000 2762 2069 igitur
2786 2014 2883 2053 vos
2932 1999 3228 2065 maioribus
3271 1999 3571 2053 charisma-

2001 2093 2144 2148 tihus
2165 2093 2396 2148 decorati
2449 2092 2711 2160 insurgite
2759 2093 2811 2145 in
2863 2091 3172 2157 inferiores,
3224 2105 3292 2145 ne
3352 2091 3574 2145 resectis

2002 2185 2108 2238 illis
2135 2200 2227 2238 vos
2253 2184 2636 2238 detrimentum
2668 2183 2974 2252 patiamini.

2073 2296 2091 2327 ι
2135 2274 2239 2330 Sed
2282 2276 2422 2329 idem
2451 2291 2545 2341 pro
2565 2290 2624 2329 se
2647 2285 2830 2328 mutuo
2852 2273 3082 2328 sollicita
3113 2276 3221 2328 sint
3248 2274 3509 2328 membra.
3550 2291 3567 2322 ι

2000 2367 2112 2422 Non
2157 2369 2351 2425 solum.
2390 2368 2582 2436 inquit.
2645 2377 2834 2420 utnon
2892 2367 3280 2420 abscindantur
3333 2365 3574 2420 membra

1998 2475 2062 2513 ac
2091 2461 2408 2521 dissideant,
2446 2473 2629 2512 verum
2661 2467 2717 2510 ut
2775 2457 2989 2510 dilectio
3022 2459 3092 2510 sit
3144 2455 3311 2510 multa
3341 2466 3396 2509 et
3436 2469 3571 2509 con—

1998 2551 2205 2605 cordia.
2249 2549 2312 2602 Et
2339 2549 2428 2616 qui
2463 2548 2634 2614 major
2675 2556 2778 2611 est,
2813 2546 3034 2599 minoris
3079 2561 3266 2600 curam
3304 2545 3465 2615 gerit,
3492 2554 3574 2598 at-

1998 2657 2105 2712 que
2126 2641 2386 2696 sollicitus
2414 2649 2518 2702 est,
2573 2653 2678 2691 non
2733 2637 3070 2706 simpliciter,
3107 2636 3202 2691 sed
3259 2638 3437 2699 idem;
3470 2636 3572 2690 hoc

1996 2743 2194 2790 est'ut
2226 2734 2410 2787 eadem
2442 2747 2588 2790 sane,
2622 2745 2725 2798 qua
2772 2742 3022 2795 magnus,
3052 2729 3386 2798 providentia
3430 2725 3573 2779 frua-

2002 2838 2087 2880 tur
2109 2836 2162 2879 et
2191 2825 2384 2879 minor.
2426 2822 2504 2876 lta
2560 2822 2711 2890 spina
2764 2821 3034 2874 incidente
3066 2820 3432 2888 calcaneoque
3484 2819 3568 2873 in-

2003 2919 2128 2980 ﬁxa,
2163 2926 2331 2970 totum
2374 2930 2568 2982 corpus
2611 2913 2776 2967 sentit
2825 2921 2877 2966 et
2929 2911 3217 2965 sollicitum
3254 2919 3373 2975 est;
3415 2918 3575 2978 caput

2000 3027 2058 3066 se
2101 3011 2345 3071 inclinat,
2399 3009 2621 3063 dorsum
2668 3006 2986 3068 inﬂectitur,
3026 3013 3217 3058 venter
3252 3013 3308 3058 et
3365 3003 3571 3058 femora

2001 3100 2412 3158 contrahuntur.
2442 3098 2581 3150 oculi
2618 3096 2781 3150 multa
2815 3111 2934 3148 cum
2957 3095 3321 3150 sollicitudine
3356 3094 3574 3148 intuen-

2006 3203 2113 3256 tur,
2144 3207 2330 3244 manus
2384 3190 2526 3260 quod
2567 3191 2788 3244 inﬁxum
2829 3200 2944 3243 erat
2969 3191 3232 3244 eximunt.
3265 3189 3332 3244 Et
3360 3189 3426 3244 de
3467 3203 3573 3242 ca:-

2007 3283 2136 3337 teris
2165 3282 2434 3336 similiter.

2074 3373 2237 3427 Vens.
2262 3371 2348 3425 26.
2390 3390 2407 3423 ι
2445 3370 2506 3423 Et
2533 3372 2644 3424 sive
2667 3369 2865 3438 patitur
2887 3382 3053 3423 unum
3080 3369 3404 3430 membrum,
3426 3382 3572 3422 com-

2003 3466 2277 3530 patiuntur
2311 3461 2490 3514 omnia
2542 3459 2781 3513 membra
2814 3475 2829 3512 :
2858 3460 2975 3514 sive
3017 3458 3349 3526 gloriﬁcatur
3407 3474 3570 3510 unum

2005 3554 2323 3616 membrum,
2373 3553 2709 3620 congaudent
2761 3552 2943 3604 omnia
3001 3550 3166 3620 200
3215 3550 3475 3605 membra.
3547 3567 3565 3598 ι

2005 3647 2201 3699 Exacta
2243 3645 2384 3699 enim
2423 3645 2728 3713 conjunctio
2757 3657 3070 3698 communes
3124 3642 3254 3697 facit
3283 3641 3566 3697 calamita-

2007 3749 2085 3792 tes
2114 3747 2169 3792 et
2197 3739 2416 3808 glorias.
2467 3735 2716 3800 Proinde,
2755 3745 2815 3789 ut
2857 3734 2968 3802 jam
3013 3734 3267 3796 diximus,
3316 3740 3569 3788 eatcanco

2004 3833 2308 3894 vulnerato,
2351 3840 2519 3884 totum
2549 3845 2747 3897 corpus
2773 3828 3054 3883 condolet:
3083 3841 3315 3890 rursum,
3342 3826 3386 3880 si
3410 3836 3570 3892 caput

2003 3935 2310 3989 coronetur,
2342 3923 2566 3991 reliquis
2600 3923 2722 3975 inde
2751 3922 3009 3976 membris
3040 3928 3094 3975 et
3126 3919 3297 3989 gloria
3344 3931 3397 3972 et
3435 3935 3566 3988 gau-

2002 4018 2147 4070 dium
2174 4015 2432 4083 emergit;
2466 4015 2603 4068 oculi
2636 4022 2762 4068 sunt
2784 4012 3016 4081 pulchri,
3051 4025 3116 4064 ac
3162 4020 3329 4065 totum
3374 4024 3570 4078 corpus

2004 4108 2294 4161 formosum
2328 4114 2565 4173 apparet.

2072 4199 2234 4252 Vens.
2265 4196 2353 4250 27.
2397 4214 2415 4246 ι
2475 4195 2577 4250 Vos
2616 4204 2793 4250 autem
2840 4195 2972 4249 estis
3020 4208 3217 4262 corpus
3247 4192 3469 4255 Christi,
3516 4202 3570 4244 et

2004 4289 2236 4342 membra
2270 4302 2335 4340 ex
2370 4297 2541 4356 parte.
2578 4304 2597 4337 ο
2636 4285 2715 4340 Ne
2738 4286 2943 4349 dicant,
2974 4284 3175 4353 Ecquid
3219 4285 3289 4338 ad
3317 4300 3415 4338 nos
3443 4299 3569 4337 cor-

2003 4380 2145 4449 poris
2177 4390 2230 4434 et
2275 4380 2635 4432 membrorum
2686 4376 3019 4430 similitudo?
3075 4375 3206 4440 Imo,
3246 4375 3439 4443 inquit,
3473 4389 3568 4428 vos

2001 4473 2130 4526 estis
2161 4485 2356 4537 corpus
2377 4469 2576 4522 Christi
2604 4477 2654 4521 et
2687 4469 2952 4521 membra.
2980 4467 3157 4532 Quare
3186 4467 3231 4519 si
3270 4466 3564 4520 humanum

335 4557 395 4605 τὸ
423 4557 761 4624 ἀνθρώπινον
790 4556 946 4624 σῶμα
973 4555 1032 4607 οὺ
1057 4557 1137 4608 δεῖ
1162 4558 1492 4623 στασιάζειν,
1527 4560 1676 4628 πόσῳ
1702 4563 1900 4629 μᾶλλον
1925 4568 1978 4626 D
2005 4577 2022 4615 ε

1878 4582 1900 4616 ν
1925 4568 1978 4626 D
2005 4577 2194 4629 corpus
2222 4575 2326 4613 non
2358 4569 2602 4627 Oporteat
2642 4573 2672 4611 a
2700 4572 2760 4613 se
2793 4557 3104 4619 dissentire,
3137 4567 3337 4624 quanto
3387 4556 3565 4609 minus

336 4651 395 4701 τὸ
432 4647 524 4699 τοῦ
557 4647 823 4715 Χριστοῦ;
868 4647 1083 4716 Ἐπειδὴ
1126 4648 1182 4700 δὲ
1225 4650 1325 4700 οὑκ
1372 4650 1525 4701 αὑτοὶ
1562 4652 1713 4718 μόνοι
1774 4671 1897 4704 συν-

334 4736 608 4805 επλήρουν
634 4735 692 4786 τὸ
725 4735 881 4802 σῶμα
916 4735 1008 4786 τοῦ
1039 4737 1297 4804 Χριστοῦ,
1334 4739 1447 4790 ἀλλ’
1477 4741 1523 4791 οἱ
1547 4742 1604 4791 ὲν
1640 4744 1786 4812 πάσῃ
1828 4747 1894 4814 τῇ

334 4833 624 4902 οἰκουμένῃ
657 4833 868 4883 πιστοί·
899 4833 1204 4903 προσέθηκε
1236 4835 1314 4898 τὸ,
1372 4852 1390 4885 ε
1430 4837 1535 4888 Καὶ
1580 4838 1734 4907 μέλη.
1777 4860 1794 4890 ι
1836 4841 1897 4892 Εἰ

336 4927 444 4994 γάρ
468 4925 560 4976 καὶ
594 4925 666 4992 μὴ
717 4925 874 4992 σῶμα
905 4925 1199 4995 ὁλόκληρον
1245 4923 1402 4997 ἦσαν,
1453 4930 1567 4980 ἀλλ’
1598 4930 1689 4983 οῦν
1734 4933 1893 5001 μέλη·

338 5017 430 5064 καὶ
459 5014 650 5075 ταῦτα,
689 5035 706 5065 ι
737 5018 798 5067 ὲκ
836 5016 1055 5086 μέρους,
1087 5037 1105 5068 ι
1142 5020 1408 5084 τουτέστι,
1441 5022 1615 5075 πάντα
1641 5024 1707 5075 τὰ
1736 5026 1892 5095 μέλη,

336 5107 449 5158 ἀλλ’
478 5108 538 5157 ἐκ
574 5107 791 5174 μέρους.
825 5107 982 5159 Κατὰ
1019 5109 1116 5177 μὲν
1141 5109 1250 5180 γὰρ
1274 5111 1371 5178 τὴν
1401 5111 1457 5162 ὲν
1489 5113 1617 5181 ὑμῖν
1665 5114 1897 5184 Ἐκκληα

339 5197 478 5258 σίαν,
516 5197 674 5265 σῶμα
700 5197 935 5266 Χριστοῦ
969 5200 1113 5263 ἐστε,
1139 5199 1213 5261 ὡς
1249 5200 1540 5271 ὁλόκληρος
1581 5204 1890 5272 Ἐκκλησία·

337 5290 468 5357 πρὸς
513 5288 569 5339 δὲ
615 5288 714 5357 τὴν
745 5290 1057 5358 ἁπανταχοῦ
1093 5291 1192 5360 τῆς
1230 5293 1550 5363 οἰκουμένης
1609 5297 1897 5367 καθολικὴν

349 5377 693 5447 Ἐκκλησίαν,
742 5375 811 5450 ἦς
854 5379 915 5431 τὸ
950 5381 1109 5449 σῶμα
1141 5383 1468 5452 συνέστηκεν
1497 5387 1560 5438 ἐκ
1591 5387 1698 5439 τῶν
1725 5391 1897 5440 ἀπαν-

334 5469 500 5538 ταχοῦ
543 5471 902 5540 Ἐκκλησιῶν,
934 5472 1056 5541 ἔχον
1080 5475 1319 5544 κεφαλὴν
1349 5476 1441 5528 τὸν
1468 5477 1720 5546 Χριστὸν,
1760 5481 1894 5549 μέλη

336 5563 479 5622 ἐστὲ,
515 5564 578 5615 ἐκ
609 5563 701 5614 τοῦ
734 5559 871 5615 εἶναι
904 5564 1068 5632 μέρος
1100 5566 1235 5635 πρὸς
1271 5568 1460 5636 αὑτήν.

2006 4667 2198 4718 corpus
2235 4649 2478 4702 Christi?
2507 4648 2652 4713 Quia.
2674 4662 2804 4701 vero
2833 4663 2937 4700 non
2974 4647 3074 4714 ipsi
3133 4646 3232 4700 soli
3266 4647 3565 4699 constitue-

2005 4747 2132 4795 bant
2165 4756 2359 4809 corpus
2391 4739 2612 4801 Christi,
2644 4739 2738 4792 sed
2784 4753 2973 4791 omnes
3024 4737 3076 4791 in
3104 4737 3355 4791 universo
3392 4745 3562 4788 terra-

2004 4849 2120 4885 rum
2152 4831 2281 4886 etbe
2309 4831 2512 4894 ﬁdeles,
2539 4830 2806 4899 apposuit,
2839 4848 2857 4880 ι
2886 4827 2951 4882 Ει
2979 4830 3239 4881 membra.
3279 4845 3297 4877 ι
3338 4826 3561 4880 Etiamsi

2002 4927 2143 4977 enim
2177 4939 2278 4976 non
2315 4931 2480 4976 totum
2506 4936 2700 4988 corpus
2720 4927 2921 4985 essent,
2943 4922 3180 4972 membra
3205 4928 3350 4972 certe
3372 4929 3524 4972 erant
3549 4935 3562 4969 :

2001 5016 2160 5083 idque
2192 5032 2211 5064 ι
2252 5014 2326 5066 Ex
2361 5023 2534 5082 parte,
2576 5030 2595 5064 ι
2635 5012 2737 5066 hoc
2764 5016 2847 5066 est
2897 5010 3074 5063 omnia
3129 5010 3343 5078 quidem
3395 5022 3558 5060 mem-

2005 5106 2117 5168 bra,
2149 5103 2262 5168 sed,
2289 5117 2352 5155 ex
2387 5112 2560 5171 parte.
2595 5101 2728 5154 Nam
2777 5100 2953 5168 quoad
3005 5099 3300 5154 Ecclesium
3350 5097 3563 5165 quidem

2001 5212 2119 5264 quae
2139 5195 2275 5264 apud
2309 5209 2400 5248 vos
2425 5205 2526 5257 est,
2578 5207 2770 5261 corpus
2819 5192 3017 5247 Chrisﬁ
3071 5192 3221 5252 estis,
3290 5198 3556 5258 quatenus

1990 5289 2194 5356 integra
2247 5284 2484 5339 Ecclesia
2515 5303 2527 5339 :
2560 5285 2732 5354 quoad
2768 5299 2898 5338 vero
2950 5283 3270 5337 catholicam
3315 5297 3411 5350 per
3444 5282 3561 5333 uni-

1993 5394 2202 5432 versum
2237 5388 2503 5432 terrarum
2552 5377 2736 5430 urbem
2796 5376 3114 5442 Ecclesiam,
3163 5375 3314 5442 cujus
3361 5385 3562 5442 corpus

1991 5486 2053 5523 ex
2085 5469 2331 5523 omnibus
2359 5470 2556 5538 passim
2587 5469 2841 5523 Ecclesiis
2883 5475 3121 5533 constat,
3154 5475 3316 5535 caput
3355 5466 3561 5519 habens

1995 5563 2289 5626 Christum,
2328 5563 2563 5618 membra
2613 5563 2766 5626 estis,
2801 5575 2865 5617 eo
2910 5562 3052 5631 quod
3102 5569 3346 5630 respecto
3394 5558 3556 5625 illius,

1995 5670 2118 5722 pars
2146 5665 2282 5708 stlts.

1653 5751 1848 5811 Variae
1892 5749 2213 5810 lectiones.

448 5842 488 5871 ³⁷
529 5843 612 5894 ἀεὶ
663 5847 904 5915 μεριμνᾷ
935 5862 985 5900 ο.
1066 5848 1108 5878 θ’*
1140 5847 1505 5913 συγκύπτετῖιι
1533 5867 1581 5900 υ.
