4272 6448
332 408 437 477 725

921 520 1171 577 ΚΕΦΑΛ.
1200 521 1298 574 ll".

411 653 431 686 ι
481 634 606 687 Ἐὰν
641 636 759 696 ταῖς
787 634 1064 702 γλώσσαις
1099 634 1244 688 λαλῶ
1297 633 1407 686 τῶν
1454 633 1758 702 ἀνθρώπιον
1805 629 1901 680 καὶ

332 725 442 779 τῶν
471 725 744 793 ἀγγέλων,
781 725 1000 793 ἀγάπην
1032 725 1089 777 δὲ
1136 726 1210 794 μὴ
1241 725 1366 793 ἔχω,
1437 727 1637 792 γέγονα
1702 721 1899 790 χαλκὸς

332 817 501 888 ἠχῶν.
531 821 627 871 καὶ
649 818 670 850 ³
695 817 974 887 κύμϐαλον
1003 818 1294 880 ἀλαλάζον.
1324 835 1341 868 ι
1377 818 1490 870 Οὐκ
1511 815 1668 876 εὐθὺς
1683 814 1901 866 ὑπέδει-

336 909 425 973 ξεν
457 909 640 970 αὐτοῖς
673 911 772 979 τὴν
796 909 936 973 ὁδὸν,
968 910 1105 962 ἀλλὰ
1134 911 1418 978 συγκρίνει
1440 907 1610 976 αὐτὴν
1636 907 1903 976 πρότερον

337 1001 474 1068 πρὸς
503 1001 563 1054 τὸ
587 1000 777 1053 δοκοῦν
807 1001 992 1064 αὐτοῖς
1025 1002 1269 1072 χάρισμα
1304 997 1440 1052 εἶναι
1475 999 1678 1067 μεῖζον,
1716 999 1776 1050 τὸ
1797 998 1904 1050 τῶν

334 1093 618 1158 γλωσσῶν,
661 1094 755 1147 καὶ
777 1094 1020 1147 δείκνυσι
1060 1094 1268 1162 ταύτην
1327 1091 1674 1161 ἁσυγκρίτως
1710 1092 1902 1143 τούτου

337 1182 733 1252 ὑπερέχουσαν,
766 1185 855 1237 ναὶ
889 1185 998 1255 μὴν
1027 1186 1120 1238 καὶ
1156 1186 1267 1236 τῶν
1307 1185 1508 1236 λοιπῶν
1554 1185 1770 1236 πάντων
1808 1201 1904 1253 χα-

343 1277 645 1346 ρισμάτων,
673 1278 769 1330 καὶ
797 1278 921 1330 τότε
964 1278 1328 1347 ἀξιοπόθητον
1371 1279 1684 1345 άποςαίνει.
1726 1279 1904 1332 Γλώσ-

340 1387 437 1430 σας
461 1369 516 1423 δὲ
545 1368 872 1440 ἀνθρώπων,
898 1369 1009 1424 τῶν
1066 1369 1383 1439 ἁπανταχοῦ
1436 1373 1532 1439 τῆς
1579 1372 1906 1439 οἰκουμένης

338 1460 509 1512 ἐθνῶν
542 1478 724 1531 φησιν,
751 1464 864 1516 Οὐκ
912 1463 1251 1533 ἀρκούμενος
1280 1464 1334 1517 δὲ
1365 1463 1561 1531 τούτῳ,
1591 1465 1684 1515 καὶ
1716 1463 1908 1530 ἑτέραν

340 1554 551 1621 τίθησιν
613 1554 919 1626 ὑπερϐολήν
940 1574 953 1589 ο
1003 1575 1021 1607 t
1060 1554 1199 1619 Ταῖς
1223 1558 1330 1609 τῶν
1384 1558 1633 1624 ἀγγέλων
1657 1597 1671 1618 ,
1704 1577 1722 1609 ι
1753 1559 1908 1626 φησὶ,

346 1668 363 1695 ι
395 1647 670 1714 γλώσσαις
701 1664 713 1676 ·
758 1668 777 1701 ι
811 1650 908 1721 οὑχ
941 1651 1022 1703 ὅτι
1056 1651 1105 1704 οἱ
1135 1650 1356 1718 ἄγγελοι
1397 1650 1648 1717 γλώσσας
1675 1653 1909 1719 ἔχουσιν,

341 1740 476 1793 ἀλλά
525 1742 772 1812 κρεῖττόν
805 1761 859 1795 τι
906 1743 1148 1811 δηλῶσαι
1192 1744 1383 1807 θέλων,
1420 1745 1514 1796 καὶ
1553 1745 1612 1796 τὸ
1646 1745 1912 1812 ὑπερέχον

1010 407 1412 468 EXPOSlTlO
1453 405 1534 468 IN
1573 405 1812 465 EPIS’I‘.
1856 403 1882 461 Ι
1921 403 2019 461 AD
2058 401 2204 461 (ΞΟΠ
2257 427 2324 438 -
2365 405 2522 465 CAP.
2567 405 2733 471 XlLl.

1929 516 1982 572 A

3467 395 3571 460 726

2569 515 2799 572 CAPUT
2828 513 2966 568 Xlll.

2089 646 2235 686 «stis.
2266 635 2311 684 l.
2350 653 2365 683 ι
2411 633 2464 686 Si
2502 632 2698 700 linguis
2739 633 3017 685 hominum
3051 629 3241 694 loquar
3265 639 3318 680 et
3351 627 3569 688 angelo-

2008 739 2144 786 rum,
2177 726 2494 779 charitatem
2522 737 2701 777 autem
2736 742 2840 777 non
2879 724 3126 784 habeam,
3159 723 3332 773 factus
3355 736 3473 774 sum
3495 735 3570 772 ms

2003 832 2223 882 sonans,
2281 819 2359 869 vel
2413 817 2717 888 cymbalum
2778 817 3033 870 tinniens.
3073 836 3090 867 ι
3125 814 3278 868 liaud
3324 824 3564 866 actutum

2004 910 2437 963 Suhtnonstravit
2479 909 2558 962 eis
2606 909 2897 967 vitum-sed
2922 917 3202 973 comparat
3251 922 3368 958 eam
3423 905 3570 972 prius

2006 1018 2128 1056 cum
2161 1005 2300 1058 dono
2333 1004 2474 1070 quod
2506 1004 2636 1071 ipsis
2664 1004 2946 1056 videbatur
2975 1016 3096 1055 esse
3135 1000 3336 1066 potius,
3363 1001 3568 1064 lingua-

2010 1113 2124 1150 rum
2158 1097 2427 1160 videlicet,
2461 1098 2802 1164 ostenditque
2832 1099 2968 1149 hanc
3015 1095 3142 1147 illud
3174 1094 3569 1160 incomparabi-

2011 1201 2090 1242 ter
2121 1191 2462 1252 antecellere,
2494 1191 2600 1243 iuto
2629 1200 2680 1241 et
2711 1201 2908 1242 caetera
2954 1189 3133 1240 omnia
3194 1187 3522 1239 charismtti
3556 1203 3566 1234 :

2009 1296 2062 1337 et
2099 1294 2205 1337 tum
2229 1300 2347 1338 eam
2379 1285 2598 1352 dignam
2623 1299 2744 1339 esse
2768 1285 2864 1345 ait,
2891 1299 3006 1349 qua:
3044 1283 3109 1334 ab
3133 1267 3382 1333 oninibus
3409 1293 3572 1346 expc-

2013 1387 2175 1429 tatur.
2220 1375 2455 1444 Linguas
2505 1387 2683 1431 autem
2741 1375 3044 1436 hominum,
3078 1381 3394 1424 cunctarum
3449 1384 3575 1436 gen-

2014 1471 2144 1524 tium
2201 1470 2398 1537 ubique
2461 1467 2730 1523 terrarum
2788 1466 3239 1522 commorantium
3299 1459 3571 1527 intelligit.

2013 1562 2121 1617 Nec
2155 1564 2255 1616 hoc
2277 1572 2589 1623 contentus,
2613 1563 2771 1615 aliam
2801 1562 2951 1628 ponit
2977 1557 3349 1612 excellentiam
3379 1572 3392 1607 :
3425 1573 3441 1604 ι
3472 1555 3582 1607 An—

2014 1653 2252 1721 gelorum
2282 1654 2500 1723 linguis,
2545 1671 2561 1703 t
2601 1653 2810 1722 inquit:
2856 1669 2957 1705 non
2991 1651 3130 1719 quod
3169 1647 3340 1718 angel.
3372 1647 3579 1715 linguas

2018 1748 2266 1806 habeant,
2321 1747 2416 1800 sed
2489 1756 2546 1800 ul
2598 1747 2880 1813 quiddatn,
2949 1743 3092 1811 quod
3165 1743 3414 1795 humanis
3476 1741 3578 1792 lin-

321 1833 450 1888 ,τῶν
480 1832 836 1902 ἀνθρωπίνων
859 1834 881 1865 ⁸
906 1833 1191 1902 γλωσσῶν,
1218 1835 1304 1887 διά
1347 1835 1507 1888 τοῦτο
1533 1834 1705 1894 οὕτως
1733 1831 1906 1888 εἶπεν.
1945 1859 1984 1912 Β
2015 1841 2132 1909 guis
2161 1842 2513 1895 excellentius
2543 1849 2707 1906 esset,

2015 1841 2132 1909 guis
2161 1842 2513 1895 excellentius
2543 1849 2707 1906 esset,
2749 1842 3028 1901 indicaret,
3075 1839 3153 1893 sic
3201 1839 3355 1891 dixit.
3405 1837 3582 1905 Ange-

352 1927 631 1991 ’Λγγέλοις
657 1927 763 1997 γάρ
786 1929 806 1960 ⁸
831 1927 1075 1995 γλῶσσα,
1107 1931 1138 1998 ἡ
1164 1928 1326 1996 νοερά
1362 1930 1498 1999 πρὸς
1525 1929 1589 1980 τὸ
1613 1929 1863 1997 ἀλλήλοις
1890 1931 1909 1959 ⁸

342 2014 630 2068 διαδιδόναι
659 2018 728 2069 τά
763 2018 881 2070 θεῖα
931 2019 1180 2088 νοήματα.
1234 2020 1460 2090 δύναμις
1498 2035 1512 2049 ⁸
1545 2020 1680 2072 Ἀπὸ
1707 2020 1762 2072 δὲ
1821 2022 1913 2074 τοῦ

348 2107 618 2175 ἡμετέρου
654 2109 890 2178 ὀργάνου
916 2111 1124 2179 ταύτην
1157 2112 1461 2180 ὠνόμασεν,
1491 2112 1680 2183 ῶσπερ
1715 2114 1806 2164 καὶ
1832 2114 1912 2175 τὸ,

352 2217 368 2246 ι
411 2199 524 2251 Πᾶν
555 2201 684 2267 γόνυ
716 2201 921 2272 κάμψει
960 2205 1317 2274 ἐπουρανίων.
1352 2224 1370 2254 ι
1403 2205 1478 2258 Οὐ
1528 2205 1636 2275 γάρ
1663 2205 1796 2257 ὀστᾶ
1824 2206 1915 2257 καὶ

345 2285 512 2356 νεῦρα
568 2289 804 2359 ἔχουσιν,
848 2292 982 2347 ἀλλά
1018 2295 1117 2363 τὴν
1173 2297 1578 2364 ἐπιτεταμένην
1637 2283 1916 2364 ὑποταγὴν

346 2379 602 2450 ἐδήλωσε.
648 2401 665 2433 ι
710 2384 914 2452 Γέγονα
959 2404 977 2437 ι
1028 2387 1082 2438 δὲ
1108 2427 1121 2450 ,
1187 2389 1322 2456 φησι
1345 2428 1361 2450 ,
1407 2407 1423 2438 ι
1453 2387 1653 2454 χαλκὸς
1678 2390 1862 2456 ἠχῶν·
1894 2408 1910 2440 ι

349 2472 653 2537 τουτέστιν,
685 2476 868 2545 φωνὴν
899 2478 997 2544 μὲν
1039 2479 1243 2546 ἀφιεὶς,
1278 2479 1400 2547 εῑκῆ
1431 2480 1486 2532 δὲ
1521 2480 1914 2548 φθεγγόμενος,

348 2567 442 2619 καὶ
467 2570 695 2640 ὀχληρὸς
725 2571 822 2637 ῶν,
861 2575 1062 2644 μηδένα
1085 2576 1142 2634 δὲ
1189 2578 1438 2644 ὠφελῶν,
1474 2579 1562 2632 διὰ
1599 2581 1659 2631 τὸ
1695 2580 1916 2649 ἀγάπης

351 2657 698 2729 ἐστερῆσθαι.

425 2856 444 2888 ι
479 2839 587 2890 Καὶ
617 2840 712 2893 ἐάν
737 2841 843 2912 ἔχω
870 2847 1224 2916 προφητείαν,
1256 2849 1347 2899 καὶ
1391 2848 1513 2900 εἰδῶ
1550 2849 1617 2902 τά
1648 2853 1918 2919 μυστήρια

352 2932 552 2994 πάντα,
585 2937 678 2987 καὶ
719 2938 898 2990 πᾶσαν
931 2938 1029 3008 τὴν
1062 2941 1279 3003 γνῶσιν.
1318 2961 1332 2992 ι
1368 2942 1477 3010 Οὐχ
1502 2941 1684 3003 ἁπλῶς
1713 2961 1921 3012 προφη-

353 3023 522 3088 τείαν,
549 3026 681 3080 ἀλλὰ
713 3030 811 3098 τὴν
838 3031 1164 3102 ἀκροτάτην,
1186 3035 1276 3086 καὶ
1304 3038 1479 3089 πάντα
1504 3037 1706 3089 είουῖαν
1727 3037 1794 3088 τά
1819 3055 1920 3104 μυ-

353 3119 571 3187 στήρια.
603 3121 801 3174 Σκόπει
824 3125 902 3184 δὲ,
937 3125 1052 3187 πῶς
1083 3129 1173 3180 ἐπὶ
1203 3130 1300 3197 μὲν
1328 3131 1434 3183 τῶν
1453 3130 1735 3196 γλωσσῶν,
1770 3132 1918 3183 οὐδὲν

352 3206 506 3262 εἶπεν
561 3207 701 3265 εἶναι
749 3214 970 3282 κέρδοςο
1032 3221 1122 3271 ἐπὶ
1167 3221 1223 3271 δὲ
1277 3222 1376 3289 τῆς
1435 3224 1801 3290 προφητείας,

352 3301 553 3357 εἰδέναι
577 3305 645 3357 τὰ
697 3309 970 3379 μυστήρια
1007 3311 1201 3375 πάντα,
1234 3317 1326 3366 καὶ
1362 3318 1542 3367 πᾶσαν
1570 3316 1665 3384 τὴν
1696 3317 1916 3382 γνῶσιν.

437 3529 456 3561 ι
489 3511 597 3564 Καὶ
626 3511 720 3563 ἐὰν
744 3510 851 3580 ἔχω
889 3515 1070 3568 πᾶσαν
1098 3519 1198 3583 τὴν
1223 3517 1425 3569 πίστιν.
1458 3537 1476 3568 ι
1511 3519 1627 3571 ’Ίνα
1677 3520 1751 3588 μὴ
1800 3520 1920 3572 καθ’

356 3602 588 3657 ἕκαστον
627 3605 800 3672 λέγων
827 3606 1058 3677 ὀχληρὸς
1089 3610 1370 3678 φαίνηται,
1402 3612 1493 3664 ἐπὶ
1546 3613 1644 3680 τὴν
1704 3614 1919 3681 μητέρα

359 3701 453 3752 καὶ
484 3697 582 3770 τὴν
622 3699 806 3769 πηγὴν
831 3701 1084 3754 ἁπάντων
1109 3697 1261 3772 ἦλθε,
1295 3702 1392 3773 τὴν
1441 3705 1643 3766 πίστιν,
1675 3708 1767 3757 καὶ
1794 3707 1922 3757 ταύ-

356 3808 478 3860 την,
508 3795 708 3845 πᾶσαν.

437 3904 456 3936 t
495 3887 654 3938 ’Ὥστε
695 3886 790 3939 καὶ
815 3886 914 3957 δρη
961 3886 1303 3954 μεθιστάναι,
1335 3889 1554 3959 ἀγάπην
1575 3891 1629 3942 δὲ
1660 3892 1758 3942 οὐκ
1791 3891 1919 3960 ἔχω,

359 3978 512 4030 οὐδέν
535 3981 667 4046 είμι.
711 3999 728 4030 ›
777 3979 998 4048 Ἐπειδὴ
1026 3980 1200 4033 ἐδόκει
1248 3983 1360 4042 τοῖς
1381 3984 1709 4051 παχυτέροις
1753 3984 1916 4051 μέγα,

359 4070 423 4121 τὸ
464 4068 803 4136 μεθιστάνειν
857 4069 926 4122 τά
980 4071 1104 4139 δρη,
1138 4071 1327 4123 τούτου
1383 4072 1542 4124 ἕνεκα
1602 4075 1921 4143 ἐπεμνήσθη

361 4162 549 4223 αὐτοῦ,
581 4163 677 4231 οὐχ
706 4164 790 4214 ὅτι
821 4161 980 4214 τοῦτο
1012 4163 1170 4231 μόνον
1199 4163 1420 4216 δύναται
1447 4167 1481 4233 ἡ
1523 4168 1674 4220 πᾶσα
1699 4169 1880 4230 πίστις
1907 4185 1921 4198 ο

360 4257 421 4306 τὸ
449 4256 557 4323 γάρ
583 4255 683 4323 δρη
730 4254 1094 4323 μεθιστάνειν,
1125 4255 1378 4326 ὁ.Κύριος
1429 4259 1609 4328 μικρῷ
1645 4260 1798 4328 μέρει
1826 4265 1925 4330 τῆς

363 4349 600 4409 πίστεως
623 4347 962 4416 ἀνατίθησιν,
983 4346 1154 4401 εἰπών
1183 4366 1196 4378 ·
1233 4367 1251 4401 t
1302 4349 1426 4402 Ἐὰν
1451 4350 1609 4420 ἔχητε
1645 4355 1826 4405 πίστιν
1850 4353 1924 4416 ὼς

361 4441 564 4496 κόκκον
627 4443 918 4503 σινάπεως.
952 4461 970 4492 ι
1006 4441 1149 4512 Ὅρα
1175 4442 1251 4507 δὲ,
1290 4442 1406 4506 πῶς
1441 4443 1530 4496 διὰ
1565 4446 1665 4514 τῆς
1703 4463 1922 4516 προφη-

1860 3224 1919 3274 τὸ
1946 3202 1990 3261 C

2019 1934 2189 1986 lorum
2209 1934 2352 1988 enim
2379 1933 2552 2002 lingua
2573 1943 2656 1987 est
2681 1932 3056 1986 intellectualis
3080 1933 3160 1984 vis
3213 1947 3316 1999 qua
3341 1930 3440 1982 sibi
3467 1947 3575 1980 tnu-

2019 2036 2109 2076 tno
2139 2026 2442 2078 divinarum
2480 2040 2662 2078 rerum
2714 2026 3042 2078 intellectum
3099 2039 3160 2076 ac
3192 2023 3401 2076 divinas
3436 2024 3578 2090 cogi-

2020 2117 2251 2171 tatioues
2312 2119 2645 2186 impertiuut.
2680 2117 2724 2171 Α
2771 2129 2954 2170 nostro
2994 2128 3172 2170 autem
3224 2132 3429 2183 orgzmo
3458 2130 3575 2168 eam

2020 2212 2338 2272 nominavit,
2408 2213 2862 2280 quemadmodum
2924 2222 2976 2263 et
3035 2211 3200 2276 illud,
3242 2228 3260 2261 t
3307 2209 3569 2262 Flectetui

2019 2320 2180 2358 omne
2221 2320 2358 2372 genu
2408 2305 2705 2359 caelestium
2739 2316 2787 2358 P.
2831 2324 2847 2356 ι
2885 2304 3002 2357 Non
3034 2307 3176 2358 enim
3214 2320 3336 2359 ossa
3372 2317 3424 2358 et
3462 2319 3585 2357 ner-

2022 2412 2114 2449 vos
2144 2397 2366 2461 habent,
2397 2400 2492 2452 sed
2525 2413 2792 2450 summam
2849 2398 3250 2460 subiectionem
3296 2399 3578 2452 iudicavit.

2027 2508 2044 2538 ι
2079 2487 2274 2543 Factus
2335 2506 2476 2554 sum,
2510 2509 2529 2541 ι
2589 2492 2784 2558 inquit,
2831 2509 2846 2541 ι
2892 2508 2965 2544 ωδ
3013 2505 3234 2554 sonans,
3269 2509 3310 2542 ι.
3362 2490 3462 2545 hoc
3507 2506 3588 2544 εει

2020 2597 2205 2636 vocem
2259 2584 2474 2651 quidem
2537 2585 2724 2649 edens,
2779 2594 2979 2638 temere
3031 2595 3208 2638 autem
3243 2584 3488 2651 loquens,
3522 2599 3584 2636 ac

2024 2676 2330 2730 turbulenta
2386 2676 2687 2746 proferens,
2708 2677 2902 2745 quibus
2926 2677 3126 2730 nemini
3152 2679 3377 2746 prosim,
3409 2693 3584 2747 quau-

2023 2769 2308 2836 doqnidem
2340 2770 2607 2823 cltaritate
2638 2771 2738 2823 sim
2765 2772 3081 2825 destitutus.

2095 2860 2254 2915 Vatis.
2286 2862 2342 2914 ‘2.
2373 2881 2391 2914 ι
2430 2863 2498 2916 Et
2526 2864 2568 2916 si
2593 2863 2751 2932 202
2773 2862 3010 2917 habuero
3032 2863 3388 2932 pr0phetiam,
3415 2874 3469 2916 et
3493 2879 3587 2918 no-

2024 2958 2190 3009 verim
2221 2958 2480 3027 mysteria
2508 2959 2714 3019 omnia,
2745 2967 2800 3010 et
2824 2972 3039 3010 omnem
3071 2957 3375 3018 scientiam.
3415 2976 3436 3009 ι
3469 2956 3585 3009 Non

2022 3050 2341 3120 simpliciter
2395 3051 2750 3118 prophetiam,
2792 3053 2887 3104 sed
2924 3050 3155 3103 maxime
3199 3049 3508 3111 sublimem,
3538 3060 3591 3101 et

2024 3159 2142 3212 qua:
2166 3143 2420 3208 mysteria
2448 3143 2626 3196 omnia
2650 3143 2876 3196 noverit.
2902 3140 3141 3195 Observa
3164 3151 3343 3194 autem
3370 3140 3513 3208 quod
3528 3142 3592 3193 de

2027 3236 2221 3306 linguis
2255 3237 2471 3305 quidem
2497 3237 2696 3289 nullam
2723 3234 3010 3290 utilitatem
3038 3235 3173 3288 dixit
3196 3248 3315 3302 qua:
3337 3233 3417 3286 eis
3444 3233 3588 3286 ines-

2024 3339 2143 3393 set;
2183 3339 2238 3383 at
2266 3331 2333 3385 de
2363 3331 2642 3398 prophetia
2672 3330 2773 3383 hoc
2800 3328 2955 3391 dixit,
3005 3326 3063 3381 Si
3095 3326 3334 3381 noverim
3391 3335 3593 3395 myste-

2027 3427 2101 3478 ria
2136 3426 2335 3490 omnia,
2365 3435 2418 3478 et
2479 3439 2690 3478 omnem
2737 3423 3036 3476 scientiam.

2101 3540 2130 3573 ι
2157 3519 2220 3571 Et
2262 3521 2304 3573 si
2351 3521 2489 3573 liabu
2515 3537 2588 3571 'ro
2643 3534 2855 3571 omnem
2917 3517 3094 3570 Iidem.
3162 3534 3180 3566 ι
3216 3515 3290 3567 Νι·
3317 3515 3588 3580 sigillatitn

2024 3614 2253 3666 dicendo
2313 3611 2571 3666 molestus
2622 3613 2885 3676 videatur,
2918 3611 2981 3663 ad
3026 3623 3251 3663 matrem
3300 3620 3356 3663 et
3388 3611 3594 3662 fontem

2026 3708 2288 3772 omnium,
2323 3707 2478 3760 iidem
2511 3707 2775 3775 pervenit,
2811 3721 3039 3775 eantque
3064 3719 3304 3759 omnem.

2102 3908 2120 3940 ι
2156 3888 2223 3943 Ut
2250 3896 2458 3940 montes
2501 3887 2848 3946 transferam,
2879 3882 3201 3938 charitatem
3253 3893 3431 3935 autem
3485 3899 3590 3934 non

2028 3983 2274 4042 habeam,
2313 3978 2443 4032 nihil
2473 3994 2612 4031 sum.
2643 3996 2661 4028 ι
2690 3976 2824 4042 Quia
2849 3977 3136 4030 videbatur
3185 3990 3436 4042 magnum
3470 3989 3591 4027 esse

1993 4072 2332 4126 'rudioribus
2387 4081 2600 4124 montes
2630 4069 2946 4132 transferre,
2997 4079 3281 4135 propterea
3335 4067 3453 4134 ejus
3513 4067 3599 4117 rei

2029 4165 2293 4229 meminit,
2319 4179 2423 4217 non
2455 4163 2597 4230 quod
2628 4164 2728 4216 hoc
2777 4160 2952 4214 solum
3008 4161 3181 4228 possit
3237 4168 3344 4212 tota
3409 4159 3541 4210 ﬁdes
3579 4174 3593 4209 :

2029 4273 2154 4313 nam
2193 4266 2403 4311 montes
2428 4255 2746 4317 transferre,
2779 4253 2863 4306 vel
2905 4255 3126 4306 modica:
3155 4252 3283 4306 tidei
3319 4253 3458 4320 parti
3492 4251 3593 4303 Do-

2033 4353 2208 4403 minus
2231 4348 2454 4402 ascribit
2484 4367 2498 4402 :
2556 4366 2573 4398 t
2603 4347 2659 4401 Si
2689 4347 2957 4410 habeatis,
3018 4365 3036 4398 »
3073 4346 3342 4414 inquiens,
3373 4363 3392 4394 ι
3427 4345 3588 4397 tidem

2031 4453 2088 4498 ut
2115 4459 2338 4514 granum
2372 4443 2644 4510 sinapisq.
2673 4459 2690 4491 ι
2719 4439 2960 4495 Observa
2992 4450 3173 4492 autem
3205 4439 3291 4490 hic
3313 4438 3588 4506 quomodo

359 4528 511 4589 τείας
533 4529 749 4598 καὶτῆς
777 4530 1034 4596 πίστεως,
1070 4532 1252 4584 πάντα
1283 4533 1352 4585 τὰ
1396 4535 1709 4604 χαρίσματα
1768 4554 1923 4606 περι-
1959 4541 2003 4596 ι)
2032 4548 2125 4602 per
2157 4533 2490 4600 prophetiam
2512 4541 2565 4586 ct
2590 4531 2733 4584 (idet!

1993 4550 2003 4589 ι
2032 4548 2125 4602 per
2157 4533 2490 4600 prophetiam
2512 4541 2565 4586 ct
2590 4531 2750 4584 (idem
2780 4529 2962 4584 omnia
2985 4527 3314 4583 charismata
3342 4542 3594 4593 compre-

360 4618 554 4671 ἐλαϐεν
575 4636 590 4650 ο
622 4619 654 4688 ἢ
683 4621 790 4688 γὰρ
820 4621 878 4673 ὲν
903 4620 1104 4687 λόγοις,
1131 4621 1164 4691 ἢ
1197 4623 1255 4674 ὲν
1303 4622 1509 4694 ἔργοις,
1534 4627 1639 4677 εἰσὶ
1668 4626 1735 4679 τά
1798 4628 1928 4679 θαύ-

363 4728 527 4780 ματα.
573 4711 688 4764 Οὒκ
730 4705 850 4765 εἷπε
900 4712 979 4778 δὲ,
1009 4714 1090 4766 ὅτι
1126 4714 1375 4785 Ἀγάπην
1415 4719 1488 4786 μὴ
1533 4718 1694 4788 ἔχων,
1734 4722 1928 4792 μικρός

358 4805 476 4873 είμι
498 4803 591 4856 καὶ
615 4803 859 4873 εὐτελῆς.
891 4806 1026 4870 ἀλλ’,
1054 4824 1073 4858 ι
1110 4808 1276 4861 Οὐδέν
1305 4810 1440 4876 ειμι.
1474 4827 1490 4860 t

436 4914 454 4946 ι
494 4896 604 4949 Καὶ
650 4897 746 4949 ἐὰν
791 4895 1026 4966 ψωμίσω
1068 4898 1245 4951 πάντα
1277 4901 1344 4953 τὰ
1373 4901 1689 4972 ὑπάρχοντά
1726 4921 1853 4972 μου.
1899 4925 1916 4957 ι

360 4990 475 5042 Οὐκ
525 4984 698 5054 εἶπεν,
739 4988 868 5044 Ἐὰν
897 4990 972 5042 δῶ
1015 4991 1178 5061 μέρος
1233 4993 1331 5060 τῆς
1381 4995 1568 5056 οὐσίας
1611 5015 1730 5064 μου,
1763 4999 1921 5061 ἀλλὰ,

367 5101 386 5132 ι
422 5079 505 5138 Τὰ
532 5082 706 5134 πάντα
725 5097 773 5134 ἰ
804 5081 896 5154 καὶ
927 5081 1026 5134 οὐκ
1054 5079 1194 5148 εἷπε,
1222 5084 1325 5150 Δῶ,
1358 5085 1512 5150 ἀλλὰ,
1539 5107 1556 5137 t
1583 5090 1830 5158 Ψωμίσω
1860 5107 1920 5158 ⁸,»

360 5175 504 5228 ῶστε
529 5174 890 5244 προσκεῖσθαι
917 5177 983 5245 τῇ
1004 5175 1217 5246 δαπάνῃ
1251 5177 1344 5230 καὶ
1369 5179 1466 5248 τὴν
1487 5179 1786 5245 διακονίαν,
1818 5182 1917 5253 τὴν

366 5271 486 5336 μετ’
521 5268 842 5338 ἐπιμελείας
872 5271 1076 5339 πάσης.

440 5383 458 5414 ‹
493 5364 600 5418 Καὶ
635 5363 728 5414 ἐὰν
759 5363 984 5432 παραδῶ
1035 5364 1094 5416 τὸ
1130 5365 1289 5434 σῶμά
1328 5383 1465 5434 μου,
1498 5369 1584 5421 ἴνα
1636 5369 1925 5438 καυθήσω-

369 5473 495 5528 μαι,
543 5456 765 5526 ἀγάπην
806 5456 863 5510 δὲ
905 5457 980 5527 μὴ
1009 5454 1136 5526 ἔχω,
1166 5457 1319 5512 οὐδὲν
1342 5458 1689 5531 ὠφελοῦμαι.
1739 5481 1756 5514 ι
1802 5462 1926 5516 Οὐκ,

443 5630 469 5669 r
506 5619 736 5690 Philipp.
770 5637 829 5689 tt,
861 5620 945 5676 10.
1023 5632 1050 5673 ιι
1078 5620 1268 5678 Matth.
1305 5641 1439 5691 xvn,
1483 5628 1571 5683 20.

2027 4625 2539 4679 hendit:autenim
2599 4625 2652 4677 in
2693 4623 2874 4677 verbis
2915 4620 2996 4675 vel
3043 4620 3300 4689 operibus
3330 4629 3461 4673 sunt
3493 4619 3592 4670 iiii-

2029 4720 2229 4774 racula.
2261 4719 2376 4772 Non
2428 4718 2559 4772 dixit
2615 4725 2797 4770 autem
2852 4715 3176 4769 charitatem
3213 4726 3318 4766 non
3361 4712 3590 4774 habens,

2028 4812 2267 4867 Modicus
2296 4827 2412 4864 sum
2434 4819 2489 4863 et
2518 4810 2681 4874 vilis;
2711 4823 2914 4872 verum,
2967 4825 2988 4858 ι
3026 4805 3169 4858 Nihil
3210 4820 3350 4860 sum.
3395 4822 3413 4853 ι

2096 4905 2259 4958 νεειε.
2318 4902 2370 4955 3.
2413 4920 2430 4952 ι
2471 4901 2610 4954 Etsi
2657 4900 2981 4954 distribuere
3005 4898 3057 4950 in
3090 4895 3243 4951 cibos
3295 4909 3591 4964 pauperum

2023 5009 2212 5049 omnes
2244 4992 2530 5045 facultates
2561 5005 2725 5044 ineas.
2757 5007 2773 5039 ι
2809 4987 2924 5041 Non
2959 4986 3114 5050 dixit,
3143 4985 3203 5040 Si
3247 4995 3458 5054 partem
3493 4984 3594 5036 ali-

2029 5101 2188 5154 quam
2219 5082 2532 5142 facultatum
2577 5097 2815 5135 mearum
2847 5080 3063 5143 dedero,
3087 5079 3202 5141 sed,
3238 5097 3257 5130 ι
3286 5076 3487 5131 Omnes
3524 5095 3537 5130 :
3569 5095 3586 5128 I

2029 5194 2126 5234 nec
2158 5179 2308 5241 dixit,
2333 5179 2559 5240 Dedero,
2589 5178 2702 5241 sed,
2739 5194 2757 5228 t
2803 5177 2858 5228 ln
2891 5175 3041 5229 cibos
3063 5174 3415 5234 distribuero,
3453 5189 3471 5221 ι
3504 5182 3592 5221 aut

2029 5272 2258 5342 sumptui
2284 5271 2639 5324 ministerium
2667 5285 2786 5323 cum
2812 5267 2955 5322 omni
2980 5266 3256 5334 diligentia
3281 5265 3582 5333 adjiciatur.

2105 5385 2122 5418 ι
2159 5365 2224 5420 Et
2257 5367 2298 5419 si
2328 5365 2527 5420 dedero
2552 5378 2746 5433 corpus
2777 5375 2950 5415 meum
2976 5370 3034 5414 ut
3057 5360 3296 5421 ardeam,
3353 5355 3587 5409 charita-

2035 5470 2140 5512 tem
2168 5468 2347 5512 autent
2398 5472 2501 5512 non
2526 5457 2775 5521 habeam,
2806 5452 2943 5508 nihil
2972 5452 3102 5508 mihi
3135 5450 3372 5521 prodest.
3421 5465 3440 5499 ι
3475 5446 3588 5499 Non

1668 5738 1864 5799 Variae
1894 5738 2214 5800 lectiones.

443 5859 514 5925 ’ἦ
541 5872 590 5911 ο.
666 5859 686 5890 ⁵
728 5859 1025 5930 ἀνθρώπων
1072 5877 1122 5917 ο.
1201 5866 1218 5894 ⁸
1249 5864 1300 5916 δὲ
1329 5882 1377 5920 o.

1456 5865 1474 5895 ⁶
1502 5863 1782 5934 ἀλλήλους,
1811 5865 1903 5917 καὶ
1948 5863 2190 5935 ἀλλήλων
2222 5879 2272 5918 0.
