4272 6448
743 396 850 459 735

1657 395 2228 459 TlIEOPIIYLACTI
2272 400 2679 462 BULGARUE
2718 405 3067 465 ARClIIEP.

3873 405 3993 468 736

749 529 773 563 θ
813 511 1165 566 ιΈηιηΙτηηίηί
1215 510 1539 577 δΡῘΓῘῑηῦῘίεῑν
1589 531 1606 560 ³
1657 513 1755 565 IV“?
1811 525 1914 573 “Si.
1951 516 2306 580 ϐιηπῖςίιιτιῑτι,
2338 521 2382 576 Α
2413 519 2566 572 λοῦτε
2603 521 2668 573 τὰ
2704 523 3080 590 πνευματικᾶ,
3139 542 3158 572 ι
3204 521 3487 582 τουτέστι,
3525 519 3592 572 τὰ
3641 520 3991 587 χαρὶσματσ.

742 620 854 671 pra:
888 605 1096 655 cmtcris
1137 611 1317 656 autem
1369 603 1729 671 prolihetiam.
1789 605 1898 658 lloe
1939 616 2118 661 autem
2176 609 2311 661 dixit

745 697 1046 763 linguarum
1125 711 1312 759 causa,
1386 711 1614 763 quarum
1698 699 1914 750 nomine
1991 712 2309 770 arrogantes

742 795 917 839 erant.

815 875 977 930 Vens.
1001 876 1057 938 ‘2,
1080 878 1133 931 '5.
1165 896 1182 927 ι
1223 877 1322 943 Qui
1351 876 1495 931 enim
1523 878 1700 949 lingua
1721 880 1978 946 loquitur,
2001 883 2308 941 hominibus

745 981 846 1018 non
869 967 1132 1034 loquitur,
1167 970 1258 1020 sed
1307 968 1435 1023 Deo.
1493 971 1663 1025 Nemo
1696 972 1840 1025 enim
1875 974 2056 1030 audit:
2104 975 2304 1043 Spiritu

743 1069 921 1111 autem
949 1059 1180 1126 loquitur
1212 1064 1489 1130 mysteria.
1513 1063 1612 1128 Qui
1640 1080 1765 1116 vero
1788 1069 2093 1133 prophetat,
2130 1070 2307 1123 homi-

743 1153 898 1204 nibus
932 1153 1171 1216 loquitur
1204 1156 1610 1209 aediﬁcationem
1661 1165 1715 1211 et
1759 1159 2190 1216 adhortationem
2253 1175 2306 1218 et

744 1242 1186 1297 oonsolationem.
1231 1265 1248 1296 ι
1307 1246 1540 1314 Linguas
1579 1262 1700 1300 eum
1745 1251 2022 1318 prephetia
2075 1253 2302 1315 confert,

743 1335 1086 1403 ostenditque
1153 1353 1244 1388 eas
1289 1353 1380 1404 per
1423 1353 1483 1392 se
1545 1355 1721 1408 neque
1779 1346 1995 1396 omnino
2061 1346 2301 1408 inutiles,

745 1443 916 1494 neque
944 1431 1163 1482 omnino
1197 1421 1526 1485 commodas.
1568 1453 1586 1483 ι
1619 1433 1734 1487 Non
1773 1456 1791 1486 ι
1827 1439 1967 1488 cnim
2006 1457 2022 1486 ι
2073 1441 2306 1494 homini-

745 1519 842 1570 bus
882 1521 1192 1585 loquuntur,
1227 1525 1318 1574 sed
1369 1523 1475 1577 Deo
1508 1543 1520 1576 :
1563 1544 1579 1575 ι
1609 1526 1709 1581 hoc
1727 1538 1830 1583 est.
1876 1545 1978 1581 non
2034 1531 2305 1586 intellectu

745 1607 914 1659 fit-ilia
935 1617 986 1660 et
1004 1620 1182 1676 aperta
1205 1611 1507 1664 hominibus
1525 1615 1703 1668 dicunt
1724 1634 1737 1681 ;
1758 1627 2009 1672 cmterum
2034 1621 2084 1672 itt
2104 1621 2304 1687 Spiritu

744 1707 929 1748 sam-to
960 1701 1249 1768 loquuntur
1281 1705 1556 1768 mysteria.
1581 1705 1856 1771 Quatenus
1885 1712 2063 1779 itaque
2097 1731 2161 1769 ex
2190 1716 2307 1783 Spi-

743 1789 846 1841 ritu
865 1791 1165 1856 loquuntur,
1185 1809 1268 1845 res
1283 1795 1520 1860 profecto
1536 1807 1617 1850 est
1635 1801 1798 1853 ardua
1816 1817 1827 1850 :
1845 1814 2107 1869 quatenus
2125 1818 2299 1859 :Itllt'm

749 1881 1054 1933 hominibus
1083 1898 1185 1935 nou
1214 1886 1452 1951 prodest,
1483 1887 1702 1943 inferior
1732 1901 1814 1944 est
1840 1897 2141 1962 prophetia.
2173 1896 2303 1950 N-un

747 1972 831 2024 ifla
861 1984 912 2024 et
951 1989 1012 2025 ex
1044 1975 1245 2042 Spiritu
1274 1989 1377 2041 est,
1413 1990 1467 2031 et
1522 1985 1874 2044 commodior,
1919 2001 2031 2050 eos,
2069 1990 2157 2056 qtti
2202 2007 2304 2042 non

746 2075 873 2114 sunt
903 2065 1146 2128 stabiliti,
1176 2069 1464 2132 mdifieans,
1485 2073 1761 2139 segniores
1786 2075 2076 2132 adhortans
2097 2082 2307 2135 etexci-

748 2166 883 2214 Ltus,
939 2155 1302 2220 pusillanimes
1355 2160 1599 2214 animans
1650 2173 1703 2216 et
1750 2167 2052 2220 consolans.
2101 2168 2308 2239 Ubique

745 2258 871 2310 ergo
921 2243 1112 2299 Paulus
1142 2247 1269 2302 illud
1293 2251 1441 2314 ponit
1464 2251 1658 2319 majus,
1698 2257 1840 2320 quod
1860 2267 1942 2310 est
1973 2259 2178 2313 utilius.

820 2419 982 2473 Vens.
1024 2419 1076 2474 4.
1110 2439 1128 2472 ι
1155 2421 1253 2488 Qui
1287 2423 1523 2493 loquitur
1547 2427 1747 2498 lingua,
1772 2430 2010 2498 seipsum
2031 2434 2260 2489 :editicat
2291 2454 2302 2488 :

747 2515 833 2578 qui
871 2518 1401 2584 autermprophetat,
1454 2518 1750 2575 Ecclesiam
1797 2524 2048 2580 aedificat.
2091 2545 2109 2577 ι
2159 2526 2303 2581 Multi

749 2607 940 2674 tinguis
973 2608 1247 2676 loquentes
1319 2626 1424 2664 non
1473 2621 1717 2679 poteram
1779 2618 1900 2675 aliks
1954 2619 2302 2690 interpretari

746 2714 865 2764 qua!
891 2701 1151 2753 tlit'creltl.
1196 2701 1284 2754 lsli
1316 2705 1477 2778 igitur
1509 2713 1748 2780 sibiipsis
1775 2715 1904 2768 solis
1945 2711 2102 2768 utiles
2127 2725 2298 2766 erant.

747 2791 847 2856 Qui
904 2812 1082 2849 autem
1134 2801 1438 2867 prophetat,
1476 2816 1664 2856 omnes
1717 2805 1997 2859 audientes
2058 2806 2301 2874 juvabat.

750 2892 963 2950 Quanto
1025 2891 1186 2964 igitur
1233 2893 1579 2958 praestantius
1630 2905 1713 2949 est
1767 2895 2063 2952 Ecclesiam
2115 2902 2304 2967 juvare

748 2983 926 3045 potius
952 2997 1112 3050 quam
1145 3000 1332 3048 unum,
1356 2994 1506 3040 tanto
1533 2989 1698 3041 etiam
1723 2989 1921 3060 linguis
1951 2993 2302 3047 excellentior

746 3084 828 3123 est
859 3076 1164 3141 prophetia.

819 3165 982 3220 Vens.
1017 3169 1070 3220 5.
1098 3187 1115 3220 ι
1155 3170 1286 3223 Volo
1322 3180 1499 3225 autem
1527 3188 1621 3228 vos
1645 3190 1833 3230 omnes
1894 3178 2093 3247 linguis
2133 3180 2302 3248 loqui,
2333 3204 2377 3266 Ο

749 3258 919 3328 magis
949 3272 1126 3313 autem
1149 3272 1207 3314 ut
1236 3264 1587 3331 prophetetis.
1621 3285 1638 3318 ι
1677 3268 1814 3334 Quia
1849 3285 1953 3324 non
1982 3275 2134 3340 pauci
2170 3279 2308 3344 apud

746 3366 840 3404 ros
875 3353 1231 3421 loquebantur
1248 3355 1459 3426 linguis,
1482 3374 1546 3412 ne
1568 3359 1727 3429 207
1747 3363 1988 3418 videatur
2013 3381 2076 3418 ex
2109 3368 2306 3420 invidia

748 3440 958 3509 linguas
988 3444 1226 3507 elevare,
1270 3465 1288 3497 ι
1331 3445 1483 3512 Volo,
1528 3469 1546 3502 ι
1581 3450 1776 3519 inquit,
1817 3471 1836 3505 ι
1876 3470 2064 3510 onmes
2115 3459 2309 3528 linguis

749 3535 912 3602 loqui,
950 3555 968 3586 ι
1003 3553 1108 3590 non
1138 3555 1300 3592 unum
1342 3552 1435 3594 aut
1468 3544 1621 3609 duos,
1655 3548 1829 3609 potius
1871 3557 2052 3604 tamen
2085 3551 2207 3605 volo
2246 3562 2298 3604 ut

749 3628 1102 3694 prOphetetis,
1134 3643 1349 3700 propter
1381 3634 1638 3702 majorem
1658 3637 1943 3693 utilitatem
1974 3643 2200 3696 scilicet.

828 3738 846 3768 ι
881 3719 1058 3788 Major
1081 3726 1223 3774 enim
1256 3733 1336 3777 est
1359 3727 1448 3793 qui
1475 3727 1780 3794 prophetat,
1807 3745 1968 3798 quam
1994 3734 2082 3798 qui
2112 3733 2310 3802 linguis

749 3807 1005 3875 loquitur,
1042 3812 1145 3864 nisi
1186 3813 1350 3866 etiam
1379 3811 1783 3885 interpretetur,
1818 3830 1874 3873 ιιι
1912 3821 2147 3878 Ecclesia
2180 3827 2311 3879 tedi-

750 3900 1058 3955 ficationem
1096 3904 1346 3972 accipiat.
1389 3923 1406 3956 ι
1443 3905 1635 3973 Major,
1688 3910 1880 3977 inquit,
1912 3923 1995 3968 est
2026 3917 2306 3984 propheta,

749 4007 932 4045 verum
965 4009 1030 4047 eo
1060 3995 1149 4062 qui
1179 4006 1384 4049 tantum
1417 4000 1613 4068 linguis
1640 4000 1896 4068 loquitur,
1926 4019 2022 4060 nec
2047 4007 2310 4076 interpre-

750 4085 850 4137 tari
886 4085 1051 4138 norit.
1100 4086 1230 4139 Nam
1265 4088 1309 4141 si
1349 4089 1496 4142 novit
1543 4091 1919 4161 interpretari,
1951 4099 2175 4165 :equalis
2228 4110 2310 4155 est

748 4174 1022 4242 prepheta:
1075 4175 1122 4228 is
1182 4178 1273 4243 qui
1313 4178 1508 4246 linguis
1554 4181 1813 4250 loquitur.
1869 4185 2126 4243 Edificat
2162 4193 2306 4244 enim

751 4263 1068 4330 Eerlesiam,
1102 4269 1226 4321 dum
1259 4270 1647 4338 interpretatur
1685 4291 1804 4342 qua:
1841 4279 2072 4334 obscure
2099 4284 2150 4334 in
2202 4285 2307 4337 lin-

751 4369 852 4419 gtta
888 4357 1164 4410 dicuntur.
1202 4357 1405 4412 Donum
1436 4363 1596 4414 etiam
1645 4377 1761 4418 erat
1808 4368 2200 4439 interpretatio,
2257 4386 2309 4428 ct

750 4444 872 4499 aliis
903 4447 1118 4513 quidem
1155 4448 1403 4514 dabatur,
1435 4453 1524 4521 qui
1551 4453 1750 4526 linguis
1781 4458 2158 4527 loquebantur,
2188 4465 2309 4519 aliis

750 4552 874 4590 vero
906 4554 1008 4591 non
1037 4541 1284 4594 dabatur.

824 4628 980 4683 Vsus.
1019 4630 1070 4683 6.
1111 4650 1128 4680 ι
1171 4631 1320 4685 Nune
1367 4645 1564 4701 autem,
1618 4637 1844 4703 fratres,
1899 4644 1942 4696 si
1990 4661 2187 4702 venero
2240 4653 2304 4702 ad

749 4736 843 4774 vos
874 4722 1067 4788 linguis
1099 4723 1339 4790 loquens,
1374 4726 1499 4790 qttid
1540 4730 1694 4783 vobis
1741 4735 1989 4798 prodcro,
2028 4739 2127 4790 nisi
2156 4741 2308 4795 vobis

749 4812 939 4878 loquar
973 4815 1022 4863 in
1076 4815 1427 4877 rein-latione,
1466 4827 1557 4869 aut
1592 4821 1840 4888 scientia,
1877 4836 1968 4878 attt
2004 4831 2304 4897 prophetia,

748 4914 837 4955 aut
870 4903 1153 4957 doctrina?
1192 4924 1208 4955 ι
1257 4905 1427 4960 Vultis
1479 4911 1616 4964 scire
1666 4912 2058 4969 incommodum
2091 4919 2302 4989 lingua-

750 5011 863 5047 rum
896 5010 1015 5062 qua:
1063 5011 1165 5048 non
1200 5002 1579 5066 exponuntur?
1612 5001 1739 5056 Esto
1786 5007 1928 5071 quod
1974 5023 2070 5077 ego
2112 5010 2306 5066 l'aulus

748 5087 934 5136 ductor
966 5094 1142 5138 vester
1176 5085 1359 5154 loquor
1401 5088 1591 5157 linguis
1615 5109 1630 5156 ;
1657 5095 1747 5146 sed
1777 5095 1900 5150 inde
1933 5099 1996 5149 ad
2032 5101 2305 5156 auditores

748 5174 883 5225 nihil
948 5175 1297 5230 emolumenti
1348 5182 1640 5244 proveniet,
1683 5185 1784 5237 nisi
1833 5188 1958 5255 quid
2014 5190 2201 5244 dixero
2252 5194 2302 5245 in

749 5264 1092 5327 revelatione,
1137 5268 1240 5320 hoc
1278 5279 1378 5332 est,
1412 5274 1856 5338 quemadmodum
1909 5294 2303 5340 consueverunt

746 5357 925 5408 dicere
956 5358 1044 5423 qui
1077 5359 1462 5415 revelationem
1497 5379 1524 5416 a
1564 5364 1672 5418 Deo
1703 5368 1878 5421 sortiti
1911 5382 2035 5424 sunt
2064 5392 2076 5425 :
2109 5390 2228 5442 qum
2252 5388 2305 5430 et

748 5445 859 5510 ipsa
909 5457 991 5499 cst
1029 5450 1320 5517 prophetia:
1351 5455 1590 5518 species,
1634 5472 1755 5508 cum
1791 5460 1972 5514 multis
2007 5467 2304 5520 astantibus

745 5539 1004 5604 cujusque
1034 5554 1196 5593 sensa
1245 5545 1519 5608 patefiant.
1559 5564 1577 5597 ι
1621 5545 1713 5601 Vel
1756 5548 1806 5602 itt
1840 5551 2062 5608 scientia
2087 5574 2162 5618 ,ιι
2200 5555 2301 5610 huc

2421 610 2713 677 ἐξαιρέτως
2765 611 2819 662 δὲ
2862 612 2961 678 τὴν
3001 611 3361 678 προφητείαν.
3412 610 3583 661 Τοῦτο
3615 610 3670 660 δὲ
3721 607 3862 672 εἶπε,
3900 608 3995 658 δια

2415 704 2512 766 τὰς
2540 704 2811 772 γλώττης,
2846 705 2930 770 ἐφ’
2959 700 3046 767 αἷς
3081 704 3236 757 αὐτοὶ
3267 704 3678 773 ἠλαζονεύοντο.

2497 898 2515 929 ι
2573 881 2630 932 '0
2674 881 2780 949 γὰρ
2808 881 2982 932 λαλῶν
3032 881 3273 954 γλώσσῃ,
3307 883 3404 934 οὐκ
3451 881 3760 951 ἀνθρώποις
3789 881 3992 942 λαλεῖ,

2420 972 2556 1026 ἀλλὰ
2590 974 2665 1042 τῷ
2701 974 2838 1044 Θεῷ.
2881 976 3068 1038 Οὐδεὶς
3098 977 3206 1047 γὰρ
3234 977 3449 1030 ἀκούει.
3503 976 3780 1046 ιΙνεὺματι
3816 980 3869 1031 δὲ
3902 979 3992 1028 λα-

2417 1067 2500 1118 λεῖ
2535 1069 2827 1137 μυστήρια.
2874 1069 2930 1121 Ὀ
2966 1070 3022 1122 δὲ
3073 1071 3462 1138 προφητεύων,
3497 1071 3804 1140 ἀνθρώποις
3838 1072 3994 1124 λαλεῖ

2419 1155 2705 1225 οἰκοδομὴν
2739 1159 2830 1209 καὶ
2867 1159 3215 1230 παράκλησιν
3253 1164 3349 1214 καὶ
3381 1163 3756 1229 παραμυθίαν.
3797 1181 3816 1213 ι
3853 1164 3992 1229 Συγ-

2419 1248 2592 1318 κρίνει
2626 1248 2723 1310 τὰς
2753 1249 3010 1315 γλώσσας
3045 1252 3181 1320 πρὸς
3208 1253 3307 1320 τὴν
3340 1254 3696 1321 προφητείαν,
3733 1256 3824 1306 καὶ
3865 1253 3991 1306 οὔτε

2423 1340 2594 1409 πάντη
2627 1341 2932 1410 ἀχρήστους
2964 1342 3201 1396 δείκνυσι
3223 1344 3442 1408 ταύτας,
3480 1345 3601 1397 οὔτε
3638 1348 3810 1413 πάντη
3843 1346 3992 1413 ὠφε-

2417 1431 2608 1500 λίμους
2658 1434 2780 1485 καθ’
2813 1435 3032 1496 ἑαυτάς.
3087 1438 3163 1488 Οὐ
3199 1437 3307 1506 γὰρ
3352 1436 3660 1504 ἀνθρώποις
3706 1437 3986 1499 λαλοῦσιν,

2418 1524 2558 1576 ἀλλὰ
2585 1524 2657 1592 τῷ
2686 1524 2806 1593 Θεῴ
2832 1543 2844 1554 ⁸
2875 1529 3178 1595 τουτέστιν,
3226 1531 3327 1581 οὐκ
3355 1530 3588 1596 εὺνόητα
3627 1531 3845 1598 λέγουσι
3874 1534 3987 1588 τοῖς

2419 1615 2725 1684 ἀνθρώποις
2755 1618 2848 1669 καὶ
2874 1622 3042 1687 σαφῆ,
3069 1621 3181 1673 ἀλλ’
3211 1624 3269 1674 ὲν
3294 1622 3435 1690 ἁγίῳ
3464 1623 3738 1691 Πνεύματι
3766 1622 3988 1675 λαλοῦσι

2420 1709 2713 1776 μυστήρια.
2749 1710 2913 1762 Ὥστε
2945 1713 3082 1763 καθὸ
3135 1713 3233 1779 μὲν
3282 1714 3346 1764 ὲκ
3381 1713 3697 1781 Πνεύματος
3727 1714 3985 1776 λαλοῦσι,

2421 1801 2560 1867 μέγα
2599 1803 2659 1852 τὸ
2692 1805 2955 1871 πρᾶγμα·
2990 1804 3125 1856 καθὸ
3155 1805 3208 1856 δὲ
3253 1806 3351 1857 οὐκ
3385 1805 3707 1875 ἀνθρώπους
3751 1807 3985 1872 ώτελεῖ,

2414 1893 2639 1959 ἡττᾶται
2676 1895 2772 1960 τῆς
2804 1897 3163 1964 προφητείας.
3210 1897 3426 1963 Ἐκείνη
3457 1899 3563 1963 γὰρ
3593 1901 3686 1950 καὶ
3713 1900 3776 1950 ὲκ
3811 1899 3986 1951 Πνεῦ-

2413 2000 2600 2045 ματος,
2634 1986 2724 2037 καὶ
2749 1987 3164 2058 ὠφελιμωτέρα,
3195 1991 3319 2052 τοὺς
3368 1991 3738 2065 ἀστηρέκτους
3781 1993 3986 2044 οἰκοδο-

2413 2075 2610 2143 μοῦσα,
2647 2079 2771 2139 τοὺς
2806 2079 3212 2149 ῥᾳθυμοτέρως
3239 2082 3632 2150 παρακαλοῦσα
3665 2085 3757 2134 καὶ
3783 2083 3980 2149 διεγεί-

2413 2183 2604 2235 ρουσα,
2634 2171 2759 2230 τοὺς
2783 2171 3138 2240 ὀλιγοψύχους
3169 2173 3667 2242 παραμυθουμένη.
3702 2173 3980 2240 Πανταχοῦ

2406 2261 2580 2312 τοίνυν
2630 2263 2657 2313 ὁ
2689 2263 2896 2325 Παῦλος
2944 2266 3118 2316 ἐκεῖνο
3158 2265 3366 2317 τίθεται
3406 2266 3610 2333 μεῖζον,
3664 2266 3724 2316 τὸ
3779 2266 3979 2333 ὡφελι-

2411 2352 2554 2419 μώτε
2567 2370 2676 2421 ρον.

2486 2464 2502 2496 ι
2563 2445 2620 2497 Ὀ
2649 2446 2826 2497 λαλῶν
2864 2446 3107 2518 γλώσσῃ,
3140 2448 3333 2500 ἑαυτὸν
3362 2448 3669 2517 οἰκοδομεῖ·
3703 2449 3730 2499 ὁ
3757 2447 3812 2500 δὲ
3851 2466 3983 2516 προ-

2410 2537 2682 2605 φητεύων,
2729 2539 3054 2607 Ἐκκλησίαν
3093 2541 3382 2608 οἰκοδομεῖ.
3425 2559 3443 2590 ι
3487 2540 3678 2592 Πολλοὶ
3709 2540 3979 2605 γλώσσαις

2407 2629 2695 2691 λαλοῦντες
2728 2631 2828 2683 οὐκ
2857 2632 3042 2700 ἴσχυον
3068 2632 3162 2682 καὶ
3196 2633 3402 2701 ἑτέροις
3437 2632 3773 2702 ἑρμηνεῦσαι
3807 2631 3840 2684 ἃ
3865 2632 3978 2681 ἕλε-

2405 2736 2499 2786 γον
2518 2720 2580 2773 η.
2614 2715 2770 2772 Οὗτοι
2803 2723 2978 2773 τοίνυν
3005 2723 3227 2777 ἑαυτοὺς
3266 2724 3461 2790 μόνους
3511 2723 3778 2790 ὠφέλουν.
3817 2724 3875 2773 Ὀ
3921 2723 3974 2773 δὲ

2406 2812 2783 2882 προφητεύων,
2818 2815 3025 2875 πᾶντας
3057 2815 3183 2875 τοὺς
3217 2814 3512 2876 ἀκούοντας
3554 2814 3779 2882 ώερέλει.
3813 2816 3978 2866 ’Ὁτον

2406 2898 2496 2954 οὖν
2541 2902 2600 2954 τὸ
2644 2903 2806 2970 μέσον
2833 2903 2926 2955 τοῦ
2971 2904 3069 2956 ἕνα
3105 2904 3452 2970 ὡφελεῖσθαι,
3487 2905 3699 2957 καὶτοῦ
3748 2905 3977 2972 Ἐκκλη-

2410 2995 2552 3058 σίαν,
2585 2995 2833 3046 τοσοῦτον
2859 2996 2918 3047 τὸ
2971 2996 3135 3067 μέσον
3161 2996 3273 3048 τῶν
3302 2998 3562 3064 γλωσσῶν
3591 2999 3684 3050 καὶ
3715 2998 3810 3066 τῆς
3841 3015 3976 3068 προς-

2408 3086 2653 3153 φητείας.

2489 3195 2504 3226 ι
2541 3175 2691 3228 Θέλω
2723 3177 2776 3227 δὲ
2811 3178 3019 3239 πάντας
3051 3177 3195 3248 ὑμᾶς
3227 3176 3496 3243 γλώσσαις
3525 3176 3738 3230 λαλεῖν·
3777 3177 3975 3244 μᾶλλον

2412 3267 2487 3329 δὲ,
2529 3268 2614 3320 ἵνα
2649 3269 3048 3338 προφητεύητε.
3084 3288 3103 3320 ι
3149 3269 3370 3337 Ἐπειδὴ
3393 3271 3521 3338 παρ’
3546 3272 3726 3332 αὐτοῖς
3755 3270 3978 3320 ἐλάλουν

2413 3358 2683 3426 γλώσσαις
2717 3362 2922 3420 πολλοὶ,
2958 3361 3044 3413 ἵνα
3073 3362 3148 3431 μὴ
3187 3361 3313 3432 δόξῃ
3352 3363 3438 3413 διὰ
3469 3363 3663 3428 φθόνον
3706 3377 3976 3424 κατασμι-

2412 3451 2631 3520 κρύνειν
2670 3453 2768 3515 τὰς
2796 3453 3069 3521 γλώσσας,
3105 3473 3123 3503 ι
3159 3454 3326 3516 Θέλω,
3365 3473 3383 3506 ι
3409 3455 3560 3522 φησὶ,
3594 3472 3614 3503 ι
3650 3455 3855 3513 πάντας
3883 3454 3978 3503 λα·

2409 3543 2542 3608 λεῖν,
2584 3563 2601 3594 ι
2639 3545 2736 3612 οὐχ
2764 3545 2880 3609 ἕνα,
2914 3546 2947 3615 ἦ
3005 3545 3129 3598 δύο·
3164 3546 3304 3615 πλὴν
3347 3547 3570 3614 μᾶλλον,
3623 3547 3710 3598 ἵνα
3759 3562 3974 3615 προφη-

2409 3635 2623 3704 τεύητε,
2655 3635 2740 3686 διὰ
2769 3636 2829 3686 τὸ
2866 3637 3393 3706 πολυωφελέστερον.

2486 3746 2503 3777 ι
2541 3727 2753 3790 Μείξων
2775 3730 2877 3796 γὰρ
2904 3731 2930 3780 ὀ
2959 3729 3336 3798 προφητεύων,
3364 3731 3393 3798 ἦ
3420 3731 3447 3782 ὀ
3470 3730 3644 3785 λαλῶν
3671 3735 3969 3800 γλώσσαις,

2410 3819 2565 3882 ἐκτὸς
2592 3821 2640 3871 εἰ
2673 3821 2746 3889 μὴ
2775 3822 2847 3872 διε
2863 3821 3145 3890 ρμηνεύει,
3173 3823 3260 3874 ἴνα
3295 3824 3325 3890 ἡ
3365 3823 3658 3892 Ἐκκλησία
3687 3827 3975 3896 οἰκοδομὴν

2408 3911 2570 3981 λάϐῃ.
2611 3931 2628 3962 ι
2663 3911 2895 3976 Μείζιμω,
2928 3915 3114 3982 φησὶν,
3146 3917 3172 3967 ὁ
3201 3915 3485 3983 προφήτης
3510 3917 3584 3946 ’³ο
3615 3918 3727 3968 ἀλλ’
3760 3921 3972 3972 ἐκείνου

2409 4003 2502 4056 τοῦ
2537 4004 2698 4071 μόνον
2727 4003 2999 4070 γλώσσαις
3035 4005 3355 4067 λαλοῦντος,
3395 4007 3467 4075 μὴ
3504 4007 3701 4070 εἰδότος
3738 4010 3792 4060 δὲ
3826 4012 3975 4079 διερ-

2414 4095 2687 4164 μηνεύειν.
2733 4095 2887 4147 Ἐπεὶ
2918 4096 3011 4147 ἐὰν
3039 4089 3147 4148 οἶδε
3176 4096 3267 4148 καὶ
3293 4097 3692 4165 διερμηνεύειν,
3716 4095 3830 4162 ἴσος
3856 4105 3973 4154 ἐστι

2411 4187 2487 4256 τῷ
2522 4188 2777 4257 προφήτῃ
2807 4190 2833 4238 ὁ
2871 4185 3143 4253 γλώσσαις
3174 4188 3370 4241 λαλῶν.
3416 4190 3703 4259 υξκοδομεῖ
3732 4193 3840 4262 γὰρ
3872 4196 3974 4262 τὴν

2411 4278 2763 4342 Ἐκκλησίαν,
2826 4278 2914 4330 διὰ
2968 4277 3059 4329 τοῦ
3125 4278 3450 4348 ἑρμηνεύειν
3501 4280 3572 4332 τὰ
3629 4283 3854 4349 ἀσαφῶς
3915 4288 3973 4335 ἐν

2410 4370 2628 4439 γλώσσῃ
2665 4370 2955 4438 λεγόμενα.
2995 4369 3256 4438 Χάρισμα
3287 4367 3342 4420 δὲ
3388 4366 3455 4438 ἦν
3485 4373 3580 4423 καλ⁵
3618 4373 3652 4440 ὴ
3681 4373 3969 4441 ἑρμηνεία,

2412 4466 2504 4516 καὶ
2551 4465 2724 4526 ἄλλοις
2765 4465 2862 4532 μὲν
2911 4464 3112 4515 ἐδίδοτο
3153 4463 3262 4514 τῶν
3310 4464 3584 4531 γλώσσαις
3642 4464 3969 4526 λαλούντων,

2342 4537 2384 4590 D
2412 4556 2590 4616 ἄλλοις
2615 4557 2669 4606 δὲ
2701 4557 2800 4605 οὐκ
2833 4553 3051 4606 ἐδίδοτο.

2485 4668 2503 4699 ι
2544 4649 2678 4700 Νυνὶ
2707 4649 2782 4712 δὲ,
2821 4647 3059 4712 ἀδελφοὶ,
3087 4648 3182 4698 ἐὰν
3207 4647 3346 4699 ἔλθω
3374 4647 3503 4715 πρὸς
3529 4648 3671 4716 ὑμᾶς
3697 4647 3966 4713 γλώσσαις

2410 4738 2608 4799 λαλῶν,
2642 4737 2693 4788 τι
2730 4738 2870 4804 ὑμᾶς
2918 4737 3205 4803 ώερελήσω,
3245 4737 3338 4788 ἐὰν
3382 4738 3455 4805 μὴ
3491 4737 3620 4806 ὑμῖν
3664 4738 3880 4803 λαλήσω
3913 4743 3969 4789 ἐν

2409 4828 2779 4896 ἀποκαλύψει,
2809 4828 2841 4896 ἢ
2880 4831 2935 4880 ἐν
2970 4829 3188 4894 γνώσει,
3221 4828 3254 4896 ἦ
3292 4829 3349 4879 ἐν
3381 4831 3709 4900 προφητεία,
3742 4831 3773 4900 ἢ
3806 4835 3863 4882 ἐν
3891 4833 3968 4881 6:-

2409 4922 2541 4989 δαχῇ
2564 4938 2579 4987 ;
2607 4940 2622 4970 ι
2651 4920 2842 4972 Θέλετε
2866 4921 3067 4985 γνῶναι
3090 4919 3148 4970 τὸ
3173 4921 3397 4987 ἀκερδὲς
3419 4921 3525 4971 τῶν
3547 4924 3963 4990 ἀνερμη-,εύτ,,,ν

2409 5013 2699 5079 γλωσσῶνς
2741 5011 2918 5062 Ἔστω
2946 5011 3053 5078 γὰρ
3085 5010 3167 5062 ὅτι
3200 5011 3312 5078 ἐγὼ
3345 5011 3553 5068 Παῦλος
3587 5015 3615 5064 ὁ
3647 5014 3961 5074 διδασκαλος

2409 5105 2563 5170 ὑμῶν
2622 5104 2928 5172 φθέγγομαι
2988 5101 3296 5168 γλώσσαις·
3343 5103 3461 5155 οὐδὲ
3495 5104 3664 5166 οὕτως
3713 5105 3866 5156 ἔσται
3911 5124 3962 5155 τι

2407 5197 2566 5247 πλέον
2599 5198 2700 5256 τοῖς
2724 5195 3032 5260 ἁκούουσιν,
3058 5195 3152 5247 ἐὰν
3182 5197 3252 5264 μή
3276 5212 3327 5246 τι
3349 5197 3485 5247 εἴπω
3509 5197 3566 5246 ὲν
3583 5196 3924 5264 ἀποκαλύψει
3941 5214 3954 5225 ·

2405 5289 2704 5349 τουτέστιν,
2754 5282 2839 5338 οἷα
2870 5288 3092 5339 εἰώθασι
3144 5288 3322 5355 λέγειν
3369 5289 3416 5337 οἱ
3465 5288 3860 5355 ἀποκαλύψεως
3897 5291 3959 5338 ὲκ

2404 5378 2537 5429 Θεοῦ
2569 5378 2818 5446 τυχόντες
2842 5394 2854 5406 °
2897 5378 2924 5428 ὃ
2961 5380 3053 5430 καὶ
3089 5379 3220 5431 αὐτὸ
3256 5376 3392 5439 εἶδος
3428 5380 3762 5447 προφητείας
3793 5383 3958 5438 ἐστὶν,

2403 5469 2528 5519 ὅταν
2570 5468 2871 5536 ἱσταμένων
2900 5466 3106 5518 πολλῶν
3139 5468 3596 5534 ἁποκαλύπτηται
3631 5469 3696 5518 τὰ
3731 5467 3958 5520 ἑκάστου

2403 5561 2668 5628 νοήματα.
2727 5577 2744 5608 ι
2790 5559 2859 5609 Ἰι
2902 5560 2958 5611 ἐν
3006 5557 3203 5625 γνώσει
3238 5576 3290 5610 ι·
3341 5559 3631 5623 τουτέστιν,
3654 5553 3743 5612 οἷα
3767 5559 3956 5615 δύναν-

2088 5707 2278 5769 Varia)
2331 5710 2652 5776 lectiones.

818 5814 861 5843 "
891 5813 1137 5868 λέγουσιν
1162 5828 1211 5867 0.
1290 5818 1332 5846 ’⁸³
1359 5821 1710 5886 προτητεύων
1740 5841 1809 5878 m.
