4272 6448
249 410 348 471 741

1002 412 1408 472 EXPOSITIO
1457 413 1530 470 IN
1567 411 1806 472 EPIST.
1853 411 2011 469 [AD
2053 412 2222 471 00R.
2261 439 2320 450 —
2361 415 2517 474 CAP.
2555 415 2707 474 XIV.

3422 424 3530 486 7i?

247 523 325 589 τῷ
357 524 466 573 νοί·
500 516 740 576 τουτέστι
765 564 778 588 ,
815 529 882 594 τῇ
916 525 1124 595 διανοίας⁸
1158 525 1391 577 συνιέναι
1421 526 1485 578 τὰ
1519 524 1616 592 τῆς
1650 523 1834 591 εὐχῆς⁸
1867 526 1908 578 Α

1867 526 1908 578 Α
1943 539 2132 591 gamus
2160 542 2274 593 qna-
2309 541 2546 579 eramus.
2584 525 2725 580 Idem
2758 536 2812 581 ct
2843 529 2908 583 de
2957 533 3176 600 psalmis
3225 535 3523 609 intelligen—

247 617 452 685 ὁμοίως
490 618 583 669 καὶ
617 618 708 668 ἐπὶ
738 617 830 669 τοῦ
856 618 1079 686 ψάλλειν
1109 622 1170 670 ⁸³.

334 726 350 756 ι
401 707 556 758 Ἐπεὶ
593 709 686 760 ἐὰν
713 709 1016 782 ευληγήσῃς
1039 711 1116 779 τῷ
1145 710 1438 778 πνεύματι,
1466 713 1491 761 6
1519 709 1846 779 ἀναπληρῶν

254 799 347 849 τὶν
377 799 540 851 τόπον
573 801 664 852 τοῦ
697 802 927 863 ἰδιώτου,
971 802 1084 864 πῶς
1112 805 1226 871 ἐρεῖ
1258 804 1316 854 τὸ
1361 803 1533 871 Ἀμὴν
1567 803 1657 853 ἐπὶ
1686 805 1749 870 τῇ
1782 805 1843 872 σῇ

255 890 600 960 εὐχαριστίᾳ.
653 893 839 961 ἐπειδὴ
894 893 944 944 τί
1003 894 1184 959 λέγεις
1231 894 1329 944 οὐκ
1381 888 1551 956 οἷδεν;
1597 913 1614 944 ι
1653 894 1843 955 Ὅταν,

251 987 408 1050 ιξησὶ,
429 983 652 1054 ψάλλῃς,
667 1003 682 1034 ι
705 986 796 1037 ἐὰν
820 987 1117 1055 εὐλογήσῃς
1137 987 1211 1056 τῷ
1229 986 1516 1054 πνεύματι,
1533 1005 1549 1034 ι
1580 987 1844 1048 τουτέστι,

249 1075 331 1142 τῷ
364 1075 715 1144 πνευματικῴ
740 1078 1035 1146 χαρίσματι
1069 1078 1154 1129 διὰ
1181 1079 1278 1144 τῆς
1310 1076 1582 1144 γλώσσης,
1607 1095 1623 1127 ι
1659 1079 1683 1128 6
1714 1079 1844 1128 άνα-

251 1167 476 1236 πληρῶν
507 1170 596 1219 τὸν
630 1171 792 1219 τόπον
827 1169 918 1220 τοῦ
947 1168 1211 1230 ἰδιώτοιυμ
1252 1169 1552 1232 τουτέστιν,
1582 1170 1608 1220 6
1637 1168 1844 1233 λα’ίκὸς,

261 1280 278 1310 ι
313 1261 425 1322 πῶς
456 1264 565 1329 ἐρεῖ
594 1261 652 1312 τὸ
684 1263 852 1331 Ἀμὴν
879 1263 970 1313 ἐπὶ
997 1265 1060 1331 τῇ
1089 1266 1151 1331 σῇ
1187 1264 1315 1330 εἰ,χῇ
1339 1279 1386 1325 ;ι
1411 1261 1509 1313 Σοῦ
1539 1262 1644 1331 γὰρ
1667 1262 1847 1313 εἰπόν-

254 1369 348 1412 τος
382 1353 459 1412 τδ,
509 1351 598 1412 Εἰς
640 1353 766 1412 τοὺς
814 1352 1018 1414 αἰῶνας
1054 1352 1163 1403 τῶν
1207 1351 1441 1410 αἰώνων,
1493 1350 1712 1417 ἀσαφῶς
1751 1350 1846 1402 καὶ

255 1444 318 1493 ὲν
354 1441 597 1511 γλώσσῃ,
631 1443 730 1494 οὐκ
755 1443 989 1510 ἤκουσεν
1012 1459 1023 1472 ι
1054 1440 1192 1494 ὥστε
1224 1439 1345 1493 οὔτε
1369 1439 1680 1508 ὠφελεῖται.

338 1552 355 1582 ι
413 1535 482 1585 Συ
520 1535 618 1602 μὲν
665 1535 770 1602 γὰρ
821 1534 1000 1595 καλῶς
1056 1534 1418 1601 εὐχαριστεῖς,
1451 1531 1564 1583 ἀλλ’
1608 1533 1634 1583 6
1663 1531 1846 1598 ἕτερος

251 1628 355 1675 οὐκ
390 1625 774 1692 οἰκοδομεῖται,
822 1643 839 1674 ι
897 1625 1012 1675 ’Ἰνα
1064 1624 1138 1693 μὴ
1174 1625 1300 1694 δόξῃ
1341 1623 1618 1683 παντελῶς
1654 1640 1848 1674 κατευ-

253 1715 489 1777 τελίξειν
535 1715 591 1766 τὸ
644 1717 914 1784 χάρισμα,
959 1717 1126 1784 φησί·
1162 1716 1233 1766 ΣΞ)
1271 1715 1371 1783 μὲν
1413 1713 1592 1776 καλῶς
1622 1715 1844 1783 εὐχαρι-

255 1809 425 1868 στεῖς,
463 1807 599 1859 ἀλλὰ
637 1808 738 1876 τῆς
771 1809 864 1860 τοῦ
919 1807 1149 1877 πλησίον
1179 1806 1449 1877 ὠφελείας
1490 1809 1564 1878 μὴ
1603 1806 1839 1878 προσοῦ-

255 1916 378 1966 σης,
417 1900 687 1969 ἄχρηστος
721 1901 752 1971 ἡ
792 1901 1135 1970 εὐχαριστία.

336 2010 352 2041 ι
393 1992 717 2062 Εὑχαριστῶ
759 1993 836 2062 τῷ
871 1994 987 2063 Θεῴ
1029 2013 1155 2064 μου,
1193 1996 1411 2048 πάντων
1455 1996 1609 2065 ὑμῶν
1644 1993 1844 2063 μᾶλλον

253 2082 531 2149 γλώσσαις
573 2084 776 2139 λαλῶν.
825 2104 841 2136 ι
884 2087 1001 2140 Ἵνα
1036 2089 1109 2157 μὴ
1143 2089 1511 2151 ὑπολάϐωσιν,
1543 2088 1623 2140 ὅτι
1670 2088 1743 2150 ὡς
1772 2085 1846 2155 μὴ

256 2175 399 2244 ἔχων
432 2174 590 2229 τοῦτο
633 2178 693 2229 τὸ
753 2179 1022 2248 χάρισμα,
1078 2181 1165 2232 διὰ
1210 2179 1369 2233 τοῦτο
1402 2181 1664 2242 εὐτελίζει
1693 2179 1845 2242 αὐτὸ,

256 2269 446 2337 φησιν,
479 2269 562 2320 ὅτι
601 2269 769 2321 Πλέον
802 2272 1018 2323 πάντων
1049 2270 1322 2336 γλώσσαις
1368 2273 1529 2326 λαλῶ.

335 2379 354 2410 ι
403 2360 538 2410 Ἀλλ’
589 2362 646 2411 ὲν
685 2361 982 2432 Ἐκκλησία
1017 2361 1155 2414 Οέλω
1206 2364 1367 2415 πέντε
1398 2363 1588 2431 λόγους
1625 2364 1710 2416 διὰ
1754 2362 1845 2414 τοῦ

255 2452 376 2513 νοός
412 2470 509 2520 μου
539 2452 792 2522 λαλῆσαι,
827 2455 910 2505 ἵνα
947 2459 1040 2505 καὶ
1085 2456 1275 2518 ἄλλους
1322 2459 1643 2524 κατηχήσω,
1675 2457 1705 2525 ἦ
1742 2474 1843 2524 μυ-

262 2547 410 2612 ρίους
458 2545 645 2610 λόγους
692 2547 748 2595 ὲν
775 2545 1011 2616 γλώσσῃ,
1056 2567 1186 2598 ι-‹
1223 2550 1320 2599 Δια
1354 2548 1447 2599 τοῦ
1520 2550 1632 2610 νοός
1695 2567 1794 2618 μου
1830 2566 1846 2582 ο

262 2659 279 2686 ι
329 2638 590 2698 τουτέστι,
621 2638 776 2694 Νςῶν
802 2638 1055 2702 κα“ιείδὼ;
1071 2639 1271 2707 ᾶλέγω,
1295 2641 1387 2692 καὶ
1411 2640 1848 2710 ἑρμηνεῦσλιδυ-

261 2730 490 2796 νάμενος
543 2731 732 2793 ταῦτα,
772 2731 856 2784 ἶνα
892 2733 984 2783 καὶ
1033 2732 1223 2794 ἄλλους
1245 2731 1528 2801 ὠφελήσω.
1571 2751 1587 2782 ι
1635 2735 1702 2784 Ἢ
1751 2750 1849 2800 μυ-

263 2821 412 2882 οίους
479 2821 668 2888 λογους
726 2824 782 2873 ὲν
824 2822 1046 2896 γλώσσῃ
1075 2841 1088 2854 ο
1132 2844 1150 2875 ι
1215 2825 1511 2888 τουτέστιν,
1555 2825 1723 2876 ’Ὁταν
1774 2825 1847 2894 μὴ

260 2912 435 2983 ἰσχύω
467 2916 665 2977 αὐτοὺς
703 2917 1072 2987 ἑρμηνεῦσαιο
1114 2919 1233 2970 τότε
1272 2918 1380 2986 γάρ
1442 2920 1522 2976 εἰς
1549 2918 1646 2986 ἐμὲ
1691 2919 1848 2986 μόνον

262 3011 293 3076 η
326 3007 565 3074 ὠφέλεια
599 3012 970 3079 περιίσταται.
1008 3011 1176 3062 Πέντε
1222 3011 1276 3063 δὲ
1327 3012 1516 3078 λόγου·
1565 3013 1709 3078 λέγει
1745 3013 1849 3073 πᾶς

258 3101 577 3163 διδάσκαλος
606 3101 671 3165 ³⁰,
700 3105 726 3155 6
749 3103 818 3154 τὰ
855 3102 1167 3170 κατάλληλα
1207 3104 1480 3173 φάρμακα
1508 3104 1712 3174 ἑκάστῃ
1739 3101 1846 3154 τῶν

260 3197 320 3244 ὲν
354 3195 487 3260 ἡμῖν
535 3193 694 3246 πέντε
728 3195 1036 3264 αἰσθήσεων
1067 3195 1381 3264 προσάγων.

340 3305 356 3335 ι
411 3285 674 3352 Ἀδελφοί,
730 3288 804 3356 μὴ
852 3287 1038 3340 παιδία
1069 3286 1284 3354 γίνεσθε
1316 3291 1434 3350 ταῖς
1461 3291 1676 3357 φρεσὶν,
1710 3288 1847 3341 ἀλλὰ

259 3379 325 3445 τῇ
353 3377 518 3443 κακία
545 3377 869 3446 νηπιάζετεο
902 3380 1018 3439 ταῖς
1041 3379 1095 3429 6‘3
1126 3379 1288 3447 φρεσὶ
1320 3380 1517 3431 τέλειοι
1547 3381 1783 3447 γίνεσθε.
1819 3399 1837 3431 ι

263 3469 418 3519 Μετὰ
440 3468 498 3519 τὸ
534 3468 704 3533 δεῖξαι
759 3470 819 3518 τΓδ
862 3469 971 3520 τῶν
1009 3471 1269 3536 γλωσσῶν
1311 3473 1577 3540 χάρισμα,
1613 3473 1762 3525 ποῖόν
1791 3474 1844 3526 τί

265 3561 403 3621 εστι,
439 3559 624 3611 λοιπὸν
660 3561 1090 3631 πληκτικωτέρῳ
1126 3569 1388 3633 κέχρηται
1435 3565 1511 3634 τῷ
1555 3565 1721 3636 λόγῳ,
1753 3569 1846 3620 καὶ

264 3649 517 3714 ὀνειδίζει
551 3652 734 3714 αὐτοῖς
781 3651 853 3714 ώς
883 3655 1109 3706 παιδικά
1163 3657 1438 3724 φρονοῦσι.
1480 3658 1705 3726 Νηπίων
1739 3660 1845 3728 γάρ

264 3745 412 3794 ἐστιν
444 3743 680 3812 άληθῶς,
719 3745 776 3797 τὺ
807 3746 874 3797 τὰ
908 3748 1082 3817 μικρὰ
1107 3748 1430 3818 Θαυμάζειν,
1461 3750 1550 3802 διὰ
1584 3752 1642 3802 τὸ
1681 3752 1844 3821 τυχὸν

264 3833 606 3903 ἐκπληκτικὰ
647 3831 804 3903 εἶναι,
836 3832 946 3890 οἷαί
987 3841 1091 3892 εἰσι
1119 3841 1212 3893 καὶ
1255 3844 1308 3893 αἱ
1334 3842 1572 3910 γλῶσσαι
1601 3862 1612 3874 ·
1648 3844 1752 3896 τῶν
1787 3845 1844 3897 δὲ

267 3927 520 3992 μεγάλων
544 3931 927 3996 καταφρονεῖν,
958 3930 1032 3992 ὠς
1069 3931 1232 4000 μηδὲν
1267 3935 1632 4004 καινοπρεπὲς
1673 3937 1716 3965 ει
1749 3941 1844 4005 ἐμ.

267 4019 589 4083 φαινόντων,
620 4014 728 4072 οἷαί
775 4025 880 4074 εἰσι
935 4025 1028 4076 καὶ
1079 4025 1135 4075 αἱ
1195 4029 1542 4096 προφητεῖαι.
1585 4029 1843 4098 Παραινει

264 4110 443 4161 τοίνυν
497 4112 678 4173 αὐτοῖς
710 4113 754 4145 ³³
785 4112 1038 4178 ἐνταῦθα,
1087 4117 1172 4169 ἵνα
1200 4118 1289 4186 ,μὴ
1321 4119 1675 4186 ὲπαίρωνται,
1711 4119 1844 4189 μηδὲ

265 4201 612 4264 γινώσκωσιν
651 4205 838 4268 ἁπλῶς
887 4207 943 4258 τί
994 4209 1113 4260 ἐστι
1163 4209 1257 4260 καὶ
1303 4211 1488 4272 κακία,
1516 4210 1590 4272 ὡς
1615 4211 1733 4262 οὐδὲ
1778 4213 1844 4262 τὰ

266 4293 433 4360 νήπια
461 4310 475 4324 ·
518 4297 633 4357 ταῖς
671 4295 727 4347 δὲ
772 4299 936 4366 φρεσὶ
986 4299 1181 4351 τέλειοι
1229 4294 1364 4352 ὦσι·
1410 4301 1709 4370 τουτέστιν,
1760 4303 1843 4354 ἵνα

266 4383 582 4453 διακρίνωσι
605 4387 734 4442 ,τίνα
769 4389 940 4456 μείζω
986 4391 1081 4442 καὶ
1124 4390 1525 4460 ὠφελιμώτερα
1559 4393 1663 4444 τῶν
1693 4411 1846 4462 χαρι-

268 4478 511 4543 σμάτων.
549 4477 658 4530 Καὶ
681 4478 851 4540 ἄλλως
878 4480 957 4542 δὲ,
983 4481 1238 4549 νηπιάζει
1263 4486 1327 4552 τῇ
1362 4485 1550 4554 κακία,
1578 4487 1604 4536 6
1641 4487 1842 4554 μηδένα

264 4569 594 4631 κακοποιῶν,
621 4570 734 4622 ἀλλ’
751 4571 937 4640 ὥσπερ
957 4574 1164 4641 νήπιον,
1189 4574 1389 4638 ἄκακος
1410 4592 1424 4607 °
1452 4579 1571 4639 ταῖς
1595 4577 1648 4629 δὲ
1712 4596 1842 4647 φρε-

267 4661 321 4712 σὶ
358 4661 559 4719 τέλειός
586 4664 750 4726 ἐστιν,
785 4664 976 4738 ὁΙῙ.δς]
1005 4669 1138 4735 μετᾶ
1168 4669 1258 4720 τοῦ
1288 4669 1489 4738 μηδένα
1516 4675 1848 4738 κακοποιεῖν,

268 4754 383 4808 ἔστι
416 4757 510 4808 καὶ
538 4757 786 4824 ὠφελῶν,
818 4764 912 4813 καὶ
941 4762 999 4812 οὑ
1031 4762 1190 4829 μόνον
1220 4763 1417 4814 κακίαν
1445 4765 1679 4831 φεύγων,
1713 4766 1848 4817 ἀλλὰ

270 4849 365 4900 καὶ
393 4850 597 4921 ἀρετὴν
640 4853 868 4915 διώκων,
919 4855 1011 4907 καὶ
1051 4855 1336 4923 φυλάττων
1380 4858 1567 4910 ἑαυτὸν
1615 4860 1722 4910 ἀπὸ
1753 4860 1845 4911 τοῦ

275 4945 349 5013 μὴ
388 4944 721 5012 βλάπτεσθαι
760 4949 984 5016 περὶτὰ
1013 4949 1224 5018 καίρια.
1271 4951 1496 5019 Ὅμοιον
1549 4951 1718 5019 τούτῳ
1763 4953 1841 5012 τὸ,

275 5053 293 5084 ι
339 5034 555 5087 Γίνεσθε
585 5037 836 5106 φρόνιμοι
861 5037 934 5100 ὡς
968 5039 1014 5089 οἱ
1048 5039 1222 5107 ὄφεις,
1259 5041 1352 5092 καὶ
1384 5042 1630 5110 ἀκέραιοι
1682 5043 1755 5103 ὡς
1792 5045 1847 5095 αἱ

274 5128 610 5196 περιστεραί.
659 5148 677 5178 ι

347 5323 366 5354 ι
421 5303 508 5354 Ἐν
536 5303 611 5372 τῷ
644 5305 791 5375 νόμῳ
817 5307 1144 5376 γέγραπται,
1170 5310 1250 5362 ὅτι
1287 5311 1372 5363 Ἐν
1391 5312 1842 5381 ἑτερογλώσσαις,

274 5397 367 5446 καὶ
401 5395 458 5447 ὲν
497 5396 728 5464 χείλεσιν
768 5398 977 5468 ἑτέροις
1021 5400 1236 5470 λαλήσω
1259 5402 1336 5472 τῷ
1374 5402 1485 5472 λαῷ
1520 5403 1714 5472 τούτῳ,
1746 5405 1840 5455 καὶ

271 5488 380 5542 οὐδ’
424 5485 593 5550 οὕτως
625 5489 1033 5544 εἰσακούσονταί
1066 5510 1188 5561 μου,
1230 5492 1376 5562 λέγει
1409 5497 1630 5567 Κύριος.
1667 5515 1684 5546 ι
1727 5497 1837 5548 [Ιάο

350 5663 370 5685 ⁸
406 5655 588 5708 Matth.
632 5653 806 5721 κ,19.
894 5653 1040 5707 tlsa.
1079 5668 1270 5714 xxvttt,
1309 5655 1395 5707 ll.

1952 621 2099 670 dum.

2025 711 2184 766 Vens.
2229 715 2314 765 lli.
2358 734 2374 764 ‹
2415 716 2682 781 Quoniam
2721 721 2764 774 si
2805 722 3159 777 benedixeris
3189 723 3406 791 spiritu,
3436 724 3527 792 qni

1949 807 2161 871 Sllpplt'l
2189 809 2361 860 locum
2389 809 2590 874 idiotae,
2614 815 2884 880 quomodo
2907 816 3044 869 dicet
3077 818 3244 869 Amen
3272 819 3334 868 ad
3375 827 3524 868 luam

1950 897 2263 962 gratiat'inm
2307 900 2600 962 actionem,
2638 906 3071 973 quandoquidem
3099 907 3225 974 quid
3252 910 3401 962 dicas
3428 923 3523 961 nc-

1950 987 2093 1040 scit?
2136 1009 2152 1040 ι
2187 990 2409 1055 Quando
2462 996 2672 1064 psallis,
2719 998 2910 1066 inquit,
2969 1002 3010 1051 si
3047 1001 3384 1053 lenedixeris
3411 1002 3522 1064 sni-

1950 1081 2081 1145 ritu,
2143 1084 2240 1137 boc
2289 1096 2389 1149 est,
2435 1090 2702 1156 spirilttali
2749 1091 2886 1142 dono
2942 1093 3152 1159 linguzr,
3220 1111 3237 1141 ι
3279 1094 3366 1160 qui
3400 1108 3527 1159 snp—

1949 1170 2055 1234 plet
2101 1173 2275 1224 idiota!
2316 1176 2511 1240 locum,
2553 1196 2566 1226 ι
2636 1179 2686 1228 id
2724 1187 2802 1229 est
2854 1179 3042 1238 laicus,
3074 1181 3340 1245 quomodo
3383 1180 3526 1232 dit-el

1948 1258 2115 1309 Amen
2153 1261 2217 1311 ad
2263 1271 2406 1312 luant
2450 1266 2788 1317 oralionem?
2829 1265 2903 1318 Te
2941 1266 3080 1318 enim
3125 1267 3410 1328 dicentem,
3468 1265 3520 1318 In

1949 1349 2142 1400 satcula
2175 1352 2517 1417 suwnlurum,
2543 1356 2770 1408 obscure
2794 1366 2848 1409 cl
2887 1371 2981 1424 per
3008 1357 3244 1424 linguam
3297 1374 3398 1408 non
3432 1374 3523 1408 att-

1951 1441 2109 1501 divit,
2139 1454 2190 1495 cl
2225 1445 2449 1510 proinde
2491 1462 2592 1496 non
2637 1448 2875 1511 juvatur.

2024 1535 2180 1586 Vens.
2225 1538 2306 1589 l7.
2353 1556 2369 1587 ι
2415 1536 2546 1589 Nam
2594 1549 2643 1588 ln
2688 1539 2901 1606 quidem
2961 1541 3098 1592 bene
3137 1539 3336 1608 gratias
3385 1541 3520 1606 agis,

1948 1628 2040 1679 sed
2073 1631 2213 1680 alter
2245 1645 2349 1681 non
2381 1631 2700 1683 aediﬁcatur.
2741 1651 2756 1682 ι
2788 1630 2864 1684 Ne
2899 1633 3143 1686 videatur
3176 1634 3396 1684 omnino
3425 1636 3516 1682 do-

1951 1736 2073 1771 nlltl
2143 1722 2270 1774 illud
2325 1723 2674 1790 vilipendere,
2719 1724 2794 1775 'l‘u
2841 1725 3078 1791 quidem,
3133 1725 3328 1792 inqttil,
3388 1725 3521 1776 bene

1951 1813 2153 1881 gratias
2192 1815 2325 1888 agis,
2382 1814 2470 1866 sed
2519 1815 2748 1882 proximi
2800 1817 2874 1868 lui
2909 1817 3189 1869 connnodo
3231 1830 3334 1868 non
3368 1830 3522 1870 acce-

1949 1904 2130 1965 dc'nte,
2159 1903 2365 1956 inutilis
2397 1911 2478 1954 est
2513 1915 2596 1955 tua
2631 1905 2925 1972 gratiarum
2962 1906 3123 1957 actio.

2023 1993 2184 2047 Vens.
2213 1993 2299 2046 18.
2341 2012 2358 2044 ι
2382 1992 2595 2047 Gratias
2628 2010 2725 2063 ago
2750 1996 2856 2048 Deo
2886 2009 3024 2056 meo,
3056 1996 3194 2063 quod
3228 1995 3345 2063 plns
3371 1995 3520 2048 vobis

1950 2088 2203 2138 Omnibus
2230 2085 2426 2152 linguis
2459 2084 2663 2154 loquar.
2720 2105 2737 2136 ι
2776 2085 2853 2138 Ne
2886 2087 3228 2154 suspicentur
3253 2089 3392 2152 quod
3420 2102 3516 2140 ceu

1949 2190 2144 2228 carens
2164 2189 2228 2226 eo
2253 2175 2595 2239 charismate,
2636 2176 2756 2228 ideo
2781 2177 2952 2240 ipsum
2995 2176 3168 2228 elevet
3195 2190 3253 2227 ae
3287 2176 3516 2244 vilipt-n-

1951 2268 2061 2330 dat,
2095 2267 2216 2321 l’lns
2245 2283 2406 2334 quam
2436 2284 2644 2328 omnes,
2679 2269 2870 2334 inquit,
2908 2269 3101 2334 linguis
3129 2269 3319 2329 loquor

2027 2363 2186 2415 Vens.
2225 2361 2309 2415 l9.
2354 2380 2372 2413 ι
2411 2361 2515 2414 Sed
2545 2361 2594 2414 in
2635 2361 2878 2414 Ecclesia
2915 2361 3033 2413 volo
3073 2363 3310 2429 quinque
3355 2362 3516 2412 verba

1953 2456 2113 2523 210
2147 2465 2322 2507 mente
2353 2471 2466 2508 mea
2502 2456 2666 2521 loqui,
2694 2462 2750 2505 ut
2774 2463 2826 2506 el
2862 2454 2994 2507 alios
3028 2453 3315 2517 instrnam,
3353 2469 3516 2522 quam

1951 2548 2134 2600 decent
2163 2547 2327 2598 millia
2359 2546 2645 2597 verborum
2679 2545 2728 2596 in
2754 2544 2949 2612 lingua.
2989 2563 3006 2594 ι
3049 2562 3067 2595 ι
3105 2543 3280 2596 Mente
3313 2559 3428 2597 mea
3453 2562 3466 2607 ;
3495 2561 3513 2594 ι

1955 2638 2053 2691 boc
2077 2648 2159 2689 cst
2187 2636 2489 2703 intelligens
2543 2645 2596 2687 et
2620 2635 2798 2688 sciens
2823 2632 3102 2701 qttmdico.
3130 2633 3294 2700 utqui
3321 2633 3517 2700 possint

1953 2727 2297 2796 interpretari
2337 2727 2468 2788 lnec,
2511 2734 2564 2778 ut
2605 2736 2658 2778 et
2691 2725 2822 2778 alios
2855 2726 3120 2789 adiuvent.
3162 2743 3179 2775 ι
3218 2726 3386 2789 Quam
3423 2724 3518 2776 de-

1951 2838 2066 2875 cem
2102 2822 2264 2874 millia
2298 2822 2348 2873 in
2377 2821 2575 2888 lingua,
2614 2839 2631 2870 ι
2665 2819 2880 2888 quando
2905 2820 3157 2871 nimirum
3191 2834 3293 2871 non
3321 2819 3517 2886 possint

1950 2929 2010 2966 ea
2043 2913 2384 2980 interpretari
2413 2929 2424 2962 :
2455 2922 2561 2964 tnm
2586 2911 2730 2963 enim
2764 2911 2828 2961 ad
2855 2925 2937 2962 tne
2963 2910 3134 2961 solum
3165 2910 3520 2961 rommodims

1951 3007 2109 3060 redit.
2140 3025 2157 3056 ι
2185 3005 2429 3070 Quinque
2458 3025 2474 3054 ›
2505 3015 2682 3058 autem
2707 3023 2723 3054 ι
2751 3007 2912 3057 verba
2936 3023 2951 3053 ι
2975 3005 3100 3056 dicit
3127 3002 3521 3070 qnisquisalius

1953 3101 2206 3164 instituit,
2243 3101 2563 3154 medicinam
2612 3100 3025 3152 convenientem
3066 3096 3238 3150 cuivis
3286 3097 3522 3164 quinque

1868 3199 1911 3256 C
1946 3207 2202 3246 sensuum
2232 3201 2537 3244 nostrorum
2587 3190 2872 3243 adlttbens.

2030 3286 2191 3339 Vens.
2221 3285 2308 3337 20.
2349 3304 2366 3335 ε
2404 3284 2640 3347 Fratres,
2676 3299 2742 3338 ne
2773 3285 2888 3338 silis
2928 3285 3080 3352 pueri
3123 3285 3392 3348 sensibus,
3423 3286 3518 3340 sed

1950 3381 2156 3433 malitia
2228 3379 2462 3431 infantes
2518 3389 2725 3442 estote;
2787 3381 3039 3431 sensibus
3103 3394 3230 3431 vero
3295 3377 3516 3446 perfecti

1948 3483 2141 3526 estote.
2169 3490 2186 3521 ι
2225 3471 2511 3540 Postquam
2545 3471 2992 3525 comtnonstt'avit
3024 3471 3181 3537 quale
3204 3471 3274 3522 sil
3306 3471 3516 3538 lingua-

1948 3580 2067 3617 rum
2124 3565 2349 3627 donum,
2404 3563 2659 3631 deinceps
2705 3563 2980 3630 asperiore
3033 3577 3281 3614 sermone
3328 3565 3515 3623 utitur,

1949 3659 2281 3726 exprobrans
2298 3657 2378 3711 eis
2394 3657 2546 3724 quasi
2567 3655 2788 3724 puerilia
2808 3655 3204 3709 alleclantibus.
3228 3655 3515 3707 lnlantium

1947 3751 2089 3802 enim
2127 3762 2311 3800 revera
2347 3758 2450 3808 est,
2504 3761 2588 3799 res
2631 3749 2851 3813 exiguas
2903 3748 3184 3809 admirari,
3237 3759 3514 3814 prepterea

1945 3841 2085 3907 quod
2135 3839 2312 3891 t'orsan
2359 3839 2769 3891 admirationem
2827 3847 2881 3890 el
2929 3851 3205 3904 stnporeut
3257 3841 3513 3905 excitent,

1946 3932 2132 4000 quales
2176 3941 2300 4000 sunt
2345 3930 2539 3997 lingua:
2570 3945 2584 3984 :
2615 3945 2806 3995 magna
2851 3945 2977 3983 vero
3036 3941 3410 3996 contemnere,
3461 3942 3518 3984 ut

1947 4035 2067 4089 qua:
2109 3999 2241 4072 nihil
2292 4019 2485 4072 mirum
2523 4034 2632 4086 prae
2670 4034 2728 4071 se
2760 4019 2958 4081 lerant,
3001 4021 3189 4086 quales
3231 4029 3355 4073 sunt
3388 4035 3516 4085 pto-

1948 4116 2161 4185 pbetiaa.
2198 4116 2527 4166 Adborlatnr
2565 4115 2650 4167 bic
2687 4115 2868 4182 itaque
2902 4129 3018 4178 eos,
3057 4125 3113 4166 ιιι
3147 4130 3252 4167 non
3283 4114 3515 4169 efferan-

1950 4219 2055 4269 lttr,
2089 4222 2194 4258 non
2225 4203 2500 4267 inllettlur,
2536 4219 2707 4273 neque
2738 4205 3057 4271 simpliciter
3086 4206 3261 4259 sciant
3295 4207 3422 4274 quid
3449 4208 3517 4260 sit

1948 4299 2175 4360 malitia,
2208 4296 2494 4350 infantium
2540 4297 2709 4349 instar
2747 4315 2758 4349 :
2791 4310 2965 4349 tuente
2987 4306 3165 4349 autem
3206 4299 3318 4350 sive
3347 4301 3517 4352 sensi-

1947 4392 2046 4445 bus
2089 4389 2313 4460 perfecti
2357 4394 2498 4454 sint;
2538 4389 2638 4443 ltoc
2666 4400 2769 4453 est,
2809 4401 2865 4442 ut
2903 4391 3202 4458 dijudieent
3262 4407 3379 4459 qua:
3413 4393 3520 4445 sint

1958 4483 2164 4552 majora
2212 4481 2658 4536 eleommodiora
2710 4482 3058 4535 charismata.
3109 4481 3396 4548 Praeterea,
3436 4485 3520 4536 in-

1959 4573 2078 4626 fans
2107 4583 2190 4626 est
2228 4572 2453 4634 malitia,
2481 4573 2570 4640 qui
2603 4572 2802 4624 nemini
2829 4583 2908 4625 est
2938 4572 3185 4639 iujnrins,
3221 4589 3404 4627 verum
3439 4577 3520 4627 in—

1953 4665 2115 4718 fantis
2148 4666 2198 4716 itt
2231 4681 2435 4717 morem
2471 4665 2748 4717 innocens.
2779 4664 2952 4718 Mente
2977 4681 3100 4718 vero
3130 4667 3241 4718 sive
3269 4667 3521 4720 sensibus

1952 4758 2219 4825 perlectus
2243 4767 2345 4820 est,
2371 4757 2458 4824 qni
2488 4769 2847 4825 pranerquam
2875 4760 3014 4824 quod
3039 4759 3237 4810 nemini
3257 4758 3517 4811 damnum

1951 4851 2059 4912 del,
2092 4849 2240 4917 jnvet
2265 4850 2426 4902 etiam
2454 4849 2606 4910 alios,
2633 4849 2825 4900 nedum
2857 4849 3041 4900 vitium
3071 4850 3300 4917 fugiens,
3330 4867 3517 4903 verum

1953 4943 2206 4995 virtutem
2238 4941 2400 4994 etiam
2452 4941 2761 5008 insequens,
2811 4941 3025 5008 sibique
3077 4957 3297 5005 eavens,
3356 4958 3421 4995 ne
3464 4944 3519 4995 in

1950 5038 2132 5097 rebus,
2157 5051 2274 5102 qua:
2298 5035 2527 5102 alicujus
2552 5034 2658 5087 sint
2683 5037 2959 5094 momenti,
2986 5035 3235 5088 damnum
3264 5036 3519 5102 patiatur.

1953 5129 2086 5180 llnie
2115 5127 2271 5178 aliine
2300 5135 2380 5180 est
2436 5127 2562 5180 illud
2593 5145 2606 5180 :
2647 5146 2663 5177 ι
2698 5128 2880 5180 Estote
2925 5129 3214 5194 prudentes
3243 5128 3383 5180 sicut
3413 5143 3519 5180 ser-

1951 5231 2154 5290 pentes,
2185 5229 2237 5273 et
2257 5220 2526 5284 simplices
2547 5221 2685 5272 sicut
2713 5219 2972 5272 columba:
2992 5230 3035 5272 ⁸,
3076 5237 3094 5269 ι

2027 5313 2192 5366 Vens.
2233 5312 2323 5367 2L
2368 5331 2384 5362 ι
2429 5311 2484 5363 lu
2525 5312 2638 5381 lege
2684 5311 2824 5364 enim
2873 5313 3128 5379 scriptun:
3190 5321 3322 5367 est:
3378 5312 3513 5378 Quo.

1951 5407 2090 5458 niam
2153 5404 2270 5457 aliis
2323 5404 2558 5473 linguis,
2612 5414 2663 5456 et
2704 5403 2861 5458 labiis
2913 5404 3034 5458 aliis
3087 5405 3277 5471 loquar
3323 5408 3523 5472 popu'o

1950 5499 2095 5561 huic,
2127 5508 2180 5550 el
2225 5511 2324 5550 nec
2363 5496 2442 5550 sic
2477 5496 2766 5551 exaudient
2818 5510 2922 5561 me,
2955 5496 3086 5550 dicit
3143 5496 3448 5550 Dominus‘.
3491 5511 3519 5547 ι

1625 5747 1824 5807 Varia}
1859 5747 2188 5810 lectiones.

445 5848 656 5919 ψαλμοῦ
682 5866 732 5903 ο.
811 5849 852 5878 ³⁰
895 5846 1270 5910 διδασκαλικὸς
1320 5864 1369 5901 o.

1493 5848 1532 5878 ³¹
1592 5849 2150 5919 καικόπρεπέστατον.

2228 5852 2270 5882 ³²
2306 5848 2502 5915 αὐτούς
2545 5865 2596 5904 0.
