4272 6448
761 371 863 436 ’ΤΠ

761 581 926 643 denti,
963 578 1109 647 prior
1131 585 1325 631 taceat.
1357 574 1589 630 Potestis
1621 574 1763 628 enim
1793 572 2103 643 singulatim
2133 585 2323 625 omnes

761 673 1103 743 prophetare,
1166 677 1224 722 ut
1256 682 1442 721 omnes
1473 665 1718 728 discant,
1770 675 1823 719 et
1852 681 2037 720 onmes
2071 667 2321 719 coiisola-

759 765 957 817 tionem
993 761 1270 831 recipiant.
1312 778 1328 810 ι
1365 757 1571 812 Bonum
1609 759 1695 812 hic
1738 759 2065 811 ordinenth
2101 757 2321 811 humili-

760 865 922 910 tatem
954 855 1128 909 docet.
1163 852 1295 908 Cum
1328 852 1473 905 enim
1505 852 1592 905 alii
1643 850 1919 918 inspirarit
1975 850 2230 919 Spiritus,
2266 859 2320 904 tu

758 951 846 1016 qui
876 948 1022 1015 prior
1074 961 1152 1010 es,
1209 955 1341 999 tace.
1397 944 1451 998 Si
1506 944 1646 999 eu'un
1696 942 1929 1011 Spiritus
1978 952 2027 996 te
2068 943 2323 997 voluisset

761 1043 923 1109 loqui,
958 1056 1063 1093 non
1096 1039 1243 1092 illum
1280 1038 1583 1092 excitasset.
1628 1034 1829 1089 Deinde
1874 1036 1945 1089 illi
1995 1035 2321 1091 consolatio-

759 1145 877 1183 nem
938 1129 1201 1198 prmbcas,
1242 1146 1258 1177 ‹
1311 1126 1580 1189 Potestis,
1632 1143 1648 1175 ι
1693 1127 1901 1191 inquit,
1935 1144 1952 1175 ι
2008 1124 2318 1192 singulatim

755 1236 942 1276 omnes
996 1222 1338 1289 prophetare,
1402 1237 1418 1268 ι
1466 1217 1565 1271 hoc
1602 1228 1683 1271 est
1737 1215 1813 1272 Ne
1856 1232 2110 1278 maereas,
2170 1222 2321 1284 potes

755 1316 968 1367 enimet
999 1323 1074 1377 tu,
1105 1322 1151 1364 et
1201 1309 1365 1375 alius,
1411 1319 1465 1363 et
1508 1324 1694 1362 omnes
1729 1325 1822 1377 per
1850 1321 2078 1378 partem,
2114 1310 2213 1363 hoc
2239 1318 2321 1364 est

756 1420 851 1471 per
913 1403 1310 1458 successionem
1371 1402 1717 1470 prophetare.
1755 1400 1870 1454 Non
1906 1401 2049 1454 enim
2108 1401 2159 1455 in
2212 1416 2319 1454 uno

757 1497 871 1551 solo
900 1497 1234 1551 concluditur
1254 1495 1476 1556 donum,
1511 1495 1601 1547 sed
1635 1493 1881 1548 omnibus
1908 1495 2083 1557 datur,
2119 1503 2173 1547 ut
2197 1494 2317 1546 uni-

761 1602 910 1643 versa
944 1587 1179 1641 Ecclesia
1214 1585 1406 1649 discat,
1435 1596 1486 1639 et
1516 1584 1937 1640 consolationem
1964 1586 2029 1638 ad
2062 1584 2315 1639 virtutem

760 1679 999 1745 recipiat.

823 1770 981 1838 213
1017 1769 1176 1822 Vens.
1206 1767 1293 1822 52.
1343 1788 1362 1820 ι
1403 1768 1466 1821 Et
1504 1767 1726 1835 spiritus
1773 1770 2155 1835 prophetarum
2188 1781 2314 1835 pro-

756 1862 930 1926 phens
969 1860 1194 1929 subjecti
1234 1871 1376 1914 sunt.
1407 1878 1424 1909 ι
1490 1858 1600 1913 Iloc
1633 1859 1698 1913 ad
1731 1860 2158 1914 consolationem
2189 1875 2314 1929 quo-

754 1973 856 2025 que
885 1955 1022 2023 ejus,
1051 1952 1141 2021 qui
1161 1952 1524 2005 conticescere
1543 1951 1726 2016 jussus
1752 1962 1855 2012 est,
1888 1951 2137 2017 pertinet.
2158 1950 2310 2015 Quod

753 2064 880 2102 vero
910 2046 1057 2106 dicit,
1098 2050 1181 2096 est
1205 2041 1539 2110 hujusmodi:
1573 2038 1649 2095 Ne
1675 2042 1993 2104 contendas,
2036 2054 2206 2110 neque
2225 2055 2313 2096 se-

754 2143 1008 2195 ditionem
1028 2140 1193 2193 cicas.
1254 2136 1369 2204 lpsc
1402 2150 1633 2203 namque
1664 2136 1894 2204 Spiritus
1927 2175 1942 2199 ,
1994 2137 2094 2190 hoc
2116 2145 2196 2190 est
2223 2137 2316 2190 do-

756 2247 882 2287 num
917 2230 1056 2298 quod
1084 2232 1133 2282 in
1164 2240 1214 2282 te
1247 2236 1364 2292 est,
1410 2238 1463 2281 et
1509 2230 1749 2295 operatio
1790 2227 2024 2297 Spiritus
2054 2227 2142 2295 qui
2175 2228 2224 2279 in
2263 2236 2315 2282 te

754 2336 859 2388 est,
891 2323 1168 2391 subjicitur
1196 2322 1337 2375 dono
1378 2320 1599 2376 alterius
1624 2361 1638 2385 ,
1680 2322 1770 2389 qui
1799 2320 1864 2374 ad
1888 2320 2311 2391 pr0phctandum

753 2416 1053 2470 concitatus
1076 2423 1177 2467 est.
1199 2412 1349 2479 Quod
1387 2414 1430 2467 si
1462 2413 1693 2481 Spiritus
1724 2411 2021 2482 subjicitur,
2056 2421 2110 2465 tu
2148 2411 2315 2465 multo

754 2506 1034 2576 tuagisqtti
1074 2502 1331 2573 Spiritum
1370 2504 1632 2571 possides,
1677 2519 1780 2556 non
1831 2503 1994 2557 debes
2022 2516 2139 2556 esse
2178 2517 2312 2555 con-

754 2601 1039 2653 tcntiosus.
1062 2597 1308 2649 Nonnulli
1328 2611 1453 2649 vero
1477 2597 1573 2649 hoc
1597 2597 1668 2649 ita
1697 2595 2075 2649 intellexerunt
2101 2609 2115 2645 :
2153 2593 2313 2646 Vates

754 2706 883 2745 sane
917 2691 1054 2757 apud
1077 2686 1295 2741 Grtecos
1325 2700 1533 2749 omnes,
1568 2686 1781 2754 quando
1804 2684 2190 2751 sernelarrcpti
2222 2697 2313 2737 es-

757 2791 879 2837 sent
914 2796 942 2834 a
984 2782 1246 2842 dauuone,
1278 2781 1439 2831 etiam
1478 2777 1521 2830 si
1556 2776 1862 2838 voluissent,
1890 2790 1994 2829 non
2028 2782 2315 2843 potuerunt

757 2886 934 2928 tamen
978 2872 1226 2925 reticere.
1268 2869 1418 2938 Apud
1482 2882 1577 2921 nos
1630 2881 1755 2921 vero
1818 2868 1990 2921 sancti
2041 2866 2313 2935 propheta:

762 2971 899 3024 lt:qu
934 2968 1012 3022 sic
1044 2962 1305 3036 agebant,
1349 2978 1531 3017 verum
1570 2964 1622 3017 in
1664 2964 1900 3031 ipsorum
1927 2972 2009 3017 est
2033 2964 2311 3024 arbitratu,

758 3061 951 3128 inquit,
975 3057 1057 3111 vel
1086 3058 1253 3126 loqui,
1273 3056 1353 3109 vel
1389 3064 1583 3109 tacere.
1616 3056 1789 3123 Atque
1812 3056 1912 3108 hoc
1942 3065 2024 3108 est
2047 3054 2188 3123 quod
2216 3055 2312 3117 ait,

1602 364 2171 426 THEOPHYLACTI
2221 364 2470 425 BULGA
2488 368 2633 427 ὶῖῐιΕ
2669 370 3025 430 ΑΠΟΠΙΕΡ.

838 486 997 543 Vens.
1024 483 1113 549 30,
1149 482 1237 537 3|.
1278 502 1296 534 ι
1336 481 1558 550 Quodsi
1587 482 1675 536 alii
1715 483 2005 536 revelatum
2056 480 2219 533 fuerit
2242 494 2331 534 se-
2358 483 2404 539 Λ

2514 503 2528 531 ι
2567 485 2691 535 Ἐἱιν
2710 485 2764 536 δὲ
2794 485 3318 557 άλλῳάποκαλυφθῇ
3355 488 3681 559 καθημένῳ,
3726 489 3754 541 6
3788 491 4007 556 πρῶτες

2429 574 2654 641 σιγάτω.
2684 574 2921 628 Δύνασθ;
2955 577 3062 647 γάρ
3097 576 3219 629 καθ’
3246 578 3341 630 ἕνα
3369 578 3567 641 πάντες
3607 560 4001 647 προφητεύει-ι.

2427 666 2513 718 ἵνα
2539 667 2735 728 πάντες
2767 667 3081 734 μανθάνωσι
3125 670 3218 720 καὶ
3250 670 3449 732 πάντες
3485 669 3940 737 παρακαλῶνται.
3980 688 3998 716 ι

2424 761 2689 826 Εὑταξίαν
2745 761 2976 813 ἐνταῦθα
3036 762 3129 814 καὶ
3190 762 3699 832 ταπεινοφροσύνην
3731 762 3999 814 διδάσκει.

2427 850 2595 903 Ὅταν
2626 852 2732 920 γάρ
2752 850 3194 923 ἄλλῳὲμπνεύσῃ
3222 854 3281 904 τὸ
3313 853 3558 921 Πνεῦμα,
3594 854 3751 921 φησὶ,
3777 853 3840 905 σὺ
3872 854 4002 916 σίγα

2422 943 2450 993 ὁ
2480 943 2728 1011 πρῶτος·
2773 944 2821 994 εί
2855 943 2963 1013 γάρ
3000 943 3234 1013 ἠθέλησε
3274 945 3335 996 τὸ
3391 944 3617 1013 Πνεῦμα
3671 944 3731 996 σέ
3793 944 3998 1007 λαλεῖν,

2423 1035 2520 1087 οὐκ
2548 1033 2612 1085 ἂν
2640 1034 2846 1087 ἐκεῖνον
2870 1036 3143 1106 ἐκίνησεν.
3170 1032 3304 1089 Εἶτα
3331 1036 3832 1106 παραμυθούμενος
3854 1038 3999 1089 ἐκεῖ·

2424 1145 2533 1192 νον,
2571 1127 2703 1197 φησί
2739 1144 2751 1156 ·
2791 1146 2809 1178 ι
2851 1128 3087 1182 Δύνασθε
3118 1128 3229 1200 γὰρ
3256 1128 3380 1183 καθ’
3415 1130 3509 1182 ἕνα
3539 1130 3737 1193 πάντες
3787 1145 4000 1200 προεξη-

2421 1220 2601 1273 τεύειν
2626 1234 2638 1247 ·
2673 1238 2692 1271 ι
2722 1221 2991 1285 τουτέστι,
3024 1221 3115 1291 Μὴ
3142 1220 3311 1274 λυποῦ
3333 1239 3347 1252 ·
3381 1222 3609 1275 δύνασαι
3643 1222 3750 1291 γὰρ
3782 1223 3875 1273 καὶ
3906 1225 3995 1286 σὺ,

2422 1314 2517 1367 καὶ
2547 1313 2727 1379 ἄλλος,
2762 1316 2854 1367 καὶ
2878 1316 3080 1377 πάντες
3100 1315 3203 1368 ἀνά
3234 1315 3278 1346 ³⁸
3308 1315 3496 1385 μέρος,
3529 1315 3622 1367 καὶ
3656 1317 3718 1367 ἐκ
3742 1315 3997 1385 διαδοχῆς

2422 1406 2811 1478 προφητεύειν.
2851 1407 2942 1476 Μὴ
2968 1406 3075 1476 γάρ
3110 1407 3189 1459 ἔινλ⁵
3231 1407 3377 1477 μόνῳ
3404 1406 3776 1475 περικλείεται
3799 1408 3861 1459 τὸ
3898 1408 3997 1475 χά·

2423 1516 2616 1569 ρισμα,
2646 1499 2780 1552 ἀλλὰ
2814 1503 2948 1569 πρὸς
2978 1501 3185 1562 πάντας
3214 1502 3435 1565 δίδοται,
3490 1502 3572 1554 ἵνα
3608 1502 3755 1553 πᾶσα
3796 1502 3827 1570 ὴ
3870 1501 3992 1551 Ἐκ-

2420 1592 2617 1662 κλησία
2649 1591 2917 1663 μανθάνῃ,
2964 1593 3060 1645 καὶ
3110 1592 3462 1661 παράκλησιν
3504 1593 3636 1662 πρὶς
3668 1593 3871 1663 ἀρετὴν
3909 1593 3992 1644 δέ·

2421 1702 2601 1754 χηταμ

2464 1810 2465 1813 η
2497 1794 2516 1828 r
2554 1778 2664 1830 Καὶ
2689 1780 2974 1846 πνεύματα
3006 1776 3322 1847 προφητῶν,
3360 1778 3665 1846 προξήταις
3689 1776 3989 1828 uxorias:-

2414 1887 2524 1922 ται.
2552 1888 2570 1920 ι
2611 1871 2720 1923 Καὶ
2755 1870 2909 1922 τοῦτο
2940 1870 3075 1939 πρὸς
3105 1870 3458 1939 παραμυθίαν
3499 1869 3591 1921 τοῦ
3619 1869 3990 1938 ἐπιτρεπομέ-

2414 1979 2505 2014 νου
2530 1963 2713 2031 σιγᾷνο
2752 1964 2816 2015 Ὃ
2849 1962 2903 2014 δὲ
2944 1962 3114 2030 λέγει,
3154 1962 3393 2014 τοιοῦτόν
3442 1965 3555 2013 ἐστι
3586 1978 3598 1991 ο
3624 1962 3716 2031 Μὴ
3750 1960 3984 2028 φιλονεί-

2415 2072 2524 2117 κει,
2559 2055 2695 2124 μηδέ
2727 2054 2984 2118 στασίαζε
3006 2072 3019 2085 ·
3058 2054 3190 2106 αὐτὸ
3227 2055 3335 2123 γάρ
3357 2056 3416 2105 1:6
3448 2052 3689 2122 Πνεῦμα,
3716 2054 3986 2114 τουτέστι,

2415 2145 2473 2197 τὸ
2509 2147 2566 2197 ἐν
2590 2148 2671 2198 σοι
2693 2147 2959 2215 χάρισμα,
2999 2146 3092 2199 καὶ
3124 2147 3156 2214 ή
3189 2145 3439 2215 ἐνέργεια
3478 2144 3570 2196 τοῦ
3600 2146 3655 2195 ἐν
3688 2145 3770 2196 σοι
3816 2142 3984 2195 Πνεύς

2418 2257 2605 2310 ματος,
2652 2240 3016 2295 ὑποτάσσεται
3067 2241 3147 2310 τῷ
3202 2244 3504 2312 χαρίσματι
3536 2242 3629 2295 τοῦ
3667 2243 3855 2311 ἐτέρου
3891 2239 3983 2293 τοῦ

2415 2334 2725 2405 κινηθέντος
2761 2336 2839 2396 είς
2894 2334 2956 2387 τὸ
3003 2334 3370 2405 προφητεύειν
3398 2350 3409 2361 ·
3443 2338 3537 2387 καὶ
3580 2337 3626 2387 εί
3668 2335 3726 2387 τὸ
3760 2334 3985 2402 Πνεῦμα

2416 2428 2802 2493 ὑποτάσσεται,
2857 2427 3037 2498 πολλῷ
3112 2428 3312 2498 μᾶλλον
3356 2430 3518 2491 αύτίς
3552 2428 3784 2496 ὀφείλεις
3819 2428 3848 2479 ὁ
3893 2444 3985 2479 κει

2415 2518 2685 2589 κτημένος
2721 2520 2779 2571 τὺ
2802 2519 3047 2588 Πνεῦμα,
3078 2520 3152 2591 μὴ
3183 2520 3528 2588 φιλονεικεῖν.
3562 2521 3715 2582 Τινὲς
3740 2520 3795 2572 δέ
3814 2519 3987 2580 οὕτως

2416 2612 2641 2680 ἐνόησαν
2666 2611 2823 2664 τοῦτο
2848 2627 2863 2641 ⁵
2893 2613 2955 2664 Ol
2982 2611 3082 2683 μὲν
3108 2612 3236 2682 παρ’
3262 2612 3485 2681 Ἕλλησι
3504 2613 3743 2680 μάντεις,
3764 2611 3983 2664 ἐπειδάν

2415 2702 2563 2767 ἅπαξ
2593 2703 3036 2773 κατεσχὲσθησαν
3076 2703 3357 2776 [[.-σχέθ.]
3395 2705 3497 2756 ὑπὸ
3544 2704 3641 2757 τοῦ
3704 2704 3981 2770 δαίμονος,

2415 2796 2517 2848 κᾶν
2536 2795 2839 2860 ἐϐούλοντο,
2867 2796 2965 2849 οὐκ
2985 2796 3249 2864 ἠδύναντο
3277 2798 3457 2866 σιγᾷν.
3492 2798 3555 2848 υἱ
3598 2796 3654 2848 δὲ
3686 2796 3815 2864 παρ’
3851 2796 3983 2863 ἡμῖν

2415 2891 2563 2956 ἆγιοι
2599 2892 2876 2959 προφῆται
2899 2890 2997 2959 οὐχ
3020 2889 3207 2953 οὕτως,
3234 2891 3368 2943 ἀλλὰ
3395 2891 3521 2960 παρ’
3545 2891 3750 2952 αὐτοῖς,
3779 2892 3942 2957 φησ”.ν
3966 2929 3981 2951 ,

2417 2981 2612 3034 ἔστιτὸ
2642 2982 2801 3050 σιγᾷν
2826 3022 2839 3044 ,
2873 2983 2906 3053 ἢ
2936 2982 3151 3034 λαλεῖνο
3188 2985 3281 3035 καὶ
3330 2982 3487 3035 τοῦτό
3522 2984 3671 3035 ἐστιν
3709 2984 3846 3050 ὅπερ
3880 3000 3981 3050 φτ,-

2419 3072 2521 3135 σὶν,
2552 3072 2632 3123 ὅτι
2686 3072 2767 3123 Τά
2813 3071 3100 3140 πνεύματα
3129 3070 3235 3123 τῶν
3265 3073 3581 3141 προφητῶν,
3616 3072 3882 3133 τουτέστι,
3915 3071 3982 3122 τὰ

755 3152 988 3217 Spiritus
1016 3149 1413 3219 prophetarum,
1448 3148 1498 3201 id
1528 3157 1607 3201 est
1633 3147 1791 3210 dona,
1833 3145 2312 3214 subdunturipsis:
2343 3159 2385 3218 α
2420 3181 2442 3230 χ

2299 3163 2312 3198 ⁵
2343 3159 2385 3218 C
2420 3162 2756 3232 χαρίσματα,
2792 3161 3155 3216 ὑποτάσσεται
3195 3165 3398 3226 αὐτοῖς,
3433 3166 3525 3216 καὶ
3570 3164 3664 3215 ἐπὶ
3693 3164 3805 3224 τοῖς
3849 3179 3979 3230 προ-

756 3254 916 3311 atque
966 3244 1016 3296 in
1072 3259 1229 3297 manu
1290 3244 1669 3310 pmphetarum
1718 3250 1800 3295 est
1845 3239 2025 3300 silere,
2074 3239 2154 3292 vel
2209 3254 2312 3292 non

753 3337 935 3391 silere.
964 3333 1039 3389 Ne
1061 3335 1200 3388 enim
1225 3337 1365 3387 dicat
1391 3334 1436 3387 is
1461 3335 1549 3402 qui
1583 3333 1777 3386 donum
1809 3333 1984 3395 habet,
2010 3331 2111 3398 Qui
2140 3338 2315 3386 tacere

757 3443 997 3497 possum,
1039 3426 1257 3495 perinde
1288 3442 1349 3479 ac
1384 3434 1435 3477 tu
1469 3425 1710 3485 mandas,
1742 3438 1860 3476 cum
1902 3438 1933 3476 a
1973 3423 2174 3491 Spiritu
2201 3424 2315 3492 agi-

759 3532 899 3575 tatus
937 3521 1123 3587 loquar
1150 3518 1170 3570 ?
1202 3517 1359 3585 Atqui
1388 3517 1642 3586 Spiritus,
1676 3516 1867 3585 inquit,
1901 3516 1988 3583 qui
2017 3524 2068 3569 te
2107 3516 2310 3585 agitat,

755 3613 851 3666 tibi
881 3611 1147 3673 subditur,
1178 3610 1339 3677 inque
1358 3617 1444 3661 tua
1478 3608 1726 3675 deinceps
1759 3616 2023 3675 potestate
2054 3612 2212 3661 situm
2234 3617 2316 3661 est

759 3715 957 3756 tacere.
1006 3699 1126 3755 Noli
1187 3700 1366 3769 itaque
1400 3698 1658 3769 Spiritum
1692 3700 2049 3769 nequidquam
2083 3707 2316 3767 praeten-

755 3794 899 3846 dere.

832 3878 992 3934 Vsus.
1018 3879 1106 3934 53.
1142 3896 1162 3930 ι
1203 3877 1317 3933 Νοη
1337 3879 1477 3933 enim
1503 3888 1585 3933 est
1620 3879 1973 3934 dissensionis
2020 3880 2181 3943 Deus,
2217 3881 2311 3936 sed

756 3976 925 4039 pacis,
948 3970 1399 4039 quemadmodum
1436 3969 1488 4023 in
1520 3971 1770 4024 omnibus
1815 3968 2069 4025 Ecclesiis
2097 3980 2315 4024 sancto-

757 4080 897 4116 rum.
934 4083 951 4113 ι
993 4062 1194 4117 lndicat
1224 4062 1365 4131 quod
1399 4060 1506 4115 Deo
1534 4062 1695 4115 etiam
1727 4062 1933 4131 placeat
1964 4062 2199 4131 priorem
2236 4072 2314 4114 ta-

752 4170 897 4209 cete.
934 4154 1050 4207 Non
1094 4154 1235 4207 enim
1278 4165 1361 4208 est
1400 4152 1539 4207 Deus
1572 4155 1855 4209 seditionis
1887 4163 1940 4209 et
1982 4155 2312 4210 confusionis

757 4258 773 4312 (
804 4262 921 4315 qua:
945 4261 1007 4298 ex
1035 4260 1097 4299 eo
1125 4246 1267 4313 quod
1290 4260 1393 4298 non
1422 4244 1634 4306 sileant,
1667 4247 1758 4298 sed
1777 4259 1962 4300 omnes
1990 4248 2313 4314 prOphctare

754 4337 944 4400 velint,
981 4336 1287 4404 nascitur),
1327 4352 1504 4388 verum
1556 4336 1702 4404 pacis
1737 4345 1819 4389 est
1848 4335 2004 4390 Deus.
2050 4335 2155 4390 lsta
2188 4352 2315 4391 vero

756 4446 859 4498 pax
894 4430 945 4481 in
985 4426 1234 4481 omnibus
1265 4426 1512 4480 Ecclesiis
1544 4434 1874 4491 sanctorum,
1910 4426 2011 4481 hoc
2060 4438 2140 4482 est
2184 4428 2316 4482 lide-

2420 3254 2616 3323 φήταις
2646 3256 2765 3307 ἐστὶ
2793 3255 2853 3306 τδ
2879 3255 3100 3324 σιγῆσαι
3135 3254 3226 3307 καὶ
3255 3256 3314 3307 τὸ
3340 3256 3413 3324 μὴ
3454 3257 3697 3324 σιγῆσαι.
3731 3257 3852 3309 ἰνα
3873 3256 3981 3323 γάρ

2421 3345 2495 3417 μὴ
2522 3346 2655 3416 λέγῃ
2680 3348 2708 3398 ὁ
2732 3346 2792 3398 τδ
2818 3345 3063 3415 χάρισμα
3090 3345 3249 3415 ἔχων,
3280 3347 3364 3399 ὅτι
3396 3347 3517 3409 Πῶς
3547 3348 3785 3417 δύναμαι
3818 3349 3978 3416 σιγὴ-

2420 3453 2508 3488 σαι
2563 3436 2703 3489 καθὰ
2751 3436 3013 3500 κελεύεις,
3052 3436 3186 3488 ὅπου
3238 3454 3301 3504 γε
3334 3439 3483 3507 παρά
3526 3439 3616 3490 τοῦ
3655 3439 3976 3507 Πνεύματος

2417 3526 2731 3595 κινούμενος
2762 3527 2930 3589 λαλῶ;
2965 3529 3146 3597 φησιν,
3173 3529 3255 3581 ὅτι
3290 3528 3449 3580 Ἀλλά
3475 3528 3532 3580 τὸ
3553 3529 3776 3598 Πνεῦμα
3822 3530 3983 3581 τοῖιτο

2416 3620 2474 3671 τὸ
2509 3618 2691 3672 κινοῦν
2728 3637 2808 3681 σε,
2845 3620 3208 3674 ὑποτάσσεται
3244 3638 3345 3686 σοι,
3380 3622 3474 3675 καὶ
3514 3623 3573 3673 ἐν
3604 3624 3668 3690 τῇ
3704 3625 3768 3691 σῇ
3793 3622 3981 3673 λοιπὸν

2416 3712 2631 3781 ἐξουσία
2671 3713 2843 3764 κεῖται
2869 3712 2928 3764 τὸ
2960 3714 3149 3782 σιγᾷνν
3179 3713 3273 3765 καὶ
3303 3714 3377 3783 μὴ
3415 3713 3591 3783 μάτην
3630 3712 3977 3781 προφασίζου

2415 3805 2475 3857 τὸ
2502 3805 2745 3873 Πνεῦμα.

2491 3918 2508 3951 ι
2548 3900 2741 3969 Οὑγάρ
2772 3903 2917 3954 ἐστιν
2947 3902 3351 3964 ἀκαταστασίας
3374 3903 3402 3954 6
3420 3902 3569 3965 θεὸς,
3595 3902 3710 3955 ἀλλ’
3729 3902 3977 3971 εἰρήνης,

2415 3990 2488 4052 ὡς
2511 3992 2567 4042 ἐν
2603 3993 2801 4055 πάσαις
2848 3995 2966 4055 ταῖς
3008 3994 3356 4063 Ἐκκλησίαις
3402 3995 3509 4047 τῶν
3554 3995 3741 4062 ἁγίων.
3798 4014 3817 4046 ›
3862 3996 3982 4047 Δείο

2418 4099 2624 4146 κνυσιν,
2656 4084 2737 4135 ὅτι
2785 4085 2879 4137 καὶ
2920 4083 2997 4154 τῷ
3020 4084 3137 4154 Θεῷ
3160 4085 3315 4137 τοῦτο
3347 4087 3511 4149 δοκεῖ,
3547 4088 3603 4138 τὸ
3640 4087 3728 4137 τὸν
3764 4086 3981 4155 πρῶτον

2418 4174 2616 4243 σιγᾷν*
2670 4173 2730 4225 ού
2780 4174 2885 4243 γάρ
2938 4177 3087 4227 ἐστιν
3145 4179 3172 4229 ὁ
3226 4178 3355 4240 Θεὸς
3410 4178 3813 4240 ἀκαταστασίας
3883 4181 3980 4230 καὶ

2416 4262 2727 4329 συγχύσεως
2768 4264 2924 4333 (ἧτις
2978 4267 3041 4317 ἐκ
3079 4264 3173 4318 τοῦ
3214 4266 3286 4337 μὴ
3340 4268 3532 4337 σιγᾷν,
3577 4268 3711 4321 ἀλλὰ
3768 4269 3979 4330 πάντας

2416 4354 2803 4423 προφητεύειν,
2830 4355 3079 4423 γίνεται),
3113 4357 3226 4409 ἀλλ’
3253 4360 3473 4430 εἰρήνης
3497 4361 3612 4412 ἐστὶ
3648 4360 3798 4422 Θεὸς.
3824 4360 3978 4429 Αὕτη

2416 4444 2472 4497 δὲ
2505 4446 2539 4514 ἡ
2573 4445 2761 4516 εἰρήνη
2793 4448 2850 4499 ἐν
2876 4447 3077 4510 πάσαις
3106 4452 3222 4509 ταῖς
3266 4449 3611 4519 Ἐκκλησίαις
3634 4452 3741 4503 τῶν
3780 4453 3977 4519 ἁγίων,

756 4523 907 4585 lium,
938 4530 1199 4573 versatur.
1247 4519 1382 4571 Sunt
1415 4520 1558 4570 enim
1593 4526 1644 4571 et
1670 4516 1980 4573 Graecorum
2013 4528 2066 4574 et
2101 4517 2314 4575 Judmo-
2342 4511 2388 4567 Β
2415 4554 2443 4590 τ

2292 4550 2314 4562 ·
2342 4511 2388 4567 D
2415 4538 2684 4602 τουτέστι,
2714 4538 2823 4592 τῶν
2870 4540 3099 4603 πιστῶν,
3152 4541 3529 4595 πολιτεύεται·
3562 4544 3670 4595 είσὶ
3722 4544 3833 4613 γὰρ
3886 4545 3979 4595 καὶ

756 4628 874 4665 rum
928 4612 1193 4665 ecclesiae.
1243 4609 1440 4662 Pudeat
1470 4610 1633 4677 igitur
1683 4624 1778 4664 vos
1823 4621 2020 4680 praeter
2044 4621 2097 4666 et
2129 4622 2316 4668 contra

754 4718 945 4759 omnes
992 4700 1261 4757 Ecclesias
1302 4706 1498 4755 vivere.

835 4887 989 4943 Vens.
1018 4885 1109 4941 54.
1146 4905 1163 4938 :
1208 4885 1458 4941 Mulieres
1477 4896 1669 4941 vestra:
1702 4888 1755 4941 in
1779 4888 2034 4942 Ecclesiis
2069 4898 2317 4945 taceant:

760 4995 865 5033 non
919 4978 1061 5032 enim
1112 4979 1433 5045 permissum
1486 4988 1570 5033 est
1617 4979 1697 5033 eis
1728 4979 1907 5047 loqui;
1941 4980 2033 5034 sed
2074 4982 2321 5037 subditas

759 5083 899 5133 esse,
932 5068 1074 5122 sicut
1107 5080 1160 5123 et
1184 5068 1264 5122 lex
1297 5069 1445 5123 dicit.
1481 5089 1498 5121 ι
1535 5068 1668 5123 Cum
1702 5074 1878 5125 omnia
1919 5070 2140 5139 pulchre
2165 5074 2312 5128 ordi-

763 5172 961 5227 nasset,
990 5173 1043 5215 et
1076 5178 1191 5230 qua:
1239 5162 1304 5216 de
1360 5162 1573 5231 linguis,
1610 5171 1662 5216 et
1692 5177 1810 5230 qua:
1848 5163 1915 5218 de
1946 5166 2219 5234 prophetis
2265 5167 2317 5220 in

764 5268 1111 5326 quaestionem
1143 5257 1447 5321 veniebant,
1490 5270 1555 5310 ne
1587 5256 1735 5311 multi
1770 5258 2109 5325 prophetent,
2144 5270 2194 5313 et
2249 5260 2318 5314 ita

760 5348 1012 5403 confusio
1030 5357 1083 5401 et
1118 5348 1312 5401 seditio
1346 5364 1409 5402 ex
1454 5363 1517 5403 co
1549 5350 1947 5404 subnascatur:
1987 5367 2127 5405 mmc
2157 5353 2319 5407 etiam

760 5442 1045 5496 mulierum
1066 5440 1345 5493 tumultum
1375 5443 1688 5509 compescit,
1709 5441 1924 5497 dicens:
1954 5462 1971 5495 ι
2001 5442 2055 5496 lu
2084 5444 2322 5499 Ecclesia

765 5541 1032 5586 taceant.»
1076 5529 1275 5586 Deinde
1304 5532 1443 5601 quod
1484 5533 1655 5602 majus
1688 5542 1789 5602 est,
1812 5539 2219 5595 convcnientins
2251 5540 2326 5592 ait

2427 4630 2735 4700 Ἑλλήνων,
2802 4632 2897 4684 καὶ
2946 4632 3215 4685 Ἰουδαίων
3276 4633 3579 4702 ἐκκλησίαι.
3642 4634 3979 4702 Αἰσχύνθητε

2414 4717 2505 4775 οὖν
2545 4723 2701 4792 ὑμεῖς
2760 4723 2912 4793 παρὰ
2951 4724 3131 4787 πάσας
3181 4725 3278 4788 τὰς
3317 4726 3643 4797 Ἐκκλησίας
3701 4726 3981 4779 πολιτευὸο

2420 4829 2588 4881 μενοι.

2496 4921 2512 4953 ι
2539 4904 2603 4956 Ai
2628 4905 2879 4970 γυναῖκες
2898 4905 3047 4975 ύμῶν
3070 4907 3125 4958 ἐν
3153 4910 3271 4970 ταῖς
3306 4909 3622 4979 ἐκκλησίαις
3648 4910 3974 4977 σιγάτωσαν·

2416 4995 2477 5046 οὺ
2508 4995 2612 5061 γὰρ
2639 4996 3033 5065 ἐπιτέτραπται
3068 4999 3256 5061 αὑταῖς
3304 5001 3509 5065 λαλεῖν,
3541 5002 3655 5053 ἀλλ’
3678 5002 3980 5055 ὑποτάσσε-

2423 5089 2562 5149 σθαι,
2601 5088 2781 5151 καθὼς
2811 5089 2903 5142 καὶ
2922 5091 2949 5141 ὁ
2975 5089 3133 5158 νόμος
3161 5092 3329 5159 λέγει.
3370 5112 3389 5144 ι
3430 5092 3647 5163 Ἐπειδὴ
3678 5094 3857 5148 πάντα.
3881 5113 3979 5149 κα-

2416 5178 2520 5239 λῶς
2549 5179 2849 5248 διετάξατο,
2885 5183 2978 5234 καὶ
3031 5183 3098 5235 τὰ
3130 5184 3391 5254 περὶτῶν
3439 5186 3722 5252 γλωσσῶν,
3765 5188 3857 5237 καὶ
3911 5186 3978 5237 τὰ

2420 5274 2549 5342 περὶ
2582 5274 2688 5325 τῶν
2734 5275 3052 5344 προφητῶν,
3083 5277 3168 5329 ἵνα
3200 5277 3275 5348 μὴ
3327 5278 3513 5331 πολλοὶ
3568 5279 3979 5348 προφητεύωσι,

2422 5366 2514 5417 καὶ
2562 5364 2821 5434 σύγχυσις
2884 5367 2976 5419 καὶ
3004 5368 3381 5422 ἀκαταστασία
3405 5371 3468 5421 ἐκ
3498 5370 3688 5421 τούτου
3726 5372 3812 5441 εἴη
3842 5387 3858 5400 ·
3891 5370 3984 5421 νύν

2425 5454 2518 5506 καὶ
2547 5455 2635 5506 τὸν
2666 5458 2772 5509 άπὸ
2803 5454 2912 5509 τῶν
2940 5462 3207 5525 γυναικῶν
3231 5460 3453 5530 θύρυόον
3484 5462 3858 5523 καταστέλλει,
3895 5465 3985 5518 καί

2422 5560 2610 5613 φησιν,
2638 5547 2719 5599 ὅτι
2752 5567 2769 5599 ι
2794 5549 3103 5618 Σιγάτωσαν
3140 5552 3195 5603 ἐν
3229 5554 3493 5625 sxxii-sia
3511 5568 3554 5606 ἰ
3577 5550 3693 5608 εἶτα
3716 5557 3777 5607 τὸ
3803 5556 3987 5623 μείζέν

2100 5697 2295 5759 Varia)
2323 5697 2648 5764 lectiones.

832 5796 875 5827 ³⁸
905 5797 1043 5850 κατὰ
1074 5813 1124 5849 o.
