4272 6448
738 385 838 452 751

1575 380 1879 443 ΤῘΙΕΟΡΠ
1890 382 2148 443 YLACTI
2189 381 2600 443 BULtiARl/E
2631 380 2984 443 ARCllIEP.

3888 376 4003 443 752

736 505 791 559 ir.-
821 502 1056 556 mediuni
1101 499 1347 552 inseruit.
1376 496 1528 553 Nunc
1560 510 1743 553 autem
1782 514 1972 553 rursus
2022 500 2087 553 de
2127 498 2311 553 chari-
2352 508 2391 562 Λ

2352 508 2391 562 Λ
2425 499 2552 569 περὶ
2588 499 2694 552 τῶν
2722 497 3001 566 γυναικῶν
3038 496 3193 563 λόγον
3218 513 3229 524 ·
3265 495 3358 549 νῦν
3390 490 3483 550 οὖν
3530 496 3693 551 πάλιν
3723 498 3846 566 περὶ
3899 498 4010 549 τῶν

737 596 1002 652 smatibus
1061 592 1322 655 disserit,
1376 593 1579 661 primas
1658 591 1955 661 prepltetia:
2028 592 2307 657 tribuens,

744 709 761 741 ι
800 686 1173 750 jEinulainini,
1205 703 1223 736 ι
1281 684 1570 754 inquiens:
1611 685 1879 739 secundas
1929 699 2057 738 vero
2090 683 2306 753 linguis.

736 774 897 841 Atqui
936 788 1041 828 non
1078 772 1234 835 dixit,
1269 772 1575 827 Permittite
1602 772 1770 843 loqui,
1816 774 1936 837 scd,
1966 792 1985 825 ι
2025 773 2101 828 Ne
2128 774 2314 841 prohi—

737 869 905 921 bete:
955 885 971 917 ι
1010 870 1151 935 quod
1204 866 1383 921 dicere
1436 866 1682 920 solemus
1719 867 1770 921 in
1821 866 1982 922 rebus
2043 882 2150 923 non
2214 884 2312 924 ne-

738 958 1013 1021 ccssariis,
1057 970 1231 1026 neque
1268 957 1641 1024 adhortantes,
1674 971 1845 1028 neque
1873 957 2240 1016 dehortantes.

808 1138 971 1192 Vens.
1006 1137 1097 1191 40.
1124 1156 1141 1189 ι
1178 1136 1371 1193 Omnia
1394 1137 1594 1192 decore
1633 1151 1698 1192 ac
1734 1139 2029 1193 secundum
2066 1139 2314 1194 ordinem

738 1233 887 1287 ﬁant.
932 1250 951 1284 ι
993 1231 1167 1285 Veluti
1196 1232 1247 1285 in
1272 1245 1484 1286 summa
1513 1230 1601 1286 hic
1630 1231 1811 1285 omnia
1840 1232 2082 1299 corrigit,
2109 1242 2164 1287 et
2195 1247 2317 1301 qua:

738 1327 804 1379 ad
834 1341 928 1380 eos
961 1326 1051 1395 qui
1084 1324 1279 1394 linguis
1316 1322 1637 1390 loquuntur,
1661 1332 1715 1379 et
1741 1338 1860 1393 qua:
1889 1324 1952 1377 ad
1983 1325 2238 1379 mulieres
2260 1324 2315 1379 in

741 1417 967 1472 ceclesia
1024 1417 1303 1485 loquentes
1344 1416 1506 1485 215
1547 1415 1859 1484 pertinent:
1898 1431 1959 1470 ac
2000 1418 2319 1487 simpliciter

742 1509 944 1574 omnia,
970 1522 1090 1575 quae
1109 1509 1249 1578 apud
1271 1508 1387 1561 illos
1404 1507 1542 1561 haud
1566 1507 1714 1575 justo
1728 1509 1915 1563 ordine
1942 1511 2091 1563 liunt.
2114 1508 2317 1564 Dccore

742 1613 921 1655 autem
968 1612 1022 1654 et
1072 1603 1260 1655 ordine
1305 1602 1416 1654 ticri
1444 1610 1664 1669 queant.
1696 1602 1739 1656 si
1784 1603 1817 1655 ii
1861 1604 1953 1669 qui
2007 1603 2205 1669 linguis
2238 1604 2317 1658 Ιο-

744 1708 981 1764 quuntur
1006 1711 1124 1750 cum
1162 1694 1611 1762 interpretatione
1642 1696 1950 1760 loquantur,
1984 1705 2038 1749 et
2088 1713 2193 1750 non
2234 1712 2318 1752 ve-

745 1793 841 1844 luti
873 1790 1203 1843 insanientes
1228 1829 1242 1853 ,
1277 1788 1324 1842 si
1362 1789 1635 1856 propheta:
1664 1787 1768 1842 sibi
1797 1797 1982 1842 mutuo
2009 1789 2233 1853 cedant,
2273 1790 2315 1843 si

744 1884 956 1939 lemma:
985 1882 1380 1938 conticescant.

1329 2029 1559 2086 CAPUT
1598 2031 1713 2084 XV.

819 2150 980 2203 Vsus.
1042 2151 1087 2202 l.
1144 2166 1162 2197 ι
1217 2146 1410 2201 Νοιιιιιι
1448 2158 1627 2201 autem
1679 2146 1815 2201 facio
1850 2148 2038 2212 vobis,
2082 2148 2317 2213 fratres,

744 2243 1092 2312 Evangelium
1125 2243 1266 2311 quod
1303 2240 1588 2309 praedicavi
1625 2241 1797 2295 vobis.
1843 2261 1860 2292 ι
1903 2244 2224 2296 Sermonem
2253 2242 2320 2297 de

741 2339 1141 2392 resurrectione
1199 2335 1542 2401 aggreditur,
1603 2332 1692 2397 qui
1758 2346 1920 2399 caput
1975 2349 2056 2388 est
2123 2346 2318 2389 noszrae

744 2430 890 2483 ﬁdei.
930 2428 984 2481 Si
1017 2430 1160 2480 enim
1194 2443 1297 2479 non
1344 2436 1428 2478 est
1467 2425 1817 2489 resurrectio,
1866 2442 2039 2492 neque
2068 2427 2320 2481 Christus

742 2527 1012 2578 excitatus
1045 2530 1148 2575 est.
1183 2520 1335 2585 Quod
1370 2521 1413 2573 si
1446 2536 1550 2573 non
1583 2530 1663 2573 est
1693 2520 1983 2580 excitatus,
2016 2534 2191 2586 neque
2222 2519 2318 2571 in-

743 2627 998 2671 earnatns
1039 2624 1121 2668 est
1154 2632 1167 2667 :
1197 2612 1537 2679 eiliciturque
1572 2613 1671 2665 bac
1704 2613 1931 2675 ratione,
1973 2621 2031 2663 ut
2066 2611 2318 2664 universa

744 2711 877 2765 iides
911 2718 1091 2760 nostra
1146 2711 1453 2758 evanescat.
1482 2703 1746 2767 Quoniam
1781 2702 1947 2771 igitur
1990 2702 2320 2756 resurrectio

744 2801 883 2870 apud
939 2796 1253 2852 Corinthios
1305 2795 1376 2849 ita
1430 2795 1769 2848 claudicabat
1828 2796 1989 2863 (nam
2044 2800 2319 2852 sapientes

744 2905 967 2949 externa
998 2891 1263 2959 sapientia
1296 2888 1468 2953 clari,
1501 2888 1681 2943 omnia
1730 2888 2101 2957 suscepissent
2143 2888 2321 2956 potius

745 3001 904 3054 quam
965 2978 1474 3048 resurrectionem),
1529 2980 1597 3034 de
1646 2981 1745 3034 hoc
1775 2981 2048 3034 contendit
2095 2980 2316 3036 Paulus.

749 3078 1162 3149 Sapientissime
1210 3089 1335 3128 vero
1372 3074 1505 3143 ipsis
1540 3073 1595 3127 in
1640 3074 1953 3126 memoriam
1989 3083 2209 3127 revocat
2257 3087 2321 3127 ea

748 3189 868 3243 quae
904 3172 1013 3241 jam
1048 3177 1205 3222 antea
1238 3169 1450 3222 illorum
1492 3167 1611 3221 ﬁdei
1649 3167 1935 3221 commissa
1970 3177 2140 3219 erant.
2176 3165 2320 3221 Nihil

747 3266 890 3319 enim
942 3276 1175 3323 novum,
1224 3259 1432 3327 inquit,
1485 3257 1636 3310 vobis
1680 3256 1834 3317 dico,
1891 3254 1985 3309 sed
2019 3256 2161 3323 quod
2208 3254 2319 3322 jam

748 3367 908 3412 antea
935 3354 1086 3408 vobis
1116 3352 1417 3419 cognitum,
1451 3348 1706 3401 oblivioni
1736 3361 1860 3401 vero
1896 3348 2150 3401 traditum
2180 3358 2318 3413 erat,

752 3448 892 3505 ismd
933 3446 1082 3498 vobis
1138 3453 1321 3496 notum
1378 3440 1553 3502 facio,
1603 3439 1703 3492 hoc
1765 3447 1846 3493 est
1894 3438 1957 3491 ad
2005 3439 2321 3493 memoriam

751 3540 906 3594 vobis
934 3550 1147 3591 revoco.
1184 3533 1402 3586 Fratres
1445 3540 1626 3584 autem
1658 3546 1753 3584 eos
1781 3530 2080 3599 appellans.
2126 3530 2320 3597 partim

750 3632 1019 3701 placavit,
1053 3628 1246 3697 partim
1281 3626 1329 3677 in
1360 3624 1678 3677 memoriam
1713 3632 1931 3676 revocat
1957 3624 2097 3676 unde
2127 3622 2323 3675 fratres

753 3726 877 3780 lacti
911 3725 1100 3783 simus,
1153 3720 1404 3771 nimirum
1443 3726 1552 3769 tum
1592 3716 1657 3767 ab
1687 3715 1947 3768 incarnati
1978 3713 2176 3768 Christi
2215 3712 2324 3766 ad-

751 3830 944 3881 ventu,
978 3815 1131 3883 cujus
1162 3812 1293 3865 ﬁdes
1329 3811 1379 3862 in
1412 3809 1708 3875 periculum
1750 3807 2115 3862 adducebatur
2145 3847 2163 3873 ,
2209 3817 2321 3860 tum

751 3930 779 3965 a
833 3909 1192 3977 baptismate,
1252 3902 1395 3972 quod
1457 3901 1746 3970 sepultura}
1797 3910 1851 3955 et
1908 3901 2323 3955 resurrectionis

757 4000 961 4057 Domini
993 4008 1149 4066 typus
1186 4006 1288 4048 est.
1332 3992 1676 4060 Evangelinnt
1708 4001 1884 4044 autem
1913 3990 2123 4055 dicens,
2159 3990 2320 4043 inuu-

752 4107 1024 4146 merorum
1064 4089 1325 4141 bonorum
1375 4084 1638 4145 meminit,
1683 4083 1879 4151 quibus
1927 4097 2023 4151 per
2059 4081 2323 4135 incarnati

751 4185 947 4239 Christi
982 4181 1265 4234 adventum
1294 4186 1347 4231 et
1378 4177 1827 4230 resurrectionem
1857 4176 2008 4245 potiti
2041 4190 2249 4229 sumus.

827 4296 844 4327 ς
892 4273 1045 4340 Quod
1083 4282 1133 4323 et
1183 4267 1489 4337 accepistis.
1538 4287 1552 4315 ι
1591 4266 1704 4320 Non
1735 4266 1902 4330 dixit,
1934 4265 2075 4333 quod
2115 4264 2321 4317 audivi-

751 4371 880 4425 stis.
923 4368 1014 4419 sed
1048 4384 1059 4416 :
1102 4383 1117 4414 ι
1156 4362 1307 4427 Quod
1346 4358 1662 4426 accepistis;
1707 4374 1725 4408 ι
1766 4372 1869 4411 non
1898 4357 2039 4410 enim
2074 4371 2324 4411 sermone

756 4470 986 4521 tantum,
1021 4456 1113 4510 sed
1146 4469 1241 4520 per
1275 4468 1436 4519 Opera
1465 4462 1517 4504 et
1556 4449 1812 4502 miracula
1845 4448 2192 4514 Evangelium
2232 4463 2323 4503 ac-

761 4560 1015 4618 ceperant
1045 4565 1059 4613 ;
1093 4555 1146 4599 et
1176 4544 1332 4598 simul
1363 4552 1419 4597 ut
1449 4541 1869 4610 eis-persuadeat
1895 4551 1951 4594 ut
1980 4542 2082 4595 hoc
2108 4556 2202 4596 ceu
2229 4541 2322 4595 de-

751 4642 987 4712 positum
1026 4638 1311 4691 retineant.

830 4753 849 4785 ι
898 4735 954 4787 ln
1015 4744 1121 4798 quo
1170 4739 1225 4781 et
1272 4727 1461 4791 statis,
1514 4740 1607 4794 per
1652 4725 1794 4794 quod
1842 4737 1896 4781 et
1936 4726 2239 4780 salvamini.
2300 4744 2318 4776 ι

757 4825 981 4881 Etiamsi
1029 4821 1282 4878 concussi
1320 4820 1562 4875 nonnihil
1589 4828 1773 4873 essent
1796 4860 1812 4884 ,
1845 4829 1988 4873 stare
2022 4829 2200 4872 tamen
2233 4832 2327 4873 eos

756 4921 952 4973 asserit
982 4918 1032 4970 in
1075 4916 1196 4979 hoc,
1228 4914 1455 4967 libenter
1483 4910 1743 4965 simulans
1774 4925 1831 4964 se
1866 4911 2134 4979 ignorare,
2165 4919 2326 4976 atque

755 5017 1099 5063 antevertens
1120 5020 1213 5058 eos
1232 5044 1247 5069 ,
1284 5014 1341 5057 ut
1360 5043 1377 5068 ,
1404 5004 1611 5057 etiamsi
1649 5004 1881 5056 maxime
1909 5002 2095 5063 velint,
2127 5016 2326 5071 negare

756 5114 936 5155 tamen
986 5099 1124 5151 hami
1168 5095 1395 5163 possint.
1427 5095 1564 5159 Quid
1599 5104 1777 5148 autem
1830 5094 1965 5147 lucri
2000 5092 2143 5154 erit,
2186 5095 2229 5146 si
2271 5092 2324 5146 in

755 5196 859 5247 isto
890 5189 1183 5244 steteritis?
1211 5189 1461 5241 nimirum
1482 5228 1497 5251 ,
1532 5197 1589 5239 ut
1616 5186 1917 5240 salvemiui.

825 5285 991 5341 Vens.
1042 5284 1094 5337 9..
1157 5301 1175 5333 ε
1231 5282 1344 5347 Qua
1389 5283 1597 5335 ratione
1648 5280 2049 5348 praedicaverim
2086 5278 2257 5332 vobis.
2303 5296 2319 5327 ι

756 5377 910 5442 Quod
956 5386 1055 5438 ait,
1111 5373 1411 5440 hujusmodi
1455 5370 1711 5438 quiddam
1764 5379 1847 5424 est
1885 5388 1896 5423 :
1928 5371 1999 5423 De
2034 5373 2132 5423 hoc
2184 5370 2323 5436 quod

757 5468 1083 5521 resurrectio
1117 5468 1220 5527 sit,
1260 5466 1391 5518 nihil
1429 5465 1578 5519 vobis
1619 5465 1796 5519 indico
1843 5484 1855 5517 :
1891 5466 2324 5535 quandoquidem

753 5558 856 5614 lac
891 5564 938 5610 in
971 5573 1027 5610 re
1050 5574 1152 5612 non
1178 5559 1343 5611 eratis
1368 5558 1640 5613 concussi.
1690 5555 1855 5624 llujus
1886 5570 2061 5613 autem
2097 5558 2325 5611 fortasse

2416 592 2775 663 χαρισμάτων
2818 590 3002 659 λέγει,
3042 589 3135 642 καὶ
3178 592 3243 660 τῇ
3290 590 3601 660 προφητείᾳ
3647 587 3715 642 τά
3761 592 4010 659 πρωτεῖα

2415 684 2655 748 δίδωσιν,
2694 681 2893 735 εἰπών⁸
2948 701 2966 733 ι
3001 681 3235 751 Ζηλοῡτε
3263 698 3275 712 ·
3318 701 3335 733 ι
3362 684 3482 745 ταῖς
3509 682 3566 735 δὲ
3605 681 3903 750 γλώσσαις,
3939 682 4011 735 τὶ

2414 777 2717 847 δευτερεῖα.
2741 777 2857 831 Οὐκ
2882 771 3002 830 εἶπε
3040 776 3120 841 δὲ,
3160 776 3520 848 Ἐπιτρέπετε
3564 776 3745 828 λαλεῖν
3770 816 3785 841 ,
3820 775 3962 829 ἀλλά
3992 818 4008 841 ,

2421 886 2439 920 ι
2473 868 2564 936 Μὴ
2599 866 2842 920 κωλύετε
2869 884 2882 898 ο
2920 884 2938 919 ι
2974 868 3111 938 ὅπερ
3142 866 3417 937 εἰώθαμεν
3462 867 3643 935 λέγειν
3676 867 3770 919 ἐπὶ
3799 865 3908 920 τῶν
3929 868 4006 936 μὴ

2415 959 2771 1029 ἀναγκαίων,
2846 960 2987 1031 μήτε
3059 959 3505 1030 προτρέποντες,
3557 960 3695 1032 μήτε
3764 959 4008 1028 ἀποτρέ-

2418 1068 2632 1114 ποντες.

2492 1167 2509 1200 t
2542 1147 2728 1202 Πάντα
2761 1148 3118 1219 εὐσχημόνως
3154 1147 3250 1200 καὶ
3283 1143 3429 1199 κατὰ
3474 1143 3629 1210 τάξιν
3678 1139 3932 1209 γινέσθω.
3978 1158 3997 1189 ι

2427 1241 2517 1304 Ὣς
2552 1242 2611 1294 ὲν
2667 1241 2951 1311 κεφαλαίῳ
2983 1241 3051 1293 τὰ
3081 1241 3262 1292 πάντα
3315 1235 3650 1306 διορθοῦται,
3690 1235 3759 1287 τά
3800 1249 3861 1285 τε
3896 1233 4007 1283 τῶν

2417 1332 2688 1402 γλώσσαις
2713 1332 3127 1400 λαλούντων,ζτά
3147 1349 3207 1385 τε
3237 1332 3343 1385 τῶν
3381 1328 3659 1382 λαλουσῶν
3710 1329 3767 1379 ὲν
3812 1326 4012 1394 ἐκκληο

2420 1425 2510 1497 σίᾳ
2538 1426 2812 1495 γυναικῶν
2836 1441 2852 1455 ο
2880 1427 2976 1478 καὶ
3011 1425 3218 1489 ἁπλῶς,
3256 1424 3438 1478 πάντα
3457 1423 3525 1476 τά
3556 1421 3688 1488 παρ’
3719 1421 3905 1481 αὐτοῖς
3930 1418 4009 1486 μὴ

2419 1518 2563 1572 κατὰ
2600 1519 2753 1583 τάξιν
2792 1518 3075 1589 γινόμενα,
3112 1504 3480 1587 Εὖσχημόνως
3502 1515 3546 1568 δ’
3582 1516 3647 1567 ἂν
3674 1515 3889 1580 γένοιτο
3912 1511 4011 1563 aut

2419 1613 2560 1666 κατὰ
2582 1612 2766 1679 τάξιν,
2815 1614 2864 1665 εί
2912 1614 2961 1665 οἱ
3001 1614 3275 1681 γλώσσαις
3315 1611 3622 1675 λαλοῦντες,
3660 1610 3775 1680 μεθ’
3830 1611 4010 1677 ἑρμη-

2421 1706 2569 1768 νείας
2594 1707 2638 1738 δ’
2678 1705 2923 1771 λαλοῦσι,
2958 1707 3054 1759 καὶ
3088 1706 3163 1775 μὴ
3214 1705 3287 1766 ὡς
3323 1705 3673 1775 μαινόμενον
3705 1703 3753 1754 εἰ
3786 1703 3834 1753 οἱ
3878 1716 4009 1769 προσ

2423 1797 2591 1865 φῆται
2665 1798 2916 1867 ἀλλήλοις
3001 1796 3455 1868 παραχωροῦσιν,
3523 1799 3569 1849 εί
3635 1798 3689 1849 αἱ
3746 1796 4006 1862 γυναῖκες

2349 1872 2390 1926 Β
2421 1888 2635 1957 σιγῶσι.

3021 2035 3270 2088 ΚΕΦΑΛ.
3309 2032 3405 2089 lE'.

2498 2171 2515 2201 ι
2556 2152 2813 2222 Γνωρίζω
2866 2152 2922 2204 δὲ
2974 2153 3124 2221 ὑμῖν,
3184 2151 3425 2217 ἀδελφοὶ,
3480 2151 3538 2200 τὸ
3582 2147 3914 2213 Εἱαγγέλιον
3976 2145 4006 2196 ὅ

2422 2245 2862 2316 εὐηγγελισάμην
2893 2247 3040 2318 ὑμῖν.
3084 2265 3100 2296 ι
3136 2246 3229 2307 El;
3255 2244 3346 2297 τὸν
3370 2244 3498 2313 περὶ
3526 2243 3623 2310 τῆς
3655 2243 4003 2297 ἀναστάσεως

2421 2338 2576 2403 λόγον
2608 2339 2880 2391 εἰσϐάλλει
2908 2356 2921 2369 ο
2952 2340 3009 2400 ὃς
3042 2339 3152 2390 ὲστ.
3194 2338 3247 2389 τὸ
3275 2338 3571 2405 κεφάλαιον
3599 2335 3695 2401 τῆς
3721 2334 4002 2400 ἡμετέρα,

2424 2432 2676 2494 πίστεως.
2713 2433 2774 2485 Ei
2805 2433 2913 2501 γάρ
2952 2433 3050 2484 οὐκ
3090 2431 3237 2484 ἐστιν
3292 2430 3610 2491 ἀνάστασις,
3655 2427 3773 2479 οὐδὲ
3810 2428 3836 2478 6
3871 2426 4005 2494 Χρε-

2425 2525 2546 2587 στὸς
2598 2525 2840 2593 ἠγέρθη·
2886 2526 2936 2576 εί
2990 2524 3046 2577 δὲ
3096 2525 3194 2576 οὒκ
3235 2522 3468 2592 ἠγέρθη,
3512 2521 3631 2573 οὐδὲ
3676 2516 3966 2586 ἐσαρκώθτ,
3993 2535 4006 2548 ο

2423 2618 2517 2669 καὶ
2562 2616 2733 2679 οὕτως
2775 2616 2978 2685 οἴχεται
3032 2621 3064 2681 ἡ
3103 2620 3252 2668 πᾶσα
3287 2614 3446 2684 ἡμῶν
3479 2614 3681 2674 πίστις.
3725 2612 3881 2662 Ἐπεὶ
3912 2606 4005 2661 οἶ)

2421 2707 2593 2770 οὕτως
2644 2708 2875 2777 ἑχώλευε
2920 2707 3072 2778 παρὰ
3119 2711 3230 2769 τοῖς
3288 2706 3593 2775 Κορινθίοις
3635 2705 3715 2768 (οἱ
3760 2702 3871 2770 γάρ
3902 2700 4007 2763 ἔξω

2424 2799 2578 2865 σοφοὶ
2615 2800 2792 2850 πάντα
2850 2799 2916 2851 ἂν
2967 2798 3347 2864 κατεδέξαντο,
3408 2797 3440 2867 ἦ
3498 2796 3596 2864 τὴν
3637 2795 3999 2859 ἀνάστασιν),

2424 2891 2552 2961 περὶ
2580 2889 2771 2943 τούτου
2808 2890 3137 2957 ἀγωνίζεται
3182 2889 3420 2952 Παῦλος.
3453 2887 3746 2955 Sosiam”
3774 2885 3829 2937 δὲ
3868 2886 4003 2961 avt-,1-

2428 2983 2729 3051 μιμνήσκει
2780 2982 2976 3044 αὐτοὺς
3024 2980 3129 3033 τῶν
3181 2982 3284 3051 ἠδη
3342 2981 3523 3041 αὐτοῖς
3578 2976 4005 3029 πιστευθέντων.

2423 3078 2589 3131 Οὐδὲν
2643 3078 2751 3145 γὰρ
2784 3077 2954 3139 ξένον,
3009 3074 3169 3143 φησὶ,
3225 3074 3370 3141 λέγω
3421 3073 3583 3141 ὑμῖν·
3622 3070 3759 3123 ἀλλὰ
3791 3068 3851 3120 τὸ
3903 3068 4006 3137 ἥδη

2426 3169 2729 3241 γνωρισοὲν
2761 3172 2913 3238 ὑμῖν,
2944 3169 3195 3221 διαλαθὸν
3220 3168 3297 3232 δὲ,
3345 3168 3500 3219 τοῦτο
3532 3163 3803 3235 γνωρίζω,
3845 3180 4006 3214 τουτ-

2426 3263 2596 3324 ἐστιν,
2621 3262 3122 3331 ὲπαναμιμνήσκω.
3167 3258 3451 3326 Ἀδελφοὺς
3484 3258 3538 3309 δὲ
3573 3256 3772 3317 αὐτοὺς
3802 3254 4007 3320 ὀνομά-

2427 3372 2546 3419 σας,
2580 3355 2699 3423 ἅμα
2730 3354 2829 3423 μὲν
2858 3354 3255 3421 κατεπράϋνεν,
3289 3352 3405 3419 ἆμα
3440 3350 3494 3401 δὲ
3525 3349 3853 3416 ἀνέμνησεν,
3882 3344 4005 3395 ὅθεν

2425 3448 2646 3516 ἀδελφοὶ
2691 3447 3017 3515 γεγόναμεν,
3067 3446 3163 3497 καὶ
3189 3444 3269 3496 ὅτι
3315 3443 3422 3494 ἀπὸ
3443 3441 3539 3509 τῆς
3570 3442 3836 3509 ὲνσάρκου
3870 3438 4005 3506 Χρε-

2428 3539 2553 3592 στοῦ
2607 3538 2910 3608 παρουσίας
2960 3537 3063 3605 ﬂ“
3101 3535 3398 3588 κινδυνεύει
3450 3532 3852 3600 ἀπιστηθῆναι·
3911 3531 4007 3581 καὶ

2424 3632 2507 3684 ὅτι
2532 3631 2641 3684 ἀπὸ
2672 3628 2766 3682 τοῦ
2801 3630 3200 3698 βαπτίσματος,
3226 3627 3254 3679 ὃ
3283 3626 3381 3695 τῆς
3410 3625 3587 3692 ταφῆς
3618 3626 3710 3675 καὶ
3741 3626 3841 3690 τῆς
3871 3624 4006 3673 ἁνα-

2428 3724 2670 3786 στάσεως
2701 3722 2793 3775 τοῦ
2824 3720 3029 3791 Κυρίου
3062 3712 3408 3780 ἐστὶοτύπος.
3451 3717 3562 3770 Καὶ
3593 3714 3924 3781 Εὑαγγέλιον
3948 3714 4004 3765 δὲ

2426 3815 2618 3878 εἰπὼν,
2652 3814 2759 3868 τῶν
2797 3813 3009 3883 μυρίων
3044 3812 3266 3879 ἀγαθῶν
3295 3811 3622 3879 ἀνέμνησεν,
3653 3801 3726 3860 ὧν
3759 3805 4005 3860 ἁπελαί-

2429 3924 2601 3977 σαμεν
2625 3906 2713 3960 διὰ
2740 3908 2839 3976 τῆς
2869 3906 3135 3975 ὲνσάρκου
3167 3903 3470 3975 παρουσίας
3498 3902 3590 3954 καὶ
3627 3904 3725 3970 τῆς
3758 3901 4003 3954 ἀναστά-

2428 4017 2586 4064 σεως.
3317 4012 3319 4015 ·

2502 4288 2522 4321 t
2565 4272 2630 4322 "0
2658 4270 2752 4321 καὶ
2787 4268 3143 4340 παρελάϐετε.
3182 4286 3199 4319 ι
3238 4268 3353 4319 Οὐκ
3392 4261 3568 4324 εἶπεν,
3608 4265 3671 4315 ’0
3704 4262 4003 4330 ἠκούσατε,

2427 4363 2564 4424 ἀλλ’,
2614 4379 2633 4413 t
2673 4364 2738 4414 Ὃ
2772 4361 3129 4430 παρελάὸετε.
3168 4378 3184 4410 ι
3218 4360 3290 4411 Οὐ
3324 4359 3467 4425 λόγῳ
3507 4358 3615 4425 γάρ
3650 4355 3828 4423 μόνον,
3868 4355 4003 4405 ἀλλὰ

2428 4455 2519 4507 καὶ
2551 4454 2617 4507 δι’
2665 4452 2842 4522 ἔργων
2877 4454 2971 4505 καὶ
3003 4451 3299 4521 θαυμάτων
3341 4450 3471 4502 αὐτὸ
3510 4447 3849 4515 παρέλαϐον’
3909 4447 4006 4498 καὶ

2429 4546 2545 4615 ἅμα
2576 4545 2665 4599 ἴνα
2711 4545 2875 4613 πείσῃ
2913 4547 3107 4607 αὐτοὺς
3137 4546 3211 4606 ὡς
3252 4542 3719 4613 παρακαταθήκην
3748 4542 4003 4609 κατέχειν

2352 4653 2400 4711 D
2427 4644 2579 4698 αὑτό.

2502 4754 2518 4784 ι
2574 4734 2659 4785 Ἐν
2689 4725 2732 4799 ᾧ
2755 4733 2849 4786 καὶ
2880 4732 3170 4801 ἑστήκατε,
3202 4728 3271 4783 δι’
3296 4722 3357 4782 οὗ
3384 4729 3474 4781 καὶ
3504 4727 3763 4790 σώζεσθε.
3803 4747 3821 4775 ι
3862 4727 4002 4779 Καί-

2422 4844 2506 4878 τοι
2545 4826 2971 4894 σαλευομένους,
3026 4825 3174 4892 ὅμως
3224 4822 3444 4874 ἑστάναι
3495 4822 3551 4873 ὲν
3603 4821 3776 4887 τούτῳ
3812 4820 3997 4888 φησὶν,

2424 4917 2563 4971 ἑκὼν
2592 4915 3055 4986 προσποιούμενος
3075 4915 3306 4979 ἀγνοεῖν,
3334 4912 3430 4963 καὶ
3456 4910 4000 4979 προκαταλαμϐάνων

2425 5009 2640 5071 αὐτούς·
2671 5010 2756 5060 ἵνα
2791 5008 2946 5076 μηδὲ,
2980 5008 3028 5058 εἰ
3057 5006 3258 5073 σφόδρα
3288 5003 3618 5073 βουληθεῖεν,
3654 5002 3998 5069 ἀρνήσασθαι

2425 5103 2710 5155 δύνωνται.
2749 5102 2812 5152 Τί
2868 5101 2924 5152 δὲ
2955 5100 3015 5151 τὸ
3049 5098 3236 5167 κέρδος
3272 5097 3364 5151 τοῦ
3394 5099 3452 5149 ὲν
3500 5094 3675 5163 τούτῳ
3706 5094 3997 5155 ῖστασθαις

2429 5195 2501 5247 Τὸ
2527 5193 2812 5255 σώζεσθαι,

2506 5302 2523 5334 ι
2561 5285 2676 5335 Tm.
2723 5284 2864 5351 λόγῳ
2911 5280 3353 5349 εὐηγγελισάμην
3402 5280 3549 5348 ὑμῖν.
3592 5297 3609 5329 ι
3666 5276 3919 5329 Τοιοῦτόν
3951 5295 3998 5327 τι

2428 5378 2603 5443 λέγει·
2640 5378 2769 5442 ibi":
2803 5377 2897 5438 με)
2936 5375 3022 5426 τελλ
3053 5370 3187 5424 εἴλει
3213 5374 3525 5430 ἀνάστασιν,
3562 5370 3713 5422 οὐδὲν
3747 5372 4000 5435 γνωρίζω

2430 5467 2589 5533 ὑμῖν]
2627 5471 2716 5517 καὶ
2758 5469 2865 5532 γὰο
2898 5466 3010 5516 οἶδὲ
3047 5462 3489 5532 παρεσαίιεὺθητε
3519 5462 3575 5511 ὲν
3602 5460 3793 5525 τούτῳ.
3830 5460 3998 5509 Tol-ro

2428 5560 2481 5611 δὲ
2516 5561 2643 5620 ἴσως
2672 5561 2847 5611 agi—.05
2885 5559 3094 5628 μαθεῖν,
3120 5558 3224 5610 τίνι
3266 5555 3449 5627 ipim)
3472 5553 3712 5622 γίνεσθαι
3746 5554 3846 5621 τὴν
3873 5553 3995 5606 ἀνά·-

2084 5713 2281 5777 V'aritn
2318 5714 2646 5777 lectiones.

825 5841 874 5877 "-
906 5838 1190 5910 ἑρμηνέως
1225 5853 1276 5894 0.
1356 5837 1398 5869 "
1422 5841 1487 5908 ἣν
1521 5854 1570 5895 o.
