4272 6448
229 474 341 537 753

1005 454 1408 518 EXPOSITIO
1448 453 1526 513 ιΝ
1572 451 1807 510 EPIST.
1845 450 1870 508 Ι
1911 452 2009 510 AD
2041 447 2204 509 COR.
2242 468 2306 483 -
2331 445 2485 504 CAP.
2524 445 2643 504 XV.

3373 436 3479 498 ’154

231 593 426 635 στάσιν
457 566 902 643 εὐηγγελισάμην
953 564 1079 633 ὑμῖν
1101 578 1113 590 ·
1152 560 1308 614 τοῦτο
1339 560 1394 612 δι
1427 560 1518 612 καλ
1555 558 1805 628 γνωρίζω
1836 561 1876 616 Α
1907 557 1983 610 rei
2016 552 2265 623 cognitim

1866 584 1876 615 ι
1907 557 1983 610 rei
2016 552 2322 623 cognitione
2363 565 2499 618 opus
2531 548 2768 608 habetis,
2815 559 3048 615 quanam
3083 546 3292 599 ratione
3335 548 3483 597 tutu-

230 673 387 741 ὑμῖν,
418 666 547 737 πιρὶ
568 661 664 716 τοῦ
696 661 811 724 πῶς
839 656 1037 730 δηλαδὴ
1068 655 1281 724 γίνεται
1309 654 1340 722 ἡ
1373 652 1685 712 ἀνάστασις.

310 951 331 985 ι
366 932 431 986 El
477 927 762 996 κατέχετε,
807 921 963 983 έκτθς
1011 921 1058 973 εί
1092 919 1168 990 μὴ
1204 918 1324 986 είκῆ
1363 917 1744 971 ἐπιστεύσατε.
1783 935 1801 968 ο

234 1023 459 1093 Ἐπειδὴ
489 1015 663 1083 εἶπεν,
700 1018 782 1070 ὅτι
841 1033 859 1067 ι
911 1013 1231 1083 Ἐστήκατε,
1275 1030 1292 1064 ο
1331 1010 1416 1063 ίνα
1454 1011 1529 1078 μὴ
1566 1009 1808 1080 ρᾳθυμο.

232 1122 426 1188 τέρους
458 1113 652 1175 αὐτοὺς
681 1108 907 1180 ποιήσῃ.
937 1105 1125 1176 φησιν’
1166 1123 1183 1156 ι
1215 1104 1276 1157 El
1308 1105 1586 1172 κατέχετε.
1615 1120 1632 1153 ι
1669 1103 1810 1155 Κατ-

235 1215 388 1281 έχετε
415 1211 468 1263 δὲ
505 1207 742 1268 πάντως,
770 1220 790 1254 ι
819 1201 974 1262 tm;
1016 1201 1060 1252 εξ
1106 1197 1180 1266 μὴ
1226 1196 1345 1266 είκῆ
1372 1195 1725 1248 ἐπιστεύσατε
1751 1236 1763 1248 .
1785 1213 1803 1247 ι

237 1306 360 1358 ἀντὶ
406 1301 530 1364 τοῦ,
565 1300 628 1353 ΕΞ
663 1296 736 1368 μὴ
779 1295 888 1366 ἄρα
915 1293 1091 1363 μάτην
1114 1288 1443 1358 ὀνομάζεσθε
1471 1288 1809 1359 Χριστιανοί.

237 1399 313 1450 Τὸ
337 1396 444 1465 γὰρ
481 1394 590 1446 πᾶν
632 1389 725 1442 τοῦ
755 1384 1182 1459 Χριστιανισμοῦ
1229 1384 1288 1434 έν
1347 1380 1426 1449 τῷ
1452 1379 1551 1449 τῆς
1577 1379 1812 1432 ἀναστά-

241 1508 378 1551 σεως
408 1489 582 1541 κεῖται
611 1485 863 1552 δόγματι.

320 1605 337 1635 ι
373 1582 675 1651 Παρέδωκα
713 1576 822 1646 γὰρ
847 1575 974 1646 ὑμῖν
1005 1577 1061 1627 ὲν
1086 1571 1342 1642 πρώτοις,
1387 1570 1415 1622 ὃ
1456 1570 1549 1622 καὶ
1578 1569 1815 1636 παρέλα-

239 1679 356 1731 60v.
401 1696 418 1727 ι
463 1675 551 1736 Ὦς
589 1673 730 1742 μέγα
753 1669 812 1722 ὃν
855 1669 918 1720 τὸ
951 1667 1076 1734 περὶ
1108 1666 1203 1735 τῆς
1239 1664 1585 1725 ἀναστάσεως
1616 1661 1812 1730 δόγμα,

245 1791 262 1821 ι
285 1773 344 1822 ὲν
374 1785 448 1836 πρ
461 1767 610 1828 btet;
661 1763 792 1816 αύτδ
843 1759 1134 1830 παρέδωκα
1153 1771 1167 1786 ·
1194 1775 1211 1809 ι
1244 1755 1403 1808 οἱονεὶ
1435 1753 1541 1822 γὰρ
1570 1753 1816 1821 θεμέλιός

242 1867 362 1914 ἐστι
396 1860 572 1924 πάσης
603 1855 702 1924 τῆς
740 1854 993 1912 πίστεως.
1033 1847 1344 1916 Παρέλαὸον
1373 1846 1429 1898 δὲ
1462 1845 1592 1898 αὐτὸ
1641 1845 1814 1911 κάγὼ,

241 1912 353 2009 duo
383 1912 618 2021 Χριστοῦ
650 1912 874 2017 ὲηλαδή.
911 1912 1132 2010 Ὠσπερ*
1155 1936 1246 1993 οὖν
1278 1938 1391 2006 ὲγὼ
1417 1937 1632 2007 κατέχω
1662 1937 1811 1998 αὐτὸ,
1851 1912 1888 1966 Β

241 2043 386 2095 οὕτω
413 2041 504 2092 καὶ
532 2039 688 2106 ὑμεῖς
739 2033 985 2101 ὀφείλετε
1029 2029 1284 2097 κατέχειν
1304 2043 1319 2058 ο
1346 2027 1440 2079 καὶ⁵
1473 2027 1548 2089 ὡς
1579 2029 1635 2078 ὲν
1663 2027 1812 2095 πρώ-

240 2151 359 2196 τοις
388 2127 809 2201 παρειληφότες,
834 2123 929 2177 νῦν
954 2122 1016 2174 οὐ
1040 2119 1236 2174 δικαιοί
1272 2120 1394 2170 ἐστε
1429 2118 1811 2189 άμφιὸάλλειν,

244 2227 350 2277 κᾶν
382 2224 468 2276 διὰ
503 2221 591 2273 τὸν
625 2219 834 2290 χρόνον.

325 2337 341 2366 ι
391 2317 514 2369 Ὀτι
577 2310 813 2378 Χριστὸς
865 2305 1134 2361 άπέθανεν
1186 2302 1325 2370 ὑπὲρ
1381 2300 1489 2351 τῶν
1533 2298 1817 2368 ἁμαρτιῶν

245 2410 432 2478 ἡμῶν,
489 2405 626 2458 κατὰ
659 2402 756 2462 τὰς
812 2396 1053 2468 Γραφάςσ
1096 2413 1114 2445 ³
1170 2391 1458 2461 Προδὴλως
1490 2390 1583 2442 τοῦ
1636 2392 1694 2442 ὲν
1739 2389 1818 2460 τῷ

247 2500 450 2569 Παύλῳ
510 2494 800 2556 λαλοῦντος
863 2485 1104 2559 Χριστοῦ
1167 2483 1388 2556 ῥήματά
1449 2485 1566 2535 ἑστι
1631 2481 1812 2536 ταῦτα.

267 2589 486 2657 Ἐπειδὴ
511 2586 621 2656 γάρ
649 2586 697 2637 οί
720 2582 1009 2650 Μανιχαίοι
1038 2578 1260 2647 ιμελλον
1289 2576 1491 2642 λέγειν,
1522 2575 1601 2626 ὅτι
1623 2575 1650 2626 ὁ
1673 2573 1817 2627 Παῦ-

245 2685 339 2745 λος
367 2682 594 2735 θάνατον
639 2677 786 2743 λέγει
816 2673 914 2735 τὰς
947 2670 1240 2740 ἁμαρτίας,
1273 2667 1365 2718 καὶ
1395 2664 1690 2718 άνάστασιν
1718 2663 1816 2732 τὴν

245 2773 455 2828 τούτων
478 2765 821 2834 ἀπαλλαγὴν,
846 2761 954 2818 άπὸ
977 2760 1181 2813 τούτων
1201 2759 1309 2811 τῶν
1335 2759 1592 2828 ῥημάτων
1621 2757 1817 2816 αὐτοὺς

247 2861 566 2933 ἐλέγχεσθαι
615 2859 924 2927 εὐδόκησεν.
993 2852 1253 2911 Ἀπέθανε
1301 2850 1408 2920 γὰρ
1455 2852 1482 2903 ὁ
1544 2848 1813 2920 Χριστός·

250 2960 406 3010 ποῖον
437 2955 704 3017 θάνατονς
755 2945 1068 3018 σωματικὸν
1100 2944 1346 3005 πάντως’
1384 2941 1443 2993 οὑ
1496 2940 1604 3010 γὰρ
1637 2939 1700 3010 δὴ
1732 2939 1818 2992 τὸν

248 3053 310 3102 ὲν
344 3045 660 3116 ἁμαρτίαις·
696 3061 713 3093 ι
760 3037 1060 3112 Ἀμαρτίαν
1085 3036 1193 3104 γὰρ
1221 3033 1320 3087 οὐκ
1367 3032 1639 3102 εποίησεν.
1679 3051 1697 3083 ι
1757 3032 1818 3085 Εἰ

245 3142 308 3195 ἃ
333 3135 861 3206 καὶὰναισχυντοῐεν,
883 3131 1155 3198 λέγοντες,
1182 3130 1264 3180 ὃτι
1297 3127 1404 3182 Τὸν
1440 3128 1496 3180 ιν
1528 3127 1821 3198 ἁμαρτίαις

1910 663 2023 702 ram
2071 643 2523 699 resurrectionem
2583 641 2738 694 vobis
2792 638 3199 709 praedicaverim
3251 654 3264 690 :
3318 647 3480 705 atque.

1909 742 2010 794 ltoc
2042 738 2196 793 vobis
2227 747 2411 791 notum
2446 735 2605 798 facio,
2641 732 2910 801 quomodo
2934 728 3180 786 videlicet
3206 727 3382 783 futura
3409 729 3480 782 sit

1909 830 2260 887 resurrectio.

1988 942 2005 974 ι
2065 922 2122 977 Si
2172 923 2405 984 tenetis,
2461 920 2561 974 nisi
2623 918 2826 973 frustra
2883 915 3209 970 credidistis.
3268 931 3286 964 ι
3344 912 3478 977 Quia

1912 1017 2145 1077 dixerat,
2183 1032 2203 1065 ι
2245 1011 2431 1076 Statis,
2473 1030 2492 1062 ι
2530 1025 2595 1065 ne
2631 1011 2908 1080 segniores
2934 1022 3025 1062 eos
3058 1007 3238 1069 faciat,
3272 1003 3479 1073 adjicit,

1918 1126 1936 1158 ι
1975 1105 2029 1160 Si
2059 1105 2274 1159 tenetis.
2317 1122 2335 1155 ι
2370 1101 2592 1156 Tenetis
2621 1114 2798 1156 autem
2823 1100 3064 1162 omnino,
3100 1118 3116 1150 ι
3149 1098 3252 1152 nisi
3278 1106 3482 1150 temere

1909 1197 2252 1259 credidistis,
2297 1213 2315 1247 ι
2357 1209 2456 1264 pro
2482 1208 2546 1249 eo
2589 1195 2752 1264 216
2782 1193 2923 1262 quod
2966 1203 3049 1246 est
3075 1231 3089 1251 ,
3143 1190 3243 1242 nisi
3283 1189 3478 1241 frustra

1913 1290 2266 1348 nominamini
2308 1288 2629 1342 Christiani.
2665 1287 3065 1340 Christianismi
3099 1296 3331 1350 namque
3361 1282 3482 1333 uni-

1914 1401 2128 1442 versum
2186 1384 2460 1453 negotium
2524 1383 2575 1436 in
2633 1365 3050 1437 resurrectionis
3103 1380 3354 1448 dogmate
3406 1377 3480 1431 si—

1918 1491 2027 1535 tum
2061 1489 2165 1533 εει.

1988 1571 2149 1626 νειιε.
2194 1572 2249 1626 3.
2304 1590 2320 1622 ι
2363 1570 2579 1625 Tradidi
2626 1567 2766 1621 enim
2809 1565 2958 1618 vobis
2992 1563 3042 1615 in
3084 1560 3306 1631 primis,
3342 1561 3482 1626 quod

1916 1674 1970 1719 et
1997 1663 2204 1734 accepi.
2257 1680 2274 1713 ι
2325 1661 2603 1731 Tanquam
2641 1661 2827 1726 ingens
2866 1657 2936 1710 sit
2983 1656 3046 1708 de
3090 1651 3486 1706 resurrecnone

1917 1756 2146 1824 dogma,
2187 1774 2205 1807 ι
2248 1754 2467 1810 Tradidi
2518 1753 2646 1806 illud
2706 1751 2856 1803 vobis
2913 1750 2963 1800 in
3011 1745 3218 1815 primis.
3272 1761 3288 1793 ι
3331 1741 3486 1794 Velut

1920 1845 2062 1898 enim
2097 1846 2504 1899 fundamentum
2541 1853 2623 1895 est
2658 1841 2920 1892 universae
2974 1837 3115 1888 fidei.
3166 1855 3181 1885 ι
3225 1833 3421 1901 Accepi
3464 1849 3482 1881 ι

1919 1947 2097 1990 autem
2129 1945 2181 1989 ct
2209 1950 2308 2005 ego
2345 1936 2549 2003 ipsum,
2585 1948 2610 1984 a
2654 1932 2874 1983 Christo
2909 1925 3184 1979 nimirum.
3220 1923 3492 1987 Quemad-

1919 2028 2137 2083 modum
2164 2027 2327 2096 igitur
2353 2041 2453 2093 ego
2477 2023 2702 2085 retineo,
2730 2021 2936 2073 debetis
2960 2029 3012 2070 et
3037 2031 3133 2068 vos
3162 2015 3287 2068 illud
3317 2015 3487 2080 ipsum

1919 2119 2174 2173 retinere.
2229 2114 2292 2169 Et
2339 2116 2478 2168 sicut
2529 2114 2580 2165 in
2636 2112 2828 2180 primis
2882 2106 3204 2175 accepistis,
3253 2119 3360 2157 non
3409 2113 3492 2156 est

1916 2222 2128 2278 mquum
2162 2214 2220 2259 ut
2243 2203 2352 2273 jam
2386 2202 2673 2265 dubitetis,
2704 2200 2892 2253 saltem
2923 2197 2993 2252 ob
3027 2207 3259 2263 tempus-

1995 2320 2012 2350 ι
2042 2297 2197 2365 Quod
2220 2297 2474 2352 Christus
2509 2302 2754 2348 mortuus
2780 2292 2849 2347 sit
2874 2305 2972 2360 pro
3002 2289 3236 2358 peccatis
3269 2287 3489 2344 nostris.

1920 2392 2212 2450 secundum
2261 2389 2588 2458 Scripturas.
2625 2407 2642 2440 ι
2675 2386 2874 2442 Christi
2917 2383 3202 2453 perspicue
3233 2382 3283 2434 iit
3327 2379 3492 2434 Pau.o

1929 2485 2196 2555 loquentis
2254 2484 2375 2539 haec
2425 2483 2584 2536 verba
2637 2489 2780 2535 sunt.
2835 2478 2971 2544 Quia
3022 2475 3165 2530 enim
3215 2472 3492 2527 Manichaei

1918 2578 2120 2633 dicturi
2154 2584 2334 2639 erant,
2377 2575 2518 2643 quod
2551 2573 2749 2627 Paulus
2790 2579 3016 2624 mortem
3050 2575 3271 2638 peccata
3311 2574 3490 2627 vocet,

1919 2678 1973 2722 et
2007 2669 2074 2720 ab
2119 2667 2203 2720 his
2242 2665 2655 2727 liberationem,
2703 2660 3193 2722 resurrectionem,
3235 2671 3331 2725 per
3383 2657 3494 2710 hac

1921 2758 2085 2811 verba
2130 2769 2223 2810 eos
2266 2757 2591 2824 redarguere
2646 2753 2863 2821 placuit.
2923 2750 3165 2805 Mortuus
3218 2749 3360 2802 enim
3412 2757 3497 2801 est

1923 2848 2172 2904 Christus
2211 2865 2225 2903 :
2258 2863 2362 2919 qua
2399 2846 2612 2902 morte?
2634 2845 2853 2900 omnino
2879 2858 3142 2914 corporea
3165 2885 3179 2908 ,
3213 2841 3496 2909 haudqua-

1926 2957 2084 3012 quam
2117 2941 2323 3010 peccati
2371 2959 2384 2995 :
2444 2958 2463 2992 ι
2514 2938 2797 2994 Peccatum
2841 2937 2983 2990 enim
3030 2949 3134 2989 non
3168 2934 3313 2988 fecit.
3373 2948 3395 2984 ι
3431 2933 3499 2984 At

1921 3049 2048 3089 vero
2091 3034 2136 3090 si
2174 3032 2306 3086 adeo
2342 3031 2674 3102 impudentes
2732 3030 2857 3094 sint,
2880 3038 2938 3082 ut
2973 3028 3201 3081 audeant
3229 3025 3499 3079 afﬁrmare

1922 3128 2096 3196 ipsum
2125 3126 2286 3181 etiam
2336 3134 2561 3181 mortem
2603 3137 2720 3193 qua:
2766 3122 2819 3176 ln
2857 3122 3091 3192 peccatis
3127 3129 3244 3178 est.
3277 3118 3499 3179 obiisse,

249 3234 480 3286 θάνατον
515 3228 753 3282 ἀπέθανε
784 3226 876 3277 καὶ
910 3222 1069 3284 αὐτός
1091 3239 1102 3252 ·
1134 3220 1250 3283 πῶς
1273 3236 1456 3288 φησιν,
1480 3219 1558 3271 ὅτι
1596 3238 1613 3270 ι
1650 3219 1820 3288 ’Υπὲρ
1847 3251 1890 3316 C
1923 3219 2210 3289 quomodo,
2263 3242 2265 3260 ι

1866 3219 2210 3316 anomodo,
2263 3216 2392 3272 dicit
2424 3235 2442 3268 ι
2485 3216 2586 3270 Pro
2645 3215 2878 3282 peccatis
2937 3212 3136 3266 nostris
3200 3230 3217 3263 ι
3261 3218 3502 3265 mortuus

250 3327 362 3380 τῶν
395 3321 678 3392 ἁμαρτιῶν
711 3316 901 3388 ήμῶνς
941 3334 960 3368 ι
985 3315 1047 3368 Εί
1080 3314 1188 3383 γὰρ
1221 3313 1315 3365 καὶ
1345 3312 1504 3376 αὐτὸς
1557 3313 1814 3382 ἁμαρτω-

251 3420 343 3480 λ“.ς
374 3414 460 3488 ἦν,
514 3416 629 3476 πῶς
665 3411 802 3483 ὑπὲρ
833 3410 940 3463 τῶν
972 3407 1258 3477 ἡμετέρων
1290 3405 1574 3475 ὰμαρτιῶν
1614 3405 1817 3457 ὰπὲθα-

253 3530 379 3570 vzv;
409 3507 684 3561 Ἀλλὰκαὶ
707 3505 806 3574 τῷ,
837 3523 852 3555 ι
885 3502 1041 3555 Κατὰ
1068 3502 1164 3562 τὰς
1191 3500 1433 3568 Γραφάς,
1461 3519 1477 3550 ι
1511 3501 1702 3560 εἰπεῖν,
1734 3499 1818 3549 ἐν-

251 3604 446 3671 τρέπει
479 3600 788 3666 σαφέστατα
814 3595 1057 3655 τούτους.
1083 3591 1363 3660 Πανταχοῦ
1387 3593 1494 3661 γὰρ
1523 3593 1577 3644 αἱ
1608 3590 1821 3661 Γραφαὶ

255 3695 446 3748 τοῦτον
482 3693 573 3746 τὸν
595 3690 906 3761 σωματικὸν
935 3688 1163 3742 θάνατον
1188 3686 1264 3756 τῷ
1285 3685 1504 3755 Χριστῷ
1536 3700 1816 3754 προσμαρ-

253 3787 529 3857 τυροῦσιν.
568 3801 586 3834 ι
627 3783 863 3852 Ὠρυξαν
894 3801 910 3832 ι
946 3781 1072 3851 γὰρ.
1109 3779 1262 3848 φησιν
1307 3797 1324 3828 ί
1357 3776 1540 3848 Χεῖράς
1569 3794 1688 3846 μουν
1731 3777 1822 3831 καὶ

257 3882 425 3942 πόδας
459 3896 559 3949 μου
583 3895 596 3907 ’
639 3895 658 3928 ι
694 3875 807 3938 καὶ,
843 3893 860 3925 ι
904 3873 1162 3941 ’ὓψονται
1185 3873 1260 3932 είς
1290 3870 1349 3922 ὃν
1374 3869 1763 3938 ἐξεκέντησαν
1800 3888 1817 3919 ι

258 3976 376 4036 καὶ,
417 3990 436 4023 ι
495 3966 934 4039 Ἐτραυματίσθη
983 3965 1071 4019 διὰ
1117 3964 1215 4028 τὰς
1258 3963 1534 4032 ἁμαρτίας
1571 3960 1757 4030 ἡμῶν
1799 3978 1816 4011 ι

260 4066 380 4130 καὶ,
420 4082 438 4114 ι
490 4062 662 4129 ’Υπὲρ
690 4058 799 4112 τῶν
827 4055 1109 4128 ἁμαρτιῶν
1146 4052 1241 4105 τοῦ
1267 4051 1400 4106 λαοῦ
1446 4069 1545 4121 μου
1581 4053 1703 4121 ἥκει
1744 4052 1823 4113 είς

262 4156 508 4208 θάνατον.
554 4167 571 4199 ι

341 4265 359 4295 ι
400 4244 509 4296 Καὶ
539 4243 619 4294 ὅτι
669 4238 866 4307 ιτάφη.
908 4254 926 4287 ι
978 4234 1186 4289 Οὐκοῦν
1225 4235 1318 4286 καὶ
1370 4234 1530 4303 σῶμα
1585 4228 1730 4302 εἶχε·
1766 4233 1827 4284 τὸ

264 4341 372 4401 γὰρ
425 4332 786 4398 θαπτόμνον,
843 4327 1004 4397 σῶμά
1055 4329 1225 4379 ἑστιν.
1280 4327 1352 4378 Οὑ
1403 4327 1709 4394 προσέθηκε
1748 4324 1825 4386 δὲ,

272 4446 290 4476 ι
336 4424 490 4478 Κατὰ
527 4421 624 4484 τὰς
656 4421 901 4491 Γραφὰς,
940 4437 957 4469 t
992 4419 1025 4488 ἧ
1056 4419 1137 4471 ὅτι
1165 4417 1318 4486 δῆλος
1347 4413 1413 4487 ἧν
1455 4417 1482 4468 6
1523 4417 1690 4483 τάφος
1723 4417 1828 4467 πά-

266 4531 351 4564 σιν
374 4531 385 4544 ·
410 4513 444 4581 ἢ
477 4515 558 4565 ὅτι
598 4510 736 4564 κατὰ
764 4508 942 4562 κοινοῦ
974 4510 1150 4562 κεῖται
1187 4507 1267 4571 τὸ,
1305 4525 1323 4557 ι
1363 4506 1521 4559 Κατὰ
1552 4507 1650 4568 τὰς
1691 4505 1830 4574 Γρα-

268 4622 392 4674 φας.
436 4629 453 4656 ο

344 4801 363 4833 ι
407 4782 516 4834 Καὶ
558 4781 639 4833 ὅτι
690 4780 984 4849 ἐγήγερται
1030 4780 1096 4848 τῇ
1126 4776 1284 4848 τρίτῃ
1322 4775 1528 4847 ἡμέρᾳ,
1571 4773 1713 4827 κατὰ
1742 4777 1838 4836 τὰς

269 4876 506 4944 Γραφάς.
553 4892 571 4926 ι
630 4873 740 4926 Καὶ
794 4870 897 4924 ποῦ
954 4871 1011 4925 αι
1059 4869 1271 4940 Γραφαί
1325 4885 1525 4937 φασιν,
1580 4870 1660 4921 ὅτι
1706 4868 1832 4936 «Τῇ

267 4969 428 5037 τρίτῃ
451 4965 637 5038 ἡμέρᾳ
666 4965 960 5035 ἐγήγερται
984 4979 1000 5030 ;
1036 4981 1054 5015 ι
1083 4961 1180 5015 Διὰ
1210 4961 1305 5014 τοῦ
1359 4960 1501 5014 κατὰ
1527 4959 1617 5014 τὸν
1655 4961 1839 5013 Ίωνᾶν

267 5059 443 5112 τύπου
465 5074 477 5087 ·
513 5056 608 5108 καὶ
636 5055 739 5126 πρὸ
763 5055 976 5119 τούτου,
1010 5052 1103 5106 τοῦ
1137 5051 1280 5105 κατὰ
1309 5051 1396 5104 τὸν
1424 5051 1609 5106 Ἰσαὰκ
1641 5052 1698 5104 ὲν
1720 5069 1836 5121 τρι-

269 5151 355 5202 σιν
388 5149 622 5218 ἡμέραις
647 5144 1020 5207 ὰποσωθέντος
1043 5143 1184 5216 [καὶ]
1211 5143 1410 5206 ζῶντος
1439 5145 1504 5212 τῇ
1529 5143 1714 5212 μητρὶ,
1741 5142 1836 5195 καὶ

272 5242 347 5310 μὴ
370 5240 691 5310 σφαγέντος,
712 5239 809 5291 καὶ
827 5239 1035 5309 μυρίων
1052 5236 1225 5289 άλλων
1250 5235 1432 5287 τύπων
1451 5251 1462 5262 ·
1486 5235 1580 5286 καὶ
1602 5235 1708 5286 ἀπὸ
1738 5236 1836 5304 ῥη-

274 5332 459 5402 μάτων
504 5329 598 5382 τοῦ
648 5331 745 5398 μὲν
790 5327 1038 5390 Ἡσαΐου,
1083 5344 1104 5380 ι
1144 5326 1347 5396 Κύριος
1387 5324 1630 5393 βούλεται
1667 5324 1834 5377 καθα-

275 5427 424 5496 ρίσαι
475 5426 636 5479 αὑτὸν
681 5425 791 5478 άπὸ
838 5424 939 5490 τῆς
981 5423 1216 5493 πληγῆς,
1245 5421 1414 5486 δεῖξαι
1441 5419 1586 5490 αύτῷ
1622 5420 1736 5487 φῶς
1759 5435 1771 5448 ·
1809 5437 1827 5470 ι

269 5515 366 5570 τοῦ
397 5517 452 5569 δὲ
481 5513 662 5580 Δαυῖὄ,
702 5532 719 5567 ι
762 5515 876 5568 Ούκ
918 5511 1328 5581 δγκαταλείψεις
1359 5511 1456 5580 τὴν
1505 5509 1684 5579 ψυχήν
1733 5526 1834 5578 μου

270 5611 348 5670 εἰς
376 5607 525 5678 ᾅδην.
567 5625 585 5657 ι

352 5717 371 5751 ι
405 5699 510 5752 Καὶ
553 5700 636 5753 ὅτι
682 5695 838 5770 ὤφθη
886 5699 1073 5769 Κηφᾷ.
1113 5716 1130 5749 ι
1180 5696 1270 5749 Ἐν
1307 5693 1541 5764 πρώτοις
1579 5691 1670 5743 τὸν
1700 5691 1839 5757 ὰξιου

344 5895 371 5924 ι
417 5880 554 5940 Psal.
587 5902 696 5948 SM,
738 5885 816 5938 l7.
901 5884 922 5921 δ
952 5882 1116 5938 Zaeh.
1145 5898 1235 5946 Ml,
1265 5884 1340 5936 l0.

1427 5895 1444 5920 ε
1477 5883 1524 5937 ls
1548 5901 1578 5935 ι.
1623 5899 1737 5950 Litt,
1760 5882 1810 5947 5,
1832 5881 1882 5933 6.

1922 3309 2053 3366 est?
2092 3309 2145 3364 Si
2181 3311 2322 3364 enim
2350 3316 2404 3361 et
2449 3307 2565 3377 ipse
2603 3313 2855 3375 peccator
2892 3313 3062 3368 esset,
3086 3302 3374 3373 ,quomodo
3405 3315 3502 3370 pro

1919 3403 2152 3470 peccatis
2207 3399 2407 3453 nostris
2463 3407 2707 3452 mortuus
2738 3405 2816 3452 est
2856 3397 3174 3450 ZPraaterea
3218 3409 3338 3449 cum
3399 3393 3497 3454 ait,

1927 3515 1943 3546 ι
1970 3493 2274 3548 Secundum
2313 3491 2676 3560 Scripturas.»
2714 3489 2848 3544 istos
2872 3487 3315 3542 manifestissime
3347 3499 3502 3539 ever-

1925 3592 2006 3647 tit.
2043 3587 2318 3642 Universae
2374 3597 2610 3654 namque
2643 3581 2936 3650 Scriptura:
2987 3581 3052 3635 de
3100 3592 3362 3649 corporea
3405 3578 3503 3632 bac

1922 3678 2119 3734 Christi
2171 3685 2341 3730 morte
2382 3673 2741 3730 testimonium
2771 3671 2976 3733 dicunt,
3005 3677 3101 3724 ut'
3129 3685 3143 3723 :
3182 3686 3200 3720 ι
3233 3667 3508 3723 Foderunt

1922 3770 2086 3830 enim,
2117 3767 2310 3835 inquit,
2347 3779 2536 3818 manus
2568 3778 2750 3826 meas,
2786 3771 2840 3816 ct
2873 3763 3038 3830 pedes
3071 3773 3220 3815 meos
3255 3777 3268 3813 :
3305 3778 3323 3812 ι
3361 3769 3413 3813 et
3439 3759 3501 3820 δ,

1928 3877 1948 3913 ι
1983 3859 2250 3913 Videbunt
2286 3857 2341 3910 in
2380 3871 2539 3926 quem
2577 3862 2914 3926 pupugerunt
2945 3869 2959 3905 :
2996 3870 3018 3904 ι
3050 3863 3104 3906 et
3144 3862 3166 3890 ε
3192 3891 3207 3916 ,
3241 3869 3259 3903 ι
3303 3852 3506 3906 Vulne-

1926 3959 2072 4002 ratns
2116 3957 2200 4002 est
2244 3955 2465 4018 propter
2495 3944 2812 4014 iniquitates
2861 3953 3073 3996 nostras
3107 3959 3122 3996 :
3164 3961 3183 3994 ι
3220 3953 3294 4008 et,
3346 3960 3363 3993 ι
3404 3941 3507 3995 Pro

1925 4041 2157 4110 peccatis
2193 4039 2371 4110 populi
2408 4039 2513 4092 mei
2545 4035 2690 4090 venit
2727 4034 2780 4090 in
2816 4043 3063 4091 mortem.
3113 4051 3131 4085 ι

2006 4221 2170 4277 Vens.
2209 4223 2263 4277 4.
2303 4239 2322 4272 ι
2359 4221 2426 4275 Ει
2462 4221 2606 4288 quod
2648 4220 2893 4287 sepultus
2921 4219 3010 4273 sit.
3051 4235 3069 4269 ι
3106 4215 3274 4286 Igitur
3309 4229 3509 4283 corpus

1932 4315 2094 4368 etiam
2144 4314 2335 4368 habuit
2385 4329 2400 4366 :
2453 4310 2597 4381 quod
2646 4309 2790 4364 enim
2839 4308 3117 4377 sepelitur,
3165 4321 3359 4376 corpus
3402 4318 3504 4361 est.

1938 4404 2053 4458 Non
2080 4404 2330 4473 apposuit
2364 4412 2566 4465 autem,
2602 4421 2619 4453 ι
2658 4399 2968 4455 Secundum
3003 4397 3336 4467 Scripturas.
3372 4419 3390 4449 ι
3427 4401 3506 4451 vcl

1937 4498 2067 4566 quia
2095 4495 2343 4549 omnibus
2376 4494 2648 4564 sepultura
2675 4491 2876 4546 Christi
2908 4499 3207 4555 constaret,
3244 4492 3328 4545 vel
3365 4491 3508 4560 quod

1866 4599 1912 4655 ι)
1946 4607 1964 4640 ι
2004 4587 2311 4642 Secundum
2341 4588 2650 4655 Scripturas
2671 4623 2686 4650 ,
2724 4601 2742 4635 ι
2788 4583 3148 4639 communiter
3180 4584 3247 4637 de
3277 4591 3508 4651 utroque

1935 4680 2164 4750 positum
2203 4688 2306 4734 est.

2011 4790 2029 4822 ι
2098 4773 2165 4826 Et
2212 4772 2354 4841 quod
2411 4770 2772 4825 resurrexerit
2817 4769 2978 4824 tertio
3033 4769 3152 4833 die,
3211 4767 3503 4822 secundum

1936 4864 2264 4934 Scripturas.
2299 4881 2317 4913 ι
2351 4864 2419 4916 At
2447 4862 2535 4916 ubi
2567 4862 2860 4931 Scriptura:
2901 4861 3197 4929 loquuntur
3221 4857 3361 4928 quod
3399 4868 3505 4912 ter-

1933 4961 2007 5011 tia
2039 4959 2126 5012 die
2168 4954 2515 5011 resurrexit?
2548 4952 2652 5009 Per
2674 4952 2823 5008 Jonm
2861 4955 3133 5023 propheta:
3168 4953 3391 5021 figuram
3425 4951 3451 4989 ἀ
3486 4972 3499 5006 :

1934 5059 1989 5103 et
2033 5058 2158 5105 ante
2208 5050 2369 5113 hunc,
2417 5062 2482 5102 ex
2527 5061 2592 5101 eo
2634 5048 2775 5116 quod
2831 5045 2980 5099 lsaac
3013 5045 3171 5100 tertio
3211 5045 3296 5098 die
3341 5044 3500 5095 matri

1934 5143 2085 5197 vivus
2117 5145 2184 5196 sit
2229 5151 2621 5203 conservatus,
2674 5151 2728 5193 et
2783 5155 2886 5193 non
2930 5149 3200 5192 mactatus
3245 5148 3344 5192 :et
3386 5137 3503 5190 aliis

1933 5233 2227 5288 innumeris
2260 5233 2461 5300 figuris.
2482 5231 2616 5285 Tum
2647 5246 2675 5284 a
2701 5231 2878 5286 verbis
2905 5231 3055 5285 Isaiae
3087 5241 3109 5270 ο
3147 5248 3157 5283 :
3188 5249 3206 5281 ι
3244 5231 3504 5284 Dominus

1934 5326 2049 5380 vult
2078 5341 2308 5396 purgare
2341 5340 2464 5380 eum
2493 5339 2520 5376 a
2557 5324 2734 5393 plaga,
2766 5334 2822 5377 nt
2859 5333 3117 5378 monstret
3143 5325 3191 5378 ei
3230 5324 3438 5388 lumen;
3481 5343 3496 5372 ι

1937 5427 2117 5486 postea
2153 5419 2366 5472 Davidis
2404 5415 2419 5455 ί
2459 5436 2510 5469 :i
2546 5416 2660 5470 Non
2690 5417 3029 5486 derelinques
3058 5417 3291 5472 animam
3330 5432 3499 5469 meum

1932 5509 1989 5563 in
2019 5511 2247 5564 inlemo.
2290 5529 2306 5561 ι

2011 5692 2166 5747 Vens.
2217 5693 2266 5747 5.
2308 5710 2326 5743 ι
2367 5692 2430 5746 Et
2455 5695 2595 5762 quod
2627 5695 2770 5748 visus
2804 5697 2870 5748 sit
2905 5694 3118 5761 Ccpltx.
3162 5712 3178 5743 ο
3220 5695 3273 5745 ltt
3309 5690 3496 5762 primis

1962 5881 1982 5919 εἶ
2015 5882 2164 5938 Jnntt.
2200 5899 2256 5946 tt,
2295 5880 2381 5933 “3.2.
2467 5891 2487 5917 ε
2529 5877 2846 5944 lsa.lttt,l0.
2933 5878 3116 5933 il’sal.
3153 5893 3236 5941 xv,
3275 5876 3355 5928 10.
