4272 6448
295 427 407 496 ’157

1073 429 1484 490 EXPOSITIO
1523 432 1599 492 IN
1638 431 1877 494 EPIST.
1915 435 1938 492 Ι
1979 437 2077 495 AD
2118 439 2284 497 COR.
2319 461 2384 472 ο-
2411 440 2566 497 CAP.
2611 439 2727 498 XV.

3448 433 3554 494 ’758

296 559 392 604 τος
428 537 534 593 εἶδε
561 539 652 592 τον
681 535 905 608 Κύριον.
950 538 1024 592 Οὐ
1057 541 1164 610 γὰρ
1207 540 1465 605 Ἰάκωϐος
1497 541 1734 595 ἐλάττων
1777 542 1883 594 τῶν
1912 562 1956 614 Α

1865 548 2407 614 νΑιιιιοΙιοχοτυηι,
2467 547 2899 616 quandoquidem
2963 554 3015 599 et
3078 547 3192 613 ipse
3253 554 3552 612 postremus

299 633 476 687 ἄλλων
519 629 890 684 πεντακοσίων
913 631 979 694 ⁸⁸,
1019 632 1097 683 ὅτι
1130 630 1419 702 ἕσχατοςδτ
1482 633 1704 687 ἐκείνων
1765 629 1871 685 εϊὸε

297 724 391 776 τὸν
423 723 646 794 Κύριον.

1982 638 2348 702 apostolorum
2373 638 2554 694 fuerit.
2589 641 2800 695 Etenim
2833 654 2950 693 eam
2983 643 3051 694 ob
3082 653 3192 692 rem
3231 636 3360 691 nihil
3393 635 3546 690 Pauli

1978 731 2286 784 auctoritati
2320 731 2553 794 decedit,
2595 731 2735 800 quod
2767 742 3072 799 postremus
3105 730 3387 783 Dominum
3420 741 3552 782 con-

297 817 560 885 spcxerit.
594 815 778 886 Neque
801 814 944 869 enim
979 825 1190 871 caeteris
1213 817 1524 887 quingentis
1559 815 1782 871 inferior
1845 826 1924 873 est
1984 817 2241 885 Jacobus,
2289 825 2430 890 quod
2473 824 2685 878 illorum
2741 831 3044 892 postremus
3093 820 3378 875 Dominum
3428 829 3556 873 con‘

299 909 556 977 :puxct‘il.

382 1018 400 1050 ε
448 997 588 1065 Ἐγὼ
627 998 734 1068 γάρ
779 999 894 1067 είμι
921 997 948 1047 ὁ
979 997 1260 1066 ἐλάχιστος
1290 999 1396 1050 τῶν
1446 1000 1778 1063 ἀποστόλων,
1815 1001 1871 1063 ὃς

302 1093 406 1143 οὐκ
446 1091 560 1158 εἰμὶ
609 1090 791 1152 ἱκανὸς
831 1091 1114 1142 καλεῖσθαι
1152 1090 1468 1152 ἀπόστολος.
1511 1091 1643 1143 διότι
1683 1092 1876 1155 ἐδίωξα

298 1185 402 1252 τὴν
446 1181 769 1250 Ἐκκλησίαν
794 1181 888 1234 τοῦ
921 1181 1078 1234 Θεοῦ.
1123 1200 1141 1232 ι
1182 1181 1567 1250 ’Λποφαίνεται
1601 1182 1729 1250 περὶ
1755 1183 1879 1234 eau-

299 1274 395 1326 τοῦ
421 1291 433 1304 ·
465 1273 556 1324 καὶ
583 1273 681 1323 οὐκ
719 1271 866 1341 Εἰμὶ,
900 1269 1069 1333 εἶπεν,
1100 1269 1421 1343 [ἐλάχιστος]
1441 1271 1546 1323 τῶν
1566 1271 1768 1323 δώδεκα
1790 1272 1884 1340 μό-

299 1382 414 1428 νον,
451 1365 582 1416 ἁλλὰ
638 1364 732 1415 καὶ
760 1363 869 1415 τῶν
893 1365 1066 1415 ἄλλων
1104 1365 1374 1417 ἁπάντων.
1403 1365 1544 1432 Ὅρα
1575 1363 1651 1427 δὲ,
1699 1364 1779 1416 ὅτι
1800 1363 1887 1414 διὰ

2051 999 2212 1052 Vens.
2244 999 2296 1053 9.
2341 1018 2360 1050 ‹
2406 1000 2516 1068 Ego
2543 999 2686 1053 enim
2731 1014 2848 1054 sum
2877 999 3132 1053 minimus
3161 998 3545 1067 apostolorum,

1978 1091 2143 1161 218
2186 1091 2279 1160 qui
2323 1105 2426 1145 non
2464 1106 2580 1145 sum
2622 1092 2812 1162 dignus
2858 1091 3041 1145 vocari
3078 1091 3370 1159 apostolus,
3421 1105 3556 1159 quo-

1983 1185 2126 1236 niam
2181 1190 2498 1252 persecutus
2538 1197 2654 1236 sum
2701 1182 2998 1238 Ecclesiam
3046 1181 3159 1236 Dei.
3202 1200 3220 1233 ι
3277 1181 3350 1235 De
3377 1181 3555 1248 seipso

1985 1278 2308 1331 sententiam
2359 1275 2464 1332 fert
2500 1299 2510 1332 :
2546 1291 2644 1332 nec
2674 1277 2830 1342 dixit,
2878 1275 3158 1330 duodecim
3198 1285 3428 1338 tantum,
3464 1290 3554 1328 ve-

1990 1383 2107 1420 rum
2131 1375 2184 1420 et
2211 1367 2434 1420 aliorum
2460 1367 2719 1421 omnium.
2747 1368 3043 1421 Considera
3077 1376 3256 1420 autem
3289 1365 3556 1434 quomodo

310 1455 516 1508 τούτων
562 1454 843 1523 μέμνηται
863 1454 968 1504 τῶν
994 1454 1297 1523 ἁμαρτιῶν,
1323 1449 1396 1506 ὧν
1416 1454 1780 1523 ἡλευθέρωται
1804 1455 1890 1508 διὰ
1988 1471 1997 1525 ι

1868 1455 1890 1508 it
1988 1471 2082 1525 per
2137 1457 2250 1509 haec
2316 1457 2481 1511 verba
2530 1472 2719 1511 eorum
2769 1467 3107 1525 peccatorum
3159 1455 3486 1519 meminerit,
3525 1471 3555 1509 a

303 1549 397 1600 τοῦ
431 1546 824 1614 βαπτίσματος,
857 1545 941 1597 ἵνα
961 1546 1106 1614 δείξῃ
1138 1546 1190 1596 τί
1210 1546 1499 1615 ἐχαρίσατο
1520 1546 1708 1615 αύτῷὀ
1735 1547 1886 1608 Θεός.

306 1639 462 1697 Τίνος
506 1638 560 1690 δὲ
621 1639 829 1699 ἕνεκεν,
895 1637 1150 1706 μάρτυρα
1215 1638 1408 1690 ἑαυτὸν
1465 1639 1732 1707 παράγων
1792 1641 1889 1706 τῆς

301 1730 655 1791 ἀναστάσεως
700 1731 792 1780 τοῦ
825 1729 1081 1799 Χριστοῦ,
1117 1731 1191 1792 ὼς
1219 1731 1306 1783 καί
1339 1733 1486 1801 αύτῷ
1513 1732 1788 1799 ὀφθέντος,
1821 1730 1886 1782 τὰ

1988 1548 2188 1615 quibus
2221 1548 2482 1603 liberatus
2511 1550 2582 1603 sit
2611 1564 2711 1618 per
2739 1550 3025 1618 baptisma,
3056 1559 3114 1602 ut
3147 1551 3396 1603 ostendat
3430 1550 3554 1616 quid

1986 1639 2270 1692 donaverit
2297 1639 2367 1692 illi
2399 1638 2558 1694 Deus.
2594 1640 2760 1705 Quam
2797 1639 2866 1693 ob
2895 1653 3113 1692 causam
3146 1652 3272 1693 vero
3318 1641 3552 1706 seipsum

1988 1737 2178 1782 testem
2214 1727 2626 1782 resurrectionis
2665 1728 2886 1791 Christi,
2933 1742 3028 1781 ceu
3061 1728 3129 1782 ab
3159 1741 3222 1782 eo
3248 1729 3552 1796 conspecti,

303 1821 480 1872 οίκεῖα
523 1820 878 1889 ἐλαττώματα
923 1821 1248 1887 καταλέγει;
1283 1822 1397 1874 Ἵνα
1442 1825 1639 1891 μᾶλλον
1671 1822 1879 1886 ἀξιοπι-
1919 1797 1959 1851 Β

1866 1853 1879 1861 -
1919 1797 1959 1851 Β
1989 1822 2309 1889 produce-ns.
2337 1821 2586 1890 proprios
2617 1819 2858 1874 defectus
2891 1821 3168 1875 recenset?
3193 1821 3264 1876 Ut
3297 1824 3553 1888 majorem

302 1911 552 1979 στύτερος
600 1911 706 1979 εἴη.
793 1911 850 1962 ὐ
902 1911 1012 1981 γὰρ
1063 1915 1200 1978 μετὰ
1250 1913 1502 1981 ἀληθείας
1547 1913 1644 1975 τὰς
1677 1914 1878 1972 οἰκείας

305 2001 490 2069 ῦερεις
523 2001 657 2064 θεὶς,
683 2003 781 2054 οὐκ
814 2003 878 2055 ἂν
906 2003 1050 2073 ἄλλῳ
1073 2007 1504 2076 καταχαρίσαιτο
1537 2008 1732 2076 μάτην.

380 2202 399 2235 ί
441 2185 638 2254 Χάριτι
671 2187 726 2238 δὲ
773 2189 907 2240 Θεοῦ
948 2191 1062 2259 εἰμὶ
1112 2192 1138 2242 ὅ
1183 2193 1318 2259 εἰμι.
1353 2212 1370 2244 ι
1416 2193 1495 2244 Τὰ
1530 2194 1626 2262 μὲν
1650 2195 1879 2248 ἐλαττώ-

313 2293 480 2344 ματα,
525 2279 702 2347 ἑαυτῷ
749 2279 1064 2345 λογίζεται·
1117 2284 1183 2334 τὰ
1236 2283 1292 2335 δὲ
1348 2285 1769 2356 κατορθώματα,
1815 2291 1876 2359 τῇ

304 2370 489 2438 χάριτι
523 2371 615 2422 τοῦ
650 2371 784 2423 Θεοῦ
821 2374 1130 2441 ἀνατίθησι.

383 2477 400 2510 ε
440 2461 548 2513 Καὶ
580 2463 612 2529 ἡ
647 2462 806 2532 χάρις
836 2463 1000 2515 αὑτοῦ
1033 2467 1065 2532 ἠ
1098 2467 1174 2527 εἰς
1206 2466 1328 2536 ἐμὲ,
1363 2468 1422 2520 ού
1455 2470 1585 2538 κενὴ
1618 2473 1876 2542 ἐγενήθη·

305 2549 441 2603 ἀλλὰ
479 2553 864 2623 περισσότερον
897 2553 1076 2607 αὐτῶν
1107 2558 1322 2609 πάντων
1377 2561 1666 2614 ἐκοπίασα.
1713 2580 1731 2612 ι
1771 2564 1880 2616 Καὶ

303 2641 463 2693 τοῦτο
516 2643 636 2710 μεθ’
696 2644 997 2715 ὑποστολῆς
1020 2647 1062 2677 ’⁸⁸
1111 2649 1375 2716 εἴρηκεν⁸
1436 2651 1496 2702 οὐ
1546 2652 1654 2722 γὰρ
1705 2649 1876 2720 εἶπεν,

309 2733 468 2798 Ἀξια
501 2735 600 2804 τῆς
631 2738 851 2806 χάριτος
889 2737 1121 2806 ἔπραξα,
1145 2740 1283 2805 ἀλλ’,
1329 2743 1400 2794 Ού
1436 2745 1658 2811 ματαία,
1693 2749 1877 2816 φησὶν,

307 2827 506 2897 εὑρέθη
543 2830 574 2896 ἡ
610 2828 769 2899 χάρις
804 2829 895 2882 τοῦ
946 2830 1081 2884 Θεοῦ
1123 2834 1178 2884 ἐν
1214 2833 1357 2901 ἐμοί.
1397 2835 1552 2900 Πῶς;
1588 2839 1708 2890 Ὀτι
1743 2840 1879 2892 πάνη

304 2935 417 2971 των
460 2920 567 2970 τῶν
615 2922 930 2973 ἀποστόλων
987 2923 1372 2993 περισσότερον
1424 2927 1712 2983 ἐκοπίιτα.
1767 2931 1878 2984 Καὶ

305 3009 407 3060 οὐκ
447 3004 622 3073 εἶπεν,
677 3012 755 3062 Ξτι
820 3012 1223 3079 Ἐκινδύνευσα,
1265 3016 1379 3068 ἀλλ’
1434 3019 1737 3088 ύφειτὲνως
1804 3021 1880 3090 τῷ

306 3101 529 3169 ὀνόματι
566 3101 657 3154 τοῦ
692 3105 862 3155 κόπου
896 3105 956 3156 τὸ
992 3106 1154 3158 αὑτοῦ
1189 3108 1463 3177 ἐγκώμιον
1513 3111 1878 3182 ύποτεμνὸμε-
1910 3147 1956 3210 C

1216 3197 1240 3208 -
1470 3200 1494 3210 -
1703 3205 1770 3210 --

308 3208 416 3252 νος.
452 3192 548 3243 Διά
577 3192 631 3244 δὲ
661 3193 720 3244 τὸ
759 3193 1070 3256 ἀξιόπιστον
1103 3197 1363 3264 φανῆναι,
1396 3200 1567 3252 ταῦτα
1599 3206 1724 3271 περὶ
1753 3205 1878 3255 ἐαυ-

307 3283 402 3334 τοῦ
427 3282 593 3350 λέγει.
633 3285 724 3335 Δεῖ⁹
751 3285 860 3354 γὰρ
888 3287 982 3338 τὸν
1021 3287 1341 3342 διδάσκαλον
1376 3292 1687 3358 ἀξιόπιστον
1717 3291 1875 3348 εἶναι.

385 3393 403 3424 ι
445 3375 556 3426 Ούκ
606 3376 716 3441 ἐγὼ
777 3377 870 3439 δὲ,
935 3377 1050 3430 ἀλλ’
1090 3380 1124 3447 ἡ
1173 3381 1333 3449 χάρις
1387 3382 1482 3434 τοῦ
1530 3383 1664 3435 Θεοῦ
1713 3387 1744 3452 ἡ
1785 3385 1880 3437 σὺν

311 3464 454 3532 ἐμοί.
497 3484 514 3517 ι
566 3467 673 3518 Καὶ
711 3467 771 3519 τὸ
801 3469 1062 3523 κοπιάσαι
1101 3471 1158 3523 δὲ
1195 3472 1325 3524 αὐτὸ
1354 3473 1454 3542 τῆς
1485 3475 1577 3526 τοῦ
1615 3475 1748 3528 Θεοῦ
1785 3477 1880 3544 χά-

317 3556 465 3623 ριτός
496 3557 664 3620 ἐστιν,
697 3559 796 3611 οὐκ
824 3559 951 3626 ἐμὸν
976 3561 1326 3631 κατόρθωμα.

389 3662 407 3695 ι
451 3647 571 3698 Εἴτε
617 3644 709 3700 οὖν
742 3649 871 3714 ἐγὼ,
925 3650 1034 3702 εἴτε
1068 3652 1287 3717 ἐκεῖνοι,
1323 3655 1466 3709 οὕτω
1512 3659 1877 3730 κηρύσσομεν,

315 3737 408 3788 καὶ
435 3737 604 3800 οὕτως
627 3740 1009 3796 ἐπιστεύσατε.
1052 3762 1068 3794 ι
1107 3745 1228 3797 Εἴτε
1264 3747 1373 3812 ἐγὼ
1402 3750 1665 3802 ἐκοπίασα
1697 3756 1878 3822 πλέον,

311 3829 423 3880 εῐτε
456 3831 672 3896 ἐκεῖνοι,
704 3833 831 3902 περὶ
862 3834 990 3900 γοῦν
1010 3836 1053 3866 ⁸⁹
1080 3836 1140 3888 τὸ
1171 3839 1433 3908 κήρυγμα
1470 3844 1878 3916 ὁμοεεωνοῦμεν,

313 3921 501 3988 φησὶν,
540 3923 798 3986 ἅπαντες.
854 3927 960 3978 Καὶ
1011 3927 1110 3980 οὐκ
1165 3924 1339 3996 εἶπεν,
1391 3933 1452 3984 Εἰ
1505 3935 1578 4004 μὴ
1623 3937 1742 4006 ἐμοὶ
1790 3956 1883 3990 πι-

314 4013 615 4078 στεύετεδο,
670 4018 899 4081 ἐκείνοις
951 4020 1240 4088 πείσθητεο
1303 4023 1616 4091 ὲξηυτέλισε
1674 4031 1781 4098 γὰρ
1817 4033 1881 4084 ἂν

313 4104 528 4169 ἑαυτὸν,
569 4107 662 4159 καὶ
701 4109 801 4161 ούκ
837 4109 1149 4172 ἀξιόπιστον
1207 4114 1460 4184 μάρτυρα
1490 4117 1590 4184 τῆς
1630 4119 1884 4188 ἀληθείας

312 4197 601 4250 ἀπεδείκνν
624 4218 636 4232 ·
667 4200 802 4252 ἀλλᾶ
831 4203 920 4253 καὶ
953 4204 1112 4265 αὐτὸς
1143 4205 1265 4257 καῦ⁹
1292 4207 1482 4259 ἑαυτὸν
1512 4211 1700 4278 ἀρκεῖν
1729 4229 1881 4281 φησι,

315 4289 407 4339 καὶ
439 4290 675 4353 ἐκείνους
717 4293 838 4345 καθ’
883 4295 1112 4358 ἑαυτοὺς
1144 4297 1440 4363 αὐτάρκεις
1471 4295 1631 4355 εἶναι.
1665 4303 1773 4354 Καὶ
1806 4304 1884 4373 τῷ

315 4382 489 4432 εἰπεῖν
521 4383 599 4447 δὲ,
641 4402 658 4433 ι
701 4383 1086 4455 Κηρύσσομεν,
1126 4406 1144 4438 ›
1183 4389 1241 4441 τὸ
1270 4390 1468 4458 ἀληθὲς
1500 4393 1611 4444 τῶν
1653 4393 1883 4464 λεγομέ-

1988 1913 2167 1966 verbis
2204 1913 2317 1966 suis
2368 1912 2522 1966 fidem
2557 1912 2830 1966 conciliet.
2869 1911 2970 1978 Qui
3014 1911 3157 1966 enim
3199 1926 3382 1967 revera
3429 1927 3555 1967 suas

1992 2003 2342 2058 contumelias
2373 2002 2594 2072 profert,
2634 2003 2774 2056 haud
2810 2017 2940 2056 sane
2969 2002 3122 2057 alteri
3153 2002 3352 2058 frustra
3383 2003 3552 2073 grati-

1993 2097 2258 2150 ficabitur.

2063 2187 2226 2243 Vens.
2260 2188 2345 2241 lO.
2385 2207 2403 2239 ι
2435 2186 2621 2242 Gratia
2648 2197 2825 2243 autem
2850 2187 2942 2242 Dei
2969 2202 3086 2242 sum
3109 2188 3161 2242 id
3192 2189 3336 2257 quod
3359 2203 3496 2243 sum.
3529 2207 3548 2241 ι

1988 2278 2236 2334 Defectus
2260 2294 2387 2333 suos
2415 2279 2514 2333 sibi
2553 2278 2652 2347 ipsi
2681 2279 2906 2348 imputat
2930 2295 2942 2342 ;
2971 2277 3196 2332 virtutes
3222 2283 3400 2332 autem
3429 2291 3552 2347 gra-

1989 2371 2076 2424 tiae
2104 2369 2196 2422 Dei
2231 2369 2392 2422 refert
2418 2376 2687 2436 acceptas.

2067 2481 2086 2515 ι
2133 2462 2199 2517 Et
2247 2461 2416 2530 gratia
2470 2460 2639 2527 ipsius
2681 2459 2732 2512 in
2792 2473 2878 2512 me
2929 2473 3032 2513 non
3087 2459 3188 2514 fuit
3227 2459 3424 2525 inanis,
3462 2460 3554 2516 sed

1987 2553 2347 2607 abundantius
2375 2550 2626 2606 omnibus
2673 2549 2803 2618 ipsis
2831 2549 3094 2605 laboravi.
3133 2567 3151 2602 ι
3188 2548 3312 2605 Haec
3343 2565 3558 2620 quoque

1987 2663 2109 2703 cum
2139 2643 2498 2701 submissione
2526 2643 2681 2696 dixit.
2713 2641 2828 2696 Non
2860 2643 3003 2696 enim
3033 2642 3170 2696 dixit
3199 2658 3212 2696 :
3238 2641 3370 2710 Qua:
3395 2643 3557 2714 digna

1987 2747 2110 2793 sunt
2135 2735 2306 2806 gratia
2338 2733 2575 2802 transegi
2604 2748 2619 2785 :
2647 2746 2855 2795 verum,
2879 2730 2995 2785 Non
3022 2745 3180 2795 vana,
3212 2732 3401 2801 inquit,
3433 2749 3558 2802 gra-

1989 2829 2058 2883 tia
2089 2827 2180 2882 Dei
2223 2827 2273 2880 in
2310 2839 2394 2880 me
2431 2824 2649 2878 inventa
2683 2829 2787 2878 est.
2816 2821 3132 2888 Quomodo?
3163 2820 3238 2875 Eo
3262 2823 3402 2890 quod
3437 2821 3558 2891 plus

1987 2936 2149 2991 quam
2181 2932 2368 2973 omnes
2397 2916 2626 2986 apostoli
2669 2913 2928 2970 laboravi.
2957 2913 3063 2968 Nec
3093 2913 3230 2969 dixit
3258 2932 3270 2967 :
3295 2913 3558 2970 Periculls

1987 3014 2250 3072 obnoxius
2290 3013 2402 3080 fui;
2454 3013 2547 3068 sed
2579 3011 2848 3066 submisse
2880 3009 3127 3078 loquens,
3176 3009 3376 3064 laboris
3401 3024 3559 3064 voca-

1988 3108 2112 3162 bulo
2144 3121 2270 3160 usus
2301 3114 2402 3170 est,
2429 3113 2487 3157 ut
2517 3103 2723 3156 laudem
2753 3115 2904 3154 suam
2935 3099 3260 3154 succideret.
3288 3098 3556 3153 Caeterum

1991 3207 2050 3254 ut
2081 3199 2185 3253 lide
2219 3197 2413 3268 dignus
2453 3195 2803 3265 judicaretur,
2854 3193 2968 3247 haec
3013 3193 3079 3247 de
3107 3192 3290 3262 seipso
3318 3206 3557 3247 comme-

1993 3299 2188 3346 morat.
2219 3288 2442 3358 Oportet
2487 3286 2629 3340 enim
2659 3285 2932 3340 doctorem
2966 3284 3068 3337 fide
3096 3283 3314 3352 dignum
3343 3297 3484 3338 esse.

2072 3403 2089 3435 ι
2125 3382 2238 3436 Non
2271 3394 2370 3450 ego
2399 3388 2601 3440 autem,
2629 3379 2722 3431 sed
2755 3377 2930 3445 gratia
2963 3375 3053 3429 Dei
3091 3389 3319 3431 mecum.
3363 3395 3382 3427 ι
3419 3374 3557 3441 Quin

1993 3486 2046 3530 et
2079 3476 2251 3544 ipsum
2282 3473 2546 3535 laborare,
2579 3468 2764 3535 gratia:
2791 3465 2887 3521 Dci
2915 3475 3020 3532 est,
3053 3481 3158 3521 non
3185 3480 3363 3520 meum
3402 3480 3557 3535 opus.

2064 3654 2227 3709 Vens.
2266 3652 2349 3706 Η.
2400 3667 2418 3700 ι
2460 3647 2583 3702 Sive
2635 3647 2796 3714 igitur
2845 3659 2964 3712 ego,
3006 3645 3119 3699 sive
3176 3645 3271 3710 illi,
3307 3647 3384 3699 sic
3424 3661 3553 3715 pra:-

1994 3752 2254 3812 dicamus,
2295 3756 2347 3800 et
2391 3746 2470 3798 sic
2499 3741 2826 3798 credidistis.
2874 3757 2892 3789 ι
2946 3741 3070 3794 Sive
3118 3756 3217 3808 ego
3254 3740 3371 3808 plus
3414 3742 3562 3794 Iaho-

1996 3844 2129 3906 ravi,
2178 3842 2290 3896 sive
2331 3841 2428 3906 illi,
2462 3840 2603 3894 circa
2645 3837 3077 3910 praedicationem
3116 3844 3294 3887 tamen
3330 3848 3519 3887 omnes
3543 3872 3557 3896 ,

1994 3938 2187 4004 inquit,
2224 3947 2410 3988 sumus
2443 3933 2759 3986 concordes.
2812 3929 2924 3985 Nec.
2975 3928 3148 3983 dixit:
3178 3927 3233 3982 Si
3273 3927 3402 3980 mihi
3454 3942 3558 3980 non

1994 4027 2260 4082 adhibetis
2284 4025 2464 4088 fidem,
2491 4024 2594 4078 illis
2619 4025 2988 4093 obtemperate
3017 4039 3031 4075 :
3063 4022 3133 4075 ita
3158 4020 3300 4075 enim
3325 4020 3556 4088 seipsum

1995 4119 2143 4190 parvi
2174 4118 2410 4189 fecisset,
2442 4125 2494 4170 et
2517 4129 2613 4184 pro
2648 4114 2872 4168 veritate
2903 4121 3093 4166 testem
3124 4126 3308 4180 parum
3350 4111 3557 4164 fidelem

1996 4208 2322 4265 ostendisset
2351 4228 2363 4261 :
2400 4207 2492 4261 sed
2527 4217 2578 4259 et
2605 4207 2717 4275 ipse
2751 4219 2847 4274 per
2870 4219 2926 4257 se
2957 4203 3202 4257 suﬂicere
3232 4202 3326 4267 ait,
3365 4213 3416 4255 et
3443 4203 3562 4261 illos

1997 4317 2092 4369 per
2126 4316 2186 4355 se
2222 4299 2432 4352 abunde
2459 4299 2594 4352 satis
2627 4297 2920 4350 instructos
2947 4309 3086 4349 esse.
3116 4295 3247 4348 Cum
3279 4303 3459 4348 autem
3487 4294 3562 4347 ait

1981 4409 2020 4442 ι
2061 4392 2435 4450 Ριοιειιίυοηιιιε,
2481 4407 2499 4438 ι
2555 4387 2834 4441 veritatem
2888 4400 3073 4439 eorum
3127 4399 3246 4454 quae
3280 4385 3559 4449 dicuntur,

313 4491 419 4525 νων
476 4476 747 4542 ἐμφαίνει.
810 4478 883 4529 Ού
941 4479 1048 4546 γὰρ
1108 4479 1164 4531 ὲν
1223 4480 1558 4552 παραϐύστῳ
1595 4483 2000 4553 λαλοῦμεν,Βὶ

1873 4526 1881 4548 ,
1912 4493 1964 4552 D
1993 4484 2183 4538 innuit.
2215 4480 2332 4534 Non
2365 4480 2506 4534 enim
2559 4479 2610 4533 in
2642 4477 2960 4533 abscondito
2989 4478 3278 4546 loquimur,
3333 4478 3426 4530 sed
3462 4491 3560 4545 pa-

311 4564 449 4618 ἀλλὰ
483 4567 729 4636 φανερῶς
755 4585 768 4598 ·
821 4568 913 4621 καὶ
942 4571 1000 4621 ού
1034 4570 1187 4634 ποτὲ,
1219 4571 1356 4624 ἀλλὰ
1408 4573 1502 4625 καὶ
1557 4573 1669 4627 νῦν.
1711 4594 1727 4626 ι
1773 4577 1884 4629 Καὶ

314 4656 486 4720 οὕτως
521 4659 900 4714 ἐπιστεύσατε.
956 4679 973 4712 ι
1025 4663 1139 4714 Οὐκ
1199 4658 1318 4714 εἷπε
1365 4664 1442 4728 δὲ,
1483 4666 1563 4718 ὅτι
1616 4667 1729 4719 Νῦν
1788 4683 1882 4719 πι-

317 4747 536 4800 στεύετε
559 4791 572 4813 ,
603 4750 737 4801 διὲτι
785 4752 1122 4806 ὲσαλεύοντο.
1174 4754 1328 4807 Μετὰ
1376 4755 1482 4807 τῶν
1510 4756 1683 4809 ἄλλων
1705 4757 1760 4810 δὲ
1793 4759 1884 4810 καὶ

313 4841 414 4909 τὴν
441 4843 615 4893 αὐτῶν
643 4843 826 4896 πίστιν
855 4845 1106 4914 μάρτυρα
1132 4846 1286 4898 καλεῖ
1307 4846 1348 4876 ⁸¹
1372 4847 1470 4915 τῆς
1499 4847 1774 4918 ἀληθείας.
1806 4851 1880 4901 Ού

315 4932 422 5001 γὰρ
454 4931 518 4983 ἂν
543 4931 751 4999 ἁπλῶς,
794 4935 980 5003 φησὶν,
1009 4934 1368 4988 ἐπιστεύσατε
1400 4935 1581 5003 λόγοις
1612 4938 1882 5005 ἐψευσμέ-

315 5040 429 5083 νοις
461 5023 552 5074 ml.
589 5023 912 5094 ἀπατηλοῖς,
941 5025 988 5077 εἰ
1024 5023 1098 5095 μὴ
1123 5025 1411 5094 ἐπείσθητε
1441 5027 1616 5096 ἁληθῆ
1646 5025 1785 5081 εἶναι
1816 5031 1883 5082 τὰ

318 5115 726 5185 κηρυσσόμενα.

395 5223 413 5255 ι
462 5207 522 5257 Εἰ
551 5206 606 5258 δὲ
643 5204 877 5274 Χριστὸς
919 5206 1274 5276 κηρύσσεται,
1306 5209 1386 5262 ὅτι
1414 5210 1478 5262 ἐκ
1510 5211 1718 5278 νεκρῶν
1752 5211 1885 5278 ἐγή-

316 5314 532 5366 γερται,
586 5296 700 5358 πῶς
750 5297 966 5362 λέγουσί
1010 5314 1154 5360 τινες
1200 5299 1256 5350 ὲν
1291 5299 1441 5368 ὑμῖν,
1474 5300 1554 5351 ὅτι
1593 5301 1888 5363 ἀνάστασις

316 5387 528 5456 νεκρῶν
547 5389 589 5418 ⁸³
623 5387 722 5438 οὐκ
749 5385 928 5450 ἔστιν;
968 5405 986 5437 ι
1022 5388 1252 5456 Ἀριστα
1291 5389 1682 5456 συλλογίζεται.
1731 5392 1888 5442 Ἀπο-

315 5478 497 5541 δείξας
535 5480 640 5547 γὰρ
673 5478 954 5547 πρότερον,
1003 5479 1084 5530 ὅτι
1133 5480 1366 5549 Χριστὸς
1420 5483 1738 5551 ἐγήγερται,
1796 5483 1888 5533 καὶ

316 5573 398 5622 ὁτι
446 5568 588 5621 οὕτω
641 5568 971 5638 κηρύσσεται
1006 5570 1134 5637 παρ’
1168 5571 1332 5624 αὑτοῦ
1367 5574 1460 5624 καὶ
1497 5573 1605 5625 τῶν
1654 5573 1888 5625 ἀποστό-

1984 4577 2087 4630 lam
2124 4583 2218 4630 :et
2243 4588 2346 4626 non
2375 4571 2690 4639 aliquando,
2727 4569 2819 4624 sed
2853 4577 2905 4622 et
2936 4582 3097 4621 nunc.
3148 4587 3165 4620 ι
3202 4566 3269 4621 Ει
3315 4568 3394 4622 sic
3443 4581 3560 4622 cre-

1984 4665 2216 4720 didistis.
2255 4682 2272 4715 ι
2315 4664 2427 4717 Non
2471 4662 2624 4725 dixit,
2657 4659 2810 4714 Nunc
2867 4660 3111 4724 creditis,
3164 4659 3419 4728 quoniam
3447 4659 3559 4728 jam

1982 4758 2320 4812 vacillabant.
2351 4755 2484 4810 Cum
2520 4755 2642 4808 aliis
2676 4763 2852 4807 autem
2883 4762 2936 4806 et
2971 4753 3210 4822 ipsorum
3253 4752 3433 4816 fidem,
3467 4765 3559 4807 ve-

1983 4850 2160 4904 ritatis
2192 4859 2380 4902 testem
2413 4853 2587 4901 vocat.
2622 4844 2735 4898 Non
2765 4844 2907 4898 enim
2937 4843 3262 4912 simpliciter
3293 4849 3558 4901 Credidis-

1982 4943 2135 5004 setis,
2190 4940 2383 5008 inquit,
2436 4937 2778 4993 sermonibus
2823 4936 2967 4993 fictis
2997 4949 3052 4993 et
3100 4937 3403 5002 fallacibus,
3457 4940 3559 4994 nisi

1990 5029 2231 5099 persuasi
2260 5028 2454 5083 essetis
2480 5042 2605 5081 vera
2634 5040 2751 5082 esse
2781 5041 2900 5096 quae
2925 5027 3074 5082 vobis
3104 5028 3554 5096 prmdicabantur.

2065 5211 2221 5257 Vens.
2268 5202 2354 5257 12.
2393 5218 2412 5252 ι
2446 5201 2502 5256 Si
2552 5212 2726 5256 autem
2763 5202 3011 5258 Christus
3065 5203 3390 5271 praedicatur
3415 5203 3558 5270 quod

1987 5297 2280 5350 resurrexit
2321 5312 2349 5347 a
2375 5296 2624 5357 mortuis,
2653 5296 2926 5364 quomodo
2956 5296 3141 5349 dicunt
3172 5295 3387 5363 quidam
3417 5295 3558 5348 inter

1987 5403 2082 5442 Vos
2106 5389 2249 5457 quod
2283 5388 2609 5442 resurrectio
2660 5403 2764 5440 non
2800 5388 2922 5442 est?
2961 5406 2978 5438 ι
3018 5386 3229 5455 Optime
3271 5387 3555 5440 ratiocina—

1989 5489 2092 5532 tur.
2131 5480 2504 5533 Demonstrato
2535 5478 2677 5532 enim
2730 5481 2958 5547 primum
2989 5478 3132 5548 quod
3187 5478 3431 5532 Christus
3473 5492 3556 5531 re-

1988 5573 2240 5638 surrexit,
2277 5582 2328 5626 et
2355 5571 2498 5640 quod
2533 5571 2611 5626 sic
2642 5573 2964 5641 praedicatur
3008 5588 3034 5624 a
3069 5585 3126 5626 se
3157 5581 3208 5625 et
3242 5569 3500 5638 apostolis
3533 5585 3547 5621 ι

1672 5665 1865 5724 Varias
1888 5663 2210 5724 lectiones.

396 5765 438 5790 λυ
480 5761 846 5832 ὲόιίομήκοντα
885 5779 933 5817 0.
1013 5785 1024 5793 ·
1102 5766 1320 5833 ὕπερος
1373 5781 1421 5821 0.

323 5842 341 5868 ε
402 5849 465 5880 εκ
513 5833 716 5900 νεκρῶν
759 5849 828 5884 ιη.

1507 5767 1543 5793 ’⁸
1583 5766 1697 5818 ast-9‘
1735 5766 2035 5835 ὑπερϐολὴν
2062 5781 2112 5819 0.

2196 5765 2236 5796 ⁸⁵³
2278 5765 2372 5832 μὲν
2397 5782 2446 5819 o.
2555 5767 2596 5796 ⁵ο
2621 5764 2972 5817 ἐπιστεύσατε
3007 5780 3056 5817 υ.
3154 5764 3196 5796 ⁸¹
3228 5763 3469 5818 καλεῖται
3496 5778 3547 5817 ο.
