4272 6448
243 405 342 469 761

1021 408 1437 472 EXPOSITIO
1483 411 1563 473 IN
1597 413 1840 474 EPIST.
1882 412 1908 472 Ι
1944 414 2042 474 AD
2085 413 2253 473 COli.
2295 439 2362 447 —
2392 415 2551 478 CAP.
2595 417 2712 476 XV.

3400 421 3506 486 τ’ύὲ

244 520 325 578 εἰς
348 515 554 586 ταύτην
576 515 743 586 μόνην
772 518 1179 588 περιιστάμεθα
1202 520 1252 570 οι
1287 521 1343 573 ὲν
1366 520 1591 592 Χριστῷ
1606 522 1648 552 ⁵⁷
1677 522 1835 591 ὴλπι-
1869 521 1914 580 Α

1869 521 1914 580 Α
1942 529 2149 576 tantum
2182 531 2498 584 extendunt,
2535 523 2775 592 atquein
2805 522 2942 580 hanc
2965 525 3136 581 solum
3163 526 3529 590 incumbimus

242 612 422 675 κότες,
455 611 755 673 τουτέστιν,
777 611 823 662 oi
855 610 952 674 τὰς
983 610 1207 673 ἐλπίδας
1231 613 1308 676 εἰς
1339 613 1573 684 Χριστὸν
1596 615 1832 684 ἔχοντες,

241 705 341 756 καὶ
395 705 494 756 οὑκ
538 703 685 756 ἐστιν
716 703 833 755 ἐκεῖ
865 702 999 773 άλλη
1050 704 1194 773 ζωή·
1249 704 1577 776 ἀθλιώτεροι
1612 704 1834 759 πάντων

243 801 432 868 ἐσμὲν,
497 797 572 860 ὡς
633 798 842 868 μήποτε
889 797 1000 850 τῶν
1047 799 1334 868 παρόντων
1389 799 1834 865 ἀπολαύσαντες,

243 890 382 944 καθὸ
414 890 506 944 καὶ
543 891 802 958 ἀνωτέρω
847 892 1062 962 εἴρηται
1096 932 1110 957 ,
1168 892 1261 945 καὶ
1308 892 1376 944 τά
1427 890 1691 962 μέλλοντα
1739 892 1837 962 οὐχ

247 985 488 1050 ἕξοντες,
518 982 654 1036 διότι
681 982 801 1036 οὐδὲ
834 983 1284 1054 ἀναστησόμεθα,
1315 983 1391 1048 ὡς
1419 983 1640 1053 λέγουσι
1670 1000 1834 1047 τινες.

259 1077 400 1129 Ἀλλ’
431 1077 561 1138 ἴσως
593 1077 736 1128 εῐποι
772 1093 877 1140 τις,
909 1077 992 1129 ὅτι
1026 1079 1058 1146 ἠ
1085 1076 1234 1148 ψυχὴ
1270 1077 1406 1148 μόνη
1439 1076 1832 1132 ἀπολαύσεται.

247 1169 359 1222 Καὶ
391 1168 442 1221 τί
482 1167 680 1233 τοῦτο;
717 1169 792 1220 Ού
825 1168 933 1239 γάρ
973 1169 1107 1240 μόνη
1151 1170 1290 1241 αὕτη
1338 1171 1656 1236 ἐκοπίασεν,
1701 1171 1837 1224 ἀλλά

247 1266 343 1315 καὶ
372 1265 432 1312 τὸ
466 1261 644 1330 σῶμα.
684 1260 795 1313 Ποῦ
844 1258 936 1314 οὖν
964 1263 1025 1314 τὸ
1063 1262 1296 1327 δίκαιον,
1329 1263 1423 1316 τοῦ
1476 1263 1568 1316 τὸν
1618 1263 1836 1315 πλείονα

245 1371 496 1422 καματον
516 1354 853 1414 ὑποστάντος
877 1352 1131 1423 σώματος
1149 1356 1229 1418 εἰς
1249 1356 1310 1408 τὸ
1335 1355 1410 1425 μὴ
1429 1355 1487 1407 ὃν
1508 1352 1832 1424 χωροῦντος,

245 1449 344 1499 καὶ
401 1447 636 1515 μηδενὸς
669 1445 878 1514 ἀγαθοῦ
911 1447 1350 1512 ἀπολαύσαντος,
1388 1447 1487 1518 τὴν
1533 1447 1713 1518 ψυχὴν
1743 1447 1838 1518 μό-

247 1558 348 1609 νην
381 1538 796 1609 στεφανωθῆναι
823 1556 836 1604 ;

330 1736 347 1769 ι
392 1719 530 1770 Νυνὶ
561 1719 615 1770 δὲ
645 1719 883 1789 Χριστὸς
916 1719 1218 1788 ἐγήγερται
1248 1723 1311 1772 ἐκ
1343 1720 1578 1790 νεκρῶν,
1611 1720 1835 1790 ἀπαρχὴ

247 1811 361 1860 τῶν
421 1809 846 1877 κεκοιμημένων
904 1809 1142 1876 ἐγένετο.
1195 1828 1210 1859 ι
1275 1810 1464 1873 Δείξας
1517 1811 1617 1862 ὅσα
1660 1810 1836 1863 ἄτοπα

1942 627 2039 666 ιιοε
2069 614 2157 681 qui
2195 613 2246 666 in
2281 613 2558 667 Christum
2593 629 2900 683 speramus,
2954 615 3058 670 hoc
3092 627 3201 683 est,
3238 620 3332 688 qui
3383 637 3532 689 spem

1939 702 1993 756 in
2034 702 2306 757 Christum
2341 703 2625 768 habemus,
2665 719 2763 760 nec
2793 715 2878 760 est
2908 706 3016 760 illic
3052 706 3157 760 alia
3192 713 3324 774 vita,
3377 713 3534 764 inise-

1942 797 2115 851 riores
2147 813 2333 850 sumus
2362 799 2576 852 cunctis
2610 799 2953 863 mortalibus,
2995 801 3197 870 quippe
3229 802 3318 870 qui
3354 817 3532 870 neque

1940 889 2299 958 praesentibus
2336 890 2588 952 fruimur,
2641 899 2700 944 ut
2728 904 2888 958 supra
2927 893 3130 946 dictum
3167 902 3272 957 est,
3314 908 3412 948 nec
3446 894 3531 946 fu-

1946 989 2064 1034 tura
2100 982 2236 1035 bona
2265 997 2460 1048 sumus
2482 983 2646 1053 220
2673 985 3040 1043 consecuturi.
3076 996 3362 1054 propterea
3391 987 3530 1054 quod

1938 1086 2113 1140 neque
2146 1088 2507 1142 resurgemus,
2555 1086 2612 1128 ut
2647 1075 2877 1142 quidam
2909 1075 3120 1130 dicunt.
3161 1077 3265 1131 Sed
3303 1077 3532 1133 fortasse

1940 1165 2136 1220 diXerit
2176 1167 2468 1235 quispiam,
2527 1169 2669 1236 quod
2725 1170 2905 1223 anima
2942 1169 3054 1224 sola
3099 1169 3313 1224 fruetur
3348 1171 3528 1225 bonis.

1944 1258 2011 1310 At
2042 1257 2169 1324 quid
2209 1258 2310 1311 hoc
2361 1259 2450 1312 liet
2487 1258 2509 1310 ‘3
2553 1257 2668 1312 Non
2720 1262 2865 1313 enim
2932 1260 3033 1314 ista
3079 1262 3204 1314 sola‘
3246 1262 3526 1326 laboravit,

1940 1348 2037 1402 sed
2073 1363 2269 1417 corpus
2300 1349 2484 1402 etiam.
2543 1348 2771 1403 Ubinam
2806 1351 2967 1418 igitur
2993 1352 3196 1419 justum
3233 1363 3433 1418 manet,
3471 1356 3514 1406 si

1943 1455 2138 1508 corpus
2165 1442 2305 1509 quod
2338 1443 2626 1507 plurimum
2661 1442 2862 1495 laboris
2896 1445 3174 1508 sustinuit,
3214 1446 3265 1498 in
3302 1447 3528 1499 nihilum

1941 1534 2242 1604 redigatur,
2277 1548 2340 1586 ac
2387 1533 2534 1587 nullo
2579 1533 2719 1586 bono
2749 1532 3083 1602 perfruatur,
3114 1547 3168 1587 et
3207 1535 3319 1588 sola
3350 1537 3527 1590 anima

1944 1638 2237 1683 coronetur
2258 1670 2267 1680 .

2019 1722 2179 1776 Vens.
2220 1721 2311 1776 ΞΟ.
2356 1739 2374 1773 ι
2419 1722 2570 1775 Nunc
2605 1733 2786 1775 autem
2822 1722 3074 1776 Christus
3111 1738 3140 1775 a
3179 1723 3411 1776 mortuis
3446 1739 3528 1776 reo

1941 1815 2206 1878 surrexit,
2233 1815 2484 1883 primitiae
2528 1813 2916 1867 dormientium
2951 1813 3128 1867 factus
3155 1826 3258 1868 est.
3297 1835 3313 1865 ι
3375 1815 3525 1869 Ροει-

250 1908 318 1954 ἐκ
357 1901 451 1954 τοῦ
491 1902 565 1971 μὴ
605 1901 966 1954 πιστεύεσθαι
1001 1902 1101 1971 τὴν
1149 1903 1450 1956 ἀνάστασιν
1496 1902 1741 1955 τίκτεται
1765 1902 1831 1964 ⁵³,
1868 1896 1907 1951 Β

1868 1896 1907 1951 Β
1938 1924 2100 1975 quam
2137 1905 2534 1960 demonstravit
2566 1917 2696 1975 quot
2729 1907 2962 1959 absurda
3002 1919 3298 1959 nascantur
3328 1924 3388 1960 ex
3439 1923 3521 1962 co.

251 1995 636 2064 ἀναλαμόάνει
669 1995 761 2048 τὸν
816 1993 995 2060 λόγον,
1032 1996 1124 2047 καί
1174 2012 1307 2064 φησι
1339 1995 1584 2048 τοιοῦτόν
1636 2013 1712 2059 τι,
1753 1998 1835 2048 ὅτι

251 2092 440 2144 Ἰἀῦτα
486 2091 586 2161 μὲν
624 2091 942 2160 συμϐαίνει,
979 2092 1137 2160 εἴπερ
1177 2094 1220 2124 ⁸⁸
1251 2094 1351 2145 οὐκ
1375 2093 1492 2146 ἔστι
1515 2093 1666 2163 κοινὴ
1702 2093 1830 2150 ἀνάο

252 2202 461 2248 στασις,
480 2185 553 2246 ῶς
580 2185 714 2254 μηδέ
746 2186 840 2236 τοῦ
885 2184 1118 2253 Χριστοῦ
1137 2184 1476 2253 ἐγερθέντος.
1514 2204 1530 2236 ι
1558 2186 1693 2238 Νυνὶ
1727 2186 1780 2238 δὲ
1808 2186 1835 2234 ἦ.

251 2277 487 2345 Χριστὸς
514 2279 810 2346 ἐγήγερται
830 2294 842 2306 ο
874 2295 890 2325 ι
923 2275 1028 2344 άρα
1048 2277 1141 2328 καὶ
1170 2276 1322 2345 κοινὴ
1337 2277 1632 2340 ἀνάστασις
1662 2277 1835 2337 ἔσται,

255 2376 352 2423 καὶ
385 2372 451 2422 τά
492 2372 670 2423 άτοπα
691 2368 868 2422 ταῦτα
902 2370 962 2420 ού
997 2369 1360 2438 συμϐήσεται.
1396 2369 1646 2438 Συνεχῶς
1680 2369 1736 2422 δὲ
1759 2369 1836 2432 τὸ,

260 2483 278 2511 ι
343 2462 437 2513 Ἐκ
471 2461 707 2530 νεκρῶν,
747 2483 763 2510 ι
805 2460 1185 2530 προστίθησιν,
1217 2462 1594 2530 ἀπορὁπτων
1625 2461 1692 2512 τά
1729 2461 1838 2514 τῶν

255 2555 583 2622 Μανιχαίων
617 2554 880 2622 στόματα.
915 2553 974 2607 Εἰ
1008 2553 1234 2623 ἀπαρχὴ
1263 2553 1370 2604 τῶν
1396 2554 1836 2621 κεκοιμημένων,

253 2649 350 2699 καὶ
378 2647 600 2710 τούτους
630 2648 847 2708 πάντως
893 2647 1198 2701 ἀναστῆναι
1223 2645 1323 2699 δεῖ.
1365 2644 1428 2697 Ἦ
1459 2645 1567 2713 γὰρ
1590 2645 1836 2716 ἀπαρχὴ,

256 2746 348 2792 καὶ
375 2744 500 2802 τοὺς
533 2739 1035 2802 ἐπακολουθοῦντας
1061 2740 1174 2809 ἕχει
1198 2756 1211 2770 °
1241 2734 1352 2792 οἷον
1373 2740 1501 2792 ὅταν
1532 2741 1595 2790 ἐκ
1623 2738 1839 2791 πολλῶν

255 2834 464 2902 ποιήσῃ
504 2829 582 2895 εἷς
642 2833 858 2902 πρῶτος
895 2833 1228 2902 ἀρξάμενος,
1263 2831 1290 2884 ὃ
1340 2831 1597 2900 μέλλουσι
1655 2831 1749 2884 καὶ
1790 2833 1839 2884 οἱ

255 2928 436 2978 λοιποὶ
463 2929 637 2978 ποιεῖν
673 2926 891 2994 ἐσεξῆς.

333 3129 350 3160 ι
414 3110 637 3177 Ἐπειδὴ
673 3110 782 3179 γὰρ
815 3109 882 3162 δι’
914 3108 1210 3178 ἀνθρώπου
1255 3111 1282 3161 ὁ
1339 3109 1593 3173 θάνατος,
1649 3112 1742 3163 καὶ
1776 3099 1841 3163 δι’

1941 1999 2082 2065 quod
2137 1999 2258 2066 quis
2300 2013 2405 2050 non
2443 2000 2630 2051 credat
2688 1998 3165 2056 resurrectionem,
3221 2012 3526 2051 sermonem

1940 2089 2156 2156 repetit,
2194 2088 2502 2154 hujusmodi
2559 2089 2815 2157 quiddam
2851 2088 3036 2142 dicens
3070 2105 3085 2141 :
3131 2088 3252 2143 Ilaec
3287 2105 3531 2159 sequun—

1943 2192 2048 2243 tur,
2092 2182 2135 2234 si
2175 2189 2389 2234 nonest
2435 2181 2740 2234 communis
2771 2183 3123 2244 resurrectio,
3156 2196 3346 2249 nempe
3383 2184 3531 2251 quod

1940 2271 2189 2327 Christus
2220 2289 2325 2326 non
2359 2273 2428 2327 sit
2465 2273 2754 2327 excitatus.
2783 2273 2949 2340 Atqui
2976 2272 3230 2327 Christus
3262 2275 3530 2328 excitatus

1944 2375 2023 2419 cst
2058 2383 2070 2418 :
2109 2366 2436 2419 resurrectio
2489 2366 2652 2433 igitur
2710 2367 3014 2419 communis
3050 2367 3174 2429 erit,
3220 2375 3384 2434 atque
3415 2369 3530 2421 haec

1941 2459 2173 2512 absurda
2208 2473 2313 2512 non
2347 2459 2618 2511 evenient.
2672 2457 2940 2510 Continuo
3001 2466 3206 2519 autem,
3250 2476 3267 2507 ι
3315 2460 3356 2510 Α
3386 2473 3530 2512 mor-

1943 2551 2071 2617 tuis,
2111 2569 2128 2600 ι
2166 2549 2410 2618 apponit,
2443 2547 2862 2601 Manichzeorum
2897 2564 2989 2601 ora
3024 2549 3334 2603 obstructis.
3375 2550 3528 2614 Quod

1941 2647 1986 2700 si
2050 2661 2235 2700 eorum
2285 2645 2372 2712 qui
2427 2644 2774 2710 dormierunt:
2831 2645 3085 2713 primitiae
3118 2653 3240 2706 est,
3278 2657 3331 2697 et
3385 2645 3530 2712 ipsos

1942 2738 2164 2792 omnino
2200 2750 2486 2806 resurgere
2530 2746 2766 2804 oportet.
2827 2735 3089 2788 Primitiae
3136 2737 3279 2790 enim
3332 2736 3398 2789 ad
3440 2751 3527 2789 se-

1941 2840 2169 2901 quentes
2217 2839 2523 2898 respectum
2576 2828 2800 2891 habent.
2854 2830 3017 2880 veluti
3061 2828 3105 2881 si
3137 2830 3355 2896 quando
3393 2845 3530 2883 unus

1945 2940 1975 2978 e
2003 2923 2186 2977 multis
2218 2922 2427 2990 primus
2475 2921 2699 2990 incipiat
2738 2921 2936 2986 facere,
2973 2921 3113 2991 quod
3142 2921 3232 2974 alii
3272 2921 3528 2989 deinceps

1944 3017 2049 3071 sint
2078 3015 2296 3069 facturi.

2017 3107 2184 3162 Vens.
2216 3107 2308 3170 21,
2340 3105 2431 3160 2'2.
2470 3125 2486 3158 ι
2525 3106 2792 3171 Quoniam
2845 3107 3064 3173 quidem
3111 3120 3204 3172 per
3251 3107 3526 3162 hominem

255 3203 548 3272 ἀνθρώπου
596 3201 893 3262 ἀνάστασις
932 3201 1163 3270 νεκρῶν.
1230 3201 1441 3270 ’Ὥσπερ
1498 3202 1606 3272 γὰρ
1664 3204 1723 3255 ἐν
1761 3203 1836 3271 τῷ
1866 3232 1909 3291 C

1833 3225 1909 3291 nc
1949 3216 2113 3265 mors,
2176 3210 2229 3254 et
2285 3215 2381 3268 per
2431 3199 2703 3253 hominem
2765 3201 3093 3254 resurreCtio
3161 3211 3520 3256 mortuorum.

270 3297 442 3364 Ἀδὰμ
476 3297 675 3356 πάντες
705 3294 1162 3362 ἀποθνήσκουσιν,
1190 3294 1364 3357 οὕτως
1395 3296 1453 3346 ἐν
1494 3295 1570 3364 τῷ
1618 3295 1838 3364 Χριστῷ

256 3388 460 3448 πάντες
512 3386 1042 3453 ζωοποιηθήσονται.
1084 3406 1102 3437 ι
1148 3386 1340 3439 Λὶτίαν
1397 3387 1728 3456 προστίθησι
1778 3388 1846 3439 Et’

251 3477 320 3549 ἧς
352 3477 637 3530 πιστοῦται
673 3479 737 3529 τα
769 3478 1052 3547 εἰρημένα.
1090 3479 1239 3532 Ἔδει
1283 3479 1413 3547 γὰρ,
1448 3481 1634 3547 φησιν,
1669 3479 1837 3550 αὐτὴν

258 3574 483 3641 νικῆσαι
533 3575 633 3638 τὴν
668 3573 999 3641 ἡττηθεῖσαν
1035 3571 1220 3640 φύσιν,
1269 3575 1363 3627 καὶ
1416 3573 1507 3626 τὸν
1563 3574 1837 3642 καταϐλη-

257 3670 440 3725 (ιέντα,
497 3665 659 3716 αὑτὸν
715 3666 1022 3734 ἐκνικῆσαι.
1077 3667 1187 3718 Καὶ
1233 3666 1340 3735 γάρ
1389 3667 1446 3718 ἐν
1503 3667 1582 3735 τῷ
1647 3667 1836 3736 Ἀδὰμ,

254 3759 632 3819 τουτέστι,δή
670 3759 730 3808 τὸ
773 3758 868 3809 τοῦ
933 3758 1106 3826 Ἀδὰμ
1172 3760 1445 3828 πταῖσμα,
1505 3761 1706 3821 πάντες
1763 3760 1840 3828 τῷ

258 3851 480 3918 θανάτῳ
533 3851 828 3902 ὑπέπεσον.
883 3849 1073 3911 Οὕτως
1119 3845 1212 3902 οῦν
1258 3853 1315 3903 ὲν
1365 3852 1586 3921 Χριστῷ
1639 3853 1840 3914 πάντες

257 3945 665 4011 ἀναστήσονται
693 3959 705 3970 ·
736 3942 1007 4003 τουτέστι,
1035 3942 1122 3994 διὰ
1157 3947 1215 3994 τὸ
1252 3944 1541 4011 εὑρεθῆναι
1584 3944 1675 3996 τὴν
1702 3947 1836 4015 Χρι-

261 4033 384 4085 στὸν
436 4033 825 4101 ἀναμάρτητον
873 4034 968 4085 καὶ
1015 4034 1267 4100 ἀνένοχον
1315 4034 1392 4102 τῷ
1449 4035 1687 4103 θανάτῳ,
1745 4037 1839 4087 καὶ

259 4126 455 4178 ἑκόντα
515 4125 612 4192 μὲν
660 4125 973 4188 ἀποθανεῖν,
1023 4126 1322 4193 ἀναστῆναι
1365 4127 1441 4189 δὲ,
1481 4126 1613 4179 καθιδ
1653 4129 1694 4157 ⁶⁰
1739 4129 1838 4180 οὐκ

255 4214 326 4286 ἦν
359 4218 588 4269 δυνατὸν
621 4219 785 4269 αὑτὸν
829 4218 1153 4286 κρατεῖσθαι
1207 4219 1310 4270 ὑπὸ
1362 4220 1460 4287 τῆς
1499 4219 1701 4289 φθορᾶς
1751 4224 1840 4272 τὸν

258 4310 505 4378 ἀρχηγὸν
534 4308 634 4376 τῆς
663 4309 830 4376 ζωῆς.
868 4310 975 4361 Καὶ
1005 4309 1182 4363 ταῦτα
1223 4310 1280 4362 δὲ
1309 4311 1490 4363 πάντα
1522 4313 1664 4365 κατά
1724 4314 1840 4366 Μα-

260 4402 505 4470 νιχαῖων.

340 4515 356 4545 ι
421 4495 690 4552 Ἕκαστος
749 4494 804 4546 δὲ
857 4495 913 4545 ἐν
949 4494 1025 4562 τῷ
1079 4495 1192 4562 ἰδίῳ
1218 4496 1479 4565 τάγματι.
1527 4517 1543 4547 ι
1582 4499 1695 4551 Ἱνα
1762 4500 1835 4566 μὴ

261 4587 523 4648 ἀκούσας,
547 4589 626 4637 οτι
649 4605 666 4636 ι
692 4588 892 4649 Πάντες
909 4588 1426 4658 ζωοποιηθήσονται,
1455 4609 1471 4640 ο
1501 4592 1724 4660 νομίσῃς
1748 4594 1839 4644 καὶ

263 4679 387 4738 τοὺς
447 4678 805 4746 ἁμαρτωλοὺς
866 4679 1169 4742 σιῖζεσοαι,
1212 4681 1511 4750 ἐπήγαγεν,
1551 4683 1714 4734 ’Όσον
1747 4683 1844 4750 μὲν

263 4771 404 4822 κατά
440 4771 499 4822 τὸ
532 4772 866 4838 ἀναστῆναι,
920 4789 936 4819 ι
995 4771 1194 4832 πάντες
1247 4773 1781 4844 ζωοποιηθήσονταιο
1822 4795 1838 4826 ι

262 4861 403 4928 πλὴν
447 4881 464 4912 ι
507 4863 736 4923 ἕκαστος
779 4881 793 4912 ι
827 4863 978 4914 ἔσται
1009 4881 1027 4914 ι
1063 4866 1120 4914 ἐν
1151 4862 1226 4933 τῷ
1254 4865 1367 4934 ἰδίῳ
1398 4868 1639 4936 τάγματι
1705 4887 1719 4918 ι
1753 4869 1844 4920 καὶ

261 4954 322 5004 ἐν
355 4949 437 5014 οἷς
465 4954 612 5005 ἐστιν
645 4954 816 5017 ἄξιος.

344 5062 360 5092 ι
432 5044 678 5112 Ἀπαρχὴ
723 5046 979 5113 Χριστὸς,
1038 5046 1229 5098 ἔπειτα
1277 5048 1323 5099 οἱ
1380 5048 1474 5099 τοῦ
1520 5051 1754 5119 Χριστοῦ
1789 5054 1845 5102 ἐν

268 5137 332 5202 τῇ
381 5136 650 5203 παρουσία
678 5137 842 5189 αὑτοῦ
865 5155 876 5168 ·
910 5135 1048 5201 εἶτα,
1079 5141 1140 5190 τὸ
1178 5140 1347 5200 τέλος.
1385 5159 1402 5189 ι
1459 5141 1705 5212 Ἀπαρχὴ
1744 5143 1837 5194 καὶ

267 5227 384 5287 ὁδὸς
435 5226 534 5294 τῆς
585 5230 936 5291 ἀναστάσεως
985 5231 1200 5297 ἐγένετο
1226 5232 1253 5280 ὀ
1286 5231 1515 5301 Χριστός
1545 5249 1556 5260 °
1595 5236 1711 5301 μετ’
1747 5236 1841 5286 αὖ·

271 5318 361 5368 τὸν
391 5314 503 5379 οὖν,
533 5321 581 5370 οξ
619 5321 802 5383 αὑτοῦ,
840 5322 1137 5387 τουτέστιν,
1173 5326 1220 5374 οἱ
1264 5325 1441 5376 πιστοὶ
1474 5327 1566 5377 καὶ
1610 5329 1657 5378 οἱ
1694 5329 1842 5379 εὐδυ-

271 5412 570 5478 κιμῃκὸτες
614 5413 669 5464 ἐν
707 5413 854 5480 αὐτῷ
885 5416 1281 5482 ἀναστήσονται
1327 5417 1551 5484 πρῶτοι,
1595 5418 1652 5482 ἐξ
1684 5422 1842 5487 ούρα-

269 5501 375 5552 τῶν
405 5502 612 5552 ἐκείνου
634 5503 949 5571 ἐρχομένου.
984 5504 1152 5557 Τοῦτο
1183 5506 1288 5576 γάρ
1319 5510 1432 5559 ἐστι
1461 5510 1539 5570 τὸ,
1577 5530 1592 5560 ι
1646 5509 1731 5560 Ἐν
1778 5513 1840 5579 τῇ

266 5595 542 5662 παρουσία
569 5595 733 5646 αὑτοῦ
763 5616 802 5646 ·»
827 5596 905 5648 δεῖ
945 5600 1051 5649 via
1084 5598 1227 5667 ἔχειν
1269 5602 1558 5669 προνόμιον
1588 5621 1638 5653 τι
1671 5605 1764 5654 καὶ
1788 5605 1842 5652 ἐν

1943 3294 2406 3359 Quemadmodum
2450 3295 2593 3347 enim
2644 3294 2694 3347 in
2726 3295 2893 3344 Adam
2955 3309 3144 3348 omnes
3200 3295 3526 3361 moriuntur,

1943 3389 2020 3441 sic
2069 3395 2121 3440 et
2170 3386 2223 3439 in
2276 3385 2494 3439 Christo
2525 3401 2715 3438 omnes
2756 3385 3194 3440 viviﬁcabuntur.
3235 3405 3254 3437 ι
3287 3388 3522 3441 Causam

1949 3480 2124 3534 reddit
2155 3493 2250 3546 per
2272 3493 2429 3544 quam
2460 3477 2748 3530 conﬁrmat
2780 3493 2899 3544 quae
2929 3490 3352 3532 commemorata
3377 3490 3524 3534 sunt.

1943 3570 2196 3639 Oportuit
2241 3572 2384 3623 enim
2426 3570 2596 3637 ipsam
2643 3569 2842 3623 victam
2901 3580 3148 3623 naturam
3190 3570 3430 3634 vincere,
3475 3581 3529 3626 ιι

1944 3680 2066 3718 eum
2093 3664 2184 3731 qui
2214 3663 2453 3732 deiectus
2478 3673 2617 3726 erat,
2649 3662 2922 3716 evincere.
2953 3661 3087 3715 Nam
3121 3663 3175 3716 in
3199 3664 3391 3725 Adam,
3428 3665 3526 3718 hoc

1943 3765 2025 3809 cst
2091 3770 2184 3822 per
2236 3755 2439 3822 lapsum
2496 3754 2707 3815 Adami,
2770 3767 2960 3806 omnes
2996 3753 3157 3806 morti
3217 3753 3346 3808 facti
3401 3767 3529 3808 sunt

1945 3849 2184 3902 obnoxii.
2241 3848 2332 3900 Sie
2395 3847 2559 3912 igitur
2599 3846 2652 3899 in
2707 3845 2927 3898 Christo
2974 3861 3163 3900 onmcs
3221 3857 3524 3915 resurgcnt,

1945 3941 2043 3994 boe
2075 3951 2175 4002 est,
2222 3940 2346 4008 quia
2389 3937 2642 3992 Christus
2679 3938 2928 3990 inventus
2967 3946 3050 3990 est
3104 3939 3221 3992 sine
3275 3950 3524 4006 peccato,

1945 4050 2043 4088 nec
2081 4035 2267 4086 mortis
2307 4047 2450 4093 reus,
2475 4045 2528 4085 et
2557 4042 2838 4100 propterea
2884 4032 3026 4098 quod
3062 4031 3366 4085 voluntario
3399 4034 3524 4102 qui-

1940 4129 2059 4181 dem
2082 4138 2309 4179 inertem
2331 4125 2575 4189 subierit,
2613 4125 2980 4178 resurrexerit
3014 4135 3216 4189 autem,
3247 4138 3518 4195 quatenus

1948 4216 2280 4286 impossibile
2326 4225 2445 4270 erat
2477 4217 2648 4282 ipsum
2688 4215 2857 4267 teneri
2907 4229 2933 4265 ιι
2967 4217 3334 4284 corruptione,
3362 4217 3524 4283 prin-

1945 4312 2122 4380 cipem
2168 4309 2421 4362 nimirum
2466 4307 2610 4362 vitat.
2662 4306 2787 4361 Hazc
2826 4316 3006 4360 autem
3049 4309 3230 4362 omnia
3263 4313 3524 4366 adversus

1946 4403 2290 4456 Manieliazos.

2024 4495 2186 4549 \‘Ens.
2219 4495 2308 4548 9.3.
2359 4513 2376 4545 ι
2431 4493 2815 4561 Unusquisque
2867 4507 3043 4550 autem
3083 4499 3132 4550 in
3179 4500 3398 4566 proprio
3433 4513 3522 4549 nr-

1948 4589 2091 4642 diue.
2134 4607 2152 4638 »
2201 4586 2276 4640 Nc
2306 4587 2532 4640 audiens
2565 4597 2788 4639 cunctm
2830 4590 3204 4649 viviticandos,
3239 4589 3523 4643 arbitreris

1942 4683 2100 4736 etiam
2133 4690 2448 4749 petcalores
2483 4681 2662 4734 salvos
2707 4682 2938 4748 futuros,
2978 4683 3135 4736 subiti
3168 4682 3264 4735 ulit
3296 4701 3308 4736 :
3337 4682 3523 4747 Quasi-

1945 4786 2055 4828 tum
2093 4775 2158 4827 ad
2191 4774 2589 4845 resurrectione
2613 4792 2641 4826 n
2671 4776 2883 4839 attinet,
2915 4793 2933 4825 ι
2957 4789 3143 4828 omnes
3173 4774 3524 4827 viviﬁcabun-

1949 4879 2057 4929 tur,
2102 4853 2120 4917 ἱ
2153 4876 2524 4920 verumtamen
2559 4883 2577 4916 ι
2608 4867 2975 4935 unusquisque
3017 4867 3068 4920 in
3123 4881 3220 4919 suo
3253 4866 3459 4923 ordine.
3503 4886 3518 4916 ι

1947 4975 1998 5015 et
2028 4962 2163 5013 inter
2199 4976 2335 5028 quos
2361 4974 2479 5012 esse
2504 4960 2822 5013 merebitur.

2023 5074 2037 5104 ι
2085 5053 2341 5106 Primitiae
2386 5050 2667 5114 Christus,
2710 5052 2903 5106 deinde
2935 5053 2966 5106 ii
3010 5054 3099 5120 qni
3133 5053 3336 5106 Christi
3376 5062 3522 5114 sunt,

1949 5146 1999 5197 in
2035 5145 2269 5197 adventu
2315 5145 2431 5210 ejus
2463 5162 2475 5196 :
2511 5154 2696 5213 pnstea
2732 5146 2868 5197 linis.
2911 5164 2927 5194 ι
2969 5142 3250 5207 Primitiae,
3284 5145 3525 5210 adeoque

1944 5237 2025 5287 \ia
2061 5235 2496 5293 resurrectionis.
2543 5235 2793 5289 Christus
2845 5245 2927 5288 est
2963 5257 2973 5290 :
3011 5247 3126 5304 post
3161 5237 3334 5303 ipsum
3365 5235 3524 5304 igitur

1945 5330 2035 5396 qui
2069 5329 2132 5380 ad
2157 5343 2275 5380 cum
2303 5328 2596 5395 pertinent,
2629 5328 2727 5380 hoc
2759 5338 2864 5392 est,
2907 5329 3113 5390 ﬁdeles,
3149 5340 3201 5381 et
3234 5328 3438 5396 probati
3470 5329 3521 5381 in

1946 5421 2081 5486 ipso,
2131 5417 2286 5486 primi
2337 5427 2636 5486 resurgent,
2683 5417 2774 5471 illo
2807 5435 2868 5472 ex
2902 5418 3053 5472 etelis
3090 5420 3361 5472 veniente.
3413 5419 3523 5472 ΙΙοε

1941 5511 2082 5563 enim
2111 5520 2193 5563 est
2223 5510 2364 5578 quod
2403 5512 2513 5563 ait:
2555 5529 2572 5561 t
2601 5511 2654 5562 In
2687 5510 2920 5562 adventu
2959 5510 3148 5577 ipsius.
3189 5529 3206 5559 ι
3249 5509 3342 5562 Est
3377 5509 3520 5562 enim

1945 5620 2062 5672 par.
2097 5614 2152 5657 ut
2196 5605 2324 5674 justi
2357 5606 2634 5674 privilegio
2657 5605 2908 5673 quopiam
2956 5606 3218 5674 gaudeant
3251 5606 3298 5656 in
3339 5619 3516 5656 resur-

1613 5758 1808 5820 Yariw
1834 5759 2160 5820 lectiones.

330 5875 380 5909 ν
414 5875 494 5937 ei;
542 5876 770 5946 Χριστὸν
823 5896 889 5931 m.
972 5878 1014 5909 -"
1045 5879 1246 5946 vium:
1294 5895 1363 5933 tn.
1444 5883 1484 5911 ’-‘
1535 5882 1625 5932 ἐὰν
1669 5899 1718 5935 o.

1798 5884 1840 5915 ω
1887 5881 2070 5936 καθνξτι
2119 5900 2169 5936 ιι.
