4272 6448
753 412 856 474 767

1675 412 2250 473 THEOPHYLACTI
2289 414 2698 475 BULGARLE
2739 417 3094 476 ARCHlEP.

3879 418 3992 480 768

751 539 973 595 pravam
1005 525 1158 576 istam
1199 521 1583 591 suSpicioncni,
1618 536 1722 589 qua
1752 523 2017 591 suspicari
2042 523 2295 593 quisquar

2362 530 2400 584 Α
2433 525 2702 589 ὑπόνοιαν,
2740 527 2805 594 ἣν
2836 525 3134 592 ὑπενόησεν
3165 524 3229 576 ἀν
3254 541 3355 587 τις,
3387 524 3468 576 ὅτι
3495 526 3521 577 ό
3552 525 3675 589 Υίὸς
3705 527 3830 588 ῐσως
3858 528 4019 597 ισχυ-

749 627 984 686 poterat,
1011 613 1205 667 Filium
1236 614 1465 667 fortasse
1491 612 1650 667 Patre
1674 628 1796 668 esse
1825 614 2127 675 fortiorem,
2157 625 2212 667 ut
2235 615 2325 683 qui

751 721 897 761 tanta
935 705 1234 774 transigere
1283 704 1470 773 possit.
1502 706 1661 774 Atqui
1695 705 1986 773 Gregorius
2014 704 2324 776 Tlieologus

751 801 968 862 asserit,
1019 800 1160 868 quod
1209 797 1374 851 Filius
1419 797 1598 851 omnia
1636 805 1820 851 nostra
1866 798 1966 851 sibi
1999 799 2213 867 propria
2248 797 2322 852 l'a-

745 893 912 953 ciens,
946 899 1185 942 nostrain
1225 887 1388 940 etiam
1419 887 1579 957 323
1616 887 2008 956 subjectionem
2050 887 2321 956 propriam

749 995 978 1050 lt‘pulel.
1032 981 1181 1033 Nunc
1233 995 1363 1032 vero
1414 981 1731 1034 seditionem
1793 980 2002 1034 ciemus
2063 980 2322 1033 adversus

747 1074 912 1127 Dctttll
945 1094 956 1126 :
989 1072 1232 1125 infideles
1261 1073 1476 1140 quidem
1501 1087 1618 1124 cum
1647 1086 1768 1123 eum
1799 1073 2104 1138 abnegant;
2136 1070 2320 1125 ﬁdeles

741 1180 892 1224 τοι-ο,
917 1164 1039 1216 dmn
1070 1162 1354 1217 allectibus
1378 1164 1489 1216 suis
1516 1163 1822 1217 inserviunt
1856 1163 2027 1223 multi,
2058 1171 2111 1215 et
2132 1176 2316 1216 secun-

742 1261 867 1308 dum
920 1257 1022 1310 hoc
1071 1257 1294 1309 rebelles
1347 1270 1551 1308 sumus.
1597 1255 1729 1309 Cum
1783 1271 1910 1308 vero
1957 1255 2045 1309 alii
2097 1256 2312 1324 quidem

743 1347 1059 1413 agnoverint
1095 1361 1252 1413 quem
1296 1361 1436 1398 nunc
1473 1355 1662 1414 negant
1694 1386 1708 1409 ,
1748 1346 1836 1398 alii
1875 1361 1999 1399 vero
2046 1355 2314 1399 transmu-

744 1437 838 1486 tati
874 1436 1134 1488 fuerimus
1169 1435 1234 1486 ab
1267 1427 1423 1500 hujus
1450 1436 1570 1489 vita:
1601 1435 1909 1500 affectibus;
1946 1445 2055 1489 tum
2086 1453 2212 1491 vere
2242 1437 2316 1490 di-

741 1529 882 1580 citur
913 1529 1076 1580 Filius
1102 1528 1318 1596 subjici.
1346 1529 1702 1582 Humanitatis
1718 1530 1860 1582 enim
1884 1545 2165 1597 personam
2191 1531 2310 1584 sub-

745 1624 878 1678 iens,
911 1634 1005 1669 sua
1039 1619 1168 1670 furit
1193 1635 1309 1684 quae
1334 1627 1518 1670 nostra
1545 1629 1689 1670 sunt.

815 1733 831 1762 ι
889 1713 957 1767 Ut
989 1714 1059 1765 sit
1107 1714 1243 1766 Dcus
1273 1711 1454 1764 omnia
1509 1712 1559 1763 in
1596 1710 1864 1764 omnibus.
1907 1729 1922 1761 ι
1957 1709 2068 1765 Hoc
2099 1721 2209 1776 est,
2252 1721 2310 1765 ut

2433 615 2653 684 ρότερός
2699 617 2816 666 ὲσττ
2861 616 2953 667 τοῦ
3002 617 3247 682 [ἰατρὸς.
3289 616 3382 667 an
3430 615 3665 668 τοσαῦτα
3703 620 4016 688 κατορθοῦν

2427 704 2744 772 δυνάμενος.
2794 705 2853 755 ὐ
2900 704 2957 756 δὲ
2998 703 3256 770 Θεολόγος
3293 705 3593 773 Γρηγόριός
3633 721 3817 774 φησιν,
3854 709 3936 758 ὅτι
3977 709 4014 757 6

2431 797 2558 857 Υίὸς
2592 798 2766 848 πάντα
2803 796 3169 864 οἰκειούμενος
3202 796 3267 848 τὰ
3298 796 3561 865 ἡμέτερα,
3597 798 3690 849 καὶ
3726 799 3823 864 τὴν
3860 800 4005 865 ἡμε-

2425 887 2590 956 τέραν
2621 885 2896 955 ὑποταγ-ἡν
2931 887 3139 938 οἰκείαν
3180 888 3419 954 ἡγεῖται.
3457 885 3569 937 Νῦν
3604 885 3702 954 μὲν
3735 881 3829 938 οὖν
3872 903 4009 938 στα-

2429 979 2686 1048 σιάζομεν
2716 980 2853 1048 πρὸς
2884 980 2977 1030 τὸν
3006 977 3164 1031 Θεόν·
3198 979 3247 1030 οι
3279 978 3374 1048 μὲν
3401 979 3642 1042 ἄπιστοι,
3674 978 4002 1049 ἀρνούμενοι

2426 1070 2586 1122 αὑτόν
2608 1085 2621 1098 ·
2651 1070 2698 1120 ol
2723 1069 2778 1122 δὲ
2817 1071 3020 1133 πιστοὶ,
3053 1071 3162 1131 τοῖς
3187 1069 3384 1122 πάθεσι
3414 1069 3601 1121 πολλοὶ
3629 1069 3998 1136 δουλεύοντες,

2424 1161 2516 1214 καὶ
2539 1160 2902 1213 ἀνυπότακτοι
2934 1160 3074 1214 κατὰ
3109 1160 3264 1213 τοῦτό
3297 1161 3486 1230 ἔσμεν.
3521 1161 3688 1213 Ὅταν
3714 1161 3771 1214 δὲ
3813 1163 3862 1213 οί
3898 1162 4002 1230 μὲν

2419 1251 2720 1319 ὲπιγνῶσιν
2762 1251 2822 1303 ὃν
2856 1249 2951 1303 νῦν
2985 1249 3311 1322 ἀρνοῦνται·
3356 1252 3403 1305 ot
3444 1251 3499 1304 δὲ
3541 1251 3999 1322 μεταποιηθῶμει

2420 1345 2526 1397 ἀπὸ
2556 1343 2664 1395 τῶν
2698 1342 2884 1396 παθῶν
2917 1345 2973 1394 ἐν
3009 1343 3085 1412 τῷ
3118 1342 3218 1412 βίῳ
3246 1343 3454 1412 τούτῳ.
3489 1343 3706 1404 πάντως
3751 1344 3869 1394 τότε
3903 1344 3994 1396 λέ-

2422 1453 2576 1503 γεται
2605 1440 2630 1489 ό
2662 1436 2790 1500 Υἱὸς
2821 1437 3190 1505 ὑποταγῆναι·
3226 1438 3286 1488 τὸ
3317 1438 3411 1508 τῆς
3438 1437 3856 1506 ἀνθρωπότητος
3885 1437 3997 1506 γὰρ

2423 1528 2786 1596 ὑποδυόμενος
2812 1529 2854 1558 ⁸⁸
2888 1527 3198 1596 πρόσωπον,
3251 1529 3447 1582 ἑαυτοῦ
3489 1532 3720 1581 ποιεῖται
3753 1530 3820 1580 τὰ
3851 1532 3994 1597 ὴμέ-

2417 1637 2570 1688 τερα.

2496 1729 2512 1760 r
2546 1711 2660 1762 Ἱνα
2755 1712 2781 1763 ὁ
2809 1710 2944 1772 Θεὸς
2977 1710 3045 1762 τά
3077 1711 3255 1764 πάντα
3291 1713 3347 1763 ἐν
3393 1713 3578 1765 πᾶσιν.
3622 1731 3639 1762 ›
3676 1712 3987 1771 Τουτέστιν,

737 1805 916 1856 omnia
943 1821 967 1854 a
1008 1803 1165 1856 Patre
1207 1803 1576 1871 dependeant,
1615 1816 1683 1855 ne
1737 1803 1859 1869 quis
1898 1803 2003 1856 duo
2047 1804 2295 1872 principia

2353 1836 2385 1895 Β
2414 1801 2496 1853 ἵνα
2527 1802 2705 1855 πάντα
2811 1801 2906 1854 τοῦ
2938 1803 3152 1872 Πατρδς
3200 1804 3512 1874 ἠρτημένα,
3548 1805 3633 1857 ἵνα
3682 1805 3754 1874 μὴ
3785 1803 3877 1857 δύο
3906 1821 3990 1865 τις

739 1909 856 1946 sine
889 1893 1154 1961 principio
1196 1893 1533 1960 suspicetur,
1564 1906 1734 1959 eaque
1766 1893 1904 1944 inter
1951 1907 2072 1947 sese
2115 1893 2304 1948 divisa.

735 1990 868 2039 Cum
902 1986 1044 2038 enim
1082 1987 1270 2038 hostes
1310 1985 1417 2038 sint
1452 1984 1551 2038 sub
1590 1984 1813 2051 pedibus
1837 1983 1979 2047 Filii,
2015 1983 2184 2037 Filius
2217 1999 2304 2036 au-

738 2089 840 2126 tum
880 2092 982 2127 non
1017 2087 1099 2128 est
1146 2076 1432 2129 seditiosus
1462 2089 1583 2143 erga
1619 2073 1853 2130 Patrem.
1893 2057 2076 2127 verum
2112 2087 2303 2142 quein-

734 2167 1020 2220 admodum
1101 2169 1251 2220 decet
1318 2168 1537 2230 lilium,
1608 2169 1713 2220 Deo
1797 2165 1941 2219 Patri
2021 2165 2302 2228 subditur,

733 2260 952 2312 omnino
978 2259 1116 2311 Deus
1142 2257 1303 2311 Pater
1329 2259 1438 2312 erit
1461 2259 1637 2312 omnia
1668 2259 1718 2311 in
1749 2257 2021 2311 omnibus.
2051 2253 2299 2310 Nonnulli

732 2362 906 2403 autem
937 2350 1157 2404 malitiae
1193 2349 1552 2404 sublationem
1584 2350 1875 2418 signiﬁcari
1906 2351 2054 2403 aiunt
2086 2365 2178 2417 per
2201 2350 2302 2404 hoc

731 2444 873 2510 quod
896 2445 1073 2496 omnia
1107 2443 1212 2495 sint
1235 2440 1650 2510 subjecta.Cum
1675 2443 1815 2495 enim
1835 2451 2112 2512 peccatum
2143 2457 2302 2512 porro

729 2550 835 2588 non
868 2534 1045 2596 fuerit,
1077 2534 1291 2602 planum
1323 2544 1402 2586 est
1423 2533 1563 2601 quod
1598 2531 1738 2586 Deus
1761 2533 1938 2586 omnia
1971 2533 2024 2586 in
2048 2533 2300 2588 omnibus

729 2626 1106 2696 erit,quandn
1143 2641 1248 2680 non
1284 2626 1513 2694 amplius
1550 2626 1783 2679 motibus
1813 2634 1866 2678 et
1893 2625 2173 2679 aﬂectilius
2209 2628 2304 2679 de-

730 2717 823 2769 diti
874 2718 1043 2770 simus
1069 2756 1084 2780 ,
1124 2717 1194 2770 ita
1230 2726 1287 2769 ut
1320 2715 1449 2768 nihil
1487 2716 1710 2768 omnino
1743 2715 1832 2768 Dei
1863 2752 1878 2778 ,
1911 2715 1992 2768 vel
2026 2729 2214 2781 parum
2247 2717 2296 2771 in

731 2805 885 2857 nobis
923 2803 1195 2858 feramus:
1232 2802 1325 2857 sed
1356 2803 1451 2857 toti
1481 2800 1574 2855 Dei
1609 2803 1836 2868 similes,
1867 2805 2028 2859 totius
2054 2815 2106 2858 et
2135 2805 2300 2861 solius

731 2896 822 2949 Dei
867 2910 1091 2964 capaces
1138 2895 1360 2949 erimus.
1406 2893 1598 2950 Omnia
1644 2910 1777 2951 sane
1811 2905 1918 2949 tum
1959 2897 2115 2952 nobis
2157 2897 2298 2954 Deus

729 2989 852 3049 erit,
884 3000 936 3040 et
979 2988 1150 3049 cibus,
1185 2997 1238 3040 et
1271 2997 1450 3056 potus,
1482 2998 1536 3041 et
1567 2988 1818 3054 vestitus,
1855 2999 1909 3043 et
1938 2990 2213 3058 cogitatio,
2245 3001 2299 3046 et

730 3086 925 3132 motus.

799 3168 962 3225 Vans.
995 3169 1086 3223 29.
1122 3188 1138 3220 ι
1181 3170 1421 3238 Alioqui,
1447 3171 1575 3240 quid
1600 3169 1798 3224 facient
1822 3171 1910 3238 qui
1947 3186 2043 3240 pro
2071 3172 2298 3226 mortuis
2327 3193 2370 3254 ο

730 3265 1090 3330 Imptizantur,
1119 3261 1162 3314 si
1188 3262 1408 3315 omnino
1440 3262 1635 3316 mortui
1667 3277 1771 3315 non
1818 3264 2294 3332 resurgunt?quid

729 3369 780 3407 ιιι
817 3355 1158 3422 liaptizantur
1183 3369 1278 3422 pro
1301 3354 1562 3408 mortuis?
1597 3373 1614 3405 ι
1645 3353 2004 3409 blarcionista:
2035 3356 2294 3418 haeretici,

728 3450 769 3498 si
823 3449 944 3515 quis
990 3447 1130 3515 apud
1185 3461 1278 3500 eos
1313 3462 1416 3500 non
1467 3447 1770 3516 baptizatus
1823 3456 2145 3511 moreretur,
2195 3451 2294 3502 sub

730 3539 921 3590 umrtui
961 3538 1117 3601 lecto,
1157 3539 1424 3591 viventem
1456 3539 1761 3605 quempiam
1810 3538 2182 3603 occultantes,
2211 3555 2296 3593 ae-

727 3630 922 3680 ceilmit
955 3627 1148 3679 lectum
1175 3667 1189 3690 ,
1229 3628 1625 3696 interrogantes
1662 3637 1966 3688 mortuum,
2005 3646 2130 3682 nunt
2170 3631 2295 3683 velit

729 3721 1054 3786 baptismate
1079 3720 1231 3790 tingi.
1259 3721 1432 3788 Atque
1455 3736 1518 3774 eo
1542 3723 1897 3791 respondente
1915 3723 2003 3792 qui
2028 3723 2293 3789 latitabat,

726 3811 866 3876 quod
897 3811 1058 3871 velit,
1097 3811 1175 3864 sie
1215 3810 1330 3864 loco
1365 3810 1558 3864 mortui
1593 3825 1715 3864 eum
1756 3813 2046 3881 baptizant.
2094 3812 2296 3867 Deinde

726 3903 794 3954 ob
818 3902 867 3956 id
889 3904 1153 3966 accusati,
1179 3903 1468 3958 defendunt
1501 3919 1621 3960 sese
1647 3905 1748 3959 hoc
1778 3905 1927 3970 loco;
1968 3905 2295 3962 allirmantes

727 3995 1039 4062 Apostolmn
1077 3996 1178 4048 hoc
1211 3997 1433 4059 dixisse,
1465 4007 1519 4051 et
1551 3999 1690 4052 hunc
1717 4007 1921 4051 textum
1957 4000 2136 4052 stolidi
2171 4015 2294 4067 pro-

725 4088 944 4137 ducunt.
996 4086 1050 4140 ld
1083 4101 1210 4139 vero
1262 4087 1343 4141 sic
1391 4102 1448 4140 se
1502 4102 1605 4140 non
1661 4088 1822 4141 habet
1852 4106 1866 4141 :
1899 4098 1954 4142 at
1989 4091 2298 4156 quomodo?

725 4177 920 4228 Omnes
958 4176 1048 4242 qui
1093 4178 1398 4244 baptizandi
1443 4188 1588 4240 sunt,
1628 4178 1928 4247 symbolum
1977 4179 2096 4233 lirlei
2130 4180 2292 4248 proli-

726 4278 923 4319 tentur.
960 4266 1015 4319 In
1048 4282 1113 4320 eo
1141 4269 1284 4321 enim
1326 4269 1604 4340 symbolo,
1642 4286 1743 4323 una
1777 4286 1896 4324 cum
1935 4271 2055 4325 aliis
2096 4281 2148 4326 et
2191 4273 2293 4328 hoc

725 4359 1070 4424 proponitur,
1109 4379 1126 4409 ι
1163 4360 1337 4414 Credo
1375 4363 1830 4416 resurrectionem
1871 4371 2230 4418 mortuorum.
2265 4383 2283 4416 ι

686 4446 861 4501 Ἰιὶςίι
918 4448 1130 4516 igitur:
1187 4452 1286 4516 Qui
1335 4455 1681 4508 crediderunt
1739 4453 1970 4508 futuram
2023 4469 2144 4510 esse
2212 4473 2295 4510 re-

723 4543 1112 4597 surrectionem
1157 4553 1497 4599 mortuorum
1549 4562 1857 4614 corporum,
1906 4558 1961 4602 et
1990 4550 2078 4617 qui
2115 4551 2290 4620 bapti-

722 4635 822 4686 ιιιιί
855 4637 1053 4688 suntin
1093 4637 1252 4690 talem
1290 4653 1469 4705 spem,
1516 4640 1644 4706 quid
1678 4638 1879 4693 facient
1903 4641 1947 4695 si
1978 4641 2175 4696 fuerint
2205 4644 2296 4697 de-

721 4725 896 4792 cepti?
917 4726 1050 4792 Quid
1074 4739 1252 4784 autem
1272 4731 1493 4784 omnino
1518 4733 1858 4798 baptizantur
1873 4733 2116 4787 homines
2137 4750 2296 4802 super

721 4820 1116 4874 resurrectione
1144 4861 1158 4884 ,
1218 4823 1318 4874 llOC
1375 4830 1456 4875 est
1513 4824 1568 4874 in
1603 4825 2002 4890 exspectatione
2038 4841 2294 4880 resurre-

719 4908 911 4962 ctionis
930 4949 946 4974 ,
974 4910 1018 4963 si
1050 4913 1240 4965 mortui
1274 4927 1379 4966 non
1407 4912 1745 4967 excitantur?

793 5083 954 5139 Vsus.
982 5087 1070 5140 50.
1097 5107 1113 5138 ι
1143 5090 1277 5155 Quid
1303 5100 1358 5144 et
1389 5092 1870 5157 nosperielitamur
1891 5095 2037 5146 omni
2064 5094 2232 5148 hora?
2264 5115 2282 5147 ι

721 5175 774 5226 Si
806 5192 908 5228 non
942 5179 1178 5245 recipitis
1205 5183 1269 5233 ad
1301 5182 1813 5236 demonstrationem
1848 5186 2282 5251 resurrectionis,

717 5268 1110 5323 conl'essmncm
1151 5272 1437 5326 verborum
1468 5290 1625 5340 quam
1657 5276 1858 5328 faciunt
1886 5277 1975 5344 qui
2008 5278 2289 5345 baptizan-

721 5370 828 5420 tur,
867 5362 1090 5428 act-ipite
1120 5380 1246 5416 vero
1285 5380 1466 5418 vocem
1500 5381 1660 5431 quam
1701 5382 1785 5420 res
1819 5367 1945 5434 ipse
1976 5367 2287 5437 loquuntur.

719 5447 827 5503 Nos
873 5453 1014 5504 enim
1053 5455 1277 5522 apostoli
1325 5471 1516 5510 omnes
1561 5473 1832 5525 nunquam
1882 5473 1987 5511 non
2035 5458 2288 5525 perieulis

719 5559 906 5598 Munus
953 5548 1172 5600 nlmoxii
1233 5565 1245 5600 ε
1291 5559 1341 5602 ct
1398 5549 1502 5602 nisi
1548 5562 1691 5604 esset
1745 5554 2091 5616 resurrectio,
2135 5552 2286 5620 cujus

2414 1893 2585 1962 ἀρχὰς
2669 1895 2942 1963 ἀνάρχους
3025 1896 3305 1966 ὑποπτεύῃ
3377 1897 3473 1948 καὶ
3552 1897 3988 1965 ἀπεσχισμένας.

2415 1981 2583 2034 Ὀταν
2613 1982 2656 2014 ⁶⁹
2687 1984 2793 2050 γὰρ
2837 1986 2886 2034 οί
2918 1986 3014 2053 μὲν
3043 1985 3229 2054 ἐχθροὶ
3269 1987 3372 2038 ὑπὸ
3407 1987 3534 2048 τοὺς
3566 1988 3728 2049 πόδας
3765 1983 3862 2040 ὦσι
3891 1989 3987 2041 τοῦ

2411 2072 2542 2125 Υἰοῦ
2565 2091 2577 2104 ·
2607 2075 2635 2125 ὁ
2666 2075 2720 2126 δὲ
2754 2075 2880 2137 Υἱὸς
2910 2076 2982 2144 μὴ
3016 2077 3284 2148 στασιάζῃ
3315 2077 3449 2148 πρὸς
3476 2081 3568 2130 τὸν
3596 2079 3834 2146 Πατέρα,
3867 2080 3984 2132 ἀλλ’

2425 2161 2498 2220 ὡς
2542 2163 2741 2231 πρέπει
2773 2163 2873 2231 υίῷ
2899 2205 2912 2226 ,
2945 2164 3064 2234 Θεῷ
3095 2167 3468 2236 ὑποτάσσηται
3498 2169 3575 2237 τῷ
3609 2170 3784 2239 Πατρί
3807 2185 3820 2200 ·
3851 2178 3988 2223 πάν-

2409 2269 2516 2315 τως
2549 2255 2576 2305 ὁ
2617 2253 2748 2316 Θεὸς
2779 2256 2871 2306 καὶ
2902 2255 3089 2326 Πατὴρ
3125 2256 3275 2310 ἔσται
3305 2258 3372 2310 τὰ
3402 2259 3581 2312 πάντα
3607 2261 3664 2312 ἑν
3700 2262 3854 2316 πᾶσι.
3886 2263 3981 2314 Τι-

2413 2347 2499 2408 νὲς
2522 2347 2576 2398 δὲ
2602 2347 2698 2415 τὴν
2718 2348 2814 2415 τῆς
2838 2348 3034 2410 κακίας
3055 2350 3336 2420 ἀναίρεσιν
3351 2351 3434 2404 διὰ
3456 2351 3663 2405 τούτων
3691 2353 3982 2423 δηλοῦσθαί

2410 2455 2594 2508 φασιν.
2623 2437 2698 2500 ὡς
2729 2441 2949 2492 πάντων
2975 2442 3432 2512 ὑποτεταγμένων
3456 2462 3469 2475 ·
3498 2446 3631 2498 ὅταν
3665 2447 3772 2516 γὰρ
3800 2447 3981 2515 ἀμαρ-

2407 2535 2496 2586 τία
2529 2533 2603 2601 μὴ
2635 2527 2692 2603 ᾖ,
2721 2531 2944 2603 εὔδηλον
2964 2534 3046 2586 ὅτι
3073 2536 3100 2585 ό
3125 2534 3258 2596 Θεὸς
3291 2535 3440 2589 ἔσται
3475 2536 3543 2589 τά
3569 2538 3743 2590 πάντα
3781 2541 3836 2590 έν
3876 2541 3980 2592 πά-

2409 2640 2491 2674 σιν
2518 2640 2527 2651 ·
2568 2625 2696 2674 ὅταν
2739 2625 2937 2692 μηκέτι
2967 2625 3152 2677 πολλοὶ
3179 2618 3329 2694 ὦμεν
3360 2629 3417 2679 ὲν
3446 2630 3557 2690 τοῖς
3593 2631 3854 2698 κινήμασι
3889 2631 3982 2680 καὶ

2403 2715 2516 2774 τοῖς
2549 2713 2768 2774 πάθεσι,
2817 2715 2980 2782 μηδὲν
3011 2717 3147 2777 ὅλως
3181 2716 3316 2768 Θεοῦ
3343 2757 3357 2779 ,
3402 2718 3437 2788 ἢ
3467 2717 3645 2785 ὀλίγον
3681 2721 3738 2770 ἐν
3770 2720 3981 2779 ἑαυτοῖς

2408 2807 2691 2874 φέροντες·
2733 2805 2847 2857 ἀλλ’
2875 2807 2984 2859 ὅλοι
3022 2807 3307 2873 θεοειδεῖς,
3343 2810 3453 2862 ὅλοι
3501 2813 3801 2880 χωρητικο“ι
3841 2810 3978 2863 Θεοῦ

2403 2898 2495 2950 καλ.
2529 2899 2714 2965 μόνου.
2749 2898 2930 2952 Πάντα
2952 2901 3058 2968 γὰρ
3084 2901 3214 2970 ἡμῖν
3234 2901 3262 2951 ό
3285 2901 3417 2964 Θεὸς
3438 2901 3608 2965 ἔσται,
3637 2904 3729 2956 καὶ
3755 2903 3976 2973 βρῶμα,

2402 2989 2498 3041 καὶ
2529 2989 2699 3060 πόμα,
2731 2990 2828 3043 καὶ
2853 2991 3073 3061 ἔνδυμα,
3105 2993 3198 3046 καὶ
3226 2993 3403 3062 νόημα
3426 3035 3439 3059 ,
3471 2996 3565 3050 καὶ
3599 2996 3824 3063 κίνημα.

2480 3184 2500 3217 r
2551 3168 2707 3221 Ἐπεὶ
2734 3168 2787 3220 τί
2817 3171 3135 3238 ποιήσουσιν
3167 3171 3216 3222 οί
3267 3171 3656 3243 βαπτιζόμενοι
3694 3175 3832 3245 ὑπὲρ
3866 3176 3974 3227 τῶν

2399 3261 2628 3330 νεκρῶν,
2655 3263 2704 3312 εί
2726 3259 2862 3320 ὅλως
2887 3262 3069 3330 νεκροὶ
3098 3263 3197 3314 οὐκ
3223 3263 3562 3334 ἐγείρονταις
3588 3266 3640 3317 τί
3663 3268 3754 3319 καὶ
3778 3267 3975 3336 βαπτί-

2399 3353 2581 3416 ζονται
2634 3353 2774 3422 ὑπὲρ
2816 3353 2925 3404 τῶν
2980 3355 3222 3422 νεκρῶν;
3271 3375 3288 3407 ι
3334 3358 3397 3408 Ol
3441 3358 3857 3426 Μαρκιωνισταὶ
3893 3362 3977 3410 αί-

2400 3447 2623 3515 ρετικοὶ,
2644 3446 2862 3499 ἐπειδάν
2884 3463 2965 3508 τις
2988 3449 3118 3515 παρ’
3140 3449 3327 3511 αὑτοῖς
3347 3449 3678 3514 ἀϐάπτιστος
3702 3452 3971 3520 ἀποθάνῃ.

2399 3538 2502 3590 ὑπὸ
2528 3539 2625 3608 τὴν
2655 3537 2839 3606 κλίνην
2865 3538 2956 3590 τοῦ
2983 3541 3431 3609 τετελευτηκότος
3451 3543 3494 3572 ⁷⁸
3525 3544 3828 3612 κρύψαντές
3853 3560 3976 3596 τινα

2399 3627 2597 3691 ζῶντα,
2632 3630 2885 3698 προσίασι
2918 3633 2982 3698 τῇ
3019 3631 3192 3701 κλίνῃ,
3233 3634 3324 3684 καὶ
3358 3634 3598 3701 ἐρωτῶσι
3635 3636 3725 3685 τὸν
3758 3635 3973 3702 νεκρὸν,

2397 3723 2445 3773 εί
2482 3720 2724 3790 βούλοιτο
2751 3720 3133 3789 βαπτισθῆναι·
3169 3726 3263 3776 καὶ
3288 3725 3641 3794 ἀποκρίνεται
3673 3727 3700 3778 ὁ
3734 3744 3976 3796 κεκρυμ-

2402 3808 2558 3875 μένος
2590 3807 2832 3860 κάτωθεν
2854 3849 2866 3869 ,
2898 3810 2978 3861 ὅτι
3007 3810 3286 3877 βούλεται·
3319 3813 3413 3864 καὶ
3437 3813 3577 3865 οὓτω
3613 3812 3975 3882 βαπτίζουσιν

2397 3900 2559 3954 αὑτὸν
2603 3901 2720 3952 ἀντὶ
2762 3901 2855 3954 τοῦ
2907 3902 3254 3966 ἀπελθόντος.
3319 3902 3447 3958 Εἶτα
3502 3909 3972 3977 κατηγορούμεκοι

2398 3992 2491 4044 ἐπὶ
2519 3993 2712 4063 τούτῳ,
2749 3995 3140 4062 ἀπολογοῦνται
3166 4036 3180 4056 ,
3209 3999 3290 4050 ὅτι
3317 4000 3344 4049 ό
3381 4000 3699 4062 ’Λπὸστολος
3738 4002 3896 4054 τοῦτο
3926 4005 3968 4031 ⁷¹

2353 4109 2362 4119 -
2399 4079 2541 4143 εἷπε,
2565 4085 2657 4137 καὶ
2679 4087 3097 4157 παράγουσιτὴν
3121 4087 3281 4156 ρἧιν
3301 4089 3507 4159 ταύτην
3526 4093 3574 4142 οι
3599 4092 3970 4158 παράφρονες.

2397 4175 2471 4226 Τὸ
2513 4175 2568 4227 δὲ
2602 4176 2697 4243 οὐχ
2750 4177 2924 4238 οῦτως
2979 4179 3124 4247 ἔχει·
3179 4179 3315 4232 ἀλλά
3359 4180 3511 4245 πῶς;
3565 4183 3627 4234 Ol
3687 4183 3972 4249 μέλλοντες

2399 4263 2758 4334 βαπτισθῆναι
2794 4266 2991 4329 πάντες
3022 4268 3426 4335 ἀπαγγέλλουσι
3466 4271 3526 4322 τὸ
3570 4270 3840 4340 σύμϐολον
3876 4277 3972 4339 τῆς

2398 4355 2661 4416 πίστεως·
2709 4356 2769 4406 ὲν
2809 4352 2901 4409 οὖν
2945 4359 3120 4426 τούτῳ
3171 4359 3307 4426 μετὰ
3347 4358 3454 4410 τῶν
3487 4361 3659 4413 ἀλλων
3690 4363 3971 4415 καὶτοῦτο

2397 4446 2776 4515 πρόκειταιτι·
2832 4467 2851 4500 ι
2903 4449 3152 4502 Πιστεύω
3188 4453 3264 4511 είς
3313 4449 3612 4503 ἀνάστασιν
3663 4455 3894 4522 νεκρῶν.
3945 4477 3962 4506 ι

2396 4540 2565 4608 Φησλν
2593 4536 2708 4603 οὖν,
2729 4541 2809 4593 ὅτι
2844 4541 2910 4593 υί
2939 4541 3345 4605 πιστεύσαντες,
3373 4545 3455 4596 ὅτι
3487 4544 3639 4597 ἔσται
3669 4547 3967 4610 ἀνάστασις

2395 4632 2605 4701 νεκρῶν
2651 4633 2922 4702 σωμάτων
2946 4672 2961 4696 ,
2993 4635 3088 4685 καὶ
3129 4633 3516 4702 βαπτισθέντες
3555 4637 3649 4688 ἐπὶ
3688 4639 3967 4703 τοιαύταις

2391 4723 2592 4786 ἐλπίσι,
2622 4723 2674 4775 τί
2723 4725 3044 4791 ποιήσουσιν
3075 4726 3477 4795 ἀπατηθέντες;
3511 4729 3562 4780 τί
3599 4728 3654 4781 δὲ
3684 4730 3820 4792 ὅλως
3873 4734 3973 4784 καὶ·

2392 4813 2742 4881 βαπτίζονται
2781 4815 3060 4884 ἄνθρωποι
3087 4817 3226 4886 ὑπὲρ
3253 4819 3624 4880 ἀναστάσεως,
3663 4823 3959 4883 τουτέστιν,

2391 4907 2486 4959 ἐπὶ
2517 4906 2813 4978 προσδοκία
2845 4909 3194 4971 ἀναστάσεως
3216 4947 3232 4972 ,
3263 4911 3310 4962 εἰ
3349 4911 3536 4979 νεκροὶ
3570 4912 3670 4962 οὐκ
3719 4913 3959 4981 ἑγεῖρςν-

2389 5017 2511 5066 ταις

2470 5113 2488 5144 ι
2530 5092 2593 5145 Τί
2619 5093 2714 5146 καὶ
2738 5094 2898 5162 ἡμεῖς
2921 5091 3302 5161 κινδυνεύομεν
3333 5095 3510 5146 πᾶσαν
3531 5095 3680 5164 ὤραν
3707 5113 3720 5154 ;
3753 5113 3771 5145 θ
3800 5095 3862 5148 ΕΞ
3899 5098 3956 5147 οὑ

2385 5185 2604 5254 δέχεσθε
2629 5185 2765 5254 πρὸς
2792 5185 3068 5250 ἀπόδειξιν
3093 5186 3190 5256 τῆς
3239 5187 3584 5248 ἀναστάσεως
3611 5188 3708 5256 την
3730 5188 3816 5239 διὰ
3849 5186 3956 5238 τῶν

2387 5274 2648 5342 ῥημάτων
2682 5274 2968 5340 ὁμολογίαν
2992 5314 3007 5336 ,
3043 5277 3108 5343 ἡν
3141 5277 3189 5327 οἱ
3221 5275 3609 5346 βαπτιζόμενοι
3652 5276 3953 5338 ποιοῦνται,

2386 5366 2607 5431 δέξασθε
2638 5369 2728 5418 καὶ
2758 5366 2856 5436 τὴν
2883 5367 2972 5418 δια
3001 5368 3110 5420 τῶν
3138 5370 3478 5438 πραγμάτων
3512 5371 3718 5438 φωνήν.
3763 5370 3956 5438 Ἡμεῖς

2384 5459 2491 5524 γὰρ
2521 5458 2719 5520 πάντες
2749 5460 2798 5509 οί
2821 5458 3109 5512 ἀπόστολοι
3147 5462 3204 5511 ἐν
3231 5460 3488 5521 κινδύνοι,
3521 5463 3684 5529 ἐσμὲν
3711 5463 3826 5514 ἀεί·
3866 5468 3955 5514 καὶ

2383 5553 2430 5602 εἰ
2466 5549 2539 5620 μὴ
2566 5545 2634 5620 ἦν
2666 5552 2982 5616 ἀνάστασις,
3009 5553 3153 5616 τίνος
3174 5553 3360 5606 ῑνικεν
3390 5553 3801 5622 ἐκινδυνεύομεν
3825 5575 3838 5618 ;
3869 5557 3955 5607 ἵνα

2074 5708 2263 5768 Variae
2294 5707 2615 5770 lectiones.

795 5821 842 5855 τ’
873 5826 1233 5889 αἰῖυδυόνένος
1274 5844 1321 5881 n.
1407 5830 1448 5858 δ”
1484 5832 1567 5880 ὅτι
1625 5851 1669 5880 o.

1757 5834 1795 5862 ⁷³
1829 5834 2250 5900 τελευτήσαντος
2305 5849 2355 5885 ο.

2435 5833 2473 5861 τ’
2523 5833 2576 5883 ἐν
2621 5830 2794 5900 τούτῳ
2821 5848 2873 5884 o.
2949 5833 2992 5864 ’³
3031 5829 3347 5901 ερίσκειται
3382 5844 3431 5882 o.
