4272 6448
764 403 863 466 771

1685 396 2254 457 TllEUPllYl..~\CTl
2301 390 2701 454 BITl.GAPtl.‘I-I
2738 390 3087 449 .\RCHiEi‘.

3914 385 4038 449 ’ῖτῖ

768 518 1003 582 habent,
1032 517 1119 585 qui
1150 513 1531 569 resurrectioni
1567 526 1673 567 non
1720 512 1974 566 adbibent
2010 509 2190 563 ﬁdem.
2221 508 2337 562 Non
2372 518 2414 570 Α
2445 515 2455 556 t

2372 518 2414 570 Α
2445 509 2558 558 υᾷκ
2593 503 2713 557 εἷπε
2743 504 2821 567 δὲ,
2875 505 3091 572 Ἔχετε,
3120 501 3234 557 ἀλλ’
3268 503 3574 572 ιἘχουσιν,
3617 520 3633 552 ι
3674 501 4042 571 ὲλαφροτερον

769 613 915 667 enim
965 619 1229 664 noverunt
1284 610 1374 663 Dei
1424 607 1741 678 potentiam.
1787 604 1899 657 Non
1955 612 2133 655 autem
2159 602 2287 654 dixit
2328 618 2339 652 :

768 704 1010 768 llabetis,
1040 704 1165 768 sed,
1206 721 1223 753 ι
1264 700 1471 756 [labent
1495 742 1508 763 ,
1550 717 1569 751 ι
1605 699 1900 753 faciliorem
1929 704 1983 750 et
2012 694 2339 750 tolerabilio-

766 814 880 853 rem
917 798 989 850 ita
1018 796 1417 850 accusationem
1453 793 1681 847 faciens.

838 890 1001 959 225
1039 908 1056 938 ι
1093 889 1171 941 Ad
1200 888 1456 957 pudorem
1491 884 1643 939 vobis
1674 883 1785 937 hinc
1820 882 1962 936 dico.
1998 898 2016 931 ι
2053 881 2341 949 Postquam

767 984 901 1038 satis
932 997 1024 1034 eos
1056 980 1280 1049 carpsit,
1312 978 1624 1033 consolatur
1651 991 1765 1040 eos,
1798 976 1983 1028 dicens
2011 990 2026 1027 :
2060 971 2182 1027 llaec
2209 973 2341 1035 dixi,

769 1091 873 1129 non
898 1083 955 1127 ut
986 1074 1155 1128 hostis
1181 1073 1333 1127 vobis
1375 1073 1716 1141 exprobrans
1737 1110 1751 1132 ,
1783 1069 1874 1121 sed
1902 1079 1960 1122 ut
2000 1071 2206 1138 pudore
2236 1067 2345 1122 sul“.

767 1166 1132 1223 funderemini
1162 1205 1176 1227 ,
1205 1172 1263 1217 ut
1304 1166 1620 1219 reducerem
1652 1176 1745 1216 vos
1780 1161 1848 1215 ad
1877 1161 2342 1223 emendationem,

768 1255 1086 1325 pudefactos
1129 1254 1383 1307 nimirum
1407 1295 1421 1318 ,
1459 1269 1521 1307 ac
1553 1253 1811 1304 decorum
1845 1251 2168 1319 cogitantes.

847 1350 989 1402 Vsus
1043 1346 1130 1401 55.
1163 1365 1182 1398 ι
1223 1348 1327 1402 Sed
1363 1348 1503 1401 dicet
1529 1345 1741 1413 aliquis,
1766 1344 2043 1410 Quomodo
2066 1356 2351 1412 resurgunt

774 1441 1018 1495 mortui?
1048 1441 1195 1509 quali
1226 1450 1403 1493 autem
1452 1454 1679 1507 corpore
1710 1436 1961 1490 venient?
1990 1455 2006 1487 ι
2049 1434 2162 1488 Non
2193 1436 2348 1498 dixit,

776 1531 885 1589 Vos
919 1535 1119 1591 dicitis.
1158 1542 1214 1585 ut
1262 1531 1340 1583 sic
1372 1529 1667 1584 tolerabilis
1700 1527 1954 1582 reddatur
1989 1543 2190 1591 sermo,
2230 1537 2349 1579 tan-

774 1641 935 1695 quam
981 1629 1045 1679 de
1076 1624 1195 1677 aliis
1226 1637 1330 1676 non
1373 1621 1720 1675 credentibus
1762 1620 1873 1673 haec
1926 1618 2187 1688 inquirat.
2236 1619 2349 1671 Duo

776 1730 957 1775 autem
994 1726 1116 1771 sunt
1151 1719 1217 1771 de
1251 1716 1447 1784 quibus
1495 1715 1809 1768 dubitatur:
1839 1714 1951 1778 ipse
2002 1713 2353 1766 resurrectio-

2450 598 2511 651 τὸ
2542 596 2797 667 ἔγκλημα
2828 596 3018 649 ποιῶν.

2526 909 2544 940 ί
2606 888 2745 957 Πρδς
2782 885 3055 954 ἐντροπὴν
3091 882 3221 953 ὑμῖν
3259 880 3420 948 λέγω.
3478 900 3495 931 ι
3556 878 3775 947 Ἐπειδὴ
3829 877 4042 939 ἱκανῶς

2447 980 2628 1035 αὐτῶν
2656 976 2965 1048 καθήψατο,
3001 974 3414 1044 παραμυθεῖται
3460 972 3661 1033 αὐτοὺς
3712 970 3907 1036 λέγων.
3954 970 4043 1021 ὅτι

2465 1074 2648 1128 Ταῦτα
2679 1068 2833 1124 εἷπον
2868 1072 3015 1139 ύμῖν,
3037 1069 3134 1138 οὐχ
3155 1067 3229 1131 ὡς
3260 1066 3452 1136 ἐχθρὸς
3480 1064 3773 1127 ὀνειδίζων,
3803 1061 3919 1114 ἀλλ’
3948 1062 4046 1112 ἐπὶ

2450 1168 2525 1238 τῷ
2548 1164 2826 1236 ἐντρέψαι,
2853 1166 2993 1216 ὥστε
3027 1162 3400 1227 ἐπαναγαγεῖν
3434 1158 3578 1226 ὑμᾶς
3602 1154 3737 1226 πρὸς
3765 1154 3867 1224 τὴν
3894 1152 4043 1222 διόρο

2452 1261 2616 1312 οωσιν
2651 1256 3059 1325 αἰσχυνθέντας,
3092 1254 3186 1304 καὶ
3219 1252 3279 1302 τὸ
3310 1250 3429 1303 δέον
3469 1250 3872 1317 φρονήσαντας.

2527 1369 2545 1402 ι
2593 1348 2732 1403 Ἀλλ’
2766 1350 2881 1418 ἐρεῖ
2914 1362 3015 1407 τιςτ
3046 1346 3170 1406 Πῶς
3206 1344 3513 1414 ἐγείρονται
3547 1341 3595 1392 οἱ
3643 1338 3864 1408 νεκροί;
3901 1338 4046 1404 ποίῳ

2452 1445 2509 1497 δὲ
2543 1443 2755 1512 σώματι
2790 1444 3073 1511 {fx/putat;
3122 1439 3236 1491 Οὐκ
3283 1432 3435 1488 εἶπεν
3465 1437 3531 1496 ⁷⁸,
3589 1434 3779 1502 Ὑμεῖς
3827 1433 4045 1498 λέγετε,

2449 1539 2541 1590 ἵνα
2585 1534 2757 1598 οὕτως
2787 1533 3099 1602 ἀνεπαχθὴς
3129 1534 3157 1582 ὀ
3195 1531 3351 1597 λόγος
3390 1530 3639 1597 γένηται,
3683 1528 3758 1588 ὼς
3791 1527 3884 1577 ἐπὶ
3917 1527 4041 1577 ἐτέ-

2454 1645 2561 1697 ρων
2593 1624 2967 1679 ἀπιστούντων
2998 1622 3408 1692 ἐξεταζόμενος.
3437 1618 3539 1670 Δύο
3568 1619 3623 1670 δὲ
3655 1618 3723 1670 τὰ
3756 1615 4045 1685 ἀμφιϐαλ-

2451 1719 2675 1787 λὸμενα⁸
2701 1718 2729 1769 ὃ
2753 1734 2811 1768 τε
2842 1717 3041 1786 τρόπος
3076 1718 3171 1784 τῆς
3200 1715 3573 1774 ἀναστάσεως.
3610 1711 3727 1771 πῶς
3760 1710 4041 1778 ἐγείρετειι

776 1810 861 1863 nis
919 1809 1126 1871 modus,
1168 1805 1439 1875 quomodo
1497 1802 1766 1855 excitatur
1814 1798 1979 1853 semel
2030 1799 2349 1853 dissolutum
2390 1827 2463 1892 B-

2390 1840 2429 1892 Β
2453 1808 2514 1859 τὸ
2552 1806 2700 1871 ἅπαξ
2730 1806 2979 1859 διαλυθὲν
3007 1806 3166 1873 σῶμα
3192 1823 3206 1833 ·
3243 1806 3337 1856 καὶ
3380 1803 3518 1872 ποίῳ
3561 1801 3774 1869 σώματι
3812 1802 4048 1854 ἀνίστασ-

774 1915 1016 1968 corpus;
1053 1909 1107 1951 et
1159 1895 1303 1965 quali
1362 1907 1588 1961 corpore
1645 1889 1896 1958 resurgit,
1932 1889 2051 1954 hoc,
2122 1903 2189 1941 an
2247 1888 2353 1941 alio

779 1992 1036 2061 quodam.
1089 1989 1192 2043 Per
1265 1986 1572 2055 exemplum
1634 1992 1813 2037 autem
1878 1981 2031 2051 grani
2102 1981 2187 2035 illa
2244 1982 2350 2037 duo

775 2082 1042 2135 dissolvit.

849 2174 1013 2226 Vens.
1048 2172 1137 2225 36.
1175 2190 1193 2221 ι
1218 2169 1505 2237 lnsipiens,
1539 2176 1594 2221 tu
1622 2166 1764 2236 quod
1793 2166 2055 2229 seminas,
2084 2180 2189 2220 non
2212 2165 2351 2221 vivi-

779 2265 972 2319 ﬁcatnr
1008 2263 1108 2316 nisi
1142 2263 1428 2316 moriatur.
1472 2278 1491 2310 ι
1522 2262 1560 2312 Α
1596 2256 1875 2329 perspicuo
1905 2258 2180 2326 quopiam,
2209 2257 2349 2311 etab

776 2372 842 2410 eo
857 2357 995 2423 quod
1013 2356 1220 2423 abipsis
1238 2353 1478 2422 quotidie
1496 2352 1693 2419 agitur,
1712 2351 1839 2404 facit
1856 2350 2192 2403 dilutioncm.
2215 2350 2351 2404 llinc

777 2460 831 2503 et
862 2451 1134 2502 uenientes
1158 2462 1250 2501 eos
1277 2452 1448 2508 vocat,
1482 2456 1538 2497 ut
1566 2445 1653 2511 qui
1691 2443 1825 2497 adeo
1874 2440 2155 2496 manifesta
2196 2444 2349 2511 igno-

776 2552 921 2595 rent.
958 2559 975 2591 ι
1013 2540 1114 2605 Tu,
1147 2539 1339 2606 inquit,
1384 2538 1523 2606 quod
1554 2538 1814 2601 setniuas,
1875 2552 1893 2585 ι
1932 2544 1984 2588 ttt
2032 2536 2121 2603 qui
2158 2550 2350 2589 corru-

775 2634 982 2704 ptibilis
998 2647 1074 2691 es.
1104 2633 1261 2699 ecqui
1289 2633 1351 2683 de
1377 2630 1481 2682 Deo
1504 2628 1764 2681 btesitas?
1791 2646 1808 2675 ι
1842 2624 1955 2678 Non
1984 2627 2305 2692 viviﬁcatur,
2329 2646 2347 2678 ι

779 2726 971 2795 inquit,
1016 2742 1035 2774 ι
1059 2724 1158 2776 nisi
1189 2724 1467 2786 moriatur,
1496 2738 1514 2772 ι
1550 2719 1871 2773 dictionibus
1899 2733 2045 2782 usus,
2068 2733 2172 2773 non
2199 2721 2357 2774 semi-

780 2819 959 2877 nibus,
993 2816 1083 2869 sed
1115 2812 1430 2881 corporibus
1462 2811 1690 2879 pmpriis
1715 2818 1769 2864 et
1803 2808 2189 2864 accmnmodis.
2219 2807 2338 2865 Non

779 2908 926 2962 enim
961 2907 1091 2959 dixit
1118 2905 1257 2973 quod
1286 2904 1421 2956 alias
1446 2917 1549 2955 non
1587 2902 1853 2971 germinet
1879 2901 1979 2954 nisi
2003 2900 2350 2968 dissolvatur,

782 3000 898 3061 sed,
929 3017 947 3049 ι
990 2997 1104 3051 Non
1162 2996 1488 3057 viviﬁcatur,
1559 2996 1658 3049 nisi
1716 2995 2000 3048 moriatur.
2044 3014 2063 3046 ι
2109 2995 2352 3049 Observa

758 3104 961 3145 autem
1007 3090 1276 3158 quomodo
1308 3089 1359 3142 in
1392 3087 1721 3141 contrarium
1772 3100 2076 3139 sermonem
2132 3099 2359 3139 conver—

2460 1920 2572 1967 ται,
2602 1902 2779 1969 τούτῳ
2826 1901 2858 1968 ἦ
2901 1899 3074 1967 ὲτέρῳ
3102 1899 3226 1951 τινί.
3259 1897 3358 1949 Διά
3380 1898 3436 1949 δὲ
3463 1895 3557 1948 τοῦ
3590 1894 4044 1963 παραδείγματις

2458 1994 2555 2047 τοῦ
2588 1996 2789 2048 κόκκου
2822 1994 2890 2046 τὰ
2918 1992 3010 2043 δὶο
3044 1991 3279 2045 ἐπιλύει.

2538 2190 2555 2223 ι
2601 2172 2828 2241 Ἄφρων,
2863 2172 2925 2223 ob
2959 2170 2987 2223 ὃ
3017 2169 3282 2238 σπείρεις,
3314 2167 3376 2218 οὐ
3416 2166 3789 2228 ζωοποιεῖται,
3824 2165 3918 2216 ἐὰν
3971 2166 4049 2233 μὴ

2463 2264 2733 2335 ἀποθάνῃ.
2782 2282 2800 2314 ι
2868 2260 3003 2316 Ἀπὸ
3042 2265 3277 2332 φανερύ
3322 2276 3491 2321 τινος,
3522 2263 3616 2311 καὶ
3660 2258 3783 2311 καθ’
3829 2258 4049 2327 ἡμέραν

2464 2361 2646 2420 αὐτοῖς
2698 2357 3099 2427 πραττομένου,
3155 2357 3384 2406 ποιεῖται
3437 2353 3536 2421 τὴν
3581 2351 3754 2403 λύσιν·
3805 2350 3887 2403 διὸ
3948 2350 4049 2401 καὶ

2465 2451 2703 2521 ἄφρονας
2729 2449 2925 2511 αὐτοὺς
2950 2449 3122 2510 καλεῖ,
3154 2446 3222 2508 ὠ,
3261 2447 3317 2499 τά
3342 2446 3484 2498 οὕτω
3510 2445 3656 2512 σαφῆ
3686 2442 4049 2510 ἀγνοοῦντας.

2471 2565 2488 2595 ι
2525 2545 2618 2606 Σὺ,
2652 2562 2670 2594 ι
2700 2543 2865 2612 φησιν
2899 2560 2916 2591 ι
2944 2541 2973 2592 ὃ
3002 2540 3261 2607 σπείρεις,
3306 2556 3321 2587 ι
3357 2538 3420 2589 σὺ
3452 2538 3479 2588 ὁ
3510 2536 3771 2604 φθαρτὸς,
3807 2536 3901 2587 καὶ
3932 2535 4055 2597 πῶς

2467 2638 2593 2705 περὶ
2616 2634 2750 2687 Θεοῦ
2778 2632 3172 2702 ἀμφιϐάλλεις
3211 2650 3227 2680 ι
3265 2631 3341 2682 Οὐ
3374 2629 3717 2692 ζωοποιεῖται
3749 2646 3768 2678 ι
3795 2626 3872 2691 δὲ,
3903 2621 4051 2688 εἷπε,

2473 2725 2616 2799 [καὶ]
2642 2744 2659 2777 ι
2679 2727 2773 2778 ὲὰν
2801 2722 3155 2794 μὴξὰποθάνῃ,
3183 2742 3200 2771 ι
3222 2721 3397 2784 λέξεσι
3417 2720 3780 2790 χρησάμενος,
3800 2719 3862 2770 οὐ
3880 2720 4054 2787 σπέρ-

2471 2835 2639 2889 μασιν
2670 2818 2922 2879 οἰκείαις,
2953 2815 3091 2868 ἁλλά
3143 2814 3411 2883 σώμοοειν.
3466 2814 3540 2865 Οὐ
3586 2813 3694 2882 γὰρ
3739 2808 3916 2873 εἶπεν,
3971 2812 4053 2863 ὅτι

2467 2911 2639 2973 ἄλλως
2678 2913 2740 2963 οὖ
2799 2908 3107 2979 βλαστάνει,
3151 2907 3244 2958 ἐὰν
3282 2905 3355 2975 μὴ
3404 2904 3654 2973 διαλυθῇ,
3731 2902 3872 2965 ἀλλ’,
3905 2921 3923 2954 ι
3975 2904 4052 2955 Οὐ

2468 3005 2834 3070 ζωοποιεῖται,
2869 3002 2963 3053 ἐὰν
3001 3002 3075 3068 μὴ
3129 2999 3397 3068 ἀποθάνῃ.
3449 3016 3467 3047 ›
3515 2999 3658 3067 Ὂρα
3686 2997 3764 3059 δὲ,
3803 2996 3922 3059 πῶς
3974 2999 4056 3056 εἰς

2466 3095 2774 3148 τούναντίον
2802 3112 2865 3145 πε
2878 3094 3128 3162 ριέτρεψε
3154 3093 3241 3143 τὸν
3269 3092 3336 3142 λό
3354 3108 3454 3156 (ον’
3480 3090 3708 3151 ἐκείνοις
3736 3089 3845 3159 γὰρ
3877 3088 4055 3139 ἐδόκει

782 3186 907 3236 terit
940 3201 952 3235 :
990 3184 1092 3235 illis
1144 3182 1286 3234 enim
1338 3179 1620 3233 videbatur
1698 3178 2028 3247 ambiguum,
2092 3178 2430 3246 quontodoc
2466 3216 2469 3240 ι

2386 3178 2430 3239 C
2466 3190 2690 3258 ἄπορον,
2730 3189 2846 3249 πῶς
2894 3188 3029 3257 μετὰ
3075 3188 3136 3236 τὸ
3167 3186 3349 3237 θανεῖν
3398 3182 3747 3253 ἐγειρόμεθα·
3793 3182 3961 3243 αὐτὸς
3997 3181 4053 3232 δὲ

784 3286 905 3347 post
956 3286 1177 3327 mortem
1234 3272 1577 3325 excitemur:
1632 3271 1747 3338 ipse
1787 3276 1962 3321 autem
2018 3268 2350 3320 contrarium

785 3368 1003 3433 asserit,
1055 3379 1245 3433 nempe
1289 3363 1429 3431 quod
1466 3362 1584 3415 ideo
1623 3361 1945 3424 excitamur,
2002 3358 2127 3427 quia
2184 3360 2353 3412 mori-

785 3476 908 3515 mur
940 3474 955 3512 :
988 3458 1142 3530 quasi
1176 3472 1278 3511 non
1322 3456 1512 3509 liceret
1555 3453 1715 3507 aliter
1764 3450 2048 3516 viviﬁcari,
2078 3450 2181 3504 nisi
2210 3466 2355 3505 mors

785 3562 952 3606 esset.

864 3643 1133 3698 \‘sns.37.
1167 3661 1185 3695 (
1224 3642 1287 3697 Et
1316 3642 1458 3711 quod
1505 3640 1765 3701 seminas,
1812 3652 1918 3692 non
1967 3651 2164 3706 corpus
2215 3637 2357 3705 quod

789 3737 1027 3791 futurum
1062 3744 1145 3790 est
1176 3734 1435 3796 semiuas,
1468 3734 1559 3787 sed
1593 3735 1791 3785 nudum
1828 3744 2082 3799 granum,
2119 3739 2175 3782 ut
2230 3738 2356 3791 puta

793 3830 957 3883 tritici
990 3828 1069 3882 vel
1102 3826 1330 3896 alicujus
1370 3835 1709 3879 ceterorum.
1750 3842 1768 3874 ›
1801 3820 1935 3875 Cum
1967 3821 2072 3875 duo
2095 3835 2217 3875 esse
2241 3836 2359 3890 qua:

792 3932 1328 3975 controverterentur
1368 3920 1613 3981 dixisset,
1649 3916 1916 3985 quomodo
1968 3915 2219 3967 nimirum
2267 3929 2363 3966 ex-

793 4016 1028 4067 citentur
1101 4013 1321 4074 mortui,
1378 4021 1432 4064 et
1488 4010 1630 4078 quali
1663 4022 1889 4076 corpore
1923 4026 1936 4061 :
1974 4007 2352 4074 qumstionem,

793 4106 1063 4172 quomodo
1104 4103 1430 4164 excitentur,
1479 4101 1743 4163 dissolvit,
1806 4113 1999 4166 nempe
2064 4099 2362 4161 moriendo,

795 4198 1251 4263 quemadmodum
1289 4204 1343 4247 et
1371 4209 1618 4262 granum.
1646 4191 1763 4245 Jam
1788 4205 1915 4244 vero
1947 4205 2066 4245 cum
2100 4191 2365 4257 interpre-

794 4300 939 4343 tetur
974 4288 1119 4358 quali
1157 4302 1382 4354 corpore
1433 4294 1735 4353 resurgant,
1773 4282 1926 4337 diluit
1972 4281 2199 4335 alterum
2232 4282 2363 4334 iilud

795 4385 860 4436 de
903 4396 1011 4449 quo
1054 4375 1648 4446 ambigebatur,ldem,
1682 4375 1949 4443 inquiens,
1992 4388 2189 4442 corpus
2207 4373 2358 4428 exci-

2463 3279 2774 3333 τούναντίον
2808 3281 2997 3348 φησιν,
3032 3279 3113 3329 ὅτι
3150 3276 3235 3329 διὰ
3272 3273 3432 3327 τοῦτο
3478 3272 3828 3345 ἐγειρόμεθα,
3857 3272 4052 3339 ἐπειδὴ

2467 3370 2908 3440 ἀποθνήσκομεν,
2942 3367 3016 3430 ὼς
3046 3367 3145 3419 οὐκ
3184 3366 3301 3418 ἐνὸν
3327 3364 3499 3426 ἄλλως
3532 3361 3965 3432 ζωποιηθῆναι,
4006 3362 4053 3410 εἰ

2470 3463 2545 3532 μὴ
2573 3458 2639 3532 ἦν
2670 3461 2918 3523 θάνατος.

2546 3664 2563 3696 ι
2620 3646 2729 3699 Καὶ
2774 3645 2802 3697 ὃ
2857 3643 3123 3713 σπείρεις,
3160 3642 3221 3695 οὐ
3270 3642 3330 3694 τὸ
3376 3641 3535 3711 σῶμα
3580 3640 3641 3693 τὺ
3674 3640 4050 3709 γενησόμενον

2471 3738 2738 3807 σπείρεις,
2789 3736 2924 3789 ἀλλὰ
2967 3734 3175 3804 γυμνὸν
3220 3734 3441 3798 κόκκον,
3476 3735 3525 3785 εἰ
3572 3735 3756 3802 τύχοι,
3812 3734 3992 3797 σίτου,
4020 3735 4053 3802 ἦ

2470 3849 2615 3893 τινος
2642 3830 2750 3882 τῶν
2780 3830 3005 3882 λοιπῶν,
3042 3845 3059 3878 ο
3096 3826 3202 3880 Δύο
3237 3826 3561 3896 ἀπορεῖσθαι
3608 3824 3803 3888 εἰπὼν,
3841 3825 3961 3887 πῶς
3995 3842 4050 3876 τε

2472 3923 2781 3991 ἐγείρονται
2822 3922 2870 3973 οί
2916 3920 3117 3990 νεκροὶ,
3168 3920 3264 3973 καὶ
3312 3920 3454 3987 ποίῳ
3490 3918 3725 3987 σώματι·
3780 3916 3902 3979 πῶς
3955 3918 4052 3986 μὲν

2476 4016 2803 4083 ἐγείρονται,
2844 4011 3054 4072 ἔλυσεν,
3093 4013 3173 4061 ὅτι
3216 4010 3305 4062 διὰ
3356 4008 3449 4061 τοῦ
3496 4009 3696 4072 θανεῖν,
3728 4007 3921 4078 ὧσπερ
3962 4010 4053 4059 καὶ

2474 4110 2502 4159 ὁ
2541 4108 2757 4167 κόκκοςο
2791 4105 2885 4156 νῦν
2917 4104 2974 4155 δὲ
3016 4101 3333 4171 ἑρμηνεύων
3362 4102 3456 4152 καὶ
3489 4101 3624 4168 ποίῳ
3660 4099 3876 4168 σώματι
3908 4100 4049 4163 ἐγεί-

2478 4216 2683 4270 ρονται,
2736 4196 2850 4247 λύει
2886 4196 2982 4247 καὶ
3009 4195 3068 4246 τὸ
3101 4194 3277 4261 ἕτεροι
3320 4194 3547 4261 ἄπορον,
3597 4192 3690 4245 καί
3743 4208 3933 4259 φησιν,
3971 4192 4047 4242 ὅτι

2480 4296 2551 4347 Τὸ
2585 4294 2682 4361 μὲν
2713 4290 2844 4343 αὐτὸ
2875 4289 3032 4358 σῶμα
3069 4288 3365 4357 ἐπείρεται,
3399 4287 3514 4357 ἦτοι
3545 4286 3640 4352 τῆς
3670 4284 3843 4351 αὐτῆς
3874 4285 3931 4337 ὃν
3969 4287 4053 4336 oi-

2482 4386 2624 4451 σίας,
2657 4382 3043 4453 λαμπρότερον
3073 4379 3129 4431 δὲ
3166 4380 3257 4430 καὶ
3290 4377 3678 4446 κοσμιώτερον.
3713 4377 3775 4427 ’Ji
3811 4376 3867 4427 δὲ
3901 4376 4048 4444 αἰρε-

800 4484 965 4536 tatur,
999 4472 1079 4525 vel
1113 4472 1351 4538 ejusdem
1388 4470 1658 4533 essentiaa,
1705 4467 2043 4535 splendidius
2085 4476 2266 4520 tamen
2312 4476 2365 4520 et
2396 4501 2442 4557 ι)
2474 4498 2487 4529 π

2357 4477 2365 4519 ί
2396 4501 2442 4557 ι)
2474 4478 2615 4532 τικοὶ
2647 4476 2921 4542 λέγουσιν,
2948 4475 3029 4525 ὅτι
3061 4472 3121 4523 (ὑ
3157 4470 3215 4521 τὸ
3243 4469 3374 4521 αὐτὸ
3405 4470 3690 4537 ἐγείρεται.
3722 4466 3897 4519 Τοῦτο
3925 4468 4044 4535 γὰρ,

798 4565 1117 4632 elegantius.
1153 4562 1405 4616 llaeretici
1463 4570 1641 4614 autem
1695 4560 2027 4613 contendunt
2069 4574 2176 4613 non
2229 4558 2367 4612 idem

798 4670 996 4723 corpus
1028 4654 1248 4708 excitari
1290 4670 1301 4696 =
1340 4653 1444 4705 hoc
1480 4652 1621 4703 enim
1658 4652 1901 4705 indicare
1936 4650 2090 4703 aiunt
2144 4651 2373 4717 Aposto-

800 4744 931 4809 lum,
959 4760 1080 4799 cum
1112 4745 1221 4797 ait:
1250 4761 1267 4794 ι
1300 4743 1413 4797 Non
1446 4744 1588 4812 quod
1620 4741 1883 4796 futurum.
1912 4760 1930 4792 ι
1957 4742 2120 4809 Atqui
2147 4743 2372 4810 Apostd

799 4838 882 4890 lus
914 4839 1015 4890 hoc
1048 4851 1150 4889 non
1183 4835 1335 4890 dicit.
1371 4835 1507 4900 Quid
1542 4835 1699 4904 igitur
1735 4833 1891 4887 ?Non
1943 4833 2177 4888 seminas
2218 4831 2375 4900 quale

804 4939 1073 4991 nascetur,
1103 4927 1441 4995 splendidum
1490 4942 1680 4995 nempe
1737 4934 1791 4980 et
1837 4925 2075 4996 elegans,
2131 4925 2223 4977 sed
2275 4939 2372 4976 nu-

802 5021 929 5073 dum
966 5035 1187 5087 granum
1215 5038 1229 5074 :
1255 5029 1488 5073 attamen
1517 5022 1671 5089 spica
1713 5018 1987 5073 decentior
2016 5026 2068 5071 et
2099 5015 2373 5085 pulchrior

804 5112 931 5165 inde
959 5112 1217 5180 exsurgit.
1243 5110 1426 5181 Neque
1459 5112 1646 5164 eadem
1676 5119 1760 5164 est
1792 5109 2033 5173 omnino,
2062 5122 2181 5161 nam
2220 5108 2367 5176 spica

805 5219 909 5257 non
948 5213 1030 5257 est
1076 5206 1356 5269 seminata,
1394 5219 1513 5255 cum
1544 5202 1722 5257 culmo
1779 5202 2031 5255 nimirum
2076 5208 2128 5253 et
2174 5200 2374 5261 arisds,

809 5295 902 5348 sed
928 5296 1126 5348 nudum
1161 5310 1387 5363 granum
1426 5313 1437 5347 :
1467 5308 1639 5363 neque
1666 5293 1886 5347 omnino
1909 5292 2049 5345 aliud
2074 5305 2167 5345 seu
2198 5292 2374 5345 diver-

808 5402 954 5450 sum,
1007 5389 1437 5455 quandoquidem
1481 5402 1588 5443 non
1617 5402 1681 5441 ex
1717 5384 1823 5440 alio
1856 5399 2043 5452 grano,
2082 5400 2265 5438 verum
2312 5398 2375 5437 ex

810 5479 952 5532 nudo
985 5479 1073 5531 illo
1105 5490 1187 5532 est
1217 5480 1381 5547 spica.

886 5569 1038 5622 Vens.
1068 5570 1153 5622 58.
1185 5588 1202 5620 ‹
1233 5567 1371 5623 Deus
1400 5578 1579 5624 autem
1605 5569 1694 5623 dat
1724 5584 1923 5637 corpus
1961 5569 2084 5639 ipsi,
2113 5567 2373 5637 quemad~

2469 4569 2789 4640 φασὶ,δηλοῖ
2821 4567 2848 4617 ὁ
2885 4564 3209 4622 Ἀπόστολος
3229 4561 3315 4614 διὰ
3345 4560 3436 4614 τοῦ
3460 4563 3653 4619 εἰπεῖν,
3696 4577 3713 4607 ι
3754 4559 3830 4611 0‘5
3876 4559 3937 4611 τὸ
3964 4576 4047 4624 γε·

2471 4663 2822 4732 νησύμενον.»
2850 4658 2921 4711 Οὐ
2952 4656 3109 4708 τοῦτο
3123 4656 3177 4707 δὲ
3199 4655 3342 4721 λέγει
3380 4656 3406 4705 ὁ
3437 4654 3777 4713 Ἀπόστολος·
3802 4651 3859 4702 ἀ)
3874 4652 3939 4703 λα
3968 4653 4043 4712 τί;

2471 4755 2551 4807 ὅτι
2591 4753 2663 4804 Οὐ
2716 4749 2963 4820 σπείρεις
3014 4745 3127 4799 οἷον
3190 4746 3501 4814 γενήσεται,
3546 4743 3798 4813 λαμπρὸν
3848 4742 4045 4809 δηλαδὴ

2470 4846 2564 4897 καὶ
2595 4844 2844 4911 κόσμιον,
2882 4840 3016 4892 ἀλλὰ
3045 4837 3248 4908 γυμνὸν
3290 4840 3506 4890 κόκκον
3538 4835 3651 4888 ἀλλ’
3678 4836 3826 4904 ὅμως
3864 4839 3889 4887 ο
3924 4833 4044 4885 :15-

2471 4954 2568 5007 χυς
2620 4934 3056 5003 εὐπρεπέστερος
3104 4930 3299 4998 φύεται
3328 4931 3394 4982 ττ.
3446 4928 3581 4981 Οὔτε
3635 4931 3661 4980 ὁ
3716 4928 3885 4988 αὐτὸς
3939 4928 4044 4977 ἐστι

2475 5030 2674 5095 πάντη,
2707 5026 2839 5078 διότι
2868 5026 2970 5078 οὐκ
2995 5024 3212 5094 ἐσπάρη
3247 5024 3467 5092 στάχυς,
3502 5020 3637 5091 μετὰ
3662 5019 3762 5087 τῆς
3796 5019 4041 5087 καλάμης

2474 5117 2698 5189 δηλαδὴ.
2751 5116 2845 5169 καὶ
2881 5114 2989 5167 τῶν
3035 5113 3355 5183 ἀνθερίκων,
3404 5111 3537 5163 ἁλλά
3582 5108 3789 5177 γυμνὸς
3832 5107 4040 5165 κζκκος’

2474 5211 2595 5263 οὗτε
2631 5211 2817 5280 ἕτερος
2850 5209 3049 5276 πάντη,
3079 5207 3212 5259 διότι
3240 5207 3339 5258 οὐκ
3376 5205 3435 5269 ἐξ
3462 5206 3646 5274 ἐτέρου
3679 5202 3907 5267 κόκκου,
3937 5197 4039 5251 ἀλλ’

2476 5309 2537 5357 ὲκ
2570 5304 2660 5357 τοῦ
2696 5304 2905 5373 γυμνοῦ
2934 5301 3144 5354 ἐκείνου
3176 5302 3203 5352 ὁ
3243 5299 3463 5369 στάχυς.

2548 5586 2564 5616 ί
2620 5567 2677 5620 '0
2727 5566 2780 5619 δὲ
2831 5566 2961 5628 Θεὸς
3020 5564 3167 5635 αὐτῷ
3220 5564 3403 5618 δίδωτι
3452 5562 3631 5633 σῶμα,
3691 5560 3875 5622 καθὼς
3922 5557 4043 5629 ἠθέ-

2129 5726 2326 5786 Variae
2360 5723 2689 5785 lectiones.

885 5850 931 5879 "
965 5850 1063 5900 οὐκ
1116 5844 1286 5913 εἶπεν,
1342 5851 1517 5913 οὕτως
1564 5850 1659 5920 ύμ.
1701 5849 1781 5903 λέ.
1826 5849 1864 5903 7.
1901 5850 1982 5902 ἀν.
2016 5866 2067 5903 o.

2144 5850 2188 5883 ⁷⁷
2215 5848 2423 5917 γίνεται
2451 5864 2502 5903 ο.
