4272 6448
203 391 323 458 773

991 389 1398 452 EXPOSITIO
1439 390 1520 450 IN
1554 389 1791 452 EPIST.
1838 393 1862 451 Ι
1905 395 2002 452 AD
2033 396 2199 457 COR.
2234 423 2296 433 —
2335 399 2493 460 CAP.
2538 401 2655 458 XV.

3353 406 3456 463 ΤΗ

201 515 399 582 ὶδησεν.
439 529 457 562 ι
501 512 562 564 Ei
593 509 684 563 οὖν
720 510 747 563 ὁ
776 508 907 568 Θεὸς
943 509 1126 563 δίδωσι
1161 510 1341 580 σῶμα,
1376 511 1429 562 τί
1459 510 1538 563 ἔτι
1569 528 1787 582 περιερο
1823 516 1863 567 Λ

1776 516 1863 567 -Λ
1896 515 2111 567 modum
2160 516 2348 568 voluit.
2407 537 2423 568 ι
2455 518 2507 570 Si
2558 532 2685 585 ergo
2750 515 2890 569 Deus
2938 531 3131 583 corpus
3165 516 3463 586 226mm.

203 605 379 674 γάζῃ,
428 603 564 673 ποίῳ
615 601 826 671 σώματι
869 603 1223 672 ἐγειρόμεθα,
1267 605 1363 656 καὶ
1407 604 1707 665 διαπιστεῖς
1732 607 1796 673 τῇ

205 698 532 759 ἀναστάσει,
569 696 779 749 ἁκούων
812 695 947 748 Θεοῦ
999 695 1230 765 δύναμιν
1279 697 1374 749 καὶ
1419 697 1678 765 θέλησιν;
1740 697 1796 749 '0

206 797 326 862 γάρ
357 793 489 853 Θεὸς
538 792 598 843 τὸ
625 790 785 842 λυθὲν
814 792 912 857 μὲν
956 789 1160 857 ἐγείρει
1193 789 1374 856 σῶμα,
1420 789 1560 858 πλὴν
1600 789 1800 857 εὐπρε-

210 882 485 952 πέστερον
518 883 609 934 καὶ
663 879 1204 949 πνευματικώτερον.
1252 880 1422 932 Τοῦτο
1453 880 1558 947 γὰρ
1586 879 1678 931 καὶ
1710 879 1802 930 ἐπὶ

211 974 331 1025 ’τῶν
363 973 688 1043 σπερμάτων
715 972 862 1022 ἐστιν
891 971 1092 1039 εὑρεῖν,
1123 972 1204 1024 ὅτι
1229 971 1666 1041 εὐπρεπέστερον
1705 971 1796 1024 τοῦ

216 1064 661 1134 καταϐληθέντος
697 1063 755 1113 τὸ
793 1061 1098 1131 βλαστῆσαν
1135 1062 1333 1115 ἄνεισι.

302 1267 319 1298 ι
354 1247 465 1300 Καὶ
514 1248 730 1313 ἑκάστῳ
778 1245 888 1296 τῶν
934 1245 1266 1316 σπερμάτων
1295 1245 1351 1298 τὸ
1386 1247 1512 1298 ἴδιον
1564 1247 1739 1316 σῶμα.
1776 1266 1791 1297 ι

219 1339 394 1391 Τοῦτο
425 1339 532 1390 τῶν
582 1338 870 1406 αἱρετικῶν
922 1339 1331 1408 ἀναντιρῤἠτως
1379 1339 1682 1408 ἐμφράττει
1735 1340 1799 1392 τά

221 1430 470 1498 στόματα
520 1428 629 1481 τῶν
663 1429 952 1494 λεγόντων,
985 1429 1046 1480 τὸ
1081 1429 1211 1479 αὐτὸ
1259 1430 1416 1498 σῶμα
1461 1431 1516 1481 ἐν
1552 1434 1615 1498 τῇ
1666 1432 1794 1482 ἀνα⁶

221 1525 414 1574 στάσει
443 1523 514 1591 μὴ
540 1521 870 1590 ἐγείρεσθαι,
895 1522 1007 1572 ἀλλ’
1026 1520 1231 1590 ἕτερον.
1271 1521 1402 1573 Ἰδοὺ
1427 1520 1532 1591 γὰρ
1559 1523 1795 1587 ἀκούεις,

221 1613 306 1664 ὅτι
337 1612 396 1663 τὸ
429 1613 558 1663 ἴδιον
589 1613 746 1679 σῶμα
778 1612 990 1678 ἑκάστῳ
1024 1610 1245 1662 δίδοται.

303 1723 320 1754 ι
364 1705 436 1756 Οὐ
490 1707 637 1755 πάσα
694 1701 830 1772 σάρξ
871 1704 904 1772 ἠ
945 1703 1081 1772 αὑτὴ
1131 1702 1288 1770 σάρξ,
1334 1703 1469 1755 άλλά
1513 1704 1645 1772 ἄλλη
1701 1705 1799 1770 μὲν

222 1795 552 1864 ἀνθρώπων,
609 1795 741 1863 ἄλλη
797 1794 851 1845 δὲ
915 1794 1052 1862 σάρξ
1100 1794 1332 1862 κτηνῶν,
1378 1795 1510 1863 ἄλλη
1562 1796 1616 1848 δὲ
1666 1796 1796 1866 σάρξ

223 1887 471 1955 πτηνῶν,
502 1887 633 1956 άλλη
671 1888 724 1937 δὲ
761 1885 979 1954 ἰχθύων.
1040 1904 1057 1935 ι
1121 1887 1239 1939 Ἵνα
1294 1886 1367 1958 μὴ
1402 1888 1635 1950 ἀκούσας
1672 1891 1797 1958 περὶ

223 1979 316 2030 τοῦ
354 1981 524 2040 σίτου,
577 1977 828 2048 νομίσῃς,
879 1977 960 2029 ὅτι
993 1977 1180 2045 ὥσπερ
1211 1977 1305 2030 ἐπὶ
1353 1979 1567 2043 τούτου,
1600 1981 1798 2042 πάντες

222 2073 273 2123 οἱ
303 2073 591 2139 βάστάχυες
641 2071 894 2139 ὁμότιμοι
949 2071 1162 2122 ἀνίασιν
1194 2070 1260 2134 ⁷⁸,
1310 2070 1451 2123 οὕτω
1486 2072 1580 2124 καὶ
1625 2073 1681 2123 ἐν
1728 2075 1793 2140 τῇ

227 2165 524 2216 ἀναστάσει
555 2163 755 2224 πάντες
789 2163 1038 2232 ὁμότιμοι
1066 2163 1299 2216 ἔσονται·
1338 2163 1508 2229 δεῖξαι
1543 2163 1683 2216 θέλει
1716 2166 1797 2217 ὅτι

223 2256 459 2324 διαφορά
488 2257 602 2307 ἐστι
633 2256 740 2306 τῶν
773 2253 1145 2323 ἀνισταμένων
1175 2256 1331 2324 (ὅπερ
1358 2257 1450 2308 καὶ
1478 2257 1797 2326 προφθάσας

225 2350 467 2418 ᾐνίξατο,
514 2346 700 2398 εἰπών·
735 2364 752 2396 ι
789 2346 1053 2407 Ἕκαστος
1083 2347 1139 2397 ἐν
1166 2344 1242 2415 τῷ
1277 2346 1389 2414 ἰδίῳ
1433 2348 1669 2416 τάγματι
1713 2368 1729 2398 ι
1755 2352 1794 2415 ),

225 2440 320 2491 καί
356 2456 538 2508 φησιν,
571 2441 649 2489 ὅτι
684 2456 700 2488 ι
727 2437 800 2488 Οὐ
834 2439 982 2489 πάσα.
1007 2435 1203 2507 σάρξ¹ή
1230 2437 1365 2505 αὑτὴ
1399 2438 1554 2508 σάρξ·
1587 2457 1605 2489 ι
1639 2457 1798 2492 τουτ-

235 2536 406 2595 ἐστιν,
442 2533 512 2583 Οὐ
558 2533 755 2592 πάντες
788 2532 844 2581 ἐν
878 2532 942 2599 τῇ
980 2531 1115 2599 αὐτῇ
1149 2533 1279 2601 τιμῇ
1317 2532 1651 2594 ἀνίστανται,
1683 2536 1796 2587 ἀλλ’

228 2626 416 2694 έχουσι
443 2624 726 2693 διαφορὰν,
761 2622 982 2692 πρώτην
1005 2624 1053 2675 οἱ
1083 2623 1278 2676 δίκαιοι
1305 2626 1437 2691 πρός
1468 2628 1590 2688 τοὺς
1617 2628 1798 2697 ἀμαρ-

229 2717 455 2779 τωλοὺς,
510 2715 575 2782 ἦν
607 2715 787 2782 ἔχουσι
821 2713 890 2765 τά
925 2711 1148 2781 σώματα
1195 2715 1263 2765 τά
1295 2715 1522 2784 οὐράνια
1550 2717 1698 2786 [πρὸς
1733 2720 1800 2772 τά

229 2809 470 2874 ἐπίγεια·
505 2809 715 2866 ἔπειτα,
753 2806 845 2858 καὶ
881 2807 937 2857 ἐν
965 2806 1144 2868 αὐτοῖς
1174 2809 1282 2868 τοῖς
1309 2807 1505 2861 δικαίοι
1570 2811 1800 2879 διαφορά

234 2897 460 2967 βαθμῶν
498 2896 686 2962 πολλὴ,
718 2896 791 2957 ὡς
825 2891 1181 2964 παρακατιὼν
1217 2896 1350 2962 ἐρεῖ·
1384 2898 1476 2946 καὶ
1516 2897 1572 2947 ἐι
1619 2898 1800 2959 αὐτοῖς

230 2994 346 3051 τοῖς
389 2988 749 3058 ἁμαρτωλοῖς.
786 2989 896 3040 Καὶ
945 2989 1072 3054 γὰρ,
1111 2988 1296 3054 φησὶν,
1351 2985 1537 3057 ὥσπερ
1571 2988 1802 3059 διαφορά

233 3085 351 3133 ἐστι
383 3083 476 3148 τῆς
525 3081 725 3149 σαρκὸς
771 3080 880 3131 τῶν
922 3079 1243 3148 ἀνθρώπων,
1287 3079 1504 3146 καὶτῆς
1534 3081 1641 3132 τῶν
1673 3100 1801 3152 κτη-

1904 607 2028 672 qttid
2053 618 2132 660 est
2175 611 2313 674 quoi
2346 611 2570 675 amplius
2598 608 2810 662 curiose
2839 608 3101 675 inquiras,
3138 613 3281 676 quali
3332 626 3467 660 cor-

1906 714 2034 765 pore
2084 702 2398 761 excitemur,
2433 718 2494 752 ac
2529 702 2734 753 dillidas
2790 703 3200 764 resurrectioni,
3247 703 3469 757 audiens

1905 791 1994 841 Dei
2023 793 2308 856 pOIClllium
2337 803 2388 844 ct
2417 794 2935 847 voluntatetn?l)etts
2963 795 3104 846 enim
3133 796 3460 847 dissolutum

1901 882 2117 950 quidem
2143 897 2338 949 corpus
2359 885 2581 945 excitat,
2622 901 2805 937 verum
2849 886 3145 950 pulchrius,
3194 886 3466 938 decentius

1903 986 1956 1027 et
1980 975 2338 1042 spiritualius.
2366 976 2474 1028 Hoc
2514 978 2656 1030 enim
2683 988 2736 1029 et
2771 977 2824 1030 in
2850 980 3144 1031 seminibus
3177 979 3300 1030 licet
3325 980 3466 1031 inre-

1902 1069 2036 1122 nire.
2075 1068 2204 1121 Nam
2243 1070 2536 1136 speciosius
2571 1083 2623 1123 et
2650 1073 2974 1137 elegantius,
3010 1072 3274 1125 dissoluto
3303 1074 3460 1126 semi-

1903 1178 1987 1223 ne,
2011 1164 2150 1228 quod
2186 1173 2366 1214 natum
2388 1173 2465 1214 est
2490 1178 2705 1223 germen
2732 1165 2998 1232 exsurgit.

1981 1272 1997 1302 ι
2039 1251 2102 1303 Et
2124 1255 2412 1320 unicuique
2441 1256 2703 1306 seminum
2745 1257 3017 1322 proprium
3063 1273 3276 1322 corpus.
3310 1276 3326 1307 ι
3360 1258 3465 1310 Hoc

1905 1341 2275 1395 haereticorum
2309 1359 2399 1392 ora
2433 1343 2873 1409 irrrl‘ragahihter
2904 1346 3155 1407 obstruit,
3195 1346 3465 1398 aﬂitntano

1908 1435 2037 1483 lium
2088 1433 2223 1483 idem
2266 1448 2483 1500 corpus,
2527 1433 2577 1484 in
2633 1439 3028 1487 rcsurn-ctionc
3068 1453 3170 1488 non
3221 1438 3467 1502 excitari,

1903 1524 1994 1577 sed
2038 1525 2329 1578 diversum.
2381 1524 2456 1578 En
2509 1527 2663 1579 audis
2724 1528 2867 1581 enim
2911 1530 3052 1596 quod
3089 1546 3242 1582 suum
3278 1531 3466 1598 cuique

1903 1630 2093 1682 corpus
2120 1618 2297 1668 datur.

1979 1703 2137 1757 Vens.
2173 1705 2261 1760 59.
2303 1725 2319 1756 ι
2355 1705 2674 1764 Nonoamis
2701 1725 2827 1763 caro
2863 1723 2944 1765 est
2975 1711 3181 1776 eadem,
3215 1712 3306 1764 sed
3367 1713 3467 1764 alia

1904 1796 2118 1862 quidem
2160 1797 2456 1862 hominum,
2495 1801 2596 1852 alia
2652 1811 2828 1854 autem
2882 1817 3156 1869 pecorum,
3190 1805 3289 1856 alia
3343 1819 3467 1854 vero

1905 1898 2031 1936 caro
2066 1887 2386 1948 volucrium,
2423 1886 2525 1939 alia
2558 1903 2685 1940 vero
2721 1890 2972 1956 piscium.
3007 1910 3023 1941 ι
3061 1890 3136 1942 Ne
3166 1905 3284 1944 cum
3315 1891 3466 1945 audis

1904 1977 1969 2030 de
2019 1976 2310 2038 frumento,
2372 1979 2674 2037 arbitreris.
2707 1982 2850 2048 quod
2909 1983 3359 2048 quemadmodum
3418 1984 3467 2035 in

1904 2067 2004 2121 hoc
2052 2084 2239 2120 Omnes
2288 2070 2448 2136 SpiCJ}
2495 2071 2731 2138 ﬂ‘Qllnlt‘S
2772 2075 3051 2140 prodeant.
3090 2077 3169 2127 sic
3208 2085 3260 2128 et
3298 2076 3346 2127 in
3385 2092 3466 2129 τε-

1903 2161 2238 2214 Surrectioue
2275 2176 2463 2214 omnes
2518 2162 2629 2215 fore
2684 2165 2886 2218 honore
2943 2180 3097 2233 pares
3128 2184 3139 2218 :
3169 2175 3467 2219 monstrare

1903 2251 2015 2303 vult
2059 2253 2201 2316 quod
2241 2252 2528 2305 discrimen
2569 2253 2640 2306 sit
2680 2256 3087 2322 resurgentium,
3126 2256 3173 2307 id
3209 2259 3347 2322 quod
3376 2272 3464 2308 sn-

1903 2357 2000 2409 pra
2055 2343 2227 2394 innuit
2258 2384 2272 2405 ,
2299 2344 2605 2410 ¢;Qtiilihet,
2638 2344 2905 2411 inquiens,
2971 2349 3017 2396 in
3076 2349 3289 2414 proprio
3323 2350 3457 2399 ordi-

1907 2450 1991 2487 ne.
2036 2453 2053 2485 ›
2093 2435 2183 2487 Ait
2215 2446 2390 2489 autem
2425 2438 2562 2503 quod
2597 2457 2613 2488 ι
2650 2436 2768 2490 Non
2800 2438 2973 2492 omnis
3004 2454 3129 2491 caro
3162 2439 3230 2492 sit
3281 2440 3467 2493 eadem

1905 2540 2051 2591 caro,
2094 2545 2112 2577 ι
2146 2527 2244 2580 hoc
2274 2536 2356 2581 est
2401 2542 2502 2579 non
2535 2543 2720 2581 omnes
2753 2528 2864 2596 pari
2923 2531 3122 2583 honore
3160 2544 3467 2599 resurgunt,

1905 2624 1998 2676 sed
2059 2623 2623 2677 diverso:euimvero
2676 2624 2903 2692 ptiniani
2960 2625 3160 2678 habent
3213 2626 3466 2680 differen-

1907 2716 2032 2768 tiam
2060 2715 2190 2781 justi
2223 2715 2288 2766 ad
2327 2725 2656 2782 peccatores,
2690 2731 2848 2782 quam
2904 2716 3096 2767 hahent
3144 2718 3467 2784 superetele-

1909 2805 2010 2857 stia
2040 2819 2265 2871 corpora
2306 2805 2659 2858 terrestribus
2689 2805 2904 2858 collata.
2943 2805 3139 2859 Deinde
3167 2819 3220 2860 et
3250 2809 3299 2860 in
3341 2809 3467 2873 ipsis

1902 2900 2066 2968 justis
2098 2913 2288 2968 magna
2321 2896 2623 2952 differentia
2683 2899 2965 2968 graduum,
3005 2907 3061 2949 ut
3099 2900 3148 2951 in
3185 2914 3466 2966 progressu

1907 2991 2068 3055 dicet,
2100 2991 2338 3058 adeoque
2373 2990 2422 3042 in
2447 2990 2576 3058 ipsis
2603 2989 2991 3058 peccatoribus.
3016 2991 3105 3043 Ait
3135 2992 3274 3043 enim
3300 3009 3311 3041 :
3343 2990 3467 3044 Per-

1908 3085 2030 3138 inde
2066 3100 2144 3136 -ac
2194 3083 2484 3136 discrimen
2519 3093 2596 3136 est
2638 3085 2686 3135 in
2724 3097 2889 3136 carne
2919 3084 3189 3136 hominum
3224 3097 3276 3136 et
3312 3100 3468 3150 poeu-

235 3173 364 3235 νώι,
402 3174 492 3223 καὶ
524 3173 628 3222 τῶν
656 3172 854 3222 λοιπῶν
890 3170 1061 3233 ζώων·
1096 3169 1235 3222 οὕτω
1271 3173 1361 3224 καὶ
1395 3173 1505 3224 τῶν
1539 3174 1798 3242 ἁμαρτω·
1830 3201 1869 3258 C
1907 3191 1922 3228 l

1777 3204 1798 3215 -
1830 3201 1869 3258 ρ
1907 3189 2022 3228 rum
2055 3183 2106 3229 et
2151 3173 2476 3241 reliquorum
2523 3174 2836 3226 animalium
2872 3190 2886 3227 :
2920 3175 2994 3226 sic
3020 3184 3074 3226 et
3125 3185 3464 3242 peccatorum

231 3265 342 3316 λῶν
374 3265 523 3316 ἔσται
551 3265 783 3333 διαφορά
813 3263 869 3314 ἐν
897 3265 1011 3325 ταῖς
1043 3263 1319 3315 κολάσεσι.
1369 3264 1550 3317 Πάντα
1581 3262 1671 3318 οὖν
1697 3269 1795 3320 ὅσα

233 3357 445 3422 εἴρηται
476 3353 646 3420 τούτῳ
681 3353 794 3410 νῦν,
833 3353 959 3420 περί
987 3352 1248 3419 διαφορᾶς
1283 3353 1619 3422 ἁμαρτωλῶν
1649 3356 1796 3424 εἴρη-

230 3462 344 3495 ται.
383 3445 510 3512 Περὶ
543 3447 648 3511 γὰρ
675 3443 782 3493 τῶν
825 3442 1050 3494 δικαίων
1085 3445 1441 3512 παρακατιὼν
1473 3444 1640 3511 λέγει,
1670 3448 1795 3499 ὅταν

229 3538 458 3602 οὐράνια
492 3534 764 3604 καταλέγῃ
795 3533 1038 3602 σώματα.

310 3645 328 3675 ‹
370 3628 475 3678 Καὶ
513 3626 736 3693 σώματα
789 3627 1105 3692 ἐπουράνια,
1155 3627 1248 3679 καὶ
1296 3627 1522 3694 σώματα
1553 3630 1791 3697 ἐπίγεια·

232 3720 348 3771 ἀλλ’
380 3717 542 3786 ἑτέρα
585 3719 681 3786 μὲν
712 3719 743 3785 ἡ
788 3716 893 3767 τῶν
935 3717 1268 3784 ἐπουρανίων
1308 3716 1455 3781 δόξα,
1486 3721 1646 3789 ἑτέρα
1677 3723 1730 3774 δὲ
1762 3726 1793 3792 ἡ

232 3811 342 3861 τῶν
366 3810 643 3876 ἐπιγείων.
680 3827 696 3858 ›
736 3808 1020 3871 Ἐνταῦθα,
1052 3810 1186 3876 ὅπερ
1216 3809 1308 3861 καὶ
1338 3811 1590 3880 ἀνωτέρω
1620 3809 1790 3878 εἷπον,

236 3904 334 3970 τὴν
383 3901 641 3969 διαφοράν
691 3917 797 3953 των
834 3900 1055 3953 δικαίων
1101 3900 1235 3968 πρὸς
1275 3903 1399 3964 τοὺς
1442 3905 1796 3974 ἁμαρτωλοὺς

235 3993 405 4058 δηὶ-οἰ·
438 3996 561 4053 τοις
596 3993 691 4060 μὲν
741 3991 920 4042 καλῶν
961 3994 1257 4060 ἐπουράνια
1305 3994 1548 4062 σώματα·
1587 3996 1710 4056 τοὺς
1741 3996 1797 4047 δέ

235 4100 298 4149 γε
343 4081 714 4149 ἁμαρτωλοὺς,
772 4080 1010 4146 ἐπίγεια·
1045 4081 1137 4132 καὶ
1166 4080 1326 4149 ἑτέρα
1364 4082 1459 4149 μὲν
1510 4084 1540 4149 ἡ
1574 4081 1681 4132 τῶν
1715 4083 1795 4133 δι-

235 4173 405 4225 καίων
433 4172 577 4236 δόξα,
611 4170 770 4240 ἑτέρα
797 4172 849 4223 δὲ
881 4173 912 4238 ὴ
945 4171 1050 4223 τῶν
1075 4171 1429 4240 ἁμαρτωλῶν,
1459 4173 1638 4224 οὐκέτι
1668 4175 1793 4239 δόξα

237 4268 320 4331 (οὔ
353 4266 458 4332 γάρ
486 4264 563 4316 δεῖ
598 4264 1006 4315 συνυπακοῦσαι
1034 4263 1234 4330 τοῦτο),
1265 4264 1379 4316 ἀλλ’
1407 4266 1438 4333 ὴ
1472 4265 1736 4335 διαγωγή.

315 4374 331 4402 ι
377 4355 542 4421 Ἀλλη
585 4354 709 4418 δόξα
743 4354 912 4421 ἡλίου,
957 4353 1050 4404 καὶ
1084 4353 1216 4422 ἄλλη
1252 4353 1378 4418 δόξα
1419 4354 1665 4423 σελήνης,
1704 4357 1794 4408 καὶ

234 4445 370 4511 ἄλλη
397 4444 518 4507 δζξα
552 4446 814 4512 ἀστέρων·
863 4444 1038 4512 ἀστὴρ
1072 4444 1180 4512 γάρ
1207 4444 1430 4512 ἀστέρος
1463 4446 1709 4514 διαφέρει
1739 4449 1795 4498 ἐν

1906 3267 2193 3321 discrimen
2221 3269 2323 3320 erit
2358 3267 2406 3318 in
2453 3268 2648 3334 plenis.
2678 3264 2868 3318 Omnia
2927 3267 3090 3334 igitur
3137 3282 3467 3336 qumcunqce

1909 3373 2050 3411 nunc
2081 3357 2145 3410 ab
2177 3357 2268 3410 illo
2300 3357 2442 3410 dicta
2471 3366 2616 3420 sunt,
2648 3360 2711 3410 de
2759 3359 3069 3411 discrimine
3125 3371 3464 3424 peccatorum

1906 3451 2046 3501 dicta
2086 3456 2227 3502 sunt.
2263 3448 2337 3502 De
2364 3451 2522 3516 justis
2546 3450 2687 3502 enim
2731 3448 2866 3501 infra
2901 3449 3048 3513 dicit,
3099 3455 3310 3517 quando
3359 3465 3468 3502 ro-o

1907 3540 2058 3594 lcstia
2094 3548 2337 3594 recenset
2369 3554 2616 3607 corpora.

1982 3631 2139 3684 Vens.
2178 3631 2264 3684 40.
2304 3648 2320 3679 ι
2369 3630 2430 3683 lit
2457 3645 2678 3697 corpora
2712 3630 3134 3699 supercrelestia,
3160 3643 3213 3685 et
3243 3647 3465 3700 corpora

1909 3723 2179 3775 terrestria
2221 3740 2232 3774 :
2263 3722 2356 3774 sed
2388 3721 2490 3774 alia
2525 3723 2740 3790 quidem
2775 3725 3244 3792 supercmlcstimu
3270 3723 3461 3794 gloria,

1908 3815 2009 3864 alia
2065 3826 2190 3864 v--ro
2239 3814 2601 3864 terrestrium.
2638 3830 2655 3861 ι
2696 3811 2792 3865 llic
2828 3822 2882 3864 ut
2913 3829 3072 3882 supra
3115 3815 3242 3877 dixi,
3289 3813 3465 3881 justo-

1912 3920 2026 3958 rum
2056 3912 2106 3956 et
2140 3912 2479 3970 peccatorum
2513 3903 2868 3956 differentiam
2904 3905 3138 3958 ostendit
3170 3922 3183 3957 :
3212 3906 3326 3960 illos
3349 3907 3465 3974 qui-

1907 3999 2026 4049 dem
2056 4008 2249 4047 voeans
2280 3995 2938 4061 Superccelestiat'orpora,
2974 3997 3070 4049 hos
3101 4011 3243 4060 vero,
3278 4013 3462 4062 pecca-

1909 4098 2050 4140 tores
2109 4086 2334 4148 scilicet,
2378 4087 2656 4138 terrestria
2691 4097 2782 4139 :et
2818 4087 2916 4139 alia
2952 4089 3163 4154 quidem
3201 4091 3462 4153 iustorum

1906 4180 2096 4245 gloria,
2124 4177 2225 4229 alia
2258 4192 2384 4230 vero
2421 4186 2786 4244 peccatorum,
2814 4193 2917 4230 non
2958 4179 3126 4246 gloria
3157 4180 3279 4240 (hoc
3315 4181 3458 4233 enim

1906 4269 2407 4338 Subintelligendmn
2453 4284 2556 4322 non
2607 4272 2708 4335 est)
2744 4272 2833 4322 sed
2882 4270 3237 4323 conversatio.

1980 4362 2135 4415 Vens.
2162 4365 2248 4415 41.
2285 4379 2302 4410 ‹
2343 4362 2453 4414 Alia
2507 4371 2588 4414 est
2620 4363 2784 4428 gloria
2839 4363 2987 4422 solis.
3029 4375 3081 4414 et
3140 4362 3241 4415 alia
3295 4363 3458 4429 gloria

1908 4457 2061 4515 lnum,
2091 4464 2142 4506 et
2173 4454 2276 4505 alia
2331 4452 2496 4519 gloria
2527 4453 2800 4506 stellarum
2837 4471 2848 4504 :
2884 4454 3034 4506 stella
3069 4455 3207 4506 cnizn
3234 4469 3260 4504 a
3307 4456 3457 4507 stella

235 4537 387 4605 δόξῃ.
417 4556 431 4584 ι
471 4537 678 4604 Ὠσπερ
712 4534 889 4604 μικρῷ
912 4534 1220 4604 ἔμπροσθεν
1243 4528 1360 4584 εἷπε
1391 4534 1497 4586 τῶν
1534 4537 1791 4604 ἁμαρτω·
1824 4549 1922 4608 Dd

1778 4569 1791 4575 -
1824 4550 1876 4608 Ι)
1901 4546 2076 4599 dim-rt
2111 4546 2162 4596 in
2197 4543 2383 4611 gloria.
2421 4561 2438 4593 ι
2471 4541 2697 4595 Perinde
2751 4558 2812 4595 ac
2844 4544 3001 4609 paulo
3029 4554 3151 4596 ante
3174 4558 3455 4611 corporum

236 4628 342 4679 λῶν
380 4628 641 4696 σωμάτων
674 4628 768 4688 τὰς
820 4627 1104 4692 διαφοράς,
1151 4627 1256 4677 ἀπὸ
1299 4625 1599 4694 ἀνθρώπων
1634 4628 1801 4693 ἀρξά-

240 4736 420 4787 μενος,
451 4720 543 4769 καὶ
581 4719 706 4785 ἑξῆς
742 4716 959 4785 πτηνῶν
993 4717 1392 4786 μνημονεύσας,
1445 4721 1535 4769 καὶ
1565 4719 1799 4786 κτηνῶν,

238 4810 333 4861 καὶ
380 4808 596 4876 ἰχθύων,
640 4807 775 4859 διότι
827 4808 922 4859 καὶ
955 4808 1004 4859 οἱ
1053 4809 1388 4877 ἁμαρτωλοὶ,
1423 4807 1695 4877 ἄνθρωποι
1743 4807 1802 4871 ἐξ

236 4900 408 4969 ἀρχῆς
441 4901 742 4965 γεγονότες,
781 4893 901 4950 εἶτα
929 4897 1019 4948 ἐπὶ
1046 4899 1143 4966 τὴν
1170 4898 1276 4949 τῶν
1310 4899 1516 4964 ἀλόγων
1544 4899 1799 4964 ὁμοίωσιν

238 4990 667 5059 κατηνέχθησαν·
708 4989 850 5042 οὕτω
883 4991 976 5041 καὶ⁵
1020 4989 1126 5041 τῶν
1158 4990 1378 5042 δικαίων
1408 4991 1503 5052 τάς
1537 4991 1797 5059 διαφορὰς

236 5083 495 5135 δείκνυσι.
545 5083 748 5144 Πάντες
793 5081 891 5150 μὲν
931 5082 1036 5151 γὰρ
1077 5085 1134 5135 ὲν
1177 5081 1323 5152 δόξῃ·
1359 5083 1515 5145 ἀλλά,
1563 5083 1689 5135 ἀλλο
1739 5085 1828 5133 τὸν

238 5175 352 5243 φῶς
379 5174 470 5225 τοῦ
499 5173 672 5242 ἡλίου,
708 5175 801 5225 καὶ
831 5173 958 5225 ἄλλο
1001 5173 1062 5224 τὸ
1106 5172 1202 5242 τῆς
1253 5173 1501 5240 σελήνης,
1553 5176 1643 5224 καὶ
1674 5173 1798 5240 ἄχρι

235 5267 343 5319 τῶν
368 5265 658 5334 τυχόντων.
692 5265 799 5317 Καὶ
828 5265 934 5334 γάρ
967 5265 1192 5335 ἀστέρες
1239 5265 1370 5333 πρὸς
1405 5266 1640 5334 ἀστέρας
1687 5264 1799 5315 δια-

237 5360 490 5429 φέρουσιν
522 5361 578 5411 ὲν
619 5357 763 5427 δόξῃ,
800 5358 1097 5421 τουτέστιν,
1127 5359 1182 5408 ἐν
1210 5356 1285 5425 τῷ
1330 5357 1495 5423 φωτί·
1534 5357 1658 5419 δόξα
1693 5358 1798 5427 γὰρ

234 5448 346 5500 τῶν
386 5449 652 5517 ἀστέρων,
684 5450 743 5498 τὸ
775 5447 906 5514 φῶς.
939 5448 1092 5509 Τινὲς
1125 5447 1180 5499 δὲ
1223 5445 1446 5515 σώματα
1480 5447 1794 5514 ἐπουράνια,

234 5540 362 5601 τοὺς
403 5539 666 5606 ἀγγέλους
696 5539 942 5608 ἐνόησαν,
988 5538 1086 5589 οὐκ
1118 5538 1378 5606 εὐστόχως
1415 5533 1567 5592 οἷυαι
1600 5540 1664 5568 79'
1705 5539 1798 5589 καὶ

1899 4646 2238 4708 ιεεεειιοτιιηι
2264 4633 2592 4688 (ὶίιῐει-εηιίεδ
2621 4633 2773 4695 dixit,
2805 4634 2871 4687 ab
2897 4635 3202 4687 hominibus
3231 4651 3457 4689 exorsus

1898 4743 1961 4781 ac
1995 4728 2245 4795 deinceps
2277 4725 2602 4777 mentionem
2631 4724 2831 4776 iaciens
2865 4725 3164 4784 volucrum,
3200 4739 3452 4792 pecorum

1897 4827 1948 4872 et
1974 4821 2220 4886 piscium,
2269 4830 2331 4876 eo
2371 4817 2509 4882 quod
2538 4826 2591 4868 et
2619 4814 2718 4882 ipsi
2752 4823 3080 4881 peccatores,
3118 4830 3237 4868 cum
3262 4816 3329 4868 ab
3352 4815 3454 4868 iiii-

1899 4912 1970 4964 tio
2005 4909 2127 4960 facti
2161 4914 2340 4959 essent
2364 4904 2626 4968 homines,
2663 4918 2844 4972 postea
2875 4908 2939 4959 ad
2983 4906 3259 4959 brutorum
3303 4906 3454 4958 simi-

1895 4999 2174 5052 litndinem
2205 4999 2406 5065 delapsi
2468 5000 2623 5051 sint:
2663 4999 2734 5051 ita
2783 4998 2944 5050 etiam
2993 4998 3253 5062 iustorum
3303 4996 3453 5050 diﬂ‘c-

1897 5089 2093 5142 rentias
2140 5088 2395 5141 ostendit.
2449 5086 2648 5141 Omnes
2702 5087 2843 5139 enim
2903 5085 2951 5137 iu
3000 5084 3207 5154 gloria:
3269 5099 3450 5139 verum

1896 5176 2038 5228 aliud
2085 5184 2166 5230 est
2196 5175 2372 5228 lumen
2410 5175 2559 5236 solis,
2602 5174 2744 5226 aliud
2778 5175 2935 5235 lunas,
2971 5175 3034 5225 ad
3069 5158 3317 5240 vulgares
3365 5187 3450 5225 us-

1896 5285 2000 5338 que
2027 5268 2206 5323 stellas
2231 5268 2587 5335 procedendo.
2610 5264 2768 5333 227
2796 5263 2926 5317 Nam
2960 5274 3013 5316 et
3042 5264 3205 5317 stellie
3225 5278 3255 5316 a
3287 5263 3451 5317 stellis

1897 5363 2202 5426 discrepant
2256 5359 2308 5411 in
2366 5358 2555 5427 gloria,
2615 5358 2713 5408 hoc
2766 5365 2846 5408 est
2889 5353 2942 5408 in
2993 5355 3237 5407 lumine:
3283 5354 3449 5423 gloria

1897 5454 2040 5504 enim
2097 5452 2397 5515 stellarum,
2452 5452 2629 5502 luuen
2681 5457 2780 5501 est.
2834 5445 3082 5499 Nonnulli
3131 5455 3307 5499 autem
3358 5459 3451 5509 per

1899 5555 2124 5610 corpora
2163 5540 2426 5603 cmlestia,
2460 5539 2675 5608 angelos
2725 5537 3123 5602 intellexerunt,
3156 5551 3259 5592 non
3291 5549 3450 5604 appo-

1563 5697 1759 5761 νηπίω
1798 5698 2120 5760 lectiones.

303 5803 352 5835 ⁷⁸
385 5803 523 5854 τισὶν
562 5818 611 5856 0.
692 5806 731 5834 τ’
771 5801 904 5855 εἶναι
964 5821 1012 5857 0.
