4272 6448
311 410 402 476 :31
1073 405 1480 467 exrosmo
1523 403 1602 463 1N
1647 402 1887 461 EPIST.
1932 400 1959 459 ι
1998 401 2090 459 AD
2129 400 2296 458 con.
2333 426 2397 436 -
2430 399 2588 460 me.
2635 402 2756 460 xv.

1082 520 1155 571 Οὐ
1189 520 1296 588 γὰρ
1329 520 1487 588 μόνον
1518 519 1598 570 οτι
1646 514 1885 567 σαπέντα
1921 523 1964 577 Α
1996 528 2081 567 res
2145 523 2221 565 est
2277 512 2430 564 valde
2477 514 2761 567 admirand

1921 523 1964 577 Α
1996 528 2081 567 res
2145 523 2221 565 est
2277 512 2430 564 valde
2477 514 2816 567 admiranda.
2860 513 2974 567 Non
3027 523 3167 570 enini
3221 528 3428 572 tantum
3453 524 3574 587 quia

305 528 333 580 δ
390 527 482 578 καὶ
510 523 788 593 θαύματος
846 523 1032 589 γέμει.

305 618 692 686 ἀναστήσεται,
752 615 860 667 οὐδ’
892 615 972 664 ὅτι
1009 614 1239 673 ἕκαστος
1291 611 1352 663 τὸ
1386 611 1588 662 οἰκεῖον
1633 608 1885 677 λήψεται,

305 710 386 762 δεῖ
409 707 712 774 θαυμάζειν
746 722 759 734 ⁸
799 705 914 759 ἀλλ’
948 707 1030 758 ὅτι
1071 706 1166 756 καὶ
1216 702 1361 754 οὕτω
1399 702 1608 770 ταχέως
1647 699 1723 762 ὡς
1769 698 1889 750 οὐδὲ

305 800 452 851 ἐστιν
469 802 661 852 εἰπεῖν.
692 798 846 860 Τινὲς
872 797 1030 859 δὲτὸ,
1065 813 1082 845 ι
1128 795 1215 846 Ἐν
1233 796 1298 864 τῇ
1322 793 1525 862 ἐσχάτῃ
1553 791 1833 857 σάλπιγγι,
1868 813 1880 836 ι

267 892 480 954 ἱοῦτως
512 892 760 958 ἐνόησαν,
791 890 866 952 ὡς
908 888 1015 942 ἀπὸ
1048 891 1148 956 τῆς
1178 884 1574 953 ἀποκαλύψεως
1599 882 1691 935 τοῦ
1729 883 1893 947 εὐαγ-

309 985 558 1052 γελιστοῦ
606 984 874 1037 Ἰωάννου.
933 981 1107 1034 Ἐπτά
1148 981 1256 1049 γὰρ
1294 977 1609 1044 σαλπίγγων
1636 1016 1649 1040 ,
1690 975 1890 1043 φησὶν,

306 1078 501 1137 οὐσῶν,
548 1079 602 1130 αί
661 1077 758 1146 μὲν
795 1076 1013 1144 πρῶται
1053 1073 1152 1143 τὴν
1195 1071 1508 1124 συντέλειαν
1539 1068 1646 1120 τῶν
1683 1066 1894 1136 ἀνθρώ-

307 1189 427 1222 πων
465 1169 708 1221 ποιοῦσιν
753 1170 850 1236 (οὐ
909 1171 1017 1235 γὰρ
1067 1166 1204 1235 ὁμοῦ
1246 1165 1446 1225 πάντες
1489 1161 1890 1224 συντελοῦνται,

306 1264 444 1316 ἀλλὰ
471 1265 610 1316 κατᾶ
650 1262 869 1332 μέρος)’
911 1263 1004 1313 καὶ
1040 1260 1197 1313 τοῦτο
1241 1258 1546 1329 οἰκονομία,
1583 1259 1740 1327 φησι,
1798 1254 1892 1306 τοῦ

307 1356 468 1418 Θεοῦ,
497 1356 584 1408 ἵνα
609 1358 730 1417 τοὺς
778 1353 1028 1423 πρώτους
1060 1353 1468 1421 ἀπολλυμένους
1505 1352 1550 1403 oi
1580 1350 1893 1416 ὑπολιμπά-

308 1448 529 1517 νόμενοι
594 1447 867 1517 ὁρῶντες,
923 1445 1079 1499 αὐτοὶ
1156 1445 1588 1514 μετανοήσωσινο
1629 1443 1662 1510 ἡ
1716 1441 1896 1510 μέντοι

312 1539 519 1609 ἐσχάτη
550 1539 787 1605 σάλπιγξ
815 1538 914 1608 τήν
949 1555 1006 1589 τε
1044 1537 1262 1606 ἔγερσιν
1312 1537 1406 1588 καὶ
1448 1536 1545 1604 τὴν
1597 1533 1898 1601 ἐναλλαγὴν

312 1632 424 1683 τῶν
476 1632 576 1700 ἥδη
636 1631 987 1685 ἀναστάντων
1039 1634 1221 1692 ποιεῖ,
1271 1631 1372 1681 «ἐν
1402 1629 1622 1697 ἀτόμῳ,
1672 1627 1729 1678 ἐν
1765 1627 1896 1696 ῥιπῇ

311 1723 616 1793 ὀφθαλμοῦ.
659 1742 677 1775 ›

391 1858 408 1890 ι
448 1838 709 1889 Σαλπίσει
746 1835 876 1906 γάρ,
900 1835 994 1888 καὶ
1017 1836 1064 1886 οἱ
1098 1833 1284 1902 νεκροὶ
1349 1831 1740 1903 ἐγερθήτονται
1768 1830 1812 1862 ⁸⁵
1842 1828 1898 1881 ἄ-

311 1931 566 2000 φθαρτοι.
611 1949 629 1981 ›
668 1930 788 1982 Ἵνα
817 1929 890 1998 μὴ
921 1928 1200 1996 ἀπιστήσῃ
1221 1943 1325 1990 τις,
1349 1926 1466 1987 πῶς
1492 1925 1560 1976 τὰ
1591 1922 1894 1992 τηλικαῦτα

311 2029 371 2076 ὲν
399 2027 530 2092 ῥιπῇ
564 2021 845 2092 ὀφθαλμοῦ
881 2021 1148 2088 γίνονται,
1180 2018 1239 2070 τὸ
1273 2017 1583 2081 ἀξιόπιστον
1608 2013 1700 2068 τοῦ
1732 2014 1893 2081 λόγου

310 2117 587 2168 δείκνυσιν
628 2115 736 2167 ἀπὸ
783 2115 880 2182 τῆς
909 2113 1197 2182 δυνάμεως
1225 2109 1322 2162 τοῦ
1386 2108 1668 2169 ποιοῦντος
1723 2106 1895 2158 ταῦτα

310 2207 473 2269 Θεοῦ,
495 2207 585 2260 καί
618 2223 804 2274 φησιν,
829 2207 908 2259 ὅτι
935 2226 952 2257 ι
978 2205 1264 2266 Σαλπέσει,
1299 2202 1391 2254 καὶ
1421 2201 1744 2270 γενήσονται
1764 2200 1838 2230 υ⁶’
1870 2218 1888 2250 ι

310 2301 500 2366 ὅμοιον
531 2297 631 2368 τῷ,
657 2316 672 2348 ι
699 2298 870 2360 Αὐτὸς
900 2293 1044 2361 εἷπε,
1082 2298 1177 2350 καὶ
1212 2292 1574 2365 ἐγενήθησαν.
1611 2310 1629 2342 ³
1675 2291 1740 2344 Ἡ
1772 2289 1899 2342 σάλο

315 2391 447 2457 πιγξ
488 2391 596 2460 γὰρ
625 2389 778 2442 οὐδὲν
826 2390 1010 2458 ἀλλοῆ
1045 2390 1104 2442 τὸ
1133 2389 1413 2456 κέλευσμά
1463 2386 1554 2438 καὶ
1607 2384 1666 2436 τὸ
1720 2382 1896 2452 νεῦμα

313 2484 408 2534 τοῦ
433 2482 566 2535 Θεοῦ
600 2484 774 2549 δηλοῖ,
809 2483 869 2535 τὸ
894 2483 981 2536 διὰ
1008 2483 1225 2536 πάντων
1252 2481 1471 2549 φθάνον.

393 2613 410 2645 ι
452 2594 560 2646 Καὶ
597 2596 756 2663 ἡμεῖς
806 2591 1251 2664 ἀλλαγησόμεθα.
1295 2610 1312 2641 ι
1351 2589 1487 2658 Οὐχὶ
1539 2587 1667 2655 περὶ
1703 2586 1898 2639 ἑαυτοῦ

319 2688 474 2740 τοῦτο
535 2689 727 2755 λέγει,
785 2688 919 2740 ἀλλά
973 2685 1103 2754 περὶ
1154 2685 1264 2737 τῶν
1314 2684 1436 2734 τότε
1491 2680 1900 2748 εὑρισκομένων

317 2780 556 2842 ζώντων.

394 2912 410 2944 ι
444 2896 532 2945 Δεῖ
554 2891 664 2960 γάρ
695 2892 754 2944 τὸ
777 2889 1016 2960 φθαρτὸν
1039 2889 1198 2941 τοῦτο
1216 2887 1540 2940 ἐνδύσασθαι
1563 2884 1894 2952 ἀφθαρσίαν,

317 2988 414 3038 καὶ
430 2985 489 3038 τὸ
514 2985 707 3056 θνητὸν
743 2984 902 3036 τοῦτο
951 2980 1278 3034 ἐνδύσασθαι
1315 2979 1636 3033 ἀθανασίαν.
1673 2978 1790 3030 Ἵνα
1825 2975 1900 3044 μὴ

319 3076 559 3140 ἀκούσας
588 3093 692 3140 τις,
728 3078 806 3129 ὃτι
848 3093 865 3126 ι
901 3074 1045 3143 Σὰρξ
1091 3074 1187 3127 καὶ
1248 3067 1385 3142 αἷμα
1426 3071 1709 3141 βασιλείαν
1764 3069 1899 3121 Θεοῦ

318 3171 379 3222 οὗ
436 3171 940 3241 κληρονομήσουσι’
981 3187 998 3219 ι
1032 3167 1128 3220 καὶ
1164 3167 1365 3232 πάλιν,
1404 3167 1484 3219 ὅτι
1528 3185 1545 3216 ι
1591 3162 1901 3233 Ἀφθαρτοι

3469 406 3572 468 781‘!

1999 604 2299 674 putrefacta
2323 619 2550 673 corpora
2580 615 2888 675 resurgent,
2915 622 3010 661 nec
3033 612 3176 676 quod
3206 625 3430 680 quisque
3455 630 3575 680 pru-

1999 696 2172 762 prium
2213 695 2458 763 recipiet,
2503 696 2691 748 mirari
2727 701 3010 762 convenit;
3049 715 3234 753 verum
3279 705 3420 769 quod
3447 707 3579 756 adeo

1997 786 2270 849 celeriter,
2338 797 2394 839 ut
2431 787 2599 841 nullis
2652 790 2813 841 etiam
2866 790 3045 843 verbis
3091 793 3320 859 exprimi
3387 797 3576 862 possit.

2001 876 2418 941 Nonnullivero,
2442 896 2458 928 ι
2487 878 2540 931 in
2563 877 2850 931 novissima
2873 880 3018 944 tuba,
3047 880 3158 934 »εἰς
3179 880 3576 944 intellexerunt,

1997 970 2152 1039 quasi
2188 985 2254 1023 ex
2296 970 2622 1040 Apocalypsi
2676 970 2899 1024 Joannis
2929 973 3271 1043 evangelista:
3314 975 3581 1043 interpre-

1998 1071 2176 1117 tantes
2201 1071 2242 1117 °.
2288 1062 2507 1130 Septem
2569 1066 2728 1130 tuine,
2774 1064 2972 1133 inquit,
3030 1081 3149 1120 cum
3207 1067 3339 1130 sint,
3394 1071 3578 1136 prinue

1999 1157 2215 1226 quidem
2256 1157 2784 1210 consummationem
2848 1157 3126 1211 hominum
3187 1158 3388 1212 faciunt
3425 1177 3438 1213 :
3475 1176 3580 1213 nun

2001 1246 2143 1301 enim
2187 1248 2342 1301 simul
2368 1262 2556 1301 omnes
2603 1259 3081 1312 consummantur,
3121 1251 3213 1303 sed
3248 1266 3308 1304 er
3354 1267 3578 1306 succes-

2002 1341 2174 1394 sione.
2208 1341 2384 1408 Atque
2446 1341 2560 1393 lucc
2606 1352 2710 1403 cst,
2749 1341 2944 1408 inquit,
2975 1343 3309 1411 dispensatio
3336 1356 3386 1396 et
3433 1348 3580 1399 ordi-

2003 1434 2150 1488 natio
2171 1433 2284 1498 Dei,
2315 1442 2368 1486 ut
2392 1449 2513 1487 cum
2542 1435 2743 1502 primos
2777 1436 3130 1498 intereuntes,
3153 1442 3244 1506 qui
3277 1439 3581 1508 relinquun-

2006 1534 2111 1588 tur,
2163 1533 2414 1588 cernunt,
2455 1525 2558 1595 ipsi
2619 1527 2955 1592 resipiscaut.
2995 1527 3425 1585 Extremaauten
3456 1533 3580 1584 tuli.

2007 1619 2461 1672 resurrectionem
2510 1628 2560 1672 et
2617 1620 3046 1674 immutationem
3099 1637 3285 1677 eorum
3338 1625 3426 1693 qui
3474 1626 3583 1685 jam

2007 1721 2452 1768 resurrexerunt.
2483 1710 2639 1774 facit,
2672 1729 2689 1761 ι
2733 1711 2783 1764 in
2817 1721 3108 1779 momento,
3135 1713 3186 1767 in
3222 1716 3327 1768 ictu
3362 1717 3522 1770 Oculi.
3565 1737 3580 1767 ι

2085 1838 2102 1870 ι
2140 1820 2311 1874 Canet
2334 1821 2476 1875 enim
2504 1823 2650 1883 tuha,
2676 1831 2728 1876 et
2760 1824 2956 1876 mortui
2991 1824 3377 1877 excitabuntur
3410 1827 3588 1879 incor-

2005 1911 2312 1981 ruptibiles.
2354 1931 2371 1964 ι
2407 1911 2484 1967 Ne
2544 1914 2780 1980 ambigat
2812 1916 3104 1984 quispiam,
3139 1923 3408 1984 quomodo
3464 1921 3587 1970 talia

2001 2014 2255 2073 tantaque
2288 2007 2339 2058 in
2381 2005 2524 2059 oculi
2570 2011 2679 2060 ictu
2716 2006 2829 2060 fieri
2865 2017 3090 2076 queant,
3151 2012 3315 2063 verbo
3345 2028 3443 2065 suo
3485 2029 3588 2064 au-

1998 2100 2305 2153 ctoritatem
2338 2099 2592 2153 conciliat
2624 2115 2687 2154 ex
2714 2101 2954 2170 potentia
2995 2102 3108 2155 haec
3161 2102 3414 2157 facientis
3453 2104 3542 2156 hci
3572 2120 3585 2155 :

2003 2209 2021 2242 ι
2071 2190 2260 2250 Canet.
2302 2210 2319 2241 ι
2367 2192 2641 2259 inquiens,
2703 2211 2722 2244 ι
2762 2193 2908 2253 tuba,
2948 2211 2966 2244 ο
3026 2205 3080 2248 et
3122 2194 3210 2246 liet
3260 2215 3270 2249 :
3315 2195 3489 2249 simile
3539 2201 3586 2249 ιι

2007 2283 2146 2349 loco,
2182 2301 2200 2334 ι
2238 2283 2355 2354 Ipse
2384 2285 2542 2345 dixit.
2575 2297 2625 2339 et
2648 2285 2789 2339 facta
2831 2297 2956 2340 sunt
2982 2297 3030 2341 Ρ.
3058 2305 3075 2337 ι
3101 2287 3248 2341 Tutia
3278 2289 3418 2342 enim
3457 2290 3588 2342 nihil

2002 2371 2148 2428 aliud
2179 2389 2340 2444 quam
2366 2375 2577 2444 jussum
2613 2385 2668 2430 et
2703 2385 2892 2431 nutum
2936 2376 3027 2431 Dei
3064 2379 3357 2449 signiﬁcat,
3405 2382 3588 2435 omnia

2000 2469 2440 2536 prmvenientem.

2083 2594 2100 2627 ι
2143 2575 2207 2630 Et
2239 2591 2337 2632 nos
2365 2577 2717 2632 mutabimur.
2767 2599 2785 2631 ι
2835 2580 2954 2635 Non
2992 2582 3058 2635 de
3093 2582 3271 2650 seipse
3304 2584 3405 2636 hoc
3437 2584 3588 2649 dicit,

2006 2670 2099 2722 sed
2136 2669 2200 2723 de
2231 2670 2313 2725 eis
2341 2671 2432 2739 qui
2470 2681 2580 2726 tum
2617 2672 2723 2725 vivi
2751 2674 3245 2742 deprehendentar.

2080 2871 2242 2926 Vens.
2278 2873 2367 2928 53.
2403 2891 2421 2924 ι
2451 2872 2676 2943 Oportet
2697 2876 2836 2930 enim
2865 2876 3214 2946 corruptibile
3249 2878 3351 2932 hoc
3373 2879 3593 2938 induero

2010 2967 2598 3036 incorruptibilitatem,
2634 2979 2690 3023 et
2725 2972 2953 3024 mortale
2992 2971 3090 3024 hoc
3117 2972 3341 3027 induere
3369 2974 3591 3029 immor-

2009 3058 2294 3113 talitatem.
2333 3076 2350 3108 ι
2391 3057 2469 3112 Ne
2523 3075 2646 3127 quis
2709 3062 2955 3123 audiens,
2995 3081 3013 3113 ι
3070 3063 3211 3117 Caro
3269 3076 3324 3119 et
3373 3069 3594 3139 sanguis

2009 3165 2236 3218 regnum
2283 3148 2376 3204 Dei
2409 3151 2690 3220 possidere
2734 3168 2840 3207 non
2897 3164 3150 3222 possunt,
3214 3175 3233 3208 ι
3268 3166 3322 3212 et
3379 3174 3589 3222 rursus,

319 3235 716 3334 ἀναστήσονται
737 3235 794 3316 ὀί
831 3262 1030 3333 νεκροὶ,
1055 3281 1072 3312 ι
1102 3261 1300 3332 νομίσῃ
1332 3260 1400 3312 τὰ
1423 3259 1650 3328 σώματα
1685 3256 1761 3326 μὴ
1808 3256 1900 3307 ἀν-
1929 3235 1970 3292 c

1929 3235 1970 3292 C
2013 3262 2031 3295 ‹
2071 3243 2266 3296 Mortui
2297 3254 2580 3313 resurgent
2615 3245 3074 3314 incorruptibiles,
3112 3267 3128 3298 ι
3170 3250 3444 3307 existimet
3473 3255 3587 3324 ipsa

324 3353 600 3415 ἰστασθαι,
633 3355 764 3406 διότι
795 3353 890 3406 νῦν
929 3357 993 3406 ἐκ
1019 3351 1219 3422 σαρκὸς
1258 3351 1352 3403 καὶ
1391 3349 1624 3418 αἵματος
1653 3347 1904 3399 συνίστα-

326 3446 501 3509 ut",
557 3446 830 3516 ἐπιφέρει,
856 3447 935 3498 ὃτι
968 3445 1257 3498 ἀνίσταται
1289 3445 1385 3514 μὲν
1409 3442 1477 3494 τὰ
1510 3440 1758 3509 σώματα,
1787 3439 1903 3491 ἀλλ’

323 3539 383 3592 οὐ
417 3539 696 3609 σὰρξὸντα
736 3539 830 3590 καὶ
857 3532 1018 3606 αἷμα,
1057 3540 1136 3597 εἰς
1183 3535 1499 3604 ἀφθαρσίαν
1526 3532 1584 3585 δὲ
1623 3547 1905 3600 μεταστοι-

706 3631 1016 3702 Σημείωσαι
1064 3629 1120 3682 δὲ
1154 3629 1252 3690 τάς
1297 3627 1486 3696 ῥήσεις
1522 3626 1726 3684 ταύτας
1764 3620 1904 3676 κατὰ

327 3726 433 3792 τῶν
452 3726 738 3792 λεγόντων,
772 3725 852 3776 ὅτι
889 3722 950 3775 οὐ
995 3725 1062 3776 τὰ
1111 3723 1250 3774 αὐτὰ
1306 3721 1535 3790 σώματα
1575 3717 1904 3788 ἐγείρονται,

327 3791 440 3868 ἀλλ’
483 3816 670 3886 ἕτερα.
733 3834 750 3866 ι
823 3813 896 3866 Τὸ
953 3812 1191 3881 φθαρτὸν
1231 3829 1248 3860 ›
1287 3807 1418 3878 γὰρ,
1457 3809 1612 3875 φησι,
1649 3824 1665 3856 ι
1712 3803 1904 3864 τοῦτο,

327 3912 421 3960 καὶ
463 3908 522 3959 τὸ
572 3907 764 3976 θνητὸν
795 3906 982 3970 τοῦτο,
1028 3924 1044 3953 ι
1079 3904 1174 3972 οὐχ
1236 3903 1424 3970 ἐτεροδ
1452 3942 1465 3964 ,
1526 3897 1662 3951 ἀλλὰ
1726 3895 1906 3957 τοῦτο,

327 3999 633 4060 δεικτικῶς.
668 3999 836 4051 ’Ὥστε
866 3997 926 4049 τὸ
960 3998 1057 4065 μὲν
1107 3995 1267 4065 σῶμα
1296 3993 1356 4046 τὸ
1390 3992 1522 4044 αὐτὸ
1550 3989 1699 4060 μένει
1747 3985 1908 4055 (αὐτὸ

329 4091 439 4160 γάρ
471 4093 586 4143 ἐστι
607 4090 663 4140 τὸ
693 4087 1014 4157 ἐνδυόμενον
1043 4088 1058 4155 )
1088 4103 1099 4114 -
1129 4084 1236 4155 ἡδὲ
1271 4083 1537 4151 θνητότης
1556 4080 1650 4133 καὶ
1673 4080 1708 4149 ἡ
1734 4076 1906 4147 φθαρ-

325 4183 485 4251 τότης
515 4179 859 4248 ἀφανίζεται,
897 4175 1202 4244 ἀφθαρσίας
1231 4174 1326 4227 καὶ
1373 4172 1672 4231 ἀθανασίας
1738 4184 1892 4237 περι-

329 4270 560 4340 εχούσης
593 4270 782 4338 αὐτὴν.
822 4268 1076 4336 Διαφέρει
1123 4265 1177 4316 δέ
1210 4263 1472 4334 θνητότης
1503 4262 1595 4314 καὶ
1625 4259 1800 4329 φθορὰ
1834 4257 1904 4322 ⁸³,

329 4362 407 4431 τῷ
434 4363 530 4430 τὴν
554 4361 647 4428 μὲν
672 4360 977 4428 θνητότητα
1008 4354 1264 4424 λέγεσθαι
1292 4354 1386 4405 ἐπὶ
1413 4351 1675 4423 ἐμψύχων
1707 4350 1904 4420 μόνων,

329 4458 429 4526 τὴν
455 4456 510 4508 δὲ
565 4456 770 4524 φθορὰν
804 4455 898 4506 καὶ
937 4454 1029 4505 ἐπὶ
1087 4449 1334 4519 ἀψύχων.
1379 4450 1468 4501 Ἐν
1515 4449 1649 4516 ἡμῖν
1676 4441 1769 4496 οὖν
1802 4443 1907 4495 εἰσί

327 3631 642 3700 χειωθέντα.

330 4565 453 4599 τινα
479 4546 706 4616 ἀψύχοις
731 4545 969 4606 ἐοικότα,
1014 4538 1145 4606 οἷον,
1181 4543 1388 4614 τρίχες,
1424 4541 1517 4593 καὶ
1550 4539 1738 4606 ὄνυχες
1760 4553 1772 4568 ·
1816 4536 1910 4588 καὶ
1942 4581 1986 4636 D

332 4641 507 4696 ταῦτα
533 4640 664 4708 γοῦν
693 4637 1005 4707 ἀςςθαρσίαν
1037 4635 1339 4689 ἐνδύσεται.

412 4859 427 4891 ι
467 4839 639 4895 Ὅταν
677 4835 810 4904 γοῦν
838 4835 885 4866 ⁸³
915 4836 974 4888 τὸ
1020 4833 1254 4902 φθαρτὸν
1308 4832 1468 4885 τοῦτο
1509 4829 1797 4899 ἐνδύσηται
1847 4829 1909 4881 ἀ-

340 4931 636 5002 φθαρσίαν,
666 4930 762 4980 καὶ
791 4928 851 4980 τὸ
875 4925 1070 4995 θνητὸν
1099 4925 1259 4977 τοῦτο
1280 4922 1568 4992 ἐνδύσηται
1586 4921 1908 5008 ἀθανασίαν,

332 5027 451 5076 τότε
486 5027 774 5091 γενήσεται
805 5021 832 5072 ὁ
884 5019 1037 5086 λόγος
1078 5019 1105 5069 ό
1159 5015 1540 5086 γεγραμμένος
1569 5031 1579 5042 ’
1613 5013 1905 5082 Κατεπόθη

334 5115 617 5176 ἀθάνατος
657 5114 734 5175 εἰς
789 5116 954 5175 νῖκος.
996 5130 1013 5162 ι
1058 5111 1226 5161 Ὅταν
1274 5109 1447 5160 ταῦτα
1488 5107 1732 5174 γένηται,
1787 5106 1906 5157 τότε

336 5207 639 5276 πληροῦται
685 5207 717 5274 ή
753 5205 941 5275 γραφὴ
967 5205 998 5271 ἡ
1023 5201 1117 5255 τοῦ
1161 5201 1344 5269 Ὠσηέ.
1386 5198 1609 5266 Ἐπειδὴ
1664 5200 1770 5268 γὰρ
1801 5213 1908 5249 πα-

337 5299 536 5369 ράδοξα
561 5292 705 5359 εἷπε,
727 5295 1012 5348 πιστοῦται.
1035 5292 1206 5346 ταῦτα
1225 5292 1472 5362 Γραφικῇ
1510 5290 1803 5360 μαρτυρίᾳ.
1838 5289 1909 5340 Τὸ

335 5393 412 5455 δὲ,
448 5410 466 5442 ι
498 5390 591 5452 Εἰς
624 5392 792 5452 νῖκος,
836 5409 851 5439 ι
897 5388 1194 5448 τουτέστιν,
1234 5387 1312 5447 εἰς
1355 5385 1530 5449 τέλος,
1574 5382 1717 5435 ὥστε
1749 5399 1907 5448 νικη-

1465 5551 1491 5590 q
1517 5541 1653 5594 Osee
1690 5555 1807 5603 xm,
1844 5538 1928 5591 l5.

405 5558 427 5580 °
458 5553 619 5619 Apoc.
641 5564 760 5610 vui,
787 5550 834 5600 7.
915 5556 941 5594 Ρ
970 5543 1111 5599 Psal.
1136 5555 1301 5604 XKUI',
1336 5544 1386 5595 9.

2011 3349 2236 3403 corpora
2261 3350 2367 3390 non
2409 3351 2715 3405 resurgere,
2755 3340 2894 3406 ιιιιοιί
2920 3355 3064 3394 nunc
3095 3356 3160 3394 ex
3192 3357 3359 3397 carne
3387 3353 3440 3397 (δι
3467 3361 3593 3399 san-

2011 3426 2171 3493 guine
2203 3435 2493 3489 constent,
2528 3427 2688 3480 infert
2715 3446 2728 3482 :
2764 3427 3069 3497 Resurgent
3101 3433 3318 3498 quidem
3339 3449 3590 3504 corpora,

2012 3518 2104 3570 sed
2138 3532 2242 3571 non
2267 3531 2388 3587 qua
2420 3532 2549 3572 caro
2580 3527 2634 3572 et
2660 3521 2882 3589 sanguis
2904 3523 3036 3587 siut,
3061 3524 3153 3577 sed
3185 3526 3237 3577 in
3270 3526 3597 3597 incorrupti-

2012 3610 2269 3663 hilitatem
2318 3611 2736 3665 transformata.
2773 3612 3018 3668 Observa
3065 3624 3244 3671 autem
3280 3619 3439 3674 verba
3481 3623 3594 3675 hac

2010 3701 2268 3756 adversus
2313 3717 2407 3756 eos
2446 3703 2769 3772 quidicunt,
2819 3708 2960 3774 quod
3003 3725 3107 3762 non
3139 3713 3326 3764 eadem
3362 3726 3591 3782 corpora

2013 3799 2314 3857 resurgant,
2340 3791 2431 3844 sed
2453 3792 2578 3846 alia.
2610 3809 2627 3842 ι
2652 3792 3016 3862 (lorruptibile
3031 3798 3172 3851 enim
3199 3799 3326 3866 hoc,
3351 3818 3369 3852 ι
3400 3803 3593 3873 inquit,

2018 3897 2036 3928 ι
2073 3887 2125 3931 et
2155 3879 2380 3932 mortale
2413 3880 2535 3944 hoc,
2573 3899 2591 3932 ι
2635 3896 2738 3935 non
2803 3885 2972 3948 aliud,
3008 3888 3123 3950 sed,
3178 3889 3300 3953 hoc,
3343 3906 3464 3945 eum
3503 3892 3596 3945 de-

2014 3974 2427 4029 monstratione.
2486 3974 2671 4044 Itaque
2714 3992 2910 4044 corpus
2958 3981 3176 4048 quidem
3233 3984 3373 4038 idem
3414 4001 3596 4042 manet

2013 4066 2208 4134 (ipsum
2236 4069 2379 4122 enim
2406 4078 2483 4123 ρει
2513 4071 2651 4138 quod
2685 4070 2972 4141 induitur),
3004 4075 3306 4130 mortalitas
3332 4088 3511 4132 autem
3541 4093 3597 4135 et

2012 4161 2438 4228 eorruptibilitas
2490 4165 2738 4218 aboletur
2769 4176 2822 4218 et
2855 4170 3153 4232 evanescit,
3189 4171 3596 4229 immortalitati:

2013 4261 2068 4303 et
2101 4252 2608 4321 incorruptibilitate
2639 4256 2808 4324 ipsum
2836 4258 3108 4324 cingente.
3137 4262 3235 4316 Est
3258 4275 3440 4318 autem
3479 4267 3595 4321 dis—

2015 4343 2218 4396 crimen
2282 4343 2425 4398 inter
2471 4347 2876 4413 corruptionem
2911 4357 2963 4400 et
2993 4351 3404 4419 mortalitatem,
3435 4353 3592 4424 231

2016 4436 2156 4504 quod
2186 4438 2486 4491 mortalitas
2516 4438 2726 4492 dicatur
2754 4440 2819 4493 de
2844 4440 2978 4494 solis
3007 4443 3286 4509 animatis,
3317 4448 3597 4516 corruptio

2013 4540 2192 4583 autem
2247 4530 2411 4583 etiam
2465 4531 2530 4583 de
2569 4531 2903 4585 iuauimatis.
2953 4532 3008 4585 lu
3046 4536 3201 4589 nobis
3258 4537 3420 4604 igitur
3476 4551 3600 4592 sunt

2016 4622 2262 4691 quaedam
2289 4621 2599 4677 inanimatis
2627 4623 2848 4686 similia,
2884 4625 3029 4678 velut
3062 4627 3236 4695 capilli
3263 4641 3315 4682 et
3345 4645 3550 4697 ungues
3581 4647 3591 4680 :

2019 4716 2133 4770 haec
2157 4715 2362 4770 scilicet
2386 4716 2951 4785 incorruptibilitatem
2985 4719 3232 4774 induerit.

2090 4827 2256 4880 Vens.
2289 4825 2376 4879 54.
2427 4843 2445 4877 ι
2481 4823 2710 4890 Quando
2760 4837 2940 4880 autem
2989 4830 3340 4896 corruptibile
3377 4831 3476 4884 hoc
3515 4831 3563 4884 in

2017 4919 2198 4974 duerit
2229 4918 2818 4985 incorruptibilitatem,
2877 4931 2932 4971 ct
2959 4920 3186 4974 mortale
3213 4922 3314 4975 hoc
3365 4922 3599 4976 indueiit

2020 5013 2504 5075 immortalitatem,
2524 5023 2653 5068 tunc
2683 5015 2770 5068 ﬁet
2795 5030 2976 5070 sermo
3011 5017 3103 5084 qui
3157 5017 3391 5083 scriptus
3418 5030 3501 5071 est
3528 5027 3556 5069 ει
3584 5037 3594 5070 :

2019 5107 2284 5176 Ahsorpta
2309 5116 2393 5162 est
2422 5122 2571 5162 mors
2600 5109 2651 5161 in
2682 5108 2982 5162 victoriam.
3015 5129 3032 5161 ι
3072 5109 3300 5175 Quando
3333 5110 3447 5165 haec
3474 5127 3600 5165 cou-

2020 5197 2263 5268 tigcrint,
2311 5209 2437 5254 tunc
2470 5199 2721 5269 impletur
2749 5201 2891 5269 quod
2928 5202 2996 5254 ab
3049 5200 3185 5256 Osee
3206 5202 3466 5270 scriptum
3492 5214 3594 5257 est.

2018 5291 2150 5354 Quia
2169 5293 2311 5345 enim
2325 5293 2629 5360 opinionem
2648 5294 2923 5347 hominum
2947 5297 3326 5362 exsuperantia
3349 5295 3596 5354 dixisset.

2023 5380 2316 5452 Scripturce
2350 5384 2534 5437 eadem
2567 5386 2878 5441 testimonio
2903 5385 3209 5441 conﬁrmat.
3238 5387 3390 5452 Quod
3417 5397 3594 5442 autem

1649 5685 1845 5744 Variae
1874 5681 2183 5745 lectiones

407 5838 457 5873 ⁸⁵
493 5837 893 5906 ἀναστήσονται
923 5849 976 5890 ο.
1056 5835 1100 5867 ⁸⁸
1134 5852 1312 5887 -σεται
1339 5851 1388 5886 0.

1467 5833 1509 5864 ⁸⁷
1543 5830 1874 5899 συνέστηκεν
1904 5844 1954 5883 ο.

2048 5829 2092 5860 ⁸⁸
2129 5828 2408 5897 ἀφθαρσία
2453 5844 2506 5884 0.
2585 5831 2630 5860 ⁸⁹
2660 5831 2714 5883 δέ
2750 5847 2798 5885 0.
