4242 6462
690 404 796 465 799

1600 391 2171 453 'l'llEOi‘lli'LACTl
2217 390 2625 451 BULGARLE
2667 391 2998 453 ARCIIIEP

3819 389 3931 453 800

692 517 812 568 dem
845 526 895 565 et
926 513 1081 563 unius
1103 510 1301 565 Christi
1328 551 1340 573 ,
1382 509 1679 563 secundum
1728 509 2114 561 humanitatem
2139 507 2259 577 qui-
2289 509 2335 567 Α

2253 509 2335 567 -Α
2368 506 2625 575 Χριστοῦ,
2668 509 2806 561 κατὰ
2860 510 2956 577 μὲν
3007 510 3065 561 τὸ
3098 510 3459 579 ἀνθρώπινον,
3505 508 3670 571 Θεόςθ
3705 509 3843 561 κατὰ
3882 509 3928 558 se

692 609 809 657 dem
844 602 1014 667 Deus;
1050 601 1340 653 secundum
1378 614 1505 652 vero
1544 600 1903 662 divinitatem,
1937 597 2115 652 Pater.

765 713 786 749 ε
836 694 995 749 Pater
1032 694 1565 751 misericordiam:u',
1600 706 1662 744 ac
1695 691 1832 744 Deus
1866 692 2031 745 totius
2069 706 2260 744 conso-

692 787 932 839 lationis.
973 805 988 836 ι
1024 786 1132 837 Hoc
1179 793 1290 841 est.
1326 787 1415 851 qui
1451 792 1523 835 tot
1558 794 1845 852 tantasque
1882 783 2257 836 miserationes

709 881 929 931 L\hibuil
962 920 974 939 ,
1013 887 1070 929 ut
1108 892 1169 929 ex
1212 878 1342 943 ipsis
1379 890 1473 927 nos
1511 876 1700 927 mortis
1748 876 1913 941 portis
1948 873 2258 937 reduxerit,

700 986 756 1020 ac
789 970 1039 1035 dignatus
1072 968 1141 1021 sit
1171 984 1266 1021 nos
1300 967 1443 1021 oumi
1476 967 1844 1019 consolatione
1882 968 1930 1017 in
1958 963 2258 1018 afﬂictioni-

697 1064 815 1113 bus.
864 1063 1211 1115 Consuetudo
1243 1071 1420 1113 autem
1458 1070 1575 1113 erat
1611 1061 1833 1121 sanctis,
1873 1059 2035 1111 Deum
2070 1075 2134 1112 ex
2168 1058 2260 1111 be-

697 1156 903 1209 neflciis
956 1171 1073 1223 qurc
1118 1155 1183 1207 ab
1226 1169 1289 1207 eo
1345 1154 1713 1222 aet-ipiehaut,
1770 1152 2047 1204 nominare
2096 1170 2111 1208 :
2168 1168 2264 1220 pro

700 1251 925 1303 \it'llll‘ia
957 1250 1173 1316 quidem
1208 1249 1259 1301 iu
1304 1247 1484 1311 bello,
1534 1266 1550 1297 ι
1599 1246 1822 1313 Diligam
1862 1258 1944 1307 te,
1999 1263 2016 1295 ι
2059 1245 2262 1313 inquit,

704 1365 721 1396 ι
764 1347 1003 1403 homine,
1028 1345 1190 1395 robur
1219 1360 1392 1395 meum
1416 1353 1436 1379 ε
1465 1362 1475 1393 :
1512 1362 1527 1392 ι
1562 1351 1631 1399 et,
1667 1362 1683 1392 ι
1718 1342 1972 1394 Dominus
1998 1350 2267 1409 protector

701 1434 920 1489 meusd.
964 1455 980 1484 ι
1016 1435 1150 1487 Cum
1197 1451 1323 1487 vero
1366 1446 1397 1483 :r
1426 1434 1655 1497 caligine
1686 1445 1741 1487 et
1773 1435 2150 1485 obscuratione
2185 1444 2270 1482 ra-

703 1529 895 1589 tionis,
950 1540 1001 1581 et
1042 1544 1070 1579 a
1118 1541 1350 1579 ltttBI‘Ol‘c
1389 1526 1559 1590 crepli
1611 1524 1811 1577 fuerint
1862 1542 1874 1577 :
1926 1543 1942 1575 ι
2006 1524 2265 1576 Dominus

703 1621 1021 1672 illuminatio
1068 1634 1179 1669 mea
1216 1630 1262 1670 ο.
1318 1639 1336 1668 ι
1387 1618 1537 1669 ΙΙιιιιιΙ
1574 1616 1819 1670 dissimili
1872 1615 2079 1669 ratione
2128 1628 2271 1668 nunc

702 1725 915 1777 quoque
939 1709 1135 1762 Paulus
1164 1729 1179 1759 ι
1212 1708 1425 1761 Patrem
1453 1709 1881 1768 miserationum,
1919 1725 1936 1757 ι
1965 1720 2027 1759 ac
2052 1724 2068 1755 ι
2103 1706 2268 1759 Deum

704 1799 1086 1851 consolationis
1118 1818 1135 1850 ι
1168 1800 1338 1866 ipsum
1361 1800 1625 1861 nominat,
1646 1798 1712 1850 ab
1736 1797 2015 1850 accidente
2040 1798 2265 1850 scilicet.

712 1889 840 1941 Vide
869 1900 1047 1941 autem
1083 1890 1199 1956 ejus
1246 1889 1624 1946 humilitatem.
1660 1887 1937 1955 Siquidem
1986 1898 2204 1954 ereptus
2237 1902 2265 1938 a

707 1984 1096 2035 tentationibus
1138 1983 1335 2050 quibus
1382 1983 1451 2035 ob
1504 1981 1777 2048 Evangelii
1830 1980 2265 2045 praedicationem

706 2075 1092 2140 excipiebatur,
1122 2088 1225 2125 non
1248 2074 1394 2137 dicit,
1428 2072 1529 2126 Pro
1560 2073 1813 2141 dignitate
1841 2071 2098 2126 liberatus
2128 2084 2267 2135 sum,

707 2174 957 2217 ucturum
997 2178 1088 2231 per
1116 2165 1488 2218 miserationes
1529 2164 1640 2217 Dei.

780 2256 943 2309 Vens.
990 2258 1040 2311 4.
1080 2276 1097 2307 ι
1151 2259 1248 2323 Qui
1284 2259 1595 2311 consolatur
1631 2274 1727 2311 nos
1780 2258 1829 2310 in
1866 2258 2008 2309 omni
2043 2256 2269 2309 tribula-

709 2350 856 2403 tione
888 2360 1086 2402 uoslra.
1122 2367 1139 2399 ι
1170 2348 1283 2401 Non
1313 2350 1467 2407 dixit,
1522 2350 1623 2414 Qui
1659 2366 1761 2402 non
1796 2351 1923 2403 sinit
1956 2364 2051 2401 nos
2078 2348 2233 2417 aﬂligi
2258 2388 2273 2411 ,

712 2441 837 2503 sed,
871 2460 887 2489 ι
919 2441 1015 2505 Qui
1045 2442 1356 2494 consolatur
1384 2459 1477 2494 nos
1500 2442 1551 2493 iu
1576 2440 1879 2495 afﬂictione.
1910 2461 1927 2491 ι
1958 2442 2098 2494 Siuit
2127 2442 2271 2494 enim

713 2547 811 2583 nos
838 2531 994 2600 alll'gi
1017 2573 1030 2595 ,
1059 2545 1112 2584 ιιι
1142 2549 1235 2599 per
1264 2533 1574 2600 patientiam
1612 2535 1915 2586 mercedem
1943 2533 2232 2586 habeamus
2260 2551 2273 2585 :

712 2632 767 2676 et
806 2625 1019 2690 quando
1065 2638 1164 2675 nos
1207 2623 1449 2677 labantes
1499 2625 1729 2684 viderit,
1779 2624 2093 2677 con50|aIur
2127 2639 2222 2675 nos
2260 2642 2273 2676 :

716 2715 878 2782 idque
909 2731 1119 2783 semper
1146 2715 1291 2768 facit.
1326 2715 1551 2783 Ideoque
1586 2718 1781 2769 Paulus
1810 2732 1916 2769 non
1960 2717 2128 2773 dixit.
2170 2718 2269 2781 Qui

717 2806 1023 2857 coirsolatus
1055 2815 1134 2859 est
1165 2806 1345 2865 senu-l,
1378 2807 1467 2858 sed
1489 2846 1502 2869 ,
1554 2826 1571 2856 ι
1615 2806 1712 2869 Qui
1769 2806 2094 2865 consolatur,
2125 2825 2143 2856 ι
2180 2809 2279 2859 hoc

717 2904 833 2957 est,
882 2909 1112 2959 semper.
1155 2895 1268 2948 Non
1314 2896 1365 2948 in
1424 2896 1525 2949 hac
1562 2896 1643 2951 vel
1680 2897 1765 2949 illa
1798 2895 2114 2961 aiIlictiute,
2150 2899 2240 2949 sed
2264 2936 2279 2959 ,

723 3002 743 3035 ι
780 3002 830 3038 ιη
864 3001 1030 3039 Ollllll.
1066 3006 1083 3035 ι

800 3095 816 3125 ι
856 3077 921 3130 Ut
954 3080 1220 3145 possimus
1252 3094 1347 3131 nos
1379 3079 1644 3133 consolari
1675 3094 1766 3133 eos
1796 3079 1884 3147 qui
1910 3088 2031 3133 sunt
2058 3080 2108 3132 iu
2136 3081 2279 3133 omni

2363 598 2463 666 τὴν
2491 597 2738 665 θεότητα,
2764 600 2974 670 Πατήρ.

2443 710 2461 740 ι
2513 690 2571 743 Ὀ
2604 692 2791 761 Πατὴρ
2819 694 2928 745 τῶν
2956 696 3279 763 οἰκτιρμῶν,
3318 696 3411 746 καὶ
3442 694 3572 745 Θεὸς
3609 694 3783 758 πάσης
3820 709 3927 742 παν

2368 784 2702 853 ρακλήσεως.
2764 803 2782 835 ι
2842 786 3155 847 Τουτέστιν,
3211 788 3238 837 ὁ
3290 786 3611 855 οἱκτιρμοῦς
3646 783 3931 841 τοσούτους

2368 876 2800 944 ἐπιδειξάμενος,
2834 878 2908 939 ὡς
2935 878 2993 941 ἐξ
3018 878 3198 930 αὐτῶν
3224 880 3327 930 τῶν
3353 876 3446 930 τοῦ
3480 876 3711 929 θανάτου
3744 876 3932 926 πυλῶν

2368 971 2513 1037 ἡμᾶς
2549 971 2869 1036 ἀναγαγεῖν,
2912 972 3009 1022 καὶ
3059 971 3460 1039 παρακλήσεως
3492 971 3671 1037 πάσης
3706 969 3933 1032 ἀξιῶσαι

2368 1062 2427 1112 ὲν
2456 1064 2573 1125 ταῖς
2626 1060 2889 1131 θλίψεσιν.
2933 1064 3093 1127 Ἐθος
3129 1065 3184 1116 δὲ
3236 1068 3346 1125 τοῖς
3378 1063 3572 1130 ἁγίοις,
3626 1063 3688 1114 ὲκ
3719 1063 3823 1112 τῶν
3858 1063 3937 1114 εἰς

2369 1156 2565 1217 αὐτοὺς
2626 1154 2957 1222 εὐεργεσιῶν
3004 1156 3288 1224 ὀνομάζειν
3335 1155 3424 1207 τὸν
3465 1155 3629 1207 Θεόν·
3692 1156 3781 1206 ἐπὶ
3840 1154 3940 1221 μὲν

2369 1248 2523 1317 νὲκης
2578 1248 2855 1317 πολέμων,
2899 1271 2916 1299 ι
2960 1249 3261 1316 ’Λγαπήσω
3290 1249 3370 1302 ’σε
3397 1292 3410 1313 ,
3459 1248 3655 1319 Κύριε,
3710 1251 3742 1316 ἠ
3786 1248 3939 1315 ίσχὸς

2374 1359 2497 1409 μου,
2529 1361 2546 1390 ι
2583 1341 2746 1408 φησί·
2774 1343 2888 1401 καὶ,
2921 1361 2938 1392 ι
2988 1340 3046 1392 Ὀ
3082 1342 3283 1409 Κύριος
3312 1341 3723 1409 ὑπερασπιστὴς
3760 1354 3881 1407 μου’
3918 1357 3935 1386 υ

2370 1434 2497 1485 ὅταν
2531 1433 2586 1484 δὲ
2622 1432 2807 1500 ζόφου,
2839 1434 2934 1485 καὶ
2967 1434 3287 1493 σκοτώσεως
3319 1432 3602 1501 λογισμοῦ,
3639 1432 3730 1483 καὶ
3761 1432 3939 1496 λύπης

2376 1523 2727 1592 λυτρωθῶσι·
2781 1542 2797 1574 ι
2838 1524 3043 1594 Κύριος
3085 1523 3364 1593 φωτισμός
3404 1540 3530 1591 μου.
3578 1541 3596 1574 ι
3636 1522 3821 1582 Οὕτως
3848 1516 3943 1572 οὖν

2375 1618 2469 1669 καὶ
2530 1616 2623 1667 νῦν
2666 1618 2694 1667 ὁ
2738 1616 2947 1677 Παῦλος
3024 1617 3241 1683 Πατέρα
3287 1613 3585 1682 οἰκτιρμῶν
3645 1614 3739 1665 καὶ
3807 1612 3939 1663 Θεὸν

2380 1713 2783 1783 παρακλήσεως
2826 1712 2989 1764 αὑτὸν
3026 1710 3306 1780 ὀνομάζει,
3332 1711 3440 1763 ἀπὸ
3469 1708 3563 1761 τοῦ
3596 1707 3940 1775 συμϐεϐηκός

2376 1826 2487 1869 τος.
2520 1809 2659 1878 Ὅρα
2694 1807 2750 1860 δὲ
2776 1806 3301 1873 ταπεινοφροσύνην.
3343 1804 3653 1873 Λυτρωθεὶς
3699 1801 3808 1869 γὰρ
3839 1800 3945 1852 τῶν

2378 1900 2465 1952 διὰ
2510 1901 2570 1951 τὸ
2622 1900 2884 1967 κήρυγμα
2931 1896 3277 1965 πειρασμῶν,
3344 1898 3403 1947 οὐ
3456 1896 3628 1961 λέγει,
3681 1896 3761 1944 ὅτι
3812 1891 3946 1944 Κατ’

2379 1993 2533 2056 ἀξίαν
2588 1993 2883 2064 ὲρῤύσθην,
2928 1992 3085 2053 ἀλλὰ,
3136 1990 3232 2041 Διὰ
3293 1989 3418 2050 τοὺς
3477 1987 3798 2056 οἰκτιρμοϋς
3844 1983 3941 2035 τοῦ

2380 2085 2538 2139 Θεοῦ.

2458 2294 2475 2325 ι
2523 2274 2580 2327 '0
2608 2273 2941 2340 παρακαλῶν
2965 2275 3110 2341 ἡμᾶς
3144 2273 3233 2325 ἐπὶ
3265 2272 3412 2340 πάσῃ
3433 2272 3495 2337 τῇ
3524 2266 3697 2333 θλίψει
3720 2264 3900 2334 ἡμῶν.
3927 2286 3944 2309 ο

2381 2366 2495 2418 Οὐκ
2548 2359 2719 2428 εἶπεν,
2771 2365 2828 2418 Ὀ
2871 2364 2943 2433 μὴ
2990 2365 3092 2415 ἑῶν
3134 2366 3281 2431 ἡμᾶς
3315 2361 3582 2429 θλιόἧναι,
3613 2357 3747 2418 ἀλλ’,
3791 2355 3852 2408 Ὀ
3894 2355 3949 2405 ἐν

2383 2456 2462 2525 τῷ
2517 2455 2794 2509 θλίϐεσθαι
2825 2453 3183 2523 παρακαλῶν.
3232 2454 3327 2521 Ἐᾷ
3357 2452 3465 2521 γὰρ
3497 2452 3643 2519 ἡμᾶς
3676 2447 3948 2514 θλιεῆναι.

2387 2550 2475 2601 ἵνα
2521 2547 2610 2599 διὰ
2657 2548 2755 2613 τῆς
2787 2547 3062 2615 ὑπομονῆς
3123 2544 3311 2614 μισθὸν
3348 2544 3610 2611 σχοίημεν
3637 2557 3651 2569 ·
3686 2536 3949 2590 κάπειδὰν

2386 2640 2714 2703 ὀκλάζοντας
2744 2639 2869 2707 ’ἴδῃ
2906 2638 3251 2707 παρακαλεῖ·
3295 2639 3387 2689 καὶ
3440 2638 3524 2688 ἀεὶ
3580 2633 3738 2686 τοῦτο
3789 2632 3948 2683 ποιεῖ.

2396 2730 2484 2781 Διὸ
2522 2732 2612 2781 καὶ
2642 2730 2669 2780 ὁ
2715 2728 2936 2810 Παῦλος
2956 2728 3053 2778 οὐκ
3108 2722 3283 2789 εἶπεν,
3337 2727 3419 2778 ὃτι
3453 2727 3479 2776 ὁ
3510 2724 3658 2785 ἅπαξ
3701 2737 3953 2789 παρακα-

2390 2820 2570 2883 λέσας,
2622 2820 2759 2882 ἀλλ’,
2825 2838 2843 2869 ι
2893 2818 2952 2870 Ὀ
3009 2816 3364 2885 παρακαλῶν,
3418 2834 3435 2865 ι
3490 2814 3786 2874 τουτέστιν,
3848 2810 3951 2862 ἀεί.

2391 2912 2497 2964 Καὶ
2547 2914 2645 2963 οὐκ
2692 2913 2749 2963 ὲν
2798 2910 2920 2980 τῇδε
2977 2909 3009 2979 ἢ
3058 2910 3183 2978 τῇδε
3226 2911 3290 2978 τῇ
3338 2907 3537 2976 θλίψει,
3585 2905 3723 2968 ἀλλ’,
3789 2922 3807 2953 ι
3866 2902 3956 2953 Ἕν

2394 3002 2560 3070 πάσῃ.
2607 3020 2624 3051 ι

2471 3111 2489 3141 ι
2524 3093 2615 3153 Εἰς
2648 3091 2707 3142 τὸ
2734 3090 2993 3143 δύνασθαι
3018 3090 3163 3156 ἡμᾶς
3202 3088 3542 3157 παρακαλεῖν
3571 3088 3694 3147 τοὺς
3723 3090 3783 3138 ἐν
3811 3087 3956 3153 πάσῃ

724 3171 1042 3235 afﬂictione,
1080 3186 1172 3237 per
1203 3174 1627 3227 consolationem
1667 3188 1773 3241 qua
1802 3173 2053 3240 nosipsos
2096 3188 2287 3226 conso-
2319 3194 2361 3255 ρ
2397 3196 2399 3221 ι

2282 3194 2361 3255 'C
2397 3184 2593 3252 θλίψει,
2635 3183 2723 3235 διὰ
2766 3184 2865 3249 τῆς
2928 3181 3327 3249 παρακλήσεως
3372 3176 3439 3251 ἧς
3492 3179 3957 3250 παρακαλούμεθα

724 3267 866 3318 latur
895 3267 1051 3319 Deus.
1088 3286 1104 3316 ι
1140 3268 1255 3319 l\'uu
1285 3271 1423 3335 quod
1455 3269 1597 3337 digni
1622 3272 1790 3322 simus
1816 3309 1830 3331 ,
1863 3271 2071 3331 inquit,
2097 3284 2287 3321 conso-

725 3359 978 3411 lationem
1009 3360 1254 3425 accipere
1275 3400 1287 3417 ,
1331 3371 1613 3426 propterea
1642 3362 1957 3413 consolatur
1987 3375 2083 3412 nos
2111 3360 2247 3411 Deut
2275 3374 2287 3409 :

727 3467 912 3503 verum
948 3461 1004 3503 ut
1028 3451 1094 3503 ab
1121 3453 1368 3515 eveueplo
1399 3451 1783 3505 consolationis
1823 3466 1942 3519 qua:
1975 3451 2105 3503 mihi
2131 3452 2293 3503 obve-

730 3544 835 3599 nit,
885 3542 1018 3593 alios
1068 3544 1227 3595 etiam
1272 3544 1539 3594 consolari
1594 3545 1837 3603 valeam,
1890 3544 1934 3595 si
1986 3545 2199 3611 quando
2240 3543 2291 3594 iu

728 3636 1116 3687 t-‘nlationihus
1151 3635 1367 3687 fuerint.
1402 3634 1629 3687 Proinzle
1659 3646 1711 3689 et
1756 3650 1850 3687 vos
1900 3636 2294 3702 conspicientes

730 3744 813 3779 me
843 3730 974 3778 adeo
1000 3727 1353 3779 confortatqu
1376 3766 1389 3789 ,
1418 3729 1467 3778 in
1497 3725 1874 3779 aﬂlictiunihus
1902 3728 2096 3780 vestris
2118 3727 2296 3778 animo

732 3833 798 3871 ne
842 3820 1155 3871 C(Hlf‘itialls.
1240 3817 1341 3870 l’er
1393 3820 1490 3871 huc
1533 3828 1711 3871 autem
1761 3820 2123 3887 apostolorum
2164 3834 2296 3885 opus

734 3910 967 3970 iudicat,
1021 3923 1240 3975 nempe,
1295 3910 1434 3977 quod
1484 3910 1761 3961 constituti
1800 3920 1919 3961 sunt
1960 3920 2015 3961 ut
2066 3909 2199 3961 alios
2230 3909 2294 3961 ad

734 4010 1008 4052 ret-tamen
1036 4001 1196 4051 veluti
1224 4001 1486 4066 inungant
1520 4010 1572 4052 et
1597 4001 1835 4052 excitent
1871 4019 1883 4052 :
1915 4010 1966 4053 et
1992 4002 2139 4067 quod
2169 4016 2294 4060 non,

735 4091 956 4157 perinde
983 4106 1043 4142 ac
1075 4090 1491 4157 pseudapostoli,
1526 4091 1733 4142 deliciis
1759 4091 2030 4153 studeant,
2067 4105 2130 4142 ac
2154 4090 2296 4141 domi

736 4181 1069 4245 desidentes,
1108 4182 1377 4248 negligant
1409 4196 1501 4234 eos
1535 4182 1623 4249 qui
1658 4181 2028 4235 consolatione
2062 4192 2113 4235 et
2148 4180 2297 4235 exci-

736 4273 942 4324 tatione
969 4285 1103 4338 Opus
1134 4271 1351 4323 habent.

814 4362 974 4414 VEns.
1017 4361 1069 4413 5.
1128 4380 1148 4412 ι
1194 4362 1457 4427 Quoniam
1514 4362 1655 4415 sicut
1708 4363 1981 4416 abundant
2026 4363 2304 4430 passiones

737 4453 937 4506 Christi
959 4454 1008 4505 in
1034 4453 1208 4516 nobis,
1236 4454 1307 4505 ita
1333 4468 1427 4520 per
1454 4454 1728 4507 Christum
1764 4454 2000 4507 abundat
2023 4465 2075 4506 et
2104 4468 2299 4507 conso-

2393 3279 2545 3329 αὐτοὶ
2580 3276 2686 3328 ὑπὸ
2717 3275 2811 3328 τοῦ
2843 3274 3001 3327 Θεοῦ.
3065 3294 3081 3324 ι
3134 3274 3244 3341 Οὐχ
3272 3274 3373 3333 ὅτι,
3403 3276 3589 3339 φησὶν,
3627 3272 3765 3335 ἄξιοί
3798 3274 3959 3338 ἐσμεν

2396 3367 2862 3436 παρακαλεῖσθαι,
2895 3366 2983 3417 διὰ
3020 3366 3179 3417 τοῦτο
3213 3366 3524 3432 παρακαλεῖ
3552 3367 3700 3433 ἡμᾶς
3738 3367 3765 3415 ὁ
3794 3364 3922 3424 Θεός
3945 3380 3958 3393 ’

2398 3460 2514 3511 ἀλλ’
2548 3461 2635 3511 ἵνα
2663 3461 2725 3510 ἐκ
2752 3461 2845 3510 τοῦ
2874 3456 3273 3525 ὑποδείγματος
3300 3459 3400 3524 τῆς
3435 3458 3515 3519 είς
3547 3458 3644 3525 ἐμὲ
3678 3454 3961 3523 παρακλή-

2397 3569 2536 3611 σεως
2567 3552 2664 3603 καὶ
2703 3550 2893 3610 ἄλλους
2917 3549 3131 3617 δυνηθῶ
3157 3549 3539 3619 παρακαλέσαι
3559 3551 3613 3600 ὲν
3637 3550 3963 3617 πειρασμοῖς

2398 3645 2584 3703 ὄντας.
2625 3644 2788 3693 ’Ὠστε
2838 3640 2935 3694 καὶ
2964 3642 3121 3709 ὑμεῖς
3176 3640 3277 3709 ἐμὲ
3306 3641 3545 3707 ὁρῶντες
3605 3639 3747 3691 οὕτω
3783 3654 3963 3705 παρα-

2401 3732 2689 3799 κληθέντα,
2754 3732 2828 3800 μὴ
2858 3731 3233 3784 καταπίπτετε
3282 3734 3340 3783 ἐν
3384 3732 3628 3798 θλίψεσιν
3659 3730 3832 3789 ὄντες.
3869 3726 3964 3779 Διὰ

2399 3823 2591 3876 τούτου
2632 3823 2687 3875 δὲ
2716 3824 2954 3876 δείκνυσι
3010 3824 3102 3877 xui.
3145 3825 3204 3875 τὸ
3248 3825 3409 3893 ἔργον
3461 3824 3569 3874 τῶν
3620 3821 3962 3875 ἀποστόλων.

2403 3917 2495 3966 καὶ
2528 3916 2610 3967 ὅτι
2661 3918 2739 3977 εἰς
2769 3916 2828 3968 τὸ
2864 3917 3085 3983 ἐτέρους
3134 3917 3376 3981 ἀλείφειν
3428 3933 3487 3967 τε
3536 3915 3628 3967 καὶ
3679 3914 3967 3983 διεγείρειν

2402 4007 2639 4056 κεῖνται·
2674 4004 2768 4055 καὶ
2813 4005 2910 4073 οὐχ
2940 4004 3128 4075 ὥσπερ
3156 4007 3203 4057 οἱ
3225 4003 3667 4073 ψευδαπόστολοι,
3698 4004 3965 4071 τρυφῶσι,

2403 4097 2495 4145 καὶ
2526 4096 2662 4146 οἴκοι
2698 4095 3000 4163 καθήμενοι
3052 4094 3350 4165 περιορῶσι
3390 4094 3514 4155 τοὺς
3547 4093 3833 4161 δεομένους
3868 4110 3968 4143 παι

2407 4185 2723 4254 ρακλήσεως
2754 4184 2850 4237 καὶ
2894 4182 3208 4253 διεγερμοῦ.

2482 4382 2499 4413 ι
2539 4364 2662 4415 "Ott
2712 4362 2893 4425 καθὼς
2942 4360 3258 4430 περισσεύει
3288 4362 3353 4413 τὰ
3395 4361 3487 4413 τοῦ
3525 4362 3763 4430 Χριστοῦ
3796 4363 3969 4429 mor}-

2410 4470 2553 4519 ματα
2604 4457 2683 4515 εἰς
2736 4455 2904 4521 ἡμᾶς,
2964 4453 3106 4505 οὓτω
3133 4453 3220 4505 διὰ
3247 4453 3338 4504 τοῦ
3384 4452 3619 4521 Χριστοῦ
3653 4454 3971 4521 περισσεύει

740 4544 869 4596 latio
889 4553 1091 4598 nostra.
1123 4562 1142 4593 ι
1171 4543 1249 4598 Nc
1271 4545 1605 4613 despondeas
1625 4546 1861 4599 anintum
1886 4545 2131 4613 quisquis
2148 4546 2300 4599 audis
2328 4515 2379 4573 D
2406 4562 2415 4595 ς

2291 4515 2379 4598 5D
2406 4515 2497 4596 ita".
2539 4545 2571 4613 ή
2610 4515 2954 4613 παράῑσιλησις
2994 4542 3169 4612 ἡμῶν.
3214 4562 3231 4591 ι
3269 4544 3359 4611 Μὴ
3409 4515 3748 4613 παταπέσῃς,
3782 4544 3966 4611 φησὶν,

742 4637 1062 4691 aﬂlictioues
1082 4647 1133 4691 et
1156 4640 1315 4698 mala,
1345 4640 1550 4706 inquit:
1578 4650 1783 4706 quanto
1806 4642 1948 4693 enim
1978 4641 2077 4693 ista
2104 4641 2303 4694 exube-

744 4738 881 4789 rant,
909 4740 1056 4783 tanto
1072 4731 1366 4783 exuberant
1392 4730 1813 4784 consolationes.
1848 4731 1959 4784 Non
1990 4732 2305 4799 simpliciter

744 4830 921 4871 autem
946 4820 1098 4881 dixit,
1130 4837 1148 4869 ι
1180 4819 1474 4887 passimies,
1537 4839 1555 4869 ι
1595 4821 1710 4883 sed,
1751 4839 1767 4870 ι
1800 4820 1997 4874 Christi
2033 4839 2045 4873 :
2080 4839 2096 4871 ι
2131 4831 2187 4871 ιιι
2224 4819 2304 4872 vel

744 4910 867 4962 inde
894 4910 1129 4961 anituum
1163 4910 1458 4964 Corinthiis
1488 4909 1646 4980 243
1684 4912 1864 4963 addat.
1894 4912 2097 4965 ChriSti
2123 4912 2264 4964 cnim
2288 4952 2302 4976 ,

746 5000 940 5066 inquit,
964 5002 1245 5065 passioaes
1267 5011 1390 5052 sunt
1414 5002 1529 5054 ista:
1548 5016 1680 5069 quas
1703 5016 1799 5054 nos
1823 5003 2080 5068 patimur,
2104 5016 2307 5070 nosque

748 5092 1013 5143 eliicimur
1075 5091 1363 5158 participes
1433 5090 1782 5145 aﬂlictiouuut
1840 5091 2032 5158 ipsius.
2089 5095 2304 5157 Quare,

750 5198 962 5234 summo
990 5182 1127 5235 istud
1146 5182 1215 5235 sit
1239 5183 1333 5234 tibi
1360 5182 1577 5243 solatio,
1603 5183 1744 5248 quod
1766 5181 1965 5235 Christi
1990 5181 2308 5236 afﬂictiones

745 5271 1020 5325 sustineas
1053 5291 1066 5323 :
1113 5272 1369 5337 imoﬁvero
1405 5287 1508 5325 non
1543 5274 1658 5327 illas
1703 5274 1883 5337 solas,
1922 5289 2108 5327 verum
2145 5274 2306 5327 etiam

752 5363 953 5430 plures.
1006 5382 1024 5414 ι
1066 5363 1352 5417 Abundant
1390 5383 1408 5414 ι
1462 5365 1645 5427 enim,
1700 5366 1911 5433 inquit,
1957 5384 1975 5416 ι
2030 5367 2311 5433 passiones

753 5454 950 5506 (Lhristi
983 5454 1033 5507 in
1062 5453 1239 5513 nobis,
1278 5474 1296 5506 ι
1324 5456 1424 5509 hoc
1448 5464 1550 5518 est,
1579 5456 1757 5522 plures
1779 5457 2123 5524 perferimus,
2148 5474 2307 5527 quam

753 5545 999 5598 Christus
1049 5546 1353 5611 pertulerit.
1410 5546 1661 5600 Senticns
1712 5558 1889 5601 autem
1944 5559 2203 5615 quantum
2258 5558 2311 5600 et

755 5632 916 5705 qua‘m
938 5652 1181 5706 magnum
1204 5638 1435 5703 dixerat,
1457 5655 1641 5691 rursus
1660 5639 1787 5692 illud
1816 5640 2076 5707 reprimit,
2105 5658 2123 5689 ι
2148 5639 2259 5705 Sic,
2288 5657 2305 5691 ι

860 5804 882 5831 ο
913 5791 1053 5847 Psal.
1089 5808 1219 5857 xvtt,
1259 5793 1307 5846 l.
1383 5793 1407 5832 ἀ
1440 5792 1577 5848 Psal.
1615 5795 1836 5857 xvvt,2.

1920 5807 1941 5833 ο
1966 5792 2111 5847 l'sal.
2155 5809 2300 5856 xxvi,
2343 5795 2392 5847 l.

2406 4629 2451 4686 ὦ
2481 4634 2747 4703 ἁκροατὰ,
2780 4632 2986 4701 θλίψεις
3036 4636 3130 4685 καὶ
3177 4632 3323 4701 πάθη
3372 4633 3605 4686 ἁκούων.
3663 4634 3815 4701 Ὀσῳ
3861 4635 3971 4701 γὰρ

2407 4726 2795 4793 περισσεύουσι
2834 4723 3030 4784 ταῦτα,
3078 4723 3317 4791 τοσούτῳ
3354 4723 3744 4790 περισσεύουσι
3791 4725 3886 4775 καὶ
3913 4728 3969 4774 αι

2406 4815 2796 4884 παρακλήσεις.
2830 4814 2939 4884 Οὐχ
2964 4813 3147 4875 ἁπλῶς
3176 4815 3231 4865 δὲ
3255 4810 3399 4875 εἷπε,
3454 4815 3786 4884 Παθήματα,
3814 4816 3970 4874 ἀλλὰ.

2408 4922 2427 4954 ι
2467 4904 2572 4956 Τοῦ
2608 4902 2865 4974 Χριστοῦ,
2906 4921 2923 4955 ι
2951 4904 3035 4955 ἵνα
3075 4902 3171 4955 καὶ
3200 4902 3428 4955 αὐτόθεν
3469 4903 3967 4972 παραμυθήσηται.

2408 4996 2513 5047 Τοῦ
2544 4995 2777 5064 Χριστοῦ
2814 4996 2923 5063 γάρ
2962 4994 3076 5045 ἐστι
3128 4993 3429 5064 παθήματα
3494 4994 3666 5046 ταῦτα
3729 4994 3765 5047 ἃ
3811 4998 3970 5064 ἡμεῖς

2412 5088 2716 5156 πάσχομεν,
2771 5089 2864 5138 καὶ
2910 5084 3158 5139 κοινωνοὶ
3190 5086 3339 5153 αὐτῷ
3371 5084 3634 5155 γινόμεθα
3663 5087 3770 5137 τῶν
3795 5086 3967 5153 παθηο

2416 5181 2636 5248 μόιτων⁹
2688 5180 2826 5232 ὥστε
2878 5180 3110 5247 μεγίστη
3180 5196 3261 5231 σοι
3300 5180 3440 5232 ἔστω
3485 5179 3827 5249 παράκλησις
3880 5180 3970 5231 καὶ

2413 5273 2544 5323 αὐτὸ
2573 5272 2751 5333 τοῦτο,
2795 5272 2876 5323 ὅτι
2907 5272 3004 5333 τὰς
3024 5272 3117 5322 τοῦ
3143 5271 3378 5340 Χριστοῦ
3410 5271 3620 5339 θλίψεις
3657 5272 3969 5337 ὑφίστασαι·

2421 5366 2619 5439 μᾷλλον
2671 5364 2747 5425 δὲ,
2781 5364 2881 5414 οὐκ
2933 5361 3145 5423 ὲκείνας
3197 5364 3384 5431 μόνας,
3413 5362 3548 5415 ἀλλὰ
3585 5362 3680 5415 καὶ
3734 5362 3971 5421 πλείους.

2421 5475 2438 5504 ι
2483 5456 2804 5521 ΙΙερισσεύει
2852 5476 2869 5506 ι
2906 5456 3035 5527 γὰρ,
3068 5457 3223 5525 φησὶ,
3256 5475 3273 5507 ι
3313 5458 3377 5507 τὰ
3406 5455 3499 5507 τοῦ
3530 5452 3767 5521 Χριστοῦ
3804 5454 3978 5520 παθή-

2422 5564 2565 5615 ματα
2596 5549 2673 5608 εἰς
2704 5550 2884 5616 ἡμᾶς·
2937 5568 2954 5599 ι
2994 5549 3267 5611 τουτέστι,
3309 5548 3535 5600 Πλεὶονα
3574 5542 3647 5599 ὧν
3685 5547 3887 5598 ἔπαθεν
3948 5545 3975 5595 «Ζ

2419 5640 2674 5709 Χριστὸς,
2700 5641 3001 5710 πάσχομεν.
3022 5639 3349 5710 Αίσθόμενος
3378 5638 3427 5689 Σὲ
3446 5636 3633 5705 ἡλίκον
3654 5636 3973 5704 ἐφθέγξατο,
