4242 6462
288 411 396 477 809

1068 410 1470 472 EXPOSITIO
1508 408 1587 467 ΙΝ
1633 407 1866 465 EPlS'l‘.
1904 406 1963 464 ΙΙ
2010 406 2107 463 AD
2147 404 2295 463 COR
2348 429 2413 441 ο-
2441 407 2590 469 CAP.
2631 407 2678 464 I.

3422 401 3529 466 810

366 549 383 581 ι
417 530 522 582 Καὶ
557 528 624 582 δι’
658 528 812 599 ὑμῶν
859 528 1084 582 διελθεῖν
1115 532 1194 591 είς
1229 527 1585 581 Μακεδονίαν.
1619 544 1636 576 ι
1670 524 1860 576 Καίτοι
1894 530 1935 582 Α
2037 520 2194 574 Vens.

1910 530 1935 581 ι
2037 520 2194 574 Vens.
2233 522 2316 576 16.
2356 541 2372 572 ‹
2405 522 2479 574 Ac
2508 535 2600 586 per
2625 533 2721 574 vos
2744 518 2977 574 transire
3004 519 3052 572 in
3084 517 3470 572 Macedoniam.
3514 541 3532 567 ο

288 621 349 672 ὲν
377 622 440 690 τῇ
474 621 716 689 προτέρα
759 620 1044 689 Ἐπιστολῇ
1082 620 1328 688 εἰρήκει·
1371 635 1388 668 ι
1428 615 1747 683 Ἐλεύσομαι
1805 613 1860 664 δὲ

290 710 425 780 πρδς
455 710 617 778 ὑμᾶς,
683 711 809 762 ὅταν
847 710 1186 762 Μακεδονίαν
1217 706 1440 760 διέλθω⁶
1475 726 1492 757 ι
1527 705 1758 758 ἐνταῦθα
1808 703 1862 755 δέ

290 816 475 868 φησιν,
498 801 579 852 ὅτι
612 818 629 850 t
655 799 985 868 Ἐϐουλόμην
1013 798 1275 870 πρότερον
1304 799 1477 850 ἐλθεῖν
1504 797 1636 866 πρὸς
1661 797 1804 863 ὑμᾶς
1840 815 1855 843 ι

291 888 500 957 Tia-5v;
537 891 716 960 ἑαυτῴ
739 890 1107 955 ἐναντιοῦται;
1135 892 1222 958 Μὴ
1254 890 1492 956 γένοιτοί
1549 889 1621 939 Οὑ
1653 887 1759 951 γὰρ
1792 883 1865 936 εἷ-

293 1001 414 1042 πεν,
451 985 530 1034 ὅτι
569 984 823 1052 Ἔγραψα
851 982 916 1033 δι’
945 983 1095 1050 ὑμῶν
1118 981 1372 1033 ἀπελθεῖν
1394 983 1470 1040 είς
1509 979 1861 1038 Μακεδννίαν,

293 1074 429 1134 ἀλλ’,
479 1093 495 1124 ι
524 1074 877 1143 Ἐϐουλόμην.
906 1093 924 1124 t
974 1075 1032 1126 Εἰ
1056 1074 1162 1142 γὰρ
1191 1073 1283 1125 καὶ
1314 1074 1406 1139 οὑχ
1429 1071 1600 1132 οὑτως
1628 1069 1862 1137 ἔγραψα,

294 1165 480 1235 φησὶν,
519 1167 664 1235 ὁμως
701 1164 1028 1227 ἐσπούδαζον
1062 1168 1153 1217 καὶ
1185 1164 1484 1233 ἐϐουλόμην
1521 1162 1695 1214 ἐλθεῖν
1732 1161 1864 1230 πρὸς

297 1259 436 1325 ὑμᾶς
462 1258 556 1309 καὶ
574 1260 703 1327 πρὶν
727 1257 1061 1309 Μακεδονίαν
1086 1256 1209 1308 ἴδω·
1238 1254 1484 1306 τοσοῦτον
1511 1254 1745 1320 ἀπέσχον
1775 1252 1866 1302 τοῦ

297 1350 611 1419 ῥαθυμῆσαι
675 1351 845 1401 ἐλθεῖν
880 1349 1014 1419 πρὸς
1072 1350 1234 1416 ὑμᾶς,
1290 1350 1382 1399 καὶ
1438 1346 1732 1414 ὑστερῆσαι
1772 1348 1867 1412 τῆς

297 1443 664 1510 ὑποσχέσεως,
690 1442 827 1492 ὥστε
857 1443 946 1492 καὶ
982 1440 1293 1509 προφθάσαι
1337 1438 1503 1504 αὑτὴν
1539 1436 1794 1505 ἠθέλησα.

373 1551 390 1582 ι
434 1533 538 1583 Καὶ
587 1532 747 1583 πάλιν
798 1531 904 1584 ἀπὸ
949 1530 1285 1590 Μακεδονίας
1319 1528 1491 1580 ἐλθεῖν
1539 1530 1673 1595 προς
1706 1527 1868 1593 ὑμᾶς,

294 1624 392 1677 καὶ
444 1625 530 1692 ὑφ’
584 1624 738 1692 ὑμῶν
783 1622 1210 1692 προπεμφθῆναι
1269 1623 1345 1677 είς
1379 1621 1474 1690 τὴν
1531 1619 1803 1671 Ἰουδαίαν.
1846 1635 1863 1666 ι

311 1715 402 1769 Ἐν
451 1719 514 1786 τῇ
542 1717 783 1788 προτέρᾳ
820 1713 1102 1784 Ἐπιστολῇ
1134 1714 1452 1783 ἀδιορίστως
1477 1707 1630 1762 εἶπεν
1651 1725 1664 1737 ⁸
1701 1729 1718 1761 ι
1754 1710 1869 1760 Ἱνα

299 1809 455 1879 ὑμεῖς
502 1826 567 1878 με
602 1810 965 1878 προπέμψητε
997 1801 1057 1860 οὑ
1096 1808 1188 1860 ἐὰν
1215 1804 1570 1875 πορεύσωμαι
1593 1818 1607 1832 ⁸
1651 1822 1668 1852 ι
1700 1803 1866 1854 6260'.-

299 1901 410 1964 κὼς
439 1902 635 1970 μήπως
668 1900 862 1963 εἰπὼν,
899 1901 982 1953 ὅτι
1037 1899 1127 1962 Et;
1155 1900 1253 1967 τὴν
1302 1898 1581 1960 Ἰουδαίαν,
1628 1893 1743 1947 εἶτα
1769 1894 1871 1946 ὑπὸ
1901 1867 1946 1924 Β

297 1992 392 2045 τοῦ
425 1993 737 2062 Πνεύματος
770 1991 996 2061 ἑτέρωθι
1025 1989 1389 2056 ἀναγκασθεὶς
1417 1989 1691 2047 ἀπελθεῖν,
1731 1989 1871 2054 φαγῇ

297 2085 562 2155 ψεύστης.
616 2085 731 2136 Νῦν
786 2085 841 2136 δὲ
877 2083 1066 2154 ἐπειδὴ
1116 2083 1353 2151 ἀπέτυχε
1379 2081 1473 2133 τοῦ
1511 2080 1645 2148 πρδς
1679 2080 1872 2140 αὑτοὺς

301 2177 497 2240 ἐλθεῖν,
531 2176 749 2248 θαρρῶν
790 2177 939 2243 λέγει
980 2175 1182 2240 λοιπόν,
1231 2176 1313 2226 δτι
1362 2175 1452 2235 Εἰς
1481 2174 1578 2240 τὴν
1622 2171 1873 2223 Ἰουδαίαν

303 2268 494 2339 ἡθελον
523 2267 942 2337 προπεμφθῆναι
972 2265 1060 2333 ὑφ’
1094 2267 1246 2336 ὑμῶν
1265 2282 1280 2296 ⁶
1309 2265 1421 2318 ἀλλ’
1445 2267 1470 2317 6
1498 2265 1626 2326 8&6;
1653 2262 1770 2316 οὔτε
1798 2265 1875 2324 εἰς

303 2362 444 2430 ὑμᾶς
480 2362 612 2422 ὅλως
647 2360 819 2412 ἐλθεῖν
853 2358 1167 2427 εὐδόκησεν,
1209 2355 1330 2409 οὔτε
1378 2359 1455 2420 είς
1487 2357 1581 2425 τὴν
1614 2355 1875 2406 Ἰουδαίαν

303 2457 392 2526 ὑφ’
421 2455 570 2526 ὑμῶν
605 2455 1055 2524 προπεμφθῆναι.
1096 2453 1292 2506 Ἄκουε
1325 2449 1416 2505 οὖν
1450 2454 1536 2504 καὶ
1572 2451 1678 2502 τῶν
1724 2450 1873 2515 ἑξῆς·

383 2569 401 2598 t
434 2549 606 2600 Τοῦτο
655 2547 749 2600 οὖν
805 2547 1149 2617 βουλόμενος,
1217 2545 1346 2616 μήτι
1391 2545 1498 2613 ἄρα
1547 2545 1611 2612 τῇ
1645 2542 1877 2612 ἐλαφρίᾳ

305 2639 660 2708 ἐχρησάμην;
699 2639 767 2689 Ἦ
816 2638 850 2690 ἂ
887 2637 1232 2707 βουλεύομαι,
1271 2636 1411 2690 κατά
1446 2635 1623 2704 σάρκα
1652 2635 1877 2703 βουλεύ-

306 2747 457 2799 ομαι,
486 2725 626 2799 ἵναῇ
665 2731 792 2797 παρ’
824 2730 945 2798 ἐμοὶ
976 2730 1034 2780 τὸ
1057 2730 1164 2792 ναὶ,
1212 2728 1321 2789 ναὶ,
1375 2726 1467 2778 καὶ
1505 2727 1565 2778 τὸ
1595 2724 1678 2790 οὓ,
1720 2724 1778 2777 οὗ
1813 2743 1825 2790 ;
1852 2743 1870 2775 ι

320 2822 583 2876 Ἐνταῦθα
637 2822 986 2891 ἐκδηλότερον
1037 2821 1388 2889 ἀπολογεῖται
1439 2819 1577 2887 ὑπὲρ
1611 2819 1708 2886 τῆς
1749 2819 1878 2887 βρα-

308 2902 555 2984 δύτητοθ,
582 2915 672 2966 καί
695 2930 876 2981 φησιν,
897 2915 976 2966 ὅτι
998 2913 1328 2982 Βουλόμενος
1348 2911 1522 2964 ἐλθεῖν
1549 2912 1680 2981 πρὸς
1711 2912 1876 2979 ὑμᾶς,

309 3008 451 3069 τίνος
477 3009 663 3059 ἕνεκεν
688 3010 786 3059 οὑκ
817 3004 1003 3077 ἦλθον;
1035 3003 1140 3075 ἆρα
1175 3007 1248 3068 ὡς
1283 3005 1514 3076 ἐλαφρὸς
1539 3006 1631 3057 καὶ
1664 3003 1878 3073 εὑρίπι-

313 3114 453 3161 στος,
502 3098 593 3150 καὶ
637 3097 823 3150 ἄλλοτε
852 3098 985 3150 ἄλλα
1022 3096 1267 3164 φρονῶνς
1313 3093 1601 3162 Οὐδαμῶς.
1630 3090 1774 3162 ’Λρα
1825 3095 1878 3144 δὲ

312 3188 452 3242 κατὰ
482 3189 659 3258 σάρκα
682 3229 693 3250 ,
727 3188 1022 3252 τουτέστιν,
1050 3187 1398 3256 ἀνθρωπίνως
1424 3187 1767 3256 βουλεύομαι,
1788 3186 1880 3236 καὶ

311 3278 489 3348 οζκείᾳ
545 3277 736 3348 γνώμῃ
783 3277 1109 3346 διοικοῦμαι,
1177 3277 1316 3329 ὥστε
1368 3274 1397 3327 ὂ
1450 3277 1695 3344 ἀφορίσω
1751 3278 1877 3340 π;ρ’

314 3369 556 3440 ἐμαυτῷ,
591 3369 746 3422 τοῦτο
780 3369 873 3423 καὶ
909 3369 1124 3438 πληρῶ,
1165 3370 1264 3422 κᾶν
1298 3385 1357 3420 τε
1398 3370 1508 3432 ναὶ,
1548 3369 1649 3422 κᾶν
1691 3386 1746 3420 τε
1783 3367 1876 3431 0'3;

313 3463 426 3515 Οὑκ
456 3463 602 3514 ἐστιν
635 3460 755 3514 οὑδὲ
795 3459 972 3516 τοῦτο.
1027 3457 1184 3513 Ἀλλὰ
1212 3458 1289 3528 τῷ
1344 3458 1622 3528 Πνεύματι
1656 3460 1880 3525 ἄγομαι,

314 3558 408 3608 καὶ
431 3557 528 3608 οὑκ
559 3557 666 3624 ἔχω
713 3554 958 3618 ἐξουσίαν
988 3554 1118 3605 ὃπου
1153 3551 1290 3604 θέλω
1319 3551 1557 3610 ἀπιέναι,
1600 3549 1712 3602 ἀλλ’
1748 3551 1882 3600 ὅπου

315 3653 488 3702 ἐκεῖνο
514 3649 828 3719 προστάξει.
888 3648 1052 3698 Ὥστε
1099 3645 1352 3712 πολλάκις
1395 3644 1521 3712 παρ’
1557 3645 1679 3711 ἐμοὶ
1711 3643 1767 3692 τὸ
1796 3643 1882 3693 ναὶ

313 3741 413 3793 οὑκ
443 3739 557 3791 ἔστι
585 3742 695 3801 ναὶ,
728 3738 814 3790 διὰ
847 3739 906 3789 τὸ
940 3739 1013 3807 μὴ
1057 3737 1149 3790 καὶ
1173 3736 1248 3805 τῷ
1279 3735 1553 3805 Ιῐνεύματι
1588 3734 1734 3797 δόξαι
1757 3734 1884 3785 τοὺ-η

314 3849 405 3884 το·
438 3832 556 3884 οὐδὲ
593 3833 650 3884 τὸ
682 3830 767 3892 οὒ,
825 3828 906 3895 οὒ,
946 3830 1078 3882 διότι
1130 3829 1266 3897 ὅπερ
1325 3827 1432 3896 ἐγὼ
1487 3827 1879 3894 ἁπαναίνομαι,

314 3922 471 3974 τοῦτο
505 3924 714 3975 κελεύει
743 3922 803 3975 τὸ
833 3921 1075 3991 Πνεῦμα.
1111 3922 1253 3990 Ὅρα
1281 3920 1335 3973 δὲ
1369 3919 1580 3987 σοφίαν,
1614 3917 1728 3978 πῶς
1747 3919 1881 3986 ὅπερ

315 4014 749 4075 οίδιαῦἀλλοντες
784 4013 1057 4082 πρόφασιν
1092 4010 1354 4079 λοιδορίας
1387 4008 1681 4071 ἐποιοῦντο,
1706 4007 1765 4060 τὸ
1808 4009 1881 4076 μὴ

318 4105 491 4157 ἐλθεῖν
522 4106 911 4173 ὑποσχόμενον,
936 4103 1093 4155 τοῦτο
1127 4102 1285 4163 αὑτὸς
1321 4103 1377 4153 ἐν
1415 4099 1690 4167 ὲγκωμίου
1721 4099 1883 4168 μοίρᾳ

317 4195 520 4258 τάττει,
546 4195 605 4246 τὸ
655 4198 728 4263 μὴ
764 4193 1095 4257 ἐξουσιάζειν
1131 4189 1346 4254 ἑαυτοῦ,
1380 4190 1492 4241 ἀλλ’
1521 4188 1749 4253 ἄγεσθαι
1781 4189 1883 4238 ὑπὸ

320 4286 413 4338 τοῦ
468 4285 779 4354 Πνεύματος
804 4285 936 4336 ὅπου
983 4285 1047 4335 ἂν
1078 4283 1269 4351 ἐκείνῳ
1304 4282 1456 4350 δοκῇ.
1486 4281 1549 4332 Τί
1579 4280 1666 4340 δὲ;
1706 4281 1885 4330 ἐκεῖνα

319 4379 354 4431 ἃ
392 4381 718 4445 ὑπισχνεῖτο,
753 4377 811 4427 οὑ
847 4375 983 4444 μετὰ
1015 4376 1112 4443 τῆς
1143 4373 1238 4425 τοῦ
1271 4371 1582 4440 Πνεύματος
1608 4373 1887 4439 ἐνεργείας

322 4472 652 4536 ὑπισχνεῖτο,
691 4467 801 4519 ἀλλ’
829 4468 1010 4535 ἠγνόει
1040 4467 1098 4517 τὸ
1131 4464 1354 4533 μέλλον;
1407 4462 1619 4530 Ἠγνόει
1642 4479 1654 4493 ο
1689 4464 1748 4514 ού
1779 4462 1886 4531 γὰρ

322 4559 499 4608 πάντα
536 4556 830 4607 ἐπίστατοθ
861 4555 997 4607 ὥστε
1033 4556 1076 4584 ’⁸
1112 4555 1204 4605 καὶ
1241 4554 1530 4621 ἀσύμφορα
1558 4550 1771 4620 ηὑχετο,
1807 4552 1880 4612 ὡς
1921 4544 1959 4595 D

319 4650 410 4698 ἐπὶ
441 4647 534 4697 τοῦ
560 4646 836 4705 σκόλοπος.
871 4647 975 4697 Καὶ
999 4647 1054 4695 ἐν
1084 4646 1201 4703 ταῖς
1233 4643 1469 4711 Πραξεσι
1494 4642 1545 4692 δὲ
1573 4640 1882 4709 εὑρίσκεται

324 4739 642 4806 βουλόμενος
669 4735 917 4788 ἀπελθεῖν
948 4733 1203 4803 ἀλλαχοῦ,
1241 4735 1334 4785 καὶ
1365 4733 1466 4785 ὑπὸ
1510 4733 1600 4784 τού
1634 4732 1881 4798 Πνεύμα-

320 4847 411 4890 τος
431 4829 792 4897 κωλυόμενος.
818 4827 985 4879 Τοῦτο
1003 4826 1056 4877 δὲ
1087 4827 1468 4894 συμφερόντως
1493 4826 1518 4876 6
1540 4823 1670 4884 Θεὸς
1691 4824 1882 4885 ἐποίει,

320 4923 409 4974 ἵνα
443 4923 516 4991 μὴ
561 4921 634 4983 ὡς
700 4921 840 4983 θεοῖς
892 4921 1074 4980 αὐτοῖς
1117 4918 1454 4986 προσέχωσιν
1493 4919 1540 4970 oi
1575 4916 1880 4984 ἅνθρωποι·

321 5020 458 5087 ὅπερ
489 5018 534 5068 οἱ
576 5016 846 5077 Λυκάονες
876 5015 1092 5066 ἔπαθον.

408 5309 424 5340 ι
463 5289 661 5351 Πιστὸς
688 5288 742 5340 δὲ
766 5289 792 5339 6
823 5289 977 5351 Θεὸς,
1006 5288 1086 5340 ὅτι
1111 5289 1136 5339 6
1166 5286 1320 5354 λόγος
1347 5285 1501 5356 ἡμῶν
1531 5288 1558 5338 6
1589 5287 1723 5356 πρὸς
1751 5288 1893 5353 ὑμᾶς

323 5385 423 5437 οὑκ
450 5383 662 5449 ἐγένετο
691 5383 735 5412 "
762 5382 867 5442 vati,
894 5382 985 5432 καὶ
1018 5379 1100 5432 οὑ.
1135 5398 1153 5429 ι
1204 5379 1497 5431 Ἀντίθεσιν
1550 5380 1893 5431 ἀνακύπτου-

325 5495 423 5529 σαν
451 5476 584 5528 λύει.
612 5475 767 5534 Εἰκὸς
799 5476 905 5542 γὰρ
929 5475 1100 5525 εἰπεῖν
1129 5490 1248 5524 τινα
1271 5489 1283 5501 ο
1315 5471 1373 5523 Εἰ
1409 5472 1553 5542 ἅπερ
1586 5473 1760 5539 λέγεις
1790 5473 1888 5522 ουκ

399 5621 425 5660 s
461 5612 476 5664 |
530 5611 657 5666 Cor.
698 5626 805 5674 va,
877 5611 956 5664 l3.
1036 5610 1061 5649 h
1087 5607 1212 5664 Act.
1244 5626 1349 5673 xu,
1388 5613 1437 5664 6.
1526 5613 1536 5649 ί
1575 5611 1825 5673 Act..vtv,
1864 5608 1949 5661 'lO.

1963 614 2122 682 Atqui
2159 615 2210 665 in
2247 615 2426 680 priore
2455 612 2688 681 Epistula
2714 613 2925 665 dixerat
2949 613 2994 675 ε,
3031 628 3048 661 ι
3083 609 3304 664 Veniam
3339 613 3403 662 ad
3444 627 3536 660 \‘tts

1965 705 2052 757 ubi
2089 705 2452 757 Macedoniam
2497 704 2802 757 transiero:
2844 723 2860 753 ι
2898 705 2984 757 hic
3016 716 3144 755 vero
3182 704 3278 768 ait,
3319 722 3338 755 (
3385 701 3532 756 Volui

1963 800 2113 867 prius
2149 798 2329 849 venire
2357 797 2420 848 ad
2454 813 2564 849 vos.
2609 816 2627 846 ι
2669 797 2806 861 Quid
2841 795 3048 861 igitur?
3077 810 3258 848 secum
3293 796 3405 863 ipse
3437 811 3538 865 pu—

1967 888 2132 957 gnat?
2161 887 2607 955 Haudquaquam.
2658 885 2772 938 Non
2814 886 2958 938 enim
2995 886 3151 948 dixit,
3192 883 3396 948 Scripsi
3445 900 3539 952 per

1968 996 2062 1030 vos
2114 994 2196 1032 me
2240 980 2515 1031 abiturum
2550 979 2600 1029 in
2644 978 3040 1036 Macedoniam,
3088 977 3202 1040 sed,
3241 994 3258 1026 (
3300 974 3472 1028 Volui.
3515 995 3532 1026 ι

1972 1074 2190 1124 ίεζιὶιιιιιεί
2219 1073 2358 1124 enim
2401 1088 2500 1124 non
2535 1072 2610 1124 sic
2642 1072 2828 1139 scripsi
2861 1112 2873 1134 ,
2909 1070 3102 1138 inquit,
3142 1069 3422 1124 studebam
3460 1080 3540 1121 ta-

1972 1183 2091 1220 men
2136 1179 2189 1219 et
2225 1166 2464 1218 volebam
2514 1164 2700 1217 venire
2739 1165 2803 1215 ad
2855 1179 2947 1216 vos
2994 1164 3309 1230 priusquam
3369 1162 3540 1215 Mare-

1972 1261 2180 1313 tioniam
2218 1259 2503 1310 ittviserrtn
2533 1275 2546 1310 :
2588 1267 2795 1310 tantum
2827 1259 2982 1309 abest.
3011 1267 3065 1308 ul
3093 1271 3158 1310 ex
3187 1254 3432 1308 socordia
3463 1257 3540 1305 in-

1974 1349 2294 1402 termiserint
2337 1347 2622 1415 quominus
2671 1345 2736 1398 ad
2780 1360 2870 1398 vos
2899 1344 3159 1407 venit-em,
3195 1359 3258 1396 ac
3293 1358 3394 1394 non
3431 1352 3543 1394 sta'

1973 1457 2083 1495 rem
2110 1439 2477 1507 promissioni,
2508 1447 2564 1489 ut
2590 1446 2643 1490 et
2675 1437 2970 1503 praevenire
3008 1436 3151 1487 illam
3189 1435 3469 1488 voluerim.

2047 1551 2066 1584 (
2105 1531 2166 1584 Et
2201 1533 2392 1584 iterum
2428 1546 2453 1581 a
2490 1529 2801 1582 Macedonia
2842 1529 3027 1579 venire
3061 1526 3126 1579 ad
3155 1541 3270 1588 vos,
3311 1537 3363 1579 et
3389 1541 3416 1577 a
3450 1540 3543 1578 vo-

1972 1627 2056 1679 bis
2087 1623 2276 1676 deduci
2317 1622 2371 1674 in
2417 1621 2679 1675 Judzeatn.
2721 1639 2738 1670 ι
2778 1620 2837 1673 lu
2892 1621 3071 1689 priore
3111 1619 3346 1688 Epistola
3396 1617 3546 1670 inde-

1973 1719 2123 1772 ﬁnite
2171 1717 2326 1778 dixit,
2389 1733 2408 1765 t
2472 1714 2538 1768 Ut
2587 1730 2684 1768 vos
2751 1730 2835 1767 tne
2893 1713 3167 1766 deducatis
3225 1725 3548 1781 quocunque

1974 1810 2111 1874 iero,
2147 1827 2164 1858 ι
2211 1811 2413 1862 veritus
2447 1823 2514 1860 ne
2543 1808 2585 1860 si
2623 1808 2863 1871 dixisset,
2898 1808 2948 1860 iu
2976 1804 3241 1867 Iudaeam,
3275 1815 3327 1857 et
3360 1819 3388 1857 ιι
3424 1803 3546 1871 Spi-

1981 1901 2084 1954 ritu
2137 1901 2242 1953 alio
2286 1911 2505 1954 coactus
2557 1898 2747 1952 fuisset
2794 1899 3085 1965 proﬁcisci,
3141 1899 3368 1952 mendax
3425 1911 3546 1951 esse

1979 1992 2266 2044 videretur.
2316 1990 2433 2044 Jatn
2481 2004 2626 2044 nunc
2683 2005 2811 2043 vero
2855 1991 3290 2059 quandoquidem
3340 1990 3405 2042 ad
3452 2005 3547 2044 eos

1979 2084 2241 2152 proﬁcisci
2272 2102 2373 2136 noti
2404 2085 2646 2152 contigit,
2687 2082 2809 2136 ideo
2840 2084 3096 2135 audacter
3126 2083 3278 2144 dicit,
3313 2083 3454 2149 quod
3493 2084 3543 2134 in

1977 2175 2212 2231 Jndieam
2260 2178 2398 2230 volui
2446 2192 2474 2229 a
2513 2179 2662 2231 vobis
2708 2177 2894 2230 deduci
2931 2193 2944 2231 :
2981 2184 3035 2229 at
3083 2177 3190 2230 Deo
3235 2176 3404 2228 visunt
3442 2185 3546 2238 est,

1981 2285 2033 2322 ιιι
2084 2287 2255 2338 neque
2295 2273 2514 2323 omnino
2561 2272 2624 2322 ad
2675 2284 2766 2322 vos
2807 2271 3063 2333 uenirem,
3106 2283 3277 2335 neque
3325 2285 3351 2321 a
3399 2269 3550 2322 vobis

1981 2364 2032 2416 in
2074 2363 2308 2416 Jadzeam
2353 2362 2671 2416 deducerer.
2704 2362 2840 2414 Audi
2879 2363 3038 2431 igitur
3077 2378 3196 2429 qua:
3228 2371 3545 2429 sequuntur.

2056 2546 2215 2600 Vens.
2251 2546 2336 2599 17.
2391 2564 2407 2596 ι
2455 2544 2587 2599 Cum
2627 2559 2754 2612 ergo
2796 2545 2896 2597 hoc
2930 2544 3241 2610 voluissem,
3291 2545 3549 2614 numquid

1982 2641 2198 2694 levitate
2227 2655 2354 2693 usus
2383 2639 2538 2692 sunt?
2567 2639 2673 2692 Aut
2705 2654 2823 2707 qua:
2851 2639 3028 2708 cogito
3051 2677 3064 2702 ,
3105 2639 3401 2692 secundum
3428 2654 3548 2692 car-

1981 2749 2106 2787 nem
2135 2733 2329 2799 cogito,
2355 2743 2412 2783 ut
2437 2733 2508 2784 sit
2533 2735 2673 2799 apud
2707 2746 2813 2794 me,
2842 2747 2942 2793 nae,
2981 2745 3082 2793 nae,
3113 2739 3168 2783 et
3197 2746 3324 2797 non,
3357 2730 3504 2784 non?
3529 2750 3546 2778 ι

1985 2824 2079 2878 Hie
2097 2825 2296 2878 clarius
2313 2827 2572 2876 rationem
2592 2824 2767 2876 reddit
2787 2823 3055 2875 tarditatis
3087 2837 3216 2887 suae,
3256 2823 3502 2889 inquiens
3531 2861 3548 2885 ,

1982 2918 2113 2969 Cum
2130 2917 2193 2970 ad
2209 2929 2300 2969 vos
2318 2916 2500 2968 venire
2520 2915 2899 2978 decrevissem,
2917 2917 3071 2984 cujus
3089 2930 3252 2968 causa
3272 2931 3374 2968 non
3395 2916 3556 2970 veni?

1985 3009 2119 3063 lNum
2154 3009 2277 3075 quia
2312 3009 2441 3060 levis
2475 3018 2527 3059 et
2557 3007 2873 3060 inconstans
2919 3006 3040 3071 sim,
3074 3017 3130 3060 et
3159 3008 3248 3073 qui
3282 3006 3416 3061 alias
3447 3007 3554 3059 alia

1983 3100 2212 3155 sentiat?
2232 3098 2601 3167 Nequaquam.
2634 3098 2768 3151 Num
2798 3099 2958 3158 igitur
2985 3097 3281 3152 Secundum
3312 3113 3554 3158 carnem,

1910 3210 1951 3264 ς
1989 3194 2037 3244 id
2071 3200 2171 3254 est,
2207 3193 2440 3245 humano
2479 3207 2628 3244 more
2660 3192 2920 3253 delibero,
2947 3201 2999 3244 et
3036 3193 3248 3258 propria
3282 3191 3556 3244 voluntate

1987 3287 2276 3352 gubernor,
2307 3296 2362 3336 ut
2393 3286 2534 3352 quod
2565 3284 2893 3338 constituero
2928 3285 3066 3352 apud
3097 3286 3382 3352 meipsuin,
3417 3286 3554 3337 ide."

1985 3385 2038 3425 et
2065 3374 2332 3441 impleam,
2376 3375 2487 3426 sive
2540 3374 2610 3426 sit
2662 3389 2763 3436 inn,
2811 3376 2924 3426 sive
2966 3375 3034 3426 sit
3079 3375 3223 3426 non?
3273 3374 3426 3428 Haud
3479 3378 3557 3427 sic

1987 3464 2125 3517 istud
2181 3466 2359 3519 habet.
2417 3465 2518 3517 Sed
2559 3467 2762 3532 Spiritu
2798 3483 2948 3532 agor,
2985 3483 3082 3519 nec
3125 3468 3258 3520 mihi
3295 3469 3442 3537 copia
3476 3478 3560 3521 est

1989 3556 2146 3614 laeta.
2195 3565 2253 3607 ut
2287 3571 2392 3623 quo
2425 3558 2580 3608 velim
2617 3556 2948 3624 proﬁciscar,
2986 3558 3078 3610 sed
3114 3573 3219 3626 quo
3254 3559 3338 3612 ille
3377 3559 3558 3627 injun-

1990 3649 2144 3701 xet'it.
2181 3647 2364 3716 Itaque
2409 3663 2776 3716 saepenumero
2799 3650 2937 3718 apud
2968 3667 3050 3702 me
3085 3666 3165 3704 me
3197 3665 3299 3704 non
3331 3663 3412 3706 est
3439 3669 3516 3704 me
3538 3692 3554 3714 ,

1988 3750 2271 3809 propterea
2319 3744 2458 3810 quod
2511 3758 2616 3796 non
2656 3745 2820 3796 etiam
2879 3744 3102 3811 Spiritui
3155 3745 3256 3799 hoc
3305 3746 3551 3814 placeat:

1988 3845 2158 3898 neque
2238 3848 2339 3883 non
2393 3835 2530 3899 apud
2566 3849 2648 3885 tne
2693 3835 2762 3886 sit
2816 3849 2955 3897 non,
3000 3834 3164 3904 25.3
3215 3837 3562 3906 quandoqui-.

1989 3923 2106 3974 dem
2163 3922 2212 3974 id
2267 3925 2408 3990 quod
2459 3938 2558 3992 ego
2617 3939 2807 3987 renuo,
2842 3924 3075 3992 Spiritus
3105 3926 3279 3994 jubet.
3314 3928 3555 3981 Observa

1990 4026 2166 4067 autem
2198 4015 2312 4082 ejus
2345 4016 2687 4084 sapientiam,
2720 4019 2989 4082 quomodo
3027 4017 3166 4084 quod
3197 4018 3555 4071 Calumniato-

1992 4119 2075 4156 res
2103 4106 2443 4158 occasionem
2475 4107 2700 4160 convicii
2731 4106 3027 4169 faciebant,
3071 4110 3193 4176 quia
3230 4126 3332 4164 non
3378 4114 3557 4164 venis-

1989 4206 2091 4256 set,
2128 4211 2246 4248 cum
2281 4198 2617 4263 promisisset
2653 4210 2852 4262 tamen,
2886 4201 2985 4254 boc
3011 4202 3126 4269 ipse
3163 4204 3390 4257 encomii
3439 4204 3556 4259 loco

1991 4287 2160 4355 ponit,
2199 4303 2410 4356 nempe,
2437 4291 2574 4354 quod
2604 4291 2684 4342 sui
2708 4302 3025 4358 potestatein
3059 4309 3163 4346 non
3199 4295 3411 4356 habeat,
3447 4312 3556 4349 ca:-

1994 4390 2164 4431 terum
2197 4383 2338 4446 quod
2374 4396 2401 4432 a
2451 4378 2657 4449 Spiritu
2699 4393 2889 4450 agatur
2922 4397 3174 4451 quorsum
3227 4386 3271 4438 is
3307 4386 3556 4444 voluerit,

1993 4471 2128 4534 Quid
2166 4473 2335 4524 vero?
2385 4471 2474 4523 Illa
2514 4487 2632 4539 quae
2666 4475 3031 4541 promlttebat,
3076 4491 3256 4529 nonne
3280 4492 3403 4530 cum
3438 4476 3561 4546 Spi-

1994 4565 2126 4615 ritus
2179 4565 2492 4632 Operatione
2543 4567 2909 4633 promittebat.
2954 4570 3045 4621 sed
3097 4571 3374 4636 ignorabat
3430 4578 3560 4638 quid

1995 4654 2229 4706 futurum
2265 4655 2447 4708 esset?
2477 4656 2775 4722 Ignorabat.
2813 4657 2926 4711 Non
2965 4661 3109 4714 enim
3159 4664 3340 4714 omnia
3378 4675 3554 4716 norat.

1987 4744 2178 4813 itaque
2211 4760 2308 4812 pro
2357 4745 2420 4798 iis
2467 4748 2674 4809 orabat,
2719 4763 2837 4815 qua:
2874 4749 3081 4802 inutilia
3112 4761 3285 4811 erant,
3327 4763 3383 4805 ut
3434 4769 3557 4806 cum

1993 4835 2059 4887 tle
2101 4836 2318 4889 stimulo
2367 4852 2394 4888 ει
2442 4853 2501 4889 se
2549 4839 2843 4892 auferendo
2875 4852 3075 4894 oraret.
3111 4842 3170 4894 In
3215 4845 3365 4896 Actis
3395 4846 3557 4896 e.i.tttt

1999 4927 2267 4978 invenitur
2313 4930 2452 4994 quod
2490 4929 2720 4982 voluerit
2755 4931 2858 4982 alio
2915 4931 3082 4997 abire,
3133 4933 3228 4986 sed
3280 4947 3310 4985 a
3353 4931 3558 5001 Spiritu

1989 5020 2061 5070 sit
2111 5021 2411 5086 prohibitus
2435 5022 2480 5070 ιι.
2542 5022 2591 5073 ld
2639 5038 2764 5076 vero
2799 5025 3077 5077 commode
3113 5023 3343 5078 faciebat
3399 5028 3560 5088 Dens,

1989 5124 2058 5162 ne
2089 5108 2332 5164 homines
2364 5111 2466 5164 illis
2507 5122 2565 5166 ut
2594 5115 2694 5168 diis
2720 5125 2900 5168 essent
2947 5115 3157 5181 intenti,
3191 5117 3242 5170 id
3280 5120 3421 5186 quod
3451 5117 3562 5188 Ly-

1991 5199 2250 5252 caonibus
2279 5200 2474 5254 accidit
2505 5204 2548 5257 ί.

2064 5289 2227 5347 Vstts.
2266 5291 2352 5348 18.
2398 5312 2416 5344 t
2454 5294 2654 5350 Fidelis
2693 5307 2870 5352 autem
2906 5298 3066 5363 Deus,
3100 5299 3223 5366 quia
3249 5314 3430 5353 sermo
3464 5316 3559 5352 nn-

1993 5390 2106 5435 ster
2135 5383 2224 5450 qui
2256 5381 2356 5438 fuit
2390 5387 2529 5452 apud
2566 5401 2678 5451 vos,
2724 5404 2828 5441 non
2859 5388 2956 5442 fuit
2982 5405 3061 5442 na:
3088 5401 3144 5443 et
3177 5407 3303 5444 non.
3339 5411 3358 5442 ι
3395 5389 3558 5458 Obje-

2001 5472 2232 5528 ctionem
2266 5486 2632 5544 emergentem
2685 5479 2859 5534 diluit.
2914 5479 3215 5536 Verisimile
3260 5483 3404 5536 enim
3443 5493 3560 5536 erat

1669 5727 1862 5787 γει-πο
1921 5726 2221 5786 lectiones

393 5853 438 5885 ⁸⁸
470 5853 524 5914 ὃς
557 5867 616 5916 γε
653 5865 703 5902 ο.
777 5853 819 5882 ε’
854 5851 967 5904 ἔστι
999 5866 1048 5903 ο.

575 5949 847 6007 Parnm.
896 5948 1005 6007 (in.
1063 5944 1326 6008 CXXIV.
