4242 6462
249 435 361 501 Sil

1005 425 1411 488 EXI‘OSlTlO
1459 425 1534 482 lN
1573 421 1811 481 EPIST.
1867 419 1916 480 ll
1965 422 2060 480 AD
2103 421 2269 480 (ΞΟΠ.
2310 444 2376 454 -
2403 421 2558 480 C.\P.
2600 419 2698 478 IV.

3391 420 3497 482 8ίὲ

252 548 399 603 ἀλλὰ
431 545 682 614 Χριστόν.
724 562 740 592 ι
792 539 1013 608 Ἐκείνῳ
1059 537 1152 591 οὖν
1191 536 1476 604 πολεμεῖτε
1511 532 1588 601 τῷ
1616 547 1826 600 κῃρυσ-
1859 535 1902 590 Α
1935 531 2078 585 enim
2114 529 2361 596 nosipsos
2389 528 2698 596 praedicamt

1901 582 1902 588 η
1935 531 2078 585 enim
2114 529 2361 596 nosipsos
2389 528 2764 596 praedicamus,
2792 524 2882 579 sed
2906 525 3206 580 Christum.
3243 542 3263 577 ι
3293 529 3498 580 Adver-

254 638 497 706 σομένν.
528 636 714 704 Ἡμεῖς
738 632 844 700 γὰρ
867 630 1116 682 τοσοῦτον
1133 628 1191 680 οὑ
1216 625 1562 696 κηρύσσομεν
1584 622 1828 684 ἑαυτοὺς,

253 729 402 784 ὥστε
442 729 536 781 καὶ
575 729 633 778 οὑ
678 721 1094 792 παραιτούμεθα
1130 719 1308 772 δοῦλοι
1347 717 1500 785 ὑμῶν
1553 710 1693 767 εἶναι
1744 713 1831 765 διὰ

252 823 352 874 τὸν
399 820 663 888 Χριστόν*
715 816 1003 875 τουτέστι,
1053 812 1195 863 Διότι
1232 808 1438 867 ὲκείνος
1467 805 1639 867 οῦτως
1687 805 1833 872 ἡμᾶς

255 910 541 980 ἠγάπησε,
574 906 669 960 καὶ
697 905 874 958 πάντα
899 903 1038 972 ὑπὲρ
1068 900 1226 970 ἡμῶν
1256 896 1512 969 ἔπραξεν.

340 1105 357 1138 ι
401 1086 521 1138 ’Ότι
552 1084 580 1134 ό
613 1081 740 1143 Θεὸς
775 1080 802 1131 ὁ
848 1076 1036 1140 εἰπὼν,
1073 1077 1137 1127 ὲκ
1174 1073 1399 1134 σκότους
1445 1071 1558 1138 φῶς
1590 1068 1830 1138 λάμψαι,

254 1176 322 1242 ὃς
354 1155 594 1245 ἔλαμψεν
636 1174 692 1225 ἐν
724 1173 844 1232 ταῖς
878 1166 1126 1237 καρδίαις
1161 1164 1351 1234 ἡμῶν,
1388 1162 1523 1230 πρὸς
1555 1158 1835 1229 φωτισμὸν

255 1270 362 1338 τῆς
386 1266 641 1334 γνώσεως
665 1266 764 1331 τῆς
786 1261 942 1328 δόξης
971 1257 1066 1311 τοῦ
1095 1256 1230 1309 Θεοῦ
1258 1258 1313 1308 ὲν
1345 1253 1619 1324 προσώπῳ
1659 1247 1833 1318 Ἰησοῦ

256 1356 520 1427 Χριστοῦ.
562 1374 579 1406 ι
622 1354 718 1406 Διὰ
748 1352 818 1415 τί,
854 1351 1040 1418 φησὶν,
1071 1348 1168 1414 οὑχ
1199 1345 1422 1405 ἑαυτοὺς
1458 1341 1832 1412 κηρύττομεν;

259 1451 410 1502 Διότι
451 1451 477 1500 ὁ
519 1447 649 1507 use;
692 1443 932 1510 ἔλαμψεν
976 1443 1033 1491 ἐν
1067 1442 1184 1499 ταῖς
1236 1436 1485 1505 καρδίαις
1518 1434 1698 1503 ἡμῶν,
1745 1431 1839 1484 καὶ

260 1541 454 1609 ὥσπερ
488 1542 564 1600 εἰς
597 1538 656 1588 τὸ
698 1537 987 1603 πρόσωπον
1031 1530 1124 1582 τοῦ
1173 1527 1412 1589 Μωσέως
1458 1526 1659 1589 πάλαι,
1693 1521 1837 1574 οὑτω

262 1635 361 1686 νῦν
397 1634 476 1696 εἰς
507 1631 668 1700 ἡμᾶς.
717 1630 828 1695 Οὐχ
865 1625 1052 1694 ὥσπερ
1094 1622 1150 1675 δὲ
1191 1622 1283 1672 ἐπὶ
1330 1620 1430 1688 τῆς
1464 1618 1686 1688 πρώτης
1723 1615 1838 1669 κτί-

265 1741 429 1786 σεως,
464 1719 608 1784 εἷπε,
641 1719 735 1772 καὶ
769 1719 984 1786 ἐγένετο
1015 1715 1128 1785 φῶς
1169 1717 1232 1767 ὲκ
1268 1713 1513 1774 σκότους,
1549 1710 1712 1771 οὕτω,
1745 1709 1838 1760 καὶ

263 1817 361 1868 νῦν
391 1812 533 1875 εἷπε,
575 1813 669 1865 καὶ
705 1812 922 1879 ἐγένετο
954 1807 1067 1876 φῶς
1087 1823 1101 1837 ³
1149 1803 1264 1860 ἀλλ’
1297 1803 1457 1864 αὑτὸς
1488 1804 1620 1872 ἡμῖν
1647 1801 1836 1868 γέγονε

1935 637 2026 674 sus
2060 635 2183 674 cum
2211 620 2390 688 itaque
2428 617 2718 682 dimicatis,
2745 617 2833 684 qui
2859 617 3197 684 praedicatur.
3227 615 3334 672 Nos
3357 619 3497 672 enim

1937 712 2071 764 adeo
2113 723 2214 763 non
2247 707 2603 777 praedicamus
2653 707 2918 774 nosipsos,
2972 717 3029 759 ut
3079 723 3182 761 nou
3232 713 3503 763 detrecte-

1939 817 2063 856 mus
2114 801 2256 854 servi
2288 799 2452 853 vestri
2502 813 2624 854 esse
2656 809 2872 867 promer
2901 797 3202 863 Christum,
3257 801 3358 854 hoc
3397 807 3504 862 est,

1940 894 2016 947 Eo
2042 893 2182 962 quod
2218 891 2309 946 ille
2336 893 2414 947 sic
2446 907 2544 947 nos
2573 890 2782 954 dilexit,
2818 901 2872 946 et
2908 893 3090 946 omnia
3135 893 3302 945 nostri
3340 905 3502 945 causa

1937 986 2065 1055 egit.
2310 1022 2322 1033 .
2597 1041 2606 1049 ε
2794 968 2809 981 ’

2011 1074 2175 1147 264
2197 1074 2357 1128 Vnus.
2377 1074 2732 1140 6.rQuoniam
2753 1077 2909 1140 Deus,
2931 1075 3018 1142 qui
3037 1076 3168 1129 dixit
3186 1077 3251 1130 de
3273 1075 3507 1131 tenebris

1939 1169 2111 1223 lucem
2144 1168 2542 1236 splendescere,
2579 1169 2669 1236 qui
2730 1168 2904 1221 illuxit
2933 1169 2984 1221 in
3029 1169 3280 1222 cordibus
3308 1170 3508 1223 nostris

1939 1262 2004 1313 ad
2041 1259 2486 1313 illutninationem
2539 1259 2864 1327 cognitionis
2895 1259 3079 1327 gloriae
3133 1259 3247 1325 Dei,
3288 1259 3340 1312 in
3371 1260 3509 1315 facie

1937 1351 2066 1409 .Icsu
2102 1353 2325 1405 Christi.
2364 1371 2382 1402 )
2428 1352 2626 1416 Quare,
2660 1350 2852 1418 inquit,
2881 1351 3126 1418 llOs‘ipSOS
3167 1366 3272 1404 nou
3309 1351 3508 1420 pradi-

1940 1446 2170 1500 camus?
2199 1445 2336 1510 Quia
2371 1444 2510 1497 Deus
2559 1441 2734 1495 illuxit
2770 1442 2822 1494 in
2876 1441 3131 1496 cordibus
3187 1442 3409 1506 nostris,
3455 1451 3512 1494 et

1901 1581 1906 1590 .
1942 1536 2162 1604 perinde
2196 1549 2259 1587 ac
2289 1533 2445 1586 faciei
2488 1532 2650 1586 Mosis
2685 1533 2978 1600 quondam,
3034 1532 3112 1585 sic
3166 1532 3322 1584 nobis
3365 1547 3509 1589 nunc

1943 1626 2178 1682 refulsit.
2209 1625 2378 1680 Porro
2410 1640 2513 1678 non
2550 1623 3000 1692 quemadmodum
3043 1622 3096 1676 in
3145 1623 3320 1689 prima
3355 1635 3507 1677 crea-

1941 1721 2105 1783 tione,
2176 1719 2336 1784 dixit,
2370 1696 2426 1772 et
2450 1717 2589 1771 facta
2613 1725 2695 1771 est
2723 1703 2831 1770 'lux
2861 1732 2892 1768 e
2925 1716 3161 1769 tenebris
3183 1755 3198 1782 ,
3249 1716 3330 1770 sic
3370 1729 3512 1770 nunc

1941 1813 2095 1876 dixit,
2155 1822 2208 1867 et
2259 1811 2399 1866 facta
2453 1821 2537 1866 est
2595 1811 2680 1863 lux
2730 1810 2868 1864 :sed
2924 1809 3037 1876 ipse
3083 1808 3238 1863 nobis
3292 1807 3513 1863 cﬂecttis

264 1907 407 1973 φῶς·
438 1904 610 1966 Αὕτδῖ
635 1904 740 1972 γὰρ
771 1899 1014 1969 ἔλαμψεν
1045 1892 1255 1966 ἡμῖν’ἒν
1278 1894 1555 1963 προσώπῳ
1580 1891 1838 1962 Χριστοῦ»
1874 1890 1916 1944 Β
1947 1915 2030 1961 est
2055 1905 2256 1959 lumen.
2289 1904 2568 1972 Siquidem
2593 1903 2638 1955 is
2659 1902 2692 1956 il

1901 1892 1916 1943 ⁸
1947 1915 2030 1961 est
2055 1905 2256 1959 lumen.
2289 1904 2568 1972 Siquidem
2593 1903 2638 1955 is
2659 1902 2837 1956 illuxit
2869 1902 3025 1955 nobis
3051 1901 3106 1954 in
3132 1900 3267 1954 facie
3289 1900 3510 1962 Christi,

265 1999 553 2060 τουτέστι,
594 1994 681 2046 διὰ
734 1993 829 2044 τοῦ
883 1990 1140 2060 Χριστοῦ.
1188 1987 1286 2040 Διὰ
1319 1986 1427 2054 γὰρ
1466 1983 1558 2038 τοῦ
1604 1981 1839 2053 Χριστοῦ

266 2089 476 2157 λάμπει
513 2088 568 2138 ὲν
595 2087 726 2153 ἡμῖν
773 2085 802 2135 ό
840 2080 1050 2150 Πατὴρ,
1093 2079 1180 2131 καὶ
1210 2076 1493 2146 γαρίζεται
1544 2092 1561 2125 t
1597 2073 1687 2126 τὸν
1725 2089 1839 2140 (po)-

265 2179 463 2247 τισμον
488 2179 585 2246 τῆς
618 2175 904 2244 γνώσεως,
940 2190 959 2224 ι
1011 2171 1069 2222 οὑ
1102 2171 1198 2238 τῆς
1233 2167 1422 2229 οὐσίας
1469 2163 1654 2229 αὑτοῦ,
1705 2163 1840 2215 ἀλλὰ

274 2290 294 2321 ι
325 2271 424 2338 τῆς
457 2269 633 2338 δόξης.
675 2285 692 2317 ι
737 2267 876 2334 Ὅρα
913 2263 970 2315 δὲ
1009 2263 1106 2331 τῆς
1147 2261 1375 2331 Τριάδος
1417 2259 1516 2331 τὴν
1565 2254 1840 2323 θεολογίαν

269 2361 424 2431 παρὰ
454 2359 531 2428 τῷ
559 2357 753 2425 Παύλῳ
790 2357 883 2410 καὶ
914 2356 1005 2410 νῦν
1026 2371 1039 2385 ·
1073 2361 1200 2422 περὶ
1229 2355 1327 2421 μὲν
1360 2350 1453 2404 τοῦ
1489 2347 1840 2418 Πνεύματος,

277 2454 434 2522 «Τὴν
490 2451 648 2515 δόξαν
695 2448 788 2502 τοῦ
838 2446 1045 2518 Κυρίου
1093 2440 1600 2513 κατοπτριζόμεθα’
1647 2455 1665 2490 ι
1714 2438 1742 2488 ὁ
1787 2435 1845 2488 δὲ

270 2542 478 2611 Κύριος
511 2539 569 2591 τδ
613 2537 836 2605 Πνεῦμά
867 2538 982 2587 ἐστι
1011 2551 1023 2562 ·
1059 2533 1185 2603 περὶ
1226 2533 1281 2584 δὲ
1314 2529 1406 2583 τοῦ
1437 2525 1706 2591 Υἱοῦ,Τὸν
1733 2543 1845 2593 φω-

272 2632 469 2700 τισμόν
501 2631 596 2700 τῆς
627 2628 786 2698 δόξης
815 2627 908 2678 τοῦ
939 2625 1272 2692 Βὺαγγελίου
1300 2621 1394 2674 τοῦ
1421 2619 1657 2690 Χριστοῦ
1679 2633 1692 2647 ο
1719 2615 1847 2686 περὶ

270 2725 329 2778 δὲ
359 2723 452 2775 τοῦ
474 2724 682 2790 Πατρὺς
713 2718 826 2783 νῦν,
869 2738 887 2771 ι
908 2719 1014 2772 Τὸν
1057 2715 1335 2785 φωτισμὸν
1359 2712 1457 2781 τῆς
1472 2709 1722 2790 γνώσεως
1749 2708 1847 2778 τῆς

268 2814 428 2884 δόξης
464 2832 482 2864 ›
520 2810 706 2866 αὑτοῦ.

354 2925 373 2957 t
409 2887 728 2974 Ἐχομεν’δὲ
759 2900 850 2953 τὸν
886 2894 1162 2968 Θησαυρὸν
1200 2894 1387 2946 τοῦτον
1419 2894 1474 2944 ὲν
1503 2889 1844 2960 ὀστρακίνοις

275 2997 551 3051 σκεύεσιν.
600 3012 618 3044 r
661 2989 883 3059 Ἐπειδὴ
937 2987 1106 3040 πολλὰ
1151 2984 1246 3038 καὶ
1291 2982 1504 3052 μεγάλα
1543 2979 1662 3034 ε’τε
1717 2978 1847 3048 περὶ

272 3088 376 3157 τῆς
410 3086 724 3157 ἀπορρήτου
761 3081 948 3150 δόξης,
998 3081 1082 3132 ἵνα
1130 3077 1204 3146 μή
1238 3092 1318 3138 τις
1370 3073 1533 3144 εῖπῃο
1577 3071 1686 3124 Καὶ
1732 3070 1848 3133 πῶς

281 3182 518 3250 μένομεν
553 3179 610 3228 ὲν
644 3174 822 3244 Θνητῷ
871 3172 1085 3240 σώματι
1125 3170 1175 3222 οἱ
1220 3167 1475 3230 τοιαῦτα,
1529 3163 1602 3227 ὡς
1634 3163 1844 3230 λέγεις,

275 3273 570 3333 λαόόντες;
607 3270 790 3338 φησὶν,
817 3267 900 3318 ὅτι
945 3266 1054 3316 Καὶ
1094 3262 1252 3314 τοῦτο
1276 3259 1407 3312 αὑτὸ
1453 3257 1552 3325 τῆς
1584 3256 1678 3308 τοῦ
1709 3253 1845 3306 Θεοῦ

275 3364 592 3432 δυνάμεως,
628 3362 708 3412 ὅτι
757 3355 1076 3412 ὀστοὰκινον
1115 3350 1305 3413 σκεῦος
1337 3348 1612 3404 τοιούτους
1643 3347 1848 3415 Θησαυ-

281 3455 409 3523 ροὺς
438 3453 626 3521 χωρεῖ.

329 3541 373 3594 ἰ
414 3546 529 3596 Ἵνα
560 3545 591 3612 ή
628 3536 904 3611 ὑπερϐολὴ
936 3539 1031 3607 τῆς
1063 3536 1340 3603 δυνάμεως
1436 3530 1530 3584 τοῦ
1555 3529 1688 3583 Θεοῦ
1711 3569 1724 3593 ,
1757 3528 1850 3581 καὶ

283 3641 360 3708 μὴ
392 3639 449 3702 ἐξ
493 3637 668 3706 ἡμῶν.
712 3655 728 3686 ι
759 3636 896 3696 Ἵνα,
950 3632 1115 3702 φησιν
1136 3671 1149 3693 ,
1243 3627 1514 3696 ὑπερϐολὴ
1538 3625 1634 3695 τῆς
1661 3640 1849 3693 φαινο-

284 3732 454 3802 μένης
489 3733 544 3780 ὲν
572 3731 703 3797 ἡμῖν
743 3727 1024 3794 δυνάμεως
1062 3724 1155 3775 τοῦ
1202 3716 1432 3794 Θεοῦ,
1467 3719 1560 3772 καὶ
1590 3717 1664 3788 μὴ
1692 3718 1849 3786 ἡμεῖς

281 3822 636 3893 νομιζώμεοχ
677 3816 975 3887 κατορθοῦν
1015 3815 1072 3882 ἐξ
1106 3814 1312 3867 ἑαυτῶν
1359 3831 1434 3873 τι,
1471 3811 1609 3864 ἀλλὰ
1650 3810 1851 3871 πάντες

280 3916 331 3969 οἱ
376 3913 607 3982 όρῶντες
649 3909 739 3961 τοῦ
782 3907 916 3961 Θεοῦ
952 3907 1183 3975 λέγωσιν
1229 3899 1365 3956 εἶναι
1401 3903 1461 3954 τὸ
1502 3903 1634 3955 πᾶν.
1673 3899 1853 3954 Αίνίτ-

280 4020 434 4056 τεται
469 4001 522 4052 δὲ
549 4002 672 4061 τοῖος
718 3995 1222 4066 ψευδαποστόλους,
1259 3993 1340 4045 ὅτι
1387 3991 1597 4053 ἑαυτοῖς
1640 3989 1701 4042 τὸ
1743 3989 1849 4041 πᾶν

282 4095 419 4161 ἐπέγ
430 4109 619 4163 pago-2.

362 4203 378 4235 ι
430 4185 519 4236 Ἐν
554 4180 718 4234 παντὶ
769 4180 1104 4250 Θλιϐόμενοι,
1141 4177 1254 4231 ἀλλ’
1303 4177 1364 4228 οὑ
1415 4172 1850 4244 στενοχωρούμε-

281 4294 386 4330 νοι.
431 4293 448 4325 ›
487 4273 596 4325 Καὶ
629 4271 906 4336 τοσοῦτον,
960 4270 1147 4338 φησὶν,
1199 4267 1316 4320 ἔστι
1360 4267 1422 4318 τὸ
1462 4266 1568 4317 πᾶν
1611 4264 1711 4332 τῆς
1757 4261 1852 4313 τοῦ

282 4365 420 4420 Θεοῦ
449 4364 759 4433 δυνάμεως,
808 4361 947 4414 ὥστε
981 4360 1156 4412 καίτοι
1189 4359 1498 4422 ὀστράκινοι
1546 4355 1727 4418 ὄντες,
1762 4355 1854 4404 καὶ

281 4459 560 4519 τοσούτοις
587 4456 1036 4525 περικρουόμενοι
1068 4451 1414 4519 πειρασμοῖς,
1446 4448 1506 4500 οὑ
1540 4445 1853 4518 Θραυόμεθα

1944 2000 2049 2053 hoc
2079 2010 2182 2064 est,
2209 2013 2305 2068 per
2339 1996 2635 2052 Christum.
2669 1995 2770 2048 Per
2799 1995 3074 2050 Christum
3109 1995 3253 2048 enim
3289 1993 3432 2049 lucet
3461 1994 3511 2046 iu

1945 2093 2099 2147 nobis
2131 2092 2310 2157 Pater,
2337 2092 2535 2160 datque
2565 2109 2583 2140 ι
2625 2088 3072 2142 illuminationem
3105 2087 3454 2157 cognitionis,
3490 2105 3507 2136 ι

1946 2198 2048 2238 non
2101 2182 2417 2237 substantiae
2458 2195 2591 2246 suae,
2633 2180 2749 2234 sed.
2779 2196 2796 2230 ι
2837 2177 3037 2247 gloriae.
3073 2194 3092 2228 ι
3125 2169 3513 2231 Animadverte

1945 2285 2124 2326 autem
2147 2271 2430 2328 Trinitatis
2457 2272 2772 2342 mysterium
2797 2269 2933 2338 apud
2965 2269 3184 2323 Paulum
3222 2267 3326 2322 hoc
3347 2259 3510 2322 etiam

1947 2363 2000 2415 in
2035 2361 2174 2416 loco.
2211 2361 2284 2416 De
2314 2359 2519 2429 Spiritu
2555 2373 2784 2428 namque
2810 2357 2965 2424 dicit,
3001 2374 3020 2408 ι
3061 2356 3299 2411 Gloriam
3327 2355 3512 2411 Domi-

1948 2453 2001 2506 ni
2033 2453 2416 2520 speculamur:
2449 2468 2467 2500 ι
2505 2448 2765 2504 Dominus
2801 2453 2942 2504 enim
2999 2447 3234 2518 Spiritus
3276 2458 3397 2514 est;
3451 2446 3517 2500 de

1947 2542 2083 2596 Filio
2113 2553 2319 2606 autem,
2367 2540 2818 2596 Illuminationem
2847 2540 3026 2610 gloriae
3060 2539 3332 2608 Evangelii
3359 2538 3518 2593 Chri-

1947 2632 2016 2687 sti
2051 2649 2066 2698 ;
2099 2631 2166 2685 de
2197 2632 2355 2686 Patre
2401 2639 2579 2685 autem
2607 2645 2764 2697 nunc,
2810 2650 2830 2684 ι
2859 2628 3308 2685 llluminationem
3332 2631 3516 2700 cogni-

1950 2721 2110 2778 tionis
2134 2721 2341 2792 'gloriaa
2379 2741 2396 2773 ι
2439 2722 2628 2791 ipsius.

2020 2900 2184 2954 Vsus.
2233 2901 2286 2954 7.
2337 2918 2355 2952 ι
2397 2899 2669 2956 llabemus
2699 2908 2878 2957 autem
2911 2901 3220 2956 thesaurum
3255 2903 3414 2955 istum
3461 2903 3514 2956 in

1949 2992 2094 3046 vasis
2126 2991 2401 3048 ﬁctilibus.
2454 3012 2472 3042 ι
2523 2991 2812 3062 Ροειῳιειιιι
2846 2993 3016 3048 multa
3059 3003 3115 3049 et
3160 2993 3416 3063 praeclara
3447 2994 3516 3050 de

1949 3081 2204 3138 ineffabili
2256 3082 2426 3153 gloria
2460 3083 2670 3138 locutus
2699 3092 2862 3148 esset,
2927 3099 2993 3138 ne
3023 3083 3145 3152 quis
3175 3084 3336 3152 dicat,
3367 3081 3516 3151 Quo-

1953 3176 2112 3229 modo
2140 3189 2269 3244 ergo
2309 3190 2588 3230 manemus
2621 3176 2674 3228 in
2696 3208 2702 3214 -
2727 3176 2941 3230 mortali
2973 3189 3220 3245 corpore,
3271 3176 3316 3230 si
3368 3177 3513 3242 talia,

1951 3275 2010 3318 ut
2047 3266 2204 3330 dicis,
2238 3265 2662 3334 acceperimus?
2688 3266 2800 3322 Hoc
2840 3267 3035 3337 ipsum,
3082 3267 3274 3337 inquit,
3299 3265 3392 3323 Dei
3421 3283 3514 3338 pn-

1953 3356 2131 3412 tentia:
2165 3357 2506 3411 tribuendum
2534 3369 2634 3424 est,
2669 3359 2812 3428 quod
2841 3373 2936 3413 vas
2987 3367 3281 3414 testaceum
3333 3359 3514 3430 hujus-

1950 3447 2094 3501 modi
2131 3448 2414 3502 thesauros
2451 3449 2618 3516 capit.

2025 3556 2044 3588 ε
2085 3535 2155 3591 Ut
2190 3539 2507 3592 excellentia
2551 3539 2802 3608 potentiae
2822 3538 2894 3593 sit
2929 3539 3044 3606 Dei,
3089 3548 3144 3593 et
3169 3553 3277 3594 non
3311 3553 3378 3592 ex
3412 3552 3514 3593 no-

1950 3627 2054 3682 his.
2105 3648 2122 3680 ι
2159 3628 2228 3684 Ut
2254 3629 2593 3692 excelieutia,
2623 3629 2818 3698 inquit,
2847 3631 3099 3699 potentiae
3131 3643 3249 3699 quae
3283 3629 3334 3683 in
3361 3630 3516 3684 nobis

1950 3728 2195 3789 apparet,
2229 3720 2321 3774 Dei
2342 3721 2432 3785 sit,
2460 3737 2592 3776 neve
2622 3721 2998 3776 existimemur
3018 3737 3116 3777 nos
3140 3735 3172 3775 a
3199 3721 3355 3775 nobis
3386 3721 3518 3790 ipsis

1951 3811 2151 3881 aliquid
2181 3812 2374 3882 egisse,
2405 3827 2588 3866 verum
2621 3827 2810 3867 omnes
2846 3813 2937 3882 qui
2975 3812 3181 3877 vident,
3209 3811 3300 3866 Dei
3331 3811 3518 3867 dicant

1953 3905 2054 3958 hoc
2088 3912 2256 3958 totum
2290 3918 2429 3959 esse.
2457 3902 2622 3957 Notat
2644 3913 2822 3958 autem
2859 3904 3300 3975 pseudapostolos
3326 3943 3342 3971 ,
3373 3918 3516 3974 quo-

1953 3996 2096 4050 niam
2134 3995 2374 4066 sibiipsis
2405 3997 2714 4052 universum
2745 3997 3111 4052 ascribebaut.

2029 4175 2195 4230 Vsus.
2239 4175 2356 4230 8.1
2397 4175 2452 4230 lu
2496 4175 2750 4232 omnibus
2805 4176 3205 4233 tribulationem
3256 4179 3516 4248 patimur,

1954 4270 2048 4322 sed
2081 4283 2182 4320 non
2211 4268 2600 4336 angustiamur.
2651 4285 2670 4318 ›
2734 4269 2902 4334 Adeo,
2971 4270 3164 4341 inquit,
3219 4279 3387 4326 totum
3435 4281 3518 4326 est

1953 4359 2200 4428 potentia:
2256 4358 2392 4423 Dei,
2445 4369 2504 4413 ut
2543 4359 2790 4428 quamvis
2847 4363 3065 4416 testacei
3115 4362 3305 4428 simus,
3358 4365 3520 4418 tantis

1957 4462 2173 4519 tamque
2227 4451 2392 4504 variis
2427 4452 2815 4508 tentationibus
2866 4453 3104 4523 impulsi,
3144 4471 3248 4510 non
3297 4455 3515 4526 franga-

283 4549 383 4603 καὶ
431 4547 738 4615 ἀπόλλυμεν
789 4544 880 4596 τὸν
917 4546 974 4596 ἐν
1027 4543 1157 4612 ἡμῖν
1193 4539 1485 4608 θησαυρόν.
1542 4535 1853 4605 θλιϐόμεθα
1879 4557 1930 4616 Β
1959 4556 2100 4603 mur,
2137 4555 2312 4608 neque
2339 4540 2628 4610 perdamus
2662 4541 2698 4594 tl

1901 4557 1930 4616 τι
1959 4556 2100 4603 mur,
2137 4555 2312 4608 neque
2339 4540 2628 4610 perdamus
2662 4541 2970 4596 thesaurum
3004 4544 3094 4611 qui
3129 4544 3183 4598 in
3229 4545 3383 4600 nobis
3415 4557 3518 4601 esz.

281 4641 393 4708 γὰρ
427 4641 483 4691 ἐν
521 4639 687 4690 παντὶ
724 4634 934 4704 καιρῷ,
981 4635 1072 4685 καί
1101 4633 1252 4701 τόπῳ
1273 4673 1288 4695 ,
1319 4631 1414 4683 καὶ
1444 4628 1762 4699 πράγματι,
1792 4627 1851 4676 ὲν

284 4732 494 4802 φίλοις,
545 4732 601 4782 ὲν
651 4729 898 4798 ἐχθροῖς’
936 4725 1052 4779 ἀλλ’
1107 4725 1167 4777 οὑ
1217 4719 1726 4792 στενοχωρούμεθα,
1755 4715 1851 4769 τοῦ

284 4822 421 4878 Θεοῦ
451 4821 807 4880 πλατύνοντος
838 4818 933 4880 τὰς
957 4815 1185 4888 καρδίας
1218 4815 1398 4884 ήμῶν.

364 4935 382 4968 ι
431 4913 818 4983 Ἀπορούμενοι
840 4951 855 4977 ,
889 4908 1001 4964 ἀλλ’
1021 4909 1120 4963 οὑκ
1149 4905 1595 4976 ἐξαπορούμενοι.
1624 4926 1642 4958 ι
1678 4908 1850 4962 Τουτ-

284 5008 452 5068 ἐστιν,
509 5006 586 5066 είς
633 5003 868 5072 ἀπορίας
953 5000 1049 5052 καὶ
1098 5000 1406 5068 ἀμηχανιας
1452 4996 1850 5066 ἐμπίπτοντες⁹

287 5100 430 5168 πλὴν
466 5095 580 5150 ἀλλ’
621 5094 773 5166 ὀρθοὶ
807 5087 1087 5161 ἱστάμενοι
1121 5091 1216 5143 καὶ
1246 5090 1347 5142 οὑκ
1380 5089 1851 5157 ἀπογινώσκοντες

286 5190 383 5243 καὶ
413 5187 741 5258 ἡττώμενοι,
770 5185 906 5238 ἀλλὰ
938 5184 1138 5252 πόρους
1169 5183 1226 5234 ἐν
1252 5180 1369 5250 Θεῷ
1390 5181 1736 5249 εὑρίσκοντες
1758 5183 1854 5235 καὶ

285 5296 564 5339 νικωντες.

365 5477 384 5510 r
419 5459 772 5527 Διωκόμενοι,
808 5456 922 5510 ἀλλ’
948 5456 1048 5508 οὑκ
1079 5455 1623 5525 ἐγκαταλειπόμενοι.
1664 5474 1682 5507 ι
1719 5454 1851 5507 Διώ-

287 5564 477 5602 κουσιν
515 5549 662 5618 ἡμᾶς
695 5549 743 5599 οἱ
790 5545 1064 5615 ἄνθρωποι
1084 5584 1100 5609 ,
1132 5546 1246 5598 ἀλλ’
1276 5547 1304 5598 ὁ
1329 5546 1460 5608 Θεὸς
1493 5547 1591 5598 οὑκ
1622 5547 1852 5612 ἐγκατα-

287 5635 486 5689 λείπει.
520 5638 660 5706 Πρὸς
682 5636 988 5705 γυμνασίαν
1020 5637 1126 5705 γὰρ
1158 5637 1337 5706 ἡμῶν,
1381 5637 1439 5688 οὑ
1486 5635 1624 5706 πρὸς
1660 5631 1849 5707 ἧτταν,

291 5727 696 5797 συγχωροῦνται
727 5727 893 5779 ταῦτα
905 5765 918 5778 .

618 5911 884 5972 ΡΑτιιοι..
919 5911 1037 5971 Gn.
1084 5907 1324 5971 CXXIV

1955 4629 2256 4700 Aﬁligimur
2294 4632 2435 4686 enim
2472 4631 2524 4684 in
2547 4632 2693 4686 omni
2725 4642 2984 4703 tempore,
3046 4643 3102 4690 et
3154 4635 3293 4703 loco,
3349 4647 3404 4692 et
3436 4653 3517 4702 re,

1956 4721 2097 4776 inter
2132 4722 2355 4786 amicos,
2395 4722 2534 4776 inter
2569 4721 2751 4777 hostes
2788 4740 2804 4780 :
2857 4724 2949 4778 sed
2999 4726 3064 4778 ad
3101 4727 3378 4796 angustias
3409 4742 3515 4782 non

1961 4813 2228 4882 cogimur,
2269 4813 2377 4866 Deo
2403 4811 2566 4866 corda
2604 4821 2788 4866 nostra
2817 4812 3094 4868 dilatante.

2031 4923 2049 4956 ι
2085 4905 2429 4973 Aporiatnur,
2474 4905 2568 4959 sed
2625 4919 2728 4958 non
2776 4906 3151 4962 destituimur.
3197 4927 3215 4960 ι
3252 4911 3366 4964 Hoc
3413 4920 3515 4975 est,

1959 4997 2010 5050 in
2041 5011 2307 5050 summam
2345 5011 2524 5051 rerum
2556 4997 2836 5066 penuriam
2867 5008 2923 5053 et
2967 4998 3336 5056 dilIicultatem
3383 5003 3518 5058 inci-

1959 5088 2188 5154 dentes,
2261 5099 2628 5144 verumtamen
2683 5091 2816 5146 recti
2869 5091 3246 5159 consistentes,
3310 5092 3364 5148 in
3428 5095 3519 5147 dc-

1957 5181 2320 5249 sperationem
2383 5196 2488 5234 non
2539 5182 2906 5250 devolvimur,
2973 5198 3145 5253 neque
3195 5185 3516 5240 vincimur:

1958 5281 2211 5326 ueterum
2255 5271 2308 5326 in
2363 5271 2472 5326 Deo
2519 5273 2718 5326 exitum
2766 5274 3094 5343 invenimus,
3144 5284 3306 5347 atque
3347 5277 3518 5332 vinci-

1957 5377 2097 5416 mus.

2032 5448 2195 5505 Vens.
2250 5450 2304 5504 9.
2372 5469 2390 5502 ι
2449 5450 2886 5510 Persecutionem
2944 5456 3206 5525 patimur,
3257 5457 3350 5511 sed
3411 5471 3515 5511 non

1957 5542 2405 5611 derelinquimur.
2435 5563 2453 5596 ι
2479 5545 2878 5615 Persequuntur
2901 5548 3114 5617 quidem
3138 5563 3234 5604 nos
3251 5549 3515 5608 homines.

1959 5649 2145 5688 verum
2181 5634 2322 5688 Deus
2373 5651 2470 5689 nos
2528 5651 2630 5691 non
2667 5639 2889 5692 deserit.
2928 5640 3004 5691 Ad
3035 5639 3348 5694 exercitium
3375 5641 3517 5695 enim

1960 5737 2227 5792 normam,
2283 5741 2387 5780 non
2444 5736 2500 5781 ut
2550 5729 2971 5784 succumliamus
3029 5730 3147 5786 haec
3207 5730 3519 5799 permittun-

1960 5823 2066 5868 tur.

3006 5913 3078 5976 27
