  <div class='ocr_page' id='page_1' title='image "/cluster/home/n/w/nwhite01/storage/ocr_20150623/124/nnc1.0046979735/444.png"; bbox 0 0 4242 6462; ppageno 0'>
   <div class='ocr_carea' id='block_1_1' title="bbox 281 411 390 475">
    <p class='ocr_par' dir='ltr' id='par_1_1' title="bbox 281 411 390 475">
     <span class='ocr_line' id='line_1_1' title="bbox 281 411 390 475; baseline -0.009 0"><span class='ocrx_word' id='word_1_1' title='bbox 281 411 390 475; x_wconf 61' lang='grc'><strong>815</strong></span> 
     </span>
    </p>
   </div>
   <div class='ocr_carea' id='block_1_2' title="bbox 1060 402 2710 469">
    <p class='ocr_par' dir='ltr' id='par_1_2' title="bbox 1060 402 2710 469">
     <span class='ocr_line' id='line_1_2' title="bbox 1060 402 2710 469; baseline -0.004 0"><span class='ocrx_word' id='word_1_2' title='bbox 1060 405 1468 469; x_wconf 80' lang='lat' dir='ltr'><strong>EXPOSITIO</strong></span> <span class='ocrx_word' id='word_1_3' title='bbox 1506 404 1583 465; x_wconf 85' lang='grc' dir='ltr'><strong>ΙΝ</strong></span> <span class='ocrx_word' id='word_1_4' title='bbox 1622 404 1863 464; x_wconf 80' lang='lat' dir='ltr'><strong>EPIST.</strong></span> <span class='ocrx_word' id='word_1_5' title='bbox 1910 404 1971 463; x_wconf 87' lang='lat' dir='ltr'><strong>ll</strong></span> <span class='ocrx_word' id='word_1_6' title='bbox 2006 404 2105 463; x_wconf 81' lang='lat' dir='ltr'><strong>AD</strong></span> <span class='ocrx_word' id='word_1_7' title='bbox 2132 402 2297 463; x_wconf 66' lang='lat' dir='ltr'><strong>CDi‘t.</strong></span> <span class='ocrx_word' id='word_1_8' title='bbox 2342 427 2410 438; x_wconf 87' lang='grc'><strong><em>-</em></strong></span> <span class='ocrx_word' id='word_1_9' title='bbox 2441 403 2601 467; x_wconf 82' lang='lat' dir='ltr'><strong>CAP.</strong></span> <span class='ocrx_word' id='word_1_10' title='bbox 2643 404 2710 463; x_wconf 82' lang='lat' dir='ltr'><strong>V.</strong></span> 
     </span>
    </p>
   </div>
   <div class='ocr_carea' id='block_1_3' title="bbox 3426 408 3532 471">
    <p class='ocr_par' dir='ltr' id='par_1_3' title="bbox 3426 408 3532 471">
     <span class='ocr_line' id='line_1_3' title="bbox 3426 408 3532 471; baseline 0.038 -4"><span class='ocrx_word' id='word_1_11' title='bbox 3426 408 3532 471; x_wconf 68' lang='grc'><strong>846</strong></span> 
     </span>
    </p>
   </div>
   <div class='ocr_carea' id='block_1_4' title="bbox 286 513 1961 595">
    <p class='ocr_par' dir='ltr' id='par_1_4' title="bbox 286 516 1937 595">
     <span class='ocr_line' id='line_1_4' title="bbox 286 516 1937 595; baseline -0.008 -15"><span class='ocrx_word' id='word_1_12' title='bbox 286 528 383 581; x_wconf 69' lang='grc' dir='ltr'>καὶ</span> <span class='ocrx_word' id='word_1_13' title='bbox 411 525 504 578; x_wconf 68' lang='grc' dir='ltr'>τὸν</span> <span class='ocrx_word' id='word_1_14' title='bbox 543 522 753 595; x_wconf 69' lang='grc' dir='ltr'>Ἰησοῦν</span> <span class='ocrx_word' id='word_1_15' title='bbox 793 522 1038 591; x_wconf 82' lang='grc' dir='ltr'>ἐγείρας,</span> <span class='ocrx_word' id='word_1_16' title='bbox 1074 525 1168 574; x_wconf 75' lang='grc' dir='ltr'><strong>καὶ</strong></span> <span class='ocrx_word' id='word_1_17' title='bbox 1212 519 1558 590; x_wconf 68' lang='grc' dir='ltr'><strong>παραστήσει</strong></span> <span class='ocrx_word' id='word_1_18' title='bbox 1605 519 1702 569; x_wconf 81' lang='grc' dir='ltr'><strong>σὺν</strong></span> <span class='ocrx_word' id='word_1_19' title='bbox 1730 516 1859 586; x_wconf 84' lang='grc' dir='ltr'>ὑμῖν</span> <span class='ocrx_word' id='word_1_20' title='bbox 1886 517 1937 576; x_wconf 81' lang='grc' dir='ltr'><strong>Α</strong></span> 
     </span>
    </p>
   </div>
   <div class='ocr_carea' id='block_1_5' title="bbox 1861 513 3536 595">
    <p class='ocr_par' dir='ltr' id='par_1_5' title="bbox 1886 513 3536 587">
     <span class='ocr_line' id='line_1_5' title="bbox 1886 513 3536 587; baseline 0.004 -18"><span class='ocrx_word' id='word_1_21' title='bbox 1886 517 1937 576; x_wconf 15' lang='grc' dir='ltr'>Α,</span> <span class='ocrx_word' id='word_1_22' title='bbox 1961 514 2243 582; x_wconf 73' lang='lat' dir='ltr'><strong>excitabit,</strong></span> <span class='ocrx_word' id='word_1_23' title='bbox 2295 515 2341 570; x_wconf 88' lang='lat' dir='ltr'><strong>is</strong></span> <span class='ocrx_word' id='word_1_24' title='bbox 2370 515 2461 583; x_wconf 74' lang='lat' dir='ltr'><strong>Qui</strong></span> <span class='ocrx_word' id='word_1_25' title='bbox 2513 524 2567 568; x_wconf 85' lang='lat' dir='ltr'><strong>et</strong></span> <span class='ocrx_word' id='word_1_26' title='bbox 2604 513 2787 569; x_wconf 85' lang='lat' dir='ltr'><strong>Jesum</strong></span> <span class='ocrx_word' id='word_1_27' title='bbox 2826 517 3103 580; x_wconf 63' lang='lat' dir='ltr'><strong>excitavit,</strong></span> <span class='ocrx_word' id='word_1_28' title='bbox 3137 517 3399 587; x_wconf 85' lang='lat' dir='ltr'><strong>sistetque</strong></span> <span class='ocrx_word' id='word_1_29' title='bbox 3438 535 3536 576; x_wconf 88' lang='lat' dir='ltr'><strong>nos</strong></span> 
     </span>
    </p>
   </div>
   <div class='ocr_carea' id='block_1_6' title="bbox 282 608 1857 683">
    <p class='ocr_par' dir='ltr' id='par_1_6' title="bbox 282 608 1857 683">
     <span class='ocr_line' id='line_1_6' title="bbox 282 608 1857 683; baseline -0.01 -10"><span class='ocrx_word' id='word_1_30' title='bbox 282 618 692 680; x_wconf 75' lang='grc' dir='ltr'><strong>ἀπολαύσοντας</strong></span> <span class='ocrx_word' id='word_1_31' title='bbox 719 617 829 669; x_wconf 70' lang='grc' dir='ltr'><strong>τῶν</strong></span> <span class='ocrx_word' id='word_1_32' title='bbox 852 615 1093 683; x_wconf 87' lang='grc' dir='ltr'>ἀγαθῶν.</span> <span class='ocrx_word' id='word_1_33' title='bbox 1122 612 1546 683; x_wconf 77' lang='grc' dir='ltr'>Παραθαρρύνει</span> <span class='ocrx_word' id='word_1_34' title='bbox 1574 610 1630 663; x_wconf 75' lang='grc' dir='ltr'><strong>δὲ.</strong></span> <span class='ocrx_word' id='word_1_35' title='bbox 1659 608 1857 669; x_wconf 74' lang='grc' dir='ltr'>αὐτοὺς</span> 
     </span>
    </p>
   </div>
   <div class='ocr_carea' id='block_1_7' title="bbox 280 702 1857 782">
    <p class='ocr_par' dir='ltr' id='par_1_7' title="bbox 280 702 1857 782">
     <span class='ocr_line' id='line_1_7' title="bbox 280 702 1857 782; baseline -0.008 -18"><span class='ocrx_word' id='word_1_36' title='bbox 280 712 418 782; x_wconf 71' lang='grc' dir='ltr'>πρὸς</span> <span class='ocrx_word' id='word_1_37' title='bbox 451 714 551 779; x_wconf 83' lang='grc' dir='ltr'>τὴν</span> <span class='ocrx_word' id='word_1_38' title='bbox 583 711 766 762; x_wconf 84' lang='grc' dir='ltr'>πίστιν</span> <span class='ocrx_word' id='word_1_39' title='bbox 796 710 889 763; x_wconf 78' lang='grc' dir='ltr'><strong>καὶ</strong></span> <span class='ocrx_word' id='word_1_40' title='bbox 920 709 1019 777; x_wconf 75' lang='grc' dir='ltr'><strong>τὴν</strong></span> <span class='ocrx_word' id='word_1_41' title='bbox 1047 707 1254 775; x_wconf 80' lang='grc' dir='ltr'>ἀγαθὴν</span> <span class='ocrx_word' id='word_1_42' title='bbox 1284 704 1583 758; x_wconf 70' lang='grc' dir='ltr'><strong>πολιτείαν.</strong></span> <span class='ocrx_word' id='word_1_43' title='bbox 1617 702 1857 754; x_wconf 81' lang='grc' dir='ltr'>Αἰνιττό-</span> 
     </span>
    </p>
   </div>
   <div class='ocr_carea' id='block_1_8' title="bbox 283 795 1859 875">
    <p class='ocr_par' dir='ltr' id='par_1_8' title="bbox 283 795 1859 875">
     <span class='ocr_line' id='line_1_8' title="bbox 283 795 1859 875; baseline -0.008 -19"><span class='ocrx_word' id='word_1_44' title='bbox 283 822 444 875; x_wconf 86' lang='grc' dir='ltr'>μενος</span> <span class='ocrx_word' id='word_1_45' title='bbox 475 804 528 855; x_wconf 72' lang='grc' dir='ltr'>δὲ</span> <span class='ocrx_word' id='word_1_46' title='bbox 564 802 689 866; x_wconf 71' lang='grc' dir='ltr'>τοὺς</span> <span class='ocrx_word' id='word_1_47' title='bbox 728 800 1202 871; x_wconf 72' lang='grc' dir='ltr'>ψευδαποστόλους</span> <span class='ocrx_word' id='word_1_48' title='bbox 1232 798 1517 863; x_wconf 79' lang='grc' dir='ltr'>λέγοντας.</span> <span class='ocrx_word' id='word_1_49' title='bbox 1548 796 1629 847; x_wconf 80' lang='grc' dir='ltr'><strong>ὅτι</strong></span> <span class='ocrx_word' id='word_1_50' title='bbox 1669 795 1859 862; x_wconf 82' lang='grc' dir='ltr'>Ἡμεῖς</span> 
     </span>
    </p>
   </div>
   <div class='ocr_carea' id='block_1_9' title="bbox 280 884 1859 966">
    <p class='ocr_par' dir='ltr' id='par_1_9' title="bbox 280 884 1859 966">
     <span class='ocr_line' id='line_1_9' title="bbox 280 884 1859 966; baseline -0.009 -16"><span class='ocrx_word' id='word_1_51' title='bbox 280 898 450 966; x_wconf 83' lang='grc' dir='ltr'>ὲσμεν</span> <span class='ocrx_word' id='word_1_52' title='bbox 508 897 723 963; x_wconf 87' lang='grc' dir='ltr'>μεσῖται</span> <span class='ocrx_word' id='word_1_53' title='bbox 770 896 883 956; x_wconf 84' lang='grc' dir='ltr'>τοῖς</span> <span class='ocrx_word' id='word_1_54' title='bbox 930 892 1197 961; x_wconf 78' lang='grc' dir='ltr'>μαθηταῖς</span> <span class='ocrx_word' id='word_1_55' title='bbox 1234 892 1341 943; x_wconf 89' lang='grc' dir='ltr'><strong>τῶν</strong></span> <span class='ocrx_word' id='word_1_56' title='bbox 1392 888 1543 958; x_wconf 82' lang='grc' dir='ltr'>παρὰ</span> <span class='ocrx_word' id='word_1_57' title='bbox 1578 887 1671 939; x_wconf 88' lang='grc' dir='ltr'><strong>τοῦ</strong></span> <span class='ocrx_word' id='word_1_58' title='bbox 1725 884 1859 937; x_wconf 85' lang='grc' dir='ltr'>Θεοῦ</span> 
     </span>
    </p>
   </div>
   <div class='ocr_carea' id='block_1_10' title="bbox 282 974 1860 1055">
    <p class='ocr_par' dir='ltr' id='par_1_10' title="bbox 282 974 1860 1055">
     <span class='ocr_line' id='line_1_10' title="bbox 282 974 1860 1055; baseline -0.008 -16"><span class='ocrx_word' id='word_1_59' title='bbox 282 986 526 1053; x_wconf 77' lang='grc' dir='ltr'>ἀγαθῶν,</span> <span class='ocrx_word' id='word_1_60' title='bbox 560 984 746 1055; x_wconf 74' lang='grc' dir='ltr'>φησιν,</span> <span class='ocrx_word' id='word_1_61' title='bbox 779 985 858 1035; x_wconf 77' lang='grc' dir='ltr'><strong>ὅτι</strong></span> <span class='ocrx_word' id='word_1_62' title='bbox 886 1003 913 1030; x_wconf 76' lang='grc' dir='ltr'><strong>σι</strong></span> <span class='ocrx_word' id='word_1_63' title='bbox 942 982 1019 1033; x_wconf 83' lang='grc' dir='ltr'><strong>Δι’</strong></span> <span class='ocrx_word' id='word_1_64' title='bbox 1047 982 1189 1052; x_wconf 77' lang='grc' dir='ltr'>ὑμᾶς</span> <span class='ocrx_word' id='word_1_65' title='bbox 1221 983 1338 1033; x_wconf 84' lang='grc' dir='ltr'>ἐστι</span> <span class='ocrx_word' id='word_1_66' title='bbox 1373 979 1439 1031; x_wconf 85' lang='grc' dir='ltr'><strong>τά</strong></span> <span class='ocrx_word' id='word_1_67' title='bbox 1472 979 1670 1039; x_wconf 87' lang='grc' dir='ltr'>πάντα,</span> <span class='ocrx_word' id='word_1_68' title='bbox 1700 996 1729 1023; x_wconf 74' lang='grc' dir='ltr'>ι)</span> <span class='ocrx_word' id='word_1_69' title='bbox 1765 974 1860 1028; x_wconf 75' lang='grc' dir='ltr'>καὶ</span> 
     </span>
    </p>
   </div>
   <div class='ocr_carea' id='block_1_11' title="bbox 280 1068 1859 1146">
    <p class='ocr_par' dir='ltr' id='par_1_11' title="bbox 280 1068 1859 1146">
     <span class='ocr_line' id='line_1_11' title="bbox 280 1068 1859 1146; baseline -0.007 -16"><span class='ocrx_word' id='word_1_70' title='bbox 280 1081 314 1146; x_wconf 80' lang='grc' dir='ltr'>ὴ</span> <span class='ocrx_word' id='word_1_71' title='bbox 352 1078 649 1138; x_wconf 73' lang='grc' dir='ltr'>ἀνάστασις</span> <span class='ocrx_word' id='word_1_72' title='bbox 682 1076 842 1145; x_wconf 75' lang='grc' dir='ltr'>αῦτη,</span> <span class='ocrx_word' id='word_1_73' title='bbox 880 1076 1001 1144; x_wconf 72' lang='grc' dir='ltr'>οὐχὶ</span> <span class='ocrx_word' id='word_1_74' title='bbox 1052 1074 1140 1125; x_wconf 85' lang='grc' dir='ltr'><strong>διά</strong></span> <span class='ocrx_word' id='word_1_75' title='bbox 1190 1074 1283 1123; x_wconf 75' lang='grc' dir='ltr'><strong>τὸν</strong></span> <span class='ocrx_word' id='word_1_76' title='bbox 1333 1073 1512 1133; x_wconf 87' lang='grc' dir='ltr'>δεῖνα,</span> <span class='ocrx_word' id='word_1_77' title='bbox 1567 1070 1599 1141; x_wconf 84' lang='grc' dir='ltr'>ἢ</span> <span class='ocrx_word' id='word_1_78' title='bbox 1644 1068 1734 1121; x_wconf 79' lang='grc' dir='ltr'>διὰ</span> <span class='ocrx_word' id='word_1_79' title='bbox 1767 1068 1859 1119; x_wconf 79' lang='grc' dir='ltr'><strong>τὸν</strong></span> 
     </span>
    </p>
   </div>
   <div class='ocr_carea' id='block_1_12' title="bbox 277 1159 1860 1233">
    <p class='ocr_par' dir='ltr' id='par_1_12' title="bbox 277 1159 1860 1233">
     <span class='ocr_line' id='line_1_12' title="bbox 277 1159 1860 1233; baseline -0.008 -10"><span class='ocrx_word' id='word_1_80' title='bbox 277 1172 445 1223; x_wconf 87' lang='grc' dir='ltr'>δεῖνα.</span> <span class='ocrx_word' id='word_1_81' title='bbox 499 1169 671 1221; x_wconf 71' lang='grc' dir='ltr'>Τοῦτο</span> <span class='ocrx_word' id='word_1_82' title='bbox 714 1168 770 1221; x_wconf 79' lang='grc' dir='ltr'>δὲ</span> <span class='ocrx_word' id='word_1_83' title='bbox 811 1170 955 1219; x_wconf 85' lang='grc' dir='ltr'>ποιεῖ</span> <span class='ocrx_word' id='word_1_84' title='bbox 1000 1170 1027 1220; x_wconf 90' lang='grc' dir='ltr'>ὁ</span> <span class='ocrx_word' id='word_1_85' title='bbox 1062 1166 1223 1229; x_wconf 77' lang='grc' dir='ltr'>Θεὸς,</span> <span class='ocrx_word' id='word_1_86' title='bbox 1267 1165 1363 1216; x_wconf 78' lang='grc' dir='ltr'><strong>καὶ</strong></span> <span class='ocrx_word' id='word_1_87' title='bbox 1406 1160 1688 1233; x_wconf 75' lang='grc' dir='ltr'>χαρίζεται</span> <span class='ocrx_word' id='word_1_88' title='bbox 1729 1159 1860 1212; x_wconf 91' lang='grc' dir='ltr'>πολ-</span> 
     </span>
    </p>
   </div>
   <div class='ocr_carea' id='block_1_13' title="bbox 277 1252 1861 1327">
    <p class='ocr_par' dir='ltr' id='par_1_13' title="bbox 277 1252 1861 1327">
     <span class='ocr_line' id='line_1_13' title="bbox 277 1252 1861 1327; baseline -0.004 -16"><span class='ocrx_word' id='word_1_89' title='bbox 277 1261 422 1324; x_wconf 66' lang='grc' dir='ltr'>λοῖς,</span> <span class='ocrx_word' id='word_1_90' title='bbox 455 1261 593 1313; x_wconf 81' lang='grc' dir='ltr'>ὥστε</span> <span class='ocrx_word' id='word_1_91' title='bbox 625 1260 1031 1327; x_wconf 72' lang='grc' dir='ltr'><strong>πλεοναζούσης</strong></span> <span class='ocrx_word' id='word_1_92' title='bbox 1060 1258 1160 1323; x_wconf 76' lang='grc' dir='ltr'>τῆς</span> <span class='ocrx_word' id='word_1_93' title='bbox 1191 1259 1411 1327; x_wconf 82' lang='grc' dir='ltr'>χάριτος</span> <span class='ocrx_word' id='word_1_94' title='bbox 1442 1254 1735 1307; x_wconf 75' lang='grc' dir='ltr'>πλεονάσαι</span> <span class='ocrx_word' id='word_1_95' title='bbox 1768 1252 1861 1306; x_wconf 73' lang='grc' dir='ltr'><strong>καὶ</strong></span> 
     </span>
    </p>
   </div>
   <div class='ocr_carea' id='block_1_14' title="bbox 279 1347 1861 1425">
    <p class='ocr_par' dir='ltr' id='par_1_14' title="bbox 279 1347 1861 1425">
     <span class='ocr_line' id='line_1_14' title="bbox 279 1347 1861 1425; baseline -0.006 -18"><span class='ocrx_word' id='word_1_96' title='bbox 279 1356 378 1425; x_wconf 75' lang='grc' dir='ltr'><strong>τὴν</strong></span> <span class='ocrx_word' id='word_1_97' title='bbox 411 1353 761 1423; x_wconf 74' lang='grc' dir='ltr'>εὐχαριστίαν</span> <span class='ocrx_word' id='word_1_98' title='bbox 778 1353 863 1405; x_wconf 74' lang='grc' dir='ltr'><strong>διὰ</strong></span> <span class='ocrx_word' id='word_1_99' title='bbox 889 1352 1097 1405; x_wconf 82' lang='grc' dir='ltr'>πολλῶν</span> <span class='ocrx_word' id='word_1_100' title='bbox 1118 1352 1423 1421; x_wconf 84' lang='grc' dir='ltr'>προσώπων</span> <span class='ocrx_word' id='word_1_101' title='bbox 1444 1347 1861 1418; x_wconf 84' lang='grc' dir='ltr'>προσαγομένην</span> 
     </span>
    </p>
   </div>
   <div class='ocr_carea' id='block_1_15' title="bbox 279 1440 1863 1514">
    <p class='ocr_par' dir='ltr' id='par_1_15' title="bbox 279 1440 1863 1514">
     <span class='ocr_line' id='line_1_15' title="bbox 279 1440 1863 1514; baseline -0.003 -16"><span class='ocrx_word' id='word_1_102' title='bbox 279 1451 358 1509; x_wconf 80' lang='grc' dir='ltr'>εἰς</span> <span class='ocrx_word' id='word_1_103' title='bbox 400 1448 557 1511; x_wconf 72' lang='grc' dir='ltr'>δόξαν</span> <span class='ocrx_word' id='word_1_104' title='bbox 588 1444 747 1498; x_wconf 88' lang='grc' dir='ltr'>Θεοῦ.</span> <span class='ocrx_word' id='word_1_105' title='bbox 785 1445 953 1497; x_wconf 81' lang='grc' dir='ltr'>Ὥστε</span> <span class='ocrx_word' id='word_1_106' title='bbox 1000 1446 1049 1498; x_wconf 89' lang='grc' dir='ltr'><strong>οί</strong></span> <span class='ocrx_word' id='word_1_107' title='bbox 1088 1442 1518 1514; x_wconf 78' lang='grc' dir='ltr'>ψευδαπόστολοι</span> <span class='ocrx_word' id='word_1_108' title='bbox 1555 1440 1653 1509; x_wconf 77' lang='grc' dir='ltr'><strong>τὴν</strong></span> <span class='ocrx_word' id='word_1_109' title='bbox 1703 1440 1863 1510; x_wconf 87' lang='grc' dir='ltr'>χάριν</span> 
     </span>
    </p>
   </div>
   <div class='ocr_carea' id='block_1_16' title="bbox 276 1532 1862 1609">
    <p class='ocr_par' dir='ltr' id='par_1_16' title="bbox 276 1532 1862 1609">
     <span class='ocr_line' id='line_1_16' title="bbox 276 1532 1862 1609; baseline -0.003 -19"><span class='ocrx_word' id='word_1_110' title='bbox 276 1540 373 1591; x_wconf 74' lang='grc' dir='ltr'><strong>τοῦ</strong></span> <span class='ocrx_word' id='word_1_111' title='bbox 398 1539 532 1591; x_wconf 83' lang='grc' dir='ltr'>Θεοῦ</span> <span class='ocrx_word' id='word_1_112' title='bbox 558 1538 601 1569; x_wconf 73' lang='grc'><strong>⁵⁸</strong></span> <span class='ocrx_word' id='word_1_113' title='bbox 629 1537 1074 1609; x_wconf 76' lang='grc' dir='ltr'>σφετεριζόμενοι</span> <span class='ocrx_word' id='word_1_114' title='bbox 1094 1578 1107 1601; x_wconf 94' lang='grc'><strong>,</strong></span> <span class='ocrx_word' id='word_1_115' title='bbox 1133 1535 1445 1607; x_wconf 76' lang='grc' dir='ltr'>ἀμαυροῦσι</span> <span class='ocrx_word' id='word_1_116' title='bbox 1473 1535 1566 1587; x_wconf 71' lang='grc' dir='ltr'><strong>καὶ</strong></span> <span class='ocrx_word' id='word_1_117' title='bbox 1584 1533 1684 1603; x_wconf 82' lang='grc' dir='ltr'>τὴν</span> <span class='ocrx_word' id='word_1_118' title='bbox 1705 1532 1862 1597; x_wconf 79' lang='grc' dir='ltr'>δόξαν</span> 
     </span>
    </p>
   </div>
   <div class='ocr_carea' id='block_1_17' title="bbox 279 1631 445 1683">
    <p class='ocr_par' dir='ltr' id='par_1_17' title="bbox 279 1631 445 1683">
     <span class='ocr_line' id='line_1_17' title="bbox 279 1631 445 1683; baseline 0 0"><span class='ocrx_word' id='word_1_119' title='bbox 279 1631 445 1683; x_wconf 67' lang='grc' dir='ltr'>αὑτοῦ</span> 
     </span>
    </p>
   </div>
   <div class='ocr_carea' id='block_1_18' title="bbox 358 1726 1863 1799">
    <p class='ocr_par' dir='ltr' id='par_1_18' title="bbox 358 1726 1863 1799">
     <span class='ocr_line' id='line_1_18' title="bbox 358 1726 1863 1799; baseline 0.002 -22"><span class='ocrx_word' id='word_1_120' title='bbox 358 1746 375 1777; x_wconf 77' lang='grc' dir='ltr'><strong>ι</strong></span> <span class='ocrx_word' id='word_1_121' title='bbox 414 1727 503 1778; x_wconf 63' lang='lat' dir='ltr'><strong>Aab</strong></span> <span class='ocrx_word' id='word_1_122' title='bbox 536 1728 633 1779; x_wconf 71' lang='grc' dir='ltr'><strong>οὐκ</strong></span> <span class='ocrx_word' id='word_1_123' title='bbox 663 1726 1044 1796; x_wconf 80' lang='grc' dir='ltr'>ὲκκακοῦμεν,</span> <span class='ocrx_word' id='word_1_124' title='bbox 1095 1726 1210 1779; x_wconf 86' lang='grc' dir='ltr'>ἀλλ’</span> <span class='ocrx_word' id='word_1_125' title='bbox 1260 1727 1308 1778; x_wconf 85' lang='grc' dir='ltr'><strong>εί</strong></span> <span class='ocrx_word' id='word_1_126' title='bbox 1341 1728 1436 1779; x_wconf 69' lang='grc' dir='ltr'><strong>καὶ</strong></span> <span class='ocrx_word' id='word_1_127' title='bbox 1480 1727 1507 1779; x_wconf 97' lang='lat'><strong>6</strong></span> <span class='ocrx_word' id='word_1_128' title='bbox 1555 1726 1660 1792; x_wconf 78' lang='grc' dir='ltr'>ἔξω</span> <span class='ocrx_word' id='word_1_129' title='bbox 1702 1727 1863 1799; x_wconf 78' lang='grc' dir='ltr'>ἡμῶν</span> 
     </span>
    </p>
   </div>
   <div class='ocr_carea' id='block_1_19' title="bbox 280 1817 1860 1888">
    <p class='ocr_par' dir='ltr' id='par_1_19' title="bbox 280 1817 1860 1888">
     <span class='ocr_line' id='line_1_19' title="bbox 280 1817 1860 1888; baseline -0.003 -15"><span class='ocrx_word' id='word_1_130' title='bbox 280 1819 561 1888; x_wconf 76' lang='grc' dir='ltr'>ἄνθρωπος</span> <span class='ocrx_word' id='word_1_131' title='bbox 609 1818 927 1888; x_wconf 72' lang='grc' dir='ltr'>φθείρεται,</span> <span class='ocrx_word' id='word_1_132' title='bbox 981 1819 1096 1870; x_wconf 86' lang='grc' dir='ltr'>ἀλλ’</span> <span class='ocrx_word' id='word_1_133' title='bbox 1149 1820 1174 1870; x_wconf 97' lang='lat'><strong>6</strong></span> <span class='ocrx_word' id='word_1_134' title='bbox 1215 1817 1419 1871; x_wconf 76' lang='grc' dir='ltr'>ἔσωθεν</span> <span class='ocrx_word' id='word_1_135' title='bbox 1472 1819 1860 1872; x_wconf 74' lang='grc' dir='ltr'>ἀνακαινοῦται</span> 
     </span>
    </p>
   </div>
   <div class='ocr_carea' id='block_1_20' title="bbox 281 1909 1859 1982">
    <p class='ocr_par' dir='ltr' id='par_1_20' title="bbox 281 1909 1859 1982">
     <span class='ocr_line' id='line_1_20' title="bbox 281 1909 1859 1982; baseline 0 -19"><span class='ocrx_word' id='word_1_136' title='bbox 281 1913 465 1982; x_wconf 72' lang='grc' dir='ltr'>ἡμέρᾳ</span> <span class='ocrx_word' id='word_1_137' title='bbox 496 1912 588 1964; x_wconf 62' lang='grc' dir='ltr'>καὶ</span> <span class='ocrx_word' id='word_1_138' title='bbox 623 1913 828 1981; x_wconf 74' lang='grc' dir='ltr'>ἡμέρα.</span> <span class='ocrx_word' id='word_1_139' title='bbox 870 1928 888 1960; x_wconf 73' lang='grc' dir='ltr'><strong>ι</strong></span> <span class='ocrx_word' id='word_1_140' title='bbox 931 1909 1106 1973; x_wconf 86' lang='grc' dir='ltr'>Διότι,</span> <span class='ocrx_word' id='word_1_141' title='bbox 1143 1909 1341 1979; x_wconf 76' lang='grc' dir='ltr'>φησὶν,</span> <span class='ocrx_word' id='word_1_142' title='bbox 1388 1910 1607 1980; x_wconf 75' lang='grc' dir='ltr'>οἴδαμεν</span> <span class='ocrx_word' id='word_1_143' title='bbox 1638 1911 1738 1979; x_wconf 80' lang='grc' dir='ltr'>τὴν</span> <span class='ocrx_word' id='word_1_144' title='bbox 1767 1911 1859 1963; x_wconf 81' lang='grc' dir='ltr'><strong>τοῦ</strong></span> 
     </span>
    </p>
   </div>
   <div class='ocr_carea' id='block_1_21' title="bbox 282 2000 1859 2073">
    <p class='ocr_par' dir='ltr' id='par_1_21' title="bbox 282 2000 1859 2073">
     <span class='ocr_line' id='line_1_21' title="bbox 282 2000 1859 2073; baseline -0.004 -15"><span class='ocrx_word' id='word_1_145' title='bbox 282 2004 415 2058; x_wconf 81' lang='grc' dir='ltr'>Θεοῦ</span> <span class='ocrx_word' id='word_1_146' title='bbox 465 2004 725 2072; x_wconf 76' lang='grc' dir='ltr'>δύναμιν,</span> <span class='ocrx_word' id='word_1_147' title='bbox 780 2002 876 2056; x_wconf 82' lang='grc' dir='ltr'>καὶ</span> <span class='ocrx_word' id='word_1_148' title='bbox 924 2002 1008 2055; x_wconf 82' lang='grc' dir='ltr'>ὅτι</span> <span class='ocrx_word' id='word_1_149' title='bbox 1036 2000 1132 2055; x_wconf 60' lang='grc' dir='ltr'><strong>νῦν</strong></span> <span class='ocrx_word' id='word_1_150' title='bbox 1167 2018 1227 2053; x_wconf 85' lang='grc' dir='ltr'><strong>τε</strong></span> <span class='ocrx_word' id='word_1_151' title='bbox 1268 2001 1417 2073; x_wconf 73' lang='grc' dir='ltr'>ἡμᾶς</span> <span class='ocrx_word' id='word_1_152' title='bbox 1456 2002 1564 2054; x_wconf 85' lang='grc' dir='ltr'><strong>τῶν</strong></span> <span class='ocrx_word' id='word_1_153' title='bbox 1599 2001 1859 2054; x_wconf 78' lang='grc' dir='ltr'>κινδύνων</span> 
     </span>
    </p>
   </div>
   <div class='ocr_carea' id='block_1_22' title="bbox 283 2093 1860 2166">
    <p class='ocr_par' dir='ltr' id='par_1_22' title="bbox 283 2093 1860 2166">
     <span class='ocr_line' id='line_1_22' title="bbox 283 2093 1860 2166; baseline -0.001 -19"><span class='ocrx_word' id='word_1_154' title='bbox 283 2096 495 2166; x_wconf 69' lang='grc' dir='ltr'>ῥύεται,</span> <span class='ocrx_word' id='word_1_155' title='bbox 522 2096 617 2148; x_wconf 72' lang='grc' dir='ltr'><strong>καὶ</strong></span> <span class='ocrx_word' id='word_1_156' title='bbox 643 2094 869 2162; x_wconf 71' lang='grc' dir='ltr'>ὕστερον</span> <span class='ocrx_word' id='word_1_157' title='bbox 900 2093 1196 2162; x_wconf 80' lang='grc' dir='ltr'>ἀναστήσει</span> <span class='ocrx_word' id='word_1_158' title='bbox 1227 2093 1537 2162; x_wconf 82' lang='grc' dir='ltr'>λαμπροὺς,</span> <span class='ocrx_word' id='word_1_159' title='bbox 1571 2094 1670 2147; x_wconf 79' lang='grc' dir='ltr'><strong>οὐκ</strong></span> <span class='ocrx_word' id='word_1_160' title='bbox 1697 2095 1860 2147; x_wconf 82' lang='grc' dir='ltr'>ἐκκα-</span> 
     </span>
    </p>
   </div>
   <div class='ocr_carea' id='block_1_23' title="bbox 282 2185 1861 2257">
    <p class='ocr_par' dir='ltr' id='par_1_23' title="bbox 282 2185 1861 2257">
     <span class='ocr_line' id='line_1_23' title="bbox 282 2185 1861 2257; baseline 0.002 -19"><span class='ocrx_word' id='word_1_161' title='bbox 282 2186 507 2254; x_wconf 78' lang='grc' dir='ltr'>κοῦμεν,</span> <span class='ocrx_word' id='word_1_162' title='bbox 561 2185 681 2238; x_wconf 79' lang='grc' dir='ltr'>οὐδὲ</span> <span class='ocrx_word' id='word_1_163' title='bbox 742 2185 1160 2255; x_wconf 80' lang='grc' dir='ltr'>ἀπαγορεύομεν</span> <span class='ocrx_word' id='word_1_164' title='bbox 1210 2185 1541 2255; x_wconf 78' lang='grc' dir='ltr'>πάσχοντες’</span> <span class='ocrx_word' id='word_1_165' title='bbox 1584 2188 1677 2240; x_wconf 78' lang='grc' dir='ltr'><strong>καὶ</strong></span> <span class='ocrx_word' id='word_1_166' title='bbox 1704 2190 1730 2241; x_wconf 90' lang='lat'><strong>6</strong></span> <span class='ocrx_word' id='word_1_167' title='bbox 1762 2189 1861 2257; x_wconf 81' lang='grc' dir='ltr'><strong>μὲν</strong></span> 
     </span>
    </p>
   </div>
   <div class='ocr_carea' id='block_1_24' title="bbox 289 2275 1853 2347">
    <p class='ocr_par' dir='ltr' id='par_1_24' title="bbox 289 2275 1853 2347">
     <span class='ocr_line' id='line_1_24' title="bbox 289 2275 1853 2347; baseline 0.003 -20"><span class='ocrx_word' id='word_1_168' title='bbox 289 2295 305 2327; x_wconf 82' lang='grc' dir='ltr'><strong>ι</strong></span> <span class='ocrx_word' id='word_1_169' title='bbox 336 2275 439 2340; x_wconf 76' lang='grc' dir='ltr'>ἔξω</span> <span class='ocrx_word' id='word_1_170' title='bbox 460 2277 776 2343; x_wconf 77' lang='grc' dir='ltr'>ἄνθρωπος,</span> <span class='ocrx_word' id='word_1_171' title='bbox 809 2295 826 2327; x_wconf 76' lang='grc' dir='ltr'><strong>ι</strong></span> <span class='ocrx_word' id='word_1_172' title='bbox 855 2277 1121 2341; x_wconf 79' lang='grc' dir='ltr'>τουτέστι,</span> <span class='ocrx_word' id='word_1_173' title='bbox 1155 2278 1213 2331; x_wconf 78' lang='grc' dir='ltr'><strong>τὸ</strong></span> <span class='ocrx_word' id='word_1_174' title='bbox 1240 2278 1415 2347; x_wconf 85' lang='grc' dir='ltr'>σῶμα,</span> <span class='ocrx_word' id='word_1_175' title='bbox 1452 2297 1471 2330; x_wconf 73' lang='grc' dir='ltr'><strong>ι</strong></span> <span class='ocrx_word' id='word_1_176' title='bbox 1500 2278 1800 2347; x_wconf 79' lang='grc' dir='ltr'>φθείρεται.</span> <span class='ocrx_word' id='word_1_177' title='bbox 1836 2298 1853 2331; x_wconf 74' lang='grc' dir='ltr'><strong>ι</strong></span> 
     </span>
    </p>
   </div>
   <div class='ocr_carea' id='block_1_25' title="bbox 284 2368 1854 2439">
    <p class='ocr_par' dir='ltr' id='par_1_25' title="bbox 284 2368 1854 2439">
     <span class='ocr_line' id='line_1_25' title="bbox 284 2368 1854 2439; baseline 0.001 -19"><span class='ocrx_word' id='word_1_178' title='bbox 284 2368 438 2431; x_wconf 85' lang='grc' dir='ltr'><strong>Πώς;</strong></span> <span class='ocrx_word' id='word_1_179' title='bbox 478 2368 914 2437; x_wconf 77' lang='grc' dir='ltr'>Μαστιζόμενος,</span> <span class='ocrx_word' id='word_1_180' title='bbox 954 2370 1334 2439; x_wconf 74' lang='grc' dir='ltr'>ἐλαυνόμενος.</span> <span class='ocrx_word' id='word_1_181' title='bbox 1376 2389 1393 2421; x_wconf 85' lang='grc'><strong><em>‹</em></strong></span> <span class='ocrx_word' id='word_1_182' title='bbox 1459 2371 1517 2423; x_wconf 88' lang='grc' dir='ltr'>Ὁ</span> <span class='ocrx_word' id='word_1_183' title='bbox 1569 2372 1626 2424; x_wconf 85' lang='grc' dir='ltr'>δὲ</span> <span class='ocrx_word' id='word_1_184' title='bbox 1666 2372 1795 2437; x_wconf 76' lang='grc' dir='ltr'>ἔσω,</span> <span class='ocrx_word' id='word_1_185' title='bbox 1837 2391 1854 2422; x_wconf 81' lang='grc' dir='ltr'><strong>ι</strong></span> 
     </span>
    </p>
   </div>
   <div class='ocr_carea' id='block_1_26' title="bbox 280 2460 1848 2532">
    <p class='ocr_par' dir='ltr' id='par_1_26' title="bbox 280 2460 1848 2532">
     <span class='ocr_line' id='line_1_26' title="bbox 280 2460 1848 2532; baseline 0.002 -20"><span class='ocrx_word' id='word_1_186' title='bbox 280 2460 559 2521; x_wconf 78' lang='grc' dir='ltr'>τουτέστι,</span> <span class='ocrx_word' id='word_1_187' title='bbox 582 2460 641 2511; x_wconf 85' lang='grc' dir='ltr'><strong>τὸ</strong></span> <span class='ocrx_word' id='word_1_188' title='bbox 670 2460 886 2529; x_wconf 87' lang='grc' dir='ltr'>πνεῦμα</span> <span class='ocrx_word' id='word_1_189' title='bbox 920 2464 1013 2513; x_wconf 74' lang='grc' dir='ltr'>καὶ</span> <span class='ocrx_word' id='word_1_190' title='bbox 1042 2464 1073 2532; x_wconf 79' lang='grc' dir='ltr'><strong>ή</strong></span> <span class='ocrx_word' id='word_1_191' title='bbox 1103 2462 1268 2532; x_wconf 66' lang='grc' dir='ltr'>ψυχὴ,</span> <span class='ocrx_word' id='word_1_192' title='bbox 1319 2482 1336 2514; x_wconf 81' lang='lat' dir='ltr'><strong>t</strong></span> <span class='ocrx_word' id='word_1_193' title='bbox 1384 2462 1794 2517; x_wconf 78' lang='grc' dir='ltr'>ἀνακαινοῦται.</span> <span class='ocrx_word' id='word_1_194' title='bbox 1832 2484 1848 2515; x_wconf 76' lang='grc' dir='ltr'><strong>ι</strong></span> 
     </span>
    </p>
   </div>
   <div class='ocr_carea' id='block_1_27' title="bbox 282 2551 1861 2625">
    <p class='ocr_par' dir='ltr' id='par_1_27' title="bbox 282 2551 1861 2625">
     <span class='ocr_line' id='line_1_27' title="bbox 282 2551 1861 2625; baseline -0.006 -19"><span class='ocrx_word' id='word_1_195' title='bbox 282 2551 443 2616; x_wconf 82' lang='grc' dir='ltr'><strong>Πῶς;</strong></span> <span class='ocrx_word' id='word_1_196' title='bbox 486 2551 724 2619; x_wconf 77' lang='grc' dir='ltr'>Ἀγαθάς</span> <span class='ocrx_word' id='word_1_197' title='bbox 773 2552 993 2616; x_wconf 81' lang='grc' dir='ltr'>ἐλπίδας</span> <span class='ocrx_word' id='word_1_198' title='bbox 1046 2553 1277 2623; x_wconf 81' lang='grc' dir='ltr'>ἔχουσα,</span> <span class='ocrx_word' id='word_1_199' title='bbox 1331 2556 1425 2605; x_wconf 73' lang='grc' dir='ltr'><strong>καὶ</strong></span> <span class='ocrx_word' id='word_1_200' title='bbox 1482 2555 1861 2625; x_wconf 75' lang='grc' dir='ltr'>παρῤησιαξο.</span> 
     </span>
    </p>
   </div>
   <div class='ocr_carea' id='block_1_28' title="bbox 286 2642 1747 2717">
    <p class='ocr_par' dir='ltr' id='par_1_28' title="bbox 286 2642 1747 2717">
     <span class='ocr_line' id='line_1_28' title="bbox 286 2642 1747 2717; baseline 0.002 -21"><span class='ocrx_word' id='word_1_201' title='bbox 286 2642 445 2712; x_wconf 57' lang='lat' dir='ltr'><strong>nam,</strong></span> <span class='ocrx_word' id='word_1_202' title='bbox 481 2643 553 2706; x_wconf 81' lang='grc' dir='ltr'>ὡς</span> <span class='ocrx_word' id='word_1_203' title='bbox 585 2644 673 2697; x_wconf 84' lang='grc' dir='ltr'>διὰ</span> <span class='ocrx_word' id='word_1_204' title='bbox 704 2644 796 2696; x_wconf 83' lang='grc' dir='ltr'><strong>τὸν</strong></span> <span class='ocrx_word' id='word_1_205' title='bbox 827 2644 960 2697; x_wconf 75' lang='grc' dir='ltr'>Θεὸν</span> <span class='ocrx_word' id='word_1_206' title='bbox 985 2645 1293 2716; x_wconf 82' lang='grc' dir='ltr'>πάσχουσα,</span> <span class='ocrx_word' id='word_1_207' title='bbox 1332 2647 1425 2699; x_wconf 78' lang='grc' dir='ltr'><strong>καὶ</strong></span> <span class='ocrx_word' id='word_1_208' title='bbox 1461 2647 1747 2717; x_wconf 87' lang='grc' dir='ltr'>χαίρουσα.</span> 
     </span>
    </p>
   </div>
   <div class='ocr_carea' id='block_1_29' title="bbox 358 2823 1860 2895">
    <p class='ocr_par' dir='ltr' id='par_1_29' title="bbox 358 2823 1860 2895">
     <span class='ocr_line' id='line_1_29' title="bbox 358 2823 1860 2895; baseline 0 -18"><span class='ocrx_word' id='word_1_209' title='bbox 358 2844 377 2877; x_wconf 72' lang='grc' dir='ltr'><strong>ι</strong></span> <span class='ocrx_word' id='word_1_210' title='bbox 416 2826 489 2877; x_wconf 85' lang='grc' dir='ltr'>Τὸ</span> <span class='ocrx_word' id='word_1_211' title='bbox 518 2824 627 2895; x_wconf 71' lang='grc' dir='ltr'><strong>γὰρ</strong></span> <span class='ocrx_word' id='word_1_212' title='bbox 656 2824 975 2893; x_wconf 79' lang='grc' dir='ltr'>παραυτίκα</span> <span class='ocrx_word' id='word_1_213' title='bbox 1001 2823 1240 2894; x_wconf 76' lang='grc' dir='ltr'>ἐλαφρὸν</span> <span class='ocrx_word' id='word_1_214' title='bbox 1272 2826 1368 2894; x_wconf 76' lang='grc' dir='ltr'>τῆς</span> <span class='ocrx_word' id='word_1_215' title='bbox 1402 2823 1639 2892; x_wconf 68' lang='grc' dir='ltr'>θλίψεως</span> <span class='ocrx_word' id='word_1_216' title='bbox 1668 2824 1826 2894; x_wconf 78' lang='grc' dir='ltr'>ἡμῶν</span> <span class='ocrx_word' id='word_1_217' title='bbox 1847 2864 1860 2889; x_wconf 90' lang='grc'><strong>,</strong></span> 
     </span>
    </p>
   </div>
   <div class='ocr_carea' id='block_1_30' title="bbox 282 2915 1863 2986">
    <p class='ocr_par' dir='ltr' id='par_1_30' title="bbox 282 2915 1863 2986">
     <span class='ocr_line' id='line_1_30' title="bbox 282 2915 1863 2986; baseline -0.001 -16"><span class='ocrx_word' id='word_1_218' title='bbox 282 2918 405 2971; x_wconf 84' lang='grc' dir='ltr'>καθ’</span> <span class='ocrx_word' id='word_1_219' title='bbox 442 2917 749 2985; x_wconf 67' lang='grc' dir='ltr'>ὑπερϐολὴν</span> <span class='ocrx_word' id='word_1_220' title='bbox 781 2919 859 2979; x_wconf 83' lang='grc' dir='ltr'><strong>είς</strong></span> <span class='ocrx_word' id='word_1_221' title='bbox 892 2915 1224 2985; x_wconf 77' lang='grc' dir='ltr'>ὑπερϐολὴν,</span> <span class='ocrx_word' id='word_1_222' title='bbox 1260 2915 1478 2968; x_wconf 84' lang='grc' dir='ltr'>αἰώνιον</span> <span class='ocrx_word' id='word_1_223' title='bbox 1508 2916 1670 2986; x_wconf 73' lang='grc' dir='ltr'>βάρος</span> <span class='ocrx_word' id='word_1_224' title='bbox 1705 2916 1863 2985; x_wconf 78' lang='grc' dir='ltr'>δόξης</span> 
     </span>
    </p>
   </div>
   <div class='ocr_carea' id='block_1_31' title="bbox 280 3009 1862 3081">
    <p class='ocr_par' dir='ltr' id='par_1_31' title="bbox 280 3009 1862 3081">
     <span class='ocr_line' id='line_1_31' title="bbox 280 3009 1862 3081; baseline -0.002 -17"><span class='ocrx_word' id='word_1_225' title='bbox 280 3012 677 3081; x_wconf 74' lang='grc' dir='ltr'>κατεργάζεται</span> <span class='ocrx_word' id='word_1_226' title='bbox 700 3013 853 3080; x_wconf 74' lang='grc' dir='ltr'>ἡμῖν.</span> <span class='ocrx_word' id='word_1_227' title='bbox 888 3031 906 3062; x_wconf 70' lang='grc' dir='ltr'><strong>ι</strong></span> <span class='ocrx_word' id='word_1_228' title='bbox 942 3009 1289 3080; x_wconf 80' lang='grc' dir='ltr'>Ἐρμηνεύει,</span> <span class='ocrx_word' id='word_1_229' title='bbox 1327 3009 1442 3066; x_wconf 75' lang='grc' dir='ltr'><strong>πῶς</strong></span> <span class='ocrx_word' id='word_1_230' title='bbox 1467 3011 1862 3064; x_wconf 58' lang='grc' dir='ltr'>ἀνακαινοῦται</span> 
     </span>
    </p>
   </div>
   <div class='ocr_carea' id='block_1_32' title="bbox 281 3101 1859 3172">
    <p class='ocr_par' dir='ltr' id='par_1_32' title="bbox 281 3101 1859 3172">
     <span class='ocr_line' id='line_1_32' title="bbox 281 3101 1859 3172; baseline -0.002 -15"><span class='ocrx_word' id='word_1_231' title='bbox 281 3106 307 3157; x_wconf 89' lang='grc' dir='ltr'><strong>ό</strong></span> <span class='ocrx_word' id='word_1_232' title='bbox 334 3105 443 3156; x_wconf 80' lang='grc' dir='ltr'>ἔσω</span> <span class='ocrx_word' id='word_1_233' title='bbox 471 3102 775 3172; x_wconf 82' lang='grc' dir='ltr'>ἄνθρωπος,</span> <span class='ocrx_word' id='word_1_234' title='bbox 811 3102 904 3155; x_wconf 86' lang='grc' dir='ltr'><strong>καί</strong></span> <span class='ocrx_word' id='word_1_235' title='bbox 943 3118 1131 3169; x_wconf 77' lang='grc' dir='ltr'>φησιν,</span> <span class='ocrx_word' id='word_1_236' title='bbox 1162 3102 1242 3154; x_wconf 81' lang='grc' dir='ltr'><strong>ὅτι</strong></span> <span class='ocrx_word' id='word_1_237' title='bbox 1280 3101 1685 3170; x_wconf 78' lang='grc' dir='ltr'>ἐνθυμούμενος</span> <span class='ocrx_word' id='word_1_238' title='bbox 1715 3103 1795 3155; x_wconf 86' lang='grc' dir='ltr'>ὅτι</span> <span class='ocrx_word' id='word_1_239' title='bbox 1828 3104 1859 3170; x_wconf 78' lang='grc' dir='ltr'><strong>η</strong></span> 
     </span>
    </p>
   </div>
   <div class='ocr_carea' id='block_1_33' title="bbox 284 3193 1863 3279">
    <p class='ocr_par' dir='ltr' id='par_1_33' title="bbox 284 3193 1863 3279">
     <span class='ocr_line' id='line_1_33' title="bbox 284 3193 1863 3279; baseline -0.002 -31"><span class='ocrx_word' id='word_1_240' title='bbox 284 3199 382 3266; x_wconf 80' lang='grc' dir='ltr'><strong>μὲν</strong></span> <span class='ocrx_word' id='word_1_241' title='bbox 424 3197 599 3263; x_wconf 59' lang='grc' dir='ltr'>θλϊνζιις</span> <span class='ocrx_word' id='word_1_242' title='bbox 640 3193 956 3265; x_wconf 78' lang='grc' dir='ltr'>παραυτίκα</span> <span class='ocrx_word' id='word_1_243' title='bbox 990 3195 1127 3256; x_wconf 71' lang='grc' dir='ltr'>ἐστὶ,</span> <span class='ocrx_word' id='word_1_244' title='bbox 1169 3194 1454 3256; x_wconf 77' lang='grc' dir='ltr'>τουτέστι,</span> <span class='ocrx_word' id='word_1_245' title='bbox 1493 3194 1826 3263; x_wconf 77' lang='grc' dir='ltr'>πρόσκαιρος</span> <span class='ocrx_word' id='word_1_246' title='bbox 1850 3256 1863 3279; x_wconf 57' lang='lat'><strong>,</strong></span> 
     </span>
    </p>
   </div>
   <div class='ocr_carea' id='block_1_34' title="bbox 279 3285 1861 3356">
    <p class='ocr_par' dir='ltr' id='par_1_34' title="bbox 279 3285 1861 3356">
     <span class='ocr_line' id='line_1_34' title="bbox 279 3285 1861 3356; baseline -0.001 -15"><span class='ocrx_word' id='word_1_247' title='bbox 279 3288 377 3341; x_wconf 70' lang='grc' dir='ltr'><strong>καὶ</strong></span> <span class='ocrx_word' id='word_1_248' title='bbox 416 3287 662 3355; x_wconf 68' lang='grc' dir='ltr'>ἐλαφρὰ,</span> <span class='ocrx_word' id='word_1_249' title='bbox 702 3286 789 3339; x_wconf 83' lang='grc' dir='ltr'><strong>διά</strong></span> <span class='ocrx_word' id='word_1_250' title='bbox 824 3285 982 3337; x_wconf 79' lang='grc' dir='ltr'>τοῦτο</span> <span class='ocrx_word' id='word_1_251' title='bbox 1014 3285 1148 3337; x_wconf 71' lang='grc' dir='ltr'>αὐτὸ</span> <span class='ocrx_word' id='word_1_252' title='bbox 1181 3286 1263 3337; x_wconf 80' lang='grc' dir='ltr'>ὅτι</span> <span class='ocrx_word' id='word_1_253' title='bbox 1315 3287 1685 3355; x_wconf 76' lang='grc' dir='ltr'>πρόσκαιροςο</span> <span class='ocrx_word' id='word_1_254' title='bbox 1726 3289 1758 3356; x_wconf 81' lang='grc' dir='ltr'><strong>ἡ</strong></span> <span class='ocrx_word' id='word_1_255' title='bbox 1806 3287 1861 3339; x_wconf 75' lang='grc' dir='ltr'>δὲ</span> 
     </span>
    </p>
   </div>
   <div class='ocr_carea' id='block_1_35' title="bbox 279 3375 1858 3445">
    <p class='ocr_par' dir='ltr' id='par_1_35' title="bbox 279 3375 1858 3445">
     <span class='ocr_line' id='line_1_35' title="bbox 279 3375 1858 3445; baseline -0.001 -15"><span class='ocrx_word' id='word_1_256' title='bbox 279 3378 407 3442; x_wconf 77' lang='grc' dir='ltr'>δόξα</span> <span class='ocrx_word' id='word_1_257' title='bbox 450 3379 546 3429; x_wconf 70' lang='grc' dir='ltr'><strong>καὶ</strong></span> <span class='ocrx_word' id='word_1_258' title='bbox 590 3377 808 3439; x_wconf 83' lang='grc' dir='ltr'>αἰώνιός</span> <span class='ocrx_word' id='word_1_259' title='bbox 859 3378 1007 3439; x_wconf 77' lang='grc' dir='ltr'>ἐστι,</span> <span class='ocrx_word' id='word_1_260' title='bbox 1046 3375 1143 3429; x_wconf 75' lang='grc' dir='ltr'>καὶ</span> <span class='ocrx_word' id='word_1_261' title='bbox 1179 3376 1342 3444; x_wconf 69' lang='grc' dir='ltr'>βάρος</span> <span class='ocrx_word' id='word_1_262' title='bbox 1374 3376 1522 3445; x_wconf 78' lang='grc' dir='ltr'>ἔχει,</span> <span class='ocrx_word' id='word_1_263' title='bbox 1573 3378 1858 3442; x_wconf 73' lang='grc' dir='ltr'>τουτέστι,</span> 
     </span>
    </p>
   </div>
   <div class='ocr_carea' id='block_1_36' title="bbox 284 3465 1860 3538">
    <p class='ocr_par' dir='ltr' id='par_1_36' title="bbox 284 3465 1860 3538">
     <span class='ocr_line' id='line_1_36' title="bbox 284 3465 1860 3538; baseline 0 -19"><span class='ocrx_word' id='word_1_264' title='bbox 284 3467 519 3537; x_wconf 78' lang='grc' dir='ltr'>μέγεθος</span> <span class='ocrx_word' id='word_1_265' title='bbox 554 3466 931 3536; x_wconf 75' lang='grc' dir='ltr'>ὑπερϐολικῶς</span> <span class='ocrx_word' id='word_1_266' title='bbox 967 3465 1357 3534; x_wconf 77' lang='grc' dir='ltr'>ύπερῦολικόν·</span> <span class='ocrx_word' id='word_1_267' title='bbox 1391 3465 1549 3518; x_wconf 88' lang='grc' dir='ltr'>τοῦτο</span> <span class='ocrx_word' id='word_1_268' title='bbox 1578 3467 1685 3538; x_wconf 84' lang='grc' dir='ltr'><strong>γάρ</strong></span> <span class='ocrx_word' id='word_1_269' title='bbox 1713 3467 1860 3535; x_wconf 82' lang='grc' dir='ltr'>λέγει</span> 
     </span>
    </p>
   </div>
   <div class='ocr_carea' id='block_1_37' title="bbox 278 3557 1613 3629">
    <p class='ocr_par' dir='ltr' id='par_1_37' title="bbox 278 3557 1613 3629">
     <span class='ocr_line' id='line_1_37' title="bbox 278 3557 1613 3629; baseline -0.001 -18"><span class='ocrx_word' id='word_1_270' title='bbox 278 3560 366 3611; x_wconf 71' lang='grc' dir='ltr'>διὰ</span> <span class='ocrx_word' id='word_1_271' title='bbox 389 3558 481 3612; x_wconf 82' lang='grc' dir='ltr'><strong>τοῦ</strong></span> <span class='ocrx_word' id='word_1_272' title='bbox 506 3602 519 3623; x_wconf 89' lang='grc'><strong>,</strong></span> <span class='ocrx_word' id='word_1_273' title='bbox 553 3579 569 3610; x_wconf 77' lang='grc' dir='ltr'><strong>ι</strong></span> <span class='ocrx_word' id='word_1_274' title='bbox 608 3559 742 3612; x_wconf 83' lang='grc' dir='ltr'>Καθ’</span> <span class='ocrx_word' id='word_1_275' title='bbox 774 3557 1082 3628; x_wconf 79' lang='grc' dir='ltr'>ὑπερϐολὴν</span> <span class='ocrx_word' id='word_1_276' title='bbox 1111 3560 1189 3620; x_wconf 82' lang='grc' dir='ltr'>εἰς</span> <span class='ocrx_word' id='word_1_277' title='bbox 1218 3557 1551 3629; x_wconf 77' lang='grc' dir='ltr'>ὑπερϐολήν.</span> <span class='ocrx_word' id='word_1_278' title='bbox 1597 3578 1613 3609; x_wconf 73' lang='grc' dir='ltr'><strong>ι</strong></span> 
     </span>
    </p>
   </div>
   <div class='ocr_carea' id='block_1_38' title="bbox 358 3734 1860 3806">
    <p class='ocr_par' dir='ltr' id='par_1_38' title="bbox 358 3734 1860 3806">
     <span class='ocr_line' id='line_1_38' title="bbox 358 3734 1860 3806; baseline 0.002 -18"><span class='ocrx_word' id='word_1_279' title='bbox 358 3757 375 3788; x_wconf 76' lang='grc' dir='ltr'><strong>ι</strong></span> <span class='ocrx_word' id='word_1_280' title='bbox 430 3737 520 3806; x_wconf 82' lang='grc' dir='ltr'><strong>Μὴ</strong></span> <span class='ocrx_word' id='word_1_281' title='bbox 552 3734 901 3789; x_wconf 79' lang='grc' dir='ltr'>σκοπούντων</span> <span class='ocrx_word' id='word_1_282' title='bbox 949 3736 1107 3806; x_wconf 78' lang='grc' dir='ltr'>ἡμῶν</span> <span class='ocrx_word' id='word_1_283' title='bbox 1137 3735 1207 3787; x_wconf 88' lang='grc' dir='ltr'><strong>τά</strong></span> <span class='ocrx_word' id='word_1_284' title='bbox 1239 3734 1550 3803; x_wconf 78' lang='grc' dir='ltr'>βλεπόμενα</span> <span class='ocrx_word' id='word_1_285' title='bbox 1572 3775 1588 3801; x_wconf 89' lang='grc'><strong>,</strong></span> <span class='ocrx_word' id='word_1_286' title='bbox 1625 3736 1761 3790; x_wconf 87' lang='grc' dir='ltr'><strong>ἀλλά</strong></span> <span class='ocrx_word' id='word_1_287' title='bbox 1793 3738 1860 3790; x_wconf 83' lang='grc' dir='ltr'>τὰ</span> 
     </span>
    </p>
   </div>
   <div class='ocr_carea' id='block_1_39' title="bbox 285 3826 1861 3899">
    <p class='ocr_par' dir='ltr' id='par_1_39' title="bbox 285 3826 1861 3899">
     <span class='ocr_line' id='line_1_39' title="bbox 285 3826 1861 3899; baseline 0.003 -21"><span class='ocrx_word' id='word_1_288' title='bbox 285 3830 359 3899; x_wconf 74' lang='grc' dir='ltr'>μὴ</span> <span class='ocrx_word' id='word_1_289' title='bbox 392 3829 724 3897; x_wconf 74' lang='grc' dir='ltr'>βλεπόμενα.</span> <span class='ocrx_word' id='word_1_290' title='bbox 777 3828 858 3879; x_wconf 74' lang='grc' dir='ltr'>Τὰ</span> <span class='ocrx_word' id='word_1_291' title='bbox 890 3828 998 3897; x_wconf 75' lang='grc' dir='ltr'><strong>γὰρ</strong></span> <span class='ocrx_word' id='word_1_292' title='bbox 1032 3827 1374 3896; x_wconf 76' lang='grc' dir='ltr'>βλεπόμενα,</span> <span class='ocrx_word' id='word_1_293' title='bbox 1411 3826 1756 3896; x_wconf 86' lang='grc' dir='ltr'>πρόσκαιρα·</span> <span class='ocrx_word' id='word_1_294' title='bbox 1792 3829 1861 3883; x_wconf 84' lang='grc' dir='ltr'>τὰ</span> 
     </span>
    </p>
   </div>
   <div class='ocr_carea' id='block_1_40' title="bbox 279 3920 1858 3992">
    <p class='ocr_par' dir='ltr' id='par_1_40' title="bbox 279 3920 1858 3992">
     <span class='ocr_line' id='line_1_40' title="bbox 279 3920 1858 3992; baseline 0.001 -19"><span class='ocrx_word' id='word_1_295' title='bbox 279 3921 338 3973; x_wconf 83' lang='grc' dir='ltr'>δὲ</span> <span class='ocrx_word' id='word_1_296' title='bbox 392 3920 465 3989; x_wconf 81' lang='grc' dir='ltr'>μὴ</span> <span class='ocrx_word' id='word_1_297' title='bbox 516 3920 859 3989; x_wconf 77' lang='grc' dir='ltr'>βλεπόμενα,</span> <span class='ocrx_word' id='word_1_298' title='bbox 899 3920 1116 3973; x_wconf 82' lang='grc' dir='ltr'>αἰώνια.</span> <span class='ocrx_word' id='word_1_299' title='bbox 1158 3939 1175 3971; x_wconf 74' lang='grc' dir='ltr'><strong>ι</strong></span> <span class='ocrx_word' id='word_1_300' title='bbox 1217 3920 1339 3982; x_wconf 87' lang='grc' dir='ltr'>Πῶς</span> <span class='ocrx_word' id='word_1_301' title='bbox 1370 3920 1607 3989; x_wconf 79' lang='grc' dir='ltr'>ἐλαφρόν</span> <span class='ocrx_word' id='word_1_302' title='bbox 1641 3922 1788 3974; x_wconf 79' lang='grc' dir='ltr'>ἐστιν</span> <span class='ocrx_word' id='word_1_303' title='bbox 1825 3923 1858 3992; x_wconf 82' lang='grc' dir='ltr'>ἡ</span> 
     </span>
    </p>
   </div>
   <div class='ocr_carea' id='block_1_41' title="bbox 279 4011 1856 4082">
    <p class='ocr_par' dir='ltr' id='par_1_41' title="bbox 279 4011 1856 4082">
     <span class='ocr_line' id='line_1_41' title="bbox 279 4011 1856 4082; baseline 0.001 -17"><span class='ocrx_word' id='word_1_304' title='bbox 279 4014 477 4081; x_wconf 74' lang='grc' dir='ltr'>θλῖψις.</span> <span class='ocrx_word' id='word_1_305' title='bbox 498 4013 757 4066; x_wconf 87' lang='grc' dir='ltr'>δείκνυσι.</span> <span class='ocrx_word' id='word_1_306' title='bbox 785 4011 951 4076; x_wconf 82' lang='grc' dir='ltr'>Διότι,</span> <span class='ocrx_word' id='word_1_307' title='bbox 984 4014 1115 4081; x_wconf 68' lang='grc' dir='ltr'>φησι</span> <span class='ocrx_word' id='word_1_308' title='bbox 1135 4053 1148 4075; x_wconf 94' lang='grc'><strong>,</strong></span> <span class='ocrx_word' id='word_1_309' title='bbox 1176 4011 1355 4065; x_wconf 85' lang='grc' dir='ltr'>πάντα</span> <span class='ocrx_word' id='word_1_310' title='bbox 1387 4030 1405 4063; x_wconf 81' lang='grc' dir='ltr'><strong>ι</strong></span> <span class='ocrx_word' id='word_1_311' title='bbox 1428 4013 1495 4063; x_wconf 84' lang='grc' dir='ltr'>τὰ</span> <span class='ocrx_word' id='word_1_312' title='bbox 1526 4012 1856 4082; x_wconf 81' lang='grc' dir='ltr'>βλεπόμενα,</span> 
     </span>
    </p>
   </div>
   <div class='ocr_carea' id='block_1_42' title="bbox 280 4102 1855 4175">
    <p class='ocr_par' dir='ltr' id='par_1_42' title="bbox 280 4102 1855 4175">
     <span class='ocr_line' id='line_1_42' title="bbox 280 4102 1855 4175; baseline -0.001 -19"><span class='ocrx_word' id='word_1_313' title='bbox 280 4106 592 4175; x_wconf 82' lang='grc' dir='ltr'>πρόσκαιρα</span> <span class='ocrx_word' id='word_1_314' title='bbox 613 4105 657 4135; x_wconf 72' lang='grc' dir='ltr'><strong>το</strong></span> <span class='ocrx_word' id='word_1_315' title='bbox 679 4120 692 4133; x_wconf 77' lang='grc' dir='ltr'><strong>ο</strong></span> <span class='ocrx_word' id='word_1_316' title='bbox 732 4123 747 4155; x_wconf 82' lang='lat' dir='ltr'><strong>i</strong></span> <span class='ocrx_word' id='word_1_317' title='bbox 780 4103 920 4156; x_wconf 77' lang='grc' dir='ltr'>ὥστε</span> <span class='ocrx_word' id='word_1_318' title='bbox 950 4105 1042 4155; x_wconf 73' lang='grc' dir='ltr'><strong>καὶ</strong></span> <span class='ocrx_word' id='word_1_319' title='bbox 1073 4104 1106 4174; x_wconf 82' lang='grc' dir='ltr'>ἡ</span> <span class='ocrx_word' id='word_1_320' title='bbox 1132 4102 1332 4171; x_wconf 67' lang='grc' dir='ltr'>θλῖψις,</span> <span class='ocrx_word' id='word_1_321' title='bbox 1351 4103 1441 4155; x_wconf 83' lang='grc' dir='ltr'><strong>καὶ</strong></span> <span class='ocrx_word' id='word_1_322' title='bbox 1467 4104 1503 4170; x_wconf 73' lang='grc' dir='ltr'><strong>ἡ</strong></span> <span class='ocrx_word' id='word_1_323' title='bbox 1520 4104 1855 4167; x_wconf 83' lang='grc' dir='ltr'>ἀνάπαυσις·</span> 
     </span>
    </p>
   </div>
   <div class='ocr_carea' id='block_1_43' title="bbox 279 4193 1854 4267">
    <p class='ocr_par' dir='ltr' id='par_1_43' title="bbox 279 4193 1854 4267">
     <span class='ocr_line' id='line_1_43' title="bbox 279 4193 1854 4267; baseline -0.001 -17"><span class='ocrx_word' id='word_1_324' title='bbox 279 4198 376 4251; x_wconf 76' lang='grc' dir='ltr'>καὶ</span> <span class='ocrx_word' id='word_1_325' title='bbox 428 4196 566 4266; x_wconf 78' lang='grc' dir='ltr'>αῦτη</span> <span class='ocrx_word' id='word_1_326' title='bbox 609 4199 717 4267; x_wconf 74' lang='grc' dir='ltr'><strong>γὰρ</strong></span> <span class='ocrx_word' id='word_1_327' title='bbox 774 4196 1127 4265; x_wconf 76' lang='grc' dir='ltr'>βλεπόμενον.</span> <span class='ocrx_word' id='word_1_328' title='bbox 1186 4197 1283 4248; x_wconf 76' lang='grc' dir='ltr'>Διά</span> <span class='ocrx_word' id='word_1_329' title='bbox 1329 4194 1486 4248; x_wconf 88' lang='grc' dir='ltr'>τοῦτο</span> <span class='ocrx_word' id='word_1_330' title='bbox 1535 4198 1646 4267; x_wconf 87' lang='grc' dir='ltr'><strong>γάρ</strong></span> <span class='ocrx_word' id='word_1_331' title='bbox 1695 4193 1854 4260; x_wconf 76' lang='grc' dir='ltr'>εἷπε,</span> 
     </span>
    </p>
   </div>
   <div class='ocr_carea' id='block_1_44' title="bbox 288 4285 1854 4358">
    <p class='ocr_par' dir='ltr' id='par_1_44' title="bbox 288 4285 1854 4358">
     <span class='ocr_line' id='line_1_44' title="bbox 288 4285 1854 4358; baseline 0.001 -18"><span class='ocrx_word' id='word_1_332' title='bbox 288 4308 305 4340; x_wconf 79' lang='lat' dir='ltr'><strong>t</strong></span> <span class='ocrx_word' id='word_1_333' title='bbox 350 4288 430 4341; x_wconf 79' lang='grc' dir='ltr'><strong>Τὰ</strong></span> <span class='ocrx_word' id='word_1_334' title='bbox 466 4288 794 4357; x_wconf 82' lang='grc' dir='ltr'>βλεπόμενα,</span> <span class='ocrx_word' id='word_1_335' title='bbox 840 4307 857 4338; x_wconf 72' lang='grc' dir='ltr'><strong>ι</strong></span> <span class='ocrx_word' id='word_1_336' title='bbox 889 4288 976 4339; x_wconf 80' lang='grc' dir='ltr'><strong>ἵνα</strong></span> <span class='ocrx_word' id='word_1_337' title='bbox 1020 4286 1117 4339; x_wconf 80' lang='grc' dir='ltr'>καὶ</span> <span class='ocrx_word' id='word_1_338' title='bbox 1154 4286 1360 4355; x_wconf 85' lang='grc' dir='ltr'>ταύτην</span> <span class='ocrx_word' id='word_1_339' title='bbox 1389 4285 1680 4358; x_wconf 72' lang='grc' dir='ltr'>περιλάϐῃ.</span> <span class='ocrx_word' id='word_1_340' title='bbox 1719 4288 1854 4341; x_wconf 79' lang='grc' dir='ltr'>Οῦτε</span> 
     </span>
    </p>
   </div>
   <div class='ocr_carea' id='block_1_45' title="bbox 278 4378 1930 4469">
    <p class='ocr_par' dir='ltr' id='par_1_45' title="bbox 278 4378 1930 4469">
     <span class='ocr_line' id='line_1_45' title="bbox 278 4378 1930 4469; baseline -0.001 -35"><span class='ocrx_word' id='word_1_341' title='bbox 278 4381 375 4434; x_wconf 80' lang='grc' dir='ltr'><strong>οῦν</strong></span> <span class='ocrx_word' id='word_1_342' title='bbox 416 4383 481 4449; x_wconf 81' lang='grc' dir='ltr'>τῇ</span> <span class='ocrx_word' id='word_1_343' title='bbox 510 4379 686 4449; x_wconf 71' lang='grc' dir='ltr'>θλίψει</span> <span class='ocrx_word' id='word_1_344' title='bbox 730 4378 1226 4448; x_wconf 84' lang='grc' dir='ltr'>καταπεσούμεθα,</span> <span class='ocrx_word' id='word_1_345' title='bbox 1262 4378 1387 4431; x_wconf 78' lang='grc' dir='ltr'>οῦτε</span> <span class='ocrx_word' id='word_1_346' title='bbox 1430 4382 1498 4449; x_wconf 83' lang='grc' dir='ltr'>τῇ</span> <span class='ocrx_word' id='word_1_347' title='bbox 1550 4381 1853 4434; x_wconf 87' lang='grc' dir='ltr'>ἀναπαύσει</span> <span class='ocrx_word' id='word_1_348' title='bbox 1890 4414 1930 4469; x_wconf 79' lang='lat' dir='ltr'><strong>D</strong></span> 
     </span>
    </p>
   </div>
   <div class='ocr_carea' id='block_1_46' title="bbox 280 4471 1852 4543">
    <p class='ocr_par' dir='ltr' id='par_1_46' title="bbox 280 4471 1852 4543">
     <span class='ocr_line' id='line_1_46' title="bbox 280 4471 1852 4543; baseline 0 -17"><span class='ocrx_word' id='word_1_349' title='bbox 280 4473 746 4543; x_wconf 83' lang='grc' dir='ltr'>χαυνωθησόμεθα</span> <span class='ocrx_word' id='word_1_350' title='bbox 768 4487 782 4500; x_wconf 91' lang='grc'><strong>·</strong></span> <span class='ocrx_word' id='word_1_351' title='bbox 818 4472 1131 4542; x_wconf 84' lang='grc' dir='ltr'>πρόσκαιρα</span> <span class='ocrx_word' id='word_1_352' title='bbox 1156 4473 1200 4503; x_wconf 85' lang='grc'><strong>⁷¹</strong></span> <span class='ocrx_word' id='word_1_353' title='bbox 1238 4471 1346 4540; x_wconf 90' lang='grc' dir='ltr'><strong>γάρ</strong></span> <span class='ocrx_word' id='word_1_354' title='bbox 1376 4472 1684 4541; x_wconf 81' lang='grc' dir='ltr'>ἀμφότερα.</span> <span class='ocrx_word' id='word_1_355' title='bbox 1715 4473 1852 4526; x_wconf 85' lang='grc' dir='ltr'>Τού-</span> 
     </span>
    </p>
   </div>
   <div class='ocr_carea' id='block_1_47' title="bbox 277 4560 1844 4631">
    <p class='ocr_par' dir='ltr' id='par_1_47' title="bbox 277 4560 1844 4631">
     <span class='ocr_line' id='line_1_47' title="bbox 277 4560 1844 4631; baseline 0.001 -17"><span class='ocrx_word' id='word_1_356' title='bbox 277 4580 387 4615; x_wconf 84' lang='grc' dir='ltr'><strong>των</strong></span> <span class='ocrx_word' id='word_1_357' title='bbox 408 4561 463 4613; x_wconf 79' lang='grc' dir='ltr'><strong>δὲ</strong></span> <span class='ocrx_word' id='word_1_358' title='bbox 485 4561 738 4613; x_wconf 78' lang='grc' dir='ltr'>τοιούτων</span> <span class='ocrx_word' id='word_1_359' title='bbox 759 4560 952 4622; x_wconf 81' lang='grc' dir='ltr'>όντων,</span> <span class='ocrx_word' id='word_1_360' title='bbox 982 4579 1000 4611; x_wconf 85' lang='grc'><em>‹</em></span> <span class='ocrx_word' id='word_1_361' title='bbox 1030 4562 1096 4612; x_wconf 84' lang='grc' dir='ltr'><strong>τὰ</strong></span> <span class='ocrx_word' id='word_1_362' title='bbox 1130 4561 1204 4631; x_wconf 83' lang='grc' dir='ltr'><strong>μὴ</strong></span> <span class='ocrx_word' id='word_1_363' title='bbox 1235 4560 1541 4631; x_wconf 82' lang='grc' dir='ltr'>βλεπόμενα</span> <span class='ocrx_word' id='word_1_364' title='bbox 1574 4563 1786 4627; x_wconf 71' lang='grc' dir='ltr'>αἰώνια,</span> <span class='ocrx_word' id='word_1_365' title='bbox 1828 4584 1844 4615; x_wconf 83' lang='grc' dir='ltr'><strong>ι</strong></span> 
     </span>
    </p>
   </div>
   <div class='ocr_carea' id='block_1_48' title="bbox 277 4650 1851 4721">
    <p class='ocr_par' dir='ltr' id='par_1_48' title="bbox 277 4650 1851 4721">
     <span class='ocr_line' id='line_1_48' title="bbox 277 4650 1851 4721; baseline 0.003 -18"><span class='ocrx_word' id='word_1_366' title='bbox 277 4653 637 4721; x_wconf 79' lang='grc' dir='ltr'>τουτέστιν,ἠ</span> <span class='ocrx_word' id='word_1_367' title='bbox 671 4650 918 4720; x_wconf 88' lang='grc' dir='ltr'>βασιλεία</span> <span class='ocrx_word' id='word_1_368' title='bbox 951 4652 1044 4704; x_wconf 74' lang='grc' dir='ltr'><strong>καὶ</strong></span> <span class='ocrx_word' id='word_1_369' title='bbox 1072 4653 1103 4721; x_wconf 83' lang='grc' dir='ltr'><strong>ἡ</strong></span> <span class='ocrx_word' id='word_1_370' title='bbox 1131 4653 1353 4717; x_wconf 84' lang='grc' dir='ltr'>κόλασις</span> <span class='ocrx_word' id='word_1_371' title='bbox 1380 4672 1393 4685; x_wconf 92' lang='grc'>·</span> <span class='ocrx_word' id='word_1_372' title='bbox 1418 4653 1558 4707; x_wconf 82' lang='grc' dir='ltr'>ὥστε</span> <span class='ocrx_word' id='word_1_373' title='bbox 1592 4656 1686 4708; x_wconf 74' lang='grc' dir='ltr'><strong>καὶ</strong></span> <span class='ocrx_word' id='word_1_374' title='bbox 1710 4658 1851 4708; x_wconf 75' lang='grc' dir='ltr'>ἐκεί·</span> 
     </span>
    </p>
   </div>
   <div class='ocr_carea' id='block_1_49' title="bbox 280 4743 1251 4814">
    <p class='ocr_par' dir='ltr' id='par_1_49' title="bbox 280 4743 1251 4814">
     <span class='ocr_line' id='line_1_49' title="bbox 280 4743 1251 4814; baseline 0 -17"><span class='ocrx_word' id='word_1_375' title='bbox 280 4761 379 4814; x_wconf 67' lang='grc' dir='ltr'><strong>νην</strong></span> <span class='ocrx_word' id='word_1_376' title='bbox 412 4743 617 4807; x_wconf 87' lang='grc' dir='ltr'>ποθεῖν,</span> <span class='ocrx_word' id='word_1_377' title='bbox 649 4744 743 4795; x_wconf 73' lang='grc' dir='ltr'>καὶ</span> <span class='ocrx_word' id='word_1_378' title='bbox 773 4743 977 4813; x_wconf 84' lang='grc' dir='ltr'>ταύτην</span> <span class='ocrx_word' id='word_1_379' title='bbox 1008 4744 1251 4813; x_wconf 82' lang='grc' dir='ltr'>φεύγειν.</span> 
     </span>
    </p>
   </div>
   <div class='ocr_carea' id='block_1_50' title="bbox 881 4936 1242 4991">
    <p class='ocr_par' dir='ltr' id='par_1_50' title="bbox 881 4936 1242 4991">
     <span class='ocr_line' id='line_1_50' title="bbox 881 4936 1242 4991; baseline 0.006 -2"><span class='ocrx_word' id='word_1_380' title='bbox 881 4936 1126 4990; x_wconf 80' lang='grc' dir='ltr'>ΚΕΦΑΔ.</span> <span class='ocrx_word' id='word_1_381' title='bbox 1169 4938 1242 4991; x_wconf 87' lang='lat' dir='ltr'><strong>E&#39;.</strong></span> 
     </span>
    </p>
   </div>
   <div class='ocr_carea' id='block_1_51' title="bbox 357 5024 1848 5100">
    <p class='ocr_par' dir='ltr' id='par_1_51' title="bbox 357 5024 1848 5100">
     <span class='ocr_line' id='line_1_51' title="bbox 357 5024 1848 5100; baseline 0.006 -25"><span class='ocrx_word' id='word_1_382' title='bbox 357 5042 375 5075; x_wconf 74' lang='grc' dir='ltr'><strong>ι</strong></span> <span class='ocrx_word' id='word_1_383' title='bbox 414 5024 647 5092; x_wconf 76' lang='grc' dir='ltr'>Οἴδαμεν</span> <span class='ocrx_word' id='word_1_384' title='bbox 673 5025 783 5095; x_wconf 74' lang='grc' dir='ltr'><strong>γαρ</strong></span> <span class='ocrx_word' id='word_1_385' title='bbox 810 5027 890 5078; x_wconf 79' lang='grc' dir='ltr'>ὅτι</span> <span class='ocrx_word' id='word_1_386' title='bbox 920 5027 1011 5080; x_wconf 76' lang='grc' dir='ltr'>ἐὰν</span> <span class='ocrx_word' id='word_1_387' title='bbox 1036 5029 1068 5097; x_wconf 76' lang='grc' dir='ltr'>ἡ</span> <span class='ocrx_word' id='word_1_388' title='bbox 1106 5028 1346 5095; x_wconf 82' lang='grc' dir='ltr'>ἐπίγειος</span> <span class='ocrx_word' id='word_1_389' title='bbox 1382 5029 1538 5100; x_wconf 82' lang='grc' dir='ltr'>ἡμῶν</span> <span class='ocrx_word' id='word_1_390' title='bbox 1581 5032 1727 5083; x_wconf 74' lang='grc' dir='ltr'>οἰκία</span> <span class='ocrx_word' id='word_1_391' title='bbox 1755 5036 1848 5084; x_wconf 83' lang='grc' dir='ltr'><strong>τοῦ</strong></span> 
     </span>
    </p>
   </div>
   <div class='ocr_carea' id='block_1_52' title="bbox 278 5116 1851 5193">
    <p class='ocr_par' dir='ltr' id='par_1_52' title="bbox 278 5116 1851 5193">
     <span class='ocr_line' id='line_1_52' title="bbox 278 5116 1851 5193; baseline 0.005 -24"><span class='ocrx_word' id='word_1_392' title='bbox 278 5117 511 5183; x_wconf 77' lang='grc' dir='ltr'>σκήνους</span> <span class='ocrx_word' id='word_1_393' title='bbox 555 5116 864 5189; x_wconf 75' lang='grc' dir='ltr'>καταλυθῇ,</span> <span class='ocrx_word' id='word_1_394' title='bbox 895 5120 1186 5189; x_wconf 82' lang='grc' dir='ltr'>οἰκοδομὴν</span> <span class='ocrx_word' id='word_1_395' title='bbox 1222 5121 1286 5172; x_wconf 74' lang='grc' dir='ltr'>ὲκ</span> <span class='ocrx_word' id='word_1_396' title='bbox 1324 5120 1460 5174; x_wconf 83' lang='grc' dir='ltr'>Θεοῦ</span> <span class='ocrx_word' id='word_1_397' title='bbox 1497 5123 1725 5193; x_wconf 77' lang='grc' dir='ltr'>ἔχομεν,</span> <span class='ocrx_word' id='word_1_398' title='bbox 1771 5127 1851 5178; x_wconf 69' lang='lat' dir='ltr'><strong>oio</strong></span> 
     </span>
    </p>
   </div>
   <div class='ocr_carea' id='block_1_53' title="bbox 278 5209 1849 5283">
    <p class='ocr_par' dir='ltr' id='par_1_53' title="bbox 278 5209 1849 5283">
     <span class='ocr_line' id='line_1_53' title="bbox 278 5209 1849 5283; baseline 0.004 -22"><span class='ocrx_word' id='word_1_399' title='bbox 278 5210 436 5261; x_wconf 78' lang='grc' dir='ltr'>κείαν</span> <span class='ocrx_word' id='word_1_400' title='bbox 465 5209 912 5280; x_wconf 75' lang='grc' dir='ltr'>ἀχειροποίητον,</span> <span class='ocrx_word' id='word_1_401' title='bbox 971 5211 1187 5264; x_wconf 82' lang='grc' dir='ltr'>αἰώνιον</span> <span class='ocrx_word' id='word_1_402' title='bbox 1236 5213 1294 5265; x_wconf 77' lang='grc' dir='ltr'>ἐν</span> <span class='ocrx_word' id='word_1_403' title='bbox 1342 5216 1454 5275; x_wconf 86' lang='grc' dir='ltr'>τοῖς</span> <span class='ocrx_word' id='word_1_404' title='bbox 1506 5216 1775 5283; x_wconf 81' lang='grc' dir='ltr'>οὐρανοῖς.</span> <span class='ocrx_word' id='word_1_405' title='bbox 1833 5238 1849 5268; x_wconf 78' lang='lat' dir='ltr'><strong>i</strong></span> 
     </span>
    </p>
   </div>
   <div class='ocr_carea' id='block_1_54' title="bbox 290 5295 1858 5377">
    <p class='ocr_par' dir='ltr' id='par_1_54' title="bbox 290 5295 1858 5377">
     <span class='ocr_line' id='line_1_54' title="bbox 290 5295 1858 5377; baseline 0.008 -28"><span class='ocrx_word' id='word_1_406' title='bbox 290 5296 511 5369; x_wconf 76' lang='grc' dir='ltr'>Ἐπειδὴ</span> <span class='ocrx_word' id='word_1_407' title='bbox 559 5295 714 5364; x_wconf 78' lang='grc' dir='ltr'>εἶπεν</span> <span class='ocrx_word' id='word_1_408' title='bbox 760 5301 1047 5371; x_wconf 79' lang='grc' dir='ltr'>ἀνωτέρω,</span> <span class='ocrx_word' id='word_1_409' title='bbox 1088 5304 1169 5356; x_wconf 85' lang='grc' dir='ltr'><strong>ὅτι</strong></span> <span class='ocrx_word' id='word_1_410' title='bbox 1204 5304 1328 5357; x_wconf 83' lang='grc' dir='ltr'>ὅσον</span> <span class='ocrx_word' id='word_1_411' title='bbox 1360 5306 1388 5359; x_wconf 90' lang='grc' dir='ltr'><strong>ό</strong></span> <span class='ocrx_word' id='word_1_412' title='bbox 1423 5305 1527 5369; x_wconf 77' lang='grc' dir='ltr'>ἔξω</span> <span class='ocrx_word' id='word_1_413' title='bbox 1572 5307 1858 5377; x_wconf 85' lang='grc' dir='ltr'>ἄνθρωπος</span> 
     </span>
    </p>
   </div>
   <div class='ocr_carea' id='block_1_55' title="bbox 282 5390 1857 5463">
    <p class='ocr_par' dir='ltr' id='par_1_55' title="bbox 282 5390 1857 5463">
     <span class='ocr_line' id='line_1_55' title="bbox 282 5390 1857 5463; baseline 0.007 -21"><span class='ocrx_word' id='word_1_414' title='bbox 282 5390 589 5460; x_wconf 77' lang='grc' dir='ltr'>φθείρεται,</span> <span class='ocrx_word' id='word_1_415' title='bbox 623 5393 876 5446; x_wconf 82' lang='grc' dir='ltr'>τοσοῦτον</span> <span class='ocrx_word' id='word_1_416' title='bbox 914 5396 941 5445; x_wconf 89' lang='lat'><strong>6</strong></span> <span class='ocrx_word' id='word_1_417' title='bbox 974 5395 1084 5448; x_wconf 74' lang='grc' dir='ltr'>ἔσω</span> <span class='ocrx_word' id='word_1_418' title='bbox 1124 5396 1543 5463; x_wconf 87' lang='grc' dir='ltr'>ἀνακαινοῦται,</span> <span class='ocrx_word' id='word_1_419' title='bbox 1591 5399 1768 5452; x_wconf 80' lang='grc' dir='ltr'>ἐδόκει</span> <span class='ocrx_word' id='word_1_420' title='bbox 1802 5400 1857 5453; x_wconf 82' lang='grc' dir='ltr'><strong>δὲ</strong></span> 
     </span>
    </p>
   </div>
   <div class='ocr_carea' id='block_1_56' title="bbox 281 5484 1857 5559">
    <p class='ocr_par' dir='ltr' id='par_1_56' title="bbox 281 5484 1857 5559">
     <span class='ocr_line' id='line_1_56' title="bbox 281 5484 1857 5559; baseline 0.006 -23"><span class='ocrx_word' id='word_1_421' title='bbox 281 5485 470 5536; x_wconf 82' lang='grc' dir='ltr'>καινόν</span> <span class='ocrx_word' id='word_1_422' title='bbox 504 5502 555 5536; x_wconf 87' lang='grc' dir='ltr'><strong>τι</strong></span> <span class='ocrx_word' id='word_1_423' title='bbox 588 5484 769 5553; x_wconf 76' lang='grc' dir='ltr'>λέγειν</span> <span class='ocrx_word' id='word_1_424' title='bbox 791 5528 805 5552; x_wconf 90' lang='grc'><strong>,</strong></span> <span class='ocrx_word' id='word_1_425' title='bbox 855 5490 1019 5557; x_wconf 68' lang='grc' dir='ltr'>φησιν</span> <span class='ocrx_word' id='word_1_426' title='bbox 1040 5529 1053 5551; x_wconf 91' lang='grc'><strong>,</strong></span> <span class='ocrx_word' id='word_1_427' title='bbox 1090 5490 1173 5542; x_wconf 87' lang='grc' dir='ltr'>ὃτι</span> <span class='ocrx_word' id='word_1_428' title='bbox 1223 5492 1428 5559; x_wconf 87' lang='grc' dir='ltr'>μᾶλλον</span> <span class='ocrx_word' id='word_1_429' title='bbox 1475 5492 1604 5545; x_wconf 83' lang='grc' dir='ltr'>ὅταν</span> <span class='ocrx_word' id='word_1_430' title='bbox 1634 5493 1857 5555; x_wconf 87' lang='grc' dir='ltr'>τελείως</span> 
     </span>
    </p>
   </div>
   <div class='ocr_carea' id='block_1_57' title="bbox 280 5576 1859 5655">
    <p class='ocr_par' dir='ltr' id='par_1_57' title="bbox 280 5576 1859 5655">
     <span class='ocr_line' id='line_1_57' title="bbox 280 5576 1859 5655; baseline 0.007 -28"><span class='ocrx_word' id='word_1_431' title='bbox 280 5576 461 5646; x_wconf 57' lang='grc' dir='ltr'>φθαρῇ</span> <span class='ocrx_word' id='word_1_432' title='bbox 490 5578 548 5629; x_wconf 71' lang='grc' dir='ltr'>τὸ</span> <span class='ocrx_word' id='word_1_433' title='bbox 576 5577 767 5643; x_wconf 67' lang='grc' dir='ltr'>θνητὸν</span> <span class='ocrx_word' id='word_1_434' title='bbox 794 5580 951 5632; x_wconf 76' lang='grc' dir='ltr'>τοῦτο</span> <span class='ocrx_word' id='word_1_435' title='bbox 977 5581 1137 5649; x_wconf 88' lang='grc' dir='ltr'>σῶμα</span> <span class='ocrx_word' id='word_1_436' title='bbox 1167 5582 1264 5633; x_wconf 78' lang='grc' dir='ltr'><strong>καὶ</strong></span> <span class='ocrx_word' id='word_1_437' title='bbox 1292 5584 1502 5652; x_wconf 80' lang='grc' dir='ltr'>γήϊνον,</span> <span class='ocrx_word' id='word_1_438' title='bbox 1533 5586 1655 5637; x_wconf 84' lang='grc' dir='ltr'>τότε</span> <span class='ocrx_word' id='word_1_439' title='bbox 1688 5587 1859 5655; x_wconf 77' lang='grc' dir='ltr'>μυρία</span> 
     </span>
    </p>
   </div>
   <div class='ocr_carea' id='block_1_58' title="bbox 1966 607 3535 676">
    <p class='ocr_par' dir='ltr' id='par_1_58' title="bbox 1966 607 3535 676">
     <span class='ocr_line' id='line_1_58' title="bbox 1966 607 3535 676; baseline 0.003 -15"><span class='ocrx_word' id='word_1_440' title='bbox 1966 608 2155 661; x_wconf 85' lang='lat' dir='ltr'><strong>iisdem</strong></span> <span class='ocrx_word' id='word_1_441' title='bbox 2187 607 2465 662; x_wconf 79' lang='lat' dir='ltr'><strong>vobiscum</strong></span> <span class='ocrx_word' id='word_1_442' title='bbox 2506 608 2658 661; x_wconf 88' lang='lat' dir='ltr'><strong>bouis</strong></span> <span class='ocrx_word' id='word_1_443' title='bbox 2695 607 3072 676; x_wconf 83' lang='lat' dir='ltr'><strong>perfruituros.</strong></span> <span class='ocrx_word' id='word_1_444' title='bbox 3105 609 3319 664; x_wconf 86' lang='lat' dir='ltr'><strong>Excitat</strong></span> <span class='ocrx_word' id='word_1_445' title='bbox 3356 619 3535 666; x_wconf 87' lang='lat' dir='ltr'><strong>autem</strong></span> 
     </span>
    </p>
   </div>
   <div class='ocr_carea' id='block_1_59' title="bbox 1964 696 3538 769">
    <p class='ocr_par' dir='ltr' id='par_1_59' title="bbox 1964 696 3538 769">
     <span class='ocr_line' id='line_1_59' title="bbox 1964 696 3538 769; baseline 0.002 -18"><span class='ocrx_word' id='word_1_446' title='bbox 1964 711 2058 751; x_wconf 89' lang='lat' dir='ltr'><strong>eos</strong></span> <span class='ocrx_word' id='word_1_447' title='bbox 2086 697 2151 748; x_wconf 88' lang='lat' dir='ltr'><strong>ad</strong></span> <span class='ocrx_word' id='word_1_448' title='bbox 2177 696 2333 749; x_wconf 82' lang='lat' dir='ltr'><strong>ﬁdem</strong></span> <span class='ocrx_word' id='word_1_449' title='bbox 2367 707 2419 750; x_wconf 92' lang='lat' dir='ltr'><strong>et</strong></span> <span class='ocrx_word' id='word_1_450' title='bbox 2455 699 2647 748; x_wconf 87' lang='lat' dir='ltr'><strong>bonam</strong></span> <span class='ocrx_word' id='word_1_451' title='bbox 2680 696 2865 753; x_wconf 76' lang='lat' dir='ltr'><strong>\ilalll.</strong></span> <span class='ocrx_word' id='word_1_452' title='bbox 2900 696 3105 751; x_wconf 69' lang='lat' dir='ltr'><strong>Notans</strong></span> <span class='ocrx_word' id='word_1_453' title='bbox 3127 710 3302 753; x_wconf 88' lang='lat' dir='ltr'><strong>autem</strong></span> <span class='ocrx_word' id='word_1_454' title='bbox 3339 702 3538 769; x_wconf 81' lang='lat' dir='ltr'><strong>pseud-</strong></span> 
     </span>
    </p>
   </div>
   <div class='ocr_carea' id='block_1_60' title="bbox 1964 786 3539 857">
    <p class='ocr_par' dir='ltr' id='par_1_60' title="bbox 1964 786 3539 857">
     <span class='ocr_line' id='line_1_60' title="bbox 1964 786 3539 857; baseline 0.004 -17"><span class='ocrx_word' id='word_1_455' title='bbox 1964 786 2239 853; x_wconf 78' lang='lat' dir='ltr'><strong>ap05tolos</strong></span> <span class='ocrx_word' id='word_1_456' title='bbox 2265 788 2352 854; x_wconf 87' lang='lat' dir='ltr'><strong>qui</strong></span> <span class='ocrx_word' id='word_1_457' title='bbox 2376 787 2540 857; x_wconf 76' lang='lat'><strong>266</strong></span> <span class='ocrx_word' id='word_1_458' title='bbox 2570 788 2673 841; x_wconf 60' lang='lat' dir='ltr'><strong>dice</strong></span> <span class='ocrx_word' id='word_1_459' title='bbox 2693 788 2840 850; x_wconf 92' lang='lat' dir='ltr'><strong>bant,</strong></span> <span class='ocrx_word' id='word_1_460' title='bbox 2868 788 2976 841; x_wconf 83' lang='lat' dir='ltr'><strong>Nos</strong></span> <span class='ocrx_word' id='word_1_461' title='bbox 3000 805 3187 841; x_wconf 80' lang='lat' dir='ltr'><strong>sumus</strong></span> <span class='ocrx_word' id='word_1_462' title='bbox 3213 793 3539 847; x_wconf 78' lang='lat' dir='ltr'><strong>mediatores</strong></span> 
     </span>
    </p>
   </div>
   <div class='ocr_carea' id='block_1_61' title="bbox 1964 879 3539 953">
    <p class='ocr_par' dir='ltr' id='par_1_61' title="bbox 1964 879 3539 953">
     <span class='ocr_line' id='line_1_61' title="bbox 1964 879 3539 953; baseline 0.002 -20"><span class='ocrx_word' id='word_1_463' title='bbox 1964 879 2225 933; x_wconf 88' lang='lat' dir='ltr'><strong>bonorum</strong></span> <span class='ocrx_word' id='word_1_464' title='bbox 2245 892 2364 947; x_wconf 67' lang='lat' dir='ltr'><strong>quae</strong></span> <span class='ocrx_word' id='word_1_465' title='bbox 2385 879 2663 947; x_wconf 82' lang='lat' dir='ltr'><strong>discipulis</strong></span> <span class='ocrx_word' id='word_1_466' title='bbox 2686 894 2713 929; x_wconf 88' lang='lat' dir='ltr'><strong>a</strong></span> <span class='ocrx_word' id='word_1_467' title='bbox 2746 879 2856 933; x_wconf 89' lang='lat' dir='ltr'><strong>Deo</strong></span> <span class='ocrx_word' id='word_1_468' title='bbox 2874 884 3217 948; x_wconf 82' lang='lat' dir='ltr'><strong>proveniunt,</strong></span> <span class='ocrx_word' id='word_1_469' title='bbox 3273 901 3290 934; x_wconf 78' lang='grc' dir='ltr'><strong>ι</strong></span> <span class='ocrx_word' id='word_1_470' title='bbox 3316 884 3539 953; x_wconf 80' lang='lat' dir='ltr'><strong>Propter</strong></span> 
     </span>
    </p>
   </div>
   <div class='ocr_carea' id='block_1_62' title="bbox 1965 970 3539 1039">
    <p class='ocr_par' dir='ltr' id='par_1_62' title="bbox 1965 970 3539 1039">
     <span class='ocr_line' id='line_1_62' title="bbox 1965 970 3539 1039; baseline 0.004 -18"><span class='ocrx_word' id='word_1_471' title='bbox 1965 985 2082 1031; x_wconf 85' lang='lat' dir='ltr'><strong>vos,</strong></span> <span class='ocrx_word' id='word_1_472' title='bbox 2122 989 2138 1019; x_wconf 68' lang='grc' dir='ltr'><strong>ι</strong></span> <span class='ocrx_word' id='word_1_473' title='bbox 2179 970 2373 1037; x_wconf 86' lang='lat' dir='ltr'><strong>inquit,</strong></span> <span class='ocrx_word' id='word_1_474' title='bbox 2419 987 2435 1018; x_wconf 73' lang='grc' dir='ltr'><strong>ι</strong></span> <span class='ocrx_word' id='word_1_475' title='bbox 2475 971 2829 1031; x_wconf 90' lang='lat' dir='ltr'><strong>suntomnia,</strong></span> <span class='ocrx_word' id='word_1_476' title='bbox 2870 989 2888 1022; x_wconf 74' lang='grc' dir='ltr'><strong>ι</strong></span> <span class='ocrx_word' id='word_1_477' title='bbox 2924 971 3085 1023; x_wconf 80' lang='lat' dir='ltr'><strong>etiam</strong></span> <span class='ocrx_word' id='word_1_478' title='bbox 3123 972 3235 1039; x_wconf 87' lang='lat' dir='ltr'><strong>ipsa</strong></span> <span class='ocrx_word' id='word_1_479' title='bbox 3295 989 3539 1029; x_wconf 81' lang='lat' dir='ltr'><strong>resurre-</strong></span> 
     </span>
    </p>
   </div>
   <div class='ocr_carea' id='block_1_63' title="bbox 1963 1060 3541 1128">
    <p class='ocr_par' dir='ltr' id='par_1_63' title="bbox 1963 1060 3541 1128">
     <span class='ocr_line' id='line_1_63' title="bbox 1963 1060 3541 1128; baseline 0.003 -13"><span class='ocrx_word' id='word_1_480' title='bbox 1963 1061 2096 1123; x_wconf 89' lang='lat' dir='ltr'><strong>ctio,</strong></span> <span class='ocrx_word' id='word_1_481' title='bbox 2126 1075 2229 1114; x_wconf 91' lang='lat' dir='ltr'><strong>non</strong></span> <span class='ocrx_word' id='word_1_482' title='bbox 2269 1070 2489 1128; x_wconf 84' lang='lat' dir='ltr'><strong>propter</strong></span> <span class='ocrx_word' id='word_1_483' title='bbox 2520 1060 2663 1114; x_wconf 88' lang='lat' dir='ltr'><strong>hunc</strong></span> <span class='ocrx_word' id='word_1_484' title='bbox 2695 1062 2776 1114; x_wconf 91' lang='lat' dir='ltr'><strong>vel</strong></span> <span class='ocrx_word' id='word_1_485' title='bbox 2822 1062 2993 1116; x_wconf 90' lang='lat' dir='ltr'><strong>illum.</strong></span> <span class='ocrx_word' id='word_1_486' title='bbox 3039 1060 3152 1116; x_wconf 82' lang='lat' dir='ltr'><strong>Hoc</strong></span> <span class='ocrx_word' id='word_1_487' title='bbox 3184 1075 3363 1118; x_wconf 89' lang='lat' dir='ltr'><strong>autem</strong></span> <span class='ocrx_word' id='word_1_488' title='bbox 3401 1066 3541 1120; x_wconf 85' lang='lat' dir='ltr'><strong>Deus</strong></span> 
     </span>
    </p>
   </div>
   <div class='ocr_carea' id='block_1_64' title="bbox 1964 1150 3541 1223">
    <p class='ocr_par' dir='ltr' id='par_1_64' title="bbox 1964 1150 3541 1223">
     <span class='ocr_line' id='line_1_64' title="bbox 1964 1150 3541 1223; baseline 0.006 -19"><span class='ocrx_word' id='word_1_489' title='bbox 1964 1150 2115 1216; x_wconf 75' lang='lat' dir='ltr'><strong>facit,</strong></span> <span class='ocrx_word' id='word_1_490' title='bbox 2151 1154 2442 1219; x_wconf 85' lang='lat' dir='ltr'><strong>multisque</strong></span> <span class='ocrx_word' id='word_1_491' title='bbox 2492 1154 2721 1223; x_wconf 90' lang='lat' dir='ltr'><strong>gratiam</strong></span> <span class='ocrx_word' id='word_1_492' title='bbox 2751 1168 2903 1207; x_wconf 88' lang='lat' dir='ltr'><strong>suam</strong></span> <span class='ocrx_word' id='word_1_493' title='bbox 2945 1156 3185 1220; x_wconf 89' lang='lat' dir='ltr'><strong>exhibet,</strong></span> <span class='ocrx_word' id='word_1_494' title='bbox 3236 1167 3293 1209; x_wconf 90' lang='lat' dir='ltr'><strong>ut</strong></span> <span class='ocrx_word' id='word_1_495' title='bbox 3337 1162 3541 1212; x_wconf 79' lang='lat' dir='ltr'><strong>exube-</strong></span> 
     </span>
    </p>
   </div>
   <div class='ocr_carea' id='block_1_65' title="bbox 1966 1242 3542 1311">
    <p class='ocr_par' dir='ltr' id='par_1_65' title="bbox 1966 1242 3542 1311">
     <span class='ocr_line' id='line_1_65' title="bbox 1966 1242 3542 1311; baseline 0.003 -17"><span class='ocrx_word' id='word_1_496' title='bbox 1966 1251 2120 1296; x_wconf 87' lang='lat' dir='ltr'><strong>rante</strong></span> <span class='ocrx_word' id='word_1_497' title='bbox 2161 1243 2355 1310; x_wconf 80' lang='lat' dir='ltr'><strong>gratia,</strong></span> <span class='ocrx_word' id='word_1_498' title='bbox 2394 1243 2632 1297; x_wconf 81' lang='lat' dir='ltr'><strong>abundet</strong></span> <span class='ocrx_word' id='word_1_499' title='bbox 2661 1252 2716 1297; x_wconf 88' lang='lat' dir='ltr'><strong>et</strong></span> <span class='ocrx_word' id='word_1_500' title='bbox 2755 1242 3051 1311; x_wconf 84' lang='lat' dir='ltr'><strong>gratiarum</strong></span> <span class='ocrx_word' id='word_1_501' title='bbox 3089 1244 3251 1310; x_wconf 82' lang='lat' dir='ltr'><strong>actio,</strong></span> <span class='ocrx_word' id='word_1_502' title='bbox 3289 1260 3317 1297; x_wconf 89' lang='lat' dir='ltr'><strong>a</strong></span> <span class='ocrx_word' id='word_1_503' title='bbox 3356 1245 3542 1299; x_wconf 87' lang='lat' dir='ltr'><strong>multis</strong></span> 
     </span>
    </p>
   </div>
   <div class='ocr_carea' id='block_1_66' title="bbox 1966 1334 3539 1406">
    <p class='ocr_par' dir='ltr' id='par_1_66' title="bbox 1966 1334 3539 1406">
     <span class='ocr_line' id='line_1_66' title="bbox 1966 1334 3539 1406; baseline 0.003 -21"><span class='ocrx_word' id='word_1_504' title='bbox 1966 1335 2215 1403; x_wconf 80' lang='lat' dir='ltr'><strong>personis</strong></span> <span class='ocrx_word' id='word_1_505' title='bbox 2246 1334 2297 1388; x_wconf 86' lang='lat' dir='ltr'><strong>in</strong></span> <span class='ocrx_word' id='word_1_506' title='bbox 2331 1334 2558 1402; x_wconf 82' lang='lat' dir='ltr'><strong>gloriam</strong></span> <span class='ocrx_word' id='word_1_507' title='bbox 2583 1334 2675 1387; x_wconf 84' lang='lat' dir='ltr'><strong>Dei</strong></span> <span class='ocrx_word' id='word_1_508' title='bbox 2705 1334 2907 1389; x_wconf 89' lang='lat' dir='ltr'><strong>oblata.</strong></span> <span class='ocrx_word' id='word_1_509' title='bbox 2936 1336 3112 1401; x_wconf 77' lang='lat' dir='ltr'><strong>Quare</strong></span> <span class='ocrx_word' id='word_1_510' title='bbox 3139 1336 3539 1406; x_wconf 85' lang='lat' dir='ltr'><strong>pseudapostoli</strong></span> 
     </span>
    </p>
   </div>
   <div class='ocr_carea' id='block_1_67' title="bbox 1965 1423 3539 1494">
    <p class='ocr_par' dir='ltr' id='par_1_67' title="bbox 1965 1423 3539 1494">
     <span class='ocr_line' id='line_1_67' title="bbox 1965 1423 3539 1494; baseline 0.001 -17"><span class='ocrx_word' id='word_1_511' title='bbox 1965 1425 2193 1492; x_wconf 79' lang='lat' dir='ltr'><strong>gratiam</strong></span> <span class='ocrx_word' id='word_1_512' title='bbox 2230 1423 2320 1478; x_wconf 85' lang='lat' dir='ltr'><strong>Dei</strong></span> <span class='ocrx_word' id='word_1_513' title='bbox 2348 1425 2449 1477; x_wconf 93' lang='lat' dir='ltr'><strong>sibi</strong></span> <span class='ocrx_word' id='word_1_514' title='bbox 2483 1423 3156 1489; x_wconf 86' lang='lat' dir='ltr'><strong>ascribentes,obscuraut</strong></span> <span class='ocrx_word' id='word_1_515' title='bbox 3180 1424 3341 1479; x_wconf 89' lang='lat' dir='ltr'><strong>etiam</strong></span> <span class='ocrx_word' id='word_1_516' title='bbox 3368 1424 3539 1494; x_wconf 90' lang='lat' dir='ltr'><strong>ipsius</strong></span> 
     </span>
    </p>
   </div>
   <div class='ocr_carea' id='block_1_68' title="bbox 1964 1517 2215 1585">
    <p class='ocr_par' dir='ltr' id='par_1_68' title="bbox 1964 1517 2215 1585">
     <span class='ocr_line' id='line_1_68' title="bbox 1964 1517 2215 1585; baseline 0.008 -16"><span class='ocrx_word' id='word_1_517' title='bbox 1964 1517 2215 1585; x_wconf 81' lang='lat' dir='ltr'><strong>gloriam.</strong></span> 
     </span>
    </p>
   </div>
   <div class='ocr_carea' id='block_1_69' title="bbox 2042 1698 3544 1768">
    <p class='ocr_par' dir='ltr' id='par_1_69' title="bbox 2042 1698 3544 1768">
     <span class='ocr_line' id='line_1_69' title="bbox 2042 1698 3544 1768; baseline 0.003 -15"><span class='ocrx_word' id='word_1_518' title='bbox 2042 1699 2203 1754; x_wconf 70' lang='lat' dir='ltr'><strong>Vens.</strong></span> <span class='ocrx_word' id='word_1_519' title='bbox 2240 1699 2325 1753; x_wconf 81' lang='grc'><strong>16.</strong></span> <span class='ocrx_word' id='word_1_520' title='bbox 2367 1716 2386 1751; x_wconf 78' lang='grc' dir='ltr'><strong>ι</strong></span> <span class='ocrx_word' id='word_1_521' title='bbox 2422 1698 2720 1768; x_wconf 87' lang='lat' dir='ltr'><strong>Pr0pterea</strong></span> <span class='ocrx_word' id='word_1_522' title='bbox 2774 1715 2879 1755; x_wconf 90' lang='lat' dir='ltr'><strong>non</strong></span> <span class='ocrx_word' id='word_1_523' title='bbox 2928 1702 3231 1766; x_wconf 79' lang='lat' dir='ltr'><strong>deficimus,</strong></span> <span class='ocrx_word' id='word_1_524' title='bbox 3284 1704 3377 1757; x_wconf 90' lang='lat' dir='ltr'><strong>sed</strong></span> <span class='ocrx_word' id='word_1_525' title='bbox 3418 1703 3544 1758; x_wconf 87' lang='lat' dir='ltr'><strong>licet</strong></span> 
     </span>
    </p>
   </div>
   <div class='ocr_carea' id='block_1_70' title="bbox 1968 1791 3541 1863">
    <p class='ocr_par' dir='ltr' id='par_1_70' title="bbox 1968 1791 3541 1863">
     <span class='ocr_line' id='line_1_70' title="bbox 1968 1791 3541 1863; baseline 0.001 -18"><span class='ocrx_word' id='word_1_526' title='bbox 1968 1793 2011 1847; x_wconf 91' lang='lat' dir='ltr'><strong>is</strong></span> <span class='ocrx_word' id='word_1_527' title='bbox 2044 1794 2140 1861; x_wconf 89' lang='lat' dir='ltr'><strong>qui</strong></span> <span class='ocrx_word' id='word_1_528' title='bbox 2174 1791 2308 1847; x_wconf 84' lang='lat' dir='ltr'><strong>foris</strong></span> <span class='ocrx_word' id='word_1_529' title='bbox 2341 1802 2425 1847; x_wconf 90' lang='lat' dir='ltr'><strong>est</strong></span> <span class='ocrx_word' id='word_1_530' title='bbox 2458 1803 2644 1845; x_wconf 85' lang='lat' dir='ltr'><strong>noster</strong></span> <span class='ocrx_word' id='word_1_531' title='bbox 2694 1793 2853 1847; x_wconf 89' lang='lat' dir='ltr'><strong>homo</strong></span> <span class='ocrx_word' id='word_1_532' title='bbox 2903 1806 3307 1863; x_wconf 85' lang='lat' dir='ltr'><strong>corrumpatur,</strong></span> <span class='ocrx_word' id='word_1_533' title='bbox 3359 1806 3541 1849; x_wconf 87' lang='lat' dir='ltr'><strong>tamen</strong></span> 
     </span>
    </p>
   </div>
   <div class='ocr_carea' id='block_1_71' title="bbox 1966 1885 3544 1954">
    <p class='ocr_par' dir='ltr' id='par_1_71' title="bbox 1966 1885 3544 1954">
     <span class='ocr_line' id='line_1_71' title="bbox 1966 1885 3544 1954; baseline 0.003 -17"><span class='ocrx_word' id='word_1_534' title='bbox 1966 1886 2012 1939; x_wconf 93' lang='lat' dir='ltr'><strong>is</strong></span> <span class='ocrx_word' id='word_1_535' title='bbox 2047 1885 2137 1954; x_wconf 86' lang='lat' dir='ltr'><strong>qui</strong></span> <span class='ocrx_word' id='word_1_536' title='bbox 2174 1885 2320 1937; x_wconf 88' lang='lat' dir='ltr'><strong>intus</strong></span> <span class='ocrx_word' id='word_1_537' title='bbox 2353 1892 2456 1948; x_wconf 86' lang='lat' dir='ltr'><strong>est,</strong></span> <span class='ocrx_word' id='word_1_538' title='bbox 2500 1895 2798 1938; x_wconf 81' lang='lat' dir='ltr'><strong>renovatur</strong></span> <span class='ocrx_word' id='word_1_539' title='bbox 2827 1886 2891 1938; x_wconf 90' lang='lat' dir='ltr'><strong>de</strong></span> <span class='ocrx_word' id='word_1_540' title='bbox 2920 1885 3006 1938; x_wconf 90' lang='lat' dir='ltr'><strong>die</strong></span> <span class='ocrx_word' id='word_1_541' title='bbox 3037 1887 3093 1939; x_wconf 92' lang='lat' dir='ltr'><strong>in</strong></span> <span class='ocrx_word' id='word_1_542' title='bbox 3142 1887 3302 1940; x_wconf 84' lang='lat' dir='ltr'><strong>diem.</strong></span> <span class='ocrx_word' id='word_1_543' title='bbox 3344 1906 3362 1937; x_wconf 83' lang='grc'><strong>›</strong></span> <span class='ocrx_word' id='word_1_544' title='bbox 3398 1888 3544 1953; x_wconf 85' lang='lat' dir='ltr'><strong>Quo-</strong></span> 
     </span>
    </p>
   </div>
   <div class='ocr_carea' id='block_1_72' title="bbox 1964 1977 3544 2048">
    <p class='ocr_par' dir='ltr' id='par_1_72' title="bbox 1964 1977 3544 2048">
     <span class='ocr_line' id='line_1_72' title="bbox 1964 1977 3544 2048; baseline 0 -17"><span class='ocrx_word' id='word_1_545' title='bbox 1964 1979 2135 2040; x_wconf 83' lang='lat' dir='ltr'><strong>niam,</strong></span> <span class='ocrx_word' id='word_1_546' title='bbox 2170 1977 2365 2046; x_wconf 82' lang='lat' dir='ltr'><strong>inquit,</strong></span> <span class='ocrx_word' id='word_1_547' title='bbox 2404 1977 2651 2032; x_wconf 83' lang='lat' dir='ltr'><strong>novimus</strong></span> <span class='ocrx_word' id='word_1_548' title='bbox 2684 1978 2776 2031; x_wconf 85' lang='lat' dir='ltr'><strong>Dei</strong></span> <span class='ocrx_word' id='word_1_549' title='bbox 2820 1980 3140 2046; x_wconf 84' lang='lat' dir='ltr'><strong>potentiam,</strong></span> <span class='ocrx_word' id='word_1_550' title='bbox 3181 1990 3235 2033; x_wconf 91' lang='lat' dir='ltr'><strong>et</strong></span> <span class='ocrx_word' id='word_1_551' title='bbox 3260 1983 3400 2048; x_wconf 89' lang='lat' dir='ltr'><strong>quod</strong></span> <span class='ocrx_word' id='word_1_552' title='bbox 3440 1981 3544 2034; x_wconf 74' lang='lat' dir='ltr'><strong>hoc</strong></span> 
     </span>
    </p>
   </div>
   <div class='ocr_carea' id='block_1_73' title="bbox 1969 2070 3540 2141">
    <p class='ocr_par' dir='ltr' id='par_1_73' title="bbox 1969 2070 3540 2141">
     <span class='ocr_line' id='line_1_73' title="bbox 1969 2070 3540 2141; baseline 0.003 -17"><span class='ocrx_word' id='word_1_553' title='bbox 1969 2081 2209 2138; x_wconf 87' lang='lat' dir='ltr'><strong>tempore</strong></span> <span class='ocrx_word' id='word_1_554' title='bbox 2250 2086 2347 2123; x_wconf 84' lang='lat' dir='ltr'><strong>nos</strong></span> <span class='ocrx_word' id='word_1_555' title='bbox 2372 2085 2399 2121; x_wconf 89' lang='lat' dir='ltr'><strong>a</strong></span> <span class='ocrx_word' id='word_1_556' title='bbox 2438 2070 2695 2138; x_wconf 73' lang='lat' dir='ltr'><strong>periculis</strong></span> <span class='ocrx_word' id='word_1_557' title='bbox 2722 2070 2934 2134; x_wconf 85' lang='lat' dir='ltr'><strong>liberet,</strong></span> <span class='ocrx_word' id='word_1_558' title='bbox 2970 2082 3025 2123; x_wconf 91' lang='lat' dir='ltr'><strong>et</strong></span> <span class='ocrx_word' id='word_1_559' title='bbox 3052 2074 3194 2141; x_wconf 87' lang='lat' dir='ltr'><strong>quod</strong></span> <span class='ocrx_word' id='word_1_560' title='bbox 3226 2082 3414 2141; x_wconf 84' lang='lat' dir='ltr'><strong>postea</strong></span> <span class='ocrx_word' id='word_1_561' title='bbox 3442 2092 3540 2128; x_wconf 87' lang='lat' dir='ltr'><strong>nos</strong></span> 
     </span>
    </p>
   </div>
   <div class='ocr_carea' id='block_1_74' title="bbox 1966 2162 3540 2238">
    <p class='ocr_par' dir='ltr' id='par_1_74' title="bbox 1966 2162 3540 2238">
     <span class='ocr_line' id='line_1_74' title="bbox 1966 2162 3540 2238; baseline 0.004 -22"><span class='ocrx_word' id='word_1_562' title='bbox 1966 2162 2255 2217; x_wconf 87' lang='lat' dir='ltr'><strong>suscitabit</strong></span> <span class='ocrx_word' id='word_1_563' title='bbox 2285 2163 2621 2231; x_wconf 88' lang='lat' dir='ltr'><strong>splendidos,</strong></span> <span class='ocrx_word' id='word_1_564' title='bbox 2665 2178 2769 2216; x_wconf 93' lang='lat' dir='ltr'><strong>non</strong></span> <span class='ocrx_word' id='word_1_565' title='bbox 2806 2162 3110 2230; x_wconf 89' lang='lat' dir='ltr'><strong>delicimus,</strong></span> <span class='ocrx_word' id='word_1_566' title='bbox 3144 2183 3316 2237; x_wconf 86' lang='lat' dir='ltr'><strong>neque</strong></span> <span class='ocrx_word' id='word_1_567' title='bbox 3344 2169 3540 2238; x_wconf 88' lang='lat' dir='ltr'><strong>despe-</strong></span> 
     </span>
    </p>
   </div>
   <div class='ocr_carea' id='block_1_75' title="bbox 1968 2256 3539 2325">
    <p class='ocr_par' dir='ltr' id='par_1_75' title="bbox 1968 2256 3539 2325">
     <span class='ocr_line' id='line_1_75' title="bbox 1968 2256 3539 2325; baseline 0.005 -17"><span class='ocrx_word' id='word_1_568' title='bbox 1968 2270 2149 2310; x_wconf 88' lang='lat' dir='ltr'><strong>rainus</strong></span> <span class='ocrx_word' id='word_1_569' title='bbox 2182 2258 2307 2309; x_wconf 88' lang='lat' dir='ltr'><strong>dum</strong></span> <span class='ocrx_word' id='word_1_570' title='bbox 2343 2257 2597 2324; x_wconf 84' lang='lat' dir='ltr'><strong>patimur.</strong></span> <span class='ocrx_word' id='word_1_571' title='bbox 2636 2256 2827 2322; x_wconf 83' lang='lat' dir='ltr'><strong>Porro,</strong></span> <span class='ocrx_word' id='word_1_572' title='bbox 2866 2277 2883 2309; x_wconf 75' lang='grc' dir='ltr'><strong>ι</strong></span> <span class='ocrx_word' id='word_1_573' title='bbox 2920 2260 3156 2313; x_wconf 77' lang='lat' dir='ltr'><strong>exterior</strong></span> <span class='ocrx_word' id='word_1_574' title='bbox 3198 2262 3388 2325; x_wconf 89' lang='lat' dir='ltr'><strong>homo,</strong></span> <span class='ocrx_word' id='word_1_575' title='bbox 3429 2282 3447 2313; x_wconf 76' lang='grc' dir='ltr'><strong>ι</strong></span> <span class='ocrx_word' id='word_1_576' title='bbox 3488 2263 3539 2316; x_wconf 90' lang='lat' dir='ltr'><strong>id</strong></span> 
     </span>
    </p>
   </div>
   <div class='ocr_carea' id='block_1_76' title="bbox 1967 2350 3542 2425">
    <p class='ocr_par' dir='ltr' id='par_1_76' title="bbox 1967 2350 3542 2425">
     <span class='ocr_line' id='line_1_76' title="bbox 1967 2350 3542 2425; baseline 0.004 -23"><span class='ocrx_word' id='word_1_577' title='bbox 1967 2358 2070 2411; x_wconf 90' lang='lat' dir='ltr'><strong>est,</strong></span> <span class='ocrx_word' id='word_1_578' title='bbox 2105 2363 2325 2416; x_wconf 89' lang='lat' dir='ltr'><strong>corpus,</strong></span> <span class='ocrx_word' id='word_1_579' title='bbox 2378 2350 2744 2416; x_wconf 82' lang='lat' dir='ltr'><strong>corrumpitur</strong></span> <span class='ocrx_word' id='word_1_580' title='bbox 2773 2367 2787 2404; x_wconf 87' lang='lat'><strong>:</strong></span> <span class='ocrx_word' id='word_1_581' title='bbox 2834 2352 3104 2419; x_wconf 77' lang='lat' dir='ltr'><strong>quamodo</strong></span> <span class='ocrx_word' id='word_1_582' title='bbox 3129 2354 3151 2405; x_wconf 90' lang='lat'><strong>?</strong></span> <span class='ocrx_word' id='word_1_583' title='bbox 3180 2356 3305 2406; x_wconf 88' lang='lat' dir='ltr'><strong>dum</strong></span> <span class='ocrx_word' id='word_1_584' title='bbox 3360 2354 3542 2425; x_wconf 85' lang='lat' dir='ltr'><strong>ﬂagris</strong></span> 
     </span>
    </p>
   </div>
   <div class='ocr_carea' id='block_1_77' title="bbox 1966 2438 3540 2517">
    <p class='ocr_par' dir='ltr' id='par_1_77' title="bbox 1966 2438 3540 2517">
     <span class='ocr_line' id='line_1_77' title="bbox 1966 2438 3540 2517; baseline 0.006 -25"><span class='ocrx_word' id='word_1_585' title='bbox 1966 2439 2211 2502; x_wconf 68' lang='lat' dir='ltr'><strong>caeditur,</strong></span> <span class='ocrx_word' id='word_1_586' title='bbox 2238 2438 2366 2493; x_wconf 88' lang='lat' dir='ltr'><strong>dum</strong></span> <span class='ocrx_word' id='word_1_587' title='bbox 2391 2441 2645 2508; x_wconf 82' lang='lat' dir='ltr'><strong>agitatur.</strong></span> <span class='ocrx_word' id='word_1_588' title='bbox 2687 2459 2705 2492; x_wconf 73' lang='grc' dir='ltr'><strong>ι</strong></span> <span class='ocrx_word' id='word_1_589' title='bbox 2732 2438 2959 2497; x_wconf 88' lang='lat' dir='ltr'><strong>Interior</strong></span> <span class='ocrx_word' id='word_1_590' title='bbox 2982 2461 3000 2494; x_wconf 72' lang='grc' dir='ltr'><strong>ι</strong></span> <span class='ocrx_word' id='word_1_591' title='bbox 3031 2459 3177 2508; x_wconf 72' lang='lat' dir='ltr'><strong>vero,</strong></span> <span class='ocrx_word' id='word_1_592' title='bbox 3212 2447 3262 2499; x_wconf 88' lang='lat' dir='ltr'><strong>id</strong></span> <span class='ocrx_word' id='word_1_593' title='bbox 3297 2457 3403 2511; x_wconf 89' lang='lat' dir='ltr'><strong>est,</strong></span> <span class='ocrx_word' id='word_1_594' title='bbox 3430 2448 3540 2517; x_wconf 88' lang='lat' dir='ltr'><strong>spi-</strong></span> 
     </span>
    </p>
   </div>
   <div class='ocr_carea' id='block_1_78' title="bbox 1966 2529 3535 2602">
    <p class='ocr_par' dir='ltr' id='par_1_78' title="bbox 1966 2529 3535 2602">
     <span class='ocr_line' id='line_1_78' title="bbox 1966 2529 3535 2602; baseline 0.006 -20"><span class='ocrx_word' id='word_1_595' title='bbox 1966 2529 2101 2583; x_wconf 90' lang='lat' dir='ltr'><strong>ritus</strong></span> <span class='ocrx_word' id='word_1_596' title='bbox 2134 2541 2184 2584; x_wconf 88' lang='lat' dir='ltr'><strong>et</strong></span> <span class='ocrx_word' id='word_1_597' title='bbox 2214 2531 2416 2595; x_wconf 89' lang='lat' dir='ltr'><strong>anima,</strong></span> <span class='ocrx_word' id='word_1_598' title='bbox 2466 2542 2756 2586; x_wconf 80' lang='lat' dir='ltr'><strong>renovatur</strong></span> <span class='ocrx_word' id='word_1_599' title='bbox 2791 2550 2805 2586; x_wconf 73' lang='grc' dir='ltr'><strong>ε</strong></span> <span class='ocrx_word' id='word_1_600' title='bbox 2855 2548 3087 2602; x_wconf 86' lang='lat' dir='ltr'><strong>quanam</strong></span> <span class='ocrx_word' id='word_1_601' title='bbox 3133 2538 3383 2591; x_wconf 84' lang='lat' dir='ltr'><strong>ratione?</strong></span> <span class='ocrx_word' id='word_1_602' title='bbox 3415 2555 3535 2594; x_wconf 90' lang='lat' dir='ltr'><strong>cum</strong></span> 
     </span>
    </p>
   </div>
   <div class='ocr_carea' id='block_1_79' title="bbox 1968 2623 3535 2701">
    <p class='ocr_par' dir='ltr' id='par_1_79' title="bbox 1968 2623 3535 2701">
     <span class='ocr_line' id='line_1_79' title="bbox 1968 2623 3535 2701; baseline 0.008 -26"><span class='ocrx_word' id='word_1_603' title='bbox 1968 2623 2103 2677; x_wconf 89' lang='lat' dir='ltr'><strong>bene</strong></span> <span class='ocrx_word' id='word_1_604' title='bbox 2130 2634 2337 2693; x_wconf 85' lang='lat' dir='ltr'><strong>sperat,</strong></span> <span class='ocrx_word' id='word_1_605' title='bbox 2372 2634 2431 2678; x_wconf 89' lang='lat' dir='ltr'><strong>et</strong></span> <span class='ocrx_word' id='word_1_606' title='bbox 2469 2625 2732 2680; x_wconf 81' lang='lat' dir='ltr'><strong>audacter</strong></span> <span class='ocrx_word' id='word_1_607' title='bbox 2761 2627 2893 2694; x_wconf 82' lang='lat' dir='ltr'><strong>agit,</strong></span> <span class='ocrx_word' id='word_1_608' title='bbox 2934 2629 3086 2696; x_wconf 83' lang='lat' dir='ltr'><strong>quasi</strong></span> <span class='ocrx_word' id='word_1_609' title='bbox 3120 2641 3339 2701; x_wconf 71' lang='lat' dir='ltr'><strong>promer</strong></span> <span class='ocrx_word' id='word_1_610' title='bbox 3369 2632 3535 2688; x_wconf 88' lang='lat' dir='ltr'><strong>Deum</strong></span> 
     </span>
    </p>
   </div>
   <div class='ocr_carea' id='block_1_80' title="bbox 1964 2714 2543 2783">
    <p class='ocr_par' dir='ltr' id='par_1_80' title="bbox 1964 2714 2543 2783">
     <span class='ocr_line' id='line_1_80' title="bbox 1964 2714 2543 2783; baseline 0.007 -18"><span class='ocrx_word' id='word_1_611' title='bbox 1964 2715 2173 2781; x_wconf 89' lang='lat' dir='ltr'><strong>patiens</strong></span> <span class='ocrx_word' id='word_1_612' title='bbox 2198 2722 2253 2768; x_wconf 91' lang='lat' dir='ltr'><strong>et</strong></span> <span class='ocrx_word' id='word_1_613' title='bbox 2282 2714 2543 2783; x_wconf 85' lang='lat' dir='ltr'><strong>gaudens.</strong></span> 
     </span>
    </p>
   </div>
   <div class='ocr_carea' id='block_1_81' title="bbox 2040 2803 3535 2881">
    <p class='ocr_par' dir='ltr' id='par_1_81' title="bbox 2040 2803 3535 2881">
     <span class='ocr_line' id='line_1_81' title="bbox 2040 2803 3535 2881; baseline 0.009 -24"><span class='ocrx_word' id='word_1_614' title='bbox 2040 2803 2203 2858; x_wconf 74' lang='lat' dir='ltr'><strong>Vsus.</strong></span> <span class='ocrx_word' id='word_1_615' title='bbox 2248 2806 2331 2860; x_wconf 84' lang='lat' dir='ltr'><strong>l7.</strong></span> <span class='ocrx_word' id='word_1_616' title='bbox 2382 2823 2400 2857; x_wconf 87' lang='grc'><strong><em>‹</em></strong></span> <span class='ocrx_word' id='word_1_617' title='bbox 2444 2806 2497 2860; x_wconf 91' lang='lat' dir='ltr'><strong>Id</strong></span> <span class='ocrx_word' id='word_1_618' title='bbox 2530 2809 2673 2861; x_wconf 90' lang='lat' dir='ltr'><strong>enim</strong></span> <span class='ocrx_word' id='word_1_619' title='bbox 2711 2811 2855 2878; x_wconf 89' lang='lat' dir='ltr'><strong>quod</strong></span> <span class='ocrx_word' id='word_1_620' title='bbox 2910 2811 2961 2866; x_wconf 84' lang='lat' dir='ltr'><strong>i‘n</strong></span> <span class='ocrx_word' id='word_1_621' title='bbox 3009 2815 3262 2881; x_wconf 71' lang='lat' dir='ltr'><strong>prmsenti</strong></span> <span class='ocrx_word' id='word_1_622' title='bbox 3298 2826 3382 2871; x_wconf 84' lang='lat' dir='ltr'><strong>est</strong></span> <span class='ocrx_word' id='word_1_623' title='bbox 3426 2832 3535 2871; x_wconf 89' lang='lat' dir='ltr'><strong>mo-</strong></span> 
     </span>
    </p>
   </div>
   <div class='ocr_carea' id='block_1_82' title="bbox 1971 2899 3537 2976">
    <p class='ocr_par' dir='ltr' id='par_1_82' title="bbox 1971 2899 3537 2976">
     <span class='ocr_line' id='line_1_82' title="bbox 1971 2899 3537 2976; baseline 0.009 -26"><span class='ocrx_word' id='word_1_624' title='bbox 1971 2907 2313 2951; x_wconf 89' lang='lat' dir='ltr'><strong>mentaneuin</strong></span> <span class='ocrx_word' id='word_1_625' title='bbox 2340 2908 2391 2951; x_wconf 86' lang='lat' dir='ltr'><strong>et</strong></span> <span class='ocrx_word' id='word_1_626' title='bbox 2423 2899 2539 2953; x_wconf 89' lang='lat' dir='ltr'><strong>leve</strong></span> <span class='ocrx_word' id='word_1_627' title='bbox 2569 2902 2933 2957; x_wconf 85' lang='lat' dir='ltr'><strong>tribulationis</strong></span> <span class='ocrx_word' id='word_1_628' title='bbox 2968 2918 3189 2971; x_wconf 71' lang='lat' dir='ltr'><strong>nosmr,</strong></span> <span class='ocrx_word' id='word_1_629' title='bbox 3225 2922 3384 2976; x_wconf 81' lang='lat' dir='ltr'><strong>supra</strong></span> <span class='ocrx_word' id='word_1_630' title='bbox 3423 2925 3537 2963; x_wconf 82' lang='lat' dir='ltr'><strong>mo—</strong></span> 
     </span>
    </p>
   </div>
   <div class='ocr_carea' id='block_1_83' title="bbox 1970 2987 3541 3066">
    <p class='ocr_par' dir='ltr' id='par_1_83' title="bbox 1970 2987 3541 3066">
     <span class='ocr_line' id='line_1_83' title="bbox 1970 2987 3541 3066; baseline 0.007 -26"><span class='ocrx_word' id='word_1_631' title='bbox 1970 2987 2095 3040; x_wconf 89' lang='lat' dir='ltr'><strong>dum</strong></span> <span class='ocrx_word' id='word_1_632' title='bbox 2122 2987 2174 3040; x_wconf 89' lang='lat' dir='ltr'><strong>in</strong></span> <span class='ocrx_word' id='word_1_633' title='bbox 2200 2988 2534 3042; x_wconf 88' lang='lat' dir='ltr'><strong>sublimitate</strong></span> <span class='ocrx_word' id='word_1_634' title='bbox 2555 3002 2818 3045; x_wconf 68' lang='lat' dir='ltr'><strong>internum</strong></span> <span class='ocrx_word' id='word_1_635' title='bbox 2843 2994 3051 3061; x_wconf 90' lang='lat' dir='ltr'><strong>pondus</strong></span> <span class='ocrx_word' id='word_1_636' title='bbox 3079 2994 3263 3063; x_wconf 62' lang='lat' dir='ltr'><strong>gloriie</strong></span> <span class='ocrx_word' id='word_1_637' title='bbox 3288 3009 3541 3066; x_wconf 84' lang='lat' dir='ltr'><strong>operatur</strong></span> 
     </span>
    </p>
   </div>
   <div class='ocr_carea' id='block_1_84' title="bbox 1970 3077 3541 3153">
    <p class='ocr_par' dir='ltr' id='par_1_84' title="bbox 1970 3077 3541 3153">
     <span class='ocr_line' id='line_1_84' title="bbox 1970 3077 3541 3153; baseline 0.007 -21"><span class='ocrx_word' id='word_1_638' title='bbox 1970 3079 2144 3134; x_wconf 87' lang='lat' dir='ltr'><strong>nobis.</strong></span> <span class='ocrx_word' id='word_1_639' title='bbox 2188 3099 2205 3130; x_wconf 72' lang='grc' dir='ltr'><strong>ι</strong></span> <span class='ocrx_word' id='word_1_640' title='bbox 2241 3077 2633 3150; x_wconf 88' lang='lat' dir='ltr'><strong>Interpretatur</strong></span> <span class='ocrx_word' id='word_1_641' title='bbox 2667 3086 2938 3153; x_wconf 89' lang='lat' dir='ltr'><strong>quomodo</strong></span> <span class='ocrx_word' id='word_1_642' title='bbox 2985 3099 3273 3143; x_wconf 85' lang='lat' dir='ltr'><strong>renovetur</strong></span> <span class='ocrx_word' id='word_1_643' title='bbox 3315 3091 3541 3144; x_wconf 89' lang='lat' dir='ltr'><strong>interior</strong></span> 
     </span>
    </p>
   </div>
   <div class='ocr_carea' id='block_1_85' title="bbox 1972 3174 3540 3250">
    <p class='ocr_par' dir='ltr' id='par_1_85' title="bbox 1972 3174 3540 3250">
     <span class='ocr_line' id='line_1_85' title="bbox 1972 3174 3540 3250; baseline 0.007 -23"><span class='ocrx_word' id='word_1_644' title='bbox 1972 3174 2154 3240; x_wconf 90' lang='lat' dir='ltr'><strong>homo,</strong></span> <span class='ocrx_word' id='word_1_645' title='bbox 2204 3188 2419 3243; x_wconf 88' lang='lat' dir='ltr'><strong>nempe,</strong></span> <span class='ocrx_word' id='word_1_646' title='bbox 2480 3178 2605 3229; x_wconf 90' lang='lat' dir='ltr'><strong>dum</strong></span> <span class='ocrx_word' id='word_1_647' title='bbox 2656 3190 2841 3231; x_wconf 90' lang='lat' dir='ltr'><strong>secum</strong></span> <span class='ocrx_word' id='word_1_648' title='bbox 2890 3190 3103 3246; x_wconf 85' lang='lat' dir='ltr'><strong>reputat</strong></span> <span class='ocrx_word' id='word_1_649' title='bbox 3147 3182 3289 3250; x_wconf 89' lang='lat' dir='ltr'><strong>quod</strong></span> <span class='ocrx_word' id='word_1_650' title='bbox 3322 3183 3540 3237; x_wconf 85' lang='lat' dir='ltr'><strong>alllictio</strong></span> 
     </span>
    </p>
   </div>
   <div class='ocr_carea' id='block_1_86' title="bbox 1972 3267 3539 3344">
    <p class='ocr_par' dir='ltr' id='par_1_86' title="bbox 1972 3267 3539 3344">
     <span class='ocr_line' id='line_1_86' title="bbox 1972 3267 3539 3344; baseline 0.007 -24"><span class='ocrx_word' id='word_1_651' title='bbox 1972 3276 2349 3321; x_wconf 88' lang='lat' dir='ltr'><strong>momentanea</strong></span> <span class='ocrx_word' id='word_1_652' title='bbox 2382 3267 2472 3332; x_wconf 84' lang='lat' dir='ltr'><strong>sit,</strong></span> <span class='ocrx_word' id='word_1_653' title='bbox 2516 3268 2566 3322; x_wconf 90' lang='lat' dir='ltr'><strong>id</strong></span> <span class='ocrx_word' id='word_1_654' title='bbox 2599 3278 2707 3335; x_wconf 89' lang='lat' dir='ltr'><strong>est,</strong></span> <span class='ocrx_word' id='word_1_655' title='bbox 2740 3272 3063 3337; x_wconf 89' lang='lat' dir='ltr'><strong>temporaria</strong></span> <span class='ocrx_word' id='word_1_656' title='bbox 3095 3312 3109 3337; x_wconf 92' lang='lat'><strong>,</strong></span> <span class='ocrx_word' id='word_1_657' title='bbox 3146 3285 3197 3326; x_wconf 92' lang='lat' dir='ltr'><strong>et</strong></span> <span class='ocrx_word' id='word_1_658' title='bbox 3222 3275 3373 3339; x_wconf 88' lang='lat' dir='ltr'><strong>levis,</strong></span> <span class='ocrx_word' id='word_1_659' title='bbox 3413 3291 3539 3344; x_wconf 89' lang='lat' dir='ltr'><strong>pro-</strong></span> 
     </span>
    </p>
   </div>
   <div class='ocr_carea' id='block_1_87' title="bbox 1966 3360 3535 3432">
    <p class='ocr_par' dir='ltr' id='par_1_87' title="bbox 1966 3360 3535 3432">
     <span class='ocr_line' id='line_1_87' title="bbox 1966 3360 3535 3432; baseline 0.007 -22"><span class='ocrx_word' id='word_1_660' title='bbox 1966 3370 2087 3428; x_wconf 88' lang='lat' dir='ltr'><strong>pter</strong></span> <span class='ocrx_word' id='word_1_661' title='bbox 2111 3360 2214 3412; x_wconf 89' lang='lat' dir='ltr'><strong>hoc</strong></span> <span class='ocrx_word' id='word_1_662' title='bbox 2248 3360 2424 3427; x_wconf 89' lang='lat' dir='ltr'><strong>ipsum</strong></span> <span class='ocrx_word' id='word_1_663' title='bbox 2456 3362 2600 3428; x_wconf 88' lang='lat' dir='ltr'><strong>quod</strong></span> <span class='ocrx_word' id='word_1_664' title='bbox 2640 3363 2710 3415; x_wconf 92' lang='lat' dir='ltr'><strong>sit</strong></span> <span class='ocrx_word' id='word_1_665' title='bbox 2746 3365 3095 3432; x_wconf 90' lang='lat' dir='ltr'><strong>temporaria.</strong></span> <span class='ocrx_word' id='word_1_666' title='bbox 3124 3365 3303 3419; x_wconf 84' lang='lat' dir='ltr'><strong>Gloria</strong></span> <span class='ocrx_word' id='word_1_667' title='bbox 3331 3379 3535 3432; x_wconf 88' lang='lat' dir='ltr'><strong>autem,</strong></span> 
     </span>
    </p>
   </div>
   <div class='ocr_carea' id='block_1_88' title="bbox 1967 3453 3539 3529">
    <p class='ocr_par' dir='ltr' id='par_1_88' title="bbox 1967 3453 3539 3529">
     <span class='ocr_line' id='line_1_88' title="bbox 1967 3453 3539 3529; baseline 0.006 -25"><span class='ocrx_word' id='word_1_668' title='bbox 1967 3461 2021 3504; x_wconf 86' lang='lat' dir='ltr'><strong>et</strong></span> <span class='ocrx_word' id='word_1_669' title='bbox 2062 3461 2263 3505; x_wconf 68' lang='lat' dir='ltr'><strong>aeterna</strong></span> <span class='ocrx_word' id='word_1_670' title='bbox 2291 3460 2395 3515; x_wconf 90' lang='lat' dir='ltr'><strong>est,</strong></span> <span class='ocrx_word' id='word_1_671' title='bbox 2436 3463 2489 3505; x_wconf 89' lang='lat' dir='ltr'><strong>et</strong></span> <span class='ocrx_word' id='word_1_672' title='bbox 2522 3453 2732 3520; x_wconf 87' lang='lat' dir='ltr'><strong>pondus</strong></span> <span class='ocrx_word' id='word_1_673' title='bbox 2760 3454 2945 3520; x_wconf 88' lang='lat' dir='ltr'><strong>habet,</strong></span> <span class='ocrx_word' id='word_1_674' title='bbox 2979 3456 3078 3510; x_wconf 90' lang='lat' dir='ltr'><strong>hoc</strong></span> <span class='ocrx_word' id='word_1_675' title='bbox 3122 3468 3225 3522; x_wconf 89' lang='lat' dir='ltr'><strong>est,</strong></span> <span class='ocrx_word' id='word_1_676' title='bbox 3270 3462 3539 3529; x_wconf 84' lang='lat' dir='ltr'><strong>magnitu-</strong></span> 
     </span>
    </p>
   </div>
   <div class='ocr_carea' id='block_1_89' title="bbox 1965 3542 3536 3621">
    <p class='ocr_par' dir='ltr' id='par_1_89' title="bbox 1965 3542 3536 3621">
     <span class='ocr_line' id='line_1_89' title="bbox 1965 3542 3536 3621; baseline 0.008 -26"><span class='ocrx_word' id='word_1_677' title='bbox 1965 3544 2145 3597; x_wconf 89' lang='lat' dir='ltr'><strong>dinem</strong></span> <span class='ocrx_word' id='word_1_678' title='bbox 2182 3542 2511 3597; x_wconf 83' lang='lat' dir='ltr'><strong>excellenter</strong></span> <span class='ocrx_word' id='word_1_679' title='bbox 2546 3544 2922 3610; x_wconf 78' lang='lat' dir='ltr'><strong>excellentem,</strong></span> <span class='ocrx_word' id='word_1_680' title='bbox 2965 3548 3066 3601; x_wconf 87' lang='lat' dir='ltr'><strong>hoc</strong></span> <span class='ocrx_word' id='word_1_681' title='bbox 3094 3549 3237 3603; x_wconf 88' lang='lat' dir='ltr'><strong>enim</strong></span> <span class='ocrx_word' id='word_1_682' title='bbox 3273 3562 3359 3606; x_wconf 92' lang='lat' dir='ltr'><strong>est</strong></span> <span class='ocrx_word' id='word_1_683' title='bbox 3392 3557 3536 3621; x_wconf 87' lang='lat' dir='ltr'><strong>quod</strong></span> 
     </span>
    </p>
   </div>
   <div class='ocr_carea' id='block_1_90' title="bbox 1966 3635 3021 3711">
    <p class='ocr_par' dir='ltr' id='par_1_90' title="bbox 1966 3635 3021 3711">
     <span class='ocr_line' id='line_1_90' title="bbox 1966 3635 3021 3711; baseline 0.004 -22"><span class='ocrx_word' id='word_1_684' title='bbox 1966 3637 2061 3700; x_wconf 86' lang='lat' dir='ltr'><strong>ait,</strong></span> <span class='ocrx_word' id='word_1_685' title='bbox 2098 3635 2237 3689; x_wconf 85' lang='grc' dir='ltr'>Καθ’</span> <span class='ocrx_word' id='word_1_686' title='bbox 2263 3635 2565 3705; x_wconf 79' lang='grc' dir='ltr'>ὑπερὸολὴν</span> <span class='ocrx_word' id='word_1_687' title='bbox 2590 3637 2669 3699; x_wconf 86' lang='grc' dir='ltr'><strong>είς</strong></span> <span class='ocrx_word' id='word_1_688' title='bbox 2695 3636 3021 3711; x_wconf 75' lang='grc' dir='ltr'>ὑπερϐολήν,</span> 
     </span>
    </p>
   </div>
   <div class='ocr_carea' id='block_1_91' title="bbox 2042 3727 3542 3806">
    <p class='ocr_par' dir='ltr' id='par_1_91' title="bbox 2042 3727 3542 3806">
     <span class='ocr_line' id='line_1_91' title="bbox 2042 3727 3542 3806; baseline 0.007 -25"><span class='ocrx_word' id='word_1_689' title='bbox 2042 3728 2199 3783; x_wconf 70' lang='lat' dir='ltr'><strong>Vitas.</strong></span> <span class='ocrx_word' id='word_1_690' title='bbox 2236 3729 2321 3783; x_wconf 80' lang='grc'><strong>18.</strong></span> <span class='ocrx_word' id='word_1_691' title='bbox 2360 3747 2379 3779; x_wconf 74' lang='grc' dir='ltr'><strong>ι</strong></span> <span class='ocrx_word' id='word_1_692' title='bbox 2420 3727 2537 3784; x_wconf 89' lang='lat' dir='ltr'><strong>Non</strong></span> <span class='ocrx_word' id='word_1_693' title='bbox 2568 3732 3065 3801; x_wconf 88' lang='lat' dir='ltr'><strong>contemplantibus</strong></span> <span class='ocrx_word' id='word_1_694' title='bbox 3113 3736 3269 3790; x_wconf 90' lang='lat' dir='ltr'><strong>nobis</strong></span> <span class='ocrx_word' id='word_1_695' title='bbox 3297 3752 3418 3806; x_wconf 70' lang='lat' dir='ltr'><strong>qua:</strong></span> <span class='ocrx_word' id='word_1_696' title='bbox 3462 3740 3542 3791; x_wconf 81' lang='lat' dir='ltr'><strong>vi-</strong></span> 
     </span>
    </p>
   </div>
   <div class='ocr_carea' id='block_1_92' title="bbox 1965 3818 3535 3894">
    <p class='ocr_par' dir='ltr' id='par_1_92' title="bbox 1965 3818 3535 3894">
     <span class='ocr_line' id='line_1_92' title="bbox 1965 3818 3535 3894; baseline 0.008 -22"><span class='ocrx_word' id='word_1_697' title='bbox 1965 3818 2176 3885; x_wconf 88' lang='lat' dir='ltr'><strong>dentur,</strong></span> <span class='ocrx_word' id='word_1_698' title='bbox 2211 3826 2303 3875; x_wconf 86' lang='lat' dir='ltr'><strong>sed</strong></span> <span class='ocrx_word' id='word_1_699' title='bbox 2336 3836 2457 3890; x_wconf 72' lang='lat' dir='ltr'><strong>quae</strong></span> <span class='ocrx_word' id='word_1_700' title='bbox 2489 3835 2592 3875; x_wconf 91' lang='lat' dir='ltr'><strong>non</strong></span> <span class='ocrx_word' id='word_1_701' title='bbox 2612 3823 2887 3877; x_wconf 85' lang='lat' dir='ltr'><strong>videntur.</strong></span> <span class='ocrx_word' id='word_1_702' title='bbox 2916 3824 3046 3890; x_wconf 65' lang='lat' dir='ltr'><strong>Quae</strong></span> <span class='ocrx_word' id='word_1_703' title='bbox 3078 3828 3221 3881; x_wconf 90' lang='lat' dir='ltr'><strong>enim</strong></span> <span class='ocrx_word' id='word_1_704' title='bbox 3257 3830 3535 3894; x_wconf 86' lang='lat' dir='ltr'><strong>videntur,</strong></span> 
     </span>
    </p>
   </div>
   <div class='ocr_carea' id='block_1_93' title="bbox 1964 3915 3531 3985">
    <p class='ocr_par' dir='ltr' id='par_1_93' title="bbox 1964 3915 3531 3985">
     <span class='ocr_line' id='line_1_93' title="bbox 1964 3915 3531 3985; baseline 0.006 -19"><span class='ocrx_word' id='word_1_705' title='bbox 1964 3915 2290 3981; x_wconf 86' lang='lat' dir='ltr'><strong>temporaria</strong></span> <span class='ocrx_word' id='word_1_706' title='bbox 2321 3923 2447 3967; x_wconf 89' lang='lat' dir='ltr'><strong>sunt</strong></span> <span class='ocrx_word' id='word_1_707' title='bbox 2473 3932 2485 3968; x_wconf 91' lang='lat'><strong>:</strong></span> <span class='ocrx_word' id='word_1_708' title='bbox 2515 3930 2634 3983; x_wconf 67' lang='lat' dir='ltr'><strong>qua:</strong></span> <span class='ocrx_word' id='word_1_709' title='bbox 2665 3930 2793 3971; x_wconf 88' lang='lat' dir='ltr'><strong>vero</strong></span> <span class='ocrx_word' id='word_1_710' title='bbox 2818 3932 2924 3971; x_wconf 91' lang='lat' dir='ltr'><strong>non</strong></span> <span class='ocrx_word' id='word_1_711' title='bbox 2956 3918 3225 3985; x_wconf 86' lang='lat' dir='ltr'><strong>videntur,</strong></span> <span class='ocrx_word' id='word_1_712' title='bbox 3252 3932 3471 3977; x_wconf 63' lang='lat' dir='ltr'><strong>(eterna.</strong></span> <span class='ocrx_word' id='word_1_713' title='bbox 3513 3944 3531 3975; x_wconf 76' lang='grc' dir='ltr'><strong>ι</strong></span> 
     </span>
    </p>
   </div>
   <div class='ocr_carea' id='block_1_94' title="bbox 1963 4000 3533 4082">
    <p class='ocr_par' dir='ltr' id='par_1_94' title="bbox 1963 4000 3533 4082">
     <span class='ocr_line' id='line_1_94' title="bbox 1963 4000 3533 4082; baseline 0.011 -30"><span class='ocrx_word' id='word_1_714' title='bbox 1963 4000 2135 4067; x_wconf 85' lang='lat' dir='ltr'><strong>Quam</strong></span> <span class='ocrx_word' id='word_1_715' title='bbox 2169 4002 2290 4055; x_wconf 81' lang='lat' dir='ltr'><strong>leVe</strong></span> <span class='ocrx_word' id='word_1_716' title='bbox 2316 4004 2386 4055; x_wconf 82' lang='lat' dir='ltr'><strong>sit</strong></span> <span class='ocrx_word' id='word_1_717' title='bbox 2413 4000 2653 4068; x_wconf 80' lang='lat' dir='ltr'><strong>aﬂlictio,</strong></span> <span class='ocrx_word' id='word_1_718' title='bbox 2684 4008 2921 4061; x_wconf 86' lang='lat' dir='ltr'><strong>ostendit</strong></span> <span class='ocrx_word' id='word_1_719' title='bbox 2957 4024 3051 4077; x_wconf 87' lang='lat' dir='ltr'><strong>per</strong></span> <span class='ocrx_word' id='word_1_720' title='bbox 3078 4011 3176 4066; x_wconf 83' lang='lat' dir='ltr'><strong>hoc</strong></span> <span class='ocrx_word' id='word_1_721' title='bbox 3210 4017 3350 4081; x_wconf 92' lang='lat' dir='ltr'><strong>quod</strong></span> <span class='ocrx_word' id='word_1_722' title='bbox 3380 4016 3533 4082; x_wconf 88' lang='lat' dir='ltr'><strong>dicit,</strong></span> 
     </span>
    </p>
   </div>
   <div class='ocr_carea' id='block_1_95' title="bbox 1968 4091 3541 4174">
    <p class='ocr_par' dir='ltr' id='par_1_95' title="bbox 1968 4091 3541 4174">
     <span class='ocr_line' id='line_1_95' title="bbox 1968 4091 3541 4174; baseline 0.013 -31"><span class='ocrx_word' id='word_1_723' title='bbox 1968 4111 1985 4143; x_wconf 77' lang='grc' dir='ltr'><strong>ι</strong></span> <span class='ocrx_word' id='word_1_724' title='bbox 2006 4091 2359 4160; x_wconf 78' lang='lat' dir='ltr'><strong>Omnia,qo:e</strong></span> <span class='ocrx_word' id='word_1_725' title='bbox 2390 4094 2663 4160; x_wconf 84' lang='lat' dir='ltr'><strong>videntur,</strong></span> <span class='ocrx_word' id='word_1_726' title='bbox 2699 4100 3021 4167; x_wconf 82' lang='lat' dir='ltr'><strong>temporaria</strong></span> <span class='ocrx_word' id='word_1_727' title='bbox 3045 4112 3169 4155; x_wconf 87' lang='lat' dir='ltr'><strong>sunt</strong></span> <span class='ocrx_word' id='word_1_728' title='bbox 3194 4122 3206 4156; x_wconf 91' lang='lat'>:</span> <span class='ocrx_word' id='word_1_729' title='bbox 3232 4122 3249 4155; x_wconf 73' lang='grc' dir='ltr'><strong>ι</strong></span> <span class='ocrx_word' id='word_1_730' title='bbox 3280 4105 3459 4174; x_wconf 87' lang='lat' dir='ltr'><strong>itaque</strong></span> <span class='ocrx_word' id='word_1_731' title='bbox 3483 4120 3541 4162; x_wconf 89' lang='lat' dir='ltr'><strong>et</strong></span> 
     </span>
    </p>
   </div>
   <div class='ocr_carea' id='block_1_96' title="bbox 1963 4183 3536 4264">
    <p class='ocr_par' dir='ltr' id='par_1_96' title="bbox 1963 4183 3536 4264">
     <span class='ocr_line' id='line_1_96' title="bbox 1963 4183 3536 4264; baseline 0.01 -26"><span class='ocrx_word' id='word_1_732' title='bbox 1963 4183 2202 4249; x_wconf 77' lang='lat' dir='ltr'><strong>aﬂlictio,</strong></span> <span class='ocrx_word' id='word_1_733' title='bbox 2248 4186 2355 4239; x_wconf 90' lang='lat' dir='ltr'><strong>imo</strong></span> <span class='ocrx_word' id='word_1_734' title='bbox 2390 4195 2441 4239; x_wconf 87' lang='lat' dir='ltr'><strong>et</strong></span> <span class='ocrx_word' id='word_1_735' title='bbox 2504 4187 2617 4253; x_wconf 89' lang='lat' dir='ltr'><strong>ipsa</strong></span> <span class='ocrx_word' id='word_1_736' title='bbox 2672 4191 2930 4258; x_wconf 84' lang='lat' dir='ltr'><strong>requies:</strong></span> <span class='ocrx_word' id='word_1_737' title='bbox 2982 4207 3103 4245; x_wconf 90' lang='lat' dir='ltr'><strong>nam</strong></span> <span class='ocrx_word' id='word_1_738' title='bbox 3138 4204 3193 4248; x_wconf 91' lang='lat' dir='ltr'><strong>et</strong></span> <span class='ocrx_word' id='word_1_739' title='bbox 3248 4198 3358 4264; x_wconf 90' lang='lat' dir='ltr'><strong>ipsa</strong></span> <span class='ocrx_word' id='word_1_740' title='bbox 3398 4199 3536 4253; x_wconf 85' lang='lat' dir='ltr'><strong>visui</strong></span> 
     </span>
    </p>
   </div>
   <div class='ocr_carea' id='block_1_97' title="bbox 1961 4277 3538 4351">
    <p class='ocr_par' dir='ltr' id='par_1_97' title="bbox 1961 4277 3538 4351">
     <span class='ocr_line' id='line_1_97' title="bbox 1961 4277 3538 4351; baseline 0.008 -21"><span class='ocrx_word' id='word_1_741' title='bbox 1961 4277 2221 4345; x_wconf 71' lang='lat' dir='ltr'><strong>subiacet.</strong></span> <span class='ocrx_word' id='word_1_742' title='bbox 2261 4281 2339 4331; x_wconf 87' lang='lat' dir='ltr'><strong>Ub</strong></span> <span class='ocrx_word' id='word_1_743' title='bbox 2367 4292 2485 4331; x_wconf 89' lang='lat' dir='ltr'><strong>eam</strong></span> <span class='ocrx_word' id='word_1_744' title='bbox 2512 4279 2653 4331; x_wconf 82' lang='lat' dir='ltr'><strong>enim</strong></span> <span class='ocrx_word' id='word_1_745' title='bbox 2689 4296 2909 4334; x_wconf 87' lang='lat' dir='ltr'><strong>causam</strong></span> <span class='ocrx_word' id='word_1_746' title='bbox 2939 4284 3091 4347; x_wconf 81' lang='lat' dir='ltr'><strong>dixit,</strong></span> <span class='ocrx_word' id='word_1_747' title='bbox 3131 4303 3149 4335; x_wconf 76' lang='grc' dir='ltr'><strong>ι</strong></span> <span class='ocrx_word' id='word_1_748' title='bbox 3185 4285 3314 4351; x_wconf 67' lang='lat' dir='ltr'><strong>Quae</strong></span> <span class='ocrx_word' id='word_1_749' title='bbox 3352 4289 3538 4342; x_wconf 86' lang='lat' dir='ltr'><strong>viden-</strong></span> 
     </span>
    </p>
   </div>
   <div class='ocr_carea' id='block_1_98' title="bbox 1962 4370 3537 4449">
    <p class='ocr_par' dir='ltr' id='par_1_98' title="bbox 1962 4370 3537 4449">
     <span class='ocr_line' id='line_1_98' title="bbox 1962 4370 3537 4449; baseline 0.01 -28"><span class='ocrx_word' id='word_1_750' title='bbox 1962 4378 2073 4436; x_wconf 92' lang='lat' dir='ltr'><strong>tur,</strong></span> <span class='ocrx_word' id='word_1_751' title='bbox 2124 4388 2141 4421; x_wconf 75' lang='grc' dir='ltr'><strong>ι</strong></span> <span class='ocrx_word' id='word_1_752' title='bbox 2205 4380 2260 4421; x_wconf 86' lang='grc' dir='ltr'><strong>ιιι</strong></span> <span class='ocrx_word' id='word_1_753' title='bbox 2318 4370 2457 4422; x_wconf 89' lang='lat' dir='ltr'><strong>hanc</strong></span> <span class='ocrx_word' id='word_1_754' title='bbox 2514 4386 2730 4439; x_wconf 92' lang='lat' dir='ltr'><strong>quoque</strong></span> <span class='ocrx_word' id='word_1_755' title='bbox 2788 4376 3292 4443; x_wconf 76' lang='lat' dir='ltr'><strong>comprehenderet.</strong></span> <span class='ocrx_word' id='word_1_756' title='bbox 3353 4382 3537 4449; x_wconf 71' lang='lat' dir='ltr'><strong>Neque</strong></span> 
     </span>
    </p>
   </div>
   <div class='ocr_carea' id='block_1_99' title="bbox 1962 4460 3537 4542">
    <p class='ocr_par' dir='ltr' id='par_1_99' title="bbox 1962 4460 3537 4542">
     <span class='ocr_line' id='line_1_99' title="bbox 1962 4460 3537 4542; baseline 0.01 -28"><span class='ocrx_word' id='word_1_757' title='bbox 1962 4463 2124 4532; x_wconf 86' lang='lat' dir='ltr'><strong>igitur</strong></span> <span class='ocrx_word' id='word_1_758' title='bbox 2150 4460 2425 4516; x_wconf 82' lang='lat' dir='ltr'><strong>aﬂlictioui</strong></span> <span class='ocrx_word' id='word_1_759' title='bbox 2459 4466 2897 4530; x_wconf 85' lang='lat' dir='ltr'><strong>succumbemus,</strong></span> <span class='ocrx_word' id='word_1_760' title='bbox 2928 4484 3105 4537; x_wconf 88' lang='lat' dir='ltr'><strong>neque</strong></span> <span class='ocrx_word' id='word_1_761' title='bbox 3137 4474 3246 4524; x_wconf 87' lang='lat' dir='ltr'><strong>otio</strong></span> <span class='ocrx_word' id='word_1_762' title='bbox 3272 4482 3325 4526; x_wconf 91' lang='lat' dir='ltr'><strong>et</strong></span> <span class='ocrx_word' id='word_1_763' title='bbox 3353 4474 3537 4542; x_wconf 88' lang='lat' dir='ltr'><strong>quiete</strong></span> 
     </span>
    </p>
   </div>
   <div class='ocr_carea' id='block_1_100' title="bbox 1960 4554 3534 4629">
    <p class='ocr_par' dir='ltr' id='par_1_100' title="bbox 1960 4554 3534 4629">
     <span class='ocr_line' id='line_1_100' title="bbox 1960 4554 3534 4629; baseline 0.009 -21"><span class='ocrx_word' id='word_1_764' title='bbox 1960 4554 2270 4608; x_wconf 83' lang='lat' dir='ltr'><strong>laxabimur</strong></span> <span class='ocrx_word' id='word_1_765' title='bbox 2298 4574 2309 4608; x_wconf 93' lang='lat'>:</span> <span class='ocrx_word' id='word_1_766' title='bbox 2346 4567 2637 4625; x_wconf 85' lang='lat' dir='ltr'><strong>utrumque</strong></span> <span class='ocrx_word' id='word_1_767' title='bbox 2665 4560 2808 4612; x_wconf 80' lang='lat' dir='ltr'><strong>enim</strong></span> <span class='ocrx_word' id='word_1_768' title='bbox 2852 4563 3234 4629; x_wconf 88' lang='lat' dir='ltr'><strong>temporarium</strong></span> <span class='ocrx_word' id='word_1_769' title='bbox 3264 4577 3365 4621; x_wconf 89' lang='lat' dir='ltr'><strong>est.</strong></span> <span class='ocrx_word' id='word_1_770' title='bbox 3398 4567 3534 4623; x_wconf 91' lang='lat' dir='ltr'><strong>Cum</strong></span> 
     </span>
    </p>
   </div>
   <div class='ocr_carea' id='block_1_101' title="bbox 1960 4647 3534 4725">
    <p class='ocr_par' dir='ltr' id='par_1_101' title="bbox 1960 4647 3534 4725">
     <span class='ocr_line' id='line_1_101' title="bbox 1960 4647 3534 4725; baseline 0.01 -26"><span class='ocrx_word' id='word_1_771' title='bbox 1960 4647 2141 4715; x_wconf 88' lang='lat' dir='ltr'><strong>itaque</strong></span> <span class='ocrx_word' id='word_1_772' title='bbox 2184 4647 2298 4700; x_wconf 65' lang='lat' dir='ltr'><strong>haec</strong></span> <span class='ocrx_word' id='word_1_773' title='bbox 2344 4662 2403 4701; x_wconf 88' lang='lat' dir='ltr'><strong>se</strong></span> <span class='ocrx_word' id='word_1_774' title='bbox 2439 4648 2509 4701; x_wconf 91' lang='lat' dir='ltr'><strong>ita</strong></span> <span class='ocrx_word' id='word_1_775' title='bbox 2538 4648 2793 4715; x_wconf 87' lang='lat' dir='ltr'><strong>habeant,</strong></span> <span class='ocrx_word' id='word_1_776' title='bbox 2832 4670 2850 4702; x_wconf 72' lang='grc' dir='ltr'><strong>ι</strong></span> <span class='ocrx_word' id='word_1_777' title='bbox 2881 4666 2941 4707; x_wconf 89' lang='lat' dir='ltr'><strong>ea</strong></span> <span class='ocrx_word' id='word_1_778' title='bbox 2975 4668 3094 4722; x_wconf 62' lang='lat' dir='ltr'><strong>quae</strong></span> <span class='ocrx_word' id='word_1_779' title='bbox 3121 4670 3229 4709; x_wconf 93' lang='lat' dir='ltr'><strong>non</strong></span> <span class='ocrx_word' id='word_1_780' title='bbox 3263 4658 3534 4725; x_wconf 83' lang='lat' dir='ltr'><strong>videntur,</strong></span> 
     </span>
    </p>
   </div>
   <div class='ocr_carea' id='block_1_102' title="bbox 1959 4739 3536 4821">
    <p class='ocr_par' dir='ltr' id='par_1_102' title="bbox 1959 4739 3536 4821">
     <span class='ocr_line' id='line_1_102' title="bbox 1959 4739 3536 4821; baseline 0.01 -31"><span class='ocrx_word' id='word_1_781' title='bbox 1959 4746 2160 4790; x_wconf 66' lang='lat' dir='ltr'><strong>aeterna</strong></span> <span class='ocrx_word' id='word_1_782' title='bbox 2209 4749 2355 4801; x_wconf 88' lang='lat' dir='ltr'><strong>sunt,</strong></span> <span class='ocrx_word' id='word_1_783' title='bbox 2396 4757 2413 4788; x_wconf 76' lang='grc' dir='ltr'><strong>ι</strong></span> <span class='ocrx_word' id='word_1_784' title='bbox 2443 4739 2495 4792; x_wconf 90' lang='lat' dir='ltr'><strong>id</strong></span> <span class='ocrx_word' id='word_1_785' title='bbox 2542 4748 2644 4803; x_wconf 91' lang='lat' dir='ltr'><strong>est,</strong></span> <span class='ocrx_word' id='word_1_786' title='bbox 2669 4755 2888 4810; x_wconf 83' lang='lat' dir='ltr'><strong>regnum</strong></span> <span class='ocrx_word' id='word_1_787' title='bbox 2918 4754 2967 4795; x_wconf 91' lang='lat' dir='ltr'><strong>et</strong></span> <span class='ocrx_word' id='word_1_788' title='bbox 3005 4759 3160 4812; x_wconf 70' lang='lat' dir='ltr'><strong>pmua</strong></span> <span class='ocrx_word' id='word_1_789' title='bbox 3190 4765 3202 4800; x_wconf 87' lang='lat'><strong>:</strong></span> <span class='ocrx_word' id='word_1_790' title='bbox 3244 4747 3371 4801; x_wconf 93' lang='lat' dir='ltr'><strong>illud</strong></span> <span class='ocrx_word' id='word_1_791' title='bbox 3404 4765 3536 4821; x_wconf 81' lang='lat' dir='ltr'><strong>ergo</strong></span> 
     </span>
    </p>
   </div>
   <div class='ocr_carea' id='block_1_103' title="bbox 1961 4829 2931 4895">
    <p class='ocr_par' dir='ltr' id='par_1_103' title="bbox 1961 4829 2931 4895">
     <span class='ocr_line' id='line_1_103' title="bbox 1961 4829 2931 4895; baseline 0.006 -13"><span class='ocrx_word' id='word_1_792' title='bbox 1961 4829 2287 4895; x_wconf 86' lang='lat' dir='ltr'><strong>desiderate,</strong></span> <span class='ocrx_word' id='word_1_793' title='bbox 2316 4832 2454 4885; x_wconf 91' lang='lat' dir='ltr'><strong>hanc</strong></span> <span class='ocrx_word' id='word_1_794' title='bbox 2489 4848 2617 4887; x_wconf 89' lang='lat' dir='ltr'><strong>vero</strong></span> <span class='ocrx_word' id='word_1_795' title='bbox 2644 4834 2931 4889; x_wconf 77' lang='lat' dir='ltr'><strong>deelinate.</strong></span> 
     </span>
    </p>
   </div>
   <div class='ocr_carea' id='block_1_104' title="bbox 2583 4943 2909 5000">
    <p class='ocr_par' dir='ltr' id='par_1_104' title="bbox 2583 4943 2909 5000">
     <span class='ocr_line' id='line_1_104' title="bbox 2583 4943 2909 5000; baseline 0 -2"><span class='ocrx_word' id='word_1_796' title='bbox 2583 4943 2811 5000; x_wconf 79' lang='lat' dir='ltr'><strong>CAPUT</strong></span> <span class='ocrx_word' id='word_1_797' title='bbox 2846 4944 2909 4999; x_wconf 79' lang='grc' dir='ltr'><strong>ν.</strong></span> 
     </span>
    </p>
   </div>
   <div class='ocr_carea' id='block_1_105' title="bbox 2038 5033 3531 5110">
    <p class='ocr_par' dir='ltr' id='par_1_105' title="bbox 2038 5033 3531 5110">
     <span class='ocr_line' id='line_1_105' title="bbox 2038 5033 3531 5110; baseline 0.013 -23"><span class='ocrx_word' id='word_1_798' title='bbox 2038 5033 2199 5089; x_wconf 72' lang='lat' dir='ltr'><strong>VERS.</strong></span> <span class='ocrx_word' id='word_1_799' title='bbox 2243 5035 2289 5090; x_wconf 93' lang='lat' dir='ltr'><strong>l.</strong></span> <span class='ocrx_word' id='word_1_800' title='bbox 2326 5057 2344 5087; x_wconf 72' lang='grc' dir='ltr'><strong>ι</strong></span> <span class='ocrx_word' id='word_1_801' title='bbox 2385 5036 2600 5093; x_wconf 83' lang='lat' dir='ltr'><strong>Scimus</strong></span> <span class='ocrx_word' id='word_1_802' title='bbox 2626 5042 2767 5094; x_wconf 86' lang='lat' dir='ltr'><strong>enim</strong></span> <span class='ocrx_word' id='word_1_803' title='bbox 2798 5044 2937 5110; x_wconf 93' lang='lat' dir='ltr'><strong>quod</strong></span> <span class='ocrx_word' id='word_1_804' title='bbox 2970 5045 3014 5097; x_wconf 93' lang='lat' dir='ltr'><strong>si</strong></span> <span class='ocrx_word' id='word_1_805' title='bbox 3046 5046 3319 5103; x_wconf 75' lang='lat' dir='ltr'><strong>terrestris</strong></span> <span class='ocrx_word' id='word_1_806' title='bbox 3347 5062 3531 5106; x_wconf 88' lang='lat' dir='ltr'><strong>nostra</strong></span> 
     </span>
    </p>
   </div>
   <div class='ocr_carea' id='block_1_106' title="bbox 1962 5128 3529 5199">
    <p class='ocr_par' dir='ltr' id='par_1_106' title="bbox 1962 5128 3529 5199">
     <span class='ocr_line' id='line_1_106' title="bbox 1962 5128 3529 5199; baseline 0.008 -19"><span class='ocrx_word' id='word_1_807' title='bbox 1962 5128 2154 5182; x_wconf 89' lang='lat' dir='ltr'><strong>domus</strong></span> <span class='ocrx_word' id='word_1_808' title='bbox 2189 5130 2344 5198; x_wconf 86' lang='lat' dir='ltr'><strong>hujus</strong></span> <span class='ocrx_word' id='word_1_809' title='bbox 2369 5132 2702 5187; x_wconf 88' lang='lat' dir='ltr'><strong>tabernaculi</strong></span> <span class='ocrx_word' id='word_1_810' title='bbox 2736 5134 3088 5199; x_wconf 71' lang='lat' dir='ltr'><strong>dissolvatur,</strong></span> <span class='ocrx_word' id='word_1_811' title='bbox 3115 5139 3529 5196; x_wconf 72' lang='lat' dir='ltr'><strong>atdilicationem</strong></span> 
     </span>
    </p>
   </div>
   <div class='ocr_carea' id='block_1_107' title="bbox 1957 5221 3531 5291">
    <p class='ocr_par' dir='ltr' id='par_1_107' title="bbox 1957 5221 3531 5291">
     <span class='ocr_line' id='line_1_107' title="bbox 1957 5221 3531 5291; baseline 0.009 -18"><span class='ocrx_word' id='word_1_812' title='bbox 1957 5237 2019 5273; x_wconf 84' lang='lat' dir='ltr'><strong>cx</strong></span> <span class='ocrx_word' id='word_1_813' title='bbox 2055 5222 2159 5273; x_wconf 79' lang='lat' dir='ltr'><strong>Deo</strong></span> <span class='ocrx_word' id='word_1_814' title='bbox 2178 5221 2456 5287; x_wconf 80' lang='lat' dir='ltr'><strong>habemus,</strong></span> <span class='ocrx_word' id='word_1_815' title='bbox 2478 5226 2692 5277; x_wconf 88' lang='lat' dir='ltr'><strong>donmm</strong></span> <span class='ocrx_word' id='word_1_816' title='bbox 2724 5241 2826 5279; x_wconf 90' lang='lat' dir='ltr'><strong>non</strong></span> <span class='ocrx_word' id='word_1_817' title='bbox 2860 5227 3245 5291; x_wconf 73' lang='lat' dir='ltr'><strong>manul‘actam,</strong></span> <span class='ocrx_word' id='word_1_818' title='bbox 3270 5240 3531 5287; x_wconf 74' lang='lat' dir='ltr'><strong>:rternam</strong></span> 
     </span>
    </p>
   </div>
   <div class='ocr_carea' id='block_1_108' title="bbox 1958 5314 3533 5386">
    <p class='ocr_par' dir='ltr' id='par_1_108' title="bbox 1958 5314 3533 5386">
     <span class='ocr_line' id='line_1_108' title="bbox 1958 5314 3533 5386; baseline 0.008 -20"><span class='ocrx_word' id='word_1_819' title='bbox 1958 5314 2008 5366; x_wconf 89' lang='lat' dir='ltr'><strong>in</strong></span> <span class='ocrx_word' id='word_1_820' title='bbox 2057 5314 2227 5368; x_wconf 64' lang='lat' dir='ltr'><strong>(telis.</strong></span> <span class='ocrx_word' id='word_1_821' title='bbox 2278 5333 2296 5365; x_wconf 71' lang='grc' dir='ltr'><strong>ι</strong></span> <span class='ocrx_word' id='word_1_822' title='bbox 2360 5316 2495 5380; x_wconf 86' lang='lat' dir='ltr'><strong>Quia</strong></span> <span class='ocrx_word' id='word_1_823' title='bbox 2526 5333 2685 5386; x_wconf 84' lang='lat' dir='ltr'><strong>supra</strong></span> <span class='ocrx_word' id='word_1_824' title='bbox 2734 5321 2990 5373; x_wconf 81' lang='lat' dir='ltr'><strong>dixerat:</strong></span> <span class='ocrx_word' id='word_1_825' title='bbox 3024 5319 3237 5386; x_wconf 82' lang='lat' dir='ltr'><strong>Quanto</strong></span> <span class='ocrx_word' id='word_1_826' title='bbox 3295 5327 3533 5379; x_wconf 84' lang='lat' dir='ltr'><strong>exterior</strong></span> 
     </span>
    </p>
   </div>
   <div class='ocr_carea' id='block_1_109' title="bbox 1957 5406 3532 5484">
    <p class='ocr_par' dir='ltr' id='par_1_109' title="bbox 1957 5406 3532 5484">
     <span class='ocr_line' id='line_1_109' title="bbox 1957 5406 3532 5484; baseline 0.008 -26"><span class='ocrx_word' id='word_1_827' title='bbox 1957 5406 2117 5459; x_wconf 91' lang='lat' dir='ltr'><strong>homo</strong></span> <span class='ocrx_word' id='word_1_828' title='bbox 2165 5411 2549 5478; x_wconf 91' lang='lat' dir='ltr'><strong>corrumpitur,</strong></span> <span class='ocrx_word' id='word_1_829' title='bbox 2612 5420 2761 5465; x_wconf 89' lang='lat' dir='ltr'><strong>tanto</strong></span> <span class='ocrx_word' id='word_1_830' title='bbox 2822 5423 3117 5467; x_wconf 88' lang='lat' dir='ltr'><strong>renovatur</strong></span> <span class='ocrx_word' id='word_1_831' title='bbox 3169 5417 3418 5484; x_wconf 88' lang='lat' dir='ltr'><strong>interior,</strong></span> <span class='ocrx_word' id='word_1_832' title='bbox 3470 5434 3532 5470; x_wconf 87' lang='lat' dir='ltr'><strong>ae</strong></span> 
     </span>
    </p>
   </div>
   <div class='ocr_carea' id='block_1_110' title="bbox 1959 5497 3531 5579">
    <p class='ocr_par' dir='ltr' id='par_1_110' title="bbox 1959 5497 3531 5579">
     <span class='ocr_line' id='line_1_110' title="bbox 1959 5497 3531 5579; baseline 0.007 -29"><span class='ocrx_word' id='word_1_833' title='bbox 1959 5497 2161 5565; x_wconf 88' lang='lat' dir='ltr'><strong>aliquid</strong></span> <span class='ocrx_word' id='word_1_834' title='bbox 2193 5502 2263 5552; x_wconf 88' lang='lat' dir='ltr'><strong>ita</strong></span> <span class='ocrx_word' id='word_1_835' title='bbox 2312 5503 2432 5553; x_wconf 88' lang='lat' dir='ltr'><strong>novi</strong></span> <span class='ocrx_word' id='word_1_836' title='bbox 2479 5503 2659 5556; x_wconf 82' lang='lat' dir='ltr'><strong>dicere</strong></span> <span class='ocrx_word' id='word_1_837' title='bbox 2692 5504 2987 5569; x_wconf 86' lang='lat' dir='ltr'><strong>videretur,</strong></span> <span class='ocrx_word' id='word_1_838' title='bbox 3021 5514 3095 5561; x_wconf 87' lang='lat' dir='ltr'><strong>ait</strong></span> <span class='ocrx_word' id='word_1_839' title='bbox 3140 5510 3278 5577; x_wconf 92' lang='lat' dir='ltr'><strong>quod</strong></span> <span class='ocrx_word' id='word_1_840' title='bbox 3314 5511 3531 5579; x_wconf 88' lang='lat' dir='ltr'><strong>quando</strong></span> 
     </span>
    </p>
   </div>
   <div class='ocr_carea' id='block_1_111' title="bbox 1962 5587 3531 5663">
    <p class='ocr_par' dir='ltr' id='par_1_111' title="bbox 1962 5587 3531 5663">
     <span class='ocr_line' id='line_1_111' title="bbox 1962 5587 3531 5663; baseline 0.01 -23"><span class='ocrx_word' id='word_1_841' title='bbox 1962 5587 2198 5656; x_wconf 75' lang='lat' dir='ltr'><strong>petfecte</strong></span> <span class='ocrx_word' id='word_1_842' title='bbox 2230 5602 2540 5659; x_wconf 87' lang='lat' dir='ltr'><strong>corruptum</strong></span> <span class='ocrx_word' id='word_1_843' title='bbox 2583 5594 2742 5663; x_wconf 77' lang='lat'><strong>267</strong></span> <span class='ocrx_word' id='word_1_844' title='bbox 2778 5596 2939 5650; x_wconf 77' lang='lat' dir='ltr'><strong>fuerit</strong></span> <span class='ocrx_word' id='word_1_845' title='bbox 3004 5600 3229 5655; x_wconf 74' lang='lat' dir='ltr'><strong>mortale</strong></span> <span class='ocrx_word' id='word_1_846' title='bbox 3284 5602 3424 5656; x_wconf 85' lang='lat' dir='ltr'><strong>istud</strong></span> <span class='ocrx_word' id='word_1_847' title='bbox 3478 5611 3531 5655; x_wconf 77' lang='lat' dir='ltr'><strong>et</strong></span> 
     </span>
    </p>
   </div>
   <div class='ocr_carea' id='block_1_112' title="bbox 1634 5699 2207 5763">
    <p class='ocr_par' dir='ltr' id='par_1_112' title="bbox 1634 5699 2207 5763">
     <span class='ocr_line' id='line_1_112' title="bbox 1634 5699 2207 5763; baseline 0.014 -8"><span class='ocrx_word' id='word_1_848' title='bbox 1634 5701 1839 5760; x_wconf 78' lang='lat' dir='ltr'><strong>Vat-im</strong></span> <span class='ocrx_word' id='word_1_849' title='bbox 1880 5699 2207 5763; x_wconf 86' lang='lat' dir='ltr'><strong>lectiones.</strong></span> 
     </span>
    </p>
   </div>
   <div class='ocr_carea' id='block_1_113' title="bbox 353 5818 705 5886">
    <p class='ocr_par' dir='ltr' id='par_1_113' title="bbox 353 5818 705 5886">
     <span class='ocr_line' id='line_1_113' title="bbox 353 5818 705 5886; baseline 0.014 -17"><span class='ocrx_word' id='word_1_850' title='bbox 353 5820 397 5850; x_wconf 59' lang='grc' dir='ltr'><strong>θ’</strong></span> <span class='ocrx_word' id='word_1_851' title='bbox 442 5818 615 5886; x_wconf 68' lang='grc' dir='ltr'>Ἰησοῦ</span> <span class='ocrx_word' id='word_1_852' title='bbox 653 5836 705 5874; x_wconf 91' lang='lat'><strong>0.</strong></span> 
     </span>
    </p>
   </div>
   <div class='ocr_carea' id='block_1_114' title="bbox 784 5821 2409 5899">
    <p class='ocr_par' dir='ltr' id='par_1_114' title="bbox 784 5821 2409 5899">
     <span class='ocr_line' id='line_1_114' title="bbox 784 5821 2409 5899; baseline 0.01 -26"><span class='ocrx_word' id='word_1_853' title='bbox 784 5821 828 5853; x_wconf 75' lang='grc' dir='ltr'><strong><em>το</em></strong></span> <span class='ocrx_word' id='word_1_854' title='bbox 878 5822 1213 5895; x_wconf 84' lang='grc' dir='ltr'>πρόσκαιρα,</span> <span class='ocrx_word' id='word_1_855' title='bbox 1262 5826 1329 5879; x_wconf 76' lang='grc' dir='ltr'>τὰ</span> <span class='ocrx_word' id='word_1_856' title='bbox 1363 5826 1416 5879; x_wconf 77' lang='grc' dir='ltr'><strong>δὲ</strong></span> <span class='ocrx_word' id='word_1_857' title='bbox 1450 5826 1521 5897; x_wconf 75' lang='grc' dir='ltr'>μὴ</span> <span class='ocrx_word' id='word_1_858' title='bbox 1557 5827 1862 5899; x_wconf 73' lang='grc' dir='ltr'>βλεπόμενα</span> <span class='ocrx_word' id='word_1_859' title='bbox 1894 5831 2120 5886; x_wconf 53' lang='grc' dir='ltr'>αίώιιιαο</span> <span class='ocrx_word' id='word_1_860' title='bbox 2168 5834 2305 5889; x_wconf 76' lang='grc' dir='ltr'>ὥστε</span> <span class='ocrx_word' id='word_1_861' title='bbox 2340 5854 2409 5891; x_wconf 88' lang='lat' dir='ltr'><strong>itt.</strong></span> 
     </span>
    </p>
   </div>
   <div class='ocr_carea' id='block_1_115' title="bbox 2520 5839 3066 5907">
    <p class='ocr_par' dir='ltr' id='par_1_115' title="bbox 2520 5839 3066 5907">
     <span class='ocr_line' id='line_1_115' title="bbox 2520 5839 3066 5907; baseline 0.005 -17"><span class='ocrx_word' id='word_1_862' title='bbox 2520 5839 2559 5869; x_wconf 70' lang='grc' dir='ltr'>τί</span> <span class='ocrx_word' id='word_1_863' title='bbox 2597 5840 2731 5904; x_wconf 73' lang='grc' dir='ltr'>πρὸς</span> <span class='ocrx_word' id='word_1_864' title='bbox 2758 5840 2953 5907; x_wconf 80' lang='grc' dir='ltr'>καιρόν</span> <span class='ocrx_word' id='word_1_865' title='bbox 2997 5857 3066 5896; x_wconf 85' lang='lat' dir='ltr'><strong>nt.</strong></span> 
     </span>
    </p>
   </div>
  </div>
