4242 6462
281 396 386 460 849

1062 399 1471 458 EXPOSlTlO
1513 402 1590 460 ΙΝ
1636 405 1882 469 EPIST.
1922 412 1977 469 ll
2018 415 2116 472 AD
2143 415 2310 477 (ΞΟΠ.
2349 443 2416 452 --
2446 421 2602 478 CAP.
2638 423 2704 482 ιτ.

3413 430 3520 491 850

285 511 466 578 σῶμα.
503 509 577 562 Οὐ
623 510 728 576 γὰρ
787 509 874 562 διὰ
913 508 972 561 τὸ
1019 509 1180 578 σῶμα
1235 511 1420 573 ἁπλῶς
1482 513 1847 584 βαρυνόμεθα,
1886 531 1928 585 Α

1846 531 1928 585 ,Α
1959 524 2071 577 Non
2122 530 2264 582 enim
2315 530 2634 599 simpliciter
2686 541 2902 599 propter
2949 546 3144 602 corpus
3211 551 3521 604 gravantur.

280 601 415 652 ἀλλὰ
464 601 597 652 διότι
652 604 766 652 ἐστὶ
822 601 1083 669 φθαρτόν.
1133 601 1411 654 Ἐντεῦθεν
1467 604 1521 656 δὲ
1575 609 1852 670 παντελῶς

279 690 687 760 ἐμφράττονται
728 692 834 742 τῶν
889 692 1176 760 αίξρετικῶν
1225 695 1292 744 τὰ
1342 695 1605 763 στόματα.
1637 700 1708 750 Οὐ
1742 703 1848 767 γὰρ

283 783 410 849 περὶ
447 782 602 834 ἄλλον
652 783 744 834 καὶ
783 782 943 835 ἄλλου
981 783 1235 851 σώματος
1264 787 1290 836 ὁ
1337 786 1519 852 λόγος,
1564 788 1696 842 ἀλλὰ
1732 793 1858 859 περὶ

282 870 486 938 φθοράς
517 876 607 922 καὶ
636 873 966 942 ἀφθαρσίας.

363 978 379 1008 ι
437 960 494 1012 '0
541 961 596 1012 δὲ
649 963 1132 1032 κατεργασάμενος
1181 966 1326 1033 ἡμᾶς
1372 967 1451 1026 εἰς
1501 967 1631 1019 αὐτὸ
1670 969 1846 1034 τοῦτο,

278 1048 430 1111 Θεός.
468 1069 486 1100 ι
535 1051 665 1112 Θεὸς
698 1052 753 1104 δέ
804 1055 942 1118 ἐστι,
997 1055 1185 1124 φησὶν,
1231 1059 1258 1108 ὁ
1309 1058 1387 1119 είς
1430 1059 1563 1110 αὐτὸ
1608 1060 1765 1113 τοῦτο
1793 1063 1850 1125 ἐξ

278 1141 458 1208 ἀρχῆς
489 1145 971 1212 κατεργασάμενος
1002 1148 1148 1214 ἡμᾶς
1174 1163 1186 1174 '
1221 1150 1314 1200 καὶ
1343 1149 1450 1219 γὰρ
1485 1151 1850 1220 ἐδημιούργη-

281 1246 374 1280 σεν
406 1233 552 1300 ἡμᾶς
606 1234 690 1284 ἵνα
731 1228 880 1300 ὦμεν
917 1235 1224 1305 ἄφθαρτοι·
1285 1239 1376 1290 καὶ
1433 1241 1491 1292 οὐ
1545 1243 1637 1294 νῦν
1695 1243 1851 1296 τοῦτο

279 1318 458 1383 ἔδοξεν
506 1322 675 1390 αὐτῷ,
720 1323 832 1375 ἀλλ’
862 1324 920 1388 ἐξ
948 1325 1147 1394 ἀρχῆς.
1192 1327 1354 1380 Ὥστε
1388 1331 1599 1392 πάντως
1621 1331 1661 1363 ⁷⁵
1693 1332 1850 1400 γενή-

280 1427 454 1466 σεται.

356 1526 376 1560 ι
432 1509 490 1561 '0
518 1510 611 1561 καὶ
654 1509 778 1570 δοὺς
823 1512 954 1579 ἡμῖν
1002 1513 1093 1566 τὸν
1125 1515 1423 1586 ἀρραϐῶνα
1467 1520 1560 1571 τοῦ
1597 1521 1848 1590 Πνεύμα-

282 1618 388 1663 τος.
433 1620 451 1652 ι
486 1601 691 1663 Θέλεις.
743 1604 931 1672 φησὶν,
980 1605 1293 1672 ἁπόδειξινς
1326 1609 1492 1662 Δώσω
1530 1628 1607 1664 σοι
1641 1615 1732 1664 καὶ⁹
1759 1613 1852 1665 ἅλ-

278 1692 397 1759 λην.
432 1693 530 1744 Διὰ
563 1693 656 1745 τοῦ
710 1692 1085 1762 βαπτίσματος
1129 1697 1353 1766 Πνεῦμα
1402 1701 1533 1769 ἡμῖν
1586 1702 1729 1766 δοὺς,
1759 1704 1848 1754 τὸν

279 1782 573 1851 ἀρραϐῶνα
589 1784 684 1850 τῆς
714 1783 1021 1851 ἀφθαρσίας
1049 1785 1234 1839 ἔδωκε.
1264 1789 1372 1840 Καὶ
1402 1791 1508 1856 γὰρ
1537 1778 1727 1859 ἦγίασε
1757 1794 1849 1844 καὶ

276 1873 453 1940 ψυχὴν
488 1876 578 1924 καὶ
613 1877 790 1941 σῶμα,
826 1879 916 1926 καὶ
955 1876 1201 1947 θειότερα
1236 1882 1519 1951 ἀμφότερα
1556 1886 1845 1954 πεποίηκε,

279 1964 377 2032 τῆς
415 1966 688 2035 ἁμαρτίας
748 1969 1086 2033 ἀπαλλάξας,
1132 1970 1187 2036 ἐξ
1223 1967 1288 2042 ἧς
1318 1976 1345 2024 ὁ
1391 1974 1638 2037 Θάνατος.
1686 1978 1843 2028 Ὥστε

280 2056 403 2108 ἐπεὶ
449 2058 671 2126 Πνεῦμα
719 2059 941 2123 δέδωκε,
999 2062 1262 2130 πρόδηλον
1315 2066 1395 2117 ὅτι
1446 2067 1546 2134 τῆς
1577 2069 1847 2136 ἁμαρτίας

278 2148 616 2217 ἀπήλλαξεν
650 2152 923 2219 ἁμαρτίας
954 2153 1008 2204 δὲ
1031 2153 1365 2219 ἀπαλλάξας,
1403 2158 1495 2210 καὶ
1518 2158 1614 2226 τὴν
1643 2160 1847 2228 φθορὰν

276 2243 627 2309 κατήργησεν
649 2258 661 2271 ·
700 2242 759 2307 ἐξ
800 2245 1074 2312 ἁμαρτίας
1107 2247 1215 2317 γὰρ
1247 2250 1276 2316 ἡ
1309 2249 1500 2319 φθορά.
1538 2252 1725 2314 Οὕτως
1755 2252 1848 2305 οὖν

276 2331 572 2399 ἀρραϐῶνα
599 2334 695 2400 τῆς
732 2335 1032 2403 μελλούσης
1066 2336 1364 2400 ἀθανασίας
1385 2341 1444 2392 τὸ
1473 2342 1714 2411 Πνεῦμα.
1741 2345 1848 2398 Καὶ

275 2420 449 2481 ἄλλως
503 2423 596 2487 δὲ,
663 2424 784 2486 δοὺς
845 2426 938 2478 νῦν
995 2429 1125 2495 ἡμῖν
1189 2432 1428 2499 μερικῶς
1478 2434 1536 2486 τὸ
1589 2436 1845 2504 Πνεῦμα,

276 2511 491 2574 πάντως
553 2514 844 2584 ἀῤῥαὸὠνά
893 2533 1014 2568 τινα
1065 2517 1287 2585 ἔδωκεν,
1330 2522 1467 2575 ὥστε
1503 2526 1597 2578 καὶ
1634 2527 1695 2578 τὸ
1731 2528 1849 2578 ὅλον

274 2601 451 2656 δώσει.
479 2606 598 2667 Πῶς
644 2607 686 2658 δ’
721 2608 785 2659 ἂν
810 2607 990 2675 δώσει,
1044 2614 1090 2662 εί
1155 2613 1228 2683 μὴ
1290 2615 1576 2684 μέλλοιμεν
1628 2621 1848 2688 ἀφθαρ-

272 2695 521 2763 τιςθῆναι
571 2699 714 2768 ψυχῇ
763 2717 819 2751 τε
876 2703 968 2752 καὶ
1031 2702 1241 2768 σώματι
1296 2722 1310 2768 ;
1367 2707 1562 2759 Λαϐὼν
1616 2710 1708 2761 οὑν
1760 2714 1846 2761 ἐν·

274 2788 449 2839 ταῦθα
495 2789 553 2840 τὸ
601 2790 778 2858 ὀλίγον
834 2794 927 2846 καὶ
957 2795 1100 2864 ψυχῇ
1151 2799 1242 2848 καὶ
1278 2798 1490 2866 σώματι
1538 2797 1647 2855 οῖον
1678 2806 1850 2876 ἀρρα-

275 2879 446 2946 ϐῶνα,
475 2880 658 2943 ἔλπιζε
683 2885 761 2936 ὅτι
791 2887 886 2937 καὶ
910 2886 968 2938 τὸ
989 2888 1107 2940 ὅλον
1133 2890 1254 2943 τότε
1282 2891 1422 2956 ἕξεις
1446 2893 1776 2966 ὀλοιωήρως.

876 2703 968 2752 καὶ
1031 2702 1241 2771 σώματι
1296 2722 1310 2770 ;

354 3090 370 3122 ι
406 3072 746 3142 Θαρροῦντες
798 3071 889 3127 οὖν
935 3077 1187 3141 πάντοτε,
1234 3082 1326 3132 καὶ
1356 3082 1554 3146 εἰδότες
1584 3086 1664 3138 ὅτι
1695 3088 1848 3157 ἐνδη-

1963 619 2055 670 sed
2104 621 2226 686 quia
2275 633 2358 674 est
2426 623 2794 692 corruptibile.
2861 625 2996 679 i‘linc
3058 637 3233 680 autem
3303 631 3526 683 omnino

1964 711 2338 767 haereticorum
2375 731 2471 769 ora
2530 718 2902 770 obstrunntnr.
2954 715 3069 771 Non
3125 720 3267 772 enim
3315 722 3379 774 de
3417 721 3525 774 alio

1963 812 2122 869 atque
2159 805 2262 858 alio
2297 820 2525 874 corpore
2567 822 2745 861 sermo
2787 817 2888 872 est,
2940 810 3032 862 scd
3081 812 3144 864 de
3178 812 3524 877 corruptione

1961 902 2014 946 et
2058 895 2580 964 incorrttptiliilitate.

2034 984 2196 1040 Vsus.
2252 990 2303 1041 5.
2356 1008 2373 1040 ι
2409 991 2508 1054 Qui
2545 1002 2722 1046 autem
2764 995 2925 1050 eliictt
2965 1007 3067 1048 nos
3095 996 3157 1045 ad
3195 993 3344 1056 illud.
3385 993 3525 1047 Deus

1961 1085 2066 1129 est.
2106 1095 2121 1126 ι
2178 1078 2318 1133 Deus
2363 1093 2466 1145 est,
2497 1082 2691 1151 inquit,
2738 1086 2825 1152 qni
2878 1085 3111 1153 primum
3159 1098 3254 1136 nos
3306 1084 3372 1136 ad
3422 1084 3525 1136 hoc

1959 1168 2158 1222 effecit.
2198 1169 2408 1224 Etenim
2445 1176 2686 1228 condidit
2736 1191 2853 1238 nos,
2892 1186 2948 1227 ut
2987 1178 3157 1229 simus
3186 1175 3516 1242 incorrupti-

1966 1259 2117 1312 biles.
2159 1259 2341 1327 Neque
2380 1263 2481 1316 hoc
2517 1280 2659 1318 nunc
2690 1267 2918 1335 primum
2953 1267 3000 1318 ci
3039 1267 3258 1333 placuit,
3289 1265 3385 1319 sed
3413 1264 3522 1332 jam

1963 1348 2084 1405 inde
2113 1366 2140 1403 a
2170 1354 2456 1422 principio.
2487 1356 2670 1423 Itaque
2698 1357 2920 1412 omnino
2949 1357 3057 1410 ﬁet.

2039 1555 2055 1586 ι
2093 1531 2193 1600 Qui
2231 1532 2374 1588 dedit
2425 1533 2587 1587 etiam
2625 1534 2781 1587 nobis
2827 1535 3021 1603 pignus
3069 1533 3320 1602 Spiritus.
3368 1553 3387 1586 ι
3423 1535 3523 1588 De-

1963 1625 2426 1687 monstrationem,
2465 1624 2657 1692 inquit,
2692 1624 2884 1691 cupis?
2931 1624 3169 1679 Alteram
3225 1626 3318 1680 tibi
3363 1627 3519 1679 daoo.

1960 1716 2057 1781 Qui
2106 1715 2262 1768 nobis
2324 1729 2419 1779 per
2468 1715 2731 1782 baptisma
2779 1713 3043 1783 Spiritmn
3100 1714 3270 1777 dedit,
3326 1718 3521 1785 pignus

1961 1821 2174 1874 quoque
2196 1804 2620 1859 immortalitatis
2651 1804 2800 1858 nobis
2835 1804 3112 1874 impertiit.
3150 1804 3361 1857 Etenim
3391 1822 3519 1860 san-

1956 1897 2210 1951 ctiﬁeavit
2235 1905 2287 1950 et
2313 1897 2548 1950 animam
2581 1903 2635 1949 et
2667 1910 2884 1961 corpus,
2919 1906 2971 1949 et
2993 1905 3222 1964 utraque
3250 1896 3519 1950 diviniora

1960 1988 2212 2049 reddidit,
2281 2002 2308 2038 a
2373 1994 2594 2052 peccato
2649 2000 2748 2038 nos
2799 1985 3056 2051 liberans,
3106 2001 3169 2039 ex
3222 2001 3328 2054 quo
3378 2003 3520 2040 mors

1949 2088 2235 2146 propagata
2259 2087 2394 2131 erat.
2416 2077 2673 2142 Quocirca
2696 2091 2814 2130 cum
2839 2075 3097 2143 Spiritum
3119 2079 3269 2132 nobis
3291 2080 3517 2140 dederit,

1950 2172 2289 2238 perspicuum
2323 2176 2406 2221 est
2437 2169 2578 2236 quod
2603 2181 2630 2220 a
2667 2176 2889 2235 peccato
2921 2167 3189 2221 liberavit.
3224 2169 3266 2221 A
3299 2180 3518 2237 peccato

1951 2275 2081 2313 vero
2129 2269 2414 2328 postquam
2461 2273 2559 2312 nos
2608 2258 2878 2320 liberavit,
2909 2259 3311 2326 corruptionem
3352 2261 3514 2313 etiam

1951 2351 2216 2404 destruxit
2254 2367 2266 2401 :
2302 2364 2365 2402 ex
2415 2357 2636 2415 peccato
2691 2348 2835 2402 enim
2883 2350 3184 2417 corruptio.
3217 2350 3291 2402 lta
3355 2351 3517 2419 igitur

1952 2441 2144 2493 futuras
2175 2439 2593 2493 immortalitatis
2615 2439 2808 2507 pignus
2831 2448 2911 2492 est
2934 2439 3184 2506 Spiritus.
3218 2440 3283 2494 Et
3308 2442 3467 2496 aliter
3497 2459 3510 2493 :

1951 2532 2049 2596 Qui
2077 2531 2220 2584 dedit
2243 2531 2394 2584 nobis
2420 2532 2471 2583 in
2492 2533 2742 2598 [.irzesenti
2761 2530 3017 2598 Spiritum
3037 2547 3100 2583 ex
3125 2543 3297 2599 parte,
3325 2533 3516 2602 pignus

1953 2624 2218 2690 quoddam
2255 2623 2399 2676 dedit
2436 2637 2496 2676 se
2541 2632 2710 2674 totum
2756 2638 2968 2691 quoque
2993 2625 3337 2676 traditurum.
3364 2624 3512 2689 Quo-

1955 2715 2110 2766 modo
2157 2721 2330 2766 antem
2371 2713 2536 2777 dabit,
2590 2711 2690 2764 nisi
2746 2727 2978 2779 corpore
3028 2722 3079 2765 et
3121 2715 3302 2766 animo
3335 2715 3516 2768 incor-

1955 2805 2231 2875 rttptibiles
2279 2805 2444 2858 [uturi
2497 2802 2705 2858 simus?
2762 2802 2860 2856 Ubi
2888 2804 3050 2872 igitur
3101 2804 3350 2870 pusillum
3424 2805 3511 2860 hic

1955 2899 2243 2966 acceperis.
2291 2897 2651 2950 arrhabonem
2688 2895 2959 2958 videlicet,
3008 2897 3219 2951 conﬁde
3270 2897 3409 2966 quod
3457 2907 3515 2952 et

1953 2997 2122 3042 totum
2167 2997 2290 3040 tunc
2314 3001 2533 3053 prorsus
2567 2987 2644 3040 sis
2677 2986 2978 3039 habiturus.

2023 3082 2184 3135 Vens.
2216 3079 2330 3134 6-8.
2376 3097 2394 3131 ι
2425 3078 2699 3134 Audentes
2750 3079 2911 3147 igitur
2935 3094 3170 3149 semper,
3197 3090 3248 3134 et
3279 3083 3514 3135 scientes

279 3165 506 3234 μοῦντες
537 3168 614 3236 τῷ
647 3168 862 3236 σώματι
897 3171 1245 3239 ἐκδημουμεν
1279 3174 1385 3225 ἀπὸ
1423 3177 1649 3244 Κυρίου.
1709 3180 1843 3244 (Διὰ
1873 3190 1913 3246 C
1951 3199 1954 3224 ι

1838 3190 1913 3246 :g
1951 3175 2093 3245 quod
2120 3177 2242 3226 dum
2294 3189 2481 3226 sumus
2529 3174 2579 3226 in
2617 3175 2716 3226 hoc
2752 3189 2999 3243 corpore,
3037 3174 3444 3242 peregrinantur
3483 3188 3513 3226 a

277 3258 512 3318 πίστεως
560 3260 667 3328 γὰρ
719 3261 1151 3330 περιπατοῦμεν,
1188 3263 1247 3314 ού
1288 3265 1374 3318 διὰ
1428 3266 1656 3337 εἴδους.)
1696 3271 1839 3339 Θαρ-

277 3349 478 3417 ροῦμεν
512 3349 566 3400 δὲ
603 3351 693 3402 καὶ
724 3352 1051 3421 εὐδοκοῦμεν
1084 3355 1282 3420 μᾶλλον
1314 3356 1623 3425 ἐκδημῆσαι
1653 3361 1716 3411 ἐκ
1748 3361 1840 3412 τοῦ

276 3442 544 3509 σώματος,
576 3444 667 3495 καὶ
705 3445 1003 3515 ἐνδημῆσαι
1038 3446 1170 3515 πρὸς
1202 3448 1421 3516 Κύριον.
1462 3470 1478 3500 ι
1520 3452 1636 3504 Ἔτι
1669 3454 1842 3505 ἐκεῖνο

276 3535 677 3597 κατασκευάζει
709 3537 734 3588 ὃ
766 3539 1021 3608 ἀνωτέρω
1070 3535 1241 3604 εἶπεν,
1269 3542 1349 3592 ὅτι
1385 3544 1456 3594 Οὐ
1489 3545 1842 3612 φροντίζομεν

274 3625 383 3677 τῶν
421 3628 700 3680 κινδύνων·
731 3631 777 3681 οἱ
803 3631 1033 3684 κίνδυνοι
1067 3634 1193 3700 γαρ,
1230 3635 1383 3702 φησι,
1410 3635 1504 3688 καὶ
1530 3637 1576 3687 oi
1603 3636 1838 3698 θάνατοι,

272 3717 332 3766 τὺ
361 3718 609 3770 εὐκταῖον
652 3722 783 3788 ἡμῖν
814 3725 998 3790 χρῆμα
1021 3725 1066 3754 ⁷⁸
1108 3725 1423 3793 προξενοῦσι
1447 3767 1460 3790 ,
1496 3728 1594 3796 τὴν
1633 3729 1842 3795 ἀφθαρ-

275 3810 419 3872 σίαν,
448 3809 513 3859 δι’
558 3811 626 3880 ἣν
658 3813 750 3863 καὶ⁸
785 3813 1109 3883 στενάζομεν
1131 3857 1143 3878 ,
1171 3817 1265 3868 καὶ
1298 3819 1661 3885 προσάγουσιν
1695 3823 1842 3888 ἡμᾶς

271 3899 457 3966 τάχιον
498 3899 575 3967 τῷ
619 3903 866 3974 Δεσπότῃ
919 3906 1093 3974 ἡμῶν.
1150 3925 1166 3956 ι
1201 3907 1542 3978 Θαρροῦντες
1569 3911 1662 3962 οὖν
1709 3915 1842 3964 πάν-

273 4002 392 4040 τοτε
417 4029 432 4052 ,
466 4008 486 4039 ι
542 3993 808 4056 τουτέστι,
849 3995 938 4063 Μὴ
989 3996 1311 4065 φοϐούμενοι
1368 4001 1505 4068 μήτε
1544 4001 1841 4070 διωγμοὺς,

273 4081 413 4148 μήτε
449 4082 761 4147 ἐπιόουλὰς,
811 4086 948 4154 μήτε
994 4087 1280 4150 Θανάτους.
1333 4091 1475 4159 Ὅρα
1525 4092 1580 4144 δὲ
1627 4095 1838 4161 σοφίαν,

273 4169 389 4231 πῶς
411 4171 694 4241 ἀπέκρυψε
720 4175 787 4226 τὰ
811 4175 1046 4243 ὀνόματα
1072 4178 1165 4229 τοῦ
1193 4178 1418 4233 θανάτου
1450 4183 1538 4234 καὶ
1559 4184 1649 4251 τῆς
1674 4185 1841 4253 ζωῆς,

274 4261 368 4311 καὶ
399 4260 495 4328 τὴν
529 4263 626 4330 μὲν
653 4265 908 4334 ἐνδημίαν
943 4267 1077 4336 πρὸς
1124 4269 1345 4337 Κύριον,
1375 4271 1472 4338 τὴν
1501 4273 1554 4324 δὲ
1582 4274 1843 4341 ἐκδημίαν

273 4351 383 4401 ἀπὸ
411 4353 614 4419 Κυρίου
638 4355 902 4420 τέθεικεν,
931 4359 1016 4411 ἴνα
1043 4360 1228 4428 μηδεὶς
1255 4363 1354 4430 τῆς
1390 4363 1672 4433 παρούσης
1697 4367 1842 4434 ζωῆς

273 4439 552 4510 ἐξέχηται,
588 4438 674 4495 οἷα
704 4445 766 4513 δὴ
827 4449 1144 4517 ἁπαγούσης
1184 4450 1290 4502 ἀπὸ
1314 4453 1407 4503 τοῦ
1440 4454 1667 4520 Κυρίου.
1707 4452 1844 4509 Εἶτα

278 4529 369 4580 ἵνα
406 4532 477 4597 μή
519 4547 600 4591 τις
635 4534 796 4602 εἴπῃ·
834 4536 897 4586 Τί
929 4533 1058 4599 οὗν;
1099 4538 1157 4590 τὸ
1189 4539 1346 4605 σῶμα
1393 4544 1539 4608 ἡμᾶς
1573 4545 1842 4614 ἀλλοτριοί
1869 4532 1918 4590 Ῑ)

271 4617 380 4668 ἀπὸ
408 4619 498 4670 τοῦ
529 4620 698 4686 θεοῦ;
730 4623 1076 4691 διωρθώσατο
1107 4630 1284 4689 τοῦτο,
1317 4635 1519 4682 εἰπών’
1557 4651 1574 4682 ι
1613 4638 1710 4687 Διὰ
1746 4636 1836 4686 πί-

273 4723 443 4768 στεως
467 4711 573 4775 γάρ
603 4714 1026 4781 περιπατοῦμεν,
1055 4719 1113 4768 οὐ
1137 4719 1221 4771 διὰ
1257 4722 1457 4782 εἴδους·
1497 4741 1514 4772 ι
1544 4726 1835 4788 τουτέστιν,

285 4796 549 4848 Ἐνταῦθα
598 4801 695 4867 μὲν
744 4803 905 4854 αὑτὸν
961 4806 1139 4872 ἴσμεν,
1191 4808 1326 4860 ἀλλὰ
1377 4811 1644 4876 μετρίως·
1679 4815 1836 4865 τοῦτο

271 4886 377 4954 γάρ
406 4888 516 4939 ἐστι
549 4891 628 4952 τὸ,
667 4908 683 4941 ι
722 4894 819 4944 Διὰ
867 4895 1103 4958 πίστεως
1130 4915 1141 4926 ·
1179 4917 1196 4948 ι
1244 4901 1304 4952 οὐ
1336 4905 1518 4968 μέντοι
1554 4909 1838 4974 πρόσωπον

270 4980 407 5046 πρὸς
430 4982 886 5056 πρόσωπον,ὂπερ
908 4990 1020 5041 ἐστὶ
1052 4991 1128 5051 τὸ,
1162 5010 1179 5044 ‹
1214 4994 1308 5045 Διά
1339 4996 1565 5059 εἴδους.»
1601 5001 1750 5052 Ἐπεὶ
1779 5003 1834 5055 δὲ

267 5071 440 5126 ταῦτα
469 5073 640 5136 οὕτως
662 5077 793 5146 ἔχει,
830 5098 848 5129 ‹
888 5082 1223 5150 Εύδοκοῦμεν
1245 5101 1256 5112 ⁸
1275 5103 1292 5135 ι
1330 5089 1594 5154 τουτέστι,
1626 5093 1835 5161 Σφόδρα

269 5161 646 5231 ἐπιθυμοῦμεν
698 5165 788 5218 τοῦ
835 5168 1161 5224 ἐκδύσασθαι
1205 5173 1264 5224 τὸ
1314 5175 1473 5243 σῶμα
1521 5180 1696 5241 τοῦτο,
1739 5185 1830 5235 καὶ

273 5253 412 5319 μετὰ
462 5256 662 5324 Κυρίου
707 5259 978 5323 γενέσθαι.
1036 5265 1149 5314 Οὐκ
1203 5259 1321 5316 εἶπε
1373 5269 1450 5328 δὲ,
1499 5271 1830 5340 Ἀφθαρσίας

274 5346 581 5410 μετασχεῖν,
608 5345 742 5398 ἀλλὰ
772 5348 830 5398 τὸ
870 5354 1132 5418 κρεῖττον,
1159 5355 1217 5404 τὸ
1247 5358 1382 5422 μετὰ
1421 5361 1624 5428 Κυρίου
1652 5359 1788 5416 εἶναι
1812 5381 1825 5395 °

274 5432 457 5498 μεῖζον
488 5435 593 5503 γὰρ
625 5436 782 5490 τοῦτο
808 5440 906 5509 τῆς
938 5443 1264 5510 ἀφθαρσίας.

1952 3267 2195 3320 Domino.
2271 3266 2416 3333 (Per
2462 3266 2616 3317 tidem
2649 3266 2793 3317 enim
2839 3265 3198 3326 ambulamus,
3254 3278 3360 3316 non
3419 3278 3515 3332 per

1949 3356 2242 3425 speciem.)
2277 3356 2551 3408 Audemus
2598 3365 2796 3418 autem,
2835 3363 2888 3408 et
2941 3356 3135 3408 bonam
3180 3355 3512 3408 voluntatem

1951 3449 2208 3501 habemus
2256 3447 2426 3514 magis
2457 3447 2760 3514 pereginari
2794 3460 2822 3498 a
2855 3459 3102 3513 corpore,
3129 3453 3183 3498 et
3216 3454 3509 3513 praesentes

1949 3556 2067 3596 esse
2097 3542 2162 3594 ad
2193 3541 2495 3593 Dominum.
2535 3557 2551 3587 ι
2592 3538 2929 3590 Contirmare
2969 3537 3141 3605 pergit
3171 3537 3309 3605 quod
3348 3553 3510 3604 supra

1948 3633 2082 3685 dixit
2112 3648 2127 3685 :
2179 3645 2392 3698 nempe,
2422 3630 2561 3698 quod
2603 3628 2850 3682 Pericula
2885 3643 2991 3679 non
3028 3642 3323 3679 moramur.
3377 3627 3510 3679 Nam

1948 3721 2181 3792 pericula
2214 3731 2265 3775 et
2294 3731 2514 3783 mortes,
2545 3719 2744 3786 inquit,
2780 3732 2889 3771 rem
2927 3719 3079 3770 nobis
3110 3726 3348 3786 Optatam
3377 3733 3512 3770 con-

1950 3812 2154 3876 ciliant,
2192 3811 2470 3872 nimirum,
2506 3807 3071 3876 incorruptibilitatem
3102 3818 3318 3877 propter
3350 3823 3507 3875 quam

1951 3903 2370 3969 ingemiscimus,
2397 3911 2450 3956 et
2480 3902 2711 3955 celerius
2736 3917 2834 3955 nos
2861 3902 2926 3956 ad
2950 3903 3231 3954 Dominum
3265 3911 3508 3954 nostrum

1950 3996 2266 4064 perducunt.
2305 4013 2322 4044 ι
2353 3994 2624 4048 Audentes
2665 3994 2823 4062 igitur
2861 4009 3095 4061 semper,
3134 4013 3152 4044 ι
3195 3993 3247 4046 id
3273 4001 3375 4058 est,
3407 4007 3510 4046 noa

1949 4093 2250 4139 metuentes
2315 4100 2488 4153 neque
2552 4085 2959 4153 persecutiones
3039 4099 3211 4153 neque
3268 4085 3510 4148 insidias,

1952 4190 2123 4243 neque
2168 4184 2388 4229 mortes.
2445 4175 2698 4243 Expende
2745 4186 2928 4230 autem
2985 4176 3331 4244 sapientiam,
3379 4189 3512 4242 quo-

1951 4269 2106 4322 modo
2158 4267 2372 4318 nomina
2415 4267 2601 4319 mortis
2647 4276 2702 4319 et
2730 4267 2851 4319 vitae
2900 4265 3236 4332 occultarit;
3283 4268 3510 4318 alteram

1951 4358 2162 4426 quidem
2208 4358 2548 4425 praesentiam
2582 4359 2719 4424 apud
2755 4358 3067 4421 Dominum,
3111 4358 3337 4411 alteram
3380 4373 3508 4409 vero

1952 4455 2442 4523 peregrinationem
2495 4470 2523 4505 a
2574 4452 2800 4506 Domino
2849 4453 3075 4514 iaciens,
3123 4463 3182 4506 ut
3233 4468 3391 4508 nemo
3442 4455 3509 4507 de

1947 4555 2212 4614 prazsente
2245 4544 2352 4596 vita
2387 4544 2638 4610 pendeat.
2667 4553 2724 4596 ut
2766 4558 2884 4610 quae
2918 4560 2945 4597 a
2984 4545 3207 4598 Domino
3255 4546 3504 4598 abducat.

1950 4638 2171 4700 Deinde,
2223 4651 2290 4689 ne
2335 4636 2455 4704 quis
2504 4635 2670 4698 dicat,
2717 4635 2854 4695 Quid
2910 4636 3112 4702 igitur?
3157 4651 3353 4702 corpus
3411 4653 3507 4690 nos

1945 4729 2150 4781 alienos
2172 4727 2295 4778 facit
2331 4742 2357 4778 a
2399 4725 2506 4777 Deo
2536 4725 2558 4776 ?
2586 4726 2824 4778 correxit
2858 4726 2978 4785 hoc,
3010 4727 3259 4794 inquiens
3291 4746 3300 4779 :
3343 4746 3360 4777 ι
3406 4727 3507 4781 Per

1948 4821 2102 4872 tidem
2135 4819 2277 4871 enim
2299 4815 2656 4879 ambulamus,
2681 4832 2781 4867 non
2815 4831 2907 4882 per
2937 4817 3194 4884 speciem,
3227 4835 3244 4868 ι
3278 4819 3378 4871 hoc
3398 4829 3504 4882 est,

1948 4910 2035 4962 hic
2057 4909 2230 4975 ipsum
2265 4907 2482 4972 quidem
2523 4908 2790 4970 novimus,
2823 4908 2914 4961 sed
2949 4908 3154 4961 modice
3186 4910 3202 4977 (
3233 4911 3333 4961 hoc
3359 4912 3500 4964 enim

1941 5006 2022 5051 est
2051 5018 2078 5045 «ι
2113 4995 2214 5049 Per
2254 4997 2414 5049 ﬁdem
2461 5013 2475 5059 ;
2517 5014 2534 5045 ι
2591 5009 2696 5048 non
2737 4996 2952 5063 quidem
2990 4995 3130 5050 facie
3193 4999 3256 5050 ad
3292 4998 3503 5063 faciem,

1940 5089 2078 5156 quod
2107 5095 2187 5141 est
2229 5104 2247 5136 ι
2300 5086 2401 5139 Per
2425 5086 2677 5153 speciem.
2723 5105 2740 5137 ι
2775 5087 2905 5139 Cum
2950 5098 3130 5140 autem
3164 5089 3277 5141 haec
3301 5089 3376 5141 sic
3405 5089 3502 5140 ha-

1940 5180 2115 5242 beant,
2139 5196 2156 5228 ι
2180 5178 2376 5230 Bonam
2396 5180 2721 5231 voluntatem
2746 5179 3002 5233 habemus
3022 5220 3034 5241 ,
3064 5198 3079 5229 ι
3111 5180 3207 5233 hoc
3228 5191 3330 5246 est,
3358 5181 3504 5234 valde

1943 5271 2108 5340 269
2142 5271 2506 5324 desideramus
2542 5285 2739 5324 exuere
2769 5285 2966 5338 corpus
3015 5271 3136 5334 hoc,
3175 5281 3337 5338 atque
3384 5286 3504 5325 esse

1941 5379 2063 5415 cum
2131 5361 2372 5416 Domino.
2430 5361 2543 5414 Non
2592 5361 2727 5416 dixit
2782 5372 2979 5426 autem,
3040 5363 3499 5417 lmmortalitatem

1941 5455 2154 5522 assequi
2185 5473 2196 5506 :
2235 5470 2415 5508 verum
2448 5456 2588 5522 quod
2621 5458 2965 5522 prmstantius
2998 5468 3100 5519 εει,
3126 5472 3246 5510 cum
3279 5456 3503 5512 Demino

1936 5560 2052 5600 esse
2080 5563 2092 5599 :
2129 5549 2230 5600 hoc
2257 5550 2398 5600 enim
2434 5548 2834 5601 immortalitate
2867 5549 3035 5617 majus
3064 5559 3164 5605 est.

1619 5681 1808 5742 \‘urire
1852 5682 2179 5744 lectiones.

341 5775 392 5808 7‘
431 5777 635 5842 πάντας
678 5783 967 5838 αινίττεται
1003 5804 1052 5838 o.
1137 5790 1179 5817 ⁷⁸
1212 5793 1395 5851 κτῆμα
1455 5813 1504 5852 o.
