4242 6462
272 401 386 466 853

1067 398 1477 460 EXPOSITIO
1523 397 1602 457 IN
1647 395 1886 455 EPIST.
1929 394 1991 453 II
2028 396 2126 455 AD
2158 397 2403 460 COR.“
2431 401 2590 462 CAP.
2636 404 2694 463 Υ.

3418 405 3526 469 854

272 517 364 570 τὸν
397 513 531 569 Θεὸν
557 516 717 569 τοῦτο
771 514 1055 586 ποιοῦμεν,
1104 516 1190 568 ἵνα
1231 516 1305 585 μὴ
1343 516 1514 583 ’ὑμεῖς
1546 514 1863 582 νομίζοντες.
1888 518 1930 572 Α
1963 512 2110 575 alibi,
2155 514 2513 582 insipientiam
2546 520 2584 580 ἱ,
2619 517 2691 569 lle

1893 518 1930 572 Α
1963 512 2110 575 alibi,
2155 514 2513 582 insipientiam
2546 520 2584 580 i,
2619 517 2735 579 Dei,
2793 517 2981 584 inquit,
3030 518 3166 570 istnc
3223 533 3380 571 causa
3439 522 3530 572 fa-

275 612 424 679 ἡμᾶς
441 610 700 674 εὐτελεῖς,
734 610 1142 681 καταφρονῆτε,
1174 611 1270 663 καὶ
1298 610 1599 662 ἀπόλλυσθε
1631 608 1694 679 [Ῑ.
1721 608 1854 660 ἀπό-

278 700 499 772 λησθε]·
536 700 601 754 ἄν
643 703 702 754 τέ
732 719 783 754 τι
823 701 1045 772 μέτριον
1072 702 1166 753 καὶ
1202 702 1459 753 ταπεινὸν
1493 699 1759 766 εἴπωμεν,
1792 696 1858 750 δι’

277 792 446 861 ὑμᾶς.
474 793 561 844 ἵνα
599 793 806 860 μάθητε
833 794 1300 860 ταπεινοφρονεῖν.
1328 790 1395 843 Ἢ
1436 793 1526 844 καὶ
1545 790 1719 851 ἄλλως
1745 806 1758 820 ·
1797 790 1858 841 Εἰ

278 883 378 951 μὲν
398 881 684 950 μαίνεσθαί
715 899 796 944 τις
828 883 973 951 ἡμᾶς
1030 880 1361 945 ὑποπτεύει,
1397 881 1548 950 παρά
1585 879 1718 932 Θεοῦ
1769 880 1858 930 τὸν

281 972 472 1041 μισθὸν
524 972 897 1040 ὲκδεχόμεθα,
936 973 1076 1042 ὑπὲρ
1135 971 1211 1025 ὢν
1273 972 1367 1025 ἐπὶ
1429 975 1542 1033 τοῖς
1595 969 1858 1031 τοιούτοις

277 1061 697 1129 ὑποπτευόμεθα
723 1077 736 1090 ·
780 1063 826 1113 εἰ
857 1061 912 1114 δὲ
955 1065 1251 1131 σωφρονεῖν
1273 1063 1506 1132 ἡγεῖται,
1537 1060 1698 1121 αὐτὸς
1727 1063 1860 1113 ἀπο-

274 1150 492 1206 λαυέτω
523 1155 618 1222 τῆς
655 1153 718 1202 ἐκ
772 1151 867 1203 τοῦ
927 1153 1227 1222 σωφρονεῖν
1258 1153 1406 1220 ἡμᾶς
1458 1149 1745 1218 ὠφελείας.
1788 1147 1855 1201 “ll

277 1246 373 1296 καὶ
411 1244 585 1308 ἄλλως
615 1261 628 1275 ·
665 1245 724 1296 Εἰ
757 1243 1088 1312 μαινόμεθα,
1119 1245 1206 1297 διὰ
1247 1247 1338 1297 τὸν
1370 1243 1503 1295 Θεὸν
1553 1241 1858 1313 μαινόμεθα

275 1335 531 1396 τοιαῦτα,
568 1336 656 1388 ἵνα
690 1337 836 1404 ἡμᾶς
875 1337 1024 1406 αὐτῷ
1056 1338 1524 1407 παραστήσωμεν.
1574 1333 1859 1403 Ἑμαίνετο

275 1430 331 1481 δὲ
363 1429 468 1498 ἄρα
493 1432 520 1482 ὁ
574 1428 780 1503 Παῦλος
812 1429 1008 1497 μανίαν
1035 1429 1328 1498 ἐρωτικὴν,
1383 1430 1475 1481 τοῦ
1517 1429 1649 1480 Θεοῦ
1685 1427 1850 1496 ἐρῶν,

275 1521 372 1572 καὶ
398 1521 471 1582 ὡς
502 1521 737 1589 ἐραστὴς
759 1522 950 1591 ἐκείνῳ
975 1522 1105 1586 ςῶν,
1139 1521 1216 1590 τῷ
1250 1521 1535 1591 ἐρωμένῳ,
1571 1518 1740 1589 φημὶ,
1763 1518 1857 1571 καὶ

279 1613 478 1674 ἐκστὰς
507 1615 720 1675 ἑαυτοῦ,
743 1615 836 1666 καὶ
852 1614 970 1676 ὅλος
989 1613 1122 1683 πρὸς
1153 1613 1242 1665 τὸν
1265 1613 1397 1665 Θεὸν
1424 1611 1719 1682 μεταστὰς,
1755 1611 1850 1663 καὶ

274 1705 334 1755 οὐ
367 1705 463 1772 τὴν
498 1705 692 1755 ἑαυτοῦ
718 1704 824 1767 ζῶν
853 1705 1019 1773 ζωὴν,
1055 1705 1188 1757 ἀλλά
1211 1705 1307 1774 τὴν
1336 1705 1428 1756 τοῦ
1452 1704 1752 1774 ἐρωμένου,
1783 1703 1856 1766 ὡς

277 1795 483 1863 σξὸδρα
518 1796 787 1867 ἐρωτικὴν
813 1799 932 1866 ἤτοι
967 1798 1280 1866 ἀγαπητήν.
1320 1797 1380 1847 Εἰ
1405 1793 1498 1847 οὖν
1528 1781 1853 1863 ἐξέστημεν,

1963 603 2161 663 cimus,
2201 618 2266 655 nc
2297 619 2407 670 ,vos
2449 606 2828 659 existimantes
2862 621 2958 658 nos
2988 621 3105 658 esse
3145 606 3298 669 viles,
3335 621 3532 673 asper-

1965 695 2162 746 nemini
2201 705 2255 749 et
2304 698 2553 763 pereatis.
2610 694 2734 749 Sive
2803 699 3135 750 moderatum
3179 700 3430 764 quiddam
3483 709 3535 750 et

1964 785 2165 838 humile
2198 787 2461 849 dicamus,
2497 795 2713 855 propter
2755 803 2873 849 vos,
2914 789 2988 841 uti
3045 788 3266 842 discatis
3299 789 3522 840 humilia

1963 892 2169 944 sapere.
2208 878 2299 931 Vel
2336 879 2492 932 aliter
2525 897 2537 930 :
2577 879 2630 930 Si
2685 880 2807 947 quis
2854 895 2948 933 nos
2990 880 3168 934 lurere
3200 879 3528 947 suspicetur,

1965 985 1992 1021 a
2031 970 2138 1023 Deo
2191 971 2490 1023 mercedem
2542 971 2854 1038 recipimus,
2915 988 2978 1024 eo
3031 974 3170 1040 quod
3224 973 3529 1041 Imjusmodi

1962 1062 2252 1131 suspicioni
2274 1062 2441 1114 simus
2459 1061 2711 1125 obnoxii;
2743 1064 2824 1114 sin
2853 1064 3064 1117 sobrios
3095 1079 3191 1116 nos
3215 1078 3333 1115 esse
3362 1072 3530 1129 putet,

1962 1155 2075 1223 ipse
2111 1154 2314 1221 pariter
2340 1155 2570 1206 utilitate
2592 1170 2620 1208 e
2650 1156 2944 1208 sobrietate
2979 1166 3157 1207 nostra
3183 1157 3532 1222 proveuicnte

1963 1246 2289 1314 perfruatur.
2327 1245 2419 1299 Vel
2474 1245 2628 1297 aliam
2671 1247 2734 1299 ad
2785 1249 3084 1299 rationem:
3117 1245 3170 1298 Si
3213 1246 3531 1302 insanimus,

1962 1339 2052 1391 Dei
2085 1353 2247 1391 causa
2291 1337 2361 1389 ita
2412 1338 2730 1400 insanimus,
2777 1348 2834 1390 ut
2875 1355 2967 1391 vos
3002 1338 3064 1389 ad
3103 1338 3271 1406 ipsum
3324 1340 3535 1404 perdu-

1959 1443 2169 1481 camus.
2215 1428 2524 1481 lnsanichat
2557 1428 2734 1495 itaque
2763 1427 2956 1482 l’aulus
2991 1428 3308 1481 amatoriam
3344 1445 3536 1496 quam--

1961 1521 2083 1573 dam
2133 1521 2422 1584 insaniam,
2482 1521 2645 1574 Deum
2685 1535 2893 1583 amans,
2949 1536 3012 1574 ac
3064 1522 3324 1574 amatoris
3362 1521 3533 1572 iltSlzti‘

1962 1613 2034 1666 illi
2082 1613 2289 1676 vivens,
2341 1627 2530 1678 nempe
2563 1610 2832 1674 adamato,
2869 1621 3018 1663 extra
3051 1612 3287 1679 seipsum
3327 1621 3532 1678 raptus,

1960 1720 2022 1759 ac
2057 1715 2198 1759 totus
2221 1705 2270 1758 in
2303 1705 2468 1757 Deum
2501 1706 2816 1767 translatus,
2847 1719 2944 1757 nec
2977 1720 3126 1758 suam
3163 1705 3327 1771 ipsius
3362 1706 3526 1756 vitam

1965 1797 2172 1860 vivens,
2210 1796 2302 1848 sed
2338 1795 2453 1862 ejus
2478 1809 2635 1862 quem
2673 1805 2838 1856 amat,
2872 1796 3185 1848 amatorium
3226 1795 3402 1862 plane,
3427 1795 3540 1846 sive

276 1889 464 1955 φησιν,
491 1889 692 1952 αὐτῶν,
724 1889 802 1959 τῷ
833 1888 952 1959 Θεῷ
984 1888 1202 1951 πάντως
1237 1888 1558 1958 ἐξέστημεν,
1595 1887 1714 1940 ἀντὶ
1744 1886 1856 1950 τοῦ,
1897 1853 1934 1907 Β
1974 1886 2218 1940 dilectam
2259 1897 2312 1938 et
2340 1885 2492 1938 valde
2523 1884 2684 1937 chara

1897 1853 1934 1907 Β
1974 1886 2218 1940 dilectam
2259 1897 2312 1938 et
2340 1885 2492 1938 valde
2523 1884 2764 1937 charam.
2803 1886 2857 1938 Si
2886 1886 3048 1955 igitur
3079 1900 3108 1938 e
3145 1886 3300 1937 nobis
3335 1899 3539 1937 exces—

274 1978 362 2030 διά
398 1979 487 2031 τὸν
521 1979 674 2033 Θεόν.

356 2179 374 2209 ι
409 2160 475 2212 Ἣ
507 2159 612 2228 γὰρ
638 2159 826 2228 ἀγάπη
850 2159 940 2211 τοῦ
966 2158 1199 2230 Χριστοῦ
1222 2161 1266 2191 ’⁷⁷
1311 2159 1522 2229 συνέχει
1545 2159 1714 2228 ἡμᾶς,
1742 2159 1862 2228 κρί-

277 2268 481 2313 ναντας
512 2252 693 2318 τοῦτο,
727 2253 811 2305 ὅτι
862 2252 909 2303 εί
947 2248 1026 2314 εἷς
1082 2253 1220 2323 ὑπὲρ
1284 2252 1501 2304 πάντων
1547 2249 1858 2313 ἀπέθανεν,

279 2343 388 2409 ἄρα
444 2341 492 2393 οἱ
547 2342 749 2404 πάντες
796 2342 1111 2394 ἀπέθανον·
1169 2342 1254 2393 ἵνα
1300 2343 1349 2393 οἱ
1398 2340 1599 2404 ζῶντες
1665 2342 1862 2410 μηκέτι

282 2433 492 2494 ἑαυτοῖς
519 2432 705 2495 ζῶσιν,
740 2432 877 2484 ἀλλά
908 2432 986 2500 τῷ
1026 2431 1166 2501 ὑπὲρ
1197 2432 1377 2484 αὐτῶν
1410 2432 1734 2484 ἀποθανόντι
1771 2430 1864 2484 καὶ

284 2524 584 2592 ἐγερθέντι.
636 2544 653 2575 ι
706 2525 768 2575 Ἢ
812 2525 1000 2592 ἀγάπη
1041 2523 1135 2576 τοῦ
1172 2525 1304 2576 Θεοῦ
1338 2525 1403 2595 ἢν
1435 2524 1748 2590 ἐπεδείξατο
1785 2526 1862 2587 εἰς

283 2617 455 2684 ἡμᾶς,
494 2615 704 2686 συνέχει
733 2617 880 2684 ἡμᾶς
911 2615 1005 2667 καὶ
1040 2614 1272 2667 συνωθεῖ
1303 2616 1383 2676 εἰς
1431 2615 1490 2666 τὸ
1531 2612 1863 2666 κινδυνεύειν

286 2707 431 2775 ὑπὲρ
470 2707 660 2771 αὑτοῦ,
696 2707 854 2758 τοῦτο
901 2706 1080 2767 καλῶς
1115 2706 1246 2774 παρ’
1278 2708 1493 2766 ἑαυτοῖς
1547 2705 1862 2776 κρίναντας,

286 2800 369 2850 ὅτι
397 2798 518 2849 ἐπεὶ
546 2797 817 2849 ἀπέθανεν
847 2797 990 2867 ὑπὲρ
1026 2797 1266 2858 πάντων,
1297 2796 1563 2865 πρόδηλον
1614 2796 1694 2848 ὅτι
1732 2795 1865 2848 πάν-

285 2907 378 2952 τες
411 2885 552 2959 ἦμεν
582 2889 945 2952 ἀπολωλότες,
987 2888 1080 2941 καὶ
1114 2889 1202 2940 διὰ
1235 2887 1391 2939 τοῦτο
1423 2887 1693 2940 ἀπέθανεν
1723 2887 1864 2955 ὑπὲρ

288 2979 399 3031 τῶν
448 2979 804 3032 ἀπολωλότων
848 2982 940 3031 καὶ
985 2980 1471 3046 τεθανατωμὲνων,
1527 2979 1614 3030 ϊεα
1668 2977 1865 3048 ζωώσῃ

290 3072 458 3140 ἡμᾶς.
500 3071 656 3123 Ἐπεὶ
716 3066 808 3123 οὖν
852 3069 1100 3132 ὲζώωσεν
1129 3111 1142 3133 ,
1187 3072 1285 3123 οὐκ
1337 3069 1625 3138 ὀφείλομεν
1681 3070 1865 3122 λοιπὸν

291 3166 502 3227 ἑαυτοῖς
529 3164 648 3232 ζῇν,
685 3163 798 3215 ἀλλ’
835 3163 1025 3232 ἐκείνῳ
1063 3164 1128 3215 δι’
1154 3164 1213 3215 ὃν
1269 3163 1482 3232 ζῶμεν-
1517 3161 1575 3225 ὂς
1614 3163 1673 3214 οὐ
1709 3163 1865 3231 μόνον

292 3254 560 3305 ἀπέθανεν
595 3252 928 3322 ὑπὲρὴμὼν,
958 3253 1093 3305 ἀλλὰ
1134 3255 1227 3305 καὶ
1271 3252 1502 3322 ἠγέρθη,
1553 3253 1651 3321 τὴν
1689 3253 1867 3322 ἀπαρ-

291 3347 394 3414 χὴν
423 3344 599 3412 ἡμῶν,
638 3346 904 3408 τουτέστι,
936 3347 995 3397 τὸ
1021 3345 1185 3398 αὑτοῦ
1228 3345 1385 3413 σῶμα
1419 3348 1495 3406 είς
1525 3346 1615 3398 τὸν
1641 3347 1867 3415 οὐρανὸν

293 3435 606 3503 ἀναγαγὼν,
628 3436 721 3488 καὶ
753 3436 838 3488 ἵνα
887 3437 1031 3504 ἡμᾶς
1076 3436 1300 3499 πάντως
1333 3436 1604 3506 ἀναγάγῃ.
1636 3436 1731 3498 Τίς
1762 3439 1868 3508 γὰρ

295 3528 430 3589 ὅλως
458 3528 616 3596 χρεία
645 3529 852 3579 ἐκεῖνον
877 3527 919 3557 ⁷⁸
947 3526 1214 3588 ἀνελθεῖν,
1241 3527 1287 3577 εί
1330 3526 1404 3596 μὴ
1453 3527 1752 3596 ἐμέλλομεν
1780 3529 1870 3581 καὶ

295 3621 457 3688 ἡμεῖς
496 3619 602 3672 τῶν
632 3619 831 3689 ὁμοίων
851 3620 1033 3688 τυχεῖν
1061 3637 1074 3683 ;
1109 3618 1272 3671 Ὥστε
1309 3618 1404 3671 καὶ
1437 3619 1568 3671 διότι
1604 3619 1872 3672 ἀπέθανεν

298 3712 440 3782 ὑπὲρ
472 3712 651 3782 ἡμῶν,
688 3714 782 3764 καὶ
814 3711 948 3764 διότι
984 3711 1231 3775 ἐζώωσεν
1259 3712 1427 3781 ἡμᾶς,
1461 3713 1555 3764 καὶ
1582 3713 1715 3764 διότι
1745 3714 1872 3775 τοὺς

300 3804 630 3876 ἀρραϐῶνας
663 3806 794 3873 ἡμῖν
842 3804 939 3871 τῆς
970 3804 1278 3875 ἀφθαρσίας
1324 3804 1544 3867 ἔδωκεν,
1587 3805 1871 3876 ὀφείλομεν

299 3896 448 3967 αὐτᾷ
476 3899 598 3966 ζῇν,
647 3897 739 3949 καὶ
773 3898 890 3966 οὐχὶ
914 3899 1028 3959 ταῖς
1060 3897 1266 3950 ἑαυτῶν
1295 3897 1630 3967 ἐπιθυμίαις.

380 4099 399 4132 ‹
440 4080 602 4131 ’Ὠστε
629 4081 786 4149 ἡμεῖς
825 4079 929 4132 ἀπὸ
961 4078 1054 4131 τοῦ
1094 4076 1188 4131 νῦν
1218 4078 1406 4131 οὐδένα
1448 4078 1672 4150 οἴδαμεν
1732 4081 1874 4132 κατά

304 4173 502 4243 σάρκα.
533 4190 551 4222 ι
592 4171 744 4223 Ἐπεὶ
778 4172 978 4232 πάντες
1003 4169 1408 4232 θανατωθέντες
1439 4170 1543 4222 ὑπὸ
1568 4173 1665 4241 τῆς
1697 4171 1876 4242 ἀμαρ-

301 4266 444 4328 τέας,
481 4262 876 4331 ἀνεζωώθησαν
901 4263 1004 4314 ὑπὸ
1032 4261 1125 4315 τοῦ
1155 4262 1390 4329 Χριστοῦ
1418 4262 1506 4314 διά
1539 4262 1633 4315 τοῦ
1684 4263 1876 4332 βαπτίσ

304 4373 510 4425 σματος
535 4370 548 4384 ·
585 4353 808 4416 εἰκότως
841 4354 1032 4406 οὐδένα
1057 4355 1298 4424 οἴδαμεν,
1329 4357 1482 4425 φησι,
1528 4356 1636 4408 τῶν
1672 4357 1876 4409 πιστῶν

303 4446 448 4500 κατά
479 4445 656 4515 σάρκα
678 4443 860 4507 ζῶντα
903 4447 972 4510 ⁷³,
1004 4447 1276 4518 τουτέστι,
1317 4448 1458 4500 κατὰ
1482 4447 1591 4526 ’τὴν
1642 4448 1878 4501 παλαι-ἀν

1971 1979 2158 2042 simus,
2198 1978 2389 2048 inquit,
2434 1977 2542 2030 Deo
2575 1979 2795 2032 omnino
2839 1979 3190 2044 excessimus,
3229 1977 3280 2030 id
3314 1987 3417 2042 est,
3449 1977 3538 2030 Dei

1971 2087 2152 2127 causa.
3543 2069 3547 2073 ’

2046 2167 2210 2220 Vens.
2247 2169 2334 2230 Η,
2370 2169 2454 2224 15.
2492 2189 2509 2221 ι
2548 2168 2796 2224 Charitas
2826 2164 2966 2218 enim
3003 2162 3206 2218 Christi
3234 2171 3385 2231 urget
3417 2177 3540 2224 nos,

1970 2260 2304 2314 aestimantes
2325 2261 2444 2324 hoc,
2477 2261 2617 2330 quod
2646 2261 2689 2313 si
2727 2275 2862 2312 unus
2889 2273 2985 2326 pro
3013 2258 3266 2310 onmibus
3293 2265 3540 2308 mortuus

1971 2361 2073 2414 εει,
2106 2366 2234 2418 ergo
2285 2366 2471 2406 onmes
2504 2350 2699 2404 mortui
2749 2359 2905 2413 sunt;
2966 2357 3023 2402 ut
3057 2349 3147 2414 qui
3191 2349 3396 2409 vivunt,
3429 2345 3540 2413 jam

1973 2459 2077 2498 non
2105 2443 2203 2496 sibi
2248 2445 2453 2506 vivant,
2513 2443 2606 2498 sed
2646 2443 2692 2496 ei
2741 2442 2830 2510 qui
2879 2457 2976 2509 pro
3004 2441 3132 2508 ipsis
3165 2450 3408 2492 mortuus
3437 2449 3540 2498 est,

1971 2543 2027 2588 et
2055 2535 2373 2588 resurrexit.
2407 2553 2424 2585 υ
2453 2533 2680 2588 Dilectio
2705 2532 2799 2587 Dei
2822 2548 2981 2601 quam
3006 2531 3395 2598 exhibuiterga
3423 2546 3541 2592 nos,

1972 2637 2127 2695 urget
2159 2641 2255 2679 nos
2285 2635 2338 2679 et
2380 2624 2660 2694 compellit
2696 2635 2752 2678 ut
2787 2624 2906 2693 ejus
2939 2638 3123 2678 amore
3158 2624 3396 2693 pericula
3443 2639 3539 2676 su-

1977 2718 2220 2778 beamus,
2277 2718 2376 2770 hoc
2432 2717 2596 2784 probe
2650 2717 2788 2785 apud
2854 2731 2950 2769 nos
3002 2714 3324 2783 iudicantes,
3395 2717 3539 2782 quod

1972 2810 2096 2879 quia
2147 2819 2392 2862 mortuus
2440 2820 2522 2862 est
2568 2823 2663 2876 pro
2712 2806 2984 2870 omnibus,
3036 2806 3378 2874 perspicumn
3452 2816 3545 2858 est

1973 2900 2114 2968 quod
2155 2913 2346 2952 omnes
2375 2899 2730 2965 perieramus,
2764 2911 2990 2964 eamque
3021 2897 3090 2950 ob
3126 2910 3345 2949 causam
3397 2910 3540 2948 mor-

1976 3000 2097 3043 tuus
2123 3000 2204 3043 est
2236 3005 2330 3058 pro
2358 2990 2421 3041 iis
2449 2989 2539 3058 qui
2577 2989 2873 3057 perierant,
2900 2988 3254 3056 obierantque
3287 2996 3540 3048 mortem,

1975 3093 2031 3136 ut
2064 3097 2163 3136 nos
2219 3083 2540 3135 vivilicaret.
2575 3080 2838 3146 Quoniam
2878 3081 3039 3150 igitur
3075 3095 3173 3134 nos
3227 3080 3541 3142 viviﬁcavit,

1893 3205 1938 3267 Ο
1977 3190 2081 3229 non
2131 3174 2389 3228 debemus
2437 3188 2598 3242 porro
2654 3174 2808 3227 nobis
2868 3174 2996 3242 ipsis
3040 3174 3239 3236 vivere,
3292 3173 3382 3226 sed
3447 3173 3541 3234 illi,

1973 3276 2190 3334 propter
2242 3280 2401 3335 quem
2457 3266 2690 3317 vivimus
2732 3281 2744 3316 :
2781 3264 2868 3331 qui
2919 3265 3110 3317 nedum
3161 3273 3407 3318 mertuus
3461 3275 3548 3316 est

1974 3372 2070 3422 pro
2103 3357 2278 3419 nobis,
2335 3371 2520 3409 verum
2561 3356 2723 3409 etiam
2782 3355 3102 3419 resurrexit,
3134 3355 3398 3424 primitias
3444 3370 3546 3410 [ιο-

1973 3459 2135 3512 stras,
2170 3450 2267 3502 hoc
2296 3458 2395 3511 est,
2430 3462 2625 3514 corpus
2663 3462 2820 3501 suum
2870 3448 2922 3501 in
2955 3447 3119 3500 caelos
3168 3450 3438 3509 referens,
3492 3458 3549 3499 ut

1975 3541 2194 3595 omnino
2219 3553 2314 3591 nos
2340 3538 2500 3591 etiam
2544 3552 2609 3590 eo
2638 3538 2919 3605 perducat.
2955 3538 3093 3604 Quid
3128 3540 3270 3592 enim
3308 3554 3530 3607 prorsus

1973 3646 2108 3698 opus
2149 3638 2264 3682 erat
2295 3629 2444 3682 illum
2483 3629 2798 3692 ascendere,
2841 3629 2939 3683 nisi
2970 3645 3069 3685 nos
3097 3644 3315 3700 quoque
3351 3630 3548 3684 similia

1977 3723 2320 3776 consecuturi
2357 3721 2641 3774 essemus?
2689 3721 2939 3786 Proinde,
2982 3723 3106 3791 quia
3165 3732 3408 3776 mortuus
3467 3735 3550 3776 est

1975 3830 2072 3885 pro
2119 3814 2292 3878 nobis,
2348 3823 2401 3866 et
2443 3828 2545 3881 qua
2601 3812 2889 3866 viviﬁcavit
2928 3830 3044 3878 nos,
3099 3821 3154 3867 et
3216 3815 3338 3883 quia
3391 3816 3547 3868 nobis

1976 3906 2310 3960 arrhabones
2337 3903 2860 3973 incorruptibilitatis
2885 3905 3049 3968 dedit,
3078 3905 3174 3973 ipsi
3197 3904 3249 3958 in
3273 3902 3558 3974 posterum

1977 3997 2231 4052 debemus
2266 3996 2469 4060 vivere,
2501 3996 2642 4049 haud
2681 3997 2880 4049 nostris
2911 3997 3314 4064 cupiditatibus.

2053 4087 2219 4143 Vens.
2252 4089 2337 4142 16.
2371 4108 2388 4139 ι
2420 4086 2605 4158 Itaque
2636 4104 2732 4143 nos
2760 4104 2823 4143 ex
2857 4089 2960 4144 hoc
2993 4090 3260 4142 neminem
3294 4090 3542 4141 novimus

1978 4183 2270 4236 secundum
2303 4196 2540 4234 carnem.
2592 4200 2609 4231 ›
2647 4180 2780 4246 Quia
2807 4195 2996 4235 omnes
3038 4180 3199 4234 occisi
3246 4195 3275 4232 a
3325 4189 3543 4246 peccato

1984 4269 2298 4331 reviximus,
2323 4277 2378 4321 et
2408 4267 2605 4320 viﬁcati
2632 4282 2817 4322 sumus
2842 4283 2867 4318 a
2897 4265 3113 4320 Christo
3140 4281 3234 4333 per
3260 4267 3546 4333 baptisna,

1984 4359 2173 4412 merito
2204 4357 2474 4410 nemiuem
2521 4358 2768 4409 novimus
2814 4355 3078 4417 ﬁdelium,
3134 4354 3328 4422 inquit,
3359 4368 3552 4406 secun-

1983 4449 2108 4502 dum
2143 4463 2364 4502 carnem
2404 4449 2691 4511 viventem,
2752 4448 2852 4500 hoc
2889 4437 2994 4506 est,
3024 4446 3174 4514 juxta
3222 4455 3460 4497 veterem
3501 4451 3552 4496 et

305 4539 402 4592 καὶ
457 4537 722 4607 σαρκικὴν
757 4536 1052 4590 πολιτείαν.
1102 4537 1309 4600 Πάντες
1338 4537 1444 4608 γὰρ
1490 4538 1564 4605 τῷ
1601 4540 1878 4609 Πνεύματι
1907 4536 1958 4595 D
1987 4538 2260 4594 carnalem
2299 4539 2486 4592 vitam.
2531 4536 2694 4592 Omne

1907 4536 1958 4595 D
1987 4538 2260 4594 carnalem
2299 4539 2486 4592 vitam.
2531 4536 2730 4592 Omnes
2779 4537 2920 4591 enim
2966 4535 3168 4604 Spiritu
3226 4535 3547 4604 regenerati,

309 4625 794 4696 ἀναγεννηθέντες,
836 4627 962 4679 νέαν
987 4632 1084 4679 καὶ
1106 4627 1486 4698 πνευματικὴν
1520 4629 1663 4699 ζωὴν
1688 4632 1880 4701 μετέρ.

306 4736 513 4788 χονται.

389 4829 407 4861 ‹
445 4809 507 4861 El
535 4809 591 4862 δὲ
623 4809 715 4862 καὶ
752 4809 1075 4879 ἐγνώκαμεν
1095 4810 1236 4864 κατὰ
1251 4810 1429 4881 σάρκα
1453 4812 1710 4879 Χριστὸν,
1741 4812 1876 4867 ἀλλά

311 4901 409 4954 νῦν
451 4901 638 4954 οὐκέτι
669 4900 1037 4970 γινώσκομεν.
1085 4920 1102 4952 ι
1141 4903 1428 4954 Δείκνυσιν
1463 4904 1545 4955 ὅτι
1570 4905 1663 4956 καὶ
1690 4904 1882 4956 τούτου

311 4992 502 5056 αὐτοῦ,
540 4992 633 5045 τοῦ
667 4993 741 5062 μὴ
772 4993 912 5046 κατά
946 4992 1126 5062 σάρκα
1153 4992 1272 5063 ζῇν,
1306 4995 1472 5062 φημὶ,
1503 4995 1743 5065 ἀρχηγὸν
1771 4995 1887 5066 ἔχο-

316 5104 417 5156 μεν
453 5086 546 5137 τὸν
571 5085 844 5154 Χριστόν·
873 5083 965 5136 καί
1001 5103 1186 5154 φησιν,
1217 5085 1297 5138 ὅτι
1337 5086 1398 5136 El
1433 5086 1526 5138 καὶ
1577 5088 1604 5139 ὁ
1657 5088 1888 5156 Χριστὸς

313 5175 382 5246 ἦν
409 5193 540 5228 ποτε
573 5177 714 5228 κατά
739 5176 938 5246 σάρκα,
968 5176 1102 5228 ἀλλὰ
1149 5175 1243 5229 νῦν
1274 5176 1456 5229 οὐκέτι
1483 5177 1619 5234 ἐστί,
1657 5179 1720 5230 Τί
1755 5178 1886 5245 οὒν;

312 5272 415 5337 τὴν
457 5270 636 5336 σάρκα
694 5267 969 5333 ἀπέθετο;
1003 5269 1092 5336 Μὴ
1159 5269 1402 5335 γένοιτο·
1437 5268 1511 5331 ὡς
1553 5269 1661 5338 γὰρ
1690 5269 1884 5339 ἀνελή-

316 5363 450 5432 φθη,
483 5361 625 5413 οῦτω
655 5360 700 5391 ⁸ο
730 5362 822 5411 καὶ
856 5359 1162 5413 ἐλεύσεται.
1204 5361 1509 5430 Ἀνελήφθη
1548 5362 1605 5413 δὲ
1639 5363 1696 5414 ἐν
1724 5364 1887 5433 σαρκὶ

318 5456 414 5506 καὶ
447 5452 582 5520 ελετά
621 5450 711 5503 τοῦ
746 5450 1018 5520 σώματος.
1039 5452 1104 5503 Τί
1137 5451 1314 5504 τοίνυν
1337 5452 1541 5520 φησίν;
1572 5451 1696 5504 ’Ότι
1725 5455 1885 5522 ἡμεῖς

437 5611 449 5642 ι
489 5609 608 5661 Aet.
643 5624 715 5671 tv,
753 5608 838 5660 ll.

1983 4645 2178 4685 novam
2215 4639 2267 4684 et
2292 4628 2625 4696 spiritualem
2645 4629 2807 4683 vitam
2839 4631 3060 4683 ducunt.

2049 4815 2206 4883 271
2249 4830 2268 4864 ι
2298 4811 2413 4865 Etsi
2439 4810 2791 4880 cognovimus
2819 4811 3113 4863 secundum
3149 4821 3366 4862 carnem
3388 4806 3549 4860 Chri-

1983 4915 2144 4972 stum,
2183 4905 2276 4958 sed
2308 4918 2449 4957 nunc
2474 4919 2576 4956 non
2612 4903 2880 4956 novimus.
2915 4919 2932 4952 ι
2971 4901 3176 4954 lnilicat
3225 4899 3368 4968 quod
3404 4898 3552 4951 Chri-

1984 5009 2123 5052 stum
2167 4997 2358 5049 ducem
2414 5003 2467 5048 et
2501 4994 2797 5062 principem
2836 4993 3094 5045 habemus
3131 4990 3292 5059 lmjus
3348 4990 3547 5058 ipsius,

1988 5102 2176 5156 nempe
2209 5097 2263 5140 ut
2295 5087 2587 5140 secundum
2619 5098 2834 5138 Carnem
2865 5098 2968 5137 non
3003 5083 3270 5147 vivamus,
3305 5081 3435 5144 Etsi,
3475 5082 3553 5133 iu-

1987 5181 2201 5250 quiens,
2232 5177 2482 5231 Christus
2513 5176 2636 5231 olim
2664 5173 2962 5228 secundum
2994 5188 3209 5226 carnem
3240 5181 3381 5236 erat,
3408 5187 3550 5225 nunc

1990 5285 2167 5327 tamen
2226 5285 2330 5323 non
2369 5279 2472 5324 est.
2502 5268 2638 5333 Quid
2704 5267 2874 5320 inde?
2907 5281 3201 5321 carnenme
3267 5266 3552 5334 deposuit?

1987 5365 2202 5418 Minime
2247 5378 2420 5416 :nam
2467 5360 2916 5430 quemadmodum
2968 5368 3272 5424 assumptus
3325 5368 3427 5422 est,
3475 5357 3554 5410 sic

1988 5458 2148 5511 etiam
2210 5455 2386 5508 veniet
2427 5456 2465 5508 ι.
2497 5455 2817 5521 Assumptus
2854 5460 2935 5505 est
2984 5458 3160 5504 autem
3199 5449 3249 5502 in
3287 5464 3468 5512 carne,
3500 5458 3555 5501 et

1678 5703 1865 5764 Varite
1913 5704 2232 5765 lectiones.

396 5803 445 5837 ’⁷
485 5802 622 5857 Θεοῦ
654 5821 708 5859 ο.

784 5806 828 5838 ⁷⁸
884 5804 1077 5876 ἐκείνῳ
1128 5821 1181 5861 o.
1261 5808 1301 5837 7“
1335 5806 1464 5859 ὅντα
1503 5819 1554 5861 o.

1632 5807 1675 5837 ὐ
1720 5804 1957 5869 τοιοῦ;τς
2003 5824 2054 5862 ο.
