4242 6462
821 366 929 430 85')

1734 380 2305 446 THEOPHYLACTI
2342 386 2754 456 B‘JLGARIIE
2786 401 3139 469 ARCHI‘EP.

3962 424 4074 487 860

822 494 923 549 ιιυε
956 482 1305 551 θεεεριθιιηθ,
1326 499 1452 544 ecce
1479 506 1623 546 uuuc
1653 495 1770 550 dies
1797 498 2006 551 salutis.
2046 518 2065 550 ι
2099 500 2393 566 Qualeuam
2424 506 2471 563 Α

823 578 1031 599 ............
1073 580 1439 599 “metu-..
1472 581 1508 599 η
1742 588 1753 599 .
2261 597 2269 599 _
2338 597 2345 599 ε

2424 506 2471 563 Α
2502 513 2851 582 πρόσδεκτος,
2881 518 2990 571 ἰδοὺ
3020 520 3113 573 νῦν
3141 523 3326 594 ἡμέρα
3368 530 3661 599 σωτηρίας.
3696 550 3713 583 ι
3749 534 4073 597 Hotoma-

823 578 1033 641 tempus
1071 580 1439 644 aeceptabile?
1470 581 1689 650 Gratiae,
1741 588 1794 641 in
1844 605 1951 658 quo
2002 603 2084 646 est
2137 597 2386 652 remissio

823 673 1187 733 peccatorum,
1215 669 1545 743 justitiaeque
1582 680 2037 740 subministratio.
2094 685 2243 741 lstud
2304 698 2386 742 est

820 756 1154 822 acceptabile
1200 770 1429 830 tempus,
1465 766 1518 819 in
1566 782 1670 835 quo
1692 786 1789 825 nos
1819 771 1963 831 Deus
1987 779 2194 846 recnpit,
2222 794 2387 833 exan-

818 842 1003 913 ditque
1039 863 1156 914 nos,
1190 861 1244 906 et
1264 868 1464 910 servat.
1507 857 1701 914 Judicii
1736 865 1878 919 enim
1925 875 2186 934 tempore,
2216 884 2384 938 neque

819 935 1089 1000 exaudiet,
1128 955 1305 1011 neque
1332 945 1627 1013 adjuvabit,
1657 966 1830 1021 neque
1878 958 2134 1011 servabit.
2167 960 2222 1011 lu
2283 963 2384 1015 hoc

821 1024 998 1092 itaque
1053 1033 1243 1099 gratiae
1307 1044 1546 1105 tempore
1603 1052 1814 1098 certare
1868 1045 2167 1117 debemus;
2220 1052 2382 1107 facile

819 1128 1054 1185 namque
1083 1136 1440 1190 assequemur
1473 1133 1711 1198 praemia.

893 1297 1059 1355 νεεδ.
1087 1303 1142 1359 5.
1174 1324 1195 1358 ‹
1228 1305 1435 1364 Nullam
1468 1312 1573 1368 ulla
1610 1315 1664 1370 in
1700 1333 1757 1374 re
1788 1320 1978 1379 dantes
1998 1324 2378 1398 oﬂ'ensiouem,

821 1397 876 1439 nt
902 1404 1006 1443 non
1049 1394 1384 1463 vituperetur
1414 1403 1772 1463 ministerium
1800 1422 2065 1472 nostrum.
2112 1436 2131 1469 ι
2168 1421 2382 1477 Adhor-

816 1484 1013 1541 tamur,
1071 1484 1265 1552 inquit,
1322 1498 1375 1543 et
1440 1506 1814 1564 cooperamur.
1869 1503 2191 1569 Quomodo?
2230 1510 2377 1566 Citra

815 1568 1164 1627 ochnsionem
1200 1578 1463 1637 viventes.
1491 1584 1595 1640 Per
1630 1594 1957 1649 narratiOuis
2005 1609 2183 1654 autem
2231 1606 2380 1657 ordi-

816 1675 938 1712 nem
976 1665 1226 1731 consulit,
1254 1680 1313 1724 ut
1347 1682 1401 1727 et
1437 1675 1533 1743 ipsi
1561 1677 1709 1732 illum
1735 1681 2070 1742 intueantur.
2101 1689 2191 1746 Sic
2208 1694 2373 1760 enim,

814 1748 1007 1818 inquit,
1042 1755 1268 1814 instituo
1302 1765 1459 1818 vitam
1490 1785 1683 1835 meam,
1716 1785 1773 1827 ut
1814 1781 2011 1835 nedum
2050 1799 2155 1838 non
2205 1802 2370 1842 accu-

812 2023 947 2077 rium
1013 2041 1278 2089 nostrum.
1336 2034 1569 2095 Rursum
1604 2061 1707 2100 non
1751 2049 1905 2119 dixit,
1937 2051 2015 2109 Ne
2066 2071 2370 2130 accusetur,

813 2127 1027 2180 verum,
1080 2119 1163 2176 Ne
1196 2126 1470 2182 minimam
1505 2134 1721 2201 quidem
1781 2145 2251 2210 reprehensionem
2283 2171 2373 2210 ac-

808 2206 970 2274 cipiat
999 2224 1133 2279 opus
1174 2230 1373 2284 meum,
1408 2231 1461 2276 et
1486 2226 1841 2285 ministerium
1876 2234 2076 2294 mirum.
2118 2242 2369 2303 Nonnulli

806 2388 1075 2445 cationem
1104 2395 1380 2466 reﬂectat;
1426 2402 1565 2460 haue
1610 2411 1752 2467 enim
1783 2416 2140 2478 ministerium
2211 2443 2366 2487 suum

807 2480 1056 2547 appellat.
1085 2484 1166 2540 Me
1186 2489 1328 2543 enim
1353 2494 1491 2549 male
1521 2499 1757 2567 vivente,
1779 2511 2087 2573 praedicatio
2145 2524 2368 2577 concul-

806 2572 1016 2627 cabitur
1073 2587 1124 2631 et
1191 2581 1603 2651 vituperabitur.
1640 2572 1954 2654 Clanculum
2018 2617 2198 2664 autem
2246 2613 2368 2671 illos

803 2677 1017 2736 quoque
1039 2671 1361 2740 subindicat,
1385 2683 1525 2747 quod
1556 2683 1713 2741 Vobis
1735 2692 1895 2747 etiam
1948 2698 2087 2755 male
2141 2704 2366 2763 viventi-

804 2755 940 2819 bus,
975 2763 1042 2814 ad
1077 2762 1348 2821 Christum
1413 2781 1469 2827 et
1537 2776 1694 2833 iidem
1755 2780 2082 2854 blasphemia

805 2846 979 2903 dabit.

802 3038 1052 3099 tanquam
1086 3037 1174 3092 Dei
1210 3043 1461 3099 ministri.
1507 3067 1527 3101 ι
1551 3052 1665 3107 Hoc
1697 3058 1869 3127 majus
1896 3073 2002 3129 est,
2042 3085 2146 3124 non
2177 3037 2353 3132 satum

800 3121 1036 3189 scipsum
1070 3130 1136 3182 ab
1181 3140 1612 3197 accusationibus
1635 3159 1688 3200 et
1725 3155 2235 3221 reprehensionibus
2261 3186 2357 3239 pu-

800 3229 915 3239 n...u
939 3217 1104 3239 f.-‘_,_
1433 3233 1443 3239 .
1562 3237 1570 3239 .
1638 3238 1643 3239 ,

1787 3217 1800 3219 _
2121 3217 2232 3221 ρη-
2262 3217 2326 3239 τ-

799 3229 917 3268 rum
938 3217 1133 3279 facere.
1166 3239 1346 3281 verum
1373 3233 1533 3287 etiam
1560 3237 1860 3307 hujusmodi
1895 3248 2052 3305 vitam
2084 3270 2360 3317 common-

798 3314 995 3371 strare,
1024 3321 1081 3362 ut
1131 3329 1226 3380 per
1274 3320 1440 3386 ipsam
1475 3340 1729 3394 appareat
1783 3351 1903 3395 esse
1961 3346 2208 3403 minister
2241 3353 2356 3413 Dei.

795 3394 913 3452 Non
944 3403 1080 3457 dixit
1108 3418 1308 3476 autem,
1340 3415 1693 3490 Apparentes,
1729 3430 1841 3499 sed,
1882 3451 1900 3484 ι
1942 3435 2289 3511 Exhibeutes,
2337 3468 2355 3501 ι

800 3486 900 3511 ιώ,
1079 3498 1088 3511 .

797 3486 903 3545 hoc
928 3502 1033 3559 est,
1060 3498 1509 3565 demonstrantes.

872 3598 892 3632 ι
932 3582 987 3636 1η
1020 3588 1276 3654 patientia
1340 3598 1525 3655 multa.
1565 3623 1583 3655 υ
1622 3605 1836 3666 Modum
1896 3616 2027 3672 dicit
2074 3637 2182 3690 quo
2238 3629 2360 3687 talis

792 3673 987 3738 evasit,
1037 3692 1131 3744 per
1177 3683 1489 3749 patientiam
1541 3694 1823 3756 videlicet:
1858 3719 1959 3761 nec
2017 3710 2357 3785 simpliciter,

794 3775 848 3785 --
874 3765 885 3785 Ι
956 3784 964 3785 κ
996 3765 1059 3785 Ιὶ-
1220 3772 1249 3785 ’ν
1462 3781 1473 3785 “

791 3765 907 3827 sed,
948 3784 965 3815 ι
995 3765 1097 3821 Per
1125 3772 1370 3839 multam,
1404 3796 1422 3829 ›
1461 3781 1651 3851 inquit.
1680 3788 1795 3844 Non
1851 3797 1996 3850 enim
2057 3765 2190 3860 saiis
2252 3765 2356 3875 est:

795 3868 960 3908 unum
991 3859 1192 3928 aliquid
1229 3875 1281 3918 et
1339 3869 1568 3926 alterum
1618 3879 1865 3949 suﬂerre,
1924 3899 2179 3948 caeterum
2221 3910 2359 3969 Opus

797 3957 871 3969 ..ηι
910 3950 971 3969 ινΙ
1004 3951 1030 3969 τ’
1092 3968 1097 3969 γ
1526 3968 1531 3969 ⁷

793 3957 877 3999 cst
907 3950 972 4003 ad
1003 3951 1161 4008 ﬁnem
1200 3973 1371 4029 usque
1401 3968 1693 4025 sustinere.

869 4056 888 4088 ι
924 4037 979 4093 ln
1012 4045 1466 4118 tribulationibus,
1496 4056 1549 4110 in
1590 4065 2026 4127 necessitatibus.
2073 4094 2093 4127 ι
2125 4075 2250 4134 HERC
2271 4091 2356 4137 est

792 4132 1155 4193 tribulationis
1206 4141 1439 4200 iuteusio
1480 4160 1533 4201 et
1594 4161 1959 4227 exaggeratio,
1988 4170 2204 4232 quando
2260 4172 2358 4226 in-

792 4226 1134 4283 extricabilia
1206 4235 1346 4289 mala
1411 4237 1644 4308 fuerint,
1703 4260 1822 4314 quae
1891 4251 2165 4313 hominem
2230 4278 2354 4332 pre-

791 4325 967 4371 tnuut.

864 4424 883 4458 ι
926 4409 982 4461 ln
1025 4417 1307 4481 angustiis.
1352 4439 1369 4471 ι
1408 4421 1537 4487 Quae
1564 4439 1687 4483 sunt
1716 4431 1930 4501 alame,
1979 4437 2063 4493 vel
2094 4440 2354 4513 simplici-

792 4510 872 4553 ter
906 4517 935 4555 a
966 4509 1374 4567 tentationibus.

843 4594 1008 4668 274
1039 4600 1199 4656 Vens.
1232 4605 1283 4659 5.
1307 4625 1325 4656 ι
1360 4606 1415 4662 ln
1438 4610 1605 4693 plagis
1638 4628 1694 4669 et
1719 4619 2047 4677 carceribus.
2080 4644 2099 4678 ι
2128 4627 2352 4693 Quando

787 4687 957 4756 plagae
980 4701 1029 4743 et
1064 4708 1308 4751 carceres
1369 4686 1568 4767 adsitti,
1604 4706 1726 4761 vide
1777 4723 2035 4778 quantum
2070 4718 2142 4772 sit
2175 4723 2298 4777 ntali
2332 4743 2345 4791 ;

788 4778 1055 4847 siquidem
1095 4784 1176 4838 vel
1220 4788 1449 4845 alterunt
1495 4795 1685 4851 horum
1740 4816 1835 4870 per
1874 4819 1933 4861 se
1980 4809 2051 4863 sit
2091 4817 2347 4879 gravissi-

793 4883 958 4923 IIIUID.

865 4977 882 5009 ι
921 4958 978 5013 ln
1008 4966 1382 5026 seditionibus.
1422 4992 1439 5024 ι
1469 4972 1579 5031 lloc
1606 4987 1707 5046 est,
1752 4982 1802 5035 iu
1858 4994 2351 5064 perseeutionibus,

789 5057 1004 5115 quando
1046 5073 1147 5111 non
1187 5061 1435 5119 habuerit
1472 5069 1665 5139 aliquis
1730 5075 1817 5129 ubi
1876 5081 2063 5146 pedem
2106 5086 2255 5156 ﬁgat,
2290 5057 2355 5147 de

787 5144 904 5199 loco
933 5148 984 5200 iu
1018 5149 1192 5205 locum
1220 5166 1393 5211 actus.

871 5248 890 5282 ι
920 5233 975 5286 lu
1019 5237 1312 5308 laboribus,
1346 5249 1395 5301 in
1431 5253 1648 5321 vigiliis,
1682 5258 1731 5311 in
1759 5258 1998 5329 jt-jnniis.
2035 5285 2053 5316 ι
2099 5267 2231 5322 Cum
2262 5271 2346 5323 di-

784 5322 949 5376 xisset
981 5327 1044 5379 de
1076 5336 1334 5396 externis,
1366 5353 1484 5407 qua:
1514 5357 1607 5395 sua
1655 5358 1779 5399 sunt
1804 5350 1913 5415 jam
1958 5351 2043 5407 hic
2100 5359 2341 5425 apponit,

787 5414 982 5480 quibus
1008 5433 1191 5489 suapte
1218 5438 1407 5494 sponte
1428 5447 1545 5487 sese
1575 5435 1838 5507 aﬂligchat
1864 5458 1878 5493 :
1911 5460 1929 5491 ι
1971 5442 2290 5513 Laboribus,
2320 5470 2337 5502 ι

790 5520 1045 5563 manuum
1091 5515 1318 5582 scilicet,
1363 5538 1458 5590 per
1518 5542 1654 5592 quos
1711 5539 1763 5582 ct
1816 5534 2053 5601 scipsum
2104 5549 2155 5591 et
2209 5542 2344 5598 alios

2494 604 2586 674 ρος
2636 607 3173 677 εὐπρόσδεκτοςςιλο
3234 617 3330 686 τῆς
3381 620 3624 689 χάριτος,
3682 624 3738 675 ἐν
3793 620 3837 693 ᾧ
3871 627 4072 695 ἄφεσις

2491 696 2926 767 ἁμαρτημάτων.
2990 704 3081 755 καὶ
3124 704 3479 780 δικαιοσύνης
3526 715 3780 783 χορηγία.
3837 713 4016 779 Οὗτος
4046 723 4072 771 ό

2489 787 2675 850 δεκτὸς
2702 791 2910 860 καιρὸς,
2946 796 3002 845 ἐν
3023 787 3067 861 ᾧ
3122 796 3335 866 δέχεται
3370 803 3517 871 ἡμᾶς
3544 806 3572 855 ὁ
3600 805 3750 868 Θεὸς,
3787 808 3886 859 καὶ
3917 810 4056 861 ἐπα-

2492 880 2641 932 κούει
2672 882 2849 951 ἡμῶν,
2878 887 2970 938 καὶ
3015 886 3197 952 σώζει.
3242 891 3329 944 Ἐν
3382 895 3491 964 γὰρ
3534 896 3610 966 τῷ
3659 899 3757 967 τῆς
3825 900 4069 969 κρίσεως

2492 972 2687 1041 καιρῷ,
2716 973 2838 1027 οὔτε
2893 978 3281 1047 ἐπακούσεται,
3310 983 3432 1037 οὕτε
3482 986 3759 1058 βοηθήσει,
3791 991 3926 1042 οὔτε
3959 993 4067 1043 σώ-

2490 1079 2591 1116 σει.
2634 1064 2720 1115 Ἐν
2750 1065 2887 1135 τῷδε
2912 1068 3008 1138 τῆς
3049 1071 3272 1142 χάριτος
3306 1076 3398 1129 οὖν
3443 1078 3642 1149 καιρῷ,
3688 1082 4065 1147 ἀγωνίζεσθαι

2487 1153 2822 1224 ὀφείλομεν·
2858 1158 3097 1223 εὐκόλως
3138 1164 3245 1235 γὰρ
3302 1168 3698 1240 ἐπιτευξόμεθα
3752 1173 3867 1225 τῶν
3932 1174 4066 1244 βρα-

2488 1244 2545 1297 6ε
2557 1245 2670 1299 ίων.

2564 1357 2581 1389 t
2617 1341 2911 1412 ’Μηδεμίαν
2945 1347 3004 1398 ἐν
3058 1347 3247 1415 μηδενὶ
3286 1349 3524 1416 διδόντες
3576 1357 3940 1426 προσκοπήν,
3975 1358 4062 1409 ἵνα

2488 1428 2564 1497 μὴ
2628 1433 2863 1505 μωμηθῇ
2908 1435 2939 1505 ἠ
3011 1435 3255 1491 διακονία
3303 1440 3477 1509 ἡμῶν.
3524 1461 3541 1493 ι
3588 1444 4059 1515 Παρακαλοῦμεν,

2487 1520 2641 1588 φησὶ,
2684 1522 2778 1574 καὶ
2819 1527 3212 1597 συνεργοῦμεν.
3255 1530 3413 1596 Πῶς;
3452 1532 4062 1606 Πολιτευόμενοιάπρο-

2486 1610 2724 1676 σκόπως.
2772 1615 2858 1667 Ἐν
2900 1617 3050 1681 τάξει
3090 1619 3147 1672 δὲ
3188 1621 3492 1692 διηγήσεως
3544 1626 3935 1694 συμϐουλεύει,
3971 1632 4059 1681 ἵνα

2485 1702 2578 1754 καὶ
2606 1705 2761 1757 αὐτοὶ
2787 1707 2921 1775 πρὸς
2967 1709 3127 1763 αὐτὸν
3164 1713 3461 1783 ἀφορῶσιν.
3496 1714 3651 1769 Οὕτω
3696 1719 3831 1788 γὰρ,
3864 1722 4055 1788 φησιν,

2485 1794 2775 1849 ἀπευθύνω
2802 1798 2896 1850 τὸν
2927 1798 3041 1867 βίον
3088 1819 3213 1871 μου,
3247 1803 3385 1856 ὥστε
3435 1806 3493 1857 ού
3521 1806 3664 1874 λέγω
3699 1810 3783 1861 ὅτι
3814 1828 4058 1881 κατηγο·

2486 1885 2625 1953 ρίας,
2654 1886 2768 1940 ἀλλ’
2794 1888 2913 1940 οὐδὲ
2951 1890 3212 1959 μέμψεως
3257 1894 3439 1964 ψιλῆς,
3473 1896 3674 1966 μᾶλλον
3704 1900 3759 1951 δέ
3815 1902 4057 1954 σκανδεί·

2481 1974 2573 2027 λου
2610 1976 2794 2047 χώραν
2820 1979 2880 2031 οὐ
2908 1979 3104 2050 δίδωμί
3136 1998 3265 2046 τινι,
3303 1984 3389 2037 ἴνα
3422 1987 3495 2056 μὴ
3526 1988 3762 2057 μωμηθῇ
3806 1992 3837 2059 ἡ
3866 1991 4053 2043 διακο-

2479 2068 2567 2120 νία
2606 2070 2782 2137 ἡμῶν.
2820 2070 2987 2124 Πάλιν
3028 2073 3128 2125 οὐκ
3157 2069 3332 2141 εἶπεν,
3368 2076 3485 2129 ’Ὶνα
3532 2079 3606 2147 μὴ
3666 2083 4051 2151 κατηγορηθῇ,

2478 2158 2593 2211 ἀλλ’
2642 2161 2760 2213 Ἵνα
2793 2162 2937 2231 μηδέ
2975 2163 3063 2216 τὸν
3087 2166 3317 2233 τυχόντα
3352 2167 3541 2236 μῶμον
3570 2170 3791 2240 δέξηται
3808 2174 3867 2223 τὸ
3890 2176 4052 2241 ἔργον

2482 2266 2605 2318 μου,
2641 2250 2736 2303 καὶ
2761 2251 2794 2321 ἡ
2822 2251 3066 2306 διακονία
3099 2270 3199 2323 μου
3229 2256 3296 2311 ⁸³.
3336 2258 3492 2321 Τινὲς
3528 2260 3583 2312 δὲ
3631 2261 3807 2322 οὕτως
3856 2266 4051 2334 ἠρμήε

2476 2360 2705 2396 νευσλν·
2738 2344 2857 2397 Ἵνα
2909 2345 2983 2415 μὴ
3022 2347 3306 2419 ἁναδράμῃ
3339 2350 3366 2402 ό
3400 2352 3589 2421 μῶμος
3634 2356 3714 2415 εἰς
3768 2356 3831 2407 τὸ
3884 2360 4051 2427 κήρυ-

2475 2454 2594 2506 γμα
2615 2454 2627 2467 ·
2659 2437 2815 2491 τοῦτο
2843 2439 2951 2510 γὰρ
2985 2440 3263 2495 διακονίαν
3304 2445 3469 2497 αὐτοῦ
3512 2445 3685 2499 καλεῖ.
3737 2449 3909 2517 Ἐμοῦ
3944 2452 4052 2520 γὰρ

2477 2529 2662 2592 κακῶς
2705 2529 2927 2595 ζῶντος,
2978 2532 3039 2583 τὸ
3096 2533 3357 2602 κήρυγμα
3402 2538 4049 2609 καταπατηθήσεταικαὶ

2474 2619 2915 2692 διαδληθήσεται.
2953 2624 3271 2694 Λεληθότως
3334 2621 3426 2681 οὖν
3470 2628 3563 2680 καὶ
3617 2629 3815 2692 αὐτοὺς
3878 2632 4048 2686 inrat-

2482 2712 2721 2764 νίττεται
2774 2714 2843 2776 ⁸³,
2897 2714 2979 2767 ὅτι
3041 2715 3151 2767 Καὶ
3198 2715 3353 2785 ὑμῶν
3413 2718 3594 2781 κακῶς
3666 2719 3913 2784 ζώντων,
3972 2726 4049 2783 εἰς

2470 2802 2564 2855 τὸν
2613 2803 2846 2873 Χριστὸν
2875 2805 2967 2858 καὶ
3000 2806 3097 2876 τὴν
3144 2806 3327 2860 πίστιν
3372 2808 3769 2880 ἀναδραμεῖται
3800 2813 3832 2881 ἡ
3869 2812 4041 2881 βλασ-

2471 2896 2805 3011 φημεῖ-Μ
3019 2990 3034 3011 ι
3662 2994 3672 3007 ,
3793 2993 3809 3011 ,
3909 2995 3952 3011 η
4018 2994 4039 3003 _

2547 3004 2565 3037 ι
2610 2986 2751 3040 Ἀλλ’
2784 2989 2842 3042 ἐν
2878 2990 3039 3043 παντὶ
3087 2993 3445 3056 συνιστῶντες
3491 2993 3740 3055 ἑαυτοὺς.
3777 2993 3853 3055 ὠς
3906 2994 4044 3048 Θεοῦ

2471 3076 2733 3130 διάκονοι.
2777 3097 2795 3130 ι
2830 3080 2999 3133 Τοῦτο
3046 3082 3253 3151 μεῖζον,
3288 3082 3347 3135 τὸ
3372 3083 3448 3153 μὴ
3498 3085 3656 3152 μόνον
3686 3084 3882 3136 ἐαυτὸν
3911 3102 4046 3137 κατ-

2391 3199 2434 3259 C
2469 3170 2706 3239 ηγοριῶν
2736 3170 2828 3223 καὶ
2861 3171 3067 3240 μώμων
3088 3175 3327 3245 καθαρὸν
3356 3178 3544 3240 ποιεῖν,
3577 3177 3712 3229 ἀλλὰ
3736 3178 3834 3230 καὶ
3861 3179 4043 3231 τοιοῦ-

2464 3275 2555 3312 τον
2609 3260 2721 3329 βίον
2775 3262 3203 3331 ἐπιδείκνυσθαι,
3235 3266 3375 3319 ὥστε
3424 3266 3491 3319 δι’
3517 3267 3681 3320 αὐτοῦ
3747 3268 4041 3335 φαίνεσῧ;ι

2464 3352 2559 3404 καὶ
2587 3352 2831 3405 διάκονον
2861 3353 3028 3410 Θεοῦ.
3062 3357 3175 3409 Οὐκ
3232 3353 3353 3410 εἶπε
3383 3359 3460 3421 δέ,
3509 3360 3854 3427 Φαινόμενοι,
3882 3360 4039 3421 ἀλλὰ,

2471 3460 2490 3493 ι
2535 3443 2923 3511 Συνιστῶντες,
2967 3464 2985 3497 ι
3017 3448 3323 3514 τουτέστιν,
3354 3449 3796 3515 ἀποδεικνύντες.

2536 3643 2555 3676 ι
2606 3626 2693 3679 Ἐν
2726 3627 2972 3698 ὑπομονῇ
3026 3627 3214 3698 πολλῇ.
3248 3647 3266 3679 ι
3298 3630 3459 3696 Λέγει
3513 3632 3607 3683 καὶ
3658 3630 3750 3685 τὸν
3808 3634 4035 3702 τρόπον,

2462 3713 2579 3777 πῶς
2609 3715 2827 3782 ἐγένετο
2877 3716 3139 3781 τοιοῦτος,
3173 3718 3255 3770 ὅτι
3317 3719 3405 3771 διὰ
3444 3720 3540 3790 τῆς
3580 3720 3896 3790 ὑπομονῆς·
3936 3727 4033 3794 οὐχ

2458 3806 2647 3870 ἁπλῶς
2698 3806 2775 3870 δὲ,
2801 3807 2937 3860 ἀλλὰ
2995 3812 3088 3861 καὶ
3123 3828 3140 3861 ι
3176 3810 3406 3880 Πολλῆς.
3449 3828 3467 3862 t
3509 3812 3583 3865 Οὐ
3634 3814 3745 3881 γὰρ
3768 3815 3937 3884 ἀρκεῖ
3976 3820 4033 3870 τ’)

2461 3897 2520 3951 ἐν
2551 3915 2603 3951 τι
2639 3900 2734 3953 καὶ
2758 3899 3013 3969 δεύτερον
3040 3903 3385 3972 ὑπενεγκεῖν,
3409 3905 3541 3959 ἀλλὰ
3568 3906 3649 3959 δεῖ
3677 3910 3807 3978 ἄχρι
3839 3911 4030 3974 τέλους

2459 3994 2775 4064 ὑπομένειν.

2534 4105 2552 4138 ι
2601 4088 2688 4140 Ἐν
2716 4088 2983 4158 θλίψεσιν,
3018 4092 3076 4144 ἐν
3119 4092 3405 4159 ἀνάγκαις.
3453 4112 3471 4145 ›
3553 4095 3725 4149 Τοῦτο
3774 4098 4031 4161 ἐπίτασις

2457 4180 2555 4249 τῆς
2578 4180 2826 4248 θλίψεως,
2850 4183 2977 4235 ὅταν
3009 4184 3354 4248 ἀδιεξόδευτα
3381 4181 3413 4259 ᾖ
3449 4185 3519 4239 τὰ
3547 4188 3695 4242 κακὰ
3714 4188 3960 4258 ἄγχοντα
3986 4192 4030 4221 ⁸⁸

2455 4268 2550 4322 τὸν
2575 4269 2885 4340 ἄνθρωπον.

2532 4470 2551 4503 ι
2600 4451 2688 4505 Ἐν
2712 4451 3115 4522 στενοχωρίαις.
3152 4471 3170 4504 ι
3196 4454 3329 4517 Ταῖς
3364 4456 3471 4508 ἀπὸ
3502 4454 3595 4508 τοῦ
3625 4457 3814 4526 λιμοῦ,
3844 4462 3876 4531 ἦ
3907 4468 4026 4524 ταῖς

2385 4524 2429 4579 D
2457 4542 2564 4596 τῶν
2592 4544 2916 4613 πειρασμῶν
2955 4543 3167 4607 ἁπλῶς.

2533 4652 2552 4685 t
2603 4633 2691 4686 Ἐν
2726 4634 2981 4705 πληγαῖς,
3019 4639 3077 4689 ἐν
3132 4637 3417 4706 φυλακαῖς.
3462 4660 3480 4691 ι
3522 4641 3694 4696 Ὅταν
3745 4646 3840 4696 καὶ
3889 4662 4025 4713 πλη-

2457 4726 2554 4792 γαὶ
2588 4727 2682 4779 καὶ
2712 4727 2970 4795 φυλακαὶ,
2997 4728 3101 4796 ὅρα
3131 4730 3299 4782 πόσον
3330 4730 3390 4783 τὸ
3429 4733 3601 4785 κακόν
3620 4751 3633 4763 ·
3666 4736 3803 4787 ὅπου
3834 4754 3898 4803 γε
3936 4740 4023 4789 καὶ

2456 4818 2516 4868 τὸ
2554 4816 2741 4887 ἕτερον
2770 4818 2976 4871 τούτων
3008 4820 3140 4872 αὐτὸ
3171 4820 3291 4874 καθ’
3314 4823 3445 4875 αὐτὸ
3481 4823 3810 4895 βαρύτατον.

2530 5015 2547 5048 ι
2591 4996 2679 5050 Ἐν
2712 5000 3170 5059 ἁκαταστασιαις.
3209 5017 3226 5050 ι
3268 4999 3585 5064 Τουτέστιν,
3640 5004 3699 5056 ὲν
3737 5005 4017 5076 διωγμοῖς,

2456 5086 2585 5139 ὅταν
2615 5087 2690 5157 μὴ
2721 5087 2817 5159 ἐχῃ
2842 5106 2926 5152 τις
2953 5087 3057 5142 πού
3089 5092 3209 5160 στῇ,
3245 5090 3601 5163 ἐλαυνόμενος
3631 5097 3697 5149 ἐκ
3740 5099 3907 5151 τόπου
3943 5103 4017 5160 εἰς

2451 5180 2633 5232 τόπον.

2536 5289 2555 5321 ι
2605 5272 2694 5325 Ἐν
2724 5272 2941 5336 κόποις,
2976 5275 3032 5326 ἐν
3067 5275 3415 5345 ἀγρυπνίαις,
3446 5275 3505 5329 ἐν
3535 5279 3839 5345 νηστείαις,
3880 5300 3895 5331 ι
3934 5282 4013 5332 ΕΞ-

2455 5361 2570 5415 πὼν
2595 5363 2662 5415 τὰ
2683 5366 2833 5435 παρὰ
2858 5365 2965 5416 τῶν
2993 5365 3096 5429 ἔξω
3116 5364 3180 5429 ⁸⁸,
3200 5368 3264 5420 τὰ
3293 5368 3421 5437 παρ’
3450 5368 3640 5421 ἑαυτοῦ
3664 5372 4013 5441 προστίθησιν

2453 5454 2709 5517 ἐνταῦθα,
2743 5456 2777 5508 ἂ
2812 5456 2953 5509 ἑκὼν
2984 5458 3270 5527 ἐκακούχει
3303 5459 3515 5515 ἑαυτόν.
3549 5480 3565 5510 ι
3599 5462 3830 5523 Κόποις,
3868 5482 3884 5513 ι
3914 5465 4011 5523 τοῖς

2453 5546 2561 5597 τῶν
2594 5547 2815 5617 χειρῶν,
2850 5543 3011 5601 δι’ὦν
3048 5550 3140 5602 καὶ
3178 5550 3367 5602 ἑαυτὸν
3411 5552 3501 5604 καὶ
3551 5551 3746 5604 ἄλλους
3785 5555 3969 5604 ἕτοετε

2147 5685 2347 5746 Varia)
2384 5684 2713 5750 lectiones.

862 5769 909 5805 ⁸⁸
951 5773 1265 5831 διδασκαλία
1315 5800 1383 5836 tu.
1465 5789 1719 5855 “aurai;
1771 5811 1821 5848 0.
1901 5799 1943 5828 ⁵⁵
1992 5799 2178 5857 ἕνοντσ
2238 5822 2286 5855 u.

2472 5808 2597 5867 περὶ
2641 5809 2746 5861 τῶν
2782 5809 2979 5872 Ξξωοεν
3022 5828 3074 5863 u.
