4242 6462
275 423 375 486 861

1061 427 1470 492 EXPOSITIO
1505 430 1587 492 IN
1631 432 1871 493 EPIST.
1909 433 1968 493 II
2005 436 2102 497 AD
2143 436 2309 496 COR.
2362 463 2428 474 —
2463 438 2621 499 CAP.
2659 440 2758 498 VI.

3428 451 3534 514 852!

273 542 369 591 καὶ
408 537 545 607 μετὰ
601 537 808 592 τούτων
858 541 1077 595 πάντων
1128 543 1223 595 καὶ
1258 542 1532 613 ὴγρύπνει
1582 547 1675 599 καὶ
1728 547 1848 616 ὲνή-
1875 551 1925 609 Α

1875 551 1925 609 Α
1954 549 2153 613 alebat,
2205 565 2437 620 cumque
2489 551 2574 606 his
2625 551 2876 606 omnibus
2931 563 2986 606 et
3019 552 3258 622 vigilavit
3300 567 3353 610 et
3388 557 3529 627 jeju-

273 649 489 685 στευεν.

355 743 372 775 ι
424 724 511 777 Ἐν
537 725 815 793 ἁγνότητι.
851 745 868 777 ›
905 727 1016 796 Τὴν
1055 746 1412 801 σωφροσυνην
1464 732 1607 784 οὕτω
1655 733 1846 800 φησιν,

270 817 303 886 ἢ
337 819 438 885 τὴν
463 819 518 871 ὲν
546 820 679 870 πᾶσι
710 820 1080 890 καθαρότητα,
1107 825 1198 877 καὶ
1224 826 1284 878 τὸ
1309 825 1735 896 ἀδωροδόκητον,
1755 825 1851 878 καὶ

268 909 333 961 τό
364 911 653 975 ἀδαπάνως
685 929 751 975 κη
765 913 928 970 ρῦσσε
941 932 1011 969 ιν.

355 1113 374 1145 t
422 1096 509 1148 Ἐν
539 1093 759 1162 γνώσει.
803 1115 820 1145 ι
854 1097 1171 1162 Τουτέστιν,
1200 1101 1258 1151 ἐν
1279 1104 1344 1171 τῇ
1368 1101 1463 1154 τοῦ
1487 1101 1621 1154 Θεοῦ
1645 1103 1807 1173 σοφίᾳ
1831 1121 1844 1133 ·

274 1190 398 1259 ἣτις
433 1192 580 1240 ἐστὶν
609 1191 779 1252 ὅντως
817 1191 1045 1256 γνῶσις·
1077 1194 1197 1263 οὐχὶ
1242 1197 1306 1263 τῇ
1353 1194 1477 1259 ἔξω,
1516 1194 1767 1265 καθάπερ
1801 1199 1848 1248 οἱ

272 1283 723 1350 ψευδαπόστολοι.

361 1394 380 1425 σ
430 1377 518 1426 Ὶὶν
551 1375 925 1444 μακροθυμίᾳ,
961 1379 1017 1429 ἐν
1064 1379 1415 1446 χρηστότητι.
1457 1398 1475 1431 ι
1527 1381 1847 1450 ’Λδαμαντί-

273 1486 373 1536 νης
394 1469 590 1538 ψυχῆς,
621 1469 700 1529 τὸ.
729 1471 994 1523 πάντοθεν
1032 1471 1475 1540 παροξυνόμενον
1502 1477 1595 1527 καὶ
1627 1474 1848 1526 κεντού-

278 1579 463 1630 μενον,
497 1561 557 1614 οὐ
610 1562 768 1631 μόνον
819 1563 1214 1633 μακροθυμεῖν,
1257 1564 1393 1618 ἀλλὰ
1433 1567 1525 1618 καὶ
1583 1566 1848 1637 χρηστεύ-

276 1659 456 1712 εσθαι.

356 1769 374 1799 ι
422 1751 509 1801 Ἐν
543 1749 822 1817 Πνεῦματι
881 1751 1044 1820 ἁγίῳ.
1078 1770 1095 1802 ι
1131 1751 1404 1815 Δείκνυσι,
1455 1751 1623 1803 πόθεν
1670 1755 1845 1804 πάντα

270 1843 449 1896 ταῦτα
479 1844 862 1913 κατώρθωσεν·
885 1847 966 1897 ὅτι
1001 1863 1018 1894 ι
1051 1847 1104 1896 ἐν
1135 1845 1757 1914 Πνεῦματιάγίῳ.›ὐτε
1790 1846 1845 1896 δὲ

1959 652 2128 696 nam.

2038 733 2199 787 Vens.
2233 733 2285 787 6.
2324 750 2343 784 ι
2386 733 2441 786 1η
2474 735 2725 799 puritate.
2763 755 2780 786 ι
2816 738 3251 807 Temperantiam
3299 742 3377 797 sic
3433 756 3530 814 ap-

1957 825 2140 894 pellat,
2181 824 2259 878 vel
2318 826 2606 893 puritatem
2642 827 2692 880 in
2724 830 2975 883 omnibus
3005 833 3187 889 rebus.
3239 843 3348 884 tum
3381 835 3522 902 quod

1971 931 2253 970 munerum
2286 920 2652 978 corruptelam
2689 937 2792 973 non
2821 922 3117 985 admiserit,
3153 934 3261 977 tum
3282 928 3422 993 quod
3453 928 3523 980 civ

1961 1018 2038 1063 tra
2077 1022 2345 1075 sumptum
2374 1013 2770 1077 praadicaverit.

2038 1121 2056 1152 ι
2103 1100 2157 1153 lu
2197 1102 2444 1155 scientia.
2493 1123 2508 1152 ι
2548 1102 2660 1156 Hoc
2691 1115 2795 1166 est,
2838 1107 2889 1159 in
2930 1107 3018 1161 Dei
3081 1109 3368 1174 sapientia,
3404 1128 3525 1180 qua:

1956 1201 2037 1246 est
2085 1208 2271 1247 revera
2326 1195 2592 1248 scientia:
2626 1211 2730 1250 non
2785 1207 3031 1264 externa,
3084 1201 3526 1268 pseudapostnlo-

1960 1303 2074 1339 I'Ulll
2111 1304 2281 1339 lllOl‘C.

2039 1398 2056 1428 ι
2093 1379 2143 1430 lu
2181 1379 2609 1444 longanimitate,
2637 1382 2686 1433 iu
2722 1383 3074 1452 benignitate.
3121 1405 3136 1434 ι
3171 1388 3521 1442 Adamantini

1957 1472 2111 1534 plane
2146 1473 2307 1523 animi
2339 1483 2440 1535 est,
2474 1473 2517 1526 si
2574 1475 2710 1540 quis,
2765 1492 2883 1528 eum
2952 1480 3184 1547 nudique
3239 1484 3526 1534 exacerbe-

1959 1573 2033 1615 lu.‘
2072 1574 2423 1630 expungatur,
2457 1582 2556 1616 non
2584 1566 2753 1619 solum
2778 1569 3120 1637 longauitnis,
3152 1587 3334 1625 verum
3362 1576 3522 1627 etiam

1962 1671 2105 1706 ιιιιιιί
2133 1672 2201 1707 ιιι
2239 1668 2290 1707 et
2320 1658 2600 1716 benignus.

2035 1766 2051 1795 ι
2085 1749 2138 1800 In
2174 1749 2373 1812 Spiritu
2409 1765 2615 1805 sancto.
2659 1754 2949 1807 tOstendit
2981 1756 3121 1808 unde
3166 1757 3280 1809 inec
3335 1759 3516 1810 omnia

1957 1842 2217 1904 peregi-rit
2250 1841 2533 1892 :nimirum
2564 1861 2581 1892 ι
2613 1843 2665 1895 in
2709 1844 2908 1910 Spiritu
2936 1855 3143 1898 sancto.
3189 1864 3207 1896 ι
3266 1846 3399 1899 Cum
3429 1862 3522 1899 au-

273 1937 345 1988 τά
396 1937 525 2003 παρ’
562 1936 754 1988 ἑαυτοῦ
825 1937 1162 2000 ἐπεδείξατο,
1221 1938 1342 1989 τότε
1381 1935 1479 2004 τὴν
1535 1938 1629 1989 τοῦ
1688 1938 1843 2003 ἁγίου
1877 1911 1923 1969 Β

1877 1911 1923 1969 Β
1957 1939 2060 1983 ten:
2097 1947 2191 1984 sua
2226 1933 2574 1999 ostendisset,
2625 1944 2733 1987 tum
2771 1935 3002 2001 Spiritus
3038 1939 3210 1990 sancti
3257 1940 3518 1992 auxilium

277 2029 600 2096 Πνεῦματος
634 2029 884 2098 βοήθειαν
917 2029 1133 2096 ἔθηκεν.
1195 2030 1412 2081 Νοεῖται
1442 2029 1494 2081 δὲ
1535 2031 1614 2081 ὅτι
1648 2031 1737 2080 καί
1793 2031 1847 2081 ὲν

277 2120 584 2188 χαρίσματι
645 2123 1030 2188 πνευματικοῖς
1054 2136 1065 2148 ·
1097 2123 1190 2172 καὶ
1254 2121 1361 2188 γὰρ
1419 2123 1511 2172 καὶ
1549 2123 1604 2171 ἐν
1635 2120 1846 2182 τούτοις

271 2209 564 2276 δείκνυμεν
601 2211 679 2261 ὅτι
702 2211 836 2261 θεοῦ
861 2213 1027 2278 ἐσμεν
1047 2211 1303 2272 διάκονοι,
1328 2210 1418 2262 ἆτε
1446 2209 1545 2262 Gtt-3
1559 2228 1703 2278 ματα
1733 2212 1849 2261 ἐπι-

271 2300 633 2367 δεικνύμενοι.
680 2303 748 2352 Ἤ
801 2302 882 2352 ὅτι
916 2301 1006 2353 καί
1047 2303 1102 2351 ἐν
1159 2300 1237 2370 τῷ
1265 2301 1539 2368 Πνεύματι
1599 2299 1676 2370 τῷ
1710 2301 1848 2369 ἁγίῳ

274 2393 603 2461 προσκοπὴν
636 2393 734 2444 οὐκ
789 2393 1092 2461 ἐδώκαμεν,
1127 2392 1427 2454 τουτέστιν,
1462 2393 1518 2443 ὲν
1547 2393 1656 2453 τοῖς
1693 2393 1848 2460 χαρί-

278 2500 450 2551 σμασι
483 2484 575 2535 τοῦ
612 2484 948 2553 Πνεύματος.
996 2484 1185 2536 Πολλοὶ
1225 2484 1333 2552 γάρ
1367 2483 1744 2548 ἐπαιρόμενοι,
1774 2483 1849 2545 ὡς

274 2570 328 2619 oi
363 2569 460 2629 τὰς
493 2570 745 2636 γλώσσας
791 2571 1024 2639 ἔχοντες,
1065 2573 1162 2624 οὐκ
1209 2573 1288 2634 εἰς
1317 2572 1435 2623 δέον
1466 2572 1703 2642 χρῶνται
1727 2571 1851 2624 τού-

270 2675 390 2719 τοις
415 2675 426 2686 ·
462 2659 572 2710 ἀλλ’
613 2661 707 2726 οὐχ
737 2663 826 2728 ὅγε
855 2661 1063 2722 Παῦλος
1087 2660 1280 2723 οὕτως.

359 2769 374 2799 ι
400 2751 486 2801 Ἐν
523 2752 713 2821 ἀγάπῃ
750 2753 1119 2820 ἀνυποκρίτῳ.
1162 2772 1178 2804 ι
1219 2753 1390 2806 Τοῦτο
1418 2755 1478 2806 τὸ
1512 2756 1728 2808 πάντων
1754 2757 1842 2809 αἴ-

274 2860 396 2893 τιον
445 2843 552 2894 τῶν
603 2844 842 2910 ἀγαθῶν,
874 2845 1029 2896 τοῦτο
1054 2846 1145 2898 καὶ
1191 2845 1250 2897 τὸ
1285 2847 1507 2917 Πνεῦμα
1536 2851 1666 2918 παρ’
1697 2849 1848 2920 αὐτῷ

278 2936 466 3004 μένειν
497 2937 693 2988 ἐποίει.

356 3046 378 3080 ι
426 3029 512 3081 Ἐν
545 3030 687 3098 λόγῳ
745 3029 1026 3097 ἀληθείας.
1068 3048 1085 3081 ι
1116 3031 1427 3096 Τουτέστιν,
1477 3033 1536 3085 οὐ
1577 3032 1849 3096 δολοῦντες

277 3122 373 3172 τὸν
407 3121 560 3186 λόγον
585 3121 677 3173 τοῦ
707 3122 863 3174 Θεοῦ.

358 3231 376 3260 ‹
452 3214 536 3264 Ἑν
564 3213 788 3277 δυνάμει
834 3212 989 3265 θεοῦ.
1029 3233 1046 3265 ι
1087 3215 1273 3281 Οὐδὲν,
1308 3217 1491 3284 φησὶν,
1528 3217 1680 3284 ὲμδν,
1713 3217 1848 3269 ἀλλὰ

277 3304 461 3355 ⁸πάντα
491 3304 663 3357 ταῦτα
689 3307 745 3356 ὲν
779 3306 1005 3373 δυνάμει
1032 3306 1164 3358 Θεοῦ
1197 3309 1516 3378 ἐγένοντο,ἦ
1546 3312 1640 3362 καὶ
1668 3312 1723 3360 ἐν
1749 3327 1847 3378 ση-

280 3394 457 3461 μείοις
483 3396 576 3445 καὶ
600 3395 807 3462 τέρασι,
839 3397 930 3447 καὶ
956 3396 1249 3465 κολαστικῇ
1286 3399 1377 3450 καὶ
1396 3398 1720 3468 εὐεργετικῇ
1751 3399 1848 3450 δυ-

279 3486 467 3551 viast.

361 3595 376 3626 ι
402 3577 499 3628 Διὰ
532 3578 634 3628 τῶν
653 3576 831 3629 ὅπλων
877 3578 974 3646 τῆς
1015 3578 1362 3647 δικαιοσύνης
1388 3597 1414 3630 τ
1436 3579 1510 3630 ῶν
1541 3578 1731 3643 δεξιῶν
1757 3582 1849 3633 καὶ

277 3667 391 3717 τῶν
431 3668 754 3736 ἀριστερῶν,
797 3689 813 3717 ι
851 3669 1029 3719 Ὅπλα
1080 3667 1427 3737 δικαιοσύνης
1467 3670 1751 3738 ἀριστερὰ,
1783 3671 1849 3722 τὰ

279 3756 502 3826 λυπηρά
566 3759 775 3810 πάντα·
812 3759 951 3810 ὅπλα
999 3760 1117 3828 μὲν,
1158 3760 1232 3822 ὡς
1287 3761 1590 3829 τειχίζοντα
1646 3765 1741 3813 καὶ
1795 3765 1850 3814 ὲν

281 3849 553 3918 ἀσφαλείᾳ
619 3851 994 3903 καθιστῶντα²
1032 3854 1296 3920 ἀριστερὰ
1360 3854 1436 3915 δὲ,
1486 3854 1572 3906 διὰ
1613 3854 1708 3922 τὴν
1743 3854 1850 3906 τῶν

285 3940 501 3992 πολλῶν
533 3941 822 4010 ὑπόληψιν.
855 3941 962 3994 Καὶ
995 3943 1102 4010 γὰρ
1134 3946 1225 3995 καὶ
1259 3945 1286 3995 ό
1322 3944 1523 4013 Κύριος
1568 3945 1849 3998 ἐκέλευσεν

281 4033 562 4102 εὔχεσθαι,
605 4037 675 4104 μὴ
704 4037 962 4088 εἰσελθεῖν
1007 4040 1083 4099 εἰς
1116 4039 1444 4106 πειρασμόν.
1488 4040 1648 4104 Δεξιά
1674 4040 1752 4103 δὲ,
1782 4041 1849 4092 τὰ

284 4127 646 4196 εὐθυμότεροι.
689 4129 764 4180 Δι’
803 4131 1130 4198 ἀμφοτέρων
1168 4127 1261 4182 οῦν
1298 4129 1506 4193 Παῦλος
1552 4132 1850 4201 ἀμώμητος

284 4218 580 4285 ἐδείκνυτο,
622 4221 742 4272 οὔτε
796 4225 905 4283 τοῖς
943 4224 1202 4291 λυπηροῖς
1257 4223 1692 4292 συστελλόμενος,
1726 4225 1845 4277 οῦτε

282 4311 398 4370 τοῖς
432 4310 816 4379 εὐθυμοτέροις
849 4313 1206 4383 ὀγκούμενος,
1242 4313 1356 4366 ἀλλ’
1397 4315 1536 4367 ὅπλα
1575 4315 1848 4368 δικαιοσύ-

281 4416 380 4467 νης
410 4399 579 4453 ταῦτα
608 4403 774 4453 ποιῶν
813 4403 880 4456 ⁸⁵.

367 4510 384 4540 ι
421 4492 518 4543 Διά
541 4493 696 4560 δόξης
725 4495 815 4545 καὶ
848 4496 1095 4563 ἀτιμίας.
1139 4515 1156 4546 ›
1204 4496 1579 4565 Ἦρμήνευσεν
1621 4499 1751 4566 ἡμῖν
1783 4499 1850 4550 τὰ

1877 3248 1924 3309 C

1953 2026 2147 2090 pos-iit.
2189 2026 2714 2091 intelligitureliatn,
2746 2045 2860 2096 pro,
2903 2049 2920 2080 ‹
2957 2031 3007 2082 itt
3067 2033 3222 2084 donis
3263 2032 3522 2098 spiritua-

1954 2111 2122 2177 Iilius;
2166 2132 2181 2161 ι
2209 2131 2300 2181 per
2333 2117 2440 2167 int-c
2475 2117 3018 2170 enimdncuntenlum
3054 2132 3266 2183 quoque
3301 2120 3508 2179 damus,

1951 2207 2089 2271 qnol
2127 2206 2216 2257 Dei
2244 2207 2411 2258 simus
2438 2208 2688 2269 ministri,
2732 2217 2787 2259 ut
2814 2209 2903 2274 qui
2945 2209 3200 2260 miracula
3255 2209 3516 2260 exhibea-

1955 2313 2091 2352 nius.
2127 2295 2221 2349 ‘i'el
2256 2299 2305 2349 iu
2356 2299 2556 2365 Spiritu
2588 2309 2772 2351 sancto
2825 2299 3022 2351 nullam
3077 2299 3322 2352 dedimus
3355 2299 3518 2352 offen-

1955 2391 2182 2453 sionem,
2220 2391 2320 2442 huc
2346 2401 2448 2450 est.
2483 2392 2532 2442 in
2565 2391 2721 2444 donis
2750 2390 3007 2460 Spiritus.
3055 2390 3206 2445 Multi
3249 2394 3390 2444 enim
3423 2408 3518 2444 eo-

1955 2497 2071 2532 rum
2111 2484 2200 2548 qni
2255 2484 2570 2543 ellcruntur,
2615 2482 2775 2535 veluti
2825 2484 2857 2535 ii
2905 2485 2994 2551 qui
3048 2484 3258 2552 linguas
3302 2485 3522 2546 habent,

1953 2573 2020 2625 iis
2048 2574 2120 2625 uti
2148 2576 2300 2627 decet
2335 2590 2440 2626 non
2471 2584 2712 2627 utuntur.
2751 2574 2944 2628 Paulus
2979 2591 3105 2628 vero
3147 2592 3249 2629 non
3279 2578 3377 2631 sic.

2035 2775 2051 2806 ι
2092 2755 2143 2808 lu
2181 2757 2446 2808 cliaritate
2476 2771 2580 2809 non
2615 2755 2760 2809 licta.
2791 2775 2808 2806 ι
2840 2753 2969 2809 llaec
2993 2773 3077 2808 res
3100 2758 3338 2809 omnium
3366 2758 3524 2812 bono-

1953 2866 2070 2902 rum
2105 2864 2265 2901 causa
2300 2859 2378 2901 est
2412 2865 2424 2900 :
2463 2849 2573 2901 haec
2600 2857 2651 2901 et
2687 2849 2948 2916 Spiritum
2990 2851 3127 2916 apud
3172 2864 3292 2901 eum
3320 2864 3525 2916 perma-

1954 2956 2082 2994 nere
2110 2941 2362 2992 faciebat.

2031 3031 2192 3083 Vens.
2227 3032 2278 3083 7.
2317 3050 2334 3081 ι
2367 3030 2418 3082 In
2447 3031 2609 3084 verbo
2639 3030 2904 3084 veritatis.
2951 3049 2967 3081 ›
3003 3029 3112 3085 Hoc
3169 3042 3273 3092 est,
3304 3047 3408 3083 non
3439 3033 3526 3084 deo

1959 3140 2052 3193 pra
2065 3134 2247 3177 vantes
2280 3125 2496 3176 verbum
2527 3124 2640 3176 Dei.

2039 3237 2055 3268 ι
2100 3220 2157 3271 ln
2191 3220 2387 3268 virtute
2425 3214 2535 3267 Dei.
2574 3234 2590 3265 ι
2636 3214 2798 3276 Nihil,
2834 3215 3032 3282 inquit,
3087 3229 3261 3267 meum
3297 3225 3400 3275 est,
3427 3213 3521 3266 sed

1958 3317 2069 3366 haec
2097 3309 2276 3364 omnia
2312 3310 2363 3358 in
2395 3308 2592 3359 virtute
2622 3317 2673 3358 et
2709 3309 2945 3373 potentia
2985 3306 3073 3358 Dei
3097 3304 3237 3358 facta
3261 3315 3407 3366 sunt,
3438 3305 3521 3357 vel

1957 3403 2008 3455 in
2046 3403 2213 3468 signis
2233 3403 2394 3452 etiam
2433 3410 2591 3464 atque
2627 3399 2880 3465 prodigiis
2915 3407 2968 3448 et
2998 3399 3217 3459 virtute,
3251 3412 3353 3464 qua
3383 3396 3522 3449 Deus

1953 3503 2004 3548 et
2040 3493 2209 3560 punit,
2248 3501 2297 3544 et
2327 3491 2589 3542 beneticia
2624 3489 2777 3541 nobis
2818 3489 3078 3554 impertit.

2035 3601 2051 3631 ι
2080 3580 2184 3633 Per
2226 3595 2376 3631 arma
2420 3579 2641 3647 iustitia:
2699 3580 2888 3631 dextra
2940 3588 2993 3629 et
3029 3577 3265 3629 sinistra.
3303 3594 3323 3627 ι
3359 3577 3522 3628 Arma

1949 3674 2169 3740 justitia:
2199 3673 2437 3732 sinistra,
2477 3670 2651 3722 tristia
2683 3678 2910 3732 cuncta;
2963 3683 3110 3720 arma
3153 3669 3367 3735 quidem
3406 3678 3522 3719 tau—

1952 3779 2111 3832 quam
2143 3762 2457 3823 n'tunientia,
2497 3775 2559 3813 ac
2591 3760 2641 3812 in
2676 3770 2790 3812 tuto
2839 3775 2935 3813 nos
2986 3761 3301 3811 collocantia
3332 3777 3347 3823 ;
3385 3760 3523 3813 sini-

1953 3867 2062 3906 Sll‘a
2095 3868 2238 3915 vero,
2267 3863 2487 3920 propter
2517 3851 2808 3904 multorum
2857 3852 3191 3915 opinionem.
3225 3850 3503 3916 Siquidem

1953 3955 2007 3996 et
2042 3944 2300 3996 Dominus
2327 3943 2439 4009 ipse
2485 3957 2585 3994 nos
2614 3956 2769 3994 orare
2823 3940 3005 4006 jussit,
3047 3957 3112 3993 ne
3162 3941 3525 4009 ingredianmr

1955 4037 2004 4089 iu
2043 4038 2418 4089 tentationem.
2460 4035 2655 4087 Dextra
2712 4048 2862 4096 vero,
2898 4033 3238 4098 iucundiora.
3272 4032 3327 4084 lu
3359 4033 3522 4085 utris-

1953 4143 2058 4197 que
2101 4144 2230 4195 ergo
2281 4128 2477 4182 Paulus
2538 4125 3027 4194 irreprehensibilis
3097 4128 3520 4187 monstrabatur,

1955 4231 2011 4274 ut
2047 4221 2136 4286 qui
2171 4235 2344 4286 neque
2379 4220 2623 4272 tristibus
2678 4218 3036 4281 dejiceretur,
3080 4233 3254 4285 neque
3288 4218 3421 4270 lmtis
3447 4218 3522 4270 ef-

1955 4312 2210 4375 ferretur,
2248 4312 2339 4364 sed
2368 4325 2514 4363 arma
2542 4311 2762 4379 justitize
2810 4310 2924 4362 hac
2957 4325 3143 4362 revera
3173 4310 3394 4363 faceret.

2024 4495 2181 4548 Vens.
2205 4495 2256 4548 8.
2294 4514 2311 4546 ι
2339 4495 2443 4548 Per
2468 4493 2691 4561 gloriam
2714 4503 2769 4545 et
2805 4493 3172 4560 ignominiam.
3197 4510 3214 4543 ›
3252 4491 3520 4562 Interpre-

281 4582 434 4645 δεξιὰ
463 4587 558 4637 καὶ
582 4587 648 4636 τὰ
681 4587 964 4656 ἀριστερὰ,
1008 4590 1092 4640 ὅτι
1117 4587 1360 4650 δόξανκαὶ
1399 4589 1604 4651 ἀδοξία.
1638 4591 1757 4652 Πῶς
1793 4592 1848 4643 δὲ
1877 4579 1927 4638 D

1846 4633 1848 4640 ,
1877 4579 1927 4638 D
1958 4601 2094 4644 tatus
2115 4590 2275 4658 275
2294 4600 2375 4642 est
2391 4589 2560 4650 uobis.
2580 4589 2764 4642 dextra
2793 4598 2845 4641 et
2864 4588 3264 4654 sinistra,quod
3286 4587 3395 4639 sint
3411 4587 3521 4653 glo-

282 4676 448 4726 ὂπλον
501 4677 844 4745 δικαιοσύνης
887 4681 917 4747 ἡ
943 4679 1102 4744 δόξα;
1131 4680 1252 4732 ’Ὁτι
1308 4681 1536 4742 πολλοὺς
1567 4683 1746 4748 ὲνάγει
1774 4686 1852 4745 εἰς

283 4771 591 4834 εὐσέὸειαν,
626 4773 686 4823 τδ
738 4775 1000 4841 τιμᾶσθαι
1035 4777 1157 4835 τοὺς
1204 4775 1581 4837 διδασκάλους.
1612 4777 1675 4826 'l'i
1714 4775 1804 4827 οῦν
1835 4794 1848 4840 ;

282 4862 444 4914 τοῦτο
483 4865 812 4933 κατόρθωμα
851 4867 1110 4932 “adlata;
1154 4868 1281 4929 Ναὶ,
1324 4869 1404 4920 ὅτι
1433 4870 1531 4920 οὐκ
1563 4869 1853 4936 ἐχαυνοῦτο

283 4952 642 5022 δοξαζόμενος
663 4972 676 4986 ⁸
705 4958 738 5025 ἠ
778 4956 960 5021 ἀδοξία
985 4958 1039 5009 δὲ
1066 4958 1342 5027 ὑπομονὴν
1369 4959 1847 5030 κατεργαζομένη,

284 5046 573 5116 εὐδόκιμον
613 5047 776 5100 αὑτὸν
808 5049 1001 5114 ἐποίει,
1028 5051 1119 5102 καὶ
1149 5050 1351 5102 εὐώδου
1383 5052 1445 5103 τὸ
1478 5053 1756 5121 κήρυγμα.

363 5337 382 5368 ι
420 5317 514 5370 At}:
541 5319 850 5386 δυσφημίας
878 5320 969 5370 καὶ
995 5317 1287 5387 εὐφημίας.
1325 5337 1343 5370 ι
1372 5320 1482 5372 Καὶ
1505 5321 1659 5372 τοῦτο
1687 5321 1850 5389 μέγα,

283 5411 347 5464 τδ
392 5411 679 5478 ὑπομεῖναι
710 5410 1041 5478 δυσφημίαν
1092 5411 1341 5477 μεγάλως
1392 5414 1495 5480 γὰρ
1541 5413 1636 5480 τῆς
1676 5413 1854 5480 ψυχῆς

285 5503 644 5555 καθάπτεται.
685 5504 773 5553 Διὸ
819 5505 915 5555 καὶ
941 5505 968 5554 ό
1003 5503 1204 5570 Κύριος
1238 5505 1531 5572 μακαρίζει
1564 5504 1687 5564 τοὺς
1718 5505 1855 5555 ὑπο-

288 5597 548 5665 μένοντας
575 5595 664 5646 τὸν
695 5595 1016 5661 ὀνειδισμὸν.
1065 5595 1150 5646 Ἐν
1197 5596 1293 5665 μὲν
1324 5596 1428 5662 γὰρ
1462 5597 1575 5657 τοῖς
1603 5593 1856 5662 βασάνοις

363 5721 387 5751 ι
425 5709 563 5764 f'sal.
591 5727 754 5773 ωιτη,
793 5712 876 5763 18.

1951 4685 2025 4734 ria
2049 4693 2100 4734 et
2129 4680 2738 4750 ιςιιοιηὶιιίο.οιιοῐῐιοι10
2753 4695 2882 4731 vero
2899 4680 3286 4745 armajustititc
3315 4678 3522 4745 gloria?

1949 4775 2215 4838 Quoniam
2243 4773 2438 4826 multos
2464 4773 2666 4825 inducit
2689 4773 2752 4823 ad
2787 4773 3065 4836 pietatem,
3101 4773 3270 4823 honor
3307 4773 3396 4837 qui
3428 4772 3521 4823 de-

1949 4866 2122 4918 fertur
2155 4865 2491 4918 doctoribus.
2516 4864 2654 4929 Quid
2681 4865 2838 4916 inde?
2867 4864 3113 4916 llaeccine
3141 4862 3289 4916 Pauli
3314 4863 3521 4916 virtus?

1954 4957 2087 5019 lino,
2121 4957 2244 5022 quia
2276 4971 2398 5008 cum
2433 4956 2602 5022 gloria
2637 4956 2863 5008 allectus
2898 4965 3065 5014 esset,
3103 4970 3208 5007 non
3241 4955 3520 5019 superbie-

1949 5049 2386 5117 bat.lgnomiuia
2450 5058 2627 5101 autem
2681 5064 2800 5111 qua:
2871 5048 3185 5113 patientiam
3243 5057 3517 5112 operatur,

1959 5143 2130 5208 ipsum
2169 5141 2451 5208 probatum
2486 5140 2770 5204 efﬁciebat,
2820 5138 3359 5207 pra'dicationcmque
3405 5138 3521 5205 ejus

1951 5233 2160 5286 felicem
2193 5232 2474 5284 reddebat.

2028 5342 2046 5374 ι
2083 5323 2182 5376 Per
2210 5322 2487 5375 infamiam
2518 5331 2570 5375 et
2603 5323 2796 5375 bonam
2846 5322 3066 5376 famam.
3106 5341 3122 5371 ι
3164 5321 3272 5373 Hoc
3299 5334 3512 5388 quoque

1953 5419 2175 5470 arduum
2230 5427 2333 5476 est,
2390 5416 2660 5468 infamiam
2721 5418 3043 5469 sustinere:
3098 5431 3221 5468 nam
3277 5414 3514 5466 anintum

1952 5523 2275 5577 magnopere
2320 5517 2517 5561 movet.
2569 5506 2862 5574 Propterea
2919 5509 3176 5563 Dominus
3209 5523 3300 5560 eos
3332 5507 3516 5558 beatos

1951 5601 2226 5666 praedicat,
2254 5600 2342 5667 qui
2367 5599 2654 5665 Opprobria
2685 5599 2863 5651 ferunt
2885 5610 2932 5650 ι.
2973 5599 3030 5650 In
3064 5595 3345 5650 tormentis
3367 5592 3512 5648 enim

1632 5783 1823 5844 Varia)
1848 5781 2175 5843 lectiones.

362 5858 406 5890 "
431 5855 601 5914 ταῦτα
626 5860 792 5922 ὄντως
825 5859 990 5914 ποιῶν
1017 5878 1086 5914 ιιι.
