4242 6462
767 410 871 471 863

1665 410 1968 471 THEOPH
1980 407 2238 469 YLACTI
2273 406 2369 466 BU
2382 406 2681 467 LGARLE
2722 406 3078 468 ARCHIEP.

3898 408 4023 471 864

767 536 967 592 corpus
1010 537 1127 575 cum
1163 522 1341 576 anima
1373 522 1605 591 partitur
1631 522 1884 587 dolores;
1924 522 1974 574 in
2006 520 2331 573 contumelia
2358 519 2408 578 Α

2434 518 2495 570 τὸ
2528 517 2689 586 σῶμα
2723 517 3006 587 μερίζεται
3048 518 3144 570 σὺν
3177 520 3242 587 τῇ
3285 517 3429 589 ψυχῇ
3475 517 3573 581 τὰς
3607 518 3928 589 ἀλγηδόνας·
3960 522 4021 570 ὲν

766 628 897 665 vero
920 615 1029 665 sive
1054 611 1297 677 infamia,
1322 623 1487 667 totum
1512 628 1651 667 onus
1673 615 1861 665 anima:
1884 613 2127 667 imminet
2151 629 2165 665 :
2192 613 2331 666 unde

768 716 816 757 et
836 701 969 755 Jobo
996 703 1137 759 istuc
1159 706 1367 758 caneris
1393 704 1561 773 plagis
1584 704 1796 773 gravius
1816 713 1950 759 erat.
1993 722 2011 755 ι

841 818 858 849 ι
888 798 1165 866 Tanquam
1197 799 1509 852 seductores
1543 808 1854 852 etveraces.
1880 816 1898 847 ι
1939 796 2046 850 lloc
2078 806 2160 850 est
2190 794 2330 865 quod

768 894 922 951 dixit.
960 912 978 943 ι
1019 892 1115 944 Per
1145 892 1490 961 ignominiam
1520 900 1574 944 et
1601 891 1794 943 bonam
1828 891 2048 943 famam.

843 983 1003 1036 Vsus.
1033 985 1086 1037 9.
1135 1001 1154 1034 ι
1198 981 1353 1035 Velut
1384 983 1609 1046 ignorati
1647 992 1701 1035 et
1746 982 1933 1045 agniti.
1968 999 1986 1033 ι
2022 981 2155 1035 Aliis
2188 981 2330 1035 enim

771 1074 997 1127 adornati
1032 1083 1085 1126 et
1116 1073 1312 1140 cogniti
1342 1083 1516 1135 erant,
1564 1074 1651 1126 alii
1687 1088 1814 1126 vero
1861 1072 2095 1140 ipsosne
2120 1075 2334 1127 novisse

771 1164 987 1229 quidem
1023 1167 1222 1233 dignati
1253 1176 1432 1220 erant.
1468 1165 1577 1220 Hoc
1608 1178 1787 1219 autem
1832 1166 1970 1219 idem
2000 1175 2081 1219 est
2119 1181 2240 1219 cum
2268 1182 2333 1221 eo

768 1261 913 1325 quod
950 1258 1101 1319 dixit,
1144 1276 1160 1307 ι
1206 1257 1305 1310 Per
1332 1258 1553 1325 gloriam
1583 1267 1636 1310 et
1668 1258 2031 1325 ignominiam.
2065 1276 2084 1309 ι

849 1363 868 1396 ι
901 1345 1178 1412 Tanquam
1203 1349 1518 1426 morientes,
1544 1355 1597 1399 et
1615 1361 1742 1401 ecce
1767 1348 2013 1400 vivimus.
2047 1365 2065 1397 ι
2098 1345 2211 1403 Hoc
2227 1358 2331 1413 est,

772 1444 1025 1505 tanquam
1060 1439 1220 1491 morti
1253 1435 1449 1488 addicti
1496 1448 1549 1491 et
1581 1439 1950 1502 condemnati,
1978 1454 2041 1493 ac
2069 1450 2334 1509 quatenus

769 1527 836 1579 ad
863 1535 1094 1580 mentem
1124 1526 1495 1580 insidiantium
1526 1528 1775 1595 pertinet,
1810 1546 1829 1579 ε
1865 1531 2155 1585 morientes
2185 1549 2204 1583 ι
2238 1546 2335 1601 per

773 1620 864 1674 Dei
900 1631 1077 1673 autem
1116 1621 1411 1689 potentiam
1451 1641 1468 1672 ι
1502 1636 1627 1675 ecce
1660 1621 1909 1677 vivimus.
1956 1641 1975 1673 ι

847 1728 867 1761 ‹
904 1710 1183 1778 Tanquam
1221 1711 1490 1776 castigati,
1519 1719 1572 1763 et
1607 1726 1713 1764 non
1740 1712 1931 1766 occisi.
1993 1731 2012 1764 ι
2041 1712 2330 1778 Permittit,

772 1801 968 1868 inquit,
1006 1801 1117 1854 haec
1147 1800 1309 1863 Deus,
1345 1810 1398 1851 ut
1437 1801 1649 1854 erudiat
1676 1815 1772 1854 nos
1800 1812 1853 1854 et
1882 1804 2127 1868 castiget.
2159 1802 2335 1868 Quare

771 1891 1089 1952 etiamnum,
1127 1901 1254 1944 ante
1308 1889 1486 1943 futura
1543 1892 1630 1945 illa
1677 1894 1918 1961 pra-mia,
1952 1908 2057 1946 non
2086 1896 2332 1964 exiguum

775 1984 926 2037 nobis
989 1998 1017 2034 a
1073 1985 1430 2051 castigatione
1480 1983 1685 2036 lucrmn
1729 1986 1993 2051 provenit.
2049 1986 2089 2039 A
2139 1985 2338 2041 Davide

773 2083 952 2127 autem
981 2073 1082 2126 hoc
1109 2075 1443 2141 desmnptum
1464 2081 1546 2129 est
1569 2072 1623 2137 δ,
1656 2092 1673 2123 ι
1697 2072 1979 2142 Castigans
2010 2092 2027 2125 ι
2056 2074 2223 2139 enim,
2255 2075 2339 2129 in-

772 2167 889 2233 quit
932 2164 1038 2228 ille,
1090 2182 1109 2215 r
1157 2164 1441 2234 castigavit
1473 2180 1557 2219 me
1607 2166 1887 2229 Dominus,
1921 2176 1975 2220 et
2022 2166 2183 2220 morti
2232 2180 2338 2220 non

774 2257 995 2309 tradidit
1023 2270 1125 2310 tt!c.
1157 2273 1176 2307 ι

845 2345 1007 2399 Vens.
1049 2345 1134 2397 10.
1196 2364 1215 2397 ι
1255 2342 1533 2411 Tanquam
1587 2343 1850 2408 dolentes,
1901 2358 2114 2411 semper
2161 2352 2339 2398 autem

772 2438 1090 2505 gaudentes.
1122 2453 1140 2487 ι
1176 2436 1327 2504 Apud
1357 2444 1573 2490 exteros
1602 2435 1839 2503 quidem,
1871 2436 2044 2489 mmsti
2077 2435 2338 2500 videmur,

775 2528 848 2579 ait
897 2544 909 2580 :
966 2542 1062 2579 nos
1103 2542 1233 2581 vero
1280 2527 1448 2581 solida
1502 2527 1777 2595 voluptate
1826 2526 2175 2595 periruimur.
2224 2526 2340 2580 Non

774 2616 920 2669 enim
970 2616 1255 2685 aliquando
1288 2616 1551 2681 laetamur,
1595 2616 1883 2686 aliquando
1916 2631 2045 2681 non,
2076 2618 2167 2671 sed
2196 2632 2341 2671 sem-

770 2720 886 2774 per.

848 2812 868 2845 ι
902 2794 1178 2863 Tanquam
1202 2807 1447 2863 egentes.
1470 2796 1667 2851 multos
1686 2805 1861 2849 autem
1888 2794 2292 2863 locupletantes.
2316 2816 2335 2849 ι

778 2886 987 2941 Divitiis
1038 2898 1147 2942 tum
1187 2888 1557 2959 spiritualibus
1606 2898 1715 2941 tum
1754 2887 2098 2942 sensibilibus
2151 2889 2343 2944 multos

777 2979 1135 3048 loi-upletavit.
1179 2981 1391 3035 Etenim
1432 2980 1670 3035 omnium
1702 2983 1845 3034 mdes
1874 2979 1973 3034 sibi
2004 2989 2219 3048 apertas
2247 2982 2344 3035 lia-

779 3072 931 3135 liens,
992 3072 1437 3140 opulentissimus
1490 3082 1642 3138 erat,
1696 3086 1760 3125 ac
1809 3070 1928 3124 aliis
1969 3071 2236 3141 impertiri
2290 3080 2345 3126 et

777 3164 982 3215 nutrire
1033 3164 1225 3231 potuit,
1253 3163 1473 3231 perinde
1522 3177 1584 3216 ac
1637 3172 1856 3218 sanctos
1886 3164 1941 3217 in
1979 3161 2337 3219 Hierusalem.
2367 3190 2410 3248 ς

772 3251 978 3307 Iudicat
999 3264 1176 3308 autem
1206 3255 1309 3307 ltoc
1330 3264 1383 3307 et
1412 3268 1508 3324 per
1539 3255 1841 3322 sequentia.

854 3454 873 3487 ο
910 3434 1182 3503 Tanquam
1230 3435 1364 3489 nihil
1396 3435 1680 3501 habentes,
1733 3446 1788 3491 et
1833 3440 2010 3493 omnia
2060 3441 2340 3510 possiden-

776 3543 878 3584 tes.
922 3548 941 3581 ι
976 3529 1077 3595 Qui
1110 3530 1249 3583 enim
1279 3529 1409 3583 nulli
1430 3545 1607 3583 rerum
1641 3530 2014 3600 temporalium
2046 3534 2111 3588 ad
2140 3535 2341 3590 victum

774 3630 838 3675 et
861 3623 1116 3675 amictum
1168 3620 1553 3689 pertinentium
1586 3623 1777 3679 aﬂixns
1805 3634 1917 3691 est,
1949 3640 2069 3695 qua:
2099 3628 2341 3683 omnium

775 3727 925 3781 sunt,
944 3716 1125 3770 liabet.
1181 3734 1200 3768 ι
1224 3717 1434 3770 Sienim
1461 3718 1573 3771 ﬁeri
1609 3728 1807 3787 posset,
1833 3737 1853 3771 ι
1882 3720 2074 3789 inquit,
2109 3740 2127 3773 ι
2161 3721 2344 3778 oculos

777 3818 988 3862 vestros
1018 3809 1296 3862 eruissetis
1329 3819 1382 3862 et
1418 3810 1549 3863 milii
1596 3812 1963 3874 dedissetiscz
2007 3831 2027 3865 ι
2078 3815 2345 3881 quomodo

778 3897 943 3963 igitur
968 3898 1103 3952 tales
1136 3898 1382 3965 prcnniis
1412 3900 1784 3967 pepercissent
1816 3917 1939 3971 erga
1975 3903 2192 3970 ipsum?
2224 3903 2347 3961 Harc

779 4002 959 4047 autem
988 3992 1167 4045 omnia
1215 3992 1319 4046 illis
1363 3994 1658 4056 recensuit,
1702 4010 1769 4049 ne
1796 3995 1865 4049 ob
1916 3995 2119 4065 aliquid
2159 4012 2344 4054 eorum

779 4099 898 4151 qum
933 4082 1102 4137 tristia
1130 4082 1473 4149 videbantur,
1509 4086 1879 4141 turbarentur.

852 4173 1015 4226 Vens.
1052 4172 1138 4226 Η.
1168 4191 1187 4225 ι
1219 4172 1292 4227 Os
1320 4181 1563 4228 nostrum
1593 4182 1738 4243 patet
1758 4174 1825 4227 ad
1854 4190 1971 4239 vos,
1998 4190 2031 4230 ο
2056 4176 2343 4243 Corinthii,

780 4278 875 4314 cor
926 4270 1168 4315 nostrum
1220 4260 1501 4314 dilatatum
1557 4270 1663 4315 est.
1717 4281 1737 4314 ι
1790 4260 2077 4331 Postquam
2128 4266 2345 4334 propria

782 4353 1076 4406 certamina
1122 4351 1500 4413 recensuisset,
1556 4351 1793 4419 ipsisque
1836 4352 1998 4406 veluti
2032 4368 2129 4421 per
2156 4370 2347 4408 narra-

784 4447 1075 4501 tiunculam
1110 4445 1395 4514 quamdam
1430 4446 1595 4515 276
1620 4446 1965 4511 ostendisset,
1993 4449 2135 4516 quod
2166 4451 2342 4519 ipsum

782 4536 980 4589 imitari
1030 4537 1335 4598 debuerint,
1394 4537 1647 4604 deinceps
1699 4536 2074 4603 increpaturus
2120 4551 2202 4594 est
2227 4556 2339 4607 eos,

780 4643 877 4682 ceu
903 4643 1024 4681 eum
1052 4643 1156 4682 non
1186 4627 1473 4681 admodum
1503 4628 1803 4697 diligentes.
1832 4629 2001 4684 Antea
2030 4645 2157 4684 vero
2184 4647 2342 4701 quam

782 4716 884 4769 hoc
926 4713 1111 4780 faciat,
1140 4718 1410 4785 propriam
1433 4718 1748 4773 eltaritatem
1784 4720 2057 4773 ostendit:
2098 4720 2341 4789 Semper,

781 4805 1048 4873 inquiens,
1081 4805 1201 4858 volo
1232 4805 1387 4859 vobis
1436 4807 1579 4875 Ιοουί
1617 4816 1671 4861 et
1715 4807 2002 4870 disserere,
2049 4823 2113 4862 ac
2156 4809 2340 4873 libere,

783 4909 1009 4962 cumque
1034 4895 1225 4949 liducia
1261 4899 1422 4951 verba
1470 4897 1686 4951 facere:
1743 4898 1846 4952 hoc
1871 4899 2013 4952 enim
2052 4899 2340 4967 signiﬁcat,

789 5002 807 5033 σ
850 4982 922 5038 Os
981 4994 1221 5038 nostrum
1267 4995 1435 5055 patet.
1485 5006 1504 5040 ι
1552 4988 1640 5041 Sic
1689 4999 1865 5044 autem
1920 4989 2069 5053 dicit,
2102 4991 2223 5058 quia
2251 5006 2343 5045 eos

782 5074 1165 5143 objurgaturus
1190 5089 1293 5143 est,
1330 5079 1571 5132 indicans
1601 5094 1718 5133 eam
1747 5096 1866 5135 esse
1909 5081 2146 5135 maxime
2180 5080 2347 5135 dilec-

783 5169 1001 5232 tionem,
1040 5172 1205 5238 ipsam
1253 5170 1498 5223 videlicet
1546 5170 1795 5238 loquendi
1850 5171 2173 5226 lihertatem.
2230 5171 2345 5227 Non

789 5260 957 5313 solum
982 5272 1158 5315 autent
1180 5276 1273 5315 ore
1300 5262 1525 5315 ostendo
1546 5262 1881 5316 dilectionem
1910 5279 2105 5326 meam,
2133 5280 2345 5318 verum-

780 5353 943 5408 etiam
982 5357 1165 5421 corde,
1205 5355 1441 5423 amplum
1492 5355 1618 5407 illud
1661 5365 1715 5410 et
1762 5357 1929 5410 latum
1960 5372 2082 5427 erga
2116 5373 2211 5411 vos
2242 5358 2341 5411 ha-

783 5446 940 5498 brns.
978 5444 1182 5500 Fervor
1210 5449 1351 5501 enim
1380 5445 1685 5501 dilectionis
1730 5456 1783 5501 et
1835 5462 1896 5503 os
1928 5463 2103 5502 meum
2136 5450 2332 5517 aperit,

894 5600 921 5638 ιι
948 5599 1130 5655 Matth.
1158 5618 1206 5665 v,
1239 5602 1323 5657 ll.
1438 5615 1457 5644 ο
1481 5604 1659 5659 Galat.
1688 5616 1761 5669 ιν,
1795 5602 1876 5657 15.

2432 609 2487 661 δὲ
2516 612 2582 679 τῇ
2612 610 2915 679 δυσφημίᾳ,
2944 609 3002 661 τὸ
3025 610 3145 662 ὅλον
3173 608 3334 680 βάρος
3363 612 3453 663 ἐπὶ
3477 612 3575 679 τὴν
3615 611 3814 679 ψυχήν.
3847 612 4020 663 Ὅθεν

2434 702 2526 753 καὶ
2552 700 2628 769 τῷ
2671 699 2791 753 ’1ὼό
2825 701 3123 770 βαρύτερον
3150 700 3305 753 τοῦτο
3338 700 3447 753 τῶν
3475 701 3651 753 ἄλλων
3688 700 3941 770 πληγῶν.

2509 810 2529 843 ι
2580 794 2667 855 Ὠς
2702 794 2890 848 πλάνοι
2928 793 3023 846 καὶ
3061 794 3297 863 ἀληθεῖς.
3336 812 3353 844 ι
3402 793 3571 848 Τοῦτό
3602 795 3751 848 ἐστιν
3785 795 3815 847 ὃ
3864 790 4017 849 εἴπεο

2440 901 2458 933 ‹
2496 884 2596 937 Διά
2624 884 2935 953 δυσφημίας
2963 887 3054 936 καὶ
3089 886 3387 954 εὐφημίας.
3424 905 3444 938 ι

2511 998 2529 1030 α
2578 980 2663 1041 Ὠς
2716 980 3068 1048 ἀγνοούμενοι
3123 983 3214 1032 καὶ
3261 982 3765 1051 ἐπιγινωσκόμενοι.
3817 1000 3836 1032 ι
3888 982 4021 1039 Τοῖς

2439 1069 2535 1139 μὲν
2566 1070 2675 1138 γὰρ
2698 1065 2839 1137 ἦσαν
2888 1071 3349 1138 περισπούδαστοι
3392 1074 3487 1125 καὶ
3518 1072 3809 1144 γνώριμοιο
3862 1073 3911 1123 oi
3960 1071 4021 1123 δὲ

2434 1161 2554 1213 οὐδὲ
2588 1161 2786 1213 είδέναι
2810 1162 3006 1224 αὐτοὺς
3032 1161 3239 1230 ἠξίουν.
3267 1164 3439 1218 Τοῦτο
3460 1164 3514 1217 δὲ
3545 1164 3739 1216 ταύτόν
3764 1165 3882 1215 ἐστι
3911 1161 4020 1231 τῷ,

2444 1269 2461 1300 ι
2494 1250 2593 1303 Διά
2625 1251 2783 1318 δόξης
2809 1253 2900 1303 καὶ
2928 1253 3173 1321 ἀτιμίας.
3211 1273 3228 1305 ι

2521 1343 2606 1404 Ὠς
2650 1343 3106 1413 ἀποθνήσκοντες,
3134 1346 3230 1398 καὶ
3276 1346 3384 1399 ίδοὺ
3411 1345 3617 1415 ζῶμεν.
3652 1365 3669 1397 ι
3700 1345 4017 1405 Τουτέστιν.

2431 1433 2507 1493 ὡς
2537 1434 2877 1487 ὲπιθανάτιοι
2916 1437 3010 1488 καὶ
3062 1436 3366 1503 κατάδικοι,
3414 1438 3509 1491 καὶ
3556 1438 3678 1490 ὅσον
3725 1438 3863 1507 πρὸς
3916 1440 4022 1506 τὴν

2436 1525 2659 1594 γνώμην
2705 1526 2816 1579 τῶν
2866 1528 3351 1591 ἐπιϐουλευόντων,
3410 1547 3429 1581 ι
3469 1530 3938 1601 ἀποθνήσκοντεςο
3996 1550 4015 1583 ο

2434 1615 2521 1668 διὰ
2554 1616 2727 1685 δὲτὴν
2759 1616 2851 1669 τοῦ
2884 1617 3019 1671 Θεοῦ
3042 1618 3270 1687 δύναμιν
3309 1637 3327 1670 r
3362 1619 3473 1672 ἰδοὺ
3503 1620 3709 1689 ζῶμεν.
3743 1639 3761 1671 ι

2512 1726 2533 1759 r
2578 1708 2666 1771 Ὠς
2689 1710 3095 1779 παιδευόμενοι,
3128 1712 3327 1781 καὶμὴ
3371 1712 3781 1781 θανατούμενοι·
3819 1732 3839 1765 ι
3879 1714 4025 1780 Συγ-

2436 1800 2605 1866 χωρεῖ
2634 1798 2711 1863 δὲ,
2764 1800 2919 1868 φησὶ,
2964 1800 3139 1854 ταῦτα
3180 1804 3207 1854 ὁ
3240 1800 3397 1865 Θεὸς,
3445 1803 3535 1856 ἶνα
3580 1804 3813 1875 παιδεύῃ
3846 1806 4019 1872 ἡμᾶς.

2443 1890 2602 1941 ’Ὥστε
2642 1891 2735 1942 καὶ
2776 1894 2884 1960 πρὸ
2923 1890 3030 1943 τῶν
3062 1891 3272 1944 ἐκεῖθεν
3326 1892 3557 1960 μισθῶν,
3586 1894 3648 1946 οὐ
3698 1895 3896 1964 μικρὸν
3928 1895 4021 1945 ὲν-

2437 1980 2612 2033 ταύοα
2642 1984 2701 2035 τὸ
2726 1984 2935 2053 κέρδος,
2971 1984 3031 2036 τὸ
3064 1985 3162 2053 τῆς
3196 1985 3463 2049 παιδείας.
3501 1986 3672 2039 Τοῦτο
3700 1986 3756 2037 δὲ
3786 1986 3896 2037 ἀπὸ
3926 1986 4024 2038 τοῦ

2439 2074 2619 2125 Δαυῖδ·
2660 2075 2868 2135 ἐκεῖνος
2915 2076 3046 2145 γάρ,
3101 2093 3123 2125 ι
3180 2075 3481 2141 Παιδεύων,
3524 2096 3541 2127 ι
3576 2077 3763 2144 φησὶν,
3798 2095 3818 2128 ι
3858 2076 4020 2129 ἐπαί-

2439 2161 2599 2213 δευσὲ
2630 2178 2696 2231 με
2724 2164 2752 2215 ὁ
2776 2163 3000 2234 Κύριος,
3026 2163 3104 2235 τῷ
3133 2164 3189 2217 δὲ
3213 2165 3427 2237 Θανάτῳ
3453 2168 3514 2218 ού
3555 2166 3838 2237 παρέδωκέ
3872 2184 3963 2236 με.
3996 2184 4017 2217 ι

2518 2360 2535 2392 ι
2597 2340 2685 2404 Ὠς
2718 2340 3071 2410 λυπούμενοι,
3102 2342 3189 2397 ἀεὶ
3230 2341 3287 2395 δὲ
3317 2342 3617 2412 χαίροντες.
3656 2362 3674 2395 ι
3727 2343 3888 2413 Παρά
3921 2345 4023 2414 μὲν

2440 2437 2551 2497 τοῖς
2605 2434 2730 2499 ἔξω,
2773 2436 2927 2501 φησὶ,
2976 2433 3241 2503 δοκοῦμεν
3292 2434 3541 2504 ἀθυμεῖν·
3601 2438 3759 2504 ἡμεῖς
3812 2436 3870 2489 δὲ
3921 2438 4026 2507 τὴν

2440 2525 2632 2595 ἡδονὴν
2670 2525 3049 2594 αίκμάζουσαν
3088 2526 3307 2596 ἔχομεν.
3354 2529 3427 2581 Οὔ
3461 2526 3569 2597 γὰρ
3603 2529 3734 2581 ποτὲ
3768 2528 3871 2599 μὲν
3899 2532 4024 2600 χαίο

2444 2632 2629 2685 ρομεν.
2659 2616 2787 2669 ποτὲ
2818 2616 2873 2669 δὲ
2904 2616 2987 2681 οῦ,
3024 2618 3139 2671 ἀλλ’
3170 2618 3277 2671 ἀεί.

2519 2817 2539 2851 r
2598 2798 2685 2862 Ὠς
2735 2799 2963 2867 πτωχοὶ,
3017 2799 3245 2862 πολλοὺς
3290 2800 3347 2853 δὲ
3390 2801 3791 2867 πλουτίζοντες.
3833 2823 3852 2856 ι
3910 2806 4027 2859 Καὶ

2444 2889 2585 2942 κατά
2623 2888 2717 2941 τὸν
2762 2891 3131 2959 πνευματικὸν
3164 2890 3391 2944 πλοῦτον
3438 2892 3667 2956 πολλοὺς
3709 2895 4027 2961 ἐπλούτιξε,

2444 2983 2538 3034 καὶ
2580 2982 2722 3033 κατά
2763 2982 2854 3033 τὸν
2907 2983 3165 3052 αἰσθητὸν
3194 2983 3270 3037 δέ.
3320 2985 3431 3037 Καὶ
3478 2987 3585 3055 γάρ
3616 2987 3714 3048 τὰς
3760 2988 4026 3041 ἀπάντων

2444 3071 2620 3134 οίκίας
2666 3072 3027 3142 ἀνεῳγμένας
3076 3072 3227 3142 αύτῷ
3270 3073 3431 3143 ἔχων,
3476 3075 3883 3139 πλουσιώτατος
3932 3074 4029 3148 ἦν,

2446 3162 2540 3215 καὶ
2563 3162 2743 3225 ἄλλοις
2783 3164 3048 3233 παρέχειν
3090 3164 3184 3216 καὶ
3209 3164 3430 3233 τρέφειν
3470 3165 3791 3236 δυνάμενος,
3832 3168 4029 3237 ὥσπερ

2446 3252 2540 3305 καὶ
2570 3255 2692 3315 τοὺς
2738 3253 2795 3306 ὲν
2834 3252 3190 3324 Ἰερουσαλὴμ
3220 3252 3432 3322 ἁγίους.
3460 3254 3620 3325 Δηλοῖ
3647 3256 3703 3308 δὲ
3729 3256 3890 3309 τοῦτο
3930 3257 4031 3310 καὶ

2443 3343 2531 3397 διὰ
2561 3344 2667 3396 τῶν
2693 3343 2843 3412 ἑξῆς.

2523 3454 2541 3486 ι
2586 3435 2679 3496 Ὠς
2711 3434 2880 3504 μηδὲν
2915 3434 3149 3504 ἔχοντες,
3179 3437 3273 3488 καὶ
3299 3436 3477 3489 πάντα
3506 3438 3853 3507 κατέχοντες.
3898 3454 3919 3488 ι
3970 3438 4031 3491 '0

2447 3527 2555 3597 γάρ
2606 3526 2796 3596 μηδενὶ
2846 3526 3267 3597 προσηλώμενος
3296 3528 3405 3582 τῶν
3435 3528 3727 3598 βιωτικῶν,
3770 3531 3840 3583 τά
3886 3532 4029 3584 πάν-

2443 3635 2552 3671 των
2578 3618 2620 3650 "
2654 3618 2788 3687 ἔχει.
2850 3636 2868 3670 ι
2919 3618 2983 3671 El
3013 3618 3235 3672 δυνατὸν
3263 3621 3392 3689 γὰρ,
3430 3638 3448 3670 ι
3506 3621 3661 3689 φησὶ,
3718 3640 3735 3672 r
3771 3622 3867 3673 καὶ
3898 3624 4031 3684 τοὺς

2442 3709 2753 3779 ὀφθαλμοὺς
2786 3710 2939 3780 ὑμῶν
2966 3710 3341 3781 ἐξορύξαντες,
3372 3710 3610 3764 ἐδώκατέ
3662 3727 3776 3778 μοι·
3826 3730 3843 3762 ι
3908 3712 4030 3773 πῶς

2444 3797 2537 3854 οὖν
2569 3802 2868 3871 χρημάτων
2900 3800 2967 3855 ἂν
2988 3802 3273 3869 ἐφείσαντο
3302 3801 3351 3853 οί
3373 3799 3603 3853 τοιοῦτοι
3639 3800 3773 3870 πρὸς
3800 3801 4026 3865 τούτους

2447 3891 2633 3945 Ταῦτα
2680 3892 2734 3945 δὲ
2774 3894 2952 3947 πάντα
2998 3894 3181 3955 αὐτοῖς
3227 3891 3533 3955 κατέλεξεν,
3577 3892 3664 3944 ἵνα
3713 3891 3788 3961 μὴ
3818 3892 4029 3961 ταράτ-

2446 3999 2643 4037 τωνται
2679 3984 2771 4037 ἐπί
2796 4000 2901 4037 τινι
2929 3984 3035 4038 τῶν
3060 3983 3358 4037 δοκούντων
3387 3982 3668 4051 λυπηρῶν.

2521 4184 2537 4215 ι
2578 4165 2649 4217 Τὸ
2683 4165 2858 4233 στόμα
2909 4162 3063 4231 ἡμῶν
3099 4162 3308 4229 ἀνέῳγε
3353 4162 3488 4230 πρὸς
3531 4161 3697 4229 ὑμᾶς,
3737 4154 3781 4213 ὦ
3823 4163 4027 4230 Κορίν-

2447 4256 2573 4307 θιοι·
2602 4257 2635 4325 ὴ
2678 4255 2876 4323 καρδία
2926 4254 3080 4323 ἡμῶν
3111 4254 3507 4306 πεπλάτυνται.
3557 4271 3574 4303 ι
3627 4254 3764 4314 Τοὺς
3791 4254 4028 4316 οἰκείους

2445 4346 2663 4413 ἀγῶνας
2713 4346 3035 4412 καταλέξας,
3073 4347 3167 4397 καὶ
3209 4345 3387 4410 δείξας
3416 4346 3623 4407 αὐτοῖς,
3652 4344 3726 4406 ὡς
3773 4344 3833 4394 ἐν
3865 4346 4026 4411 τάξει

2446 4438 2774 4506 διηγήσεως,
2801 4437 2947 4500 ὅπως
2977 4435 3082 4506 χρὴ
3104 4436 3265 4488 αὑτὸ-,ι
3294 4438 3600 4505 μιμεῖσθαι,
3630 4437 3813 4503 μέλλει
3838 4438 4027 4491 λοιπὸν

2449 4528 2823 4581 καθάπτεσθαι
2863 4528 3061 4590 αὐτῶν,
3094 4528 3169 4589 ὡς
3218 4530 3279 4579 οὐ
3332 4528 3537 4594 σφὸδρα
3569 4528 3731 4579 αὑτὸν
3762 4529 4024 4594 ἀγαπών-

2449 4638 2577 4674 των.
2618 4620 2753 4690 Πρὶν
2803 4620 2858 4671 δὲ
2901 4619 3057 4671 τοῦτο
3103 4622 3345 4688 ποιῆσαι,
3385 4620 3657 4671 δείκνυσιν
3702 4622 3890 4682 αὐτοῖς
3928 4622 4026 4689 τὴν

2449 4712 2655 4763 οἰκείαν
2687 4711 2928 4779 ἀγάπην,
2959 4711 3053 4761 καί
3082 4727 3265 4778 φησιν,
3290 4712 3371 4763 ὅτι
3416 4710 3528 4764 Ἀεὶ
3558 4711 3819 4780 βούλομαι
3858 4732 4025 4782 :90:-

2449 4805 2627 4856 λαλεῖν
2659 4805 2786 4871 ύμῖν
2834 4802 2929 4853 καὶ
2975 4801 3341 4868 διαλέγεσθαι,
3377 4803 3471 4853 καὶ
3516 4804 3903 4865 ἀνυποστόλως
3936 4805 4025 4855 καὶ

2452 4894 2592 4964 μετά
2637 4892 2947 4963 παρρησίας
2990 4892 3186 4944 λαλεῖν.
3224 4891 3393 4943 Τοῦτο
3422 4893 3530 4961 γάρ
3573 4892 3726 4959 δηλοῖ
3772 4894 3870 4945 διά
3906 4892 4021 4953 τοῦ,

2454 5007 2471 5038 ι
2522 4987 2755 5055 Ἀνέῳγε
2780 4987 2837 5039 τὸ
2862 4986 3051 5054 στόμα.
3081 5004 3098 5036 ι
3135 4984 3287 5036 Οὕτω
3315 4984 3370 5036 δὲ
3416 4984 3583 5051 λέγει,
3604 4986 3795 5051 ἐπειδὴ
3844 4986 4021 5054 μέλλει

2455 5080 2636 5139 αὐτοῖς
2658 5079 2941 5146 ἐπιτιμᾷν,
2962 5076 3219 5129 δεικνύων
3254 5077 3334 5128 ὅτι
3359 5076 3516 5127 τοῦτο
3542 5076 3775 5145 μάλιστα
3809 5078 4021 5143 ἀγάπη,

2454 5170 2487 5239 ἡ
2534 5169 2831 5240 παρρησίαο
2871 5170 2945 5221 Οὐ
2984 5168 3141 5237 μόνον
3172 5168 3226 5219 δὲ
3269 5168 3345 5237 τῷ
3381 5169 3605 5237 στόματι
3645 5167 3900 5235 δείκνυμι
3933 5170 4023 5235 τὴν

2450 5262 2691 5331 ἀγάπην,
2721 5263 2855 5315 ἀλλά
2892 5265 2983 5315 καὶ
3011 5265 3075 5331 τῇ
3118 5261 3334 5331 καρδία,
3368 5262 3624 5313 πλατεῖαν
3653 5260 3859 5330 ταύτην
3892 5261 4022 5328 πρξς

2452 5353 2595 5416 ὑμᾶς
2622 5355 2779 5424 ἔχων.
2817 5354 2880 5407 Ἠ
2911 5354 3017 5423 γάρ
3047 5354 3223 5422 θέρμη
3255 5356 3352 5421 τῆς
3386 5354 3607 5421 ἀγάπης
3630 5354 3723 5404 καὶ
3754 5353 3817 5403 τὸ
3854 5354 4020 5420 στόμα

2452 5465 2554 5517 μου
2584 5448 2812 5514 ἀνοίγει,
2845 5447 2938 5501 καὶ
2978 5446 3073 5517 τὴν
3104 5446 3332 5516 καρδίαν
3358 5463 3461 5517 μου
3494 5445 3781 5510 ἰπλάτυνε,
3819 5445 3913 5495 καὶ
3940 5443 4021 5496 εὑ-

2090 5696 2287 5758 νδιὶω
2324 5693 2647 5758 lectiones.

867 5796 908 5826 ³⁷
943 5799 1119 5852 πάντα
1160 5800 1377 5866 κατέχει
1410 5814 1460 5851 0.
