4242 6462
799 400 895 462 8θῖ

1718 394 2298 457 THEOPHYLACTI
2337 393 2748 455 BULGARIxE
2784 396 3137 457 ARCHIEP.

3973 391 4089 452 1138

802 513 1019 582 qualem
1063 510 1161 581 ipsi
1194 512 1425 580 lingunt,
1460 511 1573 571 sed,
1613 508 1863 561 viventis.
1896 505 2028 572 Quis
2056 505 2221 574 igitur
2251 519 2379 558 con-
2408 506 2451 561 Α

2411 506 2451 561 Α
2481 503 2576 565 Τίς
2607 499 2700 556 οῦν
2742 505 3173 572 συγκατάθεσις,
3227 505 3535 567 τουτέστιν,
3573 503 3831 574 ὁμοιότης
3855 542 3871 568 ,
3913 505 4086 558 συνέ-

793 618 1011 667 sensus,
1069 604 1121 656 id
1177 613 1284 669 est,
1337 602 1651 663 similitudo,
1701 596 2010 662 conventio,
2044 596 2196 650 vobis
2248 610 2370 650 cum

797 695 919 751 istis
944 696 966 747 ?

874 802 892 835 ι
931 784 1233 837 Sicntdixit
1264 782 1401 834 Deus
1424 780 1449 819 ιι
1482 798 1495 834 :
1523 780 1784 845 Quoniam
1816 779 2195 834 inhabitaboin
2220 777 2368 846 ipsis.

794 885 848 927 et
879 874 1245 933 Inamhnlaho,
1278 887 1480 940 oroque
1513 873 1749 940 ipsorum
1785 872 1943 936 Deus,
1992 882 2044 922 et
2085 870 2183 937 ipsi
2216 878 2373 921 erunt

796 966 925 1018 mihi
959 967 1201 1034 populus.
1239 982 1257 1014 ι
1312 964 1390 1018 Ne
1440 964 1642 1017 adulari
1691 963 1955 1027 videatur,
1990 978 2055 1016 ex
2093 962 2367 1030 Scriptura

797 1060 1080 1110 rontirmat
1110 1059 1249 1126 quod
1271 1059 1378 1109 sint
1417 1056 1670 1123 templum
1701 1056 1813 1109 Dei.
1851 1056 2002 1121 Quod
2040 1055 2197 1123 igitur
2228 1056 2369 1107 Deus

796 1153 845 1203 in
877 1152 1031 1204 nobis
1068 1152 1291 1215 habitet,
1340 1150 1536 1219 prioris
1574 1149 1693 1202 vine
1729 1150 1935 1217 put-itas
1974 1164 2102 1202 sane
2134 1149 2364 1216 prmbet:

791 1244 933 1310 quod
988 1259 1114 1295 vero
1157 1243 1417 1306 ambulet,
1448 1250 1673 1294 conatus
1721 1242 1951 1310 posthac
1998 1249 2053 1293 ct
2094 1239 2365 1308 diligentia

791 1330 940 1385 facit.
978 1333 1111 1387 Cum
1148 1336 1287 1386 enim
1322 1332 1482 1385 homo
1519 1347 1686 1398 purus
1735 1329 1915 1391 fuerit,
1954 1330 2218 1383 inhabitat
2246 1345 2366 1383 etlttt

795 1423 975 1477 Deus:
1016 1436 1155 1491 post,
1194 1424 1236 1476 si
1274 1425 1338 1475 ad
1398 1409 1539 1476 aliud
1595 1421 1861 1490 quoddam
1899 1436 2033 1490 opus
2068 1433 2364 1484 moveatur,

792 1515 1125 1568 itmmholare
1178 1515 1413 1577 dirilur,
1471 1514 1687 1580 quando
1726 1513 1934 1566 St'iliCcl
1986 1512 2146 1577 Deus,
2202 1512 2368 1580 ipsius

794 1607 849 1657 lit
904 1604 1073 1670 Deus,
1126 1606 1199 1658 ita
1261 1605 1312 1657 in
1379 1603 1813 1672 patriarcharum
1873 1604 2117 1656 ordinem
2175 1617 2366 1657 ascen-

792 1696 984 1748 dontis.

865 1788 1023 1840 Veiis.
1062 1788 1146 1840 17.
1187 1805 1203 1836 ι
1244 1786 1475 1856 Propter
1505 1787 1647 1855 quod
1682 1786 1823 1839 exite
1851 1787 1913 1840 de
1947 1786 2123 1841 medio
2154 1802 2361 1851 eorum,

790 1890 843 1930 et
879 1880 1225 1946 separati-ini,
1277 1889 1330 1932 et
1378 1879 1648 1947 impurum
1698 1878 1861 1931 nolite
1910 1889 2149 1949 tangere,
2184 1890 2237 1933 et
2265 1896 2363 1947 ego

790 1971 1081 2037 Siscipimi
1134 1987 1248 2031 vos,
1300 1970 1433 2021 dirit
1482 1970 1740 2022 Detnittus
1769 1980 1813 2023 ε.
1852 1989 1869 2021 ι
1918 1969 2031 2023 Non
2080 1971 2237 2032 dixit,
2288 1970 2365 2025 Ne

791 2060 962 2126 agatis
1004 2060 1258 2120 absurda,
1293 2059 1409 2123 sed,
1445 2076 1463 2108 ι
1496 2057 1575 2111 Ne
1598 2058 1848 2128 attingite
1877 2077 1894 2109 ι
1933 2060 2169 2127 quidem.
2194 2058 2365 2129 Impu-

791 2152 925 2202 ritas
956 2160 1134 2203 autem
1189 2150 1383 2218 duplex
1439 2160 1520 2205 est
1559 2150 1771 2204 :altera
1818 2151 2034 2219 quidem
2093 2152 2361 2219 corporis,

790 2243 956 2297 altera
994 2258 1120 2296 vero
1180 2245 1411 2295 animze:
1478 2243 1670 2295 anitum
1726 2244 1966 2311 quidem,
2025 2251 2082 2296 ut
2133 2243 2364 2296 sordidm

789 2336 1165 2400 regit..tiones,
1217 2341 1271 2387 et
1321 2334 1517 2389 intueri
1551 2334 1833 2405 impudicis
1876 2333 2066 2397 oculis,
2117 2334 2363 2387 vindictae

789 2430 1079 2495 cupiditas,
1114 2427 1257 2490 doli,
1309 2428 1466 2494 idque
1504 2443 1675 2496 genus
1730 2428 1831 2479 alia
1875 2446 1888 2481 :
1936 2425 2175 2496 corporis
2211 2441 2360 2491 vero,

790 2529 846 2571 nt
879 2518 1185 2579 fornicatio,
1240 2516 1602 2583 adulterium,
1654 2518 1940 2586 omnisque
2002 2516 2360 2584 impudicitia.

792 2608 914 2662 Vult
950 2610 1113 2678 igitur
1145 2611 1400 2677 utrinque
1450 2622 1545 2662 nos
1580 2623 1698 2661 esse
1730 2624 1909 2676 puros.
1958 2608 2113 2662 Exite
2139 2608 2301 2677 igitur
2330 2623 2360 2662 e

791 2702 965 2753 medio
1029 2700 1349 2765 inﬁdelium,
1411 2708 1464 2751 et
1513 2700 1889 2768 segregemini,
1949 2702 2052 2753 hoc
2105 2711 2207 2764 est,
2258 2700 2357 2754 soli

789 2794 948 2860 agite,
983 2791 1332 2859 separemini,
1364 2800 1419 2844 et
1451 2792 1567 2859 puri
1613 2802 1810 2853 estote,
1840 2799 1894 2845 et
1924 2800 2032 2844 tum
2069 2791 2357 2860 suscipiam

788 2899 904 2937 vos.
942 2882 1074 2937 Cum
1116 2885 1259 2936 enim
1311 2880 1631 2937 discesseris
1684 2899 1710 2933 a
1754 2882 1956 2950 pravis,
2003 2894 2110 2935 tum
2154 2884 2359 2938 unieris

789 2974 919 3028 Deo.

866 3064 1021 3119 Vens.
1058 3066 1143 3119 l8.
1188 3086 1205 3117 ι
1238 3066 1303 3120 Et
1330 3081 1423 3119 ero
1455 3066 1605 3119 vobis
1652 3065 1702 3117 io
1737 3064 1975 3127 Patrem,
2009 3075 2063 3117 et
2091 3080 2183 3119 vos
2208 3066 2358 3120 eritis

2477 592 2682 662 λευσις,
2716 596 2843 667 ὑμῖν
2884 599 3019 666 πρὸς
3047 597 3304 663 τούτουςς

2547 796 2566 831 ‹
2611 778 2811 841 Καθὼς
2841 776 2997 831 εἶπεν
3030 780 3057 831 ὁ
3088 778 3221 841 Θεὸς
3243 820 3254 839 .
3285 779 3366 830 ὅτι
3416 779 3713 848 Ἐνοικήσω
3740 780 3799 830 ἐν
3833 780 4035 841 αὐτοῖς
4062 820 4079 840 .

2473 872 2564 923 καὶ
2606 872 3069 941 ὲμπεριπατήσω,
3124 872 3215 923 καὶ
3267 871 3462 941 ἔσομαι
3512 873 3692 924 αὐτῶν
3747 873 3927 935 Θεὸς,
3974 882 4077 925 καὶ

2472 962 2629 1015 αὐτοὶ
2660 962 2875 1015 ἔσονταί
2904 979 2994 1030 μοι
3026 962 3172 1025 λαός.
3218 982 3235 1013 ι
3276 963 3391 1015 Ἵνα
3423 962 3498 1033 μὴ
3536 963 3662 1035 δόξῃ
3697 965 4030 1018 κολακεύειν
4054 1006 4073 1025 ,

2471 1054 2580 1106 ἀπὸ
2606 1057 2701 1123 τῆς
2732 1054 2951 1123 Γραφῆς
2978 1055 3251 1107 δείκνυσιν
3275 1055 3355 1108 ὅτι
3379 1057 3486 1107 εἰσὶ
3523 1058 3647 1119 ναὸς
3672 1056 3831 1109 Θεοῦ.
3864 1059 3941 1109 Τὸ
3968 1060 4073 1125 μὲν

2471 1144 2749 1212 ἐνοικῆσαι
2782 1146 2838 1197 ὲν
2865 1147 2995 1214 ἡμῖν
3017 1147 3107 1197 τὸν
3139 1147 3293 1210 Θεὸν,
3322 1149 3573 1217 προξενεῖ
3597 1150 3629 1217 ἡ
3656 1150 3749 1200 τοῦ
3784 1152 4067 1219 προτέρου

2473 1236 2588 1304 βὲου
2630 1237 2938 1308 καθαρότης
2960 1254 2973 1266 ⁸
3008 1238 3069 1289 τὸ
3101 1238 3157 1290 δὲ
3187 1239 3280 1290 καὶ
3320 1240 3773 1308 ὲμπεριπατῆσαι
3801 1282 3815 1304 ,
3852 1243 3888 1309 ἡ
3926 1244 4070 1309 μετὰ

2468 1328 2643 1379 ταῦτα
2666 1328 2891 1398 σπουδή.
2920 1329 3159 1401 Καθαρῷ
3184 1331 3291 1401 γὰρ
3315 1331 3427 1382 ὄντι
3456 1331 3535 1401 τῷ
3560 1333 3835 1401 ἀνθρώπῳ
3859 1336 4071 1385 ἐνοικεῖ

2470 1422 2496 1472 ὁ
2523 1420 2689 1484 Θεὸς·
2724 1418 2840 1476 εἶτα
2875 1423 2969 1475 καὶ
3010 1424 3148 1491 πρὸς
3182 1424 3343 1493 ἕτερα
3375 1424 3538 1476 πάλιν
3570 1424 3707 1494 ἔργα
3742 1428 4063 1495 κινουμένῳ

2471 1513 2869 1582 ἐμπεριπατεῖν
2894 1514 3141 1582 λέγεται·
3171 1516 3258 1568 ὅτε
3285 1516 3348 1584 δὴ
3371 1517 3464 1569 καὶ
3488 1516 3619 1577 Θεὸς
3650 1517 3816 1567 αὑτοῦ
3843 1517 4062 1583 γίνεται

2470 1607 2498 1658 δ
2526 1606 2678 1671 Θεὸς,
2710 1608 2787 1669 είς
2814 1608 2915 1674 τὴν
2943 1607 3095 1672 τάξιν
3120 1606 3226 1659 τῶν
3254 1608 3615 1679 πατριαρχῶν
3642 1608 4057 1669 ἀναϐαίνοντος.

2553 1808 2571 1841 ι
2606 1789 2697 1841 Διὸ
2740 1788 2986 1851 ἐξέλθετε
3017 1790 3083 1841 ἐκ
3130 1789 3298 1857 μέσου
3332 1790 3515 1842 αὐτῶν
3550 1790 3646 1842 καὶ
3676 1789 4017 1858 ἀφορίσθητε
4044 1830 4058 1853 ,

2473 1883 2565 1935 καὶ
2597 1881 2908 1950 ἀκαθάρτου
2950 1881 3024 1950 μὴ
3052 1880 3286 1934 ἅπτεσθε
3306 1923 3320 1945 ,
3354 1881 3509 1949 κάγὼ
3538 1883 3852 1954 εἰσδέξομαι
3887 1886 4056 1951 ὑμᾶς,

2473 1973 2620 2040 λέγει
2666 1972 2892 2042 Κύριος.
2933 1990 2952 2022 ι
2994 1973 3107 2024 Οὐκ
3146 1969 3302 2035 εἷπε,
3355 1975 3446 2043 Μὴ
3502 1976 3780 2043 πράττητε
3834 1977 4058 2039 ἄτοπα,

2473 2062 2628 2126 ἀλλὰ,
2667 2081 2684 2113 ι
2725 2062 2875 2132 Μηδὲ
2908 2060 3165 2114 ἆπτεσθε.
3207 2082 3224 2113 ι
3270 2062 3329 2115 'H
3360 2062 3415 2114 δὲ
3443 2063 3757 2133 ἀκαθαρσία
3784 2064 3939 2135 διττή
3967 2083 3982 2096 ·
4022 2065 4056 2135 ἢ

2474 2156 2746 2224 σώματος,
2783 2155 2815 2222 ἢ
2843 2154 3047 2223 ψυχῆς·
3078 2153 3256 2223 ψυχῆς
3290 2154 3411 2223 μὲν,
3441 2155 3516 2217 ὡς
3548 2156 3595 2207 οἱ
3624 2158 3859 2224 ῥυπαροὶ
3909 2158 4059 2224 λογι-

2472 2248 2621 2316 σμοὶ,
2677 2247 2773 2300 καὶ
2814 2246 2875 2298 τὸ
2913 2246 3183 2314 ἐμϐλέψαι
3230 2246 3553 2308 ἀκολάστοις
3588 2246 3927 2317 ὀφθαλμοῖς,
3960 2249 4058 2301 καὶ

2474 2335 2854 2407 μνησικακίαι,
2892 2334 2985 2388 καὶ
3029 2335 3195 2399 δόλοι,
3241 2337 3333 2387 καὶ
3381 2334 3451 2386 τα
3485 2335 3745 2387 τοιαῦτα·
3795 2336 4058 2405 σώματος

2502 2427 2547 2491 ὲ,
2577 2427 2651 2490 ὼς
2668 2427 2913 2497 πορνεία,
2933 2427 3165 2497 μοιχεία,
3201 2428 3295 2479 καὶ
3347 2428 3492 2479 πᾶσα
3512 2427 3558 2458 ⁸⁸
3595 2427 3875 2494 ἀσέλγεια.
3922 2429 4059 2479 Βού-

2469 2522 2618 2573 λεται
2635 2522 2815 2573 τοίνυν
2838 2520 3182 2589 ἑκατέρωθεν
3207 2519 3353 2589 ἡμᾶς
3376 2514 3515 2571 εἶναι
3538 2517 3834 2589 καθαρούς.
3869 2519 4058 2583 Ἐξέλ-

2470 2614 2592 2666 θετε
2625 2610 2717 2663 οῦν
2761 2613 2826 2663 ἐκ
2857 2613 3025 2680 μέσον
3068 2610 3178 2663 τῶν
3220 2613 3487 2673 ἀπίστων,
3540 2612 3634 2662 καὶ
3674 2610 4056 2679 ἀφορίσθητε,

2468 2705 2738 2768 τουτέστι,
2772 2702 3051 2773 μονώθητε
3076 2703 3169 2756 καὶ
3194 2702 3582 2774 καθαρίσθητε,
3604 2705 3698 2756 καὶ
3725 2704 3848 2754 τότε
3880 2703 4057 2755 εἰσδέ-

2470 2796 2631 2864 ξομαι
2672 2797 2837 2865 ὑμᾶς.
2890 2796 3059 2849 Ὅταν
3106 2796 3216 2866 γὰρ
3260 2794 3580 2864 ἀπαλλαγῇς
3623 2794 3734 2846 τῶν
3770 2793 4053 2863 πονηρῶν,

2466 2889 2586 2941 τότε
2616 2888 2865 2958 ὲνωθήσῃ
2896 2887 3034 2957 Θεῷ.

2544 3090 2562 3122 ι
2601 3070 2709 3123 Καὶ
2743 3070 2939 3141 ἔσομαι
2976 3071 3103 3139 ὑμῖν
3131 3070 3207 3135 είς
3246 3069 3483 3139 Πατέρα,
3529 3070 3625 3122 καὶ
3668 3071 3823 3139 ὑμεῖς
3856 3071 4052 3127 ἔσεσθέ

792 3162 921 3211 mihi
961 3159 1011 3210 in
1048 3160 1184 3213 lil.os
1212 3171 1265 3213 et
1294 3160 1451 3222 ﬁlias,
1486 3157 1615 3210 dicit
1646 3154 1904 3208 Dominus
1933 3157 2296 3224 omnipotens.
2334 3175 2350 3207 ι
2390 3197 2434 3256 C

2390 3197 2434 3256 Ο
2470 3179 2560 3230 μοι
2596 3164 2673 3224 είς
2712 3164 2858 3224 υἱοὺς
2896 3162 2991 3213 καὶ
3040 3161 3372 3229 θυγατέρας,
3417 3160 3565 3227 λέγει
3601 3160 3809 3228 Κύριος
3847 3180 4052 3214 παντοο

792 3250 978 3304 \‘itlen’
1016 3254 1105 3320 qui
1167 3250 1477 3319 prmdixerit
1537 3249 1816 3316 propheta,
1871 3263 1991 3317 quae
2038 3248 2145 3316 jam
2180 3252 2232 3303 in
2265 3266 2364 3305 nos

787 3345 1031 3409 pervenit
1059 3360 1152 3410 per
1181 3343 1467 3411 baptisma,
1528 3342 1991 3411 regenerationem
2021 3340 2364 3412 ﬁliorumque

796 3433 1172 3504 adoptionem?

1391 3542 1621 3599 CAPUT
1660 3541 1772 3598 Yll.

866 3659 1021 3714 Vtilis.
1062 3660 1113 3715 1.
1150 3680 1167 3711 ι
1209 3660 1314 3716 Has
1350 3678 1477 3729 ergo
1501 3662 1760 3719 habentes
1789 3662 2201 3732 promissiones,
2236 3664 2360 3716 tha-

788 3754 1013 3815 rissirni,
1052 3755 1369 3808 mundemos
1398 3771 1495 3808 nos
1528 3756 1592 3808 ab
1617 3757 1761 3810 omni
1794 3758 2204 3826 inquinamento
2237 3775 2359 3813 ear-

789 3844 874 3897 nis
906 3855 953 3895 et
990 3845 1235 3912 Spiritus.
1278 3863 1295 3895 ι
1328 3844 1525 3910 Quales
1577 3850 1960 3915 promissiones
1984 3851 2007 3903 ?
2032 3850 2183 3917 Quod
2227 3863 2359 3905 tent-

787 3938 927 4000 plnm
960 3938 1129 3988 simus
1163 3935 1299 3989 Dei:
1346 3937 1488 4005 quod
1535 3940 1826 3995 habeamus
1872 3943 2260 3997 inhabitantem
2304 3944 2355 3997 in

788 4026 940 4078 nobis
994 4036 1044 4075 et
1109 4026 1525 4080 inambulantem
1583 4029 1755 4096 ipsum
1804 4032 1969 4085 Deum
2016 4041 2069 4085 et
2120 4034 2355 4088 Patrem.

785 4115 950 4185 278
974 4115 1269 4186 Porpemus
1300 4118 1547 4185 nosipsos
1579 4120 1644 4171 ab
1674 4119 1899 4186 impuris
1926 4123 2182 4190 operibus
2220 4125 2357 4190 (haec

786 4226 925 4259 enim
980 4210 1159 4262 carnis
1207 4221 1330 4262 sunt
1365 4210 1757 4278 coinquinatio)
1832 4222 1886 4265 et
1929 4228 1957 4265 a
2012 4214 2245 4267 sordidis
2294 4232 2356 4270 ac

789 4301 1016 4352 turbidis
1050 4303 1506 4368 cogitationibus;
1545 4302 1657 4357 haec
1687 4303 1827 4355 enim
1864 4315 1987 4356 sunt
2017 4308 2354 4359 contamina-

787 4391 857 4443 tio
888 4391 1124 4455 Spiritus,
1160 4393 1209 4444 id
1236 4401 1336 4457 est,
1364 4394 1577 4445 animm.

863 4498 879 4529 1
921 4480 1268 4536 Pettieientes
1300 4485 1781 4537 sanetiﬁcationem
1831 4484 1883 4537 in
1931 4485 2121 4540 timore
2170 4486 2285 4542 Dei.
2329 4507 2346 4539 ι

782 4571 898 4625 Non
953 4576 1085 4627 satis
1151 4584 1249 4635 est.
1305 4577 1495 4645 inquit,
1558 4578 1830 4631 abstinere
1883 4578 1950 4631 ab
2012 4581 2350 4647 impuritate,

785 4678 969 4715 verum
996 4680 1132 4733 Opus
1163 4675 1244 4719 est
1272 4668 1433 4719 etiam
1461 4669 1659 4735 aliquid
1692 4668 2110 4737 honiperﬁcere,
2165 4688 2355 4740 nempe

784 4754 1284 4819 sanrtilieatiottem,
1318 4757 1368 4808 id
1422 4767 1522 4821 est,
1560 4759 1865 4825 puritatem,
1918 4762 2349 4826 temperantiam.

790 4862 808 4894 ι
848 4844 903 4897 In
940 4845 1130 4899 timore
1173 4865 1191 4897 ι
1224 4858 1402 4901 autem
1441 4867 1459 4899 ι
1503 4850 1618 4912 Dei,
1658 4870 1676 4901 ι
1707 4851 1977 4918 apposuit,
2005 4851 2085 4903 vel
2114 4852 2237 4918 quia
2273 4861 2354 4905 est

784 4942 1136 5004 temperantia
1170 4940 1435 5007 instituta,
1470 4952 1527 4994 ut
1558 4943 1760 5010 placeat
1795 4942 2122 5005 hominibus,
2157 4954 2210 4997 et
2245 4962 2347 4998 non

784 5028 837 5081 in
870 5030 1060 5082 timore
1096 5030 1186 5083 Dei
1234 5048 1246 5084 :
1304 5031 1385 5084 Vel
1435 5033 1667 5085 05tendit
1708 5035 1861 5087 nobis
1902 5035 2167 5102 quomodo
2210 5038 2349 5089 hanc

786 5120 1148 5187 perﬁciamus,
1180 5136 1393 5188 nempe,
1458 5123 1506 5173 in
1545 5122 1737 5176 timore
1774 5122 1887 5176 Dei.
1940 5123 2075 5175 Nam
2132 5124 2344 5177 etiamsi

788 5209 968 5260 saeviat
998 5212 1430 5280 concupiscentia
1461 5213 1660 5278 carnis,
1697 5214 1938 5267 timorem
1975 5214 2061 5267 Dei
2097 5214 2252 5277 habe,
2282 5229 2345 5268 ac

788 5296 1000 5349 tolletur
1055 5299 1283 5353 insania.
1324 5300 1439 5353 Non
1496 5302 1661 5354 solam
1719 5316 1897 5355 autem
1935 5304 2343 5371 temperantiam

785 5399 881 5452 per
915 5390 1324 5444 sanctimoniam
1369 5393 1651 5463 intelliges,
1676 5409 1857 5448 verum
1889 5395 2051 5449 etiam
2102 5397 2346 5464 quamvis

785 5477 836 5529 in
862 5476 967 5531 vita
997 5483 1305 5545 puritatem.

891 5592 917 5631 ά
952 5591 1126 5647 Levit.
1162 5606 1309 5665 nvi,
1348 5597 1434 5652 12.
1548 5609 1567 5630 ⁴
1602 5598 1701 5655 lsa.
1762 5616 1859 5668 LII,
1906 5602 1991 5655 ll.

2383 4527 2431 4585 D

2470 3250 2711 3319 κράτωρ.
2754 3269 2772 3300 ι
2824 3249 3006 3319 Ὁρᾷς,
3052 3250 3169 3310 πῶς
3210 3250 3668 3319 προανεφώνησεν
3697 3250 3724 3298 ό
3756 3255 4051 3321 προφήτης

2467 3341 2564 3409 τὴν
2613 3343 2692 3401 εἰς
2728 3342 2875 3409 ἡμᾶς
2922 3341 3016 3391 νῦν
3058 3341 3343 3409 φθάσασαι)
3388 3342 3475 3393 διὰ
3521 3340 3614 3392 τοῦ
3662 3339 4052 3411 βαπτίσματος

2468 3432 2828 3502 ἀναγέννησιν
2864 3432 2956 3485 καὶ
2992 3431 3266 3483 υἱοθεσίαν
3287 3447 3301 3495 ;

3062 3545 3313 3598 ΚΕΦΑΛ.
3363 3543 3436 3597 Z'.

2543 3681 2561 3713 ι
2600 3662 2818 3722 Ταύτας
2850 3658 2942 3711 οὖν
2974 3659 3189 3727 ἔχοντες
3223 3657 3321 3717 τὰς
3356 3657 3707 3723 ἐπαγγελίας,
3741 3658 4046 3727 ἀγαπητοὶ,

2463 3757 2848 3827 καθαρίσωμεν
2880 3755 3104 3814 ἑαυτοὺς
3142 3751 3248 3805 ἀπὸ
3283 3750 3482 3813 παντὸς
3522 3750 3801 3820 μολυσμοῦ
3841 3755 4048 3821 σαρκὶς

2463 3850 2555 3902 καὶ
2591 3848 2921 3916 πνεύματος.
2968 3866 2983 3895 ι
3047 3844 3252 3906 Ποία;;
3299 3844 3372 3894 Τὸ
3416 3846 3534 3893 ναοὶ
3569 3839 3710 3894 εἶναι
3758 3844 3899 3895 Θεοῦ
3926 3885 3938 3903 ,
3983 3845 4046 3894 το

2462 3941 2603 4009 ἔχειν
2627 3940 2789 3991 αὑτὸν
2821 3937 3132 3990 ἐνοικοῦντα
3157 3937 3247 3987 καὶ
3274 3934 3755 4003 ἐμπεριπατοῦντα
3785 3935 3877 3985 τὸν
3909 3934 4045 3987 Θεὶν

2461 4033 2553 4083 καὶ
2581 4030 2821 4097 Πατέρα..
2849 4027 3253 4096 Καθαρίσωμεν
3278 4027 3503 4086 ἑαυτοὺς
3526 4026 3633 4076 ἀπὸ
3660 4026 3767 4075 τῶν
3790 4026 4043 4093 ἀκαθαρο

2459 4138 2566 4174 των
2601 4105 2778 4190 ἔργων
2801 4138 2813 4152 ο
2846 4120 3020 4171 ταῦτα
3071 4120 3180 4188 γὰρ
3219 4117 3493 4185 μολυσμὸς
3531 4117 3763 4183 σαρκός·
3805 4117 3899 4168 καὶ
3930 4115 4041 4167 τῶν

2463 4212 2724 4280 ῥυπαρῶν
2762 4210 2853 4262 καὶ
2884 4209 3150 4278 ὲμπαθῶν
3184 4207 3461 4275 λογισμῶν
3487 4222 3496 4234 ·
3524 4206 3697 4258 ταῦτα
3726 4208 3835 4275 γὰρ
3870 4207 4039 4276 μολυ-

2460 4305 2593 4373 σμὸς
2627 4302 2957 4370 πνεὺματος,
2994 4300 3264 4365 τουτέστι,
3291 4299 3391 4367 τῆς
3416 4298 3612 4367 ψυχῆς.

2534 4502 2552 4535 ι
2596 4479 3000 4543 Ἐπιτελοῦντες
3034 4482 3347 4547 ἁγιωσύνην
3380 4481 3435 4530 ὲν
3478 4480 3627 4549 966;:
3664 4481 3820 4535 Θεοῦ.
3855 4501 3873 4533 ι
3923 4485 4037 4537 Οὖκ

2458 4576 2635 4643 ἀρκεῖ,
2668 4573 2855 4642 φησιν,
2891 4572 3193 4641 ἀπέχεσθαι
3228 4570 3601 4640 ἀκαθαρσίας,
3648 4572 3782 4623 ἀλλὰ
3815 4576 3896 4625 δεῖ
3940 4578 4035 4627 καὶ

2457 4664 2774 4715 ἐπιτελέσαι
2804 4680 2856 4716 τι
2886 4664 3110 4730 ἀγαθὸν,
3142 4664 3241 4730 τὴν
3268 4663 3600 4731 ἁγιωσύνην,
3631 4664 3900 4719 τουτέστι.
3936 4667 4033 4735 τὴν

2456 4755 2826 4825 καθαρότητα,
2867 4756 2963 4821 τὴν
3013 4754 3393 4822 σωφροσύνην.
3440 4753 3513 4803 Τὸ
3548 4753 3624 4811 δὲ,
3666 4773 3682 4801 ι
3748 4753 3837 4804 Ἐν
3884 4754 4032 4822 φόϐῳ

2453 4844 2610 4906 Θεοῦ,
2643 4862 2659 4893 ι
2685 4843 3054 4912 προσέθηκεν,
3089 4846 3121 4915 ἢ
3152 4843 3285 4894 διότι
3314 4843 3430 4893 ἐστὶ
3454 4844 3545 4893 καὶ
3571 4842 3899 4911 ἐπιτηδευτὴ
3928 4862 4032 4896 σω.

2456 4937 2695 5007 φροσύνη
2740 4937 2874 5004 πρὸς
2898 4934 3445 5004 ἀνθρωπαρέσκειαν,
3484 4934 3575 4985 καὶ
3605 4935 3664 4985 οὗ
3700 4938 3840 4986 κατὰ
3869 4937 4031 5001 εροῖῗον

2455 5029 2625 5083 Θεοῦ·
2663 5029 2996 5099 ἢδείκνυσιν
3045 5029 3178 5096 ημῖν
3232 5026 3348 5089 πῶς
3383 5025 3767 5094 ὲπιτελέσομεν
3803 5028 4026 5094 ταύτην,

2454 5123 2534 5174 ὅτι
2564 5124 2622 5173 ἐν
2654 5120 2803 5189 φόϐῳ
2830 5120 2988 5172 Θεοῦ.
3042 5120 3104 5170 Εἰ
3146 5118 3254 5187 γὰρ
3290 5118 3383 5169 καὶ
3412 5119 3668 5184 τυραννεῖ
3702 5119 3731 5185 ἡ
3768 5117 4028 5179 ἐπεθυμιὲα

2451 5210 2551 5277 τῆς
2586 5211 2818 5279 σαρκὸς,
2854 5208 2986 5260 ἀλλὰ
3018 5207 3181 5275 φόϐον
3209 5208 3297 5276 ἔχε
3331 5206 3465 5259 Θεοῦ
3488 5245 3501 5269 ,
3544 5208 3637 5257 καὶ
3672 5206 3961 5272 λυθήσεται
3992 5207 4021 5273 η

2459 5302 2647 5370 μανία,
2679 5302 2768 5371 Μὴ
2799 5301 2962 5369 μόνον
3003 5300 3060 5352 δὲ
3100 5299 3207 5369 τὴν
3242 5297 3594 5368 σωφροσύνην
3626 5297 3829 5366 νοήσῃς
3864 5299 4027 5362 ἀγεω-

2456 5392 2645 5462 σύνην,
2684 5391 2799 5446 ἀλλ’
2833 5392 3019 5455 ἁπλῶς
3050 5393 3230 5445 πᾶσαν
3265 5390 3365 5461 τὴν
3402 5391 3459 5443 ὲν
3489 5388 3586 5459 βίῳ
3620 5388 3992 5457 καθαρότητα.

2108 5715 2302 5777 Varia:
2332 5715 2660 5781 lectiones.

859 5804 903 5836 ⁸⁸
929 5806 1060 5866 ἄλλη
1093 5823 1148 5865 o.
