4242 6462
776 408 881 474 871

1694 396 2274 463 TIIEOI’HYLACTI
2298 394 2713 456 BULGARUE
2743 399 2944 458 ARCII
2960 399 3098 460 IEP.

3926 402 4058 466 879.

773 530 887 585 net,
934 518 1197 588 siquidem
1235 524 1443 570 tantum
1494 513 1729 568 dolorem
1781 511 2039 580 repulerit
2074 521 2346 577 represse-
2374 510 2418 565 Α

2456 504 2849 577 ἀπεκρούσατο.
2882 507 3080 570 Καλῶς
3106 506 3161 560 δὲ
3184 503 3357 573 εἶπεν,
3391 509 3472 561 δτι
3504 512 3535 579 ή
3564 512 3701 581 σὰρξ
3730 511 3831 565 οὐκ
3872 514 4063 586 ἔσχε)

772 613 970 680 ritque.
1027 607 1254 663 Pulchre
1320 614 1497 661 autem
1570 605 1745 666 dixit,
1817 617 2031 656 carnem
2104 598 2343 666 requiem

2456 599 2635 653 Ξνεσεν
2657 617 2670 631 ο
2696 601 2728 669 ή
2757 601 2863 669 γὰρ
2892 599 3037 669 ψυχὴ
3066 600 3158 652 τοῦ
3188 600 3402 654 Παύλου
3451 604 3739 673 ἀήττητος.

772 717 880 757 non
914 699 1168 752 ltabuisse
1197 715 1210 749 :
1242 696 1419 749 anima
1455 694 1597 746 enim
1634 692 1783 744 Pauli
1831 687 2153 744 invincibilis
2206 695 2342 740 erat.

847 811 865 843 ι
908 790 1014 844 Sed
1057 803 1271 842 omnem
1322 786 1721 839 tribulationem
1771 781 1913 849 passi
1948 793 2177 834 sumus:
2216 776 2348 831 foris

774 895 985 949 pugum.
1026 897 1044 929 ι
1084 878 1165 930 Ab
1191 874 1517 927 iulitlelihus.

851 990 868 1021 ‹
914 969 1061 1022 lnms
1110 978 1366 1018 tet-rores.
1407 984 1424 1015 ι
1452 963 1686 1029 Propter
1724 960 2106 1016 imbecilliores
2140 957 2345 1026 lideles,

776 1081 842 1117 ne
872 1065 1198 1114 seducantur
1219 1073 1249 1110 a
1276 1054 1742 1119 falsieratribus.

844 1152 1007 1204 Vens.
1054 1149 1108 1203 6.
1146 1167 1164 1198 ι
1201 1148 1304 1200 Sed
1334 1148 1422 1215 qui
1456 1126 1768 1199 consolatur
1805 1143 2059 1207 humiles,
2095 1158 2192 1196 nos
2221 1156 2349 1196 con-

775 1244 978 1298 solatus
1014 1252 1095 1295 est
1131 1239 1270 1291 Deus
1296 1239 1348 1290 in
1376 1232 1606 1290 adventu
1635 1235 1769 1289 -Titi.
1809 1254 1827 1285 ι
1867 1236 2003 1300 Quia
2059 1234 2224 1287 multa
2270 1232 2352 1285 eis

776 1344 1069 1388 attestatus
1102 1342 1241 1397 erat,
1274 1329 1455 1383 Titum
1486 1330 1646 1382 etiam
1686 1338 1877 1381 testem
1924 1327 2192 1395 producit.
2221 1325 2351 1391 Quis

776 1440 902 1479 vero
939 1424 1251 1477 consolatur
1283 1418 1552 1492 humiles?
1600 1418 1765 1481 Deus,
1810 1419 1978 1483 inquit
2017 1434 2029 1467 :
2059 1416 2146 1469 ille
2175 1424 2226 1469 et
2258 1431 2354 1470 nos

777 1494 1085 1570 consolatus
1118 1523 1221 1575 est,
1251 1521 1433 1579 utpote
1461 1510 1551 1577 qui
1582 1510 1759 1561 Titum
1790 1510 1943 1560 nobis
1967 1509 2173 1560 miserit
2198 1524 2212 1572 ;
2238 1507 2355 1574 ejus

782 1610 923 1661 enim
948 1606 1213 1657 adventus
1240 1603 1372 1655 satis
1411 1602 1511 1654 fuit
1554 1610 1608 1653 ut
1639 1600 1969 1667 dispergeret
2011 1599 2351 1652 adiit-lienem

779 1709 1042 1751 nostram.
1101 1695 1226 1748 Vult
1270 1704 1449 1746 autem
1502 1692 1662 1745 istum
1702 1692 1874 1743 virutn
1926 1689 2030 1743 illis
2078 1688 2354 1742 venerabi-

792 1793 895 1844 lem
930 1790 1177 1842 reddere.
1218 1788 1394 1852 Quare
1429 1785 1603 1855 tn'agni
1636 1783 1925 1837 admodum
1964 1781 2091 1836 facit
2116 1781 2232 1851 ejus
2257 1782 2354 1835 ad-

780 1892 1017 1936 \eutum.

850 1974 1013 2027 Vens.
1058 1974 1110 2026 7.
1145 1989 1165 2023 ι
1209 1970 1320 2025 Non
1372 1970 1543 2024 solum
1600 1980 1776 2023 autem
1822 1968 1877 2022 in
1926 1968 2158 2022 adventu
2210 1967 2349 2036 ejus,

778 2080 966 2119 verum
998 2067 1161 2117 etiam
1196 2064 1247 2115 in
1295 2062 1666 2116 consolatione
1703 2075 1862 2128 quam
1916 2060 2032 2129 ipse
2062 2058 2265 2128 ac’cepit
2299 2058 2351 2110 in

786 2157 959 2208 vobis.
1000 2174 1018 2203 ι
1059 2154 1172 2207 Non
1222 2152 1421 2217 solum,
1458 2154 1650 2221 iuqttit,
1682 2153 1749 2205 ob
1790 2166 1909 2204 eam
1958 2164 2174 2204 causam
2211 2146 2352 2218 quod

783 2247 914 2300 mihi
941 2257 1178 2313 tempore
1210 2244 1515 2298 alliictionis
1554 2258 1686 2295 mea:
1714 2242 1904 2305 adfuit,
1934 2256 2020 2294 me
2049 2240 2355 2295 consolatus

782 2349 887 2401 est,
929 2354 1117 2391 verum
1148 2338 1309 2389 etiam
1339 2338 1461 2405 quia
1502 2333 1807 2400 hujusmodi
1842 2342 2073 2386 vestram
2104 2332 2353 2385 virtutem

785 2431 941 2484 nobis
994 2430 1360 2492 denuntiavit,
1408 2443 1472 2481 ex
1500 2441 1605 2495 qua
1637 2434 1691 2480 et
1719 2428 1832 2494 ipse
1864 2425 2101 2478 solamen
2133 2424 2357 2491 adeptus

784 2531 886 2583 est,
940 2522 1041 2575 hoc
1093 2532 1211 2581 cat,
1259 2518 1473 2587 gavisus
1517 2517 1680 2569 est‘iu
1714 2515 1885 2580 vobis,
1932 2514 2233 2582 suscipiens
2264 2527 2358 2566 vos

784 2625 1003 2681 propter
1042 2613 1263 2664 virtutes
1307 2620 1535 2663 vestras.
1572 2606 1843 2662 Conciliat
1884 2616 2089 2669 autem,
2121 2614 2175 2659 et
2198 2602 2357 2657 fanti-

783 2703 970 2755 liaretn
1003 2702 1133 2755 facit
1167 2702 1297 2767 ipsis
1328 2701 1473 2754 hunc
1504 2700 1703 2763 virum,
1740 2706 1926 2767 utpote
1964 2697 2055 2764 qui
2092 2709 2187 2750 eos
2219 2695 2359 2764 apud

784 2793 960 2860 ipsum
997 2791 1331 2846 laudaverat.

860 2903 879 2935 ι
922 2883 1181 2937 Rcferens
1229 2882 1385 2936 nobis
1434 2892 1672 2936 vestrum
1721 2880 2074 2945 desiderium,
2122 2886 2357 2934 vestrum

784 2973 988 3039 ﬂetum,
1026 2985 1260 3027 vestram
1292 2973 1688 3027 tentulationem
1725 2988 1823 3042 pro
1859 2989 1963 3027 me.
2000 2991 2017 3024 ι
2060 2970 2360 3025 Verisimile

786 3070 931 3120 enim
981 3075 1099 3119 erat
1145 3080 1239 3120 eos
1289 3065 1472 3134 lugere
1512 3073 1567 3119 et
1597 3058 1991 3126 anzios‘esse,
2042 3078 2215 3131 quare
2250 3073 2358 3117 tam

785 3172 929 3225 aegro
955 3166 1099 3209 esset
1132 3157 1312 3207 animo
1346 3166 1665 3224 praeceptor,
1707 3165 1761 3208 et
1786 3169 1954 3223 quare
1984 3156 2167 3208 tattdiu
2200 3155 2357 3209 abes-

787 3259 889 3302 set.
941 3246 1079 3300 Htuc
1121 3262 1226 3301 non
1283 3247 1603 3315 simpliciter
1652 3248 1819 3311 dixit,
1876 3246 2190 3317 Lacryntas,
2243 3220 2433 3311 sed,c

796 3360 813 3391 ι
846 3340 1055 3394 Fletutn
1093 3357 1104 3390 :
1143 3357 1161 3390 ι
1216 3354 1408 3407 neque,
1469 3338 1854 3407 Cupiditatem,
1910 3340 2026 3403 sed,
2065 3356 2083 3389 ι
2139 3337 2363 3392 Deside-

788 3431 954 3493 rium,
990 3447 1008 3480 ι
1042 3429 1141 3482 hoc
1166 3439 1269 3491 est,
1305 3428 1677 3482 vehétuentem
1707 3429 2110 3496 inquisitionem
2142 3444 2154 3480 :
2189 3441 2363 3495 neque

788 3519 949 3586 Iram,
992 3520 1107 3584 sed,
1140 3538 1158 3571 ι
1202 3508 1642 3584 [Etnulationetm
1682 3537 1700 3569 ι
1732 3535 1922 3589 nempe
1955 3520 2210 3571 adversus
2239 3532 2361 3570 eunt

789 3613 880 3678 qui
931 3611 1228 3664 fornicatus
1273 3621 1410 3665 erat.
1475 3610 1704 3680 Propter
1752 3625 1837 3664 me
1886 3610 2026 3664 enim
2065 3608 2280 3685 accensi
2311 3615 2366 3661 et

791 3704 943 3774 igniti
986 3705 1136 3769 estis,
1170 3712 1226 3755 ut
1270 3703 1419 3772 jussa
1468 3719 1583 3756 mea
1635 3704 1992 3770 capesserctis
2022 3719 2037 3755 :
2068 3701 2149 3755 vel
2196 3703 2361 3755 etiam

790 3801 1075 3851 adversum
1142 3796 1584 3864 pscodapostolos
1657 3795 2045 3850 :etnularemini
2102 3809 2196 3863 pro
2255 3809 2362 3849 me.

790 3885 916 3940 Haec
949 3899 1125 3940 autem
1158 3886 1288 3938 dicit
1323 3886 1637 3955 Apostolus,
1673 3886 1838 3955 280
1865 3900 1970 3939 non
2002 3886 2173 3940 solum
2220 3887 2365 3953 ptio-

790 3992 879 4031 res
913 3977 1359 4044 reprehensiones
1398 3992 1615 4041 sanans,
1668 3978 2021 4029 vet-utnetiam
2055 3991 2241 4030 revera
2270 3991 2362 4029 su-

790 4067 1027 4133 scipiens
1059 4081 1151 4119 eos
1177 4067 1266 4134 qui
1302 4067 1438 4119 bene
1477 4082 1533 4121 se
1560 4061 1859 4135 gesserant;
1888 4066 2040 4121 Multi
2081 4067 2224 4121 enim
2254 4082 2367 4120 ma-

794 4158 860 4210 lis
901 4159 1136 4211 moribus
1169 4158 1375 4227 praediti
1407 4170 1580 4221 erant,
1607 4166 1661 4211 et
1683 4159 1828 4212 hisce
1854 4158 2099 4213 laudibus
2120 4157 2321 4226 indigni
2350 4172 2366 4222 ;

791 4263 1025 4304 attamen
1060 4252 1176 4304 illos
1228 4251 1341 4318 ipse
1375 4266 1476 4304 uou
1509 4251 1731 4315 diducit,
1794 4265 1977 4305 verum
2038 4267 2158 4304 cum
2204 4264 2368 4303 enco-

793 4346 923 4406 mia,
983 4351 1093 4395 tuttt
1153 4342 1417 4409 vituperia
1469 4341 1772 4394 communia
1824 4341 2145 4418 inmedium
2195 4343 2365 4409 ponit,

789 4442 923 4489 dans
966 4438 1040 4486 ita
1087 4433 1308 4486 cuiltbet
1360 4433 1461 4485 sibi
1495 4434 1715 4511 conscio
1762 4433 1960 4500 eligere
2008 4434 2151 4501 quod
2194 4434 2260 4486 ad
2309 4446 2368 4486 se

792 4537 1076 4602 pertineat.
1807 4548 1824 4573 ι

871 4640 889 4670 ε
930 4621 1003 4673 Ita
1042 4632 1096 4673 nt
1132 4622 1301 4689 magis
1333 4622 1646 4687 gauderent.
1700 4636 1719 4670 ι
1762 4618 1837 4672 Ex
1880 4618 2166 4687 prmsentia
2200 4616 2365 4671 etiam

791 4714 906 4781 ejus
945 4714 1302 4776 exhilaratus,
1337 4713 1529 4781 magis,
1566 4712 1762 4778 inquit,
1798 4711 2044 4778 gravisus
2068 4725 2209 4774 sum,
2242 4708 2366 4777 quia

794 4806 916 4858 talia
955 4806 1084 4858 mihi
1119 4809 1183 4857 de
1218 4808 1371 4858 vobis
1404 4804 1767 4857 annuutiavit.

866 4897 1028 4953 Vens.
1062 4900 1116 4951 8.
1150 4915 1169 4949 ι
1206 4896 1394 4967 Itaque
1424 4897 1637 4952 etiamsi
1691 4896 2007 4951 contristavi
2041 4910 2134 4949 vos
2162 4895 2213 4949 itt
2244 4894 2368 4965 Epi-

793 4988 955 5053 stola,
992 5004 1075 5043 me
1119 5002 1224 5041 non
1270 4989 1519 5055 pcenitet,
1570 4986 2164 5075 qttamvis‘pwnitebat
2192 5001 2295 5039 me.
2338 5004 2356 5037 ι

795 5082 905 5134 Etsi
940 5081 1238 5147 hujusmodi
1264 5079 1574 5148 scripserim
1611 5079 1784 5141 vobis,
1820 5080 2011 5147 quibus
2040 5079 2365 5133 excesserim

793 5174 1006 5224 modum
1056 5172 1471 5240 objurgatiouis,
1507 5181 1564 5224 ut
1594 5171 1727 5225 adeo
1761 5185 1845 5223 me
1890 5158 2174 5239 pmtiiteret
2223 5171 2365 5238 quod

795 5264 932 5315 ultra
964 5264 1177 5317 modum
1212 5278 1306 5316 vos
1334 5263 1730 5329 iucrepaveritn
1762 5281 1774 5315 :
1803 5262 1988 5331 ingens
2018 5272 2196 5315 tamen
2222 5276 2368 5315 com-

793 5352 1022 5408 moditas
1048 5369 1166 5423 quae
1196 5354 1321 5409 inde
1345 5353 1616 5422 proﬂuxit,
1658 5369 1761 5407 non
1795 5355 1923 5407 sinit
1953 5354 2167 5423 mejatn
2192 5352 2369 5423 'pceni-

794 5445 962 5499 tentia
1017 5447 1157 5500 duci.
1215 5445 1340 5498 llaec
1391 5454 1566 5497 autem
1617 5443 1774 5506 dixit,
1830 5458 1938 5496 non
1988 5444 2128 5512 quod
2177 5458 2363 5498 revera

795 5540 1146 5590 immoderate
1193 5551 1285 5589 eos
1346 5534 1699 5605 increpuerit,
1762 5547 1947 5587 verum
2004 5536 2359 5603 ut.pr.ec0nia

796 5640 979 5680 eorum
1018 5626 1225 5695 majora
1262 5627 1440 5680 Iaciat.

2525 797 2542 828 ι
2583 777 2725 830 Ἀλλ’
2753 780 2812 830 ἐν
2835 780 2999 832 παντὶ
3024 779 3330 847 θλιὸόμενοι
3351 801 3364 812 ·
3386 782 3587 846 ἔξωθεν
3615 785 3839 855 μάχαι.»
3874 788 4056 857 Παρά

2448 867 2557 920 τῶν
2589 870 2857 923 ἀπίστων.

2526 980 2544 1009 ι
2585 960 2824 1013 Ἐσωθεν
2856 962 3031 1029 φοϐοι.
3065 980 3083 1013 ι
3112 966 3209 1017 Διά
3230 965 3356 1026 τοὺς
3380 965 3628 1029 ἀσθενεῖς
3658 968 3767 1022 τῶν
3796 986 4056 1037 πιστων,

2454 1053 2541 1106 ἵνα
2572 1053 2647 1124 μὴ
2678 1055 3075 1125 παρασνρῶσιν
3112 1058 3215 1110 ὑπὸ
3241 1059 3349 1111 τῶν
3372 1059 3754 1130 ψευδαδέλφων

2529 1164 2546 1198 ι
2599 1147 2740 1198 Ἀλλ’
2768 1150 2795 1198 ὸ
2830 1149 3161 1218 παρακαὶών
3194 1152 3317 1213 τοὺς
3351 1155 3665 1219 ταπεινοὺς,
3714 1158 4054 1224 παρεκάλε-

2454 1252 2543 1288 σεν
2582 1236 2730 1305 ἡμᾶς
2763 1238 2790 1286 ὀ
2816 1238 2948 1300 Θεὸς
2975 1242 3031 1291 ἐν
3060 1241 3102 1271 ⁵¹
3129 1243 3194 1309 τῇ
3222 1246 3495 1316 παρουσία
3529 1246 3712 1302 Τίτου.
3739 1266 3758 1297 ι
3812 1250 4055 1321 Ἐπειδὴ

2458 1329 2666 1399 μεγάλα
2700 1332 3227 1401 προσεμαρτύρησεν
3255 1337 3457 1401 αὐτοῖς,
3493 1340 3587 1391 καὶ
3615 1340 3705 1392 τὸν
3736 1342 3903 1393 Τίτον
3938 1361 4055 1396 πα-

2456 1424 2613 1490 ράγει
2647 1424 2916 1493 μάρτυρα.
2943 1428 3036 1488 Τίς
3059 1429 3113 1480 δὲ
3141 1433 3167 1481 ὁ
3198 1449 3266 1482 πα
3280 1433 3527 1499 ρακα).ῶν
3555 1437 3681 1496 τοὺς
3702 1440 4011 1500 ταπεινούς
4034 1454 4054 1505 ;

2468 1508 2524 1561 '0
2554 1511 2707 1577 Θεὸς,
2764 1516 2928 1582 φησίν
2962 1531 2976 1547 ο
3003 1512 3155 1581 οὗτος
3190 1522 3283 1572 καὶ
3323 1524 3469 1589 ἡμᾶς
3508 1526 3911 1593 παρεκάλεσεν,
3948 1530 4053 1580 an

2455 1601 2545 1653 τὸν
2572 1603 2731 1655 Τίτον
2765 1608 2899 1673 ἡμῖν
2927 1608 3179 1676 πέμψας·
3216 1614 3246 1681 ή
3280 1614 3388 1680 γὰρ
3420 1618 3692 1685 παρουσία
3727 1619 3902 1670 αὐτοῦ
3939 1621 4053 1688 ἥρ-

2457 1709 2613 1745 κεσεν
2644 1696 2721 1757 εἰς
2747 1696 2806 1748 τὸ
2840 1698 3192 1753 διασκεδάσαι
3220 1705 3321 1771 τὴν
3354 1704 3532 1773 θλῖψιν
3563 1708 3738 1775 ήμῶν.
3776 1709 4050 1763 Βούὶεται

2456 1785 2513 1837 δὲ
2542 1788 2726 1851 αὐτοῖς
2749 1790 3026 1859 αἰδέσιμον
3056 1798 3401 1865 καταστῆσαι
3427 1799 3517 1849 τὸν
3543 1800 3730 1869 ἄνδρα.
3757 1801 3859 1853 Διά
3884 1803 4050 1855 τοῦτο

2386 1870 2428 1925 Β
2460 1880 2704 1949 μεγάλην
2744 1883 2951 1936 τίθεται
2981 1886 3080 1955 τὴν
3116 1890 3416 1957 παρουσίαν
3451 1892 3640 1944 αὐτοῦ.

2535 1989 2552 2022 ι
2597 1974 2670 2024 Οὐ
2703 1974 2862 2042 μόνον
2885 1976 2939 2028 δέ
2970 1979 3024 2027 ἐν
3050 1982 3114 2047 τῇ
3153 1982 3425 2053 παρουσίᾳ
3457 1984 3645 2048 αὐτοῦ,
3680 1984 3819 2038 ἀλλὰ
3851 1988 3952 2039 καὶ
3987 1990 4048 2041 ἐν

2458 2066 2524 2133 τῇ
2570 2062 2976 2139 παρακλήσει
3009 2070 3332 2141 παρεκλήθη
3369 2073 3452 2140 ἐφ’
3490 2075 3639 2144 ὑμῖν.
3677 2097 3695 2128 ι
3737 2079 3813 2130 Οὖ
3850 2079 4043 2146 μόνον,

2461 2157 2616 2222 φησὶ,
2653 2158 2771 2208 κατ’
2816 2158 2946 2212 αὐτὸ
2993 2162 3171 2224 τοῦτο,
3228 2164 3310 2216 ὅτι
3361 2165 3562 2233 ἐπέστη
3601 2170 3736 2235 ἡμῖν
3769 2170 3827 2220 ἐν
3860 2169 4043 2237 καιρῷ

2461 2246 2713 2314 θλίψεως,
2765 2250 3214 2320 παρεμυθήσατο,
3256 2255 3373 2307 ἀλλ’
3418 2258 3497 2308 ὅτι
3529 2260 3621 2309 καὶ
3649 2259 3913 2328 τοιαύτην
3944 2262 4046 2327 τὴν

2462 2339 2665 2408 ἀρετὴν
2693 2340 2847 2409 ὑμῶν
2865 2344 3221 2411 ἀπήγγειλεν,
3243 2347 3301 2410 ἐξ
3315 2343 3381 2417 ἧς
3400 2350 3490 2400 καὶ
3506 2350 3665 2411 αὐτὸς
3688 2352 4045 2421 παρεκλήθη,

2460 2431 2762 2496 τουτέστιν,
2799 2434 2971 2502 ἐχάρη
3005 2436 3089 2502 ἐφ’
3125 2435 3275 2504 ὑμῖν,
3322 2440 3722 2509 ἀποδεξάμενος
3775 2441 3923 2509 ὑμᾶς
3955 2442 4047 2495 διὰ

2461 2522 2529 2573 τὰ
2558 2524 2962 2592 κατορθώματα
2993 2526 3167 2594 ὑμῶν.
3203 2529 3409 2581 Οξκειοί
3436 2531 3490 2583 δὲ
3514 2533 3696 2596 αὐτοῖς
3726 2534 3820 2585 τὸν
3845 2534 4045 2604 ἄνδρα,

2461 2610 2537 2673 ὡς
2567 2613 2931 2667 ἐπαινέσαντα
2960 2617 3157 2679 αὐτοὺς
3182 2620 3319 2687 πρὸς
3342 2620 3523 2676 αὐτόν.

2542 2906 2559 2938 t
2609 2890 2982 2957 Ἀναγγέλλων
3033 2892 3163 2961 ήμῖν
3206 2894 3306 2963 τὴν
3356 2895 3508 2964 ὑμῶν
3549 2896 3903 2967 ἐπιπόθησιν,
3954 2903 4046 2955 τὶν

2465 2981 2621 3049 ὑμῶν
2649 2983 2905 3053 eaeam,
2956 2984 3049 3036 τὸν
3081 2986 3235 3053 ὑμῶν
3266 2986 3429 3054 ζῆλον
3460 2988 3599 3056 ὑπὲρ
3629 2989 3786 3058 ἐμοῦ.
3832 3011 3850 3042 ι
3881 2994 4045 3056 Εἰκὸς

2465 3076 2572 3145 γὰρ
2598 3070 2664 3145 ἦν
2695 3076 2890 3138 αὐτοὺς
2924 3075 3137 3128 πενθεῖν
3163 3080 3256 3131 καὶ
3285 3079 3503 3145 ἀλγεῖν·
3532 3080 3595 3132 Τί
3618 3081 3791 3144 οὕτως
3822 3085 4046 3152 ὲδυσλέο

2470 3181 2629 3235 ρανεν
2656 3167 2682 3216 ὁ
2711 3166 3053 3229 διδάσκαλος,
3083 3168 3137 3219 τί
3164 3168 3417 3222 τοσοῦτον
3457 3172 3666 3241 ἀπέστη
3697 3174 3927 3243 χρόνον;
3955 3178 4049 3229 Διὸ

2464 3257 2584 3308 οὐδὲ
2613 3257 2799 3319 ἁπλῶς
2828 3255 2968 3321 εἶπε,
3004 3260 3245 3330 Δάκρυα,
3274 3262 3391 3314 ἀλλ’
3451 3282 3470 3313 ι
3512 3265 3807 3335 Ὀδυρμὸν·
3850 3287 3867 3319 ι
3898 3270 4044 3336 οὐδὲ,

2478 3345 2827 3414 Ἐπιθυμίαν,
2875 3347 3012 3411 ἀλλ’,
3061 3367 3078 3399 t
3130 3350 3512 3419 Ἐπιπόθησιν,
3553 3372 3570 3403 ι
3608 3356 3880 3419 τουτέστι,
3920 3375 4049 3426 σφο-

2464 3433 2594 3503 δράν
2645 3436 3002 3504 ἐπιζήτησιν·
3046 3439 3186 3504 οὐδὲ,
3251 3440 3470 3511 Ὀργὴν,
3528 3444 3682 3509 ἀλλὰ,
3728 3464 3744 3499 t
3784 3449 3979 3517 Ζῆλον,
4020 3469 4037 3500 ι

2467 3527 2611 3580 κατὰ
2645 3527 2735 3581 τοῦ
2768 3532 3221 3599 πεπορνευκότος.
3272 3532 3441 3605 Ὑπὲρ
3486 3537 3619 3605 ἐμοῦ
3667 3538 3776 3607 γὰρ
3826 3542 4045 3610 ὲπνρὼ-

2468 3621 2619 3688 θητε,
2650 3621 2744 3671 καὶ
2774 3621 3027 3690 διεκάητε
3048 3663 3061 3687 ,
3110 3622 3249 3675 ὣστε
3283 3625 3343 3676 τὸ
3374 3627 3705 3697 πρόσταγμά
3762 3648 3865 3697 μου
3906 3632 4044 3700 τλη-

2469 3711 2641 3782 ρῶσαι
2670 3714 2713 3744 ⁸³
2736 3729 2749 3742 ο
2783 3712 2814 3781 ἢ
2850 3714 2944 3765 καὶ
2971 3714 3107 3783 πρὸς
3129 3716 3250 3778 τοὺς
3289 3717 3755 3783 ψευδαποστὸλους
3785 3724 4042 3791 ammon

2468 3808 2613 3875 ὑπὲρ
2654 3805 2810 3875 ἐμοῦ.
2855 3808 3040 3859 Ταῦτα
3079 3807 3134 3859 δὲ
3167 3807 3316 3875 λέγει
3344 3812 3371 3860 ὁ
3411 3811 3757 3875 ’ᾼπόστο>.ος,
3789 3816 3850 3865 οὐ
3884 3817 4043 3884 μόνον

2467 3898 2787 3969 θεραπεύων
2833 3898 2931 3962 τὰς
2975 3900 3247 3969 προτέρας
3299 3903 3653 3972 ἐπιτιμήσεις
3693 3904 3757 3967 ⁸³,
3798 3906 3936 3959 ἀλλά
3969 3908 4042 3976 τῷ

2467 3989 2581 4043 ὄντι
2630 3990 2721 4041 καὶ
2756 3989 3157 4058 ἀποδεχόμενος
3205 3991 3331 4053 τοὺς
3378 3993 3848 4063 κατωρθωκοτας·
3906 3993 4041 4065 ἦσαν

2470 4083 2573 4154 μὲν
2613 4083 2720 4151 γὰρ
2752 4083 2846 4134 καὶ
2875 4082 3173 4151 κακοήθεις
3208 4083 3417 4145 πολλοὶ,
3461 4086 3555 4137 καὶ
3592 4086 3803 4150 ἀνάξιοι
3841 4090 4041 4142 τούτων

2468 4173 2576 4225 τῶν
2605 4172 2880 4225 ἐπαίνων*
2933 4171 3047 4224 ἀλλ’
3097 4173 3247 4241 ὅμως
3280 4174 3440 4237 αὐτὸς
3470 4175 3530 4227 οὐ
3564 4177 3764 4245 διαιρεί
3800 4178 4040 4244 τούτους,

2467 4265 2604 4319 ἀλλά
2653 4265 2748 4317 καὶ¹
2782 4264 2849 4317 τὰ
2886 4265 3136 4333 ἐγκώμια
3185 4265 3279 4316 καὶ
3311 4266 3380 4317 τά
3420 4266 3744 4337 ἐγκλήματα
3792 4272 3949 4322 κοινά
3978 4274 4031 4322 ἐν

2469 4356 2547 4426 τῷ
2580 4356 2730 4427 μέσῳ
2757 4356 2960 4427 τίθησι,
3008 4355 3184 4420 διδοὺς
3209 4355 3286 4425 τῷ
3310 4358 3572 4410 συνειδότι
3600 4360 3832 4412 ἑκάστου
3867 4362 4040 4416 ἐπιλέ-

2471 4451 2664 4517 γεσθαι
2690 4451 2759 4502 τὰ
2785 4451 2980 4504 οἰκεῖα.

2548 4633 2567 4665 ι
2583 4615 2741 4665 Ὥστε
2758 4631 2825 4682 με
2845 4614 3045 4684 μᾶλλον
3061 4617 3317 4685 χαρῆναι.
3348 4633 3366 4667 ι
3392 4615 3501 4667 Καὶ
3526 4618 3587 4667 ἐκ
3610 4616 3706 4684 τῆς
3740 4619 4036 4686 παρουσίας

2467 4705 2634 4758 αὐτοῦ
2666 4706 2874 4774 χαρεὶς,
2933 4705 3133 4775 μᾶλλον
3184 4708 3371 4775 ὲχάρν,
3429 4709 3613 4776 φησιν,
3642 4711 3724 4775 ἐφ’
3756 4704 3839 4772 οἷς
3866 4713 4036 4780 ἀπή-τ-

2467 4799 2615 4867 γειλε
2654 4799 2882 4854 τοιαῦτα
2908 4801 3038 4869 περὶ
3070 4800 3246 4868 ὑμῶν.

2544 4911 2561 4943 ι
2598 4893 2757 4947 Ὥστε
2784 4894 2836 4945 εἰ
2872 4893 2967 4945 καὶ
2990 4893 3237 4962 ἐλύπησα
3262 4896 3406 4963 ὑμᾶς
3438 4903 3493 4948 ἐν
3527 4898 3590 4965 τῇ
3637 4897 3949 4969 Ἐπιστολῇ,
3981 4901 4033 4953 οὐ

2470 4984 2868 5054 μεταμέλομαι,
2898 4986 2945 5037 εἰ
2970 4987 3062 5038 καὶ
3098 4987 3495 5057 μετεμελόμην.
3539 5008 3558 5039 ι
3585 4986 3645 5039 ΕΞ
3676 4990 3771 5042 καὶ
3796 4992 4029 5053 το;αῦτα,

2466 5081 2650 5147 φησιν,
2686 5078 2900 5149 ἔγραψα
2936 5079 3083 5147 ὑμῖν,
3121 5078 3259 5131 ὥστε
3300 5080 3601 5150 ὑπερϐῆναι
3632 5080 3692 5130 τὸ
3726 5080 3922 5149 μέτρον
3946 5082 4032 5145 τῆς

2467 5171 2861 5239 ἐπιτιμήσεως,
2915 5172 3011 5223 καὶ,
3064 5171 3288 5239 ποιῆσαί
3343 5188 3409 5239 με
3461 5171 3927 5239 μεταμεληθῆναι,
3968 5173 4032 5233 ὡς

2469 5263 2610 5331 ὑπὲρ
2648 5262 2846 5331 μέτρον
2879 5262 3257 5331 ἐπιπλήξαντα
3280 5280 3292 5293 ο
3331 5264 3480 5332 ὅμως
3510 5263 3571 5315 τὸ
3597 5264 3731 5314 πολὺ
3770 5263 3956 5333 κέρδος
3982 5266 4031 5314 τ’»

2471 5352 2529 5417 ἐξ
2556 5354 2734 5406 αὐτῶν
2777 5355 2875 5406 οὐκ
2922 5354 2988 5423 ἐᾷ
3030 5371 3095 5423 με
3148 5354 3571 5424 μεταμελεῖσθαι
3608 5352 3723 5406 νῦν.
3777 5352 3958 5405 Ταῦτα
3984 5354 4031 5404 ἑὲ

2473 5444 2678 5512 ἔλεγεν,
2727 5446 2824 5517 οὐχ
2859 5446 2934 5509 ὡς
2966 5447 3220 5517 ἀμέτρως
3253 5446 3333 5518 τῷ
3382 5447 3492 5499 ὄντι
3522 5448 3879 5516 ἐπιτιμήσας,
3914 5446 4030 5498 ἀλλὰ

2469 5536 2537 5589 τὰ
2570 5537 2818 5607 ἐγκώμια
2862 5538 3041 5593 αὐτῶν
3070 5537 3269 5604 αὔξων.

2135 5727 2336 5790 Variae
2370 5729 2697 5794 lectiones.

864 5820 910 5854 ⁹¹
942 5820 1035 5873 ἐπί
1074 5837 1125 5877 ο.
1205 5824 1251 5856 ⁸⁸
1292 5822 1589 5892 ποιήσαιο.
1668 5820 1712 5852 ’³
1748 5820 2068 5892 ἐπιπλήξεις
2091 5839 2141 5881 o.
