4242 6462
230 367 335 435 881

1015 369 1416 433 EXPOSITIO
1456 372 1538 433 IN
1569 373 1803 433 EPIST.
1837 372 2031 434 II'AD
2070 374 2236 439 COB.
2282 399 2343 408 —
2374 372 2531 433 CAP.
2575 371 2737 431 VlIl.

3390 371 3496 433 882

235 484 331 534 τὸν
362 480 522 535 Τίτον
543 482 631 535 διὶι
662 481 890 548 τούτων,
932 484 1019 538 ἵνα
1043 486 1250 538 ἐλθόντι
1273 488 1365 540 καὶ
1390 490 1814 558 συμϐουλεύοντι
1848 494 1888 550 Α
1908 500 2278 558 ,propomternt

1930 500 2278 558 propesuernt
2332 490 2513 542 venire
2536 490 2755 553 advos,
2814 487 3136 557 priusquam
3181 502 3305 542 eum
3345 503 3496 542 com-

236 573 368 643 περὶ
412 572 821 643 ὲλεημοσύνης,
884 576 1251 648 εὐκολώτερον
1299 580 1446 649 αὐτῷ
1498 580 1816 644 πεισθῶσιν,

232 663 311 726 ὡς
360 664 427 717 τὰ
467 666 607 737 ὑπὲρ
638 666 820 719 αὐτῶν
860 667 1168 737 φρονοῦντι.
1217 672 1325 724 Καὶ
1354 672 1517 725 πάλιν
1556 673 1612 725 δὲ
1658 675 1818 742 χάριν

234 758 465 810 ἐκάλεσε
496 760 556 810 τὸ
588 761 843 828 πρᾶγμα.
897 761 1053 826 Μέγα
1085 763 1194 833 γάρ
1228 762 1304 833 τῷ
1351 764 1485 830 ὄντι,
1520 767 1614 817 καὶ
1646 765 1819 833 δῶρον

232 844 394 910 Θεοῦ,
425 847 522 899 καὶ
553 846 837 918 ἐξομοιοῦν
887 850 1036 921 αὐτῷ
1068 853 1295 906 δυνατὸν
1356 854 1449 906 τὸν
1509 856 1770 925 μετιόντα
1800 870 1814 885 ³

232 936 359 989 ὅθεν
393 938 485 991 καί
521 956 605 1003 τις
648 941 811 1009 σοφός
870 958 1033 1011 φησιο
1078 961 1095 994 ι
1135 944 1295 1013 Μέγα
1352 945 1663 1018 ἄνθρωπος,
1725 948 1820 1003 καὶ

234 1027 424 1099 τίμιον
455 1031 595 1101 ἀνὴρ
625 1032 875 1103 ἐλεήμων
902 1036 1001 1089 ⁹¹.ι

317 1323 335 1354 ι
385 1304 526 1357 Ἀλλ’
562 1305 752 1378 ὥσπερ
786 1310 842 1362 ἐν
872 1312 1036 1364 παντὶ
1090 1315 1445 1383 περισσεύετε
1476 1316 1686 1384 πίστει,
1725 1319 1820 1372 καὶ

238 1392 407 1462 λόγῳ,
467 1397 560 1448 καὶ
601 1399 826 1463 γνώσει,
884 1402 977 1453 καὶ
1010 1405 1216 1474 σπουδῇ
1260 1405 1430 1476 πάσῃ,
1495 1408 1587 1459 καὶ
1643 1409 1709 1477 τῇ
1762 1406 1819 1473 ἐξ

241 1488 400 1556 ὑμῶν
446 1489 641 1561 ἀγάπῃ
678 1494 736 1543 ἐν
769 1494 922 1561 ἡμῖν,
978 1495 1064 1547 ἵνα
1099 1498 1192 1547 καὶ
1230 1500 1289 1550 ὲν
1322 1498 1495 1569 ταύτῃ
1528 1501 1591 1569 τῇ
1638 1500 1821 1570 χάριτι

244 1583 634 1653 περισσεύητε.
691 1604 708 1636 ι
750 1587 884 1640 Μετ’
941 1588 1235 1659 ἐγκωμίων
1280 1592 1672 1661 προτρέπεται,
1728 1593 1820 1645 καί

243 1691 432 1743 φησιν,
462 1676 543 1728 ὅτι
566 1678 777 1749 Ὥσπερ
808 1680 872 1732 τὰ
902 1680 1037 1734 ἄλλα
1071 1682 1245 1735 πάντα
1274 1685 1411 1752 μετά
1427 1686 1472 1717 ¹¹
1504 1685 1821 1756 περισσείας

241 1768 419 1836 ἔχετε,
464 1769 606 1822 οὕτω
636 1774 729 1822 καὶ
762 1772 1015 1837 ἐνταῦθα,
1053 1774 1150 1843 οὑχ
1191 1776 1279 1828 ἵνα
1305 1775 1463 1841 δῶτε,
1495 1776 1613 1829 ἀλλ’
1658 1776 1743 1830 ἵνα
1771 1781 1820 1812 ³³

241 1859 636 1928 περισσεύητε,
685 1860 715 1929 ἣ
754 1861 893 1934 ὑπὲρ
925 1864 1049 1927 τοὺς
1088 1838 1505 1937 Μακεδόνας,νῆ
1542 1867 1628 1920 ἵνα
1661 1868 1817 1938 δαψι-
1855 1838 1894 1893 Β

241 1950 511 2018 λεύσησθε
542 1952 749 2017 ἁπλῶς.
787 1973 803 2002 ι
824 1956 1013 2008 Πίστει
1043 1975 1059 2006 ι
1096 1956 1170 2020 δὲ,
1197 1960 1259 2026 τῇ
1291 1959 1399 2011 τιτιν
1430 1959 1816 2030 χαρισμάτων,

237 2044 306 2112 τῇ
339 2043 646 2115 ἀδιστάκτῳ
669 2063 683 2077 ’
721 2066 738 2097 ι
771 2047 934 2117 λόγῳ,
967 2067 982 2098 ι
1012 2048 1089 2117 τῷ
1122 2052 1219 2119 τῆς
1246 2050 1471 2117 σοφίας·
1497 2071 1515 2102 ι
1548 2051 1771 2119 γνώσει,
1795 2073 1813 2105 ι

236 2137 306 2203 τῇ
337 2136 443 2188 τῶν
470 2137 756 2205 δογμάτων
782 2155 793 2167 ·
839 2157 856 2189 ι
895 2140 991 2191 καὶ
1020 2141 1221 2211 σπουδῇ
1251 2143 1455 2214 nisu,»
1503 2146 1566 2215 τῇ
1599 2146 1677 2208 εἰς
1722 2143 1821 2214 τὴν

238 2226 412 2296 ἄλλην
464 2229 705 2299 ἀρετήν’
757 2232 848 2282 καὶ
900 2235 965 2301 τῇ
1005 2233 1062 2298 ἐξ
1114 2233 1267 2303 ὑμῶν
1315 2236 1373 2287 ἐν
1421 2236 1551 2304 ἡμῖν
1607 2236 1817 2308 ἀγάπῃ.

239 2317 481 2389 ῐῖροεῖπε
532 2322 660 2390 γὰρ,
700 2323 781 2375 ὅτι
817 2324 1195 2387 Ἑνεδείξασθε
1242 2325 1319 2394 τῷ
1374 2327 1518 2397 Τίτῳ
1551 2328 1649 2396 τὴν
1686 2329 1821 2399 πρὸς

237 2412 342 2479 ἐμὲ
377 2413 622 2483 ἀγάπην,
661 2416 951 2485 ζηλοῦντες
982 2418 1122 2488 ὑπὲρ
1158 2418 1314 2486 ἐμοῦ.

322 2518 341 2551 ι
384 2503 455 2554 Οὐ
487 2505 606 2556 κατ’
630 2506 898 2577 ἐπιταγὴν
926 2508 1089 2576 λέγω.
1131 2528 1149 2559 ι
1183 2508 1501 2579 Τουτέστιν,
1542 2512 1659 2567 Οὐκ
1692 2513 1822 2568 ἀνα-

237 2592 469 2659 γκάζων
511 2595 677 2665 ὑμᾶς,
711 2596 834 2651 οὔτε
871 2598 945 2662 ὡς
986 2600 1451 2667 κατεξουσιάζων.

321 2798 339 2830 ι
404 2780 549 2833 Α).λά
606 2780 695 2833 διὰ
756 2784 855 2852 τῆς
906 2783 1111 2855 ἐτέρων
1158 2787 1416 2857 σπουδῆς,
1454 2789 1548 2843 καὶ
1606 2790 1667 2844 τὸ
1722 2793 1822 2862 τῆς

237 2871 515 2942 ὑμετέρας
570 2875 790 2942 ἀγάπης
824 2876 1047 2942 γνήσιον
1090 2877 1422 2947 δοκιμάζων.
1470 2898 1489 2932 ι
1536 2881 1820 2950 Τουτέστι,

237 2964 343 3017 Διά
371 2966 528 3018 τοῦτο
560 2968 768 3019 ἐπαινῶ
798 2970 920 3028 τοὺς
954 2970 1293 3033 Μακεδόνας,
1318 2971 1405 3024 ἵνα
1429 2970 1519 3026 διὰ
1546 2974 1644 3043 τῆς
1675 2974 1820 3028 ἑκεί-

238 3075 351 3109 κων
376 3061 612 3127 σπονδῆς
640 3061 738 3128 τὴν
770 3061 1045 3131 ὑμετέραν
1068 3063 1203 3132 πρὸς
1224 3064 1352 3127 τοὺς
1374 3066 1611 3137 πένητας
1632 3068 1821 3136 ἁγίους

237 3150 465 3221 ἀγάπην
487 3152 863 3224 δοκιμωτέραν
892 3155 1162 3219 ἀποδείξω
1195 3157 1287 3210 καὶ
1321 3159 1735 3232 λαμπροτέραν.

328 3262 345 3293 ι
383 3244 687 3298 Γινώσκετε
746 3245 855 3316 γὰρ
899 3250 1001 3318 τὴν
1046 3250 1209 3319 χάριν
1262 3249 1353 3303 τοῦ
1396 3252 1605 3322 Κυρίου
1662 3255 1820 3325 ἡμῶν

257 3340 436 3408 Ἰησοῦ
474 3340 742 3409 Χριστοῦ,
787 3341 869 3393 ὅτι
912 3344 979 3393 δι’
1017 3342 1160 3410 ὑμᾶς
1203 3342 1519 3413 ὲπτώχευσε
1567 3345 1823 3413 πλούσιος

240 3433 343 3493 ὢν,
376 3432 461 3484 ἵνα
502 3433 659 3501 ὑμεῖς
702 3435 767 3501 τῇ
822 3434 1031 3485 ἐκείνου
1082 3434 1327 3503 πτωχεία
1379 3434 1741 3505 πλουτήσητε.
1797 3456 1816 3490 ι

241 3526 564 3591 Ίόοτὲστιν,
610 3526 957 3594 Ἐννοήσατε,
994 3525 1393 3593 ἀναλογίσασθε
1439 3526 1500 3579 τὸ
1538 3526 1681 3597 μέγα
1718 3546 1822 3599 μυ-

246 3620 494 3687 στήριον.
520 3619 612 3669 καὶ
638 3617 848 3679 οἰδενδς
878 3617 1129 3685 φεὲσεσθε
1152 3617 1215 3670 ⁸³.
1239 3619 1300 3670 El
1320 3618 1427 3689 γάρ
1457 3618 1706 3684 ἀπιστεῖς
1730 3622 1820 3689 ἐν,

251 3710 443 3780 φησὶν,
487 3711 569 3763 ὅτι
610 3711 640 3779 ἡ
674 3710 917 3778 πτωχεία
951 3710 1184 3762 πλούτου
1225 3710 1344 3763 ἐστὶ
1399 3715 1695 3784 ποιητικὴ,
1742 3716 1825 3768 ὲν-

247 3804 440 3870 vince")
474 3820 565 3855 σου
616 3804 706 3854 τὸν
748 3802 1047 3871 Δεσπότην,
1091 3802 1185 3855 καὶ
1240 3802 1426 3856 οὐκέτι
1473 3806 1821 3877 ἀπιστήσεις.

246 3898 311 3949 lii
346 3898 418 3967 μὴ
472 3897 579 3965 γὰρ
610 3898 815 3959 ἐκεῖνος
854 3896 1187 3965 ἑπτώχευσε,
1237 3899 1507 3965 τουτέστι,
1544 3899 1644 3969 τὴν
1677 3900 1826 3954 κάτω

245 3990 510 4060 κειμένην
561 3990 653 4040 καὶ
718 3989 912 4058 ἄτιμον
966 3990 1145 4061 σάρκα
1205 3990 1459 4056 ἀνέλαϐε,
1514 3992 1608 4045 ml.
1657 3993 1826 4046 τᾶλλα

247 4082 431 4135 πάντα
467 4080 566 4147 τῆς
603 4082 829 4150 ἀτιμίας
880 4082 1114 4151 ὑπέστη,
1171 4083 1265 4135 καὶ
1317 4083 1489 4137 ταῦτα
1530 4084 1598 4137 δι’
1654 4085 1824 4155 ἡμᾶς,

245 4176 376 4238 τοὺς
411 4176 680 4239 ἀναξίους,
707 4175 832 4238 τοὺς
872 4174 1124 4244 ἐχθροὺς,
1175 4174 1275 4227 οὐκ
1313 4174 1379 4227 ἂν
1414 4177 1575 4245 ἡμεῖς
1634 4176 1828 4231 ἐπλου-

246 4272 390 4339 τὴσα
400 4286 518 4337 μεν.
542 4269 700 4321 Ποῖον
730 4268 786 4319 δὲ
821 4266 1053 4319 πλοῦτόν
1075 4284 1209 4336 φησι
1233 4285 1247 4333 ;
1272 4268 1374 4321 Τὸν
1392 4268 1494 4336 τῆς
1523 4268 1826 4335 εὐσεϐείας,

244 4360 339 4409 τον
371 4357 741 4428 καθαρισμὸν,
778 4357 869 4408 τὸν
902 4356 1200 4427 ἀγιασμὸν,
1237 4359 1333 4411 καὶ
1362 4358 1533 4412 τᾶλλα
1558 4360 1764 4428 ἀγαθά,
1789 4360 1828 4414 ἆ

245 4450 343 4500 καὶ
370 4448 537 4500 ἔδωκε
565 4450 657 4499 καὶ
691 4447 871 4500 δώσει.

1926 582 2341 637 monefaccrem.
2373 583 2476 637 Per
2502 582 2617 635 haec
2644 591 2820 636 autem
2848 579 3030 633 Titum
3061 580 3191 649 ipsis
3217 580 3495 641 conciliat,

1923 684 1981 727 ut
2014 675 2101 727 ubi
2151 674 2357 728 venerit
2393 684 2555 742 atque
2618 673 2683 726 de
2713 673 3056 743 eleemosyna
3095 672 3385 733 conattltet,
3420 672 3498 722 t'a-

1920 764 2080 819 cilius
2109 765 2158 818 ei
2196 767 2444 829 rreda‘nt,
2470 780 2567 818 ceu
2604 764 2868 831 cogitanti
2898 778 3018 832 qua:
3047 765 3112 816 ad
3136 776 3325 815 eorum
3351 760 3493 814 salu-

1923 867 2028 912 tem
2081 856 2303 911 faciant.
2348 855 2554 911 Rursus
2613 870 2792 911 autem
2839 858 3069 925 gratiam
3112 855 3328 910 vocavit
3384 867 3495 906 rem

1922 949 2079 1004 istam
2123 966 2136 1003 :
2173 964 2426 1019 maguum
2473 950 2615 1002 enim
2650 962 2838 1005 revera
2872 957 2955 1002 est
3018 961 3081 999 ac
3134 945 3227 999 Dei
3270 947 3495 1006 donum,

1922 1057 2178 1112 eumque,
2219 1042 2309 1111 qui
2354 1042 2469 1112 ejus
2538 1051 2622 1095 est
2674 1040 2965 1110 particeps,
3041 1038 3151 1094 Deo
3195 1037 3500 1092 assimilare

1924 1134 2086 1189 valet.
2126 1133 2277 1189 Unde
2307 1142 2363 1187 et
2403 1133 2616 1199 sapiens
2646 1130 2920 1201 quispiam
2960 1130 3143 1183 dixit:
3189 1144 3207 1178 ι
3247 1126 3497 1196 Magnum

1920 1226 2175 1294 quiddam
2211 1234 2294 1279 est
2325 1225 2508 1286 homo,
2539 1233 2593 1276 et
2624 1223 2921 1290 pretiosum
2962 1222 3046 1275 vir
3079 1219 3407 1274 misericors.
3440 1236 3457 1269 ι

1994 1316 2165 1370 Vens.
2207 1318 2259 1370 7.
2300 1334 2318 1368 ι
2362 1314 2468 1371 Sed
2500 1315 2643 1369 sicut
2678 1315 2730 1367 in
2757 1315 3009 1368 omnibus
3046 1311 3338 1367 almndatis
3398 1310 3501 1364 title

1922 1420 1975 1465 et
2000 1424 2252 1463 sermone
2282 1418 2337 1463 et
2382 1408 2607 1464 scientia
2639 1418 2689 1461 et
2714 1407 2860 1461 omni
2896 1405 3261 1461 sollicitudine
3284 1413 3339 1456 et
3368 1404 3499 1457 cha-

1922 1505 2087 1557 ritate
2117 1512 2301 1558 vestra
2331 1504 2382 1557 in
2422 1518 2540 1566 nos,
2572 1514 2631 1558 ut
2663 1501 2789 1557 etin
2818 1501 2920 1554 hac
2946 1500 3115 1570 gratia
3141 1497 3443 1552 abumletis.
3478 1515 3494 1545 ι

1921 1594 2211 1650 Laudando
2270 1595 2628 1659 adhortatur,
2666 1594 2969 1662 inquiens:
3030 1591 3499 1656 Quemadmodum

1924 1700 2121 1742 caetera
2152 1687 2332 1741 omnia
2365 1686 2580 1741 abunde
2618 1687 2839 1749 tenetis,
2879 1686 2957 1739 sic
2988 1693 3043 1738 et
3076 1684 3178 1737 hoc
3224 1682 3364 1743 loco,
3395 1697 3499 1733 non

1927 1792 1981 1837 ut
2013 1781 2177 1845 detis,
2204 1795 2390 1840 verum
2417 1789 2475 1832 ut
2504 1778 2836 1839 exttheretis,
2863 1776 2944 1830 vel
2972 1791 3134 1845 supra
3157 1774 3497 1837 Macedones,

1928 1876 2010 1929 vel
2042 1883 2099 1928 ut
2131 1874 2261 1942 largi
2296 1873 2414 1927 sitis
2443 1870 2779 1939 simpliciter.
2808 1888 2830 1920 ι
2860 1869 2991 1923 Fide
3027 1888 3042 1920 I
3081 1879 3284 1933 autem,
3310 1882 3501 1936 ney'pe

1923 1967 2336 2030 charismatum,
2377 1963 2721 2027 indubitata;
2762 1980 2780 2012 ι
2819 1975 3093 2023 sermone,
3130 1978 3148 2010 ι
3180 1959 3498 2027 sapienti-.e;

1922 2061 2170 2123 scientia,
2215 2059 2624 2123 doctrinarum;
2684 2075 2701 2107 ι
2752 2064 2806 2111 et
2852 2055 2999 2110 omni
3044 2052 3435 2115 sollicitudine,
3477 2069 3497 2103 ι

1923 2167 2048 2220 erga
2082 2150 2240 2203 aliam
2290 2150 2588 2202 virtutem:
2634 2165 2651 2197 ι
2696 2158 2751 2200 ει
2803 2146 3094 2208 cltaritate,
3150 2164 3168 2197 ι
3210 2158 3371 2215 quam
3409 2158 3501 2196 vos

1923 2244 1977 2297 in
2019 2260 2117 2298 nos
2150 2243 2383 2297 habetis.
2442 2239 2577 2294 Nam
2607 2254 2770 2308 supra
2821 2239 2979 2304 dixit,
3034 2236 3320 2292 iudicastis
3374 2234 3500 2289 Tito

1924 2336 2271 2392 dilectionem
2303 2342 2540 2390 vestram
2576 2334 2629 2387 in
2669 2346 2775 2397 me,
2808 2331 3130 2386 mmulantes
3158 2345 3257 2402 pro
3286 2343 3389 2383 tne.

1995 2516 2161 2572 Vens.
2203 2516 2255 2571 8.
2297 2534 2316 2567 ‹
2356 2513 2470 2568 Non
2512 2512 2664 2584 quasi
2716 2513 2988 2581 imperans
3014 2510 3155 2565 dico.
3200 2527 3219 2560 ι
3252 2509 3364 2565 Hoc
3395 2517 3498 2578 est,

1924 2610 2090 2681 285
2127 2623 2231 2663 non
2276 2622 2411 2677 cogo
2445 2621 2562 2670 vos,
2598 2617 2774 2673 neque
2823 2603 2973 2658 velut
3024 2602 3259 2671 aliquam
3298 2601 3351 2655 in
3402 2615 3497 2655 vos

1924 2711 2248 2775 potestatem
2283 2702 2508 2755 habens.

2003 2814 2020 2847 ι
2061 2796 2167 2850 Sed
2213 2809 2307 2863 per
2339 2793 2569 2847 aliorum
2620 2791 3066 2853 sollicitudinem,
3118 2788 3279 2843 etiam
3311 2796 3501 2841 vestrae

1925 2886 2205 2941 charitatis
2234 2885 2522 2953 ingenuum
2548 2883 2747 2937 bonum
2794 2883 3208 2950 comprobansn
3248 2879 3359 2934 lioc
3387 2889 3493 2943 est,

1926 2989 2212 3050 propterea
2240 2978 2398 3033 laudo
2433 2976 2783 3042 Macedones,
2810 2988 2868 3031 ut
2899 2992 2997 3044 per
3030 2975 3243 3029 illorum
3277 2974 3501 3041 diligen-

1926 3076 2054 3128 tiam
2120 3086 2359 3127 vestram
2394 3086 2521 3141 erga
2583 3085 2853 3140 pauperes
2885 3078 3109 3123 sanctos
3152 3064 3497 3122 dilectionem

1844 3182 1888 3244 ρ
1927 3166 2293 3237 probatiorem
2325 3175 2378 3219 et
2415 3162 2792 3234 fulgentiorem
2828 3163 3072 3216 reddam.

1997 3259 2160 3313 Vens.
2195 3258 2248 3313 9.
2304 3277 2321 3309 ί
2391 3256 2558 3311 Scitis
2603 3254 2749 3307 enim
2800 3254 3032 3323 gratiam
3080 3250 3289 3306 Domini
3328 3250 3495 3304 nostri

1926 3347 2053 3402 Jesu
2083 3347 2311 3411 Christi,
2342 3345 2484 3414 quod
2532 3353 2752 3412 propter
2790 3358 2883 3397 vos
2929 3357 3134 3412 pauper
3173 3342 3352 3396 factus
3394 3352 3500 3402 est,

1927 3455 2048 3495 cum
2075 3440 2221 3493 dives
2241 3448 2403 3502 esset,
2432 3446 2490 3491 ut
2521 3437 2662 3490 illius
2693 3436 2872 3503 inepia
2895 3451 2990 3489 vos
3010 3436 3203 3488 divites
3230 3434 3447 3489 essetis.
3476 3450 3494 3483 ι

1927 3530 2039 3586 Hoc
2070 3540 2175 3594 εει,
2206 3531 2463 3599 cogitate,
2498 3529 2789 3596 expendite
2830 3527 3107 3581 vobiscum
3157 3528 3346 3595 ingens
3381 3539 3501 3593 my-

1928 3624 2177 3688 sterium,
2212 3633 2267 3676 et
2311 3621 2444 3674 nulli
2499 3622 2572 3674 rei
2607 3621 2863 3689 parcetis.
2899 3620 2955 3673 Si
2992 3619 3135 3673 enim
3172 3634 3277 3672 non
3304 3617 3501 3681 credis,

1928 3716 2137 3785 inquit,
2170 3716 2316 3785 quod
2390 3722 2679 3781 paupertas
2732 3710 3043 3764 divitiarum
3102 3709 3173 3763 sit
3218 3707 3460 3762 eﬂ'ectrix
3489 3748 3501 3769 ,

1930 3810 2216 3866 considera
2249 3808 2534 3862 Dominum
2569 3816 2744 3868 tuum,
2781 3812 2836 3859 et
2880 3818 2987 3857 non
3020 3802 3250 3872 amplius
3295 3801 3506 3855 dubita-
3543 3851 3545 3855 ,

1930 3902 2034 3957 bis.
2081 3899 2197 3955 Nisi
2230 3900 2375 3953 enim
2418 3898 2507 3952 ille
2557 3912 2760 3966 pauper
2797 3896 2975 3949 [actus
3028 3902 3194 3957 esset,
3248 3891 3351 3945 hoc
3400 3900 3504 3954 est,

1930 3994 2069 4050 infra
2114 3993 2385 4061 iacentem
2418 4002 2474 4045 et
2530 3990 2813 4060 inglorium
2866 4001 3091 4043 carnem
3144 3984 3505 4052 suscepisset.

1930 4087 2147 4155 aliaque
2192 4095 2385 4140 cuncta
2452 4081 2847 4137 contumeliosa
2921 4078 3292 4145 sustinuisset,
3349 4077 3509 4144 idque

1931 4188 2155 4249 propter
2188 4192 2285 4230 nos
2316 4175 2588 4241 indignos,
2623 4174 2878 4227 inimicos
2906 4186 3055 4236 suos,
3100 4185 3199 4224 nos
3248 4168 3389 4223 haud
3424 4182 3536 4242 εει.

1932 4286 2113 4327 semus
2156 4270 2331 4323 ditati.
2382 4267 2584 4333 Quales
2631 4276 2811 4320 autem
2863 4280 2994 4335 opes
3036 4263 3158 4317 ait?
3214 4262 3505 4325 Pietatem,

1932 4362 2245 4433 puritatem,
2306 4359 2818 4421 sanctiﬁcationent,
2854 4366 3161 4423 creteraque
3193 4354 3356 4415 bona,
3392 4367 3510 4421 quae

1933 4469 2055 4509 cum
2082 4453 2230 4506 dedit
2262 4462 2374 4506 tum
2417 4452 2643 4504 daturus
2679 4458 2782 4503 est.

324 4560 342 4590 ς
387 4541 495 4592 Καὶ
530 4538 756 4609 γνώμην
806 4544 860 4592 ἐν
892 4540 1066 4609 τούτῳ
1104 4540 1331 4610 δίδωμιο
1355 4542 1513 4596 τοῦτο
1558 4543 1665 4615 γάρ
1697 4543 1825 4615 ὑμῖν
1858 4521 1904 4578 D
2004 4545 2167 4601 Vens.
2203 4546 2289 4599 10.

2004 4545 2167 4601 Vens.
2203 4546 2289 4599 tt).
2327 4564 2353 4596 ι.
2380 4545 2442 4598 Et
2471 4543 2758 4597 cosilium
2798 4542 2850 4595 iu
2881 4540 2981 4595 hac
3010 4554 3069 4594 re
3092 4538 3194 4593 do:
3231 4538 3335 4593 hoc
3365 4536 3509 4591 enim

251 4636 544 4705 συμφέρει.
596 4654 612 4686 ι
652 4636 794 4705 Ὅρα
833 4636 948 4696 πῶς
979 4636 1295 4705 ἀνεπαχθὴς
1325 4633 1465 4690 εἶναι
1498 4639 1821 4704 σπουδάζει.

254 4749 273 4779 ς
318 4726 547 4798 Γνώμην
579 4748 596 4780 ι
634 4728 761 4796 γάρ,
796 4729 950 4796 φησὶ,
993 4746 1009 4778 ι
1044 4729 1274 4797 δίδωμι·
1316 4748 1336 4783 ι
1372 4732 1644 4795 τουτέστι,
1676 4733 1826 4801 Συμο

247 4821 470 4889 δουλίην,
507 4821 606 4873 οὐκ
652 4819 898 4887 ἀνάγκην
926 4817 1244 4889 ἐπιτίθημι·
1284 4820 1378 4873 καὶ
1410 4821 1580 4890 αὐτὴν
1637 4823 1826 4893 δὲτὴν

250 4913 565 4981 συμϐουλὴν
593 4912 857 4980 ποιοῦμαι
893 4912 981 4965 διὲι
1016 4912 1075 4965 τὸ
1113 4912 1415 4983 συμιρέρειν
1446 4914 1575 4983 ὑμῖν
1626 4916 1827 4986 μᾶλλον

248 5010 282 5078 ἦ
318 5009 428 5068 τοῖς
456 5006 518 5057 λα
527 5005 843 5074 μϐσὶνουσιν.

330 5119 346 5149 ι
390 5100 599 5158 Οῗτινες
626 5099 685 5150 οὑ
725 5097 884 5165 μόνον
914 5095 975 5148 τὸ
998 5098 1241 5165 ποιῆσαι,
1272 5097 1407 5152 ἀλλὰ
1438 5098 1535 5153 καὶ⁸
1561 5102 1623 5154 τὸ
1653 5101 1829 5155 θέλειν

252 5189 665 5262 προενήρξασθε
694 5189 801 5240 ἀπὸ
834 5189 1030 5258 πέρυσι
1054 5204 1068 5218 ⁸
1110 5190 1231 5241 νυνὶ
1263 5190 1319 5243 δὲ
1361 5191 1457 5244 καὶ
1503 5192 1564 5245 τὸ
1603 5196 1827 5263 ποιῆσαι

249 5283 623 5337 ἐπιτελέσατε.
670 5299 687 5333 ι
721 5281 918 5335 Οὐκέτι
961 5282 1025 5332 ὲκ
1058 5280 1155 5351 τῆς
1188 5282 1299 5335 τῶν
1339 5284 1542 5355 ἐτέρων
1593 5287 1829 5356 σπουδῆς

251 5378 453 5437 αὐτ-,ῦς
487 5374 877 5445 προτρέπεται,
905 5371 1019 5426 ἀλλ’
1052 5375 1115 5427 ἐκ
1141 5375 1242 5443 τῆς
1272 5377 1450 5429 αὐτῶν
1485 5377 1822 5449 προθυμίαςο

252 5471 348 5522 καί
388 5484 573 5537 φησιν,
625 5468 705 5519 δτι
765 5466 1137 5527 Ἐκόντεςοὲπὶ
1177 5466 1334 5519 τοῦτο
1383 5469 1597 5538 ιἤλθετε,
1632 5470 1724 5521 καὶ
1764 5471 1825 5524 οὐ

257 5560 419 5628 μόνον
454 5556 629 5626 ἀρχὴν
663 5553 1025 5607 κατεϐάλεσθε
1057 5556 1193 5623 πρὶς
1234 5556 1295 5607 τὸ
1326 5560 1521 5624 ποιεῖν,
1560 5558 1696 5611 ἀλλά
1727 5560 1823 5610 καὶ

1932 4641 2087 4696 vobis
2142 4639 2273 4692 utile
2328 4646 2430 4690 est.
2488 4655 2504 4686 ι
2542 4632 2931 4688 Animadverte
2983 4631 3255 4700 quomodo
3292 4630 3512 4684 minime

1934 4732 2199 4788 molestus
2226 4743 2347 4783 esse
2400 4726 2715 4782 contendat.
2755 4742 2773 4774 ι
2822 4721 3126 4778 Consilium
3166 4739 3186 4773 ›
3234 4720 3403 4782 ειιίιιι,
3430 4719 3512 4772 in-

1935 4825 2071 4895 quit,
2111 4841 2132 4874 ι
2173 4824 2260 4887 do,
2312 4840 2329 4871 ›
2370 4820 2418 4874 id
2464 4829 2568 4885 est,
2636 4816 2888 4881 consulo,
2952 4830 3061 4871 non
3126 4813 3510 4869 necessitatem

1930 4919 2167 4984 impono.
2229 4913 2381 4967 Istud
2421 4922 2599 4966 autem
2633 4910 2918 4965 consilium
2966 4908 3057 4972 do,
3090 4923 3156 4963 eo
3187 4906 3329 4977 quod
3357 4905 3510 4959 vobis

1932 5011 2102 5079 magis
2130 5009 2301 5074 prosit
2329 5022 2493 5074 quam
2531 5005 2952 5071 accipientibus.

2006 5101 2162 5155 Vens.
2198 5100 2285 5162 10,
2344 5099 2434 5152 Η.
2466 5117 2484 5149 ι
2532 5098 2631 5163 Qui
2679 5114 2782 5150 non
2838 5096 3012 5150 solum
3073 5093 3275 5155 facere,
3327 5090 3420 5145 sed
3455 5098 3511 5143 et

1926 5193 2062 5249 velle
2100 5192 2341 5260 cmpistis
2398 5191 2466 5245 ab
2502 5206 2655 5243 anno
2697 5190 2999 5255 superiore,
3058 5201 3202 5240 nunc
3270 5200 3402 5237 vero
3455 5194 3512 5237 et

1936 5284 2076 5339 facto
2116 5283 2377 5352 perticite.
2420 5302 2439 5334 ι
2486 5281 2603 5335 Non
2653 5297 2814 5350 patrm
2844 5296 2906 5334 ex
2952 5280 3180 5333 aliorum
3215 5278 3509 5331 studiueos

1936 5372 2386 5434 commonefacit.
2417 5382 2676 5425 caeterum
2708 5388 2771 5424 ex
2792 5386 2888 5423 sua
2919 5370 3157 5438 ipsorum
3186 5366 3503 5436 promptitu-

1936 5468 2080 5521 dine.
2116 5464 2341 5534 Sponte,
2378 5465 2649 5533 inquiens,
2686 5465 2750 5515 ad
2793 5465 2893 5516 hoc
2922 5462 3171 5523 venistis,
3209 5474 3307 5513 nec
3336 5457 3506 5510 solum

1935 5557 2166 5613 faciendi
2208 5556 2619 5609 fundamentum
2670 5554 2918 5625 jecistis,
2967 5567 3151 5607 verum
3209 5550 3373 5603 etiam
3416 5562 3509 5600 vo-

1578 5654 1777 5715 Variaa
1817 5653 2146 5716 lectiones.

331 5757 386 5836 ’θ’
405 5755 548 5819 μέγα
567 5751 686 5835 γὰρ
718 5747 1019 5818 ἄνθρωπος,
1048 5749 1185 5821 ἀνὴρ
1213 5750 1305 5804 καὶ
1345 5752 1523 5825 τίμιος
1551 5755 1797 5827 ἐλεήμων
1820 5771 1870 5813 0.

259 5831 330 5859 "'
366 5838 646 5878 απιστειτε
683 5842 735 5879 o.

2003 5758 2048 5787 ³³
2080 5757 2140 5808 ἐκ
2181 5770 2229 5809 ο.
2385 5754 2427 5784 ³³
2458 5754 2545 5806 ἵνα
2576 5752 2626 5804 δὲ
2665 5767 2716 5807 o.
2771 5810 2775 5814 _
2878 5749 2921 5781 “
2970 5750 3086 5804 οῗιδέ
3115 5744 3429 5813 vomis-iam
3459 5762 3509 5795 η.
