4242 6462
255 356 364 423 885

1004 366 1412 425 EXPOSITIO
1445 367 1517 425 ΙΝ
1561 366 1801 426 EPIST.
1842 367 1895 424 II
1929 368 2027 426 AD
2066 368 2231 426 COil.
2272 392 2328 402 ιτ
2369 371 2524 431 CAP.
2555 375 2714 434 Vill.

3404 385 3511 447 836

256 475 680 544 ἁντιδιδομένων
717 476 935 546 εῐρηάι
969 478 1002 545 ἡ
1044 478 1250 542 ἰσότης,
1305 477 1442 528 ἀλλὰ
1489 478 1623 529 καθὸ
1657 477 1683 528 ὃ
1730 494 1828 528 πε-
1862 481 1906 533 Α

1862 481 2217 541 Αωιιιιιιιιιςιε
2267 479 2408 532 dicta
2474 491 2587 543 est...
2626 500 2812 538 verum
2869 499 3134 556 quatenus
3183 507 3245 546 ex
3290 510 3354 548 eo
3403 515 3505 564 qua

261 569 503 637 ρισσεὺει
533 569 680 636 ὑμῖν,
706 569 876 621 δίδοτε
908 569 1066 637 ὑμεῖς
1092 585 1106 599 ·
1129 570 1226 621 καὶ
1252 570 1431 631 πάλιν,
1459 569 1486 619 δ
1518 569 1830 637 περισσεύει

256 661 512 722 ἐκείνοις,
565 661 801 713 διδόασιν
833 661 1068 712 ἐκεῖνον
1103 663 1195 714 καὶ
1239 662 1421 722 πάλιν,
1451 663 1477 712 ὃ
1517 663 1829 726 ὑστερεῗσ’“ε

257 751 436 817 ὑμεῖς,
469 751 798 819 λαμϐάνετε·
828 753 920 803 καὶ
940 751 1338 819 διὺστεροὺνται
1364 754 1581 817 ἐκεῖνοι,
1617 753 1830 819 λαμϐα-

257 860 438 896 νουσιο
494 845 633 896 κατὰ
683 844 840 896 τοῦτ’)
880 845 1142 915 ήίσότης.
1184 846 1390 906 Ἄλλως
1435 862 1492 897 τε
1547 847 1639 898 καὶ
1690 847 1829 898 κατα

258 934 352 987 et»
386 935 648 1002 παρόντα,
712 937 868 1004 φησὶ,
921 935 1112 1005 καιρὸν
1147 939 1178 1005 ἡ
1214 939 1394 1005 ἰσότης
1428 936 1564 1006 αὕτη
1593 957 1606 971 ο
1661 939 1719 988 ἐν
1775 938 1831 990 δὲ

257 1028 336 1097 τῷ
374 1029 641 1096 μέλλοντι,
681 1031 922 1100 ὑπεροχὴ
981 1032 1149 1103 πολλὴ
1210 1026 1279 1087 ὧν
1341 1035 1536 1084 ἐκεῖνοι
1574 1033 1826 1086 διδόασιν.

269 1120 433 1173 Ὥστε
462 1123 784 1191 συστὰλητε,
819 1125 866 1176 οἱ
909 1123 1171 1191 πλούσιοι,
1208 1126 1260 1177 εἴ
1287 1142 1346 1192 γε
1378 1126 1433 1178 ὲν
1461 1127 1572 1185 τοῖς
1604 1125 1830 1176 ἑστῶσιν

257 1211 622 1282 ὑπερέχουσιν
683 1215 835 1282 ὑμῶν
865 1215 912 1266 oi
946 1215 1196 1282 πένητες.
1244 1216 1488 1282 Παράγει
1545 1214 1598 1266 δὲ
1634 1216 1691 1265 τὸ
1740 1213 1830 1264 ἐπὶ

259 1303 352 1356 τοῦ
382 1305 555 1373 μάννα
580 1307 884 1375 γινόμενον,
918 1307 1036 1375 ἅμα
1061 1308 1156 1376 μὲν
1188 1307 1271 1358 ἵνα
1301 1307 1450 1377 δείξῃ
1476 1306 1592 1368 πῶς
1623 1307 1828 1370 γίνεται

259 1396 292 1463 ἠ
330 1395 510 1460 ίσότης
534 1413 548 1426 ·
581 1397 660 1448 δτι
694 1399 823 1448 ὅταν
858 1398 885 1448 ὁ
916 1397 974 1448 τὸ
1010 1398 1141 1449 πολὺ
1175 1397 1312 1466 ἔχων
1354 1397 1627 1457 πλούσιος,
1660 1398 1706 1446 εί
1753 1395 1827 1464 δῷ

257 1485 320 1536 τὸ
346 1486 661 1555 περιττεῦον
681 1487 758 1555 τῷ
788 1489 965 1556 ἔχοντι
994 1487 1057 1540 τὰ
1081 1489 1258 1555 ὀλίγα,
1301 1487 1423 1540 οὑτε
1455 1488 1616 1549 αὑτὸς
1674 1487 1829 1539 πλεο-

262 1577 437 1642 νάζει,
475 1579 568 1629 καὶ
606 1579 634 1631 ὁ
689 1579 748 1631 τὸ
783 1579 962 1646 ὀλίγον
1007 1582 1165 1649 ἔχων,
1197 1581 1295 1632 οὑκ
1316 1579 1701 1637 ἐλαττονεῖται,
1735 1581 1828 1631 an

257 1669 439 1723 λαϐὼν
475 1672 606 1740 παρ’
639 1673 869 1726 ἐκείνου.
911 1674 1016 1724 Καὶ
1066 1673 1228 1725 πάλιν
1268 1673 1359 1723 ἐπὶ
1403 1673 1496 1740 τῆς
1533 1673 1668 1740 πρὸς
1699 1673 1830 1724 Θεὸν

256 1762 572 1831 παρρησίας
603 1764 662 1815 τὸ
691 1765 855 1817 αὑτό·
886 1766 1000 1833 ἅμα
1025 1766 1077 1816 δὲ
1115 1764 1208 1817 καί
1243 1781 1294 1816 τι
1339 1765 1519 1833 μεῖζον
1551 1766 1826 1832 κατορθοῖ,

1937 566 2257 630 abi-illatis,
2290 569 2431 623 datis
2457 587 2592 635 vos;
2627 590 2689 628 ac
2714 592 2921 640 contra,
2956 598 3060 647 quo
3089 585 3158 636 iiit
3188 599 3503 649 exuberant,

1936 663 2087 710 vobis
2120 663 2520 716 communicant
2559 683 2570 718 :
2606 683 2667 719 ac
2709 673 2901 723 iterum
2933 689 3038 740 quo
3083 691 3173 730 vus
3227 679 3502 742 inn-.esfs,

1936 753 2003 803 ab
2045 755 2147 804 iihs
2188 756 2468 822 accipitis;
2517 771 2568 809 Cl.
2601 761 2668 811 Ηιι
2721 779 2825 828 quo
2865 779 2999 829 opus
3028 767 3246 829 habent,
3279 785 3304 822 a
3355 774 3503 824 uiuis

1935 847 2202 912 accipiunt
2235 865 2247 897 :
2284 853 2578 902 secundum
2632 855 2732 906 hoc
2762 865 2845 907 est
2894 859 3192 923 a‘qualitas.
3230 862 3500 932 Praecipue.

1934 952 2110 990 autem
2165 938 2214 990 in
2255 942 2526 1006 pnesenli,
2575 944 2768 1008 inquit,
2823 955 2904 998 est
2947 951 3226 1014 mqualitas
3270 953 3365 1004 ista
3400 971 3412 1006 :
3454 954 3499 1004 in

1937 1029 2118 1083 futuro
2159 1043 2337 1083 autem
2370 1033 2658 1100 plurimum
2711 1039 2981 1092 excellunt
3013 1057 3073 1094 ca
3123 1058 3238 1110 qure
3273 1044 3370 1110 ipsi
3411 1047 3500 1096 do-

1934 1132 2082 1175 nant.
2135 1121 2366 1177 Proinde
2402 1127 2702 1180 submittite
2729 1143 2846 1190 vos,
2902 1133 3178 1199 opulenti,
3232 1136 3496 1201 siquidem

1936 1214 1985 1265 in
2021 1215 2181 1269 rebus
2232 1215 2518 1270 stabiitbus
2562 1235 2653 1271 vos
2685 1235 2951 1287 pauperes
2984 1226 3336 1279 antcceiiunt.
3371 1227 3498 1279 ἱλεο-

1934 1307 2080 1360 ducit
2121 1317 2302 1360 autem
2340 1307 2387 1360 id
2414 1312 2552 1375 quod
2586 1311 2649 1362 de
2694 1328 2885 1366 manna
2931 1313 3130 1370 factum
3159 1328 3260 1382 cst,
3302 1323 3496 1385 partim

1941 1408 1998 1449 ut
2037 1399 2234 1450 indicet
2269 1402 2539 1466 quomodo
2568 1407 2622 1452 ht
2658 1406 2972 1472 mqualitas;
3009 1413 3221 1474 quando
3253 1413 3500 1465 videlicet

1931 1488 2081 1541 u'ives
2138 1488 2224 1558 qui
2265 1489 2490 1543 multum
2536 1492 2724 1554 habet,
2780 1495 2824 1547 si
2866 1496 3076 1550 dederit
3103 1499 3242 1563 quod
3282 1501 3378 1551 sibi
3409 1517 3496 1552 su-

1931 1578 2164 1647 perﬂuit,
2232 1580 2278 1632 ei
2334 1580 2420 1631 cui
2474 1596 2658 1637 parum
2709 1593 2810 1645 est,
2857 1600 3028 1652 neque
3083 1585 3194 1653 ipse
3240 1589 3496 1650 abundat,

1933 1684 2094 1735 atque
2124 1671 2169 1723 is
2198 1670 2282 1723 cui
2312 1685 2498 1737 parum
2525 1683 2626 1734 est,
2662 1689 2766 1726 non
2811 1676 3012 1736 delicit,
3049 1692 3111 1730 eo
3147 1679 3289 1745 quod
3316 1684 3382 1731 ah
3409 1681 3497 1733 illo

1938 1765 2226 1831 acceperit.
2254 1765 2329 1818 Ac
2354 1781 2538 1818 rursus
2584 1766 2722 1818 idem
2758 1770 2813 1819 tit
2843 1768 2892 1820 in
2935 1769 3124 1822 ﬁducia
3158 1785 3280 1838 erga
3309 1773 3494 1824 Deum.

257 1855 518 1907 δεικνύων
553 1860 663 1918 τοῖς
693 1858 990 1923 πλουσίοις,
1027 1860 1107 1911 δτι
1151 1858 1339 1928 ὥσπερ
1373 1860 1465 1910 ἐπὶ
1505 1858 1598 1911 τοῦ
1631 1861 1730 1916 uti“.
1749 1879 1823 1921 :1,
1865 1843 1904 1895 Β

1821 1904 1823 1915 ,
1865 1843 1904 1895 Β
1934 1861 2103 1909 Simul
2138 1873 2264 1911 vero
2297 1859 2466 1920 majus
2506 1862 2670 1911 etiam
2715 1860 2918 1926 aliquid
2953 1862 3186 1929 perlicit,
3218 1865 3283 1916 ob
3317 1866 3496 1917 oeulos

265 1949 408 2001 οἵτε
447 1949 605 2002 πὶέον
637 1953 980 2017 συνάγοντες,
1033 1953 1125 2004 καὶ
1155 1953 1200 2004 οἱ
1247 1952 1484 2016 ἔλαττον,
1525 1954 1720 2013 πάντες
1769 1954 1828 2003 τὸ

258 2039 393 2092 αὑτὸ
455 2043 654 2112 μέτρον
708 2045 1024 2114 εὑρίσκοντο
1075 2045 1311 2115 ἔχοντες,
1376 2045 1475 2114 τὴν
1525 2045 1829 2113 ἀπληστίαν

254 2133 353 2185 τοῦ
397 2134 529 2186 Θεοῦ
583 2136 941 2200 κολάζοντος·
977 2137 1146 2210 οὕτω,
1173 2140 1268 2192 καὶ
1321 2137 1416 2191 νῦν
1487 2137 1546 2190 οὑ
1595 2139 1673 2190 δεῖ
1733 2137 1825 2190 τοῦ

257 2225 504 2290 πλείονος
540 2227 810 2295 ἐφίεσθαι.

335 2429 353 2461 ι
389 2412 561 2480 Χάρις
588 2412 642 2464 δὲ
675 2413 751 2482 τῷ
795 2413 916 2482 Θεῷ
963 2414 1040 2485 τῷ
1066 2415 1206 2468 δόντι
1239 2418 1338 2487 τὴν
1353 2417 1539 2488 πὺτὴν
1591 2419 1827 2486 σπουδὴν

257 2501 400 2571 ὑπὲρ
429 2505 582 2571 ὑμῶν
614 2507 671 2556 ὲν
713 2508 779 2575 τῇ
814 2507 1010 2577 καρδία
1067 2508 1255 2562 Τίτου.
1293 2530 1311 2560 ι
1351 2508 1662 2578 Διαλεχθεὶς
1699 2509 1824 2579 περὶ

256 2595 359 2662 τῆς
387 2595 760 2667 ὲλεημοσὺνης
808 2601 906 2651 ὅσα
943 2600 1071 2663 ἔδει,
1108 2600 1294 2654 λοιπον
1328 2603 1544 2654 ἐπαινεῖ
1583 2603 1706 2663 τοὺς
1734 2603 1825 2654 ἐπὶ

255 2686 437 2755 τούτῳ
469 2691 756 2752 σταλέντας
778 2708 790 2720 ο
829 2693 912 2743 ἵνα
945 2694 1247 2745 ἀνύποπτοι
1281 2694 1564 2761 γεγονότες
1594 2696 1659 2756 ³⁸,
1689 2694 1825 2762 μᾶλ-

257 2779 354 2831 λον
388 2784 467 2842 εἰς
507 2784 818 2852 προθυμίαν
848 2785 1044 2848 αὐτοὺς
1065 2785 1160 2837 τοῦ
1195 2789 1624 2852 συνεισενεγκεῖν
1653 2786 1826 2851 ἐμδά-

260 2869 449 2926 ὶωσιν.
490 2873 704 2943 Ἐπειδὴ
734 2875 790 2926 δὲ
831 2876 1049 2945 πρῶτος
1092 2877 1296 2930 τούτων
1328 2877 1488 2938 Τίτος
1517 2873 1606 2941 ἦν,
1639 2877 1829 2928 τοῦτον

254 2964 494 3025 ἐπαινεῖ,
523 2968 615 3018 καὶ
649 2967 781 3020 Θεοῦ
808 2968 966 3037 ἔργον
997 2970 1142 3036 λέγει
1182 2971 1242 3023 τὸ
1291 2970 1634 3039 διεγερθῖναι
1666 2970 1828 3022 αὐτὴν

257 3057 342 3118 είς
370 3060 429 3106 τὸ
466 3056 804 3124 διακονῆσαι.
837 3060 947 3129 Τὴν
976 3060 1145 3131 αὑτὴν
1172 3062 1280 3130 γὰρ
1314 3061 1548 3130 σπουδὴν
1573 3063 1640 3132 ἣν
1671 3061 1825 3128 κάγὼ

1934 1967 2140 2019 ponens
2191 1951 2485 2018 opulentis,
2521 1953 2663 2014 quod
2719 1954 3168 2018 quemadmodum
3199 1955 3250 2006 in
3283 1971 3496 2014 manna,

1929 2046 2018 2113 qui
2067 2045 2182 2113 plus
2212 2044 2575 2112 collegeraut‘,
2612 2056 2664 2097 et
2710 2046 2798 2113 qui
2853 2046 3048 2107 minus,
3109 2059 3296 2098 omnes
3336 2046 3495 2113 287

1929 2138 2170 2192 eamdem
2199 2136 2393 2191 habere
2423 2152 2726 2190 mensuram
2757 2139 3186 2201 inveniebantur,
3222 2138 3327 2191 Deo
3352 2140 3493 2190 insa-

1929 2235 2266 2288 tiahtlitatem
2309 2247 2491 2286 eorum
2523 2235 2794 2301 puniente,
2845 2234 2914 2286 ita
2940 2235 3234 2288 etiamnum
3275 2233 3495 2287 nimium

1926 2337 2178 2387 expetere
2209 2340 2309 2378 non
2341 2333 2574 2390 oportet.

1998 2416 2158 2470 Vens.
2192 2416 2274 2470 l6.
2312 2435 2329 2467 ι
2367 2416 2552 2469 Gratia
2582 2426 2756 2468 autem
2796 2415 2923 2477 Deo,
2955 2415 3044 2483 qui
3077 2415 3223 2470 delit
3252 2418 3493 2469 eamdem

1928 2507 2342 2562 sollicitudinem
2397 2523 2490 2575 pro
2531 2506 2684 2559 vobis
2728 2507 2780 2557 in
2834 2507 2994 2558 corde
3025 2505 3154 2558 Titi.
3199 2525 3216 2557 ι
3266 2508 3396 2559 Cum
3434 2508 3495 2558 de

1925 2600 2299 2669 cleemosyna,
2343 2610 2602 2669 quantum
2643 2614 2726 2651 res
2782 2599 3076 2664 poscebat,
3118 2600 3510 2659 disseruisset,

1926 2695 2180 2758 deinceps
2232 2692 2573 2744 commendat
2620 2705 2712 2744 eos
2763 2691 2848 2757 qui
2896 2706 3016 2744 eam
3065 2692 3131 2744 ob
3179 2707 3290 2745 rem
3343 2693 3490 2743 missi

1927 2793 2082 2837 erant
2109 2826 2121 2848 ,
2170 2791 2227 2836 ut
2257 2785 2402 2837 omni
2437 2783 2744 2851 suspicione
2785 2792 3033 2836 carentes
3059 2822 3074 2844 ,
3129 2783 3496 2836 reliemcntius

1929 2890 2020 2929 eos
2048 2876 2111 2927 ad
2146 2875 2480 2928 alacritatem
2513 2883 2565 2928 ct
2609 2875 3084 2942 promptitudinem
3120 2875 3493 2928 contribuendi

1930 2965 2224 3034 impellant.
2260 2965 2392 3030 Quia
2432 2981 2562 3018 vero
2609 2969 2747 3018 inter
2799 2965 2896 3018 hos
2929 2965 3134 3033 priums
3162 2975 3277 3018 crat
3307 2964 3494 3024 Titus,

1930 3057 2110 3109 laudat
2143 3070 2261 3109 eum
2293 3095 2310 3119 ,
2343 3056 2542 3122 Deique
2572 3071 2704 3124 opus
2731 3072 2848 3110 esse
2897 3057 3022 3109 dicit
3052 3057 3193 3126 quod
3222 3058 3287 3108 ad
3337 3059 3492 3110 mini-

254 3145 369 3214 εχω
401 3147 536 3215 ὑπὲρ
565 3148 737 3216 ὑμῶν,
785 3150 1039 3220 ἐνέθηκεν
1075 3151 1244 3222 αὑτῷ.
1300 3152 1580 3206 Ἐντεῦθεν
1606 3153 1662 3206 δὲ
1689 3170 1823 3220 προ-
1849 3191 1895 3252 c
1927 3188 1929 3197 ι

1817 3183 1895 3252 νο
1927 3147 2204 3200 straudum
2257 3147 2328 3200 sit
2373 3149 2662 3203 excitatus.
2721 3147 2976 3200 Eamdem
3024 3148 3165 3201 enim
3212 3163 3398 3200 curam
3446 3158 3492 3201 ct

253 3238 519 3305 τρέπεται
572 3240 768 3300 αὐτοὺς
837 3242 921 3293 ἴνα
980 3242 1255 3310 ἀξιόλογον
1321 3245 1651 3312 ποιήσωνται
1725 3241 1822 3311 τὴν

255 3328 422 3381 δόσιν.
455 3331 514 3381 Εἰ
542 3331 648 3399 γὰρ
671 3335 697 3383 ὁ
721 3331 853 3394 θεὸς
885 3333 1047 3386 αὑτὸν
1091 3336 1385 3404 διήγειρεν,
1424 3336 1452 3386 ὁ
1480 3335 1612 3395 Θεὸς
1639 3333 1825 3387 λοιπὸν

264 3423 421 3485 πίτεῖ,
453 3425 544 3475 καὶ
571 3424 812 3491 ὀφείλετε
845 3424 1087 3489 ἁξιόθεον
1113 3428 1156 3458 ¹⁹
1176 3426 1270 3496 τὴν
1293 3427 1437 3479 δόσιν
1471 3426 1819 3496 ποιήσασθαι.

339 3715 355 3745 ι
407 3693 531 3748 "Ott
561 3694 658 3763 τὴν
695 3695 792 3762 μὲν
822 3693 1166 3762 παράκλησιν
1213 3695 1449 3759 ἐδέξατο,
1484 3695 1825 3748 σπουδαιότε-

263 3804 354 3855 ρος
390 3787 444 3839 δὲ
493 3787 770 3854 ὑπάρχω-λ,
825 3785 1146 3854 αὐθαίρετος
1193 3785 1383 3853 ἐξῆλθε
1420 3789 1554 3857 πρὸς
1598 3790 1762 3856 ὑμᾶς.
1801 3809 1819 3840 ι

262 3881 434 3933 Πόθεν
487 3878 666 3945 δῆλον,
724 3878 802 3929 ὅτι
835 3879 860 3929 6
894 3877 1025 3939 Θεὸς
1078 3879 1447 3948 προετρέψατο
1495 3880 1583 3932 τὸν
1632 3883 1820 3947 Τίτον;

263 3973 389 4022 Ὂτι
424 3974 514 4021 καί
549 3971 920 4038 παρακληθεὶς
950 3973 1080 4038 παρ’
1106 3969 1259 4038 ἐμοῦ,
1286 3971 1578 4040 προθύμως
1611 3973 1825 4038 ἐδέξατο

258 4064 358 4132 τὴν
387 4064 748 4132 παράκλησιν,
808 4064 900 4113 καὶ
932 4064 1031 4114 οὑκ
1061 4063 1380 4129 ἐγόγγυσεν,
1430 4064 1564 4116 ἀλλὰ
1596 4066 1699 4133 μὴν
1735 4067 1827 4117 καὶ

261 4153 585 4221 αὐθαίρετος
616 4153 861 4221 ἐξῆλθεν,
898 4153 1036 4204 ὥστε
1077 4155 1181 4206 κᾶν
1215 4155 1287 4222 μὴ
1319 4153 1428 4221 ὲγὼ
1455 4156 1823 4224 παρεκάλεσα,

263 4247 426 4309 αὑτὸς
461 4246 557 4316 τὴν
589 4248 796 4300 οἰκείαν
829 4247 1065 4316 σπουδὴν
1089 4247 1405 4311 ἐνεδείξατο.

335 4446 354 4479 ι
403 4429 832 4496 Συνεπέμψαμεν
858 4429 912 4480 δὲ
953 4429 1068 4495 μετ’
1091 4427 1254 4481 αὑτοῦ
1297 4429 1389 4481 τὸν
1418 4429 1672 4498 ἀδελφὸν.
1709 4425 1768 4484 οὑ
1799 4433 1828 4484 ὁ

1929 3239 2345 3294 sollicitudinem
2389 3254 2550 3307 quam
2596 3255 2696 3308 ego
2745 3240 2914 3292 habeo
2957 3253 3052 3307 pro
3101 3239 3288 3302 vobis,
3332 3241 3492 3292 menti

1928 3331 2043 3398 ejus
2085 3333 2361 3400 imposuit.
2399 3333 2534 3385 Hine
2571 3347 2696 3384 vero
2727 3335 2974 3385 hortatur
3004 3346 3097 3384 eos
3139 3343 3191 3384 ut
3223 3334 3495 3385 contribu—

1929 3422 2126 3473 tionem
2165 3422 2380 3486 faciant,
2421 3437 2540 3489 quae
2571 3421 2799 3488 alicujus
2831 3421 3086 3473 momenti
3131 3421 3222 3472 sit.
3261 3421 3314 3472 Si
3351 3422 3492 3474 enim

1929 3514 2068 3566 Deus
2103 3513 2271 3580 ipsqu
2301 3512 2554 3566 excitavit
2582 3550 2596 3575 ,
2632 3521 2739 3565 tum
2775 3513 2911 3564 Dens
2944 3511 3096 3578 petit,
3133 3511 3495 3580 largitionem—

1927 3620 2031 3674 que
2068 3605 2173 3658 Deo
2204 3606 2416 3672 dignam
2456 3603 2633 3657 facere
2663 3604 2889 3657 debetis.

2000 3697 2162 3750 Vens.
2200 3698 2284 3750 l7.
2327 3716 2344 3746 c
2375 3696 2634 3760 Quoniam
2661 3699 3090 3752 adhortationem
3125 3700 3339 3767 quidem
3369 3714 3492 3752 sus-

1929 3789 2101 3857 cepit,
2153 3789 2244 3840 scd
2299 3803 2422 3840 cum
2471 3788 2755 3841 sollicitior
2829 3799 3005 3851 esset,
3073 3805 3166 3843 sua
3219 3791 3493 3843 voluntate

1928 3881 2200 3948 prolectus
2232 3891 2315 3932 est
2341 3879 2405 3931 ad
2436 3894 2548 3932 vos.
2589 3898 2605 3930 ι
2644 3879 2794 3933 Unde
2825 3880 3035 3948 planum
3069 3892 3150 3934 est
3187 3883 3328 3950 quod
3359 3883 3493 3935 Deus

1929 3973 2104 4026 Titum
2141 3971 2499 4025 excitaverit?
2530 3972 2792 4035 Quoniam
2828 3973 3291 4028 couunonefactus
3323 3991 3348 4026 a
3411 3990 3492 4028 me

1931 4065 2182 4119 alacriter
2215 4064 2646 4116 adhortationem
2682 4065 2950 4131 suscepit,
2988 4080 3160 4131 neque
3202 4067 3491 4133 quidquam

1930 4154 2279 4209 nmrmuravit
2304 4196 2316 4216 ,
2348 4157 2441 4206 sed
2482 4169 2575 4206 sua
2607 4165 2799 4221 sponte
2825 4157 3022 4218 exivit,
3057 4167 3115 4208 ut
3149 4158 3358 4210 etiamsi
3396 4173 3494 4225 ego

1928 4247 2100 4315 ipsmn
2129 4260 2236 4298 non
2267 4259 2439 4298 essem
2481 4246 2818 4312 adhortatus,
2859 4249 3130 4316 proprium
3165 4259 3341 4302 tamen
3378 4259 3491 4302 Stu—

1929 4341 2076 4392 dium
2108 4338 2221 4406 ipse
2258 4338 2698 4393 demonstrasset.

2001 4428 2163 4482 Vens.
2213 4430 2295 4481 18.
2359 4449 2376 4479 ι
2427 4429 2666 4482 Misimus
2705 4439 2882 4484 autem
2929 4446 3028 4481 una
3063 4448 3183 4484 cum
3233 4432 3348 4500 ipso
3384 4432 3490 4486 fra-

261 4516 480 4578 ἕπαινος
510 4520 567 4569 ἐν
598 4517 673 4585 τῷ
719 4518 1034 4584 Εὑαγγελίῳ
1058 4517 1141 4570 διὰ
1195 4517 1386 4570 πασῶν
1429 4519 1536 4572 τῶν
1597 4522 1825 4591 Ἐκκλη-
1859 4531 1900 4584 ι)
1933 4532 1936 4571 l

1818 4552 1825 4561 -
1859 4531 1900 4584 ι)
1933 4530 2065 4574 trem
2093 4562 2106 4584 ,
2144 4521 2296 4584 cujus
2353 4522 2466 4574 laus
2509 4523 2558 4574 in
2614 4521 2902 4588 Evangelio
2948 4537 3041 4588 per
3083 4538 3268 4576 omnes
3313 4524 3493 4576 Eccle-

265 4609 415 4660 σιῶν.
455 4625 471 4656 ι
505 4608 662 4669 Τινὲς
690 4607 787 4674 μὲν
815 4607 905 4658 τὸν
938 4609 1152 4659 Λουκᾶν
1193 4625 1345 4673 φασι,
1380 4609 1466 4661 διὰ
1497 4612 1556 4662 τὸ
1592 4611 1826 4678 Εὑαγγέ·

263 4707 373 4752 nov
401 4701 537 4768 ὅπερ
570 4700 773 4769 ἔγραφε
803 4718 813 4730 ·
841 4701 986 4762 τινὲς
1021 4701 1077 4752 δὲ
1111 4702 1200 4754 τὸν
1232 4703 1519 4770 Βαρνάϐαν
1546 4719 1560 4732 ο
1598 4705 1692 4756 καὶ
1720 4706 1825 4775 γὰρ

261 4796 357 4846 καὶ
410 4794 468 4844 τὸ
503 4794 748 4862 ἄγραφον
781 4796 1065 4863 κήρυγμα,
1118 4796 1450 4863 Εὑαγγέλιον
1501 4798 1678 4853 καλεῖ.
1714 4801 1827 4852 Οὑκ

261 4887 630 4954 ἔμφιλοχωρεῖ
661 4888 718 4939 δὲ
762 4889 872 4949 τοῖς
901 4887 1198 4956 ἐγκωμίοις
1238 4891 1448 4951 τούτου,
1500 4891 1686 4959 ὧσπερ
1729 4893 1824 4943 τοῦ

259 4979 445 5042 Τίτου,
486 4981 613 5040 ἴσως
641 4980 774 5031 διότι
797 4981 1043 5048 ἠγνοεῖτο
1067 4983 1178 5040 τοῖς
1208 4982 1533 5050 Κορινθίοις,
1564 4985 1592 5034 ὁ
1631 4984 1685 5036 δὲ
1732 4984 1827 5035 Τί-

257 5088 348 5132 τος
396 5072 631 5138 ἔγνωστο
679 5073 897 5132 ἱκανῶς.
950 5074 1092 5140 Πλὴν
1117 5074 1212 5126 καὶ
1245 5074 1415 5136 οὑτως
1447 5076 1634 5127 ἰκανὸν
1679 5075 1826 5142 αὐτῷ

258 5163 450 5214 πλέκει
484 5163 777 5232 ἐγκώμιον,
813 5166 883 5216 Οὐ
907 5167 1013 5234 γὰρ
1041 5167 1250 5230 ἁπλῶς,
1277 5168 1460 5234 φησὶν,
1496 5167 1825 5233 Εὑαγγέλιον

257 5255 539 5323 κηρύττει,
567 5257 701 5308 ἀλλὰ
728 5258 820 5308 καὶ
842 5259 1144 5310 ἐπαινεῖται
1167 5277 1182 5291 ο
1206 5262 1299 5329 οὑχ
1324 5261 1427 5314 ὑπὸ
1446 5259 1540 5313 δύο
1572 5260 1603 5329 ἦ
1630 5261 1818 5329 τριῶν,

256 5346 372 5398 ἀλλ’
410 5346 512 5397 ὑπὸ
550 5348 737 5400 πασῶν
763 5347 871 5400 τῶν
912 5350 1268 5419 Ἐκκλησιῶν.

337 5546 355 5578 ι
393 5527 468 5581 υὺ
501 5528 659 5596 μόνον
688 5529 763 5592 δὲ,
811 5530 945 5582 ἀλλὰ
993 5531 1086 5583 καὶ
1147 5533 1541 5602 χειροτονηθεὶς
1585 5534 1687 5586 ὑπ),
1723 5534 1829 5585 τῶν

1927 4615 2054 4666 sias.
2101 4632 2118 4664 ›
2160 4612 2406 4664 Nonnulli
2441 4613 2634 4665 Lucam
2675 4613 2759 4663 hic.
2791 4613 3010 4679 intelligi
3052 4612 3238 4675 aiunt,
3279 4624 3494 4680 propter

1929 4703 2278 4774 Evangeliqu
2333 4706 2472 4770 quo-.l
2526 4703 2744 4769 scripsit
2789 4722 2801 4757 :
2849 4705 3090 4756 nonnulli
3122 4719 3248 4757 vero
3295 4704 3492 4756 Barna-

1927 4796 2068 4848 bam.
2100 4796 2230 4848 Nam
2259 4807 2312 4846 et
2346 4796 2777 4863 praedicationem
2812 4812 2914 4848 non
2948 4796 3200 4861 scriptam
3251 4796 3492 4864 Evange-

1931 4890 2054 4941 lium
2086 4899 2259 4944 vocat.
2295 4888 2408 4940 l‘ion
2452 4890 2770 4940 immoratur
2801 4899 2976 4940 autem
3015 4887 3064 4938 in
3101 4886 3254 4952 hujus
3287 4904 3488 4955 praeco-

1930 4983 2066 5044 niis,
2099 4981 2320 5047 perinde
2348 4996 2410 5035 ac
2447 4983 2495 5033 in
2533 4980 2637 5032 Titi
2672 4999 2683 5033 :
2727 4982 2902 5033 forsan
2941 4980 3058 5032 ideo
3086 5019 3100 5040 .
3145 4982 3266 5049 quia
3298 4982 3489 5033 Corin-

1928 5076 2052 5127 thiis
2082 5075 2299 5141 ignotus
2331 5085 2478 5137 erat,
2512 5073 2667 5126 Tttus
2697 5083 2874 5125 autem
2910 5073 3119 5125 abunde
3159 5084 3311 5124 notus
3349 5084 3486 5125 erat.

1923 5169 2172 5220 Attamen
2223 5178 2270 5218 ct
2307 5169 2384 5219 sic
2429 5169 2674 5220 idoneum
2719 5166 2791 5217 illi
2839 5167 3142 5218 eiicomium
3182 5167 3331 5216 texit.
3376 5165 3484 5216 Non

1922 5259 2063 5309 enim
2098 5258 2418 5321 simpliciter
2447 5259 2594 5317 dicit,
2619 5256 2960 5325 Itlvangeliunt
2981 5257 3251 5322 prtedicat,
3303 5272 3486 5308 verum

1926 5350 2084 5400 etiam
2114 5349 2381 5410 laudatur,
2425 5365 2528 5401 non
2565 5365 2592 5402 a
2626 5350 2836 5404 duobus
2895 5349 2973 5400 vel
3036 5350 3237 5410 tribus,
3284 5349 3374 5400 sed
3426 5348 3491 5398 ab

1927 5442 2172 5493 Omnibus
2204 5441 2473 5493 Ecclesiis.

2006 5531 2168 5586 Vens.
2200 5533 2285 5588 19.
2327 5533 2470 5588 «Non
2499 5533 2881 5598 solomautem,
2911 5533 3002 5588 sed
3024 5543 3075 5588 et
3102 5532 3379 5586 ordinatus
3411 5539 3491 5581 est

1593 5680 1785 5741 Varia:
1840 5678 2159 5741 lectiones.

330 5793 372 5824 “
412 5794 688 5864 γινόμενοι
724 5808 775 5848 0.
857 5795 901 5826 ”
927 5794 1202 5864 ἀξιόλογον
1233 5814 1301 5851 ιιι.
