4242 6462
757 360 854 424 891

1704 362 2277 423 TllEOl’llYLACTl
2320 362 2418 423 BU
2432 363 2727 423 LGARI/E
2754 366 3110 426 ARCIllEP.

3898 367 4018 431 89“)

760 486 969 535 cat-tur,
1019 493 1034 522 ι
1074 475 1122 525 id
1158 485 1261 537 est,
1304 475 1445 528 inani
1494 483 1545 527 et
1595 491 1729 528 vana
1777 486 2033 543 arguatur
2078 476 2325 544 gloriatio
2356 481 2435 532 Αι

2356 481 2400 532 Α
2427 479 2553 537 τοὺς
2575 478 2854 545 ἀδελφοὺς,
2887 480 2971 532 [va
2990 482 3063 549 μὴ
3091 481 3353 551 κενωθῇ.»
3382 481 3649 547 τουτέστι,
3672 485 3897 553 μάταιον
3912 488 4017 537 καὶ

765 585 880 621 mea
922 570 987 621 de
1019 570 1190 621 vobis.
1234 569 1343 635 Ego
1388 572 1556 630 enim,
1602 570 1796 637 inquit,
1831 573 1894 621 de
1941 571 2093 622 vobis
2136 585 2328 633 super-

762 659 933 719 bieus,
966 660 1104 725 apud
1133 674 1317 712 omnes
1338 659 1626 726 gluriabar,
1659 670 1819 725 at'tue
1838 660 1998 711 etiam
2026 659 2162 725 apud
2190 659 2328 710 illos.

764 749 950 817 Itaque
998 752 1041 804 si
1084 752 1368 813 deliciatis,
1414 750 1717 802 communis
1760 759 1840 802 est
1874 750 2161 818 ignominia
2196 766 2208 801 :
2238 750 2329 803 sed

764 858 871 895 non
914 844 963 895 irt
1008 845 1275 906 munibus,
1310 858 1491 895 verum
1539 843 1589 894 itt
1617 842 1714 896 hac
1742 842 1853 896 sola
1888 852 2058 910 parte.
2086 841 2188 894 hoc
2223 850 2329 902 est,

760 962 827 995 ue
868 946 1129 1009 pudeliztut
1170 944 1220 994 iu
1256 944 1356 996 hoc
1386 942 1499 993 solo
1528 941 1593 993 de
1624 941 1961 1009 t-Ieetuosyna
1997 949 2329 1008 argumento,

759 1036 925 1102 290
951 1034 1040 1085 sed
1076 1036 1242 1100 parati
1275 1036 1414 1093 sitis,
1442 1034 1663 1099 perinde
1691 1049 1751 1086 ac
1786 1034 1891 1085 dixi
1927 1030 2328 1093 Macedonibus,

763 1127 907 1188 quod
944 1130 1115 1194 parati
1145 1129 1252 1180 sint
1281 1129 1329 1179 iu
1367 1138 1477 1181 tota
1504 1127 1706 1182 Achaia
1734 1141 1945 1190 onmes,
1977 1141 2149 1196 neque
2177 1125 2334 1195 quid-

762 1236 925 1286 quam
959 1223 1039 1276 eis
1065 1225 1235 1275 deest.

842 1404 997 1455 Vens.
1028 1404 1081 1457 4.
1122 1422 1139 1454 ι
1182 1404 1258 1458 Ne
1290 1413 1604 1472 qun‘pacto,
1636 1403 1679 1458 si
1712 1404 1958 1457 venerint
1991 1416 2197 1457 mecum
2227 1402 2338 1458 Ma-

769 1498 1019 1555 cedoues.
1037 1508 1089 1549 et
1108 1497 1406 1551 invenerint
1434 1513 1525 1550 vos
1548 1497 1861 1564 imparatus,
1881 1496 2092 1565 pudeﬁa
2104 1512 2220 1550 mus
2238 1513 2335 1553 nos

769 1588 860 1653 (ne
891 1590 1156 1651 dicamus,
1198 1590 1313 1657 vos)
1350 1589 1399 1641 itt
1438 1590 1537 1641 ltac
1568 1586 1872 1642 substantia
1911 1590 2267 1657 gloriationis.
2313 1609 2330 1641 ι

774 1681 979 1735 iitll‘atls
1013 1682 1061 1732 itt
1109 1682 1295 1733 iistletn
1342 1693 1609 1747 versatur,
1650 1697 1713 1735 ac
1764 1691 2035 1734 certamen
2083 1682 2333 1745 intendit,

772 1771 839 1819 ab
870 1770 1117 1821 butuauis
1145 1771 1443 1823 rationibus
1471 1772 1613 1836 ipsos
1645 1770 1956 1823 instituens.
1992 1768 2162 1836 Maius
2192 1769 2334 1822 enim

774 1864 1003 1912 dedecus
1031 1873 1134 1923 rst,
1166 1877 1284 1914 cum
1322 1864 1441 1930 quis
1473 1863 1610 1931 apud
1642 1862 1852 1915 alienas
1888 1878 2145 1931 personas
2175 1863 2338 1929 pude-

777 1954 889 2005 liat.
926 1952 1193 2018 Forsitan,
1228 1956 1418 2020 inquit,
1452 1956 1580 2008 mihi
1614 1954 1885 2009 conﬁditis
1912 1971 2008 2009 ceu
2040 1956 2337 2023 iguoscenti

776 2044 925 2095 vobis
954 2059 966 2095 :
1001 2045 1196 2095 :tteuim
1228 2044 1545 2097 Macedonas
1578 2046 1757 2098 animo
1789 2046 2009 2109 volvite,
2040 2045 2129 2110 qui
2160 2046 2337 2099 l'orsan

778 2150 986 2188 mecum
1054 2136 1263 2188 venit-ut
1303 2155 1315 2189 :
1358 2137 1647 2190 verisimile
1701 2149 1781 2191 cst
1841 2138 1981 2192 enim
2037 2138 2156 2191 ltoc.
2198 2138 2338 2192 Etsi

776 2227 1081 2282 invenerint
1149 2244 1277 2289 vos,
1320 2246 1423 2281 nun
1478 2231 1609 2283 dixit
1642 2267 1657 2291 ,
1710 2229 1962 2283 Nolentes
2018 2230 2188 2292 dare,
2245 2229 2338 2283 sed

783 2338 800 2368 ι
846 2318 1160 2385 lmparatos.
1198 2334 1216 2367 ι
1250 2316 1304 2370 Si
1336 2317 1477 2370 enim
1515 2333 1618 2371 non
1644 2328 1888 2385 paratum
1919 2333 2056 2383 esse,
2082 2327 2174 2371 aut
2199 2318 2341 2372 cele-

778 2412 913 2465 riter
943 2427 1045 2463 non
1093 2410 1436 2463 contribuere
1470 2412 1702 2464 dedecus
1773 2421 1877 2475 est,
1940 2420 2145 2479 quanto
2176 2413 2343 2478 magis

780 2503 913 2555 nihil
939 2504 1160 2557 omnino
1192 2503 1559 2567 contribuere,
1588 2504 1671 2556 vel
1709 2505 1885 2558 minus
1914 2518 2078 2573 quam
2107 2518 2203 2571 par
2232 2502 2346 2556 sit?

778 2593 1012 2659 (‘orrigit
1040 2602 1216 2646 autem
1248 2608 1577 2657 sermonem,
1613 2594 1820 2659 dicens,
1853 2590 1961 2646 Nos
2014 2593 2345 2662 pudeliemus

782 2702 871 2753 (uc
902 2686 1096 2750 dicam,
1128 2687 1240 2752 vos)
1273 2684 1323 2737 in
1361 2685 1461 2739 bac
1492 2686 1795 2739 substantia
1834 2685 2169 2754 gloriationis
2196 2703 2209 2739 :
2244 2686 2346 2740 hoc

781 2786 889 2839 est,
926 2792 1030 2830 non
1063 2775 1167 2830 alia
1192 2778 1243 2829 in
1276 2791 1334 2829 re
1366 2776 1719 2847 pudeliemus,
1753 2789 2108 2846 praeterquam
2146 2778 2197 2831 in
2231 2779 2345 2833 sola

783 2869 849 2923 de
882 2870 1225 2942 eleemosyna
1274 2869 1614 2940 gloriatione,
1659 2884 1783 2922 cum
1814 2879 2005 2924 caatera
2042 2881 2218 2925 vestra
2266 2885 2349 2924 re-

782 2961 1197 3029 prehensionem
1234 2976 1338 3015 nou
1380 2962 1687 3015 admittant.
1722 2959 1834 3014 lloc
1865 2972 2039 3016 autem
2062 2962 2211 3025 dicit,
2241 2978 2345 3017 non

785 3064 843 3105 ut
872 3053 952 3107 eis
982 3054 1251 3117 aduletur,
1287 3053 1382 3107 sed
1414 3054 1591 3121 potius
1626 3065 1681 3108 ut
1707 3054 2005 3123 paratiores
2040 3055 2249 3117 reddat,
2282 3069 2349 3109 uc

2432 569 2586 619 κενὸν
2612 570 2837 639 ἐλεγχθῇ
2873 572 2962 623 «τὸ
2984 572 3243 640 καύχημά
3270 591 3367 641 μου
3386 574 3444 625 τὸ
3462 574 3603 643 ὑπὲρ
3638 576 3840 642 ὑμῶν.»
3864 578 4018 642 Ἐγὼ

2430 659 2539 727 γὰρ
2562 700 2576 720 .
2608 662 2764 727 φησὶ,
2801 662 3278 731 καλλωπιζόμενος
3326 665 3411 732 ἐφ’
3453 665 3585 733 ὑμῖν
3608 706 3620 728 ,
3656 668 3805 733 παρὰ
3836 669 4018 719 πᾶσιν

2432 752 2859 822 ὲκαυχησάμην,
2887 756 2981 807 καὶ
3012 756 3140 825 παρ’
3170 756 3419 817 ἐκείνοις.
3452 758 3614 809 Ὥστε
3648 759 3741 809 ὲαν
3772 759 4018 825 ὑστερή-

2434 860 2585 911 σητε,
2604 845 2803 915 κοινὴὴ
2824 846 3075 915 αἰσχύνηο
3100 849 3157 899 οὐ
3185 847 3460 915 πανταχοῦ
3485 849 3560 911 δὲ,
3578 849 3692 900 ἀλλ’
3721 867 3738 899 t
3753 850 3808 899 ἐν
3830 850 4015 916 τούτῳ

2433 936 2510 1005 τῷ
2540 936 2711 1005 μέρει·
2728 956 2745 988 ι
2768 940 3065 1000 τουτέστιν,
3090 939 3203 991 Ἵνα
3230 940 3301 1009 μὴ
3321 941 3697 1009 καταισχυνθῶ
3721 944 3852 1010 ἐντῇ
3879 960 3943 993 πε
3959 946 4013 1010 ρὶ

2432 1028 2533 1096 τῆς
2581 1026 2948 1098 ἐλεημοσύνης
2993 1028 3245 1082 ὑποθέσει
3299 1031 3471 1102 μόνῃ·
3526 1030 3657 1082 ἀλλὰ
3698 1048 4018 1098 παρεσκευ-

2434 1122 2660 1190 ασμένοι
2688 1116 2807 1191 ἦτε,
2845 1122 3023 1183 καθὼς
3052 1122 3235 1188 ἔλεγον
3265 1125 3374 1183 τοῖς
3405 1122 3729 1181 Μακεδόσιν,
3763 1123 3843 1174 ὅτι
3869 1122 4015 1174 ἕτοι-

2438 1214 2529 1283 μοί
2573 1216 2677 1267 εἰσι
2723 1216 2821 1281 τῆς
2884 1214 3106 1283 Ἀχαίας
3162 1213 3424 1277 ἅπαντες,
3475 1214 3570 1266 καὶ
3618 1214 3769 1266 οὐδὲν
3824 1214 4015 1275 αὐτοῖς

2435 1323 2636 1359 λειπει.

2512 1420 2529 1452 t
2569 1401 2659 1469 Μή
2690 1417 2804 1463 πως
2828 1400 2923 1451 ἐὰν
2950 1400 3143 1452 ἔλθωσι
3174 1399 3270 1451 σύν
3304 1400 3427 1467 ἐμοὶ
3450 1399 3778 1461 Μακεδόνες,
3804 1401 3896 1451 καὶ
3924 1399 3985 1449 εὖ
4005 1430 4015 1437 -

2440 1506 2606 1560 ρωσιν
2630 1490 2772 1557 ὑμᾶς
2798 1489 3317 1559 ἀπαρασκευάστους
3343 1488 3833 1557 καταισχυνθῶμεν
3858 1491 4017 1556 ἡμεῖς

2439 1579 2566 1648 (ἶνα
2595 1581 2667 1649 μὴ
2702 1579 2985 1648 λέγωμεν,
3052 1579 3250 1646 ὑμεῖς)
3294 1582 3350 1631 ὲν
3400 1579 3570 1651 ταύτῃ
3609 1583 3670 1648 τῇ
3711 1581 4017 1632 ὑποστάσει

2439 1671 2534 1736 τῆς
2562 1672 2901 1739 καυχήσεως.
2938 1689 2954 1721 ι
2985 1670 3152 1722 Ιιαλιν
3181 1672 3307 1738 περὶ
3332 1671 3399 1722 τα
3422 1670 3559 1722 αὐτὰ
3582 1671 3897 1738 στρὲυεται,
3922 1675 4020 1723 καὶ

2441 1764 2698 1817 ἐπιτείνει
2730 1765 2827 1834 τὴν
2862 1765 3100 1831 ἀγωνίαν
3126 1805 3141 1828 ,
3178 1766 3284 1818 ἀπὸ
3334 1766 3691 1834 ἀνθρωπίνων
3734 1768 4019 1837 λογισμῶν

2440 1857 2657 1924 ἀνάγων
2808 1856 3003 1927 ὲνάγ.]
3036 1856 3251 1918 αὐτούς.
3286 1857 3506 1918 Μείζων
3537 1858 3647 1927 γὰρ
3683 1860 3713 1927 ὴ
3750 1861 4017 1928 ἐντροπὴ,

2440 1952 2567 2003 ὅταν
2614 1952 2705 2002 ἐπὶ
2744 1950 3041 2017 ἀλλοτρίων
3091 1949 3399 2018 προσώπων
3449 1952 3875 2020 καταισχύνεταί
3911 1971 4017 2013 τις.

2446 2046 2604 2105 Ἴσως
2631 2046 2757 2111 γὰρ,
2788 2044 2973 2111 φησὶν,
3003 2045 3124 2112 ἐμοὶ
3153 2044 3425 2113 θαρρεῖτε,
3455 2044 3530 2106 ὡς
3564 2047 4019 2111 συγγινώσκοντι”

2442 2139 2577 2192 ἁλλὲι
2618 2138 2933 2199 Μακεδόνας
2968 2140 3220 2200 ἐννοεῖτε,
3265 2140 3313 2191 οἳ
3358 2141 3515 2208 τυχὸν
3553 2142 3864 2193 ἐλεύσονται
3916 2143 4023 2193 σὺν

2443 2231 2563 2298 ἐμοὶ
2584 2230 2749 2295 (εἰκὸς
2774 2229 2878 2295 γάρ
2900 2230 3015 2279 ὲστι
3042 2228 3242 2293 τοῦτο),
3276 2230 3400 2281 (καὶ
3424 2230 3516 2283 ἐὰν
3542 2229 3779 2298 εὑρωσιν
3807 2231 4015 2296 ὑμᾶ;,»

2442 2323 2541 2373 οὐκ
2564 2315 2736 2379 εἶπεν,
2769 2320 2851 2371 ὅτι
2884 2321 2959 2388 μὴ
2991 2320 3242 2381 θέλοντας
3299 2319 3504 2384 δοῦναι,
3554 2321 3669 2375 ἀλλ’
3694 2359 3710 2384 ,
3744 2340 3762 2372 t
3798 2323 4025 2389 ἀπαρα-

2447 2412 2798 2473 σκευάστους.
2832 2430 2850 2461 ›
2882 2412 2944 2463 Εἰ
2977 2412 3087 2481 γὰρ
3114 2413 3173 2463 τὸ
3202 2413 3274 2481 μὴ
3300 2414 3845 2481 παρασκευάσασθαι,
3878 2413 4025 2483 μηδὲ

2445 2502 2652 2571 ταχέως
2682 2503 3031 2569 εἰσενεγκεῖν,
3063 2506 3326 2573 αἰσχύνη·
3362 2504 3543 2571 πολλῷ
3588 2505 3784 2569 μᾶλλον
3815 2504 3872 2555 τὸ
3903 2521 4029 2573 μη-

2444 2597 2533 2649 δὲν
2554 2596 2689 2658 ὅλως
2719 2596 3069 2660 εἰσενεγκεῖν,
3099 2595 3128 2662 ἢ
3155 2594 3375 2647 ἔλαττον
3402 2596 3495 2649 τοῦ
3519 2596 3747 2656 δέοντος.
3780 2593 4028 2656 Κολαξει

2481 2690 2504 2741 ὲ
2530 2688 2617 2740 τὸν
2645 2686 2823 2753 λόγον,
2853 2685 3046 2748 λέγων,
3079 2685 3161 2736 ὅτι
3207 2686 3398 2751 Ἡμεῖς
3434 2684 4033 2752 καταισχυνθησόμεθα

2450 2775 2558 2845 (ἵνα
2590 2772 2664 2842 μὴ
2692 2773 2854 2840 λέγω,
2884 2773 2965 2825 ὅτι
2998 2773 3190 2839 ὑμεῖς)
3221 2774 3305 2825 ιὲν
3326 2776 3388 2842 τῇ
3411 2775 3703 2826 ὑποστάσει
3731 2774 3899 2844 ταύτῃ
3922 2775 4032 2844 τῆς

2447 2868 2818 2937 καυχήσεως-ι
2852 2866 3147 2929 τουτέστιν,
3170 2867 3281 2917 Οὐκ
3298 2866 3532 2935 ἀλλαχοῦ
3559 2866 4036 2936 καταισχυνθησὸ-

2453 2958 2611 3028 μεθα,
2642 2957 2755 3011 ἀλλ’
2789 2959 2846 3009 ὲν
2872 2957 3005 3026 μόνῃ
3035 2954 3255 3028 [ταύτῃ]
3286 2960 3349 3026 τῇ
3377 2958 3506 3026 περὶ
3535 2960 3631 3021 τῆς
3654 2959 4037 3029 ὲλεημοσύνης

2450 3050 2735 3119 καυχήσει,
2762 3048 2835 3107 ὡς
2864 3051 2933 3102 τά
2958 3066 3019 3115 γε
3043 3048 3177 3101 ἄλλα
3204 3048 3357 3117 ὑμῶν
3388 3050 3744 3118 ἀνεπίληπτα.
3776 3050 3957 3104 Τοῦτο
3977 3053 4037 3105 δὲ

786 3142 839 3196 in
871 3144 991 3196 aliis
1017 3142 1253 3209 probati,
1285 3145 1334 3196 in
1392 3144 1493 3199 ltoc
1548 3160 1654 3199 non
1718 3145 2061 3200 inveniantur
2110 3145 2345 3214 probati,
2373 3144 2417 3207 ο
2450 3143 2461 3192 i

2373 3144 2417 3207 ο
2450 3141 2619 3208 λέγει,
2652 3140 2712 3194 οὐ
2743 3140 3058 3193 κολακεύων
3084 3140 3279 3201 αὐτοὺς
3305 3140 3372 3204 ³⁸,
3405 3140 3539 3193 ἀλλὰ
3581 3141 3779 3209 μᾶλλον
3816 3142 4040 3209 προθυ-

786 3234 997 3303 sibiqtte
1038 3235 1169 3303 ipsis
1216 3235 1517 3290 inferiores.
1550 3236 1685 3291 Cum
1730 3251 1854 3291 vero
1910 3237 2004 3301 ait,
2058 3252 2125 3291 ne
2178 3237 2352 3290 dicam

787 3341 904 3387 vos,
939 3327 1172 3380 ostendit
1200 3325 1341 3395 quod
1362 3327 1459 3394 ipsi
1476 3326 1729 3395 majorem
1751 3328 2101 3394 ignominiam
2128 3324 2350 3380 relaturi

789 3429 965 3471 erant.
1016 3417 1153 3471 Nam
1206 3420 1442 3488 ipsorum
1491 3428 1609 3473 erat
1665 3421 1940 3475 delictum.
1987 3419 2352 3475 Substantiam

791 3521 968 3562 autem
1026 3508 1351 3575 subjectum,
1400 3510 1481 3564 vel
1515 3524 1625 3564 rem
1660 3512 1854 3580 ipsam,
1896 3511 1977 3566 vel
2024 3510 2357 3581 gloriatiouis

792 3604 1078 3658 essentiam
1110 3604 1365 3675 intellige.

868 3886 1031 3942 \‘sns.
1062 3887 1118 3941 5.
1170 3905 1190 3938 ι
1232 3884 1608 3940 Necessarium
1652 3901 1781 3955 ergo
1820 3886 2123 3942 existimavi
2172 3903 2365 3958 rogare

799 3980 1019 4046 fratres,
1054 3990 1111 4033 ut
1140 3980 1471 4048 praeveniunt
1509 3979 1573 4032 ad
1613 3995 1725 4045 vos,
1752 3990 1803 4032 et
1844 3988 2145 4047 praeparent
2176 3995 2363 4050 repro-

802 4070 1020 4123 tuissam
1046 4069 1468 4123 benedictionem
1507 4070 1644 4122 hanc
1674 4080 1917 4137 paratam
1940 4084 2059 4123 esse
2082 4070 2185 4135 sic,
2208 4073 2361 4139 quasi

798 4160 1259 4225 benedictionem,
1292 4175 1397 4214 non
1444 4170 1696 4227 tanquam
1736 4161 2039 4214 avaritiam.
2081 4179 2098 4212 ι
2132 4159 2210 4213 Ne
2238 4175 2365 4217 con-

796 4254 968 4305 traria
1002 4253 1180 4306 dicere
1203 4254 1465 4316 videatur,
1498 4268 1621 4306 cum
1658 4268 1819 4322 supra
1852 4253 2079 4318 dixerat,
2110 4272 2129 4306 ι
2166 4252 2368 4324 Super-

797 4360 1102 4401 vacaneum
1149 4352 1233 4397 est
1270 4344 1401 4397 mihi
1435 4344 1693 4409 scribere,
1743 4361 1762 4394 ι
1805 4360 1947 4399 nunc
1985 4352 2162 4399 autem
2192 4346 2368 4400 denuo

2459 3234 2717 3304 μοτέρους
2758 3233 2927 3284 ποιῶν
2948 3273 2963 3296 ,
2995 3234 3083 3283 ἴνα
3124 3233 3181 3283 ὲν
3210 3234 3323 3295 τοῖς
3367 3233 3546 3296 ἄλλοις
3578 3234 4037 3302 εὐδοκιμοῦντες,

2456 3328 2550 3381 καὶ
2584 3328 2639 3379 ὲν
2680 3328 2855 3395 τούτῳ
2904 3328 2980 3396 μὴ
3026 3327 3326 3396 εὑρεθῶσιν
3372 3327 3623 3395 ἀδόκιμοι
3677 3330 3768 3380 καὶ
3813 3330 4042 3381 ἑαυτῶν

2456 3420 2727 3482 ἐλάττους.
2756 3419 2852 3470 Διά
2890 3418 2943 3470 δὲ
2967 3417 3059 3470 τοῦ
3083 3419 3275 3482 εἰπεῖν,
3315 3420 3430 3471 Ἵνα
3452 3421 3525 3487 μὴ
3542 3418 3703 3485 λέγω,
3741 3420 3821 3472 ὅτι
3843 3420 4039 3488 ὑμεῖς,

2457 3512 2729 3565 δείκνυσιν
2760 3513 2841 3562 ὅτι
2893 3512 3092 3579 μᾶλλον
3127 3512 3281 3563 αὐτοὶ
3315 3511 3898 3580 καταισχυνθήσονται·
3940 3516 4042 3565 a5-

2457 3603 2565 3657 τῶν
2592 3604 2700 3673 γὰρ
2730 3604 2787 3655 τὸ
2812 3604 3133 3673 ἁμάρτημα.
3160 3602 3491 3655 ’Υπὸστασιν
3515 3602 3571 3655 δὲ
3599 3605 3722 3673 τὴν,
3748 3604 4042 3669 ὑπόθεσιν,

2458 3695 2553 3749 καὶ
2576 3695 2707 3747 αὐτὸ
2734 3694 2794 3747 τὸ
2822 3696 3075 3764 πρᾶγμα,
3103 3694 3221 3764 ἦτοι
3253 3696 3351 3764 τὴν
3375 3694 3563 3748 οὐσίαν
3586 3696 3685 3765 τῆς
3710 3697 4044 3766 καυχήσεως

2460 3789 2591 3843 νόει.

2538 3920 2556 3951 ι
2606 3900 2927 3967 ’Λναγκαῖον
2970 3900 3062 3951 οὖν
3106 3898 3402 3969 ἡγησάμην
3431 3897 3814 3969 παρακαλέσαι
3838 3900 3882 3933 ³⁸
3915 3903 4046 3964 τοὶς

2465 3992 2744 4062 ἀδελφοὺς,
2782 3994 2869 4046 ἴνα
2893 3992 3230 4063 προέλθωσιν
3256 3994 3335 4053 είς
3364 3993 3528 4061 ὑμᾶς,
3562 3994 3659 4044 καὶ
3680 4010 4046 4064 προσκαταρ-

2462 4087 2650 4139 τίσωσι
2678 4084 2839 4157 [vulg.
2874 4103 3037 4155 προκ.
3066 4084 3081 4156 ]
3115 4085 3212 4155 τὴν
3237 4084 3763 4155 προεπηγγελμένην
3786 4087 4047 4152 εὐλογίαν

2466 4176 2640 4246 ὑμῶν,
2662 4176 2866 4243 ταύτην
2896 4170 3037 4229 εἶναι
3078 4176 3303 4244 ἑτοίμην
3328 4174 3500 4236 οὕτως
3531 4173 3605 4235 ὡς
3638 4175 3918 4240 εὐλογίαν,
3957 4178 4049 4228 καὶ

2470 4271 2544 4340 μὴ
2572 4270 2648 4333 ὡς
2682 4269 3017 4333 πλεονεξίαν.
3059 4287 3078 4320 ν
3113 4271 3229 4321 Ἱνα
3256 4270 3330 4338 μὴ
3371 4268 3497 4339 δόξῃ
3523 4268 4047 4335 ὲναντιολογεῖσθαι.

2467 4363 2579 4415 ἄνω
2611 4360 2708 4430 μὲν
2730 4359 2919 4425 εἰπὼν,
2949 4362 3031 4413 ὅτι
3061 4380 3079 4411 t
3112 4361 3373 4432 Περιττόν
3406 4376 3495 4429 μοι
3528 4361 3785 4429 γράφειν,
3821 4380 3838 4411 ι
3870 4362 3969 4413 νῦν
3995 4365 4047 4414 δὲ

795 4441 865 4495 de
906 4437 1096 4490 iisdem
1129 4437 1381 4502 disserit,
1423 4435 1534 4502 jam
1570 4438 1636 4487 de
1671 4436 1995 4491 liberalitate
2017 4445 2073 4491 et
2114 4436 2182 4491 de
2206 4451 2368 4504 opere
2393 4477 2447 4537 Β

2393 4477 2447 4537 D
2474 4450 2635 4503 πάλιν
2665 4451 2794 4520 περὶ
2818 4449 3023 4502 τούτων
3049 4451 3455 4518 διαλεγόμενος,
3479 4449 3571 4501 νῦν
3598 4451 3728 4518 περὶ
3760 4450 4049 4517 δαψιλείας

794 4550 917 4590 cum
956 4531 1233 4584 alacritate
1265 4532 1589 4599 perﬁciendo
1627 4532 1787 4585 verba
1827 4530 1979 4597 facit,
2034 4540 2198 4601 atque
2238 4533 2369 4588 hac-

796 4633 1029 4695 protiter
1066 4636 1125 4675 se
1158 4621 1355 4675 fratres
1382 4624 1593 4676 misisse
1624 4624 1719 4676 ait.
1755 4623 1988 4676 Duorum
2020 4634 2198 4676 autem
2230 4621 2371 4677 inter

797 4731 856 4771 se
904 4716 1253 4781 pugnantium
1284 4717 1608 4779 admonens,
1640 4731 1831 4784 nempe
1860 4726 1918 4769 ut
1944 4715 2123 4781 ample
2153 4724 2213 4769 et
2245 4730 2369 4771 cum

809 4806 1090 4859 alacritate
1110 4806 1429 4873 largiantur,
1451 4817 1737 4873 utrumque
1758 4807 2155 4875 sapientissime
2184 4822 2373 4875 aggre-

812 4899 973 4950 ditur.
1010 4898 1142 4951 Nam
1188 4898 1335 4964 prius
1380 4898 1445 4952 de
1472 4898 1753 4951 alacritate
1803 4902 1854 4951 in
1907 4898 2085 4953 dando
2132 4900 2370 4965 disserit,

814 4987 1006 5041 deinde
1044 4990 1108 5042 de
1136 4989 1308 5044 altero
1340 4990 1533 5058 capite.
1573 4991 1663 5043 Ait
1697 4992 1879 5058 itaque
1900 5030 1917 5056 ,
1946 4991 2254 5045 Benedictio
2292 5001 2375 5044 est

816 5080 867 5131 id
890 5080 1031 5148 quod
1066 5080 1224 5132 datur
1253 5100 1267 5134 :
1298 5094 1455 5134 nemo
1486 5092 1664 5135 autem
1689 5082 1778 5149 qui
1804 5082 2234 5137 benedictionem
2260 5085 2371 5150 dat,

818 5171 1193 5225 contristatur.
1225 5170 1395 5226 Porro
1426 5172 1658 5226 fructum
1691 5176 1874 5227 statim
1910 5175 2034 5229 inde
2069 5174 2379 5242 germinan-

821 5272 924 5313 tem
969 5264 1222 5327 ustentlit,
1254 5280 1453 5331 ("mque
1501 5268 1591 5333 qui
1642 5266 1941 5332 largiuntur
2011 5269 2381 5323 benedictione

822 5353 1075 5419 repletus.
1111 5354 1292 5421 Neque
1323 5357 1422 5407 lmc
1453 5356 1526 5407 illi
1552 5359 1683 5409 satis
1710 5358 1807 5408 luit
1829 5398 1842 5421 ,
1876 5358 1966 5411 sed
1995 5359 2214 5419 addidit,
2260 5379 2277 5410 t
2319 5359 2382 5412 Et

821 5460 926 5497 non
970 5455 1223 5513 tanquam
1253 5448 1552 5499 avaritiam.
1593 5466 1610 5497 ι
1658 5448 1833 5501 Nolite
1871 5450 2012 5502 enim
2051 5451 2382 5515 existimare,

826 5541 1021 5608 inquit,
1060 5543 1201 5608 quod
1236 5539 1361 5604 ista,
1411 5556 1507 5594 ceu
1549 5556 1644 5596 vos
1680 5541 2015 5607 fraudautcs,
2054 5545 2384 5613 accipimus;

2471 4542 2801 4610 διαλέγεται,
2840 4544 2938 4595 καὶ
2966 4543 3059 4594 τοῦ
3103 4544 3241 4612 μετὰ
3267 4541 3577 4611 προθυμίας
3613 4540 3839 4609 ποιῆσαι
3870 4542 3937 4593 τὸ
3964 4545 4045 4603 ἕρ-

2471 4652 2568 4703 γον
2591 4651 2605 4664 ·
2634 4635 2727 4687 καὶ
2752 4634 2841 4686 διὰ
2866 4633 3044 4686 ταῦτα
3073 4634 3286 4703 πέμψαι
3312 4633 3448 4702 φησὶ
3472 4633 3599 4695 τούς
3631 4632 3921 4701 ἀδελφούς.
3962 4636 4049 4694 Ei;

2472 4726 2567 4780 δύο
2588 4727 2645 4779 δὲ
2671 4725 2889 4780 ἐναντία
2926 4726 3272 4795 προτρέπων,
3308 4728 3370 4778 τό
3403 4742 3460 4777 τε
3490 4724 3793 4793 φιλοτίμως
3821 4724 4011 4777 Scin:
4038 4766 4047 4783 .

2476 4821 2568 4872 καὶ
2606 4821 2667 4871 τὸ
2700 4820 2838 4889 μετὰ
2871 4818 3205 4889 προθυμίας,
3228 4818 3513 4887 σοφώτατα
3557 4819 3845 4887 ἀμφότερα
3883 4836 4047 4885 μετα-

2475 4909 2791 4979 χειρίζεται.
2826 4911 3097 4979 Πρότερον
3125 4914 3234 4979 γὰρ
3276 4914 3403 4977 περὶ
3431 4909 3525 4963 τοῦ
3564 4910 3702 4977 μετὰ
3729 4908 4049 4977 προθυμίας

2476 5002 2658 5054 δοῦναι
2686 5001 3019 5067 διαλέγεται,
3052 4996 3170 5053 εἶτα
3205 5003 3296 5054 xal.
3336 5003 3459 5071 περὶ
3500 5000 3594 5052 τοῦ
3635 5000 3829 5069 ἑτέρου
3879 5018 4051 5066 κεφα-

2477 5093 2651 5146 λαίου.
2669 5093 2837 5159 Φησὶν
2856 5089 2969 5153 οὖν,
2993 5094 3073 5145 ὅτι
3096 5094 3312 5160 εὐλογία
3336 5094 3451 5145 ἐστὶ
3479 5094 3536 5143 τὸ
3557 5091 3852 5159 διδόμενον·
3877 5092 4052 5151 οὐδεὶς

2478 5183 2534 5235 δὲ
2575 5183 2823 5250 εὐλογίαν
2846 5183 2889 5215 ³⁷
2933 5183 3107 5245 διδοὺς
3143 5184 3411 5235 λυπεῖται.
3460 5182 3711 5234 Δεέκνυσι
3749 5181 3807 5234 δὲ
3839 5184 3939 5233 καὶ
3967 5184 4052 5231 τὸν

2484 5276 2694 5343 καρπον
2724 5275 2886 5339 εὐθὺς
2934 5277 3168 5332 ἐνταῦθα
3210 5276 3607 5345 βλαστάνοντα,
3656 5275 3753 5327 καὶ
3802 5275 4051 5341 εὐλογίας

2486 5366 2953 5435 πεπληρωμένους
2999 5369 3123 5428 τοὺς
3165 5367 3523 5434 παρέχοντας.
3570 5368 3682 5418 Καὶ
3719 5367 3845 5418 οὐδὲ
3878 5366 4050 5431 τούτῳ

2487 5458 2751 5526 ἠρκέσθη,
2778 5457 2914 5509 ἀλλὰ
2932 5457 3259 5527 προσέθηκε’
3299 5475 3317 5505 ι
3340 5458 3448 5507 Καὶ
3477 5456 3550 5523 μὴ
3576 5454 3649 5517 ὡς
3681 5455 4045 5519 πλεονεξίαν.)

2492 5550 2583 5618 Μὴ
2615 5550 2720 5619 γὰρ
2764 5550 3055 5620 νομίσητε,
3105 5549 3303 5617 φησὶν,
3350 5548 3428 5599 an
3474 5546 3547 5607 ὡς
3596 5546 4050 5606 πλεονεκτοῦντες

2132 5678 2328 5739 Varia)
2360 5682 2682 5748 lectiones.

904 5807 946 5836 ³⁸
982 5808 1213 5870 λεί-μους
1250 5824 1301 5861 υ.
1381 5807 1423 5837 ³⁵
1460 5802 1849 5875 προπὲτλιζαιυ.
1931 5802 1973 5833 ³⁷
2006 5803 2238 5867 εὐλόγως
2268 5820 2319 5861 ο,
