4242 6462
254 419 369 482 913

1008 419 1416 480 EXPOSI‘TIO
1453 419 1534 478 IN‘
1573 421 1810 480 EPiS'I‘.
1857 421 1908 479 ll
1960 422 2058 480 AD
2097 421 2266 482 (ΞΟΠ.
2297 449 2358 456 -
2390 422 2545 482 CAP.
2591 421 2698 480 XI.

3409 417 3513 481 914

259 535 499 585 σωπεῖον
517 534 676 600 μόνον
708 533 1134 604 περικειμένοις,
1170 535 1265 583 καὶ
1285 532 1459 584 πάντα
1493 532 1558 583 τὰ
1591 531 1836 600 χείριστα
1866 534 1910 591 Α

1866 534 1910 591 Α
1944 545 1998 586 ιιι
2031 534 2081 585 in
2110 534 2213 586 illis
2231 533 2318 600 qui
2353 533 2464 585 sola
2503 531 2724 598 pietatis
2760 544 2991 600 persona
3023 540 3147 585 sunt
3178 532 3386 596 amicti,
3424 533 3519 588 de—

256 627 531 679 ποιοῦσιν.

340 737 359 769 ι
408 720 475 770 ’Ὴ
517 718 791 784 ἁμαρτίαν
841 721 1095 784 ἐποίησα,
1157 717 1394 786 ἐμαυτὸν
1448 713 1720 769 nemo;
1751 716 1837 767 ἵνα

263 811 426 879 ὑμεῖς
445 811 721 880 ὑψωθῆτε,
755 815 834 864 ὅτι
881 811 1092 881 δωρεὰν
1122 811 1181 863 τὸ
1210 809 1308 862 τοῦ
1335 809 1472 862 Θεοῦ
1509 809 1841 875 Εὑαγγέλιον

261 904 713 972 εὐηγγελισάμην
741 905 906 973 ὑμῖν;
947 923 965 954 ι
1003 903 1196 966 Τοῦτο,
1225 903 1414 972 φησὶν,
1445 903 1714 971 ἥμαρτον,
1748 900 1842 953 καὶ

261 995 354 1048 διὰ
390 994 542 1047 τοῦτὸ
578 1013 666 1064 μοι
691 996 942 1062 ἐγκαλεῖν
961 996 1112 1065 ἔχετε
1140 997 1234 1048 καὶ
1267 993 1695 1063 κατεπαίρεσθαί
1720 1011 1840 1060 μου,

263 1088 346 1140 ὅτι
390 1087 729 1141 ἐταπείνωσα
764 1089 1020 1157 ἐμαυτὸν,
1057 1088 1367 1158 προσαιτῶν
1401 1089 1493 1139 καὶ
1536 1086 1841 1153 λιμώττων,

278 1197 295 1227 ι
331 1178 418 1229 ἵνα
449 1178 604 1246 ὑμεῖς
651 1178 954 1249 ύψωθῆτεμ
978 1180 1277 1245 τουτέστιν,
1302 1177 1690 1247 οἰκοδομηθῆτε
1709 1178 1843 1247 πρὸς

264 1270 365 1339 τὴν
393 1271 574 1322 πίστιν
612 1288 624 1334 ;
661 1272 772 1323 Ούκ
792 1272 1236 1336 ἐσκανδαλίζοντο
1279 1273 1387 1341 γὰρ
1427 1272 1610 1324 λοιπὸν
1649 1272 1713 1342 (ὃ
1746 1273 1840 1324 καὶ

268 1363 501 1432 μεγίστη
555 1363 734 1416 αὐτῶν
794 1365 1141 1434 κατηγορία),
1203 1366 1284 1418 ὃτι
1324 1367 1422 1417 ούκ
1471 1362 1846 1432 ᾠκοδομοῦντο

263 1454 465 1518 ἄλλως
514 1459 562 1508 εί
595 1457 667 1525 μὴ
699 1458 862 1519 αὐτὸς
922 1458 1354 1527 ἐλιμαγχονεῐτο.
1430 1456 1647 1526 Ἐπειδὴ
1682 1457 1736 1508 δὲ
1765 1456 1843 1508 δι-

266 1547 495 1598 έϐαλλον
525 1550 708 1613 αὑτὸν,
752 1551 833 1602 ὅτι
864 1552 1054 1619 παρὼν
1095 1554 1210 1619 μὲν,
1232 1550 1489 1613 ταπεινὸς
1520 1591 1533 1614 ,
1567 1551 1720 1602 ἀπὼν
1750 1551 1803 1601 δὲ
1829 1588 1842 1612 ,

267 1641 578 1709 κομπάζῖι·
637 1643 713 1706 ὼς
768 1643 908 1716 ὑπὲρ
963 1644 1153 1697 τούτου
1213 1644 1654 1712 ἀπολογούμενος
1711 1643 1841 1706 νῦν,

267 1734 494 1801 πλήττει
528 1737 745 1801 αὐτοὺς,
779 1738 864 1789 ὃτι
906 1738 1175 1801 Ταπεινὸς
1203 1739 1422 1807 γέγονα,
1457 1737 1570 1790 ἀλλ’
1599 1738 1754 1806 ὑμεῖς
1803 1737 1846 1767 ⁸⁸

269 1825 520 1897 essent:
545 1830 605 1880 ἐκ
629 1829 844 1883 τούτου.

348 2031 363 2062 ι
410 2013 606 2074 Ἀλλας
657 2014 978 2082 Ἐκκλησίας
1029 2015 1304 2085 ἐσύλησα,
1365 2016 1545 2068 λαϐὼν
1612 2016 1840 2082 ὀψώνιον

268 2105 407 2172 προς
446 2104 725 2173 τ’ὴν’ύμὸ›ν
753 2106 1052 2160 διακονίαν.
1093 2127 1110 2158 ι
1147 2109 1340 2161 Καίτοι
1370 2109 1601 2176 ἠδύνατο
1630 2111 1804 2161 εἰπεῖν
1824 2151 1840 2176 ,

265 2193 347 2243 ὅτι
393 2194 486 2246 Ἐκ
535 2195 642 2245 τῶν
678 2200 875 2264 χειρῶν
908 2215 1008 2264 μου
1032 2198 1217 2266 ἢσθιον
1241 2215 1255 2227 ·
1297 2197 1434 2250 ἀλλὰ
1470 2199 1845 2266 πληκτικώτε-

271 2301 363 2352 ρον
395 2285 481 2336 τὸν
503 2285 656 2351 λόγον
686 2289 872 2351 ποιῶν,
896 2289 1030 2357 Ιῐαρ’
1061 2290 1257 2352 ἄλλων,
1289 2291 1475 2359 φησὶν,
1505 2291 1718 2352 ἔλαϐον,
1751 2292 1844 2345 καὶ

267 2375 463 2438 ταῦτα,
503 2378 631 2444 ὑμῖν
685 2379 1124 2448 διακονούμενος.
1165 2382 1237 2431 Τὸ
1289 2382 1379 2445 δὲ,
1419 2399 1436 2430 ι
1479 2381 1749 2450 Ἐσύλησα
1777 2422 1789 2445 ,
1821 2401 1837 2433 ι

267 2469 394 2521 ἀντὶ
417 2468 530 2531 τοῦ,
575 2471 914 2538 Ἐγύμνωσα,
957 2473 1050 2524 καὶ
1086 2473 1322 2540 πένητας
1359 2474 1555 2536 αὐτοὺς
1589 2477 1840 2542 ἐποίησα.

267 2561 576 2615 Αίνίττεται
619 2562 673 2614 δὲ
719 2565 812 2615 καὶ
856 2565 981 2626 τοὺς
1037 2566 1368 2629 Μακεδόνας,
1407 2566 1470 2619 Οἳ
1524 2567 1843 2620 πενέστατοι

265 2652 454 2715 ὄντες,
487 2653 566 2706 ἔτι
603 2655 694 2707 καὶ¹
749 2658 850 2724 ἐμὲ
904 2653 1049 2724 εἶχον
1093 2659 1588 2727 προσεπιτρίόοντα
1627 2661 1843 2719 αὑτοις,

268 2747 453 2798 καίτοι
501 2748 560 2798 ού
611 2749 880 2816 περιττῶν
921 2749 1169 2818 ἔχρῃζον,
1210 2750 1346 2802 ἀλλὰ
1373 2751 1482 2802 τῶν
1533 2751 1846 2816 ἀναγκαίων

269 2839 704 2908 δαπανημάτων.
750 2841 1007 2908 Ὀψὼνιον
1065 2844 1172 2912 γὰρ
1235 2843 1467 2896 ἔλαϐον·
1531 2843 1646 2895 ἀλλ’
1700 2846 1846 2914 ὅμως

267 2932 396 2982 οὐδὲ
431 2932 605 2984 ταῦτα
633 2950 720 3000 μοι
755 2935 993 2986 ἐδώκατε
1024 2949 1036 2960 ”
1063 2935 1090 2986 ὃ
1125 2935 1353 3005 μεγίστη
1397 2937 1722 3004 καττγορία,
1758 2939 1850 2990 καὶ

271 3023 336 3073 τι
363 3026 561 3091 χεῖρον,
611 3026 690 3075 ὅτι
740 3025 874 3094 πρὸς
907 3026 1005 3094 τὴν
1047 3026 1200 3095 ὑμῶν
1231 3027 1505 3080 διακονίαν
1535 3044 1544 3054 ·
1581 3029 1708 3096 ύμῖν
1743 3031 1849 3097 γὰρ

272 3118 589 3185 κηρύσσων,
627 3119 720 3171 καὶ
761 3117 830 3170 τὰ
877 3119 1030 3188 ὑμῶν
1073 3120 1458 3190 ἐργαζόμενος,
1502 3123 1632 3190 παρ’
1671 3122 1849 3174 ἄλλων

273 3211 603 3280 ἐτρεφόμην.

356 3322 373 3353 ι
415 3307 520 3356 Καὶ
553 3305 742 3374 παρὼν
772 3307 907 3378 πρὸς
932 3308 1075 3378 ὑμᾶς
1109 3310 1203 3361 καὶ
1225 3309 1562 3378 ὑστερηθεὶς,
1629 3312 1687 3364 ού
1719 3329 1852 3365 κατ-

277 3398 813 3465 ενάρκησαούδενός.
851 3422 869 3452 ι
912 3402 1185 3468 Τριπλοῦν
1220 3403 1280 3454 τὸ
1311 3402 1595 3472 ἔγκλημα·
1631 3405 1710 3456 ὅτι
1741 3405 1850 3457 Καὶ

277 3490 410 3555 παρ’
448 3489 575 3556 ὑμῖν
622 3490 718 3554 ὢν,
764 3493 858 3544 καὶ
891 3493 1020 3560 ὑμῖν
1058 3493 1494 3563 διακονούμενος,
1549 3497 1643 3546 καὶ
1693 3497 1848 3546 ὑστε-

279 3580 573 3650 ρούμενος,
648 3583 745 3634 οὐκ
833 3584 1069 3652 ἠξιώθην
1131 3587 1308 3652 λόγου.

280 3673 606 3740 ἐπέμψατε,
694 3677 830 3744 ὅπερ
895 3679 942 3727 oi
1026 3677 1332 3740 Μακεδόνες
1415 3680 1661 3742 ἐποίουν,
1739 3680 1851 3730 ἀλλ’

281 3765 403 3815 οἱνδέ
445 3768 683 3835 παρόντα
711 3767 988 3835 ὲτρέφετε.
1048 3770 1120 3820 Τὸ
1168 3770 1244 3831 δὲ,
1307 3789 1324 3821 ι
1363 3771 1436 3823 oo
1470 3774 1853 3842 κατενάρκησα

279 3857 530 3920 οὐδενος,
568 3878 585 3910 ι
640 3859 797 3912 τοῦτο
855 3861 901 3892 ³⁸
948 3861 1138 3928 δηλοῖ,
1183 3864 1293 3915 Οὑγ
1350 3864 1668 3933 ἑπεὸἀρησα
1726 3883 1848 3918 τινι.

280 3949 443 4014 Δηλοῖ
497 3949 552 4000 δὲ
595 3950 789 4011 αὐτοὺς
841 3952 914 4012 ὡς
957 3954 1204 4021 ὀκνηρῶς
1239 3954 1330 4006 καὶ
1357 3957 1647 4024 ναρκωὸιῦς
1678 3960 1856 4024 εισφέ-

286 4053 498 4105 ροντας.
570 4038 725 4099 Τινὲς
757 4039 812 4090 δὲ
863 4039 952 4099 τὺ,
1009 4042 1135 4092 ιι)ιῦ
1197 4043 1666 4111 νεοτενάρκησαμ
1734 4048 1856 4097 αντὶ

283 4127 400 4187 τοῦ,
433 4128 544 4179 Ούκ
575 4129 895 4198 ὴμέλησα,ἢ
931 4131 1298 4202 ῥᾳθυμότερος
1339 4135 1472 4202 πρὸς
1507 4136 1564 4185 τὸ
1599 4138 1857 4205 κήρυγμα

285 4220 530 4286 γέγονα·
605 4221 740 4274 ἀλλὰ
811 4226 938 4289 παρ’
993 4224 1126 4292 ἐμοῦ
1181 4227 1278 4295 μὲν
1319 4229 1415 4280 ὅσα
1451 4227 1577 4292 ἔδει,
1643 4231 1858 4295 ἐγένετο

285 4317 363 4374 εἰς
412 4314 509 4382 τὴν
550 4315 820 4384 ὑμετέραν
867 4316 1139 4385 σωτηρίαν
1169 4334 1183 4346 ·
1242 4320 1298 4370 ἐν
1353 4321 1524 4389 ἐνδείᾳ
1575 4320 1631 4373 δὲ
1675 4322 1720 4352 ⁷ο
1779 4321 1857 4373 διο

285 4405 523 4474 ἔτριϐον,
563 4407 654 4457 καὶ
693 4407 791 4458 οὐκ
815 4407 1012 4479 ᾔτησα,
1053 4410 1172 4463 ούδὲ
1203 4411 1428 4474 ἐξέλυσα
1457 4414 1556 4483 τὴν
1583 4415 1859 4483 ὑπομονὴν

285 4498 696 4566 ἀποναρθκήσας.

1384 3587 1457 3639 Ο)
1531 3588 1689 3655 μόνον
1754 3590 1852 3640 οὐκ

1940 628 2156 679 terrima
2208 640 2434 693 quaeque
2477 635 2772 690 patraules.

2014 719 2173 770 Vens.
2207 719 2256 770 7.
2299 737 2316 768 ‹
2354 718 2491 770 Num
2531 728 2804 783 peceatum
2848 717 2988 783 feci,
3027 719 3292 787 meipsutn
3341 718 3519 772 boni--

1942 812 2080 864 linus
2123 821 2176 860 ut
2215 825 2307 861 vos
2357 810 2757 871 exaltaremini,
2789 811 2928 878 quod
2963 810 3130 879 gratis
3167 809 3516 875 Evangelium

1943 902 2034 954 Dei
2073 901 2357 968 praedicavi
2391 902 2586 955 vobis?
2622 920 2639 952 ι
2678 901 2730 954 lu
2770 903 2904 964 hoc,
2939 902 3133 967 inquit,
3183 901 3430 968 peccavi,
3466 911 3520 955 et

1943 1006 2226 1065 propterea
2259 1005 2342 1048 est
2381 1011 2477 1048 cur
2523 1009 2606 1048 me
2647 995 2948 1058 accusetis,
2993 1006 3046 1047 et
3099 997 3382 1048 adversum
3436 1010 3520 1047 me

1942 1088 2264 1150 elferamiui,
2306 1089 2561 1156 quoniam
2621 1086 2792 1152 dejeei
2853 1089 3154 1155 meipsum,
3203 1088 3521 1140 mendicans

1943 1192 1992 1234 et
2017 1182 2211 1233 famem
2232 1179 2467 1248 patiens?
2495 1198 2512 1230 ‹
2540 1180 2714 1235 Utvos
2731 1178 3127 1241 exaltaremiui,
3154 1196 3170 1228 ι
3195 1178 3296 1232 hoc
3323 1187 3424 1241 est,
3452 1179 3517 1231 ad

1946 1273 2102 1324 ﬁdem
2142 1271 2571 1325 aediticaremini.
2604 1270 2718 1323 Non
2756 1269 2897 1324 enim
2923 1268 3334 1322 olfendebantur
3368 1269 3521 1322 dein.

1943 1380 2068 1430 ceps
2101 1366 2116 1430 (
2144 1381 2263 1432 qum
2287 1363 2523 1416 maxima
2561 1371 2644 1416 est
2673 1378 2858 1416 eorum
2891 1361 3196 1430 accusatio)
3234 1363 3376 1427 quod
3415 1376 3518 1413 non

1944 1460 2101 1510 aliter
2143 1459 2583 1517 :edifieabanlur,
2648 1457 2749 1509 nisi
2797 1457 2909 1522 ipse
2963 1456 3105 1509 fatue
3163 1465 3515 1523 premeretur.

1945 1551 2078 1616 Quia
2110 1566 2237 1604 vero
2277 1551 2750 1604 calumniabantur
2785 1564 2928 1610 eum,
2958 1549 3100 1617 quod
3139 1562 3378 1615 prazsens
3425 1548 3521 1599 lut-

1945 1645 2086 1695 milis
2118 1652 2286 1707 esset,
2316 1644 2510 1696 absens
2548 1659 2673 1697 vero
2707 1644 3072 1710 gloriabatur,
3118 1642 3217 1693 hac
3252 1643 3315 1693 de
3344 1656 3400 1692 re
3430 1656 3522 1691 ve-

1945 1735 2044 1790 luti
2081 1735 2384 1805 apologiam
2432 1746 2640 1797 texens,
2673 1736 2798 1790 ferit
2825 1750 2916 1787 eos
2963 1752 2975 1787 :
3014 1733 3144 1786 Vilis
3191 1733 3406 1797 quidem
3445 1731 3523 1784 fa-

1949 1841 2063 1884 ctus
2089 1847 2205 1884 sunt
2258 1839 2312 1886 et
2363 1831 2629 1899 abjectus,
2683 1841 2939 1884 creterum
2979 1844 3074 1883 vos
3123 1830 3247 1883 inde
3299 1827 3518 1882 exaltati

1946 1923 2098 1976 estis.

2023 2017 2185 2070 Vens.
2225 2017 2276 2071 8.
2318 2035 2336 2067 r
2370 2017 2516 2070 Alias
2564 2016 2835 2070 Eeelesias
2881 2016 3215 2084 exspoliari,
3251 2015 3524 2080 accipiens

1949 2112 2216 2179 stipendia
2274 2112 2340 2163 ad
2395 2111 2759 2164 ministerium
2794 2121 3056 2163 vestrum.
3095 2127 3113 2159 ι
3174 2107 3286 2160 Etsi
3341 2109 3526 2159 dicere

1947 2207 2210 2274 potuisset
2234 2244 2248 2266 ,
2275 2205 2348 2257 lix
2379 2221 2633 2258 manuum
2677 2219 2918 2257 mearum
2955 2203 3138 2256 labore
3165 2201 3482 2254 manducavi
3508 2240 3521 2264 ,

1946 2309 2184 2352 attamen
2205 2297 2534 2365 asperiorem
2555 2299 2854 2351 orationem
2889 2295 3115 2358 faciens,
3153 2295 3234 2346 Ab
3264 2294 3402 2356 aliis,
3438 2294 3516 2346 in-

1945 2391 2081 2457 quit,
2123 2390 2330 2455 accepi,
2357 2389 2514 2457 idque
2539 2405 2661 2442 cum
2702 2388 2752 2441 in
2782 2388 2944 2442 vestri
2976 2402 3152 2440 essem
3197 2386 3520 2440 ministerio.

1954 2501 1970 2530 ‹
2005 2481 2335 2547 Exspoliavi,
2379 2498 2396 2530 ι
2432 2491 2607 2534 autem
2629 2480 2785 2540 dixit,
2810 2495 2906 2547 pro
2927 2479 3156 2540 Nudavi,
3182 2489 3234 2532 et
3263 2493 3526 2547 pauperes

1949 2589 2040 2626 eos
2081 2572 2205 2624 feci.
2241 2571 2564 2626 Macedones
2599 2573 2871 2640 intelligit,
2909 2573 2999 2640 qui
3034 2571 3246 2626 tametsi
3303 2585 3524 2638 pauper-

1950 2667 2069 2718 rimi
2111 2676 2329 2724 essent,
2385 2680 2470 2717 me
2512 2674 2690 2718 tamen
2737 2665 3012 2718 habebant
3049 2679 3108 2718 se
3175 2672 3519 2716 atterentem.

1948 2759 2110 2824 Atqui
2154 2759 2442 2826 superﬂnis
2469 2772 2573 2811 non
2611 2757 2939 2825 indigebam,
2981 2772 3166 2810 verum
3201 2754 3526 2809 necessariis

1949 2849 2211 2902 duntaxat
2233 2848 2558 2917 sumptibus.
2584 2847 2744 2916 302
2769 2847 3104 2914 Stipendium
3123 2846 3268 2898 enim
3302 2844 3482 2911 accepi
3512 2861 3524 2896 :

1953 2952 2006 2994 at
2057 2958 2150 2996 vos
2196 2957 2261 2995 ne
2313 2943 2413 2995 ista
2481 2941 2697 3010 quidem
2762 2941 2893 2994 milii
2945 2938 3346 3008 suppeditatis:
3409 2952 3528 3005 qua:

1953 3035 2182 3087 maxima
2223 3049 2352 3087 sane
2381 3045 2466 3087 est
2502 3034 2799 3094 accusatio,
2831 3041 2885 3085 et
2911 3031 3054 3101 quod
3080 3033 3230 3100 pejus
3257 3038 3369 3094 est,
3410 3048 3429 3080 ι
3461 3030 3528 3083 ad

1954 3126 2315 3180 miuiSterium
2350 3134 2621 3178 vestrum:
2661 3143 2677 3175 ι
2712 3124 2866 3178 vobis
2887 3123 3028 3176 enim
3077 3121 3382 3191 prmdicans
3405 3159 3418 3182 ,
3474 3128 3530 3174 et

1875 3225 1920 3288 ρ
1954 3229 2133 3271 vestra
2165 3233 2348 3283 agens,
2378 3220 2444 3270 ali
2477 3219 2595 3270 aliis
2620 3216 2820 3270 alebar.

2028 3309 2189 3362 Vens.
2225 3309 2276 3362 9.
2320 3327 2337 3359 ι
2383 3309 2445 3360 Ει
2487 3324 2606 3362 cum
2654 3324 2827 3362 essem
2862 3308 3005 3376 apud
3057 3323 3152 3360 vos
3195 3317 3249 3359 et
3285 3318 3524 3374 egerem.

1956 3402 2374 3455 uullionerosus
2421 3401 2516 3455 fui.
2554 3419 2571 3452 ι
2617 3401 2834 3468 Triplex
2879 3409 2961 3456 est
3006 3401 3280 3454 accusatio
3316 3417 3327 3451 :
3361 3397 3526 3465 prior,

1954 3497 2094 3563 quod
2127 3511 2247 3548 eum
2290 3496 2429 3563 apud
2458 3510 2554 3548 vos
2593 3509 2830 3564 praesens
2868 3493 3060 3547 fuerim
3096 3511 3110 3546 :
3140 3493 3310 3544 altera
3335 3531 3349 3553 ,
3385 3491 3529 3558 quod

1955 3586 2108 3638 vobis
2161 3585 2466 3638 inserviens
2502 3603 2513 3636 :
2552 3585 2743 3648 tertia,
2792 3582 2936 3650 quod
2989 3583 3152 3636 rebus
3207 3577 3532 3634 necessariis

1954 3678 2262 3739 destitutus,
2289 3692 2394 3730 non
2425 3675 2497 3729 fui
2531 3677 2581 3728 in
2627 3675 2805 3744 aliquo
2846 3675 3063 3728 habitus
3109 3685 3354 3725 munero.
3413 3669 3528 3722 Non

1957 3772 2129 3824 solum
2159 3769 2302 3822 enim
2330 3766 2597 3820 miliialibi
2621 3767 2798 3834 agenti
2827 3781 2930 3819 non
2957 3763 3180 3817 misistis
3209 3762 3530 3830 quidquam,

1958 3865 2008 3916 id
2041 3862 2180 3930 quod
2217 3861 2540 3913 Macedones
2591 3858 2892 3919 faciebant,
2947 3857 3038 3910 sed
3085 3870 3151 3908 ne
3209 3863 3530 3922 prteseutem

1957 3954 2170 4020 quidem
2227 3951 2471 4004 aiebatis.
2526 3949 2672 4002 Istud
2737 3959 2960 4010 autem,
3002 3964 3019 3996 ι
3059 3944 3196 3998 Nulli
3261 3958 3531 3998 onerosus

1960 4046 2056 4107 fui,
2098 4063 2114 4093 ι
2156 4053 2237 4096 est
2261 4059 2375 4111 pro,
2409 4039 2526 4096 Non
2565 4044 2783 4108 gravavi
2814 4053 3158 4106 quemquam.
3194 4037 3398 4090 Iudicat
3431 4051 3528 4087 aui-

1961 4148 2063 4190 tem
2095 4152 2186 4189 eos
2211 4137 2446 4202 segniter
2473 4150 2535 4187 ac
2577 4149 2698 4187 cum
2724 4143 2941 4200 torpore
2980 4131 3348 4185 contribuere.
3383 4127 3529 4182 Nou-

1961 4229 2086 4282 nulli
2122 4229 2364 4289 verbum,
2389 4228 2461 4280 Οὐ
2483 4227 2891 4295 κατενάρκησα,
2925 4239 3042 4292 pro,
3073 4223 3186 4277 Non
3220 4221 3528 4291 posthabui,

1963 4320 2042 4372 vel
2071 4319 2288 4387 segnior
2312 4320 2377 4371 ad
2405 4317 2845 4386 praedicationem
2881 4315 2953 4368 fui
2974 4356 2986 4377 ,
3018 4315 3289 4382 accipiunt
3324 4331 3336 4365 :
3378 4313 3468 4364 sed
3501 4331 3528 4363 ιι

1967 4426 2054 4465 me
2088 4413 2325 4479 quidem,
2361 4424 2695 4479 quaecunque
2720 4411 2786 4462 ad
2811 4408 3038 4462 salutem
3072 4415 3306 4459 vestram
3344 4417 3532 4458 neces-

1964 4505 2109 4558 saria
2136 4513 2310 4567 erant,
2347 4501 2788 4571 perficiebantur.
2835 4499 3003 4552 Porro
3051 4512 3233 4551 rerum
3281 4511 3531 4550 necessa-

285 4591 486 4644 riarum
523 4592 772 4660 indignus
803 4594 940 4663 apud
982 4609 1076 4649 vos
1117 4593 1250 4661 vixi,
1279 4606 1332 4651 et
1386 4611 1492 4653 non
1545 4596 1675 4666 petii
1739 4598 2055 4671 quidquam,
2121 4616 2294 4670 neque
2355 4601 2668 4671 patientiam
2721 4617 2896 4656 meam
2960 4599 3180 4655 dissolvi
3231 4593 3530 4664 torpentior

285 4685 544 4738 redditus.

364 4796 381 4827 ι
413 4777 484 4828 Τὸ
511 4778 618 4849 γὰρ
645 4779 928 4849 ὑστέρημά
951 4798 1048 4849 μου
1073 4783 1613 4854 προσανεπλήρωσαν
1629 4786 1676 4837 oi
1711 4786 1859 4839 ἀδελ-
1891 4790 1935 4846 ι)

289 4869 379 4937 φοι
413 4869 656 4932 ἐλθόντες
687 4872 794 4924 ἀπὸ
827 4874 1182 4938 Μακεδονίας.
1223 4895 1241 4928 ι
1277 4876 1371 4938 Εἰς
1397 4877 1731 4946 ζηλοτυπίαν
1757 4879 1856 4930 αύ-

286 4963 412 5025 τοὶις
455 4963 748 5030 ἐμϐάλλει,
781 4966 866 5017 ἵνα
905 4967 1001 5018 καὶ
1051 4966 1250 5037 μᾶλλον
1297 4968 1540 5042 διεγείρῃ
1592 4969 1729 5038 πρὸς
1758 4969 1857 5040 τὴν

291 5055 683 5128 ἐλεημοσύνην,
708 5059 783 5121 ὡς
821 5060 889 5113 ἂν
931 5062 1004 5130 μὴ
1026 5062 1349 5133 ἡττηθέντες
1375 5064 1479 5116 ὑπὸ
1515 5064 1624 5117 τῶν
1662 5066 1854 5117 Μακε-

289 5146 453 5198 δόνων
474 5149 530 5198 ἐν
567 5147 644 5216 τῷ
693 5149 887 5218 θρέψαι
934 5151 1137 5215 αὑτὸν,
1188 5151 1466 5221 ἡττηθῶσι
1520 5153 1616 5205 καὶ
1673 5155 1732 5204 ἐν
1787 5156 1852 5223 τῇ

289 5237 647 5308 ἐλεημοσύνη.
689 5241 871 5292 Εἰπὼν
909 5242 984 5304 δέ,
1014 5261 1032 5294 ι
1073 5243 1404 5312 Ὑστέρημα,
1437 5263 1455 5294 ι
1481 5244 1749 5297 δείκνυσιν
1776 5247 1857 5298 ὅτι

290 5332 444 5384 οὐδὲν
483 5333 624 5404 ὑπὲρ
653 5335 750 5406 τὴν
777 5338 1078 5403 ἀναγκαίαν
1101 5341 1289 5408 χρείαν
1318 5338 1510 5390 ἔλαϐεν
1529 5353 1544 5370 ·
1583 5339 1632 5390 oi
1666 5339 1857 5391 Φιλιπ-

293 5426 477 5493 πήσιοι
503 5426 558 5478 δὲ
579 5423 717 5494 ἦσαν
747 5429 795 5480 οἱ
827 5429 1123 5497 θρέψαντες
1153 5430 1336 5484 αὐτόν.

370 5535 387 5565 ι
437 5517 544 5568 Καὶ
573 5519 630 5570 ἐν
662 5520 823 5571 παντὶ
851 5521 1028 5590 ἀϐαρῆ
1063 5523 1190 5591 ὑμῖν
1215 5522 1451 5591 ἐμαυτὸν
1469 5523 1733 5591 ἐτήρησα,
1765 5523 1860 5574 καὶ

295 5610 539 5678 τηρήσω.
578 5629 595 5659 ι
633 5612 911 5665 Δείκνυσιν
941 5615 1021 5665 ὅτι
1057 5617 1147 5666 καὶ
1173 5614 1333 5685 βάρος
1357 5614 1584 5683 ἡγοῦντο
1608 5614 1705 5676 τας
1733 5631 1859 5683 τρο-

2041 4801 2058 4834 (
2091 4782 2224 4836 Nam
2257 4784 2401 4850 quod
2431 4781 2561 4835 mihi
2593 4780 2796 4841 deerat.
2821 4778 3198 4847 suppleverunt
3224 4774 3418 4827 fratres
3443 4771 3533 4838 qui

1965 4885 2278 4930 venerunta
2315 4875 2646 4928 Macedonia.
2683 4893 2701 4925 ι
2736 4874 2816 4926 Ad
2842 4870 3239 4926 ambulationem
3269 4880 3364 4920 eos
3391 4864 3532 4918 iuvi-

1967 4977 2063 5031 tat,
2115 4982 2221 5034 quo
2256 4967 2425 5033 magis
2456 4967 2520 5019 ad
2567 4968 2965 5034 eleemosynam
2995 4962 3197 5016 excitet
3227 4977 3239 5010 :
3274 4971 3342 5010 ne
3371 4972 3399 5008 a
3419 4955 3533 5008 Ma-

1965 5058 2256 5113 cedonibus
2289 5057 2411 5112 victi
2443 5058 2495 5110 in
2532 5058 2723 5110 alendo
2756 5071 2900 5120 eum,
2929 5055 2979 5108 in
3025 5053 3362 5119 eleemosyna
3395 5064 3532 5117 quo-

1963 5165 2067 5219 que
2114 5149 2474 5203 vincerentur.
2528 5149 2660 5202 Cum
2685 5163 2814 5202 vero
2869 5148 2963 5210 ait,
3021 5163 3037 5195 ι
3083 5143 3235 5209 Quod
3276 5141 3404 5193 mihi
3443 5139 3535 5192 de-

1957 5254 2092 5307 erat,
2121 5262 2139 5294 ›
2177 5245 2376 5297 indicat
2407 5257 2524 5296 sese
2547 5243 2681 5295 nihil
2707 5240 2978 5310 accepisse
3007 5237 3143 5290 ultra
3171 5232 3533 5290 necessarium

1958 5349 2133 5387 usum.
2195 5334 2564 5404 Philippenses
2621 5345 2796 5388 autem
2865 5335 3082 5386 fuerunt
3135 5331 3222 5397 qui
3285 5326 3536 5378 aluerunt

1958 5425 2158 5491 ipsum.

2041 5534 2058 5566 ‹
2100 5516 2162 5566 Et
2191 5515 2241 5567 in
2276 5515 2522 5568 omnibus
2568 5515 2685 5569 sine
2723 5527 2888 5569 onere
2918 5525 3002 5566 me
3034 5510 3185 5566 vobis
3216 5505 3431 5561 servavi
3477 5513 3532 5558 et

1965 5609 2212 5661 servabo.
2262 5627 2277 5658 ι
2329 5606 2526 5662 Iudicat
2577 5607 2717 5676 quod
2765 5619 3056 5675 gravamen
3106 5601 3528 5658 arbitrabantur,

1609 5746 1803 5807 \‘arize
1847 5745 2170 5806 lectiones.

371 5869 414 5898 ”
445 5871 528 5920 ι’να
578 5870 669 5935 ὑμ.
731 5869 977 5937 ὑψωθῆτε
1017 5887 1066 5924 ι).
1144 5875 1183 5906 ⁸⁵
1235 5872 1507 5923 τουτέστιν
1541 5886 1589 5924 υ.

1671 5873 1712 5901 ⁷ο
1739 5868 1844 5936 ἐγὼ
1877 5867 1930 5920 δὲ
1963 5870 2016 5919 ἐκ·
2050 5868 2223 5936 ἐνδείᾳ
2294 5885 2344 5920 (ι.
