  <div class='ocr_page' id='page_1' title='image "/cluster/home/n/w/nwhite01/storage/ocr_20150623/124/nnc1.0046979735/480.png"; bbox 0 0 4242 6462; ppageno 0'>
   <div class='ocr_carea' id='block_1_1' title="bbox 228 423 338 491">
    <p class='ocr_par' dir='ltr' id='par_1_1' title="bbox 228 423 338 491">
     <span class='ocr_line' id='line_1_1' title="bbox 228 423 338 491; baseline -0.045 0"><span class='ocrx_word' id='word_1_1' title='bbox 228 423 338 491; x_wconf 81' lang='lat'><strong>917</strong></span> 
     </span>
    </p>
   </div>
   <div class='ocr_carea' id='block_1_2' title="bbox 983 399 2686 473">
    <p class='ocr_par' dir='ltr' id='par_1_2' title="bbox 983 399 2686 473">
     <span class='ocr_line' id='line_1_2' title="bbox 983 399 2686 473; baseline -0.005 0"><span class='ocrx_word' id='word_1_2' title='bbox 983 399 1393 473; x_wconf 76' lang='lat' dir='ltr'><strong>EXPOSITIO</strong></span> <span class='ocrx_word' id='word_1_3' title='bbox 1434 408 1515 469; x_wconf 85' lang='lat' dir='ltr'><strong>1N</strong></span> <span class='ocrx_word' id='word_1_4' title='bbox 1559 405 1795 466; x_wconf 81' lang='lat' dir='ltr'><strong>EPIST.</strong></span> <span class='ocrx_word' id='word_1_5' title='bbox 1843 402 1905 463; x_wconf 92' lang='lat' dir='ltr'><strong>II</strong></span> <span class='ocrx_word' id='word_1_6' title='bbox 1942 404 2041 462; x_wconf 85' lang='lat' dir='ltr'><strong>AD</strong></span> <span class='ocrx_word' id='word_1_7' title='bbox 2080 405 2249 465; x_wconf 78' lang='lat' dir='ltr'><strong>con.</strong></span> <span class='ocrx_word' id='word_1_8' title='bbox 2287 431 2351 440; x_wconf 92' lang='lat'><strong>-—</strong></span> <span class='ocrx_word' id='word_1_9' title='bbox 2384 407 2542 467; x_wconf 77' lang='lat' dir='ltr'><strong>CAP.</strong></span> <span class='ocrx_word' id='word_1_10' title='bbox 2582 406 2686 465; x_wconf 81' lang='lat' dir='ltr'><strong>xr.</strong></span> 
     </span>
    </p>
   </div>
   <div class='ocr_carea' id='block_1_3' title="bbox 3380 394 3485 458">
    <p class='ocr_par' dir='ltr' id='par_1_3' title="bbox 3380 394 3485 458">
     <span class='ocr_line' id='line_1_3' title="bbox 3380 394 3485 458; baseline 0 0"><span class='ocrx_word' id='word_1_11' title='bbox 3380 394 3485 458; x_wconf 80' lang='lat'><strong>918</strong></span> 
     </span>
    </p>
   </div>
   <div class='ocr_carea' id='block_1_4' title="bbox 232 511 1907 601">
    <p class='ocr_par' dir='ltr' id='par_1_4' title="bbox 232 520 1883 601">
     <span class='ocr_line' id='line_1_4' title="bbox 232 520 1883 601; baseline -0.013 -9"><span class='ocrx_word' id='word_1_12' title='bbox 232 539 382 592; x_wconf 74' lang='grc' dir='ltr'>εἴποι</span> <span class='ocrx_word' id='word_1_13' title='bbox 402 584 415 601; x_wconf 81' lang='lat'><strong>,</strong></span> <span class='ocrx_word' id='word_1_14' title='bbox 455 535 539 590; x_wconf 79' lang='grc' dir='ltr'>ὅτι</span> <span class='ocrx_word' id='word_1_15' title='bbox 568 532 661 587; x_wconf 71' lang='grc' dir='ltr'><strong>καὶ</strong></span> <span class='ocrx_word' id='word_1_16' title='bbox 690 532 747 584; x_wconf 79' lang='grc' dir='ltr'>ὲν</span> <span class='ocrx_word' id='word_1_17' title='bbox 777 529 950 597; x_wconf 80' lang='grc' dir='ltr'>τούτῳ</span> <span class='ocrx_word' id='word_1_18' title='bbox 998 524 1408 597; x_wconf 69' lang='grc' dir='ltr'><strong>ἠλαττώθησαν,</strong></span> <span class='ocrx_word' id='word_1_19' title='bbox 1440 524 1521 576; x_wconf 80' lang='grc' dir='ltr'><strong>ότι</strong></span> <span class='ocrx_word' id='word_1_20' title='bbox 1550 540 1610 575; x_wconf 89' lang='grc' dir='ltr'><strong>τε</strong></span> <span class='ocrx_word' id='word_1_21' title='bbox 1647 520 1813 573; x_wconf 82' lang='grc' dir='ltr'>πλού·</span> <span class='ocrx_word' id='word_1_22' title='bbox 1843 520 1883 577; x_wconf 78' lang='grc' dir='ltr'><strong>Α</strong></span> 
     </span>
    </p>
   </div>
   <div class='ocr_carea' id='block_1_5' title="bbox 1808 511 3483 601">
    <p class='ocr_par' dir='ltr' id='par_1_5' title="bbox 1808 511 3483 589">
     <span class='ocr_line' id='line_1_5' title="bbox 1808 511 3483 589; baseline -0.007 -12"><span class='ocrx_word' id='word_1_23' title='bbox 1808 547 1813 558; x_wconf 76' lang='grc' dir='ltr'><strong>ι</strong></span> <span class='ocrx_word' id='word_1_24' title='bbox 1843 520 1883 577; x_wconf 78' lang='grc' dir='ltr'><strong>Α</strong></span> <span class='ocrx_word' id='word_1_25' title='bbox 1914 521 2341 589; x_wconf 81' lang='lat' dir='ltr'><strong>pscudaposwli,</strong></span> <span class='ocrx_word' id='word_1_26' title='bbox 2387 535 2560 585; x_wconf 90' lang='lat' dir='ltr'><strong>neque</strong></span> <span class='ocrx_word' id='word_1_27' title='bbox 2591 520 2642 573; x_wconf 93' lang='lat' dir='ltr'><strong>in</strong></span> <span class='ocrx_word' id='word_1_28' title='bbox 2684 519 2787 572; x_wconf 91' lang='lat' dir='ltr'><strong>hoc</strong></span> <span class='ocrx_word' id='word_1_29' title='bbox 2818 514 3152 571; x_wconf 79' lang='lat' dir='ltr'><strong>excellebant</strong></span> <span class='ocrx_word' id='word_1_30' title='bbox 3181 530 3192 565; x_wconf 89' lang='lat'><strong>:</strong></span> <span class='ocrx_word' id='word_1_31' title='bbox 3233 511 3335 564; x_wconf 74' lang='lat' dir='ltr'><strong>uisu</strong></span> <span class='ocrx_word' id='word_1_32' title='bbox 3364 511 3483 580; x_wconf 85' lang='lat' dir='ltr'><strong>quis</strong></span> 
     </span>
    </p>
   </div>
   <div class='ocr_carea' id='block_1_6' title="bbox 238 613 1806 687">
    <p class='ocr_par' dir='ltr' id='par_1_6' title="bbox 238 613 1806 687">
     <span class='ocr_line' id='line_1_6' title="bbox 238 613 1806 687; baseline -0.011 -7"><span class='ocrx_word' id='word_1_33' title='bbox 238 645 349 680; x_wconf 90' lang='grc' dir='ltr'>σιοι</span> <span class='ocrx_word' id='word_1_34' title='bbox 381 625 531 687; x_wconf 71' lang='grc' dir='ltr'>ὄντες</span> <span class='ocrx_word' id='word_1_35' title='bbox 565 623 721 676; x_wconf 74' lang='grc' dir='ltr'>αὐτοὶ</span> <span class='ocrx_word' id='word_1_36' title='bbox 748 622 848 673; x_wconf 78' lang='grc' dir='ltr'><strong>οὐκ</strong></span> <span class='ocrx_word' id='word_1_37' title='bbox 880 618 1203 687; x_wconf 75' lang='grc' dir='ltr'>ἐλάμϐανον,</span> <span class='ocrx_word' id='word_1_38' title='bbox 1240 615 1337 669; x_wconf 83' lang='grc' dir='ltr'>τοῦ</span> <span class='ocrx_word' id='word_1_39' title='bbox 1376 613 1590 667; x_wconf 79' lang='grc' dir='ltr'><strong>Παύλου</strong></span> <span class='ocrx_word' id='word_1_40' title='bbox 1618 614 1675 664; x_wconf 81' lang='grc' dir='ltr'>ὲν</span> <span class='ocrx_word' id='word_1_41' title='bbox 1709 628 1806 662; x_wconf 84' lang='grc' dir='ltr'>πε-</span> 
     </span>
    </p>
   </div>
   <div class='ocr_carea' id='block_1_7' title="bbox 235 704 1812 789">
    <p class='ocr_par' dir='ltr' id='par_1_7' title="bbox 235 704 1812 789">
     <span class='ocr_line' id='line_1_7' title="bbox 235 704 1812 789; baseline -0.012 -16"><span class='ocrx_word' id='word_1_42' title='bbox 235 721 330 789; x_wconf 73' lang='grc' dir='ltr'><strong>νίᾳ</strong></span> <span class='ocrx_word' id='word_1_43' title='bbox 360 718 529 786; x_wconf 80' lang='grc' dir='ltr'>πολλῇ</span> <span class='ocrx_word' id='word_1_44' title='bbox 561 716 634 785; x_wconf 82' lang='grc' dir='ltr'>μὴ</span> <span class='ocrx_word' id='word_1_45' title='bbox 663 713 1033 783; x_wconf 75' lang='grc' dir='ltr'>λαμϐάνοντος</span> <span class='ocrx_word' id='word_1_46' title='bbox 1054 726 1067 738; x_wconf 90' lang='grc'><strong>·</strong></span> <span class='ocrx_word' id='word_1_47' title='bbox 1106 710 1199 762; x_wconf 64' lang='grc' dir='ltr'><strong>καὶ</strong></span> <span class='ocrx_word' id='word_1_48' title='bbox 1226 710 1306 761; x_wconf 82' lang='grc' dir='ltr'><strong>ὅτι</strong></span> <span class='ocrx_word' id='word_1_49' title='bbox 1348 708 1468 760; x_wconf 74' lang='grc' dir='ltr'>οὐδὲ</span> <span class='ocrx_word' id='word_1_50' title='bbox 1498 706 1655 759; x_wconf 77' lang='grc' dir='ltr'>τοῦτο</span> <span class='ocrx_word' id='word_1_51' title='bbox 1684 704 1812 773; x_wconf 86' lang='grc' dir='ltr'>άλη-</span> 
     </span>
    </p>
   </div>
   <div class='ocr_carea' id='block_1_8' title="bbox 237 799 1811 881">
    <p class='ocr_par' dir='ltr' id='par_1_8' title="bbox 237 799 1811 881">
     <span class='ocr_line' id='line_1_8' title="bbox 237 799 1811 881; baseline -0.013 -12"><span class='ocrx_word' id='word_1_52' title='bbox 237 814 351 877; x_wconf 85' lang='grc' dir='ltr'><strong>θῶς</strong></span> <span class='ocrx_word' id='word_1_53' title='bbox 380 810 717 881; x_wconf 79' lang='grc' dir='ltr'><strong>κατώρθουν,</strong></span> <span class='ocrx_word' id='word_1_54' title='bbox 745 806 859 860; x_wconf 82' lang='grc' dir='ltr'>ἀλλ’</span> <span class='ocrx_word' id='word_1_55' title='bbox 895 804 1247 876; x_wconf 79' lang='grc' dir='ltr'>ὑπεκρίνοντο</span> <span class='ocrx_word' id='word_1_56' title='bbox 1268 820 1282 834; x_wconf 78' lang='grc' dir='ltr'><strong><em>ο</em></strong></span> <span class='ocrx_word' id='word_1_57' title='bbox 1312 805 1339 856; x_wconf 95' lang='lat'><strong>6</strong></span> <span class='ocrx_word' id='word_1_58' title='bbox 1368 800 1425 854; x_wconf 84' lang='grc' dir='ltr'><strong>δέ</strong></span> <span class='ocrx_word' id='word_1_59' title='bbox 1454 818 1517 870; x_wconf 87' lang='grc' dir='ltr'><strong>γε</strong></span> <span class='ocrx_word' id='word_1_60' title='bbox 1549 799 1811 853; x_wconf 83' lang='grc' dir='ltr'>Ἀπόστο-</span> 
     </span>
    </p>
   </div>
   <div class='ocr_carea' id='block_1_9' title="bbox 235 901 923 977">
    <p class='ocr_par' dir='ltr' id='par_1_9' title="bbox 235 901 923 977">
     <span class='ocr_line' id='line_1_9' title="bbox 235 901 923 977; baseline -0.017 -15"><span class='ocrx_word' id='word_1_61' title='bbox 235 906 334 972; x_wconf 90' lang='grc' dir='ltr'><strong>λος</strong></span> <span class='ocrx_word' id='word_1_62' title='bbox 370 904 586 977; x_wconf 83' lang='grc' dir='ltr'>άληθῶς</span> <span class='ocrx_word' id='word_1_63' title='bbox 616 901 923 971; x_wconf 80' lang='grc' dir='ltr'><strong>κατώρθου.</strong></span> 
     </span>
    </p>
   </div>
   <div class='ocr_carea' id='block_1_10' title="bbox 320 1070 1811 1154">
    <p class='ocr_par' dir='ltr' id='par_1_10' title="bbox 320 1070 1811 1154">
     <span class='ocr_line' id='line_1_10' title="bbox 320 1070 1811 1154; baseline -0.012 -15"><span class='ocrx_word' id='word_1_64' title='bbox 320 1106 340 1140; x_wconf 71' lang='grc' dir='ltr'><strong>ι</strong></span> <span class='ocrx_word' id='word_1_65' title='bbox 380 1086 444 1139; x_wconf 81' lang='grc' dir='ltr'><strong>Οῑ</strong></span> <span class='ocrx_word' id='word_1_66' title='bbox 467 1084 575 1154; x_wconf 85' lang='grc' dir='ltr'><strong>γάρ</strong></span> <span class='ocrx_word' id='word_1_67' title='bbox 594 1079 825 1135; x_wconf 76' lang='grc' dir='ltr'>τοιοῦτοι</span> <span class='ocrx_word' id='word_1_68' title='bbox 859 1074 1304 1148; x_wconf 72' lang='grc' dir='ltr'>ψευδαπόστολοι,</span> <span class='ocrx_word' id='word_1_69' title='bbox 1332 1072 1584 1143; x_wconf 79' lang='grc' dir='ltr'>ἐργάται,</span> <span class='ocrx_word' id='word_1_70' title='bbox 1628 1070 1811 1133; x_wconf 89' lang='grc' dir='ltr'>δόλιοι,</span> 
     </span>
    </p>
   </div>
   <div class='ocr_carea' id='block_1_11' title="bbox 245 1163 1815 1249">
    <p class='ocr_par' dir='ltr' id='par_1_11' title="bbox 245 1163 1815 1249">
     <span class='ocr_line' id='line_1_11' title="bbox 245 1163 1815 1249; baseline -0.012 -17"><span class='ocrx_word' id='word_1_71' title='bbox 245 1173 861 1249; x_wconf 79' lang='grc' dir='ltr'>μετασχηματιζόμενοι</span> <span class='ocrx_word' id='word_1_72' title='bbox 892 1170 972 1232; x_wconf 73' lang='grc' dir='ltr'><strong>εἰς</strong></span> <span class='ocrx_word' id='word_1_73' title='bbox 1020 1166 1355 1228; x_wconf 81' lang='grc' dir='ltr'>ἀποστόλους</span> <span class='ocrx_word' id='word_1_74' title='bbox 1389 1164 1646 1236; x_wconf 81' lang='grc' dir='ltr'>Χριστοῦ.</span> <span class='ocrx_word' id='word_1_75' title='bbox 1688 1181 1705 1214; x_wconf 80' lang='grc' dir='ltr'><strong>ι</strong></span> <span class='ocrx_word' id='word_1_76' title='bbox 1751 1163 1815 1214; x_wconf 84' lang='grc' dir='ltr'><strong>τι</strong></span> 
     </span>
    </p>
   </div>
   <div class='ocr_carea' id='block_1_12' title="bbox 240 1253 1818 1335">
    <p class='ocr_par' dir='ltr' id='par_1_12' title="bbox 240 1253 1818 1335">
     <span class='ocr_line' id='line_1_12' title="bbox 240 1253 1818 1335; baseline -0.009 -16"><span class='ocrx_word' id='word_1_77' title='bbox 240 1267 424 1335; x_wconf 80' lang='grc' dir='ltr'>λέγεις</span> <span class='ocrx_word' id='word_1_78' title='bbox 449 1283 463 1329; x_wconf 86' lang='grc'>;</span> <span class='ocrx_word' id='word_1_79' title='bbox 498 1265 560 1315; x_wconf 78' lang='lat' dir='ltr'><strong>Oi</strong></span> <span class='ocrx_word' id='word_1_80' title='bbox 590 1261 825 1331; x_wconf 67' lang='grc' dir='ltr'>Χριστὸν</span> <span class='ocrx_word' id='word_1_81' title='bbox 851 1258 1241 1328; x_wconf 77' lang='grc' dir='ltr'>κηρύσσοντες,</span> <span class='ocrx_word' id='word_1_82' title='bbox 1268 1260 1314 1309; x_wconf 87' lang='grc' dir='ltr'>οἱ</span> <span class='ocrx_word' id='word_1_83' title='bbox 1344 1254 1676 1322; x_wconf 83' lang='grc' dir='ltr'>Εύαγγέλιον</span> <span class='ocrx_word' id='word_1_84' title='bbox 1702 1253 1818 1305; x_wconf 80' lang='grc' dir='ltr'>ἓτε-</span> 
     </span>
    </p>
   </div>
   <div class='ocr_carea' id='block_1_13' title="bbox 245 1346 1815 1430">
    <p class='ocr_par' dir='ltr' id='par_1_13' title="bbox 245 1346 1815 1430">
     <span class='ocr_line' id='line_1_13' title="bbox 245 1346 1815 1430; baseline -0.009 -19"><span class='ocrx_word' id='word_1_85' title='bbox 245 1377 339 1430; x_wconf 83' lang='grc' dir='ltr'><strong>ρον</strong></span> <span class='ocrx_word' id='word_1_86' title='bbox 379 1356 450 1426; x_wconf 81' lang='grc' dir='ltr'>μὴ</span> <span class='ocrx_word' id='word_1_87' title='bbox 484 1354 861 1420; x_wconf 76' lang='grc' dir='ltr'>ἐπεισάγοντες</span> <span class='ocrx_word' id='word_1_88' title='bbox 885 1353 952 1415; x_wconf 75' lang='grc' dir='ltr'><strong>τ’,</strong></span> <span class='ocrx_word' id='word_1_89' title='bbox 982 1351 1057 1413; x_wconf 89' lang='grc' dir='ltr'><strong>ώς</strong></span> <span class='ocrx_word' id='word_1_90' title='bbox 1088 1350 1347 1419; x_wconf 81' lang='grc' dir='ltr'>ἀνωτέρω</span> <span class='ocrx_word' id='word_1_91' title='bbox 1379 1349 1625 1417; x_wconf 83' lang='grc' dir='ltr'>εἴρηκας,</span> <span class='ocrx_word' id='word_1_92' title='bbox 1656 1346 1815 1414; x_wconf 64' lang='grc' dir='ltr'>ψευδο</span> 
     </span>
    </p>
   </div>
   <div class='ocr_carea' id='block_1_14' title="bbox 243 1438 1821 1511">
    <p class='ocr_par' dir='ltr' id='par_1_14' title="bbox 243 1438 1821 1511">
     <span class='ocr_line' id='line_1_14' title="bbox 243 1438 1821 1511; baseline -0.01 -8"><span class='ocrx_word' id='word_1_93' title='bbox 243 1449 533 1504; x_wconf 70' lang='grc' dir='ltr'>απόστολοι</span> <span class='ocrx_word' id='word_1_94' title='bbox 587 1445 713 1511; x_wconf 83' lang='grc' dir='ltr'>νῦν;</span> <span class='ocrx_word' id='word_1_95' title='bbox 770 1442 897 1507; x_wconf 67' lang='grc' dir='ltr'>Ναὶ,</span> <span class='ocrx_word' id='word_1_96' title='bbox 931 1442 1084 1511; x_wconf 75' lang='grc' dir='ltr'>φησὶ,</span> <span class='ocrx_word' id='word_1_97' title='bbox 1118 1442 1184 1494; x_wconf 86' lang='grc' dir='ltr'>δι’</span> <span class='ocrx_word' id='word_1_98' title='bbox 1215 1440 1346 1493; x_wconf 82' lang='grc' dir='ltr'>αὐτὸ</span> <span class='ocrx_word' id='word_1_99' title='bbox 1374 1438 1558 1491; x_wconf 77' lang='grc' dir='ltr'>τοῦτο·</span> <span class='ocrx_word' id='word_1_100' title='bbox 1593 1442 1821 1505; x_wconf 84' lang='grc' dir='ltr'>ὐποκρι-</span> 
     </span>
    </p>
   </div>
   <div class='ocr_carea' id='block_1_15' title="bbox 244 1530 1819 1607">
    <p class='ocr_par' dir='ltr' id='par_1_15' title="bbox 244 1530 1819 1607">
     <span class='ocr_line' id='line_1_15' title="bbox 244 1530 1819 1607; baseline -0.006 -16"><span class='ocrx_word' id='word_1_101' title='bbox 244 1541 460 1607; x_wconf 79' lang='grc' dir='ltr'>νόμενοι</span> <span class='ocrx_word' id='word_1_102' title='bbox 508 1536 618 1605; x_wconf 77' lang='grc' dir='ltr'><strong>γὰρ</strong></span> <span class='ocrx_word' id='word_1_103' title='bbox 666 1532 874 1593; x_wconf 77' lang='grc' dir='ltr'>ταῦτα,</span> <span class='ocrx_word' id='word_1_104' title='bbox 922 1532 1094 1603; x_wconf 78' lang='grc' dir='ltr'>λάθρα</span> <span class='ocrx_word' id='word_1_105' title='bbox 1149 1531 1339 1583; x_wconf 83' lang='grc' dir='ltr'>ἀνόσια</span> <span class='ocrx_word' id='word_1_106' title='bbox 1390 1530 1819 1598; x_wconf 71' lang='grc' dir='ltr'>παρεισφέρουσι</span> 
     </span>
    </p>
   </div>
   <div class='ocr_carea' id='block_1_16' title="bbox 245 1620 1819 1696">
    <p class='ocr_par' dir='ltr' id='par_1_16' title="bbox 245 1620 1819 1696">
     <span class='ocr_line' id='line_1_16' title="bbox 245 1620 1819 1696; baseline -0.007 -14"><span class='ocrx_word' id='word_1_107' title='bbox 245 1631 517 1696; x_wconf 68' lang='grc' dir='ltr'>δόγματα.</span> <span class='ocrx_word' id='word_1_108' title='bbox 574 1644 591 1677; x_wconf 76' lang='grc' dir='ltr'><strong>ι</strong></span> <span class='ocrx_word' id='word_1_109' title='bbox 633 1624 896 1694; x_wconf 81' lang='grc' dir='ltr'>Ἐργάται</span> <span class='ocrx_word' id='word_1_110' title='bbox 934 1623 991 1676; x_wconf 85' lang='grc' dir='ltr'>δὲ</span> <span class='ocrx_word' id='word_1_111' title='bbox 1026 1623 1214 1686; x_wconf 85' lang='grc' dir='ltr'>δόλιοι,</span> <span class='ocrx_word' id='word_1_112' title='bbox 1262 1640 1279 1673; x_wconf 76' lang='grc' dir='ltr'><strong>ι</strong></span> <span class='ocrx_word' id='word_1_113' title='bbox 1322 1622 1454 1673; x_wconf 81' lang='grc' dir='ltr'>καθὸ</span> <span class='ocrx_word' id='word_1_114' title='bbox 1488 1620 1819 1690; x_wconf 78' lang='grc' dir='ltr'>ἐργάζεσθαι</span> 
     </span>
    </p>
   </div>
   <div class='ocr_carea' id='block_1_17' title="bbox 252 1714 1820 1791">
    <p class='ocr_par' dir='ltr' id='par_1_17' title="bbox 252 1714 1820 1791">
     <span class='ocr_line' id='line_1_17' title="bbox 252 1714 1820 1791; baseline -0.007 -16"><span class='ocrx_word' id='word_1_115' title='bbox 252 1725 353 1791; x_wconf 80' lang='grc' dir='ltr'>μὲν</span> <span class='ocrx_word' id='word_1_116' title='bbox 392 1720 661 1781; x_wconf 79' lang='grc' dir='ltr'>δοκοῦσιν,</span> <span class='ocrx_word' id='word_1_117' title='bbox 712 1717 1000 1773; x_wconf 80' lang='grc' dir='ltr'>ἁναστιῶσι</span> <span class='ocrx_word' id='word_1_118' title='bbox 1041 1716 1099 1770; x_wconf 76' lang='grc' dir='ltr'>δὲ</span> <span class='ocrx_word' id='word_1_119' title='bbox 1148 1716 1216 1769; x_wconf 79' lang='grc' dir='ltr'><strong>τὰ</strong></span> <span class='ocrx_word' id='word_1_120' title='bbox 1267 1714 1675 1782; x_wconf 77' lang='grc' dir='ltr'>πεφυτευμένα,</span> <span class='ocrx_word' id='word_1_121' title='bbox 1730 1715 1820 1765; x_wconf 76' lang='grc' dir='ltr'><strong>καὶ</strong></span> 
     </span>
    </p>
   </div>
   <div class='ocr_carea' id='block_1_18' title="bbox 1914 603 3486 681">
    <p class='ocr_par' dir='ltr' id='par_1_18' title="bbox 1914 603 3486 681">
     <span class='ocr_line' id='line_1_18' title="bbox 1914 603 3486 681; baseline -0.008 -11"><span class='ocrx_word' id='word_1_122' title='bbox 1914 618 2080 677; x_wconf 76' lang='lat' dir='ltr'><strong>dicat,</strong></span> <span class='ocrx_word' id='word_1_123' title='bbox 2105 616 2244 681; x_wconf 78' lang='lat' dir='ltr'><strong>quod</strong></span> <span class='ocrx_word' id='word_1_124' title='bbox 2266 616 2315 666; x_wconf 91' lang='lat' dir='ltr'><strong>in</strong></span> <span class='ocrx_word' id='word_1_125' title='bbox 2343 616 2444 668; x_wconf 91' lang='lat' dir='ltr'><strong>hoc</strong></span> <span class='ocrx_word' id='word_1_126' title='bbox 2467 612 2626 667; x_wconf 90' lang='lat' dir='ltr'><strong>etiam</strong></span> <span class='ocrx_word' id='word_1_127' title='bbox 2657 608 2941 664; x_wconf 80' lang='lat' dir='ltr'><strong>inferiores</strong></span> <span class='ocrx_word' id='word_1_128' title='bbox 2962 608 3090 666; x_wconf 87' lang='lat' dir='ltr'><strong>sint,</strong></span> <span class='ocrx_word' id='word_1_129' title='bbox 3114 603 3255 674; x_wconf 92' lang='lat' dir='ltr'><strong>quod</strong></span> <span class='ocrx_word' id='word_1_130' title='bbox 3283 603 3486 657; x_wconf 78' lang='lat' dir='ltr'><strong>divitiis</strong></span> 
     </span>
    </p>
   </div>
   <div class='ocr_carea' id='block_1_19' title="bbox 1914 696 3483 773">
    <p class='ocr_par' dir='ltr' id='par_1_19' title="bbox 1914 696 3483 773">
     <span class='ocr_line' id='line_1_19' title="bbox 1914 696 3483 773; baseline -0.008 -13"><span class='ocrx_word' id='word_1_131' title='bbox 1914 710 2195 762; x_wconf 87' lang='lat' dir='ltr'><strong>alllueutes</strong></span> <span class='ocrx_word' id='word_1_132' title='bbox 2227 706 2323 773; x_wconf 86' lang='lat' dir='ltr'><strong>ipsi</strong></span> <span class='ocrx_word' id='word_1_133' title='bbox 2363 704 2495 758; x_wconf 87' lang='lat' dir='ltr'><strong>nihil</strong></span> <span class='ocrx_word' id='word_1_134' title='bbox 2527 703 2866 771; x_wconf 73' lang='lat' dir='ltr'><strong>acciperent,</strong></span> <span class='ocrx_word' id='word_1_135' title='bbox 2896 715 3018 753; x_wconf 87' lang='lat' dir='ltr'><strong>cum</strong></span> <span class='ocrx_word' id='word_1_136' title='bbox 3071 697 3266 751; x_wconf 86' lang='lat' dir='ltr'><strong>Paulus</strong></span> <span class='ocrx_word' id='word_1_137' title='bbox 3315 710 3383 749; x_wconf 90' lang='lat' dir='ltr'><strong>ne</strong></span> <span class='ocrx_word' id='word_1_138' title='bbox 3428 696 3483 749; x_wconf 90' lang='lat' dir='ltr'><strong>in</strong></span> 
     </span>
    </p>
   </div>
   <div class='ocr_carea' id='block_1_20' title="bbox 1914 788 3485 867">
    <p class='ocr_par' dir='ltr' id='par_1_20' title="bbox 1914 788 3485 867">
     <span class='ocr_line' id='line_1_20' title="bbox 1914 788 3485 867; baseline -0.008 -12"><span class='ocrx_word' id='word_1_139' title='bbox 1914 801 2078 856; x_wconf 87' lang='lat' dir='ltr'><strong>multa</strong></span> <span class='ocrx_word' id='word_1_140' title='bbox 2107 799 2320 865; x_wconf 80' lang='lat' dir='ltr'><strong>quidem</strong></span> <span class='ocrx_word' id='word_1_141' title='bbox 2353 806 2590 867; x_wconf 68' lang='lat' dir='ltr'><strong>egestate</strong></span> <span class='ocrx_word' id='word_1_142' title='bbox 2612 794 2900 863; x_wconf 77' lang='lat' dir='ltr'><strong>quidquam</strong></span> <span class='ocrx_word' id='word_1_143' title='bbox 2924 790 3191 857; x_wconf 84' lang='lat' dir='ltr'><strong>acceperit</strong></span> <span class='ocrx_word' id='word_1_144' title='bbox 3222 809 3233 843; x_wconf 93' lang='lat'><strong>:</strong></span> <span class='ocrx_word' id='word_1_145' title='bbox 3269 788 3485 858; x_wconf 85' lang='lat' dir='ltr'><strong>etquod</strong></span> 
     </span>
    </p>
   </div>
   <div class='ocr_carea' id='block_1_21' title="bbox 1915 882 3485 961">
    <p class='ocr_par' dir='ltr' id='par_1_21' title="bbox 1915 882 3485 961">
     <span class='ocr_line' id='line_1_21' title="bbox 1915 882 3485 961; baseline -0.008 -14"><span class='ocrx_word' id='word_1_146' title='bbox 1915 908 2088 961; x_wconf 87' lang='lat' dir='ltr'><strong>neque</strong></span> <span class='ocrx_word' id='word_1_147' title='bbox 2125 895 2225 945; x_wconf 93' lang='lat' dir='ltr'><strong>hoc</strong></span> <span class='ocrx_word' id='word_1_148' title='bbox 2260 906 2389 945; x_wconf 72' lang='lat' dir='ltr'><strong>vere</strong></span> <span class='ocrx_word' id='word_1_149' title='bbox 2419 888 2791 957; x_wconf 81' lang='lat' dir='ltr'><strong>perliciebaut,</strong></span> <span class='ocrx_word' id='word_1_150' title='bbox 2821 886 2913 939; x_wconf 88' lang='lat' dir='ltr'><strong>sed</strong></span> <span class='ocrx_word' id='word_1_151' title='bbox 2944 883 3272 939; x_wconf 82' lang='lat' dir='ltr'><strong>simulabant</strong></span> <span class='ocrx_word' id='word_1_152' title='bbox 3298 899 3311 936; x_wconf 88' lang='lat'><strong>:</strong></span> <span class='ocrx_word' id='word_1_153' title='bbox 3344 882 3485 950; x_wconf 83' lang='lat' dir='ltr'><strong>Apo-</strong></span> 
     </span>
    </p>
   </div>
   <div class='ocr_carea' id='block_1_22' title="bbox 1916 976 2882 1044">
    <p class='ocr_par' dir='ltr' id='par_1_22' title="bbox 1916 976 2882 1044">
     <span class='ocr_line' id='line_1_22' title="bbox 1916 976 2882 1044; baseline -0.006 -7"><span class='ocrx_word' id='word_1_154' title='bbox 1916 981 2086 1037; x_wconf 84' lang='lat' dir='ltr'><strong>stolus</strong></span> <span class='ocrx_word' id='word_1_155' title='bbox 2122 990 2300 1034; x_wconf 89' lang='lat' dir='ltr'><strong>autem</strong></span> <span class='ocrx_word' id='word_1_156' title='bbox 2334 994 2523 1033; x_wconf 87' lang='lat' dir='ltr'><strong>revera</strong></span> <span class='ocrx_word' id='word_1_157' title='bbox 2551 976 2882 1044; x_wconf 81' lang='lat' dir='ltr'><strong>perﬁciebat.</strong></span> 
     </span>
    </p>
   </div>
   <div class='ocr_carea' id='block_1_23' title="bbox 1989 1066 3490 1139">
    <p class='ocr_par' dir='ltr' id='par_1_23' title="bbox 1989 1066 3490 1139">
     <span class='ocr_line' id='line_1_23' title="bbox 1989 1066 3490 1139; baseline -0.007 -9"><span class='ocrx_word' id='word_1_158' title='bbox 1989 1076 2151 1130; x_wconf 75' lang='lat' dir='ltr'><strong>Vsus.</strong></span> <span class='ocrx_word' id='word_1_159' title='bbox 2188 1073 2274 1127; x_wconf 78' lang='grc'><strong>15.</strong></span> <span class='ocrx_word' id='word_1_160' title='bbox 2327 1091 2345 1124; x_wconf 73' lang='grc' dir='ltr'><strong>ι</strong></span> <span class='ocrx_word' id='word_1_161' title='bbox 2385 1072 2515 1125; x_wconf 79' lang='lat' dir='ltr'><strong>Nam</strong></span> <span class='ocrx_word' id='word_1_162' title='bbox 2569 1068 2874 1139; x_wconf 89' lang='lat' dir='ltr'><strong>hujusmodi</strong></span> <span class='ocrx_word' id='word_1_163' title='bbox 2916 1066 3313 1138; x_wconf 84' lang='lat' dir='ltr'><strong>pseudapostoli</strong></span> <span class='ocrx_word' id='word_1_164' title='bbox 3360 1076 3490 1121; x_wconf 88' lang='lat' dir='ltr'><strong>sunt</strong></span> 
     </span>
    </p>
   </div>
   <div class='ocr_carea' id='block_1_24' title="bbox 1917 1157 3486 1236">
    <p class='ocr_par' dir='ltr' id='par_1_24' title="bbox 1917 1157 3486 1236">
     <span class='ocr_line' id='line_1_24' title="bbox 1917 1157 3486 1236; baseline -0.008 -14"><span class='ocrx_word' id='word_1_165' title='bbox 1917 1166 2151 1236; x_wconf 80' lang='lat' dir='ltr'><strong>operarii</strong></span> <span class='ocrx_word' id='word_1_166' title='bbox 2208 1166 2452 1228; x_wconf 81' lang='lat' dir='ltr'><strong>subiloli,</strong></span> <span class='ocrx_word' id='word_1_167' title='bbox 2506 1166 2954 1227; x_wconf 71' lang='lat' dir='ltr'><strong>transligurantes</strong></span> <span class='ocrx_word' id='word_1_168' title='bbox 3005 1174 3063 1214; x_wconf 90' lang='lat' dir='ltr'><strong>se</strong></span> <span class='ocrx_word' id='word_1_169' title='bbox 3111 1160 3163 1214; x_wconf 93' lang='lat' dir='ltr'><strong>in</strong></span> <span class='ocrx_word' id='word_1_170' title='bbox 3218 1157 3486 1225; x_wconf 83' lang='lat' dir='ltr'><strong>apostolos</strong></span> 
     </span>
    </p>
   </div>
   <div class='ocr_carea' id='block_1_25' title="bbox 1918 1250 3489 1318">
    <p class='ocr_par' dir='ltr' id='par_1_25' title="bbox 1918 1250 3489 1318">
     <span class='ocr_line' id='line_1_25' title="bbox 1918 1250 3489 1318; baseline -0.009 -5"><span class='ocrx_word' id='word_1_171' title='bbox 1918 1258 2139 1314; x_wconf 72' lang='lat' dir='ltr'><strong>Christi.</strong></span> <span class='ocrx_word' id='word_1_172' title='bbox 2182 1278 2200 1309; x_wconf 75' lang='grc' dir='ltr'><strong>ι</strong></span> <span class='ocrx_word' id='word_1_173' title='bbox 2253 1256 2388 1318; x_wconf 73' lang='lat' dir='ltr'><strong>Quid</strong></span> <span class='ocrx_word' id='word_1_174' title='bbox 2436 1254 2558 1307; x_wconf 86' lang='lat' dir='ltr'><strong>ais?</strong></span> <span class='ocrx_word' id='word_1_175' title='bbox 2599 1254 2873 1307; x_wconf 71' lang='lat' dir='ltr'><strong>Christum</strong></span> <span class='ocrx_word' id='word_1_176' title='bbox 2929 1250 3331 1313; x_wconf 83' lang='lat' dir='ltr'><strong>annuntiantes,</strong></span> <span class='ocrx_word' id='word_1_177' title='bbox 3390 1263 3489 1300; x_wconf 83' lang='lat' dir='ltr'><strong>nec</strong></span> 
     </span>
    </p>
   </div>
   <div class='ocr_carea' id='block_1_26' title="bbox 1919 1345 3487 1415">
    <p class='ocr_par' dir='ltr' id='par_1_26' title="bbox 1919 1345 3487 1415">
     <span class='ocr_line' id='line_1_26' title="bbox 1919 1345 3487 1415; baseline -0.01 -11"><span class='ocrx_word' id='word_1_178' title='bbox 1919 1349 2063 1404; x_wconf 81' lang='lat' dir='ltr'><strong>aliud</strong></span> <span class='ocrx_word' id='word_1_179' title='bbox 2097 1345 2443 1415; x_wconf 69' lang='lat' dir='ltr'><strong>Evangeliunt</strong></span> <span class='ocrx_word' id='word_1_180' title='bbox 2495 1345 2896 1398; x_wconf 81' lang='lat' dir='ltr'><strong>introducentes</strong></span> <span class='ocrx_word' id='word_1_181' title='bbox 2918 1382 2933 1403; x_wconf 89' lang='lat'><strong>,</strong></span> <span class='ocrx_word' id='word_1_182' title='bbox 2968 1352 3025 1395; x_wconf 86' lang='lat' dir='ltr'><strong>nt</strong></span> <span class='ocrx_word' id='word_1_183' title='bbox 3060 1356 3221 1405; x_wconf 85' lang='lat' dir='ltr'><strong>supra</strong></span> <span class='ocrx_word' id='word_1_184' title='bbox 3252 1352 3487 1392; x_wconf 89' lang='lat' dir='ltr'><strong>comme-</strong></span> 
     </span>
    </p>
   </div>
   <div class='ocr_carea' id='block_1_27' title="bbox 1902 1425 3488 1505">
    <p class='ocr_par' dir='ltr' id='par_1_27' title="bbox 1902 1425 3488 1505">
     <span class='ocr_line' id='line_1_27' title="bbox 1902 1425 3488 1505; baseline -0.014 -8"><span class='ocrx_word' id='word_1_185' title='bbox 1902 1441 2180 1502; x_wconf 80' lang='lat' dir='ltr'><strong>‘morasti,</strong></span> <span class='ocrx_word' id='word_1_186' title='bbox 2231 1434 2629 1505; x_wconf 86' lang='lat' dir='ltr'><strong>pseudapostoli</strong></span> <span class='ocrx_word' id='word_1_187' title='bbox 2689 1448 2835 1487; x_wconf 90' lang='lat' dir='ltr'><strong>nunc</strong></span> <span class='ocrx_word' id='word_1_188' title='bbox 2890 1428 3058 1485; x_wconf 89' lang='lat' dir='ltr'><strong>sunt?</strong></span> <span class='ocrx_word' id='word_1_189' title='bbox 3110 1428 3239 1490; x_wconf 66' lang='lat' dir='ltr'><strong>Nae,</strong></span> <span class='ocrx_word' id='word_1_190' title='bbox 3294 1425 3488 1493; x_wconf 85' lang='lat' dir='ltr'><strong>inquit,</strong></span> 
     </span>
    </p>
   </div>
   <div class='ocr_carea' id='block_1_28' title="bbox 1921 1518 3489 1605">
    <p class='ocr_par' dir='ltr' id='par_1_28' title="bbox 1921 1518 3489 1605">
     <span class='ocr_line' id='line_1_28' title="bbox 1921 1518 3489 1605; baseline -0.015 -13"><span class='ocrx_word' id='word_1_191' title='bbox 1921 1547 2139 1605; x_wconf 87' lang='lat' dir='ltr'><strong>propter</strong></span> <span class='ocrx_word' id='word_1_192' title='bbox 2181 1536 2283 1588; x_wconf 91' lang='lat' dir='ltr'><strong>hoc</strong></span> <span class='ocrx_word' id='word_1_193' title='bbox 2334 1531 2531 1597; x_wconf 84' lang='lat' dir='ltr'><strong>ipsum.</strong></span> <span class='ocrx_word' id='word_1_194' title='bbox 2567 1529 2668 1582; x_wconf 85' lang='lat' dir='ltr'><strong>Ista</strong></span> <span class='ocrx_word' id='word_1_195' title='bbox 2715 1528 2858 1579; x_wconf 90' lang='lat' dir='ltr'><strong>enim</strong></span> <span class='ocrx_word' id='word_1_196' title='bbox 2896 1523 3234 1585; x_wconf 85' lang='lat' dir='ltr'><strong>simulantes,</strong></span> <span class='ocrx_word' id='word_1_197' title='bbox 3268 1518 3489 1573; x_wconf 83' lang='lat' dir='ltr'><strong>clancu-</strong></span> 
     </span>
    </p>
   </div>
   <div class='ocr_carea' id='block_1_29' title="bbox 1922 1610 3487 1694">
    <p class='ocr_par' dir='ltr' id='par_1_29' title="bbox 1922 1610 3487 1694">
     <span class='ocr_line' id='line_1_29' title="bbox 1922 1610 3487 1694; baseline -0.016 -12"><span class='ocrx_word' id='word_1_198' title='bbox 1922 1631 2028 1682; x_wconf 90' lang='lat' dir='ltr'><strong>lum</strong></span> <span class='ocrx_word' id='word_1_199' title='bbox 2056 1626 2218 1694; x_wconf 86' lang='lat' dir='ltr'><strong>impia</strong></span> <span class='ocrx_word' id='word_1_200' title='bbox 2251 1625 2503 1690; x_wconf 79' lang='lat' dir='ltr'><strong>dogmata</strong></span> <span class='ocrx_word' id='word_1_201' title='bbox 2533 1619 2897 1671; x_wconf 81' lang='lat' dir='ltr'><strong>subinl&#39;erunt.</strong></span> <span class='ocrx_word' id='word_1_202' title='bbox 2935 1631 2952 1664; x_wconf 82' lang='grc' dir='ltr'><strong>ι</strong></span> <span class='ocrx_word' id='word_1_203' title='bbox 2984 1610 3226 1681; x_wconf 84' lang='lat' dir='ltr'><strong>Operarii</strong></span> <span class='ocrx_word' id='word_1_204' title='bbox 3260 1628 3277 1661; x_wconf 71' lang='grc' dir='ltr'><strong>ι</strong></span> <span class='ocrx_word' id='word_1_205' title='bbox 3308 1617 3487 1661; x_wconf 88' lang='lat' dir='ltr'><strong>autem</strong></span> 
     </span>
    </p>
   </div>
   <div class='ocr_carea' id='block_1_30' title="bbox 1928 1704 3492 1785">
    <p class='ocr_par' dir='ltr' id='par_1_30' title="bbox 1928 1704 3492 1785">
     <span class='ocr_line' id='line_1_30' title="bbox 1928 1704 3492 1785; baseline -0.015 -13"><span class='ocrx_word' id='word_1_206' title='bbox 1928 1741 1946 1772; x_wconf 75' lang='grc' dir='ltr'><strong>ι</strong></span> <span class='ocrx_word' id='word_1_207' title='bbox 1987 1718 2177 1781; x_wconf 84' lang='lat' dir='ltr'><strong>dolosi,</strong></span> <span class='ocrx_word' id='word_1_208' title='bbox 2219 1735 2238 1768; x_wconf 73' lang='grc' dir='ltr'><strong>ι</strong></span> <span class='ocrx_word' id='word_1_209' title='bbox 2271 1723 2541 1785; x_wconf 80' lang='lat' dir='ltr'><strong>quatenus</strong></span> <span class='ocrx_word' id='word_1_210' title='bbox 2573 1709 2783 1777; x_wconf 84' lang='lat' dir='ltr'><strong>operari</strong></span> <span class='ocrx_word' id='word_1_211' title='bbox 2830 1706 3042 1776; x_wconf 85' lang='lat' dir='ltr'><strong>quidem</strong></span> <span class='ocrx_word' id='word_1_212' title='bbox 3074 1704 3347 1763; x_wconf 82' lang='lat' dir='ltr'><strong>videntur,</strong></span> <span class='ocrx_word' id='word_1_213' title='bbox 3407 1714 3492 1751; x_wconf 85' lang='lat' dir='ltr'><strong>re-</strong></span> 
     </span>
    </p>
   </div>
   <div class='ocr_carea' id='block_1_31' title="bbox 252 1789 1927 1886">
    <p class='ocr_par' dir='ltr' id='par_1_31' title="bbox 252 1789 1927 1886">
     <span class='ocr_line' id='line_1_31' title="bbox 252 1789 1927 1886; baseline -0.011 -17"><span class='ocrx_word' id='word_1_214' title='bbox 252 1789 439 1885; x_wconf 68' lang='grc' dir='ltr'>σχῆμα</span> <span class='ocrx_word' id='word_1_215' title='bbox 477 1815 637 1883; x_wconf 90' lang='grc' dir='ltr'>μόνον</span> <span class='ocrx_word' id='word_1_216' title='bbox 659 1813 706 1844; x_wconf 81' lang='grc'><strong>⁷⁸</strong></span> <span class='ocrx_word' id='word_1_217' title='bbox 736 1812 949 1881; x_wconf 76' lang='grc' dir='ltr'>ἔχουσιν</span> <span class='ocrx_word' id='word_1_218' title='bbox 975 1808 1314 1873; x_wconf 79' lang='grc' dir='ltr'>ἀποστόλων,</span> <span class='ocrx_word' id='word_1_219' title='bbox 1346 1806 1442 1859; x_wconf 80' lang='grc' dir='ltr'>καὶ</span> <span class='ocrx_word' id='word_1_220' title='bbox 1481 1804 1643 1874; x_wconf 78' lang='grc' dir='ltr'>δορὰν</span> <span class='ocrx_word' id='word_1_221' title='bbox 1685 1819 1817 1871; x_wconf 81' lang='grc' dir='ltr'>προ·</span> <span class='ocrx_word' id='word_1_222' title='bbox 1850 1827 1896 1886; x_wconf 81' lang='grc' dir='ltr'><strong>Β</strong></span> <span class='ocrx_word' id='word_1_223' title='bbox 1926 1832 1927 1838; x_wconf 60' lang='grc' dir='ltr'><strong>η</strong></span> 
     </span>
    </p>
   </div>
   <div class='ocr_carea' id='block_1_32' title="bbox 1817 1789 3492 1886">
    <p class='ocr_par' dir='ltr' id='par_1_32' title="bbox 1850 1789 3492 1886">
     <span class='ocr_line' id='line_1_32' title="bbox 1850 1789 3492 1886; baseline -0.016 -19"><span class='ocrx_word' id='word_1_224' title='bbox 1850 1827 1896 1886; x_wconf 82' lang='grc' dir='ltr'><strong>Β</strong></span> <span class='ocrx_word' id='word_1_225' title='bbox 1926 1815 2124 1869; x_wconf 78' lang='lat' dir='ltr'><strong>vellunt</strong></span> <span class='ocrx_word' id='word_1_226' title='bbox 2154 1822 2334 1863; x_wconf 87' lang='lat' dir='ltr'><strong>autem</strong></span> <span class='ocrx_word' id='word_1_227' title='bbox 2376 1808 2637 1875; x_wconf 83' lang='lat' dir='ltr'><strong>plantata,</strong></span> <span class='ocrx_word' id='word_1_228' title='bbox 2674 1816 2737 1855; x_wconf 89' lang='lat' dir='ltr'><strong>ac</strong></span> <span class='ocrx_word' id='word_1_229' title='bbox 2769 1802 2992 1867; x_wconf 81' lang='lat' dir='ltr'><strong>liguram</strong></span> <span class='ocrx_word' id='word_1_230' title='bbox 3033 1805 3243 1848; x_wconf 89' lang='lat' dir='ltr'><strong>tantum</strong></span> <span class='ocrx_word' id='word_1_231' title='bbox 3292 1789 3492 1845; x_wconf 88' lang='lat' dir='ltr'><strong>habent</strong></span> 
     </span>
    </p>
   </div>
   <div class='ocr_carea' id='block_1_33' title="bbox 252 1901 1102 1970">
    <p class='ocr_par' dir='ltr' id='par_1_33' title="bbox 252 1901 1102 1970">
     <span class='ocr_line' id='line_1_33' title="bbox 252 1901 1102 1970; baseline -0.002 -13"><span class='ocrx_word' id='word_1_232' title='bbox 252 1909 452 1970; x_wconf 67' lang='grc' dir='ltr'>ϐάτων,</span> <span class='ocrx_word' id='word_1_233' title='bbox 486 1904 638 1958; x_wconf 86' lang='grc' dir='ltr'>λύκοι</span> <span class='ocrx_word' id='word_1_234' title='bbox 663 1904 719 1956; x_wconf 85' lang='grc' dir='ltr'><strong>δέ</strong></span> <span class='ocrx_word' id='word_1_235' title='bbox 748 1904 886 1955; x_wconf 82' lang='grc' dir='ltr'>εἰσιν</span> <span class='ocrx_word' id='word_1_236' title='bbox 912 1901 1102 1963; x_wconf 73' lang='grc' dir='ltr'>ὅντως.</span> 
     </span>
    </p>
   </div>
   <div class='ocr_carea' id='block_1_34' title="bbox 332 2077 1823 2153">
    <p class='ocr_par' dir='ltr' id='par_1_34' title="bbox 332 2077 1823 2153">
     <span class='ocr_line' id='line_1_34' title="bbox 332 2077 1823 2153; baseline -0.006 -16"><span class='ocrx_word' id='word_1_237' title='bbox 332 2107 350 2137; x_wconf 74' lang='grc' dir='ltr'><strong>ι</strong></span> <span class='ocrx_word' id='word_1_238' title='bbox 390 2088 499 2139; x_wconf 75' lang='grc' dir='ltr'><strong>Καὶ</strong></span> <span class='ocrx_word' id='word_1_239' title='bbox 527 2086 589 2139; x_wconf 78' lang='grc' dir='ltr'><strong>οὐ</strong></span> <span class='ocrx_word' id='word_1_240' title='bbox 616 2082 958 2153; x_wconf 87' lang='grc' dir='ltr'>θαυμαστόν·</span> <span class='ocrx_word' id='word_1_241' title='bbox 987 2080 1146 2143; x_wconf 79' lang='grc' dir='ltr'>αὐτὸς</span> <span class='ocrx_word' id='word_1_242' title='bbox 1175 2080 1283 2148; x_wconf 84' lang='grc' dir='ltr'>γὰρ</span> <span class='ocrx_word' id='word_1_243' title='bbox 1314 2079 1341 2131; x_wconf 93' lang='lat'><strong>6</strong></span> <span class='ocrx_word' id='word_1_244' title='bbox 1373 2077 1617 2139; x_wconf 76' lang='grc' dir='ltr'>Σατανᾶς</span> <span class='ocrx_word' id='word_1_245' title='bbox 1656 2092 1823 2145; x_wconf 87' lang='grc' dir='ltr'>μετα-</span> 
     </span>
    </p>
   </div>
   <div class='ocr_carea' id='block_1_35' title="bbox 258 2169 1821 2254">
    <p class='ocr_par' dir='ltr' id='par_1_35' title="bbox 258 2169 1821 2254">
     <span class='ocr_line' id='line_1_35' title="bbox 258 2169 1821 2254; baseline -0.01 -17"><span class='ocrx_word' id='word_1_246' title='bbox 258 2183 655 2254; x_wconf 76' lang='grc' dir='ltr'>σχηματίζεται</span> <span class='ocrx_word' id='word_1_247' title='bbox 714 2180 793 2242; x_wconf 74' lang='grc' dir='ltr'><strong>εἰς</strong></span> <span class='ocrx_word' id='word_1_248' title='bbox 847 2176 1079 2245; x_wconf 80' lang='grc' dir='ltr'>ἄγγελον</span> <span class='ocrx_word' id='word_1_249' title='bbox 1118 2173 1316 2241; x_wconf 77' lang='grc' dir='ltr'>φωτός.</span> <span class='ocrx_word' id='word_1_250' title='bbox 1365 2191 1383 2225; x_wconf 69' lang='grc' dir='ltr'><strong>ι</strong></span> <span class='ocrx_word' id='word_1_251' title='bbox 1442 2172 1611 2225; x_wconf 85' lang='grc' dir='ltr'>Ὅταν</span> <span class='ocrx_word' id='word_1_252' title='bbox 1641 2169 1748 2238; x_wconf 78' lang='grc' dir='ltr'><strong>γάρ</strong></span> <span class='ocrx_word' id='word_1_253' title='bbox 1794 2171 1821 2222; x_wconf 98' lang='lat'><strong>6</strong></span> 
     </span>
    </p>
   </div>
   <div class='ocr_carea' id='block_1_36' title="bbox 254 2260 1822 2337">
    <p class='ocr_par' dir='ltr' id='par_1_36' title="bbox 254 2260 1822 2337">
     <span class='ocr_line' id='line_1_36' title="bbox 254 2260 1822 2337; baseline -0.01 -10"><span class='ocrx_word' id='word_1_254' title='bbox 254 2274 578 2337; x_wconf 83' lang='grc' dir='ltr'>διδάσκαλος</span> <span class='ocrx_word' id='word_1_255' title='bbox 611 2271 789 2325; x_wconf 78' lang='grc' dir='ltr'>αὐτῶν</span> <span class='ocrx_word' id='word_1_256' title='bbox 836 2270 1019 2323; x_wconf 84' lang='grc' dir='ltr'>πάντα</span> <span class='ocrx_word' id='word_1_257' title='bbox 1048 2267 1258 2337; x_wconf 81' lang='grc' dir='ltr'>τολμᾷ,</span> <span class='ocrx_word' id='word_1_258' title='bbox 1306 2265 1456 2318; x_wconf 81' lang='grc' dir='ltr'>οὐδὲν</span> <span class='ocrx_word' id='word_1_259' title='bbox 1507 2260 1822 2330; x_wconf 81' lang='grc' dir='ltr'>θαυμαστὸν</span> 
     </span>
    </p>
   </div>
   <div class='ocr_carea' id='block_1_37' title="bbox 257 2353 1816 2435">
    <p class='ocr_par' dir='ltr' id='par_1_37' title="bbox 257 2353 1816 2435">
     <span class='ocr_line' id='line_1_37' title="bbox 257 2353 1816 2435; baseline -0.012 -13"><span class='ocrx_word' id='word_1_260' title='bbox 257 2367 357 2422; x_wconf 75' lang='grc' dir='ltr'>καὶ</span> <span class='ocrx_word' id='word_1_261' title='bbox 388 2382 609 2429; x_wconf 86' lang='grc' dir='ltr'>τουτους</span> <span class='ocrx_word' id='word_1_262' title='bbox 631 2364 911 2435; x_wconf 82' lang='grc' dir='ltr'>μιμεῖσθαι</span> <span class='ocrx_word' id='word_1_263' title='bbox 934 2362 1116 2415; x_wconf 78' lang='grc' dir='ltr'>αὐτόν.</span> <span class='ocrx_word' id='word_1_264' title='bbox 1157 2380 1177 2412; x_wconf 79' lang='lat' dir='ltr'><strong>r</strong></span> <span class='ocrx_word' id='word_1_265' title='bbox 1212 2357 1473 2426; x_wconf 85' lang='grc' dir='ltr'>Ἀγγελον</span> <span class='ocrx_word' id='word_1_266' title='bbox 1493 2356 1548 2409; x_wconf 85' lang='grc' dir='ltr'>δὲ</span> <span class='ocrx_word' id='word_1_267' title='bbox 1581 2353 1756 2422; x_wconf 80' lang='grc' dir='ltr'>φωτὸς</span> <span class='ocrx_word' id='word_1_268' title='bbox 1798 2372 1816 2405; x_wconf 75' lang='grc' dir='ltr'><strong>ι</strong></span> 
     </span>
    </p>
   </div>
   <div class='ocr_carea' id='block_1_38' title="bbox 266 2446 1822 2526">
    <p class='ocr_par' dir='ltr' id='par_1_38' title="bbox 266 2446 1822 2526">
     <span class='ocr_line' id='line_1_38' title="bbox 266 2446 1822 2526; baseline -0.009 -16"><span class='ocrx_word' id='word_1_269' title='bbox 266 2459 418 2523; x_wconf 81' lang='grc' dir='ltr'>λέγει</span> <span class='ocrx_word' id='word_1_270' title='bbox 448 2457 537 2510; x_wconf 81' lang='grc' dir='ltr'><strong>τὸν</strong></span> <span class='ocrx_word' id='word_1_271' title='bbox 586 2456 893 2526; x_wconf 71' lang='grc' dir='ltr'>παρρησίαν</span> <span class='ocrx_word' id='word_1_272' title='bbox 938 2454 1149 2523; x_wconf 73' lang='grc' dir='ltr'>ἔχοντα,</span> <span class='ocrx_word' id='word_1_273' title='bbox 1184 2451 1277 2505; x_wconf 82' lang='grc' dir='ltr'><strong>τὸν</strong></span> <span class='ocrx_word' id='word_1_274' title='bbox 1310 2449 1387 2517; x_wconf 85' lang='grc' dir='ltr'>τῷ</span> <span class='ocrx_word' id='word_1_275' title='bbox 1418 2446 1658 2517; x_wconf 75' lang='grc' dir='ltr'>ἀληθινῷ</span> <span class='ocrx_word' id='word_1_276' title='bbox 1684 2446 1822 2512; x_wconf 71' lang='grc' dir='ltr'>φωτὶ</span> 
     </span>
    </p>
   </div>
   <div class='ocr_carea' id='block_1_39' title="bbox 261 2538 1822 2620">
    <p class='ocr_par' dir='ltr' id='par_1_39' title="bbox 261 2538 1822 2620">
     <span class='ocr_line' id='line_1_39' title="bbox 261 2538 1822 2620; baseline -0.012 -16"><span class='ocrx_word' id='word_1_277' title='bbox 261 2550 608 2620; x_wconf 77' lang='grc' dir='ltr'>παρεστῶτα,</span> <span class='ocrx_word' id='word_1_278' title='bbox 632 2548 723 2601; x_wconf 80' lang='grc' dir='ltr'><strong>τὸν</strong></span> <span class='ocrx_word' id='word_1_279' title='bbox 744 2546 1073 2615; x_wconf 80' lang='grc' dir='ltr'>ἀγγέλλοντα</span> <span class='ocrx_word' id='word_1_280' title='bbox 1094 2546 1175 2597; x_wconf 87' lang='grc' dir='ltr'><strong>ὃτι</strong></span> <span class='ocrx_word' id='word_1_281' title='bbox 1200 2543 1294 2596; x_wconf 82' lang='grc' dir='ltr'>καὶ</span> <span class='ocrx_word' id='word_1_282' title='bbox 1318 2544 1346 2594; x_wconf 95' lang='lat'><strong>6</strong></span> <span class='ocrx_word' id='word_1_283' title='bbox 1368 2540 1499 2603; x_wconf 75' lang='grc' dir='ltr'>Θεὸς</span> <span class='ocrx_word' id='word_1_284' title='bbox 1517 2540 1631 2604; x_wconf 84' lang='grc' dir='ltr'><strong>φῶς</strong></span> <span class='ocrx_word' id='word_1_285' title='bbox 1654 2538 1822 2599; x_wconf 70' lang='grc' dir='ltr'>ἐστιν,</span> 
     </span>
    </p>
   </div>
   <div class='ocr_carea' id='block_1_40' title="bbox 262 2630 1827 2713">
    <p class='ocr_par' dir='ltr' id='par_1_40' title="bbox 262 2630 1827 2713">
     <span class='ocr_line' id='line_1_40' title="bbox 262 2630 1827 2713; baseline -0.009 -17"><span class='ocrx_word' id='word_1_286' title='bbox 262 2647 322 2696; x_wconf 72' lang='grc' dir='ltr'>ἐν</span> <span class='ocrx_word' id='word_1_287' title='bbox 351 2643 430 2713; x_wconf 82' lang='grc' dir='ltr'>τῷ</span> <span class='ocrx_word' id='word_1_288' title='bbox 462 2643 554 2695; x_wconf 78' lang='grc' dir='ltr'>καὶ</span> <span class='ocrx_word' id='word_1_289' title='bbox 584 2641 746 2695; x_wconf 80' lang='grc' dir='ltr'>αὐτὸν</span> <span class='ocrx_word' id='word_1_290' title='bbox 779 2634 918 2692; x_wconf 80' lang='grc' dir='ltr'>εἶναι</span> <span class='ocrx_word' id='word_1_291' title='bbox 967 2637 1104 2705; x_wconf 83' lang='grc' dir='ltr'><strong>φῶς.</strong></span> <span class='ocrx_word' id='word_1_292' title='bbox 1148 2634 1700 2705; x_wconf 79' lang='grc' dir='ltr'>Μετασχηματίζεται</span> <span class='ocrx_word' id='word_1_293' title='bbox 1732 2630 1827 2683; x_wconf 79' lang='grc' dir='ltr'><strong>καὶ</strong></span> 
     </span>
    </p>
   </div>
   <div class='ocr_carea' id='block_1_41' title="bbox 264 2721 1828 2797">
    <p class='ocr_par' dir='ltr' id='par_1_41' title="bbox 264 2721 1828 2797">
     <span class='ocr_line' id='line_1_41' title="bbox 264 2721 1828 2797; baseline -0.008 -11"><span class='ocrx_word' id='word_1_294' title='bbox 264 2735 345 2796; x_wconf 72' lang='grc' dir='ltr'><strong>εἰς</strong></span> <span class='ocrx_word' id='word_1_295' title='bbox 381 2733 624 2785; x_wconf 83' lang='grc' dir='ltr'>τοιοῦτον</span> <span class='ocrx_word' id='word_1_296' title='bbox 652 2733 699 2764; x_wconf 77' lang='grc'><strong>⁷⁸</strong></span> <span class='ocrx_word' id='word_1_297' title='bbox 726 2734 754 2784; x_wconf 92' lang='lat'><strong>6</strong></span> <span class='ocrx_word' id='word_1_298' title='bbox 792 2730 1057 2793; x_wconf 78' lang='grc' dir='ltr'>διάϐολος,</span> <span class='ocrx_word' id='word_1_299' title='bbox 1106 2729 1165 2781; x_wconf 83' lang='grc' dir='ltr'>οὐ</span> <span class='ocrx_word' id='word_1_300' title='bbox 1192 2728 1402 2797; x_wconf 80' lang='grc' dir='ltr'>γίνεται</span> <span class='ocrx_word' id='word_1_301' title='bbox 1430 2724 1689 2785; x_wconf 83' lang='grc' dir='ltr'>τοιοῦτος.</span> <span class='ocrx_word' id='word_1_302' title='bbox 1723 2721 1828 2775; x_wconf 81' lang='grc' dir='ltr'><strong>Οὓ-</strong></span> 
     </span>
    </p>
   </div>
   <div class='ocr_carea' id='block_1_42' title="bbox 262 2816 1825 2893">
    <p class='ocr_par' dir='ltr' id='par_1_42' title="bbox 262 2816 1825 2893">
     <span class='ocr_line' id='line_1_42' title="bbox 262 2816 1825 2893; baseline -0.008 -14"><span class='ocrx_word' id='word_1_303' title='bbox 262 2842 373 2888; x_wconf 90' lang='grc' dir='ltr'><strong>τως</strong></span> <span class='ocrx_word' id='word_1_304' title='bbox 401 2821 493 2879; x_wconf 82' lang='grc' dir='ltr'><strong>οὖν</strong></span> <span class='ocrx_word' id='word_1_305' title='bbox 517 2825 612 2877; x_wconf 72' lang='grc' dir='ltr'><strong>καὶ</strong></span> <span class='ocrx_word' id='word_1_306' title='bbox 638 2817 784 2878; x_wconf 73' lang='grc' dir='ltr'>οὗτοι</span> <span class='ocrx_word' id='word_1_307' title='bbox 814 2823 998 2893; x_wconf 82' lang='grc' dir='ltr'>σχῆμα</span> <span class='ocrx_word' id='word_1_308' title='bbox 1028 2820 1187 2889; x_wconf 86' lang='grc' dir='ltr'>μόνον</span> <span class='ocrx_word' id='word_1_309' title='bbox 1213 2819 1471 2890; x_wconf 85' lang='grc' dir='ltr'>φέρουσιν</span> <span class='ocrx_word' id='word_1_310' title='bbox 1496 2816 1825 2881; x_wconf 87' lang='grc' dir='ltr'>ἀποστόλων,</span> 
     </span>
    </p>
   </div>
   <div class='ocr_carea' id='block_1_43' title="bbox 264 2908 1829 2989">
    <p class='ocr_par' dir='ltr' id='par_1_43' title="bbox 264 2908 1829 2989">
     <span class='ocr_line' id='line_1_43' title="bbox 264 2908 1829 2989; baseline -0.007 -16"><span class='ocrx_word' id='word_1_311' title='bbox 264 2921 368 2973; x_wconf 81' lang='grc' dir='ltr'><strong>οὐκ</strong></span> <span class='ocrx_word' id='word_1_312' title='bbox 394 2919 562 2988; x_wconf 74' lang='grc' dir='ltr'>αὐτὴν</span> <span class='ocrx_word' id='word_1_313' title='bbox 584 2919 683 2989; x_wconf 79' lang='grc' dir='ltr'><strong>τὴν</strong></span> <span class='ocrx_word' id='word_1_314' title='bbox 720 2918 1032 2988; x_wconf 77' lang='grc' dir='ltr'>ἐνέργειαν.</span> <span class='ocrx_word' id='word_1_315' title='bbox 1070 2914 1431 2982; x_wconf 84' lang='grc' dir='ltr'>Μανθάνομεν</span> <span class='ocrx_word' id='word_1_316' title='bbox 1458 2911 1513 2964; x_wconf 81' lang='grc' dir='ltr'>δὲ</span> <span class='ocrx_word' id='word_1_317' title='bbox 1558 2908 1829 2973; x_wconf 67' lang='grc' dir='ltr'>ἐντεῦθεν,</span> 
     </span>
    </p>
   </div>
   <div class='ocr_carea' id='block_1_44' title="bbox 264 3001 1830 3079">
    <p class='ocr_par' dir='ltr' id='par_1_44' title="bbox 264 3001 1830 3079">
     <span class='ocr_line' id='line_1_44' title="bbox 264 3001 1830 3079; baseline -0.008 -15"><span class='ocrx_word' id='word_1_318' title='bbox 264 3012 349 3064; x_wconf 84' lang='grc' dir='ltr'>ὃτι</span> <span class='ocrx_word' id='word_1_319' title='bbox 386 3012 447 3064; x_wconf 81' lang='grc' dir='ltr'><strong>τὸ</strong></span> <span class='ocrx_word' id='word_1_320' title='bbox 491 3010 626 3079; x_wconf 83' lang='grc' dir='ltr'>πρὸς</span> <span class='ocrx_word' id='word_1_321' title='bbox 672 3010 933 3076; x_wconf 74' lang='grc' dir='ltr'>ἐπίδειξίν</span> <span class='ocrx_word' id='word_1_322' title='bbox 980 3025 1034 3061; x_wconf 92' lang='grc' dir='ltr'><strong>τι</strong></span> <span class='ocrx_word' id='word_1_323' title='bbox 1083 3008 1275 3071; x_wconf 87' lang='grc' dir='ltr'>ποιεῖν,</span> <span class='ocrx_word' id='word_1_324' title='bbox 1321 3004 1556 3074; x_wconf 82' lang='grc' dir='ltr'>μάλισά</span> <span class='ocrx_word' id='word_1_325' title='bbox 1612 3001 1830 3054; x_wconf 83' lang='grc' dir='ltr'>πάντων</span> 
     </span>
    </p>
   </div>
   <div class='ocr_carea' id='block_1_45' title="bbox 265 3103 594 3159">
    <p class='ocr_par' dir='ltr' id='par_1_45' title="bbox 265 3103 594 3159">
     <span class='ocr_line' id='line_1_45' title="bbox 265 3103 594 3159; baseline 0 -1"><span class='ocrx_word' id='word_1_326' title='bbox 265 3103 594 3159; x_wconf 76' lang='grc' dir='ltr'>διαϐολικόν.</span> 
     </span>
    </p>
   </div>
   <div class='ocr_carea' id='block_1_46' title="bbox 346 3174 1829 3265">
    <p class='ocr_par' dir='ltr' id='par_1_46' title="bbox 346 3174 1829 3265">
     <span class='ocr_line' id='line_1_46' title="bbox 346 3174 1829 3265; baseline -0.005 -17"><span class='ocrx_word' id='word_1_327' title='bbox 346 3216 365 3248; x_wconf 71' lang='grc' dir='ltr'><strong>ε</strong></span> <span class='ocrx_word' id='word_1_328' title='bbox 404 3174 479 3248; x_wconf 73' lang='lat' dir='ltr'><strong>bo</strong></span> <span class='ocrx_word' id='word_1_329' title='bbox 514 3196 655 3265; x_wconf 82' lang='grc' dir='ltr'>μέγα</span> <span class='ocrx_word' id='word_1_330' title='bbox 686 3190 778 3249; x_wconf 80' lang='grc' dir='ltr'>οὖν</span> <span class='ocrx_word' id='word_1_331' title='bbox 812 3196 859 3247; x_wconf 77' lang='grc' dir='ltr'>εἰ</span> <span class='ocrx_word' id='word_1_332' title='bbox 890 3193 982 3247; x_wconf 78' lang='grc' dir='ltr'>καὶ</span> <span class='ocrx_word' id='word_1_333' title='bbox 1010 3193 1059 3245; x_wconf 79' lang='grc' dir='ltr'><strong>οι</strong></span> <span class='ocrx_word' id='word_1_334' title='bbox 1085 3191 1323 3245; x_wconf 85' lang='grc' dir='ltr'>διάκονοι</span> <span class='ocrx_word' id='word_1_335' title='bbox 1358 3188 1522 3243; x_wconf 81' lang='grc' dir='ltr'>αὐτοῦ</span> <span class='ocrx_word' id='word_1_336' title='bbox 1559 3203 1829 3258; x_wconf 73' lang='grc' dir='ltr'>μετασχη-</span> 
     </span>
    </p>
   </div>
   <div class='ocr_carea' id='block_1_47' title="bbox 274 3274 1834 3356">
    <p class='ocr_par' dir='ltr' id='par_1_47' title="bbox 274 3274 1834 3356">
     <span class='ocr_line' id='line_1_47' title="bbox 274 3274 1834 3356; baseline -0.008 -14"><span class='ocrx_word' id='word_1_337' title='bbox 274 3287 593 3356; x_wconf 73' lang='grc' dir='ltr'>ματίςονται</span> <span class='ocrx_word' id='word_1_338' title='bbox 621 3285 697 3349; x_wconf 91' lang='grc' dir='ltr'><strong>ώς</strong></span> <span class='ocrx_word' id='word_1_339' title='bbox 744 3285 983 3338; x_wconf 85' lang='grc' dir='ltr'>διάκονοι</span> <span class='ocrx_word' id='word_1_340' title='bbox 1034 3280 1403 3350; x_wconf 84' lang='grc' dir='ltr'>δικαιοσύνης,</span> <span class='ocrx_word' id='word_1_341' title='bbox 1454 3274 1529 3333; x_wconf 81' lang='grc' dir='ltr'>ὧν</span> <span class='ocrx_word' id='word_1_342' title='bbox 1575 3280 1636 3332; x_wconf 83' lang='grc' dir='ltr'><strong>τὸ</strong></span> <span class='ocrx_word' id='word_1_343' title='bbox 1680 3279 1834 3341; x_wconf 80' lang='grc' dir='ltr'>τέλος</span> 
     </span>
    </p>
   </div>
   <div class='ocr_carea' id='block_1_48' title="bbox 270 3372 1835 3446">
    <p class='ocr_par' dir='ltr' id='par_1_48' title="bbox 270 3372 1835 3446">
     <span class='ocr_line' id='line_1_48' title="bbox 270 3372 1835 3446; baseline -0.006 -15"><span class='ocrx_word' id='word_1_344' title='bbox 270 3380 426 3432; x_wconf 73' lang='grc' dir='ltr'>ἔσται</span> <span class='ocrx_word' id='word_1_345' title='bbox 454 3378 595 3431; x_wconf 87' lang='grc' dir='ltr'><strong>κατά</strong></span> <span class='ocrx_word' id='word_1_346' title='bbox 616 3377 682 3430; x_wconf 90' lang='grc' dir='ltr'><strong>τά</strong></span> <span class='ocrx_word' id='word_1_347' title='bbox 708 3377 844 3446; x_wconf 81' lang='grc' dir='ltr'>ἔργα</span> <span class='ocrx_word' id='word_1_348' title='bbox 867 3375 1063 3430; x_wconf 81' lang='grc' dir='ltr'>αὐτῶν.</span> <span class='ocrx_word' id='word_1_349' title='bbox 1105 3392 1123 3425; x_wconf 74' lang='grc' dir='ltr'><strong>ι</strong></span> <span class='ocrx_word' id='word_1_350' title='bbox 1159 3373 1471 3435; x_wconf 86' lang='grc' dir='ltr'>Τουτέστιν,</span> <span class='ocrx_word' id='word_1_351' title='bbox 1493 3374 1568 3436; x_wconf 87' lang='grc' dir='ltr'><strong>ώς</strong></span> <span class='ocrx_word' id='word_1_352' title='bbox 1598 3372 1835 3424; x_wconf 84' lang='grc' dir='ltr'>διάκονοι</span> 
     </span>
    </p>
   </div>
   <div class='ocr_carea' id='block_1_49' title="bbox 270 3463 1835 3539">
    <p class='ocr_par' dir='ltr' id='par_1_49' title="bbox 270 3463 1835 3539">
     <span class='ocr_line' id='line_1_49' title="bbox 270 3463 1835 3539; baseline -0.004 -16"><span class='ocrx_word' id='word_1_353' title='bbox 270 3471 369 3523; x_wconf 84' lang='grc' dir='ltr'>τοῦ</span> <span class='ocrx_word' id='word_1_354' title='bbox 404 3469 738 3538; x_wconf 84' lang='grc' dir='ltr'>Εὑαγγελίου</span> <span class='ocrx_word' id='word_1_355' title='bbox 765 3468 862 3522; x_wconf 79' lang='grc' dir='ltr'>τοῦ</span> <span class='ocrx_word' id='word_1_356' title='bbox 894 3468 992 3539; x_wconf 80' lang='grc' dir='ltr'>τὴν</span> <span class='ocrx_word' id='word_1_357' title='bbox 1024 3465 1374 3535; x_wconf 89' lang='grc' dir='ltr'>δικαιοσύνην</span> <span class='ocrx_word' id='word_1_358' title='bbox 1410 3464 1652 3535; x_wconf 73' lang='grc' dir='ltr'>ἔχοντοςο</span> <span class='ocrx_word' id='word_1_359' title='bbox 1686 3463 1718 3533; x_wconf 83' lang='grc' dir='ltr'>ἢ</span> <span class='ocrx_word' id='word_1_360' title='bbox 1754 3465 1835 3517; x_wconf 83' lang='grc' dir='ltr'>ὅτι</span> 
     </span>
    </p>
   </div>
   <div class='ocr_carea' id='block_1_50' title="bbox 273 3554 1835 3631">
    <p class='ocr_par' dir='ltr' id='par_1_50' title="bbox 273 3554 1835 3631">
     <span class='ocr_line' id='line_1_50' title="bbox 273 3554 1835 3631; baseline -0.006 -14"><span class='ocrx_word' id='word_1_361' title='bbox 273 3564 502 3617; x_wconf 84' lang='grc' dir='ltr'>δικαίων</span> <span class='ocrx_word' id='word_1_362' title='bbox 550 3562 762 3631; x_wconf 82' lang='grc' dir='ltr'>ἀνδρῶν</span> <span class='ocrx_word' id='word_1_363' title='bbox 806 3561 964 3624; x_wconf 78' lang='grc' dir='ltr'>δόξαν</span> <span class='ocrx_word' id='word_1_364' title='bbox 1010 3560 1221 3621; x_wconf 80' lang='grc' dir='ltr'>ἑαυτοῖς</span> <span class='ocrx_word' id='word_1_365' title='bbox 1273 3558 1674 3627; x_wconf 78' lang='grc' dir='ltr'>περιτιθέασιν·</span> <span class='ocrx_word' id='word_1_366' title='bbox 1721 3554 1835 3607; x_wconf 82' lang='grc' dir='ltr'>ἀλλ’</span> 
     </span>
    </p>
   </div>
   <div class='ocr_carea' id='block_1_51' title="bbox 273 3647 1838 3724">
    <p class='ocr_par' dir='ltr' id='par_1_51' title="bbox 273 3647 1838 3724">
     <span class='ocr_line' id='line_1_51' title="bbox 273 3647 1838 3724; baseline -0.006 -15"><span class='ocrx_word' id='word_1_367' title='bbox 273 3658 376 3709; x_wconf 79' lang='grc' dir='ltr'><strong>οὐκ</strong></span> <span class='ocrx_word' id='word_1_368' title='bbox 406 3655 760 3724; x_wconf 75' lang='grc' dir='ltr'>ἐκφεύξονται</span> <span class='ocrx_word' id='word_1_369' title='bbox 797 3656 877 3717; x_wconf 78' lang='grc' dir='ltr'><strong>εἰς</strong></span> <span class='ocrx_word' id='word_1_370' title='bbox 901 3652 1083 3715; x_wconf 76' lang='grc' dir='ltr'>τέλοςο</span> <span class='ocrx_word' id='word_1_371' title='bbox 1109 3651 1249 3704; x_wconf 85' lang='grc' dir='ltr'><strong>κατά</strong></span> <span class='ocrx_word' id='word_1_372' title='bbox 1277 3666 1385 3719; x_wconf 80' lang='grc' dir='ltr'><strong>γαρ</strong></span> <span class='ocrx_word' id='word_1_373' title='bbox 1414 3648 1481 3701; x_wconf 83' lang='grc' dir='ltr'>τὰ</span> <span class='ocrx_word' id='word_1_374' title='bbox 1502 3649 1637 3718; x_wconf 78' lang='grc' dir='ltr'>ἔργα</span> <span class='ocrx_word' id='word_1_375' title='bbox 1658 3647 1838 3700; x_wconf 84' lang='grc' dir='ltr'>αὐτῶν</span> 
     </span>
    </p>
   </div>
   <div class='ocr_carea' id='block_1_52' title="bbox 276 3738 1837 3810">
    <p class='ocr_par' dir='ltr' id='par_1_52' title="bbox 276 3738 1837 3810">
     <span class='ocr_line' id='line_1_52' title="bbox 276 3738 1837 3810; baseline -0.007 -9"><span class='ocrx_word' id='word_1_376' title='bbox 276 3749 431 3801; x_wconf 70' lang='grc' dir='ltr'>ἔσται</span> <span class='ocrx_word' id='word_1_377' title='bbox 481 3748 544 3800; x_wconf 80' lang='grc' dir='ltr'><strong>τὸ</strong></span> <span class='ocrx_word' id='word_1_378' title='bbox 590 3747 740 3809; x_wconf 85' lang='grc' dir='ltr'>τέλος</span> <span class='ocrx_word' id='word_1_379' title='bbox 779 3743 978 3807; x_wconf 81' lang='grc' dir='ltr'>αὐτῶν,</span> <span class='ocrx_word' id='word_1_380' title='bbox 1028 3741 1311 3806; x_wconf 86' lang='grc' dir='ltr'>τουτέστι,</span> <span class='ocrx_word' id='word_1_381' title='bbox 1364 3741 1621 3810; x_wconf 84' lang='grc' dir='ltr'>πονηρόν.</span> <span class='ocrx_word' id='word_1_382' title='bbox 1674 3738 1837 3790; x_wconf 83' lang='grc' dir='ltr'>Ὥστε</span> 
     </span>
    </p>
   </div>
   <div class='ocr_carea' id='block_1_53' title="bbox 278 3830 1841 3908">
    <p class='ocr_par' dir='ltr' id='par_1_53' title="bbox 278 3830 1841 3908">
     <span class='ocr_line' id='line_1_53' title="bbox 278 3830 1841 3908; baseline -0.008 -14"><span class='ocrx_word' id='word_1_383' title='bbox 278 3841 385 3895; x_wconf 77' lang='grc' dir='ltr'><strong>ἀπὸ</strong></span> <span class='ocrx_word' id='word_1_384' title='bbox 418 3839 526 3893; x_wconf 85' lang='grc' dir='ltr'><strong>τῶν</strong></span> <span class='ocrx_word' id='word_1_385' title='bbox 578 3838 754 3908; x_wconf 83' lang='grc' dir='ltr'>ἔργων</span> <span class='ocrx_word' id='word_1_386' title='bbox 809 3836 990 3891; x_wconf 81' lang='grc' dir='ltr'>αὐτῶν</span> <span class='ocrx_word' id='word_1_387' title='bbox 1040 3834 1459 3905; x_wconf 78' lang='grc' dir='ltr'>ὲπιγνωσόμεθα</span> <span class='ocrx_word' id='word_1_388' title='bbox 1506 3832 1735 3895; x_wconf 82' lang='grc' dir='ltr'>αὐτούς’</span> <span class='ocrx_word' id='word_1_389' title='bbox 1779 3830 1841 3883; x_wconf 82' lang='grc' dir='ltr'><strong>τὸ</strong></span> 
     </span>
    </p>
   </div>
   <div class='ocr_carea' id='block_1_54' title="bbox 278 3927 1561 4005">
    <p class='ocr_par' dir='ltr' id='par_1_54' title="bbox 278 3927 1561 4005">
     <span class='ocr_line' id='line_1_54' title="bbox 278 3927 1561 4005; baseline -0.006 -18"><span class='ocrx_word' id='word_1_390' title='bbox 278 3937 388 4005; x_wconf 78' lang='grc' dir='ltr'><strong>γὰρ</strong></span> <span class='ocrx_word' id='word_1_391' title='bbox 413 3933 566 3996; x_wconf 85' lang='grc' dir='ltr'>τέλος</span> <span class='ocrx_word' id='word_1_392' title='bbox 597 3930 933 4001; x_wconf 80' lang='grc' dir='ltr'>κατάλληλον</span> <span class='ocrx_word' id='word_1_393' title='bbox 960 3930 1070 3991; x_wconf 86' lang='grc' dir='ltr'>τοῖς</span> <span class='ocrx_word' id='word_1_394' title='bbox 1109 3928 1289 3997; x_wconf 75' lang='grc' dir='ltr'>ἔργοις</span> <span class='ocrx_word' id='word_1_395' title='bbox 1324 3927 1561 3991; x_wconf 71' lang='grc' dir='ltr'>ἕξουσιν.</span> 
     </span>
    </p>
   </div>
   <div class='ocr_carea' id='block_1_55' title="bbox 354 4013 1843 4092">
    <p class='ocr_par' dir='ltr' id='par_1_55' title="bbox 354 4013 1843 4092">
     <span class='ocr_line' id='line_1_55' title="bbox 354 4013 1843 4092; baseline -0.005 -14"><span class='ocrx_word' id='word_1_396' title='bbox 354 4047 372 4078; x_wconf 74' lang='lat' dir='ltr'><strong>r</strong></span> <span class='ocrx_word' id='word_1_397' title='bbox 418 4025 582 4079; x_wconf 86' lang='grc' dir='ltr'>Πάλιν</span> <span class='ocrx_word' id='word_1_398' title='bbox 619 4024 762 4089; x_wconf 82' lang='grc' dir='ltr'>λέγω</span> <span class='ocrx_word' id='word_1_399' title='bbox 807 4023 923 4092; x_wconf 70' lang='grc' dir='ltr'><strong>(μή</strong></span> <span class='ocrx_word' id='word_1_400' title='bbox 957 4039 1040 4085; x_wconf 88' lang='grc' dir='ltr'><strong>τις</strong></span> <span class='ocrx_word' id='word_1_401' title='bbox 1072 4038 1139 4091; x_wconf 91' lang='grc' dir='ltr'><strong>με</strong></span> <span class='ocrx_word' id='word_1_402' title='bbox 1182 4019 1306 4090; x_wconf 78' lang='grc' dir='ltr'>δόξῃ</span> <span class='ocrx_word' id='word_1_403' title='bbox 1349 4019 1557 4090; x_wconf 79' lang='grc' dir='ltr'>ἄφρονα</span> <span class='ocrx_word' id='word_1_404' title='bbox 1586 4013 1759 4071; x_wconf 78' lang='grc' dir='ltr'>εἶναι’</span> <span class='ocrx_word' id='word_1_405' title='bbox 1794 4020 1843 4071; x_wconf 77' lang='grc' dir='ltr'><strong>ει</strong></span> 
     </span>
    </p>
   </div>
   <div class='ocr_carea' id='block_1_56' title="bbox 277 4111 1844 4187">
    <p class='ocr_par' dir='ltr' id='par_1_56' title="bbox 277 4111 1844 4187">
     <span class='ocr_line' id='line_1_56' title="bbox 277 4111 1844 4187; baseline -0.004 -15"><span class='ocrx_word' id='word_1_406' title='bbox 277 4119 333 4172; x_wconf 76' lang='grc' dir='ltr'>δὲ</span> <span class='ocrx_word' id='word_1_407' title='bbox 366 4119 438 4187; x_wconf 84' lang='grc' dir='ltr'>μή</span> <span class='ocrx_word' id='word_1_408' title='bbox 479 4134 565 4183; x_wconf 89' lang='grc' dir='ltr'><strong>γε,</strong></span> <span class='ocrx_word' id='word_1_409' title='bbox 590 4117 693 4170; x_wconf 83' lang='grc' dir='ltr'>κᾶν</span> <span class='ocrx_word' id='word_1_410' title='bbox 735 4114 811 4179; x_wconf 84' lang='grc' dir='ltr'><strong>ὡς</strong></span> <span class='ocrx_word' id='word_1_411' title='bbox 848 4114 1057 4184; x_wconf 75' lang='grc' dir='ltr'>ἄφρονα</span> <span class='ocrx_word' id='word_1_412' title='bbox 1081 4114 1303 4180; x_wconf 77' lang='grc' dir='ltr'>δέξασθέ</span> <span class='ocrx_word' id='word_1_413' title='bbox 1333 4131 1422 4183; x_wconf 86' lang='grc' dir='ltr'><strong>με,</strong></span> <span class='ocrx_word' id='word_1_414' title='bbox 1455 4114 1537 4166; x_wconf 81' lang='grc' dir='ltr'><strong>ἵνα</strong></span> <span class='ocrx_word' id='word_1_415' title='bbox 1568 4111 1724 4179; x_wconf 87' lang='grc' dir='ltr'><strong>κάγὼ</strong></span> <span class='ocrx_word' id='word_1_416' title='bbox 1752 4130 1844 4182; x_wconf 84' lang='grc' dir='ltr'>μι-</span> 
     </span>
    </p>
   </div>
   <div class='ocr_carea' id='block_1_57' title="bbox 281 4205 1845 4279">
    <p class='ocr_par' dir='ltr' id='par_1_57' title="bbox 281 4205 1845 4279">
     <span class='ocr_line' id='line_1_57' title="bbox 281 4205 1845 4279; baseline -0.002 -16"><span class='ocrx_word' id='word_1_417' title='bbox 281 4211 415 4279; x_wconf 89' lang='grc' dir='ltr'>κρόν</span> <span class='ocrx_word' id='word_1_418' title='bbox 452 4225 505 4261; x_wconf 90' lang='grc' dir='ltr'><strong>τι</strong></span> <span class='ocrx_word' id='word_1_419' title='bbox 541 4208 932 4276; x_wconf 83' lang='grc' dir='ltr'>καυχήσωμαι.</span> <span class='ocrx_word' id='word_1_420' title='bbox 968 4225 988 4258; x_wconf 73' lang='grc' dir='ltr'><strong>ι</strong></span> <span class='ocrx_word' id='word_1_421' title='bbox 1023 4208 1084 4259; x_wconf 73' lang='grc' dir='ltr'><strong>ει</strong></span> <span class='ocrx_word' id='word_1_422' title='bbox 1116 4207 1228 4276; x_wconf 81' lang='grc' dir='ltr'>γὰρ</span> <span class='ocrx_word' id='word_1_423' title='bbox 1255 4209 1350 4259; x_wconf 78' lang='grc' dir='ltr'><strong>καὶ</strong></span> <span class='ocrx_word' id='word_1_424' title='bbox 1384 4207 1483 4277; x_wconf 68' lang='grc' dir='ltr'>ἤδη</span> <span class='ocrx_word' id='word_1_425' title='bbox 1515 4205 1845 4278; x_wconf 70' lang='grc' dir='ltr'>προδιορθώα</span> 
     </span>
    </p>
   </div>
   <div class='ocr_carea' id='block_1_58' title="bbox 286 4298 1841 4370">
    <p class='ocr_par' dir='ltr' id='par_1_58' title="bbox 286 4298 1841 4370">
     <span class='ocr_line' id='line_1_58' title="bbox 286 4298 1841 4370; baseline -0.001 -17"><span class='ocrx_word' id='word_1_426' title='bbox 286 4318 437 4353; x_wconf 88' lang='grc' dir='ltr'>σεσιν</span> <span class='ocrx_word' id='word_1_427' title='bbox 478 4299 770 4370; x_wconf 77' lang='grc' dir='ltr'>ἐχρήσατο,</span> <span class='ocrx_word' id='word_1_428' title='bbox 805 4298 919 4351; x_wconf 88' lang='grc' dir='ltr'>ἀλλ’</span> <span class='ocrx_word' id='word_1_429' title='bbox 961 4299 1129 4369; x_wconf 82' lang='grc' dir='ltr'>ὅμως,</span> <span class='ocrx_word' id='word_1_430' title='bbox 1186 4299 1299 4352; x_wconf 83' lang='grc' dir='ltr'>Οὐκ</span> <span class='ocrx_word' id='word_1_431' title='bbox 1347 4298 1646 4370; x_wconf 81' lang='grc' dir='ltr'>ἀρκοῦμαι,</span> <span class='ocrx_word' id='word_1_432' title='bbox 1684 4299 1841 4369; x_wconf 79' lang='grc' dir='ltr'>φησὶ,</span> 
     </span>
    </p>
   </div>
   <div class='ocr_carea' id='block_1_59' title="bbox 282 4389 1844 4462">
    <p class='ocr_par' dir='ltr' id='par_1_59' title="bbox 282 4389 1844 4462">
     <span class='ocr_line' id='line_1_59' title="bbox 282 4389 1844 4462; baseline 0 -18"><span class='ocrx_word' id='word_1_433' title='bbox 282 4394 395 4455; x_wconf 81' lang='grc' dir='ltr'>τοῖς</span> <span class='ocrx_word' id='word_1_434' title='bbox 430 4392 761 4461; x_wconf 76' lang='grc' dir='ltr'>εἰρημένοις,</span> <span class='ocrx_word' id='word_1_435' title='bbox 797 4389 933 4443; x_wconf 81' lang='grc' dir='ltr'><strong>ἀλλά</strong></span> <span class='ocrx_word' id='word_1_436' title='bbox 963 4390 1127 4444; x_wconf 84' lang='grc' dir='ltr'>πάλιν</span> <span class='ocrx_word' id='word_1_437' title='bbox 1171 4390 1334 4458; x_wconf 85' lang='grc' dir='ltr'>λέγω,</span> <span class='ocrx_word' id='word_1_438' title='bbox 1382 4390 1468 4443; x_wconf 86' lang='grc' dir='ltr'><strong>ἴνα</strong></span> <span class='ocrx_word' id='word_1_439' title='bbox 1521 4409 1540 4443; x_wconf 74' lang='grc' dir='ltr'><strong>ι</strong></span> <span class='ocrx_word' id='word_1_440' title='bbox 1584 4393 1744 4462; x_wconf 81' lang='grc' dir='ltr'>μήτις</span> <span class='ocrx_word' id='word_1_441' title='bbox 1776 4408 1844 4461; x_wconf 85' lang='grc' dir='ltr'><strong>με</strong></span> 
     </span>
    </p>
   </div>
   <div class='ocr_carea' id='block_1_60' title="bbox 1928 1889 3495 1976">
    <p class='ocr_par' dir='ltr' id='par_1_60' title="bbox 1928 1889 3495 1976">
     <span class='ocr_line' id='line_1_60' title="bbox 1928 1889 3495 1976; baseline -0.018 -14"><span class='ocrx_word' id='word_1_442' title='bbox 1928 1905 2336 1976; x_wconf 89' lang='lat' dir='ltr'><strong>apostolorum,</strong></span> <span class='ocrx_word' id='word_1_443' title='bbox 2386 1910 2442 1953; x_wconf 90' lang='lat' dir='ltr'><strong>et</strong></span> <span class='ocrx_word' id='word_1_444' title='bbox 2487 1896 2679 1967; x_wconf 81' lang='lat' dir='ltr'><strong>pellem</strong></span> <span class='ocrx_word' id='word_1_445' title='bbox 2728 1894 2932 1958; x_wconf 82' lang='lat' dir='ltr'><strong>ovium,</strong></span> <span class='ocrx_word' id='word_1_446' title='bbox 2985 1889 3097 1959; x_wconf 85' lang='lat' dir='ltr'><strong>lupi</strong></span> <span class='ocrx_word' id='word_1_447' title='bbox 3150 1897 3330 1942; x_wconf 89' lang='lat' dir='ltr'><strong>autem</strong></span> <span class='ocrx_word' id='word_1_448' title='bbox 3369 1890 3495 1937; x_wconf 83' lang='lat' dir='ltr'><strong>sunt</strong></span> 
     </span>
    </p>
   </div>
   <div class='ocr_carea' id='block_1_61' title="bbox 1928 2013 2142 2055">
    <p class='ocr_par' dir='ltr' id='par_1_61' title="bbox 1928 2013 2142 2055">
     <span class='ocr_line' id='line_1_61' title="bbox 1928 2013 2142 2055; baseline -0.014 0"><span class='ocrx_word' id='word_1_449' title='bbox 1928 2013 2142 2055; x_wconf 86' lang='lat' dir='ltr'><strong>revera.</strong></span> 
     </span>
    </p>
   </div>
   <div class='ocr_carea' id='block_1_62' title="bbox 2009 2066 3497 2145">
    <p class='ocr_par' dir='ltr' id='par_1_62' title="bbox 2009 2066 3497 2145">
     <span class='ocr_line' id='line_1_62' title="bbox 2009 2066 3497 2145; baseline -0.019 0"><span class='ocrx_word' id='word_1_450' title='bbox 2009 2091 2170 2145; x_wconf 77' lang='lat' dir='ltr'><strong>Vsus.</strong></span> <span class='ocrx_word' id='word_1_451' title='bbox 2206 2087 2294 2141; x_wconf 76' lang='grc' dir='ltr'>Η.</span> <span class='ocrx_word' id='word_1_452' title='bbox 2328 2103 2347 2137; x_wconf 77' lang='grc' dir='ltr'><strong>ι</strong></span> <span class='ocrx_word' id='word_1_453' title='bbox 2380 2083 2487 2138; x_wconf 79' lang='lat' dir='ltr'><strong>Nec</strong></span> <span class='ocrx_word' id='word_1_454' title='bbox 2519 2081 2660 2137; x_wconf 88' lang='lat' dir='ltr'><strong>enim</strong></span> <span class='ocrx_word' id='word_1_455' title='bbox 2692 2079 2907 2133; x_wconf 91' lang='lat' dir='ltr'><strong>mirum.</strong></span> <span class='ocrx_word' id='word_1_456' title='bbox 2941 2072 3058 2142; x_wconf 90' lang='lat' dir='ltr'><strong>Ipse</strong></span> <span class='ocrx_word' id='word_1_457' title='bbox 3084 2082 3315 2138; x_wconf 86' lang='lat' dir='ltr'><strong>namque</strong></span> <span class='ocrx_word' id='word_1_458' title='bbox 3340 2066 3497 2119; x_wconf 85' lang='lat' dir='ltr'><strong>Sata-</strong></span> 
     </span>
    </p>
   </div>
   <div class='ocr_carea' id='block_1_63' title="bbox 1932 2158 3497 2248">
    <p class='ocr_par' dir='ltr' id='par_1_63' title="bbox 1932 2158 3497 2248">
     <span class='ocr_line' id='line_1_63' title="bbox 1932 2158 3497 2248; baseline -0.019 -9"><span class='ocrx_word' id='word_1_459' title='bbox 1932 2200 2029 2239; x_wconf 89' lang='lat' dir='ltr'><strong>nas</strong></span> <span class='ocrx_word' id='word_1_460' title='bbox 2051 2180 2405 2248; x_wconf 87' lang='lat' dir='ltr'><strong>transligurat</strong></span> <span class='ocrx_word' id='word_1_461' title='bbox 2425 2190 2484 2230; x_wconf 91' lang='lat' dir='ltr'><strong>se</strong></span> <span class='ocrx_word' id='word_1_462' title='bbox 2516 2174 2567 2227; x_wconf 92' lang='lat' dir='ltr'><strong>in</strong></span> <span class='ocrx_word' id='word_1_463' title='bbox 2594 2172 2838 2241; x_wconf 77' lang='lat' dir='ltr'><strong>angelum</strong></span> <span class='ocrx_word' id='word_1_464' title='bbox 2864 2168 3017 2221; x_wconf 86' lang='lat' dir='ltr'><strong>lucis.</strong></span> <span class='ocrx_word' id='word_1_465' title='bbox 3048 2182 3067 2216; x_wconf 78' lang='grc'>›</span> <span class='ocrx_word' id='word_1_466' title='bbox 3093 2160 3255 2233; x_wconf 73' lang='grc'><strong>304</strong></span> <span class='ocrx_word' id='word_1_467' title='bbox 3274 2158 3497 2226; x_wconf 84' lang='lat' dir='ltr'><strong>Quando</strong></span> 
     </span>
    </p>
   </div>
   <div class='ocr_carea' id='block_1_64' title="bbox 1934 2254 3495 2334">
    <p class='ocr_par' dir='ltr' id='par_1_64' title="bbox 1934 2254 3495 2334">
     <span class='ocr_line' id='line_1_64' title="bbox 1934 2254 3495 2334; baseline -0.02 0"><span class='ocrx_word' id='word_1_468' title='bbox 1934 2281 2122 2334; x_wconf 87' lang='lat' dir='ltr'><strong>doctor</strong></span> <span class='ocrx_word' id='word_1_469' title='bbox 2160 2286 2349 2329; x_wconf 90' lang='lat' dir='ltr'><strong>eorum</strong></span> <span class='ocrx_word' id='word_1_470' title='bbox 2396 2269 2626 2323; x_wconf 85' lang='lat' dir='ltr'><strong>Satanas</strong></span> <span class='ocrx_word' id='word_1_471' title='bbox 2666 2264 2845 2319; x_wconf 85' lang='lat' dir='ltr'><strong>omnia</strong></span> <span class='ocrx_word' id='word_1_472' title='bbox 2886 2260 3068 2320; x_wconf 88' lang='lat' dir='ltr'><strong>audet,</strong></span> <span class='ocrx_word' id='word_1_473' title='bbox 3120 2254 3255 2311; x_wconf 88' lang='lat' dir='ltr'><strong>nihil</strong></span> <span class='ocrx_word' id='word_1_474' title='bbox 3301 2254 3495 2307; x_wconf 88' lang='lat' dir='ltr'><strong>mirum</strong></span> 
     </span>
    </p>
   </div>
   <div class='ocr_carea' id='block_1_65' title="bbox 1936 2346 3495 2431">
    <p class='ocr_par' dir='ltr' id='par_1_65' title="bbox 1936 2346 3495 2431">
     <span class='ocr_line' id='line_1_65' title="bbox 1936 2346 3495 2431; baseline -0.02 -5"><span class='ocrx_word' id='word_1_475' title='bbox 1936 2375 2033 2427; x_wconf 90' lang='lat' dir='ltr'><strong>hos</strong></span> <span class='ocrx_word' id='word_1_476' title='bbox 2070 2368 2271 2423; x_wconf 89' lang='lat' dir='ltr'><strong>imitari</strong></span> <span class='ocrx_word' id='word_1_477' title='bbox 2308 2366 2501 2431; x_wconf 91' lang='lat' dir='ltr'><strong>ipsum.</strong></span> <span class='ocrx_word' id='word_1_478' title='bbox 2537 2358 2796 2428; x_wconf 76' lang='lat' dir='ltr'><strong>Angelum</strong></span> <span class='ocrx_word' id='word_1_479' title='bbox 2826 2364 3004 2409; x_wconf 87' lang='lat' dir='ltr'><strong>autem</strong></span> <span class='ocrx_word' id='word_1_480' title='bbox 3039 2351 3176 2405; x_wconf 91' lang='lat' dir='ltr'><strong>lucis</strong></span> <span class='ocrx_word' id='word_1_481' title='bbox 3209 2346 3340 2401; x_wconf 88' lang='lat' dir='ltr'><strong>dicit</strong></span> <span class='ocrx_word' id='word_1_482' title='bbox 3372 2360 3495 2399; x_wconf 89' lang='lat' dir='ltr'><strong>eum</strong></span> 
     </span>
    </p>
   </div>
   <div class='ocr_carea' id='block_1_66' title="bbox 1932 2440 3499 2531">
    <p class='ocr_par' dir='ltr' id='par_1_66' title="bbox 1932 2440 3499 2531">
     <span class='ocr_line' id='line_1_66' title="bbox 1932 2440 3499 2531; baseline -0.017 -16"><span class='ocrx_word' id='word_1_483' title='bbox 1932 2464 2022 2531; x_wconf 86' lang='lat' dir='ltr'><strong>qui</strong></span> <span class='ocrx_word' id='word_1_484' title='bbox 2072 2460 2319 2512; x_wconf 84' lang='lat' dir='ltr'><strong>liduciam</strong></span> <span class='ocrx_word' id='word_1_485' title='bbox 2350 2457 2532 2515; x_wconf 84' lang='lat' dir='ltr'><strong>habet,</strong></span> <span class='ocrx_word' id='word_1_486' title='bbox 2561 2453 2653 2519; x_wconf 83' lang='lat' dir='ltr'><strong>qui</strong></span> <span class='ocrx_word' id='word_1_487' title='bbox 2686 2464 2814 2503; x_wconf 86' lang='lat' dir='ltr'><strong>vero</strong></span> <span class='ocrx_word' id='word_1_488' title='bbox 2846 2446 3036 2499; x_wconf 86' lang='lat' dir='ltr'><strong>lumini</strong></span> <span class='ocrx_word' id='word_1_489' title='bbox 3076 2450 3239 2505; x_wconf 80' lang='lat' dir='ltr'><strong>astat,</strong></span> <span class='ocrx_word' id='word_1_490' title='bbox 3267 2440 3358 2510; x_wconf 89' lang='lat' dir='ltr'><strong>qui</strong></span> <span class='ocrx_word' id='word_1_491' title='bbox 3402 2451 3499 2506; x_wconf 86' lang='lat' dir='ltr'><strong>per</strong></span> 
     </span>
    </p>
   </div>
   <div class='ocr_carea' id='block_1_67' title="bbox 1936 2532 3502 2621">
    <p class='ocr_par' dir='ltr' id='par_1_67' title="bbox 1936 2532 3502 2621">
     <span class='ocr_line' id='line_1_67' title="bbox 1936 2532 3502 2621; baseline -0.015 -12"><span class='ocrx_word' id='word_1_492' title='bbox 1936 2555 2038 2609; x_wconf 86' lang='lat' dir='ltr'><strong>huc</strong></span> <span class='ocrx_word' id='word_1_493' title='bbox 2078 2550 2220 2621; x_wconf 86' lang='lat' dir='ltr'><strong>quod</strong></span> <span class='ocrx_word' id='word_1_494' title='bbox 2269 2548 2382 2615; x_wconf 86' lang='lat' dir='ltr'><strong>ipse</strong></span> <span class='ocrx_word' id='word_1_495' title='bbox 2429 2546 2610 2599; x_wconf 86' lang='lat' dir='ltr'><strong>lumen</strong></span> <span class='ocrx_word' id='word_1_496' title='bbox 2662 2542 2751 2603; x_wconf 89' lang='lat' dir='ltr'><strong>sit.</strong></span> <span class='ocrx_word' id='word_1_497' title='bbox 2800 2540 3035 2595; x_wconf 88' lang='lat' dir='ltr'><strong>ostendit</strong></span> <span class='ocrx_word' id='word_1_498' title='bbox 3060 2536 3204 2605; x_wconf 88' lang='lat' dir='ltr'><strong>quod</strong></span> <span class='ocrx_word' id='word_1_499' title='bbox 3255 2543 3310 2587; x_wconf 90' lang='lat' dir='ltr'><strong>et</strong></span> <span class='ocrx_word' id='word_1_500' title='bbox 3363 2532 3502 2587; x_wconf 82' lang='lat' dir='ltr'><strong>Deus</strong></span> 
     </span>
    </p>
   </div>
   <div class='ocr_carea' id='block_1_68' title="bbox 1934 2626 3498 2700">
    <p class='ocr_par' dir='ltr' id='par_1_68' title="bbox 1934 2626 3498 2700">
     <span class='ocr_line' id='line_1_68' title="bbox 1934 2626 3498 2700; baseline -0.016 0"><span class='ocrx_word' id='word_1_501' title='bbox 1934 2646 2115 2700; x_wconf 86' lang='lat' dir='ltr'><strong>lumen</strong></span> <span class='ocrx_word' id='word_1_502' title='bbox 2151 2650 2253 2696; x_wconf 87' lang='lat' dir='ltr'><strong>est.</strong></span> <span class='ocrx_word' id='word_1_503' title='bbox 2304 2638 2554 2691; x_wconf 86' lang='lat' dir='ltr'><strong>Diabolus</strong></span> <span class='ocrx_word' id='word_1_504' title='bbox 2586 2650 2714 2688; x_wconf 84' lang='lat' dir='ltr'><strong>vero</strong></span> <span class='ocrx_word' id='word_1_505' title='bbox 2759 2634 2809 2686; x_wconf 90' lang='lat' dir='ltr'><strong>in</strong></span> <span class='ocrx_word' id='word_1_506' title='bbox 2860 2630 3019 2684; x_wconf 88' lang='lat' dir='ltr'><strong>talem</strong></span> <span class='ocrx_word' id='word_1_507' title='bbox 3056 2626 3498 2682; x_wconf 75' lang='lat' dir='ltr'><strong>trausformatur.</strong></span> 
     </span>
    </p>
   </div>
   <div class='ocr_carea' id='block_1_69' title="bbox 1938 2716 3498 2793">
    <p class='ocr_par' dir='ltr' id='par_1_69' title="bbox 1938 2716 3498 2793">
     <span class='ocr_line' id='line_1_69' title="bbox 1938 2716 3498 2793; baseline -0.017 -1"><span class='ocrx_word' id='word_1_508' title='bbox 1938 2753 2043 2793; x_wconf 90' lang='lat' dir='ltr'><strong>non</strong></span> <span class='ocrx_word' id='word_1_509' title='bbox 2074 2746 2254 2789; x_wconf 87' lang='lat' dir='ltr'><strong>autem</strong></span> <span class='ocrx_word' id='word_1_510' title='bbox 2288 2732 2414 2784; x_wconf 90' lang='lat' dir='ltr'><strong>talis</strong></span> <span class='ocrx_word' id='word_1_511' title='bbox 2451 2731 2530 2782; x_wconf 83' lang='lat' dir='ltr'><strong>lit.</strong></span> <span class='ocrx_word' id='word_1_512' title='bbox 2562 2726 2714 2781; x_wconf 84' lang='lat' dir='ltr'><strong>Hunc</strong></span> <span class='ocrx_word' id='word_1_513' title='bbox 2740 2730 2806 2778; x_wconf 88' lang='lat' dir='ltr'><strong>ad</strong></span> <span class='ocrx_word' id='word_1_514' title='bbox 2834 2724 3054 2776; x_wconf 88' lang='lat' dir='ltr'><strong>modum</strong></span> <span class='ocrx_word' id='word_1_515' title='bbox 3078 2728 3134 2774; x_wconf 89' lang='lat' dir='ltr'><strong>et</strong></span> <span class='ocrx_word' id='word_1_516' title='bbox 3154 2717 3231 2773; x_wconf 86' lang='lat' dir='ltr'><strong>illi</strong></span> <span class='ocrx_word' id='word_1_517' title='bbox 3272 2716 3498 2784; x_wconf 82' lang='lat' dir='ltr'><strong>ﬁguram</strong></span> 
     </span>
    </p>
   </div>
   <div class='ocr_carea' id='block_1_70' title="bbox 1940 2806 3497 2891">
    <p class='ocr_par' dir='ltr' id='par_1_70' title="bbox 1940 2806 3497 2891">
     <span class='ocr_line' id='line_1_70' title="bbox 1940 2806 3497 2891; baseline -0.015 -9"><span class='ocrx_word' id='word_1_518' title='bbox 1940 2838 2146 2882; x_wconf 87' lang='lat' dir='ltr'><strong>tantum</strong></span> <span class='ocrx_word' id='word_1_519' title='bbox 2174 2823 2535 2891; x_wconf 89' lang='lat' dir='ltr'><strong>apostolorum</strong></span> <span class='ocrx_word' id='word_1_520' title='bbox 2565 2828 2793 2891; x_wconf 83' lang='lat' dir='ltr'><strong>gerunt,</strong></span> <span class='ocrx_word' id='word_1_521' title='bbox 2829 2831 2932 2871; x_wconf 93' lang='lat' dir='ltr'><strong>non</strong></span> <span class='ocrx_word' id='word_1_522' title='bbox 2980 2815 3151 2884; x_wconf 83' lang='lat' dir='ltr'><strong>ipsam</strong></span> <span class='ocrx_word' id='word_1_523' title='bbox 3180 2806 3497 2865; x_wconf 77' lang='lat' dir='ltr'><strong>eliicaciam.</strong></span> 
     </span>
    </p>
   </div>
   <div class='ocr_carea' id='block_1_71' title="bbox 1941 2898 3499 2981">
    <p class='ocr_par' dir='ltr' id='par_1_71' title="bbox 1941 2898 3499 2981">
     <span class='ocr_line' id='line_1_71' title="bbox 1941 2898 3499 2981; baseline -0.013 -5"><span class='ocrx_word' id='word_1_524' title='bbox 1941 2922 2078 2976; x_wconf 90' lang='lat' dir='ltr'><strong>llinc</strong></span> <span class='ocrx_word' id='word_1_525' title='bbox 2102 2930 2281 2975; x_wconf 90' lang='lat' dir='ltr'><strong>autem</strong></span> <span class='ocrx_word' id='word_1_526' title='bbox 2310 2918 2571 2971; x_wconf 87' lang='lat' dir='ltr'><strong>discimus</strong></span> <span class='ocrx_word' id='word_1_527' title='bbox 2590 2912 2732 2981; x_wconf 88' lang='lat' dir='ltr'><strong>quod</strong></span> <span class='ocrx_word' id='word_1_528' title='bbox 2764 2910 2829 2964; x_wconf 92' lang='lat' dir='ltr'><strong>ad</strong></span> <span class='ocrx_word' id='word_1_529' title='bbox 2854 2906 3272 2963; x_wconf 84' lang='lat' dir='ltr'><strong>ostentationem</strong></span> <span class='ocrx_word' id='word_1_530' title='bbox 3296 2898 3499 2971; x_wconf 88' lang='lat' dir='ltr'><strong>aliquid</strong></span> 
     </span>
    </p>
   </div>
   <div class='ocr_carea' id='block_1_72' title="bbox 1942 3004 2879 3076">
    <p class='ocr_par' dir='ltr' id='par_1_72' title="bbox 1942 3004 2879 3076">
     <span class='ocr_line' id='line_1_72' title="bbox 1942 3004 2879 3076; baseline -0.012 -8"><span class='ocrx_word' id='word_1_531' title='bbox 1942 3014 2142 3076; x_wconf 82' lang='lat' dir='ltr'><strong>facere,</strong></span> <span class='ocrx_word' id='word_1_532' title='bbox 2174 3012 2407 3066; x_wconf 83' lang='lat' dir='ltr'><strong>maxime</strong></span> <span class='ocrx_word' id='word_1_533' title='bbox 2437 3009 2508 3063; x_wconf 91' lang='lat' dir='ltr'><strong>sit</strong></span> <span class='ocrx_word' id='word_1_534' title='bbox 2533 3004 2879 3060; x_wconf 89' lang='lat' dir='ltr'><strong>diabolicum.</strong></span> 
     </span>
    </p>
   </div>
   <div class='ocr_carea' id='block_1_73' title="bbox 2010 3174 3501 3255">
    <p class='ocr_par' dir='ltr' id='par_1_73' title="bbox 2010 3174 3501 3255">
     <span class='ocr_line' id='line_1_73' title="bbox 2010 3174 3501 3255; baseline -0.011 -10"><span class='ocrx_word' id='word_1_535' title='bbox 2010 3191 2176 3245; x_wconf 73' lang='lat' dir='ltr'><strong>Vens.</strong></span> <span class='ocrx_word' id='word_1_536' title='bbox 2215 3188 2308 3243; x_wconf 65' lang='lat'><strong>15.</strong></span> <span class='ocrx_word' id='word_1_537' title='bbox 2344 3205 2361 3239; x_wconf 86' lang='grc' dir='ltr'><strong>ι</strong></span> <span class='ocrx_word' id='word_1_538' title='bbox 2394 3186 2509 3240; x_wconf 84' lang='grc' dir='ltr'>Νοη</span> <span class='ocrx_word' id='word_1_539' title='bbox 2534 3194 2617 3240; x_wconf 89' lang='lat' dir='ltr'><strong>est</strong></span> <span class='ocrx_word' id='word_1_540' title='bbox 2646 3199 2775 3255; x_wconf 88' lang='lat' dir='ltr'><strong>ergo</strong></span> <span class='ocrx_word' id='word_1_541' title='bbox 2809 3196 3082 3253; x_wconf 88' lang='lat' dir='ltr'><strong>magnum,</strong></span> <span class='ocrx_word' id='word_1_542' title='bbox 3111 3180 3155 3234; x_wconf 89' lang='lat' dir='ltr'><strong>si</strong></span> <span class='ocrx_word' id='word_1_543' title='bbox 3191 3186 3246 3233; x_wconf 90' lang='lat' dir='ltr'><strong>et</strong></span> <span class='ocrx_word' id='word_1_544' title='bbox 3268 3174 3501 3232; x_wconf 73' lang='lat' dir='ltr'><strong>ministri</strong></span> 
     </span>
    </p>
   </div>
   <div class='ocr_carea' id='block_1_74' title="bbox 1936 3270 3499 3352">
    <p class='ocr_par' dir='ltr' id='par_1_74' title="bbox 1936 3270 3499 3352">
     <span class='ocr_line' id='line_1_74' title="bbox 1936 3270 3499 3352; baseline -0.012 -13"><span class='ocrx_word' id='word_1_545' title='bbox 1936 3285 2052 3352; x_wconf 83' lang='lat' dir='ltr'><strong>ejus</strong></span> <span class='ocrx_word' id='word_1_546' title='bbox 2077 3281 2529 3351; x_wconf 82' lang='lat' dir='ltr'><strong>transﬁgurenlur</strong></span> <span class='ocrx_word' id='word_1_547' title='bbox 2553 3278 2714 3333; x_wconf 82' lang='lat' dir='ltr'><strong>veluti</strong></span> <span class='ocrx_word' id='word_1_548' title='bbox 2743 3274 2973 3331; x_wconf 88' lang='lat' dir='ltr'><strong>ministri</strong></span> <span class='ocrx_word' id='word_1_549' title='bbox 2993 3270 3236 3343; x_wconf 68' lang='lat' dir='ltr'><strong>iustitiae,</strong></span> <span class='ocrx_word' id='word_1_550' title='bbox 3270 3282 3499 3338; x_wconf 85' lang='lat' dir='ltr'><strong>quorum</strong></span> 
     </span>
    </p>
   </div>
   <div class='ocr_carea' id='block_1_75' title="bbox 1938 3360 3501 3435">
    <p class='ocr_par' dir='ltr' id='par_1_75' title="bbox 1938 3360 3501 3435">
     <span class='ocr_line' id='line_1_75' title="bbox 1938 3360 3501 3435; baseline -0.012 -8"><span class='ocrx_word' id='word_1_551' title='bbox 1938 3374 2057 3427; x_wconf 87' lang='lat' dir='ltr'><strong>linis</strong></span> <span class='ocrx_word' id='word_1_552' title='bbox 2080 3375 2183 3427; x_wconf 89' lang='lat' dir='ltr'><strong>erit</strong></span> <span class='ocrx_word' id='word_1_553' title='bbox 2204 3370 2499 3426; x_wconf 88' lang='lat' dir='ltr'><strong>secundum</strong></span> <span class='ocrx_word' id='word_1_554' title='bbox 2529 3382 2690 3435; x_wconf 90' lang='lat' dir='ltr'><strong>opera</strong></span> <span class='ocrx_word' id='word_1_555' title='bbox 2732 3367 2992 3433; x_wconf 87' lang='lat' dir='ltr'><strong>ipsorum.</strong></span> <span class='ocrx_word' id='word_1_556' title='bbox 3034 3380 3054 3414; x_wconf 73' lang='grc' dir='ltr'><strong>ι</strong></span> <span class='ocrx_word' id='word_1_557' title='bbox 3090 3360 3203 3415; x_wconf 82' lang='lat' dir='ltr'><strong>Hoc</strong></span> <span class='ocrx_word' id='word_1_558' title='bbox 3239 3369 3322 3414; x_wconf 90' lang='lat' dir='ltr'><strong>est</strong></span> <span class='ocrx_word' id='word_1_559' title='bbox 3346 3398 3361 3421; x_wconf 92' lang='lat'><strong>,</strong></span> <span class='ocrx_word' id='word_1_560' title='bbox 3397 3372 3501 3411; x_wconf 86' lang='lat' dir='ltr'><strong>ceu</strong></span> 
     </span>
    </p>
   </div>
   <div class='ocr_carea' id='block_1_76' title="bbox 1938 3448 3499 3529">
    <p class='ocr_par' dir='ltr' id='par_1_76' title="bbox 1938 3448 3499 3529">
     <span class='ocr_line' id='line_1_76' title="bbox 1938 3448 3499 3529; baseline -0.012 -9"><span class='ocrx_word' id='word_1_561' title='bbox 1938 3465 2172 3520; x_wconf 90' lang='lat' dir='ltr'><strong>ministri</strong></span> <span class='ocrx_word' id='word_1_562' title='bbox 2237 3459 2508 3529; x_wconf 78' lang='lat' dir='ltr'><strong>Evangelii</strong></span> <span class='ocrx_word' id='word_1_563' title='bbox 2553 3459 2817 3529; x_wconf 83' lang='lat' dir='ltr'><strong>justitiam</strong></span> <span class='ocrx_word' id='word_1_564' title='bbox 2868 3454 3151 3518; x_wconf 85' lang='lat' dir='ltr'><strong>habentis,</strong></span> <span class='ocrx_word' id='word_1_565' title='bbox 3208 3450 3289 3507; x_wconf 84' lang='lat' dir='ltr'><strong>vel</strong></span> <span class='ocrx_word' id='word_1_566' title='bbox 3347 3448 3499 3520; x_wconf 89' lang='lat' dir='ltr'><strong>quod</strong></span> 
     </span>
    </p>
   </div>
   <div class='ocr_carea' id='block_1_77' title="bbox 1930 3546 3493 3624">
    <p class='ocr_par' dir='ltr' id='par_1_77' title="bbox 1930 3546 3493 3624">
     <span class='ocr_line' id='line_1_77' title="bbox 1930 3546 3493 3624; baseline -0.009 -14"><span class='ocrx_word' id='word_1_567' title='bbox 1930 3559 2199 3624; x_wconf 89' lang='lat' dir='ltr'><strong>justorum</strong></span> <span class='ocrx_word' id='word_1_568' title='bbox 2230 3553 2470 3608; x_wconf 82' lang='lat' dir='ltr'><strong>virorum</strong></span> <span class='ocrx_word' id='word_1_569' title='bbox 2518 3551 2744 3620; x_wconf 78' lang='lat' dir='ltr'><strong>gloriam</strong></span> <span class='ocrx_word' id='word_1_570' title='bbox 2791 3546 3027 3616; x_wconf 90' lang='lat' dir='ltr'><strong>sibiipsis</strong></span> <span class='ocrx_word' id='word_1_571' title='bbox 3059 3546 3493 3614; x_wconf 86' lang='lat' dir='ltr'><strong>circumponuut.</strong></span> 
     </span>
    </p>
   </div>
   <div class='ocr_carea' id='block_1_78' title="bbox 1939 3639 3502 3714">
    <p class='ocr_par' dir='ltr' id='par_1_78' title="bbox 1939 3639 3502 3714">
     <span class='ocr_line' id='line_1_78' title="bbox 1939 3639 3502 3714; baseline -0.008 -11"><span class='ocrx_word' id='word_1_572' title='bbox 1939 3648 2045 3703; x_wconf 85' lang='lat' dir='ltr'><strong>Sed</strong></span> <span class='ocrx_word' id='word_1_573' title='bbox 2074 3662 2182 3701; x_wconf 87' lang='lat' dir='ltr'><strong>non</strong></span> <span class='ocrx_word' id='word_1_574' title='bbox 2225 3645 2480 3714; x_wconf 72' lang='lat' dir='ltr'><strong>effugient</strong></span> <span class='ocrx_word' id='word_1_575' title='bbox 2527 3643 2743 3696; x_wconf 86' lang='lat' dir='ltr'><strong>tandem</strong></span> <span class='ocrx_word' id='word_1_576' title='bbox 2780 3658 2793 3695; x_wconf 92' lang='lat'><strong>:</strong></span> <span class='ocrx_word' id='word_1_577' title='bbox 2834 3641 3128 3695; x_wconf 86' lang='lat' dir='ltr'><strong>secundum</strong></span> <span class='ocrx_word' id='word_1_578' title='bbox 3161 3639 3304 3694; x_wconf 89' lang='lat' dir='ltr'><strong>enim</strong></span> <span class='ocrx_word' id='word_1_579' title='bbox 3337 3652 3502 3708; x_wconf 82' lang='lat' dir='ltr'><strong>opera</strong></span> 
     </span>
    </p>
   </div>
   <div class='ocr_carea' id='block_1_79' title="bbox 1941 3731 3501 3804">
    <p class='ocr_par' dir='ltr' id='par_1_79' title="bbox 1941 3731 3501 3804">
     <span class='ocr_line' id='line_1_79' title="bbox 1941 3731 3501 3804; baseline -0.005 -9"><span class='ocrx_word' id='word_1_580' title='bbox 1941 3754 2178 3804; x_wconf 86' lang='lat' dir='ltr'><strong>eorum,</strong></span> <span class='ocrx_word' id='word_1_581' title='bbox 2226 3739 2332 3793; x_wconf 90' lang='lat' dir='ltr'><strong>erit</strong></span> <span class='ocrx_word' id='word_1_582' title='bbox 2377 3737 2540 3791; x_wconf 90' lang='lat' dir='ltr'><strong>etiam</strong></span> <span class='ocrx_word' id='word_1_583' title='bbox 2598 3735 2720 3789; x_wconf 82' lang='lat' dir='ltr'><strong>ﬁnis</strong></span> <span class='ocrx_word' id='word_1_584' title='bbox 2773 3748 3002 3800; x_wconf 89' lang='lat' dir='ltr'><strong>eorum,</strong></span> <span class='ocrx_word' id='word_1_585' title='bbox 3057 3732 3111 3788; x_wconf 89' lang='lat' dir='ltr'><strong>id</strong></span> <span class='ocrx_word' id='word_1_586' title='bbox 3168 3740 3253 3787; x_wconf 85' lang='lat' dir='ltr'><strong>est</strong></span> <span class='ocrx_word' id='word_1_587' title='bbox 3308 3731 3501 3787; x_wconf 83' lang='lat' dir='ltr'><strong>malus.</strong></span> 
     </span>
    </p>
   </div>
   <div class='ocr_carea' id='block_1_80' title="bbox 1946 3825 3499 3901">
    <p class='ocr_par' dir='ltr' id='par_1_80' title="bbox 1946 3825 3499 3901">
     <span class='ocr_line' id='line_1_80' title="bbox 1946 3825 3499 3901; baseline -0.009 -15"><span class='ocrx_word' id='word_1_588' title='bbox 1946 3832 2128 3901; x_wconf 85' lang='lat' dir='ltr'><strong>Itaque</strong></span> <span class='ocrx_word' id='word_1_589' title='bbox 2179 3832 2247 3885; x_wconf 88' lang='lat' dir='ltr'><strong>ab</strong></span> <span class='ocrx_word' id='word_1_590' title='bbox 2302 3828 2558 3898; x_wconf 89' lang='lat' dir='ltr'><strong>operibus</strong></span> <span class='ocrx_word' id='word_1_591' title='bbox 2620 3827 2858 3897; x_wconf 84' lang='lat' dir='ltr'><strong>ipsorum</strong></span> <span class='ocrx_word' id='word_1_592' title='bbox 2914 3838 3269 3895; x_wconf 85' lang='lat' dir='ltr'><strong>agnoscemus</strong></span> <span class='ocrx_word' id='word_1_593' title='bbox 3314 3825 3499 3892; x_wconf 85' lang='lat' dir='ltr'><strong>ipsos:</strong></span> 
     </span>
    </p>
   </div>
   <div class='ocr_carea' id='block_1_81' title="bbox 1944 3917 3346 3988">
    <p class='ocr_par' dir='ltr' id='par_1_81' title="bbox 1944 3917 3346 3988">
     <span class='ocr_line' id='line_1_81' title="bbox 1944 3917 3346 3988; baseline -0.006 -9"><span class='ocrx_word' id='word_1_594' title='bbox 1944 3925 2106 3979; x_wconf 81' lang='lat' dir='ltr'><strong>ﬁnem</strong></span> <span class='ocrx_word' id='word_1_595' title='bbox 2144 3922 2286 3977; x_wconf 90' lang='lat' dir='ltr'><strong>enim</strong></span> <span class='ocrx_word' id='word_1_596' title='bbox 2315 3922 2731 3988; x_wconf 87' lang='lat' dir='ltr'><strong>respondentem</strong></span> <span class='ocrx_word' id='word_1_597' title='bbox 2764 3918 3020 3987; x_wconf 86' lang='lat' dir='ltr'><strong>operibus</strong></span> <span class='ocrx_word' id='word_1_598' title='bbox 3053 3917 3346 3971; x_wconf 85' lang='lat' dir='ltr'><strong>habebunt.</strong></span> 
     </span>
    </p>
   </div>
   <div class='ocr_carea' id='block_1_82' title="bbox 2019 4004 3508 4078">
    <p class='ocr_par' dir='ltr' id='par_1_82' title="bbox 2019 4004 3508 4078">
     <span class='ocr_line' id='line_1_82' title="bbox 2019 4004 3508 4078; baseline -0.005 -11"><span class='ocrx_word' id='word_1_599' title='bbox 2019 4013 2180 4068; x_wconf 75' lang='lat' dir='ltr'><strong>Vens.</strong></span> <span class='ocrx_word' id='word_1_600' title='bbox 2210 4011 2300 4067; x_wconf 79' lang='grc'><strong>16.</strong></span> <span class='ocrx_word' id='word_1_601' title='bbox 2338 4030 2356 4064; x_wconf 75' lang='grc' dir='ltr'><strong>ι</strong></span> <span class='ocrx_word' id='word_1_602' title='bbox 2401 4011 2597 4065; x_wconf 85' lang='lat' dir='ltr'><strong>lterum</strong></span> <span class='ocrx_word' id='word_1_603' title='bbox 2627 4011 2747 4065; x_wconf 81' lang='lat' dir='ltr'><strong>dico</strong></span> <span class='ocrx_word' id='word_1_604' title='bbox 2776 4009 2866 4078; x_wconf 92' lang='lat' dir='ltr'><strong>(ne</strong></span> <span class='ocrx_word' id='word_1_605' title='bbox 2893 4008 3013 4075; x_wconf 84' lang='lat' dir='ltr'><strong>quis</strong></span> <span class='ocrx_word' id='word_1_606' title='bbox 3056 4016 3207 4077; x_wconf 85' lang='lat' dir='ltr'><strong>putet</strong></span> <span class='ocrx_word' id='word_1_607' title='bbox 3257 4021 3344 4060; x_wconf 88' lang='lat' dir='ltr'><strong>me</strong></span> <span class='ocrx_word' id='word_1_608' title='bbox 3378 4004 3508 4060; x_wconf 87' lang='lat' dir='ltr'><strong>insi-</strong></span> 
     </span>
    </p>
   </div>
   <div class='ocr_carea' id='block_1_83' title="bbox 1945 4096 3506 4175">
    <p class='ocr_par' dir='ltr' id='par_1_83' title="bbox 1945 4096 3506 4175">
     <span class='ocr_line' id='line_1_83' title="bbox 1945 4096 3506 4175; baseline -0.006 -16"><span class='ocrx_word' id='word_1_609' title='bbox 1945 4105 2176 4175; x_wconf 89' lang='lat' dir='ltr'><strong>pientem</strong></span> <span class='ocrx_word' id='word_1_610' title='bbox 2223 4116 2376 4158; x_wconf 89' lang='lat' dir='ltr'><strong>esse:</strong></span> <span class='ocrx_word' id='word_1_611' title='bbox 2419 4100 2685 4171; x_wconf 86' lang='lat' dir='ltr'><strong>alioquin,</strong></span> <span class='ocrx_word' id='word_1_612' title='bbox 2733 4099 2815 4154; x_wconf 87' lang='lat' dir='ltr'><strong>vel</strong></span> <span class='ocrx_word' id='word_1_613' title='bbox 2861 4108 3116 4167; x_wconf 89' lang='lat' dir='ltr'><strong>tanquam</strong></span> <span class='ocrx_word' id='word_1_614' title='bbox 3163 4096 3506 4167; x_wconf 81' lang='lat' dir='ltr'><strong>insipientem</strong></span> 
     </span>
    </p>
   </div>
   <div class='ocr_carea' id='block_1_84' title="bbox 1944 4190 3499 4266">
    <p class='ocr_par' dir='ltr' id='par_1_84' title="bbox 1944 4190 3499 4266">
     <span class='ocr_line' id='line_1_84' title="bbox 1944 4190 3499 4266; baseline -0.008 -14"><span class='ocrx_word' id='word_1_615' title='bbox 1944 4197 2172 4266; x_wconf 83' lang='lat' dir='ltr'><strong>accipite</strong></span> <span class='ocrx_word' id='word_1_616' title='bbox 2205 4211 2325 4262; x_wconf 89' lang='lat' dir='ltr'><strong>me,</strong></span> <span class='ocrx_word' id='word_1_617' title='bbox 2358 4204 2417 4251; x_wconf 90' lang='lat' dir='ltr'><strong>ut</strong></span> <span class='ocrx_word' id='word_1_618' title='bbox 2463 4205 2519 4249; x_wconf 90' lang='lat' dir='ltr'><strong>et</strong></span> <span class='ocrx_word' id='word_1_619' title='bbox 2567 4208 2668 4264; x_wconf 88' lang='lat' dir='ltr'><strong>ego</strong></span> <span class='ocrx_word' id='word_1_620' title='bbox 2714 4192 2983 4248; x_wconf 87' lang='lat' dir='ltr'><strong>modicum</strong></span> <span class='ocrx_word' id='word_1_621' title='bbox 3026 4191 3155 4261; x_wconf 89' lang='lat' dir='ltr'><strong>quid</strong></span> <span class='ocrx_word' id='word_1_622' title='bbox 3206 4190 3445 4261; x_wconf 89' lang='lat' dir='ltr'><strong>glorier).</strong></span> <span class='ocrx_word' id='word_1_623' title='bbox 3482 4208 3499 4240; x_wconf 75' lang='grc' dir='ltr'><strong>ο</strong></span> 
     </span>
    </p>
   </div>
   <div class='ocr_carea' id='block_1_85' title="bbox 1945 4278 3509 4354">
    <p class='ocr_par' dir='ltr' id='par_1_85' title="bbox 1945 4278 3509 4354">
     <span class='ocr_line' id='line_1_85' title="bbox 1945 4278 3509 4354; baseline -0.006 -11"><span class='ocrx_word' id='word_1_624' title='bbox 1945 4289 2169 4343; x_wconf 87' lang='lat' dir='ltr'><strong>Etiamsi</strong></span> <span class='ocrx_word' id='word_1_625' title='bbox 2191 4288 2335 4342; x_wconf 87' lang='lat' dir='ltr'><strong>enim</strong></span> <span class='ocrx_word' id='word_1_626' title='bbox 2362 4285 2527 4339; x_wconf 90' lang='lat' dir='ltr'><strong>multa</strong></span> <span class='ocrx_word' id='word_1_627' title='bbox 2553 4285 2661 4354; x_wconf 87' lang='lat' dir='ltr'><strong>jam</strong></span> <span class='ocrx_word' id='word_1_628' title='bbox 2694 4283 3025 4353; x_wconf 84' lang='lat' dir='ltr'><strong>mitigatione</strong></span> <span class='ocrx_word' id='word_1_629' title='bbox 3049 4296 3178 4336; x_wconf 81' lang='lat' dir='ltr'><strong>usus</strong></span> <span class='ocrx_word' id='word_1_630' title='bbox 3206 4289 3343 4344; x_wconf 89' lang='lat' dir='ltr'><strong>erat,</strong></span> <span class='ocrx_word' id='word_1_631' title='bbox 3391 4278 3509 4335; x_wconf 82' lang='lat' dir='ltr'><strong>Non</strong></span> 
     </span>
    </p>
   </div>
   <div class='ocr_carea' id='block_1_86' title="bbox 1945 4371 3509 4440">
    <p class='ocr_par' dir='ltr' id='par_1_86' title="bbox 1945 4371 3509 4440">
     <span class='ocr_line' id='line_1_86' title="bbox 1945 4371 3509 4440; baseline -0.006 -6"><span class='ocrx_word' id='word_1_632' title='bbox 1945 4385 2228 4435; x_wconf 89' lang='lat' dir='ltr'><strong>contentus</strong></span> <span class='ocrx_word' id='word_1_633' title='bbox 2254 4386 2432 4429; x_wconf 90' lang='lat' dir='ltr'><strong>tamen</strong></span> <span class='ocrx_word' id='word_1_634' title='bbox 2459 4389 2598 4439; x_wconf 85' lang='lat' dir='ltr'><strong>sum,</strong></span> <span class='ocrx_word' id='word_1_635' title='bbox 2624 4371 2816 4440; x_wconf 90' lang='lat' dir='ltr'><strong>inquit,</strong></span> <span class='ocrx_word' id='word_1_636' title='bbox 2839 4372 3297 4434; x_wconf 87' lang='lat' dir='ltr'><strong>commemoratis,</strong></span> <span class='ocrx_word' id='word_1_637' title='bbox 3321 4384 3509 4425; x_wconf 81' lang='lat' dir='ltr'><strong>verum</strong></span> 
     </span>
    </p>
   </div>
   <div class='ocr_carea' id='block_1_87' title="bbox 282 4461 1957 4553">
    <p class='ocr_par' dir='ltr' id='par_1_87' title="bbox 282 4473 1957 4553">
     <span class='ocr_line' id='line_1_87' title="bbox 282 4473 1957 4553; baseline 0.001 -17"><span class='ocrx_word' id='word_1_638' title='bbox 282 4481 408 4553; x_wconf 80' lang='grc' dir='ltr'>δόξῃ</span> <span class='ocrx_word' id='word_1_639' title='bbox 441 4483 651 4551; x_wconf 74' lang='grc' dir='ltr'>ἄφρονα</span> <span class='ocrx_word' id='word_1_640' title='bbox 674 4478 836 4535; x_wconf 75' lang='grc' dir='ltr'>εἶναι.</span> <span class='ocrx_word' id='word_1_641' title='bbox 874 4499 893 4532; x_wconf 74' lang='grc' dir='ltr'><strong>ι</strong></span> <span class='ocrx_word' id='word_1_642' title='bbox 928 4482 1001 4534; x_wconf 83' lang='grc' dir='ltr'>Τδ</span> <span class='ocrx_word' id='word_1_643' title='bbox 1036 4480 1135 4551; x_wconf 81' lang='grc' dir='ltr'>μὲν</span> <span class='ocrx_word' id='word_1_644' title='bbox 1161 4481 1269 4553; x_wconf 84' lang='grc' dir='ltr'>γὰρ</span> <span class='ocrx_word' id='word_1_645' title='bbox 1297 4482 1606 4551; x_wconf 78' lang='grc' dir='ltr'>καυχᾶσθαι</span> <span class='ocrx_word' id='word_1_646' title='bbox 1633 4482 1842 4546; x_wconf 83' lang='grc' dir='ltr'>ἁπλῶς,</span> <span class='ocrx_word' id='word_1_647' title='bbox 1876 4482 1920 4538; x_wconf 91' lang='lat' dir='ltr'><strong>D</strong></span> <span class='ocrx_word' id='word_1_648' title='bbox 1950 4473 1957 4527; x_wconf 79' lang='grc' dir='ltr'><strong>Ῑ</strong></span> 
     </span>
    </p>
   </div>
   <div class='ocr_carea' id='block_1_88' title="bbox 1832 4461 3507 4553">
    <p class='ocr_par' dir='ltr' id='par_1_88' title="bbox 1832 4461 3507 4545">
     <span class='ocr_line' id='line_1_88' title="bbox 1832 4461 3507 4545; baseline -0.008 -17"><span class='ocrx_word' id='word_1_649' title='bbox 1832 4523 1842 4545; x_wconf 73' lang='grc'><strong>,</strong></span> <span class='ocrx_word' id='word_1_650' title='bbox 1876 4482 1920 4538; x_wconf 84' lang='lat' dir='ltr'><strong>D</strong></span> <span class='ocrx_word' id='word_1_651' title='bbox 1950 4473 2146 4527; x_wconf 90' lang='lat' dir='ltr'><strong>iterum</strong></span> <span class='ocrx_word' id='word_1_652' title='bbox 2175 4469 2317 4532; x_wconf 93' lang='lat' dir='ltr'><strong>dico,</strong></span> <span class='ocrx_word' id='word_1_653' title='bbox 2372 4485 2391 4519; x_wconf 72' lang='grc' dir='ltr'><strong>ι</strong></span> <span class='ocrx_word' id='word_1_654' title='bbox 2428 4481 2499 4520; x_wconf 90' lang='lat' dir='ltr'><strong>ne</strong></span> <span class='ocrx_word' id='word_1_655' title='bbox 2540 4466 2664 4535; x_wconf 89' lang='lat' dir='ltr'><strong>quis</strong></span> <span class='ocrx_word' id='word_1_656' title='bbox 2708 4477 2795 4517; x_wconf 90' lang='lat' dir='ltr'><strong>me</strong></span> <span class='ocrx_word' id='word_1_657' title='bbox 2844 4463 3119 4517; x_wconf 80' lang='lat' dir='ltr'><strong>existimet</strong></span> <span class='ocrx_word' id='word_1_658' title='bbox 3168 4461 3507 4530; x_wconf 84' lang='lat' dir='ltr'><strong>insipientem</strong></span> 
     </span>
    </p>
   </div>
   <div class='ocr_carea' id='block_1_89' title="bbox 282 4571 1842 4643">
    <p class='ocr_par' dir='ltr' id='par_1_89' title="bbox 282 4571 1842 4643">
     <span class='ocr_line' id='line_1_89' title="bbox 282 4571 1842 4643; baseline 0.001 -17"><span class='ocrx_word' id='word_1_659' title='bbox 282 4573 597 4643; x_wconf 79' lang='grc' dir='ltr'>ἀφροσύνης</span> <span class='ocrx_word' id='word_1_660' title='bbox 641 4573 825 4625; x_wconf 75' lang='grc' dir='ltr'>ἐστίν·</span> <span class='ocrx_word' id='word_1_661' title='bbox 860 4571 972 4640; x_wconf 70' lang='grc' dir='ltr'>ἐγὼ</span> <span class='ocrx_word' id='word_1_662' title='bbox 1003 4572 1094 4639; x_wconf 76' lang='grc' dir='ltr'>δὲ,</span> <span class='ocrx_word' id='word_1_663' title='bbox 1133 4573 1231 4643; x_wconf 86' lang='grc' dir='ltr'><strong>οὐχ</strong></span> <span class='ocrx_word' id='word_1_664' title='bbox 1288 4574 1363 4637; x_wconf 88' lang='grc' dir='ltr'><strong>ώς</strong></span> <span class='ocrx_word' id='word_1_665' title='bbox 1409 4574 1631 4643; x_wconf 84' lang='grc' dir='ltr'>ἀνόητος</span> <span class='ocrx_word' id='word_1_666' title='bbox 1683 4574 1842 4628; x_wconf 82' lang='grc' dir='ltr'>τοῦτο</span> 
     </span>
    </p>
   </div>
   <div class='ocr_carea' id='block_1_90' title="bbox 284 4664 1841 4735">
    <p class='ocr_par' dir='ltr' id='par_1_90' title="bbox 284 4664 1841 4735">
     <span class='ocr_line' id='line_1_90' title="bbox 284 4664 1841 4735; baseline 0 -18"><span class='ocrx_word' id='word_1_667' title='bbox 284 4666 443 4728; x_wconf 84' lang='grc' dir='ltr'>ποιῶ,</span> <span class='ocrx_word' id='word_1_668' title='bbox 478 4664 593 4719; x_wconf 82' lang='grc' dir='ltr'>ἀλλ’</span> <span class='ocrx_word' id='word_1_669' title='bbox 627 4664 1088 4735; x_wconf 80' lang='grc' dir='ltr'>ἀναγκαζόμενος.</span> <span class='ocrx_word' id='word_1_670' title='bbox 1126 4665 1313 4734; x_wconf 86' lang='grc' dir='ltr'>Ὅμως</span> <span class='ocrx_word' id='word_1_671' title='bbox 1364 4666 1413 4717; x_wconf 81' lang='grc' dir='ltr'><strong>ει</strong></span> <span class='ocrx_word' id='word_1_672' title='bbox 1465 4666 1539 4735; x_wconf 82' lang='grc' dir='ltr'>μὴ</span> <span class='ocrx_word' id='word_1_673' title='bbox 1574 4665 1841 4733; x_wconf 81' lang='grc' dir='ltr'>συγγινώ-</span> 
     </span>
    </p>
   </div>
   <div class='ocr_carea' id='block_1_91' title="bbox 284 4755 1838 4827">
    <p class='ocr_par' dir='ltr' id='par_1_91' title="bbox 284 4755 1838 4827">
     <span class='ocr_line' id='line_1_91' title="bbox 284 4755 1838 4827; baseline 0.001 -18"><span class='ocrx_word' id='word_1_674' title='bbox 284 4757 444 4810; x_wconf 85' lang='grc' dir='ltr'>σκετέ</span> <span class='ocrx_word' id='word_1_675' title='bbox 482 4774 592 4826; x_wconf 89' lang='grc' dir='ltr'>μοι,</span> <span class='ocrx_word' id='word_1_676' title='bbox 628 4756 744 4810; x_wconf 82' lang='grc' dir='ltr'>ἀλλ’</span> <span class='ocrx_word' id='word_1_677' title='bbox 772 4757 836 4809; x_wconf 69' lang='grc' dir='ltr'>ἑκ</span> <span class='ocrx_word' id='word_1_678' title='bbox 877 4756 1076 4820; x_wconf 82' lang='grc' dir='ltr'>παντὸς</span> <span class='ocrx_word' id='word_1_679' title='bbox 1102 4755 1311 4825; x_wconf 76' lang='grc' dir='ltr'>ἄφρονα</span> <span class='ocrx_word' id='word_1_680' title='bbox 1339 4757 1435 4810; x_wconf 77' lang='grc' dir='ltr'>καὶ</span> <span class='ocrx_word' id='word_1_681' title='bbox 1480 4758 1580 4825; x_wconf 70' lang='grc' dir='ltr'><strong>ἐμὲ</strong></span> <span class='ocrx_word' id='word_1_682' title='bbox 1605 4758 1838 4827; x_wconf 82' lang='grc' dir='ltr'>κρίνετε,</span> 
     </span>
    </p>
   </div>
   <div class='ocr_carea' id='block_1_92' title="bbox 288 4848 1844 4920">
    <p class='ocr_par' dir='ltr' id='par_1_92' title="bbox 288 4848 1844 4920">
     <span class='ocr_line' id='line_1_92' title="bbox 288 4848 1844 4920; baseline 0 -18"><span class='ocrx_word' id='word_1_683' title='bbox 288 4850 466 4902; x_wconf 79' lang='grc' dir='ltr'>καίτοι</span> <span class='ocrx_word' id='word_1_684' title='bbox 506 4848 652 4902; x_wconf 89' lang='grc' dir='ltr'><strong>κατά</strong></span> <span class='ocrx_word' id='word_1_685' title='bbox 684 4849 931 4918; x_wconf 84' lang='grc' dir='ltr'>ἀνάγκην</span> <span class='ocrx_word' id='word_1_686' title='bbox 961 4849 1331 4919; x_wconf 82' lang='grc' dir='ltr'>καυχώμενον,</span> <span class='ocrx_word' id='word_1_687' title='bbox 1366 4849 1428 4902; x_wconf 84' lang='grc' dir='ltr'><strong>οὐ</strong></span> <span class='ocrx_word' id='word_1_688' title='bbox 1474 4849 1844 4920; x_wconf 83' lang='grc' dir='ltr'>παραιτοῦμαι</span> 
     </span>
    </p>
   </div>
   <div class='ocr_carea' id='block_1_93' title="bbox 283 4940 1847 5012">
    <p class='ocr_par' dir='ltr' id='par_1_93' title="bbox 283 4940 1847 5012">
     <span class='ocr_line' id='line_1_93' title="bbox 283 4940 1847 5012; baseline 0 -16"><span class='ocrx_word' id='word_1_689' title='bbox 283 4944 461 4998; x_wconf 78' lang='grc' dir='ltr'>τοῦτο.</span> <span class='ocrx_word' id='word_1_690' title='bbox 501 4943 711 4996; x_wconf 82' lang='grc' dir='ltr'>Οὐκοῦν</span> <span class='ocrx_word' id='word_1_691' title='bbox 756 4942 830 5005; x_wconf 84' lang='grc' dir='ltr'><strong>ὡς</strong></span> <span class='ocrx_word' id='word_1_692' title='bbox 884 4941 1115 5012; x_wconf 78' lang='grc' dir='ltr'>ἄφρονος</span> <span class='ocrx_word' id='word_1_693' title='bbox 1146 4940 1405 5010; x_wconf 69' lang='grc' dir='ltr'>ἀνέχεσθέ</span> <span class='ocrx_word' id='word_1_694' title='bbox 1435 4958 1539 5011; x_wconf 87' lang='grc' dir='ltr'><strong>μου</strong></span> <span class='ocrx_word' id='word_1_695' title='bbox 1565 4942 1847 5009; x_wconf 86' lang='grc' dir='ltr'>λέγοντος,</span> 
     </span>
    </p>
   </div>
   <div class='ocr_carea' id='block_1_94' title="bbox 288 5032 1851 5105">
    <p class='ocr_par' dir='ltr' id='par_1_94' title="bbox 288 5032 1851 5105">
     <span class='ocr_line' id='line_1_94' title="bbox 288 5032 1851 5105; baseline 0.001 -18"><span class='ocrx_word' id='word_1_696' title='bbox 288 5056 305 5087; x_wconf 74' lang='grc' dir='ltr'><strong>ι</strong></span> <span class='ocrx_word' id='word_1_697' title='bbox 348 5036 430 5087; x_wconf 80' lang='grc' dir='ltr'><strong>ἵνα</strong></span> <span class='ocrx_word' id='word_1_698' title='bbox 459 5034 633 5102; x_wconf 75' lang='grc' dir='ltr'>κάγὼ,</span> <span class='ocrx_word' id='word_1_699' title='bbox 665 5052 683 5086; x_wconf 73' lang='grc' dir='ltr'><strong>ι</strong></span> <span class='ocrx_word' id='word_1_700' title='bbox 720 5033 1014 5096; x_wconf 68' lang='grc' dir='ltr'>τουτέστιν,</span> <span class='ocrx_word' id='word_1_701' title='bbox 1047 5032 1232 5104; x_wconf 82' lang='grc' dir='ltr'>ὥσπερ</span> <span class='ocrx_word' id='word_1_702' title='bbox 1262 5034 1479 5099; x_wconf 68' lang='grc' dir='ltr'>ὶκεῖνοι,</span> <span class='ocrx_word' id='word_1_703' title='bbox 1519 5052 1537 5086; x_wconf 76' lang='grc' dir='ltr'><strong>ι</strong></span> <span class='ocrx_word' id='word_1_704' title='bbox 1566 5035 1851 5105; x_wconf 85' lang='grc' dir='ltr'>καυχήσω-</span> 
     </span>
    </p>
   </div>
   <div class='ocr_carea' id='block_1_95' title="bbox 289 5125 1400 5199">
    <p class='ocr_par' dir='ltr' id='par_1_95' title="bbox 289 5125 1400 5199">
     <span class='ocr_line' id='line_1_95' title="bbox 289 5125 1400 5199; baseline -0.004 -17"><span class='ocrx_word' id='word_1_705' title='bbox 289 5147 408 5199; x_wconf 86' lang='grc' dir='ltr'>μαι,</span> <span class='ocrx_word' id='word_1_706' title='bbox 449 5148 465 5179; x_wconf 76' lang='grc' dir='ltr'><strong>ι</strong></span> <span class='ocrx_word' id='word_1_707' title='bbox 504 5128 640 5180; x_wconf 83' lang='grc' dir='ltr'>ἀλλὰ</span> <span class='ocrx_word' id='word_1_708' title='bbox 670 5130 765 5180; x_wconf 77' lang='grc' dir='ltr'>καὶ</span> <span class='ocrx_word' id='word_1_709' title='bbox 802 5126 959 5180; x_wconf 87' lang='grc' dir='ltr'>τοῦτο</span> <span class='ocrx_word' id='word_1_710' title='bbox 992 5144 1011 5177; x_wconf 77' lang='grc' dir='ltr'><strong>ι</strong></span> <span class='ocrx_word' id='word_1_711' title='bbox 1046 5125 1239 5196; x_wconf 83' lang='grc' dir='ltr'>μικρόν</span> <span class='ocrx_word' id='word_1_712' title='bbox 1271 5141 1343 5179; x_wconf 90' lang='grc' dir='ltr'><strong>τι.</strong></span> <span class='ocrx_word' id='word_1_713' title='bbox 1378 5142 1400 5178; x_wconf 72' lang='grc' dir='ltr'><strong>ι</strong></span> 
     </span>
    </p>
   </div>
   <div class='ocr_carea' id='block_1_96' title="bbox 366 5303 1852 5375">
    <p class='ocr_par' dir='ltr' id='par_1_96' title="bbox 366 5303 1852 5375">
     <span class='ocr_line' id='line_1_96' title="bbox 366 5303 1852 5375; baseline -0.003 -15"><span class='ocrx_word' id='word_1_714' title='bbox 366 5328 383 5360; x_wconf 74' lang='grc' dir='ltr'><strong>ι</strong></span> <span class='ocrx_word' id='word_1_715' title='bbox 419 5310 484 5362; x_wconf 89' lang='grc' dir='ltr'><strong>Ὃ</strong></span> <span class='ocrx_word' id='word_1_716' title='bbox 511 5305 677 5372; x_wconf 84' lang='grc' dir='ltr'>λαλῶ,</span> <span class='ocrx_word' id='word_1_717' title='bbox 703 5308 761 5359; x_wconf 81' lang='grc' dir='ltr'><strong>οὐ</strong></span> <span class='ocrx_word' id='word_1_718' title='bbox 782 5307 925 5359; x_wconf 86' lang='grc' dir='ltr'>λαλῶ</span> <span class='ocrx_word' id='word_1_719' title='bbox 949 5305 1091 5359; x_wconf 84' lang='grc' dir='ltr'>κατὰ</span> <span class='ocrx_word' id='word_1_720' title='bbox 1114 5303 1339 5375; x_wconf 78' lang='grc' dir='ltr'>Κύριον,</span> <span class='ocrx_word' id='word_1_721' title='bbox 1368 5303 1482 5359; x_wconf 79' lang='grc' dir='ltr'>ἀλλ’</span> <span class='ocrx_word' id='word_1_722' title='bbox 1505 5304 1579 5365; x_wconf 84' lang='grc' dir='ltr'><strong>ώς</strong></span> <span class='ocrx_word' id='word_1_723' title='bbox 1602 5306 1660 5357; x_wconf 83' lang='grc' dir='ltr'>ὲν</span> <span class='ocrx_word' id='word_1_724' title='bbox 1686 5306 1852 5374; x_wconf 85' lang='grc' dir='ltr'>ἀφρο-</span> 
     </span>
    </p>
   </div>
   <div class='ocr_carea' id='block_1_97' title="bbox 295 5396 1853 5473">
    <p class='ocr_par' dir='ltr' id='par_1_97' title="bbox 295 5396 1853 5473">
     <span class='ocr_line' id='line_1_97' title="bbox 295 5396 1853 5473; baseline -0.002 -19"><span class='ocrx_word' id='word_1_725' title='bbox 295 5402 449 5473; x_wconf 82' lang='grc' dir='ltr'>σύνῃ,</span> <span class='ocrx_word' id='word_1_726' title='bbox 482 5402 539 5453; x_wconf 82' lang='grc' dir='ltr'>ὲν</span> <span class='ocrx_word' id='word_1_727' title='bbox 572 5399 746 5470; x_wconf 81' lang='grc' dir='ltr'>ταύτῃ</span> <span class='ocrx_word' id='word_1_728' title='bbox 775 5402 839 5469; x_wconf 80' lang='grc' dir='ltr'>τῇ</span> <span class='ocrx_word' id='word_1_729' title='bbox 872 5398 1171 5450; x_wconf 81' lang='grc' dir='ltr'>ὑποστάσει</span> <span class='ocrx_word' id='word_1_730' title='bbox 1202 5397 1301 5465; x_wconf 80' lang='grc' dir='ltr'>τῆς</span> <span class='ocrx_word' id='word_1_731' title='bbox 1344 5396 1686 5465; x_wconf 84' lang='grc' dir='ltr'>καυχήσεως.</span> <span class='ocrx_word' id='word_1_732' title='bbox 1726 5414 1745 5447; x_wconf 76' lang='grc' dir='ltr'><strong>ι</strong></span> <span class='ocrx_word' id='word_1_733' title='bbox 1788 5398 1853 5451; x_wconf 89' lang='grc' dir='ltr'><em>Ὃ</em></span> 
     </span>
    </p>
   </div>
   <div class='ocr_carea' id='block_1_98' title="bbox 1954 4558 3507 4629">
    <p class='ocr_par' dir='ltr' id='par_1_98' title="bbox 1954 4558 3507 4629">
     <span class='ocr_line' id='line_1_98' title="bbox 1954 4558 3507 4629; baseline -0.01 -4"><span class='ocrx_word' id='word_1_734' title='bbox 1954 4584 2097 4625; x_wconf 88' lang='lat' dir='ltr'><strong>esse.</strong></span> <span class='ocrx_word' id='word_1_735' title='bbox 2144 4585 2165 4620; x_wconf 72' lang='grc' dir='ltr'><strong>ι</strong></span> <span class='ocrx_word' id='word_1_736' title='bbox 2203 4563 2438 4620; x_wconf 89' lang='lat' dir='ltr'><strong>Gloriari</strong></span> <span class='ocrx_word' id='word_1_737' title='bbox 2462 4564 2606 4618; x_wconf 90' lang='lat' dir='ltr'><strong>enim</strong></span> <span class='ocrx_word' id='word_1_738' title='bbox 2653 4560 2997 4629; x_wconf 88' lang='lat' dir='ltr'><strong>simpliciter,</strong></span> <span class='ocrx_word' id='word_1_739' title='bbox 3044 4558 3348 4629; x_wconf 87' lang='lat' dir='ltr'><strong>insipientia</strong></span> <span class='ocrx_word' id='word_1_740' title='bbox 3386 4566 3507 4612; x_wconf 90' lang='lat' dir='ltr'><strong>est:</strong></span> 
     </span>
    </p>
   </div>
   <div class='ocr_carea' id='block_1_99' title="bbox 1951 4649 3512 4733">
    <p class='ocr_par' dir='ltr' id='par_1_99' title="bbox 1951 4649 3512 4733">
     <span class='ocr_line' id='line_1_99' title="bbox 1951 4649 3512 4733; baseline -0.008 -16"><span class='ocrx_word' id='word_1_741' title='bbox 1951 4678 2050 4733; x_wconf 88' lang='lat' dir='ltr'><strong>ego</strong></span> <span class='ocrx_word' id='word_1_742' title='bbox 2082 4671 2260 4714; x_wconf 86' lang='lat' dir='ltr'><strong>autem</strong></span> <span class='ocrx_word' id='word_1_743' title='bbox 2292 4672 2397 4713; x_wconf 87' lang='lat' dir='ltr'><strong>non</strong></span> <span class='ocrx_word' id='word_1_744' title='bbox 2445 4666 2699 4725; x_wconf 87' lang='lat' dir='ltr'><strong>tanquam</strong></span> <span class='ocrx_word' id='word_1_745' title='bbox 2754 4655 3013 4721; x_wconf 88' lang='lat' dir='ltr'><strong>insipiens</strong></span> <span class='ocrx_word' id='word_1_746' title='bbox 3054 4653 3157 4707; x_wconf 88' lang='lat' dir='ltr'><strong>hoc</strong></span> <span class='ocrx_word' id='word_1_747' title='bbox 3202 4651 3363 4717; x_wconf 77' lang='lat' dir='ltr'><strong>facio,</strong></span> <span class='ocrx_word' id='word_1_748' title='bbox 3417 4649 3512 4705; x_wconf 83' lang='lat' dir='ltr'><strong>sed</strong></span> 
     </span>
    </p>
   </div>
   <div class='ocr_carea' id='block_1_100' title="bbox 1952 4744 3512 4816">
    <p class='ocr_par' dir='ltr' id='par_1_100' title="bbox 1952 4744 3512 4816">
     <span class='ocr_line' id='line_1_100' title="bbox 1952 4744 3512 4816; baseline -0.01 -5"><span class='ocrx_word' id='word_1_749' title='bbox 1952 4764 2192 4812; x_wconf 85' lang='lat' dir='ltr'><strong>coactus.</strong></span> <span class='ocrx_word' id='word_1_750' title='bbox 2221 4753 2471 4806; x_wconf 84' lang='lat' dir='ltr'><strong>Attamen</strong></span> <span class='ocrx_word' id='word_1_751' title='bbox 2500 4750 2544 4803; x_wconf 90' lang='lat' dir='ltr'><strong>si</strong></span> <span class='ocrx_word' id='word_1_752' title='bbox 2574 4748 2703 4802; x_wconf 89' lang='lat' dir='ltr'><strong>mihi</strong></span> <span class='ocrx_word' id='word_1_753' title='bbox 2732 4762 2835 4802; x_wconf 93' lang='lat' dir='ltr'><strong>non</strong></span> <span class='ocrx_word' id='word_1_754' title='bbox 2854 4745 3149 4816; x_wconf 86' lang='lat' dir='ltr'><strong>ignoscitis,</strong></span> <span class='ocrx_word' id='word_1_755' title='bbox 3172 4745 3265 4799; x_wconf 85' lang='lat' dir='ltr'><strong>sed</strong></span> <span class='ocrx_word' id='word_1_756' title='bbox 3291 4744 3512 4797; x_wconf 90' lang='lat' dir='ltr'><strong>omnino</strong></span> 
     </span>
    </p>
   </div>
   <div class='ocr_carea' id='block_1_101' title="bbox 1952 4836 3513 4915">
    <p class='ocr_par' dir='ltr' id='par_1_101' title="bbox 1952 4836 3513 4915">
     <span class='ocr_line' id='line_1_101' title="bbox 1952 4836 3513 4915; baseline -0.009 -13"><span class='ocrx_word' id='word_1_757' title='bbox 1952 4847 2290 4915; x_wconf 88' lang='lat' dir='ltr'><strong>insipientem</strong></span> <span class='ocrx_word' id='word_1_758' title='bbox 2349 4856 2434 4897; x_wconf 88' lang='lat' dir='ltr'><strong>me</strong></span> <span class='ocrx_word' id='word_1_759' title='bbox 2476 4839 2753 4908; x_wconf 77' lang='lat' dir='ltr'><strong>iudicatis,</strong></span> <span class='ocrx_word' id='word_1_760' title='bbox 2793 4838 3003 4892; x_wconf 90' lang='lat' dir='ltr'><strong>etiamsi</strong></span> <span class='ocrx_word' id='word_1_761' title='bbox 3050 4838 3367 4907; x_wconf 52' lang='lat' dir='ltr'><strong>necessitate</strong></span> <span class='ocrx_word' id='word_1_762' title='bbox 3417 4836 3513 4889; x_wconf 87' lang='lat' dir='ltr'><strong>ad-</strong></span> 
     </span>
    </p>
   </div>
   <div class='ocr_carea' id='block_1_102' title="bbox 1951 4933 3509 5012">
    <p class='ocr_par' dir='ltr' id='par_1_102' title="bbox 1951 4933 3509 5012">
     <span class='ocr_line' id='line_1_102' title="bbox 1951 4933 3509 5012; baseline -0.008 -15"><span class='ocrx_word' id='word_1_763' title='bbox 1951 4954 2106 4998; x_wconf 80' lang='lat' dir='ltr'><strong>actus</strong></span> <span class='ocrx_word' id='word_1_764' title='bbox 2138 4942 2357 5012; x_wconf 87' lang='lat' dir='ltr'><strong>glorier,</strong></span> <span class='ocrx_word' id='word_1_765' title='bbox 2393 4954 2498 4994; x_wconf 88' lang='lat' dir='ltr'><strong>non</strong></span> <span class='ocrx_word' id='word_1_766' title='bbox 2530 4941 2771 4993; x_wconf 80' lang='lat' dir='ltr'><strong>dctrecto</strong></span> <span class='ocrx_word' id='word_1_767' title='bbox 2811 4938 2932 4991; x_wconf 89' lang='lat' dir='ltr'><strong>hoc.</strong></span> <span class='ocrx_word' id='word_1_768' title='bbox 2982 4933 3214 4990; x_wconf 83' lang='lat' dir='ltr'><strong>Proinde</strong></span> <span class='ocrx_word' id='word_1_769' title='bbox 3257 4946 3509 5000; x_wconf 86' lang='lat' dir='ltr'><strong>tanquam</strong></span> 
     </span>
    </p>
   </div>
   <div class='ocr_carea' id='block_1_103' title="bbox 1952 5024 3511 5104">
    <p class='ocr_par' dir='ltr' id='par_1_103' title="bbox 1952 5024 3511 5104">
     <span class='ocr_line' id='line_1_103' title="bbox 1952 5024 3511 5104; baseline -0.008 -15"><span class='ocrx_word' id='word_1_770' title='bbox 1952 5036 2291 5104; x_wconf 89' lang='lat' dir='ltr'><strong>insipientem</strong></span> <span class='ocrx_word' id='word_1_771' title='bbox 2338 5032 2601 5085; x_wconf 86' lang='lat' dir='ltr'><strong>sustinete</strong></span> <span class='ocrx_word' id='word_1_772' title='bbox 2630 5045 2714 5084; x_wconf 91' lang='lat' dir='ltr'><strong>me</strong></span> <span class='ocrx_word' id='word_1_773' title='bbox 2740 5029 3067 5097; x_wconf 88' lang='lat' dir='ltr'><strong>loquentem,</strong></span> <span class='ocrx_word' id='word_1_774' title='bbox 3104 5036 3160 5081; x_wconf 92' lang='lat' dir='ltr'><strong>ut</strong></span> <span class='ocrx_word' id='word_1_775' title='bbox 3187 5034 3239 5080; x_wconf 90' lang='lat' dir='ltr'><strong>et</strong></span> <span class='ocrx_word' id='word_1_776' title='bbox 3263 5038 3382 5094; x_wconf 86' lang='lat' dir='ltr'><strong>ego,</strong></span> <span class='ocrx_word' id='word_1_777' title='bbox 3410 5024 3511 5078; x_wconf 88' lang='lat' dir='ltr'><strong>hoc</strong></span> 
     </span>
    </p>
   </div>
   <div class='ocr_carea' id='block_1_104' title="bbox 1949 5117 3505 5195">
    <p class='ocr_par' dir='ltr' id='par_1_104' title="bbox 1949 5117 3505 5195">
     <span class='ocr_line' id='line_1_104' title="bbox 1949 5117 3505 5195; baseline -0.008 -14"><span class='ocrx_word' id='word_1_778' title='bbox 1949 5138 2057 5189; x_wconf 87' lang='lat' dir='ltr'><strong>est,</strong></span> <span class='ocrx_word' id='word_1_779' title='bbox 2087 5124 2310 5195; x_wconf 87' lang='lat' dir='ltr'><strong>perinde</strong></span> <span class='ocrx_word' id='word_1_780' title='bbox 2338 5138 2401 5177; x_wconf 87' lang='lat' dir='ltr'><strong>ac</strong></span> <span class='ocrx_word' id='word_1_781' title='bbox 2432 5123 2531 5187; x_wconf 88' lang='lat' dir='ltr'><strong>illi,</strong></span> <span class='ocrx_word' id='word_1_782' title='bbox 2571 5121 2811 5191; x_wconf 86' lang='lat' dir='ltr'><strong>glorier;</strong></span> <span class='ocrx_word' id='word_1_783' title='bbox 2859 5121 2952 5174; x_wconf 84' lang='lat' dir='ltr'><strong>sed</strong></span> <span class='ocrx_word' id='word_1_784' title='bbox 2994 5127 3051 5173; x_wconf 89' lang='lat' dir='ltr'><strong>et</strong></span> <span class='ocrx_word' id='word_1_785' title='bbox 3100 5117 3202 5172; x_wconf 89' lang='lat' dir='ltr'><strong>hoc</strong></span> <span class='ocrx_word' id='word_1_786' title='bbox 3239 5117 3505 5171; x_wconf 82' lang='lat' dir='ltr'><strong>modicum</strong></span> 
     </span>
    </p>
   </div>
   <div class='ocr_carea' id='block_1_105' title="bbox 1948 5219 2096 5287">
    <p class='ocr_par' dir='ltr' id='par_1_105' title="bbox 1948 5219 2096 5287">
     <span class='ocr_line' id='line_1_105' title="bbox 1948 5219 2096 5287; baseline 0.02 -18"><span class='ocrx_word' id='word_1_787' title='bbox 1948 5219 2096 5287; x_wconf 87' lang='lat' dir='ltr'><strong>quid.</strong></span> 
     </span>
    </p>
   </div>
   <div class='ocr_carea' id='block_1_106' title="bbox 2023 5292 3507 5372">
    <p class='ocr_par' dir='ltr' id='par_1_106' title="bbox 2023 5292 3507 5372">
     <span class='ocr_line' id='line_1_106' title="bbox 2023 5292 3507 5372; baseline -0.011 -9"><span class='ocrx_word' id='word_1_788' title='bbox 2023 5309 2185 5363; x_wconf 72' lang='lat' dir='ltr'><strong>Vsus.</strong></span> <span class='ocrx_word' id='word_1_789' title='bbox 2227 5308 2314 5361; x_wconf 79' lang='grc'><strong>17.</strong></span> <span class='ocrx_word' id='word_1_790' title='bbox 2347 5324 2367 5359; x_wconf 76' lang='grc' dir='ltr'><strong>ι</strong></span> <span class='ocrx_word' id='word_1_791' title='bbox 2406 5304 2559 5371; x_wconf 86' lang='lat' dir='ltr'><strong>Quod</strong></span> <span class='ocrx_word' id='word_1_792' title='bbox 2594 5304 2804 5372; x_wconf 87' lang='lat' dir='ltr'><strong>loquor,</strong></span> <span class='ocrx_word' id='word_1_793' title='bbox 2848 5316 2950 5355; x_wconf 91' lang='lat' dir='ltr'><strong>non</strong></span> <span class='ocrx_word' id='word_1_794' title='bbox 2996 5292 3183 5367; x_wconf 85' lang='lat' dir='ltr'><strong>loquor</strong></span> <span class='ocrx_word' id='word_1_795' title='bbox 3214 5294 3507 5351; x_wconf 84' lang='lat' dir='ltr'><strong>secundum</strong></span> 
     </span>
    </p>
   </div>
   <div class='ocr_carea' id='block_1_107' title="bbox 1953 5389 3510 5466">
    <p class='ocr_par' dir='ltr' id='par_1_107' title="bbox 1953 5389 3510 5466">
     <span class='ocr_line' id='line_1_107' title="bbox 1953 5389 3510 5466; baseline -0.012 -12"><span class='ocrx_word' id='word_1_796' title='bbox 1953 5400 2262 5465; x_wconf 89' lang='lat' dir='ltr'><strong>Dominum,</strong></span> <span class='ocrx_word' id='word_1_797' title='bbox 2287 5399 2378 5453; x_wconf 84' lang='lat' dir='ltr'><strong>sed</strong></span> <span class='ocrx_word' id='word_1_798' title='bbox 2408 5396 2562 5466; x_wconf 90' lang='lat' dir='ltr'><strong>quasi</strong></span> <span class='ocrx_word' id='word_1_799' title='bbox 2596 5396 2647 5450; x_wconf 93' lang='lat' dir='ltr'><strong>in</strong></span> <span class='ocrx_word' id='word_1_800' title='bbox 2680 5395 3009 5463; x_wconf 87' lang='lat' dir='ltr'><strong>insipientia,</strong></span> <span class='ocrx_word' id='word_1_801' title='bbox 3045 5393 3097 5443; x_wconf 92' lang='lat' dir='ltr'><strong>iu</strong></span> <span class='ocrx_word' id='word_1_802' title='bbox 3133 5391 3229 5444; x_wconf 89' lang='lat' dir='ltr'><strong>hac</strong></span> <span class='ocrx_word' id='word_1_803' title='bbox 3258 5389 3510 5441; x_wconf 83' lang='lat' dir='ltr'><strong>substan-</strong></span> 
     </span>
    </p>
   </div>
   <div class='ocr_carea' id='block_1_108' title="bbox 289 5480 1964 5561">
    <p class='ocr_par' dir='ltr' id='par_1_108' title="bbox 289 5487 1964 5561">
     <span class='ocr_line' id='line_1_108' title="bbox 289 5487 1964 5561; baseline -0.002 -15"><span class='ocrx_word' id='word_1_804' title='bbox 289 5493 471 5554; x_wconf 81' lang='grc' dir='ltr'>λαλῶ,</span> <span class='ocrx_word' id='word_1_805' title='bbox 505 5494 691 5561; x_wconf 65' lang='grc' dir='ltr'>φησὶν,</span> <span class='ocrx_word' id='word_1_806' title='bbox 728 5491 828 5544; x_wconf 83' lang='grc' dir='ltr'><strong>οὐκ</strong></span> <span class='ocrx_word' id='word_1_807' title='bbox 860 5490 975 5542; x_wconf 77' lang='grc' dir='ltr'>ἐστι</span> <span class='ocrx_word' id='word_1_808' title='bbox 1020 5488 1161 5542; x_wconf 83' lang='grc' dir='ltr'><strong>κατά</strong></span> <span class='ocrx_word' id='word_1_809' title='bbox 1196 5488 1420 5557; x_wconf 82' lang='grc' dir='ltr'>Κύριον,</span> <span class='ocrx_word' id='word_1_810' title='bbox 1460 5487 1737 5550; x_wconf 85' lang='grc' dir='ltr'>τουτέστι,</span> <span class='ocrx_word' id='word_1_811' title='bbox 1786 5490 1856 5541; x_wconf 89' lang='grc' dir='ltr'><strong>τά</strong></span> <span class='ocrx_word' id='word_1_812' title='bbox 1955 5502 1964 5543; x_wconf 92' lang='lat' dir='ltr'><strong>l</strong></span> 
     </span>
    </p>
   </div>
   <div class='ocr_carea' id='block_1_109' title="bbox 1837 5480 3512 5561">
    <p class='ocr_par' dir='ltr' id='par_1_109' title="bbox 1837 5480 3512 5557">
     <span class='ocr_line' id='line_1_109' title="bbox 1837 5480 3512 5557; baseline -0.009 -16"><span class='ocrx_word' id='word_1_813' title='bbox 1837 5491 1856 5541; x_wconf 78' lang='grc' dir='ltr'><strong>ι</strong></span> <span class='ocrx_word' id='word_1_814' title='bbox 1955 5492 2026 5543; x_wconf 88' lang='lat' dir='ltr'><strong>tia</strong></span> <span class='ocrx_word' id='word_1_815' title='bbox 2062 5490 2415 5557; x_wconf 81' lang='lat' dir='ltr'><strong>gloriationis.</strong></span> <span class='ocrx_word' id='word_1_816' title='bbox 2475 5504 2494 5537; x_wconf 72' lang='grc' dir='ltr'><strong>ι</strong></span> <span class='ocrx_word' id='word_1_817' title='bbox 2552 5485 2704 5551; x_wconf 86' lang='lat' dir='ltr'><strong>Quod</strong></span> <span class='ocrx_word' id='word_1_818' title='bbox 2752 5484 2962 5551; x_wconf 86' lang='lat' dir='ltr'><strong>loquor,</strong></span> <span class='ocrx_word' id='word_1_819' title='bbox 3015 5480 3229 5549; x_wconf 90' lang='lat' dir='ltr'><strong>inquit,</strong></span> <span class='ocrx_word' id='word_1_820' title='bbox 3279 5491 3382 5529; x_wconf 91' lang='lat' dir='ltr'><strong>non</strong></span> <span class='ocrx_word' id='word_1_821' title='bbox 3430 5483 3512 5527; x_wconf 89' lang='lat' dir='ltr'><strong>est</strong></span> 
     </span>
    </p>
   </div>
   <div class='ocr_carea' id='block_1_110' title="bbox 292 5572 1967 5655">
    <p class='ocr_par' dir='ltr' id='par_1_110' title="bbox 292 5577 1967 5655">
     <span class='ocr_line' id='line_1_110' title="bbox 292 5577 1967 5655; baseline 0.001 -19"><span class='ocrx_word' id='word_1_822' title='bbox 292 5585 546 5655; x_wconf 73' lang='grc' dir='ltr'>ῥήματα·</span> <span class='ocrx_word' id='word_1_823' title='bbox 596 5584 625 5635; x_wconf 90' lang='lat'><strong>6</strong></span> <span class='ocrx_word' id='word_1_824' title='bbox 655 5582 714 5635; x_wconf 81' lang='grc' dir='ltr'>δὲ</span> <span class='ocrx_word' id='word_1_825' title='bbox 749 5581 949 5644; x_wconf 84' lang='grc' dir='ltr'>σκοπὸς</span> <span class='ocrx_word' id='word_1_826' title='bbox 1000 5581 1105 5635; x_wconf 83' lang='grc' dir='ltr'>τῶν</span> <span class='ocrx_word' id='word_1_827' title='bbox 1146 5580 1427 5651; x_wconf 78' lang='grc' dir='ltr'>ῥημάτων,</span> <span class='ocrx_word' id='word_1_828' title='bbox 1477 5577 1679 5649; x_wconf 80' lang='grc' dir='ltr'>σφόδρα</span> <span class='ocrx_word' id='word_1_829' title='bbox 1716 5581 1856 5633; x_wconf 80' lang='grc' dir='ltr'>κατά</span> <span class='ocrx_word' id='word_1_830' title='bbox 1957 5600 1967 5637; x_wconf 82' lang='grc' dir='ltr'><strong>ι</strong></span> 
     </span>
    </p>
   </div>
   <div class='ocr_carea' id='block_1_111' title="bbox 1837 5572 3512 5655">
    <p class='ocr_par' dir='ltr' id='par_1_111' title="bbox 1837 5572 3512 5645">
     <span class='ocr_line' id='line_1_111' title="bbox 1837 5572 3512 5645; baseline -0.013 -5"><span class='ocrx_word' id='word_1_831' title='bbox 1837 5582 1856 5633; x_wconf 77' lang='lat' dir='ltr'><strong>it</strong></span> <span class='ocrx_word' id='word_1_832' title='bbox 1957 5583 2249 5638; x_wconf 86' lang='lat' dir='ltr'><strong>secundum</strong></span> <span class='ocrx_word' id='word_1_833' title='bbox 2279 5580 2577 5645; x_wconf 85' lang='lat' dir='ltr'><strong>Dominum,</strong></span> <span class='ocrx_word' id='word_1_834' title='bbox 2610 5588 2803 5645; x_wconf 88' lang='lat' dir='ltr'><strong>nempe</strong></span> <span class='ocrx_word' id='word_1_835' title='bbox 2826 5576 2871 5630; x_wconf 91' lang='lat' dir='ltr'><strong>si</strong></span> <span class='ocrx_word' id='word_1_836' title='bbox 2910 5572 3070 5629; x_wconf 80' lang='lat' dir='ltr'><strong>verba</strong></span> <span class='ocrx_word' id='word_1_837' title='bbox 3101 5578 3309 5640; x_wconf 87' lang='lat' dir='ltr'><strong>spectes</strong></span> <span class='ocrx_word' id='word_1_838' title='bbox 3337 5584 3350 5620; x_wconf 90' lang='lat'>:</span> <span class='ocrx_word' id='word_1_839' title='bbox 3392 5579 3512 5622; x_wconf 83' lang='lat' dir='ltr'><strong>sco-</strong></span> 
     </span>
    </p>
   </div>
   <div class='ocr_carea' id='block_1_112' title="bbox 1588 5721 2139 5788">
    <p class='ocr_par' dir='ltr' id='par_1_112' title="bbox 1588 5721 2139 5788">
     <span class='ocr_line' id='line_1_112' title="bbox 1588 5721 2139 5788; baseline 0.009 -8"><span class='ocrx_word' id='word_1_840' title='bbox 1588 5721 1784 5782; x_wconf 79' lang='lat' dir='ltr'><strong>Variae</strong></span> <span class='ocrx_word' id='word_1_841' title='bbox 1816 5722 2139 5788; x_wconf 78' lang='lat' dir='ltr'><strong>lectiones.</strong></span> 
     </span>
    </p>
   </div>
   <div class='ocr_carea' id='block_1_113' title="bbox 363 5845 1803 5918">
    <p class='ocr_par' dir='ltr' id='par_1_113' title="bbox 363 5845 1803 5918">
     <span class='ocr_line' id='line_1_113' title="bbox 363 5845 1803 5918; baseline 0.001 -19"><span class='ocrx_word' id='word_1_842' title='bbox 363 5847 407 5879; x_wconf 71' lang='grc' dir='ltr'><strong>ττ</strong></span> <span class='ocrx_word' id='word_1_843' title='bbox 438 5845 894 5910; x_wconf 67' lang='grc' dir='ltr'>ἐπιγινώσκοντες</span> <span class='ocrx_word' id='word_1_844' title='bbox 941 5863 1001 5918; x_wconf 77' lang='grc' dir='ltr'><strong>ρ.</strong></span> <span class='ocrx_word' id='word_1_845' title='bbox 1078 5846 1123 5878; x_wconf 76' lang='grc'><strong>⁷⁸</strong></span> <span class='ocrx_word' id='word_1_846' title='bbox 1159 5847 1257 5913; x_wconf 79' lang='grc' dir='ltr'>μὶν</span> <span class='ocrx_word' id='word_1_847' title='bbox 1307 5861 1356 5900; x_wconf 91' lang='grc' dir='ltr'><strong>ο.</strong></span> <span class='ocrx_word' id='word_1_848' title='bbox 1439 5845 1482 5877; x_wconf 77' lang='grc'><strong>⁷⁸</strong></span> <span class='ocrx_word' id='word_1_849' title='bbox 1534 5845 1721 5898; x_wconf 71' lang='grc' dir='ltr'>τοῦτον</span> <span class='ocrx_word' id='word_1_850' title='bbox 1752 5861 1803 5900; x_wconf 88' lang='lat'><strong>0.</strong></span> 
     </span>
    </p>
   </div>
  </div>
