4242 6462
774 391 878 455 919

1695 396 1739 453 Τ
1744 392 2268 455 HEOPIIYLACTI
2304 390 2433 451 BUI
2455 391 2710 451 GARI/E
2749 394 3102 458 ARCHIEP.

3915 392 4039 456 990

774 522 873 574 pus
901 521 1029 559 vcro
1065 505 1344 560 verborum
1376 516 1456 561 est
1492 508 1775 561 admodum
1818 508 2112 562 secundum
2162 504 2320 559 Domi

2450 504 2675 573 Κύριον.
2710 506 2825 560 Οὐκ
2873 502 2992 561 εἷπε
3026 508 3116 570 δὲ,
3147 507 3236 561 Ἐν
3265 506 3564 578 ἀφροσύνῃ.
3591 505 3728 570 ἀλλ’,
3766 525 3787 558 ι
3839 506 3931 572 Ὠς
3970 512 4037 560 ἐν

775 616 925 654 utrm.
960 600 1073 652 Non
1114 600 1250 653 dixit
1280 608 1480 660 autem.
1511 600 1567 654 ln
1595 602 1928 669 insipientia,
1960 600 2077 664 sed,
2109 616 2127 651 ι
2165 596 2337 652 Veluti

771 695 826 745 in
882 691 1244 759 insipientia:
1305 710 1323 742 ι
1385 692 1601 745 videtur
1657 692 1798 745 enim
1849 689 2159 757 insipientia
2219 700 2339 741 esse

770 783 1021 851 gloriatio
1048 799 1164 838 mea
1192 801 1205 837 :
1239 799 1345 839 non
1377 795 1461 839 est
1491 793 1668 839 autem
1694 798 1900 838 revera.
1927 781 1996 837 Ut
2021 790 2196 835 autem
2227 794 2333 833 non

770 875 1047 929 existimes
1092 874 1235 943 quod
1271 874 1466 946 ubique
1516 876 1567 930 in
1622 874 1924 944 insipientia
1976 873 2249 941 loquatur,
2284 877 2340 924 et

775 983 878 1019 non
917 965 1211 1020 secundum
1247 966 1549 1031 Dominum,
1582 966 1675 1029 ait,
1719 966 1776 1020 In
1804 965 1901 1019 hac
1932 973 2085 1034 parte
2131 962 2332 1034 gloria-

773 1057 950 1119 tionis,
990 1072 1092 1112 non
1120 1058 1172 1111 in
1203 1057 1470 1126 aliquibus
1495 1059 1636 1111 aliis.

842 1148 1001 1202 Vens.
1033 1148 1117 1203 l8.
1155 1167 1173 1200 ι
1214 1149 1482 1215 Quoniam
1518 1151 1667 1205 multi
1700 1150 1995 1219 gloriantur
2035 1146 2330 1204 secundum

766 1251 1006 1302 carnem,
1052 1245 1106 1292 et
1150 1253 1249 1308 ego
1289 1239 1578 1307 gloriabor.
1613 1259 1631 1291 ι
1672 1239 1781 1295 lloc
1817 1253 1921 1304 est,
1977 1243 2041 1296 de
2068 1240 2332 1300 externis.

766 1335 831 1380 σεο
863 1331 1081 1396 generis
1102 1329 1407 1398 splendore,
1443 1333 1509 1397 de
1543 1332 1974 1397 circumcisione,
2011 1334 2077 1387 de
2112 1331 2333 1397 majori-

767 1422 866 1475 bus
921 1419 1181 1475 Hebraeis.
1236 1420 1347 1478 Hoc
1400 1424 1541 1478 enim
1590 1434 1667 1479 est
1719 1426 1862 1493 quod
1897 1441 2003 1478 non
2036 1424 2331 1479 secundum

771 1506 1055 1563 hominum
1103 1509 1363 1579 loquitur,
1412 1529 1531 1567 cum
1563 1514 1633 1568 ub
1668 1514 1973 1584 ltujusmodi
2030 1516 2328 1583 gloriatur:

765 1612 886 1663 qure
912 1597 1052 1652 enim
1087 1599 1288 1654 utilitas
1331 1600 1613 1657 Hebraeum
1650 1605 1810 1659 esse?
1853 1605 1972 1659 Non
2023 1606 2186 1673 igitur
2216 1614 2334 1657 tau-

768 1702 930 1755 quam
962 1689 1217 1745 virtutem
1268 1692 1383 1746 haec
1434 1709 1596 1762 pono,
1634 1710 1818 1749 verum
1876 1695 2157 1750 enimvero
2205 1696 2332 1763 quia

2442 595 2747 667 ἀφροσύνῃ.
2790 616 2808 649 ι
2843 598 3029 651 Ἐοικε
3060 598 3168 667 γάρ
3200 596 3481 670 ἀφροσύνῃ
3520 598 3554 667 ὴ
3587 597 3859 667 καύχησίς
3894 615 4030 666 μου,

2440 688 2540 742 οὐκ
2568 688 2681 741 ἔστι
2732 689 2789 743 δέ
2836 689 3072 759 ἀληθῶς.
3111 689 3228 741 Ἵνα
3275 690 3331 742 δὲ
3362 688 3436 759 μὴ
3466 689 3713 758 νομίσῃς.
3771 685 3855 741 ὅτι
3884 704 4032 740 παν-

2441 781 2608 849 ταχοῦ
2630 782 2690 833 ἐν
2708 780 2990 852 ἀφροσύνῃ
3012 780 3185 845 λαλεῖ,
3208 782 3301 835 καὶ
3327 782 3389 834 οὑ
3414 780 3554 834 κατὰ
3575 780 3804 851 Κύριον,
3828 781 4027 847 φησιν,

2444 874 2527 926 ὅτι
2545 872 2634 926 Ἑν
2661 873 2835 944 τούτῳ
2853 873 2933 944 τῷ
2957 874 3112 945 μέρει
3136 874 3235 944 τῆς
3271 874 3609 944 καυχήσεως,
3634 874 3734 926 οὐκ
3756 875 3813 926 ἐν
3835 871 4030 934 ἄλλοις

2437 966 2600 1019 τισίν.

2513 1170 2531 1201 ι
2583 1150 2737 1204 Ἐπεὶ
2767 1147 2951 1202 πολλοὶ
2983 1147 3297 1219 καυχῶνται
3325 1147 3469 1200 κατά
3499 1145 3597 1216 τὴν
3629 1143 3829 1215 σάρκα,
3862 1144 4027 1210 κάγὼ

2437 1245 2807 1315 καυχήσομαι.
2856 1262 2874 1294 ι
2926 1242 3240 1304 Τουτέστιν,
3306 1238 3415 1292 ἀπὸ
3468 1238 3576 1291 τῶν
3625 1237 3849 1303 ἔξωθεν,
3912 1236 4026 1288 ἀπὸ

2435 1335 2736 1401 εὐγενείας,
2773 1334 2880 1388 ἀπὸ
2909 1333 3003 1387 τοῦ
3040 1331 3343 1404 περιτομὴν
3366 1332 3535 1401 ἔχειν,
3575 1331 3668 1383 καὶ
3707 1328 4030 1399 προγόνους

2448 1425 2754 1495 Ἐϐραίους.
2788 1425 2959 1478 Τοῦτο
2992 1424 3102 1492 γάρ
3130 1424 3298 1487 ἐστιν,
3319 1424 3484 1491 ὅπερ(
3515 1421 3575 1474 οὐ
3595 1420 3733 1473 κατά
3763 1421 3971 1488 Κύριον
3992 1436 4014 1469 ι

2436 1518 2609 1582 λαλεῖ,
2650 1519 2712 1570 τὸ
2751 1516 3062 1586 καυχᾶσθαι
3103 1515 3196 1567 ἐπὶ
3233 1514 3527 1576 τοιούτοις·
3576 1513 3630 1565 τί
3678 1511 3786 1580 γὰρ
3821 1511 4022 1579 ὄφελος

2456 1608 2725 1678 Ἐϐραίων
2769 1603 2945 1673 εἷναι;
2996 1607 3071 1659 Οὐ
3106 1604 3282 1659 τοίνυν
3335 1604 3411 1667 ὡς
3442 1604 3643 1672 ἀρετὴν
3690 1601 3873 1655 ταῦτα
3927 1604 4017 1653 τί-

2428 1701 2600 1770 θημι,
2636 1698 2753 1754 ἀλλ’
2785 1699 2971 1766 ἐπειδὴ
3006 1699 3223 1763 ἐκεῖνοι,
3255 1695 3411 1766 φησι,
3440 1694 3751 1763 καυχῶνται
3788 1695 3847 1745 ἐν
3892 1693 4022 1744 τού.-

769 1779 841 1832 illi
875 1779 927 1833 in
966 1781 1273 1850 huiusmodi
1308 1799 1365 1840 se
1387 1785 1614 1854 jactant,
1666 1787 1788 1842 inde
1819 1798 1873 1843 et
1908 1804 2007 1857 ego
2046 1802 2320 1856 compara-

2434 1810 2574 1858 τοις,
2624 1790 2780 1860 κάγὼ
2826 1793 2926 1861 τὴν
2978 1790 3272 1860 σύγκρισιν
3315 1784 3702 1857 ἀναγκάζομαι
3754 1784 4019 1839 ἐντεῦθεν

770 1872 969 1925 tionem
1003 1872 1181 1929 facere
1211 1890 1392 1946 cogor.

836 1960 1164 2031 305Vsns.
1187 1962 1270 2017 19.
1300 1983 1318 2016 ι
1348 1964 1602 2020 Libenter
1621 1968 1761 2035 enim
1781 1970 2055 2024 sustinetis
2083 1971 2336 2039 insipien-

769 2062 868 2110 tes,
889 2065 1011 2104 cum
1031 2052 1149 2106 sitis
1166 2053 1264 2122 ipsi
1284 2054 1575 2124 sapientes.
1611 2076 1630 2109 ι
1655 2055 1784 2122 Vos,
1821 2058 2017 2127 inquit,
2036 2061 2225 2130 cogitis
2248 2077 2335 2117 me

768 2142 893 2195 talia
930 2143 1110 2200 dicere
1144 2146 1305 2211 :!nisi
1357 2149 1500 2202 enim
1537 2160 1591 2223 et
1630 2164 1723 2205 vos
1758 2153 2137 2221 suscepissetis
2188 2153 2332 2219 illos,

766 2243 820 2286 et
874 2249 937 2287 ex
989 2236 1091 2289 hoc
1126 2236 1360 2291 viderem
1415 2253 1510 2294 vos
1551 2241 1688 2306 laedi,
1742 2242 1846 2296 huc
1882 2258 1982 2312 ego
2043 2259 2174 2298 sane
2224 2259 2329 2299 non

766 2341 938 2380 essem
994 2342 1329 2398 progressus.
1393 2330 1727 2398 lnsipientes
1782 2344 1959 2389 autem
2018 2344 2175 2391 vocat
2212 2351 2329 2402 eos,

766 2418 857 2485 qui
899 2430 1121 2488 promer
1159 2421 1402 2474 carnalia
1439 2424 1761 2492 gloriantur.
1799 2424 1856 2479 Si
1894 2426 2039 2479 enim
2083 2428 2148 2481 de
2171 2428 2329 2497 spiri-

767 2510 998 2564 tualibus
1025 2510 1267 2581 gloriari,
1300 2513 1541 2568 stultitia:
1570 2516 1781 2584 signum
1811 2535 1825 2570 :
1880 2528 2082 2585 quanto
2138 2518 2329 2587 magis,

764 2602 831 2655 de
860 2602 1018 2656 rebus
1054 2618 1171 2671 quae
1208 2606 1429 2659 omnino
1465 2619 1573 2665 non
1627 2604 1962 2672 surttiouod
2017 2617 2195 2662 autem
2234 2610 2327 2673 ait,

770 2712 787 2743 ι
829 2693 1148 2762 lnsipientes
1179 2709 1301 2749 cum
1334 2695 1475 2761 sitis,
1516 2713 1535 2747 ι
1571 2697 1863 2765 jucundum
1911 2714 2040 2753 sane
2094 2698 2328 2764 videtur,

763 2790 1132 2836 verumtamen
1158 2784 1555 2839 accusationem
1585 2785 2037 2841 vehementiorem
2057 2789 2325 2844 continet:

764 2872 1026 2937 Quoniam
1052 2874 1302 2939 scientes,
1331 2876 1528 2944 inquit,
1557 2877 1814 2946 peccatis.
1844 2875 1977 2932 Nam
2001 2879 2045 2933 si
2068 2879 2329 2949 insipien-

763 2974 845 3019 tes
873 2966 1086 3029 essetis,
1109 2967 1262 3021 venia
1286 2969 1452 3022 eratis
1481 2968 1646 3038 digni.

839 3055 1000 3112 Vns.
1030 3057 1122 3112 20.
1163 3075 1182 3109 ι
1222 3058 1512 3114 Sustinetis
1543 3060 1685 3115 enim
1733 3059 1779 3116 si
1808 3063 1931 3130 quis
1959 3075 2049 3117 vos
2069 3061 2121 3115 in
2158 3061 2327 3116 servi-

2438 1886 2734 1939 ποιεῖσθαι.

2512 1995 2530 2028 ι
2577 1976 2780 2041 Ἡδέως
2830 1976 2940 2047 γὰρ
2969 1974 3229 2045 ἀνέχεσθε
3271 1972 3379 2026 τῶν
3429 1972 3704 2042 ἀφρόνων,
3749 1973 4017 2041 φρόνιμοι

2433 2065 2606 2128 ὄντες.
2674 2082 2696 2117 ι
2755 2065 2964 2134 Ὑμεῖς,
3035 2065 3221 2133 φησὶν,
3281 2061 3616 2130 ἀναγκάζετέ
3663 2079 3731 2130 με
3783 2060 4019 2114 τοιαῦτα

2434 2156 2635 2224 λέγειν’
2665 2156 2716 2209 εί
2747 2156 2821 2226 μὴ
2861 2154 2973 2226 γάρ
3012 2155 3106 2208 καὶ
3137 2154 3295 2224 ὑμεῖς
3334 2153 3585 2224 ἐδέχεσθε
3609 2152 3882 2218 ἐκείνους,
3918 2155 4020 2206 καὶ

2431 2252 2498 2306 ἐκ
2542 2251 2735 2305 τούτου
2768 2250 2957 2321 ἐώρων
2998 2249 3564 2321 παραὸλαπτομένους
3605 2250 3776 2320 ὑμᾶς.
3812 2250 3920 2302 οὐκ
3947 2249 4018 2303 ἂν

2434 2346 2555 2400 οὐδέ
2585 2344 2696 2415 ἐγὼ
2731 2344 2823 2398 ἐπὶ
2851 2343 3015 2398 τοῦτο
3043 2340 3230 2414 ἦλθον.
3273 2345 3552 2414 Ἀφρονας
3581 2343 3637 2397 δὲ
3670 2344 3851 2409 καλεῖ,
3884 2343 4019 2403 τοὺς

2433 2436 2529 2490 ἐπὶ
2557 2437 2669 2498 τοῖς
2698 2435 2983 2505 σαρκικοῖς
3017 2433 3425 2503 καυχωμένους.
3462 2434 3525 2486 El
3556 2435 3667 2501 γὰρ
3696 2434 3794 2487 καὶ
3828 2434 3893 2485 τὸ
3916 2435 4017 2486 ἐπὶ

2433 2529 2824 2597 πνευματικοῖς
2870 2526 3199 2595 καυχᾶσθαι,
3252 2527 3487 2597 μωρίας·
3521 2527 3671 2596 πόσῳ
3705 2526 3912 2595 μᾶλλον
3948 2527 4017 2579 τὸ

2440 2614 2532 2667 ἐπὶ
2561 2616 2673 2677 τοῖς
2704 2615 2779 2684 μὴ
2803 2614 2953 2668 οὖσιν
2981 2614 3155 2681 ὂλως;
3188 2615 3261 2667 Th
3294 2614 3374 2680 δὲ,
3413 2634 3430 2667 ι
3476 2616 3737 2684 Φρόνιμοι
3768 2616 3944 2679 ὄντες,
3987 2634 4010 2667 ι

2437 2706 2587 2760 δοκεῖ
2621 2707 2719 2777 μὲν
2757 2706 2941 2777 ῖλαρδν
2973 2700 3134 2771 εῖναι,
3170 2707 3309 2777 πλὴν
3355 2708 3556 2778 μᾶλλον
3610 2706 3864 2761 ἐπίτασιν
3896 2708 4015 2775 ἔχει

2429 2798 2790 2870 κατηγορίας,
2809 2799 2890 2851 ὅτι
2935 2799 3023 2851 Ἐν
3051 2797 3269 2863 γνώσει,
3299 2799 3485 2867 φησιν,
3526 2799 3900 2868 ἁμαρτάνετε.
3938 2798 4009 2851 Ei

2429 2890 2539 2963 γὰρ
2558 2891 2775 2961 ἀνόητοι
2801 2885 2921 2961 ἦτε,
2952 2889 3283 2961 συγγνώμης
3313 2889 3379 2945 ἂν
3405 2884 3508 2960 ἦτε
3540 2888 3703 2954 ἄξιοι.

2507 3088 2526 3121 ι
2568 3069 2854 3140 ’Δνέχεσθε
2887 3068 3017 3139 γὰρ,
3047 3069 3179 3131 εῐτις
3235 3070 3378 3140 ὑμᾶς
3416 3069 3756 3123 καταδουλοῖ.
3800 3088 3817 3121 ι
3855 3070 4007 3137 Ὀρα

762 3153 929 3202 tntem
959 3147 1168 3216 redigit.
1209 3165 1228 3199 ι
1259 3147 1500 3204 Observa
1545 3159 1799 3219 quantam
1830 3151 2179 3207 servilitatem
2217 3153 2320 3207 Co-

2434 3162 2603 3233 πόσην
2628 3161 3057 3231 δουλοπρέπειαν
3087 3163 3385 3231 κατηγορεῖ
3409 3161 3519 3214 τῶν
3549 3162 3877 3231 Κορινθίων,
3915 3163 4014 3213 καὶ

761 3237 1084 3293 rinthiorum
1113 3248 1351 3303 accuset,
1407 3246 1459 3293 et
1487 3238 1629 3309 quod
1659 3254 1818 3310 supra
1849 3242 2065 3295 modum
2099 3242 2326 3310 pseuda-

761 3328 986 3394 postolis
1020 3344 1079 3383 se
1116 3329 1499 3384 submiserant.

838 3438 857 3470 ι
891 3418 945 3474 Si
987 3421 1109 3490 quis
1132 3420 1377 3485 devorat,
1411 3423 1454 3476 si
1488 3422 1608 3491 quis
1650 3423 1863 3493 accipit.
1911 3442 1928 3474 ι
1971 3422 2155 3478 Viden”
2184 3424 2326 3495 quod

761 3510 962 3565 indicet
1010 3525 1105 3566 eos
1154 3514 1420 3582 accipere,
1456 3514 1619 3583 idque
1649 3528 1770 3568 cum
1806 3514 2321 3586 byperhole?l\'am,

764 3619 784 3652 ι
823 3600 1071 3669 Devorat,
1118 3620 1137 3653 ι
1171 3602 1270 3657 hoc
1318 3602 1609 3673 signiﬁcat.
1650 3602 1834 3674 Itaque
1880 3614 1933 3658 et
1977 3606 2119 3675 quod
2160 3621 2324 3676 supra

757 3695 917 3757 dixit,
967 3712 985 3745 ι
1029 3691 1098 3749 Ut
1128 3694 1179 3748 in
1236 3710 1344 3765 quo
1395 3696 1717 3764 gloriantur,
1762 3714 1781 3749 ι
1819 3697 1953 3751 bene
1985 3698 2141 3751 dixit.
2193 3696 2323 3751 Glo-

758 3784 1043 3838 riationem
1093 3784 1237 3838 enim
1274 3784 1463 3849 solam,
1534 3801 1641 3841 non
1692 3786 1974 3841 veritatem
2030 3785 2319 3853 habebant,

756 3875 1078 3930 simulantes
1103 3889 1161 3931 se
1193 3890 1299 3931 non
1330 3877 1597 3946 accipere.

831 3984 851 4020 ι
885 3967 940 4021 Si
972 3968 1091 4036 quis
1119 3967 1416 4023 extollitur.
1456 3987 1477 4020 ι
1510 3966 1625 4023 Hoc
1649 3981 1758 4045 est,
1786 3969 1829 4024 si
1860 3970 2052 4041 quisin
2084 3981 2321 4041 petesta-

755 4071 864 4113 tem
929 4048 1079 4114 suam
1121 4075 1216 4115 vos
1265 4061 1480 4132 redigit,
1541 4071 1597 4115 et
1645 4049 1835 4117 contra
1894 4078 1989 4117 vos
2040 4064 2318 4120 attollitur.

751 4152 941 4219 Neque
988 4151 1132 4205 enim
1187 4152 1344 4207 mites
1402 4152 1605 4207 domini
1662 4163 1806 4220 sunt,
1856 4155 1949 4209 sed
1995 4156 2212 4212 onerosi
2267 4166 2321 4212 et

755 4244 987 4299 niolesti.

834 4354 853 4388 ι
885 4336 942 4390 Si
976 4337 1098 4407 quis
1123 4350 1219 4391 vos
1244 4337 1296 4391 in
1343 4337 1534 4393 faciem
1563 4339 1741 4405 caedit,
1770 4339 1912 4408 justa
1940 4339 2318 4395 contumeliam

758 4428 965 4495 loquor.
1001 4444 1020 4477 ι
1046 4423 1241 4480 Vidisti
1283 4426 1549 4483 intensam
1572 4438 1627 4483 ct
1666 4430 2036 4485 vehementem
2068 4430 2316 4500 iniuriam

755 4527 918 4589 atque
950 4520 1312 4588 arrogantiam
1344 4538 1358 4575 :
1399 4520 1531 4591 ipsis
1562 4521 1704 4576 enim
1749 4531 2003 4590 tanquam
2034 4522 2321 4593 mancipiis

757 4609 1065 4663 utebantur.
1102 4608 1228 4665 Haec
1272 4620 1451 4665 autem
1490 4611 1639 4678 dicit,
1694 4628 1801 4667 non
1836 4613 1977 4681 quod
2020 4615 2072 4667 in
2125 4613 2318 4670 faciem

732 4698 1192 4765 verberarentur,
1239 4714 1421 4754 verum
1459 4703 1602 4771 quod
1639 4719 1744 4757 non
1774 4704 1981 4758 minora
2006 4714 2321 4772 paterentur

754 4787 822 4841 iis
849 4789 938 4856 qui
971 4789 1024 4841 in
1057 4788 1249 4844 faciem
1287 4791 1601 4848 ferirentur.
1634 4794 1713 4848 Ad
1754 4796 2137 4850 contumeliam
2172 4797 2316 4852 enim

750 4895 937 4934 eorum
988 4884 1088 4937 hoc
1145 4884 1301 4938 dixit.
1352 4884 1562 4939 Etenim
1625 4887 1752 4955 quid
1813 4886 1916 4942 hoc
1947 4890 2154 4955 turpius
2197 4904 2319 4946 esse

753 4982 937 5042 queat,
968 4977 1184 5044 quando
1212 4989 1269 5032 et
1294 4979 1550 5047 pecunias
1574 4994 1765 5049 resque
1802 4980 2037 5049 illorum,
2067 4994 2121 5037 et
2159 4984 2322 5039 liber-

728 5054 943 5131 iatem,
981 5079 1035 5122 et
1093 5070 1350 5124 honorem
1406 5070 1744 5137 auferentes,
1804 5082 2057 5143 tanquam
2131 5092 2320 5132 servos

751 5158 870 5211 illos
903 5159 1287 5216 tractaverint?

820 5248 979 5304 Vens.
1014 5252 1103 5307 2i.
1140 5272 1158 5305 ι
1210 5252 1490 5325 Tanquam
1560 5272 1658 5312 nos
1709 5257 1907 5313 inﬁrmi
1963 5258 2244 5315 fuerimus.
2291 5279 2310 5313 ι

747 5342 912 5409 Cujus
947 5344 1021 5397 rei
1094 5347 1288 5414 gratia,
1362 5347 1563 5417 inquit,
1632 5349 1776 5419 ipsos
1827 5352 2142 5405 sustinetis?
2177 5350 2312 5406 Num

747 5434 869 5498 quia
905 5450 1004 5489 nos
1034 5436 1230 5490 inﬁrmi
1266 5455 1473 5505 sumus,
1503 5456 1599 5496 nec
1639 5456 1924 5509 possumus
1946 5444 2132 5498 eodem
2156 5445 2313 5498 modo

750 5527 1022 5582 \rbiscum
1061 5531 1389 5599 agere?.\’on
1445 5533 1520 5587 ita
1553 5549 1611 5588 se
1645 5548 1731 5588 res
1766 5534 1945 5589 habet.
2001 5534 2109 5591 Nos
2143 5536 2310 5604 enim,

2427 3257 2503 3321 ὡς
2547 3257 2668 3327 μεθ’
2720 3254 3029 3326 ὑπερϐολῆς
3072 3252 3429 3309 ὑπεκέκλιντο
3471 3257 3581 3319 τοῖς
3629 3255 4013 3324 ψευδαποστό-

2428 3349 2562 3412 λοις.

2501 3458 2522 3492 ι
2589 3439 2737 3501 Είτις
2782 3435 3080 3502 κατεσθίει,
3121 3438 3256 3500 εἴτις
3298 3436 3586 3507 λαμϐάνει.
3626 3455 3644 3488 ι
3703 3438 3872 3507 Ὀρᾷς
3918 3438 4010 3491 ὅτι

2426 3532 2703 3585 δείκνυσιν
2732 3530 2930 3593 αὐτοὺς
2963 3530 3360 3600 λαμϐάνοντας,
3392 3533 3485 3583 καί
3507 3528 3626 3601 μεθ’
3654 3529 4006 3600 ὑπερὸολῆςς

2426 3624 2502 3679 Τὸ
2532 3625 2664 3694 γὰρ,
2707 3642 2725 3672 ι
2765 3622 3078 3689 Κατεσθίει,
3106 3641 3125 3674 ι
3146 3622 3301 3675 τοῦτο
3331 3623 3502 3693 δηλοῖ.
3534 3623 3697 3675 Ὥστε
3730 3624 3828 3674 καὶ
3865 3624 4009 3692 ὅπερ

2426 3714 2681 3781 ἀνωτέρω
2700 3712 2903 3779 ἔλεγεν,
2930 3730 2949 3765 ι
2971 3710 3088 3766 Ἰνα
3116 3714 3173 3766 ἐν
3190 3705 3234 3781 ᾧ
3255 3713 3585 3782 καυχῶνται,
3612 3731 3629 3765 ι
3649 3712 3828 3775 καλῶς
3857 3709 4004 3765 εἶπε.

2427 3805 2704 3876 Καύχημα
2740 3805 2898 3873 μόνον
2944 3805 3074 3876 γὰρ,
3115 3806 3216 3859 οὐκ
3251 3806 3509 3877 ἀλήθειαν
3554 3801 3721 3876 εἶχον,
3767 3806 4005 3876 ὐποκρι-

2428 3897 2641 3966 νόμενοι
2674 3895 2748 3967 μὴ
2775 3895 3095 3967 λαμϐάνειν.

2503 4010 2522 4043 ι
2560 3991 2707 4056 Εῖτις
2761 3994 3070 4063 ἐπαίρεται.
3122 4014 3141 4045 ι
3189 3994 3503 4057 Τουτέστιν,
3554 3994 3689 4053 εἴτις
3734 3992 4006 4056 κατεξου-

2427 4081 2602 4145 σιάζει
2630 4081 2808 4152 ὑμῶν,
2852 4083 2947 4135 καί
2978 4083 3392 4153 κατεπαίρεταν
3419 4082 3542 4135 οὐδέ
3576 4081 3683 4153 γὰρ
3712 4083 3922 4153 ⁴ἣμεροι
3953 4084 4003 4135 οί

2422 4172 2701 4241 δεσπόται,
2740 4172 2877 4230 ἀλλά
2910 4175 3159 4246 φορτικοὶ
3183 4174 3277 4230 xci.
3306 4172 3584 4244 ἐπαχθεῖς.

2505 4374 2523 4406 ι
2560 4353 2708 4416 Εῖτις
2736 4353 2880 4423 ὑμᾶς
2925 4353 3007 4414 είς
3047 4350 3337 4422 πρόσωπον
3383 4349 3551 4420 δέρει,
3589 4348 3731 4403 κατά
3771 4350 4002 4420 ἀτιμίαν

2427 4445 2590 4514 λέγω.
2632 4465 2650 4496 ι
2682 4439 2836 4507 Εἶδες
2883 4442 3133 4497 ἐπίτασιν
3183 4442 3406 4511 ἀτιμίας
3422 4441 3467 4472 ⁸⁸
3508 4441 3603 4493 καὶ
3634 4438 3886 4511 ὓδρεως;
3927 4442 4002 4503 ὡς

2426 4537 2781 4607 ἀνδραπόδοις
2816 4536 2926 4607 γὰρ
2978 4536 3162 4598 αὐτοῖς
3203 4534 3462 4604 ἐχρῶντο.
3494 4532 3681 4586 Ταῦτα
3733 4532 3790 4585 δὲ
3821 4534 4000 4601 λέγει,

2426 4629 2524 4699 οὐχ
2556 4629 2638 4681 ὅτι
2662 4629 2741 4689 είς
2768 4626 2891 4695 ὄψιν
2925 4626 3240 4688 ἐτύπτοντο,
3269 4624 3384 4677 ἀλλ’
3413 4625 3495 4676 ὅτι
3523 4622 3630 4675 τῶν
3689 4624 3771 4686 εἰς
3820 4623 3998 4692 πρόσ-

2426 4736 2574 4773 ωπον
2586 4720 2939 4790 τυπτομένων
2962 4719 3062 4772 οὐκ
3080 4718 3298 4771 ἔλαττον
3314 4716 3356 4746 ⁸³
3377 4716 3614 4786 ἔπασχον
3631 4730 3645 4745 ·
3669 4716 3807 4785 πρὸς
3833 4716 3997 4785 ἱὸριι.

2426 4812 2534 4883 γὰρ
2564 4813 2745 4867 αὐτῶν
2776 4808 2897 4866 εἷπε
2915 4812 2981 4843 ἰ’
3014 4811 3193 4864 τοῦτο.
3218 4810 3327 4863 Καὶ
3366 4808 3477 4879 γὰρ
3496 4810 3548 4861 τί
3582 4806 3769 4861 τούτου
3798 4806 4006 4873 γένοιτ’

2404 4902 2493 4955 ⁶ἂν
2525 4903 2899 4973 αἰσχρότερον,
2933 4902 3062 4955 ὃταν
3092 4901 3185 4953 καὶ
3214 4900 3281 4953 τὰ
3307 4900 3566 4969 χρήματα
3600 4895 3781 4950 αὐτῶν
3806 4896 3875 4960 ⁸³,
3906 4896 3997 4946 καὶ

2424 4994 2522 5063 τὴν
2551 4992 2882 5063 ἐλευθερίαν,
2909 4992 3004 5046 καὶ
3050 4990 3149 5061 τὴν
3186 4991 3358 5062 τιμὴν
3391 4989 3741 5059 ἀφελόμενοι,
3771 4987 3846 5048 ὡς
3875 4986 3996 5040 δού-

2423 5082 2535 5147 λοις
2563 5083 2746 5147 αὐτοῖς
2767 5084 2814 5115 ⁸⁸
2838 5084 3129 5154 κέχρηνται
3151 5101 3167 5149 ;

2496 5281 2513 5313 ι
2560 5262 2645 5325 Ὠς
2676 5261 2758 5315 ὅτι
2794 5263 2954 5333 ἡμεῖς
3012 5262 3414 5334 ἠσθενήσαμεν.
3447 5281 3467 5315 ι
3502 5260 3657 5323 τίνος
3691 5259 3747 5312 δέ
3778 5260 3993 5323 ἕνεκεν,

2418 5355 2602 5423 φησὶν,
2636 5352 2815 5407 αὐτῶν
2844 5352 3101 5423 ἀνέχεσθε
3126 5370 3140 5417 ;
3189 5352 3277 5415 Ὠς
3307 5352 3372 5406 ἂν
3411 5352 3565 5422 ήμῶν
3593 5350 3990 5414 ἀσθενούντων,

2420 5445 2514 5499 καὶ
2545 5445 2619 5515 μὴ
2650 5446 2964 5514 δυναμένων
3006 5444 3149 5499 οὕτω
3198 5445 3499 5516 κεχρῆσθαι
3526 5445 3688 5515 ὑμῖν;
3713 5445 3853 5514 ὅπερ
3883 5444 3989 5497 οὐκ

2416 5538 2554 5591 ἔστι.
2593 5536 2703 5590 Καὶ
2754 5538 2911 5607 ἡμεῖς
2960 5537 3069 5608 γὰρ
3108 5535 3382 5607 δυνάμεθα
3421 5537 3590 5600 οὕτως
3650 5532 3985 5607 ὑϐριστικῶς

2047 5675 2246 5737 Varias
2270 5675 2596 5738 lectiones.

819 5794 862 5823 ’λε’
894 5794 1152 5858 ἀπονοίας
1179 5811 1229 5849 0.
1306 5798 1347 5827 “
1389 5798 1644 5853 ἐλάττονα
1689 5801 1922 5871 πάσχετε
1954 5818 2004 5857 υ.
2082 5802 2149 5834 ἰ’
2181 5801 2334 5872 ὑμῶν
2363 5798 2513 5856 εἷπον
2638 5818 2690 5856 0.

2800 5799 2843 5831 ⁸³
2896 5797 3119 5870 ὑμῶνο.
3201 5800 3245 5832 ³³
3272 5801 3397 5871 ὑμῖν
3457 5816 3511 5854 0.
