4242 6462
263 439 370 504 921

267 553 398 619 ὑμῖν
455 551 852 619 ἐμπεριπατεῖν
879 564 892 578 ·
943 549 1057 602 ἀλλ’
1113 552 1172 602 οὗ

270 643 461 694 Πᾶσιν
522 637 613 694 οὖν
648 641 748 708 τὴν
805 640 984 693 αἰτίαν
1040 641 1142 708 τῆς
1195 644 1419 695 ἐκείνων
1463 644 1744 705 ἀπονοίας,
1777 646 1841 712 τῇ

264 732 472 784 τούτων
500 731 898 801 δουλοπρεπεῖς.
951 731 1290 798 ἀνατίθησιν.
1353 733 1538 800 Ὑμεῖς
1575 733 1682 801 γὰρ
1724 732 1843 784 δου-

264 825 562 894 λικώτερον
581 825 628 856 ⁸⁸
661 826 844 887 αὐτοῖς
874 824 1312 894 ύποκλινόμενοι,
1346 827 1436 876 κα)⁵
1481 827 1710 886 ἐκείνοις
1741 825 1842 893 τῆς

267 924 478 991 ῢὸρεως
504 920 664 975 αἴτιοί
690 923 834 987 ἐστε,
879 922 973 974 καὶ
1016 922 1147 991 ἡμῖν
1183 921 1291 973 τῶν
1324 921 1612 990 παρόντων
1629 919 1834 972 λόγων.

345 1121 362 1153 ι
413 1102 501 1153 Ἐν
523 1094 567 1168 ᾧ
594 1101 639 1152 δ’
668 1102 731 1155 ἄν
757 1118 842 1164 τις
862 1100 1035 1170 τολμᾷ
1061 1101 1140 1169 (ἐν
1170 1099 1450 1171 ἀφροσύνῃ
1475 1098 1639 1166 λέγω)
1663 1096 1846 1166 τολμῶ

265 1193 440 1261 κάγώ.
479 1211 495 1244 ι
524 1194 667 1262 Ὅρα
695 1193 856 1246 πάλιν
886 1190 1048 1245 αὑτὸν
1071 1193 1278 1260 τόλμαν
1301 1191 1395 1243 καὶ
1429 1191 1740 1258 ἀφροσύνην
1788 1188 1847 1240 τὸ

265 1289 499 1358 πρᾶγμα
531 1286 818 1348 καλοῦντα,
863 1285 957 1338 καὶ
991 1284 1267 1354 μονονουχὶ
1299 1282 1552 1350 λέγοντα.
1617 1281 1716 1352 Βία
1752 1281 1845 1331 ἐπὶ

263 1377 424 1430 τοῦτο
459 1377 708 1447 ἔρχομαι.
734 1376 924 1429 Καίτοι
952 1377 1124 1438 πόσας
1148 1374 1571 1445 προδιορθώσεις
1605 1388 1846 1442 προκατ-

267 1469 546 1530 εὸἀλ).ετο,
591 1471 684 1521 καὶ
725 1469 889 1530 ἄλλας
937 1469 1043 1538 πρὸ
1071 1468 1313 1532 τούτων;
1366 1465 1550 1519 Ταῦτα
1588 1465 1645 1517 δὲ
1703 1465 1847 1516 ποιεῖ

262 1561 539 1614 παιδεύων
575 1563 668 1613 καὶ
695 1562 861 1630 ἡμᾶς,
891 1561 1134 1628 ἀνάγκης
1173 1559 1341 1629 χωρὶς
1375 1557 1449 1627 μὴ
1483 1555 1737 1627 ἔρχεσθαι
1764 1557 1842 1617 εἰς

260 1653 536 1713 τοιούτους
560 1654 772 1720 λόγους.
790 1655 865 1712 «In:
877 1654 958 1704 σὶν
982 1652 1095 1714 οὖν,
1122 1652 1202 1704 ὅτι
1224 1671 1240 1702 ι
1266 1651 1350 1703 Ἐν
1367 1645 1487 1716 ᾧᾶν
1513 1669 1531 1700 ι
1557 1649 1840 1716 πράγματι

267 1765 288 1799 ι
320 1747 495 1816 τολμᾷ
519 1764 602 1809 τις
630 1747 956 1817 καυχᾶσθαι,
990 1765 1008 1798 ι
1036 1745 1216 1814 τολμῶ
1248 1742 1400 1811 κάγώ
1427 1761 1440 1773 ι
1482 1762 1500 1793 ι
1536 1741 1708 1795 ταῦτα
1726 1740 1833 1807 γάρ

259 1839 461 1903 ἔξωθεν
491 1837 987 1892 συνυπακουστέον.
1019 1833 1154 1890 Εἶτα
1183 1834 1473 1901 καταλέγει
1518 1833 1586 1886 τά
1639 1831 1725 1900 ἐφ’
1755 1824 1838 1892 οἷς

258 1930 592 2000 καυχῶνται.

339 2129 357 2162 ι
408 2108 648 2178 Ἑϐραῖοι
679 2108 815 2174 sict;
852 2104 1007 2174 κάγώ
1040 2121 1053 2135 ·
1101 2101 1430 2173 Ἰσραηλῖται
1459 2100 1600 2168 eici;
1631 2099 1786 2168 κάγώ
1811 2116 1826 2130 ο

259 2203 491 2268 Σπέρμα
529 2201 778 2272 Ἀϐραάμ
805 2201 948 2267 alat;
985 2197 1157 2265 κάγώ.
1201 2217 1219 2248 ι
1273 2196 1487 2264 Ἐπειδὴ
1521 2195 1580 2247 οὐ
1629 2195 1830 2256 πάντες

259 2297 312 2348 οἱ
359 2295 603 2364 Ἑϐραῖοι
641 2294 970 2364 Ἰσραηλῖται
1001 2288 1158 2361 ἦσαν·
1186 2292 1280 2344 καὶ
1301 2291 1408 2359 γὰρ
1429 2289 1712 2342 Μωαϐῖται
1737 2286 1836 2370 καὶὃ

276 2391 634 2458 ’Δμμανῖται,
693 2387 808 2454 ἅμα
852 2386 1134 2454 Ἐὁραέους
1177 2383 1400 2444 ἑαυτοὺς
1454 2382 1670 2435 ἐποίουν
1701 2394 1713 2407 ·
1746 2377 1831 2432 διὰ

260 2479 420 2531 τοῦτο
453 2479 793 2547 ἐκκαθαίρων
817 2477 914 2543 τὴν
938 2476 1211 2540 εὐγένειαν
1230 2475 1296 2536 ⁸⁸,
1321 2473 1567 2542 ἐπήγαγε
1585 2488 1599 2501 '
1627 2491 1643 2522 ι
1664 2469 1835 2539 Σπέρ-

266 2589 342 2640 μα
400 2571 648 2640 ’Λὸραάμ
670 2572 809 2633 alat;
843 2571 1022 2637 κάγώ·
1061 2587 1080 2619 ›
1115 2568 1204 2620 τὸν
1241 2567 1424 2618 Ἰσαὰκ
1441 2564 1635 2634 δηλῶν.

339 2682 358 2714 ι
420 2664 664 2716 Διὰκονοι
725 2661 961 2731 Χριστοῦ
1021 2663 1125 2713 εισι
1180 2658 1569 2729 (παραφρονῶν
1626 2655 1831 2725 λαλῶ);

263 2753 407 2822 ὑπὲρ
437 2754 567 2821 ἐγώ.
609 2771 628 2804 ι
655 2751 789 2804 Φασι
809 2768 974 2816 τινες,
1000 2751 1081 2803 ὃτι
1117 2750 1215 2802 οὐκ
1238 2751 1344 2801 ἔδει
1376 2749 1514 2800 κατά
1544 2745 1833 2816 σύγκρισιν

263 2844 569 2912 ἐξενεγκεῖν
604 2843 694 2895 τὸν
722 2841 897 2909 λόγον,
936 2839 1073 2894 ἀλλά
1105 2840 1450 2893 παντάπασιν
1487 2837 1829 2907 ἀονήσασθαι

260 2936 322 2987 τὸ
358 2929 494 2987 εἶναι
530 2934 813 2995 διακόνους
848 2933 1108 3000 Χριστοῦ.
1165 2931 1273 2984 Καὶ
1300 2931 1529 2998 λέγομεν
1558 2931 1638 2982 ὅτι
1669 2928 1827 2980 τοῦτο

266 3028 368 3095 μιᾷ
400 3028 559 3093 ῥήσει
589 3025 877 3093 ἐδήλωσεν,
909 3024 1079 3075 εἰπὼν
1113 3023 1309 3084 αὐτοὺς
1338 3021 1830 3091 ψευδαποστόλους.

261 3119 380 3170 Νῦν
411 3119 466 3170 δὲ
498 3118 640 3170 κατά
689 3117 978 3186 σύγκρισιν
1024 3114 1113 3166 τὸν
1155 3114 1314 3180 λόγον
1350 3110 1625 3164 ποιεῖσθαι
1659 3111 1832 3179 ἀρξά-

264 3228 448 3280 μενος,
476 3210 574 3278 τὴν
601 3208 691 3261 διὰ
715 3209 823 3260 τῶν
849 3208 1193 3276 πραγμάτων
1223 3204 1499 3269 ἀπόδειξιν
1531 3203 1740 3269 εἰσάγει
1763 3201 1829 3266 ⁸⁸,

262 3303 359 3355 καὶ
393 3303 573 3354 δίδωσι
624 3303 762 3353 νοεῖν
796 3300 873 3369 τῷ
903 3301 1170 3368 ἀκροατῇ,
1200 3299 1281 3350 ὅτι
1332 3297 1494 3359 αὐτὸς
1525 3295 1624 3363 μέν
1660 3296 1829 3358 ἐστιν,

260 3391 647 3456 ἑκεῖνοιδὲ,οὓ.
680 3393 846 3460 Φησὶν
875 3388 988 3454 οὖν,
1013 3393 1091 3442 ὅτι
1117 3389 1177 3440 El
1209 3389 1302 3441 καὶ
1333 3389 1569 3440 διάκονοι
1599 3385 1833 3455 Χριστοῦ

261 3491 422 3547 εἰσιν,
454 3486 590 3537 ἀλλὰ
623 3488 716 3537 καὶ
741 3483 914 3544 οὕτως
944 3483 1082 3550 ὑπὲρ
1131 3481 1328 3542 αὐτοὺς
1357 3479 1488 3548 ἐγώ.
1522 3478 1632 3532 Καὶ
1664 3478 1830 3530 πάλιν

259 3578 693 3648 παραφροσύνην
748 3576 902 3627 καλεῖ
947 3574 1008 3625 τὸ
1056 3574 1310 3643 πρᾶγμα,
1355 3572 1442 3624 διά
1475 3571 1536 3623 τὸ
1597 3569 1833 3637 πέλαγος

263 3669 364 3738 τῆς
398 3665 900 3736 ταπεινοφροσύνης
928 3663 1114 3716 αὑτοῦ.

339 3869 359 3902 ι
405 3849 495 3902 Ἐν
521 3849 710 3907 κόποις
737 3844 1160 3914 περισσοτέρως,
1190 3843 1261 3911 (ὲν
1293 3842 1530 3913 πληγαῖς
1563 3840 1832 3911 ὑπερϐαλ-

258 3945 483 4007 λόντως,
517 3943 574 3995 ὲν
606 3940 872 4009 φυλακαῖς
901 3936 1325 4007 περισσοτέρως.
1364 3953 1382 3985 ›
1413 3934 1722 4002 Καταλέγει
1766 3931 1833 3984 τὰ

261 4032 742 4107 χαρακτηρίζοντα
804 4032 932 4093 τοὺς
991 4028 1345 4091 ἀποστόλους,
1407 4027 1502 4078 καὶ
1555 4026 1713 4092 ἀφεὶς
1767 4023 1834 4076 τά

265 4129 492 4198 σημεῖα,
521 4126 628 4180 ἀπὸ
663 4123 769 4175 τῶν
821 4119 1145 4193 πειρασμῶν
1197 4121 1422 4189 ἄρχεται
1458 4135 1472 4148 ·
1511 4117 1603 4170 καί
1646 4132 1831 4186 φησιν,

261 4219 346 4272 ὅτι
399 4218 508 4271 Καὶ
546 4215 745 4277 κόπους
776 4213 994 4275 πλείους
1039 4211 1392 4281 ἀναδέχομαι,
1438 4209 1600 4262 τόπον
1650 4225 1709 4260 τε
1741 4209 1827 4260 ’ὲκ

261 4309 432 4361 τόπου
465 4305 729 4376 ἀμείῦων,
762 4303 857 4355 καὶ
913 4302 1177 4355 διδάσκων
1208 4301 1400 4362 νυκτὸς
1459 4301 1553 4352 καὶ
1589 4299 1823 4370 ἡμέρας,

264 4402 360 4453 καὶ
386 4399 464 4450 ἔτι
489 4399 610 4459 ταῖς
639 4397 826 4465 χερσὶν
855 4394 1218 4465 ἐργαζόμενος
1249 4407 1262 4420 ’
1299 4392 1434 4444 ἀλλά
1483 4394 1575 4444 καὶ
1624 4392 1685 4444 τὸ
1715 4393 1833 4460 μεῖ-

264 4495 377 4559 ζον,
405 4491 497 4544 καὶ
515 4490 726 4556 πληγὰς
750 4488 1056 4557 ὑπομένων,
1082 4488 1174 4538 καὶ
1191 4485 1392 4548 ταύτας
1418 4484 1790 4555 ὑπερϐολικῶς
1815 4501 1830 4517 ο

1050 441 1455 504 EXPOSlTlO
1498 444 1576 503 IN
1607 444 1843 504 EPIST.
1887 445 1946 504 II
1985 447 2083 504 AD
2120 445 2285 506 COll.
2321 473 2391 483 -—
2428 447 2585 508 CAP.
2627 449 2731 508 XI.

1243 551 1544 620 βουλόμεθα
1601 552 1834 613 παντως.
1871 558 1912 611 Α
1949 552 2145 620 inquit,
2178 570 2462 620 possumus
2497 555 2631 607 adeo
2680 569 2731 606 cr

1871 558 1912 611 Α
1949 552 2145 620 inquit,
2178 570 2462 620 possumus
2497 555 2631 607 adeo
2680 552 3068 607 contumeliose
3096 568 3192 607 vos
3248 552 3522 608 invadere.

3410 448 3521 510 9‘22

1951 647 2042 700 sed
2091 645 2339 699 nolumus
2407 646 2657 699 omnino.
2719 644 3038 698 Universam
3093 645 3252 711 igitur
3305 661 3523 700 causam

1952 739 2276 807 arrogantia:
2343 739 2582 798 illorum,
2644 738 2868 791 istorum
2943 738 3221 790 servilitati
3281 739 3522 791 ascribit.

1951 830 2059 884 Vos
2107 831 2251 883 enim
2287 832 2468 884 servili
2500 831 2788 882 admodum
2822 843 2969 880 more
3004 830 3135 895 ipsis
3167 829 3418 896 subjecti,
3469 839 3524 882 et.

1947 918 2053 972 illis
2102 917 2309 986 injuria:
2359 927 2607 973 auctores
2636 918 2788 981 estis,
2857 917 3118 986 nobisque
3171 919 3520 986 praesentium

1948 1025 2260 1065 sermonum
2304 1010 2540 1061 occasio.

2027 1126 2044 1158 ι
2082 1107 2194 1159 lino
2236 1105 2289 1158 in
2322 1119 2429 1172 quo
2461 1105 2580 1172 quis
2611 1105 2772 1158 audet
2813 1103 2932 1172 (per
2975 1103 3338 1171 insipientiam
3381 1102 3546 1172 dico)‘

1946 1197 2117 1250 audeo
2167 1205 2223 1250 et
2286 1210 2406 1262 ego.
2448 1214 2464 1245 ι
2501 1193 2632 1248 Vide
2669 1210 2880 1249 rursum
2923 1197 3061 1262 quod
3120 1195 3401 1246 audaciam
3471 1206 3523 1246 et

1948 1287 2310 1355 insipientiam
2354 1301 2466 1339 rem
2513 1285 2768 1353 appellat,
2819 1301 2881 1339 ac
2941 1285 3084 1353 quod
3145 1293 3350 1336 tantum
3416 1301 3520 1336 non

1947 1379 2107 1442 dit-at,
2144 1380 2190 1430 vi
2225 1378 2454 1446 quadam
2493 1379 2592 1429 huc
2629 1377 2884 1444 pervenio
2907 1387 2961 1430 et
2995 1375 3302 1444 pertrahor.
3337 1375 3522 1439 Quan-

1949 1481 2028 1524 tas
2064 1480 2242 1522 autem
2275 1480 2329 1523 et
2359 1470 2494 1524 alias
2548 1469 3024 1538 praecorrectiones
3055 1469 3364 1536 praestrinxit
3398 1479 3523 1521 ante

1945 1560 2291 1616 hasce?lla?c
2357 1571 2536 1613 autem
2614 1561 2762 1624 facit,
2822 1561 3025 1614 docens
3083 1575 3200 1622 nos,
3273 1568 3331 1610 ιιι
3387 1559 3519 1610 citra

1943 1658 2321 1712 necessitatem
2365 1657 2429 1709 ad
2465 1655 2778 1724 hujusmodi
2838 1669 3114 1707 sermones
3146 1668 3248 1705 non
3287 1652 3516 1704 descen-

1941 1751 2150 1805 damus.
2183 1749 2273 1800 Ait
2302 1762 2429 1816 ergo
2462 1764 2474 1799 :
2505 1743 2560 1797 In
2593 1760 2650 1799 re
2681 1758 3001 1812 quacunque
3056 1744 3214 1795 audet
3255 1740 3519 1808 quispiam

1942 1843 2104 1912 306
2136 1840 2373 1911 gloriari,
2398 1837 2589 1890 laudeo
2659 1845 2711 1890 et
2755 1850 2854 1905 ego
2891 1853 2902 1888 :
2938 1836 3049 1888 haec
3110 1834 3252 1886 enim
3320 1833 3519 1886 subau-

1865 1909 1908 1965 Β
1940 1909 2332 1995 dienda—sunt.
2392 1934 2596 1990 Deinde
2659 1947 2720 1986 ea
2795 1936 3063 1993 recenset,
3106 1934 3326 1995 propter
3390 1937 3510 1992 qua:

1933 2032 2252 2102 glorientur.

2007 2121 2173 2174 Vens.
2205 2118 2297 2172 “2'2.
2330 2137 2347 2168 ι
2388 2113 2592 2169 llebrzei
2620 2112 2858 2166 sunt?et
2891 2125 2990 2180 ego
3023 2127 3036 2163 :
3072 2107 3327 2161 Israelita:
3349 2105 3520 2158 sunt?

1936 2224 1986 2270 et
2044 2227 2179 2282 ego:
2216 2227 2400 2265 semen
2462 2207 2693 2261 Abrahae
2733 2204 3124 2271 sunt?et_ego.
3172 2219 3189 2251 ι
3230 2199 3366 2264 Quia
3412 2212 3516 2251 nou

1936 2323 2127 2362 Omnes
2163 2303 2368 2357 Heln-tsi
2427 2301 2682 2353 Israelita:
2737 2298 2954 2350 fuerunt
2985 2296 3131 2363 (nam
3170 2302 3223 2346 et
3273 2290 3516 2344 Moabitae

1935 2410 1988 2454 et
2018 2397 2336 2452 Ammanitae
2363 2394 2571 2460 seipsos
2607 2390 2860 2443 Hebrzeos
2889 2385 3207 2452 faciebant),
3236 2392 3514 2453 propterea

1936 2488 2151 2559 generis
2214 2484 2554 2553 splendorem
2612 2494 2938 2548 expurgans,
2998 2476 3268 2528 intulit:¢
3314 2471 3515 2527 Semen

1935 2578 2228 2633 Abrahami
2267 2575 2502 2627 sunt?et
2527 2587 2660 2639 ego;
2700 2589 2716 2620 ι
2756 2570 2995 2621 Isaacum
3028 2569 3276 2619 iunuens.

2009 2669 2172 2722 Vens.
2229 2666 2318 2718 25.
2382 2683 2399 2714 ι
2473 2660 2702 2714 Ministri
2764 2657 2964 2711 Christi
3016 2655 3276 2723 sunt(ut
3341 2654 3518 2708 minus

1935 2764 2150 2830 sapiens
2202 2755 2604 2826 loquoerlus
2635 2768 2752 2821 ego.
2784 2771 2802 2802 ι
2867 2751 3031 2802 Aiunt
3081 2749 3321 2818 quidam,
3375 2746 3517 2815 quod

1935 2868 2030 2921 per
2070 2849 2528 2918 comparationem
2558 2859 2858 2899 sermonem
2893 2841 3137 2912 proferre
3169 2857 3272 2894 non
3303 2840 3512 2899 debuit,

1937 2945 2028 2998 sed
2071 2942 2384 3010 simpliciter
2438 2953 2635 3006 negare
2671 2951 2762 2988 eos
2795 2950 2913 2988 esse
2964 2934 3245 2987 ministros
3294 2931 3514 2983 Christi.

1935 3037 2045 3091 Illis
2077 3034 2491 3104 respondemus,
2527 3032 2664 3097 quod
2699 3029 2798 3080 hoc
2836 3027 2994 3080 unica
3029 3026 3266 3079 dictione
3299 3023 3507 3088 signiti-

1935 3127 2161 3190 caverit,
2219 3140 2340 3178 cmn
2403 3123 2538 3175 dixit
2585 3136 2677 3174 eos
2709 3135 2826 3172 esse
2889 3115 3355 3186 psemlapostolos.
3389 3113 3509 3167 Jam

1938 3233 2080 3271 nunc
2109 3232 2235 3270 vero
2267 3231 2361 3284 per
2385 3212 2840 3281 comparationem
2869 3209 3030 3261 verba
3053 3207 3234 3260 facere
3258 3221 3512 3270 exorsus,

1939 3327 2033 3381 per
2062 3324 2151 3362 res
2177 3306 2693 3360 demonstrationem
2728 3299 2965 3364 adducit,
2998 3301 3192 3367 datque
3217 3297 3514 3364 intelligere

1939 3400 2194 3461 auditori,
2248 3413 2305 3452 se
2357 3397 2575 3465 quidem
2625 3409 2743 3446 esse
2794 3392 2993 3446 Christi
3038 3390 3363 3450 ministrum,
3398 3387 3516 3440 illos

1937 3508 2065 3547 vero
2120 3491 2360 3545 minimc.
2412 3490 2653 3553 Aitergo
2691 3485 2828 3553 quod
2867 3483 2976 3536 Etsi
3025 3483 3222 3536 Christi
3284 3480 3512 3533 ministri

1937 3592 2084 3647 sunt,
2119 3596 2181 3637 ea
2214 3592 2392 3633 tamen
2426 3580 2655 3641 ratione,
2691 3585 2748 3629 ut
2780 3585 2831 3629 et
2865 3590 2964 3642 ego
2998 3575 3048 3625 in
3083 3575 3181 3626 hoc
3211 3572 3512 3625 ministerio

1935 3693 2028 3733 eos
2055 3673 2392 3729 antecellam.
2427 3671 2502 3724 Ae
2533 3684 2716 3721 rursus
2741 3682 2848 3720 rem
2877 3665 3250 3732 insipientiam
3277 3661 3513 3730 appellat

1940 3775 2160 3838 propter
2195 3762 2518 3817 humilitatis
2549 3774 2659 3812 sine
2695 3755 3133 3810 immensitatem.

2014 3879 2032 3910 ι
2066 3856 2122 3911 ln
2161 3854 2438 3908 laboribus
2470 3849 2856 3908 abundantius,
2884 3848 2936 3898 in
2995 3844 3166 3913 plagis
3200 3857 3361 3911 supra
3394 3856 3512 3893 mo-

1938 3951 2085 4010 dum.
2160 3947 2212 3999 in
2271 3942 2583 3997 carceribus
2645 3937 3023 3991 abundantius.
3063 3954 3080 3986 ι
3158 3934 3514 3986 (Ἁιπιιοιει-υς

1938 4040 2308 4112 apostolorum
2366 4043 2632 4095 recenset,
2687 4041 2740 4084 et
2783 4029 2953 4098 signis
3012 4025 3417 4096 prtetcrmissis,
3478 4041 3505 4074 ιι

1939 4130 2320 4187 tentationibus
2395 4123 2715 4194 principium
2769 4119 2936 4174 ducit.
2996 4117 3232 4171 Lahores
3279 4115 3499 4183 (inquit)

1935 4223 2117 4293 plures
2146 4234 2243 4287 ego
2272 4215 2531 4284 suscipio,
2562 4213 2736 4265 locum
2791 4223 2856 4261 ex
2889 4209 3005 4261 loco
3058 4215 3393 4275 permutans,
3450 4218 3513 4255 ae

1936 4315 2134 4367 docens
2165 4318 2324 4362 noctu
2360 4316 2411 4361 et
2443 4305 2695 4367 interdiu,
2756 4310 3017 4370 praeterea
3071 4299 3318 4350 manibus
3365 4297 3514 4349 labo-

1935 4420 2080 4467 rans,
2117 4405 2223 4455 imo
2246 4399 2389 4469 quod
2416 4398 2588 4466 majus
2619 4405 2722 4456 est,
2758 4396 2982 4447 verbera
3011 4391 3311 4451 sustinens,
3341 4403 3511 4456 eaque

1936 4510 2098 4564 Supra
2131 4494 2344 4546 modum
2385 4500 2540 4543 :tum
2603 4487 2741 4556 quod
2781 4483 2955 4537 adhuc
3008 4479 3177 4548 majus
3237 4489 3340 4542 est,
3389 4493 3509 4530 cum

264 4589 359 4640 ’καὶ
384 4585 443 4636 τδ
486 4583 564 4634 ἔτι
593 4582 796 4651 μεῖξονι
830 4580 967 4650 μετά
1003 4580 1108 4632 τῶν
1144 4579 1368 4648 πληγῶν
1405 4580 1501 4631 καὶ
1531 4577 1828 4646 φυλακιξό·
1865 4598 1906 4652 D
1935 4586 2245 4641 verberibus
2301 4582 2464 4636 etiam
2515 4579 2731 4633 careeril

1865 4598 1906 4652 υ
1935 4586 2245 4641 verberibus
2301 4582 2464 4636 etiam
2515 4579 2823 4633 carceribus
2885 4575 3239 4641 mancipatus.
3281 4590 3298 4621 ι
3336 4570 3508 4638 Supra

272 4693 449 4747 μενος.
477 4675 549 4726 Τὸ
582 4673 658 4736 δὲ,
699 4691 717 4722 ι
759 4666 1260 4740 ’Υπερϐαλλόντως,
1296 4689 1314 4720 ι
1349 4671 1542 4734 καὶτὸ,
1585 4689 1602 4721 ι
1635 4670 1828 4737 Περισ-

269 4768 528 4835 σοτέρως,
578 4785 595 4817 ι
645 4764 972 4834 συγκριτικά
1045 4765 1142 4832 μέν
1204 4764 1364 4826 εἰσιν,
1396 4761 1470 4824 ὡς
1526 4763 1662 4831 πρὸς
1703 4763 1829 4825 τοὺς

266 4859 734 4930 ψευδαποστόλους
765 4872 777 4886 ·
813 4856 950 4924 πλὴν
973 4856 1097 4907 καθ’
1136 4855 1396 4906 ὑπόθεσιν
1426 4870 1440 4884 ο
1480 4849 1617 4918 οἷον,
1650 4856 1829 4907 Ἔστω

264 4954 346 5005 ὅτι
375 4951 636 5002 κοπιῶσιν
667 4951 864 5000 ἐκεῖνοι
897 4962 909 4975 ⁸
958 4946 1075 4998 ἀλλ’
1118 4945 1228 5014 ἐγὼ
1289 4947 1690 5016 περισσοτέρως
1737 4947 1830 4998 καὶ

266 5041 733 5108 ὑπερεξαλλόντως.
769 5040 926 5100 Τινὲς
960 5037 1038 5100 δὲ,
1071 5038 1130 5091 ού
1191 5037 1333 5091 κατὰ
1368 5038 1654 5108 σύγκρισιν
1684 5039 1832 5107 εἰρῆ-

267 5134 391 5186 σθαι
421 5133 593 5185 ταῦτα
623 5150 806 5200 φασιν,
841 5132 957 5184 ἀλλ’
998 5131 1184 5195 ἁπλῶς
1210 5132 1528 5202 περιουσίας
1581 5131 1676 5183 καὶ
1706 5133 1828 5184 ἐπι-

263 5228 472 5286 τάσεως
510 5223 647 5277 εἶναι
681 5242 745 5293 σῃ
756 5226 1008 5292 μαντικὰ.

339 5335 355 5364 ι
416 5315 503 5366 Ἐν
531 5315 778 5373 Θανάτοις
804 5313 1083 5377 πολλάκις.
1121 5333 1138 5363 ι
1176 5314 1250 5366 Ού
1282 5313 1440 5381 μόνον
1469 5315 1534 5384 τῇ
1572 5314 1828 5383 προθέσει

267 5406 650 5474 ἀποθνήσκων,
682 5407 817 5458 ἀλλά
864 5409 956 5459 καὶ
990 5409 1068 5469 εἰς
1111 5406 1387 5468 κινδύνους
1419 5404 1497 5475 τῷ
1518 5407 1642 5473 ,δντι
1669 5406 1831 5460 Θανα-

266 5499 538 5567 τηφὸρους
573 5498 934 5566 ἐκδιδόμενος.

348 5612 363 5637 ι
428 5587 560 5642 Ὑπὸ
625 5589 889 5642 Ἰουδαίων
925 5589 1184 5653 πεντάκις
1222 5589 1632 5658 τεσσαράκοντα
1678 5590 1829 5660 παρά

1937 4682 2151 4734 modum
2214 4688 2468 4739 tantem,
2532 4684 2604 4738 et,
2645 4690 2664 4724 ι
2731 4670 3110 4730 abundantius,
3171 4686 3188 4718 ι
3231 4679 3513 4734 compara-

1938 4773 2044 4826 tiva
2115 4779 2275 4833 sunt,
2351 4767 2513 4819 veluti
2588 4766 2652 4817 ad
2718 4760 3201 4832 pseudapostolos;
3291 4773 3503 4812 verum-

1937 4873 2110 4917 tamen
2147 4877 2241 4930 per
2272 4859 2716 4929 suppositionem,
2760 4855 2921 4908 veluti
2959 4855 3102 4907 dicat
3139 4869 3152 4904 :
3189 4850 3316 4904 Esto
3365 4852 3508 4918 quod

1937 4954 2178 5007 laborent
2225 4952 2321 5014 illi,
2377 4961 2432 5004 at
2472 4964 2569 5019 ego
2619 4947 2972 5002 excellentius
3015 4953 3069 4997 et
3116 4943 3501 4995 abundantius.

1934 5045 2183 5099 Nonnulli
2231 5055 2407 5096 autem
2445 5044 2555 5096 bzec
2593 5057 2695 5093 non
2730 5056 2828 5108 per
2859 5038 3318 5106 comparationem
3363 5037 3504 5089 dicta

1937 5153 2058 5192 esse
2104 5147 2373 5194 asserunt.
2414 5136 2507 5188 sed
2540 5134 2860 5201 simpliciter
2887 5130 3194 5200 signiﬁcare
3226 5129 3504 5184 abundau-

1939 5230 2066 5283 tiam
2100 5238 2152 5280 et
2177 5227 2558 5280 iuteusionem.

2013 5337 2030 5369 ι
2079 5317 2133 5371 1η
2168 5318 2434 5371 mortibus
2489 5315 2820 5385 frequenter.
2857 5332 2874 5364 ι
2915 5311 3031 5366 Non
3076 5312 3244 5367 solum
3280 5326 3344 5365 ex
3375 5324 3500 5376 pro-

1936 5409 2110 5478 posito
2145 5410 2402 5473 moriens,
2441 5422 2625 5460 verum
2651 5407 2716 5459 ad
2747 5403 3021 5459 mortifera
3069 5403 3224 5472 plane
3267 5399 3500 5471 pericula

1937 5500 2189 5562 traditus,

2011 5594 2173 5648 Vens.
2197 5591 2285 5648 2i.
2322 5611 2338 5644 ι
2375 5592 2418 5645 Α
2445 5591 2644 5647 Judaeis
2671 5588 2954 5661 quinquies
2985 5589 3504 5657 quadragenas,una

1579 5731 1773 5792 Varia:
1827 5732 2148 5797 lectiones.

338 5846 385 5880 “
408 5845 581 5902 δοῦλοι
632 5863 683 5903 ο.
762 5850 806 5882 ⁸⁵
857 5847 1141 5905 ἀσθένειαν
1172 5865 1224 5906 0.
1303 5850 1346 5881 “
1380 5849 1575 5917 ἐπάγει
1606 5865 1679 5903 nt.
