4242 6462
749 384 855 448 923
1663 379 2240 440 THEOPHYLACTI
2290 380 2698 441 BULGARLE
2740 384 3095 445 ARCHIEP.
3899 387 4041 454 92;

743 495 945 548 minus,
972 488 1171 557 accepi.
1196 508 1212 538 ι
1240 488 1619 554 Quamobrem,
1653 488 1769 543 Una
1805 490 1980 543 minus
2002 490 2023 542 ?
2045 489 2153 543 Lex
2181 500 2317 555 erat,
2349 496 2394 551 Α

2363 496 2394 551 Α
2427 492 2555 559 μίαν
2585 492 2792 548 ἔλαϐον.
2824 513 2840 545 ι
2872 496 2971 548 Διὰ
3000 497 3075 561 τὶ,
3117 515 3134 548 ι
3170 496 3326 566 Παρᾶ
3371 496 3531 565 μίαν;
3571 516 3588 549 ι
3612 498 3790 569 Νόμος
3817 495 4038 570 ἦν,τδν

743 602 865 641 Cum
894 586 982 651 qui
1015 583 1195 652 plures
1225 598 1383 650 quam
1419 582 1768 649 quadraginta
1803 580 1985 649 plagas
2016 582 2315 650 vapulando

2420 583 2643 635 πλείονα
2663 585 2771 636 τῶν
2790 586 3201 655 τεσσαράκοντα
3228 588 3584 657 τυπτόμενον,
3608 590 3802 657 ἄτιμον
3832 589 4030 645 εἶναι.

745 680 1066 747 accepisset,
1098 676 1510 744 ignominiosum
1543 690 1680 729 esse.
1726 674 2089 731 Decreverant
2138 677 2317 745 itaque
2419 706 2420 718 ι

2419 674 2628 745 ὥρισαν
2664 674 2755 730 οὖν
2782 679 2931 747 παρὰ
2965 678 3094 747 μίαν
3121 679 3344 745 διδόναι,
3374 682 3646 745 τουτέστι,
3700 685 4028 751 τριάκοντα

748 776 966 843 dempta
1029 786 1131 823 una
1193 770 1548 838 quadraginta
1616 769 1766 832 tlttrc,
1804 768 1905 823 hoc
1965 768 2318 837 est,trigiuta
2419 790 2423 817 ι

2419 768 2608 821 ἐννέαο
2644 770 2732 823 ἵνα
2768 770 2869 825 κᾶν
2901 774 2968 842 τῇ
3009 771 3157 843 ῥύμῃ
3207 772 3302 825 τοῦ
3349 772 3575 827 τύπτειν
3608 774 3923 845 ἐξενεχθεὶς
3995 777 4029 827 ὁ

749 883 936 922 novem
975 882 987 919 :
1022 874 1078 917 ιιι
1110 862 1323 919 etiamsi
1352 862 1402 913 in
1437 862 1550 928 ipso
1606 860 1927 914 vcrberandi
1960 861 2159 929 impetu
2198 876 2318 915 ver-
2420 878 2424 894 ι

2420 860 2663 926 τύπτων,
2726 866 2987 935 περισσὸν
3027 865 3123 936 δῷ,
3168 868 3583 937 τεσσαράκοντα
3632 869 3730 938 δῷ,
3792 870 3896 922 καὶ
3930 872 4024 938 μὴ

754 964 947 1015 berans
984 958 1293 1020 excederet,
1329 953 1680 1023 quadraginta
1718 953 1828 1017 det,
1861 968 1957 1006 nec
1986 952 2202 1007 infamis
2228 954 2320 1007 fiat

749 1058 793 1108 is
824 1053 911 1120 qui
940 1054 1187 1116 cmditur,
1216 1050 1412 1118 quippe
1435 1048 1522 1116 qui
1559 1047 1698 1100 intra
1727 1046 2000 1100 decretum
2035 1063 2317 1101 numerum

747 1162 923 1199 caesus
951 1146 1041 1197 sit.

832 1236 990 1289 Vens.
1024 1235 1113 1287 25.
1148 1252 1164 1284 ι
1204 1233 1309 1286 Ter
1344 1233 1506 1301 virgis
1544 1246 1715 1284 caesus
1754 1246 1895 1294 sum,
1930 1231 2093 1285 semel
2119 1230 2323 1300 lapida-

752 1340 836 1383 tus
865 1344 1005 1379 sntn.
1058 1346 1074 1376 ι
1142 1323 1255 1377 Non
1311 1327 1488 1377 omnia
1544 1339 1663 1391 qu:e
1718 1339 1907 1391 passus
1963 1333 2046 1378 est
2101 1322 2321 1386 Paulus,

751 1416 905 1469 nobis
952 1414 1273 1481 conscripsit
1312 1412 1524 1465 Lucas:
1582 1412 1729 1466 vides
1778 1414 1921 1466 enim
1986 1414 2149 1468 multa
2200 1431 2319 1484 qua:

752 1509 841 1562 bit:
897 1520 1214 1562 enumerata
1268 1516 1412 1571 sunt,
1471 1504 1630 1574 307
1676 1506 1821 1559 illum
1892 1508 2324 1576 prtctertnisisse.

756 1600 873 1653 t\'ou
905 1601 1047 1652 enim
1079 1600 1193 1668 ipse
1232 1599 1297 1652 ad
1326 1601 1739 1652 Ostentationem
1774 1601 2097 1668 conscripsit
2150 1599 2327 1656 histo-

758 1697 915 1747 riam.

828 1784 991 1840 Vsus.
1020 1786 1225 1851 23,26.
1272 1804 1290 1836 ι
1326 1786 1429 1839 Ter
1474 1784 1814 1855 naufragium
1878 1787 2003 1852 feci,
2060 1799 2219 1843 nocte
2276 1796 2330 1843 et

2421 953 2647 1024 γένηται
2680 958 2873 1026 ἄτιμος
2921 960 2949 1010 δ
2978 960 3336 1030 τυπτόμενος,
3367 961 3443 1024 ὡς
3474 962 3622 1023 ἐντὸς
3656 961 3751 1014 τοῦ
3784 978 4021 1031 νενομι-

2424 1048 2623 1119 σμένου
2660 1051 2785 1123 ἀριο
2795 1049 2897 1120 μοῦ
2938 1051 3186 1122 πληγείς.

2502 1253 2519 1286 ι
2556 1235 2685 1306 Τρὶς
2705 1234 3087 1304 ὲρραὸδίσθην,
3112 1234 3259 1301 ἅπαξ
3292 1236 3601 1306 ἐλιθάσθην.
3637 1255 3657 1288 ι
3681 1239 3756 1289 Οῦ
3783 1239 3995 1299 πάντα,

2426 1328 2462 1383 ἃ
2484 1328 2756 1383 πέπονθεν
2786 1330 2813 1381 δ
2840 1327 3071 1393 Παῦλος,
3112 1330 3453 1398 συνέγραψεν
3485 1332 3616 1398 ἡμῖν
3661 1334 3689 1384 ὁ
3741 1334 3960 1394 Λουκᾶς
3994 1348 4012 1361 ·

2426 1421 2557 1490 δρᾷς
2574 1420 2679 1489 γὰρ
2700 1421 2774 1482 ὡς
2796 1420 2963 1473 πολλὰ
2976 1420 3081 1472 τῶν
3104 1421 3336 1474 ἐνταῦθα
3358 1423 3835 1493 ἀπηριθμημένων
3864 1442 4019 1493 παρ’

2427 1515 2612 1566 ἐλιπεν
2682 1515 2910 1576 ἐκεῖνος.
2949 1515 3023 1567 Ού
3053 1516 3160 1585 γὰρ
3188 1516 3323 1585 πρδς
3368 1517 3680 1586 φιλοτιμίαν
3746 1518 3902 1587 αὑτῷ
3940 1521 4015 1573 τὰ

2431 1606 2531 1676 τῆς
2558 1609 2879 1678 συγγραφῆς
2902 1606 2947 1638 ⁸⁷
2980 1610 3306 1679 πεπόνηται.

2513 1810 2533 1844 ι
2575 1793 2708 1862 Τρὶς
2763 1792 3099 1862 ἐναυάγησα,
3139 1792 3481 1864 νυχθήμερον
3516 1796 3575 1848 ὲν
3611 1795 3690 1865 τῷ
3731 1796 3883 1865 βυθῷ
3911 1814 4013 1849 πε-

759 1881 847 1934 die
891 1881 943 1932 in
979 1878 1237 1947 profundo
1266 1878 1370 1946 egi,
1406 1879 1458 1931 in
1512 1878 1793 1933 itineribus
1842 1896 2002 1948 sarpe.
2038 1903 2066 1931 ι)
2132 1881 2334 1947 Ecquid
2362 1873 2410 1933 B

2362 1873 2410 1933 Β
2439 1886 2664 1953 ποίηκα.
2708 1884 3069 1952 Ὀδοιπορίαις
3121 1884 3399 1947 πολλάκις.
3441 1905 3459 1938 ι
3492 1888 3598 1939 Καὶ
3662 1888 3715 1940 τί
3761 1889 3901 1955 πρὸς
3951 1890 4012 1941 τὸ

759 1972 824 2023 ad
862 1970 1225 2037 Evangeliutu,
1251 1971 1389 2037 quod
1422 1971 1754 2040 naufragium
1786 1971 1863 2025 sis
1909 1974 2140 2041 passus?
2197 1974 2329 2029 Pro-

759 2072 879 2129 pter
944 2062 1314 2129 Evangelitnn,
1373 2061 1557 2128 longas
1627 2070 1681 2114 et
1762 2065 2159 2119 transmarinas
2218 2065 2330 2119 vias

762 2169 1035 2218 emensus,
1063 2155 1402 2223 naufragium
1441 2154 1564 2208 feci.
1589 2153 1754 2209 Noctu
1805 2167 1980 2209 autem
2004 2168 2057 2211 et
2096 2157 2329 2211 interdiu

762 2249 816 2299 in
868 2246 1132 2315 profundo
1185 2249 1408 2300 natavit.
1460 2246 1710 2301 Nonnulli
1766 2258 2035 2311 asserunt,
2089 2251 2229 2319 quod
2279 2251 2329 2304 iu

761 2342 993 2407 quodam
1031 2350 1188 2407 puteo
1232 2350 1348 2407 post
1382 2340 1677 2411 periculum
1744 2343 1880 2408 apud
1932 2341 2195 2412 Lystrios,
2247 2345 2329 2397 cui

767 2446 962 2482 tmtnen
1017 2430 1373 2499 liytbo(quw
1420 2446 1519 2484 vox
1569 2431 1774 2485 Latinis
1807 2433 2225 2499 profunditatem
2259 2436 2324 2487 si-

762 2524 1024 2592 gniﬁcat)
1053 2522 1262 2576 abditus
1298 2522 1492 2576 fuerit:
1529 2534 1581 2576 et
1607 2540 1747 2578 nunc
1781 2526 1845 2578 de
1871 2527 1977 2579 isto
2007 2527 2267 2596 loquitur.

836 2637 863 2662 α
902 2615 1161 2670 l’ericulis
1194 2615 1496 2669 fluviorum.
1540 2634 1559 2668 ι
1613 2615 1742 2670 Nam
1773 2627 1826 2672 et
1875 2633 2059 2674 amnes
2091 2621 2338 2689 trajicere

765 2711 1081 2775 cogebatur.

845 2821 863 2853 ι
907 2802 1164 2856 Periculis
1207 2800 1500 2867 latronum,
1534 2802 1787 2870 periculis
1833 2818 1896 2857 ex
1949 2818 2163 2871 genere,
2192 2803 2338 2871 peri-

767 2898 903 2951 Culis
936 2913 999 2950 ex
1028 2898 1293 2963 gentibus,
1331 2896 1583 2965 periculis
1636 2898 1687 2949 in
1735 2898 1978 2961 civitate,
2014 2897 2263 2965 periculis
2288 2898 2339 2951 in

768 2990 1081 3050 SUIllUtlille,
1114 2990 1366 3055 periculis
1395 2989 1446 3041 iu
1483 2989 1637 3042 mari.
1675 3007 1691 3038 ι
1734 2988 1940 3057 Ubique
1968 2988 2194 3043 Satanas
2223 2990 2336 3043 bel-

767 3080 876 3134 lum
940 3082 1179 3148 gerebat,
1206 3088 1259 3133 et
1288 3079 1427 3133 Deus
1452 3080 1761 3133 certaminis
1814 3080 2029 3148 prmmia
2076 3095 2340 3148 propone-

771 3173 886 3226 bat.
923 3174 1129 3225 Etenim
1158 3172 1391 3225 latrones
1429 3180 1539 3224 tutn
1586 3185 1615 3223 a
1646 3171 1891 3239 gentibus
1942 3172 2339 3238 excitabantur,

2438 1978 2794 2046 Εὑαγγὲλιον,
2822 1979 2869 2029 εί
2904 1978 3284 2048 ὲναυάγησαςς
3316 1977 3414 2030 Διὰ
3448 1979 3505 2030 τὸ
3527 1978 3863 2044 Εύαγγέλιον
3902 1980 4013 2047 γὰρ

2441 2068 2658 2139 μικρὰς
2686 2069 2778 2121 καὶ
2810 2066 3151 2129 διαποντίους
3204 2068 3554 2137 στελλόμενος
3592 2069 3768 2130 ὁδοὺς,

2438 2161 2638 2228 άγησα.
2676 2161 3036 2230 Νυχθήμερον
3062 2160 3118 2213 δὲ
3160 2161 3216 2213 ὲν
3245 2161 3323 2230 τῷ
3361 2160 3507 2231 βυθῷ
3535 2162 3809 2228 διεγένετο
3848 2163 4015 2229 νηχό-

2443 2271 2622 2322 μενος.
2652 2251 2808 2316 Τινὲς
2846 2254 2901 2307 δέ
2928 2271 3111 2320 φασιν,
3143 2254 3222 2306 ὅτι
3256 2252 3313 2305 ἔν
3364 2269 3471 2305 τινι
3500 2254 3711 2323 ςςρέατι
3742 2256 3887 2323 μετὰ
3919 2256 4013 2307 τὸν

2409 2321 2497 2397 ἐν
2552 2345 2819 2414 Λύστροις
2872 2346 3117 2398 κίνδυνον
3167 2321 3594 2417 κατακρυφθείς,
3640 2321 3801 2418 Βυθῷ
3855 2347 4015 2416 λεγο-

2444 2438 2611 2507 μένῳ,
2643 2436 2737 2490 νῦν
2772 2436 2931 2490 τοῦτο
2968 2436 3134 2505 λέγει.

3851 2069 4007 2119 ἐναυ-

2519 2631 2537 2664 ι
2578 2611 2862 2675 Κινδύνοις
2889 2611 3168 2681 ποταμῶν.
3204 2630 3221 2664 ι
3257 2613 3364 2666 Καὶ
3380 2612 3490 2684 γὰρ
3516 2610 3611 2666 καὶ
3636 2613 4011 2684 διαπορθμεύ-

2444 2722 2526 2757 ειν
2568 2707 2847 2774 ποταμοὺς
2878 2705 3244 2773 ἠναγκάζετο.

2524 2816 2540 2849 ι
2574 2796 2856 2859 Κινδύνοις
2883 2795 3131 2868 λῃστῶν,Δ
3172 2795 3439 2859 κινδύνοις
3473 2797 3537 2850 ὲκ
3574 2797 3791 2863 γένους,
3828 2798 4015 2852 κινδύ-

2446 2907 2557 2952 νοις
2587 2889 2647 2954 ιξ
2671 2890 2861 2956 ἐθνῶν,
2899 2890 3165 2953 κινδύνοις
3197 2891 3255 2942 tv
3289 2889 3463 2953 πόλει,
3507 2889 3775 2951 κινδύνοις
3801 2893 3859 2943 ἑν
3883 2893 4021 2961 ἐρη-

2452 2980 2567 3051 μίᾳ,
2600 2980 2865 3043 κινδύνοις
2910 2982 2967 3032 ὲν
3000 2980 3268 3051 θαλάσσῃ.
3307 3000 3326 3032 ι
3356 2981 3635 3051 Πονταχοῦ
3699 2983 3793 3035 καὶ
3838 2983 3867 3035 ὁ
3897 2984 4020 3037 Grai-

2450 3072 2605 3135 δολος
2635 3073 2912 3142 ἐπολέμει,
2947 3074 3042 3126 καὶ
3063 3075 3090 3127 ὁ
3120 3073 3253 3136 Θεὸς
3286 3075 3355 3126 τὰ
3385 3070 3522 3127 ἆθλα
3559 3075 3868 3142 προύτίθει.
3906 3075 4021 3129 Καὶ

2451 3165 2557 3235 γὰρ
2577 3164 2770 3235 λῃσταὶ
2798 3165 3170 3234 ὲπηγείροντο,
3198 3167 3291 3217 καὶ
3315 3170 3465 3234 παρὰ
3497 3166 3607 3219 τῶν
3636 3166 3894 3229 ἐθνικῶν,
3921 3171 4023 3219 καὶ

770 3272 883 3316 tum
930 3277 957 3315 a
983 3264 1223 3329 cognatis
1251 3262 1468 3328 Judmis,
1497 3263 1585 3331 qui
1624 3279 1735 3332 prae
1763 3264 1961 3315 invidia
1994 3274 2181 3317 contra
2217 3279 2338 3317 eum
2370 3241 2412 3298 δ

2370 3241 2412 3298 C
2450 3258 2600 3326 παρὰ
2634 3257 2741 3310 τῶν
2778 3256 3060 3326 συγγενῶν
3102 3258 3396 3325 Ἰουδαίων,
3427 3260 3476 3313 οἳ
3516 3261 3613 3313 καὶ
3645 3260 3846 3327 μᾶλλον
3891 3262 4024 3312 ἐπο-

771 3354 979 3406 eli'erati
1019 3354 1187 3422 magis
1220 3354 1625 3423 impugnabant.
1661 3353 1927 3424 Numquid
1956 3371 2084 3409 vero
2108 3358 2159 3408 in
2208 3360 2341 3412 urbe

774 3446 1135 3514 periculorum
1181 3460 1371 3514 expers
1416 3445 1569 3500 erat?
1609 3445 2050 3515 Haudquaquam.
2103 3448 2240 3517 Ergo
2292 3450 2341 3501 in

774 3537 1107 3589 solitudine?
1138 3538 1331 3590 Verum
1364 3552 1537 3607 neque
1565 3538 1671 3593 illic
1693 3540 1905 3608 quidem
1935 3555 1949 3591 :
1980 3554 2041 3593 ac
2066 3543 2108 3593 si
2142 3551 2339 3595 terram

775 3626 1023 3694 fugisset,
1060 3628 1223 3682 maris
1258 3642 1381 3683 eum
1411 3628 1646 3697 pericula
1685 3630 2042 3700 excipiebant.

855 3832 873 3863 ι
912 3811 1171 3867 Periculis
1197 3813 1248 3866 in
1277 3813 1423 3867 falsis
1444 3813 1718 3869 fratribus.
1749 3832 1767 3865 ι
1811 3811 1934 3868 Hice
1982 3830 2194 3870 rursum
2241 3817 2346 3870 alia

780 3906 988 3973 species
1022 3914 1107 3958 est
1167 3906 1497 3971 tentationis,
1546 3906 1785 3960 omnium
1834 3908 2066 3961 maxime
2111 3909 2347 3965 dolorem

784 3996 1049 4070 incutiens
1076 4006 1125 4048 et
1158 3996 1399 4063 gignens.
1426 4010 1455 4049 a
1485 3994 1638 4051 falsis
1671 3994 2167 4051 fratribusinsidias
2194 4000 2299 4066 pati
2335 4015 2350 4051 :

785 4091 923 4151 quod
956 4096 1010 4140 et
1042 4086 1203 4139 David
1231 4087 1483 4156 lugebat:
1521 4105 1534 4136 ι
1572 4087 1832 4153 Quoniam
1863 4088 1906 4140 si
1939 4087 2193 4141 inimicus
2227 4105 2347 4141 tua-

783 4176 1058 4229 letlixESset
1099 4177 1248 4239 mihi,
1293 4177 1666 4231 sustinuissem
1694 4178 1912 4246 utique:
1949 4185 2002 4230 tu
2037 4193 2162 4231 vero
2191 4180 2349 4231 homo

784 4270 1053 4323 unanimis
1084 4281 1104 4307 ³
1131 4285 1147 4334 ;
1189 4288 1206 4319 ι
1243 4282 1295 4323 et
1326 4270 1517 4323 iterum
1549 4288 1560 4323 :
1603 4288 1621 4322 ι
1656 4270 1826 4325 Homo
1856 4271 2001 4337 pacis
2036 4286 2166 4325 mea:
2196 4273 2235 4325 ί.
2280 4290 2300 4323 ι

861 4455 1019 4508 Vens.
1057 4454 1145 4506 27.
1181 4470 1199 4503 ι
1242 4450 1298 4504 in
1329 4451 1510 4505 labore
1537 4460 1591 4505 et
1622 4467 1883 4517 aerumna,
1910 4454 1962 4508 in
1999 4453 2197 4523 vigiliis
2231 4468 2352 4510 cre-

787 4545 962 4598 bro.»
1015 4541 1126 4596 Non
1178 4543 1308 4596 satis
1353 4542 1816 4597 fueruntextcrni
1872 4559 2117 4611 angores,
2176 4560 2357 4600 verum

792 4640 903 4700 ipse
932 4634 1090 4687 ctiam
1119 4648 1177 4685 se
1213 4635 1440 4700 propriis
1474 4633 1746 4688 laboribus
1775 4649 1836 4688 ac
1884 4634 2363 4705 defatigationibus

786 4736 950 4793 atque
980 4723 1222 4777 excubiis
1264 4723 1492 4777 attrivit.

866 4834 884 4865 ι
923 4816 976 4868 In
998 4815 1217 4884 jejuuiis
1245 4830 1404 4883 saepe,
1442 4816 1493 4866 in
1538 4816 1736 4897 frigore
1780 4826 1833 4871 et
1871 4819 2126 4885 nuditate,
2173 4832 2366 4889 prseter

790 4901 878 4958 illa
908 4921 1025 4973 qua:
1056 4907 1386 4959 extrinsecus
1410 4916 1555 4959 sunt.
1599 4924 1616 4957 ›
1654 4905 1946 4976 Postquam
1982 4917 2125 4963 tanta
2172 4925 2364 4978 passus

789 5008 927 5060 erat,
962 5014 1025 5050 ne
1059 4998 1362 5049 necessaria
1395 4997 1608 5063 quidem
1661 4997 1934 5059 alimonia,
1964 5014 2136 5069 neque
2163 5002 2361 5055 amictu

792 5093 1099 5144 abundabat
1144 5092 1291 5145 orbis
1351 5101 1617 5144 terrarum
1674 5096 1859 5146 doctor
1904 5109 1918 5147 :
1956 5107 2139 5147 verum
2192 5098 2365 5152 nudus

796 5187 1040 5236 certabat
1071 5226 1085 5247 ,
1120 5202 1182 5237 at:
1213 5191 1347 5238 {ante
1374 5186 1622 5238 laborans
1662 5186 1949 5253 pugnabat.
1996 5187 2155 5254 Atqui
2209 5190 2362 5256 plura

795 5276 1139 5341 prauermisit
1166 5291 1179 5327 :
1207 5278 1305 5329 hoc
1333 5276 1477 5328 enim
1528 5287 1609 5329 est
1641 5278 1780 5345 quod
1814 5279 1908 5344 ait,
1951 5295 1969 5328 ι
2030 5275 2231 5334 Praeter
2277 5281 2363 5333 illa

795 5381 919 5433 qua:
954 5368 1291 5421 extrinsecus
1319 5378 1443 5420 sunt
1477 5384 1490 5420 :
1521 5385 1540 5420 ι
1579 5368 1683 5423 into
1711 5384 1778 5424 ne
1812 5384 1873 5423 ea
1898 5370 2107 5439 quidem
2136 5386 2362 5440 quorum

907 5549 929 5576 ⁸
965 5546 1103 5600 l‘sal.
1143 5561 1250 5613 LIV,
1278 5546 1359 5600 14.
1478 5548 1492 5582 ι
1529 5545 1671 5601 I‘sal.
1708 5563 1789 5609 χι,
1828 5546 1910 5600 10.

2451 3348 2673 3419 λέμουν,
2701 3348 3119 3419 ἐκθηριούμενοι
3149 3351 3238 3403 διὰ
3280 3354 3380 3421 τὴν
3431 3353 3551 3405 κατ’
3575 3352 3741 3404 αὑτοῦ
3786 3351 4023 3421 ζηλοτυ-

2451 3442 2601 3496 πίαν.
2627 3437 2775 3511 τΑρει.
2813 3442 2869 3493 δὲ
2904 3443 2960 3493 ὲν
2992 3444 3057 3512 τῇ
3097 3442 3248 3495 πόλει
3298 3444 3579 3505 ἀκίνδυνος
3603 3440 4021 3513 ἦν;οὐδαμῶς.

2451 3535 2651 3586 Λοιπὸν
2692 3530 2785 3585 οὖν
2842 3534 2901 3585 ὲν
2957 3535 3203 3604 ὲρημίᾳς
3240 3535 3510 3589 ’Δλλόύδ”
3536 3539 3593 3590 ἐν
3647 3538 3859 3608 ταύτῃ·
3910 3540 4017 3589 κᾶν

2452 3626 2550 3695 τὴν
2606 3626 2710 3694 γῆν
2764 3624 2985 3692 ἔφυγεν,
3040 3627 3091 3677 οι
3139 3627 3198 3679 ὲν
3252 3626 3496 3700 θαλάσσῃ
3558 3628 3796 3681 κίνδυνοι
3850 3628 4024 3682 διεδέ-

2455 3736 2633 3789 χοντο.

2531 3831 2550 3863 ι
2583 3812 2860 3876 Κινόύνοις
2890 3815 2947 3866 ὲν
2978 3811 3385 3881 ψευδαδέλφοις.
3427 3830 3445 3863 ι
3490 3812 3661 3865 Τοῦτο
3702 3813 3866 3866 πάλιν
3895 3814 4027 3867 ἄλλο

2457 3899 2596 3965 εἶδος
2653 3903 2986 3974 πειρασμοῦ,
3039 3904 3137 3957 καὶ
3194 3904 3593 3969 ἁλγεινότατον,
3628 3907 3690 3956 τὸ
3732 3905 3887 3975 παρὰ.
3918 3907 4028 3957 τῶν

2454 3996 2695 4064 ψευδωνύ
2705 4013 2821 4065 μων
2887 3998 2978 4048 καὶ
3046 3996 3352 4064 ὑποκριτῶν
3381 3996 3625 4063 ἀδελφῶν
3672 3996 4027 4050 ἐπιϐουλεύε-

2457 4086 2581 4138 σθαι
2609 4102 2621 4114 '
2682 4087 2710 4138 ὃ
2765 4085 2859 4138 καὶ
2906 4088 2934 4138 δ
2986 4086 3149 4140 Δαὸἱδ
3200 4087 3491 4154 ὀδύρεται·
3533 4106 3550 4137 ι
3582 4087 3705 4140 Ὀτι
3745 4089 3795 4139 εί
3835 4088 4031 4156 ἐχθρὸς

2462 4177 2704 4232 ὠνείδισέ
2767 4196 2857 4246 με,
2893 4179 3176 4248 ὑπήνεγκα
3221 4178 3322 4232 ἄν·
3364 4179 3429 4232 σὺ
3469 4178 3550 4243 δὲ,
3611 4178 3870 4247 ἄνθρωπε
3922 4179 4028 4230 ἰσό-

2461 4270 2635 4339 ψυχε·
2676 4286 2695 4319 ι
2752 4269 2845 4321 καὶ
2900 4268 3082 4335 πάλιν,
3130 4287 3149 4321 ι
3198 4268 3260 4323 '0
3308 4269 3593 4339 ἄνθρωπος
3643 4269 3739 4339 τῆς
3802 4270 4030 4338 εἰρήνης

2468 4380 2592 4433 μου.
2637 4380 2655 4413 ›

2541 4475 2559 4505 ι
2609 4456 2697 4507 Ἐν
2720 4455 2874 4524 κόπῳ
2908 4456 3001 4509 καὶ
3028 4455 3236 4525 μόχθῳ,
3268 4455 3326 4507 ἐν
3352 4453 3679 4523 ἀγρυπνίαις
3708 4452 4025 4513 πολλάκις..

2466 4544 2580 4597 Οὐκ
2606 4544 2767 4613 ἢρκει
2806 4545 2873 4595 τὰ
2908 4542 3056 4613 παρὰ
3076 4544 3185 4595 τῶν
3221 4541 3443 4607 ἔξωθεν.
3470 4541 3604 4593 ἀλλὰ
3631 4541 3724 4593 καὶ
3748 4541 3909 4602 αὐτὸς
3948 4543 4027 4593 οἷο

2467 4638 2624 4690 κοθεν
2647 4635 2828 4697 πόνοις
2852 4636 2945 4689 καλ⁵
2968 4635 3182 4705 μόχθοις
3200 4634 3484 4704 ἐπέτριϐεν
3508 4632 3723 4695 ἑαυτὸν,
3747 4635 3840 4685 καὶ
3859 4632 4030 4701 ἀγρυ-

2467 4728 2671 4790 πνίαις.

2541 4841 2560 4874 ι
2609 4824 2695 4876 Ἐν
2757 4823 3034 4892 νηστείαις
3058 4821 3103 4853 ⁸⁸
3138 4819 3419 4893 πολλάκις,
3478 4818 3535 4869 ὲν
3582 4815 3745 4885 ψύχει
3797 4816 3893 4866 καὶ
3929 4830 4026 4879 γυ-

2470 4916 2719 4986 μνότητι,
2757 4914 2929 4986 χωρὶς
2957 4914 3065 4966 τῶν
3099 4911 3390 4982 παρεκτὸς.
3438 4927 3457 4961 ι
3498 4907 3747 4961 Τοσαῦτα
3777 4908 4027 4975 πάσχων,

2466 5008 2585 5059 οὐδὲ
2633 5007 2732 5074 τῆς
2781 5004 3084 5073 ἀναγκαίας
3130 5003 3363 5071 ηὐπόρει
3400 4999 3630 5071 τροφῆς,
3662 4998 3782 5049 οὐδὲ
3819 4998 4023 5049 σκεπα-

2474 5113 2706 5165 σματος,
2746 5100 2773 5151 ὁ
2796 5101 2892 5167 τῆς
2923 5097 3240 5164 οἰκουμένης
3260 5092 3575 5152 διδάσκαλος
3600 5107 3614 5121 ·
3644 5089 3777 5142 ἀλλὰ
3818 5092 3911 5139 καὶ
3942 5105 4025 5152 γυο

2475 5193 2605 5259 μνὺς
2660 5190 2978 5260 ἠγωνίζετο,
3014 5191 3109 5241 καὶ
3167 5186 3451 5257 λιμώττων
3511 5182 3779 5236 ἐπύκτευε
3807 5198 3819 5210 ·
3853 5182 4022 5233 καίτοι

2468 5280 2539 5333 τὰ
2596 5282 2762 5335 πλείω
2805 5280 3121 5349 παρέλειψε.
3182 5279 3352 5331 Τοῦτο
3382 5277 3489 5346 γάρ
3526 5277 3641 5327 ἔστι
3672 5274 3748 5332 τὸ.
3796 5291 3814 5324 ι
3850 5273 4019 5339 Χωρὶ;

2470 5370 2577 5423 τῶν
2600 5372 2871 5442 παρεκτός
2900 5388 2914 5403 ο
2946 5391 2963 5424 ι
2997 5370 3197 5440 μᾶλλον
3233 5369 3308 5434 δὲ,
3333 5368 3456 5422 οὐδὲ
3482 5366 3657 5420 ταῦτα
3682 5358 3757 5418 ῶν
3790 5364 4023 5431 ἐπεμνή-

2124 5642 2318 5703 Varia)
2356 5641 2683 5705 lectiones.

877 5817 921 5839 "
958 5817 1171 5885 relusit;
1212 5832 1260 5871 0-

1340 5814 1386 5845 "“
1418 5816 1473 5867 ὲν
1501 5812 1645 5883 λιμῷ
1675 5813 1765 5865 καῖ
1797 5812 1957 5880 Ξίῴει,
2012 5811 2067 5862 ἐν
2095 5810 2365 5880 νηστείαις
2400 5826 2470 5861 ιη·
