4242 6462
769 396 873 458 9‘27

1651 400 2229 463 THEOPHYLACTI
2270 397 2682 465 BULGARIAE
2720 405 3079 470 ARCHIEP.

3904 418 4016 477 923

761 509 981 574 Christi,
1011 510 1101 575 qui
1138 517 1221 562 est
1260 508 1574 563 benedictus
1607 511 1657 563 in
1696 513 1919 576 smcula,
1952 514 2055 567 seit
2079 512 2218 581 quod
2244 527 2347 565 non
2375 509 2427 568 Α

2375 509 2427 568 Α
2452 513 2687 580 Χριστοῦ
2727 516 2890 583 οἶδεν,
2920 524 2948 574 6
2985 520 3061 573 ὢν
3086 521 3383 592 εὐλογητὸς
3417 526 3495 589 είς
3524 526 3649 587 τοὺς
3683 527 3911 593 αἰῶνας,
3944 533 4037 583 ὅτι

765 603 1010 654 mentiar.
1054 620 1073 652 ι
1111 600 1242 654 Cum
1278 604 1328 655 itt
1367 602 1637 669 prioribus
1674 606 1873 657 nullam
1917 605 2103 658 fecerit
2140 605 2342 659 confir-

767 696 1057 745 mationem
1095 709 1283 747 eorum
1319 710 1436 761 quae
1467 696 1688 758 diceret,
1736 697 1819 748 hic
1851 696 2159 761 confirmat,
2199 707 2248 751 et
2277 698 2339 749 ft-

762 786 884 837 dem
916 787 1171 841 conciliat
1226 788 1338 839 suis
1398 788 1623 842 verbis:
1658 791 1840 842 forsan
1907 792 2031 857 quia
2077 790 2339 844 vetustius

760 888 874 928 erat
904 886 957 930 et
988 879 1269 930 obscurius
1320 881 1460 947 quod
1499 881 1743 933 dicturus
1789 891 1944 945 erat;
1983 881 2189 949 extera}
2213 896 2338 935 vero

760 965 890 1032 ipsis
918 979 1070 1019 erant
1103 969 1338 1036 cognita,
1366 978 1423 1021 ut
1457 970 1785 1036 sollicitudo,
1817 970 1974 1039 idque
2011 986 2179 1039 genus
2209 971 2334 1022 alia.

835 1059 1108 1113 \’t-:us.32.
1144 1078 1162 1110 ι
1223 1062 1492 1123 Damasci,
1555 1064 1872 1131 praepositus
1925 1064 2097 1132 gentis
2161 1064 2340 1117 Arene

762 1153 901 1219 regis
930 1152 1269 1206 Custodiebat
1298 1154 1569 1206 civitatem
1630 1154 2104 1218 Damascenorum,
2143 1167 2196 1209 nt
2255 1171 2339 1211 me

762 1244 1271 1310 comprehenderet.
1320 1264 1337 1295 ι
1374 1243 1609 1298 Observa
1637 1255 1894 1314 quantum
1930 1245 2092 1300 fuerit
2120 1247 2337 1309 bellum,

762 1335 1026 1403 siquidem
1082 1336 1245 1403 ipsius
1277 1352 1437 1388 causa
1490 1338 1737 1404 princeps
1788 1337 2034 1404 praesidio
2092 1338 2340 1391 firmabat

765 1429 976 1489 urbem,
1008 1428 1367 1494 exeuhiasque
1424 1426 1632 1497 agebat.
1689 1426 2119 1497 llamlquaquam
2160 1441 2337 1484 autem

762 1534 820 1575 se
860 1520 927 1571 ita
971 1518 1225 1586 gessisset
1270 1520 1445 1587 gentis
1504 1517 1809 1584 praefecms,
1873 1519 1924 1572 ni
1983 1520 2131 1573 Pauli
2196 1523 2341 1576 zelus

762 1606 939 1658 nnmia
972 1608 1311 1661 incendisset.
1347 1607 1465 1661 Fuit
1501 1620 1680 1662 autem
1715 1610 1906 1662 Aretas
1940 1609 2169 1665 llerodis
2198 1616 2337 1684 rege

762 1712 938 1751 SOC:'I‘.

840 1788 999 1843 Vens.
1020 1790 1107 1843 55.
1149 1808 1166 1841 ι
1197 1790 1272 1845 Ac
1302 1791 1463 1862 309
1492 1808 1585 1860 per
1624 1794 1920 1849 l'cneStram
1956 1796 2006 1848 in
2032 1808 2209 1863 sporta
2246 1798 2336 1851 de-

764 1880 963 1936 missus
980 1898 1095 1934 sum
1116 1899 1206 1949 per
1225 1901 1458 1948 murum,
1484 1896 1535 1938 et
1553 1885 1711 1955 effugi
1735 1904 1921 1941 manus
1940 1890 2077 1956 ejus.
2099 1909 2115 1941 ι
2141 1889 2332 1961 Effugi,

764 1969 997 2024 llerilem
1036 1971 1200 2041 legem
1234 1976 1542 2041 complens:
1579 1994 1698 2030 nam
1731 1990 1781 2032 et
1804 1978 2062 2034 Dominus
2089 1984 2335 2051 migravit

769 2063 836 2115 de
865 2063 981 2115 loco
1013 2065 1062 2116 in
1086 2066 1281 2119 locmn.
1321 2069 1434 2123 Non
1460 2072 1601 2125 enim
1634 2086 1770 2140 opus
1802 2085 1884 2127 est
1920 2083 1969 2126 ut
2012 2076 2255 2142 nosipsos
2280 2079 2330 2131 in

764 2159 1088 2211 leutationes
1136 2160 1464 2225 injiciamus.
1516 2162 1613 2217 Ubi
1647 2166 1809 2230 igitur
1857 2168 2163 2235 hujnsmodi
2208 2182 2331 2225 sunt

764 2248 924 2312 mala,
951 2265 979 2301 e
1007 2250 1200 2320 quibus
1227 2253 1455 2308 evadere
1483 2270 1584 2308 non
1620 2258 1811 2323 possis,
1837 2259 1950 2312 solo
1977 2260 2083 2313 Deo
2107 2260 2332 2329 indiges,

765 2349 819 2391 et
839 2340 906 2392 ab
931 2340 1019 2392 illo
1046 2345 1300 2396 duntaxat
1320 2360 1439 2397 cum
1468 2346 1807 2414 inquirenda,
1840 2361 1949 2404 tum
1975 2356 2333 2419 exspectanda

765 2441 849 2483 est
880 2432 1139 2487 liberatio.
1171 2434 1261 2488 Sin
1294 2438 1589 2494 tolerabilis
1620 2457 1681 2495 ac
1720 2444 1997 2498 moderata
2031 2446 2190 2499 fuerit
2221 2455 2338 2500 ten-

766 2524 916 2583 tatio,
946 2538 973 2575 a
1002 2527 1156 2578 nobis
1183 2528 1345 2580 etiam
1380 2531 1579 2598 aliquid
1609 2535 2020 2602 excogitandum
2042 2547 2122 2592 est
2149 2554 2164 2592 :
2189 2541 2333 2608 atqui

766 2613 847 2661 vel
879 2613 956 2666 sic
997 2625 1162 2667 totum
1200 2618 1306 2670 Deo
1361 2621 1728 2687 tribuendum,
1776 2627 2223 2687 quemadmodum
2282 2640 2336 2685 et

769 2703 867 2754 iste
899 2704 948 2755 in
982 2716 1160 2771 sporta
1192 2708 1392 2779 effugit.
1418 2711 1634 2767 Etiamsi
1664 2716 1803 2767 enim
1835 2731 1958 2771 cum
1981 2716 2195 2774 Christo
2217 2735 2336 2777 esse

768 2805 1060 2862 expeteret,
1086 2798 1309 2853 salutem
1346 2812 1521 2855 tamen
1564 2808 1873 2864 mortalium
1906 2812 2136 2878 amabat,
2172 2829 2336 2885 seque

769 2888 941 2953 ipsum
978 2890 1121 2943 verbi
1154 2893 1456 2947 ministerio
1488 2898 1760 2955 servabat.

1357 3006 1585 3065 CAPUT
1620 3012 1733 3066 ΧἸΙ.

840 3112 1005 3169 Vens.
1040 3119 1089 3170 l.
1121 3137 1138 3169 ι
1168 3116 1396 3173 Gloriari
1417 3136 1543 3176 vero
1572 3126 1908 3193 nonfexpedit
1938 3131 2090 3185 mihi.
2112 3132 2332 3188 Veniam

2447 604 2507 654 ού
2534 604 2821 675 ψεύδομαι.
2859 627 2877 660 ι
2928 610 3028 662 Ἐπ
3103 612 3281 666 οὐδενῖ⁹
3323 614 3435 667 τῶν
3497 615 3783 686 προτέρων
3838 619 4028 671 διαδε-

2448 694 2679 749 6αίωσίν
2730 716 2851 753 τινα
2884 705 3287 772 ποιησάμενος,
3333 706 3569 760 ἐνταῦθα
3612 709 4030 763 διαϐεϐαιοῦται

2447 790 2541 842 καὶ
2577 791 2863 846 πιστοῦται
2890 810 2903 823 ·
2948 796 3078 859 ῐσως
3112 796 3247 850 διότι
3280 799 3635 869 ἀρχαιότερον
3658 795 3726 869 ἦν
3760 804 3852 855 καὶ
3885 804 4024 872 ἁδηο

2444 880 2683 951 λότερον.
2731 883 2910 938 Τάλλα
2938 886 2985 917 ’³
3014 887 3070 939 δὲ
3122 891 3217 942 καὶ
3270 892 3456 957 αὐτοῖς
3504 892 3777 964 γνώριμα,
3820 890 3938 948 οἷον
3990 899 4025 966 η

2444 974 2709 1044 μέριμνα,
2746 977 2839 1029 καὶ
2873 980 2943 1032 τὰ
2980 978 3166 1037 λοιπά..

2521 1085 2539 1117 ι
2591 1069 2679 1119 Ἑν
2707 1071 2986 1143 Δαμασκῷ
3010 1074 3038 1126 6
3063 1074 3334 1146 ἐθνάρχης
3374 1079 3571 1148 Ἀρέτα
3614 1080 3709 1133 τοῦ
3746 1081 4023 1151 βασιλέως

2442 1160 2698 1231 ἐφρούρει
2720 1164 2818 1232 τὴν
2853 1168 3228 1237 Δαμασκηνῶν
3263 1170 3437 1233 πόλιν,
3462 1173 3653 1226 πιάσαι
3692 1192 3757 1243 με
3784 1175 4013 1232 θέ).ων.ι

2444 1251 2585 1323 Ὅρα
2639 1255 2730 1307 τὸν
2782 1257 3036 1328 πόλεμον,
3076 1261 3223 1326 ὅσος,
3272 1264 3326 1316 εί
3348 1280 3411 1333 γε
3462 1264 3531 1318 δι’
3563 1266 3724 1319 αὐτὸν
3753 1270 4017 1338 ἐφρούρει

2445 1348 2545 1416 τὴν
2587 1348 2742 1400 πόλιν
2776 1350 2804 1401 ὀ
2849 1350 3066 1420 ἆρχων’
3107 1355 3324 1419 πάντως
3372 1358 3425 1411 δὲ
3464 1359 3561 1411 ούκ
3629 1360 3694 1413 ἂν
3747 1360 3895 1414 οὕτω
3943 1363 4017 1413 δι-

2442 1436 2621 1489 έκειτο
2648 1441 2676 1491 6
2712 1440 3003 1510 ἐθνάρχης,
3047 1446 3093 1495 εἰ
3130 1446 3201 1515 μὴ
3231 1450 3258 1500 ὀ
3293 1450 3505 1503 Παύλου
3530 1451 3688 1521 ζῆλος
3712 1454 4017 1523 έπυρπόλει

2440 1528 2509 1579 τὰ
2535 1528 2733 1583 πάντα.
2780 1532 3046 1605 Πενθερδς
3071 1536 3128 1590 δὲ
3176 1537 3421 1610 Ἡρώδου
3452 1544 3479 1595 6
3513 1544 3757 1613 Ἀρέτας.

3989 1824 4014 1835 ο

2519 1826 2536 1858 ι
2576 1809 2684 1862 Καὶ
2713 1809 2799 1863 διὰ
2832 1811 3046 1880 θυρίδος
3083 1814 3140 1866 ἐν
3178 1816 3423 1889 σαργάνῃ
3465 1819 3768 1890 ἐχαλάσθην
3800 1823 3890 1876 διὰ
3924 1824 4017 1877 τεῦ

2438 1903 2671 1970 τείχους,
2700 1904 2790 1957 καὶ
2812 1902 3077 1972 ἐξέφυγον
3111 1907 3208 1968 τὰς
3239 1912 3427 1979 χεῖρας
3459 1913 3641 1966 αὐτοῦ.
3681 1933 3699 1964 ι
3730 1915 4015 1983 Ἐξέφυ-ςε,

2438 1993 2768 2045 Δεσποτικὸν
2816 1994 2978 2063 νόμον
3028 1996 3286 2066 πληρῶν·
3326 2000 3416 2050 καὶ
3463 2003 3570 2066 γὰρ
3617 2004 3708 2054 καὶ
3750 2004 3778 2053 ὀ
3814 2005 4018 2071 Κύριος

2443 2085 2735 2152 μεθίστατο
2766 2086 2828 2137 ἐκ
2874 2088 3041 2139 τόπου
3081 2092 3160 2150 εἰς
3189 2090 3385 2142 τόπονο
3430 2094 3490 2144 ού
3527 2093 3632 2163 γαρ
3668 2094 4021 2165 ἐπιρῤίπτειν

2439 2178 2665 2238 ἑαυτοὺς
2695 2181 2803 2240 τοῖς
2838 2184 3166 2249 πειρασμοῖς
3191 2183 3291 2238 δεῖ,
3331 2184 3498 2237 Ἔνθα
3541 2186 3639 2253 μὲν
3667 2184 3765 2239 οὖν
3796 2189 4020 2255 ἄφυκτα

2436 2271 2502 2320 τὰ
2532 2271 2695 2334 κακὰ,
2722 2269 2816 2322 τοῦ
2844 2270 2979 2323 Θεοῦ
3011 2273 3089 2324 δεῖ
3123 2276 3301 2342 μόνον,
3334 2278 3427 2330 καὶ
3455 2278 3583 2349 παρ’
3605 2280 3818 2332 ἐκείνου
3851 2282 4018 2350 μόνον

2437 2360 2699 2429 ζητητέον
2748 2364 2843 2415 καὶ
2882 2367 3245 2434 ἀναμενετέον
3280 2371 3380 2437 τὴν
3425 2369 3723 2441 λύτρωσιν·
3780 2372 3907 2426 ἔνθα
3958 2376 4019 2427 δὲ

2438 2452 2749 2521 σύμμετρος
2780 2456 2808 2507 6
2844 2457 3169 2526 πειρασμὸς,
3207 2460 3301 2511 καὶ
3330 2460 3539 2513 οἴκοθέν
3570 2480 3621 2515 τι
3656 2464 3975 2533 ἐπινοητέον
3997 2480 4019 2499 ο

2435 2543 2513 2612 τῷ
2550 2542 2669 2612 Θεῷ
2710 2543 2894 2612 μέντοι
2932 2548 3025 2600 καὶ
3054 2548 3196 2602 οὕτω
3237 2550 3299 2603 τὸ
3329 2552 3436 2603 πᾶν
3467 2552 3779 2619 ἀναθετέον,
3819 2554 4017 2625 ῶσπερ

2435 2633 2498 2702 δὴ
2534 2630 2625 2687 καλ⁵
2653 2631 2807 2699 οὗτος
2842 2639 2900 2691 ἐν
2947 2642 3192 2711 σαργάνῃ
3235 2643 3510 2711 διέφυγεν.
3542 2646 3602 2698 Εἰ
3632 2648 3741 2715 γὰρ
3778 2650 3872 2700 καὶ
3911 2649 4016 2701 σὺν

2433 2727 2656 2796 Χριστῷ
2686 2726 2826 2781 εἶναι
2856 2731 3140 2799 ἐπεθύμει,
3172 2734 3309 2787 ἀλλὰ
3340 2736 3435 2788 καὶ
3464 2739 3562 2806 τῆς
3591 2738 3869 2807 σωτηρίας
3898 2740 4016 2795 τῶν

2435 2816 2739 2887 ἀνθρώπων
2764 2819 2893 2889 ἦρα,
2924 2823 3015 2874 καὶ
3040 2822 3117 2893 τῷ
3144 2824 3458 2894 κηρύγματι
3480 2827 3669 2881 ἐαυτὸν
3692 2830 3898 2901 ἐτήρει.

3022 3007 3272 3062 ΚΕΦΑΛ.
3309 3009 3409 3063 ῙΒ’.

2513 3134 2531 3167 ι
2570 3117 2891 3187 Καυχᾶσθαι
2931 3119 2987 3172 δέ
3017 3122 3077 3173 ού
3112 3123 3380 3193 συμφέρει
3413 3140 3534 3195 μοι’
3568 3125 3857 3197 ἐλεύσομαι
3898 3130 4013 3199 γὰρ

775 3206 916 3255 enim
952 3206 1016 3257 ad
1048 3208 1284 3262 visiones
1313 3218 1366 3263 et
1400 3213 1749 3270 revelationes
1782 3218 2009 3274 Domini.
2045 3240 2063 3271 ι
2102 3222 2233 3288 Quia
2266 3223 2331 3279 ad
2360 3199 2402 3259 ο
2436 3226 2450 3261 ε

2360 3199 2402 3259 C
2436 3210 2515 3272 είς
2544 3210 2805 3274 ὀπτασίας
2832 3212 2926 3281 καὶ
2950 3213 3319 3285 ἀποκαλύψεις
3357 3217 3582 3286 Κυρίου.
3617 3236 3636 3270 ι
3683 3217 3901 3290 Ἐπειδὴ
3928 3223 4014 3284 είς

771 3296 926 3347 altam
952 3297 1285 3363 gloriationis
1310 3300 1537 3356 formam
1564 3308 1776 3372 transit,
1811 3324 1928 3378 quae
1954 3311 2130 3381 ipsum
2153 3316 2334 3383 splen-

767 3386 947 3438 didum
971 3388 1218 3453 faciebat,
1248 3392 1631 3448 revelationum
1669 3398 1940 3465 nimirum,
1968 3401 2080 3457 Non
2098 3408 2334 3473 expedit,

774 3477 969 3543 inquit,
1027 3480 1153 3534 mibi
1216 3483 1336 3548 hoc,
1371 3501 1438 3538 ne
1469 3502 1553 3541 me
1583 3488 1647 3541 ad
1698 3494 2059 3560 arrogantiam
2103 3497 2331 3552 attollat.

769 3570 905 3632 Quid
937 3587 1061 3625 vero
1088 3575 1129 3626 si
1157 3588 1259 3627 nan
1291 3577 1476 3631 dicas?
1500 3596 1677 3635 nonne
1701 3592 1875 3638 tamen
1908 3585 1995 3638 illa
2030 3589 2205 3642 nosti?
2230 3588 2333 3645 Sed

770 3677 873 3712 non
920 3679 1067 3730 irque
1100 3665 1395 3733 elferimur,
1429 3685 1549 3724 cum
1586 3674 1681 3741 ipsi
1711 3690 1771 3728 ea
1808 3678 1947 3743 apud
1982 3694 2077 3733 nos
2130 3696 2332 3749 cogno-

769 3755 989 3817 scimus,
1030 3767 1189 3825 atque
1222 3775 1341 3813 cum
1390 3764 1454 3815 ad
1496 3764 1627 3818 alios
1673 3768 2011 3833 proferimus,
2051 3782 2105 3825 et
2161 3775 2333 3827 mani-

778 3848 1053 3900 I'vstamus.
1096 3849 1219 3903 "me
1280 3862 1458 3906 autem
1495 3871 1597 3909 non
1635 3858 1788 3922 dixit,
1850 3875 1945 3913 ceu
1980 3862 2092 3929 ipse
2118 3864 2185 3916 sit
2219 3879 2335 3933 pas-

769 3953 926 3989 surus
954 3940 1148 4008 aliquid
1180 3944 1506 4010 hujusmodi,
1544 3950 1634 4001 sed
1676 3962 1733 4001 ut
1766 3952 1973 4005 erudiat
2006 3968 2121 4018 nos,
2150 3964 2207 4008 nt
2234 3958 2330 4009 ltu-

762 4028 993 4091 jusmodi
1030 4035 1167 4097 apud
1224 4048 1323 4088 nos
1378 4037 1476 4103 ipsi
1518 4041 1909 4095 centineamus.
1949 4042 2084 4108 Quin
2137 4056 2192 4098 et
2225 4049 2326 4100 alia

769 4122 975 4173 ratione
996 4136 1011 4174 :
1036 4123 1181 4174 «Non
1211 4130 1513 4191 conducit,»
1554 4146 1622 4182 ne
1644 4133 1762 4195 quis
1789 4148 1872 4186 me
1902 4137 2155 4202 majorem
2182 4139 2327 4191 arbi-

769 4220 939 4262 It'elut'
969 4228 1126 4278 quam
1169 4216 1309 4269 videt
1341 4232 1423 4270 me
1453 4236 1465 4274 :
1495 4220 1543 4271 id
1584 4224 1723 4287 quod
1762 4224 1813 4274 in
1847 4239 2127 4293 progressu
2174 4228 2326 4283 dicit.

768 4293 1165 4366 l’seudapostoli
1206 4304 1347 4356 enim
1401 4307 1609 4361 etiamsi
1665 4310 1794 4363 nihil
1831 4313 2113 4379 haberent,
2148 4317 2331 4386 loque-

772 4388 964 4439 lantnr
995 4399 1189 4445 tamen.
1228 4392 1324 4447 llic
1376 4411 1500 4450 vero
1534 4411 1730 4462 noster,
1781 4404 1990 4457 etiamsi
2024 4408 2218 4460 multas
2251 4412 2328 4462 vi-

766 4478 945 4531 siones
975 4479 1181 4535 Domini
1211 4495 1264 4536 et
1295 4490 1649 4545 revelationes
1678 4493 1919 4559 haberet,
1952 4498 2109 4553 unius
2150 4510 2325 4555 tamen

766 4572 1094 4625 solummodo
1128 4577 1385 4641 tnetninit,
1412 4580 1633 4647 ejusque
1661 4584 1878 4641 invitus.
1913 4587 2138 4645 Noveris
2168 4609 2327 4661 porro

766 4660 904 4721 tpind
946 4666 1200 4717 revelatio
1234 4668 1406 4736 majus
1442 4674 1719 4741 quidpiam
1758 4678 1917 4733 habet
1944 4697 2101 4748 quam
2152 4660 2324 4742 visio:

769 4749 879 4803 hec
912 4757 1050 4806 enim
1082 4764 1451 4815 tantummodo
1490 4768 1666 4819 videre
1706 4769 1833 4821 facit
1865 4788 1877 4822 :
1915 4774 2167 4829 revelatio
2202 4792 2329 4831 vero

765 4844 929 4898 altius
953 4850 1199 4913 quiddam
1234 4868 1393 4919 quam
1423 4856 1654 4922 videtur,
1693 4861 1943 4916 demtdat.

845 4934 1003 4994 Vens.
1035 4939 1088 4992 ‘2.
1126 4961 1144 4992 ι
1189 4942 1313 4998 Scio
1354 4947 1622 5003 hominem
1661 4953 1711 5004 in
1752 4953 1966 5009 Christo
1996 4968 2118 5013 ante
2159 4975 2330 5019 annos

765 5031 1188 5094 quatuortlccim.
1228 5056 1254 5081 ιο
1296 5035 1478 5105 Neque
1516 5043 1751 5094 omnium
1797 5046 2177 5104 revelationum
2212 5070 2327 5109 tne-

769 5119 918 5171 tninit
948 5122 1243 5190 (molestus
1284 5129 1427 5182 enim
1476 5132 1661 5188 fuisset
1699 5154 1711 5190 :
1743 5155 1864 5191 naut
1898 5143 2075 5198 multa:
2099 5158 2252 5201 erant
2280 5150 2324 5217 ),

768 5222 941 5273 neque
975 5224 1160 5266 oumes
1211 5216 1433 5270 reticet:
1478 5221 1571 5272 sed
1606 5223 1683 5274 vel
1714 5224 1934 5290 invitus,
1974 5230 2039 5283 de
2064 5247 2166 5285 una
2212 5216 2326 5290 sola

772 5300 1023 5365 loquitur,
1058 5314 1115 5355 ut
1147 5305 1342 5360 indicet
1373 5311 1509 5377 quod
1535 5322 1589 5365 et
1620 5315 1773 5383 hujus
1802 5316 1971 5373 invito
2005 5322 2323 5381 mentionem

772 5389 982 5442 fecerit.
1031 5394 1244 5449 Addidit
1291 5410 1489 5465 autem,
1528 5421 1546 5452 ι
1590 5402 1643 5456 In
1702 5406 1937 5470 Christo,
1977 5430 1994 5462 ι
2031 5428 2097 5467 ne
2151 5416 2329 5470 dicant

769 5485 1157 5551 pseudapostoli
1178 5490 1315 5555 quod
1345 5508 1371 5543 a
1420 5493 1655 5550 dremoue
1686 5497 1754 5550 sit
1782 5501 1999 5565 perinde
2029 5516 2212 5572 raptus
2242 5519 2327 5560 at-

767 5585 870 5638 que
925 5576 1129 5629 Simon.
1172 5577 1357 5647 Neque
1412 5594 1605 5650 prmter
1656 5588 1918 5643 rationem
1977 5600 2185 5663 temptis
2245 5608 2327 5652 est

2356 4540 2409 4601 D

2436 3302 2623 3372 ἕτερον
2680 3297 2819 3366 εἶδος
2872 3308 3194 3374 καυχήσεως
3251 3308 3603 3377 μεταϐαίνει,
3657 3311 3793 3382 ὅπερ
3845 3313 4014 3365 αὑτὸν

2438 3395 2606 3447 ἐποίει
2632 3394 2900 3464 λαμπρὸν,
2935 3396 2995 3449 τὸ
3018 3398 3541 3467 τῶνάποκαλύῴεων,
3568 3405 3856 3473 φησὶνηότι
3890 3423 3907 3456 ι
3928 3405 4011 3458 Οὐ

2438 3487 2706 3555 συμφέρει
2754 3505 2842 3558 μοι
2876 3507 2894 3539 ι
2934 3489 3110 3552 τοῦτο,
3133 3490 3216 3543 ἵνα
3242 3492 3313 3560 μή
3338 3509 3403 3560 με
3424 3494 3505 3555 είς
3524 3496 3781 3548 ἀπόνοιαν
3802 3498 4010 3568 ἐπάρῃ.

2434 3579 2499 3630 Τί
2543 3580 2600 3631 δέ
2630 3580 2724 3631 ἐὰν
2761 3580 2833 3648 μὴ
2882 3580 3069 3650 εἴπῃςς
3110 3582 3207 3635 οὐκ
3260 3580 3410 3647 οἶδας
3454 3589 3603 3655 ὅμως
3644 3590 3817 3651 αὐτάς
3866 3592 4015 3643 ‘AD.’

2434 3671 2531 3737 οὐχ
2564 3670 2765 3739 ὁμοίως
2800 3674 3140 3743 ἐπαιρόμεθα
3170 3676 3322 3728 αὐτοὶ
3368 3677 3569 3741 ειδότες
3601 3680 3762 3742 αύτᾶι,
3796 3684 3890 3733 καὶ
3926 3685 4013 3745 εἱς

2435 3761 2695 3830 ἀλλήλους
2717 3763 2766 3797 ⁸⁸
2791 3767 3132 3834 ἐκφέροντες.
3158 3767 3341 3820 Ταῦτα
3366 3769 3420 3820 δὲ
3443 3769 3609 3836 λέγει,
3631 3772 3726 3839 οὐχ
3745 3772 3820 3832 ὠς
3843 3774 4013 3835 αὐτὸς

2439 3853 2651 3923 μέλλων
2686 3855 2876 3908 παθεῖν
2902 3875 2952 3908 τι
2992 3858 3253 3921 τοιοῦτον,
3289 3858 3407 3911 ἀλλ’
3446 3862 3594 3929 ἡμᾶς
3637 3862 3911 3915 παιδεύων
3938 3869 4013 3918 τὰ

2432 3945 2658 3999 τοιαῦτα
2699 3946 2829 4016 παρ’
2865 3948 3078 4011 ἐαυτοῖς
3109 3950 3380 4018 κατέχειν.
3421 3951 3531 4002 Καὶ
3561 3951 3735 4013 ἄλλως
3765 3953 3842 4015 δὲ,
3892 3975 3907 4004 ι
3930 3957 4011 4006 Ub

2434 4037 2722 4106 συμφέρει,
2758 4055 2777 4089 ι
2816 4038 2902 4091 ἴνα
2931 4041 3003 4109 μή
3033 4057 3114 4103 τις
3152 4058 3219 4108 με
3250 4043 3446 4113 νομίσῃ
3474 4042 3615 4111 ὑπὲρ
3642 4044 3670 4095 ὃ
3699 4043 3884 4112 βλέπει
3914 4065 4005 4115 με.

2434 4126 2502 4178 '0
2531 4129 2622 4179 καὶ
2662 4128 2972 4182 ύποκατιὼν
3001 4131 3169 4198 λέγει.
3204 4133 3265 4184 ΟΞ
3317 4134 3423 4202 γὰρ
3457 4136 3881 4202 ψευδαπὲστολοι
3914 4144 4009 4193 καὶ

2435 4215 2601 4283 μηδὲν
2632 4218 2847 4285 ἔχοντες
2875 4220 3087 4286 ἔλεγον·
3135 4213 3288 4284 οὗτος
3329 4224 3384 4275 δὲ
3421 4226 3597 4276 καίτοι
3631 4226 3834 4289 πολλὰς
3867 4230 4009 4297 ἔχων

2432 4306 2694 4370 ὀπτασίας
2716 4310 2922 4379 Κυρίου
2945 4313 3038 4363 καὶ
3058 4314 3447 4383 ἀποκαλύψεις,
3472 4316 3618 4384 ὅμως
3644 4320 3771 4385 μιᾶς
3793 4324 4009 4390 μέμνη-

2432 4419 2557 4467 ται,
2611 4406 2705 4457 καὶ
2749 4407 2953 4475 ταύτης
2986 4408 3154 4461 ἄκων.
3200 4408 3335 4462 Ἴσοι
3371 4411 3426 4462 δὲ
3458 4413 3602 4481 ὅτιὴ
3655 4416 4008 4485 ὰποκάλυιξις

2436 4492 2596 4547 πλέον
2640 4511 2692 4547 τι
2727 4496 2838 4564 ἔχει
2860 4497 2905 4529 ⁸⁸
2942 4498 3040 4567 τῆς
3087 4499 3373 4562 ὀπτασίας.
3443 4500 3505 4553 Ἦ
3545 4502 3640 4568 μὲν
3679 4505 3789 4573 γὰρ
3842 4508 4007 4572 μν;·.ον

2436 4586 2654 4655 βλέπειν
2684 4588 2898 4642 δίδωσιν
2918 4606 2933 4621 ·
2965 4591 3103 4660 αὕτη
3136 4593 3191 4644 δὲ
3220 4594 3309 4645 καί
3339 4609 3390 4644 τι
3421 4593 3715 4665 βαθύτερον
3751 4599 3843 4649 τοῦ
3870 4601 4005 4668 ὁρω-

2436 4679 2596 4750 μένου
2624 4681 2951 4751 ἀπογυμνοῖ.

2509 4976 2528 5009 ι
2568 4955 2698 5011 Οἶδα
2740 4958 3026 5032 ἄνθρωπον
3058 4962 3115 5013 ἐν
3154 4962 3377 5033 Χριστῷ
3408 4965 3513 5035 πρὸ
3557 4966 3691 5019 ἐτῶν
3735 4968 3997 5023 δεκατεσ-

2434 5049 2635 5119 σάρων.
2672 5067 2690 5099 ι
2728 5048 2866 5101 Οὔτε
2900 5051 3089 5103 πασῶν
3118 5053 3228 5104 τῶν
3274 5054 3673 5125 ἀποκαλύψεων
3719 5060 3998 5128 μέμνηται

2431 5137 2719 5207 (φορτικὸς
2746 5142 2851 5208 γὰρ
2880 5140 2944 5192 ἂν
2964 5141 3009 5171 ⁹⁶
3032 5137 3119 5210 ἦν,
3153 5143 3361 5196 πολλῶν
3397 5147 3625 5214 οὐσῶν),
3659 5148 3784 5201 οὔτε
3819 5153 3997 5215 πασας

2427 5232 2799 5301 παρασιωπᾷ·
2831 5233 2965 5285 ἀλλά
3006 5234 3099 5285 καὶ
3142 5236 3219 5303 μὴ
3250 5236 3439 5301 θέλων,
3480 5239 3623 5307 λέγει
3662 5244 3788 5310 περὶ
3826 5244 3999 5311 μόνης

2431 5323 2578 5390 μιᾶς,
2618 5322 2702 5373 ἵνα
2749 5322 2897 5392 δείξῃ
2926 5325 3006 5376 ὅτι
3038 5325 3185 5378 ἄκων
3234 5328 3326 5378 καὶ
3357 5330 3559 5399 ταύτης
3593 5333 3889 5401 μέμνηται.
3926 5336 3999 5387 Τὸ

2426 5412 2501 5477 δὲ,
2550 5432 2568 5463 ι
2615 5415 2701 5466 Ἐν
2730 5416 2974 5485 Χριστῷ,
3008 5435 3025 5467 ι
3073 5418 3433 5488 προσέθηκεν,
3477 5423 3558 5474 ἵνα
3593 5424 3665 5492 μὴ
3692 5425 3924 5478 εἴπωσιν
3949 5426 3994 5478 οξ

2426 5505 2871 5574 ψευδαπόστολοι,
2921 5509 2999 5561 ὅτι
3033 5509 3139 5562 ὑπὸ
3181 5511 3452 5579 δαιμόνων
3482 5514 3707 5585 ἡρπάγη
3748 5517 3825 5577 ὡς
3853 5520 3879 5569 ξ.
3906 5518 3995 5569 Σί-

2432 5618 2567 5668 μων.
2599 5601 2712 5653 Οὐκ
2741 5601 2947 5671 ἀλόγως
2980 5602 3035 5656 δὲ
3067 5605 3187 5658 οὐδὲ
3222 5608 3249 5659 ὀ
3294 5608 3482 5679 χρόνος
3522 5611 3877 5681 πρόσκειται·
3911 5613 3993 5664 ἶνα

2068 5734 2260 5795 Variae
2290 5738 2622 5801 lectiones.

834 5843 879 5873 ἐ’
912 5843 1073 5898 ξαντα
1108 5866 1156 5900 υ.
1238 5853 1279 5882 ει
1317 5848 1504 5915 ἄλλους
1546 5872 1613 5907 ιιι.
1698 5858 1734 5889 ⁸⁸³
1773 5875 1882 5909 LJV.
1917 5877 1965 5915 υ.

2043 5862 2089 5891 ⁸⁸
2121 5866 2371 5934 φορτικὸν
2400 5867 2509 5937 γὰρ
2609 5882 2661 5919 0.
