4242 6462
730 389 831 457 931
1610 369 2187 437 THEOPHYLACTI
2234 369 2646 431 BULGARLE
2684 372 3041 435 ARCHIEP.
3864 372 3987 435 932

728 518 850 573 qua:
881 494 1154 563 incognita
1210 505 1330 543 cum
1367 489 1499 550 sint,
1532 502 1631 539 nec
1681 488 1803 538 ullis
1862 486 2041 537 verbis
2069 483 2300 549 exprimi
2334 486 2377 542 Α

2346 486 2377 542 Α
2407 481 2702 553 διατρίϐων
2728 497 2740 510 ·
2781 481 2816 535 ὃ.
2845 485 3101 550 ἄγνωστα
3146 482 3278 537 ὄντα
3309 484 3403 539 καὶ
3436 485 3676 556 ἆρῥητα.
3711 487 3759 537 εἰ
3810 486 3887 552 μή
3923 502 4021 547 τις

730 594 959 666 possint,
986 588 1087 642 nisi
1112 587 1404 638 humanam
1436 581 1555 649 quis
1584 578 1846 632 vilitatem
1884 575 2303 640 transcenderit,

734 698 1009 752 nunquam
1043 676 1391 731 intellexerit.

804 779 970 831 Vens.
1009 772 1061 826 5.
1105 789 1122 821 ι
1156 769 1229 823 De
1258 769 1344 821 tali
1387 766 1681 835 gloriabor.
1712 784 1728 816 ι
1769 763 1903 817 Vide
1930 761 2046 829 ejus
2088 760 2309 815 humili-

733 880 922 929 tatem,
977 862 1245 930 quomodo
1297 869 1551 925 tanquam
1607 860 1672 910 de
1713 856 1817 908 alio
1843 855 1957 907 hzcc
1984 861 2305 907 recenseat:

736 976 754 1007 ι
793 955 869 1008 De
922 952 1016 1006 tali
1064 970 1081 1003 ι
1113 950 1296 1010 enim,
1358 947 1562 1015 inquit,
1611 960 1628 993 ι
1670 944 1962 1013 gloriabor.
2002 959 2020 992 ι
2081 940 2303 993 Atenim

731 1049 884 1117 cujus
913 1048 1107 1113 gratia,
1142 1042 1185 1095 si
1222 1042 1362 1092 alius
1398 1050 1580 1101 raptus
1626 1048 1731 1101 est,
1769 1048 1820 1087 ιιι
1862 1033 2151 1103 gloriaris?
2189 1031 2308 1086 Ma-

733 1141 985 1196 nifestum
1019 1148 1102 1189 est
1142 1138 1324 1200 itaque
1356 1130 1496 1196 quod
1528 1130 1627 1181 ista
1657 1131 1721 1181 de
1758 1130 1936 1195 seipso
1962 1128 2125 1179 dicat.

804 1232 960 1302 311
1007 1247 1027 1280 ‹
1071 1226 1143 1279 De
1182 1228 1384 1293 meipso
1433 1235 1611 1275 autem
1654 1237 1757 1275 non
1816 1222 2108 1287 gloriabor.
2149 1237 2166 1269 ι
2206 1218 2305 1273 Vel

732 1326 856 1394 quia
895 1339 1016 1376 cum
1056 1323 1349 1375 necessitas
1391 1332 1493 1368 non
1526 1317 1615 1379 sit,
1653 1315 1783 1367 nihil
1836 1314 1938 1367 tale
1990 1312 2310 1379 simpliciter

735 1435 797 1472 ac
827 1430 1030 1471 temere
1057 1417 1231 1467 dicant
1262 1428 1275 1461 :
1301 1411 1384 1463 vel
1414 1412 1697 1463 obscuram
1726 1407 1957 1460 reddens
1980 1406 2304 1473 orationem,

2413 575 2642 645 ἐκϐαίνῃ
2700 576 2799 645 τὴν
2848 575 3200 647 ἀνθρωπίνην
3254 579 3556 642 εὑτέλειαν,
3616 579 3719 631 οὐκ
3773 578 3841 630 ἄν
3877 593 4022 629 ποτε

2411 666 2645 730 δέξαιτο.

2487 781 2503 812 ι
2564 762 2734 830 ’Υπὲρ
2769 761 2861 813 τοῦ
2887 761 3132 813 τοιούτου
3166 764 3539 831 καυχήσομαι.
3582 785 3599 815 ι
3634 762 3803 816 Βλέπε
3832 762 4017 817 αὑτοῦ

2411 852 2469 905 τὸ
2492 853 2716 919 ἄτυφον,
2742 853 2860 915 πῶς
2886 854 2960 914 ὡς
2986 856 3112 921 περὶ
3147 854 3334 922 ἑτέρου
3354 856 3495 916 τινος
3523 854 3661 907 αὐτὰ
3702 856 4011 923 διηγεῖται.

2419 963 2437 995 t
2487 944 2659 1016 ’Υπὲρ
2691 945 2783 997 τοῦ
2816 946 3061 998 τοιούτου
3094 965 3111 996 ι
3149 947 3277 1015 γὰρ,
3308 948 3476 1016 φησι,
3513 965 3531 997 ι
3562 949 3945 1017 καυχήσομαι.
3986 965 4007 999 ι

2410 1038 2603 1091 Καίτοι
2638 1038 2782 1100 τίνος
2828 1039 3037 1099 ἕνεκεν,
3080 1041 3130 1091 εἰ
3184 1040 3340 1103 ἄλλος
3374 1041 3622 1110 ἡρπάγη,
3665 1041 3732 1093 σὺ
3779 1042 4012 1110 καυχᾷ;

2411 1132 2571 1182 Ὠστε
2601 1131 2760 1200 δῆλον
2793 1134 2873 1184 ὅτι
2906 1133 3038 1202 περὶ
3071 1133 3269 1186 ἐαυτοῦ
3304 1132 3473 1186 ταῦτα
3502 1134 3673 1201 λέγει.

2485 1242 2503 1273 ι
2551 1225 2726 1293 ’Υπὲρ
2786 1226 2844 1277 δε
2894 1224 3134 1293 ἐμαυτοῦ
3183 1227 3243 1278 οὑ
3280 1230 3649 1296 καυχήσομαι.
3691 1246 3709 1279 ι
3773 1228 3847 1279 Ἢ
3910 1228 3997 1279 ὅτι

2408 1317 2657 1385 ἀνάγκης
2689 1317 2788 1368 οὐκ
2823 1316 3017 1386 οὔσης,
3048 1318 3201 1370 οὐδὲν
3230 1319 3472 1372 τοιοῦτον
3497 1319 3685 1381 ἁπλῶς
3750 1319 3851 1372 καὶ
3875 1319 4007 1387 είκῆ

2410 1408 2552 1475 ἐρῶ·
2592 1407 2624 1476 ἧ
2676 1407 2989 1472 συσκιάζων
3028 1409 3119 1461 τὸν
3168 1408 3349 1477 λόγον,
3395 1410 3472 1473 ὡς
3509 1411 3766 1480 ἐγχωρεῖ,
3823 1410 4010 1464 ταῦτα.

735 1518 792 1562 ut
824 1510 936 1560 lit-ri
978 1516 1168 1570 potest.
1209 1509 1319 1554 hazc
1353 1502 1505 1553 dicit.

812 1620 829 1651 ι
868 1599 980 1651 Nisi
1010 1602 1061 1649 in
1093 1594 1493 1648 inlirtnitatilnts
1522 1591 1675 1644 meis.
1711 1608 1727 1641 l
1768 1590 1877 1644 lloc
1923 1597 2025 1651 est.
2075 1590 2127 1642 ill
2171 1586 2307 1643 ami-

737 1695 1003 1746 ctionihus
1034 1698 1088 1740 et
1117 1684 1602 1754 persecutionibus.

809 1786 970 1835 \‘t-ttts.
1015 1784 1068 1834 ti.
1113 1800 1129 1830 ι
1175 1781 1305 1832 Nam
1340 1780 1381 1831 si
1413 1778 1631 1829 voluero
1669 1776 1911 1843 gloriari,
1956 1790 2061 1828 non
2090 1789 2184 1833 ero
2217 1774 2302 1829 in-

738 1880 937 1948 sipiens

738 1982 895 2021 antea
932 1969 1156 2019 dixisset
1186 1968 1553 2031 insipientiam
1608 1978 1726 2017 esse
1756 1963 1998 2028 gloriari,
2031 1976 2172 2015 nunc
2204 1963 2304 2029 ait,

741 2063 853 2115 Non
902 2076 992 2115 cro
1045 2061 1304 2127 insipiens
1354 2058 1400 2111 si
1451 2057 1757 2125 gloriabor?
1799 2056 1914 2110 Non
1964 2055 2308 2126 gloriationis

739 2170 899 2207 causa
956 2168 1101 2207 nunc
1166 2166 1225 2205 se
1287 2164 1392 2203 non
1451 2150 1791 2216 insipientem
1852 2148 1964 2203 fore
2021 2149 2179 2212 dixit,
2213 2148 2307 2203 sed

738 2250 862 2313 quia
907 2263 1012 2301 non
1074 2245 1409 2298 mentiretur.
1472 2242 1655 2297 Intulit
1690 2244 1832 2296 enim
1873 2259 1886 2294 :
1934 2260 1952 2292 ι
2010 2241 2303 2296 Veritatem

737 2340 881 2394 enim
932 2339 1127 2391 dicam.
1168 2354 1186 2388 ι
1220 2334 1364 2403 Ergo
1408 2346 1675 2404 quatenus
1719 2335 2009 2399 veridicus,
2060 2349 2165 2387 non
2213 2348 2309 2389 ero

742 2431 1019 2500 insipiens.

814 2539 834 2572 ι
873 2521 1043 2573 l'arco
1068 2528 1269 2580 autem,
1300 2531 1365 2571 ne
1389 2517 1508 2585 quis
1535 2516 1602 2571 de
1644 2531 1729 2570 me
1757 2515 2027 2571 existimet
2055 2530 2217 2584 supra
2254 2516 2307 2571 id

738 2613 879 2684 quod
915 2613 1057 2665 videt
1094 2613 1145 2664 in
1194 2625 1296 2674 me,
1335 2610 1415 2663 vel
1452 2609 1602 2662 audit
1645 2609 1844 2678 aliquid
1885 2624 1951 2664 ex
1984 2623 2088 2662 me.
2132 2626 2151 2660 ι
2187 2608 2313 2664 Haec

740 2717 825 2760 est
856 2706 1157 2760 certissima
1191 2719 1375 2765 causa,
1414 2720 1477 2756 ne
1516 2704 1758 2755 homines
1789 2718 1855 2755 ex
1892 2703 2008 2771 ipso
2045 2703 2207 2759 Deum
2234 2701 2313 2755 fa-

739 2802 921 2864 ciant;
948 2799 1149 2852 obeunt
1174 2797 1313 2850 enim
1343 2812 1452 2848 rem
1485 2794 1552 2848 tle
1575 2796 1751 2861 scipsu
1781 2808 1992 2861 semper
2015 2794 2182 2846 tacuit
2205 2810 2218 2846 :
2243 2806 2307 2849 ac

741 2894 785 2946 si
811 2895 1023 2960 quando
1051 2902 1270 2944 (tinctus
1296 2892 1365 2943 sit
1393 2891 1573 2943 dicere
1610 2890 1927 2957 quidquam,
1958 2889 2313 2944 adumbrabat

745 2984 893 3048 illud,
933 2998 997 3037 ne
1026 2984 1284 3047 majorem
1322 2986 1385 3036 dc
1422 2982 1537 3047 ipso
1570 2981 1814 3034 homines
1842 2981 2155 3050 opinionem
2188 2996 2314 3035 con-

744 3076 970 3144 cipiant.
1013 3076 1126 3127 bon
1164 3076 1307 3128 enim
1342 3075 1497 3136 dixit,
1535 3072 1611 3127 Ne
1639 3074 1762 3141 quis
1794 3074 1939 3127 dicat
1968 3074 2031 3127 de
2066 3088 2153 3128 me
2182 3114 2200 3132 .
2229 3089 2313 3128 ve-

2409 1498 2576 1551 λέγει.

2509 1515 2576 1551 ει.

2474 1515 2504 1643 ἶ
2543 1593 2602 1645 Ei
2633 1592 2707 1663 μὴ
2746 1594 2805 1644 ἐν
2833 1596 2955 1657 ταῖς
2993 1594 3306 1657 ἀσθενείαις
3344 1612 3467 1663 μου.
3507 1612 3527 1646 ι
3581 1595 3907 1661 Τουτέστιν,
3942 1598 4004 1649 ἐν

2408 1686 2529 1747 ταῖς
2568 1686 2835 1751 θλίψεσιν,
2868 1687 2926 1739 ἐν
2958 1689 3070 1749 τοῖς
3104 1686 3390 1756 διωγμοῖς.

2486 1796 2505 1829 ι
2573 1778 2699 1830 Ἐὰν
2746 1779 2854 1849 γὰρ
2903 1778 3117 1850 θελήσω
3186 1778 3588 1847 καυχήσασθαι,
3643 1780 3745 1833 οὑκ
3795 1780 4001 1851 ἔσομαι

987 1896 999 1930 :
1042 1877 1320 1928 veritatem
1372 1874 1513 1927 enim
1544 1872 1741 1925 dit-am.
1780 1890 1797 1921 ι
1834 1870 2129 1935 Quomodo,
2181 1884 2301 1921 cum
2338 1839 2376 1893 Β
2407 1871 2627 1938 ἄφρων·

2338 1839 2376 1893 Β
2407 1871 2595 1938 ἄφρων
2614 1886 2627 1900 ·
2662 1839 2923 1942 ἀληθειαν
2953 1839 3061 1942 γανρ
3088 1872 3216 1940 ἐρῶ.
3242 1891 3260 1924 ι
3442 1839 3664 1926 δπισθεν
3694 1839 4000 1939 simiam-6:;

2408 1965 2523 2016 ἐστι
2585 1964 2669 2034 τοι
2701 1967 3007 2034 καυχᾶσθαι
3055 1967 3358 2036 ἀφροσύνη,
3406 1966 3504 2019 νῦν
3544 1967 3712 2036 λέγει,
3750 1968 3832 2020 ὅτι
3885 1969 4003 2021 Οὑκ

2410 2054 2602 2123 ἔσομαι
2627 2058 2816 2125 ἄφρων
2847 2059 2945 2111 ἐὰν
2992 2060 3400 2129 καυχήσωμαις
3443 2059 3516 2112 Οὑ
3558 2060 3700 2112 κατὰ
3732 2060 3797 2112 τὸ
3858 2077 3998 2111 καυ-

2410 2152 2610 2219 χᾶσθαι
2639 2151 2733 2205 νῦν
2756 2149 2879 2205 εἷπε
2917 2153 2993 2223 μὴ
3024 2149 3165 2206 εἶναι
3203 2155 3416 2222 ἄφρων.
3469 2152 3607 2205 ἀλλὰ
3638 2154 3786 2206 κατὰ
3822 2154 3887 2205 τὸ
3917 2153 3993 2223 μὴ

2408 2244 2737 2313 ψεύσασθαι.
2770 2246 3051 2316 Ἑπήγαγε
3085 2248 3192 2316 γάρ
3220 2263 3235 2278 ·
3273 2265 3293 2299 ι
3342 2245 3631 2317 Ἀλήθειαν
3652 2248 3764 2318 γὰρ
3794 2247 3929 2318 ἐρῶ.
3971 2267 3991 2299 υ

2421 2336 2510 2401 Ὠς
2537 2336 2820 2408 ἀληθεύων
2858 2333 2952 2393 οὖν
2979 2339 3082 2392 οὑκ
3118 2340 3319 2409 ἔσομαι
3350 2340 3565 2411 ἄφρων.

2489 2536 2507 2569 ‹
2538 2516 2795 2587 Φείδομαι
2825 2518 2903 2583 δέ,
2967 2520 3131 2589 μήτις
3190 2522 3272 2585 είς
3305 2522 3407 2592 ἐμὲ
3445 2523 3735 2593 λογίσηται
3794 2526 3937 2595 ὑπὲρ
3971 2526 4002 2578 ὃ

2417 2609 2605 2679 βλέπει
2640 2627 2728 2680 με,
2760 2610 2793 2679 ἢ
2820 2610 3009 2665 ἀκούει
3037 2629 3089 2665 τι
3124 2612 3183 2679 ἐξ
3214 2616 3370 2685 ἐμοῦ.
3412 2634 3431 2667 ι
3466 2616 3616 2685 Δῦτη
3639 2618 3672 2685 ἠ
3708 2616 4002 2686 ὡμολογη-

2416 2701 2549 2771 μένη
2578 2702 2749 2765 αἰτία,
2774 2703 2863 2755 ἵνα
2895 2703 2969 2773 μὴ
2998 2705 3047 2757 οἱ
3073 2704 3351 2777 ἄνθρωποι
3382 2707 3779 2777 θεοποιήσωσιν
3805 2709 3999 2762 αὐτόν*

2411 2795 2499 2847 διὰ
2527 2794 2683 2848 τοῦτο
2712 2796 2823 2866 γὰρ
2846 2798 2933 2850 ἀεὶ
2964 2798 3131 2864 ἐσίγα
3150 2803 3280 2866 περὶ
3307 2800 3522 2852 ἑαυτοῦ·
3544 2802 3647 2855 κᾶν
3672 2815 3804 2855 ποτε
3828 2805 4006 2870 ἡναγ-

2416 2888 2591 2958 κάσθη
2629 2890 2803 2941 εἰπεῖν
2835 2907 2909 2952 τι,
2958 2892 3316 2956 συνεσκίαζεν
3347 2893 3367 2924 ⁸
3416 2893 3569 2956 αὑτὸ,
3631 2894 3718 2947 ῐνα
3756 2899 3830 2964 μὴ
3874 2893 4005 2963 μεί-

2416 2980 2545 3043 ζονα
2577 2982 2626 3034 oi
2684 2982 2964 3051 ἂνθρωποι
3024 2984 3155 3055 περὶ⁸
3209 2985 3377 3038 αὑτοῦ
3434 2986 3676 3040 λάϐωσιν
3710 2986 3922 3039 ἔννοιαν
3958 2988 4005 3038 ⁸.

2415 3074 2488 3126 Ob
2525 3073 2634 3143 γὰρ
2670 3068 2818 3137 εἶπε,
2869 3077 2961 3145 Μή
2996 3093 3080 3140 τις
3128 3078 3259 3149 εἴπῃ
3306 3079 3435 3148 περὶ
3490 3077 3648 3147 ἐμοῦ,
3702 3078 3846 3142 ἀλλ’,
3884 3078 4008 3131 Ἵνα

750 3183 893 3232 rum,
918 3167 996 3220 Nc
1028 3167 1281 3234 quiddam
1309 3166 1478 3232 majus
1505 3181 1662 3234 quam
1688 3179 1779 3234 par
1802 3165 1894 3231 sit,
1912 3166 1978 3220 de
2002 3180 2086 3220 mc
2107 3168 2324 3244 cogitet,
2354 3183 2396 3245 ο

2354 3183 2396 3245 C
2435 3166 2569 3235 μηδέ
2604 3168 2886 3236 λογίσηταί
2943 3185 2996 3221 τι
3058 3168 3241 3239 μεῖζον
3273 3169 3374 3239 τῆς
3415 3170 3573 3234 ἀξίας
3615 3188 3739 3241 μου.
3785 3171 3849 3224 Εἰ
3892 3173 4008 3242 γὰρ

747 3274 996 3315 menteve
1026 3259 1317 3328 concipiat.
1348 3259 1477 3311 Nam
1506 3260 1756 3325 sitauros
1781 3258 1830 3311 ei
1861 3269 2097 3313 mactare
2126 3258 2313 3314 volue-

745 3367 869 3408 runt
896 3364 1115 3421 propter
1150 3352 1436 3414 miracula,
1463 3352 1590 3419 quid
1619 3365 1725 3405 non
1752 3349 2030 3413 iecissent,
2058 3350 2103 3404 si
2147 3351 2311 3407 etiam

745 3446 1103 3499 revelationes
1138 3441 1538 3495 maniiestasset
1562 3440 1629 3493 ιζ)

822 3536 979 3589 Vens.
1010 3536 1061 3587 7.
1099 3553 1118 3585 ι
1163 3534 1227 3587 Ει
1259 3548 1324 3586 ne
1362 3532 1680 3587 excellentia
1716 3531 2105 3586 revelationum
2138 3532 2315 3587 extol-

746 3630 848 3691 lar,
887 3632 1045 3681 datus
1089 3636 1173 3681 est
1210 3627 1339 3680 mihi
1387 3626 1639 3681 Stimulos
1679 3624 1732 3679 in
1757 3639 1944 3689 carne,
1972 3626 2190 3695 angelus
2217 3625 2317 3681 Sa-

751 3735 909 3789 tanae,
959 3732 1017 3775 ut
1058 3734 1142 3774 me
1189 3720 1509 3787 colaphizet.
1562 3732 1629 3772 ne
1686 3718 1938 3772 extollar.
1990 3737 2009 3769 ι
2054 3719 2313 3788 Angelum

749 3816 986 3877 Satanae,
1038 3823 1094 3867 et
1133 3813 1430 3875 stimulum,
1483 3810 1723 3866 nonnulli
1765 3811 2173 3881 cephalalgiam,
2215 3812 2318 3868 hoc

748 3920 835 3965 est
884 3907 1079 3976 capitis
1101 3907 1363 3970 dolorem,
1395 3919 1424 3956 a
1452 3903 1668 3957 diabolo
1691 3902 1890 3956 factum
1917 3904 2313 3960 intellexerunt.

749 4004 819 4053 At
856 4001 996 4052 absit
1031 3998 1131 4051 hoc
1163 4015 1175 4049 :
1210 4011 1315 4049 non
1350 3996 1491 4047 enim
1534 3992 1682 4046 Pauli
1717 4008 1914 4059 corpus
1950 3994 2167 4047 diabolo
2202 4003 2317 4046 trar-

752 4099 921 4147 dnum
952 4103 1035 4144 est
1066 4108 1079 4144 :
1111 4090 1545 4159 quaiiqunidem
1574 4086 1771 4139 Paulus
1799 4086 1897 4152 ipsi
1928 4088 2104 4154 potius
2124 4086 2317 4155 przeci-

751 4187 954 4255 piebnt,
984 4184 1230 4250 finesque
1258 4177 1671 4250 pra-scribebat,
1696 4174 1911 4242 quando
1931 4174 2315 4229 fornicatorem

751 4279 999 4333 tradebat
1016 4276 1063 4327 ei
1085 4273 1151 4327 ad
1169 4274 1438 4325 interitum
1455 4270 1635 4322 carnis
1650 4275 1754 4329 1",
1773 4280 1870 4320 nec
1884 4280 2001 4321 eam
2016 4265 2103 4322 ille
2122 4274 2317 4320 metam

752 4367 1320 4441 prwtergrediebatur.
1345 4362 1482 4428 Quid
1518 4362 1683 4431 igitur
1713 4371 1796 4414 est
1819 4358 1980 4412 Satan
2002 4358 2024 4411 i
2045 4358 2318 4412 Adversa-

753 4459 866 4509 rius
890 4457 1086 4507 dicitur
1113 4453 1336 4505 llebrara
1363 4465 1509 4502 voce.
1537 4448 1726 4517 Angeh
1757 4448 1920 4518 igitur
1954 4447 2169 4502 Satanm
2192 4456 2319 4500 sunt

2430 3257 2720 3311 καταθύειν
2775 3257 2924 3328 αὑτῷ
2981 3258 3217 3329 ταύρους
3266 3261 3457 3330 ἧθελον
3484 3262 3574 3315 διὰ
3595 3265 3664 3316 τὰ
3689 3268 3917 3334 σημεῖα,
3949 3268 4008 3317 τί

2413 3355 2511 3407 οὐκ
2550 3356 2615 3408 ἂν
2646 3354 2902 3426 ἔδρασαν,
2932 3358 2982 3409 εί
3027 3357 3128 3411 καὶ
3152 3358 3253 3422 τὰς
3284 3359 3654 3429 ἀποκαλύψεις
3684 3361 3955 3432 ἐφανέρου
3984 3378 4005 3428 ;

2492 3550 2511 3582 ‹
2548 3533 2657 3584 Καὶ
2703 3535 2767 3603 τῇ
2825 3533 3100 3604 ὑπερϐολῇ
3153 3534 3262 3587 τῶν
3331 3536 3730 3606 ἀποκαλύψεων
3777 3540 3866 3592 ἵνα
3923 3543 4004 3612 μὴ

2418 3622 2827 3692 ὑπεραίρωμαι,
2859 3624 3017 3694 ἐδόθη
3063 3642 3154 3695 μοι
3187 3626 3390 3695 σκόλοψ
3426 3632 3493 3697 τῇ
3541 3630 3726 3701 σαρκὶ,
3767 3632 4006 3700 ἄγγελος

2417 3713 2614 3774 Σατᾶν,
2685 3715 2770 3768 ἴνα
2819 3733 2887 3785 με
2932 3718 3222 3789 κολαφίζῃ,
3255 3720 3344 3772 ἴνα
3386 3722 3461 3791 μὴ
3491 3724 3916 3794 ὑπεραίρωμαι.
3977 3746 3998 3777 ι

2421 3807 2684 3873 Ἀγγελον
2729 3809 2929 3872 Σατᾶν,
2989 3811 3086 3863 καὶ
3138 3813 3404 3877 σκόλοπα,
3436 3816 3581 3878 τινὲς
3608 3818 3998 3886 κεφαλαλγίαν

2417 3898 2674 3967 ἐνόμισαν
2730 3899 2836 3952 ὑπὸ
2893 3900 2989 3955 τοῦ
3028 3902 3277 3956 διαϐόλου
3337 3907 3656 3977 γινομένην.
3720 3910 3883 3961 Ἀλλὰ
3924 3911 4003 3979 μὴ

2418 3990 2654 4058 γένοιτο·
2714 3990 2776 4042 οὑ
2808 3990 2917 4061 γὰρ
2973 3994 3038 4045 ἂν
3087 3994 3147 4046 τὸ
3183 3994 3341 4063 σῶμα
3388 3996 3603 4049 Παύλου
3634 3998 3711 4068 τῷ
3757 3999 4004 4070 διαϐόλῳ

2418 4083 2711 4153 παρεδόθη,
2740 4085 2873 4137 ὅπου
2900 4101 2964 4152 γε
3000 4086 3212 4149 Παῦλος
3246 4088 3396 4157 αὑτῷ
3448 4089 3651 4156 μᾶλλον
3694 4092 4000 4157 ἐπέτασσε,

2419 4177 2513 4228 καὶ
2552 4176 2714 4246 ὅρους
2735 4175 2905 4229 ἐτίθει
2937 4177 2979 4241 ⁷,
3002 4178 3090 4231 ὅτε
3114 4178 3206 4231 τὸν
3229 4196 3298 4231 πο
3309 4179 3610 4247 ρνεύσαντα
3677 4181 3828 4249 αὐτῷ
3858 4198 4004 4248 παρ-

2419 4270 2592 4322 εδίδου
2614 4271 2695 4332 είς
2722 4269 2945 4339 ὄλεθρον
2976 4271 3312 4340 τῆςῖσαρκδς,
3340 4272 3435 4325 καὶ
3467 4272 3566 4341 οὑχ
3606 4274 3848 4343 ὑπερέϐη
3873 4277 4004 4337 τοὺς

2419 4362 2577 4427 ὅρους
2608 4364 2815 4426 ἐκεῖνος
2846 4364 2889 4416 ⁸.
2924 4364 2988 4416 Τί
3009 4359 3103 4417 οὖν
3134 4365 3251 4417 ἐστι
3275 4364 3496 4425 Σατᾶν;
3539 4366 3599 4418 Ὀ
3627 4366 4005 4434 ἀντικείμενος

2420 4454 2638 4521 λέγεται
2676 4457 2743 4523 τῇ
2784 4454 3055 4526 Ἐϐραίων
3094 4458 3265 4525 φωνῇ.
3306 4456 3565 4523 ’Ἄγγελοι
3595 4458 3771 4510 Σατᾶν
3819 4460 4005 4510 τοίνυν

753 4560 943 4601 omnes
965 4543 1281 4603 adversarii,
1308 4540 1609 4594 Alexander
1640 4541 1888 4603 aerarius,
1926 4536 2244 4607 Hymenaeus
2264 4546 2321 4592 et
2350 4528 2393 4582 Ι)
2422 4564 2428 4593 ι

2350 4528 2470 4597 Do!
2517 4545 2880 4615 ἀντικείμενοι
2949 4545 3185 4608 πάντες*
3251 4546 3603 4617 Ἀλέξανδρος
3663 4548 3692 4601 ὁ
3742 4548 4002 4618 χαλκεὺς,

757 4638 1019 4697 Philctus,
1052 4646 1350 4700 omnesque.
1377 4631 1697 4684 tribulantes
1720 4629 1893 4697 ipsum
1926 4638 1981 4681 et
2006 4625 2324 4696 aﬂligentes,

2433 4634 2745 4703 ’Υμεναῖος,
2779 4636 2870 4688 καὶ
2899 4637 3147 4707 Φιλητδς,
3173 4638 3267 4690 καλ⁵
3292 4639 3495 4701 πάντες
3520 4640 3568 4691 οἱ
3594 4639 3873 4703 θλίϐοντες
3907 4644 4005 4694 αύ-

758 4747 853 4786 ceu
878 4732 1089 4783 Satanae
1110 4743 1270 4795 Opera
1287 4723 1648 4792 perﬁcientes.
1677 4720 1814 4776 Dicit
1837 4722 2023 4791 igitur,
2048 4721 2189 4789 quod
2209 4719 2323 4775 Non
2418 4744 2433 4779 σι

2418 4725 2510 4780 τὸν
2547 4727 2641 4777 καὶ
2670 4726 2992 4789 κακοῦντες,
3023 4727 3099 4789 ὠς
3138 4728 3205 4779 τὰ
3259 4728 3356 4780 τοῦ
3400 4729 3577 4781 Σατᾶν
3611 4728 3752 4798 ἔργα
3784 4732 4003 4783 ποιοῦν-

759 4823 1007 4893 permisit
1043 4822 1179 4872 Deus
1230 4816 1660 4885 praedicationem
1718 4827 1893 4867 meam
1928 4812 2137 4879 absque
2189 4811 2328 4879 peri-

760 4916 895 4969 culis
914 4922 969 4967 et
990 4914 1258 4967 laboribus
1285 4909 1594 4978 procedere,
1616 4922 1683 4959 ne
1701 4905 1882 4960 multis
1913 4903 2327 4959 revelationibus

765 5010 1015 5064 dianatus
1066 5004 1313 5059 extollar.
1358 5003 1537 5068 Quare
1575 5009 1752 5054 autent
1787 5015 1890 5052 non
1934 4998 2089 5062 dixit,
2133 4996 2325 5067 Augeli

767 5103 982 5155 Satanae
1021 5099 1125 5151 dati
1172 5106 1296 5150 sunt
1335 5096 1488 5155 mihi,
1524 5095 1615 5147 sed
1652 5111 1670 5143 ι
1708 5089 1983 5160 Angelus?
2037 5107 2055 5140 ι
2084 5088 2219 5153 Quia
2277 5088 2327 5139 in

763 5192 909 5247 oiimi
932 5191 1050 5243 loco
1073 5204 1206 5242 unus
1225 5189 1420 5255 aliquis
1440 5185 1820 5239 inveniebatur
1838 5182 2074 5236 renitens
2095 5181 2324 5235 fortasse

764 5284 1131 5355 populumque
1159 5283 1458 5341 c0ncitatts,
1489 5293 1645 5345 quem
1692 5278 1881 5330 ducem
1910 5273 2099 5342 reliqui
2134 5287 2330 5341 seque-

766 5381 997 5440 bantur;
1028 5377 1135 5436 vel,
1172 5374 1313 5440 quod
1345 5371 1559 5434 melius,
1595 5369 1762 5437 ipsam
1791 5381 1904 5420 rem
1924 5366 2166 5433 adeoque
2184 5364 2332 5417 reni-

765 5486 887 5526 sum
912 5469 1167 5521 adversus
1193 5465 1339 5518 verbi
1372 5462 1830 5531 prmdicationem,
1860 5458 2331 5528 periculorumque

873 5616 903 5646 ι
934 5609 1052 5660 Act.
1098 5618 1205 5667 xiv,
1239 5602 1326 5655 13.
1472 5609 1519 5647 γ·
1545 5598 1611 5652 ιΙ
1646 5600 1768 5652 Cor.
1807 5612 1858 5661 v,
1886 5598 1937 5651 5.

2421 4832 2536 4876 τες.
2571 4817 2741 4887 Φησὶν
2771 4816 2885 4879 οὖν,
2919 4818 3001 4870 ὅτι
3042 4818 3155 4871 Οὐκ
3193 4817 3376 4871 εἴασεν
3409 4821 3436 4873 ὁ
3471 4820 3604 4883 Θεὸς
3650 4822 3710 4873 τδ
3741 4824 4008 4889 κήρυγμά

2424 4926 2524 4975 μου
2561 4911 2730 4977 χωρὶς
2779 4907 3041 4963 κινδύνων
3092 4911 3185 4964 καὶ
3226 4911 3405 4964 πόνων
3439 4914 3767 4982 προχωρεῖν,
3810 4914 3895 4965 ἵνα
3932 4916 4007 4983 μὴ

2425 5002 2810 5073 ὑπεραίρωμαι
2845 5003 2921 5064 ὼς
2956 5001 3165 5055 πολλῶν
3186 5003 3587 5072 ἀποκαλύψεων
3622 5022 3753 5056 κατα
3767 5004 4005 5068 ξιωθείς.

2426 5093 2523 5143 Διὰ
2556 5092 2607 5144 τί
2638 5092 2694 5144 δὲ
2727 5094 2828 5146 οὑκ
2860 5089 3038 5159 εἶπεν,
3062 5095 3315 5163 Ἄγγελοι
3343 5096 3521 5147 Σατᾶν
3568 5096 3853 5164 ἐδόθησαν,
3888 5097 4005 5147 ἀλλ’

2432 5201 2450 5234 ι
2497 5185 2792 5252 Ἀγγελος-ς
2834 5205 2853 5238 ι
2903 5187 3119 5257 Ἐπειδὴ
3144 5188 3285 5240 κατὰ
3311 5188 3474 5240 τόπον
3498 5183 3579 5252 εἷς
3611 5207 3692 5249 τις
3720 5191 4008 5257 εὑρζσκετο

2426 5276 2454 5327 ὁ
2487 5278 2826 5331 ἁντιπίπτων
2850 5280 3002 5343 ἴσως,
3027 5280 3121 5333 καὶ
3148 5280 3238 5332 τὸν
3267 5280 3441 5348 δῆμον
3462 5280 3759 5344 ὑποκινῶν,
3792 5276 3856 5333 οὗ
3886 5298 4006 5350 πρου

2428 5373 2839 5440 καταρχομένου
2893 5373 2988 5425 καὶ
3018 5374 3067 5425 oi
3097 5373 3280 5426 λοιποὶ
3325 5372 3641 5425 συνείποντο
3666 5374 3689 5406 ’
3714 5388 3729 5401 '
3776 5373 3836 5442 ἢ,
3870 5375 4006 5441 ὅπερ

2430 5463 2524 5513 καὶ
2551 5464 2783 5531 βέλτιον,
2816 5464 2949 5518 αὑτὸ
2972 5466 3032 5518 τὸ
3072 5468 3332 5537 πρᾶγμα,
3370 5467 3490 5537 ἤτοι
3520 5466 3619 5535 τὴν
3644 5464 3782 5537 πρὸς
3811 5464 3873 5518 ἐδ
3902 5464 4004 5532 x"2‘

2045 5691 2241 5753 γωνίαι
2280 5691 2605 5754 lectiones.

838 5825 860 5857 ⁸
899 5826 984 5878 Ia.
1012 5824 1183 5878 ταῦτα
1206 5838 1257 5878 ο.
1334 5822 1353 5853 ⁵
1382 5819 1774 5875 συνεσκεύαςεν
1806 5836 1857 5874 o.
1937 5819 1955 5851 ⁶
1976 5819 2230 5873 ὑπὸνοιαν
2258 5832 2309 5874 ο.

2388 5819 2406 5851 ⁷
2429 5818 2599 5872 ἐδίδου
2622 5833 2673 5873 o.

2754 5820 2772 5850 '
2793 5821 3030 5883 ἐκεινους
3059 5833 3112 5875 0.
3191 5820 3209 5851 ³
3238 5817 3574 5889 συνήπτοντο
3600 5831 3655 5873 0.
