4242 6462
250 462 356 524 9-ίο

968 457 1376 517 EXl’OSlTIO
1413 457 1490 516 ΙΝ
1523 455 1758 517 EPlS'l‘.
1805 458 1863 516 ΙΙ
1905 459 2003 517 ΑΙ)
2048 460 2212 518 COlt.
2248 483 2311 491 -η
2343 461 2498 518 CAP.
2531 458 2697 518 Xlll.

3397 455 3500 517 950

247 574 544 642 ἀποτόμως
582 571 895 640 χρήσωμαι.
934 571 1072 622 κατα
1123 570 1218 640 τὴν
1259 570 1506 636 ἐξουσίαν
1556 571 1621 639 ἣν
1654 570 1822 622 ἔδωκέ
1859 582 1902 631 Α
1934 588 2166 640 prmseus
2207 572 2396 625 durius
2428 588 2612 636 agant,
2651 586 2697 625 se

1859 582 1902 631 Α
1934 588 2166 640 prmseus
2207 572 2396 625 durius
2428 588 2612 636 agant,
2651 570 2948 625 secundum
2987 577 3306 637 potestatem
3340 587 3498 635 quam

252 686 342 734 μοι
375 669 401 718 6
426 667 626 732 Κύριος
650 667 726 725 είς
755 663 1062 731 οἰκοδομὴν,
1089 663 1180 715 καὶ
1199 663 1296 715 οὐκ
1324 664 1400 724 εἰς
1433 662 1772 730 καθαίρεσιν.
1801 680 1818 711 ι

261 758 480 826 Ἐπειδὴ
509 756 712 824 οφὶδρα
739 753 1042 825 ἐπέπληξεν
1072 755 1268 816 αὐτοὺς
1299 756 1392 806 καὶ
1421 754 1700 823 ἠπείλησε,
1731 753 1825 806 νῦν

248 850 622 912 ἀπολογεῖται,
653 845 744 898 καί
775 862 936 914 φησι’
975 844 1074 897 Διὰ
1099 845 1256 897 τοῦτο
1283 843 1456 904 οὕτως
1486 842 1723 913 ἔγραψα,
1750 843 1824 905 ὼς

249 934 573 1001 ,Ξονῖόμενος
609 933 737 1000 ἄχρι
767 933 873 985 τῶν
907 935 1254 1003 γραμμάτων
1289 927 1428 985 εἶναι
1461 932 1558 1002 τὴν
1593 933 1823 1003 ἀπειλὴν

246 1032 344 1082 καὶ
372 1028 467 1099 τὴν
502 1027 840 1097 ἀποτομίαν,
871 1027 1005 1079 ἀλλὰ
1032 1027 1108 1096 μὴ
1140 1027 1197 1078 ἐν
1240 1028 1351 1088 τοῖς
1378 1026 1557 1094 ἔργοις
1589 1025 1826 1094 ἐπιδειχ-

245 1124 429 1191 θῆναι.
464 1121 553 1190 Μὴ
586 1119 979 1189 διορθωθέντας
1007 1119 1115 1189 γὰρ
1142 1119 1357 1172 κολάσω
1383 1118 1600 1179 πάντως
1627 1119 1822 1171 ἀποτό-

247 1234 386 1283 μως.
421 1215 608 1281 ἐπειδὴ
643 1213 890 1276 ἐξουσίαν
923 1211 1123 1264 δέδωκέ
1158 1214 1292 1280 μοιὸ
1319 1210 1542 1280 Κύριος.
1582 1211 1674 1262 Ἐκ
1699 1209 1823 1262 τού-

242 1327 338 1359 του
365 1304 456 1359 οὖν
488 1306 757 1359 δείκνυσιν
792 1306 872 1357 ὅτι
911 1305 1005 1357 καὶ
1042 1305 1068 1355 6
1103 1304 1304 1374 Κύριος
1344 1303 1410 1355 δι’
1448 1303 1611 1356 αὑτοῦ
1656 1303 1823 1373 μέσου

243 1400 486 1461 κολάζει.
524 1399 797 1452 Δεικνύων
829 1397 884 1450 δὲ
927 1398 1009 1449 ὅτι
1053 1397 1154 1449 οὐκ
1199 1396 1459 1466 ἐπιθυμεῖ
1500 1399 1564 1465 τῇ
1605 1395 1822 1464 ἐξουσίᾳ

240 1492 550 1562 χρησασθαι
584 1493 664 1553 εἰς
704 1491 800 1559 τὴν
836 1490 1059 1542 ἐκείνων
1095 1489 1402 1558 τιμωρίαν,
1445 1488 1820 1557 προσέθηκεν,

239 1584 325 1635 ὅτι
364 1584 608 1644 ιΟὑκείς
642 1581 981 1650 καθαίρεσιν,
1015 1580 1129 1632 ἀλλ’
1157 1583 1236 1642 είς
1267 1580 1556 1649 οἰκοδομήν
1581 1595 1628 1630 ⁸»
1665 1596 1822 1630 τουτ-

241 1678 361 1727 έστι
389 1718 402 1739 ,
436 1674 863 1744 προηγουμένως
892 1673 920 1725 6
966 1673 1170 1742 Κύριος
1218 1673 1275 1724 οὺ
1323 1672 1568 1740 βούλεται
1626 1671 1821 1724 καθαίο

244 1786 360 1836 ρειι
390 1767 406 1838 [
433 1768 471 1832 f.
519 1763 833 1835 καθαιρεῖν]
861 1765 924 1827 ³⁸,
987 1766 1103 1834 ἢτοι
1138 1765 1412 1829 κολάζειν,
1465 1764 1579 1816 ἀλλ’
1620 1763 1823 1816 οἰκοδο-

243 1866 391 1930 μεῖν,
427 1861 722 1923 τουτέστιν,
762 1859 1071 1928 εὐεργετεῖν
1093 1875 1104 1886 ·
1143 1859 1282 1929 πλὴν
1305 1861 1394 1911 καὶ
1423 1861 1482 1911 τὸ
1504 1863 1612 1921 τοῖς
1639 1860 1819 1927 άδιορ-

1932 664 2188 716 Duminus
2221 665 2368 717 dedit
2421 664 2549 716 inihi
2601 663 2652 716 in
2701 662 3148 724 aadilicationctu,
3186 670 3265 714 ct.
3297 677 3402 714 non
3447 663 3499 715 in

1931 757 2373 809 destructionem.
2411 773 2429 806 ι
2468 758 2752 821 Postquam
2785 754 2988 807 acriter
3011 768 3104 807 eos
3129 765 3419 814 terruerat,
3451 765 3504 806 et

1930 847 2305 901 interminatus
2337 856 2485 910 erat,
2527 862 2665 899 nunc
2693 847 3062 900 det'ensionem
3097 855 3252 912 parat
3284 884 3298 906 ,
3336 847 3461 898 liam
3487 887 3499 908 ,

1931 941 2214 1009 inquiens,
2270 939 2338 992 ob
2389 955 2607 993 causam
2658 939 2734 992 sic
2771 940 2998 1005 scripsi,
3043 939 3186 1007 quod
3238 938 3498 992 voluerim

1928 1035 2102 1087 minas
2131 1044 2182 1086 et
2220 1031 2562 1085 severitatem
2599 1033 2664 1085 ad
2697 1031 2904 1084 litteras
2937 1047 3109 1099 usque
3141 1043 3261 1083 esse
3283 1069 3296 1092 ,
3323 1045 3500 1099 neque

1929 1142 1984 1180 re
2005 1129 2114 1194 ipsa
2139 1137 2192 1180 et
2214 1126 2470 1194 operibus
2496 1125 2880 1178 demonstrari.
2913 1123 3025 1175 Non
3054 1133 3329 1177 correctos
3355 1123 3498 1174 enim

1927 1219 2146 1270 omnino
2169 1221 2375 1271 duriter
2404 1219 2616 1284 puniam
2651 1233 2714 1272 ac
2739 1235 2949 1281 severe.
2975 1220 3228 1286 quoniam
3261 1227 3497 1286 potesta-

1927 1317 2031 1362 tein
2067 1310 2218 1364 dedit
2258 1311 2385 1364 inihi
2420 1309 2700 1364 Dominus.
2731 1310 2868 1365 Hinc
2907 1313 3106 1363 indicat
3139 1309 3280 1377 quod
3321 1309 3500 1362 Domi-

1927 1417 2028 1456 nus
2057 1405 2217 1456 etiam
2250 1417 2344 1470 per
2377 1404 2583 1471 ipsum,
2617 1413 2673 1456 ut
2708 1405 2963 1464 medium.
2997 1404 3168 1471 punit.
3206 1402 3496 1456 Common-

1927 1509 2108 1548 Strans
2139 1509 2301 1562 porro
2320 1498 2460 1562 quod
2488 1512 2592 1548 non
2621 1495 2887 1549 desideret
2915 1505 3182 1563 potestate
3209 1510 3302 1546 sua
3330 1496 3400 1546 uti
3431 1497 3494 1546 ad

1927 1586 2142 1639 illorum
2177 1587 2521 1653 supplicium,
2557 1589 2830 1656 apposuit,
2864 1607 2880 1637 ι
2922 1587 3033 1640 Non
3063 1589 3129 1641 ad
3167 1587 3495 1641 destructio-

1926 1695 2080 1742 Item,
2120 1682 2211 1732 sed
2248 1680 2312 1732 ad
2355 1680 2765 1734 aediﬁcationem
2807 1699 2819 1732 :
2867 1699 2885 1731 ›
2937 1681 3035 1733 hoc
3070 1689 3186 1741 est,
3231 1678 3497 1745 imprimis

1926 1767 2184 1824 Dominus
2227 1786 2334 1823 non
2367 1771 2480 1823 vuit
2513 1772 2814 1832 destruere,
2841 1774 2953 1824 sive
2985 1771 3198 1838 punire,
3238 1772 3328 1823 scd
3360 1771 3495 1824 aedi-

1926 1858 2122 1923 ﬁcare,
2160 1860 2260 1914 hoc
2300 1870 2376 1914 est
2402 1903 2414 1925 ,
2453 1862 2790 1915 benefacere.
2838 1863 2998 1929 Atqui
3036 1861 3493 1928 incorrigibilibus

237 1958 434 2017 υώτοις
470 1957 696 2020 ἐπάγειν
729 1955 768 1984 ³⁷
811 1955 909 2024 τὴν
951 1952 1289 2021 καθαίρεσιν,
1333 1953 1638 2020 οἰκοδομεῖν
1680 1954 1814 2006 ἐστι.
1852 1926 1892 1982 Β
1923 1950 2347 2005 destructionem
2377 1954 2650 2017 inducere,
2685 1972 2697 2008 ί

1852 1926 1892 1982 Β
1923 1950 2347 2005 destructionem
2377 1954 2650 2017 inducere,
2685 1955 2952 2012 aediﬁcare
2983 1967 3084 2010 est.

319 2065 337 2098 ι
377 2048 449 2099 Τὸ
476 2047 680 2109 λοιπὸν,
716 2047 956 2112 ἀδελφοὶ,
988 2047 1226 2115 χαίρετε.
1264 2062 1281 2095 ι
1345 2043 1516 2110 Ἐγὼ,
1562 2045 1715 2112 φησὶ,
1749 2043 1817 2096 τὰ

235 2138 481 2205 ἐμαυτοῦ
536 2138 788 2205 ἐποίησα.
853 2136 1176 2189 ’Υπόλοιπον
1223 2131 1315 2188 οὖν
1361 2137 1505 2188 ἐστιν
1554 2136 1697 2202 ὑμᾶς
1748 2135 1818 2189 τὰ

236 2228 450 2281 ἑαυτῶν
487 2231 939 2294 συνεισενεγκεῖν.
973 2227 1370 2297 Διορθωθέντες
1402 2228 1533 2296 γάρ,
1568 2227 1817 2296 ἀμάραν-

245 2337 330 2371 τον
363 2320 628 2388 κτήσεσθε
663 2319 763 2387 τὴν
798 2318 903 2370 ἀπὸ
941 2319 1034 2372 τοῦ
1067 2319 1370 2382 συνειδότος
1409 2319 1606 2390 χαρὰν,
1644 2321 1691 2371 εί
1721 2324 1816 2371 καὶ

239 2413 417 2481 λύπης
456 2414 676 2482 ῥήματα
709 2415 836 2481 ὑμῖν
866 2409 1040 2467 εἷπον.

319 2525 336 2556 ι
385 2505 806 2576 Καταρτίζεσθε.
850 2525 868 2556 ι
922 2507 1065 2559 Ἀντὶ
1101 2506 1230 2571 τοῦ,
1261 2508 1468 2559 Τέλειοι
1513 2507 1724 2574 γίνεσθε
1758 2509 1813 2560 ἐν

245 2618 294 2651 τε
324 2599 555 2668 δῦγμασι
583 2601 676 2650 καὶ
707 2600 760 2650 ἐν
791 2599 910 2668 βίῳ,
936 2601 1031 2652 καὶ
1061 2599 1438 2670 ἀναπληροῦτε
1461 2604 1528 2653 τά
1558 2600 1812 2653 λείποντα

238 2691 388 2760 ὑμῖν.

317 2801 334 2832 ι
379 2782 811 2852 Παρακαλεῖσθε.
858 2801 876 2833 ι
924 2783 1141 2854 Ἐπειδὴ
1173 2783 1357 2836 πολλοὶ
1408 2780 1546 2853 ἦσαν
1597 2789 1645 2838 οἱ
1697 2804 1811 2838 πει-

240 2877 444 2943 ρασμοὶ
475 2875 568 2926 καὶ
595 2875 640 2926 0!
670 2873 926 2939 κίνδυνοι,
955 2875 1086 2942 φησί
1109 2890 1120 2902 ’
1153 2875 1569 2944 Παρακαλεῖσθε
1601 2880 1691 2928 καὶ
1723 2877 1809 2944 ὑφ’

237 2966 450 3018 ἑαυτῶν
481 2967 574 3018 καὶ
607 2966 696 3018 ὑπ’
724 2966 969 3034 ἀλλήλων
993 2967 1058 3026 ³⁸,
1084 2967 1179 3018 καὶ
1215 2966 1320 3018 ὑπὸ
1351 2967 1451 3035 τῆς
1481 2971 1560 3027 είς
1589 2969 1648 3020 τὸ
1692 2969 1813 3036 βέλ-

237 3076 353 3111 τιον
384 3058 709 3128 μεταϐολῆς.
751 3057 975 3126 Μεγάλη
1006 3057 1115 3128 γὰρ
1146 3057 1492 3128 παράκλησις
1513 3101 1526 3123 ,
1572 3061 1812 3123 συνειδὸς

237 3149 466 3215 ἀγαθόν.

1918 2042 1954 2101 τε
1995 2041 2154 2095 Vens.
2182 2044 2267 2097 11.
2305 2062 2322 2094 ι
2356 2043 2508 2110 Quod
2534 2047 2796 2116 reliquum
2821 2057 2923 2113 est,
2951 2051 3166 2114 fratres,
3191 2054 3436 2120 gaudete.
3469 2072 3487 2104 ι

1920 2133 2050 2200 Ego,
2085 2134 2290 2200 inquit,
2320 2137 2462 2202 quod
2493 2152 2672 2190 meum
2715 2149 2799 2192 est
2831 2140 2931 2193 ieci
2959 2181 2975 2206 ,
3011 2141 3277 2212 reliquum
3324 2154 3405 2196 est
3440 2151 3500 2195 nt

1919 2238 2012 2277 vos
2043 2236 2216 2279 vestra
2250 2225 2412 2279 etiam
2442 2227 2753 2282 conferatis.
2784 2229 2840 2283 Si
2873 2233 3015 2284 enim
3051 2235 3215 2288 vitam
3249 2245 3487 2288 vestram

1917 2317 2301 2383 correxeritis,
2335 2319 2786 2377 imtnarcescibile
2829 2324 3180 2390 possidebitis
3211 2328 3489 2382 conscien-

1918 2410 2003 2464 tia:
2029 2411 2317 2478 gaudium,
2346 2414 2557 2467 etiamsi
2589 2415 2762 2469 tristia
2794 2418 2944 2472 vobis
2979 2418 3188 2473 locutus
3218 2420 3344 2472 sint.

1995 2523 2012 2554 ι
2052 2504 2245 2574 Inlegri
2282 2516 2474 2561 estote.
2517 2526 2534 2559 ι
2571 2506 2682 2561 lloc
2712 2519 2815 2567 est.
2848 2509 3070 2577 perfecti
3103 2522 3300 2577 estote,
3336 2521 3390 2566 et
3433 2513 3485 2564 in

1918 2595 2184 2662 doctrina,
2207 2608 2260 2651 et
2284 2597 2337 2651 in
2367 2598 2628 2664 moribus,
2653 2615 2714 2654 ac
2741 2602 2942 2667 replete
2959 2617 3079 2671 qua:
3100 2603 3292 2657 desunt
3313 2605 3486 2657 vobis.

1990 2797 2006 2828 ‹
2041 2777 2482 2834 Consolationem
2509 2782 2760 2848 accipite.
2789 2800 2806 2832 ι
2838 2782 2970 2846 Quia
3001 2781 3177 2837 multa:
3199 2781 3355 2852 321
3385 2781 3490 2837 fue-

1917 2881 2044 2922 runt
2073 2870 2402 2924 tentationes
2433 2880 2487 2924 et
2508 2872 2771 2940 pericula,
2804 2872 3260 2936 Consolationetn,
3288 2874 3486 2942 inquit,

1915 2957 2144 3025 accipite
2199 2970 2253 3012 et
2288 2974 2316 3011 a
2369 2961 2519 3014 vobis
2570 2963 2736 3030 ipsis,
2776 2972 2829 3016 et
2859 2962 2995 3015 alter
3031 2963 3099 3016 ab
3131 2963 3341 3026 altero,
3375 2973 3430 3018 et
3460 2979 3488 3017 a

1917 3051 2309 3118 permutatione
2338 3052 2503 3105 vestri
2553 3054 2604 3106 in
2649 3054 2861 3108 melius.
2896 3053 3084 3124 Magna
3120 3056 3263 3110 enim
3299 3071 3488 3110 conso-

1917 3142 2043 3196 latio
2079 3152 2180 3207 est,
2225 3145 2557 3199 conscientia
2595 3147 2753 3200 bona.

320 3261 337 3292 ι
365 3241 438 3293 Τὸ
459 3241 589 3294 αὐτὸ
607 3245 875 3310 φρονεῖτε,
900 3241 1226 3311 εἰρηνεύετε.
1270 3261 1288 3293 ι
1324 3244 1494 3296 Τοῦτο
1529 3246 1620 3296 καὶ
1651 3246 1706 3296 ἐν
1740 3247 1805 3314 τῇ
1836 3284 1880 3346 C
1995 3254 2012 3286 ί
2049 3234 2192 3289 Idem
2262 3238 2460 3305 snpile.
2525 3253 2697 3306 Pace"

1851 3284 1877 3303 η
1995 3254 2012 3286 ι
2049 3234 2192 3289 Idem
2262 3238 2460 3305 sapite,
2525 3253 2710 3306 pacem
2765 3240 3032 3294 habete.»
3085 3239 3196 3295 Hoc
3270 3256 3487 3312 quoque

240 3334 482 3403 προτέρα
505 3335 702 3396 αὐτοὺς
721 3334 1028 3403 ᾗτησεν,ὠς
1045 3333 1540 3398 διαστασιάζοντας.
1572 3338 1726 3390 Ἔστι
1753 3338 1809 3390 δὲ

237 3428 299 3478 τὸ
325 3427 454 3479 αὐτὸ
488 3427 588 3495 μὲν
610 3430 826 3495 φρονεῖν
857 3428 914 3477 ὲν
946 3427 1056 3487 τοῖς
1085 3425 1338 3496 δόγματι,
1377 3429 1452 3498 μὴ
1510 3431 1810 3498 εἰρηνεύειν

236 3520 293 3570 δὲ
353 3520 410 3571 ὲν
494 3520 606 3580 τοῖς
667 3519 801 3586 πρὸς
865 3517 1162 3586 ἀλλήλους’
1210 3520 1496 3590 ἀμφότερα
1551 3521 1730 3574 τοίνυν
1786 3524 1814 3574 6

241 3612 455 3676 Παῦλος
490 3613 724 3665 ἀπαιτεῖ.

328 3725 345 3754 ι
387 3706 495 3757 Καὶ
527 3706 552 3754 6
583 3703 711 3765 Θεὸς
739 3703 833 3770 τῆς
863 3705 1084 3773 εἰρήνης
1112 3705 1205 3756 καὶ
1246 3705 1462 3772 ἀγάπης
1504 3704 1656 3758 ἔσται
1694 3706 1811 3774 μεθ’

242 3796 420 3865 ὑμῶν.
463 3813 480 3847 ι
522 3796 594 3847 Οὐ
642 3795 801 3863 μόνον
829 3798 1105 3864 παραινεῖ,
1147 3796 1284 3848 ἀλλὰ
1339 3798 1434 3848 καὶ
1488 3797 1741 3866 εῠχεται·
1779 3799 1810 3869 ἢ

241 3888 366 3939 οὐδὲ
395 3887 526 3956 εὐχή
560 3888 672 3939 ἐστι
719 3888 896 3951 τοῦτο,
958 3889 1094 3940 ἀλλὰ
1132 3887 1225 3940 τοῦ
1267 3889 1576 3948 ἀκολούθως
1617 3889 1813 3956 ἐσομέ-

241 3998 338 4031 νου
366 3981 842 4049 προαναιρώνησις,
864 3981 944 4031 ὅτι
963 3981 1088 4033 Ἐὰν
1111 3980 1451 4050 εἰρηνεύητε,
1467 3980 1638 4042 ὀΘεὸς
1661 3982 1814 4032 ἔσται

247 4072 369 4138 μεθ’
410 4072 582 4140 ὑμῶν.
630 4072 873 4141 Ἀγάπης
902 4072 957 4123 δὲ
997 4071 1129 4134 Θεὸς
1174 4072 1412 4140 λέγεται,
1444 4073 1474 4142 ἢ
1509 4073 1582 4134 ὼς
1614 4075 1814 4140 ταύτης

242 4163 420 4231 πηγὴ,
461 4162 492 4232 ἢ
532 4162 605 4225 ὡς
632 4163 836 4227 ταύτην
872 4163 1250 4230 ἐνδειξάμενος
1297 4167 1376 4224 είς
1409 4165 1553 4233 ἡμᾶς
1583 4165 1816 4233 ὑπερϐο-

247 4256 405 4318 λικήν
428 4271 441 4284 ·
477 4255 508 4324 ἢ
551 4256 626 4316 ὼς
658 4255 785 4307 ἔνθα
813 4256 961 4307 ἐστὶν
1000 4256 1214 4325 ἀγάπη,
1256 4255 1371 4308 ἐκεῖ
1397 4257 1489 4308 καὶ
1528 4255 1691 4318 αὐτὸς
1716 4255 1814 4319 ὣν,

245 4347 339 4396 καὶ
373 4347 651 4414 Δεσπότης
690 4345 900 4414 ταύτης
929 4347 1270 4415 φαινόμενος.
1310 4347 1583 4410 Ὡσαύτως
1613 4349 1669 4400 δὲ
1723 4349 1816 4402 καὶ

244 4437 345 4504 τῆς
369 4439 590 4506 εἰρήνης
609 4455 620 4465 ·
650 4438 681 4506 ἦ
714 4437 787 4500 ὡς
811 4439 960 4508 πηγὴ
977 4439 1204 4509 ταύτης,
1230 4440 1261 4510 ῆ
1297 4440 1371 4502 ὡς
1403 4440 1726 4510 εἰρηνεύσας
1748 4443 1817 4494 τά

243 4531 300 4580 ἐν
353 4528 588 4598 οὐρανῷ,
622 4531 713 4580 καί
764 4530 831 4580 τά
881 4531 975 4582 ὲπὶ
1014 4533 1138 4600 γῆς,
1182 4531 1319 4599 ἠὼς
1359 4535 1635 4601 Δεσπότης
1677 4537 1814 4604 κτή-

247 4637 440 4690 ματος.

321 4813 340 4846 ‹
393 4797 741 4850 ’Δσπάσασθε
784 4797 1045 4868 ἀλλήλους
1077 4802 1134 4851 ἐν
1177 4802 1444 4870 φιλήματι
1475 4803 1635 4872 ἁγίῳ.
1677 4821 1695 4854 ι
1726 4803 1819 4874 Μὴ

242 4887 462 4957 ὑπούλῳ
526 4890 620 4940 καὶ
656 4888 879 4957 δολερῷ,
906 4889 979 4950 ὡς
1009 4892 1037 4941 ὁ
1082 4890 1282 4954 Ἰούδας
1312 4908 1323 4919 ³
1360 4893 1447 4945 διὰ
1497 4894 1656 4947 τοῦτο
1707 4897 1814 4966 γὰρ

244 4979 530 5048 φιλοῦμεν,
590 4982 673 5032 ἵνα
728 4983 930 5050 μᾶλλον
989 4984 1337 5050 άνακαίωμεν
1398 4985 1496 5053 τὴν
1549 4987 1812 5055 ἀγάπην·

244 5073 434 5140 ἐπειδὴ
468 5073 526 5124 τὸ
567 5073 738 5140 στόμα
765 5075 880 5125 ἐστὶ
926 5074 1162 5142 μάλιστα
1204 5075 1310 5126 τῶν
1343 5076 1517 5129 ἄλλων
1553 5077 1730 5147 μελῶν
1757 5079 1819 5130 τὸ

245 5163 577 5230 συιιδεσμοῦν
623 5167 718 5226 τὰς
770 5165 966 5232 ψυχάς.
1025 5167 1134 5218 Καὶ
1187 5168 1293 5235 γάρ
1334 5170 1426 5220 καὶ
1463 5170 1600 5223 οἴκοι
1639 5173 1823 5224 ὲπαν-’

245 5254 418 5313 ιόντες
465 5255 564 5322 τὴν
594 5254 787 5308 ’ἐιωσιν
819 5255 1088 5323 δηλοίμεν
1120 5256 1184 5319 ³⁸,
1219 5257 1297 5322 τῷ
1330 5259 1556 5326 στόματι
1597 5259 1814 5326 φιλοῦν-

243 5362 358 5405 τες.
399 5347 464 5396 Ἣ
524 5349 620 5397 καὶ
651 5348 836 5417 ἐπειδὴ
869 5349 994 5409 ναὸς
1023 5351 1188 5415 ὲσμεν
1216 5348 1308 5399 τοῦ
1340 5349 1500 5411 Θεοῦ,
1539 5352 1812 5420 πρόθυρον

245 5439 302 5489 δὲ
331 5437 521 5489 τούτου
557 5438 651 5489 τοῦ
685 5438 811 5490 ναοῦ
833 5439 893 5490 τὸ
924 5441 1116 5506 στόμα,
1142 5440 1207 5491 τὰ
1243 5440 1490 5509 πρόθυρα
1516 5442 1778 5510 φιλοῦμεν
1799 5461 1813 5476 σ

247 5527 336 5580 δια
370 5528 576 5580 τούτων
611 5529 716 5596 γὰρ
739 5531 844 5580 τῶν
870 5529 1155 5598 προθύρων
1175 5530 1480 5601 εἰσέρχεται
1509 5533 1536 5582 6
1558 5532 1813 5600 Χριστὸς,

245 5621 272 5671 ὃ
287 5639 374 5671 ταν
413 5621 778 5690 κοινωνῶμεν.

1916 3329 1966 3379 in
2026 3329 2205 3396 priore
2252 3330 2489 3394 Epistula
2540 3331 2608 3382 ah
2657 3332 2721 3384 iis
2757 3333 2910 3398 petiit
2943 3348 3037 3386 ceu
3083 3333 3489 3390 dissidentibus.

1914 3419 2187 3491 Contingit
2230 3434 2410 3477 autem
2466 3423 2605 3478 idem
2644 3439 2834 3492 sapere
2885 3426 2937 3478 in
2995 3428 3348 3481 unanimitate
3404 3431 3493 3481 do-

1916 3513 2128 3577 ctrinae,
2161 3527 2345 3582 pacein
2375 3529 2502 3568 vero
2527 3529 2632 3568 non
2661 3529 2920 3570 exercere
2953 3518 3006 3571 in
3040 3529 3222 3573 mutua
3264 3534 3488 3575 conver~

1917 3606 2150 3659 satione.
2191 3606 2424 3676 Utraque
2456 3621 2584 3677 ergo
2624 3609 2756 3676 ipsis
2794 3607 2992 3665 Paulus
3025 3611 3280 3679 postulat.

1998 3715 2016 3746 ι
2064 3696 2128 3750 Et
2168 3698 2308 3752 Deus
2355 3699 2500 3766 pacis
2530 3708 2583 3752 et
2612 3700 2914 3756 dilectionis
2967 3704 3071 3757 erit
3128 3704 3428 3760 vobiscum.
3466 3725 3485 3757 ι

1920 3789 2033 3842 Non
2073 3790 2244 3843 solum
2277 3793 2614 3856 adhortatur,
2655 3807 2842 3847 verum
2880 3795 3043 3848 etiam
3082 3798 3484 3864 exoptatiouetn

1919 3880 2105 3947 adjicit
2137 3897 2150 3933 :
2180 3880 2261 3933 vel
2293 3896 2359 3934 ne
2390 3881 2502 3934 haec
2527 3881 2747 3948 quidem
2785 3891 2870 3935 est
2896 3884 3196 3952 exaptatio,
3230 3884 3323 3939 sed
3352 3885 3490 3954 ejus.

1917 3971 2059 4039 quod
2113 3983 2510 4040 consequenter
2557 3972 2798 4026 futurum
2836 3983 2938 4037 est,
2977 3975 3299 4043 praedictio:
3335 3977 3493 4030 nimi-

1919 4078 2060 4124 rum,
2115 4062 2171 4115 Si
2211 4079 2394 4131 pacem
2445 4066 2585 4117 inter
2620 4079 2717 4119 vos
2751 4065 3020 4129 alueritis,
3071 4066 3210 4121 Deus
3259 4069 3362 4121 erit
3392 4084 3492 4122 vo-

1921 4154 2153 4207 biscum.
2193 4154 2486 4208 Charitatis
2545 4165 2727 4210 autem
2784 4154 2925 4210 Deus
2961 4157 3177 4223 dicitur,
3222 4159 3304 4212 vel
3350 4163 3492 4228 quod

1918 4243 2039 4300 fons
2092 4246 2162 4300 sit
2202 4244 2378 4312 hujus,
2429 4245 2511 4300 vel
2550 4249 2690 4315 quod
2735 4261 2854 4300 eam
2907 4263 3036 4316 erga
3089 4265 3189 4303 nos
3233 4251 3490 4305 eximiam

1917 4337 2211 4392 ostenderit
2243 4354 2256 4390 :
2287 4337 2527 4407 velquod
2552 4340 2642 4392 ubi
2671 4339 3020 4406 sitcharitas,
3041 4340 3152 4395 illic
3173 4350 3227 4393 et
3258 4341 3376 4407 ipse
3403 4344 3490 4405 sit.

1920 4439 1974 4482 et
2028 4429 2286 4484 Dominus
2328 4428 2488 4497 hujus
2542 4440 2824 4498 appareat.
2876 4431 3140 4484 Similiter
3189 4442 3243 4486 et
3295 4433 3488 4499 pacis:

1921 4519 2035 4573 sive
2082 4522 2221 4588 quod
2257 4519 2380 4574 fons
2423 4521 2495 4572 sit
2540 4519 2724 4588 hujus,
2775 4521 2888 4575 sive
2937 4522 3080 4589 quod
3136 4533 3243 4575 tam
3289 4538 3408 4591 qua:
3441 4525 3491 4577 in

1851 4651 1895 4707 Β
1923 4614 2080 4674 cozlo,
2117 4629 2280 4681 quam
2317 4627 2437 4680 qua:
2466 4625 2627 4680 super
2657 4622 2853 4666 terram
2888 4615 3200 4681 pacaverit;
3236 4615 3320 4669 vel
3348 4619 3492 4686 quod

1924 4707 1998 4762 sit
2036 4706 2288 4760 Dominus
2319 4705 2456 4774 ejus,
2498 4713 2751 4773 tanquam
2780 4707 3160 4772 possessionis.

1993 4797 2151 4851 Vsus.
2182 4798 2266 4851 12.
2295 4816 2312 4848 ι
2343 4796 2588 4850 Salutate
2615 4811 2708 4850 vos
2735 4808 2919 4849 mutuo
2943 4798 2996 4849 in
3021 4799 3207 4852 osculo
3232 4810 3439 4854 sancto.
3469 4821 3485 4851 ι

1923 4888 2036 4942 Non
2079 4889 2259 4943 fucato
2315 4904 2378 4942 ac
2427 4889 2631 4952 doloso,
2682 4887 2831 4942 Judte
2875 4889 3070 4943 instar.
3106 4890 3336 4960 Propter
3392 4897 3492 4946 hoc

1917 4984 2062 5034 enim
2103 4983 2434 5045 osculamur,
2468 4991 2527 5034 ut
2555 4982 2727 5050 magis
2756 4983 3114 5036 accendamus
3144 4984 3486 5040 charitatem.

1917 5071 2052 5123 Nam
2098 5087 2158 5124 os
2206 5086 2312 5135 pra:
2357 5071 2570 5128 caeteris
2634 5071 2892 5125 membris
2959 5073 3170 5127 animas
3226 5076 3492 5144 praecipue

1919 5165 2212 5217 connectit.
2251 5163 2384 5216 Nam
2424 5164 2641 5218 domum
2700 5166 2924 5230 reversi,
2983 5167 3222 5220 osculum
3284 5167 3493 5234 ﬁgendo

1920 5262 2170 5312 tmiouem
2221 5259 2608 5325 signiﬁcamus.
2653 5257 2748 5312 Vel
2797 5260 2921 5326 quia
2991 5259 3247 5326 templum
3298 5273 3490 5314 sumus

1923 5353 2035 5414 Dei,
2071 5353 2228 5418 hujus
2255 5360 2432 5402 autem
2459 5349 2638 5418 templi
2668 5350 2990 5403 vestibulum
3013 5361 3096 5403 est
3117 5365 3199 5412 os,
3227 5352 3488 5404 vestibula

1919 5443 2250 5494 osculantur.
2306 5442 2406 5494 Per
2469 5443 2581 5495 haec
2660 5442 2804 5494 enim
2861 5441 3124 5495 vestibula
3184 5443 3487 5510 ingreditur

1921 5533 2197 5595 Christus,
2231 5536 2448 5602 quando
2477 5542 2962 5592 communicamus.

1595 5740 1787 5800 Variae
1825 5739 2150 5800 lectiones.

354 5877 396 5907 ³6
432 5883 500 5908 ὖ.-

250 5964 296 5998 τ.
334 5966 386 6001 κ.
422 5954 671 6022 οίκοεομη
706 5955 848 6007 ἐςτιν
878 5973 927 6010 o.
1009 5954 1049 5986 ³⁸
1077 5953 1247 6006 ἄλλων
1273 5972 1322 6008 υ.

432 5883 708 5962 ἐπιξέρειν
744 5883 840 5950 τὴν
881 5883 1218 5962 καθαίρεσιν,
1279 5883 1526 5962 ἦτοι-τὴν
1559 5887 1812 5938 κολάσων
1850 5889 1960 5939 ἀλλ’
1997 5890 2296 5957 οἰκοδομεῖν
2343 5888 2481 5943 θέλει
2515 5908 2564 5945 υ.
2648 5892 2685 5922 ³⁷
2722 5892 3163 5962 άνοικοδομήτοις
3201 5894 3486 5962 ἐπιφέρειν

1403 5956 1444 5987 ³9
1482 5957 1763 6025 δηλοῦντεέ
1794 5958 2042 6028 τῷστὸμ.
2090 5956 2348 6030 ςλοῦςιεν
2387 5980 2435 6014 υ.
