4242 6462
714 435 1042 492 saucientcs,
1066 436 1119 480 et
1136 425 1306 494 legam
1326 420 1485 489 quasi
1512 420 1868 471 vindicantes.
1899 417 2047 470 llanc
2070 416 2137 470 ob
2159 430 2279 469 cau-
2309 422 2349 476 Α

715 542 827 581 sam
861 523 1023 576 falsos
1056 519 1247 572 fratres
1271 529 1365 569 eos
1400 511 1651 580 appellat.
1686 510 1949 564 Praeterea
1969 523 2090 563 cum
2116 506 2268 570 dicit,

721 638 737 666 ι
784 611 1243 670 Subintroicrunt,
1286 624 1305 656 ι
1371 602 1732 657 clandestinas
1810 615 1999 654 eorum
2062 598 2299 652 insidias-

718 709 916 758 indicat
958 710 1054 755 :et
1085 715 1197 768 per,
1244 715 1261 747 ι
1307 695 1371 750 Ut
1418 693 1782 762 explorari-nt,
1822 711 1839 741 ι
1886 690 2048 761 334,
2084 690 2284 742 indicat

714 815 804 851 ens
834 797 1014 859 hostes
1049 807 1187 845 esse.
1221 787 1352 841 Nam
1386 787 1754 855 exploratores
1784 786 1851 837 ob
1884 784 2080 835 nullam
2121 781 2280 833 aliam

716 902 930 942 causam
956 882 1450 951 subingrediuntur,
1477 892 1637 947 quam
1666 886 1721 928 ut
1747 874 1926 927 omnia
1953 872 2282 943 perdiscant,

715 991 762 1031 ct
795 973 1033 1044 sibiipsis
1073 971 1382 1025 facilitatem:
1424 965 1766 1022 subvertendi
1804 972 1856 1018 et
1891 964 1942 1016 in
1969 962 2281 1016 servitutem

717 1063 990 1131 redigendi
1016 1069 1199 1128 parent
1229 1057 1403 1126 :quod
1427 1065 1479 1108 et
1507 1056 1591 1107 isti
1616 1053 1901 1105 faciebant.
1927 1050 2284 1117 Explorabant

715 1154 888 1216 enim,
919 1152 1005 1218 qui
1039 1158 1214 1202 essent
1241 1148 1499 1215 praeputio
1525 1145 1729 1209 amicti,
1764 1144 2021 1197 habentes
2067 1158 2085 1191 ι
2121 1141 2285 1193 liber-

721 1253 883 1296 lutum
924 1255 1042 1309 quae
1084 1249 1168 1292 est
1225 1240 1276 1292 in
1311 1237 1546 1297 Christo,
1576 1253 1598 1285 ο
1642 1236 1744 1288 hoc
1772 1244 1875 1297 est,
1924 1248 2028 1285 non
2060 1229 2287 1299 subjecti

720 1333 844 1400 tegi,
875 1340 931 1383 ut
960 1328 1381 1399 apprelienrlant,
1415 1336 1575 1395 atque
1639 1332 1834 1394 cogant
1862 1320 2194 1385 circumcidi,
2227 1333 2290 1372 ac

720 1438 937 1476 rursum
974 1436 1071 1475 nos
1100 1419 1389 1495 subjiciunt
1438 1418 1684 1471 servituti
1746 1416 1895 1483 legis,
1943 1427 1971 1466 a
2036 1427 2139 1480 qua
2190 1425 2289 1464 nos

724 1511 1262 1568 liberavitChristus.
1304 1508 1447 1563 illnc
1500 1510 1665 1577 igitur
1707 1506 1923 1575 planum
1993 1512 2096 1567 est,
2148 1503 2290 1571 quod

722 1604 951 1674 apostoli
978 1605 1195 1681 quidem
1224 1600 1580 1681 admittebant
1631 1599 1825 1674 legem,
1860 1607 1919 1650 ut
1980 1594 2233 1664 paulatim
2260 1609 2291 1647 ο

721 1697 980 1752 servitute
1017 1697 1319 1749 eximerent
1350 1710 1363 1745 :
1406 1692 1491 1745 isti
1522 1706 1646 1744 vero
1678 1688 2071 1745 confirmabant
2094 1688 2285 1753 legem,

721 1801 781 1844 ut
810 1784 1118 1843 servitutem
1144 1786 1574 1840 corroborarent.

800 1880 958 1934 Vens.
988 1880 1042 1933 5.
1079 1897 1097 1929 ι
1138 1877 1345 1942 Quibus
1377 1888 1547 1942 neque
1568 1872 1632 1926 ad
1658 1872 1845 1925 horam
1866 1868 2128 1924 cessimus
2152 1868 2285 1922 sub-

719 1972 963 2041 jectioui,
1000 1982 1056 2023 ut
1079 1970 1275 2022 veritas
1305 1966 1576 2033 Evangelii
1615 1971 1927 2031 permaneat
1953 1962 2090 2030 apud
2116 1974 2228 2016 vos.
2260 1977 2278 2010 ι

725 2065 839 2119 Non
873 2063 1025 2124 dixit,
1083 2059 1353 2122 Sermoni,
1407 2057 1525 2119 sed,
1569 2074 1588 2107 ι
1653 2053 2034 2123 Sulijcctioni:
2098 2070 2116 2102 ι
2182 2067 2287 2104 non

696 2156 869 2213 enim
904 2165 963 2209 ut
1004 2154 1263 2208 docerent
1300 2166 1397 2205 nos
1435 2148 1659 2218 aliquid,
1694 2148 1807 2200 haec
1846 2145 2115 2198 faciebant
2145 2162 2159 2197 :
2198 2158 2287 2197 ve-

727 2266 844 2302 runt
873 2258 928 2300 ut
953 2262 1050 2301 nos
1077 2246 1428 2314 aubjicerent,
1457 2253 1509 2296 et
1539 2241 1930 2311 iii‘servitutem
1963 2239 2285 2307 redigerent.

727 2340 878 2395 Hanc
911 2342 978 2394 ob
1020 2354 1128 2391 rem
1174 2336 1429 2406 apostolis
1481 2334 1768 2396 cessimus,
1819 2331 1923 2385 illis
1955 2344 2084 2384 vero
2123 2327 2293 2381 haud-

727 2447 1031 2503 quaquam,
1073 2440 1130 2483 ut
1160 2430 1309 2482 firma
1332 2468 1347 2494 ,
1397 2427 1592 2495 inquit,
1625 2430 1969 2492 perseverent
1995 2432 2049 2475 et
2078 2418 2290 2473 stabilia

729 2542 847 2593 qua:
907 2522 1056 2575 vobis
1116 2520 1546 2590 prtedicavimus.
1613 2514 1845 2581 Qualia?
1908 2512 2047 2583 quod
2108 2521 2291 2575 vetera

733 2616 1081 2680 transierunt,
1112 2623 1164 2667 et
1191 2612 1329 2681 quod
1354 2612 1437 2664 lex
1467 2611 1537 2662 sit
1560 2608 1775 2673 abolita,
1805 2614 1859 2661 et
1882 2605 2020 2673 quod
2043 2602 2293 2658 Christus

731 2714 1077 2766 rircumcisos
1126 2722 1229 2760 non
1278 2705 1556 2768 admittat,
1600 2715 1777 2769 neque
1869 2697 2071 2767 aliquid
2122 2694 2296 2767 prosit

733 2803 1092 2857 circunic’sio.
1120 2797 1453 2852 Resistentes
1478 2794 1637 2865 igitur
1661 2793 1786 2857 illis,
1805 2789 2293 2845 demonstravimus

733 2895 876 2965 quod
909 2908 1033 2947 vera
1090 2890 1240 2944 vobis
1288 2890 1352 2943 de
1410 2887 1545 2955 legis
1606 2884 1979 2954 antiquatione
2032 2878 2294 2951 prmdica-

732 2992 988 3044 verimus.
1017 2987 1093 3041 Ne
1125 2987 1290 3055 igitur
1316 2981 1578 3037 deficiatis
1603 2996 1632 3034 a
1665 2981 1894 3034 veritate
1927 2978 2047 3032 hac.

807 3080 966 3133 Vitas.
1001 3076 1055 3130 6.
1090 3095 1106 3125 ι
1138 3075 1228 3127 ιΑι)
1275 3074 1380 3126 illis
1437 3079 1614 3123 autem
1667 3069 1755 3138 qui
1814 3068 2132 3122 videbantur
2176 3078 2295 3119 esse
2324 3106 2366 3163 ε

736 3170 956 3238 aliquid,
980 3170 1162 3237 quales
1187 3165 1476 3234 aliquando
1500 3162 1717 3225 fuerint,
1743 3160 1874 3213 nihil
1906 3173 2025 3213 mea
2048 3158 2294 3211 interest.

736 3261 1025 3315 Personam
1068 3256 1299 3311 hominis
1325 3256 1461 3309 Deus
1496 3268 1602 3307 non
1659 3252 1873 3320 accipit.
1907 3268 1926 3301 ι
1989 3248 2125 3314 Quia
2157 3249 2300 3302 veri-

738 3354 909 3406 simile
938 3360 1051 3404 erat
1082 3350 1312 3418 aliquem
1335 3361 1455 3400 sese
1478 3346 1848 3414 oppositurum
1876 3342 2000 3410 ipsi,
2032 3356 2095 3396 ac
2119 3340 2299 3395 dictu-

738 3462 852 3498 rum
880 3462 893 3495 :
928 3442 1206 3507 Quomodo
1233 3440 1395 3509 igitur
1415 3437 1638 3507 apostoli
1667 3435 2046 3505 praecipiebant
2071 3435 2303 3487 circum—

738 3538 995 3590 cisioncm
1016 3533 1038 3586 Ἰ
1058 3532 1212 3585 diluit
1230 3532 1367 3583 hanc
1387 3528 1764 3596 objectionem,
1794 3540 1857 3581 ac
1880 3539 2058 3579 veram
2086 3524 2299 3592 quidem

739 3640 954 3679 causam
984 3638 1089 3677 non
1126 3622 1276 3683 dicit,
1311 3619 1564 3672 nimirum
1592 3621 1735 3685 quod
1766 3630 1831 3690 ex
1875 3614 2297 3686 dispensatione,

740 3730 792 3769 et
829 3715 1256 3770 obseeundantes
1287 3712 1389 3765 hoe
1422 3708 1621 3763 faciant
1655 3727 1669 3761 :
1706 3723 1775 3762 ne
1806 3708 1839 3761 ii
1866 3708 1954 3777 qui
1986 3721 2053 3761 ex
2101 3703 2302 3759 Judaeis

740 3808 955 3860 ChriSto
990 3796 1336 3859 accesserant
1380 3800 1667 3855 audientes
1724 3798 1865 3867 quod
1915 3798 2146 3867 apostoli
2197 3810 2301 3849 non

745 3913 955 3960 revera,
986 3896 1077 3950 sed
1109 3909 1173 3950 ex
1210 3894 1608 3962 dispensatione
1655 3891 1940 3960 quamdam
1994 3889 2305 3956 permittant

744 3986 1229 4048 circumcisionetn,
1258 3984 1326 4039 ab
1373 3984 1502 4052 ipsis
1537 3982 1807 4045 deficiant,
1851 3996 1945 4033 ceu
1985 3979 2118 4047 legis
2150 3979 2306 4033 dissi-

746 4078 1043 4147 paloribus.
1074 4074 1350 4129 Hactenus
1380 4072 1524 4126 enim
1556 4071 1661 4125 illis
1679 4069 2006 4123 adhibebant
2042 4072 2303 4133 animum,

746 4171 869 4237 quia
894 4168 1065 4236 legem
1105 4164 1488 4218 obserVabant.
1520 4159 1672 4215 Hanc
1699 4160 1862 4229 igitur
1880 4173 2098 4214 causam
2124 4148 2305 4221 occul—

745 4270 822 4312 tat
843 4259 1059 4311 Paulus.
1079 4256 1246 4310 Valde
1264 4264 1440 4307 autem
1456 4261 1642 4323 gravat
1661 4251 1951 4320 apostolos,
1972 4265 2091 4303 cum
2113 4250 2305 4317 inquit,

754 4373 770 4402 ι
807 4350 948 4404 Nihil
976 4364 1092 4402 mea
1122 4348 1386 4400 interest:
1427 4363 1444 4395 ι
1502 4348 1600 4398 hoc
1630 4354 1734 4409 εει,
1780 4341 1926 4397 Nihil
1989 4340 2118 4395 mihi
2166 4355 2308 4395 cura:

2318 1781 2358 1835 Β

1568 301 2142 365 Tll‘EOPlIYLACTI
2181 299 2589 390 BUI.GARI:E
2623 299 2981 362 ARCHIEP.

3867 301 3977 360 972

2387 432 2508 483 μον.
2573 414 2672 467 Διὰ
2733 413 2893 467 τοῦτο
2937 412 3030 467 οὖν
3083 412 3485 485 ψευδαδέλφους
3534 417 3737 479 αὑτοὺς
3783 418 3962 470 καὶεί.

2397 509 2558 561 Ἀλλὰ
2584 507 2678 560 καὶ
2711 507 2800 559 διὰ
2827 506 2925 559 τοῦ
2958 509 3155 570 εἰπεῖν,
3202 526 3222 559 ι
3250 510 3645 579 Παρεισῆλθον,
3681 529 3702 562 ι
3740 510 3852 577 τὴν
3877 510 3971 561 λα-

2384 598 2580 667 θραίαν
2614 598 2794 649 αὑτῶν
2814 598 3105 668 ἐπιϐουλὴν
3143 598 3293 668 δηλοῖ
3314 602 3440 653 ’καὶ
3455 601 3541 654 διὰ
3569 600 3690 664 τοῦ,
3722 622 3741 651 ι
3773 602 3965 653 Κατα-

2386 691 2658 757 σκοπῆσαι
2682 732 2696 755 ,
2738 708 2759 741 ι
2793 690 3088 742 αἰνίττεται
3139 690 3426 759 πολεμίους
3461 692 3655 753 αὑτοὺς
3682 691 3876 752 ὄντας.
3906 691 3967 740 ΟΞ
4054 742 4061 743 ,

2380 783 2490 849 γὰρ
2515 778 2853 832 κατάσκοποι
2883 779 2950 831 δι’
2989 779 3141 831 οὐδὲν
3182 780 3778 850 παρεισέρχονται,ἢτὸ
3794 795 3968 831 κατα-

2384 874 2581 942 μαθεῖν
2638 872 2837 936 πάντα,
2893 871 3266 924 καὶέὑκολίαν
3293 873 3506 933 ἑαυτοῖς
3543 868 3965 923 κατασκευάσαι

2385 967 2521 1033 πρὸς
2554 963 2612 1016 τὸ
2643 963 2919 1032 πορθῆσαι
2950 962 3045 1015 καὶ
3081 962 3492 1015 καταδουλῶσαι
3521 977 3535 992 θ
3567 963 3706 1032 ὅπερ
3735 960 3841 1012 ὀὖν
3868 960 3964 1011 aut

2381 1050 2528 1110 οὑτοι
2559 1054 2793 1107 ἐποίουν.
2832 1054 3241 1124 Περιεσκὸπουν
3286 1055 3414 1125 γάρ,
3461 1054 3605 1116 τίνες
3626 1056 3771 1105 εἰσὶν
3795 1053 3968 1117 ἀκρύ-

2381 1147 2593 1213 6υστοι,
2628 1148 2842 1217 ἔχοντες
2867 1148 2966 1218 τὴν
2984 1148 3292 1217 ἐλευθερίαν
3322 1150 3421 1219 τὴν
3450 1149 3507 1200 ἐν
3528 1146 3777 1217 Χριστῷ,
3803 1160 3968 1196 τούτ-

2385 1240 2523 1304 ἐστι,
2561 1241 2636 1311 μὴ
2672 1230 3025 1311 ὑποκείμενοί
3080 1239 3158 1309 τῷ
3215 1239 3386 1309 νόμῳ,
3442 1239 3529 1292 ἵνα
3583 1237 3968 1292 ἐπιλάθωνται

2385 1335 2480 1385 καὶ
2533 1332 2889 1400 ἀναγκάζωσι
2957 1332 3385 1402 περιτμηθῆναι,
3438 1332 3533 1386 καὶ
3590 1330 3759 1383 πάλιν
3812 1329 3969 1397 ἡμᾶς

2387 1426 2713 1493 ὑπαγάγωσι.
2738 1427 2804 1494 τῇ
2831 1424 3046 1494 δουλείᾳ
3075 1423 3169 1476 τοῦ
3216 1426 3402 1493 νόμου,
3438 1419 3503 1494 ἧς
3544 1424 3691 1491 ἡμᾶς
3730 1420 3969 1490 ἡὶευθέο

2389 1533 2531 1587 ρωσε
2562 1516 2813 1586 Χριστός.
2841 1514 3151 1567 Κάντεῦθεν
3178 1514 3269 1567 οὑν
3302 1514 3479 1585 δῆλον,
3504 1515 3585 1566 ὅτι
3613 1515 3661 1564 οἰ
3683 1514 3787 1582 μὲν
3820 1512 3969 1563 ἁπό-

2387 1606 2560 1660 στολοι
2603 1607 2941 1676 συνεχώρουν
2980 1607 3047 1659 τά
3086 1606 3181 1659 τοῦ
3227 1606 3416 1675 νόμου,
3450 1606 3535 1659 ἴνα
3578 1605 3722 1658 κατά
3761 1606 3973 1673 μικρτιν

2387 1696 2752 1762 ὑπεξέλωνται
2786 1697 2884 1764 τῆς
2911 1695 3158 1757 δουλείας
3187 1708 3201 1721 ⁸
3235 1691 3382 1748 οὑτοι
3427 1694 3483 1747 δὲ
3521 1694 3970 1758 κατεσκεύαζον,

2387 1789 2474 1842 ἵνα
2507 1787 2895 1858 κραταιώσωσι
2918 1788 3017 1857 τὴν
3051 1786 3320 1841 δουλείαν.

2463 1899 2481 1931 ι
2523 1875 2617 1943 Οἷς
2654 1881 2776 1933 οὑδέ
2802 1880 2937 1950 πρὸς
2968 1879 3117 1949 ῶραν
3142 1881 3367 1948 εἴξαμεν
3402 1882 3467 1950 τῇ
3496 1880 3768 1948 ὑποταγῇ,
3801 1880 3899 1931 ἵνα.
3934 1880 3969 1948 ή

2388 1972 2617 2042 ἀλήθεια
2649 1973 2742 2025 τοῦ
2771 1972 3103 2040 Εὑαγγελίου
3134 1972 3384 2045 διαμείνῃ
3431 1973 3562 2041 πρὶς
3587 1973 3753 2040 ὑμᾶς.
3785 1991 3803 2021 ι
3848 1974 3971 2023 Οὐκ

2389 2060 2533 2128 εἷπε,
2565 2065 2654 2133 Τῷ
2676 2063 2842 2133 λόγῳ,
2870 2062 3026 2127 ἀλλά,
3060 2080 3078 2113 ι
3121 2060 3200 2132 Τῇ
3246 2063 3513 2130 ὑποταγῇ.
3558 2080 3573 2111 ι
3612 2061 3683 2113 Od
3727 2060 3840 2129 γὰρ
3881 2061 3975 2112 ἵνα

2388 2154 2640 2220 διδάξωσί
2701 2173 2753 2206 τι
2794 2156 2942 2225 ἡμᾶς
2974 2154 3148 2206 ταῦτα
3184 2154 3422 2220 ἐποίουν,
3473 2153 3587 2205 ἀλλ’
3624 2153 3712 2204 ἵνα
3751 2152 3974 2204 ὑποτά-

2391 2249 2523 2315 ξωσι
2555 2247 2649 2301 καὶ
2675 2245 3068 2300 δουλώσωνται.
3106 2246 3203 2298 Διά
3255 2245 3412 2298 τοῦτο
3446 2246 3555 2306 τοῖς
3596 2244 3691 2313 μὲν
3721 2244 3976 2296 ἀποστό·

2390 2340 2500 2401 λοις
2545 2337 2804 2407 εἴξαμεν·
2841 2336 3052 2399 τούτοις
3110 2336 3187 2398 δὲ,
3229 2338 3430 2389 οὐκέτι.
3464 2336 3600 2399 Ἵνα,
3659 2334 3817 2403 φησι,
3879 2334 3976 2403 βέ-

2392 2432 2521 2485 ϐαια
2578 2431 2717 2502 μένῃ
2762 2430 2858 2481 καὶ
2903 2428 3101 2499 ἀληθῆ,
3142 2427 3176 2481 ἃ
3221 2427 3563 2497 ἐκηρύξαμεν
3592 2428 3745 2496 ὑμῖν.
3781 2428 3977 2491 Ποῖα;

2393 2527 2518 2578 "Ott
2549 2527 2617 2577 τά
2650 2527 2852 2595 ἀρχαῖα
2875 2524 3141 2593 παρῆλθε,
3182 2524 3278 2577 καὶ
3314 2526 3396 2576 ὅτι
3434 2526 3461 2575 ὸ
3487 2523 3647 2593 νόμος
3677 2526 3979 2592 κατήργη-

2391 2635 2501 2682 ται,
2539 2619 2632 2671 κα¹ι
2658 2619 2738 2669 ὅτι
2763 2618 2889 2679 τοὺς
2910 2616 3401 2687 περιτεμνομένους
3433 2615 3665 2684 Χριστὸς
3689 2615 3752 2665 οὑ
3792 2630 3979 2681 προσ-

2397 2714 2555 2775 ίεται,
2602 2713 2721 2765 οὑδὲ
2778 2711 2979 2779 ὠφελεῖ
3020 2710 3194 2763 οὑδέν.
3247 2708 3619 2768 ’Λντιστάντες
3670 2701 3766 2758 οὖν
3814 2707 3980 2758 ἐκεί-

2394 2822 2524 2868 νοις,
2558 2803 2856 2871 ἐδείξαμεν,
2878 2802 2958 2854 ὅτι
2989 2800 3161 2870 ἀληθῆ
3189 2800 3282 2852 καὶ
3313 2798 3444 2866 ὑμῖν
3476 2798 3603 2867 περὶ
3631 2797 3728 2865 τῆς
3753 2796 3850 2848 τού
3882 2800 3982 2848 νὸ-

2400 2915 2501 2967 μου
2560 2896 2757 2966 ἀργίας
2800 2896 2843 2925 ⁶⁶
2883 2892 3247 2964 ἐκηρύξαμεν.
3305 2891 3396 2961 Μὴ
3440 2890 3621 2943 τοίνυν
3670 2890 3980 2959 ἐκσταίςτε

2396 2990 2492 3058 τῆς
2522 2986 2777 3055 ἀληθείας
2809 2983 3031 3053 ταύτης.

2475 3096 2494 3129 ι
2546 3076 2679 3130 Ἀπὸ
2708 3076 2763 3129 δὲ
2798 3076 2906 3128 τῶν
2963 3073 3261 3127 δοκούντων
3311 3070 3451 3125 εἷναί
3507 3088 3580 3135 τι,
3628 3072 3803 3124 ὁποῖοί
3836 3089 3984 3125 ποτε

2400 3163 2561 3238 ἦσαν,
2592 3166 2745 3220 οὑδέν
2780 3184 2867 3236 μοι
2895 3165 3143 3233 διαφέρει
3165 3179 3179 3193 ’
3209 3163 3499 3232 πρόσωπον
3517 3163 3649 3225 Θεὸς
3674 3162 3984 3233 ἀνθρώπου

2400 3261 2462 3312 οὑ
2493 3258 2777 3327 λαμϐάνει.
2808 3275 2828 3307 ι
2865 3256 3175 3316 Ἐπε“ιείκὸς
3199 3250 3267 3323 ἦν
3303 3272 3424 3307 τινα
3443 3256 3752 3307 ἀντιπεσεῖν
3792 3255 3981 3324 αύτῷ,

2402 3351 2495 3404 καὶ
2523 3352 2694 3403 εἰπεῖν
2717 3365 2731 3380 ο
2765 3348 2887 3411 Πῶς
2906 3347 3002 3400 οὖν
3032 3349 3081 3400 οἰ
3110 3346 3392 3399 ἀπόστολοι
3426 3348 3792 3417 προσέταττον
3814 3365 3881 3399 πε
3891 3365 3987 3417 pt-

2402 3445 2660 3511 τέμνεινς
2712 3440 2824 3491 λύει
2876 3438 3081 3508 ταύτην
3123 3438 3225 3508 τὴν
3256 3438 3667 3498 άντίθεσιν.καὶ
3722 3439 3825 3507 τὴν
3874 3440 3988 3506 μὲν

2401 3531 2573 3601 ἀληθῆ
2605 3529 2874 3581 αἰτίαν-οὑ
2905 3528 3074 3596 λέγει,
3092 3529 3173 3580 ὅτι
3200 3528 3556 3597 οἰκονομικῶς
3577 3530 3667 3580 καὶ
3689 3543 3987 3593 συγκατα-

2403 3622 2676 3682 6αίνοντες
2721 3619 2882 3671 τοῦτο
2939 3621 3216 3672 ποιοῦσιν·
3277 3617 3353 3679 ὡς
3388 3618 3453 3671 ἂν
3516 3620 3590 3688 μὴ
3638 3617 3987 3682 ἀκούσαντες

2402 3713 2559 3768 τοῦτο
2592 3712 2641 3763 οἰ
2666 3709 2726 3774 ἐξ
2760 3710 3025 3764 Ἰουδαίων
3078 3709 3279 3776 πιστοὶ,
3320 3710 3401 3763 ὅτι
3452 3712 3545 3761 καὶ
3582 3711 3629 3762 οἰ
3681 3710 3987 3765 ἀπόστολοι

2403 3811 2502 3862 οὑκ
2530 3807 2744 3876 άληθῶς
2771 3808 2847 3873 ⁸³,
2878 3807 2990 3859 ἀλλ’
3021 3806 3382 3875 οἰκονομικῶς
3415 3806 3459 3838 ⁸³
3495 3804 3847 3874 συγχωροῦσι
3876 3809 3989 3875 τὴν

2406 3898 2728 3970 περιτομὴν,
2762 3898 3036 3949 ἀποστῶσι
3063 3899 3156 3950 καὶ
3188 3896 3280 3949 ἀπ’
3314 3896 3516 3957 αὑτῶν,
3550 3896 3624 3959 ὡς
3674 3896 3985 3948 καταλυόν-

2405 4007 2512 4043 των
2539 3989 2632 4042 καὶ
2656 3988 2835 4041 αὐτῶν
2856 3988 2947 4040 τὸν
2972 3987 3137 4057 νόμον
3159 4003 3174 4017 °
3207 3988 3345 4050 τέως
3366 3988 3472 4057 γὰρ
3499 3988 3585 4040 διά
3604 3986 3763 4039 τοῦτο
3790 3989 3991 4050 αὐτοῖς

2406 4087 2718 4156 προσεῖχον,
2755 4084 2829 4147 ὡς
2862 4085 2953 4137 τὸν
3006 4084 3169 4154 νόμον
3211 4081 3558 4150 φυλάττουσι.
3605 4081 3822 4150 Ταύτην
3877 4084 3993 4150 μὲν

2406 4173 2499 4229 οὖν
2522 4176 2617 4245 τὴν
2641 4176 2824 4228 αἰτίαν
2851 4176 3197 4245 ἀποκρύπτει
3226 4173 3458 4236 Παῦλος.
3500 4173 3665 4243 Βαρεῖ
3692 4174 3746 4225 δέ
3768 4174 3994 4242 σφόδρα

2407 4271 2532 4349 τούς
2561 4266 2888 4327 ἀποστόλους
2909 4266 3217 4333 λέγων,’ὃτι
3252 4286 3270 4317 ι
3304 4265 3469 4318 Οὐδέν
3500 4282 3589 4334 μοι
3621 4264 3870 4333 διαφέρει
3900 4282 3916 4294 ·
3964 4285 3987 4316 ι

2409 4356 2687 4410 τουτέστιν
2711 4357 2778 4422 ⁸³,
2806 4356 3045 4426 υὺδεμία
3098 4372 3187 4426 μοι
3223 4359 3443 4426 φροντὶς
3464 4356 3592 4424 περὶ
3620 4355 3728 4407 τῶν
3752 4356 3991 4408 δοκούνο

748 4455 872 4497 s-:nt
911 4443 942 4495 ii
971 4443 1059 4510 qui
1090 4442 1335 4493 videntur
1393 4451 1514 4490 esse
1563 4436 1787 4504 aliquid,
1839 4433 2017 4502 magni
2061 4432 2307 4487 videlicet

2408 4464 2517 4500 των
2545 4443 2684 4502 εἶναί
2706 4465 2781 4512 τι,
2815 4446 2922 4499 τῶν
2956 4447 3207 4517 μεγάλων
3257 4446 3458 4516 δηλαδὴ
3502 4446 3836 4509 ἀποστόλων,
3869 4450 3995 4501 εἴτε

748 4536 995 4598 aoostoli,
1058 4532 1172 4585 sive
1254 4524 1719 4583 circumcisionem
1799 4526 2108 4591 praedicent,
2193 4524 2307 4578 sive

750 4628 964 4682 minus:
999 4638 1119 4676 nam
1144 4621 1239 4689 ipsi
1264 4619 1372 4673 Deo
1395 4618 1652 4671 rationem
1684 4624 1808 4669 sunt
1831 4617 2087 4671 reddituri
2111 4625 2177 4669 ιιι
2211 4630 2308 4671 nec

750 4723 872 4789 quia
895 4719 1069 4785 magni
1094 4724 1220 4769 sunt
1249 4721 1302 4767 et
1328 4712 1619 4781 principes,
1650 4710 1852 4763 idcirco
1879 4724 2163 4778 personam
2218 4725 2309 4763 co-

752 4828 871 4865 rum
908 4811 1047 4863 Deus
1078 4804 1407 4860 rcverebitur
1443 4820 1457 4856 :
1493 4816 1597 4855 non
1621 4800 1763 4854 enim
1788 4815 2136 4870 personarum
2157 4815 2312 4855 acce-

755 4915 874 4973 [itur
901 4909 1039 4954 est'.
1076 4894 1477 4957 Animadverte,
1510 4908 1615 4947 non
1669 4891 1825 4955 dixit,
1874 4891 2087 4957 Quales
2136 4902 2263 4947 sunt
2295 4910 2309 4948 :

756 4997 869 5056 sed,
902 4991 1096 5056 Quales
1125 4989 1250 5041 olim
1293 4986 1489 5040 fuerint
1522 5001 1536 5037 :
1568 4984 1855 5037 ostendens
1882 4983 2021 5050 quod
2056 4993 2109 5037 et
2147 4982 2220 5036 illi
2260 4984 2310 5035 in

757 5096 1026 5152 posterum
1125 5078 1196 5131 ita
1291 5076 1584 5146 praedicare
1656 5071 1982 5136 destiterint,
2031 5072 2315 5142 Evangelia

762 5177 1015 5229 nimirum
1071 5172 1264 5237 ubique
1314 5168 1707 5236 resplendrnle.
1772 5162 1896 5218 Hace
1955 5174 2132 5218 autem
2190 5164 2320 5218 dicit

761 5268 978 5330 l'aulus,
1010 5279 1112 5318 non
1153 5258 1487 5329 vilipendcns
1539 5268 1771 5321 sanctos,
1820 5271 2003 5309 verum
2060 5255 2316 5326 prodesse

760 5355 981 5421 Cupit-ns
1010 5350 1369 5403 auditoribus.

869 5507 892 5544 ιι
942 5496 1099 5547 ilvbr.
1138 5510 1254 5557 λιιι,
1295 5492 1377 5546 17.
1488 5501 1504 5522 ⁷
1533 5492 1650 5545 Act.
1690 5506 1742 5556 Χ,
1775 5490 1862 5556 54,

2414 4534 2716 4606 περιτομὴν
2767 4537 3086 4606 ἐκήρυττον,
3115 4536 3223 4587 εἴτε
3280 4536 3356 4604 μή
3383 4551 3397 4565 ο
3431 4535 3583 4587 αὐτοὶ
3614 4535 3722 4603 γὰρ
3748 4536 3827 4603 τῷ
3859 4534 3995 4605 Θεῷ

2411 4627 2569 4694 λόγον
2623 4626 2895 4679 δώσουσι*
2924 4628 3018 4680 καὶ
3066 4626 3170 4680 οὐκ
3206 4626 3395 4695 ἐπειδὴ
3451 4626 3674 4693 μεγάλοι
3720 4627 3832 4678 εἰσὶ
3885 4631 3996 4681 καὶ

2415 4717 2651 4787 ἔξαρχοι,
2678 4718 2737 4769 τὸ
2767 4718 3055 4787 πρόσωπον
3079 4717 3258 4772 αὐτῶν
3273 4717 3725 4787 δυσωπηθήσεται
3750 4720 3777 4770 ό
3810 4718 3949 4782 Θεός
3976 4737 3991 4749 ·

2416 4809 2919 4879 ἁπροσωπόληπτος
2957 4809 3085 4879 γάρ.
3113 4809 3254 4879 Ὅρα
3296 4807 3352 4861 δέ
3374 4824 3387 4837 ·
3411 4809 3525 4863 Ούκ
3560 4804 3733 4871 εἶπεν,
3777 4810 3994 4863 ὐποῖοξ

2419 4903 2549 4953 ποτε
2579 4903 2736 4964 εἰσιν,
2773 4900 2910 4965 ἀλλ’,
2942 4919 2960 4953 ι
3004 4900 3213 4954 ὐποῖοί
3243 4918 3369 4954 ποτε
3397 4896 3555 4973 ἦσαν,
3597 4919 3615 4951 ι
3655 4901 3869 4963 δεικνὺς
3900 4904 3993 4956 ὅτι

2417 4993 2603 5045 λοιπὸν
2636 4994 2878 5061 κάκεῖνοι
2910 4994 3217 5047 ἐπαύσαντο
3246 4996 3337 5048 τού
3375 4994 3515 5051 οὕτω
3541 4995 3853 5066 κηρύττειν,
3891 4996 3989 5047 ἅτε

2416 5084 2510 5138 τοῦ
2544 5086 2893 5155 κηρύγματος
2921 5087 3194 5155 πανταχοῦ
3227 5087 3561 5157 λάμψαντις
3593 5090 3776 5141 Ἱάἰτα
3808 5090 3865 5141 δὲ
3895 5091 3994 5141 15'-

2416 5193 2500 5243 γει
2522 5180 2549 5228 ὁ
2585 5176 2817 5239 Παῦλος,
2846 5178 2947 5229 οὑκ
2979 5177 3270 5240 ἐξουθενῶν
3303 5182 3423 5242 τοὺς
3458 5180 3664 5247 ἁγίους.
3686 5181 3801 5232 ἀλλ’
3838 5178 3991 5248 ὡσε-

2419 5266 2578 5335 λῆσαι
2613 5265 2781 5319 θέλων
2803 5269 2927 5329 τοὺς
2960 5269 3274 5331 ἀκούοντας.

2062 5581 2254 5640 γεω-ξω
2301 5580 2622 5643 lectiones.

840 5708 881 5737 ‘9
921 5706 1170 5771 αἰητβάας
1202 5722 1251 5758 0.
1330 5704 1619 5773 “Em/xi;
1669 5720 1718 5753 ι).
1798 5705 1840 5732 ﬂ
1878 5703 2053 5754 o'xovo
2106 5704 2157 5772 ίᾳ
2183 5717 2232 5756 ο,

2313 5703 2357 5734 ⁸³
2392 5704 2487 5756 οὑκ
2514 5704 2655 5755 ἔστιν
2683 5726 2731 5757 υ.
