4242 6462
830 368 935 431 979

828 582 964 638 opus
1001 574 1211 640 quidem
1268 571 1457 627 habuit
1505 574 1759 641 deinceps
1816 574 2256 637 coxifirmatione,
2304 575 2395 628 sed

830 662 1164 717 ittﬂeialiune
1199 673 1485 732 contentus
1513 677 1617 727 est,
1649 666 1697 717 id
1733 666 1875 732 quod
1906 666 1957 718 in
1994 665 2151 719 rebus
2179 667 2400 720 omnino

832 756 1135 809 interdictis
1162 755 1342 809 facere
1378 758 1671 809 consuevit.

906 843 1066 897 Vens.
1106 844 1193 898 l8.
1247 863 1265 897 ι
1303 846 1357 900 Si
1398 849 1539 900 enim
1575 861 1695 916 qua:
1737 846 2002 909 destruxi,
2058 845 2251 900 iterum
2289 845 2400 900 haec

831 937 1059 997 aedifico,
1095 945 1550 1005 transgressorem
1586 938 1846 1005 meipsum
1879 935 2174 991 constituo.
2214 954 2232 988 ι
2268 934 2400 990 Vide

829 1026 946 1092 ejus
973 1024 1317 1093 sapientiam.
1350 1026 1609 1079 Dicebant
1642 1027 1741 1079 illi.
1778 1026 1877 1090 Qui
1916 1027 2092 1094 legem
2132 1024 2394 1089 dissolvit,

832 1130 1203 1186 trausgressor
1252 1124 1378 1169 est:
1433 1116 1536 1196 iste
1583 1132 1708 1170 vero
1754 1117 2088 1170 contrarium
2142 1116 2397 1180 ostendit,

830 1224 1024 1276 nempe
1050 1209 1189 1277 quod
1218 1209 1261 1263 is
1306 1209 1399 1278 qui
1445 1209 1613 1278 legem
1655 1217 1855 1273 servat,
1884 1218 1965 1261 est
2004 1216 2395 1277 transgressor,

830 1315 935 1354 non
977 1302 1150 1356 solum
1206 1302 1366 1357 [idem
1412 1302 1837 1370 transgrediens,
1888 1295 2076 1357 verum
2129 1312 2183 1356 et
2227 1302 2396 1371 ipsam

826 1391 1021 1460 legem.
1043 1391 1161 1461 ipsa
1185 1394 1329 1447 enim
1356 1408 1440 1447 me
1466 1383 1717 1462 perduxit
1745 1394 1807 1447 ad
1834 1393 2011 1458 (idem,
2042 1408 2105 1448 ac
2133 1393 2399 1461 persuasit

829 1484 963 1540 mihi
991 1485 1266 1541 dimittere
1294 1486 1484 1555 ipsam.
1504 1486 1556 1539 ln
1581 1501 1870 1558 progressu
1891 1487 2053 1556 igitur
2076 1486 2400 1541 monstrabit

828 1575 952 1630 hoc.
1019 1574 1241 1631 Interim
1277 1592 1439 1633 -vero
1504 1593 1651 1634 nunc
1693 1581 1768 1633 ait
1805 1595 1820 1634 :
1870 1576 2115 1633 Cessavit
2158 1579 2283 1645 lex;
2344 1587 2400 1633 et

829 1666 931 1721 hoc
960 1666 1193 1722 confessi
1216 1683 1425 1735 sumus,
1450 1670 1577 1739 quia
1600 1669 1938 1724 dissolvimus
1966 1684 2107 1733 eam,
2143 1669 2395 1725 deﬁcien-

831 1769 910 1811 tes
935 1757 1003 1813 ab
1031 1772 1115 1812 ea.
1175 1757 1233 1813 Si
1269 1759 1433 1828 igitur
1462 1760 1900 1816 contenderimus
1942 1770 2180 1816 statuere
2226 1762 2395 1822 illam.

830 1859 1263 1919 transgressores
1307 1851 1590 1919 eﬂicimur,
1638 1868 1779 1922 qum,
1814 1867 1844 1907 a
1892 1851 2001 1908 Deo
2054 1851 2227 1907 soluta
2272 1862 2399 1907 sunt

828 1950 1149 1998 statuentes.

900 2034 1181 2095 \'ens.19.
1220 2052 1239 2087 ι
1289 2034 1401 2105 Ego
1456 2034 1600 2090 enim
1654 2050 1750 2105 per
1779 2036 1945 2108 legem
1994 2035 2099 2107 legi
2151 2043 2399 2090 mortuus

828 2138 968 2181 eum.
1006 2147 1024 2179 ι
1062 2127 1358 2182 Confirmat
1379 2128 1650 2199 quomodo
1684 2128 1855 2197 legem
1883 2128 2212 2193 dissolverit,
2238 2136 2398 2196 atque

828 2220 927 2285 ait,
956 2218 1061 2274 Per
1086 2219 1255 2289 legem
1303 2220 1489 2288 gratim
1537 2230 1591 2275 et
1635 2220 1947 2291 Evangelii,
1988 2229 2232 2274 mortuus
2275 2233 2395 2275 sum

829 2308 931 2379 legi
968 2310 1252 2366 Mosaicze:
1308 2310 1410 2375 vel,
1460 2310 1700 2367 Mortuus
1732 2327 1853 2366 sum
1900 2310 2003 2380 legi
2054 2326 2150 2381 per
2181 2310 2393 2380 legem:

829 2401 933 2456 hoc
961 2411 1060 2468 est,
1110 2401 1228 2473 Ipsa
1261 2402 1344 2457 lex
1381 2418 1466 2458 me
1516 2402 1724 2457 induiit
1776 2411 1831 2456 ut
1880 2418 1984 2457 non
2032 2402 2260 2472 amplius
2294 2402 2396 2471 ipsi

829 2494 1148 2559 auscultem,
1174 2493 1474 2564 perducens
1500 2509 1585 2549 me
1608 2496 1674 2548 ad
1697 2492 1969 2549 Christum
1997 2509 2092 2564 per
2118 2509 2397 2549 sermones

829 2583 1097 2636 Mosaicos
1122 2592 1175 2635 et
1202 2584 1564 2653 propheticos.
1600 2585 1659 2639 Si
1688 2584 1850 2654 igitur
1874 2599 2059 2638 rursus
2090 2584 2162 2637 illi
2206 2585 2399 2637 adver-

829 2687 936 2728 tam
971 2675 1233 2739 animum,
1279 2677 1650 2747 transgrediar
1691 2678 1853 2730 etiam
1908 2676 2098 2745 ipsam.
2138 2675 2232 2731 Vel
2276 2677 2392 2730 sic:

829 2766 934 2821 Lex
966 2766 1128 2837 jussit
1159 2784 1280 2823 eum
1311 2768 1402 2837 qui
1457 2782 1566 2822 non
1615 2767 1809 2822 fecerit
1856 2782 1977 2837 quae
2020 2769 2217 2837 scripta
2248 2777 2395 2830 sunt,

830 2861 1005 2927 puniri
1039 2871 1093 2916 et
1118 2860 1376 2915 interimi.
1410 2858 1646 2915 Proinde
1680 2860 1807 2929 quia
1846 2859 1960 2913 ﬁeri
1996 2874 2101 2913 non
2139 2859 2315 2929 potuit
2338 2870 2397 2912 ut

829 2952 1195 3020 perficeretur,
1228 2960 1489 3023 quantum
1522 2952 1574 3006 in
1608 2950 1720 3019 ipsa
1762 2961 1867 3017 est,
1894 2952 2104 3006 occisus
2138 2966 2279 3006 sum.
2320 2947 2396 3006 Nc

828 3046 986 3115 igitur
1020 3047 1248 3112 imperet
1295 3045 1451 3111 mihi,
1502 3044 1592 3115 qui
1638 3058 1735 3112 per
1775 3059 1892 3098 eam
1942 3054 2186 3097 mortuus
2237 3058 2394 3097 sum:

828 3144 999 3190 morte
1042 3136 1256 3196 animae.
1290 3148 1356 3190 eo
1389 3135 1529 3204 quod
1560 3134 1852 3203 peccarim,
1884 3135 2006 3203 quia
2050 3149 2155 3188 non
2182 3149 2393 3204 possem
2422 3158 2465 3216 ο

825 3238 1084 3293 prmstare
1106 3235 1225 3295 qua:
1250 3224 1329 3281 lex
1350 3225 1590 3295 praecipit
1616 3241 1631 3291 ;
1661 3234 1715 3279 et
1736 3235 1909 3280 morte
1928 3225 2190 3293 corporis,
2219 3226 2396 3295 quoad

826 3315 1330 3369 t'ondentnaliouctn
1365 3315 1519 3381 legis.
1544 3313 1827 3380 Quomodo
1850 3315 2014 3384 igitur
2042 3313 2143 3387 legi
2170 3330 2290 3385 qua:
2313 3330 2398 3370 me

823 3406 1043 3470 occidit,
1080 3406 1307 3460 ulterius
1333 3404 1650 3459 attendam?

902 3604 920 3638 ι
956 3585 1027 3641 Ut
1060 3584 1170 3640 Duo
1208 3585 1409 3649 vivam,
1455 3599 1579 3639 cum
1622 3584 1841 3640 Christo
1890 3584 2050 3657 simul
2105 3585 2396 3641 crucifixus

824 3694 964 3733 sum.
1013 3696 1031 3728 ι
1069 3676 1146 3731 Ne
1169 3678 1292 3748 quis
1320 3678 1500 3732 dicat:
1528 3676 1806 3743 Quomodo
1851 3676 2011 3748 igitur
2042 3678 2199 3743 vivis,
2226 3693 2399 3747 quan-

825 3771 1113 3842 doquidem
1145 3786 1203 3825 es
1236 3770 1519 3825 mortuus?
1555 3769 1719 3840 339
1748 3770 1856 3824 Lex
1902 3770 2145 3839 quidem,
2196 3770 2393 3839 inquit,

826 3879 911 3919 me
961 3863 1234 3927 viventem
1291 3862 1510 3927 occidit,
1576 3860 1830 3915 Christus
1889 3872 2067 3913 autem
2125 3869 2394 3914 mortuum

823 3955 1115 4025 accipiens,
1150 3952 1439 4007 viviﬁcavit
1471 3966 1578 4015 me,
1624 3953 1713 4021 qui
1743 3959 1924 4005 mente
1957 3966 2081 4005 cum
2121 3965 2187 4005 eo
2220 3949 2397 4004 cruci-

821 4051 963 4104 ﬁxus
992 4052 1177 4110 eram,
1231 4056 1393 4114 atque
1444 4061 1566 4099 cum
1599 4060 1663 4097 eo
1696 4053 1941 4097 mortuus
1974 4057 2069 4111 per
2104 4043 2392 4113 baptisma.

827 4138 1028 4207 Duplex
1058 4145 1235 4190 autem
1263 4134 1350 4187 hic
1380 4144 1460 4187 est
1494 4130 1833 4193 miraculum,
1863 4130 2084 4199 etquod
2122 4139 2392 4185 mortuum

822 4232 948 4284 vita:
972 4228 1228 4293 restituit,
1258 4238 1311 4279 et
1334 4225 1481 4295 quod
1510 4240 1605 4293 per
1630 4232 1880 4278 mortem.

896 4320 1059 4374 Vens.
1089 4319 1179 4372 20.
1222 4338 1239 4369 ι
1278 4317 1412 4370 Vivo
1441 4306 1644 4380 autem,
1686 4332 1788 4371 non
1814 4315 1929 4382 jam
1959 4330 2080 4384 ego,
2112 4316 2244 4370 vivit
2268 4329 2396 4370 vero

826 4416 877 4466 in
912 4426 994 4465 me
1018 4412 1286 4465 Christus.
1320 4428 1338 4459 ι
1390 4408 1524 4462 Cum
1560 4408 1714 4471 dixit,
1751 4427 1769 4459 ι
1810 4408 1941 4463 Cum
1984 4408 2202 4462 Christo
2234 4406 2393 4461 simul

1678 367 2254 431 THEOPHYLACTI
2298 372 2706 436 BULGARLE
2744 379 3079 439 ARCHIEP
3980 378 4067 439 930

907 497 926 531 ι
966 460 1156 535 Absit!
1197 500 1214 533 ι
1266 481 1348 533 Ad
1388 480 1678 535 absurdum
1730 485 1988 548 perducto
2038 497 2305 546 sermone,
2337 500 2402 537 ne
2433 492 2475 545 Α

2584 506 2601 539 ι
2644 490 2991 561 Μὴγὲνοιτο.
3033 510 3050 541 ι
3086 490 3181 554 Εἰς
3207 492 3408 545 ἄτοπον
3433 490 3737 559 ἀπαγαγὼν
3774 489 3879 543 τὸν
3910 489 4065 556 λόγου

2502 579 2623 632 οὐδὲ
2673 581 2867 652 ἐδεήθη
2918 582 3105 634 λοιπὸν
3141 584 3510 653 κατασκευῆς,
3548 582 3663 635 ἀλλ’
3702 580 3965 651 ἠρκέσθη
4015 584 4063 649 τῇ

2502 667 2875 739 ἀπαγορεύσει
2897 686 2910 699 ο
2939 670 3077 740 ὅπερ
3109 671 3196 725 ἀεὶ
3225 666 3402 722 ποιεῖν
3443 670 3633 724 εῐωθεν
3665 669 3760 723 ἐπὶ
3798 669 3917 723 τῶν
3949 669 4067 735 ἀπη-

2501 761 2854 828 γορευμένων
2892 761 3092 831 πάντη.

2579 868 2596 902 ι
2633 851 2695 903 Et
2724 850 2832 920 γὰρ
2854 850 2889 905 ἃ.
2909 851 3197 919 κατέλυσα,
3217 853 3389 907 ταῦτα
3412 854 3573 908 πάλιν
3590 852 3891 923 οἰκοδομῶ,
3910 869 4063 917 παρσ-

2502 941 2674 1011 ϐάτην
2742 945 2979 1013 ἐμαυτὸν
3028 946 3340 1015 συνίστημι.
3410 964 3429 997 ι
3488 947 3629 1015 Ὅρα
3679 946 3785 1015 τὴν
3858 945 4062 1011 σοφίαν·

2502 1036 2699 1087 ἐκεῖνοι
2731 1035 2936 1104 ἔλεγον,
2962 1039 3045 1091 ὅτι
3112 1037 3171 1091 '0
3198 1039 3287 1091 τὸν
3317 1039 3480 1109 νόμον
3518 1038 3685 1101 λύων,
3715 1038 4058 1107 παραϐάτης

2500 1120 2652 1187 οὗτος
2685 1127 2923 1180 δείκνυσι
2953 1129 3285 1195 τούναντίον,
3304 1131 3426 1197 ὅτιξὸ
3456 1130 3639 1200 τηρῶν
3664 1131 3860 1192 αὐτὸν,
3901 1144 4057 1195 παρι-

2499 1218 2706 1286 δάτης.
2772 1218 2834 1271 οὐ
2893 1220 3053 1289 μόνον
3099 1221 3197 1291 τὴν
3244 1222 3427 1275 πίστιν
3477 1219 3867 1289 παραϐαίνων.
3945 1219 4057 1271 ἀλλά

2503 1312 2594 1361 καὶ
2625 1309 2787 1362 αὑτὸν
2835 1311 2927 1362 τὸν
2958 1311 3144 1377 νόμον.
3182 1311 3355 1375 Αὐτὸς
3403 1312 3511 1382 γάρ
3548 1328 3616 1380 με
3656 1310 3915 1379 ὡδήγησε
3946 1309 4056 1375 πρὸς

2499 1400 2598 1464 τὴν
2622 1398 2825 1461 πίστιν,
2858 1402 2953 1453 καὶ
2989 1399 3205 1452 ἔπεισεν
3243 1401 3462 1467 ἀφεῖναι
3505 1400 3695 1453 αὐτόν.
3731 1399 3948 1468 Προϊὼν
3978 1398 4055 1464 μὲν

2500 1484 2593 1543 οὖν
2630 1488 2795 1555 δείξει
2828 1490 3021 1543 τοῦτο·
3059 1491 3195 1554 τέως
3224 1490 3281 1544 δὲ
3326 1490 3421 1543 νῦν
3452 1509 3637 1559 φησιν,
3669 1491 3750 1542 ὅτι
3800 1489 4056 1540 [unum

2510 1583 2537 1634 ὁ
2569 1581 2751 1650 νόμος,
2790 1581 2887 1634 καὶ
2915 1582 3073 1635 τοῦτο
3096 1582 3546 1653 ὡμολογήσαμεν,
3573 1582 3639 1634 δι’
3671 1574 3746 1635 ὧν
3778 1578 4054 1632 κατελύσα-

2504 1686 2603 1738 μεν
2634 1671 2819 1735 αὑτὸν,
2858 1672 3200 1734 ἀποστάντες
3249 1672 3439 1726 αὑτοῦ.
3476 1674 3573 1724 Ἂν
3629 1671 3815 1724 τοίνυν
3846 1670 4052 1735 φιλονει-

2501 1764 2762 1832 κήσωμεν
2812 1762 3010 1831 στῆσαι
3053 1764 3237 1831 αὑτὸν,
3296 1763 3610 1835 παραϐάται
3657 1760 3957 1831 γινόμεθα,
4000 1758 4053 1811 τὰ

2502 1853 2656 1922 παρά
2686 1853 2782 1907 τοῦ
2813 1853 2948 1906 Θεοῦ
2984 1854 3215 1908 λυθέντα
3251 1855 3534 1917 ίστὼντες.

2579 2049 2599 2083 ι
2650 2031 2791 2099 Ἐγὼ
2824 2034 2932 2104 γὰρ
2966 2033 3053 2088 διὰ
3083 2033 3249 2104 νόμον
3290 2034 3440 2104 νόμῳ
3484 2030 3781 2085 ἀπέθανον.
3828 2046 3849 2080 ι
3898 2029 4049 2081 Κατα-

2501 2123 2782 2189 σκευάζει,
2819 2124 2936 2188 πῶς
2971 2124 3234 2179 κατέλυσε
3263 2124 3354 2178 τὸν
3403 2122 3587 2191 νόμον,
3624 2121 3718 2175 καί
3771 2136 3956 2190 φησιν,
3986 2118 4048 2169 ὅτι

2498 2217 2596 2270 Διά
2648 2215 2743 2269 τοῦ
2798 2219 2962 2285 νόμου
3022 2215 3115 2271 τοῦ
3173 2218 3273 2286 τῆς
3331 2217 3553 2287 χάριτος
3599 2216 3696 2267 καὶ
3761 2213 3861 2266 τοῦ
3896 2212 4045 2275 Εὐαγ-

2498 2305 2678 2374 γελίου
2700 2344 2715 2369 ,
2760 2306 3029 2361 ἀπέθανον
3056 2308 3132 2377 τῷ
3169 2308 3414 2370 Μωσέως
3440 2307 3483 2339 ⁸⁸
3518 2306 3666 2375 νόμῳ
3685 2321 3699 2335 ·
3730 2304 3765 2374 ἢ
3801 2304 3885 2356 ὅτι
3916 2299 4050 2354 ’Δπέ-

2500 2398 2678 2463 θανον,
2718 2398 2885 2467 φησὶ,
2934 2399 3012 2470 τῷ
3048 2398 3195 2470 νόμῳ
3240 2399 3329 2453 διΞι
3379 2396 3475 2452 τοῦ
3520 2400 3725 2469 νόμοιν
3774 2394 4045 2455 τουτέσττνν

2499 2489 2670 2552 Αὐτός
2700 2507 2767 2560 με
2796 2492 3060 2560 ἐνήγαγεν
3086 2493 3113 2544 ό
3149 2491 3314 2561 νόμος
3345 2492 3424 2553 εἰς
3457 2492 3516 2544 τὸ
3550 2490 3747 2561 μηκέτι
3792 2486 4047 2555 προσέχειν

2500 2583 2671 2654 αὐτῷ,
2703 2583 2978 2654 όδηγήσας
3011 2601 3079 2653 με
3132 2585 3212 2647 είς
3265 2582 3520 2654 Χριστὸν,
3560 2582 3648 2635 διὰ
3694 2599 3750 2634 τε
3785 2580 3895 2632 τῶν
3937 2578 4043 2630 Μω-

2501 2674 2705 2729 σαῖκῶν
2732 2676 2909 2744 λόγων
2942 2676 3039 2731 καὶ
3072 2675 3179 2730 τῶν
3213 2676 3589 2747 προφητικῶν,
3610 2674 3671 2727 El
3707 2673 3887 2726 τοίνυν
3911 2670 4045 2720 πάλιν

2498 2770 2647 2838 αὐτῷ
2681 2770 3029 2840 προσέχοιμι,
3066 2769 3160 2822 καὶ
3184 2768 3348 2822 aut?”
3377 2767 3723 2838 παραϐαίνω.
3770 2766 3836 2817 Ἦ
3862 2763 3949 2815 vel
3970 2758 4042 2811 οὖ-

2496 2878 2605 2925 τως
2625 2878 2641 2894 ο
2699 2861 2757 2914 '0
2800 2862 2964 2930 νόμος
2996 2859 3214 2913 ὲκέλευε
3238 2861 3329 2912 τὸν
3356 2859 3430 2928 μὴ
3457 2856 3713 2910 ποιοῦντα
3735 2856 3803 2908 τὰ
3829 2867 4044 2921 γεγριμ·

2502 2952 2660 3023 μένα,
2708 2952 3033 3016 κολάξεσθαι
3072 2952 3166 3004 καὶ
3209 2948 3552 3019 φονεύεσθαι.
3612 2945 3823 2999 Οὐκοῦν
3883 2937 4040 3006 ἐπειδὴ

2498 3044 2758 3107 ἀδύνατος
2803 3039 2873 3115 ἦν
2903 3042 3245 3111 τελεσθῆναι,
3278 3042 3403 3095 ὅσον
3453 3040 3513 3092 τὸ
3549 3036 3635 3089 ἔπ’
3662 3036 3812 3104 αὐτῷ
3841 3032 4037 3086 τεθανὰ·

2496 3154 2698 3205 τωμαι.
2732 3138 2823 3207 Μὴ
2855 3139 3034 3189 τοίνυν
3064 3133 3401 3188 ἐπιταττέτω
3435 3148 3550 3199 μοι,
3579 3129 3657 3200 τῷ
3686 3130 3810 3181 ὅσον
3859 3128 3915 3178 τά
3942 3123 4040 3177 κατ’

2501 3230 2665 3283 αὑτὸν
2701 3228 2977 3291 τεθνεῶτι,
3016 3228 3108 3281 καὶ
3140 3225 3373 3297 ψυχικὸν
3413 3223 3664 3288 θάνατον,
3714 3221 3848 3275 διότι
3893 3214 4041 3285 ἦμάρ·

2499 3340 2683 3387 τανον,
2735 3323 2810 3391 μὴ
2854 3322 3153 3391 δυνάμενος
3210 3318 3423 3371 τελέσαι
3470 3316 3540 3368 τὰ
3573 3314 3668 3367 τοῦ
3718 3314 3917 3380 νόμου¹
3964 3302 4038 3356 καὶ

2505 3415 2833 3485 σωματικὸν,
2886 3414 3009 3466 ὅσον
3057 3412 3118 3465 τὸ
3164 3410 3272 3463 ἀπὸ
3310 3409 3408 3478 τῆς
3454 3405 3549 3459 τοῦ
3593 3406 3759 3475 νόμου
3808 3396 4036 3465 κατακρί-

2503 3524 2657 3568 σεως.
2705 3505 2831 3568 Πῶς
2859 3501 2954 3557 οὖν
2982 3504 3062 3555 ἔτι
3088 3500 3339 3572 προσέξω
3364 3499 3442 3568 τῷ
3476 3491 3857 3551 ἀποκτείναντί
3891 3504 3979 3557 ue;

2575 3616 2593 3648 ι
2633 3598 2751 3651 Ἵνα
2779 3597 2896 3669 Θεῷ
2922 3597 3092 3665 ζησω,
3126 3593 3348 3665 Χριστῷ
3385 3589 3860 3660 συνεσταύρωμαι.
3893 3604 3910 3636 ι
3946 3582 4035 3633 Ἵνα

2503 3691 2577 3759 μή
2604 3706 2690 3749 τις
2718 3690 2845 3759 εἴπῃ
2868 3704 2881 3718 ⁸
2917 3688 3039 3751 Πῶς
3069 3682 3161 3740 οὖν
3187 3687 3310 3756 ζῇς,
3349 3685 3539 3755 ἐπειδὴ
3572 3681 3842 3742 ἀπέθανες
3863 3695 3877 3741 ς
3898 3673 4036 3744 Φησὶν

2500 3780 2581 3832 ὅτι
2626 3778 2686 3831 Ὀ
2722 3779 2823 3848 μὲν
2857 3778 3022 3847 νόμος
3065 3777 3241 3841 ζῶντα
3290 3775 3640 3829 ἀπέκτεινεν·
3686 3773 3713 3824 ὁ
3748 3772 3805 3824 δὲ
3838 3765 4035 3831 Χριστὶς

2497 3869 2690 3940 νεκρὸν
2709 3867 2907 3933 λαϐὼν,
2934 3866 3265 3939 ἰξωοτιοίησέ
3285 3885 3374 3937 με,
3392 3866 3596 3938 νοητῶς
3619 3880 3821 3917 συσταυ
3832 3859 4034 3930 μεθέντα

2498 3961 2668 4032 αὐτῷ,
2700 3962 2789 4014 καὶ
2815 3961 3145 4014 συνθανόντα
3172 3960 3259 4013 διὰ
3282 3958 3375 4011 τοῦ
3404 3956 3802 4027 βαπτίσματος.
3837 3943 4034 4001 Διπλοῦν

2498 4054 2553 4106 δὲ
2583 4053 2643 4104 τὸ
2670 4053 2874 4121 θαῦμα,
2905 4054 3001 4105 καὶ
3028 4052 3111 4105 δτι
3141 4050 3335 4120 νεκρὸν
3366 4048 3726 4117 ὲζωοποίησε,
3761 4045 3851 4097 καὶ
3872 4045 3945 4095 ὅτι
3964 4034 4033 4089 διὰ

2500 4144 2754 4199 θανάτου.

2577 4344 2595 4374 ι
2627 4323 2713 4377 Ζῶ
2772 4320 2850 4383 δὲ,
2883 4320 3064 4374 οὐκέτι
3114 4320 3243 4389 ἐγὼ,
3282 4321 3349 4389 ζῇ
3383 4319 3440 4372 δὲ
3483 4322 3542 4373 ὲν
3580 4316 3706 4388 ἐμοὶ
3740 4311 3971 4386 Χριστός.
4006 4323 4018 4355 t

2499 4413 2590 4485 Τῷ
2632 4414 2729 4483 μὲν
2758 4414 2954 4478 εἰπεῖν,
2995 4432 3014 4464 ι
3051 4412 3274 4483 Χριστῷ
3320 4411 3797 4485 συνεσταύρωμαι,
3832 4425 3848 4457 ι
3876 4404 3929 4456 τὸ
3952 4398 4029 4468 βά·

824 4503 1118 4558 crucifixus
1145 4518 1282 4565 sum,
1323 4520 1340 4551 ι
1387 4500 1653 4569 baptisma
1714 4500 1893 4554 innuit
1926 4514 1941 4552 :
1978 4516 2073 4569 per
2116 4501 2218 4554 hoc
2266 4514 2395 4553 vero
2430 4499 2470 4553 D

2353 4514 2395 4553 ὀ
2430 4499 2470 4553 D
2500 4522 2712 4575 πτισμα
2773 4505 3034 4576 ᾐνίξατοο
3070 4504 3148 4574 τῷ
3202 4505 3259 4555 δὲ
3309 4504 3486 4555 είπεῐν
3543 4484 3684 4553 «Ὶῶ
3741 4500 3818 4561 δὲ,
3876 4492 4028 4546 οὗκέτι

823 4594 964 4660 quod
996 4594 1091 4653 ait.
1135 4610 1153 4643 ι
1193 4589 1327 4644 Vivo
1350 4599 1552 4652 autem,
1584 4605 1692 4642 non
1723 4588 1835 4655 jam
1867 4605 1988 4659 ego,
2029 4597 2390 4657 rseqttentem

823 4684 1327 4745 conuersationem,
1390 4696 1486 4748 per
1542 4696 1701 4747 quam
1766 4682 2157 4735 mortilicantur
2211 4688 2391 4733 nostra

828 4775 1090 4831 membra.
1122 4792 1140 4824 ι
1184 4772 1329 4827 Vivit
1353 4782 1530 4826 autem
1563 4772 1813 4826 Christus
1845 4774 1895 4824 in
1929 4756 2012 4825 me
2041 4790 2053 4825 :
2100 4790 2119 4823 ι
2158 4773 2258 4825 hoc
2287 4781 2393 4835 est,

827 4865 959 4919 nihil
991 4865 1041 4917 in
1071 4864 1226 4919 nobis
1256 4866 1314 4919 fit
1366 4863 1507 4932 quod
1558 4862 1690 4915 nolit
1722 4862 1992 4923 Christus,
2032 4861 2124 4914 sed
2170 4861 2259 4915 ille
2312 4871 2396 4915 est

826 4958 918 5027 qui
952 4956 1131 5011 omnia
1158 4953 1287 5008 facit
1316 4955 1367 5008 in
1398 4953 1575 5018 nobis,
1609 4963 1661 5008 et
1689 4969 1938 5022 regnans,
1968 4962 2023 5006 et
2061 4953 2393 5007 dominatum

824 5050 877 5101 iu
907 5063 1002 5101 nos
1030 5061 1330 5100 exercens:
1362 5058 1425 5099 ac
1449 5055 1631 5099 nostra
1663 5044 1879 5113 quidem
1911 5045 2157 5098 voluntas
2183 5053 2392 5097 mortua

825 5148 941 5191 est:
980 5138 1122 5191 illius
1150 5145 1331 5191 autem
1367 5139 1516 5201 vivit,
1546 5146 1601 5191 et
1628 5137 1893 5204 gubernat
1924 5137 2089 5190 vitam
2131 5146 2395 5191 nostram.

829 5234 884 5285 Si
914 5232 1081 5300 igitur
1119 5230 1229 5284 Deo
1259 5230 1421 5284 aliam
1459 5232 1621 5284 vitam
1656 5244 1817 5298 quam
1868 5245 1986 5299 qua:
2019 5241 2102 5285 est
2163 5232 2216 5284 in
2258 5230 2394 5300 lege,

2498 4597 2629 4665 ἐγὼ,
2666 4617 2683 4649 ι
2710 4597 2806 4666 τὴν
2842 4598 2981 4667 μετά
3024 4597 3198 4650 ταῦτα
3251 4596 3551 4656 πολιτείαν,
3582 4594 3650 4646 δι’
3675 4587 3743 4663 ἧς
3782 4585 4029 4657 νεκροὶ·ται

2499 4690 2654 4760 ἡμῶν
2681 4690 2747 4742 τὰ
2791 4689 2948 4759 μέλη.
2988 4707 3014 4765 ι’
3048 4690 3122 4759 Ζῇ
3150 4688 3204 4741 δὲ
3238 4688 3267 4738 ό
3290 4687 3525 4757 Χριστὸς
3558 4690 3613 4763 ὲν
3645 4686 3772 4753 ἐμοί
3795 4700 3807 4712 ·
3847 4701 3863 4732 ι
3901 4691 4025 4729 τουτ-

2498 4785 2668 4846 έστιν,
2696 4782 2863 4834 Οὐδὲν
2897 4783 2955 4833 ἐν
3005 4783 3138 4852 ἡμῖν
3169 4782 3277 4850 γὰρ
3309 4781 3351 4810 ⁸⁷
3378 4772 3454 4833 ὧν
3492 4780 3552 4831 οὐ
3604 4772 4025 4847 βούλετσιὸΧρι-

2502 4875 2645 4937 στὸς,
2686 4873 2798 4927 ἀλλ’
2829 4875 3037 4935 ἐκεῖνός
3060 4876 3209 4925 ἐστιν
3238 4874 3265 4925 ὀ
3296 4872 3477 4925 πάντα
3502 4870 3671 4923 ποιῶν
3702 4873 3760 4923 ἐν
3788 4868 3923 4937 ἡμῖν,
3952 4858 4025 4912 κλὶ

2499 4965 2740 5035 κρατῶν,
2775 4966 2867 5017 καὶ
2897 4964 3196 5028 δεσπόζων.
3228 4965 3338 5017 Καὶ
3372 4964 3432 5016 τὸ
3468 4962 3565 5031 μὲν
3616 4962 3874 5030 ἡμέτερον
3898 4953 4025 5016 θέλη-

2503 5071 2580 5122 μα
2612 5053 2804 5123 νεκρόν
2831 5057 2969 5117 ἐστι,
2995 5054 3056 5105 τὸ
3104 5053 3161 5105 δὲ
3208 5052 3419 5105 ἐκείνου
3456 5050 3543 5120 ζῇ,
3582 5050 3675 5101 καὶ
3694 5043 3915 5115 κυϐερνᾷ
3947 5038 4024 5103 τὴν

2495 5146 2640 5215 ζωὴν
2672 5145 2854 5216 ἡμῶν.
2889 5146 2949 5196 Et
3005 5145 3185 5197 τοίνυν
3233 5144 3312 5207 ζῶ
3364 5142 3442 5213 τῷ
3494 5142 3615 5211 Θεῷ
3674 5141 3860 5209 ετέραν
3908 5128 4022 5195 ζωὴν

2492 5237 2639 5305 παιρά
2662 5237 2761 5307 τὴν
2803 5238 2862 5289 ὲν
2904 5236 3074 5303 νόμῳ,
3103 5235 3200 5287 καὶ
3243 5233 3557 5302 ὲνεκρώθην
3587 5231 3665 5301 τῷ
3699 5230 3864 5299 νόμῳ,
3898 5218 4020 5274 οὐδὲν

824 5324 1023 5387 vivam,
1056 5338 1119 5378 ac
1161 5331 1405 5377 mortuus
1440 5324 1544 5375 sim
1592 5321 1718 5392 legi,
1773 5320 1906 5377 nihil
1936 5321 2072 5391 legis
2102 5321 2396 5377 observare
2488 5344 2499 5371 ε

1705 5360 1718 5387 ,
1773 5320 1906 5377 nihil
1936 5321 2072 5391 legis
2102 5321 2396 5377 observare
2488 5327 2582 5379 τοῦ
2610 5328 2774 5398 νόμον
2814 5329 3104 5396 φυλάττειν
3126 5326 3380 5397 δύναμαι.

821 5426 1064 5485 possum.

899 5528 915 5557 ι
956 5506 1107 5573 Quod
1143 5516 1321 5561 autem
1367 5523 1510 5561 nunc
1562 5505 1682 5561 vivo
1716 5505 1768 5560 in
1809 5520 1998 5573 carne,
2034 5507 2086 5561 in
2130 5507 2232 5562 ﬁde
2272 5508 2393 5561 vivo

2566 5526 2584 5557 ι
2628 5508 2692 5560 "0
2720 5508 2776 5561 δὲ.
2829 5506 2906 5573 ζῶ
2946 5508 3040 5563 νῦν
3068 5509 3123 5563 ὲν
3158 5508 3341 5579 σαρκὶ,
3382 5525 3438 5561 εν
3491 5508 3672 5561 πίστει
3741 5505 3815 5570 ζῶ
3860 5501 3915 5569 τῇ
3938 5486 4007 5544 τοῦ

2148 5645 2348 5709 Variae
2383 5646 2715 5711 lectiones.

891 5758 933 5798 "
973 5767 1328 5838 μωσαῖκῷιιι.
1410 5770 1449 5801 ⁵⁷
1498 5770 1707 5838 γίνεται
1749 5785 1824 5824 ιη.
