  <div class='ocr_page' id='page_1' title='image "/cluster/home/n/w/nwhite01/storage/ocr_20150623/124/nnc1.0046979735/518.png"; bbox 0 0 4242 6462; ppageno 0'>
   <div class='ocr_carea' id='block_1_1' title="bbox 222 437 338 500">
    <p class='ocr_par' dir='ltr' id='par_1_1' title="bbox 222 437 338 500">
     <span class='ocr_line' id='line_1_1' title="bbox 222 437 338 500; baseline 0.009 -2"><span class='ocrx_word' id='word_1_1' title='bbox 222 437 338 500; x_wconf 79' lang='lat'><strong>98&#39;)</strong></span> 
     </span>
    </p>
   </div>
   <div class='ocr_carea' id='block_1_2' title="bbox 1031 437 2702 500">
    <p class='ocr_par' dir='ltr' id='par_1_2' title="bbox 1031 437 2702 500">
     <span class='ocr_line' id='line_1_2' title="bbox 1031 437 2702 500; baseline 0.002 -4"><span class='ocrx_word' id='word_1_2' title='bbox 1031 437 1434 496; x_wconf 73' lang='lat' dir='ltr'><strong>EXI‘OSlTlO</strong></span> <span class='ocrx_word' id='word_1_3' title='bbox 1477 438 1552 496; x_wconf 84' lang='grc' dir='ltr'><strong>ΙΝ</strong></span> <span class='ocrx_word' id='word_1_4' title='bbox 1597 437 1839 495; x_wconf 72' lang='lat' dir='ltr'><strong>EPIST.</strong></span> <span class='ocrx_word' id='word_1_5' title='bbox 1871 438 1968 496; x_wconf 88' lang='lat' dir='ltr'><strong>AD</strong></span> <span class='ocrx_word' id='word_1_6' title='bbox 1996 437 2260 499; x_wconf 77' lang='lat' dir='ltr'><strong>GALAT.</strong></span> <span class='ocrx_word' id='word_1_7' title='bbox 2294 463 2359 473; x_wconf 79' lang='grc'><strong>·-</strong></span> <span class='ocrx_word' id='word_1_8' title='bbox 2387 440 2545 500; x_wconf 75' lang='lat' dir='ltr'><strong>CAP.</strong></span> <span class='ocrx_word' id='word_1_9' title='bbox 2589 441 2702 500; x_wconf 86' lang='lat' dir='ltr'><strong>Ill.</strong></span> 
     </span>
    </p>
   </div>
   <div class='ocr_carea' id='block_1_3' title="bbox 3378 447 3480 506">
    <p class='ocr_par' dir='ltr' id='par_1_3' title="bbox 3378 447 3480 506">
     <span class='ocr_line' id='line_1_3' title="bbox 3378 447 3480 506; baseline 0 0"><span class='ocrx_word' id='word_1_10' title='bbox 3378 447 3480 506; x_wconf 80' lang='lat'><strong>990</strong></span> 
     </span>
    </p>
   </div>
   <div class='ocr_carea' id='block_1_4' title="bbox 307 541 1982 616">
    <p class='ocr_par' dir='ltr' id='par_1_4' title="bbox 307 541 1982 612">
     <span class='ocr_line' id='line_1_4' title="bbox 307 541 1982 612; baseline -0.002 -17"><span class='ocrx_word' id='word_1_11' title='bbox 307 566 323 595; x_wconf 76' lang='grc' dir='ltr'><strong>ι</strong></span> <span class='ocrx_word' id='word_1_12' title='bbox 363 544 480 598; x_wconf 89' lang='grc' dir='ltr'>Ἰνα</span> <span class='ocrx_word' id='word_1_13' title='bbox 508 547 580 605; x_wconf 83' lang='grc' dir='ltr'><strong>είς</strong></span> <span class='ocrx_word' id='word_1_14' title='bbox 607 543 670 595; x_wconf 81' lang='grc' dir='ltr'><strong>τά</strong></span> <span class='ocrx_word' id='word_1_15' title='bbox 702 543 826 610; x_wconf 79' lang='grc' dir='ltr'>ἔθνη</span> <span class='ocrx_word' id='word_1_16' title='bbox 857 544 888 610; x_wconf 75' lang='grc' dir='ltr'><strong>ἡ</strong></span> <span class='ocrx_word' id='word_1_17' title='bbox 918 541 1134 608; x_wconf 90' lang='grc' dir='ltr'>εὐλογία</span> <span class='ocrx_word' id='word_1_18' title='bbox 1165 542 1255 594; x_wconf 90' lang='grc' dir='ltr'><strong>τοῦ</strong></span> <span class='ocrx_word' id='word_1_19' title='bbox 1297 542 1544 612; x_wconf 73' lang='grc' dir='ltr'>Ἀϐραὰμ</span> <span class='ocrx_word' id='word_1_20' title='bbox 1576 545 1795 612; x_wconf 77' lang='grc' dir='ltr'>γένηται</span> <span class='ocrx_word' id='word_1_21' title='bbox 1827 551 1869 602; x_wconf 83' lang='grc' dir='ltr'>Α</span> <span class='ocrx_word' id='word_1_22' title='bbox 1977 542 1982 558; x_wconf 77' lang='lat'>‘</span> 
     </span>
    </p>
   </div>
   <div class='ocr_carea' id='block_1_5' title="bbox 1808 541 3483 616">
    <p class='ocr_par' dir='ltr' id='par_1_5' title="bbox 1827 542 3483 616">
     <span class='ocr_line' id='line_1_5' title="bbox 1827 542 3483 616; baseline 0.009 -23"><span class='ocrx_word' id='word_1_23' title='bbox 1827 551 1869 602; x_wconf 82' lang='grc' dir='ltr'>Α</span> <span class='ocrx_word' id='word_1_24' title='bbox 1977 542 2117 597; x_wconf 69' lang='lat' dir='ltr'><strong>Vens</strong></span> <span class='ocrx_word' id='word_1_25' title='bbox 2167 545 2252 598; x_wconf 78' lang='grc' dir='ltr'>Η.</span> <span class='ocrx_word' id='word_1_26' title='bbox 2314 566 2330 596; x_wconf 80' lang='grc' dir='ltr'><strong>ι</strong></span> <span class='ocrx_word' id='word_1_27' title='bbox 2369 545 2438 600; x_wconf 90' lang='lat' dir='ltr'><strong>Ut</strong></span> <span class='ocrx_word' id='word_1_28' title='bbox 2491 547 2543 599; x_wconf 91' lang='lat' dir='ltr'><strong>in</strong></span> <span class='ocrx_word' id='word_1_29' title='bbox 2595 548 2846 616; x_wconf 73' lang='lat' dir='ltr'><strong>gentibus</strong></span> <span class='ocrx_word' id='word_1_30' title='bbox 2897 550 3201 606; x_wconf 79' lang='lat' dir='ltr'><strong>benedictio</strong></span> <span class='ocrx_word' id='word_1_31' title='bbox 3255 552 3483 608; x_wconf 75' lang='lat' dir='ltr'><strong>Abrahae</strong></span> 
     </span>
    </p>
   </div>
   <div class='ocr_carea' id='block_1_6' title="bbox 227 632 1804 702">
    <p class='ocr_par' dir='ltr' id='par_1_6' title="bbox 227 632 1804 702">
     <span class='ocr_line' id='line_1_6' title="bbox 227 632 1804 702; baseline -0.002 -16"><span class='ocrx_word' id='word_1_32' title='bbox 227 636 292 687; x_wconf 75' lang='grc' dir='ltr'><strong>ἐν</strong></span> <span class='ocrx_word' id='word_1_33' title='bbox 324 634 544 702; x_wconf 81' lang='grc' dir='ltr'>Χριστῷ</span> <span class='ocrx_word' id='word_1_34' title='bbox 606 632 800 701; x_wconf 77' lang='grc' dir='ltr'>Ἰησοῦ.</span> <span class='ocrx_word' id='word_1_35' title='bbox 839 651 856 683; x_wconf 79' lang='grc' dir='ltr'><strong>ι</strong></span> <span class='ocrx_word' id='word_1_36' title='bbox 897 632 994 683; x_wconf 78' lang='grc' dir='ltr'><strong>Διὰ</strong></span> <span class='ocrx_word' id='word_1_37' title='bbox 1038 632 1215 692; x_wconf 84' lang='grc' dir='ltr'>τοῦτο,</span> <span class='ocrx_word' id='word_1_38' title='bbox 1259 635 1411 701; x_wconf 77' lang='grc' dir='ltr'>φησὶ,</span> <span class='ocrx_word' id='word_1_39' title='bbox 1470 634 1678 701; x_wconf 78' lang='grc' dir='ltr'>κατάρα</span> <span class='ocrx_word' id='word_1_40' title='bbox 1714 635 1804 698; x_wconf 76' lang='grc' dir='ltr'><strong>γέο</strong></span> 
     </span>
    </p>
   </div>
   <div class='ocr_carea' id='block_1_7' title="bbox 221 721 1802 790">
    <p class='ocr_par' dir='ltr' id='par_1_7' title="bbox 221 721 1802 790">
     <span class='ocr_line' id='line_1_7' title="bbox 221 721 1802 790; baseline -0.001 -14"><span class='ocrx_word' id='word_1_41' title='bbox 221 739 385 790; x_wconf 87' lang='grc' dir='ltr'>γονεν</span> <span class='ocrx_word' id='word_1_42' title='bbox 420 724 646 785; x_wconf 88' lang='grc' dir='ltr'>ἐκεῖνος,</span> <span class='ocrx_word' id='word_1_43' title='bbox 714 740 730 772; x_wconf 88' lang='grc' dir='ltr'><strong>ι</strong></span> <span class='ocrx_word' id='word_1_44' title='bbox 762 721 848 774; x_wconf 81' lang='grc' dir='ltr'>ἵνα</span> <span class='ocrx_word' id='word_1_45' title='bbox 887 723 965 783; x_wconf 85' lang='grc' dir='ltr'><strong>είς</strong></span> <span class='ocrx_word' id='word_1_46' title='bbox 997 721 1064 773; x_wconf 72' lang='grc' dir='ltr'><strong>τὰ</strong></span> <span class='ocrx_word' id='word_1_47' title='bbox 1121 721 1269 790; x_wconf 74' lang='grc' dir='ltr'>ἔθνη,</span> <span class='ocrx_word' id='word_1_48' title='bbox 1311 740 1329 772; x_wconf 82' lang='grc' dir='ltr'><strong>ι</strong></span> <span class='ocrx_word' id='word_1_49' title='bbox 1359 724 1624 785; x_wconf 78' lang='grc' dir='ltr'><strong>τουτέστι,</strong></span> <span class='ocrx_word' id='word_1_50' title='bbox 1679 726 1802 784; x_wconf 70' lang='grc' dir='ltr'>τοὺς</span> 
     </span>
    </p>
   </div>
   <div class='ocr_carea' id='block_1_8' title="bbox 227 812 1796 882">
    <p class='ocr_par' dir='ltr' id='par_1_8' title="bbox 227 812 1796 882">
     <span class='ocr_line' id='line_1_8' title="bbox 227 812 1796 882; baseline -0.001 -17"><span class='ocrx_word' id='word_1_51' title='bbox 227 815 307 882; x_wconf 84' lang='grc' dir='ltr'>μὴ</span> <span class='ocrx_word' id='word_1_52' title='bbox 335 813 411 882; x_wconf 81' lang='grc' dir='ltr'><strong>τῷ</strong></span> <span class='ocrx_word' id='word_1_53' title='bbox 437 815 584 882; x_wconf 82' lang='grc' dir='ltr'>νόμῳ</span> <span class='ocrx_word' id='word_1_54' title='bbox 607 812 947 882; x_wconf 77' lang='grc' dir='ltr'>γρωμένους,</span> <span class='ocrx_word' id='word_1_55' title='bbox 987 831 1005 862; x_wconf 82' lang='grc' dir='ltr'><strong>ι</strong></span> <span class='ocrx_word' id='word_1_56' title='bbox 1039 814 1070 882; x_wconf 81' lang='grc' dir='ltr'>ἡ</span> <span class='ocrx_word' id='word_1_57' title='bbox 1102 812 1322 879; x_wconf 81' lang='grc' dir='ltr'>εὐλογία</span> <span class='ocrx_word' id='word_1_58' title='bbox 1348 813 1441 864; x_wconf 91' lang='grc' dir='ltr'><strong>τοῦ</strong></span> <span class='ocrx_word' id='word_1_59' title='bbox 1471 814 1746 882; x_wconf 75' lang='grc' dir='ltr'>Ἀϐραάμ,</span> <span class='ocrx_word' id='word_1_60' title='bbox 1779 833 1796 864; x_wconf 83' lang='grc' dir='ltr'><strong>ι</strong></span> 
     </span>
    </p>
   </div>
   <div class='ocr_carea' id='block_1_9' title="bbox 221 903 1802 973">
    <p class='ocr_par' dir='ltr' id='par_1_9' title="bbox 221 903 1802 973">
     <span class='ocr_line' id='line_1_9' title="bbox 221 903 1802 973; baseline 0 -17"><span class='ocrx_word' id='word_1_61' title='bbox 221 905 530 967; x_wconf 81' lang='grc' dir='ltr'><strong>τουτέστιν,</strong></span> <span class='ocrx_word' id='word_1_62' title='bbox 579 905 610 972; x_wconf 78' lang='grc' dir='ltr'>ἡ</span> <span class='ocrx_word' id='word_1_63' title='bbox 674 907 737 956; x_wconf 86' lang='grc' dir='ltr'><strong>ἐκ</strong></span> <span class='ocrx_word' id='word_1_64' title='bbox 792 904 1050 967; x_wconf 85' lang='grc' dir='ltr'>πίστεως,</span> <span class='ocrx_word' id='word_1_65' title='bbox 1118 923 1133 955; x_wconf 86' lang='grc' dir='ltr'><strong>ι</strong></span> <span class='ocrx_word' id='word_1_66' title='bbox 1192 903 1416 973; x_wconf 83' lang='grc' dir='ltr'>γένηται</span> <span class='ocrx_word' id='word_1_67' title='bbox 1472 906 1527 955; x_wconf 83' lang='grc' dir='ltr'><strong>ἐν</strong></span> <span class='ocrx_word' id='word_1_68' title='bbox 1582 905 1802 973; x_wconf 80' lang='grc' dir='ltr'>Χριστῷ</span> 
     </span>
    </p>
   </div>
   <div class='ocr_carea' id='block_1_10' title="bbox 223 995 1798 1066">
    <p class='ocr_par' dir='ltr' id='par_1_10' title="bbox 223 995 1798 1066">
     <span class='ocr_line' id='line_1_10' title="bbox 223 995 1798 1066; baseline -0.003 -14"><span class='ocrx_word' id='word_1_69' title='bbox 223 998 427 1066; x_wconf 78' lang='grc' dir='ltr'>Ἰησοῦ,</span> <span class='ocrx_word' id='word_1_70' title='bbox 478 1015 495 1048; x_wconf 83' lang='grc' dir='ltr'><strong>ι</strong></span> <span class='ocrx_word' id='word_1_71' title='bbox 542 997 826 1057; x_wconf 84' lang='grc' dir='ltr'>τουτέστι,</span> <span class='ocrx_word' id='word_1_72' title='bbox 883 996 960 1064; x_wconf 82' lang='grc' dir='ltr'>τῷ</span> <span class='ocrx_word' id='word_1_73' title='bbox 1020 995 1294 1062; x_wconf 84' lang='grc' dir='ltr'>σπέρματι</span> <span class='ocrx_word' id='word_1_74' title='bbox 1352 995 1444 1046; x_wconf 91' lang='grc' dir='ltr'><strong>τοῦ</strong></span> <span class='ocrx_word' id='word_1_75' title='bbox 1509 997 1798 1064; x_wconf 78' lang='grc' dir='ltr'>Ἀὁραάμ’</span> 
     </span>
    </p>
   </div>
   <div class='ocr_carea' id='block_1_11' title="bbox 223 1087 1799 1158">
    <p class='ocr_par' dir='ltr' id='par_1_11' title="bbox 223 1087 1799 1158">
     <span class='ocr_line' id='line_1_11' title="bbox 223 1087 1799 1158; baseline -0.003 -14"><span class='ocrx_word' id='word_1_76' title='bbox 223 1091 412 1152; x_wconf 81' lang='grc' dir='ltr'>καθὼς</span> <span class='ocrx_word' id='word_1_77' title='bbox 461 1091 552 1143; x_wconf 71' lang='grc' dir='ltr'><strong>καὶ</strong></span> <span class='ocrx_word' id='word_1_78' title='bbox 601 1091 930 1158; x_wconf 79' lang='grc' dir='ltr'>γέγραπται,</span> <span class='ocrx_word' id='word_1_79' title='bbox 980 1091 1060 1140; x_wconf 77' lang='grc' dir='ltr'>ὅτι</span> <span class='ocrx_word' id='word_1_80' title='bbox 1101 1107 1117 1135; x_wconf 82' lang='grc' dir='ltr'><strong>ι</strong></span> <span class='ocrx_word' id='word_1_81' title='bbox 1152 1088 1239 1138; x_wconf 87' lang='grc' dir='ltr'>Ἐν</span> <span class='ocrx_word' id='word_1_82' title='bbox 1282 1087 1358 1158; x_wconf 79' lang='grc' dir='ltr'>τῷ</span> <span class='ocrx_word' id='word_1_83' title='bbox 1402 1088 1676 1157; x_wconf 85' lang='grc' dir='ltr'>σπέρματί</span> <span class='ocrx_word' id='word_1_84' title='bbox 1707 1106 1799 1140; x_wconf 91' lang='grc' dir='ltr'><strong>σου</strong></span> 
     </span>
    </p>
   </div>
   <div class='ocr_carea' id='block_1_12' title="bbox 224 1177 1798 1249">
    <p class='ocr_par' dir='ltr' id='par_1_12' title="bbox 224 1177 1798 1249">
     <span class='ocr_line' id='line_1_12' title="bbox 224 1177 1798 1249; baseline -0.003 -17"><span class='ocrx_word' id='word_1_85' title='bbox 224 1181 708 1249; x_wconf 64' lang='grc' dir='ltr'><strong>εὐλογηθήσονται,</strong></span> <span class='ocrx_word' id='word_1_86' title='bbox 745 1198 762 1228; x_wconf 76' lang='grc' dir='ltr'><strong>ι</strong></span> <span class='ocrx_word' id='word_1_87' title='bbox 805 1178 1102 1238; x_wconf 78' lang='grc' dir='ltr'><strong>τουτέστιν,</strong></span> <span class='ocrx_word' id='word_1_88' title='bbox 1142 1181 1198 1230; x_wconf 85' lang='grc' dir='ltr'><strong>ἐν</strong></span> <span class='ocrx_word' id='word_1_89' title='bbox 1232 1177 1468 1246; x_wconf 76' lang='grc' dir='ltr'>Χριστῷ,</span> <span class='ocrx_word' id='word_1_90' title='bbox 1505 1179 1580 1247; x_wconf 81' lang='grc' dir='ltr'>τῷ</span> <span class='ocrx_word' id='word_1_91' title='bbox 1608 1181 1673 1229; x_wconf 80' lang='grc' dir='ltr'><strong>ἐκ</strong></span> <span class='ocrx_word' id='word_1_92' title='bbox 1705 1178 1798 1229; x_wconf 84' lang='grc' dir='ltr'><strong>σοῦ</strong></span> 
     </span>
    </p>
   </div>
   <div class='ocr_carea' id='block_1_13' title="bbox 222 1268 1801 1341">
    <p class='ocr_par' dir='ltr' id='par_1_13' title="bbox 222 1268 1801 1341">
     <span class='ocr_line' id='line_1_13' title="bbox 222 1268 1801 1341; baseline -0.002 -17"><span class='ocrx_word' id='word_1_93' title='bbox 222 1274 509 1340; x_wconf 74' lang='grc' dir='ltr'><strong>γενομένῳ</strong></span> <span class='ocrx_word' id='word_1_94' title='bbox 557 1271 697 1323; x_wconf 76' lang='grc' dir='ltr'>κατὰ</span> <span class='ocrx_word' id='word_1_95' title='bbox 731 1268 928 1338; x_wconf 84' lang='grc' dir='ltr'>σάρκα,</span> <span class='ocrx_word' id='word_1_96' title='bbox 976 1271 1321 1333; x_wconf 74' lang='grc' dir='ltr'><strong>πιστεύοντες</strong></span> <span class='ocrx_word' id='word_1_97' title='bbox 1353 1271 1553 1341; x_wconf 80' lang='grc' dir='ltr'>δηλαδὴ</span> <span class='ocrx_word' id='word_1_98' title='bbox 1595 1273 1672 1333; x_wconf 81' lang='grc' dir='ltr'>εἰς</span> <span class='ocrx_word' id='word_1_99' title='bbox 1703 1272 1801 1322; x_wconf 74' lang='grc' dir='ltr'>αὐ-</span> 
     </span>
    </p>
   </div>
   <div class='ocr_carea' id='block_1_14' title="bbox 222 1365 340 1418">
    <p class='ocr_par' dir='ltr' id='par_1_14' title="bbox 222 1365 340 1418">
     <span class='ocr_line' id='line_1_14' title="bbox 222 1365 340 1418; baseline 0.042 -5"><span class='ocrx_word' id='word_1_100' title='bbox 222 1379 252 1413; x_wconf 79' lang='grc' dir='ltr'><strong>τ</strong></span> <span class='ocrx_word' id='word_1_101' title='bbox 263 1365 340 1418; x_wconf 80' lang='grc' dir='ltr'><strong>όν.</strong></span> 
     </span>
    </p>
   </div>
   <div class='ocr_carea' id='block_1_15' title="bbox 305 1472 1799 1545">
    <p class='ocr_par' dir='ltr' id='par_1_15' title="bbox 305 1472 1799 1545">
     <span class='ocr_line' id='line_1_15' title="bbox 305 1472 1799 1545; baseline 0.002 -19"><span class='ocrx_word' id='word_1_102' title='bbox 305 1472 420 1527; x_wconf 81' lang='grc' dir='ltr'>Ἵνα</span> <span class='ocrx_word' id='word_1_103' title='bbox 463 1475 562 1543; x_wconf 80' lang='grc' dir='ltr'><strong>τὴν</strong></span> <span class='ocrx_word' id='word_1_104' title='bbox 596 1477 928 1543; x_wconf 77' lang='grc' dir='ltr'><strong>ἐπαγγελίαν</strong></span> <span class='ocrx_word' id='word_1_105' title='bbox 954 1475 1046 1528; x_wconf 90' lang='grc' dir='ltr'><strong>τοῦ</strong></span> <span class='ocrx_word' id='word_1_106' title='bbox 1078 1474 1395 1544; x_wconf 75' lang='grc' dir='ltr'>Πνεύματος</span> <span class='ocrx_word' id='word_1_107' title='bbox 1432 1475 1686 1545; x_wconf 79' lang='grc' dir='ltr'>λάϐωμεν</span> <span class='ocrx_word' id='word_1_108' title='bbox 1711 1475 1799 1529; x_wconf 77' lang='grc' dir='ltr'><strong>διὰ</strong></span> 
     </span>
    </p>
   </div>
   <div class='ocr_carea' id='block_1_16' title="bbox 228 1566 1799 1636">
    <p class='ocr_par' dir='ltr' id='par_1_16' title="bbox 228 1566 1799 1636">
     <span class='ocr_line' id='line_1_16' title="bbox 228 1566 1799 1636; baseline 0 -18"><span class='ocrx_word' id='word_1_109' title='bbox 228 1566 334 1633; x_wconf 74' lang='grc' dir='ltr'><strong>τῆς</strong></span> <span class='ocrx_word' id='word_1_110' title='bbox 394 1567 650 1629; x_wconf 73' lang='grc' dir='ltr'>πίστεως.</span> <span class='ocrx_word' id='word_1_111' title='bbox 697 1586 714 1616; x_wconf 80' lang='grc' dir='ltr'><strong>ι</strong></span> <span class='ocrx_word' id='word_1_112' title='bbox 757 1569 854 1618; x_wconf 65' lang='grc' dir='ltr'><strong>Διά</strong></span> <span class='ocrx_word' id='word_1_113' title='bbox 901 1567 1079 1627; x_wconf 88' lang='grc' dir='ltr'>τοῦτο,</span> <span class='ocrx_word' id='word_1_114' title='bbox 1133 1568 1319 1634; x_wconf 64' lang='grc' dir='ltr'>φησὶν,</span> <span class='ocrx_word' id='word_1_115' title='bbox 1373 1566 1670 1636; x_wconf 84' lang='grc' dir='ltr'>ηὑλόγηται</span> <span class='ocrx_word' id='word_1_116' title='bbox 1728 1566 1799 1618; x_wconf 80' lang='grc' dir='ltr'><strong>τά</strong></span> 
     </span>
    </p>
   </div>
   <div class='ocr_carea' id='block_1_17' title="bbox 221 1656 1793 1728">
    <p class='ocr_par' dir='ltr' id='par_1_17' title="bbox 221 1656 1793 1728">
     <span class='ocr_line' id='line_1_17' title="bbox 221 1656 1793 1728; baseline 0.003 -21"><span class='ocrx_word' id='word_1_117' title='bbox 221 1656 377 1725; x_wconf 75' lang='grc' dir='ltr'>ἔθνη,</span> <span class='ocrx_word' id='word_1_118' title='bbox 410 1657 497 1711; x_wconf 79' lang='grc' dir='ltr'><strong>ἵνα</strong></span> <span class='ocrx_word' id='word_1_119' title='bbox 537 1659 631 1710; x_wconf 77' lang='grc' dir='ltr'><strong>καὶ</strong></span> <span class='ocrx_word' id='word_1_120' title='bbox 673 1661 736 1710; x_wconf 84' lang='grc' dir='ltr'><strong>τὸ</strong></span> <span class='ocrx_word' id='word_1_121' title='bbox 779 1658 1002 1728; x_wconf 82' lang='grc' dir='ltr'>Πνεῦμα</span> <span class='ocrx_word' id='word_1_122' title='bbox 1035 1657 1239 1711; x_wconf 74' lang='grc' dir='ltr'>λάϐωσι</span> <span class='ocrx_word' id='word_1_123' title='bbox 1271 1657 1357 1710; x_wconf 71' lang='grc' dir='ltr'><strong>διὰ</strong></span> <span class='ocrx_word' id='word_1_124' title='bbox 1391 1661 1489 1727; x_wconf 83' lang='grc' dir='ltr'>τῆς</span> <span class='ocrx_word' id='word_1_125' title='bbox 1537 1659 1793 1721; x_wconf 83' lang='grc' dir='ltr'>πίστεως.</span> 
     </span>
    </p>
   </div>
   <div class='ocr_carea' id='block_1_18' title="bbox 219 1745 1796 1820">
    <p class='ocr_par' dir='ltr' id='par_1_18' title="bbox 219 1745 1796 1820">
     <span class='ocr_line' id='line_1_18' title="bbox 219 1745 1796 1820; baseline -0.001 -18"><span class='ocrx_word' id='word_1_126' title='bbox 219 1749 450 1819; x_wconf 82' lang='grc' dir='ltr'>Ἐπειδὴ</span> <span class='ocrx_word' id='word_1_127' title='bbox 487 1749 596 1819; x_wconf 77' lang='grc' dir='ltr'>γὰρ</span> <span class='ocrx_word' id='word_1_128' title='bbox 625 1750 723 1801; x_wconf 89' lang='grc' dir='ltr'><strong>οὐκ</strong></span> <span class='ocrx_word' id='word_1_129' title='bbox 773 1745 841 1820; x_wconf 74' lang='grc' dir='ltr'>ἦν</span> <span class='ocrx_word' id='word_1_130' title='bbox 880 1750 1135 1815; x_wconf 80' lang='grc' dir='ltr'>δέξασθαι</span> <span class='ocrx_word' id='word_1_131' title='bbox 1168 1751 1228 1802; x_wconf 88' lang='grc' dir='ltr'><strong>τὸ</strong></span> <span class='ocrx_word' id='word_1_132' title='bbox 1283 1751 1504 1820; x_wconf 80' lang='grc' dir='ltr'>Πνεῦμα</span> <span class='ocrx_word' id='word_1_133' title='bbox 1544 1751 1667 1812; x_wconf 78' lang='grc' dir='ltr'>τοὺς</span> <span class='ocrx_word' id='word_1_134' title='bbox 1717 1749 1796 1802; x_wconf 78' lang='grc' dir='ltr'>ἔτι</span> 
     </span>
    </p>
   </div>
   <div class='ocr_carea' id='block_1_19' title="bbox 219 1843 1867 1937">
    <p class='ocr_par' dir='ltr' id='par_1_19' title="bbox 219 1843 1867 1937">
     <span class='ocr_line' id='line_1_19' title="bbox 219 1843 1867 1937; baseline -0.002 -40"><span class='ocrx_word' id='word_1_135' title='bbox 219 1845 330 1898; x_wconf 76' lang='grc' dir='ltr'>ὑπὸ</span> <span class='ocrx_word' id='word_1_136' title='bbox 364 1846 606 1914; x_wconf 78' lang='grc' dir='ltr'>κατάραν</span> <span class='ocrx_word' id='word_1_137' title='bbox 640 1845 822 1906; x_wconf 77' lang='grc' dir='ltr'>ὄντας,</span> <span class='ocrx_word' id='word_1_138' title='bbox 856 1844 1226 1911; x_wconf 76' lang='grc' dir='ltr'>εὐλογοῦνται,</span> <span class='ocrx_word' id='word_1_139' title='bbox 1259 1843 1511 1911; x_wconf 78' lang='grc' dir='ltr'><strong>λυθείσης</strong></span> <span class='ocrx_word' id='word_1_140' title='bbox 1551 1843 1650 1911; x_wconf 80' lang='grc' dir='ltr'>τῆς</span> <span class='ocrx_word' id='word_1_141' title='bbox 1697 1860 1795 1894; x_wconf 82' lang='grc' dir='ltr'>κα·</span> <span class='ocrx_word' id='word_1_142' title='bbox 1826 1883 1867 1937; x_wconf 76' lang='grc' dir='ltr'><strong>Β</strong></span> 
     </span>
    </p>
   </div>
   <div class='ocr_carea' id='block_1_20' title="bbox 218 1934 1794 2008">
    <p class='ocr_par' dir='ltr' id='par_1_20' title="bbox 218 1934 1794 2008">
     <span class='ocr_line' id='line_1_20' title="bbox 218 1934 1794 2008; baseline -0.003 -18"><span class='ocrx_word' id='word_1_143' title='bbox 218 1939 393 2008; x_wconf 82' lang='grc' dir='ltr'>τάρας</span> <span class='ocrx_word' id='word_1_144' title='bbox 435 1937 539 1989; x_wconf 81' lang='grc' dir='ltr'>ὐπὸ</span> <span class='ocrx_word' id='word_1_145' title='bbox 583 1935 853 2006; x_wconf 76' lang='grc' dir='ltr'>Χριστοῦ·</span> <span class='ocrx_word' id='word_1_146' title='bbox 909 1938 1004 1987; x_wconf 81' lang='grc' dir='ltr'><strong>καὶ</strong></span> <span class='ocrx_word' id='word_1_147' title='bbox 1037 1937 1157 1987; x_wconf 85' lang='grc' dir='ltr'>τότε</span> <span class='ocrx_word' id='word_1_148' title='bbox 1200 1935 1286 1986; x_wconf 71' lang='grc' dir='ltr'><strong>διὰ</strong></span> <span class='ocrx_word' id='word_1_149' title='bbox 1316 1935 1416 2003; x_wconf 82' lang='grc' dir='ltr'>τῆς</span> <span class='ocrx_word' id='word_1_150' title='bbox 1444 1934 1678 1996; x_wconf 80' lang='grc' dir='ltr'>πίστεως</span> <span class='ocrx_word' id='word_1_151' title='bbox 1719 1935 1794 1986; x_wconf 92' lang='grc' dir='ltr'>δι-</span> 
     </span>
    </p>
   </div>
   <div class='ocr_carea' id='block_1_21' title="bbox 215 2025 1792 2098">
    <p class='ocr_par' dir='ltr' id='par_1_21' title="bbox 215 2025 1792 2098">
     <span class='ocr_line' id='line_1_21' title="bbox 215 2025 1792 2098; baseline -0.003 -16"><span class='ocrx_word' id='word_1_152' title='bbox 215 2029 571 2091; x_wconf 76' lang='grc' dir='ltr'>καιωθέντες,</span> <span class='ocrx_word' id='word_1_153' title='bbox 617 2027 864 2097; x_wconf 83' lang='grc' dir='ltr'>δέχονται</span> <span class='ocrx_word' id='word_1_154' title='bbox 909 2028 1009 2098; x_wconf 78' lang='grc' dir='ltr'>τὴν</span> <span class='ocrx_word' id='word_1_155' title='bbox 1043 2027 1378 2094; x_wconf 75' lang='grc' dir='ltr'>ἐπαγγελίαν</span> <span class='ocrx_word' id='word_1_156' title='bbox 1409 2025 1505 2078; x_wconf 86' lang='grc' dir='ltr'><strong>τοῦ</strong></span> <span class='ocrx_word' id='word_1_157' title='bbox 1539 2026 1792 2096; x_wconf 86' lang='grc' dir='ltr'>Πνεύμα-</span> 
     </span>
    </p>
   </div>
   <div class='ocr_carea' id='block_1_22' title="bbox 215 2119 1794 2190">
    <p class='ocr_par' dir='ltr' id='par_1_22' title="bbox 215 2119 1794 2190">
     <span class='ocr_line' id='line_1_22' title="bbox 215 2119 1794 2190; baseline -0.004 -15"><span class='ocrx_word' id='word_1_158' title='bbox 215 2138 312 2183; x_wconf 83' lang='grc' dir='ltr'><strong>τος</strong></span> <span class='ocrx_word' id='word_1_159' title='bbox 333 2139 348 2151; x_wconf 82' lang='lat'>&#39;</span> <span class='ocrx_word' id='word_1_160' title='bbox 375 2120 411 2174; x_wconf 74' lang='grc' dir='ltr'>ἃ</span> <span class='ocrx_word' id='word_1_161' title='bbox 437 2124 544 2190; x_wconf 81' lang='grc' dir='ltr'>γὰρ</span> <span class='ocrx_word' id='word_1_162' title='bbox 575 2119 938 2189; x_wconf 81' lang='grc' dir='ltr'>ἐπηγγείλατο</span> <span class='ocrx_word' id='word_1_163' title='bbox 979 2120 1006 2170; x_wconf 97' lang='lat'><strong>6</strong></span> <span class='ocrx_word' id='word_1_164' title='bbox 1039 2119 1169 2179; x_wconf 75' lang='grc' dir='ltr'>Θεὸς</span> <span class='ocrx_word' id='word_1_165' title='bbox 1195 2119 1272 2188; x_wconf 83' lang='grc' dir='ltr'>τῷ</span> <span class='ocrx_word' id='word_1_166' title='bbox 1319 2119 1589 2188; x_wconf 77' lang='grc' dir='ltr'>Ἀδραὰμ,</span> <span class='ocrx_word' id='word_1_167' title='bbox 1629 2135 1794 2170; x_wconf 88' lang='grc' dir='ltr'>πνευ-</span> 
     </span>
    </p>
   </div>
   <div class='ocr_carea' id='block_1_23' title="bbox 222 2208 1794 2282">
    <p class='ocr_par' dir='ltr' id='par_1_23' title="bbox 222 2208 1794 2282">
     <span class='ocr_line' id='line_1_23' title="bbox 222 2208 1794 2282; baseline -0.004 -16"><span class='ocrx_word' id='word_1_168' title='bbox 222 2215 431 2282; x_wconf 73' lang='grc' dir='ltr'>ματικὰ</span> <span class='ocrx_word' id='word_1_169' title='bbox 486 2215 596 2264; x_wconf 86' lang='grc' dir='ltr'>νοεῖ</span> <span class='ocrx_word' id='word_1_170' title='bbox 647 2208 787 2264; x_wconf 76' lang='grc' dir='ltr'>εἶναι</span> <span class='ocrx_word' id='word_1_171' title='bbox 838 2213 866 2263; x_wconf 83' lang='grc' dir='ltr'><strong>ὁ</strong></span> <span class='ocrx_word' id='word_1_172' title='bbox 919 2211 1166 2272; x_wconf 74' lang='grc' dir='ltr'>ιῐαῦλοςο</span> <span class='ocrx_word' id='word_1_173' title='bbox 1213 2209 1248 2263; x_wconf 78' lang='grc' dir='ltr'>ἃ.</span> <span class='ocrx_word' id='word_1_174' title='bbox 1296 2211 1494 2281; x_wconf 79' lang='grc' dir='ltr'>δηλαδὴ</span> <span class='ocrx_word' id='word_1_175' title='bbox 1525 2209 1618 2262; x_wconf 87' lang='grc' dir='ltr'><strong>νῦν</strong></span> <span class='ocrx_word' id='word_1_176' title='bbox 1663 2210 1794 2279; x_wconf 77' lang='grc' dir='ltr'>ἡμῖν</span> 
     </span>
    </p>
   </div>
   <div class='ocr_carea' id='block_1_24' title="bbox 215 2301 1251 2374">
    <p class='ocr_par' dir='ltr' id='par_1_24' title="bbox 215 2301 1251 2374">
     <span class='ocr_line' id='line_1_24' title="bbox 215 2301 1251 2374; baseline -0.002 -16"><span class='ocrx_word' id='word_1_177' title='bbox 215 2305 505 2374; x_wconf 78' lang='grc' dir='ltr'>ἐδόθησαν,</span> <span class='ocrx_word' id='word_1_178' title='bbox 534 2305 569 2368; x_wconf 72' lang='grc' dir='ltr'>ἦ</span> <span class='ocrx_word' id='word_1_179' title='bbox 597 2319 655 2357; x_wconf 88' lang='grc' dir='ltr'><strong>τε</strong></span> <span class='ocrx_word' id='word_1_180' title='bbox 683 2302 902 2370; x_wconf 77' lang='grc' dir='ltr'>εὐλογία</span> <span class='ocrx_word' id='word_1_181' title='bbox 941 2303 1037 2354; x_wconf 68' lang='grc' dir='ltr'><strong>καὶ</strong></span> <span class='ocrx_word' id='word_1_182' title='bbox 1063 2301 1251 2356; x_wconf 85' lang='grc' dir='ltr'>τάλλα.</span> 
     </span>
    </p>
   </div>
   <div class='ocr_carea' id='block_1_25' title="bbox 300 2414 1792 2487">
    <p class='ocr_par' dir='ltr' id='par_1_25' title="bbox 300 2414 1792 2487">
     <span class='ocr_line' id='line_1_25' title="bbox 300 2414 1792 2487; baseline -0.003 -17"><span class='ocrx_word' id='word_1_183' title='bbox 300 2437 320 2470; x_wconf 79' lang='grc' dir='ltr'><strong>ι</strong></span> <span class='ocrx_word' id='word_1_184' title='bbox 365 2418 643 2487; x_wconf 77' lang='grc' dir='ltr'>Ἀδελφοὶ,</span> <span class='ocrx_word' id='word_1_185' title='bbox 693 2416 835 2471; x_wconf 83' lang='grc' dir='ltr'>κατὰ</span> <span class='ocrx_word' id='word_1_186' title='bbox 878 2414 1163 2485; x_wconf 77' lang='grc' dir='ltr'>ἄνθρωπον</span> <span class='ocrx_word' id='word_1_187' title='bbox 1215 2416 1378 2484; x_wconf 83' lang='grc' dir='ltr'>λέγω.</span> <span class='ocrx_word' id='word_1_188' title='bbox 1431 2434 1448 2468; x_wconf 82' lang='grc' dir='ltr'><strong>ι</strong></span> <span class='ocrx_word' id='word_1_189' title='bbox 1509 2414 1792 2484; x_wconf 86' lang='grc' dir='ltr'>Ἀνωτέρω</span> 
     </span>
    </p>
   </div>
   <div class='ocr_carea' id='block_1_26' title="bbox 217 2508 1792 2581">
    <p class='ocr_par' dir='ltr' id='par_1_26' title="bbox 217 2508 1792 2581">
     <span class='ocr_line' id='line_1_26' title="bbox 217 2508 1792 2581; baseline -0.004 -17"><span class='ocrx_word' id='word_1_190' title='bbox 217 2513 488 2581; x_wconf 81' lang='grc' dir='ltr'>ἀνοήτους</span> <span class='ocrx_word' id='word_1_191' title='bbox 551 2510 826 2574; x_wconf 78' lang='grc' dir='ltr'>καλέσας,</span> <span class='ocrx_word' id='word_1_192' title='bbox 884 2510 979 2562; x_wconf 78' lang='grc' dir='ltr'><strong>νῦν</strong></span> <span class='ocrx_word' id='word_1_193' title='bbox 1043 2509 1308 2576; x_wconf 79' lang='grc' dir='ltr'>ἀδελφοὺς</span> <span class='ocrx_word' id='word_1_194' title='bbox 1364 2508 1544 2574; x_wconf 84' lang='grc' dir='ltr'>λέγει·</span> <span class='ocrx_word' id='word_1_195' title='bbox 1615 2508 1792 2559; x_wconf 80' lang='grc' dir='ltr'>ἐκεῖνο</span> 
     </span>
    </p>
   </div>
   <div class='ocr_carea' id='block_1_27' title="bbox 222 2599 1787 2673">
    <p class='ocr_par' dir='ltr' id='par_1_27' title="bbox 222 2599 1787 2673">
     <span class='ocr_line' id='line_1_27' title="bbox 222 2599 1787 2673; baseline -0.001 -19"><span class='ocrx_word' id='word_1_196' title='bbox 222 2604 347 2673; x_wconf 82' lang='grc' dir='ltr'>μὲν,</span> <span class='ocrx_word' id='word_1_197' title='bbox 379 2603 596 2671; x_wconf 76' lang='grc' dir='ltr'>στύφων</span> <span class='ocrx_word' id='word_1_198' title='bbox 621 2619 634 2632; x_wconf 73' lang='grc' dir='ltr'><strong>ο</strong></span> <span class='ocrx_word' id='word_1_199' title='bbox 682 2601 839 2656; x_wconf 84' lang='grc' dir='ltr'>τοῦτο</span> <span class='ocrx_word' id='word_1_200' title='bbox 894 2601 950 2655; x_wconf 82' lang='grc' dir='ltr'>δὲ</span> <span class='ocrx_word' id='word_1_201' title='bbox 976 2599 1495 2670; x_wconf 75' lang='grc' dir='ltr'>παραμυθούμενος.</span> <span class='ocrx_word' id='word_1_202' title='bbox 1551 2599 1787 2670; x_wconf 82' lang='grc' dir='ltr'>Ἀνθρώ-</span> 
     </span>
    </p>
   </div>
   <div class='ocr_carea' id='block_1_28' title="bbox 219 2691 1783 2763">
    <p class='ocr_par' dir='ltr' id='par_1_28' title="bbox 219 2691 1783 2763">
     <span class='ocr_line' id='line_1_28' title="bbox 219 2691 1783 2763; baseline -0.001 -16"><span class='ocrx_word' id='word_1_203' title='bbox 219 2706 396 2759; x_wconf 79' lang='grc' dir='ltr'>πινον,</span> <span class='ocrx_word' id='word_1_204' title='bbox 431 2695 614 2763; x_wconf 63' lang='grc' dir='ltr'>φησιν,</span> <span class='ocrx_word' id='word_1_205' title='bbox 658 2694 966 2761; x_wconf 80' lang='grc' dir='ltr'>ὑπόδειγμα</span> <span class='ocrx_word' id='word_1_206' title='bbox 1026 2691 1205 2758; x_wconf 84' lang='grc' dir='ltr'>μέλλω</span> <span class='ocrx_word' id='word_1_207' title='bbox 1238 2691 1374 2761; x_wconf 78' lang='grc' dir='ltr'>ὑμῖν</span> <span class='ocrx_word' id='word_1_208' title='bbox 1423 2693 1783 2761; x_wconf 87' lang='grc' dir='ltr'>παραγαγεῖν.</span> 
     </span>
    </p>
   </div>
   <div class='ocr_carea' id='block_1_29' title="bbox 298 2801 1792 2873">
    <p class='ocr_par' dir='ltr' id='par_1_29' title="bbox 298 2801 1792 2873">
     <span class='ocr_line' id='line_1_29' title="bbox 298 2801 1792 2873; baseline -0.001 -17"><span class='ocrx_word' id='word_1_209' title='bbox 298 2823 317 2856; x_wconf 81' lang='grc' dir='ltr'><strong>ι</strong></span> <span class='ocrx_word' id='word_1_210' title='bbox 360 2807 548 2873; x_wconf 85' lang='grc' dir='ltr'>Ὅμως</span> <span class='ocrx_word' id='word_1_211' title='bbox 583 2802 870 2872; x_wconf 82' lang='grc' dir='ltr'>ἀνθρώπου</span> <span class='ocrx_word' id='word_1_212' title='bbox 902 2803 1292 2872; x_wconf 81' lang='grc' dir='ltr'>κεκυρωμένην</span> <span class='ocrx_word' id='word_1_213' title='bbox 1323 2801 1588 2871; x_wconf 75' lang='grc' dir='ltr'>διαθήγην</span> <span class='ocrx_word' id='word_1_214' title='bbox 1618 2805 1792 2866; x_wconf 70' lang='grc' dir='ltr'>οὐδεὶς</span> 
     </span>
    </p>
   </div>
   <div class='ocr_carea' id='block_1_30' title="bbox 219 2885 1789 2964">
    <p class='ocr_par' dir='ltr' id='par_1_30' title="bbox 219 2885 1789 2964">
     <span class='ocr_line' id='line_1_30' title="bbox 219 2885 1789 2964; baseline 0.001 -18"><span class='ocrx_word' id='word_1_215' title='bbox 219 2895 426 2956; x_wconf 76' lang='grc' dir='ltr'>ἀθετεῖ,</span> <span class='ocrx_word' id='word_1_216' title='bbox 448 2895 480 2964; x_wconf 85' lang='grc' dir='ltr'>ἢ</span> <span class='ocrx_word' id='word_1_217' title='bbox 503 2894 963 2947; x_wconf 81' lang='grc' dir='ltr'>ἐπιδιατάσσεται.</span> <span class='ocrx_word' id='word_1_218' title='bbox 991 2893 1080 2962; x_wconf 85' lang='grc' dir='ltr'>Τῴ</span> <span class='ocrx_word' id='word_1_219' title='bbox 1103 2893 1160 2946; x_wconf 85' lang='grc' dir='ltr'><strong>δέ</strong></span> <span class='ocrx_word' id='word_1_220' title='bbox 1189 2893 1440 2963; x_wconf 80' lang='grc' dir='ltr'>Ἀϐραὰμ</span> <span class='ocrx_word' id='word_1_221' title='bbox 1465 2893 1726 2962; x_wconf 74' lang='grc' dir='ltr'>ἐδόθησαν</span> <span class='ocrx_word' id='word_1_222' title='bbox 1745 2885 1789 2925; x_wconf 58' lang='lat'><strong>&quot;&quot;</strong></span> 
     </span>
    </p>
   </div>
   <div class='ocr_carea' id='block_1_31' title="bbox 214 2983 1785 3052">
    <p class='ocr_par' dir='ltr' id='par_1_31' title="bbox 214 2983 1785 3052">
     <span class='ocr_line' id='line_1_31' title="bbox 214 2983 1785 3052; baseline -0.002 -15"><span class='ocrx_word' id='word_1_223' title='bbox 214 2985 275 3037; x_wconf 82' lang='grc' dir='ltr'>αἱ</span> <span class='ocrx_word' id='word_1_224' title='bbox 315 2983 659 3050; x_wconf 89' lang='grc' dir='ltr'>ἐπαγγελίαι,</span> <span class='ocrx_word' id='word_1_225' title='bbox 709 2984 803 3036; x_wconf 75' lang='grc' dir='ltr'><strong>καὶ</strong></span> <span class='ocrx_word' id='word_1_226' title='bbox 847 2983 923 3051; x_wconf 84' lang='grc' dir='ltr'><strong>τῷ</strong></span> <span class='ocrx_word' id='word_1_227' title='bbox 957 2983 1234 3052; x_wconf 88' lang='grc' dir='ltr'>σπέρματι</span> <span class='ocrx_word' id='word_1_228' title='bbox 1283 2983 1469 3036; x_wconf 89' lang='grc' dir='ltr'>αὐτοῦ.</span> <span class='ocrx_word' id='word_1_229' title='bbox 1507 2985 1581 3035; x_wconf 88' lang='grc' dir='ltr'>Οὐ</span> <span class='ocrx_word' id='word_1_230' title='bbox 1614 2983 1785 3050; x_wconf 84' lang='grc' dir='ltr'>λέγει,</span> 
     </span>
    </p>
   </div>
   <div class='ocr_carea' id='block_1_32' title="bbox 213 3073 1790 3145">
    <p class='ocr_par' dir='ltr' id='par_1_32' title="bbox 213 3073 1790 3145">
     <span class='ocr_line' id='line_1_32' title="bbox 213 3073 1790 3145; baseline -0.003 -17"><span class='ocrx_word' id='word_1_231' title='bbox 213 3077 329 3128; x_wconf 74' lang='grc' dir='ltr'><strong>Και</strong></span> <span class='ocrx_word' id='word_1_232' title='bbox 362 3077 473 3136; x_wconf 86' lang='grc' dir='ltr'>τοῖς</span> <span class='ocrx_word' id='word_1_233' title='bbox 522 3075 851 3145; x_wconf 85' lang='grc' dir='ltr'>σπέρμασιν,</span> <span class='ocrx_word' id='word_1_234' title='bbox 904 3073 977 3136; x_wconf 84' lang='grc' dir='ltr'>ὠς</span> <span class='ocrx_word' id='word_1_235' title='bbox 1010 3073 1103 3125; x_wconf 81' lang='grc' dir='ltr'>ἐπὶ</span> <span class='ocrx_word' id='word_1_236' title='bbox 1157 3073 1389 3136; x_wconf 78' lang='grc' dir='ltr'>πολλῶν,</span> <span class='ocrx_word' id='word_1_237' title='bbox 1438 3073 1554 3125; x_wconf 85' lang='grc' dir='ltr'>ἀλλ’</span> <span class='ocrx_word' id='word_1_238' title='bbox 1599 3073 1673 3134; x_wconf 82' lang='grc' dir='ltr'>ὡς</span> <span class='ocrx_word' id='word_1_239' title='bbox 1704 3073 1790 3141; x_wconf 85' lang='grc' dir='ltr'><strong>ἐφ’</strong></span> 
     </span>
    </p>
   </div>
   <div class='ocr_carea' id='block_1_33' title="bbox 213 3164 1786 3234">
    <p class='ocr_par' dir='ltr' id='par_1_33' title="bbox 213 3164 1786 3234">
     <span class='ocr_line' id='line_1_33' title="bbox 213 3164 1786 3234; baseline -0.002 -15"><span class='ocrx_word' id='word_1_240' title='bbox 213 3167 359 3230; x_wconf 74' lang='grc' dir='ltr'>ενδς,</span> <span class='ocrx_word' id='word_1_241' title='bbox 391 3166 498 3218; x_wconf 79' lang='grc' dir='ltr'><strong>Καὶ</strong></span> <span class='ocrx_word' id='word_1_242' title='bbox 541 3166 618 3234; x_wconf 83' lang='grc' dir='ltr'>τῷ</span> <span class='ocrx_word' id='word_1_243' title='bbox 646 3165 925 3234; x_wconf 85' lang='grc' dir='ltr'>σπέρματί</span> <span class='ocrx_word' id='word_1_244' title='bbox 958 3181 1072 3228; x_wconf 89' lang='grc' dir='ltr'>σου,</span> <span class='ocrx_word' id='word_1_245' title='bbox 1104 3165 1158 3225; x_wconf 85' lang='grc' dir='ltr'>ὃς</span> <span class='ocrx_word' id='word_1_246' title='bbox 1191 3165 1303 3216; x_wconf 82' lang='grc' dir='ltr'>ἐστι</span> <span class='ocrx_word' id='word_1_247' title='bbox 1335 3165 1586 3231; x_wconf 81' lang='grc' dir='ltr'>Χριστός.</span> <span class='ocrx_word' id='word_1_248' title='bbox 1619 3164 1786 3216; x_wconf 85' lang='grc' dir='ltr'>Τοῦτο</span> 
     </span>
    </p>
   </div>
   <div class='ocr_carea' id='block_1_34' title="bbox 209 3255 1786 3326">
    <p class='ocr_par' dir='ltr' id='par_1_34' title="bbox 209 3255 1786 3326">
     <span class='ocr_line' id='line_1_34' title="bbox 209 3255 1786 3326; baseline -0.002 -16"><span class='ocrx_word' id='word_1_249' title='bbox 209 3257 462 3322; x_wconf 85' lang='grc' dir='ltr'>δὲλέγω.</span> <span class='ocrx_word' id='word_1_250' title='bbox 494 3257 769 3324; x_wconf 75' lang='grc' dir='ltr'>Διαθήκην</span> <span class='ocrx_word' id='word_1_251' title='bbox 817 3259 1318 3326; x_wconf 84' lang='grc' dir='ltr'>προκεκυρωμένην</span> <span class='ocrx_word' id='word_1_252' title='bbox 1364 3255 1467 3306; x_wconf 71' lang='grc' dir='ltr'>ὐπὸ</span> <span class='ocrx_word' id='word_1_253' title='bbox 1514 3255 1650 3307; x_wconf 83' lang='grc' dir='ltr'>Θεοῦ</span> <span class='ocrx_word' id='word_1_254' title='bbox 1708 3258 1786 3318; x_wconf 87' lang='grc' dir='ltr'><strong>είς</strong></span> 
     </span>
    </p>
   </div>
   <div class='ocr_carea' id='block_1_35' title="bbox 209 3346 1788 3418">
    <p class='ocr_par' dir='ltr' id='par_1_35' title="bbox 209 3346 1788 3418">
     <span class='ocr_line' id='line_1_35' title="bbox 209 3346 1788 3418; baseline -0.001 -16"><span class='ocrx_word' id='word_1_255' title='bbox 209 3348 469 3418; x_wconf 74' lang='grc' dir='ltr'>Χριστὸν,</span> <span class='ocrx_word' id='word_1_256' title='bbox 503 3350 529 3400; x_wconf 93' lang='lat'><strong>6</strong></span> <span class='ocrx_word' id='word_1_257' title='bbox 563 3351 704 3417; x_wconf 71' lang='grc' dir='ltr'>μετὰ.</span> <span class='ocrx_word' id='word_1_258' title='bbox 746 3347 1034 3415; x_wconf 84' lang='grc' dir='ltr'>τριακόσια</span> <span class='ocrx_word' id='word_1_259' title='bbox 1081 3346 1174 3398; x_wconf 78' lang='grc' dir='ltr'>καὶ</span> <span class='ocrx_word' id='word_1_260' title='bbox 1213 3347 1506 3416; x_wconf 75' lang='grc' dir='ltr'>τριάκοντα</span> <span class='ocrx_word' id='word_1_261' title='bbox 1552 3348 1644 3418; x_wconf 78' lang='grc' dir='ltr'><strong>ἐτη</strong></span> <span class='ocrx_word' id='word_1_262' title='bbox 1676 3358 1788 3417; x_wconf 73' lang='grc' dir='ltr'>’γε-</span> 
     </span>
    </p>
   </div>
   <div class='ocr_carea' id='block_1_36' title="bbox 209 3436 1785 3509">
    <p class='ocr_par' dir='ltr' id='par_1_36' title="bbox 209 3436 1785 3509">
     <span class='ocr_line' id='line_1_36' title="bbox 209 3436 1785 3509; baseline 0 -19"><span class='ocrx_word' id='word_1_263' title='bbox 209 3437 386 3504; x_wconf 85' lang='grc' dir='ltr'>γονὼς</span> <span class='ocrx_word' id='word_1_264' title='bbox 434 3439 597 3506; x_wconf 78' lang='grc' dir='ltr'>νόμος</span> <span class='ocrx_word' id='word_1_265' title='bbox 650 3438 750 3490; x_wconf 83' lang='grc' dir='ltr'><strong>οὐκ</strong></span> <span class='ocrx_word' id='word_1_266' title='bbox 795 3437 1021 3505; x_wconf 81' lang='grc' dir='ltr'>ἀκυροῖ,</span> <span class='ocrx_word' id='word_1_267' title='bbox 1072 3439 1150 3500; x_wconf 86' lang='grc' dir='ltr'><strong>είς</strong></span> <span class='ocrx_word' id='word_1_268' title='bbox 1194 3436 1254 3488; x_wconf 76' lang='grc' dir='ltr'><strong>τὸ</strong></span> <span class='ocrx_word' id='word_1_269' title='bbox 1307 3439 1650 3508; x_wconf 83' lang='grc' dir='ltr'>καταργῆσαι</span> <span class='ocrx_word' id='word_1_270' title='bbox 1689 3439 1785 3509; x_wconf 78' lang='grc' dir='ltr'>τὴν</span> 
     </span>
    </p>
   </div>
   <div class='ocr_carea' id='block_1_37' title="bbox 210 3527 1781 3600">
    <p class='ocr_par' dir='ltr' id='par_1_37' title="bbox 210 3527 1781 3600">
     <span class='ocr_line' id='line_1_37' title="bbox 210 3527 1781 3600; baseline 0.003 -20"><span class='ocrx_word' id='word_1_271' title='bbox 210 3528 566 3596; x_wconf 85' lang='grc' dir='ltr'>ἐπαγγελίαν.</span> <span class='ocrx_word' id='word_1_272' title='bbox 613 3547 632 3580; x_wconf 80' lang='grc' dir='ltr'><strong>ι</strong></span> <span class='ocrx_word' id='word_1_273' title='bbox 671 3527 840 3581; x_wconf 88' lang='grc' dir='ltr'>Τοῦτο</span> <span class='ocrx_word' id='word_1_274' title='bbox 887 3527 1136 3597; x_wconf 83' lang='grc' dir='ltr'>βούλεται</span> <span class='ocrx_word' id='word_1_275' title='bbox 1166 3529 1357 3594; x_wconf 81' lang='grc' dir='ltr'>δεῖξαι,</span> <span class='ocrx_word' id='word_1_276' title='bbox 1392 3531 1472 3582; x_wconf 86' lang='grc' dir='ltr'><strong>ὅτι</strong></span> <span class='ocrx_word' id='word_1_277' title='bbox 1506 3532 1537 3600; x_wconf 80' lang='grc' dir='ltr'><strong>ἠ</strong></span> <span class='ocrx_word' id='word_1_278' title='bbox 1578 3533 1781 3595; x_wconf 81' lang='grc' dir='ltr'>πίστις,</span> 
     </span>
    </p>
   </div>
   <div class='ocr_carea' id='block_1_38' title="bbox 207 3621 1785 3694">
    <p class='ocr_par' dir='ltr' id='par_1_38' title="bbox 207 3621 1785 3694">
     <span class='ocr_line' id='line_1_38' title="bbox 207 3621 1785 3694; baseline 0.002 -18"><span class='ocrx_word' id='word_1_279' title='bbox 207 3623 448 3694; x_wconf 78' lang='grc' dir='ltr'>διαθήκη</span> <span class='ocrx_word' id='word_1_280' title='bbox 483 3623 628 3674; x_wconf 72' lang='grc' dir='ltr'>ἐστὶν</span> <span class='ocrx_word' id='word_1_281' title='bbox 676 3621 1006 3692; x_wconf 84' lang='grc' dir='ltr'>ἀρχαιοτέρα</span> <span class='ocrx_word' id='word_1_282' title='bbox 1059 3621 1154 3674; x_wconf 87' lang='grc' dir='ltr'><strong>τοῦ</strong></span> <span class='ocrx_word' id='word_1_283' title='bbox 1211 3623 1399 3692; x_wconf 87' lang='grc' dir='ltr'>νόμου,</span> <span class='ocrx_word' id='word_1_284' title='bbox 1434 3625 1529 3676; x_wconf 74' lang='grc' dir='ltr'>καὶ</span> <span class='ocrx_word' id='word_1_285' title='bbox 1557 3627 1639 3677; x_wconf 85' lang='grc' dir='ltr'><strong>ὃτι</strong></span> <span class='ocrx_word' id='word_1_286' title='bbox 1687 3625 1785 3679; x_wconf 90' lang='grc' dir='ltr'><strong>οὐκ</strong></span> 
     </span>
    </p>
   </div>
   <div class='ocr_carea' id='block_1_39' title="bbox 210 3713 1785 3784">
    <p class='ocr_par' dir='ltr' id='par_1_39' title="bbox 210 3713 1785 3784">
     <span class='ocr_line' id='line_1_39' title="bbox 210 3713 1785 3784; baseline 0.001 -17"><span class='ocrx_word' id='word_1_287' title='bbox 210 3717 279 3767; x_wconf 79' lang='grc' dir='ltr'>ἂν</span> <span class='ocrx_word' id='word_1_288' title='bbox 307 3715 514 3767; x_wconf 82' lang='grc' dir='ltr'>δίκαιον</span> <span class='ocrx_word' id='word_1_289' title='bbox 549 3715 633 3782; x_wconf 78' lang='grc' dir='ltr'><strong>εἴη</strong></span> <span class='ocrx_word' id='word_1_290' title='bbox 678 3713 1102 3784; x_wconf 71' lang='grc' dir='ltr'>προτιμηθῆναιι</span> <span class='ocrx_word' id='word_1_291' title='bbox 1134 3714 1303 3783; x_wconf 80' lang='grc' dir='ltr'>αὐτῆς</span> <span class='ocrx_word' id='word_1_292' title='bbox 1336 3715 1427 3767; x_wconf 82' lang='grc' dir='ltr'><strong>τὸν</strong></span> <span class='ocrx_word' id='word_1_293' title='bbox 1468 3716 1652 3784; x_wconf 85' lang='grc' dir='ltr'>νόμον.</span> <span class='ocrx_word' id='word_1_294' title='bbox 1693 3717 1785 3769; x_wconf 80' lang='grc' dir='ltr'>Διὸ</span> 
     </span>
    </p>
   </div>
   <div class='ocr_carea' id='block_1_40' title="bbox 209 3805 1781 3877">
    <p class='ocr_par' dir='ltr' id='par_1_40' title="bbox 209 3805 1781 3877">
     <span class='ocr_line' id='line_1_40' title="bbox 209 3805 1781 3877; baseline 0.009 -21"><span class='ocrx_word' id='word_1_295' title='bbox 209 3808 308 3859; x_wconf 69' lang='grc' dir='ltr'><strong>καὶ</strong></span> <span class='ocrx_word' id='word_1_296' title='bbox 351 3807 412 3858; x_wconf 78' lang='grc' dir='ltr'>τὸ</span> <span class='ocrx_word' id='word_1_297' title='bbox 469 3806 772 3874; x_wconf 78' lang='grc' dir='ltr'>ὑπόδειγμα</span> <span class='ocrx_word' id='word_1_298' title='bbox 818 3805 1078 3857; x_wconf 81' lang='grc' dir='ltr'>τέθεικεν.</span> <span class='ocrx_word' id='word_1_299' title='bbox 1143 3805 1270 3858; x_wconf 74' lang='grc' dir='ltr'>Ἐὰν</span> <span class='ocrx_word' id='word_1_300' title='bbox 1315 3806 1424 3876; x_wconf 82' lang='grc' dir='ltr'>γὰρ</span> <span class='ocrx_word' id='word_1_301' title='bbox 1475 3807 1781 3877; x_wconf 69' lang='grc' dir='ltr'>ἄνθρωπος,</span> 
     </span>
    </p>
   </div>
   <div class='ocr_carea' id='block_1_41' title="bbox 209 3897 1784 3967">
    <p class='ocr_par' dir='ltr' id='par_1_41' title="bbox 209 3897 1784 3967">
     <span class='ocr_line' id='line_1_41' title="bbox 209 3897 1784 3967; baseline 0.001 -18"><span class='ocrx_word' id='word_1_302' title='bbox 209 3900 368 3967; x_wconf 68' lang='grc' dir='ltr'>φησὶ,</span> <span class='ocrx_word' id='word_1_303' title='bbox 411 3897 684 3967; x_wconf 82' lang='grc' dir='ltr'>διάθηται,</span> <span class='ocrx_word' id='word_1_304' title='bbox 745 3897 818 3966; x_wconf 84' lang='grc' dir='ltr'>μὴ</span> <span class='ocrx_word' id='word_1_305' title='bbox 849 3897 1022 3966; x_wconf 75' lang='grc' dir='ltr'>τολμᾷ</span> <span class='ocrx_word' id='word_1_306' title='bbox 1056 3913 1140 3958; x_wconf 88' lang='grc' dir='ltr'><strong>τις</strong></span> <span class='ocrx_word' id='word_1_307' title='bbox 1169 3897 1308 3964; x_wconf 74' lang='grc' dir='ltr'>μετὰ</span> <span class='ocrx_word' id='word_1_308' title='bbox 1335 3898 1508 3951; x_wconf 87' lang='grc' dir='ltr'>ταῦτα</span> <span class='ocrx_word' id='word_1_309' title='bbox 1529 3900 1573 3931; x_wconf 82' lang='grc'><strong>⁷³</strong></span> <span class='ocrx_word' id='word_1_310' title='bbox 1614 3899 1784 3951; x_wconf 85' lang='grc' dir='ltr'>ἐλθὼν</span> 
     </span>
    </p>
   </div>
   <div class='ocr_carea' id='block_1_42' title="bbox 205 3987 1782 4059">
    <p class='ocr_par' dir='ltr' id='par_1_42' title="bbox 205 3987 1782 4059">
     <span class='ocr_line' id='line_1_42' title="bbox 205 3987 1782 4059; baseline 0.003 -19"><span class='ocrx_word' id='word_1_311' title='bbox 205 3989 580 4057; x_wconf 75' lang='grc' dir='ltr'>ἀνατρέψαιῆ</span> <span class='ocrx_word' id='word_1_312' title='bbox 631 3987 1098 4051; x_wconf 80' lang='grc' dir='ltr'>ἐπιδιατάξασθαι,</span> <span class='ocrx_word' id='word_1_313' title='bbox 1146 3989 1416 4053; x_wconf 80' lang='grc' dir='ltr'>τουτέστι,</span> <span class='ocrx_word' id='word_1_314' title='bbox 1465 3991 1782 4059; x_wconf 84' lang='grc' dir='ltr'>προσθεῖναί</span> 
     </span>
    </p>
   </div>
   <div class='ocr_carea' id='block_1_43' title="bbox 207 4079 1783 4151">
    <p class='ocr_par' dir='ltr' id='par_1_43' title="bbox 207 4079 1783 4151">
     <span class='ocr_line' id='line_1_43' title="bbox 207 4079 1783 4151; baseline 0.003 -19"><span class='ocrx_word' id='word_1_315' title='bbox 207 4096 296 4144; x_wconf 79' lang='grc' dir='ltr'><strong>τις</strong></span> <span class='ocrx_word' id='word_1_316' title='bbox 338 4079 546 4133; x_wconf 83' lang='grc' dir='ltr'>Οὐκοῦν</span> <span class='ocrx_word' id='word_1_317' title='bbox 590 4080 790 4148; x_wconf 79' lang='grc' dir='ltr'>μᾶλλον</span> <span class='ocrx_word' id='word_1_318' title='bbox 835 4081 929 4132; x_wconf 70' lang='grc' dir='ltr'>ἐπὶ</span> <span class='ocrx_word' id='word_1_319' title='bbox 963 4079 1055 4131; x_wconf 85' lang='grc' dir='ltr'><strong>τοῦ</strong></span> <span class='ocrx_word' id='word_1_320' title='bbox 1095 4079 1251 4134; x_wconf 87' lang='grc' dir='ltr'>Θεοῦ.</span> <span class='ocrx_word' id='word_1_321' title='bbox 1287 4080 1397 4135; x_wconf 79' lang='grc' dir='ltr'><strong>Καὶ</strong></span> <span class='ocrx_word' id='word_1_322' title='bbox 1443 4083 1550 4151; x_wconf 76' lang='grc' dir='ltr'>γὰρ</span> <span class='ocrx_word' id='word_1_323' title='bbox 1585 4083 1614 4134; x_wconf 82' lang='lat'><strong>6</strong></span> <span class='ocrx_word' id='word_1_324' title='bbox 1651 4084 1783 4145; x_wconf 82' lang='grc' dir='ltr'><strong>Θεὸς</strong></span> 
     </span>
    </p>
   </div>
   <div class='ocr_carea' id='block_1_44' title="bbox 207 4171 1783 4245">
    <p class='ocr_par' dir='ltr' id='par_1_44' title="bbox 207 4171 1783 4245">
     <span class='ocr_line' id='line_1_44' title="bbox 207 4171 1783 4245; baseline 0.001 -21"><span class='ocrx_word' id='word_1_325' title='bbox 207 4171 478 4240; x_wconf 79' lang='grc' dir='ltr'>διαθήκην</span> <span class='ocrx_word' id='word_1_326' title='bbox 532 4173 755 4238; x_wconf 87' lang='grc' dir='ltr'>ἐποίησε</span> <span class='ocrx_word' id='word_1_327' title='bbox 809 4173 946 4240; x_wconf 75' lang='grc' dir='ltr'>πρὸς</span> <span class='ocrx_word' id='word_1_328' title='bbox 1003 4172 1092 4224; x_wconf 86' lang='grc' dir='ltr'><strong>τὸν</strong></span> <span class='ocrx_word' id='word_1_329' title='bbox 1155 4172 1428 4240; x_wconf 75' lang='grc' dir='ltr'>Ἀϐραὰμ,</span> <span class='ocrx_word' id='word_1_330' title='bbox 1467 4174 1554 4226; x_wconf 79' lang='grc' dir='ltr'><strong>ἵνα</strong></span> <span class='ocrx_word' id='word_1_331' title='bbox 1611 4176 1666 4226; x_wconf 72' lang='grc' dir='ltr'><strong>ἐν</strong></span> <span class='ocrx_word' id='word_1_332' title='bbox 1707 4174 1783 4245; x_wconf 81' lang='grc' dir='ltr'>τῷ</span> 
     </span>
    </p>
   </div>
   <div class='ocr_carea' id='block_1_45' title="bbox 209 4262 1784 4334">
    <p class='ocr_par' dir='ltr' id='par_1_45' title="bbox 209 4262 1784 4334">
     <span class='ocr_line' id='line_1_45' title="bbox 209 4262 1784 4334; baseline 0.003 -19"><span class='ocrx_word' id='word_1_333' title='bbox 209 4264 489 4331; x_wconf 86' lang='grc' dir='ltr'>σπέρματι</span> <span class='ocrx_word' id='word_1_334' title='bbox 517 4262 682 4314; x_wconf 85' lang='grc' dir='ltr'>αὐτοῦ</span> <span class='ocrx_word' id='word_1_335' title='bbox 711 4262 1047 4331; x_wconf 79' lang='grc' dir='ltr'>εὐλογηθῶσι</span> <span class='ocrx_word' id='word_1_336' title='bbox 1080 4264 1149 4316; x_wconf 73' lang='grc' dir='ltr'><strong>τά</strong></span> <span class='ocrx_word' id='word_1_337' title='bbox 1187 4263 1333 4331; x_wconf 74' lang='grc' dir='ltr'>ἔθνη.</span> <span class='ocrx_word' id='word_1_338' title='bbox 1375 4265 1448 4316; x_wconf 77' lang='grc' dir='ltr'><strong>Τὸ</strong></span> <span class='ocrx_word' id='word_1_339' title='bbox 1479 4265 1534 4316; x_wconf 85' lang='grc' dir='ltr'>δὲ</span> <span class='ocrx_word' id='word_1_340' title='bbox 1563 4266 1784 4334; x_wconf 86' lang='grc' dir='ltr'>σπέρμα</span> 
     </span>
    </p>
   </div>
   <div class='ocr_carea' id='block_1_46' title="bbox 206 4352 1774 4430">
    <p class='ocr_par' dir='ltr' id='par_1_46' title="bbox 206 4352 1774 4430">
     <span class='ocr_line' id='line_1_46' title="bbox 206 4352 1774 4430; baseline 0.002 -22"><span class='ocrx_word' id='word_1_341' title='bbox 206 4353 428 4408; x_wconf 79' lang='grc' dir='ltr'>αὐτοῦό</span> <span class='ocrx_word' id='word_1_342' title='bbox 481 4354 733 4423; x_wconf 76' lang='grc' dir='ltr'>Χριστός.</span> <span class='ocrx_word' id='word_1_343' title='bbox 802 4356 873 4407; x_wconf 81' lang='grc' dir='ltr'>Οὐ</span> <span class='ocrx_word' id='word_1_344' title='bbox 915 4355 1024 4424; x_wconf 73' lang='grc' dir='ltr'>γὰρ</span> <span class='ocrx_word' id='word_1_345' title='bbox 1057 4352 1199 4419; x_wconf 85' lang='grc' dir='ltr'>εἶπε,</span> <span class='ocrx_word' id='word_1_346' title='bbox 1251 4357 1377 4418; x_wconf 78' lang='grc' dir='ltr'>Τοῖς</span> <span class='ocrx_word' id='word_1_347' title='bbox 1437 4359 1774 4430; x_wconf 85' lang='grc' dir='ltr'>σπέρμασιν,</span> 
     </span>
    </p>
   </div>
   <div class='ocr_carea' id='block_1_47' title="bbox 203 4444 1780 4518">
    <p class='ocr_par' dir='ltr' id='par_1_47' title="bbox 203 4444 1780 4518">
     <span class='ocr_line' id='line_1_47' title="bbox 203 4444 1780 4518; baseline 0.004 -22"><span class='ocrx_word' id='word_1_348' title='bbox 203 4445 294 4496; x_wconf 83' lang='grc' dir='ltr'><strong>ἵνα</strong></span> <span class='ocrx_word' id='word_1_349' title='bbox 343 4445 414 4512; x_wconf 81' lang='grc' dir='ltr'>μὴ</span> <span class='ocrx_word' id='word_1_350' title='bbox 457 4445 685 4515; x_wconf 78' lang='grc' dir='ltr'>νομίσῃς</span> <span class='ocrx_word' id='word_1_351' title='bbox 708 4444 755 4476; x_wconf 75' lang='grc'>⁷⁸</span> <span class='ocrx_word' id='word_1_352' title='bbox 811 4447 936 4507; x_wconf 69' lang='grc' dir='ltr'>τοὺς</span> <span class='ocrx_word' id='word_1_353' title='bbox 987 4446 1081 4499; x_wconf 81' lang='grc' dir='ltr'><strong>ἀπ’</strong></span> <span class='ocrx_word' id='word_1_354' title='bbox 1141 4447 1304 4499; x_wconf 85' lang='grc' dir='ltr'>αὐτοῦ</span> <span class='ocrx_word' id='word_1_355' title='bbox 1377 4451 1780 4518; x_wconf 80' lang='grc' dir='ltr'>καταγομένους</span> 
     </span>
    </p>
   </div>
   <div class='ocr_carea' id='block_1_48' title="bbox 206 4535 1321 4604">
    <p class='ocr_par' dir='ltr' id='par_1_48' title="bbox 206 4535 1321 4604">
     <span class='ocr_line' id='line_1_48' title="bbox 206 4535 1321 4604; baseline 0.003 -17"><span class='ocrx_word' id='word_1_356' title='bbox 206 4535 496 4596; x_wconf 78' lang='grc' dir='ltr'>Ἰουδαίους</span> <span class='ocrx_word' id='word_1_357' title='bbox 554 4537 648 4588; x_wconf 73' lang='grc' dir='ltr'><strong>καὶ</strong></span> <span class='ocrx_word' id='word_1_358' title='bbox 706 4536 1094 4604; x_wconf 74' lang='grc' dir='ltr'>Ἰσμαηλίτας·</span> <span class='ocrx_word' id='word_1_359' title='bbox 1156 4538 1321 4599; x_wconf 81' lang='grc' dir='ltr'>ἀλλὰ,</span> 
     </span>
    </p>
   </div>
   <div class='ocr_carea' id='block_1_49' title="bbox 208 4627 1778 4702">
    <p class='ocr_par' dir='ltr' id='par_1_49' title="bbox 208 4627 1778 4702">
     <span class='ocr_line' id='line_1_49' title="bbox 208 4627 1778 4702; baseline 0.006 -26"><span class='ocrx_word' id='word_1_360' title='bbox 208 4643 363 4694; x_wconf 86' lang='grc' dir='ltr'>ματι,</span> <span class='ocrx_word' id='word_1_361' title='bbox 402 4644 419 4675; x_wconf 86' lang='grc' dir='ltr'><strong>ι</strong></span> <span class='ocrx_word' id='word_1_362' title='bbox 459 4627 652 4687; x_wconf 64' lang='grc' dir='ltr'>ἕνα-Τις</span> <span class='ocrx_word' id='word_1_363' title='bbox 674 4643 686 4655; x_wconf 91' lang='grc'>·</span> <span class='ocrx_word' id='word_1_364' title='bbox 719 4628 852 4696; x_wconf 85' lang='grc' dir='ltr'>ὅπερ</span> <span class='ocrx_word' id='word_1_365' title='bbox 884 4629 1050 4689; x_wconf 74' lang='grc' dir='ltr'>ἐστὶν,</span> <span class='ocrx_word' id='word_1_366' title='bbox 1083 4629 1156 4691; x_wconf 83' lang='grc' dir='ltr'>ὡς</span> <span class='ocrx_word' id='word_1_367' title='bbox 1189 4631 1424 4699; x_wconf 71' lang='grc' dir='ltr'>εἴρηται,</span> <span class='ocrx_word' id='word_1_368' title='bbox 1460 4633 1487 4682; x_wconf 90' lang='lat'><strong>6</strong></span> <span class='ocrx_word' id='word_1_369' title='bbox 1523 4633 1778 4702; x_wconf 76' lang='grc' dir='ltr'>Χριστός.</span> 
     </span>
    </p>
   </div>
   <div class='ocr_carea' id='block_1_50' title="bbox 205 4708 1783 4789">
    <p class='ocr_par' dir='ltr' id='par_1_50' title="bbox 205 4708 1783 4789">
     <span class='ocr_line' id='line_1_50' title="bbox 205 4708 1783 4789; baseline 0.006 -24"><span class='ocrx_word' id='word_1_370' title='bbox 205 4712 330 4773; x_wconf 81' lang='grc' dir='ltr'>Πῶς</span> <span class='ocrx_word' id='word_1_371' title='bbox 358 4708 450 4764; x_wconf 79' lang='grc' dir='ltr'><strong>οὖν</strong></span> <span class='ocrx_word' id='word_1_372' title='bbox 475 4715 675 4783; x_wconf 59' lang='grc' dir='ltr'>ταύτην</span> <span class='ocrx_word' id='word_1_373' title='bbox 705 4713 801 4783; x_wconf 79' lang='grc' dir='ltr'>τὴν</span> <span class='ocrx_word' id='word_1_374' title='bbox 829 4715 1116 4786; x_wconf 80' lang='grc' dir='ltr'>διαθήκην,</span> <span class='ocrx_word' id='word_1_375' title='bbox 1155 4719 1248 4770; x_wconf 76' lang='grc' dir='ltr'>καὶ</span> <span class='ocrx_word' id='word_1_376' title='bbox 1297 4722 1637 4789; x_wconf 77' lang='grc' dir='ltr'>συμφωνίαν,</span> <span class='ocrx_word' id='word_1_377' title='bbox 1689 4724 1783 4774; x_wconf 80' lang='grc' dir='ltr'>καὶ</span> 
     </span>
    </p>
   </div>
   <div class='ocr_carea' id='block_1_51' title="bbox 201 4803 1781 4883">
    <p class='ocr_par' dir='ltr' id='par_1_51' title="bbox 201 4803 1781 4883">
     <span class='ocr_line' id='line_1_51' title="bbox 201 4803 1781 4883; baseline 0.006 -27"><span class='ocrx_word' id='word_1_378' title='bbox 201 4803 540 4870; x_wconf 63' lang='grc' dir='ltr'>ἐπαγγελίαν</span> <span class='ocrx_word' id='word_1_379' title='bbox 564 4805 786 4857; x_wconf 75' lang='grc' dir='ltr'>δύναται</span> <span class='ocrx_word' id='word_1_380' title='bbox 813 4807 1100 4876; x_wconf 72' lang='grc' dir='ltr'>ἀκυρῶσαι</span> <span class='ocrx_word' id='word_1_381' title='bbox 1129 4811 1156 4860; x_wconf 88' lang='lat'><strong>6</strong></span> <span class='ocrx_word' id='word_1_382' title='bbox 1183 4811 1367 4877; x_wconf 78' lang='grc' dir='ltr'>νόμος,</span> <span class='ocrx_word' id='word_1_383' title='bbox 1401 4812 1485 4864; x_wconf 81' lang='grc' dir='ltr'><strong>ἵνα</strong></span> <span class='ocrx_word' id='word_1_384' title='bbox 1518 4813 1591 4881; x_wconf 82' lang='grc' dir='ltr'>μὴ</span> <span class='ocrx_word' id='word_1_385' title='bbox 1624 4815 1680 4865; x_wconf 85' lang='grc' dir='ltr'><strong>ἐν</strong></span> <span class='ocrx_word' id='word_1_386' title='bbox 1704 4812 1781 4883; x_wconf 83' lang='grc' dir='ltr'>τῷ</span> 
     </span>
    </p>
   </div>
   <div class='ocr_carea' id='block_1_52' title="bbox 199 4896 1783 4972">
    <p class='ocr_par' dir='ltr' id='par_1_52' title="bbox 199 4896 1783 4972">
     <span class='ocr_line' id='line_1_52' title="bbox 199 4896 1783 4972; baseline 0.005 -24"><span class='ocrx_word' id='word_1_387' title='bbox 199 4896 430 4965; x_wconf 80' lang='grc' dir='ltr'>Χριστῷ</span> <span class='ocrx_word' id='word_1_388' title='bbox 470 4898 806 4967; x_wconf 81' lang='grc' dir='ltr'>εὐλογηθώσι</span> <span class='ocrx_word' id='word_1_389' title='bbox 855 4900 922 4950; x_wconf 80' lang='grc' dir='ltr'><strong>τὰ</strong></span> <span class='ocrx_word' id='word_1_390' title='bbox 952 4898 1101 4968; x_wconf 80' lang='grc' dir='ltr'>ἔθνη,</span> <span class='ocrx_word' id='word_1_391' title='bbox 1130 4901 1244 4951; x_wconf 82' lang='grc' dir='ltr'>ἀλλ’</span> <span class='ocrx_word' id='word_1_392' title='bbox 1285 4903 1342 4952; x_wconf 84' lang='grc' dir='ltr'><strong>ἐν</strong></span> <span class='ocrx_word' id='word_1_393' title='bbox 1382 4905 1502 4964; x_wconf 86' lang='grc' dir='ltr'>ταῖς</span> <span class='ocrx_word' id='word_1_394' title='bbox 1531 4909 1783 4972; x_wconf 88' lang='grc' dir='ltr'>νομικαίς</span> 
     </span>
    </p>
   </div>
   <div class='ocr_carea' id='block_1_53' title="bbox 199 4989 1779 5062">
    <p class='ocr_par' dir='ltr' id='par_1_53' title="bbox 199 4989 1779 5062">
     <span class='ocr_line' id='line_1_53' title="bbox 199 4989 1779 5062; baseline 0.005 -21"><span class='ocrx_word' id='word_1_395' title='bbox 199 4989 476 5055; x_wconf 48' lang='grc' dir='ltr'>ἐντολαῖς</span> <span class='ocrx_word' id='word_1_396' title='bbox 503 4989 674 5041; x_wconf 86' lang='grc' dir='ltr'>Τοῦτο</span> <span class='ocrx_word' id='word_1_397' title='bbox 700 4991 807 5059; x_wconf 81' lang='grc' dir='ltr'>γὰρ</span> <span class='ocrx_word' id='word_1_398' title='bbox 833 4992 983 5043; x_wconf 80' lang='grc' dir='ltr'>οὐδὲν</span> <span class='ocrx_word' id='word_1_399' title='bbox 998 4993 1124 5045; x_wconf 75' lang='grc' dir='ltr'>ἄλλο</span> <span class='ocrx_word' id='word_1_400' title='bbox 1144 4994 1308 5052; x_wconf 70' lang='grc' dir='ltr'>ἐστὶν,</span> <span class='ocrx_word' id='word_1_401' title='bbox 1332 4994 1362 5044; x_wconf 72' lang='grc' dir='ltr'><strong>ἦ</strong></span> <span class='ocrx_word' id='word_1_402' title='bbox 1389 4998 1779 5062; x_wconf 79' lang='grc' dir='ltr'>καταογεῖσθαι</span> 
     </span>
    </p>
   </div>
   <div class='ocr_carea' id='block_1_54' title="bbox 199 5078 1119 5149">
    <p class='ocr_par' dir='ltr' id='par_1_54' title="bbox 199 5078 1119 5149">
     <span class='ocr_line' id='line_1_54' title="bbox 199 5078 1119 5149; baseline 0.004 -19"><span class='ocrx_word' id='word_1_403' title='bbox 199 5080 301 5148; x_wconf 73' lang='grc' dir='ltr'>τὴν</span> <span class='ocrx_word' id='word_1_404' title='bbox 331 5078 662 5144; x_wconf 78' lang='grc' dir='ltr'>ἐπαγγελίαν</span> <span class='ocrx_word' id='word_1_405' title='bbox 683 5095 696 5107; x_wconf 86' lang='grc'><strong>·</strong></span> <span class='ocrx_word' id='word_1_406' title='bbox 734 5079 870 5149; x_wconf 80' lang='grc' dir='ltr'>ὅπερ</span> <span class='ocrx_word' id='word_1_407' title='bbox 898 5080 1119 5134; x_wconf 82' lang='grc' dir='ltr'>ἄτοπον.</span> 
     </span>
    </p>
   </div>
   <div class='ocr_carea' id='block_1_55' title="bbox 280 5193 1778 5266">
    <p class='ocr_par' dir='ltr' id='par_1_55' title="bbox 280 5193 1778 5266">
     <span class='ocr_line' id='line_1_55' title="bbox 280 5193 1778 5266; baseline 0.008 -26"><span class='ocrx_word' id='word_1_408' title='bbox 280 5209 299 5240; x_wconf 77' lang='grc' dir='ltr'><strong>ι</strong></span> <span class='ocrx_word' id='word_1_409' title='bbox 338 5193 396 5244; x_wconf 85' lang='grc' dir='ltr'>Εἰ</span> <span class='ocrx_word' id='word_1_410' title='bbox 427 5193 536 5262; x_wconf 74' lang='grc' dir='ltr'><strong>γὰρ</strong></span> <span class='ocrx_word' id='word_1_411' title='bbox 579 5193 641 5244; x_wconf 81' lang='grc' dir='ltr'><strong>ἐκ</strong></span> <span class='ocrx_word' id='word_1_412' title='bbox 687 5193 781 5244; x_wconf 87' lang='grc' dir='ltr'><strong>τοῦ</strong></span> <span class='ocrx_word' id='word_1_413' title='bbox 821 5194 1046 5263; x_wconf 78' lang='grc' dir='ltr'>νόμουή</span> <span class='ocrx_word' id='word_1_414' title='bbox 1100 5195 1454 5266; x_wconf 82' lang='grc' dir='ltr'>κληρονομία,</span> <span class='ocrx_word' id='word_1_415' title='bbox 1503 5199 1602 5251; x_wconf 86' lang='grc' dir='ltr'><strong>οὐκ</strong></span> <span class='ocrx_word' id='word_1_416' title='bbox 1632 5199 1778 5252; x_wconf 79' lang='grc' dir='ltr'>ἔστιν</span> 
     </span>
    </p>
   </div>
   <div class='ocr_carea' id='block_1_56' title="bbox 201 5285 1782 5357">
    <p class='ocr_par' dir='ltr' id='par_1_56' title="bbox 201 5285 1782 5357">
     <span class='ocr_line' id='line_1_56' title="bbox 201 5285 1782 5357; baseline 0.003 -19"><span class='ocrx_word' id='word_1_417' title='bbox 201 5285 260 5351; x_wconf 78' lang='grc' dir='ltr'>ἐξ</span> <span class='ocrx_word' id='word_1_418' title='bbox 315 5286 664 5352; x_wconf 81' lang='grc' dir='ltr'>ἐπαγγελίας.</span> <span class='ocrx_word' id='word_1_419' title='bbox 698 5285 787 5355; x_wconf 79' lang='grc' dir='ltr'><strong>Τῷ</strong></span> <span class='ocrx_word' id='word_1_420' title='bbox 835 5286 891 5338; x_wconf 73' lang='grc' dir='ltr'>δὲ</span> <span class='ocrx_word' id='word_1_421' title='bbox 929 5287 1184 5357; x_wconf 77' lang='grc' dir='ltr'>Ἀϐραὰμ</span> <span class='ocrx_word' id='word_1_422' title='bbox 1209 5288 1274 5341; x_wconf 84' lang='grc' dir='ltr'>δι’</span> <span class='ocrx_word' id='word_1_423' title='bbox 1309 5291 1641 5356; x_wconf 85' lang='grc' dir='ltr'>ἐπαγγελίας</span> <span class='ocrx_word' id='word_1_424' title='bbox 1692 5309 1782 5343; x_wconf 88' lang='grc' dir='ltr'>κε-</span> 
     </span>
    </p>
   </div>
   <div class='ocr_carea' id='block_1_57' title="bbox 200 5377 1778 5452">
    <p class='ocr_par' dir='ltr' id='par_1_57' title="bbox 200 5377 1778 5452">
     <span class='ocr_line' id='line_1_57' title="bbox 200 5377 1778 5452; baseline 0.005 -24"><span class='ocrx_word' id='word_1_425' title='bbox 200 5377 463 5447; x_wconf 79' lang='grc' dir='ltr'>χάρισται</span> <span class='ocrx_word' id='word_1_426' title='bbox 493 5379 519 5428; x_wconf 92' lang='lat'><strong>6</strong></span> <span class='ocrx_word' id='word_1_427' title='bbox 563 5377 716 5438; x_wconf 85' lang='grc' dir='ltr'>Θεός.</span> <span class='ocrx_word' id='word_1_428' title='bbox 751 5397 768 5427; x_wconf 84' lang='grc' dir='ltr'><strong>ι</strong></span> <span class='ocrx_word' id='word_1_429' title='bbox 807 5377 867 5430; x_wconf 72' lang='lat' dir='ltr'><strong>El</strong></span> <span class='ocrx_word' id='word_1_430' title='bbox 906 5380 933 5430; x_wconf 95' lang='lat'><strong>6</strong></span> <span class='ocrx_word' id='word_1_431' title='bbox 965 5379 1149 5446; x_wconf 84' lang='grc' dir='ltr'>νόμος,</span> <span class='ocrx_word' id='word_1_432' title='bbox 1184 5381 1336 5450; x_wconf 72' lang='grc' dir='ltr'>φησὶ,</span> <span class='ocrx_word' id='word_1_433' title='bbox 1367 5383 1649 5452; x_wconf 78' lang='grc' dir='ltr'>χαρίζεται</span> <span class='ocrx_word' id='word_1_434' title='bbox 1682 5386 1778 5446; x_wconf 73' lang='grc' dir='ltr'>τὰς</span> 
     </span>
    </p>
   </div>
   <div class='ocr_carea' id='block_1_58' title="bbox 200 5469 1774 5545">
    <p class='ocr_par' dir='ltr' id='par_1_58' title="bbox 200 5469 1774 5545">
     <span class='ocr_line' id='line_1_58' title="bbox 200 5469 1774 5545; baseline 0.004 -24"><span class='ocrx_word' id='word_1_435' title='bbox 200 5469 474 5536; x_wconf 79' lang='grc' dir='ltr'>εὐλογίας,</span> <span class='ocrx_word' id='word_1_436' title='bbox 523 5471 618 5522; x_wconf 74' lang='grc' dir='ltr'><strong>καὶ</strong></span> <span class='ocrx_word' id='word_1_437' title='bbox 663 5470 810 5540; x_wconf 76' lang='grc' dir='ltr'>ζωῆς</span> <span class='ocrx_word' id='word_1_438' title='bbox 865 5473 956 5524; x_wconf 72' lang='grc' dir='ltr'><strong>καὶ</strong></span> <span class='ocrx_word' id='word_1_439' title='bbox 1007 5473 1356 5544; x_wconf 81' lang='grc' dir='ltr'>δικαιοσύνης</span> <span class='ocrx_word' id='word_1_440' title='bbox 1404 5475 1774 5545; x_wconf 81' lang='grc' dir='ltr'>κληρονόμους</span> 
     </span>
    </p>
   </div>
   <div class='ocr_carea' id='block_1_59' title="bbox 199 5566 1778 5641">
    <p class='ocr_par' dir='ltr' id='par_1_59' title="bbox 199 5566 1778 5641">
     <span class='ocr_line' id='line_1_59' title="bbox 199 5566 1778 5641; baseline 0.005 -25"><span class='ocrx_word' id='word_1_441' title='bbox 199 5568 378 5629; x_wconf 70' lang='grc' dir='ltr'>ποιεῖ,</span> <span class='ocrx_word' id='word_1_442' title='bbox 445 5566 628 5619; x_wconf 81' lang='grc' dir='ltr'>λοιπὸν</span> <span class='ocrx_word' id='word_1_443' title='bbox 696 5570 729 5637; x_wconf 77' lang='grc' dir='ltr'>ἡ</span> <span class='ocrx_word' id='word_1_444' title='bbox 791 5569 1096 5638; x_wconf 79' lang='grc' dir='ltr'>ἐπαγγελία</span> <span class='ocrx_word' id='word_1_445' title='bbox 1149 5572 1336 5639; x_wconf 80' lang='grc' dir='ltr'>ἐκείνη</span> <span class='ocrx_word' id='word_1_446' title='bbox 1399 5572 1431 5641; x_wconf 76' lang='grc' dir='ltr'>ἡ</span> <span class='ocrx_word' id='word_1_447' title='bbox 1501 5572 1637 5641; x_wconf 80' lang='grc' dir='ltr'>πρὸς</span> <span class='ocrx_word' id='word_1_448' title='bbox 1688 5573 1778 5624; x_wconf 64' lang='grc' dir='ltr'>τὸν</span> 
     </span>
    </p>
   </div>
   <div class='ocr_carea' id='block_1_60' title="bbox 1907 636 3482 712">
    <p class='ocr_par' dir='ltr' id='par_1_60' title="bbox 1907 636 3482 712">
     <span class='ocr_line' id='line_1_60' title="bbox 1907 636 3482 712; baseline 0.005 -24"><span class='ocrx_word' id='word_1_449' title='bbox 1907 639 2057 690; x_wconf 91' lang='lat' dir='ltr'><strong>lieret</strong></span> <span class='ocrx_word' id='word_1_450' title='bbox 2091 637 2143 689; x_wconf 94' lang='lat' dir='ltr'><strong>in</strong></span> <span class='ocrx_word' id='word_1_451' title='bbox 2183 636 2400 690; x_wconf 92' lang='lat' dir='ltr'><strong>Christo</strong></span> <span class='ocrx_word' id='word_1_452' title='bbox 2441 639 2589 694; x_wconf 85' lang='lat' dir='ltr'><strong>.lesu.</strong></span> <span class='ocrx_word' id='word_1_453' title='bbox 2637 659 2654 691; x_wconf 86' lang='grc' dir='ltr'><strong>ι</strong></span> <span class='ocrx_word' id='word_1_454' title='bbox 2694 640 2824 694; x_wconf 86' lang='lat' dir='ltr'><strong>Eam</strong></span> <span class='ocrx_word' id='word_1_455' title='bbox 2859 643 2927 695; x_wconf 92' lang='lat' dir='ltr'><strong>ob</strong></span> <span class='ocrx_word' id='word_1_456' title='bbox 2965 659 3096 706; x_wconf 86' lang='lat' dir='ltr'><strong>rem,</strong></span> <span class='ocrx_word' id='word_1_457' title='bbox 3152 644 3352 712; x_wconf 89' lang='lat' dir='ltr'><strong>inquit,</strong></span> <span class='ocrx_word' id='word_1_458' title='bbox 3403 647 3482 696; x_wconf 79' lang='lat' dir='ltr'><strong>la-</strong></span> 
     </span>
    </p>
   </div>
   <div class='ocr_carea' id='block_1_61' title="bbox 1905 727 3480 801">
    <p class='ocr_par' dir='ltr' id='par_1_61' title="bbox 1905 727 3480 801">
     <span class='ocr_line' id='line_1_61' title="bbox 1905 727 3480 801; baseline 0.006 -21"><span class='ocrx_word' id='word_1_459' title='bbox 1905 739 2024 781; x_wconf 89' lang='lat' dir='ltr'><strong>ctus</strong></span> <span class='ocrx_word' id='word_1_460' title='bbox 2056 735 2139 782; x_wconf 90' lang='lat' dir='ltr'><strong>est</strong></span> <span class='ocrx_word' id='word_1_461' title='bbox 2182 727 2504 794; x_wconf 70' lang='lat' dir='ltr'><strong>maledictio,</strong></span> <span class='ocrx_word' id='word_1_462' title='bbox 2537 741 2592 783; x_wconf 90' lang='lat' dir='ltr'><strong>ut</strong></span> <span class='ocrx_word' id='word_1_463' title='bbox 2625 732 2676 784; x_wconf 93' lang='lat' dir='ltr'><strong>in</strong></span> <span class='ocrx_word' id='word_1_464' title='bbox 2706 733 2974 801; x_wconf 75' lang='lat' dir='ltr'><strong>gentibus,</strong></span> <span class='ocrx_word' id='word_1_465' title='bbox 3028 734 3129 787; x_wconf 90' lang='lat' dir='ltr'><strong>hoc</strong></span> <span class='ocrx_word' id='word_1_466' title='bbox 3161 744 3264 790; x_wconf 90' lang='lat' dir='ltr'><strong>est.</strong></span> <span class='ocrx_word' id='word_1_467' title='bbox 3298 737 3360 788; x_wconf 83' lang='lat' dir='ltr'><strong>iis</strong></span> <span class='ocrx_word' id='word_1_468' title='bbox 3389 737 3480 798; x_wconf 81' lang='lat' dir='ltr'><strong>qui</strong></span> 
     </span>
    </p>
   </div>
   <div class='ocr_carea' id='block_1_62' title="bbox 1905 815 3479 887">
    <p class='ocr_par' dir='ltr' id='par_1_62' title="bbox 1905 815 3479 887">
     <span class='ocr_line' id='line_1_62' title="bbox 1905 815 3479 887; baseline 0.007 -20"><span class='ocrx_word' id='word_1_469' title='bbox 1905 815 2018 883; x_wconf 86' lang='lat' dir='ltr'><strong>lege</strong></span> <span class='ocrx_word' id='word_1_470' title='bbox 2064 832 2168 868; x_wconf 91' lang='lat' dir='ltr'><strong>non</strong></span> <span class='ocrx_word' id='word_1_471' title='bbox 2219 819 2510 869; x_wconf 76' lang='lat' dir='ltr'><strong>utebantur</strong></span> <span class='ocrx_word' id='word_1_472' title='bbox 2564 836 2582 867; x_wconf 86' lang='grc' dir='ltr'><strong>ι</strong></span> <span class='ocrx_word' id='word_1_473' title='bbox 2627 821 2930 875; x_wconf 82' lang='lat' dir='ltr'><strong>benedictio</strong></span> <span class='ocrx_word' id='word_1_474' title='bbox 2966 822 3278 887; x_wconf 83' lang='lat' dir='ltr'><strong>Abrahami,</strong></span> <span class='ocrx_word' id='word_1_475' title='bbox 3317 844 3333 875; x_wconf 79' lang='grc' dir='ltr'><strong>ι</strong></span> <span class='ocrx_word' id='word_1_476' title='bbox 3378 827 3479 878; x_wconf 82' lang='grc' dir='ltr'>Ιιοε</span> 
     </span>
    </p>
   </div>
   <div class='ocr_carea' id='block_1_63' title="bbox 1903 907 3479 973">
    <p class='ocr_par' dir='ltr' id='par_1_63' title="bbox 1903 907 3479 973">
     <span class='ocr_line' id='line_1_63' title="bbox 1903 907 3479 973; baseline 0.008 -19"><span class='ocrx_word' id='word_1_477' title='bbox 1903 916 2005 966; x_wconf 79' lang='lat' dir='ltr'><strong>est,</strong></span> <span class='ocrx_word' id='word_1_478' title='bbox 2049 917 2274 973; x_wconf 71' lang='lat' dir='ltr'><strong>qute&#39;est</strong></span> <span class='ocrx_word' id='word_1_479' title='bbox 2308 922 2370 959; x_wconf 80' lang='lat' dir='ltr'><strong>ex</strong></span> <span class='ocrx_word' id='word_1_480' title='bbox 2410 907 2530 969; x_wconf 83' lang='lat' dir='ltr'><strong>ﬁde,</strong></span> <span class='ocrx_word' id='word_1_481' title='bbox 2571 926 2587 958; x_wconf 83' lang='lat' dir='ltr'><strong>t</strong></span> <span class='ocrx_word' id='word_1_482' title='bbox 2631 907 2780 960; x_wconf 80' lang='lat' dir='ltr'><strong>ﬂeret</strong></span> <span class='ocrx_word' id='word_1_483' title='bbox 2811 911 2862 962; x_wconf 90' lang='lat' dir='ltr'><strong>in</strong></span> <span class='ocrx_word' id='word_1_484' title='bbox 2893 911 3112 964; x_wconf 83' lang='lat' dir='ltr'><strong>Christo</strong></span> <span class='ocrx_word' id='word_1_485' title='bbox 3142 910 3290 970; x_wconf 66' lang='lat' dir='ltr'><strong>Jesu,</strong></span> <span class='ocrx_word' id='word_1_486' title='bbox 3328 933 3344 963; x_wconf 83' lang='grc' dir='ltr'><strong>ι</strong></span> <span class='ocrx_word' id='word_1_487' title='bbox 3379 917 3479 966; x_wconf 86' lang='grc' dir='ltr'>Ιιοε</span> 
     </span>
    </p>
   </div>
   <div class='ocr_carea' id='block_1_64' title="bbox 1903 997 3476 1068">
    <p class='ocr_par' dir='ltr' id='par_1_64' title="bbox 1903 997 3476 1068">
     <span class='ocr_line' id='line_1_64' title="bbox 1903 997 3476 1068; baseline 0.006 -21"><span class='ocrx_word' id='word_1_488' title='bbox 1903 1005 2004 1059; x_wconf 82' lang='lat' dir='ltr'><strong>est,</strong></span> <span class='ocrx_word' id='word_1_489' title='bbox 2038 997 2088 1048; x_wconf 91' lang='lat' dir='ltr'><strong>in</strong></span> <span class='ocrx_word' id='word_1_490' title='bbox 2137 997 2344 1052; x_wconf 90' lang='lat' dir='ltr'><strong>semine</strong></span> <span class='ocrx_word' id='word_1_491' title='bbox 2381 997 2675 1050; x_wconf 81' lang='lat' dir='ltr'><strong>Abrahami</strong></span> <span class='ocrx_word' id='word_1_492' title='bbox 2712 1016 2724 1050; x_wconf 92' lang='lat'>:</span> <span class='ocrx_word' id='word_1_493' title='bbox 2763 1000 2902 1052; x_wconf 87' lang='lat' dir='ltr'><strong>sicut</strong></span> <span class='ocrx_word' id='word_1_494' title='bbox 2941 1011 2994 1054; x_wconf 91' lang='lat' dir='ltr'><strong>et</strong></span> <span class='ocrx_word' id='word_1_495' title='bbox 3051 1002 3313 1068; x_wconf 86' lang='lat' dir='ltr'><strong>scriptum</strong></span> <span class='ocrx_word' id='word_1_496' title='bbox 3355 1014 3476 1057; x_wconf 89' lang='lat' dir='ltr'><strong>est:</strong></span> 
     </span>
    </p>
   </div>
   <div class='ocr_carea' id='block_1_65' title="bbox 1912 1085 3480 1152">
    <p class='ocr_par' dir='ltr' id='par_1_65' title="bbox 1912 1085 3480 1152">
     <span class='ocr_line' id='line_1_65' title="bbox 1912 1085 3480 1152; baseline 0.005 -17"><span class='ocrx_word' id='word_1_497' title='bbox 1912 1104 1930 1135; x_wconf 79' lang='grc' dir='ltr'><strong>ι</strong></span> <span class='ocrx_word' id='word_1_498' title='bbox 1968 1085 2020 1136; x_wconf 89' lang='lat' dir='ltr'><strong>In</strong></span> <span class='ocrx_word' id='word_1_499' title='bbox 2051 1088 2255 1139; x_wconf 80' lang='lat' dir='ltr'><strong>semine</strong></span> <span class='ocrx_word' id='word_1_500' title='bbox 2310 1095 2400 1141; x_wconf 92' lang='lat' dir='ltr'><strong>tuo</strong></span> <span class='ocrx_word' id='word_1_501' title='bbox 2448 1089 2854 1152; x_wconf 75' lang='lat' dir='ltr'><strong>benedicentur,</strong></span> <span class='ocrx_word' id='word_1_502' title='bbox 2896 1107 2914 1139; x_wconf 72' lang='grc' dir='ltr'><strong>ι</strong></span> <span class='ocrx_word' id='word_1_503' title='bbox 2951 1091 3000 1141; x_wconf 90' lang='lat' dir='ltr'><strong>in</strong></span> <span class='ocrx_word' id='word_1_504' title='bbox 3060 1090 3279 1142; x_wconf 81' lang='lat' dir='ltr'><strong>Christo</strong></span> <span class='ocrx_word' id='word_1_505' title='bbox 3308 1106 3370 1143; x_wconf 75' lang='lat' dir='ltr'><strong>ex</strong></span> <span class='ocrx_word' id='word_1_506' title='bbox 3430 1101 3480 1143; x_wconf 90' lang='lat' dir='ltr'><strong>te</strong></span> 
     </span>
    </p>
   </div>
   <div class='ocr_carea' id='block_1_66' title="bbox 1905 1181 3476 1245">
    <p class='ocr_par' dir='ltr' id='par_1_66' title="bbox 1905 1181 3476 1245">
     <span class='ocr_line' id='line_1_66' title="bbox 1905 1181 3476 1245; baseline 0.004 -15"><span class='ocrx_word' id='word_1_507' title='bbox 1905 1190 2030 1230; x_wconf 80' lang='lat' dir='ltr'><strong>nato</strong></span> <span class='ocrx_word' id='word_1_508' title='bbox 2091 1181 2385 1233; x_wconf 77' lang='lat' dir='ltr'><strong>secundum</strong></span> <span class='ocrx_word' id='word_1_509' title='bbox 2443 1195 2701 1245; x_wconf 85' lang='lat' dir='ltr'><strong>carnem,</strong></span> <span class='ocrx_word' id='word_1_510' title='bbox 2771 1183 3055 1235; x_wconf 83' lang='lat' dir='ltr'><strong>credentes</strong></span> <span class='ocrx_word' id='word_1_511' title='bbox 3108 1183 3355 1237; x_wconf 81' lang='lat' dir='ltr'><strong>videlicet</strong></span> <span class='ocrx_word' id='word_1_512' title='bbox 3425 1183 3476 1237; x_wconf 87' lang='lat' dir='ltr'><strong>itt</strong></span> 
     </span>
    </p>
   </div>
   <div class='ocr_carea' id='block_1_67' title="bbox 1905 1285 2097 1336">
    <p class='ocr_par' dir='ltr' id='par_1_67' title="bbox 1905 1285 2097 1336">
     <span class='ocr_line' id='line_1_67' title="bbox 1905 1285 2097 1336; baseline 0.01 -16"><span class='ocrx_word' id='word_1_513' title='bbox 1905 1285 2016 1336; x_wconf 86' lang='lat' dir='ltr'><strong>tpsu</strong></span> <span class='ocrx_word' id='word_1_514' title='bbox 2028 1286 2097 1322; x_wconf 87' lang='lat' dir='ltr'><strong>nt.</strong></span> 
     </span>
    </p>
   </div>
   <div class='ocr_carea' id='block_1_68' title="bbox 1977 1466 3475 1545">
    <p class='ocr_par' dir='ltr' id='par_1_68' title="bbox 1977 1466 3475 1545">
     <span class='ocr_line' id='line_1_68' title="bbox 1977 1466 3475 1545; baseline 0.009 -27"><span class='ocrx_word' id='word_1_515' title='bbox 1977 1486 1995 1518; x_wconf 79' lang='grc' dir='ltr'><strong>ι</strong></span> <span class='ocrx_word' id='word_1_516' title='bbox 2031 1466 2100 1522; x_wconf 90' lang='lat' dir='ltr'><strong>Ut</strong></span> <span class='ocrx_word' id='word_1_517' title='bbox 2132 1469 2547 1538; x_wconf 86' lang='lat' dir='ltr'><strong>promissionem</strong></span> <span class='ocrx_word' id='word_1_518' title='bbox 2593 1469 2826 1540; x_wconf 88' lang='lat' dir='ltr'><strong>Spiritus</strong></span> <span class='ocrx_word' id='word_1_519' title='bbox 2875 1475 3239 1543; x_wconf 83' lang='lat' dir='ltr'><strong>acciperemus</strong></span> <span class='ocrx_word' id='word_1_520' title='bbox 3270 1491 3366 1545; x_wconf 89' lang='lat' dir='ltr'><strong>per</strong></span> <span class='ocrx_word' id='word_1_521' title='bbox 3411 1478 3475 1530; x_wconf 86' lang='lat' dir='ltr'><strong>ll-</strong></span> 
     </span>
    </p>
   </div>
   <div class='ocr_carea' id='block_1_69' title="bbox 1901 1560 3473 1638">
    <p class='ocr_par' dir='ltr' id='par_1_69' title="bbox 1901 1560 3473 1638">
     <span class='ocr_line' id='line_1_69' title="bbox 1901 1560 3473 1638; baseline 0.007 -26"><span class='ocrx_word' id='word_1_522' title='bbox 1901 1560 2042 1613; x_wconf 88' lang='lat' dir='ltr'><strong>detn.</strong></span> <span class='ocrx_word' id='word_1_523' title='bbox 2091 1579 2108 1611; x_wconf 87' lang='grc' dir='ltr'><strong>ι</strong></span> <span class='ocrx_word' id='word_1_524' title='bbox 2156 1560 2445 1622; x_wconf 79' lang='lat' dir='ltr'><strong>Propterea</strong></span> <span class='ocrx_word' id='word_1_525' title='bbox 2506 1563 2751 1631; x_wconf 89' lang='lat' dir='ltr'><strong>(inquit)</strong></span> <span class='ocrx_word' id='word_1_526' title='bbox 2816 1565 3204 1620; x_wconf 80' lang='lat' dir='ltr'><strong>benedicuntur</strong></span> <span class='ocrx_word' id='word_1_527' title='bbox 3266 1578 3473 1638; x_wconf 89' lang='lat' dir='ltr'><strong>gentes,</strong></span> 
     </span>
    </p>
   </div>
   <div class='ocr_carea' id='block_1_70' title="bbox 1899 1653 3474 1724">
    <p class='ocr_par' dir='ltr' id='par_1_70' title="bbox 1899 1653 3474 1724">
     <span class='ocr_line' id='line_1_70' title="bbox 1899 1653 3474 1724; baseline 0.006 -18"><span class='ocrx_word' id='word_1_528' title='bbox 1899 1662 1954 1706; x_wconf 90' lang='grc' dir='ltr'><strong>ιιι</strong></span> <span class='ocrx_word' id='word_1_529' title='bbox 1983 1663 2036 1707; x_wconf 91' lang='grc' dir='ltr'><strong>ει</strong></span> <span class='ocrx_word' id='word_1_530' title='bbox 2078 1653 2333 1720; x_wconf 85' lang='lat' dir='ltr'><strong>Spiritum</strong></span> <span class='ocrx_word' id='word_1_531' title='bbox 2385 1656 2653 1721; x_wconf 81' lang='lat' dir='ltr'><strong>accipiant</strong></span> <span class='ocrx_word' id='word_1_532' title='bbox 2697 1671 2794 1724; x_wconf 89' lang='lat' dir='ltr'><strong>per</strong></span> <span class='ocrx_word' id='word_1_533' title='bbox 2830 1657 3008 1711; x_wconf 82' lang='lat' dir='ltr'><strong>ﬁdem.</strong></span> <span class='ocrx_word' id='word_1_534' title='bbox 3045 1659 3175 1724; x_wconf 86' lang='lat' dir='ltr'><strong>Quia</strong></span> <span class='ocrx_word' id='word_1_535' title='bbox 3211 1661 3352 1714; x_wconf 89' lang='lat' dir='ltr'><strong>enim</strong></span> <span class='ocrx_word' id='word_1_536' title='bbox 3408 1662 3474 1716; x_wconf 92' lang='lat' dir='ltr'><strong>iis</strong></span> 
     </span>
    </p>
   </div>
   <div class='ocr_carea' id='block_1_71' title="bbox 1898 1746 3474 1818">
    <p class='ocr_par' dir='ltr' id='par_1_71' title="bbox 1898 1746 3474 1818">
     <span class='ocr_line' id='line_1_71' title="bbox 1898 1746 3474 1818; baseline 0.005 -20"><span class='ocrx_word' id='word_1_537' title='bbox 1898 1747 1986 1815; x_wconf 90' lang='lat' dir='ltr'><strong>qui</strong></span> <span class='ocrx_word' id='word_1_538' title='bbox 2020 1746 2192 1799; x_wconf 88' lang='lat' dir='ltr'><strong>adhuc</strong></span> <span class='ocrx_word' id='word_1_539' title='bbox 2239 1747 2338 1799; x_wconf 84' lang='lat' dir='ltr'><strong>sub</strong></span> <span class='ocrx_word' id='word_1_540' title='bbox 2383 1746 2758 1801; x_wconf 86' lang='lat' dir='ltr'><strong>maledictione</strong></span> <span class='ocrx_word' id='word_1_541' title='bbox 2810 1758 2983 1814; x_wconf 86' lang='lat' dir='ltr'><strong>erant,</strong></span> <span class='ocrx_word' id='word_1_542' title='bbox 3022 1749 3282 1818; x_wconf 90' lang='lat' dir='ltr'><strong>Spiritum</strong></span> <span class='ocrx_word' id='word_1_543' title='bbox 3330 1753 3474 1806; x_wconf 89' lang='lat' dir='ltr'><strong>acci-</strong></span> 
     </span>
    </p>
   </div>
   <div class='ocr_carea' id='block_1_72' title="bbox 1898 1838 3469 1906">
    <p class='ocr_par' dir='ltr' id='par_1_72' title="bbox 1898 1838 3469 1906">
     <span class='ocr_line' id='line_1_72' title="bbox 1898 1838 3469 1906; baseline 0.004 -16"><span class='ocrx_word' id='word_1_544' title='bbox 1898 1854 2024 1906; x_wconf 89' lang='lat' dir='ltr'><strong>pere</strong></span> <span class='ocrx_word' id='word_1_545' title='bbox 2059 1853 2159 1890; x_wconf 83' lang='lat' dir='ltr'><strong>nou</strong></span> <span class='ocrx_word' id='word_1_546' title='bbox 2189 1838 2404 1902; x_wconf 79' lang='lat' dir='ltr'><strong>licebat,</strong></span> <span class='ocrx_word' id='word_1_547' title='bbox 2434 1838 2845 1904; x_wconf 84' lang='lat' dir='ltr'><strong>benedicuntur,</strong></span> <span class='ocrx_word' id='word_1_548' title='bbox 2883 1840 3053 1893; x_wconf 87' lang='lat' dir='ltr'><strong>soluta</strong></span> <span class='ocrx_word' id='word_1_549' title='bbox 3089 1842 3469 1898; x_wconf 86' lang='lat' dir='ltr'><strong>maledictione</strong></span> 
     </span>
    </p>
   </div>
   <div class='ocr_carea' id='block_1_73' title="bbox 1896 1929 3475 1999">
    <p class='ocr_par' dir='ltr' id='par_1_73' title="bbox 1896 1929 3475 1999">
     <span class='ocr_line' id='line_1_73' title="bbox 1896 1929 3475 1999; baseline 0.004 -16"><span class='ocrx_word' id='word_1_550' title='bbox 1896 1945 1924 1983; x_wconf 88' lang='lat' dir='ltr'><strong>a</strong></span> <span class='ocrx_word' id='word_1_551' title='bbox 1956 1929 2169 1982; x_wconf 79' lang='lat' dir='ltr'><strong>Christo</strong></span> <span class='ocrx_word' id='word_1_552' title='bbox 2203 1947 2215 1982; x_wconf 93' lang='lat'><strong>:</strong></span> <span class='ocrx_word' id='word_1_553' title='bbox 2255 1939 2468 1995; x_wconf 86' lang='lat' dir='ltr'><strong>tumque</strong></span> <span class='ocrx_word' id='word_1_554' title='bbox 2506 1944 2600 1997; x_wconf 90' lang='lat' dir='ltr'><strong>per</strong></span> <span class='ocrx_word' id='word_1_555' title='bbox 2635 1930 2792 1984; x_wconf 85' lang='lat' dir='ltr'><strong>ﬁdem</strong></span> <span class='ocrx_word' id='word_1_556' title='bbox 2839 1932 3140 1999; x_wconf 84' lang='lat' dir='ltr'><strong>justiticati,</strong></span> <span class='ocrx_word' id='word_1_557' title='bbox 3199 1936 3475 1998; x_wconf 78' lang='lat' dir='ltr'><strong>accipiunt</strong></span> 
     </span>
    </p>
   </div>
   <div class='ocr_carea' id='block_1_74' title="bbox 1897 2019 3473 2090">
    <p class='ocr_par' dir='ltr' id='par_1_74' title="bbox 1897 2019 3473 2090">
     <span class='ocr_line' id='line_1_74' title="bbox 1897 2019 3473 2090; baseline 0.006 -19"><span class='ocrx_word' id='word_1_558' title='bbox 1897 2022 2304 2085; x_wconf 81' lang='lat' dir='ltr'><strong>promissionem</strong></span> <span class='ocrx_word' id='word_1_559' title='bbox 2361 2019 2612 2088; x_wconf 89' lang='lat' dir='ltr'><strong>Spiritus.</strong></span> <span class='ocrx_word' id='word_1_560' title='bbox 2663 2020 2791 2086; x_wconf 64' lang='lat' dir='ltr'><strong>Qum</strong></span> <span class='ocrx_word' id='word_1_561' title='bbox 2849 2023 2989 2075; x_wconf 90' lang='lat' dir='ltr'><strong>enim</strong></span> <span class='ocrx_word' id='word_1_562' title='bbox 3047 2025 3295 2090; x_wconf 88' lang='lat' dir='ltr'><strong>promisit</strong></span> <span class='ocrx_word' id='word_1_563' title='bbox 3334 2025 3473 2080; x_wconf 81' lang='lat' dir='ltr'><strong>Deus</strong></span> 
     </span>
    </p>
   </div>
   <div class='ocr_carea' id='block_1_75' title="bbox 1896 2115 3472 2185">
    <p class='ocr_par' dir='ltr' id='par_1_75' title="bbox 1896 2115 3472 2185">
     <span class='ocr_line' id='line_1_75' title="bbox 1896 2115 3472 2185; baseline 0.002 -18"><span class='ocrx_word' id='word_1_564' title='bbox 1896 2115 2222 2174; x_wconf 75' lang='lat' dir='ltr'><strong>Abrahamo,</strong></span> <span class='ocrx_word' id='word_1_565' title='bbox 2281 2115 2577 2183; x_wconf 89' lang='lat' dir='ltr'><strong>spiritualia</strong></span> <span class='ocrx_word' id='word_1_566' title='bbox 2620 2129 2741 2170; x_wconf 85' lang='lat' dir='ltr'><strong>esse</strong></span> <span class='ocrx_word' id='word_1_567' title='bbox 2779 2116 3033 2185; x_wconf 73' lang='lat' dir='ltr'><strong>intelligit</strong></span> <span class='ocrx_word' id='word_1_568' title='bbox 3086 2115 3306 2179; x_wconf 84' lang='lat' dir='ltr'><strong>Paulus,</strong></span> <span class='ocrx_word' id='word_1_569' title='bbox 3353 2132 3472 2184; x_wconf 75' lang='lat' dir='ltr'><strong>qua:</strong></span> 
     </span>
    </p>
   </div>
   <div class='ocr_carea' id='block_1_76' title="bbox 1897 2207 3469 2275">
    <p class='ocr_par' dir='ltr' id='par_1_76' title="bbox 1897 2207 3469 2275">
     <span class='ocr_line' id='line_1_76' title="bbox 1897 2207 3469 2275; baseline 0.003 -17"><span class='ocrx_word' id='word_1_570' title='bbox 1897 2222 2036 2260; x_wconf 90' lang='lat' dir='ltr'><strong>nunc</strong></span> <span class='ocrx_word' id='word_1_571' title='bbox 2091 2207 2338 2259; x_wconf 81' lang='lat' dir='ltr'><strong>videlicet</strong></span> <span class='ocrx_word' id='word_1_572' title='bbox 2389 2208 2542 2261; x_wconf 82' lang='lat' dir='ltr'><strong>nobis</strong></span> <span class='ocrx_word' id='word_1_573' title='bbox 2605 2209 2726 2262; x_wconf 88' lang='lat' dir='ltr'><strong>data</strong></span> <span class='ocrx_word' id='word_1_574' title='bbox 2781 2218 2925 2274; x_wconf 91' lang='lat' dir='ltr'><strong>sunt,</strong></span> <span class='ocrx_word' id='word_1_575' title='bbox 2985 2209 3098 2275; x_wconf 88' lang='lat' dir='ltr'><strong>ipsa</strong></span> <span class='ocrx_word' id='word_1_576' title='bbox 3140 2207 3469 2275; x_wconf 75' lang='lat' dir='ltr'><strong>benedictio,</strong></span> 
     </span>
    </p>
   </div>
   <div class='ocr_carea' id='block_1_77' title="bbox 1894 2296 2413 2364">
    <p class='ocr_par' dir='ltr' id='par_1_77' title="bbox 1894 2296 2413 2364">
     <span class='ocr_line' id='line_1_77' title="bbox 1894 2296 2413 2364; baseline 0.004 -16"><span class='ocrx_word' id='word_1_577' title='bbox 1894 2296 2054 2363; x_wconf 86' lang='lat' dir='ltr'><strong>idque</strong></span> <span class='ocrx_word' id='word_1_578' title='bbox 2086 2312 2255 2364; x_wconf 79' lang='lat' dir='ltr'><strong>genus</strong></span> <span class='ocrx_word' id='word_1_579' title='bbox 2287 2299 2413 2350; x_wconf 87' lang='lat' dir='ltr'><strong>alia.</strong></span> 
     </span>
    </p>
   </div>
   <div class='ocr_carea' id='block_1_78' title="bbox 1965 2403 3465 2476">
    <p class='ocr_par' dir='ltr' id='par_1_78' title="bbox 1965 2403 3465 2476">
     <span class='ocr_line' id='line_1_78' title="bbox 1965 2403 3465 2476; baseline 0.003 -17"><span class='ocrx_word' id='word_1_580' title='bbox 1965 2407 2126 2462; x_wconf 73' lang='lat' dir='ltr'><strong>Vrsas.</strong></span> <span class='ocrx_word' id='word_1_581' title='bbox 2167 2403 2252 2462; x_wconf 80' lang='lat' dir='ltr'><strong>l5.</strong></span> <span class='ocrx_word' id='word_1_582' title='bbox 2299 2427 2317 2458; x_wconf 75' lang='grc' dir='ltr'><strong>ι</strong></span> <span class='ocrx_word' id='word_1_583' title='bbox 2353 2407 2591 2476; x_wconf 80' lang='lat' dir='ltr'><strong>Fratres,</strong></span> <span class='ocrx_word' id='word_1_584' title='bbox 2630 2411 2923 2463; x_wconf 88' lang='lat' dir='ltr'><strong>secundum</strong></span> <span class='ocrx_word' id='word_1_585' title='bbox 2959 2409 3229 2463; x_wconf 82' lang='lat' dir='ltr'><strong>hominem</strong></span> <span class='ocrx_word' id='word_1_586' title='bbox 3267 2410 3407 2464; x_wconf 88' lang='lat' dir='ltr'><strong>dico.</strong></span> <span class='ocrx_word' id='word_1_587' title='bbox 3445 2429 3465 2463; x_wconf 79' lang='grc' dir='ltr'><strong>ι</strong></span> 
     </span>
    </p>
   </div>
   <div class='ocr_carea' id='block_1_79' title="bbox 1895 2501 3464 2574">
    <p class='ocr_par' dir='ltr' id='par_1_79' title="bbox 1895 2501 3464 2574">
     <span class='ocr_line' id='line_1_79' title="bbox 1895 2501 3464 2574; baseline 0.001 -20"><span class='ocrx_word' id='word_1_588' title='bbox 1895 2501 2068 2567; x_wconf 81' lang='lat' dir='ltr'><strong>Supra</strong></span> <span class='ocrx_word' id='word_1_589' title='bbox 2092 2501 2313 2554; x_wconf 88' lang='lat' dir='ltr'><strong>stolidos</strong></span> <span class='ocrx_word' id='word_1_590' title='bbox 2337 2503 2568 2564; x_wconf 88' lang='lat' dir='ltr'><strong>vocavit,</strong></span> <span class='ocrx_word' id='word_1_591' title='bbox 2602 2516 2742 2554; x_wconf 92' lang='lat' dir='ltr'><strong>nunc</strong></span> <span class='ocrx_word' id='word_1_592' title='bbox 2773 2501 2968 2554; x_wconf 78' lang='lat' dir='ltr'><strong>fratres</strong></span> <span class='ocrx_word' id='word_1_593' title='bbox 2992 2503 3155 2574; x_wconf 62' lang='lat' dir='ltr'><strong>3M</strong></span> <span class='ocrx_word' id='word_1_594' title='bbox 3184 2503 3464 2556; x_wconf 82' lang='lat' dir='ltr'><strong>nominat:</strong></span> 
     </span>
    </p>
   </div>
   <div class='ocr_carea' id='block_1_80' title="bbox 1895 2592 3467 2662">
    <p class='ocr_par' dir='ltr' id='par_1_80' title="bbox 1895 2592 3467 2662">
     <span class='ocr_line' id='line_1_80' title="bbox 1895 2592 3467 2662; baseline 0.001 -16"><span class='ocrx_word' id='word_1_595' title='bbox 1895 2594 1986 2646; x_wconf 92' lang='lat' dir='ltr'><strong>illo</strong></span> <span class='ocrx_word' id='word_1_596' title='bbox 2013 2592 2226 2660; x_wconf 85' lang='lat' dir='ltr'><strong>quidem</strong></span> <span class='ocrx_word' id='word_1_597' title='bbox 2279 2607 2375 2646; x_wconf 78' lang='lat' dir='ltr'><strong>eos</strong></span> <span class='ocrx_word' id='word_1_598' title='bbox 2424 2594 2819 2662; x_wconf 81' lang='lat' dir='ltr'><strong>perstringens.</strong></span> <span class='ocrx_word' id='word_1_599' title='bbox 2869 2594 2968 2646; x_wconf 84' lang='lat' dir='ltr'><strong>hoc.</strong></span> <span class='ocrx_word' id='word_1_600' title='bbox 3001 2595 3311 2648; x_wconf 85' lang='lat' dir='ltr'><strong>consolans.</strong></span> <span class='ocrx_word' id='word_1_601' title='bbox 3351 2593 3467 2647; x_wconf 88' lang='lat' dir='ltr'><strong>llu-</strong></span> 
     </span>
    </p>
   </div>
   <div class='ocr_carea' id='block_1_81' title="bbox 1894 2685 3424 2753">
    <p class='ocr_par' dir='ltr' id='par_1_81' title="bbox 1894 2685 3424 2753">
     <span class='ocr_line' id='line_1_81' title="bbox 1894 2685 3424 2753; baseline 0.001 -16"><span class='ocrx_word' id='word_1_602' title='bbox 1894 2701 2132 2746; x_wconf 89' lang='lat' dir='ltr'><strong>manum,</strong></span> <span class='ocrx_word' id='word_1_603' title='bbox 2171 2685 2359 2752; x_wconf 88' lang='lat' dir='ltr'><strong>inquit,</strong></span> <span class='ocrx_word' id='word_1_604' title='bbox 2397 2685 2696 2753; x_wconf 83' lang='lat' dir='ltr'><strong>exemplum</strong></span> <span class='ocrx_word' id='word_1_605' title='bbox 2738 2686 2887 2739; x_wconf 86' lang='lat' dir='ltr'><strong>vobis</strong></span> <span class='ocrx_word' id='word_1_606' title='bbox 2922 2686 3251 2740; x_wconf 83' lang='lat' dir='ltr'><strong>adducturus</strong></span> <span class='ocrx_word' id='word_1_607' title='bbox 3284 2702 3424 2740; x_wconf 79' lang='lat' dir='ltr'><strong>sum.</strong></span> 
     </span>
    </p>
   </div>
   <div class='ocr_carea' id='block_1_82' title="bbox 1965 2797 3465 2852">
    <p class='ocr_par' dir='ltr' id='par_1_82' title="bbox 1965 2797 3465 2852">
     <span class='ocr_line' id='line_1_82' title="bbox 1965 2797 3465 2852; baseline 0.001 -2"><span class='ocrx_word' id='word_1_608' title='bbox 1965 2798 2126 2851; x_wconf 75' lang='lat' dir='ltr'><strong>Vens.</strong></span> <span class='ocrx_word' id='word_1_609' title='bbox 2171 2797 2357 2851; x_wconf 71' lang='lat'><strong>15-17.</strong></span> <span class='ocrx_word' id='word_1_610' title='bbox 2408 2816 2426 2848; x_wconf 84' lang='grc' dir='ltr'><strong>ι</strong></span> <span class='ocrx_word' id='word_1_611' title='bbox 2468 2797 2667 2849; x_wconf 89' lang='lat' dir='ltr'><strong>Tamen</strong></span> <span class='ocrx_word' id='word_1_612' title='bbox 2701 2797 2933 2849; x_wconf 90' lang='lat' dir='ltr'><strong>hominis</strong></span> <span class='ocrx_word' id='word_1_613' title='bbox 2965 2799 3340 2851; x_wconf 83' lang='lat' dir='ltr'><strong>conﬁrmatum</strong></span> <span class='ocrx_word' id='word_1_614' title='bbox 3383 2807 3465 2852; x_wconf 82' lang='lat' dir='ltr'><strong>te-</strong></span> 
     </span>
    </p>
   </div>
   <div class='ocr_carea' id='block_1_83' title="bbox 1893 2892 3466 2959">
    <p class='ocr_par' dir='ltr' id='par_1_83' title="bbox 1893 2892 3466 2959">
     <span class='ocr_line' id='line_1_83' title="bbox 1893 2892 3466 2959; baseline -0.001 -14"><span class='ocrx_word' id='word_1_615' title='bbox 1893 2900 2218 2945; x_wconf 84' lang='lat' dir='ltr'><strong>stamentum</strong></span> <span class='ocrx_word' id='word_1_616' title='bbox 2272 2905 2428 2942; x_wconf 90' lang='lat' dir='ltr'><strong>nemo</strong></span> <span class='ocrx_word' id='word_1_617' title='bbox 2479 2892 2686 2958; x_wconf 82' lang='lat' dir='ltr'><strong>spernit</strong></span> <span class='ocrx_word' id='word_1_618' title='bbox 2717 2903 2809 2944; x_wconf 87' lang='lat' dir='ltr'><strong>aut</strong></span> <span class='ocrx_word' id='word_1_619' title='bbox 2854 2894 3251 2959; x_wconf 85' lang='lat' dir='ltr'><strong>superurdinat.</strong></span> <span class='ocrx_word' id='word_1_620' title='bbox 3291 2895 3466 2946; x_wconf 83' lang='lat' dir='ltr'><strong>Abra-</strong></span> 
     </span>
    </p>
   </div>
   <div class='ocr_carea' id='block_1_84' title="bbox 1894 2983 3441 3052">
    <p class='ocr_par' dir='ltr' id='par_1_84' title="bbox 1894 2983 3441 3052">
     <span class='ocr_line' id='line_1_84' title="bbox 1894 2983 3441 3052; baseline -0.001 -15"><span class='ocrx_word' id='word_1_621' title='bbox 1894 2986 2054 3037; x_wconf 79' lang='lat' dir='ltr'><strong>hamo</strong></span> <span class='ocrx_word' id='word_1_622' title='bbox 2079 2993 2256 3034; x_wconf 86' lang='lat' dir='ltr'><strong>autem</strong></span> <span class='ocrx_word' id='word_1_623' title='bbox 2287 2983 2422 3033; x_wconf 79' lang='lat' dir='ltr'><strong>datae</strong></span> <span class='ocrx_word' id='word_1_624' title='bbox 2449 2991 2572 3034; x_wconf 85' lang='lat' dir='ltr'><strong>sunt</strong></span> <span class='ocrx_word' id='word_1_625' title='bbox 2603 2983 3005 3049; x_wconf 73' lang='lat' dir='ltr'><strong>promissiones,</strong></span> <span class='ocrx_word' id='word_1_626' title='bbox 3027 2993 3077 3036; x_wconf 87' lang='lat' dir='ltr'><strong>et</strong></span> <span class='ocrx_word' id='word_1_627' title='bbox 3095 2984 3286 3036; x_wconf 91' lang='lat' dir='ltr'><strong>semini</strong></span> <span class='ocrx_word' id='word_1_628' title='bbox 3325 2983 3441 3052; x_wconf 90' lang='lat' dir='ltr'><strong>ejus</strong></span> 
     </span>
    </p>
   </div>
   <div class='ocr_carea' id='block_1_85' title="bbox 1892 3073 3466 3142">
    <p class='ocr_par' dir='ltr' id='par_1_85' title="bbox 1892 3073 3466 3142">
     <span class='ocr_line' id='line_1_85' title="bbox 1892 3073 3466 3142; baseline 0.001 -14"><span class='ocrx_word' id='word_1_629' title='bbox 1892 3076 2007 3128; x_wconf 79' lang='lat' dir='ltr'><strong>Non</strong></span> <span class='ocrx_word' id='word_1_630' title='bbox 2043 3075 2211 3127; x_wconf 89' lang='lat' dir='ltr'><strong>dicit:</strong></span> <span class='ocrx_word' id='word_1_631' title='bbox 2250 3074 2315 3127; x_wconf 88' lang='lat' dir='ltr'><strong>Et</strong></span> <span class='ocrx_word' id='word_1_632' title='bbox 2356 3073 2673 3138; x_wconf 85' lang='lat' dir='ltr'><strong>seminibus,</strong></span> <span class='ocrx_word' id='word_1_633' title='bbox 2731 3083 2988 3142; x_wconf 88' lang='lat' dir='ltr'><strong>tanquam</strong></span> <span class='ocrx_word' id='word_1_634' title='bbox 3033 3076 3082 3126; x_wconf 91' lang='lat' dir='ltr'><strong>in</strong></span> <span class='ocrx_word' id='word_1_635' title='bbox 3138 3075 3341 3138; x_wconf 88' lang='lat' dir='ltr'><strong>multis,</strong></span> <span class='ocrx_word' id='word_1_636' title='bbox 3371 3076 3466 3129; x_wconf 83' lang='lat' dir='ltr'><strong>sed</strong></span> 
     </span>
    </p>
   </div>
   <div class='ocr_carea' id='block_1_86' title="bbox 1897 3165 3464 3233">
    <p class='ocr_par' dir='ltr' id='par_1_86' title="bbox 1897 3165 3464 3233">
     <span class='ocr_line' id='line_1_86' title="bbox 1897 3165 3464 3233; baseline 0 -14"><span class='ocrx_word' id='word_1_637' title='bbox 1897 3178 2150 3233; x_wconf 82' lang='lat' dir='ltr'><strong>tanquam</strong></span> <span class='ocrx_word' id='word_1_638' title='bbox 2203 3167 2255 3218; x_wconf 88' lang='lat' dir='ltr'><strong>in</strong></span> <span class='ocrx_word' id='word_1_639' title='bbox 2303 3180 2410 3217; x_wconf 89' lang='lat' dir='ltr'><strong>uno</strong></span> <span class='ocrx_word' id='word_1_640' title='bbox 2444 3182 2454 3215; x_wconf 95' lang='lat'>:</span> <span class='ocrx_word' id='word_1_641' title='bbox 2489 3165 2552 3215; x_wconf 76' lang='lat' dir='ltr'><strong>Et</strong></span> <span class='ocrx_word' id='word_1_642' title='bbox 2587 3165 2778 3216; x_wconf 86' lang='lat' dir='ltr'><strong>semini</strong></span> <span class='ocrx_word' id='word_1_643' title='bbox 2809 3173 2918 3228; x_wconf 92' lang='lat' dir='ltr'><strong>tuo,</strong></span> <span class='ocrx_word' id='word_1_644' title='bbox 2949 3167 3037 3233; x_wconf 91' lang='lat' dir='ltr'><strong>qtti</strong></span> <span class='ocrx_word' id='word_1_645' title='bbox 3072 3175 3153 3218; x_wconf 90' lang='lat' dir='ltr'><strong>est</strong></span> <span class='ocrx_word' id='word_1_646' title='bbox 3192 3165 3464 3220; x_wconf 84' lang='lat' dir='ltr'><strong>Christus.</strong></span> 
     </span>
    </p>
   </div>
   <div class='ocr_carea' id='block_1_87' title="bbox 1892 3257 3466 3313">
    <p class='ocr_par' dir='ltr' id='par_1_87' title="bbox 1892 3257 3466 3313">
     <span class='ocr_line' id='line_1_87' title="bbox 1892 3257 3466 3313; baseline 0 -1"><span class='ocrx_word' id='word_1_647' title='bbox 1892 3259 2002 3313; x_wconf 90' lang='lat' dir='ltr'><strong>lloc</strong></span> <span class='ocrx_word' id='word_1_648' title='bbox 2056 3269 2231 3312; x_wconf 89' lang='lat' dir='ltr'><strong>autem</strong></span> <span class='ocrx_word' id='word_1_649' title='bbox 2263 3259 2421 3312; x_wconf 89' lang='lat' dir='ltr'><strong>dico:</strong></span> <span class='ocrx_word' id='word_1_650' title='bbox 2457 3257 2858 3310; x_wconf 86' lang='lat' dir='ltr'><strong>Testamentum</strong></span> <span class='ocrx_word' id='word_1_651' title='bbox 2919 3269 3074 3310; x_wconf 87' lang='lat' dir='ltr'><strong>antea</strong></span> <span class='ocrx_word' id='word_1_652' title='bbox 3118 3257 3384 3310; x_wconf 80' lang='lat' dir='ltr'><strong>ﬁrmatum</strong></span> <span class='ocrx_word' id='word_1_653' title='bbox 3436 3273 3466 3312; x_wconf 75' lang='grc' dir='ltr'><strong>ει</strong></span> 
     </span>
    </p>
   </div>
   <div class='ocr_carea' id='block_1_88' title="bbox 1891 3349 3466 3418">
    <p class='ocr_par' dir='ltr' id='par_1_88' title="bbox 1891 3349 3466 3418">
     <span class='ocr_line' id='line_1_88' title="bbox 1891 3349 3466 3418; baseline -0.001 -14"><span class='ocrx_word' id='word_1_654' title='bbox 1891 3351 1999 3404; x_wconf 85' lang='lat' dir='ltr'><strong>Deo</strong></span> <span class='ocrx_word' id='word_1_655' title='bbox 2054 3351 2105 3404; x_wconf 89' lang='lat' dir='ltr'><strong>in</strong></span> <span class='ocrx_word' id='word_1_656' title='bbox 2158 3351 2453 3413; x_wconf 89' lang='lat' dir='ltr'><strong>Christum,</strong></span> <span class='ocrx_word' id='word_1_657' title='bbox 2506 3357 2626 3415; x_wconf 92' lang='lat' dir='ltr'><strong>post</strong></span> <span class='ocrx_word' id='word_1_658' title='bbox 2676 3349 3102 3418; x_wconf 81' lang='lat' dir='ltr'><strong>quadringentos</strong></span> <span class='ocrx_word' id='word_1_659' title='bbox 3157 3359 3212 3402; x_wconf 91' lang='lat' dir='ltr'><strong>et</strong></span> <span class='ocrx_word' id='word_1_660' title='bbox 3243 3349 3466 3416; x_wconf 73' lang='lat' dir='ltr'><strong>triginta</strong></span> 
     </span>
    </p>
   </div>
   <div class='ocr_carea' id='block_1_89' title="bbox 1889 3440 3462 3504">
    <p class='ocr_par' dir='ltr' id='par_1_89' title="bbox 1889 3440 3462 3504">
     <span class='ocr_line' id='line_1_89' title="bbox 1889 3440 3462 3504; baseline -0.002 -9"><span class='ocrx_word' id='word_1_661' title='bbox 1889 3456 2058 3495; x_wconf 87' lang='lat' dir='ltr'><strong>annos</strong></span> <span class='ocrx_word' id='word_1_662' title='bbox 2089 3443 2228 3493; x_wconf 80' lang='lat' dir='ltr'><strong>facta</strong></span> <span class='ocrx_word' id='word_1_663' title='bbox 2275 3441 2355 3492; x_wconf 91' lang='lat' dir='ltr'><strong>lex</strong></span> <span class='ocrx_word' id='word_1_664' title='bbox 2410 3454 2514 3493; x_wconf 91' lang='lat' dir='ltr'><strong>non</strong></span> <span class='ocrx_word' id='word_1_665' title='bbox 2558 3441 2770 3493; x_wconf 91' lang='lat' dir='ltr'><strong>irritum</strong></span> <span class='ocrx_word' id='word_1_666' title='bbox 2810 3440 2958 3504; x_wconf 80' lang='lat' dir='ltr'><strong>facit,</strong></span> <span class='ocrx_word' id='word_1_667' title='bbox 2993 3441 3056 3494; x_wconf 88' lang='lat' dir='ltr'><strong>ad</strong></span> <span class='ocrx_word' id='word_1_668' title='bbox 3097 3444 3462 3494; x_wconf 86' lang='lat' dir='ltr'><strong>evacuandam</strong></span> 
     </span>
    </p>
   </div>
   <div class='ocr_carea' id='block_1_90' title="bbox 1888 3531 3469 3602">
    <p class='ocr_par' dir='ltr' id='par_1_90' title="bbox 1888 3531 3469 3602">
     <span class='ocr_line' id='line_1_90' title="bbox 1888 3531 3469 3602; baseline 0.001 -17"><span class='ocrx_word' id='word_1_669' title='bbox 1888 3533 2322 3602; x_wconf 84' lang='lat' dir='ltr'><strong>promissionem.</strong></span> <span class='ocrx_word' id='word_1_670' title='bbox 2365 3549 2381 3581; x_wconf 84' lang='grc' dir='ltr'><strong>ι</strong></span> <span class='ocrx_word' id='word_1_671' title='bbox 2438 3531 2548 3586; x_wconf 87' lang='lat' dir='ltr'><strong>llnc</strong></span> <span class='ocrx_word' id='word_1_672' title='bbox 2587 3533 2828 3585; x_wconf 87' lang='lat' dir='ltr'><strong>indicare</strong></span> <span class='ocrx_word' id='word_1_673' title='bbox 2877 3535 3010 3596; x_wconf 83' lang='lat' dir='ltr'><strong>vult,</strong></span> <span class='ocrx_word' id='word_1_674' title='bbox 3043 3535 3183 3600; x_wconf 91' lang='lat' dir='ltr'><strong>quod</strong></span> <span class='ocrx_word' id='word_1_675' title='bbox 3234 3535 3364 3587; x_wconf 83' lang='lat' dir='ltr'><strong>lides</strong></span> <span class='ocrx_word' id='word_1_676' title='bbox 3395 3533 3469 3587; x_wconf 86' lang='lat' dir='ltr'><strong>sit</strong></span> 
     </span>
    </p>
   </div>
   <div class='ocr_carea' id='block_1_91' title="bbox 1889 3625 3469 3693">
    <p class='ocr_par' dir='ltr' id='par_1_91' title="bbox 1889 3625 3469 3693">
     <span class='ocr_line' id='line_1_91' title="bbox 1889 3625 3469 3693; baseline -0.001 -13"><span class='ocrx_word' id='word_1_677' title='bbox 1889 3635 2266 3680; x_wconf 80' lang='lat' dir='ltr'><strong>testamentum</strong></span> <span class='ocrx_word' id='word_1_678' title='bbox 2317 3627 2430 3690; x_wconf 77' lang='lat' dir='ltr'><strong>lege</strong></span> <span class='ocrx_word' id='word_1_679' title='bbox 2485 3627 2780 3691; x_wconf 87' lang='lat' dir='ltr'><strong>antiquius,</strong></span> <span class='ocrx_word' id='word_1_680' title='bbox 2814 3634 2867 3677; x_wconf 92' lang='lat' dir='ltr'><strong>et</strong></span> <span class='ocrx_word' id='word_1_681' title='bbox 2911 3625 3053 3693; x_wconf 89' lang='lat' dir='ltr'><strong>qund</strong></span> <span class='ocrx_word' id='word_1_682' title='bbox 3110 3627 3352 3692; x_wconf 81' lang='lat' dir='ltr'><strong>iniquum</strong></span> <span class='ocrx_word' id='word_1_683' title='bbox 3383 3635 3469 3680; x_wconf 83' lang='lat' dir='ltr'><strong>est</strong></span> 
     </span>
    </p>
   </div>
   <div class='ocr_carea' id='block_1_92' title="bbox 1887 3715 3463 3784">
    <p class='ocr_par' dir='ltr' id='par_1_92' title="bbox 1887 3715 3463 3784">
     <span class='ocr_line' id='line_1_92' title="bbox 1887 3715 3463 3784; baseline -0.002 -14"><span class='ocrx_word' id='word_1_684' title='bbox 1887 3718 1934 3770; x_wconf 91' lang='lat' dir='ltr'><strong>ei</strong></span> <span class='ocrx_word' id='word_1_685' title='bbox 1969 3715 2208 3783; x_wconf 63' lang='lat' dir='ltr'><strong>prtelet‘ri</strong></span> <span class='ocrx_word' id='word_1_686' title='bbox 2255 3715 2443 3783; x_wconf 79' lang='lat' dir='ltr'><strong>legem.</strong></span> <span class='ocrx_word' id='word_1_687' title='bbox 2500 3715 2634 3768; x_wconf 86' lang='lat' dir='ltr'><strong>Hinc</strong></span> <span class='ocrx_word' id='word_1_688' title='bbox 2682 3724 2736 3767; x_wconf 85' lang='lat' dir='ltr'><strong>et</strong></span> <span class='ocrx_word' id='word_1_689' title='bbox 2787 3716 3092 3784; x_wconf 83' lang='lat' dir='ltr'><strong>exemplum</strong></span> <span class='ocrx_word' id='word_1_690' title='bbox 3143 3718 3342 3778; x_wconf 82' lang='lat' dir='ltr'><strong>posuit.</strong></span> <span class='ocrx_word' id='word_1_691' title='bbox 3403 3715 3463 3769; x_wconf 85' lang='lat' dir='ltr'><strong>Si</strong></span> 
     </span>
    </p>
   </div>
   <div class='ocr_carea' id='block_1_93' title="bbox 1887 3807 3470 3874">
    <p class='ocr_par' dir='ltr' id='par_1_93' title="bbox 1887 3807 3470 3874">
     <span class='ocr_line' id='line_1_93' title="bbox 1887 3807 3470 3874; baseline -0.001 -12"><span class='ocrx_word' id='word_1_692' title='bbox 1887 3809 2030 3862; x_wconf 90' lang='lat' dir='ltr'><strong>enim</strong></span> <span class='ocrx_word' id='word_1_693' title='bbox 2086 3809 2245 3861; x_wconf 90' lang='lat' dir='ltr'><strong>homo</strong></span> <span class='ocrx_word' id='word_1_694' title='bbox 2278 3807 2520 3874; x_wconf 64' lang='lat' dir='ltr'><strong>(inquit)</strong></span> <span class='ocrx_word' id='word_1_695' title='bbox 2559 3815 2935 3859; x_wconf 87' lang='lat' dir='ltr'><strong>testamentum</strong></span> <span class='ocrx_word' id='word_1_696' title='bbox 2987 3807 3272 3870; x_wconf 89' lang='lat' dir='ltr'><strong>condidit,</strong></span> <span class='ocrx_word' id='word_1_697' title='bbox 3331 3823 3470 3861; x_wconf 89' lang='lat' dir='ltr'><strong>nun-</strong></span> 
     </span>
    </p>
   </div>
   <div class='ocr_carea' id='block_1_94' title="bbox 1887 3898 3469 3972">
    <p class='ocr_par' dir='ltr' id='par_1_94' title="bbox 1887 3898 3469 3972">
     <span class='ocr_line' id='line_1_94' title="bbox 1887 3898 3469 3972; baseline -0.001 -20"><span class='ocrx_word' id='word_1_698' title='bbox 1887 3901 2014 3972; x_wconf 89' lang='lat' dir='ltr'><strong>quid</strong></span> <span class='ocrx_word' id='word_1_699' title='bbox 2049 3901 2208 3953; x_wconf 88' lang='lat' dir='ltr'><strong>andet</strong></span> <span class='ocrx_word' id='word_1_700' title='bbox 2243 3899 2434 3964; x_wconf 87' lang='lat' dir='ltr'><strong>aliquis</strong></span> <span class='ocrx_word' id='word_1_701' title='bbox 2464 3908 2645 3966; x_wconf 88' lang='lat' dir='ltr'><strong>postea</strong></span> <span class='ocrx_word' id='word_1_702' title='bbox 2679 3898 2899 3951; x_wconf 84' lang='lat' dir='ltr'><strong>veniens</strong></span> <span class='ocrx_word' id='word_1_703' title='bbox 2940 3898 3228 3964; x_wconf 83' lang='lat' dir='ltr'><strong>invertere,</strong></span> <span class='ocrx_word' id='word_1_704' title='bbox 3265 3901 3347 3952; x_wconf 86' lang='lat' dir='ltr'><strong>vel</strong></span> <span class='ocrx_word' id='word_1_705' title='bbox 3377 3915 3469 3953; x_wconf 84' lang='lat' dir='ltr'><strong>su-</strong></span> 
     </span>
    </p>
   </div>
   <div class='ocr_carea' id='block_1_95' title="bbox 1886 3989 3468 4063">
    <p class='ocr_par' dir='ltr' id='par_1_95' title="bbox 1886 3989 3468 4063">
     <span class='ocr_line' id='line_1_95' title="bbox 1886 3989 3468 4063; baseline -0.001 -16"><span class='ocrx_word' id='word_1_706' title='bbox 1886 3991 2261 4063; x_wconf 88' lang='lat' dir='ltr'><strong>perordinare,</strong></span> <span class='ocrx_word' id='word_1_707' title='bbox 2302 3991 2402 4043; x_wconf 92' lang='lat' dir='ltr'><strong>hoc</strong></span> <span class='ocrx_word' id='word_1_708' title='bbox 2441 4001 2542 4053; x_wconf 85' lang='lat' dir='ltr'><strong>est,</strong></span> <span class='ocrx_word' id='word_1_709' title='bbox 2591 4004 2863 4056; x_wconf 88' lang='lat' dir='ltr'><strong>apponere</strong></span> <span class='ocrx_word' id='word_1_710' title='bbox 2903 3989 3144 4057; x_wconf 77' lang='lat' dir='ltr'><strong>aliquid?</strong></span> <span class='ocrx_word' id='word_1_711' title='bbox 3178 3992 3364 4060; x_wconf 77' lang='lat' dir='ltr'><strong>Itaque</strong></span> <span class='ocrx_word' id='word_1_712' title='bbox 3403 3993 3468 4045; x_wconf 91' lang='lat' dir='ltr'><strong>de</strong></span> 
     </span>
    </p>
   </div>
   <div class='ocr_carea' id='block_1_96' title="bbox 1888 4079 3469 4151">
    <p class='ocr_par' dir='ltr' id='par_1_96' title="bbox 1888 4079 3469 4151">
     <span class='ocr_line' id='line_1_96' title="bbox 1888 4079 3469 4151; baseline -0.001 -15"><span class='ocrx_word' id='word_1_713' title='bbox 1888 4085 1998 4137; x_wconf 92' lang='lat' dir='ltr'><strong>Deo</strong></span> <span class='ocrx_word' id='word_1_714' title='bbox 2032 4085 2172 4137; x_wconf 87' lang='lat' dir='ltr'><strong>idem</strong></span> <span class='ocrx_word' id='word_1_715' title='bbox 2218 4082 2793 4151; x_wconf 71' lang='lat' dir='ltr'><strong>potius‘sentiendum.</strong></span> <span class='ocrx_word' id='word_1_716' title='bbox 2835 4079 2966 4132; x_wconf 66' lang='lat' dir='ltr'><strong>Nam</strong></span> <span class='ocrx_word' id='word_1_717' title='bbox 2998 4089 3051 4133; x_wconf 89' lang='lat' dir='ltr'><strong>et</strong></span> <span class='ocrx_word' id='word_1_718' title='bbox 3107 4079 3244 4134; x_wconf 89' lang='lat' dir='ltr'><strong>Deus</strong></span> <span class='ocrx_word' id='word_1_719' title='bbox 3301 4091 3469 4134; x_wconf 85' lang='lat' dir='ltr'><strong>testa-</strong></span> 
     </span>
    </p>
   </div>
   <div class='ocr_carea' id='block_1_97' title="bbox 1889 4171 3468 4239">
    <p class='ocr_par' dir='ltr' id='par_1_97' title="bbox 1889 4171 3468 4239">
     <span class='ocr_line' id='line_1_97' title="bbox 1889 4171 3468 4239; baseline -0.002 -11"><span class='ocrx_word' id='word_1_720' title='bbox 1889 4186 2130 4228; x_wconf 90' lang='lat' dir='ltr'><strong>mentum</strong></span> <span class='ocrx_word' id='word_1_721' title='bbox 2167 4172 2294 4225; x_wconf 81' lang='lat' dir='ltr'><strong>fecit</strong></span> <span class='ocrx_word' id='word_1_722' title='bbox 2344 4187 2466 4225; x_wconf 92' lang='lat' dir='ltr'><strong>cum</strong></span> <span class='ocrx_word' id='word_1_723' title='bbox 2504 4172 2833 4233; x_wconf 81' lang='lat' dir='ltr'><strong>Ahrahamo,</strong></span> <span class='ocrx_word' id='word_1_724' title='bbox 2879 4181 2936 4222; x_wconf 91' lang='lat' dir='ltr'><strong>ut</strong></span> <span class='ocrx_word' id='word_1_725' title='bbox 2969 4171 3020 4222; x_wconf 92' lang='lat' dir='ltr'><strong>in</strong></span> <span class='ocrx_word' id='word_1_726' title='bbox 3063 4173 3268 4224; x_wconf 88' lang='lat' dir='ltr'><strong>semine</strong></span> <span class='ocrx_word' id='word_1_727' title='bbox 3300 4172 3468 4239; x_wconf 89' lang='lat' dir='ltr'><strong>ipsius</strong></span> 
     </span>
    </p>
   </div>
   <div class='ocr_carea' id='block_1_98' title="bbox 1886 4261 3468 4332">
    <p class='ocr_par' dir='ltr' id='par_1_98' title="bbox 1886 4261 3468 4332">
     <span class='ocr_line' id='line_1_98' title="bbox 1886 4261 3468 4332; baseline -0.004 -11"><span class='ocrx_word' id='word_1_728' title='bbox 1886 4267 2269 4321; x_wconf 69' lang='lat' dir='ltr'><strong>benedicentur</strong></span> <span class='ocrx_word' id='word_1_729' title='bbox 2297 4274 2502 4332; x_wconf 78' lang='lat' dir='ltr'><strong>gentes.</strong></span> <span class='ocrx_word' id='word_1_730' title='bbox 2541 4262 2734 4313; x_wconf 75' lang='lat' dir='ltr'><strong>Semen</strong></span> <span class='ocrx_word' id='word_1_731' title='bbox 2776 4274 2956 4313; x_wconf 89' lang='lat' dir='ltr'><strong>autem</strong></span> <span class='ocrx_word' id='word_1_732' title='bbox 2991 4263 3180 4330; x_wconf 74' lang='lat' dir='ltr'><strong>ipsius,</strong></span> <span class='ocrx_word' id='word_1_733' title='bbox 3217 4261 3468 4315; x_wconf 81' lang='lat' dir='ltr'><strong>Christus</strong></span> 
     </span>
    </p>
   </div>
   <div class='ocr_carea' id='block_1_99' title="bbox 1885 4353 3465 4428">
    <p class='ocr_par' dir='ltr' id='par_1_99' title="bbox 1885 4353 3465 4428">
     <span class='ocr_line' id='line_1_99' title="bbox 1885 4353 3465 4428; baseline -0.008 -16"><span class='ocrx_word' id='word_1_734' title='bbox 1885 4369 1986 4414; x_wconf 82' lang='lat' dir='ltr'><strong>est.</strong></span> <span class='ocrx_word' id='word_1_735' title='bbox 2039 4359 2155 4411; x_wconf 89' lang='lat' dir='ltr'><strong>Non</strong></span> <span class='ocrx_word' id='word_1_736' title='bbox 2207 4358 2348 4428; x_wconf 86' lang='lat' dir='ltr'><strong>enim</strong></span> <span class='ocrx_word' id='word_1_737' title='bbox 2378 4357 2545 4415; x_wconf 83' lang='lat' dir='ltr'><strong>dixit,</strong></span> <span class='ocrx_word' id='word_1_738' title='bbox 2618 4353 2963 4416; x_wconf 86' lang='lat' dir='ltr'><strong>Seminibus,</strong></span> <span class='ocrx_word' id='word_1_739' title='bbox 3015 4373 3081 4407; x_wconf 81' lang='lat' dir='ltr'><strong>ne</strong></span> <span class='ocrx_word' id='word_1_740' title='bbox 3138 4355 3465 4421; x_wconf 74' lang='lat' dir='ltr'><strong>intelligeres</strong></span> 
     </span>
    </p>
   </div>
   <div class='ocr_carea' id='block_1_100' title="bbox 1886 4444 3466 4517">
    <p class='ocr_par' dir='ltr' id='par_1_100' title="bbox 1886 4444 3466 4517">
     <span class='ocr_line' id='line_1_100' title="bbox 1886 4444 3466 4517; baseline -0.003 -15"><span class='ocrx_word' id='word_1_741' title='bbox 1886 4453 1952 4502; x_wconf 89' lang='lat' dir='ltr'><strong>ab</strong></span> <span class='ocrx_word' id='word_1_742' title='bbox 1986 4465 2050 4503; x_wconf 91' lang='lat' dir='ltr'><strong>eo</strong></span> <span class='ocrx_word' id='word_1_743' title='bbox 2079 4459 2401 4517; x_wconf 81' lang='lat' dir='ltr'><strong>propagatos</strong></span> <span class='ocrx_word' id='word_1_744' title='bbox 2445 4445 2659 4498; x_wconf 72' lang='lat' dir='ltr'><strong>Judazos</strong></span> <span class='ocrx_word' id='word_1_745' title='bbox 2691 4455 2744 4498; x_wconf 90' lang='lat' dir='ltr'><strong>et</strong></span> <span class='ocrx_word' id='word_1_746' title='bbox 2773 4444 3068 4497; x_wconf 82' lang='lat' dir='ltr'><strong>lstnaetitas</strong></span> <span class='ocrx_word' id='word_1_747' title='bbox 3098 4461 3112 4500; x_wconf 89' lang='lat'><strong>:</strong></span> <span class='ocrx_word' id='word_1_748' title='bbox 3140 4447 3254 4507; x_wconf 88' lang='lat' dir='ltr'><strong>sed,</strong></span> <span class='ocrx_word' id='word_1_749' title='bbox 3311 4463 3328 4494; x_wconf 79' lang='grc' dir='ltr'><strong>ι</strong></span> <span class='ocrx_word' id='word_1_750' title='bbox 3351 4447 3466 4512; x_wconf 76' lang='lat' dir='ltr'><strong>Se—</strong></span> 
     </span>
    </p>
   </div>
   <div class='ocr_carea' id='block_1_101' title="bbox 1401 4535 3466 4610">
    <p class='ocr_par' dir='ltr' id='par_1_101' title="bbox 1401 4535 3466 4610">
     <span class='ocr_line' id='line_1_101' title="bbox 1401 4535 3466 4610; baseline -0.002 -18"><span class='ocrx_word' id='word_1_751' title='bbox 1401 4559 1418 4589; x_wconf 83' lang='lat' dir='ltr'><strong>t</strong></span> <span class='ocrx_word' id='word_1_752' title='bbox 1459 4539 1547 4610; x_wconf 84' lang='grc' dir='ltr'><strong>Τῷ</strong></span> <span class='ocrx_word' id='word_1_753' title='bbox 1614 4542 1781 4610; x_wconf 85' lang='grc' dir='ltr'>σπέρ-</span> <span class='ocrx_word' id='word_1_754' title='bbox 1807 4552 1860 4610; x_wconf 84' lang='lat' dir='ltr'><strong>D</strong></span> <span class='ocrx_word' id='word_1_755' title='bbox 1890 4542 2040 4606; x_wconf 83' lang='lat' dir='ltr'><strong>mitti,</strong></span> <span class='ocrx_word' id='word_1_756' title='bbox 2089 4559 2105 4590; x_wconf 79' lang='grc' dir='ltr'><strong>ι</strong></span> <span class='ocrx_word' id='word_1_757' title='bbox 2145 4540 2196 4592; x_wconf 92' lang='lat' dir='ltr'><strong>in</strong></span> <span class='ocrx_word' id='word_1_758' title='bbox 2245 4536 2505 4606; x_wconf 86' lang='lat' dir='ltr'><strong>singulari</strong></span> <span class='ocrx_word' id='word_1_759' title='bbox 2543 4553 2556 4588; x_wconf 90' lang='lat'><strong>:</strong></span> <span class='ocrx_word' id='word_1_760' title='bbox 2589 4538 2731 4604; x_wconf 89' lang='lat' dir='ltr'><strong>quod</strong></span> <span class='ocrx_word' id='word_1_761' title='bbox 2771 4535 2882 4602; x_wconf 89' lang='lat' dir='ltr'><strong>(uti</strong></span> <span class='ocrx_word' id='word_1_762' title='bbox 2916 4536 3117 4586; x_wconf 78' lang='lat' dir='ltr'><strong>dictum</strong></span> <span class='ocrx_word' id='word_1_763' title='bbox 3151 4538 3264 4603; x_wconf 85' lang='lat' dir='ltr'><strong>est)</strong></span> <span class='ocrx_word' id='word_1_764' title='bbox 3307 4536 3466 4588; x_wconf 66' lang='lat' dir='ltr'><strong>Chri«</strong></span> 
     </span>
    </p>
   </div>
   <div class='ocr_carea' id='block_1_102' title="bbox 1886 4628 3467 4696">
    <p class='ocr_par' dir='ltr' id='par_1_102' title="bbox 1886 4628 3467 4696">
     <span class='ocr_line' id='line_1_102' title="bbox 1886 4628 3467 4696; baseline -0.002 -11"><span class='ocrx_word' id='word_1_765' title='bbox 1886 4641 2001 4686; x_wconf 77' lang='lat' dir='ltr'><strong>stus</strong></span> <span class='ocrx_word' id='word_1_766' title='bbox 2058 4641 2161 4684; x_wconf 88' lang='lat' dir='ltr'><strong>est.</strong></span> <span class='ocrx_word' id='word_1_767' title='bbox 2221 4628 2497 4694; x_wconf 81' lang='lat' dir='ltr'><strong>Quomodo</strong></span> <span class='ocrx_word' id='word_1_768' title='bbox 2555 4629 2719 4696; x_wconf 82' lang='lat' dir='ltr'><strong>igitur</strong></span> <span class='ocrx_word' id='word_1_769' title='bbox 2777 4637 3158 4680; x_wconf 85' lang='lat' dir='ltr'><strong>testamentum</strong></span> <span class='ocrx_word' id='word_1_770' title='bbox 3232 4631 3354 4691; x_wconf 81' lang='lat' dir='ltr'><strong>hoc,</strong></span> <span class='ocrx_word' id='word_1_771' title='bbox 3413 4640 3467 4682; x_wconf 90' lang='lat' dir='ltr'><strong>et</strong></span> 
     </span>
    </p>
   </div>
   <div class='ocr_carea' id='block_1_103' title="bbox 1887 4721 3468 4792">
    <p class='ocr_par' dir='ltr' id='par_1_103' title="bbox 1887 4721 3468 4792">
     <span class='ocr_line' id='line_1_103' title="bbox 1887 4721 3468 4792; baseline -0.003 -15"><span class='ocrx_word' id='word_1_772' title='bbox 1887 4739 2231 4788; x_wconf 86' lang='lat' dir='ltr'><strong>consensum,</strong></span> <span class='ocrx_word' id='word_1_773' title='bbox 2269 4732 2323 4775; x_wconf 86' lang='lat' dir='ltr'><strong>et</strong></span> <span class='ocrx_word' id='word_1_774' title='bbox 2361 4721 2798 4787; x_wconf 79' lang='lat' dir='ltr'><strong>promissionem,</strong></span> <span class='ocrx_word' id='word_1_775' title='bbox 2850 4721 2932 4771; x_wconf 88' lang='lat' dir='ltr'><strong>lex</strong></span> <span class='ocrx_word' id='word_1_776' title='bbox 2969 4722 3116 4773; x_wconf 86' lang='lat' dir='ltr'><strong>irrita</strong></span> <span class='ocrx_word' id='word_1_777' title='bbox 3161 4722 3338 4775; x_wconf 58' lang='lat' dir='ltr'><strong>facere</strong></span> <span class='ocrx_word' id='word_1_778' title='bbox 3370 4739 3468 4792; x_wconf 62' lang='lat' dir='ltr'><strong>pm</strong></span> 
     </span>
    </p>
   </div>
   <div class='ocr_carea' id='block_1_104' title="bbox 1888 4811 3466 4878">
    <p class='ocr_par' dir='ltr' id='par_1_104' title="bbox 1888 4811 3466 4878">
     <span class='ocr_line' id='line_1_104' title="bbox 1888 4811 3466 4878; baseline -0.001 -10"><span class='ocrx_word' id='word_1_779' title='bbox 1888 4823 2012 4877; x_wconf 91' lang='lat' dir='ltr'><strong>test,</strong></span> <span class='ocrx_word' id='word_1_780' title='bbox 2046 4814 2115 4865; x_wconf 90' lang='lat' dir='ltr'><strong>ita</strong></span> <span class='ocrx_word' id='word_1_781' title='bbox 2152 4823 2206 4866; x_wconf 92' lang='lat' dir='ltr'><strong>ut</strong></span> <span class='ocrx_word' id='word_1_782' title='bbox 2234 4817 2284 4864; x_wconf 91' lang='lat' dir='ltr'><strong>in</strong></span> <span class='ocrx_word' id='word_1_783' title='bbox 2314 4811 2535 4865; x_wconf 89' lang='lat' dir='ltr'><strong>Christo</strong></span> <span class='ocrx_word' id='word_1_784' title='bbox 2572 4827 2676 4864; x_wconf 93' lang='lat' dir='ltr'><strong>non</strong></span> <span class='ocrx_word' id='word_1_785' title='bbox 2707 4811 3093 4875; x_wconf 87' lang='lat' dir='ltr'><strong>benedicantur</strong></span> <span class='ocrx_word' id='word_1_786' title='bbox 3124 4823 3332 4878; x_wconf 83' lang='lat' dir='ltr'><strong>gentes,</strong></span> <span class='ocrx_word' id='word_1_787' title='bbox 3371 4813 3466 4866; x_wconf 86' lang='lat' dir='ltr'><strong>sed</strong></span> 
     </span>
    </p>
   </div>
   <div class='ocr_carea' id='block_1_105' title="bbox 1886 4901 3468 4973">
    <p class='ocr_par' dir='ltr' id='par_1_105' title="bbox 1886 4901 3468 4973">
     <span class='ocr_line' id='line_1_105' title="bbox 1886 4901 3468 4973; baseline -0.001 -15"><span class='ocrx_word' id='word_1_788' title='bbox 1886 4905 1938 4958; x_wconf 86' lang='lat' dir='ltr'><strong>in</strong></span> <span class='ocrx_word' id='word_1_789' title='bbox 1997 4904 2254 4973; x_wconf 76' lang='lat' dir='ltr'><strong>legalibus</strong></span> <span class='ocrx_word' id='word_1_790' title='bbox 2305 4903 2607 4955; x_wconf 83' lang='lat' dir='ltr'><strong>mandatis?</strong></span> <span class='ocrx_word' id='word_1_791' title='bbox 2668 4901 2779 4954; x_wconf 89' lang='lat' dir='ltr'><strong>Hoc</strong></span> <span class='ocrx_word' id='word_1_792' title='bbox 2827 4903 2968 4954; x_wconf 89' lang='lat' dir='ltr'><strong>enim</strong></span> <span class='ocrx_word' id='word_1_793' title='bbox 3019 4903 3152 4953; x_wconf 91' lang='lat' dir='ltr'><strong>nihil</strong></span> <span class='ocrx_word' id='word_1_794' title='bbox 3185 4903 3329 4955; x_wconf 86' lang='lat' dir='ltr'><strong>aliud</strong></span> <span class='ocrx_word' id='word_1_795' title='bbox 3385 4914 3468 4957; x_wconf 89' lang='lat' dir='ltr'><strong>est</strong></span> 
     </span>
    </p>
   </div>
   <div class='ocr_carea' id='block_1_106' title="bbox 1888 4995 3464 5065">
    <p class='ocr_par' dir='ltr' id='par_1_106' title="bbox 1888 4995 3464 5065">
     <span class='ocr_line' id='line_1_106' title="bbox 1888 4995 3464 5065; baseline 0 -19"><span class='ocrx_word' id='word_1_796' title='bbox 1888 5012 2048 5065; x_wconf 87' lang='lat' dir='ltr'><strong>quam</strong></span> <span class='ocrx_word' id='word_1_797' title='bbox 2100 4998 2378 5049; x_wconf 89' lang='lat' dir='ltr'><strong>destruere</strong></span> <span class='ocrx_word' id='word_1_798' title='bbox 2437 5005 2491 5048; x_wconf 90' lang='lat' dir='ltr'><strong>et</strong></span> <span class='ocrx_word' id='word_1_799' title='bbox 2542 4995 2758 5047; x_wconf 88' lang='lat' dir='ltr'><strong>abolere</strong></span> <span class='ocrx_word' id='word_1_800' title='bbox 2811 4995 3228 5062; x_wconf 88' lang='lat' dir='ltr'><strong>promissionem</strong></span> <span class='ocrx_word' id='word_1_801' title='bbox 3280 4997 3464 5062; x_wconf 90' lang='lat' dir='ltr'><strong>:quod</strong></span> 
     </span>
    </p>
   </div>
   <div class='ocr_carea' id='block_1_107' title="bbox 1890 5090 2308 5142">
    <p class='ocr_par' dir='ltr' id='par_1_107' title="bbox 1890 5090 2308 5142">
     <span class='ocr_line' id='line_1_107' title="bbox 1890 5090 2308 5142; baseline -0.007 0"><span class='ocrx_word' id='word_1_802' title='bbox 1890 5090 2180 5142; x_wconf 76' lang='lat' dir='ltr'><strong>absurdum</strong></span> <span class='ocrx_word' id='word_1_803' title='bbox 2207 5099 2308 5141; x_wconf 86' lang='lat' dir='ltr'><strong>est.</strong></span> 
     </span>
    </p>
   </div>
   <div class='ocr_carea' id='block_1_108' title="bbox 1954 5201 3462 5272">
    <p class='ocr_par' dir='ltr' id='par_1_108' title="bbox 1954 5201 3462 5272">
     <span class='ocr_line' id='line_1_108' title="bbox 1954 5201 3462 5272; baseline 0.001 -15"><span class='ocrx_word' id='word_1_804' title='bbox 1954 5204 2118 5258; x_wconf 74' lang='lat' dir='ltr'><strong>Vens.</strong></span> <span class='ocrx_word' id='word_1_805' title='bbox 2156 5204 2236 5258; x_wconf 77' lang='lat'><strong>18.</strong></span> <span class='ocrx_word' id='word_1_806' title='bbox 2281 5223 2299 5253; x_wconf 78' lang='grc' dir='ltr'><strong>ι</strong></span> <span class='ocrx_word' id='word_1_807' title='bbox 2341 5201 2472 5256; x_wconf 85' lang='lat' dir='ltr'><strong>Nam</strong></span> <span class='ocrx_word' id='word_1_808' title='bbox 2520 5203 2570 5256; x_wconf 82' lang='lat' dir='ltr'><strong>si</strong></span> <span class='ocrx_word' id='word_1_809' title='bbox 2601 5218 2666 5256; x_wconf 90' lang='lat' dir='ltr'><strong>ex</strong></span> <span class='ocrx_word' id='word_1_810' title='bbox 2705 5202 2822 5272; x_wconf 87' lang='lat' dir='ltr'><strong>lege</strong></span> <span class='ocrx_word' id='word_1_811' title='bbox 2861 5201 3172 5267; x_wconf 72' lang='lat' dir='ltr'><strong>haereditas,</strong></span> <span class='ocrx_word' id='word_1_812' title='bbox 3201 5203 3310 5268; x_wconf 89' lang='lat' dir='ltr'><strong>jam</strong></span> <span class='ocrx_word' id='word_1_813' title='bbox 3354 5220 3462 5258; x_wconf 87' lang='lat' dir='ltr'><strong>non</strong></span> 
     </span>
    </p>
   </div>
   <div class='ocr_carea' id='block_1_109' title="bbox 1881 5295 3464 5365">
    <p class='ocr_par' dir='ltr' id='par_1_109' title="bbox 1881 5295 3464 5365">
     <span class='ocr_line' id='line_1_109' title="bbox 1881 5295 3464 5365; baseline -0.002 -14"><span class='ocrx_word' id='word_1_814' title='bbox 1881 5307 1962 5351; x_wconf 88' lang='lat' dir='ltr'><strong>cst</strong></span> <span class='ocrx_word' id='word_1_815' title='bbox 1996 5314 2058 5352; x_wconf 81' lang='lat' dir='ltr'><strong>ex</strong></span> <span class='ocrx_word' id='word_1_816' title='bbox 2095 5297 2467 5365; x_wconf 79' lang='lat' dir='ltr'><strong>promissione.</strong></span> <span class='ocrx_word' id='word_1_817' title='bbox 2525 5295 2836 5347; x_wconf 85' lang='lat' dir='ltr'><strong>Abrahamo</strong></span> <span class='ocrx_word' id='word_1_818' title='bbox 2889 5305 3067 5346; x_wconf 83' lang='lat' dir='ltr'><strong>autem</strong></span> <span class='ocrx_word' id='word_1_819' title='bbox 3100 5310 3195 5362; x_wconf 79' lang='lat' dir='ltr'><strong>per</strong></span> <span class='ocrx_word' id='word_1_820' title='bbox 3234 5299 3464 5363; x_wconf 35' lang='lat' dir='ltr'><strong>promise</strong></span> 
     </span>
    </p>
   </div>
   <div class='ocr_carea' id='block_1_110' title="bbox 1883 5385 3466 5454">
    <p class='ocr_par' dir='ltr' id='par_1_110' title="bbox 1883 5385 3466 5454">
     <span class='ocr_line' id='line_1_110' title="bbox 1883 5385 3466 5454; baseline -0.001 -12"><span class='ocrx_word' id='word_1_821' title='bbox 1883 5391 2089 5442; x_wconf 85' lang='lat' dir='ltr'><strong>sionem</strong></span> <span class='ocrx_word' id='word_1_822' title='bbox 2121 5390 2336 5441; x_wconf 88' lang='lat' dir='ltr'><strong>donavit</strong></span> <span class='ocrx_word' id='word_1_823' title='bbox 2369 5386 2528 5440; x_wconf 84' lang='lat' dir='ltr'><strong>Deus.</strong></span> <span class='ocrx_word' id='word_1_824' title='bbox 2571 5406 2588 5438; x_wconf 80' lang='grc' dir='ltr'><strong>ι</strong></span> <span class='ocrx_word' id='word_1_825' title='bbox 2631 5386 2684 5438; x_wconf 88' lang='lat' dir='ltr'><strong>Si</strong></span> <span class='ocrx_word' id='word_1_826' title='bbox 2729 5386 2810 5439; x_wconf 89' lang='lat' dir='ltr'><strong>lex</strong></span> <span class='ocrx_word' id='word_1_827' title='bbox 2863 5385 3103 5454; x_wconf 77' lang='lat' dir='ltr'><strong>(inquit)</strong></span> <span class='ocrx_word' id='word_1_828' title='bbox 3162 5385 3328 5440; x_wconf 90' lang='lat' dir='ltr'><strong>donat</strong></span> <span class='ocrx_word' id='word_1_829' title='bbox 3369 5391 3466 5440; x_wconf 67' lang='lat' dir='ltr'><strong>be~</strong></span> 
     </span>
    </p>
   </div>
   <div class='ocr_carea' id='block_1_111' title="bbox 1885 5477 3464 5545">
    <p class='ocr_par' dir='ltr' id='par_1_111' title="bbox 1885 5477 3464 5545">
     <span class='ocr_line' id='line_1_111' title="bbox 1885 5477 3464 5545; baseline -0.001 -11"><span class='ocrx_word' id='word_1_830' title='bbox 1885 5483 2236 5545; x_wconf 86' lang='lat' dir='ltr'><strong>nedictiones,</strong></span> <span class='ocrx_word' id='word_1_831' title='bbox 2269 5491 2318 5533; x_wconf 90' lang='lat' dir='ltr'><strong>et</strong></span> <span class='ocrx_word' id='word_1_832' title='bbox 2352 5480 2472 5534; x_wconf 67' lang='lat' dir='ltr'><strong>vitae</strong></span> <span class='ocrx_word' id='word_1_833' title='bbox 2511 5487 2566 5533; x_wconf 89' lang='lat' dir='ltr'><strong>et</strong></span> <span class='ocrx_word' id='word_1_834' title='bbox 2589 5479 2813 5545; x_wconf 72' lang='lat' dir='ltr'><strong>iustitia:</strong></span> <span class='ocrx_word' id='word_1_835' title='bbox 2844 5477 3082 5531; x_wconf 52' lang='lat' dir='ltr'><strong>heredes</strong></span> <span class='ocrx_word' id='word_1_836' title='bbox 3114 5479 3262 5541; x_wconf 78' lang='lat' dir='ltr'><strong>facit,</strong></span> <span class='ocrx_word' id='word_1_837' title='bbox 3296 5484 3464 5532; x_wconf 81' lang='lat' dir='ltr'><strong>restat</strong></span> 
     </span>
    </p>
   </div>
   <div class='ocr_carea' id='block_1_112' title="bbox 1885 5569 3464 5644">
    <p class='ocr_par' dir='ltr' id='par_1_112' title="bbox 1885 5569 3464 5644">
     <span class='ocr_line' id='line_1_112' title="bbox 1885 5569 3464 5644; baseline -0.002 -16"><span class='ocrx_word' id='word_1_838' title='bbox 1885 5585 1941 5628; x_wconf 88' lang='lat' dir='ltr'><strong>ut</strong></span> <span class='ocrx_word' id='word_1_839' title='bbox 1973 5575 2257 5644; x_wconf 89' lang='lat' dir='ltr'><strong>promissio</strong></span> <span class='ocrx_word' id='word_1_840' title='bbox 2297 5576 2378 5629; x_wconf 66' lang='lat' dir='ltr'><strong>illa</strong></span> <span class='ocrx_word' id='word_1_841' title='bbox 2429 5573 2737 5627; x_wconf 86' lang='lat' dir='ltr'><strong>Abrahamo</strong></span> <span class='ocrx_word' id='word_1_842' title='bbox 2790 5569 2929 5625; x_wconf 83' lang='lat' dir='ltr'><strong>facta</strong></span> <span class='ocrx_word' id='word_1_843' title='bbox 2979 5569 3048 5623; x_wconf 90' lang='lat' dir='ltr'><strong>sit</strong></span> <span class='ocrx_word' id='word_1_844' title='bbox 3095 5570 3244 5623; x_wconf 87' lang='lat' dir='ltr'><strong>irrita</strong></span> <span class='ocrx_word' id='word_1_845' title='bbox 3268 5584 3330 5624; x_wconf 90' lang='lat' dir='ltr'><strong>ac</strong></span> <span class='ocrx_word' id='word_1_846' title='bbox 3375 5585 3464 5625; x_wconf 55' lang='lat' dir='ltr'><strong>re-</strong></span> 
     </span>
    </p>
   </div>
   <div class='ocr_carea' id='block_1_113' title="bbox 1535 5713 2089 5780">
    <p class='ocr_par' dir='ltr' id='par_1_113' title="bbox 1535 5713 2089 5780">
     <span class='ocr_line' id='line_1_113' title="bbox 1535 5713 2089 5780; baseline 0.013 -9"><span class='ocrx_word' id='word_1_847' title='bbox 1535 5713 1732 5775; x_wconf 72' lang='lat' dir='ltr'><strong>Varia:</strong></span> <span class='ocrx_word' id='word_1_848' title='bbox 1760 5715 2089 5780; x_wconf 87' lang='lat' dir='ltr'><strong>lectiones.</strong></span> 
     </span>
    </p>
   </div>
   <div class='ocr_carea' id='block_1_114' title="bbox 265 5827 1593 5904">
    <p class='ocr_par' dir='ltr' id='par_1_114' title="bbox 265 5827 1593 5904">
     <span class='ocr_line' id='line_1_114' title="bbox 265 5827 1593 5904; baseline 0.011 -25"><span class='ocrx_word' id='word_1_849' title='bbox 265 5827 308 5857; x_wconf 74' lang='grc'>’⁵</span> <span class='ocrx_word' id='word_1_850' title='bbox 338 5828 646 5900; x_wconf 63' lang='grc' dir='ltr'>ἐρρήθησαν</span> <span class='ocrx_word' id='word_1_851' title='bbox 679 5847 749 5885; x_wconf 88' lang='grc' dir='ltr'>ιιι.</span> <span class='ocrx_word' id='word_1_852' title='bbox 825 5833 870 5864; x_wconf 79' lang='grc'><strong>⁷⁵</strong></span> <span class='ocrx_word' id='word_1_853' title='bbox 893 5834 1077 5887; x_wconf 79' lang='grc' dir='ltr'>τοῦτον</span> <span class='ocrx_word' id='word_1_854' title='bbox 1099 5850 1150 5891; x_wconf 96' lang='lat' dir='ltr'><strong>o.</strong></span> <span class='ocrx_word' id='word_1_855' title='bbox 1226 5837 1269 5869; x_wconf 77' lang='grc'>⁷⁸</span> <span class='ocrx_word' id='word_1_856' title='bbox 1297 5838 1494 5904; x_wconf 64' lang='lat' dir='ltr'><strong>vorm;</strong></span> <span class='ocrx_word' id='word_1_857' title='bbox 1523 5856 1593 5894; x_wconf 90' lang='lat' dir='ltr'><strong>tn.</strong></span> 
     </span>
    </p>
   </div>
  </div>
