4242 6462
152 360 274 422 997

951 348 1359 415 EXl’OSlTlO
1399 350 1481 411 IN
1520 349 1756 411 EPIST.
1792 350 1892 408 AD
1931 348 2198 410 GALAT.
2234 374 2300 384 —
2329 349 2485 409 CAP.
2529 349 2630 410 IV.
2714 331 2716 333 Ι

3307 349 3412 416 993

150 495 268 544 της
296 474 454 545 ἡμῶν
487 472 691 526 ἐκώλυε
739 474 799 529 ⁸⁸.
838 475 1168 542 Βουλό;,ιενος
1208 475 1263 526 δὲ
1314 473 1456 526 πάνυ
1492 469 1743 523 καθελεῖν

1815 517 1820 526 _
1847 482 1950 521 nus
1979 468 2077 524 hoc
2109 467 2281 526 fieret,
2310 469 2533 520 obstitit.
2569 467 2764 521 Volens
2789 476 2965 522 autem
2996 471 3424 534 prorsnsmttere

146 568 256 618 τὸν
288 567 470 634 νόμον,
504 566 602 618 οὐκ
626 561 797 626 εἶπεν,
833 567 911 618 ὅτι
961 565 1094 626 Ταῖς
1121 565 1355 633 ἡμέραις
1402 559 1543 632 ἦμεν
1567 561 1740 613 δεδου-

148 658 420 728 λωμένοι,
449 657 586 719 ἀλλ’,
619 675 636 707 ι
677 657 812 708 Ὑπὸ
844 659 907 709 τά
942 659 1182 726 στοιχεῖα
1216 657 1309 708 τοῦ
1335 657 1561 724 κόσμου,
1594 673 1611 704 3
1656 655 1742 705 ἵνα

149 750 407 822 ὲντρὲψῃ
444 749 646 818 μᾶλλον
683 750 809 811 τοὺς
836 751 880 781 ⁸⁸
911 750 1005 802 καὶ
1053 752 1133 801 ἔτι
1164 749 1239 818 τῷ
1271 750 1420 820 νόμῳ
1459 747 1742 807 πείθοντας

153 842 478 911 προσέχειν.
527 843 618 909 Μὴ
665 841 944 911 ταραχθῇς
1003 842 1058 894 δὲ
1101 842 1152 894 εἴ
1195 858 1258 907 γε
1289 843 1351 891 ὲκ
1383 837 1476 891 τοῦ
1520 837 1744 890 ἀκολού-

155 935 262 984 θου
289 935 574 1003 ἐπίτροποι
610 935 701 984 καὶ
747 935 1022 1002 οἰκονόμοι
1073 933 1318 984 νοοῦνται
1365 933 1432 983 τὰ
1482 931 1742 997 στοιχεῖα.

156 1025 394 1093 Πρῶτον
456 1026 554 1093 μὲν
606 1028 711 1090 γὰρ
741 1026 832 1076 τὸν
880 1027 1042 1094 νόμον
1101 1023 1335 1091 ὀφείλεις
1370 1023 1414 1054 ὀ
1451 1021 1745 1089 ἐπίτροπον

152 1119 339 1177 νοεῖν,
380 1115 568 1184 ὥσπερ
601 1116 692 1167 καὶ
724 1115 1088 1181 παιδαγωγὸν,
1145 1114 1266 1182 οὐχὶ
1306 1115 1509 1165 ταῦτα·
1555 1111 1744 1162 ἔπειτα

154 1208 266 1265 τὰς
322 1209 641 1276 νουμηνίας,
702 1207 793 1258 καὶ
839 1207 906 1258 τὰ
941 1206 1218 1269 Σάϐϐατα,
1272 1206 1509 1272 στοιχεῖα
1569 1199 1741 1254 εἶπεν.

159 1297 384 1360 ’Λλλως
414 1310 498 1358 τε,
523 1299 617 1350 καὶ
661 1298 746 1349 διὰ
769 1299 828 1349 τδ
862 1299 925 1350 ὲκ
967 1299 1285 1366 περιουσίας
1306 1298 1612 1364 ἀποστῆσαι
1651 1292 1744 1345 τοῦ

154 1388 360 1454 νόμον,
393 1393 488 1440 καὶ
513 1387 764 1457 ἐντρέψαι
788 1389 1006 1451 αὐτοὺς,
1044 1387 1198 1442 τοῦτο
1227 1387 1396 1448 οὕτως
1429 1383 1602 1447 εἶπεν,
1643 1385 1747 1436 ὥσ-

159 1496 278 1546 περ
303 1479 398 1529 καὶ
425 1478 629 1546 προῖὼν
648 1479 728 1530 ἐτι
764 1479 963 1546 μᾶλλον
993 1477 1179 1540 δείξει.
1215 1478 1371 1538 Τινὲς
1400 1477 1454 1528 δὲ
1484 1479 1745 1544 στοιχεῖα,

157 1571 257 1621 τὸν
293 1570 607 1638 στοιχειώδη
649 1572 742 1622 καὶ
770 1569 1129 1636 εἰσαγωγικὺν
1164 1568 1326 1637 νόμον
1358 1568 1606 1637 ἐνόησαν.

247 1680 265 1711 ι
311 1661 439 1712 Ὅτε
468 1661 522 1712 δὲ
555 1661 684 1732 ἔλθῃ
710 1661 771 1712 τὸ
790 1662 1063 1730 πλήρωμα
1094 1659 1186 1712 τοῦ
1206 1661 1419 1736 χρόνου,
1441 1659 1752 1722 ἐξαπέστει-

158 1753 264 1805 λεν
301 1754 329 1804 ὁ
364 1753 493 1815 Θεὸς
521 1753 612 1805 τὸν
641 1753 769 1805 Υίὸν
822 1753 988 1806 αὑτοῦ
1028 1754 1320 1822 γενόμενον
1373 1754 1435 1806 ὲκ
1469 1752 1746 1818 γυναικὸς,

159 1845 465 1913 γενόμενον
528 1845 632 1897 ὑπὸ
678 1845 864 1914 νόμον,
922 1844 1008 1897 ἵνα
1065 1846 1190 1905 τοὺς
1223 1844 1528 1913 ὑπὸ-νόμον
1561 1843 1751 1910 ἐξαγο-

165 1939 343 2007 ράσῃ,
389 1936 475 1988 ἵνα
506 1937 602 2005 τὴν
649 1936 920 1989 υἱοθεσίαν
957 1936 1346 2004 ἀπολάϐωμεν.
1390 1953 1407 1986 ι
1468 1935 1619 1997 Τέως
1653 1934 1751 2003 μὲν

161 2025 268 2082 οὖν
299 2031 482 2098 νήπιοι
516 2028 668 2091 ὄντες
701 2029 804 2081 ὑπὸ
833 2029 1128 2098 νουμηνίας
1163 2024 1302 2100 ἦμεν
1335 2028 1427 2082 καὶ
1458 2027 1710 2079 Σάϐϐατα
1734 2041 1745 2053 ·

163 2121 266 2172 ὅτε
293 2120 348 2172 δὲ
371 2116 534 2190 ἦλθεν
568 2122 595 2172 6
622 2121 927 2190 ὡρισμένος
952 2121 1142 2189 καιρὸς
1171 2122 1266 2190 τῆς
1304 2118 1630 2190 σαρκώσεως
1656 2118 1748 2172 τοῦ

161 2212 437 2282 Χριστοῦ,
476 2213 563 2264 ὅτε
591 2214 698 2264 πᾶν
729 2209 869 2274 εἶδος
911 2212 1112 2272 κακίας
1141 2214 1183 2247 ⁹¹
1215 2211 1555 2278 διεξελθοῦσα
1583 2214 1615 2283 ἡ
1652 2212 1753 2282 φύ-

167 2318 264 2364 σις
287 2304 322 2372 ἡ
349 2302 667 2372 ἀνθρωπίνη
693 2304 860 2356 ἐδεῖτο
882 2302 1203 2372 θεραπείας,
1233 2323 1251 2354 ι
1277 2304 1624 2369 ἐξαπέστειλε
1660 2307 1751 2358 τὸν

164 2394 305 2447 Υἱὺν
343 2395 508 2446 αὑτοῦ
542 2397 568 2447 6
597 2395 727 2456 Θεδς
755 2414 773 2446 3
827 2396 1148 2464 (τουτέστιν,
1205 2397 1502 2467 ηὐδόκησεν
1552 2397 1748 2468 ἐλθεῖν)

174 2505 194 2536 ι
233 2487 544 2554 γενόμενον,
579 2506 596 2538 3
633 2487 732 2539 οὑκ
757 2482 877 2539 εἷπε
909 2488 996 2540 διὰ
1031 2490 1306 2555 γυναικὸς,
1360 2491 1448 2543 ἵνα
1482 2493 1555 2560 μὴ
1608 2493 1750 2561 πάρ-

168 2578 299 2630 οδον
327 2579 562 2649 εὕρωσιν
591 2581 640 2631 οί
668 2580 938 2643 λέγοντες,
965 2580 1037 2642 ὼς
1069 2582 1154 2633 διὰ
1187 2581 1423 2650 σωλῆνος
1469 2582 1570 2652 τῆς
1599 2584 1749 2653 Παρ-

167 2668 331 2722 θένου
392 2670 616 2722 διελθεῖν
645 2671 737 2723 τὸν
770 2672 972 2739 Κύριον
1001 2672 1143 2724 κατὰ
1169 2675 1471 2740 φαντασίαν
1494 2676 1748 2737 πάντως·

166 2761 314 2824 ἀλλ’,
353 2781 372 2814 ι
413 2763 509 2815 Ἐκ
547 2764 834 2830 γυναικός·
869 2783 886 2815 3
941 2767 1236 2827 τουτέστιν,
1297 2768 1358 2817 ὲκ
1418 2767 1516 2828 τῆς
1566 2769 1752 2831 οὐσίας

168 2859 347 2927 αὐτῆς
374 2859 533 2928 σῶμα
563 2860 816 2920 λαϐόντα,
870 2861 962 2912 καὶ
996 2863 1207 2930 καρπὸν
1238 2861 1364 2913 ὅντα
1393 2864 1486 2931 τῆς
1544 2864 1753 2925 κοιλίας

168 2950 368 3017 αὐτῆς.
418 2950 666 3017 Ἐγένετο
699 2951 756 3004 δὲ
778 2952 880 3003 ὑπὸ
912 2954 1095 3020 νῦμυν,
1143 2953 1502 3022 περιτμηθεὶς
1535 2956 1629 3005 καὶ
1664 2969 1753 3004 τε·

167 3041 343 3102 λέσας
404 3044 598 3105 πάντα,
652 3043 716 3094 ἵν’
775 3044 932 3106 ἐκτὸς
979 3045 1076 3112 τῆς
1128 3044 1376 3114 κατάρας
1436 3044 1750 3112 γενόμενος,

169 3134 326 3203 ἡμᾶς
359 3133 687 3206 ἐξαγοράσῃ.
715 3133 817 3185 Δύο
840 3134 894 3186 δὲ
923 3134 1326 3204 κατορθώματά
1345 3137 1590 3205 φησιτῆς
1621 3153 1752 3206 σαρ-
1779 3156 1825 3218 C

171 3225 404 3287 κώσεως
430 3225 521 3277 τοῦ
548 3226 784 3294 Χριστοῦ
809 3242 822 3256 ·
857 3227 916 3279 τό
949 3244 1007 3278 τε
1040 3228 1374 3297 έξαγοράσαι
1399 3229 1544 3298 ἡμᾶς
1566 3231 1628 3281 ἐκ
1655 3233 1754 3298 τῆς

170 3315 276 3370 τοῦ
298 3318 464 3387 νόμου
492 3318 757 3386 κατάρας,
793 3319 888 3371 καὶ
921 3318 981 3370 τὸ
1015 3319 1307 3376 ἀποδοῦναι
1331 3320 1428 3390 τὴν
1456 3321 1752 3373 υἱοθεσίαν.

179 3429 202 3460 α
248 3409 641 3478 Ἀπολάϐωμεν
675 3430 693 3461 3
745 3411 820 3473 δὲ,
861 3407 1004 3476 εἷπε,
1062 3413 1277 3475 δεικνὺς
1311 3412 1518 3466 ἄνωθεν
1548 3415 1641 3465 καὶ
1697 3413 1756 3478 ἐξ

174 3501 510 3568 ἐπαγγελίας
544 3501 905 3571 ὀφειλομένην
926 3507 1130 3572 ταύτην
1159 3505 1313 3574 ἡμῖν,
1342 3508 1389 3556 εί
1417 3507 1510 3558 καὶ
1540 3506 1615 3576 μὴ
1645 3507 1755 3559 ἐδί-

174 3592 302 3644 δοτο
324 3593 409 3644 διὰ
430 3593 528 3663 τὴν
548 3596 870 3664 νηπιότητα.
894 3593 1005 3646 Καὶ
1035 3594 1144 3663 γὰρ
1174 3595 1266 3648 καὶ
1292 3597 1324 3665 ἡ
1351 3598 1756 3664 ὲπαγγελθεῖσα

173 3683 261 3751 τῷ
305 3684 554 3753 Ἀϐραὰμ
583 3684 937 3754 κληρονομία,
961 3687 993 3758 ή
1018 3686 1258 3741 υἱοθεσία
1291 3683 1379 3758 ἦν.
1429 3689 1485 3741 Ὀ
1518 3691 1626 3759 γάρ
1644 3691 1755 3752 υίὸς

178 3773 284 3843 κλη
296 3777 529 3842 ρονομεί.

263 3973 282 4006 ι
313 3955 437 4007 ’Ότι
470 3955 526 4006 δέ
563 3958 682 4007 ἐστε
713 3957 836 4019 υἱοὶ,
879 3957 1260 4022 ἐξαπέστειλεν
1292 3959 1318 4010 6
1342 3959 1474 4022 Θεὸς
1510 3960 1570 4014 τὸ
1596 3963 1763 4015 Πνεῦ-

186 4067 266 4122 μα
300 4051 392 4102 τοῦ
423 4051 549 4102 Υίοῦ
596 4052 758 4103 αὐτοῦ
789 4055 846 4104 ὲν
871 4056 992 4114 ταῖς
1020 4053 1267 4122 καρδίαις
1303 4055 1477 4123 ὑμῶν,
1521 4058 1722 4125 κράςον
1744 4075 1758 4090 ·

196 4141 368 4192 Ἀϐϐά
409 4141 437 4192 6
475 4142 683 4209 Πατήρ.
724 4142 884 4193 Ὥστε
912 4144 1093 4195 οὐκέτι
1128 4139 1176 4195 εἶ
1205 4143 1411 4209 δοῦλος,
1444 4146 1581 4198 ἀλλὰ
1608 4148 1718 4209 υἱός
1745 4164 1759 4178 ·

181 4235 234 4286 εί
265 4234 321 4284 δὲ
353 4234 486 4295 υίὸς,
530 4234 622 4284 καὶ
672 4234 1037 4303 κληρονόμοςο
1072 4234 1406 4304 κληρονόμος
1445 4238 1544 4305 μὲν
1605 4239 1764 4307 Θεοῦ,

185 4325 632 4397 συγκληρονόμος
674 4327 728 4378 δὲ
757 4327 1017 4395 Χριστοῦ.
1054 4345 1071 4377 3
1143 4327 1346 4392 Πόθεν,
1391 4332 1561 4399 φησὶ,
1608 4332 1765 4399 δῆλον

184 4421 271 4471 ὃτι
324 4418 624 4480 υἱάοθεσίας
654 4418 1000 4486 ἡξιώθημεν;
1048 4418 1317 4482 Ἀπέδειξέ
1368 4422 1466 4489 μὲν
1515 4422 1644 4474 αὐτὸ
1675 4425 1764 4474 καὶ

1815 557 2037 625 'h-gem,
2095 574 2200 611 non
2241 559 2398 619 dixit,
2445 559 2661 624 Diebus,
2695 559 2811 622 sed,
2855 577 2872 609 ‹
2905 558 3199 612 Elementis
3239 561 3423 611 mundi

1844 667 2058 704 eramus
2101 651 2149 704 in
2185 652 2500 704 servitutem
2536 651 2744 702 adacti:
2783 669 2802 702 3
2835 666 2941 717 quo
2979 652 3148 718 magis
3203 649 3430 720 pudefa-

1846 742 1952 795 ('lal
1980 757 2070 795 eos
2103 744 2190 810 qui
2226 742 2324 810 legi
2357 741 2781 794 incnmhendnm
2809 744 3058 796 suadent.
3089 741 3165 794 Ne
3194 741 3429 808 turberis

1847 846 2047 896 autem,
2083 836 2124 887 si
2156 850 2216 885 ex
2267 834 2614 901 consequenti
2672 845 2875 887 tutores
2908 845 2960 887 et
2985 845 3263 888 curatores
3314 836 3425 888 ele-

1848 935 2028 978 menta
2088 925 2477 994 intelligantur.
2545 927 2783 980 Primum
2821 928 2962 980 enim
3025 929 3196 996 legem
3260 929 3426 980 debes

1848 1018 2091 1085 accipere
2125 1026 2376 1081 tutorem,
2410 1019 2630 1083 perinde
2664 1036 2725 1073 ac
2757 1020 3122 1088 pmdagognm,
3158 1034 3263 1074 non
3301 1021 3425 1073 ista.

1850 1107 2048 1161 Deinde
2082 1110 2396 1163 neomenias
2420 1120 2471 1161 et
2505 1109 2740 1164 Sabhata
2778 1111 3043 1164 elementa
3072 1112 3236 1182 348
3267 1112 3424 1165 dixit.

1849 1197 2132 1262 Praeterea,
2161 1209 2216 1251 ut
2242 1200 2452 1254 abunde
2478 1215 2570 1254 eos
2597 1216 2624 1252 a
2660 1203 2772 1269 lege
2800 1202 3029 1255 deficere
3057 1200 3223 1254 faciat
3257 1214 3418 1271 atque

1851 1289 2169 1356 pudefaciat,
2200 1291 2297 1343 hoc
2333 1292 2405 1344 ita
2431 1291 2586 1354 dixit,
2616 1293 3064 1359 quemadmodum
3096 1294 3147 1346 in
3174 1309 3425 1361 progres-

1850 1395 1910 1432 su
1935 1383 2186 1448 deinceps
2213 1384 2428 1436 uberius
2450 1385 2725 1437 indicabit.
2755 1375 2997 1438 Nonnulli
3025 1401 3119 1452 per
3161 1387 3426 1441 elementa

1850 1473 2225 1527 elementalem
2285 1483 2338 1527 et
2401 1476 2848 1530 introductoriam
2913 1478 3084 1548 legem
3152 1479 3429 1534 intellexe-

1853 1571 1996 1615 ῙἸΙΙΙΙ.

1926 1654 2228 1719 Vens.4,5.
2266 1674 2284 1706 ι
2344 1659 2410 1709 At
2471 1659 2557 1711 ubi
2618 1660 2761 1711 venit
2817 1660 3090 1727 plenitudo
3149 1663 3428 1730 temporis,

1856 1747 2001 1800 misit
2028 1747 2170 1802 Deus
2198 1748 2387 1802 Filium
2420 1765 2596 1811 suum,
2635 1750 2830 1804 factum
2853 1767 2916 1804 ex
2950 1752 3195 1817 muliere,
3226 1754 3426 1808 factum

1855 1843 1954 1894 sub
1989 1841 2103 1910 lege
2171 1851 2230 1894 ut
2269 1855 2362 1895 eos
2397 1843 2486 1910 qui
2528 1846 2624 1896 sub
2667 1843 2780 1913 lege
2827 1853 2982 1897 erant
3019 1846 3328 1909 redimeret,
3371 1855 3429 1898 ut

1853 1935 2193 2002 adoptionem
2242 1934 2471 1989 filiorum
2525 1936 2903 2002 reciperemns.
2955 1955 2972 1987 3
3023 1937 3290 2002 Quandiu,
3345 1937 3398 1990 in

1853 2028 1985 2094 quit,
2045 2023 2280 2079 infantes
2314 2041 2550 2088 eramus.
2611 2029 2836 2095 subjecti
2882 2028 3081 2081 fuimus
3131 2030 3430 2087 neomeniis

1850 2128 1904 2170 et
1969 2117 2268 2170 Sabbatis:
2321 2129 2376 2170 at
2436 2118 2760 2188 simulatque
2798 2121 3016 2172 advenit
3066 2121 3427 2188 praestitutum

1855 2218 2065 2279 tempus
2108 2209 2499 2265 incarnationis
2531 2211 2754 2276 Christi,
2808 2228 2928 2267 cum
2967 2229 3127 2267 omne
3165 2214 3425 2267 scelerum

1853 2317 2018 2370 genus
2055 2297 2335 2370 pergre’ssa
2366 2303 2598 2356 humana
2626 2314 2812 2356 natura
2844 2319 2978 2372 Opus
3010 2304 3230 2358 haberet
3271 2321 3430 2360 cura-

1854 2395 2018 2461 tione,
2061 2414 2078 2445 ι
2114 2397 2259 2449 misit
2295 2396 2433 2449 Dens
2459 2394 2651 2450 Filium
2700 2410 2853 2449 suum
2889 2415 2906 2446 3
2942 2400 3067 2462 (hoc
3093 2406 3194 2460 est,
3228 2398 3431 2465 placuit

1854 2488 1903 2541 ei
1938 2498 1995 2540 ut
2031 2487 2279 2558 veniret),
2310 2505 2328 2538 ι
2369 2487 2590 2541 Factum
2631 2505 2648 2538 3
2684 2501 2788 2540 non
2820 2488 2971 2552 dixit,
3000 2503 3094 2555 per
3126 2489 3427 2551 mulierem,

1856 2595 1922 2632 ne
1976 2578 2180 2632 aditmn
2231 2581 2504 2632 inveniant
2553 2579 2642 2648 qui
2694 2588 2945 2631 asserunt
3005 2578 3288 2632 Dominum
3336 2593 3432 2647 per

1855 2674 2117 2742 virginem
2180 2689 2278 2726 ceu
2334 2673 2574 2726 canalem
2640 2673 2922 2725 transiisse
2975 2670 3120 2723 inani
3205 2684 3432 2740 prorsus

1853 2767 2186 2835 apparentia,
2217 2766 2331 2825 sed,
2360 2785 2376 2814 ι
2406 2763 2482 2816 Ex
2511 2765 2751 2828 muliere,
2793 2781 2810 2814 3
2843 2765 2942 2817 hoc
2968 2773 3070 2827 est,
3105 2779 3130 2815 a
3179 2764 3435 2817 substan-

1857 2863 1925 2908 tia
1979 2857 2204 2925 virginis
2251 2871 2444 2923 corpus
2504 2856 2878 2923 accipientem,
2925 2863 2977 2908 et
3037 2856 3243 2908 fructus
3293 2855 3431 2907 uteri

1857 2948 2028 3016 ipsius
2072 2949 2442 3001 exsistentem.
2504 2946 2700 3000 Factus
2753 2955 2932 2999 autem
2983 2945 3084 2998 fuit
3140 2947 3238 2999 sub
3295 2948 3432 3014 lege,

1857 3055 1976 3092 cum
2035 3039 2387 3092 circumcisus
2427 3047 2564 3102 erat,
2600 3038 2891 3106 omniaque
2930 3038 3062 3106 legis
3102 3038 3350 3105 perfecit,
3376 3045 3433 3088 nt

1857 3130 1924 3183 ab
1995 3130 2369 3183 exsecratione
2444 3138 2744 3196 extunptus,
2784 3129 2853 3182 ab
2915 3129 3284 3182 exsecratione
3337 3146 3434 3181 nos

1860 3223 2171 3276 redimeret.
2202 3222 2312 3273 Duo
2352 3232 2530 3275 autem
2577 3221 2782 3274 Christi
2844 3221 3232 3275 incarnationis
3259 3220 3433 3274 officia

1858 3315 2014 3369 nobis
2051 3314 2271 3382 exponit
2301 3331 2313 3367 :
2350 3315 2604 3378 alterum,
2641 3323 2699 3367 ut
2727 3329 2822 3367 nos
2865 3315 3152 3368 redimeret
3178 3315 3246 3367 ab
3273 3329 3434 3368 exse-

1857 3407 2103 3460 cratione
2154 3406 2334 3474 legis:
2379 3409 2628 3468 alterum,
2678 3414 2736 3458 ιιι
2791 3406 3230 3460 subministraret
3279 3406 3436 3460 nobis

1858 3498 2200 3565 adoptionem
2257 3498 2514 3550 filiorum.
2570 3496 2958 3566 Reciperemus
3008 3509 3223 3563 autem,
3277 3501 3434 3563 dixit,

1860 3590 2100 3643 imlicans
2139 3590 2279 3658 quod
2332 3590 2442 3658 jam
2496 3598 2654 3642 antea
2698 3604 2764 3643 ex
2812 3589 3167 3657 promissione
3222 3591 3287 3643 ad
3338 3605 3437 3644 nos

1861 3682 2200 3751 pertinuerit,
2252 3681 2462 3733 etiamsi
2523 3681 2592 3733 ob
2649 3679 2935 3734 infantiam
2989 3692 3226 3735 nostram
3281 3685 3438 3736 nobis

1861 3790 1964 3827 non
1995 3775 2154 3826 fuerit
2206 3774 2347 3826 data.
2384 3773 2516 3824 Nam
2551 3782 2605 3824 et
2641 3774 2925 3827 haereditas
2949 3773 3261 3829 Abrahamo
3313 3790 3440 3844 pro-

1864 3866 2053 3924 mi~sa,
2091 3864 2306 3930 adoptio
2345 3873 2479 3916 erat.
2520 3861 2686 3915 Filius
2714 3863 2854 3916 enim
2886 3864 3255 3917 lnereditatem
3290 3867 3434 3923 adit.

1938 3953 2098 4008 Vrsas.
2131 3953 2242 4018 6,7.
2281 3971 2299 4002 ι
2352 3954 2615 4018 Quoniam
2680 3963 2862 4007 autem
2921 3956 3052 4009 estis
3086 3956 3203 4019 lilii,
3260 3958 3442 4010 emisit

1867 4047 2007 4101 Deus
2040 4046 2299 4114 Spiritum
2334 4044 2453 4099 Filii
2477 4047 2553 4097 sui
2589 4046 2641 4099 in
2665 4048 2824 4100 corda
2857 4055 3056 4111 vestra,
3093 4031 3438 4113 clamantem,

1864 4141 2012 4192 Abba
2051 4138 2230 4190 Pater.
2268 4138 2452 4202 Itaque
2478 4136 2590 4205 jam
2642 4153 2745 4190 non
2774 4152 2832 4190 es
2867 4153 3076 4201 servus,
3111 4139 3204 4194 sed
3254 4138 3436 4199 ﬁlius:

1865 4230 1909 4282 si
1939 4240 2116 4282 autem
2141 4227 2327 4293 Filius,
2359 4238 2414 4281 et
2449 4231 2639 4291 hzeres,
2666 4229 2836 4283 lneres
2867 4229 3082 4302 quidem
3122 4230 3236 4294 Dei,
3267 4231 3443 4284 coha-

1871 4338 1956 4376 res
1988 4332 2165 4375 autem
2198 4320 2419 4375 Christi.
2454 4341 2472 4372 3
2513 4320 2686 4382 Unde,
2726 4322 2914 4389 inquit,
2952 4322 3165 4390 planum
3195 4325 3440 4391 estquod

1870 4415 2098 4467 li:iorum
2151 4415 2438 4479 adoptione
2491 4414 2674 4468 donati
2731 4414 2968 4468 smnus?
2999 4412 3255 4467 Patefecit
3297 4416 3440 4470 istud

190 4512 479 4580 πρότερον,
527 4511 613 4561 ὅτε
656 4509 854 4571 ἔδειξεν
905 4511 1051 4578 ἡμᾶς
1092 4510 1326 4578 Χριστὸν
1358 4511 1754 4580 ἐνδεδυμένους,

1815 4495 2121 4565 )antehac,
2177 4502 2392 4571 quando
2430 4503 2682 4556 indicavit
2735 4518 2831 4558 nos
2873 4504 3143 4557 Christum
3178 4505 3436 4572 induisse,

185 4603 244 4662 ὃς
277 4605 422 4652 ἐστιν
455 4601 577 4662 Υἱός
603 4614 616 4628 ·
647 4600 885 4651 δείκνυσι
909 4599 963 4650 δὲ
991 4600 1081 4654 καὶ
1108 4600 1223 4666 νῦν,
1260 4603 1322 4655 ὲκ
1339 4601 1431 4653 τοῦ
1460 4603 1520 4653 τὸ
1544 4603 1763 4671 Πνεῦμα

193 4695 343 4762 ἡμᾶς
373 4691 578 4756 λαϐεῖν,
631 4691 1264 4762 ὃπαρασκευάζειήμᾶς
1312 4695 1532 4763 Πατέρα
1580 4696 1763 4748 καλεῖν

188 4785 285 4834 τὸν
312 4782 464 4843 Θεὸν,
499 4782 606 4833 τῶν
640 4781 876 4848 καρδιῶν
913 4782 1069 4849 ἡμῶν
1101 4782 1403 4851 ἁπτόμενον
1439 4784 1631 4844 ὲνθέω,
1669 4788 1763 4838 καὶ

189 4874 599 4942 καινοπρεπῶς.
636 4873 803 4924 Τοῦτο
840 4872 895 4924 δὲ
921 4873 1019 4924 οὐκ
1046 4872 1109 4924 ἂν
1135 4874 1372 4940 ἐγένετο,
1411 4875 1459 4925 εί
1489 4875 1562 4943 μὴ
1589 4877 1762 4928 υίοθε-

191 4964 312 5024 σίας
344 4963 680 5031 ἡξιώθημεν.
722 4963 884 5013 Ὥστε
934 4963 1054 5015 ἐπεὶ
1085 4963 1190 5015 υἱοί
1241 4966 1406 5033 ὲσμεν
1442 4966 1535 5016 καὶ
1563 4965 1761 5035 κληρο-

190 5056 347 5124 νόμοι
377 5055 437 5106 οὑ
475 5054 585 5106 τῶν
619 5053 890 5122 τυχόντων
941 5053 1304 5124 πραγμάτων,
1358 5055 1494 5107 ἀλλὰ
1536 5056 1645 5108 τῶν
1669 5055 1760 5108 τοῦ

190 5147 348 5206 Θεοῦ,
380 5147 470 5198 καὶ
500 5146 870 5213 συμμερισται
899 5144 992 5196 τοῦ
1025 5145 1384 5212 Μονογενοῦς,
1439 5147 1492 5197 τί
1527 5146 1685 5200 πάλιν
1717 5147 1765 5177 ⁸³

191 5237 369 5290 δοῦλοι
397 5236 679 5304 γινόμεθα,
708 5235 803 5286 καὶ
865 5233 1169 5303 ἀθετοῦμεν
1211 5234 1308 5304 τὴν
1367 5235 1761 5306 υίοθετήσασαν

192 5330 344 5402 ἡμᾶς
370 5329 576 5392 πίστιν,
605 5327 681 5397 τῷ
707 5326 858 5396 νόμῳ
896 5327 1245 5396 προσέχοντες
1269 5342 1283 5390 ;

275 5523 296 5558 ι
327 5505 489 5558 Ἀλλὰ
523 5505 646 5557 τότε
709 5504 808 5573 μὲν
834 5503 933 5556 οὐκ
971 5502 1172 5565 εἰδότες
1203 5502 1355 5567 Θεὸν,
1412 5502 1764 5556 ἐδουλεύσατε

1869 4596 1957 4663 qui
2009 4604 2090 4648 est
2142 4593 2331 4647 Filius.
2380 4593 2627 4647 Ostendit
2679 4604 2854 4647 autem
2905 4595 3225 4654 etiamnum.
3277 4611 3342 4648 ex
3374 4611 3439 4646 eo

1869 4686 2010 4752 quod
2041 4674 2298 4753 Spiritum
2336 4699 2432 4738 nos
2462 4687 2847 4750 acceperimus,
2875 4686 2965 4753 qui
2994 4687 3227 4739 instituit
3256 4702 3352 4741 nos
3383 4696 3439 4740 nt

1869 4775 2080 4828 Patrem
2148 4790 2397 4828 vocemus
2449 4773 2636 4836 Deum,
2687 4789 2830 4844 novo
2894 4777 3125 4842 quodam
3181 4778 3337 4830 modo
3386 4787 3439 4834 et

1871 4867 2051 4920 divino
2096 4868 2257 4918 corda
2299 4878 2480 4920 nostra
2516 4866 2907 4920 commovendo
2932 4885 2946 4921 :
2975 4867 3116 4935 quod
3148 4878 3294 4921 certe
3336 4886 3437 4921 non

1872 4957 2043 5017 ﬁeret,
2094 4956 2146 5007 ni
2183 4954 2415 5007 filiorum
2460 4957 2674 5023 adoptio
2713 4957 2865 5008 nobis
2912 4959 3035 5009 data
3081 4965 3248 5009 esset.
3295 4957 3440 5022 Quo.

1869 5048 2012 5101 circa
2070 5059 2190 5099 cmn
2227 5046 2320 5099 lilii
2375 5046 2544 5099 simus
2589 5057 2641 5098 et
2690 5047 2948 5110 lueredes,
2994 5061 3097 5098 non
3143 5047 3438 5113 vulgarium

1868 5146 2014 5190 certe
2085 5149 2287 5197 rerum,
2350 5146 2605 5188 caeterum
2687 5138 2953 5189 bonorum
3013 5136 3337 5198 divinorum,
3384 5145 3441 5187 et

1873 5226 2162 5292 Unigenito
2206 5225 2538 5288 cohazredes,
2582 5240 2679 5277 cur
2733 5241 2917 5279 rursus
2963 5226 3101 5279 servi
3152 5223 3436 5285 eﬂicimur,

1870 5319 2137 5386 fidemque
2164 5333 2286 5386 quae
2309 5333 2406 5371 nos
2433 5320 2483 5372 in
2513 5318 2652 5373 filios
2670 5319 2961 5387 adeptavit,
2992 5317 3092 5388 legi
3115 5317 3443 5372 attendendo

1869 5412 2180 5481 rejicimus?

1870 5503 2034 5558 \‘eas.
2070 5504 2122 5557 8.
2154 5522 2171 5554 ι
2205 5504 2310 5558 Sed
2352 5512 2482 5559 tunc
2527 5505 2744 5573 quidem
2791 5505 3100 5575 ignorantes
3147 5503 3336 5570 Deum,
3375 5504 3442 5556 iis

1512 5644 1712 5704 Variae
1746 5643 2074 5706 lectiones.

268 5773 316 5804 ⁸³
345 5772 616 5835 ἐνεπόδιζέ
647 5787 699 5826 o.
778 5774 822 5804 ⁸³
856 5772 1052 5834 αὐτοὺς
1077 5787 1149 5825 In.
1229 5771 1273 5802 ⁸ο
1301 5769 1588 5840 ὀφείλομεν
1619 5785 1670 5824 ο.

1753 5772 1793 5802 ⁹¹
1823 5771 2028 5839 πλάνης
2077 5785 2129 5824 0.

2209 5775 2253 5807 ⁸³
2285 5770 2464 5824 τοίνυν
2506 5786 2556 5825 o.
