4242 6462
244 449 382 516 1001

1059 448 1462 509 EXPOSITIO
1506 445 1584 504 ΙΝ
1626 446 1865 506 EPIST.
1905 447 2002 505 AD
2041 446 2307 508 GALAT.
2343 475 2411 486 —
2441 455 2594 514 CAP.
2641 455 2736 515 IV.

3363 463 3492 523 1002

235 561 336 613 τοῦ
369 559 526 623 Θεοῦ,
553 559 882 627 γεγόναμεν.
935 556 1312 623 Ἀπολογεῑται
1343 555 1398 606 δὲ
1428 554 1521 606 καὶ
1544 554 1683 624 ὑπὲρ
1711 554 1819 605 τῶν
1850 563 1894 619 Α

1818 563 1894 619 ιΑ
1928 553 2210 616 Deo,lacti
2256 572 2461 610 sumus.
2523 560 2756 614 Excusat
2816 579 2996 618 autem
3061 582 3120 620 ea
3169 584 3287 634 qum
3335 571 3493 640 350

247 653 547 723 ῥηθέντων,
578 652 657 703 ὅτι
689 652 748 701 οὐ
779 648 919 701 κατὰ
965 647 1264 716 ἀπέχθειαν
1299 645 1619 713 ἐλέχθησαν.
1653 644 1824 697 Ούδέν

241 748 356 814 γάρ
393 760 460 811 με
500 743 823 811 ἠδικήσατε,
873 742 957 792 ι’να
989 741 1081 792 καὶ
1101 736 1389 807 ἐχθρωδῶς
1419 737 1544 804 ὑμῖν
1580 739 1824 804 προσφέ-

247 851 454 904 ρωμαι,
497 831 632 883 ἀλλὰ
670 831 874 901 μᾶλλον
920 829 1012 881 καὶ
1059 828 1231 897 μυρία
1263 825 1427 893 τιμῆς
1476 828 1569 877 καί
1603 826 1853 894 χάριτος

243 927 384 991 ἔργα
412 923 757 986 ἐπεδείξασθέ
805 939 914 989 μοι.
954 921 1078 981 Πῶς
1107 915 1200 971 οὖν
1238 917 1378 971 κατὰ
1409 915 1707 984 ἀπέχθειαν
1752 914 1825 968 εἶ-

246 1035 349 1070 πον
371 1019 434 1070 ἂν
456 1018 624 1069 ταῦτα
648 1033 662 1079 ;
682 1016 840 1068 Ἀλλὰ
859 1013 1059 1084 δηλαδὴ
1086 1012 1379 1083 κηδόμενος
1405 1010 1432 1061 ύ
1443 1009 1580 1078 μῶν,
1612 1012 1703 1063 καὶ
1729 1010 1820 1064 άνο

245 1113 634 1181 τιχαρίζεσθαι
671 1114 768 1180 μᾶζ’
783 1111 871 1161 λον
912 1109 1100 1162 θέλων.

327 1223 344 1253 ι
383 1203 569 1254 Οἴδατε
593 1202 669 1264 δὲ,
693 1204 773 1254 ὃτι
803 1200 867 1251 δι’
899 1199 1183 1253 ἀσθένειαν
1205 1200 1304 1269 τῆς
1353 1200 1553 1269 σαρκὸς
1587 1200 1823 1267 εὐηγγε-

242 1293 484 1364 λισάμην
519 1296 646 1363 ὑμῖν
673 1293 731 1344 τὸ
752 1293 1040 1361 πρότερον·
1075 1292 1167 1344 καὶ
1196 1291 1287 1344 τὸν
1316 1291 1617 1362 πειρασμὸν
1651 1291 1738 1342 τὸν
1766 1293 1823 1342 ἐν

244 1390 311 1457 τῇ
348 1387 510 1457 σαρκί
545 1404 647 1455 μου
690 1387 786 1437 οὐκ
815 1385 1227 1454 ἐξουθενήσατε,
1260 1385 1379 1438 ούδέ
1426 1382 1766 1439 διεπτύσατε.
1799 1402 1816 1435 ι

244 1480 464 1544 Οἰδσιτε,
499 1479 685 1549 φησιν,
716 1480 798 1530 ὅτι
855 1477 995 1546 μετὰ
1020 1477 1303 1540 ἀσθενείας
1354 1479 1639 1548 σαρκικῆς,
1673 1494 1824 1529 τουτ-

245 1573 385 1632 έστι,
442 1572 577 1641 μετὰ
606 1569 863 1637 διωγμῶν
921 1570 1014 1624 καὶ
1067 1569 1329 1624 κινδύνων
1376 1570 1822 1638 εὐηγγελισάμην

247 1665 398 1732 ὑμῖν,
438 1664 532 1714 καὶ
579 1661 684 1714 οὐδ’
714 1660 883 1724 οὕτως
927 1661 1318 1732 ἀπεστράφητέ
1368 1678 1469 1728 μου
1517 1664 1595 1699 ⁸⁸·
1634 1660 1754 1714 ούδέ
1794 1661 1821 1711 δ

245 1755 549 1824 πειρασμός
583 1772 683 1825 μου
731 1749 906 1817 οὗτος,
937 1754 1236 1819 τουτέστιν,
1268 1756 1314 1807 οἱ
1346 1752 1600 1822 διωγμοὶ,
1636 1751 1731 1804 καὶ
1765 1752 1820 1805 αἱ

249 1849 537 1919 μάστιγες,
585 1852 676 1902 καὶ
707 1839 789 1901 τὰ’
805 1848 1051 1913 τοιαῦτα,
1085 1849 1471 1902 ἐσκανδάλισεν
1523 1848 1686 1917 ὑμᾶς,
1728 1846 1823 1898 καὶ

245 1943 503 2011 ἐποίησεν
562 1941 909 2009 ἐξουθενῆσαὶ
964 1959 1030 2010 με
1074 1943 1169 1994 καὶ
1216 1941 1533 1995 διαπτύσαι.
1568 1942 1723 2010 Ἅμα
1764 1939 1819 1990 δὲ

244 2035 340 2086 καὶ
372 2033 620 2102 ἐντρέπει
663 2035 858 2096 αὐτοὺς
890 2035 1213 2105 λεληθότως,
1252 2035 1464 2098 δεικνὺς
1504 2035 1606 2088 ὃσα
1652 2033 1818 2086 ἔπαθε

245 2125 401 2195 παρὰ
426 2125 532 2178 τῶν
561 2127 991 2196 ἐναντιουμένων
1017 2128 1083 2181 δι’
1116 2127 1334 2190 αὐτούς.

329 2237 346 2268 ι
395 2218 531 2270 Ἀλλ’
554 2219 628 2281 ὡς
658 2221 888 2287 ἄγγελον
921 2219 1055 2274 Θεοῦ
1089 2219 1341 2284 ἐδέξασθέ
1375 2222 1554 2289 με,ώς
1587 2219 1820 2290 Χριστὸν

259 2309 484 2379 Ἰησοῦν.
525 2329 543 2362 ι
584 2311 761 2375 Οὕτω,
792 2312 946 2380 φησι,
988 2312 1054 2381 μέ
1084 2314 1403 2381 ἐτιμήσατε,
1427 2311 1502 2375 ὡς
1536 2312 1820 2382 κρείττονα

247 2400 460 2467 ἣοκατὰ
492 2401 797 2471 ἄνθρωπον.
837 2403 962 2465 Πῶς
988 2398 1080 2455 οὗν
1134 2403 1230 2454 οὐκ
1283 2403 1503 2468 ἄτοπον,
1561 2403 1685 2456 τότε
1720 2401 1820 2472 μὲν

243 2494 576 2562 διωκόμενον
611 2496 704 2547 καὶ
721 2495 1079 2564 ἐλαυνόμενον
1106 2495 1354 2564 δέχεσθαί
1392 2511 1460 2564 με
1485 2495 1559 2557 ὡς
1589 2494 1820 2562 ἄγγελον

244 2582 338 2633 καὶ
370 2583 444 2646 ὡς
467 2585 723 2655 Χριστὸν,
756 2587 848 2637 καὶ
884 2586 960 2656 μὴ
997 2585 1480 2649 σκανδαλίζεσθαιο
1538 2586 1632 2638 νῦν
1662 2585 1721 2641 δὲ
1751 2587 1818 2640 τὰ

243 2673 436 2728 δέοντα
478 2676 940 2745 συμϐουλεύοντα,
990 2679 1067 2742 ὡς
1112 2677 1305 2748 ἐχθρὸν
1351 2677 1684 2746 λογίζεσθαι,
1724 2679 1818 2732 καὶ

247 2768 323 2838 μὴ
340 2769 755 2840 ,παραδέχεσθαι
777 2789 792 2838 ;

318 2960 337 2993 ι
367 2942 464 3004 Τίς
513 2939 606 2998 οὖν
653 2945 680 2997 δ
712 2945 1060 3016 μακαρισμὸς
1107 2945 1292 3016 ὑμῶν;
1330 2965 1349 2996 ι
1416 2950 1679 3017 Διαπορεῖ
1723 2950 1817 3001 καὶ

244 3034 630 3104 ἐκπλήττεται,
663 3039 757 3090 καί
793 3054 957 3107 φησι·
987 3038 1083 3102 Τίς
1128 3043 1352 3108 γέγονεν
1401 3041 1429 3093 ό
1471 3042 1817 3112 μακαρισμὸς

244 3126 428 3195 ὑμῶνς
464 3129 730 3193 τουτέστι,
777 3130 887 3182 Ποῦ
919 3131 1159 3200 ἀπῆλθεν
1187 3135 1368 3186 ἐκεῖνα
1410 3132 1588 3187 πάντα
1617 3133 1702 3202 ἐφ’
1733 3128 1816 3196 οἷς

1928 648 2078 708 dixit,
2135 650 2274 714 quod
2322 665 2426 702 non
2486 652 2596 704 sint
2640 653 2841 718 prolata
2874 673 2934 708 ex
2988 660 3128 711 odio.
3164 659 3306 713 Nihil
3354 666 3494 714 enim

1930 735 2134 802 injuriae
2181 738 2306 789 mihi
2353 740 2630 803 intulistis,
2664 752 2716 793 ut
2751 744 3016 799 hosniiter
3060 762 3182 813 erga
3217 764 3307 801 vos
3353 764 3499 802 com-

1929 839 2167 889 tnovear,
2207 834 2298 880 sed
2335 845 2611 882 innumera
2647 833 2823 900 potius
2856 836 3071 888 honoris
3098 847 3152 890 et
3194 839 3497 892 dilectionis

1930 929 2095 982 opera
2133 921 2258 969 mihi
2295 919 2633 975 exhibuistis.
2663 927 2940 988 Quomodo
2969 928 3110 979 enim
3141 944 3202 982 ex
3228 931 3350 983 odio
3395 932 3496 984 ista

1929 1008 2202 1060 dicerem?
2244 1007 2348 1062 Sed
2398 1025 2582 1064 curam
2616 1019 2788 1083 potius
2819 1029 2982 1071 vestri
3033 1033 3241 1088 gerens,
3286 1039 3344 1076 ac
3379 1039 3498 1093 gra-

1931 1098 2121 1153 tificari
2153 1105 2302 1154 vobis
2337 1105 2690 1158 contendens.

2000 1192 2162 1249 Vens.
2197 1195 2379 1257 £5.14.
2425 1214 2442 1246 ι
2485 1195 2643 1251 Scitis
2693 1211 2869 1255 autem
2904 1207 3044 1272 quod
3088 1221 3183 1275 per
3224 1209 3500 1263 inﬁt-inita—

1931 1292 2036 1338 tem
2063 1288 2240 1339 carnis
2264 1288 2626 1355 evangelia-avi
2663 1291 2813 1346 vobis
2845 1310 3022 1361 prius;
3055 1315 3116 1351 ac
3147 1301 3496 1356 teutationem

1927 1391 2044 1442 qum
2076 1389 2190 1431 erat
2238 1381 2289 1431 in
2322 1394 2488 1433 carne
2539 1398 2650 1433 mea
2683 1400 2784 1436 non
2835 1387 3130 1451 sprevistis.
3181 1407 3353 1460 neque
3416 1410 3500 1446 re-

1927 1467 2170 1534 spuistis.
2204 1487 2221 1518 ι
2255 1468 2504 1535 Novistis,
2542 1474 2729 1540 inquit,
2777 1476 2915 1544 quod
2962 1494 3082 1532 cum
3133 1482 3498 1537 imbecillitate

1927 1561 2152 1622 carnali,
2186 1562 2285 1615 hoc.
2334 1576 2436 1626 est,
2469 1582 2590 1620 cum
2639 1572 3105 1637 persecutiouibus
3147 1584 3199 1626 et
3244 1577 3496 1644 periculis

1929 1651 2077 1704 vobis
2116 1653 2399 1720 pratdicavi
2429 1672 2630 1724 ;neque
2658 1660 2734 1714 sie
2759 1672 2938 1715 tamen
2971 1665 3197 1716 aversati
3227 1667 3356 1720 esuis
3384 1683 3492 1720 me.

1928 1740 2110 1809 Neque
2147 1744 2244 1797 ista
2300 1748 2518 1802 tentatio
2560 1766 2697 1814 mea,
2748 1754 2796 1806 id
2832 1765 2935 1819 cst,
2991 1758 3392 1822 persecutiones
3443 1774 3497 1815 (ιι

1929 1834 2153 1886 verbera
2209 1843 2262 1888 (ιι
2317 1837 2643 1904 hujusmodi,
2680 1842 3021 1898 olIenderunt
3071 1861 3180 1911 vos,
3217 1853 3495 1917 compule-

1926 1935 2152 1994 rumque
2203 1943 2295 1982 vos
2326 1942 2673 1987 contemnere
2699 1952 2782 1989 me
2814 1947 2976 2006 atque
3009 1955 3278 2009 respuere.
3325 1941 3494 1996 Simul

1923 2027 2102 2070 autem
2141 2018 2368 2073 latenter
2395 2023 2669 2088 pudelacit
2702 2040 2814 2088 eos,
2843 2031 3135 2086 ostendens
3171 2046 3370 2100 quanta
3422 2038 3494 2090 sit

1922 2123 2113 2176 passus
2148 2109 2214 2162 ab
2239 2112 2563 2167 adversariis
2596 2129 2777 2168 eorum
2812 2121 3045 2173 nomine.

2000 2220 2015 2250 ι
2059 2201 2162 2255 Sed
2191 2205 2333 2257 sicut
2360 2208 2602 2274 angelum
2639 2206 2728 2260 Dei
2763 2213 3074 2279 suscepistis
3104 2230 3209 2278 me,
3236 2225 3490 2287 tanquam

1921 2294 2196 2347 Christum
2233 2292 2440 2349 Jesum.
2480 2315 2498 2346 ι
2555 2300 2720 2360 Adeo,
2780 2301 2976 2370 inquit,
3028 2305 3336 2363 honorastis
3387 2326 3491 2376 tne,

1922 2387 2076 2453 quasi
2129 2388 2301 2456 major
2355 2402 2526 2443 essem
2566 2392 2799 2448 nomine.
2847 2396 3127 2462 Quomodo
3171 2404 3333 2470 igitur
3387 2422 3490 2459 non

1921 2479 2214 2532 absurdum
2251 2491 2351 2547 e5t,
2392 2495 2502 2536 tum
2539 2485 2754 2552 quidem
2783 2503 2901 2543 curn
2938 2496 3366 2559 persecutionem
3400 2514 3493 2566 pa-

1923 2579 2066 2624 terer
2093 2580 2147 2626 et
2177 2572 2429 2638 agitarer,
2469 2590 2552 2628 me
2579 2591 2606 2627 a
2635 2578 2782 2632 vobis
2812 2582 3012 2652 suscipi
3043 2594 3293 2654 tanquam
3323 2602 3490 2655 ange-

1921 2662 2028 2718 lum
2067 2673 2120 2717 et
2170 2665 2332 2720 veluti
2381 2667 2680 2732 Christum,
2713 2682 2765 2725 et
2807 2688 2900 2727 vos
2951 2691 3059 2729 non
3113 2679 3487 2750 olTendi:jam

1920 2769 2044 2808 vero
2081 2771 2205 2810 cum
2236 2757 2510 2813 consulam
2539 2763 2689 2816 vobis
2720 2779 2840 2832 qua:
2881 2766 3103 2822 honesta
3151 2781 3293 2834 sunt,
3328 2774 3489 2827 veluti

1918 2847 2121 2900 hostem
2148 2848 2377 2916 judicari
2411 2866 2497 2906 me
2526 2868 2554 2905 a
2583 2855 2751 2920 vobis,
2780 2867 2835 2911 et
2861 2859 3080 2916 minimc
3116 2866 3314 2934 suscipi
3343 2868 3364 2920 ?
3392 2887 3411 2921 ι

1990 2937 2152 2994 Vatis.
2187 2941 2271 2995 15.
2303 2961 2320 2992 ι
2366 2943 2463 2998 Ubi
2495 2956 2579 3000 est
2604 2961 2731 3017 ergo
2763 2952 3039 3009 beatitudo
3064 2967 3238 3011 vestra
3259 2960 3282 3012 ?
3303 2981 3320 3011 ι
3355 2964 3489 3017 Am-

1916 3030 2050 3102 bigit
2077 3042 2130 3086 et
2164 3033 2465 3090 admiratur
2490 3046 2543 3093 et
2568 3039 2643 3094 ait
2672 3058 2685 3094 :
2715 3040 2845 3106 Quae
2865 3054 2946 3099 est
2973 3047 3248 3105 beatitudo
3277 3056 3491 3108 vestra?

1920 3121 2022 3177 hoc
2055 3133 2161 3189 est,
2188 3125 2430 3191 Quonam
2484 3131 2730 3187 abierunt
2772 3135 2859 3189 illa
2907 3141 3086 3194 omnia
3120 3154 3336 3213 propter
3369 3162 3490 3214 quae

243 3219 645 3287 ἐμακαρίζεσθε
693 3223 843 3290 παρὰ
905 3224 1158 3287 πάντων,
1215 3225 1289 3286 ὡς
1340 3224 1886 3312 φιλοδιδάσκαλοΗο

1841 3248 1886 3312 C
1920 3215 2103 3271 felices
2166 3220 2606 3285 praedicabamini
2669 3227 2736 3279 ab
2793 3230 3063 3294 omnibus,
3102 3247 3198 3286 ceu
3251 3234 3489 3292 doctoris

244 3307 341 3364 Ti;
386 3307 476 3359 οὖν
504 3311 617 3361 ἐστι
649 3310 781 3377 νῦν;
819 3313 913 3376 Et;
948 3314 1001 3366 τί
1033 3315 1343 3384 μετεϐλήθη
1387 3319 1415 3368 δ
1463 3318 1809 3388 μακαρισμὸς

1916 3308 2079 3362 vestri
2119 3312 2405 3366 amantes?
2432 3311 2530 3367 Ubi
2563 3331 2704 3371 nunc
2746 3321 2870 3373 est?
2898 3319 2952 3374 ln
2977 3325 3105 3391 quid
3154 3339 3483 3384 commutata

241 3395 396 3463 ὑμῶν
427 3400 660 3463 ἐκεῖνος;
700 3401 813 3453 Νῦν
840 3404 947 3472 γὰρ
999 3405 1098 3474 οὐχ
1146 3405 1257 3474 ὁρῶ
1305 3406 1511 3473 τοῦτον,
1544 3406 1620 3470 ὡς
1657 3408 1809 3478 ὑμῶν
1909 3417 1916 3447 ⁴

1909 3407 1995 3452 est
2046 3397 2322 3457 beatitudo
2381 3404 2470 3457 illa
2524 3409 2742 3462 vestra?
2782 3409 2935 3466 Nunc
2965 3416 3106 3469 enim
3167 3419 3323 3472 istam
3381 3436 3488 3476 non

242 3489 499 3553 ἐναντίως
528 3493 656 3560 περὶ
685 3493 784 3562 ἐμὲ
807 3494 1184 3550 διατεθέντων.

320 3598 338 3629 ‹
371 3582 652 3650 Μαρτυρῶ
677 3584 784 3654 γὰρ
822 3584 967 3652 ύμῖν,
992 3587 1072 3639 ὅτι
1100 3589 1148 3640 εἰ
1177 3587 1425 3652 δυνατὸν,
1461 3589 1586 3652 τοὺς
1613 3589 1812 3657 ὀφθαλ-

244 3662 558 3741 μοὺςῖὒμῶν
583 3676 932 3745 ἐξορύξαντες
973 3679 1039 3732 ἂν
1069 3679 1306 3733 ἐδώκατέ
1341 3698 1452 3751 μοι.
1494 3701 1512 3733 ι
1568 3683 1674 3736 Καὶ
1703 3684 1811 3737 τῶν

239 3763 536 3831 όςθαλμῶν
567 3767 746 3819 αὐτῶν
768 3767 1093 3840 τιμιώτερόν
1148 3789 1215 3840 με
1245 3773 1486 3826 ἐτίθεσθε
1517 3775 1681 3828 πάλαι
1721 3775 1811 3829 διὰ

238 3852 301 3905 τὸ
329 3856 590 3924 κήρυγμα
613 3872 628 3887 ο
683 3858 734 3909 τί
764 3852 856 3910 οὖν
885 3859 1113 3927 γέγονεν
1150 3851 1230 3914 ὃτί
1276 3863 1373 3914 καὶ
1407 3863 1483 3926 ὠς
1514 3863 1708 3934 ἐχθρόν
1740 3882 1808 3934 με

236 3945 335 3996 νῖν
367 3946 726 4015 ύποπτεύετε;
767 3953 1003 4004 Ἀτοπον
1035 3953 1143 4022 γάρ
1199 3955 1287 4007 τὶν
1322 3955 1466 4008 οὕτω
1501 3957 1810 4028 παρ’ύμῶν

236 4037 560 4106 τιμηθέντα,
583 4039 755 4112 ἐχθρᾷ
788 4042 982 4115 γνώμῃ
1008 4046 1180 4096 ταῦτα
1215 4046 1394 4112 λέγειν
1426 4048 1574 4115 ὑμῖν.

322 4231 340 4263 ι
372 4214 536 4266 Ὥστε
568 4214 757 4284 ἐχθρὸς
789 4218 943 4288 ὑμῶν
994 4222 1194 4290 γέγονα
1249 4224 1533 4294 ἀληθεύων
1574 4223 1743 4296 ’ὐμῖνς
1784 4249 1802 4282 ι

240 4303 466 4371 Ἀλλην,
521 4306 706 4374 φησὶν,
751 4308 851 4360 ούκ
889 4305 1009 4363 οἶδα
1056 4311 1257 4382 ἔχθρας
1292 4315 1496 4379 αἰτίαν,
1548 4318 1581 4386 ἢ
1618 4319 1700 4370 ὅτι
1742 4314 1823 4374 τά

234 4394 410 4463 ἀληθῆ
447 4396 574 4464 ὑμῖν
601 4392 774 4463 εἶπον,
812 4400 904 4452 καὶ
938 4401 1141 4472 ῆλεγξα
1172 4404 1651 4477 διαφθειρομένους
1681 4411 1808 4482 περὶ

236 4484 306 4535 τὰ
341 4484 606 4554 δόγματα.
644 4489 742 4541 Διὰ
775 4489 931 4543 τοῦτο
982 4493 1036 4544 δέ
1093 4494 1294 4564 μᾶλλον
1346 4496 1454 4550 ἔδει
1511 4499 1692 4554 πλεῖόν
1740 4520 1807 4572 με

1912 3489 2087 3554 video,
2113 3494 2261 3547 vobis
2289 3495 2539 3550 nimirum
2567 3504 2840 3556 contrario
2873 3508 3030 3560 modo
3061 3508 3112 3561 in
3144 3526 3225 3563 me
3257 3511 3485 3568 allectis.

1988 3601 2006 3633 ι
2039 3583 2426 3641 Testimonium
2458 3590 2599 3643 enim
2627 3595 3079 3668 perhibeorvobis,
3107 3607 3265 3671 quod,
3291 3606 3334 3658 si
3369 3609 3400 3660 li
3441 3609 3484 3660 ri

1912 3676 2192 3744 potuisset,
2237 3679 2425 3735 oculos
2477 3697 2688 3741 vestros
2736 3690 3039 3758 eruissetis,
3081 3706 3135 3760 et
3190 3698 3481 3754 dedissetis

1911 3766 2063 3818 mihi.
2105 3788 2123 3818 ι
2159 3768 2296 3822 Olim
2335 3783 2553 3841 propter
2583 3779 2728 3832 verbi
2764 3786 3218 3848 praedicationem,
3269 3792 3485 3846 chario-

1913 3871 2024 3910 rem
2057 3873 2140 3913 tne
2167 3863 2338 3917 oculis
2369 3868 2562 3921 vestris
2587 3868 2868 3928 habuistis.
2904 3875 3040 3943 Quid
3075 3880 3236 3949 igitur
3260 3886 3486 3956 contigit

1911 3951 2052 4017 quod
2083 3951 2251 4006 hostis
2286 3955 2456 4010 instar
2479 3974 2561 4014 me
2590 3977 2730 4017 nunc
2764 3968 3112 4034 suspicemini
3136 3951 3480 4032 ?Absurdu'iu

1910 4041 2052 4095 enim
2104 4055 2207 4108 est,
2243 4055 2299 4100 ut
2336 4047 2381 4100 is
2419 4049 2509 4118 qui
2539 4061 2684 4107 tanto
2717 4068 2746 4107 a
2785 4056 2940 4113 vobis
2981 4059 3187 4116 honore
3218 4065 3287 4119 sit
3346 4069 3480 4124 all‘e-

1913 4143 2052 4198 ctus,
2084 4135 2299 4192 inimica
2331 4139 2445 4194 haec
2476 4144 2627 4199 vobis
2655 4157 2832 4202 mente
2859 4149 3024 4205 dicat.

1984 4224 2144 4280 Vens.
2171 4229 2257 4282 l6.
2291 4248 2310 4282 ι
2344 4231 2482 4302 Ergo
2507 4234 2756 4293 inimicus
2798 4241 2952 4297 vobis
3001 4241 3179 4302 factus
3209 4263 3349 4315 sum,
3392 4269 3483 4306 i-e-

1914 4332 2029 4370 ram
2074 4320 2262 4375 dicens
2313 4325 2543 4378 vobis?»
2572 4328 2768 4396 Aliam,
2805 4333 2998 4403 inquit,
3033 4353 3136 4392 non
3177 4342 3333 4398 video
3379 4347 3482 4398 ini.

1913 4409 2126 4464 niicitize
2153 4427 2397 4480 causam,
2425 4431 2588 4485 quam
2633 4424 2772 4488 quod
2820 4426 3098 4482 veritatem
3143 4431 3292 4487 vobis
3325 4437 3480 4490 dixe-

1913 4502 2034 4568 rim,
2096 4509 2642 4580 reprehenderimque
2691 4529 2784 4569 vos
2857 4532 2953 4572 ceu
3009 4521 3061 4574 in
3138 4525 3480 4593 opinionibus

235 4576 589 4645 ἀγαπηθῆναι
621 4580 751 4649 παρ’
802 4581 974 4648 ὑμῶν,
1010 4583 1084 4645 ὡς
1132 4584 1426 4655 κηδεμόνος
1455 4588 1614 4658 ἔργον
1653 4592 1810 4663 ποιή-
1844 4589 1887 4644 1)

1804 4589 1887 4644 ιι)
1918 4598 2108 4651 vestris
2164 4610 2467 4669 corruptos.
2510 4604 2670 4674 Atqui
2722 4621 2821 4674 par
2872 4622 3011 4677 erat,
3068 4625 3208 4670 uteo
3261 4621 3479 4678 nomine

239 4680 429 4720 σαντα.

317 4863 336 4897 ι
379 4846 640 4914 Ζηλοῦσιν
689 4849 834 4917 ὑμᾶς
867 4851 927 4902 οὐ
954 4851 1151 4918 καλῶς,
1182 4853 1296 4907 ἀλλ’
1328 4857 1606 4913 ἐκκλεῖσαι
1662 4863 1806 4932 ὑμᾶς

236 4937 503 5002 θέλουσιν,
534 4939 620 4992 ῖνα
674 4941 872 5004 αὐτοὺς
913 4940 1162 5012 ζηλοῦτε.
1201 4965 1218 4997 ι
1281 4947 1448 5017 Ζῆλος
1504 4952 1603 5019 μέν
1660 4957 1806 5008 ἐστιν

235 5030 462 5098 ἀγαθὸς,
493 5033 621 5085 ὅταν
647 5051 732 5096 τις
769 5035 968 5105 ἀρετὴν
1007 5040 1242 5108 μιμηταί
1273 5056 1445 5106 τινος·
1474 5043 1633 5114 ζῆλος
1659 5048 1713 5101 δέ
1743 5049 1804 5102 ού

235 5125 420 5188 καλὸς,
451 5126 576 5178 ὃταν
601 5143 686 5189 τις
707 5129 910 5202 σπεύδῃ
930 5129 1176 5185 ἐκϐαλεῖν
1203 5133 1303 5202 τῆς
1323 5135 1521 5207 ἀρετῆς
1542 5138 1631 5191 τὸν
1668 5157 1802 5194 κατι

233 5216 519 5288 ορθοῦντα.
616 5213 776 5274 Οὗτοι
832 5221 1014 5276 τοίνυν
1076 5225 1470 5290 σπουδάζουσιν
1527 5229 1804 5286 ἐκκλεῖσαι

237 5310 404 5379 ὑμᾶς,
425 5311 723 5377 τουτέστιν,
754 5312 1006 5367 ἐκϐαλεῖν
1039 5314 1139 5385 τῆς
1163 5316 1505 5387 τελειοτάτης
1527 5320 1571 5352 ³⁷
1598 5321 1657 5373 ἐν
1678 5322 1804 5393 Χρι-

239 5400 351 5470 στῷ
387 5402 774 5466 καταστάσεως
809 5404 903 5456 καὶ
958 5405 1231 5473 γνώσεως,
1281 5409 1362 5471 είς
1406 5410 1462 5463 δέ
1501 5411 1601 5481 τὴν
1634 5412 1692 5464 ἐν
1725 5412 1804 5484 τῷ

237 5493 392 5562 νόμῳ
409 5492 767 5564 άτελεστέραν
801 5496 1078 5565 ἐμϐαλεῖν,
1140 5498 1226 5552 ῖνα
1277 5501 1473 5567 αὐτοὺς
1505 5505 1698 5573 τιμᾶτε
1732 5505 1808 5569 ὡς

238 5583 616 5652 διδασκάλους,
646 5588 738 5640 καὶ
753 5587 979 5659 ζηλοῦτε
1014 5592 1108 5643 καὶ
1139 5592 1400 5662 μιμῆσθε,
1441 5594 1516 5659 ὡς
1546 5597 1804 5667 μαθηταί.

1919 4691 2102 4758 majori
2129 4705 2214 4746 me
2237 4706 2422 4748 amore
2443 4701 2925 4766 prosequeremini.
2964 4718 3028 4758 eo
3048 4709 3190 4774 quod
3215 4715 3478 4768 curatoris

1913 4781 2087 4835 ollicio
2119 4782 2330 4837 functus
2360 4786 2483 4838 sim.

1985 4871 2141 4926 Vens.
2169 4872 2253 4927 t7.
2287 4891 2306 4926 ι
2336 4875 2681 4933 ᾹεὶηιυΙοηιυι·
2702 4892 2880 4938 autem
2910 4899 3005 4943 vos
3041 4904 3147 4944 non
3186 4891 3344 4960 bene,
3383 4899 3477 4955 sed

1913 4963 2197 5019 excludere
2221 4980 2316 5021 vos
2345 4967 2548 5036 volunt,
2592 4981 2649 5026 ut
2672 4973 2816 5043 ipsos
2859 4979 3205 5038 aemulemini.
3239 5003 3258 5036 ι
3290 4987 3479 5043 Emu-

1910 5054 2038 5110 latio
2071 5057 2210 5112 bona
2253 5068 2354 5124 est,
2388 5065 2606 5131 quando
2644 5067 2892 5123 virtutem
2941 5071 3240 5141 cujuspiam
3282 5081 3474 5150 aliquis-

1908 5148 2189 5216 imitetur;
2215 5160 2269 5204 at
2292 5167 2418 5208 vero
2458 5157 2726 5214 aemulatio
2756 5175 2864 5216 non
2888 5163 3028 5218 bona
3060 5177 3162 5230 est,
3185 5183 3307 5224 cum
3353 5148 3475 5243 quis

1907 5253 2029 5294 eum
2051 5241 2142 5309 qui
2166 5242 2303 5298 bene
2338 5260 2397 5300 se
2440 5249 2685 5318 gesserit,
2723 5265 2754 5306 a
2807 5256 3003 5312 virtute
3049 5259 3250 5328 ejicere
3271 5241 3470 5318 studet.

1907 5330 2000 5387 Isti
2031 5333 2190 5403 igitur
2222 5336 2470 5392 nituntur
2490 5356 2583 5395 vos
2605 5343 2910 5412 excludere,
2945 5349 3047 5403 hoc
3082 5360 3186 5410 est.
3208 5352 3402 5422 ejicere
3441 5372 3469 5409 a

1913 5421 2303 5490 perfectissima
2335 5427 2385 5480 in
2410 5427 2565 5499 351
2610 5430 2833 5490 Christo
2881 5421 3264 5497 constitutione
3291 5455 3345 5499 et
3377 5461 3471 5499 co-

1915 5512 2176 5582 gnitione,
2229 5529 2292 5570 ac
2343 5518 2408 5571 ad
2464 5520 2915 5588 imperfectiorem
2957 5543 3074 5597 quae
3114 5542 3200 5585 est
3256 5534 3308 5587 in
3359 5534 3472 5604 lege

1916 5603 2153 5671 injicere,
2214 5619 2268 5661 ut
2341 5610 2486 5677 ipsos
2531 5626 2629 5667 ceu
2665 5627 3018 5686 praeceptores
3089 5603 3467 5693 revereaminii,

1591 5737 1789 5801 Vat-ite
1817 5737 2144 5805 lectiones.

313 5850 360 5882 "
397 5867 500 5921 μου
527 5865 580 5908 o.
656 5854 702 5884 "
730 5855 1069 5924 τελειοτέρας
1094 5872 1144 5910 o.

524 5944 796 6009 Ριτιιοιι..
847 5950 963 6010 GR.
1008 5949 1284 6016 CXXIV.

3067 5975 3146 6038 32
