4226 6440
273 407 413 472 1009

267 618 399 670 ὄντα
434 618 540 670 τῶν
581 619 677 671 νῦν
719 617 1041 686 γινομένων,
1082 621 1139 670 ὲν
1171 617 1249 687 τῷ
1283 618 1454 687 νόμῳ,
1489 617 1605 686 ἦτοι
1635 614 1711 684 τῷ
1741 614 1839 683 τῆς

269 711 514 773 Παλαιᾶς
547 710 734 780 βιϐλίῳ
769 711 1071 780 ἱστόρηται.

351 905 368 938 ι
409 887 572 956 ’Λρα,
601 887 964 954 ἀδελφο“ι,ουκ
999 888 1165 955 ἐσμεν
1206 889 1300 953 τῆς
1336 886 1623 951 παιδίσκης
1655 886 1841 949 τέκνα,

269 978 406 1030 ἀλλὰ
441 979 538 1048 τῆς
559 979 869 1048 ἐλευθέρας.
905 999 920 1030 ι
952 979 1135 1030 Ταῦτα
1166 979 1340 1029 πάντα
1375 980 1530 1040 κινεῖ,
1562 978 1646 1028 ἵνα
1673 977 1840 1045 δείξῃ,

278 1070 363 1122 ὃτι
398 1069 458 1121 τὸ
488 1071 775 1138 γενόμενον
804 1070 897 1122 νῦν
938 1072 1065 1138 περὶ
1110 1071 1279 1139 ἡμᾶς,
1315 1071 1418 1138 πρδ
1464 1068 1676 1121 πολλῶν
1716 1070 1841 1138 χρο-

275 1180 382 1214 νων
408 1163 744 1231 διετυποῦτο.
780 1165 901 1227 ῐΙώς
927 1163 1016 1216 οῦν
1038 1165 1135 1216 οὐκ
1160 1165 1359 1217 ἄτοπον
1392 1163 1704 1231 ἐλευθερίας
1751 1180 1844 1213 τυ-

268 1255 466 1324 χὸντας
499 1256 603 1326 πρὸ
626 1255 896 1310 τοσούτων
927 1257 1086 1319 ἑτῶν,
1145 1257 1307 1309 πάλιν
1340 1257 1567 1320 ἑκόντας
1625 1257 1844 1320 δούλους

269 1346 516 1415 γίνεσθαι
543 1365 556 1412 ;

870 1458 1119 1513 ΚΕΦΑΛ.
1152 1458 1226 1513 E'.

349 1590 367 1624 ι
405 1573 482 1642 Τῇ
548 1572 827 1643 ἐλευθερίᾳ
887 1570 998 1637 οῦν,
1143 1578 1170 1628 ὁ
1215 1577 1448 1646 Χριστὸς
1505 1577 1843 1646 ἠλευθέρωσε

271 1664 444 1731 ἡμᾶς,
480 1665 715 1730 στήκατε
747 1665 908 1736 [vulg.
948 1666 1224 1739 στήκετεῙ.
1288 1686 1305 1718 ι
1363 1669 1453 1737 Μὴ
1477 1668 1604 1738 γὰρ,
1656 1670 1840 1737 φησὶν,

273 1759 498 1819 ἑαυτοὺς
525 1760 954 1828 ἠλευθερώσατε,
985 1759 1102 1812 ἀλλ’
1136 1762 1163 1813 ὁ
1209 1761 1307 1830 τὴν
1347 1760 1515 1831 τιμὴν
1541 1761 1663 1823 δοὺς
1706 1762 1844 1830 ὑπὲρ

1083 408 1489 468 EXPOSITIO
1536 407 1610 465 IN
1656 405 1893 464 EPIST.
1932 406 2031 464 AD
2065 403 2331 463 GALAT.
2360 428 2425 438 -
2459 403 2616 464 CAP.
2656 406 2719 462 ν.

267 526 463 580 humi
503 527 817 588 κατάλυσιν,
876 524 1018 592 εἴγε
1063 529 1243 578 πάντα
1270 527 1336 578 τά
1384 525 1638 594 ρηθέντα,
1676 522 1847 585 τύπος
1878 525 1917 579 Α

1281 527 1336 578 τὰ
1384 525 1638 594 ρηθέντα,
1676 522 1847 585 τύπος
1878 525 1917 579 Α
1951 520 2108 588 biipsi
2143 519 2556 587 dissipationein
2621 517 2900 572 induxisse
2942 537 2950 571 :

3383 403 3518 467 1010

3009 518 3278 586 siquidem
3337 523 3516 573 omnia

1945 627 2064 680 qua:
2099 613 2240 664 dicta
2272 620 2418 676 sunt,
2451 626 2573 664 cum
2623 611 2788 678 ﬁgura
2849 611 2957 662 sint
2991 627 3180 664 eorum
3218 627 3337 679 qure
3370 628 3512 666 nunc

1948 705 2083 757 fat-ta
2117 715 2264 765 sunt,
2300 705 2350 757 in
2388 704 2506 771 lege
2531 715 2586 758 et
2615 702 2822 758 Veteris
2845 702 3175 757 Testamenti
3222 705 3374 759 libris
3399 721 3521 772 per-

1945 799 2144 861 srripta
2177 805 2319 849 sunt.

2019 886 2181 939 Vens.
2219 887 2307 939 51.
2363 904 2379 935 ι
2431 887 2632 953 Itaque,
2688 887 2906 948 fratres,
2950 904 3052 940 non
3092 903 3276 940 sumus
3306 891 3514 942 aut-iil.c

1949 978 2062 1040 filii,
2095 978 2412 1031 sedlibcrre.
2466 997 2480 1028 ι
2521 977 2644 1030 ilice
2689 978 2868 1030 omnia
2906 989 3106 1041 movet,
3154 989 3212 1031 nt
3265 983 3517 1031 ostendat

1949 1067 1997 1119 id
2035 1069 2178 1137 quod
2240 1067 2440 1120 factum
2497 1068 2564 1120 sit
2606 1069 2885 1121 nobiscum
2951 1070 3129 1128 hodie.
3166 1079 3288 1121 ante
3351 1069 3513 1121 inulta

1951 1169 2190 1225 tempora
2251 1159 2631 1213 aduinhratnm
2685 1171 3270 1229 prtemonstratnmque
3327 1161 3514 1215 fuisse.

1948 1251 2048 1315 Qui
2095 1250 2258 1316 igitur
2299 1265 2400 1303 non
2431 1252 2742 1315 absurdum,
2785 1267 2878 1307 eos
2912 1255 2999 1320 qui
3055 1253 3357 1307 libertatem
3392 1265 3520 1306 ante

1951 1350 2026 1394 tot
2058 1356 2226 1395 annos
2259 1343 2367 1395 sint
2397 1342 2599 1412 adepti,
2651 1357 2839 1397 rursus
2897 1354 3087 1412 sponte
3115 1360 3304 1399 servos
3342 1346 3518 1399 elliei?

2561 1458 2792 1514 CAPUT
2834 1459 2894 1514 V.

2024 1573 2185 1628 Vicus.
2222 1577 2269 1628 i.
2314 1594 2329 1625 ι
2394 1575 2448 1627 ln
2504 1576 2750 1631 libertate
2782 1578 2948 1646 igitur
2997 1595 3101 1647 qua
3139 1579 3388 1635 Christus
3421 1596 3518 1635 nos

1951 1666 2216 1730 liberavit,
2251 1677 2408 1720 State.
2455 1686 2471 1717 ι
2511 1665 2624 1720 Non
2669 1670 2835 1731 enim,
2900 1671 3089 1738 inquit,
3158 1674 3521 1740 vosmetipsos

1950 1756 2241 1818 liberastis,
2283 1757 2374 1810 sed
2412 1758 2518 1821 ille,
2557 1759 2644 1826 qui
2683 1761 2911 1827 pretium
2954 1762 3338 1829 redemptionis
3373 1763 3519 1817 dedit

275 1850 450 1920 ὑμῶν.
486 1851 608 1913 Πῶς
655 1851 746 1904 οῦν
778 1854 1005 1911 ἑαυτοὺς
1031 1853 1269 1919 ὑπάγετε
1303 1855 1367 1923 τῇ
1427 1853 1520 1903 τοῦ
1571 1853 1734 1921 νόμου
1764 1853 1847 1905 δε·-
1879 1879 1919 1933 Β

1879 1879 1919 1933 Β
1951 1861 2047 1914 pro
2069 1848 2240 1901 vobis.
2282 1848 2560 1914 Quomodo
2602 1853 2765 1920 igitur
2818 1854 3060 1921 vosipsos
3108 1854 3238 1924 legis
3273 1856 3519 1910 domina-

277 1945 524 2011 σποτεὲᾳ,
584 1944 733 2011 παρά
774 1943 1002 2015 γνώμην
1049 1944 1142 1996 τοῦ
1182 1944 1326 2014 ὑμᾶς
1382 1944 1844 2012 ἐλευθερώσαντος

272 2035 512 2104 Χριστοῦ
543 2052 559 2101 ;
590 2035 770 2088 Εἰπὼν
794 2035 871 2101 δὲ,
906 2053 924 2087 ι
959 2036 1224 2104 Στήκατε,
1272 2054 1290 2088 ι
1323 2035 1491 2100 ἔδειξε
1547 2037 1844 2107 σαλευομέ-

272 2146 422 2192 νους.

351 2237 369 2270 ι
413 2220 520 2274 Καὶ
555 2220 630 2289 μὴ
683 2221 844 2274 πάλιν
896 2222 1048 2293 ζυγῷ
1106 2222 1354 2286 δουλείας
1405 2222 1656 2290 ἐνέχεσθε
1713 2223 1755 2276 ⁵.
1820 2241 1838 2273 ι

271 2308 447 2376 Ζυγδν
473 2310 663 2376 εἰπὼν,
703 2312 764 2364 τὸ
796 2312 935 2382 βαρὺ
961 2311 1063 2378 τῆς
1119 2313 1176 2365 ἐν
1210 2313 1359 2384 νόμῳ
1400 2314 1646 2374 δουλείας
1670 2314 1840 2383 δηλοῖ.

271 2399 349 2454 Τὸ
385 2403 463 2466 δὲ,
502 2422 520 2454 ι
563 2403 750 2468 Πάλιν,
797 2424 816 2456 ι
852 2406 1211 2475 ἀναισθησίαν
1237 2408 1414 2459 αὐτῶν
1441 2408 1763 2476 κατηγορεῖ,
1791 2408 1844 2458 ετ

272 2509 337 2560 γε
366 2494 531 2564 πείρᾳ
568 2495 831 2563 μαθόντες
857 2495 917 2548 τὸ
950 2495 1206 2566 φορτικὸν
1243 2497 1342 2568 τῆς
1387 2496 1652 2561 δουλείας,
1683 2497 1845 2551 πάλιν

271 2586 364 2639 ἐπ’
393 2587 560 2658 αὐτὴν
588 2587 1001 2659 αὐτομολοῦσιν.

353 2785 372 2817 ι
415 2767 540 2832 Ἴδε,
581 2767 692 2836 ἐγὼ
725 2766 936 2831 Παῦλος
966 2768 1108 2834 λέγω
1159 2769 1310 2837 ὑμῖν,
1345 2770 1427 2822 ὅτι
1478 2768 1571 2821 εἰν
1636 2770 1846 2839 περιτέ-

276 2858 506 2928 μνησθε,
530 2860 766 2930 Χριστὸς
795 2861 946 2914 οὐδὲν
971 2861 1114 2930 ὑμᾶς
1136 2860 1432 2930 ὠφελήσει.
1473 2881 1489 2913 ι
1530 2861 1626 2931 Γὴν
1652 2861 1747 2912 τοῦ
1778 2862 1848 2912 ol-

273 2949 425 3002 κείου
448 2951 738 3022 προσώπου
769 2952 1111 3016 ἀξιοπιστίαν
1154 2953 1277 3006 ἀντὶ
1304 2954 1484 3022 πάσης
1521 2952 1844 3016 ἀποδείξεως

273 3041 507 3112 τίθησιν.
538 3045 649 3097 Οὐκ
674 3045 872 3113 ὠφελεί
899 3044 954 3096 δὲ
984 3045 1220 3113 Χριστὸς
1243 3044 1333 3097 τὸν
1358 3043 1844 3113 περιτεμνόμενοι),

280 3134 418 3187 διότι
462 3138 488 3189 ὁ
537 3137 776 3200 τοιοῦτος
831 3139 928 3208 τὴν
983 3139 1143 3208 χάριν
1183 3138 1385 3201 ἀθετεῖ,
1443 3137 1538 3192 καὶ
1576 3137 1654 3206 τῷ
1698 3137 1846 3207 νόμῳ

279 3226 401 3294 μὲν,
430 3228 502 3290 ώς
532 3229 819 3300 εὐεργέτῃ,
853 3231 1181 3300 προστρέχει
1209 3246 1224 3260 ο
1273 3229 1495 3300 Χριστῷ
1537 3230 1593 3281 δὲ
1626 3231 1846 3283 ἀπιστεῖ
1875 3238 1916 3296 c

1329 3229 1495 3300 ριστῷ
1537 3230 1593 3281 δὲ
1626 3231 1846 3283 ἀπιστεῖ
1875 3238 1916 3296 C
1951 3248 2092 3303 gem,
2148 3247 2248 3285 cett
2291 3231 2706 3286 benefactricem
2744 3241 2993 3285 accurrat

276 3319 516 3384 παντως,
544 3321 618 3383 ὡς
653 3323 727 3391 μὴ
747 3323 1169 3391 εὐεργετήσαντι
1198 3323 1360 3374 αὐτόν
1387 3340 1398 3351 ε
1423 3325 1449 3374 ὁ
1491 3322 1547 3376 δὲ
1580 3323 1847 3388 ἀπιστῶν,

278 3411 435 3464 οὐδὲν
465 3414 715 3483 κερδανεῖ
744 3415 851 3467 ἀπὸ
878 3414 973 3466 τοῦ
1015 3414 1440 3484 ἀπιστουμένου.

359 3614 377 3646 ι
439 3596 808 3667 Μαρτύρομαι
865 3598 920 3650 δὲ
1000 3599 1163 3651 παντὶ
1210 3598 1483 3668 ἀνθρώπῳ
1524 3615 1848 3668 περιτεμνο⁸

287 3690 454 3758 μένῳ,
488 3689 568 3742 ὅτι
615 3690 898 3758 ὀφειλέτης
945 3691 1096 3744 ἐστὶν
1144 3692 1265 3743 ὅλον
1307 3692 1397 3743 τὸν
1430 3691 1591 3759 νόμον
1633 3691 1852 3757 πληρῶσ

283 3796 396 3833 σαι.
444 3799 462 3831 ι
503 3782 618 3834 Ἰνα
648 3781 721 3852 μὴ
753 3783 1015 3852 νομίσωσι
1069 3784 1088 3814 ⁵
1148 3782 1320 3834 ταῦτα
1367 3782 1490 3836 κατ’
1538 3783 1737 3854 ἔχθραν
1768 3781 1852 3833 λὲο

282 3873 496 3938 γεσθαι,
553 3875 662 3940 Οὐχ
711 3875 859 3942 ὑμῖν,
912 3876 1068 3944 φησὶ,
1118 3875 1260 3942 λέγω
1318 3876 1522 3945 μόνοις,
1580 3876 1716 3928 ἀλλὰ
1759 3877 1852 3928 καὶ

284 3965 447 4015 παντὶ
497 3967 964 4036 περιτεμνομένιει,
1017 3969 1096 4021 ὅτι
1149 3967 1313 4038 βάρος
1375 3969 1518 4038 μέγα
1577 3970 1850 4022 ὲπιτίθετε

282 4058 495 4117 ἑαυτοῖς
520 4071 532 4084 °
564 4058 630 4110 τὰ
664 4059 770 4128 γὰρ
810 4059 1016 4128 νόμιμα
1042 4061 1285 4130 ἀλλήλων
1316 4060 1500 4129 ἔχεται
1529 4080 1541 4092 ·
1583 4064 1678 4114 καὶ
1719 4063 1846 4116 ὅταν

280 4151 512 4221 ἀναδέξῃ
543 4153 740 4219 μικρόν
761 4169 812 4204 τι
851 4152 939 4204 τοῦ
975 4153 1138 4220 νόμου
1172 4155 1264 4205 καὶ
1293 4155 1584 4223 ὑπαγάγῃς
1617 4156 1844 4207 σεαυτὸν

283 4241 358 4308 τῷ
388 4241 559 4309 ζυγῷ,
587 4243 713 4311 ὅλην
749 4244 842 4312 τὴν
877 4243 1196 4295 δεσποτείαν
1221 4245 1241 4274 ⁸
1269 4245 1591 4313 ἐφειλκύσω.
1639 4246 1704 4297 'il
1739 4245 1846 4317 γὰρ

283 4334 555 4403 περιτομὴ
587 4339 678 4386 καὶ
717 4335 906 4387 θυσίαν
939 4337 1178 4400 ἀπαιτεῖ,
1217 4338 1311 4388 καὶ
1344 4339 1557 4407 ἡμέραν
1584 4354 1841 4406 παρατη-

287 4428 369 4492 ρεῑ
389 4441 402 4454 ο
433 4426 540 4491 ἡδὲ
564 4427 720 4477 θυσία
749 4427 910 4478 τόπον
938 4430 1158 4480 ἀπαιτεί
1184 4430 1274 4481 καὶ
1300 4429 1522 4496 τρόπον,
1552 4431 1646 4482 καὶ
1677 4429 1852 4484 καθαο

285 4516 535 4584 ρισμούς.
582 4517 638 4570 Ὀ
674 4518 775 4586 γὰρ
816 4520 1124 4589 ἀκάθαρτος
1175 4521 1232 4571 οῦ
1279 4520 1417 4574 θύει.
1480 4523 1538 4573 0i
1574 4521 1849 4591 καθαρμοὶ

1961 1939 2033 1990 ιιιί
2072 1939 2370 2008 snhjngatis
2406 1953 2600 2010 pratter
2625 1945 2909 1998 consilium
2939 1946 3162 2011 Christi,
3192 1949 3281 2017 qni
3318 1962 3414 2002 vos
3443 1949 3511 2002 li-

1954 2029 2200 2083 beravit?
2243 2030 2378 2086 Cum
2419 2041 2598 2087 autem
2655 2035 2810 2099 dixit,
2845 2055 2861 2086 ι
2912 2035 3086 2099 State,
3127 2055 3144 2088 ι
3197 2039 3522 2093 monstravit

1952 2138 2044 2177 COS
2071 2137 2190 2178 €558
2228 2139 2540 2180 concussos.

2031 2231 2047 2261 ι
2089 2212 2152 2264 Ει
2183 2212 2347 2267 nolite
2403 2214 2598 2267 iterum
2643 2213 2774 2286 jugo
2834 2218 3109 2273 servitutis
3165 2221 3452 2275 contineri.
3498 2241 3517 2274 ι

1956 2304 2056 2358 Per
2083 2305 2292 2373 jngum,
2327 2320 2499 2374 grave.
2515 2321 2653 2360 onus
2685 2309 2966 2364 servitutis
2997 2325 3118 2379 qua}
3149 2311 3200 2364 in
3233 2312 3348 2380 lege
3375 2323 3516 2379 erat,

1954 2397 2240 2466 signiﬁcat.
2275 2397 2425 2463 Quod
2457 2415 2602 2464 vero,
2642 2419 2659 2452 ι
2711 2400 2929 2468 lterum,
2993 2421 3010 2454 ι
3046 2403 3194 2467 dicit,
3233 2406 3521 2472 stupidita-

1955 2498 2060 2542 tem
2100 2503 2285 2543 eorum
2333 2502 2594 2558 accusat;
2663 2491 2927 2561 siquidem
2977 2509 3097 2548 cum
3151 2497 3521 2565 experimento

1954 2581 2242 2636 didicerint
2285 2585 2561 2638 servitutis
2616 2600 2770 2650 onus,
2829 2602 3018 2642 rursus
3047 2589 3113 2641 ad
3150 2604 3267 2643 eam
3327 2603 3522 2662 suapte

1955 2685 2144 2743 sponte
2167 2681 2452 2729 accedunt.

2029 2766 2189 2822 Vens.
2225 2769 2279 2822 2.
2329 2787 2346 2815 α
2403 2769 2542 2823 Ecce
2570 2784 2669 2837 ego
2722 2769 2920 2824 Paulus
2956 2772 3075 2825 dico
3099 2773 3271 2838 vobis,
3301 2781 3443 2843 quod
3476 2793 3522 2830 sx

1953 2861 2437 2922 circtnncidamini,
2495 2861 2744 2916 Christus
2811 2864 2962 2918 vobis
3009 2864 3143 2917 nihil
3194 2867 3452 2932 proderit.
3496 2886 3514 2920 ι

1953 2952 2188 3022 Propria:
2240 2967 2484 3022 persona:
2538 2955 2911 3010 auctoritatem
2956 2957 3134 3011 omnis
3182 2958 3492 3013 demonstra

1958 3047 2118 3102 tionis
2154 3047 2268 3103 vice
2319 3049 2486 3115 ponit.
2541 3047 2876 3102 Circumciso
2926 3059 3102 3103 autem
3157 3066 3259 3104 non
3305 3053 3524 3120 prodest

1955 3139 2219 3204 Christus,
2249 3154 2316 3194 eo
2362 3141 2501 3206 quod
2540 3139 2659 3193 talis
2699 3141 2924 3208 gratiam
2978 3141 3222 3210 repellat,
3255 3157 3318 3198 ac
3347 3145 3414 3199 ad
3446 3145 3522 3200 le-

3049 3251 3061 3286 :
3121 3233 3342 3289 Christo
3381 3251 3513 3292 ver)

1955 3326 2175 3379 omnino
2208 3323 2430 3386 diilidat,
2465 3326 2620 3392 quasi
2660 3324 2804 3378 nullo
2833 3340 2955 3378 eum
2999 3325 3257 3379 beneficio
3293 3327 3508 3382 affecis-

1954 3426 2053 3470 set.
2083 3414 2181 3480 Qui
2213 3426 2388 3469 antem
2425 3415 2737 3470 incredulus
2777 3425 2880 3478 est,
2914 3416 3046 3470 nihil
3079 3417 3408 3485 adipiscetur
3455 3421 3523 3475 ab

1953 3523 2018 3562 eo
2041 3508 2123 3561 cui
2155 3507 2308 3560 ﬁdem
2352 3522 2455 3559 non
2492 3507 2725 3561 adhibet.

2026 3595 2188 3650 Vens.
2223 3597 2280 3650 5.
2313 3614 2331 3646 ι
2365 3596 2753 3650 Testimonium
2782 3603 2959 3650 autem
2990 3598 3110 3652 dico
3135 3600 3281 3653 omni
3318 3601 3519 3654 homini

1954 3692 2042 3759 qni
2071 3688 2494 3748 circumciditur,
2536 3692 2676 3757 quod
2707 3689 2914 3743 debitor
2943 3700 3026 3745 est
3068 3691 3334 3746 universae
3389 3692 3520 3763 legis

1955 3783 2234 3837 facienda}.
2288 3802 2304 3832 ι
2368 3781 2444 3836 Ne
2512 3781 2826 3837 existiment
2878 3796 2974 3850 per
3028 3783 3368 3838 inimicitiam
3428 3797 3523 3840 aut

1954 3875 2133 3927 odium
2169 3875 2280 3926 haec
2311 3873 2436 3935 dici,
2495 3872 2610 3926 Non
2663 3873 2817 3926 vobis
2870 3873 3020 3936 solis,
3069 3875 3399 3942 inquit,th
3438 3876 3521 3929 lo-

1954 3981 2112 4036 quor,
2145 3966 2496 4020 verttmetiam
2538 3966 2708 4019 cuivis
2752 3966 2840 4033 qui
2890 3967 3320 4033 circmnciditnr,
3376 3968 3518 4036 quod

1954 4074 2088 4112 onus
2115 4059 2297 4126 ingens
2325 4057 2475 4110 vobis
2502 4057 2796 4124 imponitis.
2826 4056 3039 4125 Legaiia
3065 4059 3206 4110 enim
3240 4061 3378 4112 inter
3399 4074 3520 4114 sese

1955 4159 2140 4203 mutuo
2171 4157 2294 4201 sunt
2335 4162 2598 4202 connexa.
2654 4147 2808 4203 Unde
2851 4149 2895 4202 si
2934 4149 3183 4216 pusillam
3225 4151 3513 4217 quamdam

1955 4241 2084 4309 legis
2131 4239 2292 4309 355
2355 4249 2557 4307 partem
2605 4239 2925 4307 susceperis,
2982 4250 3141 4308 teque
3168 4241 3341 4306 ipsum
3395 4242 3519 4312 jugo

1953 4332 2296 4391 snhntiseris,
2331 4340 2500 4384 totum
2559 4329 2672 4397 ejus
2733 4331 3062 4384 dominatum
3117 4347 3282 4401 super
3341 4343 3391 4387 te
3430 4347 3516 4387 at-

1955 4424 2187 4477 traxisti.
2220 4419 2575 4476 Ciicnntcisio
2631 4421 2772 4474 enim
2827 4430 2879 4475 et
2935 4422 3206 4476 victimam
3236 4425 3422 4492 exigit,
3466 4435 3520 4477 et

1953 4518 2068 4571 dies
2120 4516 2372 4569 observat
2426 4532 2437 4566 :
2481 4514 2700 4567 victima
2753 4528 2884 4567 vero
2911 4524 2963 4566 et
2999 4515 3173 4566 locum
3206 4517 3434 4582 postulat
3468 4526 3520 4565 ιιι

282 4608 446 4660 πάλιν
468 4610 659 4677 ἐτέρας
687 4612 705 4639 ⁷
748 4613 1161 4680 παρατηρήσεις
1206 4611 1440 4680 ἔχουσιν.
1489 4614 1649 4683 Ὁρᾷς
1675 4613 1791 4675 πῶς
1822 4616 1849 4666 ὁ
1885 4589 1925 4642 0

1848 4643 1849 4658 η
1885 4589 1925 4642 ο
1957 4611 2172 4664 modum
2205 4617 2258 4663 et
2289 4608 2633 4676 purgationes
2664 4625 2675 4658 :
2723 4608 3033 4659 unmnndus
3072 4609 3215 4660 enim
3245 4609 3517 4661 victimam

283 4700 665 4770 ἀποστατήσας
693 4703 948 4770 Χριστοῦ,
981 4705 1039 4755 οὐ
1082 4704 1238 4772 μόνον
1260 4704 1318 4768 ἐξ
1341 4704 1548 4756 ἐκείνου
1585 4704 1682 4756 οὐκ
1707 4704 1848 4775 ὡφε-

283 4787 473 4851 λεῖται,
515 4789 650 4841 ἀλλὰ
687 4792 778 4841 καὶ
810 4791 1021 4860 μυρίοις
1059 4793 1284 4861 βάρεσιν
1309 4795 1500 4846 ἑαυτὸν
1537 4794 1846 4862 ὑπέθηκεν;

281 4877 475 4948 Είγάρ
521 4878 704 4947 κύριος
753 4883 779 4933 ὁ
831 4883 1011 4951 νόμος,
1070 4883 1189 4935 ὅλον
1221 4884 1510 4954 πλήρωσον
1538 4901 1550 4913 ·
1587 4887 1633 4937 εί
1681 4886 1737 4938 δὲ
1786 4887 1847 4938 οῦ

279 4973 488 5041 κύριος,
523 4973 654 5042 μηδὲ
687 4973 849 5042 μέρος
875 4975 1170 5045 καταδέξῃ.

1957 4718 2063 4756 non
2097 4699 2358 4754 immolat.
2389 4698 2742 4767 Pnrgationes
2777 4713 2962 4750 rursus
3006 4697 3139 4751 alias
3187 4698 3383 4752 habent
3423 4699 3520 4751 oh—

1957 4792 2313 4847 servationes.
2354 4787 2752 4842 Animadvertis
2799 4790 3068 4856 quomodo
3109 4791 3198 4857 qui
3265 4789 3455 4842 defecit
3492 4809 3519 4841 ιι

1957 4883 2196 4946 Christo,
2233 4895 2336 4935 non
2375 4879 2546 4935 solum
2581 4879 2705 4932 inde
2737 4895 2840 4931 non
2872 4878 3110 4945 juvatur,
3149 4889 3401 4931 czeterurn
3440 4881 3520 4930 in-

1956 4980 2195 5033 numeris
2223 4992 2279 5032 se
2311 4977 2566 5032 oneribus
2597 4974 2868 5044 subjecit?
2921 4973 2975 5027 Si
3021 4973 3162 5027 enim
3201 4973 3284 5026 lex
3320 4983 3401 5024 est
3426 4971 3521 5024 do-

278 5063 454 5118 minus
480 5072 621 5126 tuus,
661 5073 823 5118 totam
866 5065 1008 5119 illam
1045 5065 1274 5132 adimple
1310 5083 1322 5118 :
1355 5067 1397 5120 si
1443 5077 1622 5121 autem
1693 5069 1948 5124 dominus
1982 5079 2102 5123 tuus
2160 5085 2268 5124 non
2325 5078 2407 5124 est
2463 5084 2531 5122 ne
2601 5075 2809 5136 partem
2848 5067 3009 5119 etiam
3037 5065 3154 5133 ejus
3180 5063 3338 5115 uitam
3379 5063 3520 5116 reci-

275 5173 416 5228 ptas.

354 5269 373 5301 ι
423 5250 820 5320 Κατηργήθητε
871 5264 979 5303 am
1029 5251 1286 5320 Χριστοῦ,
1327 5253 1522 5315 οἵτινες
1577 5253 1635 5304 ἐν
1692 5255 1839 5323 νόμῳ

276 5340 624 5395 δικαιοῦσθεο
658 5342 755 5410 τῆς
812 5342 1031 5411 χάριτος
1086 5342 1390 5406 ὲξεπέσετε.
1438 5363 1454 5394 ι
1517 5345 1833 5409 Τουτέστιν,

278 5434 548 5501 Οῷδεμίαν
578 5435 859 5486 κοινωνίαν
891 5434 1039 5504 ἔχετε
1088 5436 1220 5502 μετᾶ
1268 5435 1359 5487 τοῦ
1396 5435 1633 5505 Χριστοῦ
1663 5453 1674 5464 ·
1707 5436 1840 5487 οἵτι-

277 5541 387 5585 νες,
433 5523 506 5586 ὡς
551 5524 981 5592 ὑπολαμὸἀνετε,
1025 5528 1080 5576 ἐν
1128 5525 1275 5593 νόμῳ
1326 5526 1658 5588 δικαιοῦσθε,
1729 5525 1826 5594 τῆς

279 5615 498 5683 χὰριτος
545 5613 849 5677 ὲξεπέσετε,
901 5615 997 5683 τῆς
1049 5614 1260 5683 ἀληθῶς
1298 5615 1634 5683 δικαιούσης.
1678 5615 1836 5680 Μέγα

1945 5341 2313 5415 justificatnini
2353 5357 2366 5393 :

2029 5251 2188 5306 Vens.
2215 5248 2267 5302 4.
2308 5267 2325 5299 ι
2372 5244 2625 5300 Evacuati
2671 5243 2803 5297 estis
2834 5257 2862 5295 a
2917 5242 3155 5303 Christo,
3185 5238 3272 5306 qui
3316 5238 3365 5290 in
3405 5235 3519 5303 lege

2406 5355 2432 5392 a
2457 5338 2626 5408 gratia
2657 5334 2954 5390 excidistis.
2994 5352 3010 5383 ι
3043 5330 3156 5384 Hoc
3183 5338 3285 5389 est.
3317 5331 3517 5382 nullam

1950 5439 2270 5492 societatem
2303 5431 2512 5486 habetis
2538 5444 2657 5482 cum
2696 5427 2934 5488 Christo,
2967 5424 3059 5491 qui
3101 5421 3288 5492 (veluti
3334 5419 3520 5486 opina-

1950 5527 2102 5590 mini)
2138 5524 2190 5577 in
2223 5523 2337 5591 lege
2370 5518 2735 5590 jusnﬁcamini
2785 5533 2798 5570 :
2859 5530 2887 5567 a
2927 5513 3096 5583 gratia
3141 5524 3266 5564 vere
3311 5507 3512 5577 justiﬁ-

1949 5622 2107 5664 cante
2162 5609 2462 5664 excidistis.
2517 5604 2766 5676 Magnum
2819 5603 2982 5672 igitur
3038 5598 3378 5668 naufragium
3414 5607 3515 5660 est,

1622 5727 1821 5787 Vat-ite
1855 5724 2182 5786 lectiones.

356 5832 372 5859 ⁵
405 5830 667 5900 ὑπέχεσθε
703 5847 752 5885 o.
831 5835 849 5862 ⁵
877 5833 1097 5903 νομίσῃς
1129 5849 1180 5889 ο.

1260 5835 1277 5864 ⁶¹
1305 5833 1436 5894 ὅλως
1470 5832 1556 5884 τὸν
1582 5833 1846 5900 δεσπότην
1872 5843 1922 5884 ο.

2000 5830 2018 5859 ⁷
2042 5828 2202 5890 ἄλλας
2235 5843 2304 5880 ιιι.
