4226 6440
719 429 861 495 10’23

1600 410 2179 478 THEOPHYLACTI
2216 407 2630 473 BULGARIE
2668 405 3030 472 ARCHIEP.

3848 410 4006 474 1021

723 552 897 591 nume:
943 546 1172 602 namque
1226 524 1609 583 imbecillitatis
1674 542 1768 596 per
1815 528 1913 579 hoc
1971 522 2333 580 commone—I

2453 520 2559 573 Σύο
2600 538 2620 574 ι
2681 520 2779 592 τῆς
2825 521 2935 593 γάρ
2976 518 3327 592 ἀνθρωπίνης
3378 518 3660 585 ἀσθενείας
3691 521 4002 593 ὑπέμνησε

722 630 869 684 facit.

792 719 959 774 Vnus.
996 718 1051 770 2.
1092 736 1109 768 ι
1147 715 1295 769 Alter
1338 713 1563 767 alterius
1608 724 1771 763 onera
1833 718 2060 778 portate.
2104 726 2123 760 ι
2155 708 2292 775 Quia

725 813 838 865 ﬁeri
860 828 963 863 non
984 818 1177 877 potest,
1211 818 1266 860 ut
1298 807 1387 873 qui
1412 806 1571 859 homo
1588 803 1678 865 sit,
1716 816 1820 856 non
1847 810 2070 871 peccet;
2099 800 2295 855 adhor-

2396 613 2485 667 διὰ
2514 614 2729 667 τούτου.

2473 725 2493 758 ι
2542 705 2812 776 ’Δλλήλων
2848 706 2917 759 τά
2958 706 3100 778 βάρη
3150 706 3473 776 βαστάζετε.
3522 726 3541 761 ι
3591 709 3816 781 Ἐπειδὴ
3878 728 4002 781 γαρ

2396 796 2681 865 ἄνθρωπον
2704 796 2831 847 ὄντα
2854 797 2955 849 οὐκ
2976 796 3123 848 ἐστιν
3156 798 3541 867 ἀναμάρτητον
3580 795 3741 863 εἶναι,
3773 818 4001 869 παραι-

731 912 877 956 tatur
915 916 1030 962 eos,
1063 915 1130 953 ne
1164 899 1273 952 sint
1314 898 1536 949 nimium
1592 894 1763 948 exacti
1801 907 2053 948 censores
2081 892 2133 945 in
2161 892 2298 945 deli-

2417 892 2481 942 νεῖ
2506 891 2580 961 μὴ
2630 889 3105 961 ἀκριϐολογεῖσθαι
3151 891 3287 960 πρὸς
3310 890 3381 945 τά
3408 892 3502 945 τοῦ
3542 893 3774 958 πλησίον
3798 896 4001 965 ἀμαρ-

728 995 831 1045 ctis
861 991 1127 1057 proximi;
1166 989 1257 1042 sed
1312 988 1487 1040 lerant
1532 1000 1620 1048 ea,
1646 995 1705 1039 ut
1732 996 1924 1055 etqua':
1950 984 2117 1053 ipsius
2150 993 2296 1049 sunt,

725 1084 791 1136 ab
824 1083 929 1135 alio
964 1083 1199 1135 vicissim
1234 1080 1555 1151 tolerentur.

798 1191 823 1230 σ
854 1173 918 1227 Ει
962 1175 1039 1228 sic
1086 1172 1371 1237 a‘dimplete
1424 1172 1590 1239 legem
1644 1167 1868 1224 Christi.
1913 1185 1930 1218 ι
1964 1164 2081 1220 Νοιι
2126 1166 2298 1229 dixit,

724 1268 1055 1337 Πληρώσατε
1080 1306 1093 1328 ,
1130 1266 1344 1333 implete
1381 1283 1393 1317 :
1435 1265 1565 1329 sed,
1614 1261 2101 1331 Ἀναπληρώσατε,
2128 1260 2301 1314 adim-

725 1360 887 1430 plete,
938 1361 1036 1412 huc
1088 1369 1191 1423 est,
1241 1358 1610 1412 Communiter
1643 1371 1830 1409 omnes
1864 1355 2099 1424 implete,
2135 1354 2205 1407 ita
2246 1363 2302 1406 ιιι

728 1452 863 1503 alter
914 1451 1143 1502 alterum
1198 1450 1328 1502 ferat
1363 1466 1378 1502 :
1409 1448 1635 1512 exmnpli
1670 1449 1842 1515 gratia
1870 1446 1960 1514 qui
2013 1460 2170 1512 asper
2219 1454 2303 1498 est

726 1549 784 1594 ct
826 1540 1135 1602 iracundus,
1194 1555 1408 1608 segnem
1462 1538 1783 1607 tardumque
1833 1536 2006 1599 ferat;
2040 1547 2093 1590 et
2122 1535 2304 1603 segnis

730 1632 1103 1686 vehementem
1167 1633 1303 1683 illius
1350 1631 1652 1699 impetum:
1703 1629 1780 1682 sic
1832 1628 1960 1691 liet',
2020 1636 2079 1680 ut
2134 1641 2306 1695 neque

734 1723 823 1776 ille
884 1732 1072 1789 peccet
1130 1721 1195 1774 ul)
1258 1721 1357 1773 hoc
1406 1726 1684 1787 gestatus,
1756 1732 1928 1786 neque
1983 1717 2070 1771 hic
2129 1716 2306 1769 deliu-

729 1824 859 1880 quat
907 1811 972 1863 ab
1021 1810 1110 1863 illo
1171 1810 1460 1876 lmjulatus.
1517 1809 1665 1862 Ilanc
1697 1809 1762 1861 ad
1811 1807 2078 1860 rationi-tn
2122 1809 2304 1876 itaque

2400 983 2642 1051 τήματα,
2671 982 2806 1035 ἀλλά
2830 984 3023 1051 φέρειν
3048 982 3248 1049 ταῦτα,
3274 983 3361 1036 ἵνα
3404 984 3497 1036 καὶ
3524 986 3594 1039 τὰ
3622 986 3791 1040 αὑτοῦ
3822 988 4004 1042 πάλιν

2401 1074 2533 1145 παρ’
2562 1075 2723 1128 ἄλλον
2752 1074 3095 1144 βαστάζηται
3124 1077 3521 1146 ἁμαρτήματα.

2484 1186 2503 1219 ι
2537 1169 2647 1221 Καὶ
2692 1168 2865 1230 οὕτως
2906 1168 3341 1237 ἀναπληρώσατε
3376 1168 3469 1224 τὸν
3501 1170 3665 1239 νόμον
3707 1169 3807 1223 τοῦ
3851 1171 4000 1238 Χρι-

2405 1258 2550 1311 στοῦ.
2587 1277 2604 1307 ι
2638 1259 2749 1310 Οὐκ
2816 1252 2959 1322 εἷπε,
2998 1279 3015 1309 ί
3037 1259 3388 1327 Πληρὼσατε,
3416 1279 3435 1311 ι
3466 1261 3621 1323 ἀλλὰ,
3652 1279 3669 1312 ι
3718 1262 4003 1325 Ἀναττλη-

2409 1348 2649 1421 ρώεηιτε⁸
2686 1368 2703 1401 ι
2726 1351 2996 1412 τουτέστι,
3022 1352 3190 1421 Κοινῇ
3219 1352 3419 1415 πάντες
3456 1353 3809 1424 πληρώσατε,
3829 1354 3905 1405 δι’
3922 1349 4003 1409 ὧν

2407 1442 2668 1513 ἀλλήλους
2697 1442 2890 1511 φέρετε
2914 1458 2927 1473 ο
2963 1438 3075 1497 οἷον
3104 1444 3132 1495 ὸ
3163 1443 3287 1509 ὀξὺς
3316 1444 3410 1497 τὸν
3439 1446 3587 1515 νωθῆ
3619 1450 3859 1515 φερέτω,
3900 1448 4003 1499 καὶ

2407 1535 2433 1586 ὁ
2456 1532 2628 1601 νωθὴς
2658 1532 2755 1601 τὴν
2806 1531 3036 1601 σφοδρὰν
3067 1532 3274 1584 ἐκείνου
3304 1533 3513 1603 ὁρμήν·
3542 1535 3636 1587 καὶ
3669 1534 3846 1597 οὕτως
3871 1534 4001 1588 οὔτε

2409 1627 2615 1686 ἐκεῖνος
2648 1625 3021 1693 ἀμαρτήτεται
3052 1624 3156 1677 ὑπὸ
3185 1625 3377 1678 τούτου
3412 1626 3844 1695 βασταζόμενος,
3872 1628 4003 1681 οὔτε

2408 1708 2560 1776 οὗτος
2586 1714 2675 1766 ὑπ’
2700 1715 2930 1766 ἐκείνου.
2957 1712 3112 1765 Οὕτω
3136 1714 3192 1767 δὲ
3224 1715 3271 1745 ³⁸
3296 1715 3548 1786 ἀλλήλοις
3571 1718 3728 1785 χεῖρα
3762 1717 4003 1786 ὀρέγον-

2409 1823 2519 1867 τες,
2551 1805 2617 1857 δι’
2646 1803 2892 1873 ἀλλήλων
2923 1804 3249 1875 πληρώσατε
3278 1806 3373 1859 τὸν
3405 1808 3568 1875 νόμον
3601 1806 3692 1860 τοῦ
3724 1807 4003 1875 Χριστοῦ,

730 1903 868 1957 alter
914 1903 1065 1956 alteri
1124 1917 1337 1954 manum
1408 1902 1777 1967 porrigentes,
1827 1913 1922 1967 per
1967 1914 2059 1953 vos
2115 1910 2303 1951 mutuo

2417 1895 2434 1947 5
2460 1895 2634 1948 λείπει
2663 1894 2741 1962 τῷ
2768 1868 2997 1965 ζπλησίον
3018 1868 3355 1967 ἀναπληρῶν
3387 1868 3615 1960 ἕκαστος
3646 1898 3735 1952 διά
3768 1868 3867 1951 τοῦ
3904 1868 4007 1969 βαλ

732 1992 1023 2062 adimplete
1073 1992 1243 2061 legem
1296 1991 1520 2053 Christi,
1555 1991 1782 2060 utquod
1841 1991 2087 2058 proximo
2131 1992 2303 2053 deest,

733 2085 1099 2152 unusquisque
1146 2084 1437 2152 complent,
1488 2083 1650 2153 362
1687 2097 1782 2148 per
1819 2083 1919 2134 hoc
1947 2082 2086 2149 quod
2117 2081 2307 2135 toleret

731 2189 875 2230 eum.
913 2173 1199 2238 Praeterea,
1220 2176 1503 2228 charitntis
1528 2176 1755 2229 ollicium
1790 2185 1892 2235 est,
1925 2182 1981 2226 ut
2014 2175 2152 2226 alter
2171 2174 2307 2227 alte-

736 2268 849 2321 rius
874 2269 1184 2335 gravamina
1215 2277 1269 2320 et
1302 2282 1464 2320 onera
1510 2276 1801 2334 portemus.
1842 2263 2096 2320 Charitas
2124 2276 2306 2318 autem

737 2361 980 2428 impletio
1010 2373 1094 2414 est
1130 2361 1501 2413 mandatorum
1539 2360 1760 2414 Christi.

810 2452 977 2519 Vens.
1011 2454 1065 2507 5.
1111 2472 1129 2503 ‹
1175 2452 1231 2505 Si
1280 2454 1423 2505 enim
1472 2453 1687 2505 videtur
1721 2453 1987 2521 quispiam
2044 2468 2164 2508 esse
2210 2452 2311 2505 ali-

735 2545 883 2612 quid,
919 2559 1040 2597 cum
1080 2544 1211 2597 nihil
1259 2547 1349 2609 sit,
1401 2546 1638 2612 seipsum
1669 2546 1891 2615 decipit.
1936 2565 1953 2597 ι
1991 2547 2202 2601 Rursus
2225 2546 2309 2600 hic

738 2634 1103 2702 arrogantium
1156 2634 1357 2696 dejicil,
1392 2636 1461 2687 oh
1489 2636 1673 2689 oculos
1708 2652 1940 2704 ponens,
1972 2639 2114 2704 quod
2147 2639 2191 2691 is
2218 2638 2308 2705 qui

741 2726 954 2777 videtur
977 2739 1099 2779 esse
1128 2726 1354 2794 aliquid,
1392 2726 1523 2779 nihil
1555 2737 1637 2781 est
1668 2745 1681 2780 :
1717 2742 1812 2795 per
1847 2730 1949 2782 hoc
1976 2729 2147 2797 ipsum
2170 2728 2310 2796 quod

740 2819 987 2880 videtur,
1045 2817 1342 2871 luculenter
1388 2819 1699 2883 ostendens,
1759 2820 1900 2890 quod
1954 2821 2107 2874 nihili
2160 2820 2229 2874 sit
2260 2829 2313 2872 et

738 2910 1185 2973 contemnendus,
1218 2918 1271 2962 et
1314 2912 1456 2979 quod
1496 2911 1767 2966 nemiuem
1816 2912 1918 2967 nisi
1956 2913 2192 2974 seipsum
2223 2912 2313 2967 de-

742 3001 898 3067 cipit.

812 3090 976 3144 Vsns.
1008 3092 1064 3147 4.
1101 3110 1117 3142 ι
1150 3090 1298 3161 Opus
1319 3099 1496 3147 autem
1523 3107 1677 3147 suum
1708 3093 1901 3162 probet
1924 3094 2314 3162 unusquisque,

2410 1988 2623 2051 στάζειν
2655 1988 2884 2040 ἐκεῖνον.
2925 1990 3037 2042 Καὶ
3066 1988 3243 2052 ἄλλως
3272 1990 3382 2059 γὰρ
3412 1992 3633 2058 ἀγάπης
3665 1992 3727 2045 τὸ
3748 1992 3824 2044 τά
3854 1992 4001 2063 βάρη

2410 2078 2698 2148 βαστάζειν
2725 2079 2969 2149 ἀλλήλων
2996 2097 3009 2110 ο
3044 2082 3078 2151 ἡ
3115 2080 3173 2134 δὲ
3204 2082 3421 2151 ἀγάπη,
3453 2083 3735 2154 πλήρωσις
3768 2084 3885 2137 τῶν
3915 2086 4007 2136 ὲν-

2408 2168 2575 2221 τολῶν
2602 2169 2694 2222 τοῦ
2723 2168 2988 2241 Χριστοῦ.

2486 2461 2505 2495 ι
2537 2444 2600 2498 Εἰ
2630 2445 2734 2515 γὰρ
2764 2446 2911 2500 δοκεί
2938 2465 3016 2510 τις
3036 2440 3177 2500 εἷναί
3207 2465 3260 2499 τι
3295 2448 3460 2518 μηδὲν
3493 2446 3590 2511 ῶν,
3611 2447 3809 2500 ἑαυτὸν
3840 2464 4011 2516 φρεν-

2413 2539 2618 2607 απατᾷ.
2653 2556 2671 2588 ι
2725 2537 2896 2590 Πάλιν
2938 2538 3170 2591 ἐνταῦθα
3220 2538 3318 2609 τὴν
3340 2539 3597 2591 ἀπόνοιαν
3640 2540 4007 2603 καταῧάλλςι,

2412 2634 2621 2697 δεικνὺς
2648 2634 2729 2686 ὃτι
2753 2634 2781 2689 ὸ
2805 2634 2977 2686 δοκῶν
3010 2630 3148 2686 εἷναί
3177 2652 3250 2696 τι,
3279 2634 3434 2687 οὐδέν
3462 2636 3631 2696 ἐστιν,
3675 2636 3813 2688 αὐτὸ
3844 2635 4011 2687 τοῦτο

2413 2725 2591 2778 δοκεῖν
2641 2726 2937 2794 τεκμήριον
2968 2727 3216 2794 ἐκφέρων
3259 2726 3358 2793 τῆς
3390 2726 3585 2778 ἑαυτοῦ
3618 2726 3907 2789 οὐθενείας
3935 2727 4006 2790 ’⁸,

2415 2816 2511 2870 καλ⁵
2542 2816 2732 2869 οὐδένα
2764 2817 2921 2870 ἄλλον
2950 2816 3199 2881 ἀπατῶν,
3228 2816 3343 2869 ἀλλ’
3380 2817 3593 2870 ἑαυτόν.

2495 3096 2513 3128 ‹
2548 3077 2621 3129 Τὸ
2659 3076 2716 3130 δὲ
2766 3076 2926 3146 ἔργον
2978 3077 3173 3131 ἑαυτοῦ
3224 3079 3571 3149 δοκιμαζέτω
3606 3081 3864 3147 ἕκαστος,
3919 3086 4015 3137 καὶ

742 3191 800 3235 et
831 3193 959 3238 tunc
989 3184 1127 3253 apud
1171 3184 1405 3252 seipsum
1442 3184 1614 3238 solum
1654 3183 2029 3253 gloriationem
2072 3185 2311 3248 habebit,

2418 3168 2537 3223 τότε
2569 3172 2647 3232 εἰς
2672 3170 2863 3222 ἑαυτὸν
2911 3170 3072 3239 μόνον
3098 3171 3155 3223 τὸ
3183 3170 3444 3241 καύχημα
3473 3173 3604 3237 ἕξει,
3650 3173 3747 3225 καὶ
3789 3175 3895 3227 οὐκ
3929 3177 4015 3239 εἰς

744 3288 799 3328 et
829 3291 933 3330 non
963 3276 1028 3329 ad
1080 3276 1269 3330 alium.
1310 3294 1328 3327 ι
1365 3276 1638 3345 Exploret,
1688 3276 1882 3345 inquit,
1930 3285 2179 3330 accurate
2219 3293 2315 3331 sua

746 3368 915 3436 ipsius
952 3382 1113 3435 opera
1155 3368 1283 3434 (hoc
1318 3368 1460 3421 enim
1490 3367 1602 3421 vult
1650 3368 1896 3433 verbum,
1932 3386 1951 3418 ι
1997 3368 2197 3423 Probet
2241 3370 2313 3437 ι),

747 3474 875 3513 num
910 3459 1199 3528 quidquam
1230 3459 1418 3516 fecerit
1445 3473 1582 3514 vana
1622 3460 1793 3529 gloria
1827 3460 2042 3522 ductus,
2076 3475 2202 3514 num
2227 3476 2323 3531 per

747 3552 1170 3612 simulationem,
1209 3568 1335 3606 num
1362 3553 1463 3604 alia
1496 3550 1747 3621 quapiam
1780 3552 2010 3605 humana
2047 3566 2235 3617 causa,
2267 3563 2323 3606 et

751 3651 879 3695 tunc
914 3655 1022 3694 non
1071 3640 1334 3694 adversus
1382 3639 1611 3693 alterum
1664 3638 1943 3709 glorietur.
1976 3639 2245 3694 Ceterum
2274 3641 2319 3696 si

748 3744 807 3784 se
848 3730 1128 3784 continere
1172 3743 1277 3783 non
1334 3730 1526 3798 possit,
1556 3728 1623 3783 ad
1666 3728 1913 3798 seipsum‘
1946 3729 2321 3800 gloriationcm

750 3820 1044 3875 transferat
1077 3838 1091 3874 :
1123 3821 1225 3875 hoc
1273 3827 1379 3887 est,
1435 3821 1550 3891 ipse
1598 3820 1701 3874 sibi
1746 3821 2002 3885 collatus,
2070 3821 2323 3877 hesterno

748 3925 911 3979 opere
960 3911 1281 3965 hodiernum
1330 3912 1681 3980 prastantius
1733 3921 1973 3977 censeat,
2006 3918 2059 3966 et
2102 3913 2152 3966 in
2183 3901 2333 3968 bono.

750 4017 915 4073 opere
968 4002 1251 4071 glorietur.
1312 4002 1437 4058 llzec
1482 4013 1662 4057 autem
1710 4003 1907 4057 Paulus
1954 4003 2190 4071 loquitur
2228 4020 2323 4073 per

750 4094 1289 4159 cnmlescensiouem,
1345 4108 1451 4149 non
1507 4104 1565 4148 ut
1616 4095 1916 4163 legislator,
1963 4105 2022 4149 ut
2068 4096 2325 4164 paulatim

751 4185 1038 4240 elationem
1068 4186 1377 4254 huiusmodi
1408 4186 1814 4240 consuetudinis
1847 4186 2021 4242 tollat.
2050 4188 2151 4253 Qui
2179 4190 2326 4244 enim

753 4277 1015 4330 adversus
1052 4278 1381 4345 proximum,
1434 4274 1693 4330 Pharisati
1724 4276 1776 4329 in
1806 4292 2039 4342 morem,
2078 4294 2182 4333 non
2214 4279 2328 4349 glo-

753 4368 881 4421 riari
919 4367 1260 4422 assuefactus
1282 4377 1388 4431 est,
1422 4366 1562 4422 idem
1594 4366 1760 4422 etiam
1804 4368 1873 4422 de
1903 4368 2082 4437 seipse
2108 4368 2325 4439 gloriari

754 4459 933 4513 subito
971 4459 1217 4514 desistet.

2419 3262 2511 3313 τὸν
2544 3263 2751 3331 ἕτερον.
2785 3278 2804 3312 ι
2852 3261 3200 3327 Ἐξεταξέτω,
3234 3264 3389 3331 φησὶ,
3422 3263 3559 3332 μετά
3584 3265 3877 3332 ἀκριϐείας
3914 3269 4018 3330 τὰς

2421 3352 2612 3408 ἑαυτοῦ
2649 3354 2876 3426 πράξεις
2904 3355 3085 3422 (τοῦτο
3122 3352 3231 3424 γὰρ
3262 3355 3343 3419 τὸ,
3392 3373 3410 3406 ι
3449 3358 3807 3421 Δοκιμαζὲτω
3846 3366 3924 3425 ι),
3962 3361 4016 3412 εί

2425 3448 2501 3518 μὴ
2546 3448 2687 3500 κατά
2734 3446 3040 3511 κενοδοξίαν
3086 3447 3365 3517 ἐποίησεν,
3393 3449 3441 3499 εί
3479 3448 3552 3518 μὴ
3597 3451 3654 3501 ὲν
3689 3451 4016 3520 ὑποκρίσει,

2422 3542 2471 3591 εί
2506 3540 2579 3608 μὴ
2610 3539 2745 3610 ἄλλῃ
2793 3538 2901 3591 τινὶ
2931 3538 3249 3611 ἀνθρωπίνῃ
3298 3539 3473 3608 αίτία,
3517 3542 3610 3593 καὶ
3633 3542 3754 3594 τότε
3784 3545 3859 3611 μὴ
3885 3545 4019 3597 καθ’

2423 3632 2610 3702 ἑτέρου
2645 3629 2960 3701 καυχάσθω.
3005 3630 3141 3683 Ἀλλ’
3171 3633 3218 3684 εί
3244 3632 3350 3701 ἄρα
3378 3633 3769 3702 ἀκατασχέτως
3793 3636 3835 3666 ’⁷
3867 3635 4018 3704 ἔχει,

2423 3726 2503 3788 εἰς
2554 3724 2747 3778 ἑαυτὸν
2797 3722 2859 3775 τὸ
2904 3722 3166 3794 καύχημα
3225 3725 3433 3795 ἐχέτω,
3487 3726 3792 3791 τουτέστιν,
3846 3730 4018 3792 αὐτὸς

2424 3813 2600 3883 ἑαυτῷ
2661 3812 3110 3882 συγκρινόμενος,
3159 3812 3252 3866 τοῦ
3301 3814 3429 3883 χθὲς
3461 3813 3623 3883 ἔργου
3664 3816 3723 3867 τὸ
3766 3818 4021 3888 σήμερον

2424 3907 2671 3976 κρεῖττον
2731 3903 3039 3973 νομιζέτω,
3092 3906 3187 3957 καὶ
3247 3905 3624 3974 ὲναὸρυνέσθω
3676 3907 3755 3975 τῷ
3817 3909 4019 3980 ἀγαθῴ

2424 3996 2593 4068 ἔργῳ.
2642 3992 2831 4048 Ταῦτα
2861 3995 2918 4047 δὲ
2947 3994 3096 4064 λέγει
3149 3995 3359 4058 Παῦλος
3394 3999 3912 4065 συγκαταὸατικῶς,
3955 4004 4017 4055 οὐ

2426 4087 2813 4158 νομοθετικῶς,
2844 4086 2920 4151 ὡς
2950 4086 3017 4140 ἂν
3040 4088 3180 4141 κατὰ
3208 4088 3406 4159 μικρὸν
3433 4090 3715 4161 ἀποστήσῃ
3736 4093 3805 4144 τά
3828 4094 4021 4165 αὐχή-

2430 4197 2576 4251 ματα
2635 4180 2729 4232 τοῦ
2788 4178 3032 4232 τοιούτου
3098 4178 3284 4247 ἤθους.
3350 4177 3409 4233 '0
3466 4181 3574 4248 γὰρ
3645 4181 3879 4245 ἐθισθεὶς
3942 4185 4020 4254 μὴ

2425 4274 2520 4328 τοῦ
2580 4273 2838 4343 πλησίον,
2888 4273 2962 4336 ὡς
2988 4276 3015 4325 δ
3045 4274 3361 4343 Φαρισαῖος,
3400 4276 3871 4345 κατακαυχᾶσθαι,
3916 4295 4020 4331 τα-

2427 4368 2598 4437 χέως,
2648 4367 2742 4420 καὶ⁵
2774 4365 2869 4419 τοῦ
2922 4365 3046 4418 καθ’
3098 4366 3291 4421 ἑαυτὸν
3338 4367 3728 4438 ὲναδρύνεσθαι
3762 4371 4020 4440 ἀποστή-

2431 4475 2607 4511 σεται.

824 4550 989 4605 Vens.
1025 4550 1078 4607 5.
1110 4569 1127 4603 ι
1158 4549 1543 4620 Unusquisque
1566 4550 1710 4604 enim
1740 4551 2014 4619 proprium
2044 4567 2181 4608 onus
2207 4569 2327 4623 por-

2508 4566 2527 4599 ι
2572 4549 2841 4606 Ἕκαστος
2877 4549 2985 4619 γὰρ
3009 4550 3068 4604 τί)
3119 4548 3251 4602 ῑδιον
3300 4550 3518 4618 φορτίον
3565 4550 3847 4619 βαστάσει.
3889 4570 3911 4603 ι
3953 4553 4019 4607 Τί

754 4642 908 4697 tzabit.
949 4661 968 4696 ι
1010 4642 1146 4710 Quid
1199 4642 1343 4697 enim
1378 4643 1630 4713 gloriaris
1681 4644 1942 4699 adversus
1981 4646 2328 4714 proximum?

751 4745 805 4788 et
838 4747 890 4789 tu
924 4745 975 4790 et
1009 4737 1097 4790 ille
1125 4737 1341 4806 pr0pria
1370 4750 1535 4791 onera
1568 4737 1772 4803 feretis,
1805 4748 2043 4809 tuncque
2071 4742 2327 4797 uniuscu-

749 4826 946 4895 jusque
984 4841 1119 4895 opus
1168 4827 1506 4896 probabitur.
1556 4826 1789 4883 Proinde
1831 4843 1955 4885 cum
1984 4841 2038 4886 et
2073 4840 2129 4887 tu
2157 4847 2323 4889 onera

758 4920 958 4973 habeas
989 4928 1042 4973 et
1068 4919 1336 4985 sarcinas,
1380 4933 1553 4988 neque
1580 4920 1843 4976 adversus
1872 4920 2123 4990 alterum,
2153 4940 2329 4995 neque

758 5012 897 5077 apud
930 5020 983 5065 te
1008 5012 1075 5065 ob
1109 5010 1245 5065 bona
1277 5025 1441 5082 opera
1470 5013 1728 5083 gloriare.

832 5102 994 5156 Vsus.
1027 5100 1080 5156 6.
1117 5121 1133 5153 ι
1170 5103 1542 5159 Communicet
1570 5114 1747 5159 autem
1778 5105 1822 5161 is
1848 5106 1937 5176 qui
1962 5109 2327 5169 catechizatur

757 5192 944 5256 verbo,
976 5194 1026 5247 ei
1059 5194 1235 5264 quise
1268 5195 1571 5250 catechizat
1596 5197 1650 5251 in
1679 5198 1933 5254 omnibus
1983 5201 2158 5258 bonis.
2195 5221 2215 5255 ι
2253 5202 2329 5259 De

760 5282 1073 5338 doctoribus
1121 5284 1377 5351 deinceps
1424 5285 1671 5349 disserit,
1708 5294 1766 5340 ut
1823 5287 1898 5341 illi
1938 5288 2030 5357 qui
2079 5288 2147 5343 ab
2197 5288 2329 5358 ipsis

760 5372 1143 5439 instituuntur,
1202 5375 1609 5431 instituentibus
1656 5379 2077 5443 communicent,
2125 5393 2230 5434 non
2273 5379 2329 5435 in

762 5480 871 5520 uno
922 5468 1198 5536 quapiam,
1230 5470 1324 5523 sed
1368 5469 1422 5523 in
1462 5469 1713 5525 omnibus
1764 5469 1941 5536 bonis,
1991 5470 2329 5539 alimentum,

764 5556 1156 5624 indumentum,
1226 5559 1505 5623 honorem,
1578 5557 2033 5625 benevolentiam,
2090 5560 2331 5630 adeoque

2433 4642 2542 4712 γὰρ
2585 4643 2909 4712 κατακαυχᾷ
2952 4642 3047 4694 τοῦ
3105 4641 3367 4710 πλησίον;
3420 4644 3513 4694 καὶ
3556 4643 3618 4696 σὺ
3660 4645 3918 4706 κάκεῖνος
3952 4645 4020 4695 τά

2433 4731 2540 4785 ίδια
2596 4730 2791 4800 φορτία
2848 4730 3171 4800 βαστάσετε,
3220 4730 3314 4783 καὶ
3362 4732 3483 4783 τότε
3541 4731 4019 4801 δοκιμασθήσεται

2432 4827 2658 4881 ἑκάστου
2686 4827 2747 4881 τὸ
2771 4828 2951 4898 ἔργον.
2981 4827 3144 4879 Ὥστε
3174 4828 3294 4880 ἐπεὶ
3317 4828 3411 4880 καὶ
3436 4827 3501 4880 σὺ
3525 4827 3717 4897 φορτία
3745 4829 3893 4897 ἔχεις
3923 4832 4019 4883 καὶ

2438 4915 2575 4987 βάρη
2597 4956 2612 4981 ,
2662 4916 2795 4987 μηδὲ
2825 4916 2945 4969 καθ’
2975 4916 3163 4985 ἑτέρου
3212 4916 3422 4987 καυχῶ,
3460 4917 3595 4986 μηδὲ
3623 4918 3766 4970 κατα
3812 4921 4017 4973 σαυτὸν

2434 5007 2730 5077 ὲναόρύνου
2761 5007 2827 5077 τῇ
2862 5007 3217 5077 ἀγαθοεργίᾳ.

2512 5119 2530 5152 ι
2586 5101 2929 5155 Κοινωνείτω
2971 5099 3027 5154 δὲ
3056 5101 3084 5153 ὁ
3125 5100 3533 5169 κατηχούμενος
3584 5100 3677 5155 τὸν
3727 5103 3887 5167 λόγον
3940 5105 4017 5174 τῷ

2435 5192 2761 5265 κατηχοῦντι
2791 5194 2849 5246 ὲν
2876 5192 3041 5246 πᾶσιν
3085 5191 3328 5259 ἀγαθοῖς.
3376 5211 3394 5244 ι
3435 5193 3571 5263 Περὶ
3618 5193 3727 5246 τῶν
3757 5194 4016 5251 διδασκά-

2429 5288 2537 5339 λων
2569 5284 2755 5338 λοιπὸν
2780 5284 3109 5353 διαλέγεται,
3143 5283 3231 5337 ἵνα
3262 5284 3312 5336 οἱ
3343 5281 3473 5351 παρ’
3508 5283 3689 5335 αὐτῶν
3735 5286 4013 5353 κατηχού-

2436 5394 2589 5448 μενοι
2636 5376 2943 5431 κοινωνῶσι
2980 5378 3093 5440 τοῖς
3138 5375 3494 5444 κατηχοῖκην,
3530 5376 3629 5429 οὐκ
3674 5377 3733 5427 ὲν
3765 5376 3847 5428 ἑνί
3883 5394 4009 5441 τινι,

2433 5468 2551 5521 ἀλλ’
2596 5468 2655 5520 ὲν
2695 5470 2863 5523 πᾶσιν
2898 5466 3145 5534 ἀγαθοῖς,
3197 5466 3427 5536 τροφῆς,
3459 5466 3779 5537 ἐνδύματος.
3820 5468 4007 5536 τιμῆς.

2438 5558 2669 5627 εὐνοίας,
2693 5559 2799 5614 καὶ
2833 5558 3055 5618 πάντων
3092 5557 3279 5624 dum);
3322 5558 3695 5631 μεταδιδόντες
3730 5559 3840 5613 τῶν
3881 5562 4009 5627 ἀγα-

2095 5698 2295 5761 Varite
2324 5700 2650 5766 lectiones.

838 5820 880 5852 ³⁸
918 5818 1027 5888 γὰρ
1056 5833 1106 5873 o.
1186 5820 1229 5849 “
1262 5818 1539 5882 ἀσθενείας
1572 5834 1623 5875 o.
1702 5820 1747 5851 "
1774 5819 2223 5891 ἀκαταισχύντως
2262 5844 2311 5881 0.
