4226 6440
222 417 362 482 1037

1003 416 1406 478 EXPUSITIO
1450 414 1528 474 IN
1573 413 1814 474 EPIS’I‘.
1852 413 1948 472 AD
1981 413 2242 473 EPHES.
2280 437 2343 446 ·-
2377 413 2534 472 CAP.
2573 416 2620 473 ῐ.

3276 491 3278 493 >
3354 415 3490 478 ιοεε

215 534 284 585 τὸ
332 531 431 600 μὲν
479 528 765 582 πιστεῦσαι
808 529 899 581 καὶ
927 528 1264 600 προσελθεῖν,
1306 526 1452 579 ἔστιν
1507 525 1774 594 ἡμέτερον
1801 565 1814 586 ,
1847 529 1876 583 Α

1931 523 2010 576 tia:
2051 522 2223 591 gratia
2277 521 2505 591 diligens
2559 535 2655 574 nos
2718 521 3136 589 praedestinavit.
3199 523 3488 578 I‘rJ'lerca.

221 620 405 673 καίτοι
443 624 530 671 καί
590 618 683 670 τοῦ
742 619 1068 680 καλέσαντος
1109 617 1265 670 Θεοῦ·
1309 615 1373 669 τὸ
1398 616 1455 669 δὲ
1485 614 1810 686 προσελθόν-

222 728 328 775 τας
353 712 581 774 ἀξιῶσαι
616 713 712 778 τῆς
749 709 1039 774 υἱοθεσίας,
1071 713 1237 780 μόνης
1268 711 1366 776 τῆς
1392 708 1611 776 ἀγάπης
1644 703 1808 758 αὑτοῦ

226 807 324 857 καὶ
357 803 783 873 φιλανθρωπίας.
829 804 918 852 Διὸ
952 801 1283 870 προσέθηκε·
1323 819 1340 850 ε
1394 798 1698 869 Προορίσας
1731 799 1812 858 εἰς

224 897 526 949 υἱοθεσίαν.
555 948 558 952 ί
586 913 604 946 ι
644 893 846 954 Ποίαν;
904 894 1014 962 Την
1066 895 1142 956 εἰς
1185 892 1348 945 αὐτὸν
1392 891 1702 957 ἀνάγουσαν
1753 888 1814 941 τὸ

227 989 389 1056 γένος
417 986 596 1056 ἡμῶν,
627 987 721 1038 καὶ
751 986 984 1046 οἰκείους
1018 983 1184 1036 αὑτοῦ
1221 982 1503 1035 ποιοῦσαν·
1536 979 1630 1033 καὶ
1655 978 1814 1031 τοῦτο

227 1082 308 1144 δὲ,
373 1099 389 1130 ι
439 1080 536 1131 Διά
600 1077 773 1147 Ἰησοῦ
824 1075 1083 1144 Χριστοῦ.
1137 1093 1152 1125 ι
1216 1073 1274 1127 '0
1324 1075 1424 1144 μὲν
1468 1073 1579 1144 γὰρ
1610 1070 1814 1142 ςιΙατήρ

231 1169 564 1241 προώρισεν,
591 1175 617 1222 ὁ
644 1170 698 1222 δὲ
732 1168 964 1237 Χριστὸς
993 1166 1346 1237 προσήγαγεν
1379 1165 1548 1235 ἡμᾶς.
1579 1163 1680 1215 Διὰ
1708 1161 1814 1230 γὰρ

226 1263 326 1316 τοῦ
354 1263 487 1315 Υἰοῦ
517 1263 695 1316 πάντα
719 1262 786 1315 τὰ
821 1261 1022 1329 ἀγαθὰ,
1051 1261 1110 1311 οὑ
1143 1260 1232 1313 διά
1282 1275 1426 1320 τινος
1456 1257 1564 1309 τῶν
1590 1255 1811 1308 δούλων·

227 1355 312 1407 διὸ
333 1356 428 1407 καὶ
467 1355 878 1424 λαμπροτέραή
915 1351 1234 1420 φιλοτιμία.

337 1652 352 1682 ι
414 1631 568 1684 Κατά
597 1629 696 1698 τὴν
731 1625 980 1680 εὐδοκίαν
1025 1623 1117 1677 τοῦ
1154 1623 1457 1692 θελήματος
1497 1618 1683 1683 αὑτοῦ,
1739 1633 1816 1678 εις

231 1725 459 1776 ἔπαινον
481 1719 638 1786 δόξης
661 1719 758 1788 τῆς
782 1719 1003 1788 χάριτος
1029 1714 1216 1767 αὐτοῦ.
1252 1731 1270 1764 ι
1301 1711 1400 1764 Διά
1425 1709 1604 1775 τοῦτο,
1630 1708 1814 1778 φησὶν,

230 1819 316 1878 εἰς
365 1814 639 1867 υἱοθεσίαν
691 1813 836 1876 ’ἡμᾶς
889 1807 1186 1878 προώρισε,
1233 1805 1422 1866 θέλων,
1481 1804 1573 1854 καὶ
1614 1800 1819 1870 σφ’όδρα

234 1907 577 1978 βουλόμενος,
602 1906 693 1956 καὶ
721 1900 1001 1970 ἐπιθυμῶν
1028 1898 1206 1950 (τοῦτο
1232 1897 1339 1964 γάρ
1365 1899 1397 1964 ή
1433 1892 1696 1961 εὐδοκία),

231 2004 267 2070 ἡ
303 2001 397 2069 τῆς
430 1999 649 2067 χάριτος
677 1995 769 2047 καὶ
799 1994 896 2062 τῆς
920 1990 1243 2061 εὐεργεσίας
1271 1987 1432 2042 αὑτοῦ
1461 1987 1587 2052 δόξα
1608 1981 1815 2053 δειχθῇ.

235 2092 384 2164 Ἀρα
427 2093 483 2144 δὲ
527 2091 682 2159 δὸξής
733 2089 944 2156 ἐφίεται
974 2087 1144 2151 Θεύςς
1177 2086 1268 2154 Μή
1299 2084 1527 2152 γένοιτο·
1573 2081 1820 2142 ἀνενδεὲς

233 2185 347 2252 γὰρ
380 2181 440 2234 τὸ
466 2181 639 2233 Θείον·
675 2178 811 2232 ἁλλά
845 2176 1093 2246 βούλεται
1122 2172 1443 2239 δοξάζεσθαι
1478 2173 1610 2241 παρ’
1637 2171 1814 2242 ήμῶν,

233 2273 314 2334 ὡς
363 2273 427 2325 ἂν
461 2270 623 2324 αὑτὸν
673 2269 834 2320 πλέον
884 2265 1207 2335 ἀγαπῶμεν.
1267 2265 1325 2316 Ὀ
1363 2263 1471 2334 γὰρ
1527 2262 1818 2333 θαυμάζων

233 2366 336 2426 τὰς
368 2365 445 2424 εἰς
491 2362 651 2414 αὑτὸν
680 2360 978 2427 γενομένας
1026 2359 1365 2427 εὐεργεσίας,
1419 2356 1710 2410 σπουδάσει
1744 2356 1818 2426 μὴ

235 2453 614 2523 προσκροῦσαι
643 2450 719 2520 τῷ
753 2450 1037 2519 εὐεργέτῃ·
1075 2448 1166 2499 καὶ
1190 2447 1380 2506 ὁσάκις
1407 2446 1820 2515 ἀναμιμνήσκε·

234 2563 332 2600 ται
389 2546 497 2598 τῶν
547 2542 791 2611 ἀγαθῶν,
834 2540 994 2592 πλέον
1047 2539 1322 2607 ἀγαπήσει
1381 2537 1470 2589 τὸν
1523 2532 1813 2591 δεδωκότα.

238 2638 471 2691 Εὖδοκία
499 2631 590 2688 οῦν
633 2635 675 2666 ³’
727 2636 841 2686 ἐστι
891 2633 950 2684 τὸ
1004 2632 1412 2700 προηγούμενον
1461 2630 1675 2699 θέλημα
1726 2627 1818 2681 τοῦ

237 2729 399 2784 Θεοῦ.
453 2724 595 2782 Οἷον·
651 2727 876 2794 Θέλημα
915 2724 1133 2794 πρῶτον
1164 2725 1256 2774 τοῦ
1293 2724 1450 2786 Θεοῦ,
1505 2721 1565 2774 τὸ
1617 2722 1821 2791 μηδένα

240 2821 572 2876 ἀπολέσθαι·
619 2819 832 2888 Θέλημα
866 2817 1139 2884 δεύτερον,
1180 2815 1240 2868 τὸ
1262 2815 1583 2885 γενομένους
1618 2817 1822 2877 κακοὺς

240 2912 564 2966 ἀπολέσθαι·
597 2911 660 2963 οῦ
700 2910 810 2978 γὰρ
835 2908 902 2976 δὴ
940 2908 1157 2977 ἀνάγκῃ
1196 2905 1433 2970 κολάζει,
1465 2906 1599 2961 ἀλλά
1632 2905 1817 2958 θέλων.

250 3005 320 3059 Ἦ
367 3005 543 3058 τοίνυν
595 3003 810 3056 εύδοκία
855 3000 915 3051 τὸ
982 2998 1394 3067 προηγούμενὸν
1445 2999 1560 3050 ἐστι
1611 2997 1820 3066 θέλημα

243 3097 340 3150 τοῦ
372 3096 526 3150 Θεοῦ.

325 3294 345 3326 ε
384 3269 460 3346 ⁷ῌ
517 3274 844 3343 ἐχαρίτωσεν
871 3273 916 3306 ⁸ο
948 3274 1094 3344 ήμᾶς
1127 3273 1183 3324 ὲν
1251 3271 1328 3337 τῷ
1389 3266 1748 3337 ἠγαπημένῳ.
1795 3284 1812 3314 ν

245 3371 362 3421 Οὐκ
431 3363 604 3430 εἶπεν,
673 3365 1012 3433 Ἐχαρίσατο,
1064 3363 1176 3416 ἀλλ’
1216 3382 1233 3414 ε
1269 3361 1597 3431 Ἐχαρίτωσε
1627 3373 1639 3385 ⁸
1671 3371 1822 3409 10:21-

243 3461 385 3518 ἐστι.
449 3460 737 3528 χαρίεντας
785 3457 878 3510 καὶ
929 3457 1260 3525 ἐπεράστους
1309 3452 1582 3520 ἐποίησεν.
1615 3451 1824 3518 Ὥσπερ

245 3550 422 3612 εἴτις
486 3549 766 3618 ψωραλέον
817 3549 937 3600 τινά
998 3549 1228 3616 γέροντα
1267 3544 1361 3598 καὶ
1418 3543 1562 3612 λιμῷ
1618 3540 1825 3608 δίφθο-

249 3645 382 3711 ρότα
427 3642 608 3695 λαϐὼν
654 3641 748 3693 καὶ
791 3640 1095 3710 ἀσχήμονα,
1130 3638 1332 3700 εὐθέως
1379 3637 1562 3706 ἕτερον
1612 3633 1822 3703 εῦμορ-

247 3754 347 3803 φον
415 3736 507 3788 καὶ
537 3735 799 3804 νεώτερον
848 3734 1242 3801 ἀπειργάσατο,
1299 3728 1606 3799 χαριτώσας
1664 3726 1824 3778 αὑτὸν

246 3831 309 3881 ἐν
360 3831 543 3881 πᾶσιν·
587 3826 730 3879 οὕτω
771 3827 916 3878 καὶὸ
947 3824 1076 3886 θεὸς
1114 3825 1259 3892 ἡμᾶς
1313 3821 1493 3887 πάσης
1542 3819 1820 3890 ἀμορφίας

249 3917 718 3988 πεπληρωμένους
750 3918 844 3969 καὶ
874 3914 1257 3985 ἀσχημοσύνης
1303 3913 1503 3977 λαῦὼν,
1533 3913 1823 3982 χαρίεντας

249 4015 346 4065 καὶ
373 4011 565 4074 καλοὺς
597 4009 897 4072 ἀπέδειξεν.
949 4029 966 4059 ι
1010 4008 1366 4076 Ἑπιθυμήσει
1403 4026 1422 4058 ι
1468 4007 1599 4074 γὰρ,
1634 4004 1819 4073 φησὶν,

256 4123 276 4154 ε
300 4105 328 4155 ὀ
360 4102 610 4173 βασιλεὺς
637 4101 731 4154 τοῦ
765 4101 994 4160 κάλλους
1026 4115 1140 4152 σου.
1172 4115 1293 4148 ι-ι
1321 4096 1653 4168 Ἐχαρίτωσε
1681 4095 1738 4147 δὲ
1765 4095 1822 4144 ἐν

249 4195 328 4264 τῷ
352 4195 690 4264 ἠγαπημένῳ
714 4212 732 4243 ι
757 4193 892 4262 Υἰῷ,
925 4193 1190 4254 τουτέστι,
1212 4191 1297 4243 διὰ
1327 4190 1422 4242 τοῦ
1443 4189 1819 4259 ἠγαπημένου.

328 4388 347 4421 ε
398 4370 486 4423 Ἐν
513 4387 558 4436 ῳ
586 4369 783 4437 ἔχομεν
816 4366 914 4437 τὴν
958 4366 1334 4435 ἀπολύτρωσιν
1359 4363 1445 4418 διὰ
1474 4362 1567 4415 τοῦ
1594 4362 1822 4430 αἵματος

249 4459 440 4522 αὐτοῦ,
491 4460 589 4529 τήν
631 4458 825 4526 ἄφεσιν
864 4455 972 4509 τῶν
1021 4452 1503 4526 παραπτωμάτων.
1536 4471 1553 4503 ι
1622 4452 1709 4503 Ἐν
1747 4451 1823 4520 τῷ

1733 1891 1818 1942 ἵνα
1855 1870 1893 1924 Β

1913 608 2138 668 credere
2180 612 2396 681 quidem
2442 622 2497 667 et
2548 615 2824 676 accedere,
2878 627 3122 667 nostrum
3174 625 3259 669 est
3310 617 3481 684 (atqui

1916 705 2010 759 Dei
2049 707 2212 761 etiam
2260 705 2569 775 vocantis);
2599 705 2952 761 advenientes
3013 724 3140 762 vero
3206 710 3494 777 adoptione

1914 798 2148 865 dignari,
2186 798 2352 852 solius
2409 797 2526 867 ejus
2574 799 2880 852 dilectionis
2934 813 3019 852 est
3065 810 3118 852 et
3170 798 3491 854 clementiar.

1917 890 2207 959 Propterea
2242 889 2457 956 adjecit,
2523 909 2540 940 ι
2580 888 2990 944 Prtedesunavit
3027 891 3078 944 in
3123 889 3349 944 ﬁliorum
3403 893 3496 944 ad—

1916 983 2210 1050 optionem.
2237 998 2255 1031 ι
2289 979 2702 1047 Qualem?Qua:
2756 983 2820 1032 ad
2866 982 3039 1048 ipsum
3085 980 3284 1035 referat
3329 998 3496 1050 genus

1921 1064 2277 1138 nostrum,ac
2327 1090 2426 1128 nos
2482 1075 2652 1142 ipsius
2724 1073 3056 1126 domesticos
3113 1073 3294 1138 faciat,
3339 1074 3497 1140 idque

1925 1185 1942 1216 ε
1985 1166 2086 1220 Per
2121 1165 2302 1220 Jesum
2339 1165 2640 1218 Christum.
2680 1187 2697 1217 ι
2748 1164 2880 1218 Nam
2927 1165 3086 1229 Pater
3118 1180 3247 1218 sane
3283 1169 3497 1234 praede-

1919 1257 2162 1321 stinavit,
2199 1256 2450 1311 Christus
2495 1267 2669 1310 autem
2709 1256 2938 1311 adduxit
2975 1271 3096 1311 nos.
3140 1255 3245 1310 Per
3306 1257 3495 1326 Filium

1919 1348 2064 1400 enim
2092 1347 2272 1400 omnia
2301 1345 2456 1400 nobis
2490 1346 2627 1399 bona
2676 1346 3053 1409 conferuntur,
3093 1362 3197 1400 non
3232 1361 3326 1415 per
3381 1361 3490 1400 ser-

1920 1453 2042 1492 vum
2092 1439 2396 1508 quempiam
2460 1456 2472 1491 :
2534 1438 2658 1492 hinc
2721 1447 2775 1491 et
2827 1439 3163 1506 splendidior
3234 1447 3315 1493 est
3385 1440 3497 1508 ipsa

1921 1530 2237 1585 liberalitas.

1992 1619 2153 1674 Vens.
2205 1621 2257 1674 6.
2299 1641 2316 1672 ί
2377 1620 2684 1675 Secundum
2743 1623 3139 1693 beneplacitum
3206 1624 3496 1678 voluntatis

1921 1724 2051 1776 suae,
2077 1710 2144 1764 ad
2182 1710 2392 1764 laudem
2442 1711 2624 1780 gloriae
2647 1721 2697 1765 et
2726 1715 2913 1782 gratia;
2943 1729 3073 1768 suae.
3122 1733 3140 1765 ι
3183 1712 3492 1780 Propterea,

1926 1801 2118 1870 inquit,
2161 1803 2226 1855 ad
2255 1802 2484 1856 ﬁliorum
2535 1803 2878 1870 adoptionem
2927 1820 3027 1858 nos
3071 1806 3493 1873 praedestinavit,

1926 1895 2108 1950 volens
2172 1911 2236 1950 ac
2285 1896 2634 1951 vehementer
2677 1899 2898 1966 cupiens
2931 1912 3111 1968 atque
3159 1903 3494 1966 desiderans,

1922 1987 2047 2058 (hoc
2076 1988 2232 2058 371
2267 1989 2407 2042 enim
2443 2000 2524 2043 est
2559 1991 2996 2062 beueplacituzn),
3052 2003 3108 2046 ut
3147 1995 3336 2063 gratia:
3383 2011 3495 2048 stne

1920 2078 2090 2149 gloria
2131 2081 2420 2132 indicetur.
2467 2079 2547 2132 An
2605 2095 2732 2134 vero
2777 2083 3000 2151 gloriam
3065 2087 3267 2153 expetit
3319 2084 3495 2141 Deus?

1922 2169 2142 2222 Minime
2174 2187 2188 2221 :
2225 2169 2357 2222 nihil
2379 2169 2521 2224 enim
2559 2172 2709 2224 deest
2738 2171 2932 2226 divina:
2957 2183 3162 2227 naturae
3203 2186 3495 2230 :cmterum

1924 2262 2034 2316 vult
2059 2262 2320 2317 celebrari
2361 2263 2762 2332 gloriﬁcarique
2800 2278 2829 2316 a
2877 2265 3051 2329 nobis,
3082 2276 3141 2319 ut
3189 2281 3285 2320 nos
3329 2268 3498 2336 magis

1923 2369 2045 2408 eum
2108 2354 2413 2424 diligamus.
2455 2352 2588 2407 Nam
2634 2355 2722 2423 qui
2772 2355 3071 2410 demiratur
3117 2357 3313 2411 factam
3372 2375 3495 2430 erga

1923 2458 2043 2498 sese
2099 2443 2532 2507 beneﬁcentiam,
2563 2444 2714 2498 dabit
2751 2460 2969 2513 operam
3009 2462 3078 2501 ne
3135 2448 3238 2500 ulla
3295 2450 3499 2523 ratione

1924 2536 2319 2591 benefactorem
2351 2536 2608 2590 otiendat.
2640 2536 2706 2590 Et
2740 2539 2952 2604 quoties
2989 2540 3303 2592 recordatur
3335 2541 3496 2603 bona,

1927 2627 2314 2681 vehementiori
2381 2639 2567 2682 amore
2625 2630 2953 2683 accendetur
3008 2644 3134 2700 erga
3216 2647 3338 2683 eum
3399 2636 3489 2700 qui

1923 2719 2085 2773 dedit.
2124 2718 2382 2774 Voluntas
2433 2720 2612 2788 itaque
2661 2720 2982 2791 beneplaciti
3035 2731 3117 2775 est
3175 2724 3500 2778 antecedens

1924 2807 2172 2862 voluntas
2229 2808 2322 2862 Dei
2366 2812 2443 2878 (a)
2479 2827 2492 2862 :
2528 2811 2756 2879 exempli
2797 2811 2966 2880 gratia
3002 2828 3014 2865 :
3061 2809 3240 2866 Prima
3295 2813 3500 2867 volun—

1924 2911 2004 2955 tas
2037 2901 2132 2956 Dei
2199 2911 2300 2964 est,
2336 2903 2482 2972 quod
2545 2919 2702 2958 nemo
2752 2914 2957 2974 pereat.
2995 2905 3240 2960 Secunda
3296 2908 3494 2962 volun-

1925 3002 2004 3047 tas
2037 3003 2139 3052 est.
2176 3004 2233 3048 ut
2287 2995 2435 3064 impii
2492 3007 2738 3065 pereant.
2787 2997 2900 3049 Non
2957 2998 3101 3050 enim
3170 2996 3498 3052 necessitate

1923 3095 2145 3140 coactus
2179 3087 2351 3155 punit,
2380 3088 2470 3141 sed
2497 3088 2700 3143 volens.
2736 3087 2915 3154 Quare
2946 3089 3338 3158 beneplacitum
3365 3105 3501 3158 prae-

1848 3214 1893 3276 C
1927 3179 2128 3233 cedens
2146 3189 2230 3234 est
2256 3180 2502 3234 voluntas
2527 3179 2641 3235 Dei.

2001 3291 2019 3322 ε
2063 3273 2177 3336 Qua
2240 3288 2337 3326 nos
2373 3275 2424 3327 in
2457 3275 2655 3328 dileCto
2692 3275 2962 3345 gratiosos
3021 3276 3275 3331 reddidit.
3311 3296 3330 3329 ι
3377 3277 3493 3332 Non

1924 3363 2080 3425 dixit,
2129 3365 2471 3433 Ἐχαρίσατο,
2507 3366 2556 3419 id
2583 3376 2664 3419 est
2690 3366 2932 3428 donavit,
2968 3367 3062 3421 sed
3103 3367 3491 3438 Ἐχαρίτωσεν,

1927 3453 1978 3506 id
2019 3465 2102 3508 est
2141 3456 2409 3522 gratiosos
2444 3467 2498 3511 et
2548 3457 2806 3512 ainabiles
2858 3458 3006 3513 fecit.
3065 3459 3297 3513 Perinde
3349 3474 3412 3513 ac
3451 3462 3495 3513 si

1925 3545 2047 3613 quis
2080 3545 2380 3599 scabiosum
2433 3549 2738 3615 quempiam
2788 3564 2993 3612 senem,
3023 3559 3077 3603 et
3124 3549 3264 3604 fame
3307 3566 3498 3605 eorru-

1926 3647 2072 3706 ptum
2108 3652 2171 3691 ac
2216 3638 2516 3693 deformem
2553 3641 2846 3710 accipiens,
2883 3632 3126 3710 protinus
3174 3644 3493 3713 elegantem,

1927 3727 2230 3784 formosum
2264 3731 2605 3800 etjuniorem
2649 3734 2855 3798 reddat,
2890 3735 3174 3790 amabilem
3225 3737 3398 3805 ipsum
3437 3738 3488 3789 in

1932 3821 2186 3875 omnibus
2230 3821 2467 3878 efﬁciens
2504 3840 2518 3878 :
2555 3824 2696 3878 hunc
2747 3826 2812 3879 ad
2871 3827 3086 3880 modum
3142 3828 3303 3881 etiam
3356 3827 3497 3882 Deus

1927 3925 2025 3973 nos
2053 3911 2197 3964 Omni
2231 3927 2351 3964 cum
2379 3910 2724 3967 deformitate
2764 3921 2876 3974 tum
2923 3915 3256 3983 turpitudine
3298 3918 3486 3984 plenos

1927 4001 2239 4070 accipiens,
2297 4003 2557 4057 amabiles
2619 4014 2673 4057 et
2733 4004 3000 4060 formosos
3061 4023 3159 4062 nos
3230 4012 3496 4064 exhibuit.

1933 4109 1950 4140 ι
2001 4089 2360 4160 Concupiscet
2414 4092 2555 4146 enim
2607 4109 2745 4160 rex,
2813 4114 2832 4146 ι
2881 4096 3092 4165 inquit,
3167 4118 3185 4151 ι
3247 4100 3520 4156 decorein'

1926 4189 2073 4235 tuum
2101 4190 2146 4235 ο.
2185 4201 2203 4232 ι
2237 4184 2510 4238 Amabiles
2540 4197 2719 4240 autem
2752 4203 2847 4242 nos
2881 4187 3008 4242 fecit
3038 4190 3091 4243 in
3128 4192 3324 4247 dilecto
3353 4192 3491 4248 Filio

1927 4289 2040 4337 suo,
2072 4275 2171 4328 hoc
2201 4285 2283 4329 est
2323 4291 2418 4345 per
2447 4277 2616 4346 ipsmn
2653 4278 2924 4333 dilectum.

1999 4363 2159 4419 Vens.
2195 4365 2245 4419 7.
2288 4385 2305 4416 ι
2348 4367 2404 4420 ln
2458 4384 2566 4437 quo
2610 4371 2872 4426 habemus
2921 4375 3348 4444 redemptionem
3401 4396 3498 4449 per

1925 4458 2239 4524 sanguinem
2294 4458 2483 4526 ipsius,
2540 4462 2913 4519 remissionem
2955 4478 3324 4532 peccatorum.
3369 4490 3387 4522 ι
3435 4471 3492 4526 In

250 4547 539 4617 ἀγαπητῷ,
572 4549 758 4616 φησιν,
781 4545 975 4615 ἔχομεν
1000 4544 1098 4612 τήν
1118 4543 1404 4612 λύτρωσιν.
1437 4541 1567 4594 Τίνα
1591 4541 1822 4608 ταύτήν;
1851 4561 1876 4619 1

1935 4549 2152 4612 dilecto,
2206 4549 2396 4617 inquit,
2442 4551 2704 4608 habemus
2739 4555 3180 4624 redemptionem.
3226 4560 3494 4626 Qualem?

259 4639 399 4708 «Τήν
415 4640 611 4707 ἄφεσιν
644 4637 753 4689 τῶν
784 4636 1309 4704 παραπτωμάτων.»
1336 4632 1458 4696 Πῶς
1480 4633 1777 4702 γενομένην
1803 4649 1817 4697 ;

259 4751 276 4783 ι
303 4731 402 4783 Διά
429 4729 522 4782 τοῦ
538 4730 791 4799 αἵματος.
806 4745 824 4778 ι
857 4727 1028 4780 Τοῦτο
1047 4726 1155 4794 γάρ
1173 4727 1230 4778 τὸ
1248 4723 1705 4794 φρικωδέστατον,
1738 4723 1819 4775 ὅτι

253 4824 459 4892 σφάξας
513 4823 674 4876 αὑτὸν
727 4823 819 4875 τὸν
861 4820 1245 4889 ἀγαπώμενον,
1297 4815 1639 4886 ὲλυτρώσατο
1673 4817 1820 4886 ἡμᾶς

251 4917 379 4978 τοὺς
413 4915 791 4986 μισουμένους,
832 4914 998 4984 τιμὴν
1040 4911 1133 4966 καὶ
1185 4910 1379 4980 λύτρον
1416 4911 1537 4971 δοῦς
1575 4909 1635 4962 τὸ
1681 4905 1821 4978 αἷμα

251 5007 346 5061 τοῦ
371 5007 679 5077 ἀγαπητοῦ.
714 5007 858 5076 Ὅρα
883 5005 963 5069 δὲ,
993 5004 1074 5057 ὅτι
1112 5004 1205 5056 καὶ
1235 5004 1333 5073 τῆς
1359 5001 1631 5062 υἱοθεσίας
1663 4999 1819 5053 τοῦτο

256 5098 462 5168 μεῖζον,
510 5097 646 5166 μηδὲ
663 5095 708 5127 ’⁵⁸
740 5094 834 5147 τοῦ
874 5093 1004 5146 Υἱοῦ
1039 5093 1330 5164 φείσασθαι
1358 5093 1424 5146 δι’
1462 5092 1631 5161 ἡμᾶς.
1666 5090 1821 5144 Μετά

253 5190 362 5261 γὰρ
393 5189 455 5242 τὸ
497 5191 668 5242 εἰπεῖν
701 5189 830 5259 περὶ
877 5188 1112 5257 ἐκείνης,
1147 5185 1297 5253 λέγει
1339 5183 1534 5258 τοῦτο,
1559 5183 1667 5237 ἀπὸ
1711 5181 1820 5236 τῶν

256 5283 595 5354 μικροτέρων
619 5283 714 5335 ἐπὶ
748 5282 818 5335 τὰ
849 5281 1022 5351 μείζω
1049 5277 1235 5333 ἀνιών;

395 5421 580 5475 °Psal.
617 5435 758 5486 κων,
797 5419 882 5474 ιε.

1931 4639 2322 4694 “emissionem
2366 4641 2706 4698 delictorum.
2756 4645 3038 4721 Quomodo
3091 4648 3338 4706 factam?
3391 4652 3495 4707 Per

1929 4733 2265 4799 sanguinem.
2297 4729 2408 4786 Hoc
2431 4733 2572 4786 enim
2599 4744 2680 4788 est
2704 4738 2936 4792 maxime
2960 4741 3317 4806 tremendum,
3353 4747 3516 4812 quod,

1927 4835 2068 4874 caeso
2099 4820 2292 4874 dilecto
2313 4820 2450 4875 Filio
2471 4837 2569 4876 suo
2595 4838 2693 4877 nos
2721 4825 2993 4894 liberavit,
3025 4829 3113 4898 qui
3165 4830 3321 4886 invisi
3363 4847 3491 4886 era-

1929 4925 2068 4976 mus,
2109 4909 2340 4978 pretium
2383 4911 2770 4980 redemptionis
2805 4914 2952 4982 ,dans
2993 4916 3309 4986 sanguinem
3361 4917 3499 4972 dile-

1931 5001 2024 5063 cti.
2076 5001 2330 5070 Expende
2369 5011 2545 5068 autem
2587 5004 2726 5070 quod
2788 5005 2858 5058 sit
2910 5006 3082 5075 majus
3125 5006 3356 5061 [illorum
3404 5011 3499 5061 ad-

1929 5093 2166 5163 optione,
2189 5094 2329 5161 quod
2361 5092 2498 5148 Filio
2523 5109 2620 5148 suo
2649 5110 2751 5149 non
2785 5099 3088 5166 pepercerit
3117 5111 3333 5168 propter
3374 5115 3492 5159 nos.

1929 5187 2062 5240 Cum
2088 5186 2229 5239 enim
2260 5187 2424 5241 verba
2459 5187 2524 5242 de
2549 5187 2634 5240 illa
2660 5186 2899 5254 fecisset,
2929 5190 3070 5244 istud
3104 5193 3258 5258 dicit,
3292 5194 3356 5248 dc
3384 5196 3488 5247 mi-

1933 5275 2154 5328 noribus
2185 5275 2248 5326 ad
2285 5274 2490 5341 majora
2519 5277 2833 5332 ascendens.

1593 5507 1796 5570 Variae
1820 5507 2149 5569 lectiones.

326 5619 372 5650 ³ο
402 5619 511 5689 γάρ
543 5633 598 5672 ο.
675 5616 718 5648 δ’
752 5619 809 5670 ιν
850 5611 1330 5689 ᾖὲχαρίτωσενιιι.
1411 5612 1454 5642 δ¹
1485 5611 1542 5663 τὸ
1570 5611 1626 5663 δὲ
1661 5611 1734 5682 μή
1767 5626 1817 5664 o.

323 5741 757 5817 (a)_Rec_oleAhic
786 5754 906 5808 quae
932 5736 1378 5817 a_Chryso_stomo
1400 5735 1612 5817 .scripta
1644 5743 1768 5817 sunt
1795 5751 1810 5798 ;

255 5809 389 5868 nam
410 5812 691 5867 brevitatis
721 5825 882 5864 causa
912 5811 1073 5863 etiam
1107 5809 1274 5860 multa
1305 5809 1505 5882 omissa
1545 5814 1668 5859 sunt
1697 5809 1815 5860 sine

1923 5734 2120 5801 quibus
2193 5744 2334 5786 recta
2379 5735 2648 5802 plenaque
2700 5746 2970 5794 sententia
3008 5740 3230 5794 omnino

1926 5755 2120 5801 qutuus
2194 5755 2334 5786 recta
2379 5755 2648 5802 plenaque
2700 5755 2970 5794 sententia
3008 5755 3230 5794 ommno
3289 5755 3491 5810 peremi

1926 5819 2028 5858 non
2053 5813 2246 5874 potest.
2276 5803 2509 5860 anus
2538 5806 2806 5863 LATINIUS.
3284 5823 3288 5828 '
