4226 6440
809 392 949 459 ,939
1703 379 2246 442 THEOPHYLACT
2251 380 2277 440 Ι
2320 379 2728 441 BULGARI/E
2754 383 3107 445 ARCHIEP.

872 518 888 549 t
935 497 1235 553 Secundum
1263 493 1479 549 divitias
1502 490 1690 562 gratiae
1714 493 1851 562 ejus,
1880 507 2040 562 quam
2068 491 2367 546 exuberare
2398 502 2438 555 Α

796 592 916 643 ίιιιιὶι
948 603 1071 657 erga
1102 601 1219 641 nos.
1256 604 1272 632 ι
1321 583 1431 639 lloc
1460 586 1608 649 leeit,
1635 585 1828 653 inquit,
1866 584 1917 636 in
1944 581 2144 635 divitiis
2177 581 2363 647 gratia:

795 685 980 750 ipsius.
1021 677 1152 733 Vide
1201 688 1378 732 autem
1430 675 1518 730 hic
1548 672 1889 746 hyperbolas.
1945 671 2153 725 Divitis:
2204 670 2362 725 nobis

795 778 931 825 data:
985 782 1131 836 sunt,
1179 784 1242 823 ac
1294 766 1495 822 divitia:
1548 768 1666 829 Dei,
1710 776 1765 820 et
1808 764 1993 834 gratiae
2024 761 2264 816 divitize:
2305 771 2359 816 et

797 880 898 916 non
918 864 1232 932 simpliciter
1251 862 1455 933 gratiae,
1482 861 1572 915 sed
1603 873 1711 930 qua
1742 855 2053 913 exuberavit
2073 869 2200 924 erga
2234 867 2353 918 nos,

795 959 895 1011 hoc
920 966 1001 1011 est
1050 954 1250 1009 allatint
1282 953 1488 1009 cﬂ'udit.

869 1049 1025 1101 \‘sns.
1071 1046 1122 1099 8.
1177 1065 1193 1097 ι
1257 1047 1311 1099 1η
1366 1045 1511 1099 omni
1563 1043 1828 1113 sapientia
1853 1052 1907 1097 et
1958 1038 2263 1110 prudentia,
2300 1046 2357 1091 ut

792 1151 972 1193 notum
1006 1137 1208 1192 faceret
1244 1136 1394 1189 nobis
1419 1143 1818 1188 sacramentum
1846 1128 2139 1185 voluntatis
2162 1140 2292 1181 sum.
2332 1143 2352 1177 ι

792 1232 904 1287 lloc
931 1245 1031 1295 est,
1066 1233 1292 1301 grnziant
1324 1245 1475 1283 suam
1516 1227 1705 1283 elIudit
1737 1226 1788 1278 in
1832 1237 1953 1288 nos,
1991 1230 2050 1276 ut
2078 1220 2356 1290 sapientes

789 1339 841 1377 «ιι
894 1328 1182 1393 prudentes
1231 1325 1455 1386 iaciens,
1492 1321 1791 1374 manili-stet
1836 1317 1990 1371 nobis
2041 1312 2353 1384 mysterium

791 1417 1101 1469 voluntatis.
1154 1415 1381 1468 Perinde
1438 1430 1500 1467 ac
1552 1413 1593 1465 si
1645 1411 1867 1473 diceret,
1918 1410 2130 1462 Arcana
2175 1404 2355 1459 cordis

3924 389 4074 453 ιοιο

2546 509 2565 543 ι
2596 492 2752 545 Κατὰ
2781 493 2872 545 τὸν
2913 493 3144 547 πλοῦτον
3188 494 3287 563 τῆς
3329 496 3546 565 χάριτος
3578 496 3766 562 αὐτοῦ,
3809 493 3879 569 ἧς
3932 502 4071 552 ἐπε-

2471 583 2758 654 ρίσσευσεν
2793 588 2874 649 είς
2907 588 3077 658 ἡμᾶς.
3127 606 3147 639 ι
3192 585 3365 640 Τοῦτο
3402 587 3459 640 δὲ
3488 589 3735 657 ἐποίησε,
3769 592 3971 657 φησὶν,
4010 596 4070 642 ἐν

2466 676 2544 747 τῷ
2574 676 2790 747 πλούτῳ
2835 678 2934 748 τῆς
2963 680 3185 749 χάριτος
3232 679 3423 733 αὐτοῦ.
3464 681 3603 747 Ὅρα
3643 680 3697 733 δὲ
3734 682 3832 743 τὰς
3881 683 4067 749 ὑπερ-

2467 767 2649 830 6ολάς³
2686 769 2921 832 Πλοῦτος
2952 771 3084 840 ἡμῖν
3119 771 3299 841 ἐδόθη,
3346 772 3444 824 καὶ
3474 771 3701 835 πλοῦτος
3741 774 3910 835 Θεοῦ,
3966 777 4064 826 καὶ

2465 860 2686 931 χάριτος
2701 859 2949 922 πλοῦτος.
2966 863 3075 915 Καὶ
3086 863 3181 933 οὐχ
3197 863 3383 926 ἁπλῶς
3400 865 3631 935 Χάριτος
3648 865 3712 925 δ’,
3737 865 3877 926 ἀλλ’,
3910 883 3929 913 ι
3957 859 4066 927 Ἷις

2464 952 2943 1022 ἐπερίσσευσενείς
2960 955 3127 1023 ἡμᾶς,
3157 973 3176 1008 ι
3210 957 3512 1020 τουτέστιν,
3545 957 4060 1027 ἀφθόωςέξέχεεν.

2540 1061 2561 1094 ι
2608 1043 2699 1097 Ἐν
2730 1044 2878 1115 πάσῃ
2929 1046 3095 1116 σοφίᾳ
3129 1046 3223 1100 καὶ
3274 1048 3561 1118 φρονήσει,
3606 1049 3871 1118 γνωρίσαι
3928 1052 4064 1119 ἡμῖν

2462 1137 2524 1190 τὸ
2553 1141 2853 1208 μυστήριον
2884 1138 2977 1192 τοῦ
3008 1139 3315 1210 θελήματος
3357 1140 3544 1194 αὐτοῦ.
3582 1160 3601 1192 ι
3640 1141 3933 1203 Τουτέστι,
3963 1144 4063 1210 τὴν

2463 1229 2624 1299 χάριν
2652 1229 2873 1300 ἐξέχεεν
2896 1232 3164 1301 είςήμᾶς,
3206 1231 3347 1286 ὥστε
3377 1232 3576 1300 σοφοὺς
3611 1235 3704 1285 καὶ
3746 1235 4063 1303 φρονίμους

2464 1321 2713 1391 ποιήσας,
2728 1324 3017 1392 (γνωρῐσαι
3032 1324 3163 1392 ἡμῖν
3176 1323 3236 1375 τὸ
3254 1324 3556 1394 μυστήριον
3572 1322 3667 1375 τοῦ
3687 1324 3815 1392 Osiri;
3827 1342 4023 1393 ante:
4038 1346 4055 1376 ι

2462 1408 2651 1481 ὥσπερ
2689 1412 2754 1462 ἂν
2792 1414 2837 1463 εί
2874 1412 3045 1478 ἔλεγε·
3099 1413 3180 1465 Τὰ
3225 1417 3284 1465 ἐν
3322 1416 3387 1484 τῇ
3421 1413 3621 1484 καρδία
3664 1415 3832 1467 αὐτοῦ
3881 1416 4058 1481 ἐγνώ-

788 1511 869 1563 stti
917 1510 1069 1563 nobis
1123 1509 1334 1578 cognita
1375 1507 1515 1559 fecit.
1558 1503 1648 1556 Vel
1690 1502 1756 1556 ad
1792 1502 1932 1555 hunc
1978 1500 2191 1553 modum
2229 1514 2243 1551 :
2288 1495 2355 1551 Ut

789 1603 1160 1658 illulillcsiul'cl
1214 1601 1367 1655 nobis
1409 1598 1740 1668 mysterium,
1777 1596 1917 1663 quod
1965 1602 2047 1648 est
2107 1592 2158 1645 in
2201 1590 2349 1646 omni

788 1698 1047 1767 sapientia
1116 1704 1169 1750 et
1219 1694 1526 1764 prudentia,
1578 1690 1677 1745 hoc
1731 1699 1832 1753 est,
1888 1686 2029 1757 quod
2071 1685 2215 1740 omni
2268 1698 2355 1737 sa-

788 1790 985 1859 pientia
1011 1800 1062 1842 ct
1096 1788 1377 1858 prudentia
1398 1784 1651 1839 refertum
1684 1790 1785 1835 est.
1816 1778 1967 1845 Quod
1994 1779 2136 1831 enim
2176 1775 2353 1829 iuittti—

2466 1518 2613 1569 ρισεν
2635 1504 2787 1572 ἡμῖν.
2812 1504 2879 1555 Ἢ
2906 1505 2998 1555 καὶ
3029 1504 3189 1557 οὕτωσ
3215 1523 3231 1556 ι
3270 1504 3539 1574 Γνωρίσαι
3569 1507 3700 1573 ἡμῖν
3740 1506 3805 1558 τὸ
3840 1511 4057 1576 μυστηο

2465 1610 2601 1660 ριον,
2643 1611 2661 1644 ι
2684 1593 2744 1645 τὸ
2773 1612 2791 1644 ι
2822 1595 2878 1646 ἐν
2898 1595 3046 1665 πάσῃ
3064 1596 3324 1666 φρονήσει
3343 1598 3433 1649 καὶ
3452 1598 3632 1668 σοφίᾳ,
3649 1617 3667 1648 ι
3692 1601 3977 1663 τουτέστι,
3996 1602 4051 1652 τὸ

2463 1688 2643 1757 πάσης
2690 1688 2879 1757 σοφίας
2931 1689 3101 1757 γέμον
3147 1692 3241 1742 καὶ
3280 1690 3617 1760 φρονήσεως.
3654 1690 3727 1742 Τὸ
3767 1692 3885 1760 γὰρ
3933 1694 4057 1752 τοις

2461 1778 2688 1848 ἐχθροὺς
2739 1781 2865 1842 τοὺς
2910 1782 3362 1853 ἁπερῤιμμένους
3410 1781 3746 1851 τηλικούτων
3792 1782 4051 1846 ἀξιῶσαι,

788 1900 880 1938 eos
908 1883 1146 1950 abjcctos
1169 1888 1245 1933 tot
1279 1879 1550 1945 tantisque
1576 1872 1729 1929 bouis
1758 1872 1921 1943 372
1972 1871 2225 1940 dignatus
2247 1875 2349 1931 est,
2388 1863 2430 1919 Β
2456 1894 2457 1897 η

2388 1863 2430 1919 Β
2456 1870 2749 1925 καὶταῦτα
2795 1875 2855 1925 ἐν
2884 1872 2961 1942 τῷ
2987 1872 3132 1925 τέλει
3174 1873 3281 1925 τῶν
3325 1874 3558 1942 καιρῶν,
3602 1875 3696 1925 καὶ
3735 1872 3923 1927 ταῦτα
3969 1874 4053 1927 δα

790 1979 947 2045 idque
978 1976 1027 2027 itt
1061 1977 1163 2026 line
1194 1981 1519 2036 temporum,
1544 1976 1703 2039 atque
1724 1980 1818 2037 per
1856 1979 2094 2026 crucem,
2128 1963 2219 2033 qui
2244 1975 2352 2015 non

790 2083 994 2135 magna:
1028 2066 1304 2135 Sapientiae
1334 2061 1591 2132 plenum?

866 2159 1021 2212 Vens.
1058 2157 1110 2211 9.
1151 2176 1169 2207 ι
1203 2155 1361 2208 Juxta
1404 2151 1798 2220 heneplacitum
1834 2164 2011 2215 suum,
2045 2148 2186 2218 quod
2231 2161 2355 2217 pro-

790 2254 966 2322 posuit
998 2253 1046 2304 iu
1080 2251 1211 2318 ipso.
1250 2268 1264 2297 ι
1316 2244 1465 2299 Fecit
1515 2253 1692 2298 autem
1736 2245 1840 2297 hoc
1897 2239 2350 2311 quemadmodum

790 2346 1057 2409 \oluil,ac
1090 2341 1246 2394 sicuti
1281 2337 1551 2406 proposuit
1590 2343 1644 2389 et
1671 2333 2070 2403 praedestinavit
2108 2331 2159 2385 in
2212 2331 2349 2399 ipso,

790 2437 1004 2490 Chrisw
1042 2432 1311 2485 videlicet.

863 2526 1022 2580 Vens.
1061 2524 1146 2578 lO.
1184 2542 1203 2573 ι
1245 2523 1322 2575 Ad
1357 2517 1808 2589 dispensationem
1835 2512 2182 2585 plenitudinis
2217 2520 2353 2566 tem-

791 2633 1000 2687 porum.
1064 2634 1083 2666 ι
1142 2613 1208 2667 Et
1264 2611 1658 2679 bent-placitum
1721 2614 1859 2673 hoc,
1920 2615 1974 2659 et
2022 2605 2352 2658 voluntatem

790 2710 1089 2778 proposuit,
1121 2716 1177 2760 et
1234 2702 1637 2774 praedestinavit
1685 2701 1751 2752 ad
1798 2697 2254 2765 dispensationem
2300 2701 2353 2747 et

788 2800 1228 2869 gubernationem
1252 2807 1304 2850 et
1347 2793 1782 2849 constitutionem
1823 2787 2170 2861 plenitudinis
2216 2793 2352 2838 tetu-

790 2907 999 2961 porum.
1021 2890 1300 2945 Plenitudo
1323 2887 1464 2940 enim
1499 2896 1815 2955 temporum,
1836 2883 1937 2936 hoc
1955 2889 2038 2934 est
2061 2878 2353 2933 novissima

793 2998 1055 3053 tempora,
1077 2996 1285 3051 pinnam
1303 2977 1640 3047 postulabant
1664 2985 1719 3029 et
1737 2972 2079 3041 supplicium,
2100 2981 2352 3038 tanquam

794 3076 1008 3142 impleta
1047 3072 1096 3124 itt
1131 3072 1257 3140 ipsis
1285 3070 1485 3123 malitia
1510 3066 1836 3121 mortalium.
1860 3065 2137 3116 Adventus
2175 3068 2353 3113 autem

790 3166 906 3217 i'dzi
960 3163 1133 3228 potius
1167 3164 1393 3213 salutem
1447 3159 1500 3211 in
1544 3158 1627 3210 his
1672 3154 1980 3208 novissimis
2024 3149 2354 3219 temporibus

2458 1961 2553 2015 τοῦ
2593 1962 2849 2034 σταυροῦ,
2890 1964 3007 2029 πῶς
3045 1965 3107 2019 οὐ
3143 1964 3388 2036 μεγάλης
3419 1966 3610 2035 σοφίας
3631 1982 3647 2033 ς

2537 2164 2555 2197 ι
2626 2144 2781 2198 Κατὰ
2829 2145 2929 2214 τὴν
2976 2143 3233 2198 εὐδοκίαν
3288 2144 3479 2209 αὐτοῦ,
3546 2145 3610 2215 ἣν
3658 2146 3936 2214 προέθετο
3996 2148 4052 2198 ἐν

2461 2238 2632 2308 αὐτῷ.
2667 2256 2685 2288 ι
2744 2238 2998 2307 Ἐποίησε
3031 2237 3086 2290 δέ
3122 2237 3280 2290 τοῦτο
3310 2237 3493 2299 καθὼς
3525 2238 3684 2308 ἧθελε
3718 2236 3791 2298 ⁸³,
3828 2239 3927 2289 καὶ
3960 2255 4052 2289 κα-

2462 2329 2569 2392 θὼς,
2605 2348 2625 2381 ι
2666 2327 2931 2401 προέθετο
2958 2348 2978 2381 ι
3006 2329 3100 2384 καὶ
3118 2328 3423 2400 προώρισεν
3450 2347 3469 2380 ι
3496 2330 3554 2382 ἐν
3570 2326 3740 2398 αὐτῷ,
3771 2348 3791 2379 ι
3811 2328 3894 2399 τῷ
3918 2329 4053 2399 Χρι-

2461 2421 2573 2492 στῷ
2596 2422 2817 2493 δηλαδή.

2536 2534 2555 2565 ι
2598 2515 2689 2577 Είς
2720 2515 3036 2585 οίκονομίαν
3066 2514 3161 2568 τοῦ
3200 2514 3573 2585 πληρώματος
3601 2514 3710 2567 τῶν
3741 2514 3985 2587 καιρῶν.
4028 2536 4047 2567 ι

2460 2606 2567 2658 Καὶ
2610 2625 2630 2658 ι
2660 2607 2756 2676 τὴν
2777 2608 3019 2661 εὐδοκίαν
3055 2625 3074 2659 ι
3108 2609 3309 2677 ταύτην
3338 2608 3433 2659 καὶ
3464 2608 3562 2677 τὴν
3598 2606 3825 2677 θέλησιν
3858 2628 3878 2660 ι
3918 2624 4051 2678 προ-

2461 2698 2612 2752 έθετο
2646 2718 2665 2750 ι
2688 2701 2780 2751 καὶ
2818 2697 3124 2769 προώρισεν
3144 2716 3164 2745 ι
3190 2700 3267 2762 είς
3300 2700 3633 2769 οἱκονομίαν,
3660 2719 3679 2751 ›
3703 2700 3801 2752 καὶ
3841 2701 4051 2770 διοίκη-

2461 2807 2566 2852 σιν,
2586 2791 2680 2843 καὶ
2714 2791 3046 2845 κατάστασιν
3082 2809 3101 2842 ι
3135 2789 3231 2843 τοῦ
3255 2790 3619 2862 πληρώματος
3637 2792 3747 2844 τῶν
3778 2793 4048 2862 καιρῶν.»

2461 2882 2536 2934 Τὸ
2555 2882 2663 2951 γὰρ
2687 2882 2957 2952 πλήρωμα
2987 2882 3096 2934 τῶν
3122 2882 3353 2953 καιρῶν,
3375 2882 3522 2936 τοῦτ’
3562 2884 3715 2937 ἐστιν
3744 2886 3797 2937 οἱ
3826 2886 4051 2953 ἔσχατοι

2460 2975 2665 3044 χρόνοι,
2704 2975 2924 3029 κόλασιν
2962 2976 3206 3047 ἀπῄτουν
3238 2977 3334 3029 καὶ
3360 2976 3652 3047 τιμωρίαν,
3699 2978 3779 3040 ὡς
3808 2978 4053 3046 πληθυν-

2463 3065 2646 3136 θείσης
2679 3068 2736 3120 ἐν
2773 3068 2954 3131 αὐτοῖς
2988 3070 3085 3138 τῆς
3114 3070 3314 3132 κακίας
3348 3068 3455 3121 τῶν
3506 3069 3837 3139 ἀνθρώπων.
3898 3060 3962 3123 ἸΙ
3996 3071 4050 3123 δέ

2464 3163 2734 3231 παρουσία
2788 3161 2881 3214 τοῦ
2951 3161 3080 3213 Tia-3
3134 3162 3335 3231 μᾶλλον
3396 3162 3667 3231 σωτηρίαν
3720 3164 3783 3214 ἐν
3832 3164 4051 3225 τούτοις

791 3227 1096 3319 distribuit;
1131 3256 1270 3322 quod
1324 3260 1409 3307 est
1442 3245 1998 3317 incomprehensibilis
2053 3243 2352 3312 sapientiae.
2381 3227 2425 3287 ο
2457 3280 2460 3290 ι

2381 3227 2425 3287 c
2457 3227 2569 3317 τοῖς
2598 3257 2846 3324 ἐσχάτοις
2878 3258 3088 3326 καιροῖς
3122 3227 3496 3325 ᾧτονόμησεν·
3526 3227 3663 3325 ρ
3702 3257 3825 3308 ἐστὶ
3851 3258 4050 3323 σοφίας

864 3455 882 3488 ι
927 3436 995 3491 Ut
1023 3425 1662 3488 consummenturomnia
1696 3426 1749 3479 in
1788 3424 2029 3488 Christo,
2065 3435 2184 3492 qua:
2228 3428 2356 3475 sunt

792 3534 844 3585 in
876 3530 1047 3591 cmlis,
1076 3537 1131 3580 et
1169 3539 1288 3594 qua:
1331 3535 1494 3589 super
1545 3528 1742 3573 terram
1790 3518 1843 3571 in
1881 3518 2019 3584 ipso.
2057 3534 2077 3566 ι
2118 3515 2356 3569 Dissecta

788 3632 947 3676 erant
978 3618 1217 3674 cmlcstia
1256 3630 1284 3668 a
1339 3614 1711 3676 terrestribus,
1742 3623 1842 3663 nec
1869 3608 2138 3662 habebant
2190 3616 2354 3674 caput

794 3731 980 3768 unum.
1014 3710 1127 3765 Etsi
1183 3708 1326 3763 enim
1353 3706 1506 3774 juxta
1562 3702 1855 3757 creationis
1903 3700 2168 3755 rationem
2215 3711 2355 3751 unus

790 3818 904 3863 erat
935 3806 1076 3861 Deus
1102 3802 1374 3862 omnibus,
1399 3800 1693 3852 secundum
1727 3807 1902 3849 tamen
1934 3794 2198 3846 rationem
2235 3791 2356 3842 vin-

790 3899 1096 3962 dicatiouis,
1117 3907 1174 3953 et
1202 3894 1488 3964 peculiaris
1519 3889 1794 3957 cujusdam
1826 3883 2226 3945 familiaritatis,
2249 3897 2353 3934 non

793 4004 943 4049 item.
978 3989 1261 4057 Proposuit
1288 3986 1470 4053 itaque
1504 3984 1663 4036 Pater
1694 3992 2071 4034 consummare
2145 3974 2353 4028 mlestia

790 4098 951 4156 atque
1005 4080 1298 4145 terrestria,
1351 4078 1452 4131 hoc
1517 4085 1618 4140 est,
1661 4087 1823 4127 unuut
1877 4077 2037 4138 caput
2080 4066 2354 4131 imponere

789 4180 1042 4231 omnibus
1099 4174 1373 4229 Christum
1438 4184 1454 4220 :
1512 4165 1715 4236 angelis
1774 4162 1991 4233 quidem
2052 4160 2350 4212 secundum

788 4276 1159 4332 incorporeatn
1207 4276 1494 4329 naturam;
1545 4257 1852 4315 hominibus
1879 4268 2009 4310 vero
2056 4253 2349 4308 secundum

790 4379 1031 4420 carnem.
1076 4360 1284 4415 Dicitur
1328 4358 1490 4413 etiam
1545 4348 2020 4421 anacephalaeosis,
2073 4345 2350 4399 succincte

789 4466 843 4511 ct
883 4454 1189 4511 summatim
1252 4451 1432 4505 dicere
1478 4460 1595 4516 qua:
1644 4443 1914 4513 prolixius
1950 4447 2068 4493 acta
2110 4444 2257 4490 sunt.
2291 4436 2348 4489 In

2457 3349 2833 3413 ὰνεπινοήτου.

2535 3460 2553 3492 ι
2604 3440 3209 3509 Ἀνακεφαλαιώσασθαι
3231 3440 3302 3493 τὰ
3326 3443 3502 3494 πάντα
3525 3440 3594 3493 τὰ
3610 3442 3669 3492 ἐν
3690 3439 3772 3509 τῷ
3800 3443 4049 3512 Χριστῷ,

2455 3536 2524 3589 τὰ
2554 3538 2613 3589 ἐν
2642 3537 2753 3597 τοῖς
2789 3535 3059 3604 οὐρανοῖς,
3094 3536 3188 3586 καὶ
3213 3533 3282 3585 τὰ
3314 3534 3409 3584 ἐπὶ
3444 3532 3541 3602 τῆς
3576 3532 3681 3600 γῆς
3714 3535 3776 3584 ἐν
3812 3535 3999 3603 αὐτῷ.
4028 3552 4045 3585 ι

2469 3629 2817 3696 Ἀπέσχιστο,
2852 3627 3006 3694 φησὶ,
3056 3628 3121 3678 τὰ
3153 3625 3457 3695 ἐπουράνια
3485 3624 3592 3676 τῶν
3622 3626 3921 3691 ἐπιγείων,
3954 3627 4052 3679 οὐκ

2456 3715 2569 3789 εἶχε
2605 3719 2731 3787 μίαν
2766 3717 3026 3785 κεφαλήν.
3068 3717 3128 3768 Εἰ
3172 3717 3280 3784 γὰρ
3318 3716 3410 3768 καὶ
3458 3716 3601 3768 κατὰ
3652 3715 3745 3767 τὸν
3795 3716 3904 3785 τῆς
3959 3719 4050 3785 δη-

2460 3808 2749 3880 μιουργίας
2787 3808 2942 3875 λόγον
2976 3801 3055 3869 εἷς
3088 3807 3219 3868 Θεὸς
3253 3801 3323 3876 ἦν
3372 3808 3558 3868 πᾶσιν,
3593 3806 3734 3859 ἀλλά
3785 3825 3852 3874 γε
3911 3813 4049 3861 κατὰ

2454 3903 2546 3955 τὸν
2574 3902 2674 3971 τῆς
2724 3899 3073 3961 οἱκειώσεως.
3118 3898 3323 3951 οὐκέτι.
3363 3898 3629 3969 Προέθετο
3657 3894 3751 3950 οὖν
3788 3904 3817 3951 ὸ
3852 3902 4046 3969 Πατὴρ

2454 3990 3045 4060 ἀνακεφαλαιώσασθαι
3095 3990 3164 4043 τὰ
3219 3991 3447 4058 οὐράνια
3515 3990 3610 4041 καὶ
3667 3991 3735 4041 τὰ
3795 3992 4043 4058 ἐπίγεια,

2452 4085 2721 4146 τουτέστι,
2763 4084 2892 4152 μίαν
2917 4081 3159 4151 κεφαλὴν
3188 4080 3459 4135 ἐπιθεῖναι
3489 4082 3625 4133 πᾶσι
3646 4080 3740 4132 τὸν
3774 4081 4038 4149 Χριστόν·

2451 4178 2565 4238 τοῖς
2600 4174 2701 4244 μιν
2727 4174 3006 4241 ἀγγέλοις,
3039 4170 3181 4225 κατὰ
3208 4171 3307 4240 τὴν
3352 4170 3648 4239 ἀσώματον
3684 4171 3877 4237 φύσινο
3930 4174 4042 4231 τοῖς

2451 4266 2507 4319 δὲ
2542 4265 2873 4334 ἀνθρώποις,
2913 4264 3055 4317 κατὰ
3100 4263 3199 4333 τὴν
3231 4263 3430 4332 σάρκα.
3481 4263 3714 4329 Λέγεται
3752 4264 4042 4331 ἀνακεφα-

2451 4356 2675 4419 λαίωσις
2710 4358 2803 4409 καὶ
2852 4355 2916 4408 τδ
2946 4355 3227 4423 συντόμως
3252 4356 3427 4405 εἰπεῖν
3454 4352 3522 4404 τὰ
3554 4353 3643 4405 διὰ
3685 4370 3919 4424 μακρων
3952 4370 4039 4423 γι-

2452 4449 2675 4517 νόμενα.
2720 4448 2808 4499 Ἐν
2852 4441 2945 4499 οὖν
2970 4445 3048 4515 τῷ
3070 4444 3292 4513 Χριστῷ
3317 4442 3839 4512 ἁνεκεφαλαιώσατο
3876 4446 3909 4497 ὸ
3937 4447 4041 4497 [Ια-

791 4550 1003 4603 Christo
1049 4545 1211 4613 igitur
1241 4536 1616 4609 recapitulavit
1645 4534 1827 4596 Pater,
1870 4532 1972 4583 hoc
2013 4537 2119 4591 est,
2156 4527 2349 4580 abbre-
2381 4561 2460 4619 Β.

2381 4563 2427 4619 ι)
2455 4541 2581 4611 τὴρ,
2618 4539 2886 4603 τουτέστι,
2933 4540 3192 4607 συνέτεμε
3228 4540 3297 4589 τὰ
3330 4536 3421 4595 διὰ
3470 4534 3683 4607 μακροῦ
3728 4536 3933 4606 χρόνον
3960 4540 4038 4591 οξ-

792 4641 952 4694 viavit
979 4651 1095 4707 qua:
1126 4636 1282 4703 longo
1314 4642 1552 4699 tempore
1582 4628 1893 4695 dispensata
1920 4630 2096 4685 erant,
2130 4617 2350 4672 verbum

792 4750 841 4786 ill
866 4730 1073 4800 justitia
1115 4727 1442 4796 perliciendo
1482 4728 1535 4774 et
1567 4715 1959 4772 abbreviando.

866 4821 1021 4873 Vsus.
1054 4820 1138 4872 ll.
1172 4834 1191 4868 t
1248 4815 1302 4868 ln
1338 4830 1444 4884 quo
1494 4823 1545 4865 et
1590 4824 1691 4864 nos
1754 4815 1901 4860 sorte
1944 4802 2113 4857 vocati
2144 4816 2352 4863 sumus,

792 4917 1148 4989 εντωάεειίιισιί
1184 4917 1477 4970 secundum
1523 4907 1856 4979 propositum
1885 4905 1999 4972 ejus
2032 4903 2126 4972 qui
2170 4903 2350 4954 omnia

789 5020 1041 5081 operatur
1093 5007 1386 5063 secundum
1456 5000 1737 5055 consilium
1806 4995 2097 5050 voluntatis
2155 5006 2284 5044 suae.
2326 5007 2345 5040 ι

795 5106 935 5155 Dixit
972 5115 1129 5170 supra
1162 5096 1305 5167 quod
1366 5114 1383 5146 ι
1436 5092 1708 5161 Elegerit;
1740 5108 1757 5139 ι
1807 5103 1948 5142 nunc
1992 5100 2179 5139 rursus
2207 5084 2351 5151 quod

791 5212 885 5266 per
908 5206 1104 5249 sortem
1143 5211 1160 5243 ι
1199 5190 1354 5243 acciti
1381 5189 1550 5240 simus
1581 5186 1634 5236 in
1661 5181 1895 5243 Christo,
1944 5196 1963 5229 ι
1988 5180 2086 5231 hoc
2118 5184 2223 5238 est,
2260 5189 2352 5244 per

790 5291 1085 5341 blll‘lsiunl.
1122 5284 1255 5347 Quia
1288 5295 1412 5333 vero
1453 5293 1570 5332 sors
1600 5275 1824 5328 fortuna:
1841 5285 1977 5340 opus
2014 5278 2119 5334 est,
2158 5275 2214 5321 et
2246 5283 2348 5318 non

792 5385 1022 5447 virtutis,
1074 5393 1249 5447 neque
1294 5375 1622 5435 voluntatis,
1676 5370 1900 5437 corrigit
1963 5368 2063 5420 hoc
2127 5363 2349 5428 ipsum,

793 5478 1037 5545 III'IlllClls
1076 5491 1090 5527 :
1126 5492 1144 5522 ι
1193 5467 1564 5523 l’rzedestiuati
1612 5464 1761 5529 juxta
1802 5462 2135 5531 propositum
2173 5458 2287 5511 Dei.
2322 5474 2341 5505 ι

794 5573 903 5622 lion
960 5582 1101 5619 ennn
1150 5562 1603 5630 pmtlestinassct,
1637 5557 1739 5609 nisi
1792 5558 1979 5622 dignos
2022 5551 2344 5621 agnovisset.

2458 4632 2859 4701 κονομούμενα,
2911 4631 3072 4698 λόγον
3120 4629 3387 4684 συντελῶν
3450 4629 3544 4683 καὶ
3606 4628 3932 4698 συντέμνων
3983 4632 4039 4682 ἐν

2455 4722 2789 4791 δικαιοσύνῃ.

2531 4832 2549 4865 ι
2606 4812 2693 4865 Ἐν
2738 4807 2782 4880 ᾧ
2810 4812 2901 4865 καὶ
2954 4811 3370 4882 ἐκληρώθημεν,
3422 4810 3847 4881 προορισθέντες
3895 4812 4038 4865 κατὰ

2456 4906 2716 4975 πρόθεσιν
2772 4903 2864 4956 τοῦ
2895 4904 2941 4935 δι
2989 4904 3059 4955 τὰ
3111 4903 3287 4956 πάντα
3328 4902 3677 4971 ἐνεργοῦντος
3728 4905 3880 4958 κατὰ
3941 4906 4038 4975 τὴν

2458 4997 2655 5067 βουλὴν
2706 4996 2798 5048 τοῦ
2846 4996 3151 5065 θελήματος
3202 4993 3389 5047 αᾷτοῦ.
3449 5012 3468 5044 ι
3531 4989 3698 5047 Εἶπεν
3751 4996 3893 5060 ἄνω,
3954 4999 4034 5050 ὅτι

2462 5108 2481 5141 ι
2505 5088 2832 5153 Ἐξελέξατο*
2868 5107 2885 5137 ι
2910 5088 3005 5139 νῦν
3044 5086 3220 5152 πάλιν,
3251 5086 3331 5137 ὅτι
3354 5103 3371 5136 ι
3395 5083 3831 5155 Ἐκληρώθημεν
3868 5087 3933 5141 ἐν
3962 5088 4037 5157 τῷ

2452 5182 2691 5255 Χριστῷ,
2743 5201 2760 5232 ι
2814 5180 3083 5245 τουτέστι,
3134 5178 3225 5232 διὰ
3262 5177 3356 5231 τοῦ
3406 5178 3665 5246 Χριστοῦ.
3707 5179 3867 5233 Ἐπεὶ
3917 5181 3975 5233 δὲ
4010 5184 4038 5234 ὁ

2452 5277 2671 5343 κλῆρος,
2706 5273 2992 5342 συντυχίας
3017 5273 3063 5304 ⁸⁵
3105 5272 3336 5339 πρᾶγμά
3368 5272 3504 5333 ἐστι,
3539 5271 3632 5323 καὶ
3666 5272 3771 5323 οὐκ
3807 5274 4032 5342 ἀρετῆς,

2452 5368 2573 5419 οὐδὲ
2629 5365 3035 5435 προαιρέσεως,
3102 5360 3407 5432 διορθοῦται
3470 5362 3644 5423 αὐτὸ,
3708 5364 3805 5413 καί
3872 5380 4029 5432 φησι·

2459 5474 2477 5508 ι
2508 5455 2924 5526 Προορισθέντες
2959 5454 3096 5506 κατὰ
3138 5452 3390 5518 πρόθεσιν
3421 5451 3511 5503 τοῦ
3552 5450 3711 5503 Θεοῦ.
3745 5470 3763 5503 ι
3799 5453 3919 5504 Οὐκ
3970 5453 4032 5504 ἂι

2456 5550 2564 5617 γὰρ
2613 5548 2935 5619 προώρισεν,
2994 5549 3041 5598 εί
3092 5547 3165 5615 μὴ
3203 5544 3380 5608 ἀξίους
3412 5543 3698 5612 ἐγίνωσκε.
3771 5546 4027 5615 Προεώρα

2128 5690 2321 5751 Varia:
2352 5687 2680 5751 lectiones.

859 5831 902 5859 δ’
930 5827 1155 5889 πλοῦτος
1182 5827 1399 5897 χάριτος
1449 5841 1499 5878 o.
1578 5824 1621 5854 ⁵³
1658 5820 1887 5890 ἠθέλησε
1920 5835 1990 5873 m.

2072 5818 2116 5850 “
2164 5816 2420 5887 npéOsstv
2457 5817 2589 5869 Θεοῦ
2647 5815 2740 5869 τοῦ
2792 5829 2864 5871 ιη.

2942 5813 2987 5844 ⁸⁸
3043 5810 3298 5881 εὐτυχίας
3328 5824 3382 5866 0.
