4226 6440
243 417 379 485 1041
1026 429 1433 491 EXPOSITIO
1473 432 1554 491 ΙΝ
1594 433 1838 494 EPIST.
1872 439 1912 493 A

1824 480 1838 494 .
1872 437 1972 495 AD
2004 438 2267 500 EPHES.
2310 464 2377 473 -
2408 439 2568 502 CAP.
2614 442 2661 501 Ι.
3354 450 3490 516 1042

234 537 349 607 γὰρ
381 540 527 609 ἡμᾶς
573 541 703 609 πρὶν
742 544 772 612 ἣ
810 545 1083 611 γενέσθαι,
1142 548 1234 600 καὶ
1287 549 1599 617 ἐκλήρωσεν
1644 553 1811 620 ἡμᾶς,
1842 552 1891 611 Α

1842 552 1891 611 Α
1919 552 2079 609 Prius
2114 557 2257 609 enim
2306 558 2524 611 videbat.
2563 575 2660 611 uos
2709 568 2996 628 antequam
3048 580 3414 631 nasceremur,
3440 581 3491 622 rt

235 630 334 681 καὶ
383 630 658 701 ἀφώρισεν
691 635 868 703 ἐαυτῷ
907 639 935 689 ὀ
974 640 1149 692 πάντα
1199 642 1436 710 ἐνεργῶν
1484 643 1633 701 Θεός’
1671 644 1812 697 ὥστε

236 722 333 773 καὶ
361 724 459 791 τὴν
487 726 759 794 ἡμετέραν
786 729 1015 799 ἐκλογὴν
1044 732 1135 782 καὶ
1167 732 1441 801 κλήρωσιν
1470 734 1631 797 αὐτὸς
1666 736 1816 805 ἐνερ-

234 812 437 878 γήσας,
480 812 581 865 οὐκ
634 815 865 882 ἐσφάλη.
916 820 1333 891 Μακαριότητος
1367 822 1445 887 δέ,
1492 824 1552 876 τὸ
1600 825 1815 896 κληρω-

235 904 419 969 θῆναι,
468 904 543 967 ὡς
586 907 800 962 ἀπόνως
840 910 934 963 καὶ
972 904 1312 984 χάριτιθείᾳ
1363 917 1808 985 προσγινόμενον,

235 996 282 1045 εί
318 996 503 1059 καὶείς
531 997 713 1063 ἀξίους
733 999 779 1031 ’⁵ο
805 1002 1038 1068 ἐγένετο.
1079 1022 1097 1054 ι
1139 1005 1291 1057 Κατὰ
1328 1006 1425 1075 τὴν
1464 1006 1656 1075 βουλὴν
1679 1028 1695 1059 ι
1735 1009 1810 1075 δὲ,

236 1089 394 1154 φησι,
446 1108 464 1140 ι
509 1089 601 1141 τοῦ
632 1089 934 1161 θελήματος
964 1094 1151 1158 αὑτοῦ,
1191 1114 1209 1145 ι
1257 1096 1341 1149 ἴνα
1386 1097 1553 1167 δείξῃ,
1603 1098 1682 1151 ὅτι
1716 1100 1812 1168 οὐχ

234 1181 309 1240 ὡς
341 1182 754 1250 ἀπειθησάντων
800 1185 911 1237 τῶν
954 1187 1243 1256 Ἐϐραίων,
1276 1190 1333 1241 ἐν
1363 1192 1580 1260 παρόδῳ
1607 1193 1811 1265 ἐκλήθη

233 1271 299 1321 τὰ
334 1272 482 1341 ἔθνη,
523 1274 657 1327 ἀλλὰ
701 1275 907 1329 ἄνωθεν
947 1280 1120 1331 ταῦτα
1157 1281 1484 1350 προώριστο,
1514 1285 1605 1335 καὶ
1649 1284 1810 1354 βουλὴ

232 1360 374 1432 αῦτη
405 1359 471 1433 ἦν
500 1364 593 1417 τοῦ
623 1366 757 1417 Θεοῦ
794 1369 1012 1438 ἀρχαία,
1046 1371 1139 1422 καὶ
1165 1372 1377 1440 θέὶημα
1402 1373 1583 1426 αὑτοῦ.
1616 1375 1676 1426 Et
1703 1374 1811 1445 γὰρ

232 1454 329 1505 καὶ
358 1455 384 1505 ὁ
412 1456 645 1531 Χριστὸς
699 1454 869 1511 εἶπεν·
904 1483 917 1510 ι
942 1463 1033 1525 Εἰς
1058 1463 1172 1515 ὁδὸν
1198 1464 1365 1517 ἐθνῶν
1391 1466 1464 1535 μὴ
1482 1468 1804 1537 ἀπέλθητε»

233 1548 348 1609 καί,
386 1567 402 1597 ι
439 1551 553 1601 Οὐκ
599 1552 934 1621 ἀπεστάλην,
984 1558 1031 1605 εἰ
1094 1557 1168 1626 μὴ
1222 1559 1301 1619 εἰς
1347 1558 1414 1609 τὰ
1460 1560 1703 1630 πρόϐατα
1744 1564 1809 1616 τὰ

230 1640 550 1694 ἀπολωλότα
606 1642 755 1696 οἴκου
782 1642 1023 1714 Ἰσραήλο
1061 1667 1079 1698 ι
1110 1650 1244 1701 ἀλλὰ
1284 1653 1597 1723 προτροπῆς
1649 1654 1809 1708 ἓνεκα

228 1732 340 1782 τῶν
386 1734 653 1787 Ἰουδαίων
684 1736 858 1789 ταῦτα
889 1738 1125 1807 εἴρηται,
1161 1742 1253 1793 καὶ
1281 1742 1376 1794 τοῦ
1406 1745 1807 1812 ἐφελκύσασθαι

227 1823 452 1885 αὐτοὺς,
483 1823 556 1886 ὡς
603 1826 895 1895 νηπιώδεις
943 1827 1425 1898 κολακευομένους⁸
1473 1833 1597 1885 ἐπεὶ
1642 1834 1702 1887 τό
1744 1850 1806 1903 γε

226 1912 448 1980 ἀληθὲς,
483 1914 688 1968 ἄνωθεν
724 1916 1032 1988 προώριστο
1070 1918 1105 1989 ἡ
1139 1920 1327 1991 κλῆσις
1359 1921 1469 1974 τῶν
1503 1922 1695 1976 ἐθνῶν.

307 2200 324 2232 ι
371 2184 461 2245 Εἰς
492 2184 547 2235 τ’)
586 2180 723 2238 εἷναι
771 2188 918 2256 ἡμᾶς
968 2189 1045 2251 είς
1081 2188 1305 2243 ἔπαινον
1345 2191 1502 2263 δόξης
1531 2196 1693 2249 αὐτοῦ
1734 2197 1802 2261 ⁸⁷,

222 2274 353 2333 τοὺς
386 2276 797 2344 προηλπικότας
841 2281 900 2331 ἐν
938 2280 1014 2348 τῷ
1045 2282 1285 2352 Χριστῷ.
1331 2303 1349 2335 ι
1385 2286 1573 2349 Ὥστε,
1611 2291 1801 2357 φησὶν,

221 2369 307 2427 εἰς
329 2366 486 2431 δόξαν
522 2369 681 2421 αὑτοῦ
708 2366 847 2424 εἶναι
878 2374 1023 2440 ἡμᾶς
1048 2375 1172 2437 τοὺς
1198 2376 1607 2445 προηλπικότας
1638 2381 1694 2432 ἐν
1727 2380 1801 2450 τῷ

227 2460 471 2527 ἶριστῷ,
504 2464 777 2525 τουτέστι,
804 2466 929 2528 τοὺς
958 2467 1353 2532 πιστεύσαντας
1376 2470 1433 2523 ἐν
1453 2469 1531 2540 τῷ
1555 2472 1798 2542 Χριστῷ,

226 2551 321 2601 καὶ
360 2554 490 2618 πρὶν
535 2553 566 2623 ἢ
618 2554 811 2626 ἐπιστῇ
847 2559 873 2607 ὁ
915 2557 1124 2626 μέλλων
1158 2558 1314 2623 αίὼν,
1364 2562 1681 2627 ἐλπίζοντας
1730 2565 1797 2618 τὰ

221 2645 347 2698 τότε
374 2648 503 2714 ἡμῖν
549 2648 804 2717 ἐσόμενα.
841 2652 977 2717 Δόξα
1027 2654 1134 2722 γὰρ
1175 2656 1270 2707 καὶ
1320 2656 1540 2721 ἔπαινος
1575 2660 1673 2728 τῆς
1706 2659 1798 2713 τοῦ

222 2738 362 2790 (τὶεοῦ
389 2739 432 2769 ⁸⁸
481 2739 832 2811 ἁγαθότητος,
869 2744 928 2798 τὸ
963 2745 1088 2807 τοὺς
1122 2745 1295 2811 οὕτως
1326 2749 1796 2822 ἡλλοτριωμένους

225 2846 421 2882 σιυσαι.

304 2940 321 2971 ι
372 2921 460 2973 Ἐν
487 2916 531 2989 ᾧ
579 2926 846 2993 καὶὺμεῖς
882 2926 949 2990 ⁵³,
992 2928 1330 2994 ἀκούσαντες
1375 2931 1469 2984 τὸν
1516 2933 1674 3002 λόγον
1700 2936 1799 3007 τῆς

222 3013 503 3082 ἀληθείας,
541 3016 600 3067 τδ
654 3017 984 3084 Εὑαγγέλιον
1028 3023 1126 3090 τῆς
1168 3023 1439 3091 σωτηρίας
1482 3025 1634 3095 ὑμῶν
1665 3027 1730 3080 ⁵⁸.
1772 3048 1790 3080 ι

220 3103 503 3167 Τοῦτ-ἑστι,
533 3105 598 3157 δι’
625 3100 684 3158 οῦ
717 3108 979 3177 Χριστοῦ.
1012 3109 1169 3164 Οὕτω
1213 3114 1306 3166 καὶ
1340 3116 1475 3183 πρὸς
1515 3116 1798 3188 Ἐϐραίους

220 3197 415 3263 φησίνο
449 3216 466 3248 ι
519 3199 813 3271 Ἐλάληβεν
840 3203 973 3271 ἡμῖν
1001 3204 1057 3255 ἐν
1094 3204 1223 3274 Υίῷ.
1259 3207 1429 3275 Λόγον
1470 3226 1488 3260 ι
1523 3209 1579 3263 δέ
1618 3231 1635 3263 ι
1664 3212 1793 3283 ἀλη-

223 3290 398 3354 θείας,
438 3310 455 3342 ι
490 3294 643 3362 φησι,
683 3296 817 3363 πρὸς
864 3297 1269 3369 ἀντιδιαστολὴν
1303 3303 1400 3355 τοῦ
1437 3305 1668 3358 τυπικοῦ
1702 3309 1795 3363 καὶ

224 3382 485 3447 cantabam;
506 3387 670 3454 νόμου
697 3405 708 3418 ·
736 3390 848 3451 καὶ,
881 3409 897 3440 ι
935 3391 1266 3459 Εὑαγγέλιον
1294 3398 1586 3466 σωτηρίας,
1620 3418 1638 3450 ι
1662 3402 1795 3470 πρὸς

218 3473 629 3546 ἁντιδιαστο).ὴν
668 3478 763 3530 τοῦ
809 3480 975 3549 νόμου
1016 3480 1109 3533 τοῦ
1151 3484 1545 3550 ἀποκτένοντος
1580 3489 1646 3552 ⁵¹,
1702 3493 1795 3545 καὶ

218 3563 321 3626 τῆς
352 3568 652 3638 μελλούσης
706 3571 1001 3634 κολάσεως.
1048 3572 1162 3643 Τῆς
1219 3575 1319 3645 μὲν
1373 3577 1478 3648 γὰρ
1524 3581 1793 3652 προτέρας

221 3661 525 3725 παρουσίας
562 3661 622 3713 τὸ
656 3663 921 3733 κήρυγμα
953 3665 1043 3718 ἐπὶ
1094 3668 1340 3739 σωτηρίᾳ
1361 3684 1374 3696 '
1410 3669 1525 3740 ἠδὲ
1559 3672 1793 3744 σάλπιγξ

218 3752 317 3819 τῆς
346 3753 623 3822 δευτέρας,
658 3755 752 3809 ἐπὶ
782 3756 1020 3811 κολάσει.

300 3863 318 3893 ι
352 3844 441 3896 Ἐν
498 3841 540 3911 ᾧ
586 3848 680 3900 καὶ
728 3850 1120 3914 πιστεύσαντες
1155 3851 1563 3927 ἐσφραγίσθητε
1624 3860 1671 3890 ⁸¹
1716 3860 1793 3931 τῷ

220 3935 495 4003 Πιεύματι
522 3939 617 4005 τῆς
673 3940 1006 4007 ἐπαγγελίας
1038 3942 1114 4011 τῷ
1138 3944 1299 4014 ἁγίῳ.
1334 3964 1351 3994 ι
1399 3977 1465 3986 -
1493 3965 1511 4000 ι
1565 3949 1652 4001 Ἐν
1686 3943 1730 4018 ᾧ
1768 3969 1785 4002 ι

219 4024 560 4093 Ιεζύαγγελίῳ,
597 4028 751 4095 φησι.
789 4046 806 4078 ι
859 4029 1253 4095 πιστεύσαντες
1284 4047 1299 4061 '
1340 4052 1359 4085 ι
1403 4034 1458 4103 ἢ,
1495 4054 1513 4087 ι
1564 4039 1649 4089 Ἐν
1682 4033 1726 4106 ᾧ
1766 4056 1783 4091 ι

219 4115 440 4184 Χριστῷ
463 4132 478 4147 ο
508 4118 771 4180 τουτέστι,
799 4120 895 4171 Διὰ
926 4122 1026 4187 τῆς
1051 4120 1146 4174 τοῦ
1188 4124 1423 4193 Χριστοῦ
1459 4128 1681 4197 χάριτος
1708 4149 1791 4182 πι-

218 4206 547 4270 στεύσαντες
576 4226 593 4260 ι
623 4211 1028 4280 ἐσφραγίσθητε
1050 4214 1094 4245 ³³
1116 4231 1129 4245 ·
1165 4236 1183 4266 ι
1207 4214 1345 4268 ὥστε
1372 4212 1685 4288 εἶναιδῆλον
1712 4224 1791 4276 ὅτι

215 4298 350 4348 Θεοῦ
377 4302 497 4351 ἐστε
531 4301 689 4369 λάχος
724 4303 770 4333 ⁸⁸
798 4305 889 4355 καί
916 4306 1135 4373 κλῆρος.
1179 4307 1316 4359 Ἀλλ’
1344 4310 1390 4361 οἱ
1421 4312 1517 4377 μὲν
1552 4311 1788 4367 Ἰουδαῖοι

216 4390 316 4456 τὴν
347 4390 648 4459 περιτομὴν
678 4392 722 4422 ⁸⁸
746 4395 1210 4464 ὲσφραγίσθησαν,
1241 4398 1316 4460 ὡς
1349 4400 1414 4451 τὰ
1440 4402 1627 4470 ἄλογα,
1658 4423 1789 4477 σαρ-

217 4479 380 4547 κικὴν
417 4483 693 4549 σφραγῖδα
732 4483 986 4548 λαϐόντες
1011 4502 1025 4517 ο
1058 4488 1217 4555 ἡμεῖς
1252 4490 1325 4551 δὲ,
1357 4492 1431 4553 ὡς
1480 4494 1614 4546 Θεοῦ
1659 4498 1785 4561 υἱοὶ,

1919 650 2143 702 sortitus
2174 660 2257 703 est
2303 666 2423 712 nos.
2462 661 2515 705 et
2554 656 2857 722 segregavit
2888 656 2990 709 sibi
3028 656 3139 724 ipse
3173 660 3261 727 qui
3306 661 3488 715 omnia

1917 748 2176 807 operatur
2213 740 2370 795 Deus.
2404 743 2668 807 QnOcirca
2719 745 2830 809 ipse
2879 759 3119 800 nostram
3168 750 3488 805 electionem

1920 840 1974 884 et
2004 831 2342 885 sortitionem
2392 845 2665 902 operatus,
2696 850 2799 888 non
2838 839 3134 894 aherravit.
3186 841 3485 898 Felicitatis

1917 931 2096 976 autem
2145 935 2248 988 est,
2280 940 2381 995 per
2428 939 2625 982 sortem
2686 932 2835 1000 eligi,
2865 933 3023 985 veluti
3059 935 3100 987 si
3163 936 3289 1004 quid
3346 938 3483 990 citra

1917 1015 2155 1070 lahorem
2209 1035 2303 1087 per
2353 1018 2585 1073 divinam
2639 1024 2865 1090 gratiam
2919 1027 3228 1090 accesserit,
3270 1030 3484 1083 etiamsi

1916 1109 2092 1176 dignis
2117 1111 2373 1165 evenerit.
2423 1130 2441 1162 ι
2476 1111 2636 1166 Juxta
2664 1118 2940 1171 consilium
2984 1131 3161 1172 autem
3194 1121 3485 1173 voluntatis

1915 1216 2043 1265 suae,
2089 1221 2107 1253 ι
2147 1204 2340 1272 inquit,
2380 1215 2437 1258 ut
2488 1209 2737 1260 ostendat
2790 1212 2930 1278 quod
2977 1227 3081 1265 non
3136 1211 3313 1264 obiter
3360 1229 3481 1265 cum

1916 1295 2125 1351 Hebrmi
2162 1299 2422 1353 increduli
2446 1310 2748 1365 manerent,
2781 1312 2969 1370 gentes
2994 1315 3203 1358 vocatte
3236 1305 3365 1365 sint.
3393 1307 3485 1357 sed

1907 1390 2017 1457 jam
2050 1399 2207 1445 antea
2246 1392 2358 1445 hmc
2388 1392 2606 1444 deliuita
2647 1402 2802 1447 erant
2834 1410 2896 1448 ac
2920 1398 3236 1463 prmsututa,
3258 1409 3485 1466 eratque

1914 1482 2195 1533 consilium
2256 1483 2355 1535 hoc
2412 1483 2503 1535 Dei
2547 1494 2696 1538 vetus
2754 1494 2809 1539 et
2856 1488 3103 1542 voluntas
3154 1489 3292 1558 ejus.
3369 1489 3479 1543 Etsi

1910 1572 2051 1625 enim
2085 1574 2329 1627 Christus
2353 1575 2587 1630 dixerit:
2624 1597 2641 1629 ι
2689 1577 2744 1630 In
2788 1579 2924 1631 viam
2956 1580 3193 1649 gentium
3231 1598 3297 1635 ne
3331 1581 3481 1636 abie-

1913 1662 2076 1715 ritisP
2106 1681 2118 1715 :
2164 1683 2181 1716 ι
2212 1665 2373 1736 373
2416 1675 2489 1730 et,
2529 1686 2546 1718 ι
2580 1666 2698 1721 Non
2729 1682 2847 1721 sum
2878 1670 3075 1724 missus
3117 1672 3219 1725 nisi
3252 1673 3316 1724 ad
3352 1688 3482 1727 oves

1909 1771 2028 1824 qua:
2080 1759 2356 1825 perierunt
2390 1762 2581 1815 domus
2624 1762 2876 1817 lsraelqz
2927 1781 2945 1814 ι
2989 1771 3225 1820 attamen
3259 1776 3482 1836 propter

1908 1847 2216 1903 Judaaorum
2262 1852 2693 1908 adhortationem
2752 1855 2865 1911 lure
2918 1856 3059 1910 dicta
3115 1866 3263 1918 sunt,
3318 1866 3373 1911 et
3426 1866 3482 1909 ut

1837 1922 1879 1977 Β
1909 1944 2209 1997 attraheret
2239 1959 2335 1999 eos
2393 1946 2554 2000 veluti
2594 1946 2826 2001 infantes
2862 1947 3137 2002 blanditiis
3193 1948 3475 2003 delinitos-:

1906 2034 2339 2102 quandoquidem
2371 2050 2554 2089 revera
2578 2038 2686 2103 jam
2705 2038 2832 2091 olim
2860 2039 3122 2106 prmtinita
3155 2048 3315 2108 atque
3342 2054 3480 2109 prae-

1905 2122 2173 2177 destinata
2206 2135 2322 2179 erat
2345 2127 2559 2183 vocatio
2608 2129 2869 2198 gentium.

1980 2213 2139 2268 Vens.
2171 2215 2255 2268 12.
2286 2234 2305 2268 ι
2341 2217 2410 2272 Ut
2434 2220 2604 2274 simus
2628 2236 2729 2274 nos
2757 2223 2807 2274 in
2836 2221 3051 2275 laudem
3076 2222 3259 2291 gloria:
3282 2223 3476 2291 ipsius.

1903 2305 1993 2372 qui
2031 2309 2370 2371 speravimus
2403 2308 2453 2361 in
2482 2308 2721 2365 Christo.
2758 2328 2777 2361 ι
2812 2310 2901 2375 Ut,
2954 2311 3145 2379 inquit,
3171 2311 3225 2366 in
3249 2311 3474 2381 gloriam

1904 2396 2070 2465 ipsius
2104 2398 2274 2451 simus
2312 2413 2429 2463 nos,
2473 2401 2565 2467 qui
2620 2404 2956 2467 speravimus
2994 2404 3043 2456 in
3093 2404 3334 2467 Christo,
3376 2406 3479 2458 lrou

1901 2498 2002 2553 est,
2034 2491 2124 2559 qui
2171 2491 2499 2546 credidimus
2547 2494 2599 2545 ln
2650 2492 2891 2556 Christo,
2928 2505 2982 2549 et
3016 2496 3107 2563 qui
3158 2497 3473 2566 priusquam

1902 2583 2070 2638 instet
2118 2584 2355 2639 futurum
2387 2584 2662 2651 smeulum.
2697 2601 2978 2659 speramus
3008 2602 3125 2657 qua:
3170 2597 3280 2644 tum
3319 2588 3476 2646 nobis

1900 2684 2158 2728 eventura
2190 2685 2316 2730 sunt
2342 2678 2503 2731 bona.
2540 2677 2724 2733 Gloria
2762 2681 2905 2733 enim
2939 2691 2992 2735 et
3025 2682 3347 2748 prmcouium
3380 2678 3476 2735 bo-

1898 2765 2085 2820 nitatis
2110 2765 2205 2821 Dei
2232 2775 2336 2834 est,
2368 2767 2513 2837 quod
2544 2772 2679 2825 adeo
2703 2785 2733 2824 a
2769 2787 2829 2827 se
2858 2772 3121 2828 alienatos
3156 2774 3473 2830 servaverit.

1973 2937 2132 2994 Vens.
2161 2938 2247 2992 15.
2282 2957 2298 2990 ι
2331 2937 2387 2993 1η
2412 2953 2519 3008 quo
2549 2949 2601 2994 et
2630 2955 2725 2995 vos
2744 2940 2832 3009 qui
2856 2940 3137 2995 audivistis
3160 2954 3469 2993 sertnoucnt

1897 3029 2160 3085 veritatis.
2191 3030 2538 3099 Evangelium
2576 3031 2766 3086 salutis
2797 3040 3011 3087 vestrm.
3049 3051 3067 3083 ι
3105 3031 3216 3086 lluc
3240 3043 3344 3095 est,
3377 3046 3474 3100 per

1897 3139 2053 3193 quem
2081 3122 2383 3178 Christum.
2427 3122 2516 3177 Sic
2542 3134 2596 3177 et
2626 3125 2692 3177 ad
2725 3123 2978 3179 Hebraeos
3008 3127 3080 3178 ait
3114 3143 3126 3178 :
3175 3143 3193 3174 ι
3237 3123 3473 3176 Locutus

1900 3222 1981 3267 est
2018 3214 2169 3268 nobis
2200 3215 2249 3267 in
2273 3213 2430 3268 Filio.
2468 3212 2784 3268 Sermonem
2820 3232 2837 3265 ι
2865 3225 3043 3268 autem
3077 3234 3095 3265 ι
3133 3214 3373 3266 veritatis
3396 3222 3466 3263 ιι

1901 3306 2055 3367 dicit,
2082 3316 2139 3358 ut
2166 3314 2470 3375 apponatur
2502 3305 2745 3374 ﬁgurata:
2773 3306 3014 3374 adeoque
3038 3305 3303 3358 umbrosa:
3344 3303 3469 3371 legi,

1900 3405 1953 3451 ct
1980 3415 1997 3447 ι
2034 3395 2379 3466 Evangelium
2407 3397 2614 3461 salutis,
2645 3414 2663 3447 ι
2694 3406 2750 3451 ιιι
2774 3406 3039 3451 statuatur
3060 3396 3110 3449 iu
3136 3397 3467 3451 contrarium

1899 3488 1999 3559 legi
2051 3490 2340 3555 occidenti,
2379 3490 2677 3560 futuraeque
2707 3505 2903 3560 putum.
2962 3490 3169 3544 Prioris
3200 3489 3346 3543 enim
3373 3490 3467 3543 ad-

1898 3590 2090 3635 ventus
2117 3581 2429 3649 praedicatio
2469 3581 2657 3636 salutis
2687 3598 2849 3637 causa
2890 3592 2973 3637 est
3009 3600 3022 3637 :
3063 3584 3189 3640 tuba
3221 3599 3348 3638 vero
3375 3598 3466 3639 se-

1895 3673 2054 3727 cundi
2090 3673 2351 3730 adventus
2381 3682 2463 3728 est
2493 3684 2711 3746 propter
2740 3690 2975 3746 pmnam.

1973 3875 1991 3906 ι
2036 3855 2093 3910 In
2123 3870 2227 3925 quo
2256 3866 2311 3911 et
2358 3858 2640 3911 credentes
2686 3856 2885 3925 signati
2930 3858 3064 3912 estis
3100 3856 3307 3926 Spiritu
3345 3873 3468 3927 prn-

1897 3948 2168 4001 missionis
2185 3959 2391 4003 sancto.
2421 3968 2438 3999 ι
2474 3948 2528 4002 In
2548 3964 2674 4018 quo,
2700 3967 2717 4000 ι
2756 3951 2946 4018 inquit,
2976 3949 3269 4019 Evangelio
3300 3967 3318 4000 ι
3343 3965 3464 4003 ere-

1895 4040 2099 4102 deutes,
2157 4056 2174 4089 »
2221 4040 2324 4103 vel,
2381 4058 2399 4091 ι
2451 4039 2507 4093 ln
2563 4056 2670 4109 quo
2711 4060 2729 4092 ι
2785 4040 3025 4108 Christo,
3076 4044 3177 4097 hoc
3232 4054 3337 4107 est,
3364 4042 3466 4098 Per

1893 4128 2091 4183 Christi
2128 4130 2357 4199 gratiam
2406 4131 2691 4186 credentes
2733 4133 2925 4201 signati
2975 4134 3125 4196 estis,
3154 4143 3211 4187 ut
3242 4135 3311 4188 sit
3343 4151 3465 4204 per-

1894 4226 2139 4293 spicuum
2164 4224 2304 4293 quod
2333 4226 2454 4279 sitis
2474 4241 2594 4281 sors
2624 4235 2676 4280 et
2709 4227 2992 4281 luereditas
3017 4226 3132 4281 Dei.
3159 4226 3263 4282 Sed
3292 4225 3460 4282 Judaei

1893 4318 2107 4387 quidem
2146 4332 2241 4385 per
2272 4316 2735 4372 circumeisiouem
2772 4319 2964 4387 signati
3012 4332 3160 4384 sunt,
3205 4329 3459 4389 tanquam

1895 4410 2050 4464 bruta
2097 4409 2322 4463 rationis
2357 4412 2619 4476 expertia,
2654 4411 2885 4481 sigillum
2928 4412 3145 4466 carnale
3192 4412 3458 4481 recipien-

1894 4511 1974 4556 tes
2006 4518 2017 4553 :
2052 4516 2149 4555 nos
2180 4515 2307 4554 vero
2337 4508 2590 4568 tanquam
2622 4502 2710 4555 Dei
2742 4502 2856 4567 lilii,
2885 4518 3044 4570 supra
3076 4518 3238 4571 quam
3279 4504 3460 4555 carnis

216 4572 312 4623 καὶ
342 4572 481 4641 ὑπὲρ
527 4573 623 4644 τὴν
660 4577 839 4646 σάρκα
872 4578 949 4646 τῷ
993 4579 1270 4647 Πνεύματι
1321 4585 1784 4658 ἐσφραγίσθημεν.
1821 4609 1864 4665 D

1821 4609 1864 4665 ι)
1893 4594 2129 4663 patiatur
2165 4592 2420 4657 conditio,
2455 4592 2654 4661 Spiritu
2690 4593 2881 4660 signati
2928 4608 3135 4647 sumus.
3170 4612 3188 4643 ι
3224 4592 3459 4647 Promis-

224 4683 241 4711 ι
300 4665 666 4733 Ἐπαγγελίας
704 4688 719 4719 ι
758 4670 812 4722 δὲ
850 4672 981 4723 αὐτὸ
1018 4673 1190 4738 καλεῖ,
1218 4674 1250 4743 ἢ
1283 4676 1363 4729 ὅτι
1394 4676 1439 4707 ⁵⁸
1470 4680 1525 4743 ἐξ
1561 4680 1793 4747 ἐπαγγε-

216 4754 339 4816 ὶίας
380 4757 533 4825 ἐδόθη
566 4758 682 4828 (καὶ
713 4762 819 4829 γὰρ
867 4764 961 4814 καὶ
1002 4764 1090 4817 διὰ
1147 4764 1298 4835 Ἰωὴλ
1350 4768 1715 4836 ἐπηγγείλατο
1761 4775 1789 4827 ὁ

218 4848 381 4909 Θεὲς·
428 4869 444 4899 ι
488 4850 694 4921 Ἐκχεῶ
727 4854 836 4905 ἀπὸ
865 4854 959 4906 τοῦ
996 4856 1310 4925 Πνεύματός
1345 4877 1447 4927 μου
1488 4863 1579 4914 ἐπὶ
1611 4865 1789 4918 πᾶσαν

218 4936 417 5001 σάρκα.
468 4957 485 4988 ι
519 4941 625 4991 Καὶ
654 4942 680 4993 ὁ
702 4942 956 5011 Χριστὸς,
997 4963 1014 4994 ι
1048 4946 1296 5015 Λήψεσθε
1327 4948 1584 5019 δύναμιν,
1626 4972 1643 5004 ι
1688 4970 1791 5024 φη-

216 5031 323 5091 σῖν,
356 5049 372 5079 ι
411 5030 727 5095 ἐπελθόντος
763 5035 854 5087 τοῦ
882 5037 1038 5102 ἁγίου
1072 5038 1384 5108 Πνεῦματος
1420 5045 1492 5109 ι),
1522 5044 1554 5114 ἢ
1588 5045 1782 5116 ὃτιτὴν

211 5122 321 5170 τῶν
368 5121 667 5188 μελλόντων
714 5126 936 5191 ἀγαθῶν
980 5131 1318 5198 ἐπαγγελίαν
1345 5132 1406 5185 τὸ
1437 5135 1659 5205 Πνεῦμα
1691 5137 1781 5206 βε-

212 5211 377 5263 ϐαιοῖ.
414 5212 572 5265 Δοθέν
603 5214 708 5284 γὰρ
750 5216 849 5285 ήδη
887 5220 1038 5285 ἡμῖν,
1096 5223 1380 5275 πιστοῦται
1413 5226 1504 5278 καὶ
1550 5228 1619 5280 τὰ
1656 5229 1785 5297 μέλ-

211 5304 371 5356 λοντα
398 5320 413 5334 ο
448 5305 526 5357 διὸ
560 5310 651 5359 καὶ
692 5308 948 5378 ἀρραϐὼν
978 5311 1215 5381 λέγεται.
1271 5315 1466 5369 Ἀκουε
1519 5319 1624 5389 γὰρ
1675 5320 1783 5374 τῶν

211 5428 337 5460 έῖ¹ιὶ

357 5520 381 5558 ρ
432 5511 615 5565 Matth.
650 5529 703 5579 τ,
754 5515 804 5569 5.
954 5528 981 5567 ιι
1024 5517 1213 5575 Matth.
1250 5538 1336 5588 xv,
1370 5524 1460 5578 24.

1612 5537 1634 5564 ι’
1667 5526 1835 5583 Hebr.
1867 5544 1905 5595 ι,
1940 5530 1996 5584 2.

1888 4686 2058 4739 sionis
2098 4703 2117 4736 ι
2164 4694 2340 4737 autem
2375 4683 2638 4754 Spiritum
2663 4700 2781 4739 eum
2819 4685 3070 4754 appellat.
3102 4684 3182 4738 vel
3216 4686 3359 4754 quod
3389 4698 3456 4737 ex

1889 4777 2255 4845 promissione
2296 4778 2454 4831 datus
2494 4779 2582 4833 sit.
2644 4777 2855 4832 Etenim
2891 4794 2982 4846 per
3010 4777 3211 4831 Joelem
3249 4778 3457 4845 promi-

1887 4871 1957 4924 sit
1985 4869 2155 4929 Deus.
2187 4887 2204 4919 ι
2240 4866 2524 4922 Effundant
2568 4870 2633 4923 de
2658 4869 2859 4938 Spiritu
2894 4884 3010 4923 meo
3038 4884 3198 4937 super
3237 4884 3452 4922 omnem

1887 4974 2105 5013 carnem
2135 4968 2182 5012 ⁸.
2246 4976 2263 5008 ι
2306 4957 2372 5009 Ει
2419 4957 2666 5011 Christus
2708 4975 2721 5011 :
2773 4973 2791 5007 ι
2847 4956 3156 5025 Accipietis,
3200 4975 3216 5006 ι
3258 4956 3453 5023 inquit,

1894 5070 1913 5103 ι
1956 5051 2207 5105 virtutem
2246 5050 2508 5104 venientis
2538 5065 2698 5119 super
2739 5066 2832 5103 vos
2861 5050 3093 5117 Spiritus
3128 5048 3297 5101 sancti
3332 5050 3348 5084 ι
3377 5088 3390 5101 .
3429 5067 3447 5098 ι

1892 5140 1987 5196 Vel
2018 5143 2139 5209 quia
2183 5140 2486 5195 futurorum
2521 5143 2780 5195 bonorum
2808 5141 3194 5210 promissiones
3218 5138 3454 5207 Spiritus

1891 5234 2117 5287 stabilit.
2151 5232 2314 5287 Datus
2343 5234 2486 5287 enim
2518 5232 2630 5301 jam
2685 5234 2836 5287 nobis
2874 5234 3049 5286 futura
3085 5243 3198 5285 rata
3236 5231 3391 5286 eﬂirit
3434 5248 3449 5284 :

1902 5333 2190 5393 propterea
2234 5333 2296 5378 et
2335 5324 2570 5378 arrhabo
2600 5324 2819 5378 dicitur.
2853 5324 2989 5378 Audi
3040 5324 3181 5379 enim
3211 5339 3329 5393 qua:
3362 5339 3452 5376 se-

1894 5426 2153 5483 quuntur.

2145 5542 2167 5569 ι
2198 5529 2310 5586 Joel
2339 5547 2398 5597 ιι,
2462 5531 2551 5586 28.
2638 5531 2798 5584 ‘Act.
2820 5546 2857 5596 ι,
2887 5530 2938 5585 8.

1544 5668 1741 5729 Varia;
1775 5669 2097 5732 lectiones.

284 5772 325 5801 λε
367 5772 615 5836 ἀναξίους
651 5792 702 5829 0.

221 5847 429 5909 σξη-,μεν
458 5864 506 5897 υ.

783 5776 824 5808 ⁸⁷
868 5778 1002 5853 Θεοῦ
1028 5797 1077 5834 0.
1158 5783 1204 5813 "'
1245 5786 1482 5853 Χριστοῦ
1504 5803 1557 5842 0.

591 5848 634 5878 ⁸³
665 5848 1101 5920 ἑσερραγίσθημεν
1136 5873 1185 5909 0.
1266 5848 1308 5885 ⁸³³
1347 5856 1470 5921 λαὸς
1498 5876 1548 5912 0.

1634 5789 1677 5818 ‘9
1711 5792 1869 5857 ἡμεῖς
1900 5807 1951 5843 0.

1628 5860 1672 5891 ⁸⁵
1694 5864 1755 5931 τῇ
1792 5865 2058 5932 περιτορῇ
2089 5877 2137 5916 Ο.

2062 5792 2108 5823 ⁵⁸
2138 5792 2291 5863 ἡμῶν
2315 5808 2366 5847 o.
2447 5793 2486 5823 "
2522 5789 2937 5853 ἀποκτιννύντος
2962 5806 3013 5845 o.
3108 5794 3152 5823 “
3181 5791 3449 5860 ἐσφραγίη

2214 5864 2258 5896 5‘
2288 5863 2419 5915 διότι
2444 5880 2495 5915 0.
