4226 6440
756 394 895 456 104?

826 505 986 558 Vens.
1023 501 1110 555 Η.
1143 518 1160 551 ι
1197 499 1299 566 Qui
1324 508 1408 556 est
1430 500 1665 555 arrhabo
1693 500 2026 555 liaercditatis
2047 508 2264 554 nostrzc.
2299 517 2317 551 ι
2352 503 2400 561 Α

751 595 890 651 Emit
922 594 1059 648 Dens
1101 593 1329 648 salutem
1367 590 1605 647 nestram
1640 608 1670 646 a
1703 594 1876 657 nobis,
1920 606 1983 646 ac
2030 591 2179 647 dedit
2220 607 2316 647 no-

753 690 832 739 liis
880 686 1100 739 arrham
1154 684 1364 739 interim
1400 683 1699 753 Spiritum,
1744 694 1922 738 certos
1968 698 2065 738 nos
2113 683 2317 738 faciens

750 777 893 843 quod
922 786 978 829 et
999 775 1456 844 inexplicabilium
1488 784 1543 830 et
1563 789 1882 829 arcanorum
1913 776 2175 830 bonorum
2205 778 2316 832 hae-

754 867 1036 920 reditatem
1084 867 1154 919 sit
1187 866 1434 922 daturus.
1470 866 1570 933 Qui
1610 875 1788 922 autem
1838 883 2023 922 revera
2079 868 2319 938 Spiritus

754 968 879 1010 stitit
932 956 1247 1027 participes,
1282 957 1358 1011 illi
1403 958 1510 1026 jam
1557 956 1684 1012 hinc
1736 968 2002 1013 noverunt
2032 972 2154 1013 eum
2196 973 2317 1013 esse

754 1048 972 1101 arrham
1011 1048 1263 1117 perfecta:
1311 1048 1643 1103 litereditatis
1674 1067 1686 1103 :
1720 1064 1949 1119 quorum
1994 1049 2060 1103 de
2092 1063 2318 1103 numero

753 1137 953 1193 Paulus
995 1151 1133 1194 erat.
1182 1139 1476 1209 Propterea
1535 1141 1913 1210 ingemiscebat
1955 1151 2009 1197 et
2046 1138 2320 1210 quaarehat

755 1232 1280 1285 consummationem
1310 1232 1575 1301 accipere,
1607 1241 1660 1286 et
1708 1247 1825 1286 esse
1860 1248 1979 1285 eum
2015 1232 2232 1288 Christo
2263 1244 2312 1284 ιι.

755 1321 865 1375 Nos
889 1331 1063 1376 autem
1092 1339 1267 1391 neque
1299 1323 1654 1377 arrhabonetn
1685 1323 1943 1376 habemus
1967 1333 2025 1375 ttt
2045 1324 2319 1385 cOnvenit,

758 1428 932 1481 neque
960 1414 1477 1468 consummationem
1507 1413 1830 1481 appetimus,
1868 1413 2066 1483 quippe
2094 1413 2184 1483 qui
2216 1427 2319 1466 non

760 1505 1091 1572 gustavitnns
1122 1505 1274 1559 illud.

839 1614 857 1645 ε
883 1595 939 1648 In
967 1594 1388 1659 redemptionem
1420 1592 1810 1661 acquisitionis.
1844 1612 1860 1643 ι
1891 1591 2318 1661 Acqnisitionem

759 1685 923 1758 374
960 1686 1052 1740 Dei
1093 1699 1221 1754 erga
1255 1701 1352 1739 nos
1396 1685 1728 1756 diligentiam
1757 1694 1811 1739 et
1843 1699 2027 1739 cner
2058 1683 2206 1738 dicit.
2235 1683 2323 1736 Ait

762 1796 889 1850 ergo
924 1798 938 1834 :
977 1780 1220 1835 Arrhabe
1252 1781 1351 1833 iste
1391 1781 1457 1831 ad
1500 1778 1796 1847 perfectam
1831 1788 2070 1832 nostram
2116 1776 2323 1830 redem-

765 1846 1020 1939 ptionem,
1053 1881 1106 1925 et
1135 1885 1323 1939 puram
1360 1846 1768 1937 acquisitionem
1805 1869 1972 1935 ducit,
2015 1883 2077 1923 ac
2114 1876 2333 1938 propter
2362 1846 2404 1899 Β

766 1964 932 2027 ipsam
979 1962 1101 2015 data
1154 1970 1257 2014 est.
1293 1958 1428 2013 Tum
1464 1960 1608 2014 enim
1659 1962 1763 2015 erit
1813 1960 2053 2029 perfecta
2090 1961 2328 2027 libertas,

764 2052 981 2118 quando
1040 2064 1261 2119 prorsus
1316 2050 1624 2105 destruetur
1664 2061 1962 2121 peccatum,
2015 2052 2231 2122 quando
2276 2060 2331 2106 et

766 2142 939 2194 sancti
968 2140 1198 2195 absoluti
1234 2140 1432 2194 fuerint
1462 2157 1488 2193 a
1521 2152 1871 2211 peccatorum
1907 2143 2328 2206 eohabitationc,

766 2232 1226 2301 apparuerintque
1254 2232 1502 2301 acquisiti
1536 2242 1589 2287 et
1616 2234 1853 2300 possessi
1888 2232 2021 2297 Deo,
2053 2234 2193 2302 quod
2223 2232 2334 2288 sint

772 2322 937 2387 ipsius
964 2321 1210 2390 populus.
1240 2319 1490 2374 Nonnulli
1547 2329 1726 2375 autem
1758 2322 2168 2392 acquisitionem
2210 2336 2335 2376 nos-

769 2410 911 2476 ipsos
970 2410 1364 2464 intellexerunt.
1426 2427 1445 2460 ι
1507 2409 1561 2464 Ιιι
1624 2411 2048 2479 redemptionem
2098 2428 2118 2463 ι
2170 2410 2334 2481 igitur

774 2520 791 2547 ι
829 2501 1223 2570 acquisitionis,
1273 2518 1293 2553 ι
1334 2501 1385 2554 id
1422 2508 1507 2555 est
1558 2503 1747 2564 nostri,
1782 2502 1872 2571 qui
1924 2517 2113 2556 sumus
2146 2502 2332 2571 acqui-

767 2591 892 2646 sitio
917 2601 971 2647 et
996 2592 1263 2663 possessio
1287 2602 1341 2647 et
1370 2590 1655 2647 facultates
1688 2592 1804 2647 Dei.

845 2792 863 2825 ι
906 2774 962 2828 in
998 2772 1206 2829 laudent
1244 2773 1426 2843 gloria:
1456 2773 1646 2842 ipsius.
1679 2792 1697 2825 ι
1726 2772 1998 2828 Continuo
2026 2774 2125 2829 hoc
2153 2772 2332 2837 infert,

769 2867 1031 2921 certiores
1070 2882 1169 2922 nos
1224 2866 1450 2920 reddens
1482 2867 1621 2934 quod
1664 2868 1843 2919 omnia
1894 2881 2014 2935 quae
2060 2876 2184 2920 sunt
2215 2881 2337 2934 pro-

769 2960 959 3022 missa,
992 2968 1139 3013 certo
1168 2958 1439 3013 evenient.
1473 2956 1603 3009 Nam
1638 2958 1680 3012 si
1708 2968 1885 3011 nostra
1926 2972 2090 3010 causa
2120 2958 2220 3009 ista
2262 2958 2337 3008 l’a-

768 3062 938 3115 ceret,
972 3052 1219 3105 dubitare
1250 3050 1491 3106 licebat-:
1524 3048 1636 3117 jam
1667 3065 1795 3105 vero
1834 3050 1960 3119 quia
2003 3049 2119 3104 hme
2165 3048 2337 3104 factu-

769 3158 861 3197 rus
891 3152 993 3205 est,
1031 3150 1089 3195 nt
1126 3152 1381 3211 appareat
1410 3141 1578 3209 ipsius
1607 3142 1823 3209 propria
1856 3141 2181 3209 benignitas,
2217 3142 2337 3209 quis

770 3232 1103 3287 rontradicet
1121 3233 1263 3301 quod
1287 3247 1388 3286 non
1413 3232 1484 3284 sit
1513 3230 1756 3287 facturus
1775 3233 1796 3285 ?
1818 3232 1963 3286 Ilane
1978 3233 2044 3287 ad
2076 3234 2335 3286 rationem

772 3328 1073 3395 Scriptura,
1135 3345 1152 3378 ι
1184 3325 1290 3379 Fac
1329 3326 1502 3391 nobis,
1544 3347 1562 3378 ι
1605 3327 1795 3395 inquit,
1832 3346 1850 3379 ι
1890 3338 2109 3397 propter
2144 3343 2336 3381 nomen

776 3431 929 3473 tuum
957 3426 1004 3483 ν,
1051 3437 1069 3468 ι
1116 3428 1187 3482 et,
1237 3434 1256 3467 ι
1303 3416 1420 3470 Non
1475 3419 1662 3488 nobis}
1720 3420 1812 3475 sed
1876 3420 2081 3474 nomini
2135 3429 2226 3474 tuo
2274 3420 2339 3473 da

776 3508 995 3575 gloriam
1030 3516 1076 3560 π.
1112 3526 1129 3557 ι

844 3599 1006 3654 Vens.
1040 3600 1129 3654 i5.
1181 3617 1199 3649 ι
1237 3600 1527 3671 Pr0pterea
1562 3612 1615 3656 et
1656 3617 1773 3671 ego,
1804 3602 1982 3656 audita
2029 3601 2132 3655 (ide
2160 3611 2338 3656 vestra

772 3693 826 3743 in
863 3690 1086 3747 Domino
1119 3689 1268 3753 Jesu.
1310 3708 1373 3747 ae
1414 3693 1699 3748 dilectione
1754 3695 1806 3747 in
1859 3709 2049 3749 omnes
2094 3705 2337 3756 sanctos,

774 3797 877 3836 non
899 3796 1052 3836 cesso
1074 3784 1276 3852 gratias
1296 3799 1453 3855 agere
1471 3799 1568 3851 pro
1589 3786 1756 3838 vobis.
1773 3804 1893 3835 ›-ι
1906 3784 2130 3853 Propter
2147 3788 2247 3840 hoc
2272 3805 2285 3841 :
2316 3805 2334 3837 ι

778 3872 986 3939 Quale?
1025 3872 1174 3940 Quod
1225 3876 1326 3931 fide
1388 3888 1625 3948 recepta,
1698 3880 1889 3949 signati
1950 3880 2067 3934 sitis
2111 3879 2336 3948 Spiritu,

776 3965 1246 4037 arrhabonemqne
1295 3969 1617 4039 acceperitis
1672 3969 1970 4024 futurorum
2037 3970 2334 4033 bonorum,

778 4056 1128 4124 perfectasque
1148 4059 1552 4128 redemptionis,
1576 4062 1983 4131 assecuturique
1998 4063 2117 4118 sitis
2140 4078 2201 4117 ea
2221 4078 2341 4131 qua:

778 4161 899 4203 sunt
925 4151 1155 4219 reposita
1188 4152 1251 4205 iis
1272 4153 1360 4221 qui
1391 4162 1534 4208 recte
1564 4154 1791 4207 credunt
1822 4164 1876 4209 et
1904 4156 2129 4220 vivunt,
2168 4174 2187 4207 ι
2228 4155 2338 4209 Νοη

778 4256 931 4295 cesso
957 4243 1158 4311 gratias
1188 4258 1347 4313 agere
1384 4260 1478 4313 pro
1529 4246 1700 4300 vobis.
1743 4266 1762 4299 ι
1800 4246 2203 4303 Animadvertis
2242 4250 2342 4303 mi-

776 4333 1125 4388 sericordiam
1150 4346 1205 4389 et
1227 4335 1569 4391 clementiam
1598 4338 1734 4405 ejus,
1752 4338 2023 4406 quomodo
2041 4354 2138 4407 pro
2161 4342 2341 4394 omni-

779 4425 880 4477 bus
908 4426 1109 4495 gratias
1152 4435 1297 4493 agat,
1338 4442 1433 4481 ceu
1480 4428 1595 4497 ipse
1631 4430 1955 4483 beneficium
2008 4432 2344 4500 accepisset?

1648 390 2222 453 THEOPHYLAETI
2262 392 2675 456 BULGARI/E
2714 397 3069 459 ARCHIEP.

2504 522 2521 551 ι
2566 505 2663 567 ὐς
2708 506 2856 558 ἐστιν
2894 506 3161 579 ἀρραϐὼν
3208 507 3307 578 τῆς
3357 506 3718 577 κληρονομιας
3754 506 3955 575 ἡμῶν.
3995 525 4025 559 ι

2438 593 2738 664 ’Πγόρασεν
2762 599 2807 630 ⁸⁷
2836 600 2866 651 ὁ
2897 598 3027 663 Θεὸς
3056 601 3187 671 παρ’
3208 598 3366 669 ἡμῶν
3389 600 3487 668 τὴν
3512 600 3786 669 σωτηρίαν
3820 598 4028 667 ἡμῶν,

2430 686 2522 738 καὶ
2548 686 2746 739 ἔδωκεν
2764 689 2896 757 ἡμῖν
2928 688 3223 760 ἀρραϐῶνα
3246 690 3384 753 τέως
3414 687 3477 741 τὸ
3504 686 3747 757 Πνεῦμα,
3778 686 4027 741 πιστού-

2432 792 2590 845 μενος
2616 779 2698 831 ὅτι
2738 780 2829 832 καὶ
2866 780 2964 849 τὴν
2984 779 3347 848 κληρονομίαν
3371 778 3480 831 τῶν
3507 778 3839 849 ἀπορρήτων
3870 778 4027 843 ἀγαο

2429 872 2537 924 θῶν
2581 872 2765 930 δώσει.
2804 874 2868 927 Οἱ
2891 874 2947 928 δὲ
2972 874 3137 937 ὅντως
3167 874 3258 926 τοῦ
3301 874 3615 941 Πνεύματος
3654 871 4024 939 μετέχοντες,

2428 962 2677 1015 ἐντεῦθεν
2708 964 2807 1035 ἤδη
2840 965 3037 1017 ἐκεῖνοι
3064 964 3442 1032 γινώσκουσιν,
3476 964 3559 1017 ὅτι
3594 962 3862 1033 ἀρραϐών
3897 964 4023 1014 ἐστι

2427 1054 2528 1124 τῆς
2562 1056 2777 1119 τελείας
2807 1057 2854 1089 ⁸⁸
2889 1058 3255 1128 κληρονομίας
3278 1073 3291 1088 °
3323 1053 3436 1119 οἶος
3467 1059 3495 1110 ὁ
3530 1056 3744 1118 Παῦλος
3763 1070 3775 1082 ·
3804 1054 3895 1106 διδ
3921 1054 4022 1105 καὶ

2429 1145 2705 1211 ἐστέναξε,
2741 1147 2834 1200 καὶ
2864 1144 3048 1217 ἐζήτει
3089 1148 3149 1200 τὸ
3199 1136 3478 1201 τέλὲιονἪ
3511 1145 3715 1209 λαϐεῖν,
3765 1145 3869 1196 καὶ
3921 1145 4023 1195 σὺν

2432 1237 2652 1308 Χριστῷ
2686 1234 2863 1291 εἶναι’
2886 1239 3047 1307 ἡμεῖς
3088 1237 3145 1290 δέ
3170 1235 3294 1289 οὔτε
3331 1237 3423 1289 τὸν
3462 1235 3760 1307 ἀρραϐῶνα
3806 1234 4022 1301 ἔχομεν

2431 1332 2505 1394 ὡς
2535 1330 2634 1395 δεῖ,
2665 1329 2789 1384 οὔτε
2815 1329 2910 1384 τοῦ
2938 1329 3145 1383 τελείου
3172 1329 3216 1360 ⁸⁵
3240 1327 3524 1397 ἐφιέμεθα,
3548 1327 3622 1389 ὡς
3657 1325 3928 1392 ἄγευστοι
3950 1322 4016 1374 ⁸³.

2511 1617 2529 1648 ι
2572 1598 2664 1659 Εἰς
2713 1594 3089 1665 ἀπολύτρωσιν
3142 1592 3239 1663 τῆς
3306 1592 3730 1661 περιποιήσεως.
3783 1607 3804 1640 ι
3855 1589 4021 1655 Περισ

2432 1690 2648 1759 ποίησιν
2704 1689 2804 1760 τὴν
2867 1688 2997 1756 περὶ
3035 1687 3183 1758 ημᾶς
3243 1684 3479 1754 σπουδὴν
3522 1684 3617 1737 καὶ
3672 1680 4021 1751 κηδεμονίαν

2432 1781 2583 1850 λέγει
2625 1778 2719 1833 τοῦ
2757 1778 2918 1833 Θεοῦ.
2983 1779 3153 1847 Φησὶν
3184 1776 3299 1841 οὖν,
3345 1777 3429 1830 ὅτι
3469 1777 3497 1829 ὁ
3533 1773 3797 1847 ἀρραϐὼν
3835 1765 4021 1835 οὗτος,

2434 1871 2515 1932 είς
2540 1869 2637 1938 τὴν
2656 1867 2870 1921 τελείαν
2904 1864 3301 1935 ἀπολύτρωσιν,
3329 1866 3425 1917 καὶ
3449 1863 3547 1933 τὴν
3572 1863 3825 1931 καθαρὰν
3860 1859 4023 1931 ἡμῶν

2434 1958 2783 2030 περιποίησιν
2826 1958 3001 2027 φέρει,
3052 1956 3147 2009 καὶ
3192 1955 3261 2009 δι’
3298 1954 3467 2023 αὐτὴν
3501 1954 3679 2023 ἐδόθη.
3740 1954 3883 2005 Τότε
3914 1954 4022 2022 γὰρ

2434 2053 2586 2104 ἔσται
2615 2052 2648 2118 ἡ
2677 2048 2858 2102 τελεία
2884 2046 3189 2115 ἐλευθερία,
3225 2046 3313 2098 ὅτε
3338 2043 3619 2106 παντελῶς
3648 2047 4020 2111 καταργεῖται

2432 2145 2466 2213 ἡ
2501 2139 2772 2212 ἁμαρτίαο
2806 2140 2892 2192 ὅτε
2922 2138 3135 2206 καὶτῆς
3167 2139 3303 2205 μετά
3332 2136 3442 2190 τῶν
3472 2134 3819 2205 ἁμαρτωλῶν
3850 2150 4024 2187 συνοι-

2433 2234 2645 2303 κήσεως
2690 2228 3032 2282 ἀπολυθῶσιν
3066 2229 3115 2279 οί
3143 2228 3307 2292 ἅγιοι,
3353 2226 3448 2278 καὶ
3482 2224 3726 2294 φανῶσιν
3771 2224 3822 2277 οῖ
3860 2240 4021 2290 περιο

2437 2320 2778 2390 ποιηθέντες,
2815 2318 2909 2371 καὶ
2943 2316 3375 2387 προσκτηθέντες
3404 2316 3481 2385 τῷ
3523 2316 3664 2384 θεῷ,
3698 2314 3847 2367 ῶστε
3880 2311 4023 2367 εἶναι

2434 2414 2600 2468 αὑτοῦ
2651 2413 2799 2475 λαός.
2854 2410 3008 2474 Τινὲς
3087 2410 3145 2463 δέ
3197 2410 3545 2479 περιποίησιν
3605 2410 3756 2478 ἡμᾶς
3822 2407 4023 2468 αὖτοὺς

2435 2508 2684 2577 ἐνόησαν.
2726 2525 2745 2557 ι
2792 2507 2883 2565 Εἰς
2914 2503 3293 2573 ἀπολύτρωσιν
3335 2522 3353 2556 ι
3386 2498 3481 2556 οὖν
3519 2520 3538 2553 ι
3585 2501 3685 2569 τῆς
3714 2501 4023 2571 περιποιή-

2438 2616 2571 2663 σεως
2596 2616 2610 2631 ·
2641 2620 2657 2648 ι
2690 2599 2989 2660 τουτέστιν,
3054 2596 3235 2665 ἡμῶν,
3278 2595 3474 2658 οἵτινές
3507 2596 3674 2664 ἐσμεν
3714 2594 4022 2663 περιποίη-

2438 2710 2544 2754 σις,
2579 2692 2671 2744 καὶ
2707 2690 2917 2758 κτῆσις,
2951 2689 3041 2741 καὶ
3065 2688 3354 2757 περιουσία
3389 2687 3548 2741 Θεοῦ.

2514 2803 2531 2835 ι
2570 2784 2661 2844 Εἷς
2686 2781 2904 2833 ἔπαινον
2934 2778 3029 2848 τῆς
3076 2779 3232 2850 δόξης
3261 2776 3452 2832 αὐτοῦ.
3495 2796 3512 2827 ι
3554 2776 3807 2844 Συνεχῶς
3854 2774 4019 2827 τοῦτο

2439 2875 2677 2944 ἐπιλέγει
2710 2876 2777 2939 ⁸⁸,
2811 2871 3182 2942 πληροφορίαν
3220 2870 3394 2931 διδοὺς
3426 2871 3505 2922 ὅτι
3536 2870 3753 2928 παντως
3790 2867 3838 2898 (³
3862 2867 4021 2919 ἔσται

2437 2970 2506 3021 τα
2539 2966 2946 3035 ἐπηγγελμένα,
2985 2966 3046 3016 Et
3103 2964 3201 3033 μὲν
3230 2965 3337 3032 γὰρ
3380 2961 3538 3031 ἡμῶν
3578 2961 3769 3013 ἕνεκεν
3822 2959 4022 3019 ἐποίει,

2439 3060 2543 3113 κᾶν
2573 3056 2933 3128 ἀμφιϐάλλειν
2955 3051 3022 3126 ἦν
3042 3072 3054 3085 ·
3089 3055 3184 3109 νῦν
3216 3054 3269 3107 δὲ
3295 3053 3415 3104 ἐπεὶ
3447 3051 3533 3103 δια
3569 3050 3629 3101 τὸ
3656 3049 3901 3116 φανῆναι
3928 3049 4029 3115 τὴν

2366 3181 2409 3240 c
2440 3150 2642 3202 οίκείαν
2670 3148 2983 3217 ἀγαθότητα
3026 3144 3208 3215 μέλλει
3241 3143 3411 3196 ταῦτα
3439 3143 3609 3194 ποιεῖν
3643 3140 3712 3201 ⁸⁸,
3763 3140 3851 3200 τίς
3902 3140 4027 3190 ἀντ-

2448 3243 2561 3311 ερεῖ
2591 3240 2666 3303 ὠς
2692 3240 2751 3292 ού
2790 3239 3037 3309 ποιήσεις
3083 3236 3241 3290 Οὓτω
3272 3233 3366 3288 καὶ
3401 3236 3433 3304 ἡ
3469 3232 3659 3302 Γραφή
3682 3248 3695 3261 ·
3733 3249 3752 3281 ι
3790 3230 4027 3297 Ποίησον

2448 3333 2577 3401 ἡμῖν
2613 3334 2697 3385 δια
2723 3332 2796 3383 ετὸ
2834 3330 3003 3398 ὄνομά
3036 3346 3159 3381 σουσ
3198 3347 3215 3379 ι
3265 3327 3380 3391 καὶ,
3412 3345 3430 3378 ι
3463 3325 3552 3395 Μὴ
3582 3325 3738 3394 ημῖν,
3773 3322 3919 3375 ἀλλά
3953 3320 4027 3372 τῶ

2447 3424 2666 3493 ὀνόματί
2697 3440 2790 3476 σου
2816 3423 2901 3486 δὸς
2932 3421 3108 3488 δόξαν.
3145 3440 3164 3472 ι

2527 3621 2544 3655 ι
2582 3602 2679 3656 Διὰ
2712 3601 2870 3654 τοῦτο
2910 3598 3085 3667 κάγὼ,
3112 3598 3349 3659 ἀκούσας
3375 3596 3473 3663 τὴν
3504 3592 3627 3646 καθ’
3656 3593 3806 3661 ὑμᾶς
3842 3591 4030 3644 ’πῖστιν

2449 3699 2505 3750 ἐν
2529 3696 2603 3766 τῷ
2629 3694 2819 3765 Κυρίῳ
2854 3691 3051 3762 Ἰησοῦ,
3077 3693 3171 3743 καὶ
3200 3690 3297 3760 τὴν
3330 3688 3549 3755 ἀγάπην
3579 3686 3675 3754 τὴν
3699 3687 3781 3746 εἰς
3817 3685 4029 3741 πάντας

2448 3791 2572 3851 τοὺς
2620 3788 2831 3856 ἁγίους,
2861 3788 2923 3839 οὐ
2954 3784 3198 3852 παύομαι
3229 3780 3561 3851 εὐχαριστῶν
3606 3778 3746 3847 ὑπὲρ
3795 3778 3977 3845 ὑμῶν.
4006 3795 4022 3825 ι

2456 3905 2473 3937 ι
2513 3886 2611 3939 Διά
2651 3884 2827 3937 τοῦτο.
2867 3902 2884 3932 ι
2924 3883 3118 3944 Ποῖον;
3163 3880 3303 3930 Διότι
3350 3875 3765 3934 πιστεύσαντες,
3822 3875 4029 3940 ἐσιςραο

2449 3976 2673 4047 γίσθητε
2708 3974 2784 4043 τῷ
2818 3975 3122 4043 Πνεύματι,
3155 3970 3250 4024 καὶ
3294 3966 3590 4039 ἀρραϐῶνα
3641 3963 3869 4016 ἐλάϐετε
3920 3960 4027 4014 τῶν

2454 4068 2754 4137 μελλόντων
2790 4064 3006 4133 ἀγαθῶν
3043 4062 3138 4116 καὶ
3176 4061 3274 4130 τῆς
3326 4058 3536 4117 τελείας
3564 4053 4025 4124 ἀπολυτρώσεως,

2450 4164 2544 4217 καὶ
2598 4162 2819 4231 μέλλετε
2865 4159 3045 4226 τυχεῖν
3104 4156 3215 4208 τῶν
3264 4149 3645 4219 ἀποκειμένων
3682 4148 3800 4208 τοῖς
3849 4144 4028 4214 ὀρθῶς

2453 4254 2767 4309 πιστεύουσι
2819 4252 2913 4304 καὶ
2963 4247 3190 4317 βιοῦσιν,
3242 4265 3258 4296 ι
3292 4246 3352 4298 ού
3394 4243 3639 4311 παύομαι
3683 4237 4027 4308 εὐχαριστῶν

2452 4347 2591 4416 ὑπερ
2625 4343 2798 4414 ὑμῶν.
2836 4362 2853 4393 ι
2894 4342 3059 4411 Ὀρᾷς
3084 4338 3365 4405 σπλάγχνα
3382 4331 3703 4402 οἰκτιρμῶν,
3738 4330 3857 4392 πῶς
3887 4329 4027 4395 ὑπὲρ

2452 4438 2669 4493 πάντων
2719 4435 3051 4503 εὐχαριστεῖ,
3085 4431 3161 4493 ὡς
3201 4430 3360 4490 αὐτὸς
3405 4422 3906 4496 εύεργετούμενος;
3954 4422 4027 4472 03

779 4513 895 4569 Non
927 4516 1067 4569 enim
1120 4516 1238 4571 istis
1271 4518 1465 4584 solum,
1522 4535 1704 4573 verum
1751 4521 1909 4574 ctiam
1945 4523 2192 4579 omnibus
2247 4526 2348 4581 hoc
2384 4536 2404 4588 [

2452 4530 2560 4598 γάρ
2612 4528 2796 4598 μόνοις
2846 4525 3079 4589 τούτοις,
3126 4522 3262 4575 ἀλλά
3301 4519 3397 4573 καὶ
3428 4519 3562 4570 πᾶσι
3600 4515 3761 4567 τοῦτο
3799 4514 4023 4581 γράφει.

780 4606 986 4663 scribit.
1023 4607 1245 4677 Dignum
1282 4620 1362 4663 est
1411 4619 1589 4665 autem
1641 4612 1841 4681 gratias
1890 4627 1987 4668 nos
2026 4628 2188 4681 agere
2242 4615 2347 4669 Deo

782 4713 877 4763 pro
902 4699 1108 4753 eunetis
1135 4700 1409 4755 beneficiis
1435 4703 1553 4756 aliis
1574 4720 1692 4772 qua:
1724 4704 1774 4756 in
1806 4719 1907 4758 nos
1934 4705 2020 4759 ille
2049 4708 2344 4761 transtulit.

783 4788 1007 4859 Dignum
1036 4798 1214 4845 tamen
1235 4793 1396 4846 etiam
1428 4802 1511 4848 est
1536 4810 1629 4860 pro
1658 4796 1760 4848 fide
1783 4796 2115 4851 credentium
2148 4799 2349 4866 gratias

781 4894 965 4949 agere,
996 4883 1136 4949 quod
1174 4883 1254 4938 sic
1288 4884 1572 4938 illuminati
1596 4886 1723 4949 sint,
1754 4890 1895 4954 quod
1923 4890 2067 4943 cruci
2100 4889 2350 4943 Servato-

782 4975 857 5049 ris
897 4974 1061 5028 additi
1094 4976 1221 5042 sint,
1254 4991 1282 5031 a
1333 4979 1605 5046 perditore
1640 4979 1953 5033 deﬁcientes
1998 5001 2008 5035 :
2048 4980 2158 5036 Hoc
2204 4984 2347 5037 enim

784 5064 1031 5115 fraterna:
1078 5066 1358 5120 cliaritatis
1387 5077 1463 5119 est
1537 5086 1555 5118 ι
1596 5066 1792 5121 Audita
1845 5069 1944 5123 lisle
1994 5079 2190 5136 vestra,
2222 5090 2240 5123 ι
2268 5072 2350 5124 in-

783 5153 915 5219 qnit,
951 5171 969 5204 ι
1010 5170 1129 5224 qua:
1157 5166 1239 5209 est
1287 5172 1382 5226 per
1441 5156 1623 5211 Jesant
1676 5157 1951 5214 Christum
1983 5178 1997 5213 :
2033 5180 2051 5212 ι
2088 5176 2186 5215 nec
2237 5162 2348 5218 sola

784 5243 904 5307 tide,
930 5259 1113 5298 verum
1138 5246 1299 5301 etiam
1329 5248 1637 5312 dilectione,
1689 5249 1791 5303 hoc
1819 5261 1902 5303 est
1934 5250 2267 5307 misericordi
2297 5265 2352 5309 et

782 5331 1007 5388 fratrum
1056 5338 1256 5391 amanti
1288 5339 1485 5407 animo,
1523 5347 1688 5409 atque
1718 5341 1954 5395 humano
1982 5344 2071 5412 qni
2113 5354 2195 5398 est
2222 5360 2347 5414 erga

925 5476 950 5503 υ
977 5469 1205 5541 Philipp.
1240 5489 1277 5539 ι,
1303 5474 1394 5528 25.
1476 5487 1499 5513 ν
1534 5476 1675 5532 Psal.
1700 5492 1851 5542 cvm,
1880 5478 1969 5532 2L

2449 4622 2635 4684 ’Ἄξιον
2672 4620 2769 4688 μὲν
2814 4617 2908 4670 οὖν
2948 4617 3293 4685 εὐχαριστεῖν
3328 4613 3407 4681 τῷ
3454 4612 3574 4680 Θεῷ
3624 4612 3718 4665 καὶ
3766 4613 3864 4663 ἐπὶ
3896 4616 4029 4665 πᾶσι

2446 4711 2557 4771 τοῖς
2596 4708 2773 4771 ἄλλοις
2818 4700 2891 4760 ῶν
2942 4704 3289 4776 ἠξιώθημεν·
3332 4704 3484 4767 ἀξιον
3513 4702 3571 4755 δὲ
3626 4701 3719 4755 καὶ
3754 4702 3900 4769 ὑπὲρ
3935 4704 4028 4771 τῆς

2448 4805 2685 4865 πίστεως
2715 4800 2821 4854 τῶν
2852 4800 3237 4861 πιστευόντων,
3279 4799 3361 4851 ὅτι
3403 4796 3573 4859 οὕτως
3620 4796 4029 4863 ἐφωτίσθησαν,

2447 4895 2533 4948 ὅτι
2586 4894 2663 4963 τῷ
2704 4894 2923 4964 σταυρῷ
2972 4892 3067 4945 τοῦ
3106 4892 3357 4960 Σωτῆρος
3411 4890 3846 4958 προσετέθησαν,
3899 4892 4013 4942 ἀπο

2450 4986 2674 5048 στάντες
2702 4985 2797 5038 τοῦ
2833 4984 3163 5048 ἀπολλύντος
3202 4999 3214 5012 '
3250 4984 3408 5037 τοῦτο
3436 4987 3545 5053 γὰρ
3573 4982 3937 5051 φιλαδελφίας
3961 4985 4026 5035 ⁸⁸.

2454 5096 2471 5128 ι
2513 5078 2799 5141 Ἀκούσας,
2843 5095 2859 5128 ι
2900 5078 3053 5147 φησὶ,
3086 5095 3105 5129 ι
3151 5077 3249 5145 τὴν
3318 5076 3500 5128 πίστιν
3564 5076 3718 5143 ὑμῶν
3778 5078 3879 5143 τὴν
3947 5076 4027 5128 62':

2448 5169 2543 5221 τοῦ
2594 5170 2803 5239 Κυρίου
2855 5168 3056 5237 Ἰησοῦ.
3098 5186 3116 5219 ι
3160 5167 3273 5221 Καὶ
3322 5168 3384 5220 ού
3447 5166 3607 5236 μόνον
3660 5166 3758 5235 τὴν
3817 5167 4023 5224 πίστιν,

2448 5258 2582 5315 ἀλλὰ
2631 5259 2724 5311 καὶ
2769 5258 2867 5327 τὴν
2926 5258 3171 5327 ἀγάπην,
3252 5256 3519 5317 τουτέστι,
3588 5257 3686 5327 τὴν
3758 5260 4023 5325 ἐλεήμονα

2448 5348 2543 5402 καὶ
2577 5349 2895 5417 φιλάδελφον
2922 5349 3151 5420 γνώμην
3198 5349 3291 5402 καὶ
3333 5348 3714 5419 φιλάνθρωπον
3734 5350 3785 5382 ⁸⁸
3816 5352 3925 5403 τῶν
3950 5354 4021 5412 εἰ,

2119 5490 2143 5517 ι
2182 5479 2494 5545 l‘sal.cxnt,
2529 5483 2572 5536 Ι.

2106 5624 2305 5684 Varite
2338 5628 2664 5688 lectiones.

849 5745 890 5772 ⁸⁷
923 5745 1159 5814 ἠγόρασε
1196 5746 1240 5797 δ’
1269 5743 1359 5799 οὖν
1393 5764 1465 5801 m.

1540 5751 1584 5781 ⁸⁸
1614 5749 1761 5812 θείας
1784 5766 1833 5803 0.
1911 5751 1955 5783 ⁸³
1990 5752 2139 5814 τέλος
2177 5768 2228 5805 0.

782 5816 825 5849 "
864 5814 1080 5870 τοιαῦτα
1136 5819 1357 5883 ποιῆσαι
1389 5836 1440 5873 υ.

1518 5820 1560 5851 ⁸⁵
1610 5820 1929 5885 φιλαδελφία
1980 5840 2049 5875 ιιι.

2307 5754 2350 5784 ’⁵⁸
2377 5754 2560 5816 τέλους
2591 5770 2643 5807 0.

2128 5823 2172 5853 “
2204 5823 2300 5887 τὴν
2330 5825 2696 5886 ἐλεημοσύνην
2721 5826 2813 5878 καὶ
2847 5827 3021 5889 φιλᾶν.
3062 5825 3191 5878 vat-3.
3229 5844 3281 5879 υ.

2720 5756 2759 5785 ⁶¹
2798 5755 3000 5821 ἀγαθοῦ
3025 5770 3074 5807 0.
3156 5758 3198 5786 “
3235 5756 3481 5825 ἐπιφέρει
3517 5771 3588 5809 ιιι.
3670 5757 3715 5787 ⁸³
3752 5758 3925 5809 πάντέ
3959 5768 4005 5809 e.
