  <div class='ocr_page' id='page_1' title='image "/cluster/home/n/w/nwhite01/storage/ocr_20150623/124/nnc1.0046979735/547.png"; bbox 0 0 4226 6440; ppageno 0'>
   <div class='ocr_carea' id='block_1_1' title="bbox 762 367 892 429">
    <p class='ocr_par' dir='ltr' id='par_1_1' title="bbox 762 367 892 429">
     <span class='ocr_line' id='line_1_1' title="bbox 762 367 892 429; baseline 0.008 -1"><span class='ocrx_word' id='word_1_1' title='bbox 762 367 892 429; x_wconf 77' lang='grc'><strong>104⁷1</strong></span> 
     </span>
    </p>
   </div>
   <div class='ocr_carea' id='block_1_2' title="bbox 1632 362 3055 427">
    <p class='ocr_par' dir='ltr' id='par_1_2' title="bbox 1632 362 3055 427">
     <span class='ocr_line' id='line_1_2' title="bbox 1632 362 3055 427; baseline -0.003 -4"><span class='ocrx_word' id='word_1_2' title='bbox 1632 364 2206 426; x_wconf 62' lang='grc' dir='ltr'><strong>ΤΙΙΕΟΡῘΙΥΕᾹΟΤΙ</strong></span> <span class='ocrx_word' id='word_1_3' title='bbox 2239 362 2650 427; x_wconf 65' lang='lat' dir='ltr'><strong>BULGARIE</strong></span> <span class='ocrx_word' id='word_1_4' title='bbox 2688 362 3055 421; x_wconf 80' lang='lat' dir='ltr'><strong>ARCIIIEP.</strong></span> 
     </span>
    </p>
   </div>
   <div class='ocr_carea' id='block_1_3' title="bbox 3851 356 4004 427">
    <p class='ocr_par' dir='ltr' id='par_1_3' title="bbox 3851 356 4004 427">
     <span class='ocr_line' id='line_1_3' title="bbox 3851 356 4004 427; baseline -0.013 -7"><span class='ocrx_word' id='word_1_5' title='bbox 3851 356 4004 427; x_wconf 60' lang='lat'><strong>1053</strong></span> 
     </span>
    </p>
   </div>
   <div class='ocr_carea' id='block_1_4' title="bbox 761 464 2387 539">
    <p class='ocr_par' dir='ltr' id='par_1_4' title="bbox 761 468 2387 539">
     <span class='ocr_line' id='line_1_4' title="bbox 761 468 2387 539; baseline 0.001 -17"><span class='ocrx_word' id='word_1_6' title='bbox 761 493 777 522; x_wconf 72' lang='grc' dir='ltr'><em>ς</em></span> <span class='ocrx_word' id='word_1_7' title='bbox 822 472 1037 526; x_wconf 73' lang='lat' dir='ltr'><strong>divitias</strong></span> <span class='ocrx_word' id='word_1_8' title='bbox 1067 468 1246 539; x_wconf 73' lang='lat' dir='ltr'><strong>gloria:</strong></span> <span class='ocrx_word' id='word_1_9' title='bbox 1278 487 1293 518; x_wconf 78' lang='grc' dir='ltr'><strong>ι</strong></span> <span class='ocrx_word' id='word_1_10' title='bbox 1322 483 1383 523; x_wconf 90' lang='lat' dir='ltr'><strong>ea</strong></span> <span class='ocrx_word' id='word_1_11' title='bbox 1417 469 1677 535; x_wconf 90' lang='lat' dir='ltr'><strong>nominat,</strong></span> <span class='ocrx_word' id='word_1_12' title='bbox 1735 471 1837 525; x_wconf 92' lang='lat' dir='ltr'><strong>hoc</strong></span> <span class='ocrx_word' id='word_1_13' title='bbox 1870 480 1952 525; x_wconf 90' lang='lat' dir='ltr'><strong>est</strong></span> <span class='ocrx_word' id='word_1_14' title='bbox 1989 469 2321 523; x_wconf 84' lang='lat' dir='ltr'><strong>inenarrabi-</strong></span> <span class='ocrx_word' id='word_1_15' title='bbox 2350 472 2387 525; x_wconf 82' lang='grc' dir='ltr'><strong>Α</strong></span> 
     </span>
    </p>
   </div>
   <div class='ocr_carea' id='block_1_5' title="bbox 2419 464 4013 539">
    <p class='ocr_par' dir='ltr' id='par_1_5' title="bbox 2424 464 4013 536">
     <span class='ocr_line' id='line_1_5' title="bbox 2424 464 4013 536; baseline -0.004 -16"><span class='ocrx_word' id='word_1_16' title='bbox 2424 467 2518 520; x_wconf 76' lang='grc' dir='ltr'>καὶ</span> <span class='ocrx_word' id='word_1_17' title='bbox 2548 464 2777 519; x_wconf 76' lang='grc' dir='ltr'>πλοῦτον</span> <span class='ocrx_word' id='word_1_18' title='bbox 2798 466 2959 536; x_wconf 75' lang='grc' dir='ltr'>δόξης</span> <span class='ocrx_word' id='word_1_19' title='bbox 2977 464 3147 520; x_wconf 79' lang='grc' dir='ltr'>ταῦτα</span> <span class='ocrx_word' id='word_1_20' title='bbox 3177 465 3223 505; x_wconf 77' lang='grc' dir='ltr'><strong>τ’</strong></span> <span class='ocrx_word' id='word_1_21' title='bbox 3249 465 3422 527; x_wconf 82' lang='grc' dir='ltr'>καλεῖ,</span> <span class='ocrx_word' id='word_1_22' title='bbox 3444 465 3741 526; x_wconf 74' lang='grc' dir='ltr'>τουτέστιν.</span> <span class='ocrx_word' id='word_1_23' title='bbox 3782 467 4013 533; x_wconf 44' lang='lat' dir='ltr'><strong>nam</strong></span> 
     </span>
    </p>
   </div>
   <div class='ocr_carea' id='block_1_6' title="bbox 759 559 2315 628">
    <p class='ocr_par' dir='ltr' id='par_1_6' title="bbox 759 559 2315 628">
     <span class='ocr_line' id='line_1_6' title="bbox 759 559 2315 628; baseline 0 -14"><span class='ocrx_word' id='word_1_24' title='bbox 759 565 860 615; x_wconf 78' lang='lat' dir='ltr'><strong>Icnt</strong></span> <span class='ocrx_word' id='word_1_25' title='bbox 896 562 1139 625; x_wconf 50' lang='lat' dir='ltr'><strong>gloriam,</strong></span> <span class='ocrx_word' id='word_1_26' title='bbox 1171 570 1225 613; x_wconf 91' lang='lat' dir='ltr'><strong>et</strong></span> <span class='ocrx_word' id='word_1_27' title='bbox 1265 560 1481 613; x_wconf 81' lang='lat' dir='ltr'><strong>humani</strong></span> <span class='ocrx_word' id='word_1_28' title='bbox 1520 559 1721 627; x_wconf 74' lang='lat' dir='ltr'><strong>ingenii</strong></span> <span class='ocrx_word' id='word_1_29' title='bbox 1774 569 1987 628; x_wconf 84' lang='lat' dir='ltr'><strong>captum</strong></span> <span class='ocrx_word' id='word_1_30' title='bbox 2033 561 2187 628; x_wconf 88' lang='lat' dir='ltr'><strong>plane</strong></span> <span class='ocrx_word' id='word_1_31' title='bbox 2219 577 2315 616; x_wconf 77' lang='lat' dir='ltr'><strong>ex-</strong></span> 
     </span>
    </p>
   </div>
   <div class='ocr_carea' id='block_1_7' title="bbox 756 648 2316 720">
    <p class='ocr_par' dir='ltr' id='par_1_7' title="bbox 756 648 2316 720">
     <span class='ocr_line' id='line_1_7' title="bbox 756 648 2316 720; baseline 0.002 -18"><span class='ocrx_word' id='word_1_32' title='bbox 756 661 1121 719; x_wconf 78' lang='lat' dir='ltr'><strong>superantem.</strong></span> <span class='ocrx_word' id='word_1_33' title='bbox 1153 648 1527 705; x_wconf 75' lang='lat' dir='ltr'><strong>[hereditatem</strong></span> <span class='ocrx_word' id='word_1_34' title='bbox 1558 659 1734 705; x_wconf 91' lang='lat' dir='ltr'><strong>autem</strong></span> <span class='ocrx_word' id='word_1_35' title='bbox 1778 651 1879 704; x_wconf 88' lang='lat' dir='ltr'><strong>ista</strong></span> <span class='ocrx_word' id='word_1_36' title='bbox 1917 660 2090 714; x_wconf 77' lang='lat' dir='ltr'><strong>vocat,</strong></span> <span class='ocrx_word' id='word_1_37' title='bbox 2124 651 2316 720; x_wconf 78' lang='lat' dir='ltr'><strong>quippe</strong></span> 
     </span>
    </p>
   </div>
   <div class='ocr_carea' id='block_1_8' title="bbox 753 740 1399 808">
    <p class='ocr_par' dir='ltr' id='par_1_8' title="bbox 753 740 1399 808">
     <span class='ocr_line' id='line_1_8' title="bbox 753 740 1399 808; baseline 0.006 -18"><span class='ocrx_word' id='word_1_38' title='bbox 753 756 871 808; x_wconf 70' lang='lat' dir='ltr'><strong>qua:</strong></span> <span class='ocrx_word' id='word_1_39' title='bbox 912 742 1018 793; x_wconf 85' lang='lat' dir='ltr'><strong>sint</strong></span> <span class='ocrx_word' id='word_1_40' title='bbox 1061 740 1182 792; x_wconf 80' lang='lat' dir='ltr'><strong>ﬁliis</strong></span> <span class='ocrx_word' id='word_1_41' title='bbox 1207 740 1399 794; x_wconf 87' lang='lat' dir='ltr'><strong>danda.</strong></span> 
     </span>
    </p>
   </div>
   <div class='ocr_carea' id='block_1_9' title="bbox 830 831 2314 904">
    <p class='ocr_par' dir='ltr' id='par_1_9' title="bbox 830 831 2314 904">
     <span class='ocr_line' id='line_1_9' title="bbox 830 831 2314 904; baseline 0.003 -20"><span class='ocrx_word' id='word_1_42' title='bbox 830 833 992 885; x_wconf 72' lang='lat' dir='ltr'><strong>Vens.</strong></span> <span class='ocrx_word' id='word_1_43' title='bbox 1024 832 1109 889; x_wconf 75' lang='lat'><strong>19,</strong></span> <span class='ocrx_word' id='word_1_44' title='bbox 1144 831 1233 883; x_wconf 73' lang='lat'><strong>90.</strong></span> <span class='ocrx_word' id='word_1_45' title='bbox 1276 850 1293 881; x_wconf 79' lang='grc' dir='ltr'><strong>ι</strong></span> <span class='ocrx_word' id='word_1_46' title='bbox 1329 831 1389 885; x_wconf 81' lang='lat' dir='ltr'><strong>Et</strong></span> <span class='ocrx_word' id='word_1_47' title='bbox 1418 846 1535 899; x_wconf 70' lang='lat' dir='ltr'><strong>qua:</strong></span> <span class='ocrx_word' id='word_1_48' title='bbox 1563 832 1633 883; x_wconf 89' lang='lat' dir='ltr'><strong>sit</strong></span> <span class='ocrx_word' id='word_1_49' title='bbox 1664 832 2070 901; x_wconf 84' lang='lat' dir='ltr'><strong>supereminens</strong></span> <span class='ocrx_word' id='word_1_50' title='bbox 2107 837 2314 904; x_wconf 80' lang='lat' dir='ltr'><strong>magni-</strong></span> 
     </span>
    </p>
   </div>
   <div class='ocr_carea' id='block_1_10' title="bbox 755 923 2316 994">
    <p class='ocr_par' dir='ltr' id='par_1_10' title="bbox 755 923 2316 994">
     <span class='ocr_line' id='line_1_10' title="bbox 755 923 2316 994; baseline 0.002 -17"><span class='ocrx_word' id='word_1_51' title='bbox 755 928 880 977; x_wconf 91' lang='lat' dir='ltr'><strong>tudo</strong></span> <span class='ocrx_word' id='word_1_52' title='bbox 915 924 1128 975; x_wconf 70' lang='lat' dir='ltr'><strong>virtutis</strong></span> <span class='ocrx_word' id='word_1_53' title='bbox 1158 924 1273 992; x_wconf 92' lang='lat' dir='ltr'><strong>ejus</strong></span> <span class='ocrx_word' id='word_1_54' title='bbox 1303 923 1352 976; x_wconf 91' lang='lat' dir='ltr'><strong>in</strong></span> <span class='ocrx_word' id='word_1_55' title='bbox 1386 938 1483 977; x_wconf 90' lang='lat' dir='ltr'><strong>nos</strong></span> <span class='ocrx_word' id='word_1_56' title='bbox 1523 923 1827 985; x_wconf 83' lang='lat' dir='ltr'><strong>credentes,</strong></span> <span class='ocrx_word' id='word_1_57' title='bbox 1864 925 2154 977; x_wconf 83' lang='lat' dir='ltr'><strong>secundum</strong></span> <span class='ocrx_word' id='word_1_58' title='bbox 2189 942 2316 994; x_wconf 87' lang='lat' dir='ltr'><strong>ope-</strong></span> 
     </span>
    </p>
   </div>
   <div class='ocr_carea' id='block_1_11' title="bbox 756 1015 2312 1087">
    <p class='ocr_par' dir='ltr' id='par_1_11' title="bbox 756 1015 2312 1087">
     <span class='ocr_line' id='line_1_11' title="bbox 756 1015 2312 1087; baseline 0.004 -22"><span class='ocrx_word' id='word_1_59' title='bbox 756 1016 1011 1069; x_wconf 78' lang='lat' dir='ltr'><strong>rationem</strong></span> <span class='ocrx_word' id='word_1_60' title='bbox 1052 1016 1298 1084; x_wconf 74' lang='lat' dir='ltr'><strong>potentia:</strong></span> <span class='ocrx_word' id='word_1_61' title='bbox 1337 1016 1550 1070; x_wconf 78' lang='lat' dir='ltr'><strong>virtutis</strong></span> <span class='ocrx_word' id='word_1_62' title='bbox 1580 1015 1717 1084; x_wconf 81' lang='lat' dir='ltr'><strong>ejus,</strong></span> <span class='ocrx_word' id='word_1_63' title='bbox 1758 1031 1917 1085; x_wconf 90' lang='lat' dir='ltr'><strong>quam</strong></span> <span class='ocrx_word' id='word_1_64' title='bbox 1953 1028 2207 1087; x_wconf 75' lang='lat' dir='ltr'><strong>operatus</strong></span> <span class='ocrx_word' id='word_1_65' title='bbox 2231 1029 2312 1074; x_wconf 89' lang='lat' dir='ltr'><strong>est</strong></span> 
     </span>
    </p>
   </div>
   <div class='ocr_carea' id='block_1_12' title="bbox 753 1106 2312 1178">
    <p class='ocr_par' dir='ltr' id='par_1_12' title="bbox 753 1106 2312 1178">
     <span class='ocr_line' id='line_1_12' title="bbox 753 1106 2312 1178; baseline 0.006 -23"><span class='ocrx_word' id='word_1_66' title='bbox 753 1109 802 1157; x_wconf 86' lang='lat' dir='ltr'><strong>in</strong></span> <span class='ocrx_word' id='word_1_67' title='bbox 832 1107 1069 1171; x_wconf 50' lang='lat' dir='ltr'><strong>Christo,</strong></span> <span class='ocrx_word' id='word_1_68' title='bbox 1121 1109 1389 1161; x_wconf 70' lang='lat' dir='ltr'><strong>suscitans</strong></span> <span class='ocrx_word' id='word_1_69' title='bbox 1424 1106 1571 1161; x_wconf 89' lang='lat' dir='ltr'><strong>illuttt</strong></span> <span class='ocrx_word' id='word_1_70' title='bbox 1608 1124 1635 1161; x_wconf 91' lang='lat' dir='ltr'><strong>a</strong></span> <span class='ocrx_word' id='word_1_71' title='bbox 1669 1109 1916 1162; x_wconf 76' lang='lat' dir='ltr'><strong>mortuis.</strong></span> <span class='ocrx_word' id='word_1_72' title='bbox 1954 1128 1972 1162; x_wconf 78' lang='grc' dir='ltr'><strong>ι</strong></span> <span class='ocrx_word' id='word_1_73' title='bbox 2012 1108 2140 1175; x_wconf 71' lang='lat' dir='ltr'><strong>Quze</strong></span> <span class='ocrx_word' id='word_1_74' title='bbox 2171 1126 2312 1178; x_wconf 70' lang='lat' dir='ltr'><strong>prte-</strong></span> 
     </span>
    </p>
   </div>
   <div class='ocr_carea' id='block_1_13' title="bbox 750 1197 2315 1271">
    <p class='ocr_par' dir='ltr' id='par_1_13' title="bbox 750 1197 2315 1271">
     <span class='ocr_line' id='line_1_13' title="bbox 750 1197 2315 1271; baseline 0.006 -22"><span class='ocrx_word' id='word_1_75' title='bbox 750 1200 894 1251; x_wconf 90' lang='lat' dir='ltr'><strong>dicta</strong></span> <span class='ocrx_word' id='word_1_76' title='bbox 951 1209 1097 1260; x_wconf 89' lang='lat' dir='ltr'><strong>sunt,</strong></span> <span class='ocrx_word' id='word_1_77' title='bbox 1150 1200 1213 1251; x_wconf 90' lang='lat' dir='ltr'><strong>de</strong></span> <span class='ocrx_word' id='word_1_78' title='bbox 1266 1197 1463 1253; x_wconf 77' lang='lat' dir='ltr'><strong>futuris</strong></span> <span class='ocrx_word' id='word_1_79' title='bbox 1506 1201 1665 1255; x_wconf 84' lang='lat' dir='ltr'><strong>rebus</strong></span> <span class='ocrx_word' id='word_1_80' title='bbox 1712 1201 1928 1256; x_wconf 79' lang='lat' dir='ltr'><strong>fuerunt</strong></span> <span class='ocrx_word' id='word_1_81' title='bbox 1977 1202 2137 1271; x_wconf 89' lang='lat' dir='ltr'><strong>:jam</strong></span> <span class='ocrx_word' id='word_1_82' title='bbox 2188 1218 2315 1258; x_wconf 82' lang='lat' dir='ltr'><strong>vero</strong></span> 
     </span>
    </p>
   </div>
   <div class='ocr_carea' id='block_1_14' title="bbox 752 1290 2311 1357">
    <p class='ocr_par' dir='ltr' id='par_1_14' title="bbox 752 1290 2311 1357">
     <span class='ocr_line' id='line_1_14' title="bbox 752 1290 2311 1357; baseline 0.004 -15"><span class='ocrx_word' id='word_1_83' title='bbox 752 1292 894 1357; x_wconf 90' lang='lat' dir='ltr'><strong>quod</strong></span> <span class='ocrx_word' id='word_1_84' title='bbox 929 1290 1127 1343; x_wconf 80' lang='lat' dir='ltr'><strong>factum</strong></span> <span class='ocrx_word' id='word_1_85' title='bbox 1155 1302 1258 1356; x_wconf 91' lang='lat' dir='ltr'><strong>est,</strong></span> <span class='ocrx_word' id='word_1_86' title='bbox 1303 1302 1588 1352; x_wconf 75' lang='lat' dir='ltr'><strong>memorat.</strong></span> <span class='ocrx_word' id='word_1_87' title='bbox 1626 1301 1684 1344; x_wconf 93' lang='lat' dir='ltr'><strong>ut</strong></span> <span class='ocrx_word' id='word_1_88' title='bbox 1722 1293 1790 1347; x_wconf 89' lang='lat' dir='ltr'><strong>ab</strong></span> <span class='ocrx_word' id='word_1_89' title='bbox 1833 1294 1933 1348; x_wconf 90' lang='lat' dir='ltr'><strong>hoc</strong></span> <span class='ocrx_word' id='word_1_90' title='bbox 1967 1294 2122 1347; x_wconf 82' lang='lat' dir='ltr'><strong>ﬁdem</strong></span> <span class='ocrx_word' id='word_1_91' title='bbox 2148 1294 2311 1348; x_wconf 82' lang='lat' dir='ltr'><strong>etiam</strong></span> 
     </span>
    </p>
   </div>
   <div class='ocr_carea' id='block_1_15' title="bbox 754 1380 2315 1450">
    <p class='ocr_par' dir='ltr' id='par_1_15' title="bbox 754 1380 2315 1450">
     <span class='ocr_line' id='line_1_15' title="bbox 754 1380 2315 1450; baseline 0.006 -19"><span class='ocrx_word' id='word_1_92' title='bbox 754 1380 857 1435; x_wconf 90' lang='lat' dir='ltr'><strong>illis</strong></span> <span class='ocrx_word' id='word_1_93' title='bbox 891 1381 1161 1443; x_wconf 83' lang='lat' dir='ltr'><strong>conciliet,</strong></span> <span class='ocrx_word' id='word_1_94' title='bbox 1196 1398 1258 1435; x_wconf 60' lang='lat' dir='ltr'><strong>ac</strong></span> <span class='ocrx_word' id='word_1_95' title='bbox 1298 1392 1409 1436; x_wconf 90' lang='lat' dir='ltr'><strong>rata</strong></span> <span class='ocrx_word' id='word_1_96' title='bbox 1454 1398 1514 1437; x_wconf 88' lang='lat' dir='ltr'><strong>ea</strong></span> <span class='ocrx_word' id='word_1_97' title='bbox 1566 1383 1747 1438; x_wconf 78' lang='lat' dir='ltr'><strong>faciat.</strong></span> <span class='ocrx_word' id='word_1_98' title='bbox 1780 1384 1949 1450; x_wconf 87' lang='lat' dir='ltr'><strong>Quale</strong></span> <span class='ocrx_word' id='word_1_99' title='bbox 1983 1397 2162 1440; x_wconf 88' lang='lat' dir='ltr'><strong>autem</strong></span> <span class='ocrx_word' id='word_1_100' title='bbox 2214 1387 2315 1441; x_wconf 90' lang='lat' dir='ltr'><strong>hoc</strong></span> 
     </span>
    </p>
   </div>
   <div class='ocr_carea' id='block_1_16' title="bbox 752 1474 2312 1552">
    <p class='ocr_par' dir='ltr' id='par_1_16' title="bbox 752 1474 2312 1552">
     <span class='ocr_line' id='line_1_16' title="bbox 752 1474 2312 1552; baseline 0.005 -25"><span class='ocrx_word' id='word_1_101' title='bbox 752 1475 874 1527; x_wconf 88' lang='lat' dir='ltr'><strong>est?</strong></span> <span class='ocrx_word' id='word_1_102' title='bbox 904 1474 970 1527; x_wconf 67' lang='lat' dir='ltr'><strong>L’t</strong></span> <span class='ocrx_word' id='word_1_103' title='bbox 1001 1478 1302 1537; x_wconf 73' lang='lat' dir='ltr'><strong>credamus,</strong></span> <span class='ocrx_word' id='word_1_104' title='bbox 1336 1477 1535 1547; x_wconf 86' lang='lat' dir='ltr'><strong>inquit,</strong></span> <span class='ocrx_word' id='word_1_105' title='bbox 1582 1493 1698 1533; x_wconf 91' lang='lat' dir='ltr'><strong>nos.</strong></span> <span class='ocrx_word' id='word_1_106' title='bbox 1751 1479 1963 1535; x_wconf 82' lang='lat' dir='ltr'><strong>Etenim</strong></span> <span class='ocrx_word' id='word_1_107' title='bbox 2011 1482 2113 1535; x_wconf 92' lang='lat' dir='ltr'><strong>hoc</strong></span> <span class='ocrx_word' id='word_1_108' title='bbox 2142 1483 2312 1552; x_wconf 88' lang='lat' dir='ltr'><strong>ipsum</strong></span> 
     </span>
    </p>
   </div>
   <div class='ocr_carea' id='block_1_17' title="bbox 757 1566 2318 1647">
    <p class='ocr_par' dir='ltr' id='par_1_17' title="bbox 757 1566 2318 1647">
     <span class='ocr_line' id='line_1_17' title="bbox 757 1566 2318 1647; baseline 0.009 -31"><span class='ocrx_word' id='word_1_109' title='bbox 757 1567 1079 1619; x_wconf 79' lang='lat' dir='ltr'><strong>revelatiune</strong></span> <span class='ocrx_word' id='word_1_110' title='bbox 1103 1566 1325 1636; x_wconf 76' lang='lat' dir='ltr'><strong>indiget,</strong></span> <span class='ocrx_word' id='word_1_111' title='bbox 1353 1578 1407 1621; x_wconf 92' lang='lat' dir='ltr'><strong>ut</strong></span> <span class='ocrx_word' id='word_1_112' title='bbox 1437 1570 1604 1638; x_wconf 90' lang='lat' dir='ltr'><strong>ipsum</strong></span> <span class='ocrx_word' id='word_1_113' title='bbox 1629 1571 1863 1638; x_wconf 89' lang='lat' dir='ltr'><strong>apertius</strong></span> <span class='ocrx_word' id='word_1_114' title='bbox 1888 1574 2127 1629; x_wconf 90' lang='lat' dir='ltr'><strong>discatis.</strong></span> <span class='ocrx_word' id='word_1_115' title='bbox 2153 1573 2318 1647; x_wconf 80' lang='lat'><strong><em>316</em></strong></span> 
     </span>
    </p>
   </div>
   <div class='ocr_carea' id='block_1_18' title="bbox 753 1658 2318 1728">
    <p class='ocr_par' dir='ltr' id='par_1_18' title="bbox 753 1658 2318 1728">
     <span class='ocr_line' id='line_1_18' title="bbox 753 1658 2318 1728; baseline 0.009 -21"><span class='ocrx_word' id='word_1_116' title='bbox 753 1659 888 1723; x_wconf 78' lang='lat' dir='ltr'><strong>Quid</strong></span> <span class='ocrx_word' id='word_1_117' title='bbox 921 1658 1119 1727; x_wconf 82' lang='lat' dir='ltr'><strong>igitur?</strong></span> <span class='ocrx_word' id='word_1_118' title='bbox 1151 1674 1252 1712; x_wconf 91' lang='lat' dir='ltr'><strong>non</strong></span> <span class='ocrx_word' id='word_1_119' title='bbox 1293 1669 1552 1713; x_wconf 82' lang='lat' dir='ltr'><strong>noverant</strong></span> <span class='ocrx_word' id='word_1_120' title='bbox 1588 1660 1799 1728; x_wconf 79' lang='lat' dir='ltr'><strong>Ephesii</strong></span> <span class='ocrx_word' id='word_1_121' title='bbox 1845 1679 1903 1718; x_wconf 88' lang='lat' dir='ltr'><strong>se</strong></span> <span class='ocrx_word' id='word_1_122' title='bbox 1938 1666 2195 1721; x_wconf 86' lang='lat' dir='ltr'><strong>credere?</strong></span> <span class='ocrx_word' id='word_1_123' title='bbox 2218 1667 2318 1721; x_wconf 82' lang='lat' dir='ltr'><strong>No-</strong></span> 
     </span>
    </p>
   </div>
   <div class='ocr_carea' id='block_1_19' title="bbox 755 1752 2315 1818">
    <p class='ocr_par' dir='ltr' id='par_1_19' title="bbox 755 1752 2315 1818">
     <span class='ocr_line' id='line_1_19' title="bbox 755 1752 2315 1818; baseline 0.008 -17"><span class='ocrx_word' id='word_1_124' title='bbox 755 1760 872 1803; x_wconf 86' lang='lat' dir='ltr'><strong>rant</strong></span> <span class='ocrx_word' id='word_1_125' title='bbox 898 1766 1050 1814; x_wconf 87' lang='lat' dir='ltr'><strong>sane,</strong></span> <span class='ocrx_word' id='word_1_126' title='bbox 1085 1752 1177 1805; x_wconf 80' lang='lat' dir='ltr'><strong>sed</strong></span> <span class='ocrx_word' id='word_1_127' title='bbox 1204 1768 1305 1805; x_wconf 92' lang='lat' dir='ltr'><strong>non</strong></span> <span class='ocrx_word' id='word_1_128' title='bbox 1338 1767 1454 1804; x_wconf 90' lang='lat' dir='ltr'><strong>catn</strong></span> <span class='ocrx_word' id='word_1_129' title='bbox 1489 1754 1554 1805; x_wconf 90' lang='lat' dir='ltr'><strong>ad</strong></span> <span class='ocrx_word' id='word_1_130' title='bbox 1598 1754 1878 1818; x_wconf 87' lang='lat' dir='ltr'><strong>rationem,</strong></span> <span class='ocrx_word' id='word_1_131' title='bbox 1918 1768 1973 1808; x_wconf 90' lang='lat' dir='ltr'><strong>ttt</strong></span> <span class='ocrx_word' id='word_1_132' title='bbox 2001 1756 2199 1812; x_wconf 85' lang='lat' dir='ltr'><strong>Paulus</strong></span> <span class='ocrx_word' id='word_1_133' title='bbox 2230 1760 2315 1813; x_wconf 93' lang='lat' dir='ltr'><strong>hic</strong></span> 
     </span>
    </p>
   </div>
   <div class='ocr_carea' id='block_1_20' title="bbox 751 1824 2387 1917">
    <p class='ocr_par' dir='ltr' id='par_1_20' title="bbox 751 1824 2387 1917">
     <span class='ocr_line' id='line_1_20' title="bbox 751 1824 2387 1917; baseline 0.009 -27"><span class='ocrx_word' id='word_1_134' title='bbox 751 1843 921 1896; x_wconf 90' lang='lat' dir='ltr'><strong>dicit:</strong></span> <span class='ocrx_word' id='word_1_135' title='bbox 965 1858 1083 1894; x_wconf 88' lang='lat' dir='ltr'><strong>nam</strong></span> <span class='ocrx_word' id='word_1_136' title='bbox 1129 1844 1267 1897; x_wconf 86' lang='lat' dir='ltr'><strong>haud</strong></span> <span class='ocrx_word' id='word_1_137' title='bbox 1299 1843 1454 1896; x_wconf 79' lang='lat' dir='ltr'><strong>facile</strong></span> <span class='ocrx_word' id='word_1_138' title='bbox 1492 1854 1573 1897; x_wconf 91' lang='lat' dir='ltr'><strong>est</strong></span> <span class='ocrx_word' id='word_1_139' title='bbox 1604 1844 1729 1898; x_wconf 90' lang='lat' dir='ltr'><strong>illud</strong></span> <span class='ocrx_word' id='word_1_140' title='bbox 1768 1847 1978 1901; x_wconf 85' lang='lat' dir='ltr'><strong>novisse</strong></span> <span class='ocrx_word' id='word_1_141' title='bbox 2010 1865 2021 1899; x_wconf 96' lang='lat'><strong>:</strong></span> <span class='ocrx_word' id='word_1_142' title='bbox 2059 1850 2313 1917; x_wconf 87' lang='lat' dir='ltr'><strong>quoniam</strong></span> <span class='ocrx_word' id='word_1_143' title='bbox 2346 1824 2387 1880; x_wconf 72' lang='grc' dir='ltr'><strong><em>Β</em></strong></span> 
     </span>
    </p>
   </div>
   <div class='ocr_carea' id='block_1_21' title="bbox 753 1934 2316 2009">
    <p class='ocr_par' dir='ltr' id='par_1_21' title="bbox 753 1934 2316 2009">
     <span class='ocr_line' id='line_1_21' title="bbox 753 1934 2316 2009; baseline 0.008 -27"><span class='ocrx_word' id='word_1_144' title='bbox 753 1948 960 1998; x_wconf 70' lang='lat' dir='ltr'><strong>magnae</strong></span> <span class='ocrx_word' id='word_1_145' title='bbox 992 1934 1240 2001; x_wconf 81' lang='lat' dir='ltr'><strong>potentia:</strong></span> <span class='ocrx_word' id='word_1_146' title='bbox 1261 1945 1345 1989; x_wconf 91' lang='lat' dir='ltr'><strong>est</strong></span> <span class='ocrx_word' id='word_1_147' title='bbox 1370 1935 1531 1988; x_wconf 90' lang='lat' dir='ltr'><strong>animi</strong></span> <span class='ocrx_word' id='word_1_148' title='bbox 1551 1937 1871 1990; x_wconf 90' lang='lat' dir='ltr'><strong>sententiam</strong></span> <span class='ocrx_word' id='word_1_149' title='bbox 1899 1949 2131 2005; x_wconf 90' lang='lat' dir='ltr'><strong>mutare,</strong></span> <span class='ocrx_word' id='word_1_150' title='bbox 2158 1950 2316 2009; x_wconf 83' lang='lat' dir='ltr'><strong>atque</strong></span> 
     </span>
    </p>
   </div>
   <div class='ocr_carea' id='block_1_22' title="bbox 754 2025 2315 2102">
    <p class='ocr_par' dir='ltr' id='par_1_22' title="bbox 754 2025 2315 2102">
     <span class='ocr_line' id='line_1_22' title="bbox 754 2025 2315 2102; baseline 0.01 -27"><span class='ocrx_word' id='word_1_151' title='bbox 754 2025 822 2077; x_wconf 84' lang='lat' dir='ltr'><strong>ab</strong></span> <span class='ocrx_word' id='word_1_152' title='bbox 847 2040 1030 2079; x_wconf 88' lang='lat' dir='ltr'><strong>errore</strong></span> <span class='ocrx_word' id='word_1_153' title='bbox 1065 2040 1314 2080; x_wconf 73' lang='lat' dir='ltr'><strong>revocare</strong></span> <span class='ocrx_word' id='word_1_154' title='bbox 1344 2044 1357 2081; x_wconf 90' lang='lat'><strong>:</strong></span> <span class='ocrx_word' id='word_1_155' title='bbox 1392 2037 1659 2095; x_wconf 70' lang='lat' dir='ltr'><strong>tantaeque</strong></span> <span class='ocrx_word' id='word_1_156' title='bbox 1687 2038 1769 2083; x_wconf 90' lang='lat' dir='ltr'><strong>est</strong></span> <span class='ocrx_word' id='word_1_157' title='bbox 1798 2030 2035 2096; x_wconf 84' lang='lat' dir='ltr'><strong>virtutis,</strong></span> <span class='ocrx_word' id='word_1_158' title='bbox 2061 2045 2315 2102; x_wconf 89' lang='lat' dir='ltr'><strong>quantam</strong></span> 
     </span>
    </p>
   </div>
   <div class='ocr_carea' id='block_1_23' title="bbox 754 2120 2317 2191">
    <p class='ocr_par' dir='ltr' id='par_1_23' title="bbox 754 2120 2317 2191">
     <span class='ocr_line' id='line_1_23' title="bbox 754 2120 2317 2191; baseline 0.01 -24"><span class='ocrx_word' id='word_1_159' title='bbox 754 2131 820 2168; x_wconf 86' lang='lat' dir='ltr'><strong>ne</strong></span> <span class='ocrx_word' id='word_1_160' title='bbox 854 2127 1185 2170; x_wconf 81' lang='lat' dir='ltr'><strong>mortuorum</strong></span> <span class='ocrx_word' id='word_1_161' title='bbox 1218 2120 1431 2185; x_wconf 80' lang='lat' dir='ltr'><strong>quidem</strong></span> <span class='ocrx_word' id='word_1_162' title='bbox 1481 2120 1735 2174; x_wconf 80' lang='lat' dir='ltr'><strong>excitatio</strong></span> <span class='ocrx_word' id='word_1_163' title='bbox 1779 2122 2035 2191; x_wconf 89' lang='lat' dir='ltr'><strong>postulat.</strong></span> <span class='ocrx_word' id='word_1_164' title='bbox 2076 2123 2317 2182; x_wconf 80' lang='lat' dir='ltr'><strong>Mortuos</strong></span> 
     </span>
    </p>
   </div>
   <div class='ocr_carea' id='block_1_24' title="bbox 754 2211 2315 2282">
    <p class='ocr_par' dir='ltr' id='par_1_24' title="bbox 754 2211 2315 2282">
     <span class='ocr_line' id='line_1_24' title="bbox 754 2211 2315 2282; baseline 0.01 -24"><span class='ocrx_word' id='word_1_165' title='bbox 754 2224 979 2276; x_wconf 80' lang='lat' dir='ltr'><strong>namque</strong></span> <span class='ocrx_word' id='word_1_166' title='bbox 1000 2224 1103 2262; x_wconf 91' lang='lat' dir='ltr'><strong>uno</strong></span> <span class='ocrx_word' id='word_1_167' title='bbox 1126 2219 1330 2264; x_wconf 91' lang='lat' dir='ltr'><strong>tantum</strong></span> <span class='ocrx_word' id='word_1_168' title='bbox 1351 2211 1513 2266; x_wconf 77' lang='lat' dir='ltr'><strong>verbo</strong></span> <span class='ocrx_word' id='word_1_169' title='bbox 1534 2214 1787 2267; x_wconf 78' lang='lat' dir='ltr'><strong>excitavit</strong></span> <span class='ocrx_word' id='word_1_170' title='bbox 1805 2214 2064 2271; x_wconf 89' lang='lat' dir='ltr'><strong>Dominus</strong></span> <span class='ocrx_word' id='word_1_171' title='bbox 2085 2234 2099 2282; x_wconf 91' lang='lat'><strong>;</strong></span> <span class='ocrx_word' id='word_1_172' title='bbox 2118 2215 2315 2274; x_wconf 69' lang='lat' dir='ltr'><strong>Iudaeis</strong></span> 
     </span>
    </p>
   </div>
   <div class='ocr_carea' id='block_1_25' title="bbox 750 2300 2315 2369">
    <p class='ocr_par' dir='ltr' id='par_1_25' title="bbox 750 2300 2315 2369">
     <span class='ocr_line' id='line_1_25' title="bbox 750 2300 2315 2369; baseline 0.01 -20"><span class='ocrx_word' id='word_1_173' title='bbox 750 2312 927 2352; x_wconf 75' lang='lat' dir='ltr'><strong>autem</strong></span> <span class='ocrx_word' id='word_1_174' title='bbox 950 2315 1014 2351; x_wconf 86' lang='lat' dir='ltr'><strong>nc</strong></span> <span class='ocrx_word' id='word_1_175' title='bbox 1038 2300 1214 2353; x_wconf 88' lang='lat' dir='ltr'><strong>multis</strong></span> <span class='ocrx_word' id='word_1_176' title='bbox 1232 2302 1445 2369; x_wconf 85' lang='lat' dir='ltr'><strong>quidem</strong></span> <span class='ocrx_word' id='word_1_177' title='bbox 1470 2303 1817 2359; x_wconf 84' lang='lat' dir='ltr'><strong>concionibus</strong></span> <span class='ocrx_word' id='word_1_178' title='bbox 1834 2315 1886 2358; x_wconf 78' lang='lat' dir='ltr'><strong>et</strong></span> <span class='ocrx_word' id='word_1_179' title='bbox 1907 2307 2315 2364; x_wconf 84' lang='lat' dir='ltr'><strong>admirabilihus</strong></span> 
     </span>
    </p>
   </div>
   <div class='ocr_carea' id='block_1_26' title="bbox 752 2396 2319 2473">
    <p class='ocr_par' dir='ltr' id='par_1_26' title="bbox 752 2396 2319 2473">
     <span class='ocr_line' id='line_1_26' title="bbox 752 2396 2319 2473; baseline 0.008 -28"><span class='ocrx_word' id='word_1_180' title='bbox 752 2396 915 2457; x_wconf 70' lang='lat' dir='ltr'><strong>signis</strong></span> <span class='ocrx_word' id='word_1_181' title='bbox 946 2396 1230 2463; x_wconf 83' lang='lat' dir='ltr'><strong>persuasit.</strong></span> <span class='ocrx_word' id='word_1_182' title='bbox 1261 2398 1392 2449; x_wconf 83' lang='lat' dir='ltr'><strong>Dicit</strong></span> <span class='ocrx_word' id='word_1_183' title='bbox 1421 2413 1548 2467; x_wconf 78' lang='lat' dir='ltr'><strong>ergo</strong></span> <span class='ocrx_word' id='word_1_184' title='bbox 1578 2401 1719 2462; x_wconf 85' lang='lat' dir='ltr'><strong>quod</strong></span> <span class='ocrx_word' id='word_1_185' title='bbox 1753 2402 1819 2455; x_wconf 88' lang='lat' dir='ltr'><strong>ad</strong></span> <span class='ocrx_word' id='word_1_186' title='bbox 1852 2403 1951 2457; x_wconf 89' lang='lat' dir='ltr'><strong>hoc</strong></span> <span class='ocrx_word' id='word_1_187' title='bbox 1976 2404 2210 2473; x_wconf 89' lang='lat' dir='ltr'><strong>Spiritus</strong></span> <span class='ocrx_word' id='word_1_188' title='bbox 2238 2407 2319 2459; x_wconf 87' lang='lat' dir='ltr'><strong>itt-</strong></span> 
     </span>
    </p>
   </div>
   <div class='ocr_carea' id='block_1_27' title="bbox 751 2489 2318 2565">
    <p class='ocr_par' dir='ltr' id='par_1_27' title="bbox 751 2489 2318 2565">
     <span class='ocr_line' id='line_1_27' title="bbox 751 2489 2318 2565; baseline 0.011 -28"><span class='ocrx_word' id='word_1_189' title='bbox 751 2489 1028 2553; x_wconf 70' lang='lat' dir='ltr'><strong>digeamns</strong></span> <span class='ocrx_word' id='word_1_190' title='bbox 1058 2490 1400 2552; x_wconf 80' lang='lat' dir='ltr'><strong>rerelatioue,</strong></span> <span class='ocrx_word' id='word_1_191' title='bbox 1442 2501 1499 2543; x_wconf 91' lang='lat' dir='ltr'><strong>ttt</strong></span> <span class='ocrx_word' id='word_1_192' title='bbox 1540 2492 1810 2547; x_wconf 86' lang='lat' dir='ltr'><strong>discamus</strong></span> <span class='ocrx_word' id='word_1_193' title='bbox 1865 2510 1979 2559; x_wconf 91' lang='lat' dir='ltr'><strong>nos,</strong></span> <span class='ocrx_word' id='word_1_194' title='bbox 2028 2500 2173 2565; x_wconf 93' lang='lat' dir='ltr'><strong>quod</strong></span> <span class='ocrx_word' id='word_1_195' title='bbox 2218 2500 2318 2555; x_wconf 93' lang='lat' dir='ltr'><strong>hoc</strong></span> 
     </span>
    </p>
   </div>
   <div class='ocr_carea' id='block_1_28' title="bbox 754 2580 2317 2653">
    <p class='ocr_par' dir='ltr' id='par_1_28' title="bbox 754 2580 2317 2653">
     <span class='ocr_line' id='line_1_28' title="bbox 754 2580 2317 2653; baseline 0.013 -28"><span class='ocrx_word' id='word_1_196' title='bbox 754 2595 950 2645; x_wconf 76' lang='grc' dir='ltr'>ψειιιιι,</span> <span class='ocrx_word' id='word_1_197' title='bbox 987 2580 1127 2647; x_wconf 85' lang='lat' dir='ltr'><strong>quod</strong></span> <span class='ocrx_word' id='word_1_198' title='bbox 1158 2581 1569 2644; x_wconf 85' lang='lat' dir='ltr'><strong>crediderimus,</strong></span> <span class='ocrx_word' id='word_1_199' title='bbox 1600 2600 1790 2653; x_wconf 80' lang='lat' dir='ltr'><strong>magna</strong></span> <span class='ocrx_word' id='word_1_200' title='bbox 1819 2592 2014 2639; x_wconf 82' lang='lat' dir='ltr'><strong>virtute</strong></span> <span class='ocrx_word' id='word_1_201' title='bbox 2043 2599 2094 2642; x_wconf 94' lang='lat' dir='ltr'><strong>et</strong></span> <span class='ocrx_word' id='word_1_202' title='bbox 2135 2589 2317 2645; x_wconf 79' lang='lat' dir='ltr'><strong>Cilica—</strong></span> 
     </span>
    </p>
   </div>
   <div class='ocr_carea' id='block_1_29' title="bbox 751 2672 2314 2741">
    <p class='ocr_par' dir='ltr' id='par_1_29' title="bbox 751 2672 2314 2741">
     <span class='ocr_line' id='line_1_29' title="bbox 751 2672 2314 2741; baseline 0.014 -26"><span class='ocrx_word' id='word_1_203' title='bbox 751 2687 830 2721; x_wconf 73' lang='lat' dir='ltr'><strong>t&#39;lﬂ</strong></span> <span class='ocrx_word' id='word_1_204' title='bbox 882 2673 1079 2724; x_wconf 82' lang='lat' dir='ltr'><strong>laetum</strong></span> <span class='ocrx_word' id='word_1_205' title='bbox 1119 2681 1222 2724; x_wconf 85' lang='lat' dir='ltr'><strong>est.</strong></span> <span class='ocrx_word' id='word_1_206' title='bbox 1261 2672 1324 2726; x_wconf 74' lang='lat' dir='ltr'><strong>Et</strong></span> <span class='ocrx_word' id='word_1_207' title='bbox 1356 2677 1802 2741; x_wconf 87' lang='lat' dir='ltr'><strong>quemadmodum</strong></span> <span class='ocrx_word' id='word_1_208' title='bbox 1850 2677 2128 2733; x_wconf 84' lang='lat' dir='ltr'><strong>Christum</strong></span> <span class='ocrx_word' id='word_1_209' title='bbox 2169 2683 2314 2737; x_wconf 79' lang='lat' dir='ltr'><strong>exci-</strong></span> 
     </span>
    </p>
   </div>
   <div class='ocr_carea' id='block_1_30' title="bbox 753 2760 2316 2836">
    <p class='ocr_par' dir='ltr' id='par_1_30' title="bbox 753 2760 2316 2836">
     <span class='ocr_line' id='line_1_30' title="bbox 753 2760 2316 2836; baseline 0.011 -26"><span class='ocrx_word' id='word_1_210' title='bbox 753 2760 884 2813; x_wconf 72' lang='grc' dir='ltr'>ιιινῙι</span> <span class='ocrx_word' id='word_1_211' title='bbox 921 2775 949 2812; x_wconf 89' lang='lat' dir='ltr'><strong>a</strong></span> <span class='ocrx_word' id='word_1_212' title='bbox 996 2764 1243 2825; x_wconf 82' lang='lat' dir='ltr'><strong>mortuis,</strong></span> <span class='ocrx_word' id='word_1_213' title='bbox 1292 2762 1369 2816; x_wconf 84' lang='lat' dir='ltr'><strong>sic</strong></span> <span class='ocrx_word' id='word_1_214' title='bbox 1410 2773 1463 2817; x_wconf 91' lang='lat' dir='ltr'><strong>et</strong></span> <span class='ocrx_word' id='word_1_215' title='bbox 1508 2779 1604 2818; x_wconf 91' lang='lat' dir='ltr'><strong>nos</strong></span> <span class='ocrx_word' id='word_1_216' title='bbox 1654 2782 1774 2820; x_wconf 90' lang='lat' dir='ltr'><strong>cum</strong></span> <span class='ocrx_word' id='word_1_217' title='bbox 1822 2770 2017 2823; x_wconf 90' lang='lat' dir='ltr'><strong>mortui</strong></span> <span class='ocrx_word' id='word_1_218' title='bbox 2051 2786 2316 2836; x_wconf 87' lang='lat' dir='ltr'><strong>essemus,</strong></span> 
     </span>
    </p>
   </div>
   <div class='ocr_carea' id='block_1_31' title="bbox 751 2852 2315 2920">
    <p class='ocr_par' dir='ltr' id='par_1_31' title="bbox 751 2852 2315 2920">
     <span class='ocr_line' id='line_1_31' title="bbox 751 2852 2315 2920; baseline 0.008 -20"><span class='ocrx_word' id='word_1_219' title='bbox 751 2852 1008 2903; x_wconf 62' lang='lat' dir='ltr'><strong>excitavit</strong></span> <span class='ocrx_word' id='word_1_220' title='bbox 1067 2867 1129 2904; x_wconf 74' lang='lat' dir='ltr'><strong>cx</strong></span> <span class='ocrx_word' id='word_1_221' title='bbox 1186 2852 1577 2906; x_wconf 77' lang='lat' dir='ltr'><strong>incredulitate.</strong></span> <span class='ocrx_word' id='word_1_222' title='bbox 1629 2852 1919 2920; x_wconf 88' lang='lat' dir='ltr'><strong>Propterea</strong></span> <span class='ocrx_word' id='word_1_223' title='bbox 1966 2857 2315 2913; x_wconf 77' lang='lat' dir='ltr'><strong>excellentem</strong></span> 
     </span>
    </p>
   </div>
   <div class='ocr_carea' id='block_1_32' title="bbox 756 2943 2316 3014">
    <p class='ocr_par' dir='ltr' id='par_1_32' title="bbox 756 2943 2316 3014">
     <span class='ocr_line' id='line_1_32' title="bbox 756 2943 2316 3014; baseline 0.007 -23"><span class='ocrx_word' id='word_1_224' title='bbox 756 2943 1175 3006; x_wconf 71' lang='lat' dir='ltr'><strong>magnitudinem</strong></span> <span class='ocrx_word' id='word_1_225' title='bbox 1212 2945 1442 3002; x_wconf 84' lang='lat' dir='ltr'><strong>virtutis.</strong></span> <span class='ocrx_word' id='word_1_226' title='bbox 1480 2945 1592 2997; x_wconf 71' lang='lat' dir='ltr'><strong>sive</strong></span> <span class='ocrx_word' id='word_1_227' title='bbox 1622 2946 1872 3013; x_wconf 66' lang='lat' dir='ltr'><strong>potentia!</strong></span> <span class='ocrx_word' id='word_1_228' title='bbox 1902 2947 2066 3014; x_wconf 80' lang='lat' dir='ltr'><strong>ipsius</strong></span> <span class='ocrx_word' id='word_1_229' title='bbox 2097 2948 2197 3001; x_wconf 90' lang='lat' dir='ltr'><strong>hoc</strong></span> <span class='ocrx_word' id='word_1_230' title='bbox 2221 2964 2316 3001; x_wconf 80' lang='lat' dir='ltr'><strong>v0-</strong></span> 
     </span>
    </p>
   </div>
   <div class='ocr_carea' id='block_1_33' title="bbox 754 3034 2318 3111">
    <p class='ocr_par' dir='ltr' id='par_1_33' title="bbox 754 3034 2318 3111">
     <span class='ocr_line' id='line_1_33' title="bbox 754 3034 2318 3111; baseline 0.007 -27"><span class='ocrx_word' id='word_1_231' title='bbox 754 3036 921 3096; x_wconf 66' lang='lat' dir='ltr'><strong>travit,</strong></span> <span class='ocrx_word' id='word_1_232' title='bbox 950 3046 1001 3085; x_wconf 73' lang='lat' dir='ltr'><strong>et</strong></span> <span class='ocrx_word' id='word_1_233' title='bbox 1043 3036 1204 3087; x_wconf 84' lang='lat' dir='ltr'><strong>rohur</strong></span> <span class='ocrx_word' id='word_1_234' title='bbox 1237 3034 1566 3090; x_wconf 83' lang='lat' dir='ltr'><strong>fortitudinis</strong></span> <span class='ocrx_word' id='word_1_235' title='bbox 1587 3036 1724 3105; x_wconf 84' lang='lat' dir='ltr'><strong>ejus.</strong></span> <span class='ocrx_word' id='word_1_236' title='bbox 1751 3036 1977 3103; x_wconf 85' lang='lat' dir='ltr'><strong>Quando</strong></span> <span class='ocrx_word' id='word_1_237' title='bbox 2012 3041 2153 3093; x_wconf 94' lang='lat' dir='ltr'><strong>enim</strong></span> <span class='ocrx_word' id='word_1_238' title='bbox 2195 3056 2318 3111; x_wconf 87' lang='lat' dir='ltr'><strong>pro-</strong></span> 
     </span>
    </p>
   </div>
   <div class='ocr_carea' id='block_1_34' title="bbox 755 3128 2317 3193">
    <p class='ocr_par' dir='ltr' id='par_1_34' title="bbox 755 3128 2317 3193">
     <span class='ocr_line' id='line_1_34' title="bbox 755 3128 2317 3193; baseline 0.003 -15"><span class='ocrx_word' id='word_1_239' title='bbox 755 3132 927 3193; x_wconf 67' lang='grc' dir='ltr'>νίιυιίιε</span> <span class='ocrx_word' id='word_1_240' title='bbox 961 3129 1089 3180; x_wconf 83' lang='lat' dir='ltr'><strong>nihil</strong></span> <span class='ocrx_word' id='word_1_241' title='bbox 1127 3128 1437 3190; x_wconf 69' lang='lat' dir='ltr'><strong>elicuerunt,</strong></span> <span class='ocrx_word' id='word_1_242' title='bbox 1472 3138 1522 3181; x_wconf 91' lang='lat' dir='ltr'><strong>et</strong></span> <span class='ocrx_word' id='word_1_243' title='bbox 1568 3130 1741 3180; x_wconf 87' lang='lat' dir='ltr'><strong>omnis</strong></span> <span class='ocrx_word' id='word_1_244' title='bbox 1767 3138 2036 3193; x_wconf 87' lang='lat' dir='ltr'><strong>creatura,</strong></span> <span class='ocrx_word' id='word_1_245' title='bbox 2082 3145 2200 3183; x_wconf 91' lang='lat' dir='ltr'><strong>cum</strong></span> <span class='ocrx_word' id='word_1_246' title='bbox 2235 3131 2317 3183; x_wconf 83' lang='lat' dir='ltr'><strong>vi-</strong></span> 
     </span>
    </p>
   </div>
   <div class='ocr_carea' id='block_1_35' title="bbox 755 3220 2317 3288">
    <p class='ocr_par' dir='ltr' id='par_1_35' title="bbox 755 3220 2317 3288">
     <span class='ocr_line' id='line_1_35' title="bbox 755 3220 2317 3288; baseline 0.003 -18"><span class='ocrx_word' id='word_1_247' title='bbox 755 3222 926 3273; x_wconf 65' lang='lat' dir='ltr'><strong>sibilis</strong></span> <span class='ocrx_word' id='word_1_248' title='bbox 953 3237 1046 3287; x_wconf 75' lang='lat' dir='ltr'><strong>per</strong></span> <span class='ocrx_word' id='word_1_249' title='bbox 1067 3229 1314 3272; x_wconf 86' lang='lat' dir='ltr'><strong>ornatum</strong></span> <span class='ocrx_word' id='word_1_250' title='bbox 1341 3229 1394 3272; x_wconf 89' lang='lat' dir='ltr'><strong>et</strong></span> <span class='ocrx_word' id='word_1_251' title='bbox 1420 3220 1682 3288; x_wconf 78' lang='lat' dir='ltr'><strong>insignem</strong></span> <span class='ocrx_word' id='word_1_252' title='bbox 1700 3221 1940 3273; x_wconf 87' lang='lat' dir='ltr'><strong>ordinem</strong></span> <span class='ocrx_word' id='word_1_253' title='bbox 1967 3222 2167 3275; x_wconf 89' lang='lat' dir='ltr'><strong>docens</strong></span> <span class='ocrx_word' id='word_1_254' title='bbox 2198 3235 2317 3285; x_wconf 87' lang='lat' dir='ltr'><strong>nos,</strong></span> 
     </span>
    </p>
   </div>
   <div class='ocr_carea' id='block_1_36' title="bbox 758 3310 2318 3376">
    <p class='ocr_par' dir='ltr' id='par_1_36' title="bbox 758 3310 2318 3376">
     <span class='ocr_line' id='line_1_36' title="bbox 758 3310 2318 3376; baseline 0.003 -15"><span class='ocrx_word' id='word_1_255' title='bbox 758 3324 866 3362; x_wconf 89' lang='lat' dir='ltr'><strong>tttltt</strong></span> <span class='ocrx_word' id='word_1_256' title='bbox 895 3310 1173 3363; x_wconf 65' lang='lat' dir='ltr'><strong>invisibilis</strong></span> <span class='ocrx_word' id='word_1_257' title='bbox 1204 3326 1297 3376; x_wconf 83' lang='lat' dir='ltr'><strong>per</strong></span> <span class='ocrx_word' id='word_1_258' title='bbox 1326 3311 1648 3363; x_wconf 85' lang='lat' dir='ltr'><strong>deducenles</strong></span> <span class='ocrx_word' id='word_1_259' title='bbox 1670 3324 1730 3362; x_wconf 94' lang='lat' dir='ltr'><strong>ac</strong></span> <span class='ocrx_word' id='word_1_260' title='bbox 1760 3310 2068 3365; x_wconf 88' lang='lat' dir='ltr'><strong>erudientes</strong></span> <span class='ocrx_word' id='word_1_261' title='bbox 2099 3326 2195 3364; x_wconf 87' lang='lat' dir='ltr'><strong>nos</strong></span> <span class='ocrx_word' id='word_1_262' title='bbox 2217 3327 2318 3365; x_wconf 88' lang='lat' dir='ltr'><strong>an-</strong></span> 
     </span>
    </p>
   </div>
   <div class='ocr_carea' id='block_1_37' title="bbox 754 3401 2318 3468">
    <p class='ocr_par' dir='ltr' id='par_1_37' title="bbox 754 3401 2318 3468">
     <span class='ocr_line' id='line_1_37' title="bbox 754 3401 2318 3468; baseline 0.004 -19"><span class='ocrx_word' id='word_1_263' title='bbox 754 3405 902 3463; x_wconf 61' lang='grc' dir='ltr'>μι-Ιοε</span> <span class='ocrx_word' id='word_1_264' title='bbox 934 3419 945 3453; x_wconf 92' lang='lat'>:</span> <span class='ocrx_word' id='word_1_265' title='bbox 984 3412 1112 3455; x_wconf 87' lang='lat' dir='ltr'><strong>tunc</strong></span> <span class='ocrx_word' id='word_1_266' title='bbox 1140 3401 1415 3468; x_wconf 82' lang='lat' dir='ltr'><strong>inopinato</strong></span> <span class='ocrx_word' id='word_1_267' title='bbox 1443 3402 1642 3455; x_wconf 79' lang='lat' dir='ltr'><strong>servati</strong></span> <span class='ocrx_word' id='word_1_268' title='bbox 1688 3416 1892 3455; x_wconf 84' lang='lat' dir='ltr'><strong>sumus.</strong></span> <span class='ocrx_word' id='word_1_269' title='bbox 1936 3402 2065 3455; x_wconf 91' lang='lat' dir='ltr'><strong>Illud</strong></span> <span class='ocrx_word' id='word_1_270' title='bbox 2113 3412 2318 3463; x_wconf 89' lang='lat' dir='ltr'><strong>autem.</strong></span> 
     </span>
    </p>
   </div>
   <div class='ocr_carea' id='block_1_38' title="bbox 2418 555 4012 627">
    <p class='ocr_par' dir='ltr' id='par_1_38' title="bbox 2418 555 4012 627">
     <span class='ocr_line' id='line_1_38' title="bbox 2418 555 4012 627; baseline -0.001 -18"><span class='ocrx_word' id='word_1_271' title='bbox 2418 558 2574 621; x_wconf 62' lang='grc' dir='ltr'>δόξαν</span> <span class='ocrx_word' id='word_1_272' title='bbox 2597 558 2690 611; x_wconf 73' lang='grc' dir='ltr'>καὶ</span> <span class='ocrx_word' id='word_1_273' title='bbox 2713 558 3097 627; x_wconf 56' lang='grc' dir='ltr'>ὑπερδολικήν.</span> <span class='ocrx_word' id='word_1_274' title='bbox 3126 557 3238 626; x_wconf 86' lang='grc' dir='ltr'>Κλη</span> <span class='ocrx_word' id='word_1_275' title='bbox 3250 557 3506 626; x_wconf 86' lang='grc' dir='ltr'>ρονομίαν</span> <span class='ocrx_word' id='word_1_276' title='bbox 3530 556 3585 609; x_wconf 80' lang='grc' dir='ltr'>δὲ</span> <span class='ocrx_word' id='word_1_277' title='bbox 3611 557 3765 624; x_wconf 77' lang='grc' dir='ltr'>λέγει</span> <span class='ocrx_word' id='word_1_278' title='bbox 3792 555 4012 616; x_wconf 73' lang='grc' dir='ltr'>ταῦτα.</span> 
     </span>
    </p>
   </div>
   <div class='ocr_carea' id='block_1_39' title="bbox 2418 648 3247 719">
    <p class='ocr_par' dir='ltr' id='par_1_39' title="bbox 2418 648 3247 719">
     <span class='ocr_line' id='line_1_39' title="bbox 2418 648 3247 719; baseline 0.001 -18"><span class='ocrx_word' id='word_1_279' title='bbox 2418 649 2492 712; x_wconf 83' lang='grc' dir='ltr'>ὡς</span> <span class='ocrx_word' id='word_1_280' title='bbox 2531 652 2663 713; x_wconf 78' lang='grc' dir='ltr'>υἱοῖς</span> <span class='ocrx_word' id='word_1_281' title='bbox 2692 651 2955 719; x_wconf 78' lang='grc' dir='ltr'>μέλλοντα</span> <span class='ocrx_word' id='word_1_282' title='bbox 2986 648 3247 703; x_wconf 74' lang='grc' dir='ltr'><strong>δίδοσθαι.</strong></span> 
     </span>
    </p>
   </div>
   <div class='ocr_carea' id='block_1_40' title="bbox 2492 829 4008 900">
    <p class='ocr_par' dir='ltr' id='par_1_40' title="bbox 2492 829 4008 900">
     <span class='ocr_line' id='line_1_40' title="bbox 2492 829 4008 900; baseline 0.001 -18"><span class='ocrx_word' id='word_1_283' title='bbox 2492 849 2512 882; x_wconf 71' lang='grc' dir='ltr'><strong>ε</strong></span> <span class='ocrx_word' id='word_1_284' title='bbox 2554 830 2660 883; x_wconf 98' lang='lat' dir='ltr'><strong>Kal</strong></span> <span class='ocrx_word' id='word_1_285' title='bbox 2682 831 2734 883; x_wconf 91' lang='grc' dir='ltr'><strong>τί</strong></span> <span class='ocrx_word' id='word_1_286' title='bbox 2759 831 2819 884; x_wconf 79' lang='grc' dir='ltr'>τὸ</span> <span class='ocrx_word' id='word_1_287' title='bbox 2849 830 3189 900; x_wconf 75' lang='grc' dir='ltr'>ὑπερϐάλλον</span> <span class='ocrx_word' id='word_1_288' title='bbox 3215 829 3445 898; x_wconf 79' lang='grc' dir='ltr'>μέγεθος</span> <span class='ocrx_word' id='word_1_289' title='bbox 3470 831 3515 862; x_wconf 85' lang='grc'>⁷³</span> <span class='ocrx_word' id='word_1_290' title='bbox 3540 830 3703 884; x_wconf 72' lang='grc' dir='ltr'>αὑτοῦ</span> <span class='ocrx_word' id='word_1_291' title='bbox 3737 830 3819 892; x_wconf 83' lang='grc' dir='ltr'><strong>εἰς</strong></span> <span class='ocrx_word' id='word_1_292' title='bbox 3848 830 4008 897; x_wconf 77' lang='grc' dir='ltr'>ἡμᾶς</span> 
     </span>
    </p>
   </div>
   <div class='ocr_carea' id='block_1_41' title="bbox 2416 920 4011 993">
    <p class='ocr_par' dir='ltr' id='par_1_41' title="bbox 2416 920 4011 993">
     <span class='ocr_line' id='line_1_41' title="bbox 2416 920 4011 993; baseline -0.002 -18"><span class='ocrx_word' id='word_1_293' title='bbox 2416 924 2541 985; x_wconf 71' lang='grc' dir='ltr'>τοὺς</span> <span class='ocrx_word' id='word_1_294' title='bbox 2582 923 2936 986; x_wconf 71' lang='grc' dir='ltr'><strong>πιστεύοντας</strong></span> <span class='ocrx_word' id='word_1_295' title='bbox 2969 923 3108 975; x_wconf 70' lang='grc' dir='ltr'>κατὰ</span> <span class='ocrx_word' id='word_1_296' title='bbox 3141 922 3239 992; x_wconf 80' lang='grc' dir='ltr'>τὴν</span> <span class='ocrx_word' id='word_1_297' title='bbox 3294 923 3573 993; x_wconf 80' lang='grc' dir='ltr'><strong>ἐνέργειαν</strong></span> <span class='ocrx_word' id='word_1_298' title='bbox 3615 920 3706 974; x_wconf 83' lang='grc' dir='ltr'><strong>τοῦ</strong></span> <span class='ocrx_word' id='word_1_299' title='bbox 3755 921 4011 989; x_wconf 84' lang='grc' dir='ltr'>κράτους</span> 
     </span>
    </p>
   </div>
   <div class='ocr_carea' id='block_1_42' title="bbox 2415 1011 3998 1085">
    <p class='ocr_par' dir='ltr' id='par_1_42' title="bbox 2415 1011 3998 1085">
     <span class='ocr_line' id='line_1_42' title="bbox 2415 1011 3998 1085; baseline -0.003 -17"><span class='ocrx_word' id='word_1_300' title='bbox 2415 1016 2513 1084; x_wconf 83' lang='grc' dir='ltr'>τῆς</span> <span class='ocrx_word' id='word_1_301' title='bbox 2565 1015 2745 1083; x_wconf 84' lang='grc' dir='ltr'>ίσχύος</span> <span class='ocrx_word' id='word_1_302' title='bbox 2795 1015 2982 1079; x_wconf 78' lang='grc' dir='ltr'>αὑτοῦ,</span> <span class='ocrx_word' id='word_1_303' title='bbox 3033 1015 3100 1085; x_wconf 80' lang='grc' dir='ltr'>ἢν</span> <span class='ocrx_word' id='word_1_304' title='bbox 3150 1016 3455 1083; x_wconf 73' lang='grc' dir='ltr'><strong>ἐνήργησεν</strong></span> <span class='ocrx_word' id='word_1_305' title='bbox 3526 1014 3582 1065; x_wconf 87' lang='grc' dir='ltr'><strong>ἐν</strong></span> <span class='ocrx_word' id='word_1_306' title='bbox 3626 1012 3701 1083; x_wconf 83' lang='grc' dir='ltr'>τῷ</span> <span class='ocrx_word' id='word_1_307' title='bbox 3762 1011 3998 1081; x_wconf 81' lang='grc' dir='ltr'>Χριστῷ</span> 
     </span>
    </p>
   </div>
   <div class='ocr_carea' id='block_1_43' title="bbox 2418 1105 4002 1178">
    <p class='ocr_par' dir='ltr' id='par_1_43' title="bbox 2418 1105 4002 1178">
     <span class='ocr_line' id='line_1_43' title="bbox 2418 1105 4002 1178; baseline -0.002 -19"><span class='ocrx_word' id='word_1_308' title='bbox 2418 1107 2633 1176; x_wconf 66' lang='grc' dir='ltr'>ἐγείρας</span> <span class='ocrx_word' id='word_1_309' title='bbox 2676 1107 2839 1160; x_wconf 79' lang='grc' dir='ltr'>αὑτὸν</span> <span class='ocrx_word' id='word_1_310' title='bbox 2887 1108 2949 1160; x_wconf 93' lang='grc' dir='ltr'><strong>ἐκ</strong></span> <span class='ocrx_word' id='word_1_311' title='bbox 2995 1107 3227 1178; x_wconf 85' lang='grc' dir='ltr'>νεκρῶν.</span> <span class='ocrx_word' id='word_1_312' title='bbox 3278 1126 3296 1160; x_wconf 74' lang='grc' dir='ltr'><strong>ι</strong></span> <span class='ocrx_word' id='word_1_313' title='bbox 3342 1107 3423 1161; x_wconf 82' lang='grc' dir='ltr'>Τά</span> <span class='ocrx_word' id='word_1_314' title='bbox 3481 1106 3579 1177; x_wconf 88' lang='grc' dir='ltr'>μὲν</span> <span class='ocrx_word' id='word_1_315' title='bbox 3640 1105 4002 1176; x_wconf 77' lang='grc' dir='ltr'>πορῤηθέντα</span> 
     </span>
    </p>
   </div>
   <div class='ocr_carea' id='block_1_44' title="bbox 2417 1197 4007 1270">
    <p class='ocr_par' dir='ltr' id='par_1_44' title="bbox 2417 1197 4007 1270">
     <span class='ocr_line' id='line_1_44' title="bbox 2417 1197 4007 1270; baseline -0.001 -20"><span class='ocrx_word' id='word_1_316' title='bbox 2417 1199 2546 1270; x_wconf 61' lang='grc' dir='ltr'><strong>περὶ⁵</strong></span> <span class='ocrx_word' id='word_1_317' title='bbox 2579 1198 2880 1268; x_wconf 75' lang='grc' dir='ltr'><strong>μελλόντων</strong></span> <span class='ocrx_word' id='word_1_318' title='bbox 2910 1200 3251 1269; x_wconf 72' lang='grc' dir='ltr'><strong>πραγμάτων</strong></span> <span class='ocrx_word' id='word_1_319' title='bbox 3293 1199 3467 1270; x_wconf 77' lang='grc' dir='ltr'>ἦσαν’</span> <span class='ocrx_word' id='word_1_320' title='bbox 3509 1197 3598 1251; x_wconf 72' lang='grc' dir='ltr'><strong>νῦν</strong></span> <span class='ocrx_word' id='word_1_321' title='bbox 3630 1198 3685 1251; x_wconf 80' lang='grc' dir='ltr'>δὲ</span> <span class='ocrx_word' id='word_1_322' title='bbox 3738 1198 3898 1265; x_wconf 82' lang='grc' dir='ltr'>λέγει</span> <span class='ocrx_word' id='word_1_323' title='bbox 3941 1198 4007 1249; x_wconf 72' lang='grc' dir='ltr'>τὸ</span> 
     </span>
    </p>
   </div>
   <div class='ocr_carea' id='block_1_45' title="bbox 2418 1291 4001 1362">
    <p class='ocr_par' dir='ltr' id='par_1_45' title="bbox 2418 1291 4001 1362">
     <span class='ocr_line' id='line_1_45' title="bbox 2418 1291 4001 1362; baseline -0.002 -18"><span class='ocrx_word' id='word_1_324' title='bbox 2418 1292 2514 1362; x_wconf 74' lang='grc' dir='ltr'>ἤδη</span> <span class='ocrx_word' id='word_1_325' title='bbox 2536 1292 2778 1359; x_wconf 81' lang='grc' dir='ltr'>γεγονὸς,</span> <span class='ocrx_word' id='word_1_326' title='bbox 2811 1292 2898 1344; x_wconf 76' lang='grc' dir='ltr'>ἵνα</span> <span class='ocrx_word' id='word_1_327' title='bbox 2946 1293 3053 1347; x_wconf 79' lang='grc' dir='ltr'>άπὸ</span> <span class='ocrx_word' id='word_1_328' title='bbox 3103 1293 3293 1345; x_wconf 87' lang='grc' dir='ltr'>τούτου</span> <span class='ocrx_word' id='word_1_329' title='bbox 3342 1292 3567 1345; x_wconf 75' lang='grc' dir='ltr'>κάκεῖνο</span> <span class='ocrx_word' id='word_1_330' title='bbox 3620 1291 4001 1361; x_wconf 74' lang='grc' dir='ltr'><strong>πιστώσηται,</strong></span> 
     </span>
    </p>
   </div>
   <div class='ocr_carea' id='block_1_46' title="bbox 2419 1382 4007 1454">
    <p class='ocr_par' dir='ltr' id='par_1_46' title="bbox 2419 1382 4007 1454">
     <span class='ocr_line' id='line_1_46' title="bbox 2419 1382 4007 1454; baseline -0.001 -17"><span class='ocrx_word' id='word_1_331' title='bbox 2419 1385 2577 1437; x_wconf 79' lang='grc' dir='ltr'>Ποῖον</span> <span class='ocrx_word' id='word_1_332' title='bbox 2626 1384 2683 1437; x_wconf 87' lang='grc' dir='ltr'><strong>δέ</strong></span> <span class='ocrx_word' id='word_1_333' title='bbox 2717 1383 2909 1447; x_wconf 77' lang='grc' dir='ltr'>τοῦτος</span> <span class='ocrx_word' id='word_1_334' title='bbox 2966 1384 3039 1436; x_wconf 80' lang='grc' dir='ltr'>Τὸ</span> <span class='ocrx_word' id='word_1_335' title='bbox 3080 1382 3392 1448; x_wconf 82' lang='grc' dir='ltr'>πιστεῦσαι,</span> <span class='ocrx_word' id='word_1_336' title='bbox 3444 1386 3631 1454; x_wconf 58' lang='grc' dir='ltr'>φησιν,</span> <span class='ocrx_word' id='word_1_337' title='bbox 3669 1386 3823 1452; x_wconf 77' lang='grc' dir='ltr'>ἡμᾶς</span> <span class='ocrx_word' id='word_1_338' title='bbox 3849 1401 3865 1414; x_wconf 75' lang='grc' dir='ltr'><strong>ο</strong></span> <span class='ocrx_word' id='word_1_339' title='bbox 3909 1388 4007 1437; x_wconf 70' lang='grc' dir='ltr'>καὶ</span> 
     </span>
    </p>
   </div>
   <div class='ocr_carea' id='block_1_47' title="bbox 2417 1475 4007 1545">
    <p class='ocr_par' dir='ltr' id='par_1_47' title="bbox 2417 1475 4007 1545">
     <span class='ocr_line' id='line_1_47' title="bbox 2417 1475 4007 1545; baseline -0.001 -17"><span class='ocrx_word' id='word_1_340' title='bbox 2417 1475 2573 1528; x_wconf 83' lang='grc' dir='ltr'>τοῦτο</span> <span class='ocrx_word' id='word_1_341' title='bbox 2602 1476 2710 1545; x_wconf 83' lang='grc' dir='ltr'><strong>γάρ</strong></span> <span class='ocrx_word' id='word_1_342' title='bbox 2738 1476 2909 1529; x_wconf 81' lang='grc' dir='ltr'>δεῖται</span> <span class='ocrx_word' id='word_1_343' title='bbox 2937 1475 3353 1544; x_wconf 81' lang='grc' dir='ltr'>ἀποκαλύψεως,</span> <span class='ocrx_word' id='word_1_344' title='bbox 3382 1476 3471 1529; x_wconf 78' lang='grc' dir='ltr'>ἵνα</span> <span class='ocrx_word' id='word_1_345' title='bbox 3501 1475 3633 1529; x_wconf 84' lang='grc' dir='ltr'>αὑτὸ</span> <span class='ocrx_word' id='word_1_346' title='bbox 3658 1476 4007 1545; x_wconf 79' lang='grc' dir='ltr'>σαφέστερον</span> 
     </span>
    </p>
   </div>
   <div class='ocr_carea' id='block_1_48' title="bbox 2422 1563 4007 1639">
    <p class='ocr_par' dir='ltr' id='par_1_48' title="bbox 2422 1563 4007 1639">
     <span class='ocr_line' id='line_1_48' title="bbox 2422 1563 4007 1639; baseline 0 -18"><span class='ocrx_word' id='word_1_347' title='bbox 2422 1567 2651 1638; x_wconf 86' lang='grc' dir='ltr'>μάθητε.</span> <span class='ocrx_word' id='word_1_348' title='bbox 2684 1567 2749 1620; x_wconf 90' lang='grc' dir='ltr'>Τί</span> <span class='ocrx_word' id='word_1_349' title='bbox 2793 1563 2915 1634; x_wconf 73' lang='grc' dir='ltr'>οὗι;</span> <span class='ocrx_word' id='word_1_350' title='bbox 2949 1568 3049 1622; x_wconf 89' lang='grc' dir='ltr'><strong>οὑκ</strong></span> <span class='ocrx_word' id='word_1_351' title='bbox 3091 1570 3293 1639; x_wconf 71' lang='grc' dir='ltr'>ἧδεσαν</span> <span class='ocrx_word' id='word_1_352' title='bbox 3338 1568 3574 1636; x_wconf 77' lang='grc' dir='ltr'>Ἐφέσιοι</span> <span class='ocrx_word' id='word_1_353' title='bbox 3623 1569 3704 1622; x_wconf 86' lang='grc' dir='ltr'>ὅτι</span> <span class='ocrx_word' id='word_1_354' title='bbox 3740 1567 4007 1621; x_wconf 69' lang='grc' dir='ltr'><strong>ἐπίστευ⁸</strong></span> 
     </span>
    </p>
   </div>
   <div class='ocr_carea' id='block_1_49' title="bbox 2420 1661 4007 1734">
    <p class='ocr_par' dir='ltr' id='par_1_49' title="bbox 2420 1661 4007 1734">
     <span class='ocr_line' id='line_1_49' title="bbox 2420 1661 4007 1734; baseline 0 -20"><span class='ocrx_word' id='word_1_355' title='bbox 2420 1680 2557 1730; x_wconf 84' lang='grc' dir='ltr'>σαν;</span> <span class='ocrx_word' id='word_1_356' title='bbox 2586 1662 2823 1734; x_wconf 80' lang='grc' dir='ltr'>ᾞδεσαν</span> <span class='ocrx_word' id='word_1_357' title='bbox 2862 1662 2983 1733; x_wconf 75' lang='grc' dir='ltr'>μὲν,</span> <span class='ocrx_word' id='word_1_358' title='bbox 3029 1662 3144 1716; x_wconf 84' lang='grc' dir='ltr'>ἀλλ’</span> <span class='ocrx_word' id='word_1_359' title='bbox 3173 1664 3271 1732; x_wconf 80' lang='grc' dir='ltr'>οὑχ</span> <span class='ocrx_word' id='word_1_360' title='bbox 3312 1661 3483 1725; x_wconf 83' lang='grc' dir='ltr'>οὓτως</span> <span class='ocrx_word' id='word_1_361' title='bbox 3512 1661 3587 1724; x_wconf 84' lang='grc' dir='ltr'><strong>ὡς</strong></span> <span class='ocrx_word' id='word_1_362' title='bbox 3636 1661 3733 1714; x_wconf 78' lang='grc' dir='ltr'>νῦν</span> <span class='ocrx_word' id='word_1_363' title='bbox 3776 1679 3952 1730; x_wconf 72' lang='grc' dir='ltr'>φησιν</span> <span class='ocrx_word' id='word_1_364' title='bbox 3978 1663 4007 1714; x_wconf 75' lang='grc' dir='ltr'><strong>ὁ</strong></span> 
     </span>
    </p>
   </div>
   <div class='ocr_carea' id='block_1_50' title="bbox 2419 1753 4006 1828">
    <p class='ocr_par' dir='ltr' id='par_1_50' title="bbox 2419 1753 4006 1828">
     <span class='ocr_line' id='line_1_50' title="bbox 2419 1753 4006 1828; baseline -0.001 -21"><span class='ocrx_word' id='word_1_365' title='bbox 2419 1755 2652 1819; x_wconf 83' lang='grc' dir='ltr'>Παῦλος.</span> <span class='ocrx_word' id='word_1_366' title='bbox 2687 1757 2759 1809; x_wconf 85' lang='grc' dir='ltr'><strong>Ού</strong></span> <span class='ocrx_word' id='word_1_367' title='bbox 2794 1755 2902 1828; x_wconf 81' lang='grc' dir='ltr'><strong>γὰρ</strong></span> <span class='ocrx_word' id='word_1_368' title='bbox 2928 1756 3109 1827; x_wconf 77' lang='grc' dir='ltr'>ῥᾴδιον</span> <span class='ocrx_word' id='word_1_369' title='bbox 3146 1754 3210 1808; x_wconf 86' lang='grc' dir='ltr'><strong>τδ</strong></span> <span class='ocrx_word' id='word_1_370' title='bbox 3238 1754 3442 1823; x_wconf 83' lang='grc' dir='ltr'>γνῶναι</span> <span class='ocrx_word' id='word_1_371' title='bbox 3468 1769 3482 1783; x_wconf 82' lang='grc'><strong><em>⁸</em></strong></span> <span class='ocrx_word' id='word_1_372' title='bbox 3511 1754 3592 1807; x_wconf 83' lang='grc' dir='ltr'>ὄτι</span> <span class='ocrx_word' id='word_1_373' title='bbox 3634 1753 3890 1824; x_wconf 84' lang='grc' dir='ltr'>μεγάλης</span> <span class='ocrx_word' id='word_1_374' title='bbox 3917 1754 4006 1806; x_wconf 86' lang='grc' dir='ltr'>δυ-</span> 
     </span>
    </p>
   </div>
   <div class='ocr_carea' id='block_1_51' title="bbox 2419 1845 4009 1918">
    <p class='ocr_par' dir='ltr' id='par_1_51' title="bbox 2419 1845 4009 1918">
     <span class='ocr_line' id='line_1_51' title="bbox 2419 1845 4009 1918; baseline -0.002 -16"><span class='ocrx_word' id='word_1_375' title='bbox 2419 1850 2637 1917; x_wconf 83' lang='grc' dir='ltr'>νάμεως</span> <span class='ocrx_word' id='word_1_376' title='bbox 2686 1848 2748 1899; x_wconf 76' lang='grc' dir='ltr'><strong>τὸ</strong></span> <span class='ocrx_word' id='word_1_377' title='bbox 2777 1848 2956 1917; x_wconf 75' lang='grc' dir='ltr'>ψυχὴν</span> <span class='ocrx_word' id='word_1_378' title='bbox 2990 1851 3345 1918; x_wconf 80' lang='grc' dir='ltr'><strong>μεταπεῖσαι,</strong></span> <span class='ocrx_word' id='word_1_379' title='bbox 3373 1847 3468 1899; x_wconf 74' lang='grc' dir='ltr'>καὶ</span> <span class='ocrx_word' id='word_1_380' title='bbox 3517 1850 3864 1917; x_wconf 73' lang='grc' dir='ltr'>μεταστῆσαι</span> <span class='ocrx_word' id='word_1_381' title='bbox 3904 1845 4009 1913; x_wconf 80' lang='grc' dir='ltr'>τῆς</span> 
     </span>
    </p>
   </div>
   <div class='ocr_carea' id='block_1_52' title="bbox 2418 1938 4006 2011">
    <p class='ocr_par' dir='ltr' id='par_1_52' title="bbox 2418 1938 4006 2011">
     <span class='ocr_line' id='line_1_52' title="bbox 2418 1938 4006 2011; baseline -0.001 -20"><span class='ocrx_word' id='word_1_382' title='bbox 2418 1940 2649 2011; x_wconf 78' lang='grc' dir='ltr'>πλάνης,</span> <span class='ocrx_word' id='word_1_383' title='bbox 2682 1940 2776 1993; x_wconf 72' lang='grc' dir='ltr'>καὶ</span> <span class='ocrx_word' id='word_1_384' title='bbox 2815 1941 3150 2009; x_wconf 75' lang='grc' dir='ltr'><strong>τηλικαύτης</strong></span> <span class='ocrx_word' id='word_1_385' title='bbox 3201 1940 3395 2010; x_wconf 78' lang='grc' dir='ltr'><strong>ἡλίκης</strong></span> <span class='ocrx_word' id='word_1_386' title='bbox 3424 1940 3544 1992; x_wconf 88' lang='grc' dir='ltr'><strong>οὑδέ</strong></span> <span class='ocrx_word' id='word_1_387' title='bbox 3578 1939 3641 1992; x_wconf 87' lang='grc' dir='ltr'><strong>τδ</strong></span> <span class='ocrx_word' id='word_1_388' title='bbox 3690 1938 4006 2008; x_wconf 77' lang='grc' dir='ltr'>ἀναστῆσαι</span> 
     </span>
    </p>
   </div>
   <div class='ocr_carea' id='block_1_53' title="bbox 2417 2029 4007 2101">
    <p class='ocr_par' dir='ltr' id='par_1_53' title="bbox 2417 2029 4007 2101">
     <span class='ocr_line' id='line_1_53' title="bbox 2417 2029 4007 2101; baseline -0.002 -19"><span class='ocrx_word' id='word_1_389' title='bbox 2417 2031 2632 2098; x_wconf 89' lang='grc' dir='ltr'>νεκρόν.</span> <span class='ocrx_word' id='word_1_390' title='bbox 2666 2031 2911 2100; x_wconf 68' lang='grc' dir='ltr'>Νεκροίις</span> <span class='ocrx_word' id='word_1_391' title='bbox 2938 2032 3035 2099; x_wconf 82' lang='grc' dir='ltr'>μὲν</span> <span class='ocrx_word' id='word_1_392' title='bbox 3060 2031 3167 2100; x_wconf 79' lang='grc' dir='ltr'><strong>γὰρ</strong></span> <span class='ocrx_word' id='word_1_393' title='bbox 3196 2031 3290 2084; x_wconf 73' lang='grc' dir='ltr'>καὶ</span> <span class='ocrx_word' id='word_1_394' title='bbox 3315 2030 3459 2101; x_wconf 85' lang='grc' dir='ltr'>λόγῳ</span> <span class='ocrx_word' id='word_1_395' title='bbox 3497 2029 3643 2100; x_wconf 71' lang='grc' dir='ltr'>μόνῳ</span> <span class='ocrx_word' id='word_1_396' title='bbox 3666 2029 3747 2081; x_wconf 75' lang='grc' dir='ltr'><strong>ἐνὶ</strong></span> <span class='ocrx_word' id='word_1_397' title='bbox 3776 2030 4007 2097; x_wconf 77' lang='grc' dir='ltr'>ἀνέστη-</span> 
     </span>
    </p>
   </div>
   <div class='ocr_carea' id='block_1_54' title="bbox 2419 2121 4007 2194">
    <p class='ocr_par' dir='ltr' id='par_1_54' title="bbox 2419 2121 4007 2194">
     <span class='ocr_line' id='line_1_54' title="bbox 2419 2121 4007 2194; baseline -0.001 -19"><span class='ocrx_word' id='word_1_398' title='bbox 2419 2124 2557 2175; x_wconf 80' lang='grc' dir='ltr'>σενὸ</span> <span class='ocrx_word' id='word_1_399' title='bbox 2590 2123 2828 2194; x_wconf 83' lang='grc' dir='ltr'>Κύριος·</span> <span class='ocrx_word' id='word_1_400' title='bbox 2869 2126 2993 2186; x_wconf 67' lang='grc' dir='ltr'>τοὺς</span> <span class='ocrx_word' id='word_1_401' title='bbox 3038 2124 3093 2176; x_wconf 79' lang='grc' dir='ltr'>δὲ</span> <span class='ocrx_word' id='word_1_402' title='bbox 3138 2123 3422 2187; x_wconf 81' lang='grc' dir='ltr'>Ἰουδαίους</span> <span class='ocrx_word' id='word_1_403' title='bbox 3455 2123 3576 2176; x_wconf 85' lang='grc' dir='ltr'><strong>οὑδέ</strong></span> <span class='ocrx_word' id='word_1_404' title='bbox 3624 2122 3710 2176; x_wconf 80' lang='grc' dir='ltr'><strong>διά</strong></span> <span class='ocrx_word' id='word_1_405' title='bbox 3772 2121 4007 2191; x_wconf 79' lang='grc' dir='ltr'>μακρῶν</span> 
     </span>
    </p>
   </div>
   <div class='ocr_carea' id='block_1_55' title="bbox 2419 2210 4006 2284">
    <p class='ocr_par' dir='ltr' id='par_1_55' title="bbox 2419 2210 4006 2284">
     <span class='ocr_line' id='line_1_55' title="bbox 2419 2210 4006 2284; baseline -0.003 -19"><span class='ocrx_word' id='word_1_406' title='bbox 2419 2213 2594 2281; x_wconf 66' lang='grc' dir='ltr'>λόγων</span> <span class='ocrx_word' id='word_1_407' title='bbox 2640 2214 2736 2267; x_wconf 85' lang='grc' dir='ltr'>καὶ</span> <span class='ocrx_word' id='word_1_408' title='bbox 2774 2213 3095 2284; x_wconf 77' lang='grc' dir='ltr'>παραδόξων</span> <span class='ocrx_word' id='word_1_409' title='bbox 3133 2213 3308 2283; x_wconf 78' lang='grc' dir='ltr'>ἔργων</span> <span class='ocrx_word' id='word_1_410' title='bbox 3356 2213 3667 2283; x_wconf 76' lang='grc' dir='ltr'>μετέπεισε.</span> <span class='ocrx_word' id='word_1_411' title='bbox 3705 2214 3887 2282; x_wconf 66' lang='grc' dir='ltr'>Φησὶν</span> <span class='ocrx_word' id='word_1_412' title='bbox 3913 2210 4006 2265; x_wconf 72' lang='grc' dir='ltr'>οὖν</span> 
     </span>
    </p>
   </div>
   <div class='ocr_carea' id='block_1_56' title="bbox 2419 2305 4004 2376">
    <p class='ocr_par' dir='ltr' id='par_1_56' title="bbox 2419 2305 4004 2376">
     <span class='ocr_line' id='line_1_56' title="bbox 2419 2305 4004 2376; baseline -0.001 -19"><span class='ocrx_word' id='word_1_413' title='bbox 2419 2306 2499 2357; x_wconf 80' lang='grc' dir='ltr'>ὅτι</span> <span class='ocrx_word' id='word_1_414' title='bbox 2534 2307 2627 2358; x_wconf 77' lang='grc' dir='ltr'>καὶ</span> <span class='ocrx_word' id='word_1_415' title='bbox 2673 2308 2752 2369; x_wconf 86' lang='grc' dir='ltr'><strong>είς</strong></span> <span class='ocrx_word' id='word_1_416' title='bbox 2804 2306 2959 2358; x_wconf 78' lang='grc' dir='ltr'>τοῦτο</span> <span class='ocrx_word' id='word_1_417' title='bbox 3006 2306 3241 2376; x_wconf 87' lang='grc' dir='ltr'>δεόμεθα</span> <span class='ocrx_word' id='word_1_418' title='bbox 3298 2306 3399 2375; x_wconf 79' lang='grc' dir='ltr'>τῆς</span> <span class='ocrx_word' id='word_1_419' title='bbox 3452 2306 3857 2375; x_wconf 63' lang='grc' dir='ltr'>ἀποκαλύψεως</span> <span class='ocrx_word' id='word_1_420' title='bbox 3908 2305 4004 2357; x_wconf 71' lang='grc' dir='ltr'>τοῦ</span> 
     </span>
    </p>
   </div>
   <div class='ocr_carea' id='block_1_57' title="bbox 2420 2396 4002 2467">
    <p class='ocr_par' dir='ltr' id='par_1_57' title="bbox 2420 2396 4002 2467">
     <span class='ocr_line' id='line_1_57' title="bbox 2420 2396 4002 2467; baseline 0.001 -17"><span class='ocrx_word' id='word_1_421' title='bbox 2420 2396 2760 2465; x_wconf 77' lang='grc' dir='ltr'>Πνεύματος,</span> <span class='ocrx_word' id='word_1_422' title='bbox 2819 2399 2904 2451; x_wconf 74' lang='grc' dir='ltr'>ἵνα</span> <span class='ocrx_word' id='word_1_423' title='bbox 2949 2399 3211 2467; x_wconf 71' lang='grc' dir='ltr'>μάθωμεν</span> <span class='ocrx_word' id='word_1_424' title='bbox 3261 2400 3343 2451; x_wconf 85' lang='grc' dir='ltr'>ὅτι</span> <span class='ocrx_word' id='word_1_425' title='bbox 3388 2398 3449 2452; x_wconf 80' lang='grc' dir='ltr'>τὸ</span> <span class='ocrx_word' id='word_1_426' title='bbox 3486 2397 3783 2452; x_wconf 78' lang='grc' dir='ltr'>πιστεῦσαι</span> <span class='ocrx_word' id='word_1_427' title='bbox 3828 2399 4002 2467; x_wconf 75' lang='grc' dir='ltr'>ἡμᾶς,</span> 
     </span>
    </p>
   </div>
   <div class='ocr_carea' id='block_1_58' title="bbox 2418 2488 4007 2560">
    <p class='ocr_par' dir='ltr' id='par_1_58' title="bbox 2418 2488 4007 2560">
     <span class='ocr_line' id='line_1_58' title="bbox 2418 2488 4007 2560; baseline 0.001 -19"><span class='ocrx_word' id='word_1_428' title='bbox 2418 2490 2514 2558; x_wconf 82' lang='grc' dir='ltr'>τῆς</span> <span class='ocrx_word' id='word_1_429' title='bbox 2544 2488 2636 2543; x_wconf 79' lang='grc' dir='ltr'>τοῦ</span> <span class='ocrx_word' id='word_1_430' title='bbox 2670 2489 2806 2542; x_wconf 80' lang='grc' dir='ltr'>Θεοῦ</span> <span class='ocrx_word' id='word_1_431' title='bbox 2848 2491 3094 2560; x_wconf 82' lang='grc' dir='ltr'>μεγάλης</span> <span class='ocrx_word' id='word_1_432' title='bbox 3144 2491 3433 2559; x_wconf 78' lang='grc' dir='ltr'>δυνάμεως</span> <span class='ocrx_word' id='word_1_433' title='bbox 3463 2490 3559 2545; x_wconf 81' lang='lat' dir='ltr'><strong>xal</strong></span> <span class='ocrx_word' id='word_1_434' title='bbox 3600 2491 3892 2559; x_wconf 84' lang='grc' dir='ltr'>ἐνεργείας</span> <span class='ocrx_word' id='word_1_435' title='bbox 3917 2490 4007 2556; x_wconf 82' lang='grc' dir='ltr'><strong>γέ-</strong></span> 
     </span>
    </p>
   </div>
   <div class='ocr_carea' id='block_1_59' title="bbox 2419 2580 4003 2655">
    <p class='ocr_par' dir='ltr' id='par_1_59' title="bbox 2419 2580 4003 2655">
     <span class='ocr_line' id='line_1_59' title="bbox 2419 2580 4003 2655; baseline 0.001 -25"><span class='ocrx_word' id='word_1_436' title='bbox 2419 2598 2583 2649; x_wconf 77' lang='grc' dir='ltr'>γονε·</span> <span class='ocrx_word' id='word_1_437' title='bbox 2618 2582 2712 2635; x_wconf 73' lang='grc' dir='ltr'>καὶ</span> <span class='ocrx_word' id='word_1_438' title='bbox 2745 2582 2932 2655; x_wconf 82' lang='grc' dir='ltr'>ὥσπερ</span> <span class='ocrx_word' id='word_1_439' title='bbox 2964 2583 3053 2635; x_wconf 81' lang='grc' dir='ltr'>τὸν</span> <span class='ocrx_word' id='word_1_440' title='bbox 3100 2584 3335 2652; x_wconf 85' lang='grc' dir='ltr'>Χριστὸν</span> <span class='ocrx_word' id='word_1_441' title='bbox 3380 2583 3603 2653; x_wconf 73' lang='grc' dir='ltr'>ἡγειρεν</span> <span class='ocrx_word' id='word_1_442' title='bbox 3652 2583 3715 2634; x_wconf 91' lang='grc' dir='ltr'><strong>ἐκ</strong></span> <span class='ocrx_word' id='word_1_443' title='bbox 3763 2580 4003 2652; x_wconf 83' lang='grc' dir='ltr'>νεκρῶν,</span> 
     </span>
    </p>
   </div>
   <div class='ocr_carea' id='block_1_60' title="bbox 2419 2672 3998 2745">
    <p class='ocr_par' dir='ltr' id='par_1_60' title="bbox 2419 2672 3998 2745">
     <span class='ocr_line' id='line_1_60' title="bbox 2419 2672 3998 2745; baseline -0.001 -21"><span class='ocrx_word' id='word_1_444' title='bbox 2419 2672 2561 2724; x_wconf 75' lang='grc' dir='ltr'>οὕτω</span> <span class='ocrx_word' id='word_1_445' title='bbox 2591 2674 2685 2727; x_wconf 66' lang='grc' dir='ltr'><strong>καὶ</strong></span> <span class='ocrx_word' id='word_1_446' title='bbox 2718 2675 2863 2743; x_wconf 74' lang='grc' dir='ltr'>ἡμᾶς</span> <span class='ocrx_word' id='word_1_447' title='bbox 2911 2675 3138 2745; x_wconf 80' lang='grc' dir='ltr'>νεκροὺς</span> <span class='ocrx_word' id='word_1_448' title='bbox 3168 2676 3329 2737; x_wconf 76' lang='grc' dir='ltr'>ὄντας</span> <span class='ocrx_word' id='word_1_449' title='bbox 3358 2677 3419 2727; x_wconf 85' lang='grc' dir='ltr'><strong>ἐκ</strong></span> <span class='ocrx_word' id='word_1_450' title='bbox 3454 2674 3556 2741; x_wconf 75' lang='grc' dir='ltr'>τῆς</span> <span class='ocrx_word' id='word_1_451' title='bbox 3581 2673 3851 2735; x_wconf 80' lang='grc' dir='ltr'>ἀπιστίας</span> <span class='ocrx_word' id='word_1_452' title='bbox 3904 2673 3998 2725; x_wconf 82' lang='grc' dir='ltr'>άν-</span> 
     </span>
    </p>
   </div>
   <div class='ocr_carea' id='block_1_61' title="bbox 2420 2763 4000 2839">
    <p class='ocr_par' dir='ltr' id='par_1_61' title="bbox 2420 2763 4000 2839">
     <span class='ocr_line' id='line_1_61' title="bbox 2420 2763 4000 2839; baseline -0.001 -22"><span class='ocrx_word' id='word_1_453' title='bbox 2420 2763 2613 2835; x_wconf 81' lang='grc' dir='ltr'>έστησε</span> <span class='ocrx_word' id='word_1_454' title='bbox 2632 2782 2649 2798; x_wconf 76' lang='grc' dir='ltr'><strong>ο</strong></span> <span class='ocrx_word' id='word_1_455' title='bbox 2678 2766 2759 2819; x_wconf 84' lang='grc' dir='ltr'>διὸ</span> <span class='ocrx_word' id='word_1_456' title='bbox 2787 2768 2878 2821; x_wconf 78' lang='grc' dir='ltr'><strong>καὶ</strong></span> <span class='ocrx_word' id='word_1_457' title='bbox 2897 2787 2915 2819; x_wconf 79' lang='grc' dir='ltr'><strong>ι</strong></span> <span class='ocrx_word' id='word_1_458' title='bbox 2936 2766 3517 2839; x_wconf 60' lang='grc' dir='ltr'>ὑπερδάλλονεμέγεθος</span> <span class='ocrx_word' id='word_1_459' title='bbox 3536 2766 3634 2835; x_wconf 84' lang='grc' dir='ltr'>τῆς</span> <span class='ocrx_word' id='word_1_460' title='bbox 3658 2765 3951 2834; x_wconf 82' lang='grc' dir='ltr'>δυνάμεως</span> <span class='ocrx_word' id='word_1_461' title='bbox 3980 2783 4000 2816; x_wconf 76' lang='grc' dir='ltr'><strong>ι</strong></span> 
     </span>
    </p>
   </div>
   <div class='ocr_carea' id='block_1_62' title="bbox 2419 2858 4005 2928">
    <p class='ocr_par' dir='ltr' id='par_1_62' title="bbox 2419 2858 4005 2928">
     <span class='ocr_line' id='line_1_62' title="bbox 2419 2858 4005 2928; baseline 0.001 -20"><span class='ocrx_word' id='word_1_462' title='bbox 2419 2858 2576 2910; x_wconf 80' lang='grc' dir='ltr'>τοῦτο</span> <span class='ocrx_word' id='word_1_463' title='bbox 2601 2858 2843 2924; x_wconf 78' lang='grc' dir='ltr'>ἐκάλεσε,</span> <span class='ocrx_word' id='word_1_464' title='bbox 2880 2877 2899 2910; x_wconf 79' lang='grc' dir='ltr'><strong>ι</strong></span> <span class='ocrx_word' id='word_1_465' title='bbox 2929 2859 3022 2912; x_wconf 75' lang='grc' dir='ltr'>καὶ</span> <span class='ocrx_word' id='word_1_466' title='bbox 3060 2860 3258 2928; x_wconf 80' lang='grc' dir='ltr'>κράτος</span> <span class='ocrx_word' id='word_1_467' title='bbox 3297 2862 3396 2928; x_wconf 76' lang='grc' dir='ltr'>τῆς</span> <span class='ocrx_word' id='word_1_468' title='bbox 3439 2859 3637 2928; x_wconf 59' lang='grc' dir='ltr'>ἰσχύος.</span> <span class='ocrx_word' id='word_1_469' title='bbox 3682 2877 3700 2909; x_wconf 74' lang='grc' dir='ltr'><strong>ι</strong></span> <span class='ocrx_word' id='word_1_470' title='bbox 3738 2858 3872 2910; x_wconf 87' lang='grc' dir='ltr'>Ὀτε</span> <span class='ocrx_word' id='word_1_471' title='bbox 3898 2858 4005 2927; x_wconf 82' lang='grc' dir='ltr'><strong>γάρ</strong></span> 
     </span>
    </p>
   </div>
   <div class='ocr_carea' id='block_1_63' title="bbox 2422 2950 4005 3021">
    <p class='ocr_par' dir='ltr' id='par_1_63' title="bbox 2422 2950 4005 3021">
     <span class='ocr_line' id='line_1_63' title="bbox 2422 2950 4005 3021; baseline 0 -20"><span class='ocrx_word' id='word_1_472' title='bbox 2422 2950 2699 3019; x_wconf 73' lang='grc' dir='ltr'>προφῆται</span> <span class='ocrx_word' id='word_1_473' title='bbox 2724 2951 2874 3003; x_wconf 73' lang='grc' dir='ltr'>οὐδὲν</span> <span class='ocrx_word' id='word_1_474' title='bbox 2896 2953 3121 3021; x_wconf 63' lang='grc' dir='ltr'>ἤνυσαν,</span> <span class='ocrx_word' id='word_1_475' title='bbox 3157 2952 3253 3004; x_wconf 80' lang='grc' dir='ltr'>καὶ</span> <span class='ocrx_word' id='word_1_476' title='bbox 3292 2952 3443 3004; x_wconf 76' lang='grc' dir='ltr'>πᾶσα</span> <span class='ocrx_word' id='word_1_477' title='bbox 3467 2950 3665 3012; x_wconf 84' lang='grc' dir='ltr'>κτίσις,</span> <span class='ocrx_word' id='word_1_478' title='bbox 3693 2951 3791 3002; x_wconf 73' lang='grc' dir='ltr'>καὶ</span> <span class='ocrx_word' id='word_1_479' title='bbox 3831 2951 4005 3018; x_wconf 77' lang='grc' dir='ltr'>ὁρατὴ</span> 
     </span>
    </p>
   </div>
   <div class='ocr_carea' id='block_1_64' title="bbox 2421 3041 4009 3112">
    <p class='ocr_par' dir='ltr' id='par_1_64' title="bbox 2421 3041 4009 3112">
     <span class='ocr_line' id='line_1_64' title="bbox 2421 3041 4009 3112; baseline 0 -20"><span class='ocrx_word' id='word_1_480' title='bbox 2421 3042 2508 3093; x_wconf 75' lang='grc' dir='ltr'><strong>δια</strong></span> <span class='ocrx_word' id='word_1_481' title='bbox 2553 3042 2652 3108; x_wconf 75' lang='grc' dir='ltr'>τῆς</span> <span class='ocrx_word' id='word_1_482' title='bbox 2684 3042 2934 3107; x_wconf 79' lang='grc' dir='ltr'>εὐταξίας</span> <span class='ocrx_word' id='word_1_483' title='bbox 2968 3043 3318 3107; x_wconf 73' lang='grc' dir='ltr'>διδάσκουσα,</span> <span class='ocrx_word' id='word_1_484' title='bbox 3350 3043 3445 3095; x_wconf 76' lang='grc' dir='ltr'>καὶ</span> <span class='ocrx_word' id='word_1_485' title='bbox 3496 3043 3729 3112; x_wconf 79' lang='grc' dir='ltr'>ἀόρατος</span> <span class='ocrx_word' id='word_1_486' title='bbox 3768 3042 3861 3094; x_wconf 82' lang='grc' dir='ltr'>διὰ</span> <span class='ocrx_word' id='word_1_487' title='bbox 3897 3041 4009 3093; x_wconf 84' lang='grc' dir='ltr'><strong>τῶν</strong></span> 
     </span>
    </p>
   </div>
   <div class='ocr_carea' id='block_1_65' title="bbox 2422 3130 4007 3202">
    <p class='ocr_par' dir='ltr' id='par_1_65' title="bbox 2422 3130 4007 3202">
     <span class='ocr_line' id='line_1_65' title="bbox 2422 3130 4007 3202; baseline 0 -18"><span class='ocrx_word' id='word_1_488' title='bbox 2422 3132 2761 3202; x_wconf 75' lang='grc' dir='ltr'>ὸδηγούντων</span> <span class='ocrx_word' id='word_1_489' title='bbox 2777 3134 2823 3165; x_wconf 72' lang='grc'>⁷⁸</span> <span class='ocrx_word' id='word_1_490' title='bbox 2845 3135 2937 3188; x_wconf 76' lang='grc' dir='ltr'>καὶ</span> <span class='ocrx_word' id='word_1_491' title='bbox 2961 3134 3350 3197; x_wconf 75' lang='grc' dir='ltr'>συνετιζόντων</span> <span class='ocrx_word' id='word_1_492' title='bbox 3375 3132 3643 3201; x_wconf 79' lang='grc' dir='ltr'>ἀγγέλων,</span> <span class='ocrx_word' id='word_1_493' title='bbox 3666 3133 3793 3185; x_wconf 67' lang='grc' dir='ltr'>τότε</span> <span class='ocrx_word' id='word_1_494' title='bbox 3816 3134 3884 3185; x_wconf 84' lang='grc' dir='ltr'><strong>ἐκ</strong></span> <span class='ocrx_word' id='word_1_495' title='bbox 3914 3130 4007 3184; x_wconf 72' lang='grc' dir='ltr'><strong>τοῦ</strong></span> 
     </span>
    </p>
   </div>
   <div class='ocr_carea' id='block_1_66' title="bbox 2424 3223 4009 3296">
    <p class='ocr_par' dir='ltr' id='par_1_66' title="bbox 2424 3223 4009 3296">
     <span class='ocr_line' id='line_1_66' title="bbox 2424 3223 4009 3296; baseline -0.001 -21"><span class='ocrx_word' id='word_1_496' title='bbox 2424 3224 2730 3294; x_wconf 76' lang='grc' dir='ltr'>παραδόξου</span> <span class='ocrx_word' id='word_1_497' title='bbox 2766 3225 3069 3296; x_wconf 83' lang='grc' dir='ltr'>ἐσώθημεν.</span> <span class='ocrx_word' id='word_1_498' title='bbox 3124 3228 3197 3279; x_wconf 88' lang='grc' dir='ltr'><strong>Τὸ</strong></span> <span class='ocrx_word' id='word_1_499' title='bbox 3247 3225 3326 3291; x_wconf 89' lang='grc' dir='ltr'><strong>δέ,</strong></span> <span class='ocrx_word' id='word_1_500' title='bbox 3370 3246 3387 3277; x_wconf 85' lang='grc' dir='ltr'><strong>ι</strong></span> <span class='ocrx_word' id='word_1_501' title='bbox 3447 3225 3788 3294; x_wconf 81' lang='grc' dir='ltr'>Ἐνήργησεν</span> <span class='ocrx_word' id='word_1_502' title='bbox 3830 3226 3897 3275; x_wconf 91' lang='grc' dir='ltr'><strong>ἐν</strong></span> <span class='ocrx_word' id='word_1_503' title='bbox 3932 3223 4009 3292; x_wconf 80' lang='grc' dir='ltr'>τῷ</span> 
     </span>
    </p>
   </div>
   <div class='ocr_carea' id='block_1_67' title="bbox 2422 3313 4010 3386">
    <p class='ocr_par' dir='ltr' id='par_1_67' title="bbox 2422 3313 4010 3386">
     <span class='ocr_line' id='line_1_67' title="bbox 2422 3313 4010 3386; baseline 0.001 -19"><span class='ocrx_word' id='word_1_504' title='bbox 2422 3313 2663 3384; x_wconf 82' lang='grc' dir='ltr'>Χριστῷ,</span> <span class='ocrx_word' id='word_1_505' title='bbox 2703 3335 2721 3368; x_wconf 75' lang='grc' dir='ltr'><strong>ι</strong></span> <span class='ocrx_word' id='word_1_506' title='bbox 2750 3316 2837 3369; x_wconf 81' lang='grc' dir='ltr'><strong>διὰ</strong></span> <span class='ocrx_word' id='word_1_507' title='bbox 2876 3317 2936 3369; x_wconf 72' lang='grc' dir='ltr'>τὸ</span> <span class='ocrx_word' id='word_1_508' title='bbox 2976 3315 3317 3386; x_wconf 81' lang='grc' dir='ltr'>ἀνθρώπινον</span> <span class='ocrx_word' id='word_1_509' title='bbox 3347 3316 3597 3385; x_wconf 77' lang='grc' dir='ltr'>εἰρῆσθαι</span> <span class='ocrx_word' id='word_1_510' title='bbox 3625 3317 3760 3371; x_wconf 71' lang='grc' dir='ltr'>νόει,</span> <span class='ocrx_word' id='word_1_511' title='bbox 3795 3316 3875 3367; x_wconf 79' lang='grc' dir='ltr'>Τὸ</span> <span class='ocrx_word' id='word_1_512' title='bbox 3902 3316 4010 3385; x_wconf 73' lang='grc' dir='ltr'><strong>γάρ</strong></span> 
     </span>
    </p>
   </div>
   <div class='ocr_carea' id='block_1_68' title="bbox 2422 3406 3607 3478">
    <p class='ocr_par' dir='ltr' id='par_1_68' title="bbox 2422 3406 3607 3478">
     <span class='ocr_line' id='line_1_68' title="bbox 2422 3406 3607 3478; baseline 0.003 -19"><span class='ocrx_word' id='word_1_513' title='bbox 2422 3406 2684 3472; x_wconf 84' lang='grc' dir='ltr'>ἀναστὰν,</span> <span class='ocrx_word' id='word_1_514' title='bbox 2712 3408 3018 3478; x_wconf 80' lang='grc' dir='ltr'>ἄνθρωπος,</span> <span class='ocrx_word' id='word_1_515' title='bbox 3056 3410 3104 3462; x_wconf 87' lang='grc' dir='ltr'>εἰ</span> <span class='ocrx_word' id='word_1_516' title='bbox 3145 3412 3235 3462; x_wconf 71' lang='grc' dir='ltr'>καὶ</span> <span class='ocrx_word' id='word_1_517' title='bbox 3265 3407 3384 3477; x_wconf 85' lang='grc' dir='ltr'><strong>Θεῷ</strong></span> <span class='ocrx_word' id='word_1_518' title='bbox 3411 3408 3607 3471; x_wconf 77' lang='grc' dir='ltr'>ἧνωτο.</span> 
     </span>
    </p>
   </div>
   <div class='ocr_carea' id='block_1_69' title="bbox 761 3493 4007 3573">
    <p class='ocr_par' dir='ltr' id='par_1_69' title="bbox 761 3493 4007 3573">
     <span class='ocr_line' id='line_1_69' title="bbox 761 3493 4007 3573; baseline 0.005 -33"><span class='ocrx_word' id='word_1_519' title='bbox 761 3514 777 3540; x_wconf 72' lang='grc' dir='ltr'><strong><em>ε</em></strong></span> <span class='ocrx_word' id='word_1_520' title='bbox 813 3495 1078 3561; x_wconf 70' lang='grc' dir='ltr'>Οιηιιειιιιε</span> <span class='ocrx_word' id='word_1_521' title='bbox 1117 3504 1199 3546; x_wconf 82' lang='lat' dir='ltr'><strong>est</strong></span> <span class='ocrx_word' id='word_1_522' title='bbox 1233 3494 1284 3546; x_wconf 87' lang='lat' dir='ltr'><strong>itt</strong></span> <span class='ocrx_word' id='word_1_523' title='bbox 1313 3493 1551 3557; x_wconf 87' lang='lat' dir='ltr'><strong>Christo,</strong></span> <span class='ocrx_word' id='word_1_524' title='bbox 1594 3512 1612 3545; x_wconf 75' lang='grc' dir='ltr'><strong>ι</strong></span> <span class='ocrx_word' id='word_1_525' title='bbox 1655 3503 1872 3561; x_wconf 85' lang='lat' dir='ltr'><strong>propter</strong></span> <span class='ocrx_word' id='word_1_526' title='bbox 1906 3494 2193 3549; x_wconf 86' lang='lat' dir='ltr'><strong>humanam</strong></span> <span class='ocrx_word' id='word_1_527' title='bbox 2257 3506 2501 3552; x_wconf 84' lang='lat' dir='ltr'><strong>naturam</strong></span> <span class='ocrx_word' id='word_1_528' title='bbox 2525 3501 2722 3554; x_wconf 88' lang='lat' dir='ltr'><strong>dictum</strong></span> <span class='ocrx_word' id='word_1_529' title='bbox 2762 3516 2878 3555; x_wconf 57' lang='lat' dir='ltr'><strong>esse</strong></span> <span class='ocrx_word' id='word_1_530' title='bbox 2934 3502 3188 3573; x_wconf 68' lang='lat' dir='ltr'><strong>intelligo.</strong></span> <span class='ocrx_word' id='word_1_531' title='bbox 3253 3504 3407 3571; x_wconf 86' lang='lat' dir='ltr'><strong>Quod</strong></span> <span class='ocrx_word' id='word_1_532' title='bbox 3474 3504 3616 3558; x_wconf 89' lang='lat' dir='ltr'><strong>enim</strong></span> <span class='ocrx_word' id='word_1_533' title='bbox 3674 3504 4007 3565; x_wconf 64' lang='lat' dir='ltr'><strong>resurrexit,</strong></span> 
     </span>
    </p>
   </div>
   <div class='ocr_carea' id='block_1_70' title="bbox 759 3586 1863 3648">
    <p class='ocr_par' dir='ltr' id='par_1_70' title="bbox 759 3586 1863 3648">
     <span class='ocr_line' id='line_1_70' title="bbox 759 3586 1863 3648; baseline 0.002 -9"><span class='ocrx_word' id='word_1_534' title='bbox 759 3591 917 3641; x_wconf 82' lang='lat' dir='ltr'><strong>homo</strong></span> <span class='ocrx_word' id='word_1_535' title='bbox 946 3597 1047 3648; x_wconf 83' lang='lat' dir='ltr'><strong>est,</strong></span> <span class='ocrx_word' id='word_1_536' title='bbox 1082 3586 1291 3640; x_wconf 83' lang='lat' dir='ltr'><strong>etiamsi</strong></span> <span class='ocrx_word' id='word_1_537' title='bbox 1327 3587 1432 3640; x_wconf 86' lang='lat' dir='ltr'><strong>Deo</strong></span> <span class='ocrx_word' id='word_1_538' title='bbox 1474 3588 1657 3640; x_wconf 69' lang='lat' dir='ltr'><strong>un’ltts</strong></span> <span class='ocrx_word' id='word_1_539' title='bbox 1688 3587 1863 3641; x_wconf 83' lang='lat' dir='ltr'><strong>fuerit.</strong></span> 
     </span>
    </p>
   </div>
   <div class='ocr_carea' id='block_1_71' title="bbox 832 3683 2319 3748">
    <p class='ocr_par' dir='ltr' id='par_1_71' title="bbox 832 3683 2319 3748">
     <span class='ocr_line' id='line_1_71' title="bbox 832 3683 2319 3748; baseline 0.001 -12"><span class='ocrx_word' id='word_1_540' title='bbox 832 3684 989 3737; x_wconf 63' lang='lat' dir='ltr'><strong>Vens.</strong></span> <span class='ocrx_word' id='word_1_541' title='bbox 1019 3683 1109 3748; x_wconf 74' lang='lat'><strong>20,</strong></span> <span class='ocrx_word' id='word_1_542' title='bbox 1139 3683 1227 3737; x_wconf 69' lang='lat' dir='ltr'><strong>2i.</strong></span> <span class='ocrx_word' id='word_1_543' title='bbox 1264 3702 1282 3734; x_wconf 74' lang='grc' dir='ltr'><strong>ι</strong></span> <span class='ocrx_word' id='word_1_544' title='bbox 1319 3683 1383 3736; x_wconf 85' lang='lat' dir='ltr'><strong>Et</strong></span> <span class='ocrx_word' id='word_1_545' title='bbox 1420 3684 1753 3737; x_wconf 91' lang='lat' dir='ltr'><strong>constituens</strong></span> <span class='ocrx_word' id='word_1_546' title='bbox 1802 3687 1851 3735; x_wconf 90' lang='lat' dir='ltr'><strong>in</strong></span> <span class='ocrx_word' id='word_1_547' title='bbox 1888 3683 2105 3737; x_wconf 82' lang='lat' dir='ltr'><strong>dextera</strong></span> <span class='ocrx_word' id='word_1_548' title='bbox 2137 3698 2231 3737; x_wconf 87' lang='lat' dir='ltr'><strong>sua</strong></span> <span class='ocrx_word' id='word_1_549' title='bbox 2267 3684 2319 3738; x_wconf 91' lang='lat' dir='ltr'><strong>in</strong></span> 
     </span>
    </p>
   </div>
   <div class='ocr_carea' id='block_1_72' title="bbox 759 3774 2322 3845">
    <p class='ocr_par' dir='ltr' id='par_1_72' title="bbox 759 3774 2322 3845">
     <span class='ocr_line' id='line_1_72' title="bbox 759 3774 2322 3845; baseline -0.003 -14"><span class='ocrx_word' id='word_1_550' title='bbox 759 3776 1255 3845; x_wconf 73' lang='lat' dir='ltr'><strong>supcrcmlestibus,</strong></span> <span class='ocrx_word' id='word_1_551' title='bbox 1289 3789 1447 3843; x_wconf 89' lang='lat' dir='ltr'><strong>supra</strong></span> <span class='ocrx_word' id='word_1_552' title='bbox 1482 3789 1693 3829; x_wconf 88' lang='lat' dir='ltr'><strong>onmem</strong></span> <span class='ocrx_word' id='word_1_553' title='bbox 1725 3774 2102 3842; x_wconf 87' lang='lat' dir='ltr'><strong>principatum,</strong></span> <span class='ocrx_word' id='word_1_554' title='bbox 2134 3783 2190 3827; x_wconf 94' lang='lat' dir='ltr'><strong>et</strong></span> <span class='ocrx_word' id='word_1_555' title='bbox 2228 3790 2322 3842; x_wconf 87' lang='lat' dir='ltr'><strong>po-</strong></span> 
     </span>
    </p>
   </div>
   <div class='ocr_carea' id='block_1_73' title="bbox 761 3864 2317 3931">
    <p class='ocr_par' dir='ltr' id='par_1_73' title="bbox 761 3864 2317 3931">
     <span class='ocr_line' id='line_1_73' title="bbox 761 3864 2317 3931; baseline -0.002 -10"><span class='ocrx_word' id='word_1_556' title='bbox 761 3881 1030 3929; x_wconf 65' lang='lat' dir='ltr'><strong>testatem.</strong></span> <span class='ocrx_word' id='word_1_557' title='bbox 1056 3879 1109 3924; x_wconf 88' lang='lat' dir='ltr'><strong>et</strong></span> <span class='ocrx_word' id='word_1_558' title='bbox 1134 3873 1405 3926; x_wconf 73' lang='lat' dir='ltr'><strong>virtutem.</strong></span> <span class='ocrx_word' id='word_1_559' title='bbox 1428 3876 1483 3922; x_wconf 91' lang='lat' dir='ltr'><strong>et</strong></span> <span class='ocrx_word' id='word_1_560' title='bbox 1504 3867 1945 3921; x_wconf 85' lang='lat' dir='ltr'><strong>dominationem.</strong></span> <span class='ocrx_word' id='word_1_561' title='bbox 1982 3884 2000 3917; x_wconf 74' lang='grc' dir='ltr'><strong>ι</strong></span> <span class='ocrx_word' id='word_1_562' title='bbox 2025 3864 2137 3919; x_wconf 83' lang='lat' dir='ltr'><strong>Non</strong></span> <span class='ocrx_word' id='word_1_563' title='bbox 2162 3865 2317 3931; x_wconf 74' lang='lat' dir='ltr'><strong>dixit,</strong></span> 
     </span>
    </p>
   </div>
   <div class='ocr_carea' id='block_1_74' title="bbox 772 3957 2320 4029">
    <p class='ocr_par' dir='ltr' id='par_1_74' title="bbox 772 3957 2320 4029">
     <span class='ocr_line' id='line_1_74' title="bbox 772 3957 2320 4029; baseline -0.001 -15"><span class='ocrx_word' id='word_1_564' title='bbox 772 3965 937 4028; x_wconf 75' lang='lat' dir='ltr'><strong>“Avm,</strong></span> <span class='ocrx_word' id='word_1_565' title='bbox 981 3964 1032 4017; x_wconf 91' lang='lat' dir='ltr'><strong>id</strong></span> <span class='ocrx_word' id='word_1_566' title='bbox 1080 3970 1180 4025; x_wconf 90' lang='lat' dir='ltr'><strong>est,</strong></span> <span class='ocrx_word' id='word_1_567' title='bbox 1218 3975 1377 4029; x_wconf 88' lang='lat' dir='ltr'><strong>supra</strong></span> <span class='ocrx_word' id='word_1_568' title='bbox 1414 3976 1428 4012; x_wconf 90' lang='lat'><strong>:</strong></span> <span class='ocrx_word' id='word_1_569' title='bbox 1459 3960 1551 4014; x_wconf 91' lang='lat' dir='ltr'><strong>sed</strong></span> <span class='ocrx_word' id='word_1_570' title='bbox 1596 3957 1904 4028; x_wconf 67' lang='lat' dir='ltr'><strong>&#39;Tnepa’ww,</strong></span> <span class='ocrx_word' id='word_1_571' title='bbox 1951 3957 2001 4011; x_wconf 92' lang='lat' dir='ltr'><strong>id</strong></span> <span class='ocrx_word' id='word_1_572' title='bbox 2028 3965 2133 4021; x_wconf 87' lang='lat' dir='ltr'><strong>est,</strong></span> <span class='ocrx_word' id='word_1_573' title='bbox 2173 3958 2320 4027; x_wconf 90' lang='lat' dir='ltr'><strong>plus-</strong></span> 
     </span>
    </p>
   </div>
   <div class='ocr_carea' id='block_1_75' title="bbox 760 4048 2328 4124">
    <p class='ocr_par' dir='ltr' id='par_1_75' title="bbox 760 4048 2328 4124">
     <span class='ocr_line' id='line_1_75' title="bbox 760 4048 2328 4124; baseline -0.001 -18"><span class='ocrx_word' id='word_1_574' title='bbox 760 4070 919 4124; x_wconf 77' lang='lat' dir='ltr'><strong>quam</strong></span> <span class='ocrx_word' id='word_1_575' title='bbox 962 4069 1145 4123; x_wconf 87' lang='lat' dir='ltr'><strong>supra,</strong></span> <span class='ocrx_word' id='word_1_576' title='bbox 1192 4063 1249 4107; x_wconf 92' lang='lat' dir='ltr'><strong>ut</strong></span> <span class='ocrx_word' id='word_1_577' title='bbox 1297 4066 1562 4106; x_wconf 85' lang='lat' dir='ltr'><strong>summam</strong></span> <span class='ocrx_word' id='word_1_578' title='bbox 1612 4050 1946 4103; x_wconf 85' lang='lat' dir='ltr'><strong>altitudinem</strong></span> <span class='ocrx_word' id='word_1_579' title='bbox 1992 4050 2208 4105; x_wconf 92' lang='lat' dir='ltr'><strong>indicet.</strong></span> <span class='ocrx_word' id='word_1_580' title='bbox 2248 4048 2328 4104; x_wconf 78' lang='lat' dir='ltr'><strong>Ah</strong></span> 
     </span>
    </p>
   </div>
   <div class='ocr_carea' id='block_1_76' title="bbox 764 4141 2326 4214">
    <p class='ocr_par' dir='ltr' id='par_1_76' title="bbox 764 4141 2326 4214">
     <span class='ocr_line' id='line_1_76' title="bbox 764 4141 2326 4214; baseline -0.004 -14"><span class='ocrx_word' id='word_1_581' title='bbox 764 4154 946 4203; x_wconf 79' lang='grc' dir='ltr'>ιιιΙιιηο</span> <span class='ocrx_word' id='word_1_582' title='bbox 1003 4147 1146 4201; x_wconf 90' lang='lat' dir='ltr'><strong>enim</strong></span> <span class='ocrx_word' id='word_1_583' title='bbox 1210 4146 1374 4214; x_wconf 76' lang='lat' dir='ltr'><strong>gradu</strong></span> <span class='ocrx_word' id='word_1_584' title='bbox 1428 4145 1493 4196; x_wconf 90' lang='lat' dir='ltr'><strong>ad</strong></span> <span class='ocrx_word' id='word_1_585' title='bbox 1545 4142 1867 4195; x_wconf 87' lang='lat' dir='ltr'><strong>altissimum</strong></span> <span class='ocrx_word' id='word_1_586' title='bbox 1922 4142 2211 4194; x_wconf 83' lang='lat' dir='ltr'><strong>humanam</strong></span> <span class='ocrx_word' id='word_1_587' title='bbox 2272 4141 2326 4193; x_wconf 92' lang='lat' dir='ltr'><strong>itt</strong></span> 
     </span>
    </p>
   </div>
   <div class='ocr_carea' id='block_1_77' title="bbox 759 4229 2324 4299">
    <p class='ocr_par' dir='ltr' id='par_1_77' title="bbox 759 4229 2324 4299">
     <span class='ocr_line' id='line_1_77' title="bbox 759 4229 2324 4299; baseline -0.006 -10"><span class='ocrx_word' id='word_1_588' title='bbox 759 4241 976 4294; x_wconf 69' lang='lat' dir='ltr'><strong>Luristo</strong></span> <span class='ocrx_word' id='word_1_589' title='bbox 1019 4246 1265 4291; x_wconf 90' lang='lat' dir='ltr'><strong>naturam</strong></span> <span class='ocrx_word' id='word_1_590' title='bbox 1300 4234 1568 4289; x_wconf 70' lang='lat' dir='ltr'><strong>subvexit.</strong></span> <span class='ocrx_word' id='word_1_591' title='bbox 1610 4231 1681 4283; x_wconf 85' lang='lat' dir='ltr'><strong>De</strong></span> <span class='ocrx_word' id='word_1_592' title='bbox 1738 4231 1838 4285; x_wconf 90' lang='lat' dir='ltr'><strong>hac</strong></span> <span class='ocrx_word' id='word_1_593' title='bbox 1881 4231 2023 4285; x_wconf 88' lang='lat' dir='ltr'><strong>enim</strong></span> <span class='ocrx_word' id='word_1_594' title='bbox 2073 4229 2324 4299; x_wconf 87' lang='lat' dir='ltr'><strong>disputat,</strong></span> 
     </span>
    </p>
   </div>
   <div class='ocr_carea' id='block_1_78' title="bbox 760 4321 2328 4401">
    <p class='ocr_par' dir='ltr' id='par_1_78' title="bbox 760 4321 2328 4401">
     <span class='ocr_line' id='line_1_78' title="bbox 760 4321 2328 4401; baseline -0.006 -14"><span class='ocrx_word' id='word_1_595' title='bbox 760 4352 879 4401; x_wconf 68' lang='lat' dir='ltr'><strong>qua}</strong></span> <span class='ocrx_word' id='word_1_596' title='bbox 913 4342 965 4386; x_wconf 92' lang='lat' dir='ltr'><strong>et</strong></span> <span class='ocrx_word' id='word_1_597' title='bbox 1001 4342 1207 4386; x_wconf 88' lang='lat' dir='ltr'><strong>mortua</strong></span> <span class='ocrx_word' id='word_1_598' title='bbox 1240 4339 1343 4392; x_wconf 84' lang='lat' dir='ltr'><strong>est,</strong></span> <span class='ocrx_word' id='word_1_599' title='bbox 1379 4338 1432 4383; x_wconf 92' lang='lat' dir='ltr'><strong>et</strong></span> <span class='ocrx_word' id='word_1_600' title='bbox 1465 4326 1699 4381; x_wconf 81' lang='lat' dir='ltr'><strong>excitata</strong></span> <span class='ocrx_word' id='word_1_601' title='bbox 1735 4339 1749 4377; x_wconf 89' lang='lat'><strong>:</strong></span> <span class='ocrx_word' id='word_1_602' title='bbox 1777 4321 2214 4393; x_wconf 83' lang='lat' dir='ltr'><strong>quandoquidem</strong></span> <span class='ocrx_word' id='word_1_603' title='bbox 2248 4323 2328 4377; x_wconf 85' lang='lat' dir='ltr'><strong>di-</strong></span> 
     </span>
    </p>
   </div>
   <div class='ocr_carea' id='block_1_79' title="bbox 2506 3686 4007 3758">
    <p class='ocr_par' dir='ltr' id='par_1_79' title="bbox 2506 3686 4007 3758">
     <span class='ocr_line' id='line_1_79' title="bbox 2506 3686 4007 3758; baseline 0.001 -19"><span class='ocrx_word' id='word_1_604' title='bbox 2506 3707 2523 3739; x_wconf 85' lang='grc' dir='ltr'><strong>ι</strong></span> <span class='ocrx_word' id='word_1_605' title='bbox 2560 3687 2666 3741; x_wconf 81' lang='lat' dir='ltr'><strong>Kal</strong></span> <span class='ocrx_word' id='word_1_606' title='bbox 2700 3686 2951 3740; x_wconf 84' lang='grc' dir='ltr'>ἐκάθισεν</span> <span class='ocrx_word' id='word_1_607' title='bbox 3001 3689 3057 3740; x_wconf 88' lang='grc' dir='ltr'><strong>ἐν</strong></span> <span class='ocrx_word' id='word_1_608' title='bbox 3105 3689 3254 3758; x_wconf 80' lang='grc' dir='ltr'>δεξιᾷ</span> <span class='ocrx_word' id='word_1_609' title='bbox 3287 3690 3451 3743; x_wconf 77' lang='grc' dir='ltr'>αὑτοῦ</span> <span class='ocrx_word' id='word_1_610' title='bbox 3499 3693 3556 3744; x_wconf 88' lang='grc' dir='ltr'><strong>ἐν</strong></span> <span class='ocrx_word' id='word_1_611' title='bbox 3603 3691 3715 3752; x_wconf 80' lang='grc' dir='ltr'>τοῖς</span> <span class='ocrx_word' id='word_1_612' title='bbox 3766 3690 4007 3757; x_wconf 80' lang='grc' dir='ltr'>ἐπουρα-</span> 
     </span>
    </p>
   </div>
   <div class='ocr_carea' id='block_1_80' title="bbox 2430 3776 4006 3849">
    <p class='ocr_par' dir='ltr' id='par_1_80' title="bbox 2430 3776 4006 3849">
     <span class='ocr_line' id='line_1_80' title="bbox 2430 3776 4006 3849; baseline 0 -20"><span class='ocrx_word' id='word_1_613' title='bbox 2430 3776 2586 3839; x_wconf 86' lang='grc' dir='ltr'>νίοις,</span> <span class='ocrx_word' id='word_1_614' title='bbox 2621 3776 2877 3846; x_wconf 81' lang='grc' dir='ltr'>ὑπεράνω</span> <span class='ocrx_word' id='word_1_615' title='bbox 2911 3776 3092 3846; x_wconf 81' lang='grc' dir='ltr'>πάσης</span> <span class='ocrx_word' id='word_1_616' title='bbox 3125 3779 3319 3849; x_wconf 81' lang='grc' dir='ltr'>ἀρχῆς,</span> <span class='ocrx_word' id='word_1_617' title='bbox 3358 3779 3453 3832; x_wconf 74' lang='grc' dir='ltr'>καὶ</span> <span class='ocrx_word' id='word_1_618' title='bbox 3482 3778 3752 3845; x_wconf 78' lang='grc' dir='ltr'>ἐξουσίας,</span> <span class='ocrx_word' id='word_1_619' title='bbox 3786 3780 3885 3830; x_wconf 73' lang='grc' dir='ltr'>καὶ</span> <span class='ocrx_word' id='word_1_620' title='bbox 3914 3778 4006 3829; x_wconf 78' lang='grc' dir='ltr'>δυο</span> 
     </span>
    </p>
   </div>
   <div class='ocr_carea' id='block_1_81' title="bbox 2429 3868 3992 3943">
    <p class='ocr_par' dir='ltr' id='par_1_81' title="bbox 2429 3868 3992 3943">
     <span class='ocr_line' id='line_1_81' title="bbox 2429 3868 3992 3943; baseline -0.004 -18"><span class='ocrx_word' id='word_1_621' title='bbox 2429 3873 2664 3940; x_wconf 86' lang='grc' dir='ltr'>νάμεως,</span> <span class='ocrx_word' id='word_1_622' title='bbox 2699 3873 2793 3925; x_wconf 76' lang='grc' dir='ltr'>καὶ</span> <span class='ocrx_word' id='word_1_623' title='bbox 2839 3873 3178 3943; x_wconf 75' lang='grc' dir='ltr'>κυριότητος.</span> <span class='ocrx_word' id='word_1_624' title='bbox 3221 3891 3239 3923; x_wconf 72' lang='grc' dir='ltr'><strong>ι</strong></span> <span class='ocrx_word' id='word_1_625' title='bbox 3277 3871 3390 3924; x_wconf 84' lang='grc' dir='ltr'>Οὑκ</span> <span class='ocrx_word' id='word_1_626' title='bbox 3437 3869 3608 3932; x_wconf 73' lang='grc' dir='ltr'>εἶπεν,</span> <span class='ocrx_word' id='word_1_627' title='bbox 3646 3869 3819 3932; x_wconf 82' lang='grc' dir='ltr'>Ἀνω,</span> <span class='ocrx_word' id='word_1_628' title='bbox 3850 3868 3992 3930; x_wconf 79' lang='grc' dir='ltr'>ἀλλ’,</span> 
     </span>
    </p>
   </div>
   <div class='ocr_carea' id='block_1_82' title="bbox 2433 3960 4007 4034">
    <p class='ocr_par' dir='ltr' id='par_1_82' title="bbox 2433 3960 4007 4034">
     <span class='ocr_line' id='line_1_82' title="bbox 2433 3960 4007 4034; baseline -0.001 -20"><span class='ocrx_word' id='word_1_629' title='bbox 2433 3983 2451 4014; x_wconf 76' lang='grc' dir='ltr'><strong>ι</strong></span> <span class='ocrx_word' id='word_1_630' title='bbox 2500 3964 2805 4034; x_wconf 74' lang='grc' dir='ltr'>’Υπσράνω,</span> <span class='ocrx_word' id='word_1_631' title='bbox 2842 3983 2858 4014; x_wconf 77' lang='grc' dir='ltr'><strong>ι</strong></span> <span class='ocrx_word' id='word_1_632' title='bbox 2892 3964 2979 4017; x_wconf 83' lang='grc' dir='ltr'><strong>ἴνα</strong></span> <span class='ocrx_word' id='word_1_633' title='bbox 3008 3963 3069 4015; x_wconf 83' lang='grc' dir='ltr'>τὸ</span> <span class='ocrx_word' id='word_1_634' title='bbox 3094 3963 3393 4032; x_wconf 81' lang='grc' dir='ltr'>ἀκρότατον</span> <span class='ocrx_word' id='word_1_635' title='bbox 3434 3962 3566 4030; x_wconf 71' lang='grc' dir='ltr'>ὕψος</span> <span class='ocrx_word' id='word_1_636' title='bbox 3592 3961 3831 4032; x_wconf 76' lang='grc' dir='ltr'>δηλώσῃ.</span> <span class='ocrx_word' id='word_1_637' title='bbox 3873 3960 4007 4012; x_wconf 73' lang='grc' dir='ltr'>Ἀπὸ</span> 
     </span>
    </p>
   </div>
   <div class='ocr_carea' id='block_1_83' title="bbox 2427 4054 4006 4126">
    <p class='ocr_par' dir='ltr' id='par_1_83' title="bbox 2427 4054 4006 4126">
     <span class='ocr_line' id='line_1_83' title="bbox 2427 4054 4006 4126; baseline -0.003 -18"><span class='ocrx_word' id='word_1_638' title='bbox 2427 4055 2535 4126; x_wconf 73' lang='grc' dir='ltr'><strong>γάρ</strong></span> <span class='ocrx_word' id='word_1_639' title='bbox 2554 4058 2648 4108; x_wconf 82' lang='grc' dir='ltr'>τοῦ</span> <span class='ocrx_word' id='word_1_640' title='bbox 2674 4057 2902 4126; x_wconf 80' lang='grc' dir='ltr'>ἐσχάτου</span> <span class='ocrx_word' id='word_1_641' title='bbox 2936 4056 3142 4125; x_wconf 80' lang='grc' dir='ltr'>βαθμοῦ</span> <span class='ocrx_word' id='word_1_642' title='bbox 3172 4056 3253 4117; x_wconf 78' lang='grc' dir='ltr'><strong>εἰς</strong></span> <span class='ocrx_word' id='word_1_643' title='bbox 3276 4054 3367 4107; x_wconf 83' lang='grc' dir='ltr'>τὸν</span> <span class='ocrx_word' id='word_1_644' title='bbox 3401 4054 3734 4123; x_wconf 62' lang='grc' dir='ltr'>ὑψηλότατον</span> <span class='ocrx_word' id='word_1_645' title='bbox 3759 4056 4006 4121; x_wconf 71' lang='grc' dir='ltr'>ἀνήγαγε</span> 
     </span>
    </p>
   </div>
   <div class='ocr_carea' id='block_1_84' title="bbox 2425 4145 4003 4217">
    <p class='ocr_par' dir='ltr' id='par_1_84' title="bbox 2425 4145 4003 4217">
     <span class='ocr_line' id='line_1_84' title="bbox 2425 4145 4003 4217; baseline -0.002 -18"><span class='ocrx_word' id='word_1_646' title='bbox 2425 4149 2526 4216; x_wconf 85' lang='grc' dir='ltr'><strong>τὴν</strong></span> <span class='ocrx_word' id='word_1_647' title='bbox 2580 4148 2926 4217; x_wconf 82' lang='grc' dir='ltr'>ἀνθρωπίνην</span> <span class='ocrx_word' id='word_1_648' title='bbox 2976 4151 3034 4201; x_wconf 90' lang='grc' dir='ltr'><strong>ἐν</strong></span> <span class='ocrx_word' id='word_1_649' title='bbox 3081 4147 3303 4217; x_wconf 82' lang='grc' dir='ltr'>Χριστῷ</span> <span class='ocrx_word' id='word_1_650' title='bbox 3350 4147 3533 4215; x_wconf 75' lang='grc' dir='ltr'>φύσιν.</span> <span class='ocrx_word' id='word_1_651' title='bbox 3598 4147 3734 4214; x_wconf 72' lang='grc' dir='ltr'>Περὶ</span> <span class='ocrx_word' id='word_1_652' title='bbox 3794 4145 4003 4213; x_wconf 75' lang='grc' dir='ltr'>ταύτης</span> 
     </span>
    </p>
   </div>
   <div class='ocr_carea' id='block_1_85' title="bbox 2425 4237 4000 4311">
    <p class='ocr_par' dir='ltr' id='par_1_85' title="bbox 2425 4237 4000 4311">
     <span class='ocr_line' id='line_1_85' title="bbox 2425 4237 4000 4311; baseline -0.003 -19"><span class='ocrx_word' id='word_1_653' title='bbox 2425 4239 2532 4311; x_wconf 85' lang='grc' dir='ltr'><strong>γάρ</strong></span> <span class='ocrx_word' id='word_1_654' title='bbox 2562 4239 2892 4306; x_wconf 83' lang='grc' dir='ltr'>διαλέγεται,</span> <span class='ocrx_word' id='word_1_655' title='bbox 2922 4239 3019 4307; x_wconf 85' lang='grc' dir='ltr'>τῆς</span> <span class='ocrx_word' id='word_1_656' title='bbox 3058 4240 3152 4291; x_wconf 76' lang='grc' dir='ltr'>καὶ</span> <span class='ocrx_word' id='word_1_657' title='bbox 3192 4238 3460 4308; x_wconf 83' lang='grc' dir='ltr'>θανούσης</span> <span class='ocrx_word' id='word_1_658' title='bbox 3504 4239 3598 4289; x_wconf 74' lang='grc' dir='ltr'><strong>καὶ</strong></span> <span class='ocrx_word' id='word_1_659' title='bbox 3644 4237 4000 4305; x_wconf 69' lang='grc' dir='ltr'>ἐγεροείσης·</span> 
     </span>
    </p>
   </div>
   <div class='ocr_carea' id='block_1_86' title="bbox 2427 4327 4003 4403">
    <p class='ocr_par' dir='ltr' id='par_1_86' title="bbox 2427 4327 4003 4403">
     <span class='ocr_line' id='line_1_86' title="bbox 2427 4327 4003 4403; baseline -0.004 -20"><span class='ocrx_word' id='word_1_660' title='bbox 2427 4332 2550 4383; x_wconf 78' lang='grc' dir='ltr'>ἐπεὶ</span> <span class='ocrx_word' id='word_1_661' title='bbox 2578 4332 2612 4403; x_wconf 69' lang='grc' dir='ltr'><strong>ἡ</strong></span> <span class='ocrx_word' id='word_1_662' title='bbox 2640 4348 2702 4398; x_wconf 88' lang='grc' dir='ltr'><strong>γε</strong></span> <span class='ocrx_word' id='word_1_663' title='bbox 2743 4330 2859 4383; x_wconf 87' lang='grc' dir='ltr'>θεία</span> <span class='ocrx_word' id='word_1_664' title='bbox 2907 4331 3067 4398; x_wconf 82' lang='grc' dir='ltr'>φύσις</span> <span class='ocrx_word' id='word_1_665' title='bbox 3113 4330 3235 4383; x_wconf 74' lang='grc' dir='ltr'>οὔτε</span> <span class='ocrx_word' id='word_1_666' title='bbox 3284 4331 3576 4389; x_wconf 77' lang='grc' dir='ltr'>ἀπέθανεν,</span> <span class='ocrx_word' id='word_1_667' title='bbox 3611 4329 3733 4379; x_wconf 65' lang='grc' dir='ltr'>οὔτε</span> <span class='ocrx_word' id='word_1_668' title='bbox 3765 4327 4003 4395; x_wconf 61' lang='grc' dir='ltr'>ἠγέρθη,</span> 
     </span>
    </p>
   </div>
   <div class='ocr_carea' id='block_1_87' title="bbox 761 4401 2387 4491">
    <p class='ocr_par' dir='ltr' id='par_1_87' title="bbox 761 4401 2387 4489">
     <span class='ocr_line' id='line_1_87' title="bbox 761 4401 2387 4489; baseline -0.007 -14"><span class='ocrx_word' id='word_1_669' title='bbox 761 4429 883 4478; x_wconf 72' lang='grc' dir='ltr'>ιῑηα</span> <span class='ocrx_word' id='word_1_670' title='bbox 936 4434 1123 4477; x_wconf 90' lang='lat' dir='ltr'><strong>natura</strong></span> <span class='ocrx_word' id='word_1_671' title='bbox 1184 4435 1356 4489; x_wconf 90' lang='lat' dir='ltr'><strong>neque</strong></span> <span class='ocrx_word' id='word_1_672' title='bbox 1416 4429 1622 4471; x_wconf 91' lang='lat' dir='ltr'><strong>mortua</strong></span> <span class='ocrx_word' id='word_1_673' title='bbox 1678 4425 1783 4477; x_wconf 86' lang='lat' dir='ltr'><strong>est,</strong></span> <span class='ocrx_word' id='word_1_674' title='bbox 1841 4428 2013 4483; x_wconf 87' lang='lat' dir='ltr'><strong>neque</strong></span> <span class='ocrx_word' id='word_1_675' title='bbox 2063 4415 2326 4476; x_wconf 80' lang='lat' dir='ltr'><strong>excitata,</strong></span> <span class='ocrx_word' id='word_1_676' title='bbox 2360 4401 2387 4457; x_wconf 81' lang='grc' dir='ltr'>Ῑ</span> 
     </span>
    </p>
   </div>
   <div class='ocr_carea' id='block_1_88' title="bbox 2419 4401 4006 4491">
    <p class='ocr_par' dir='ltr' id='par_1_88' title="bbox 2433 4415 4006 4491">
     <span class='ocr_line' id='line_1_88' title="bbox 2433 4415 4006 4491; baseline -0.004 -16"><span class='ocrx_word' id='word_1_677' title='bbox 2433 4421 2557 4475; x_wconf 75' lang='grc' dir='ltr'>οὒτε</span> <span class='ocrx_word' id='word_1_678' title='bbox 2594 4422 2806 4491; x_wconf 59' lang='grc' dir='ltr'>ὑψώθη,</span> <span class='ocrx_word' id='word_1_679' title='bbox 2832 4425 2866 4491; x_wconf 78' lang='grc' dir='ltr'>ἡ</span> <span class='ocrx_word' id='word_1_680' title='bbox 2896 4422 2981 4474; x_wconf 82' lang='grc' dir='ltr'><strong>ἀεὶ</strong></span> <span class='ocrx_word' id='word_1_681' title='bbox 3007 4423 3149 4490; x_wconf 78' lang='grc' dir='ltr'>ὑπὲρ</span> <span class='ocrx_word' id='word_1_682' title='bbox 3182 4425 3289 4473; x_wconf 73' lang='grc' dir='ltr'><strong>πᾶν</strong></span> <span class='ocrx_word' id='word_1_683' title='bbox 3326 4422 3456 4489; x_wconf 69' lang='grc' dir='ltr'>ὑψος</span> <span class='ocrx_word' id='word_1_684' title='bbox 3493 4416 3648 4474; x_wconf 71' lang='grc' dir='ltr'>οὖσα.</span> <span class='ocrx_word' id='word_1_685' title='bbox 3688 4420 3880 4487; x_wconf 54' lang='lat' dir='ltr'><strong>Ilion;</strong></span> <span class='ocrx_word' id='word_1_686' title='bbox 3912 4415 4006 4470; x_wconf 67' lang='grc' dir='ltr'><strong>οὖν</strong></span> 
     </span>
    </p>
   </div>
   <div class='ocr_carea' id='block_1_89' title="bbox 763 4507 2324 4585">
    <p class='ocr_par' dir='ltr' id='par_1_89' title="bbox 763 4507 2324 4585">
     <span class='ocr_line' id='line_1_89' title="bbox 763 4507 2324 4585; baseline -0.006 -18"><span class='ocrx_word' id='word_1_687' title='bbox 763 4530 935 4585; x_wconf 69' lang='grc' dir='ltr'>ιιιηυε</span> <span class='ocrx_word' id='word_1_688' title='bbox 984 4515 1239 4573; x_wconf 85' lang='lat' dir='ltr'><strong>exaltata,</strong></span> <span class='ocrx_word' id='word_1_689' title='bbox 1286 4525 1403 4578; x_wconf 68' lang='lat' dir='ltr'><strong>qua:</strong></span> <span class='ocrx_word' id='word_1_690' title='bbox 1435 4523 1701 4576; x_wconf 87' lang='lat' dir='ltr'><strong>nunquam</strong></span> <span class='ocrx_word' id='word_1_691' title='bbox 1750 4523 1858 4562; x_wconf 88' lang='lat' dir='ltr'><strong>non</strong></span> <span class='ocrx_word' id='word_1_692' title='bbox 1898 4521 2112 4560; x_wconf 89' lang='lat' dir='ltr'><strong>omnem</strong></span> <span class='ocrx_word' id='word_1_693' title='bbox 2144 4507 2324 4560; x_wconf 78' lang='lat' dir='ltr'><strong>altitu-</strong></span> 
     </span>
    </p>
   </div>
   <div class='ocr_carea' id='block_1_90' title="bbox 763 4598 2325 4670">
    <p class='ocr_par' dir='ltr' id='par_1_90' title="bbox 763 4598 2325 4670">
     <span class='ocr_line' id='line_1_90' title="bbox 763 4598 2325 4670; baseline -0.002 -15"><span class='ocrx_word' id='word_1_694' title='bbox 763 4608 939 4659; x_wconf 89' lang='lat' dir='ltr'><strong>dinem</strong></span> <span class='ocrx_word' id='word_1_695' title='bbox 962 4604 1195 4659; x_wconf 79' lang='lat' dir='ltr'><strong>excellit.</strong></span> <span class='ocrx_word' id='word_1_696' title='bbox 1225 4602 1481 4670; x_wconf 85' lang='lat' dir='ltr'><strong>Superior</strong></span> <span class='ocrx_word' id='word_1_697' title='bbox 1507 4601 1670 4670; x_wconf 74' lang='lat' dir='ltr'><strong>igitur</strong></span> <span class='ocrx_word' id='word_1_698' title='bbox 1694 4600 1842 4655; x_wconf 88' lang='lat' dir='ltr'><strong>omni</strong></span> <span class='ocrx_word' id='word_1_699' title='bbox 1871 4598 2110 4669; x_wconf 81' lang='lat' dir='ltr'><strong>angelica</strong></span> <span class='ocrx_word' id='word_1_700' title='bbox 2137 4609 2325 4666; x_wconf 87' lang='lat' dir='ltr'><strong>poten-</strong></span> 
     </span>
    </p>
   </div>
   <div class='ocr_carea' id='block_1_91' title="bbox 762 4688 2324 4757">
    <p class='ocr_par' dir='ltr' id='par_1_91' title="bbox 762 4688 2324 4757">
     <span class='ocr_line' id='line_1_91' title="bbox 762 4688 2324 4757; baseline -0.006 -8"><span class='ocrx_word' id='word_1_701' title='bbox 762 4698 833 4749; x_wconf 89' lang='lat' dir='ltr'><strong>tia</strong></span> <span class='ocrx_word' id='word_1_702' title='bbox 862 4694 1152 4750; x_wconf 89' lang='lat' dir='ltr'><strong>constituta</strong></span> <span class='ocrx_word' id='word_1_703' title='bbox 1176 4701 1257 4748; x_wconf 91' lang='lat' dir='ltr'><strong>est</strong></span> <span class='ocrx_word' id='word_1_704' title='bbox 1286 4693 1520 4746; x_wconf 88' lang='lat' dir='ltr'><strong>humana</strong></span> <span class='ocrx_word' id='word_1_705' title='bbox 1547 4699 1760 4753; x_wconf 89' lang='lat' dir='ltr'><strong>natura,</strong></span> <span class='ocrx_word' id='word_1_706' title='bbox 1786 4702 1905 4757; x_wconf 72' lang='lat' dir='ltr'><strong>qua:</strong></span> <span class='ocrx_word' id='word_1_707' title='bbox 1938 4697 2093 4741; x_wconf 78' lang='lat' dir='ltr'><strong>antea</strong></span> <span class='ocrx_word' id='word_1_708' title='bbox 2117 4688 2324 4743; x_wconf 87' lang='lat' dir='ltr'><strong>abomi-</strong></span> 
     </span>
    </p>
   </div>
   <div class='ocr_carea' id='block_1_92' title="bbox 762 4787 1099 4839">
    <p class='ocr_par' dir='ltr' id='par_1_92' title="bbox 762 4787 1099 4839">
     <span class='ocr_line' id='line_1_92' title="bbox 762 4787 1099 4839; baseline -0.012 0"><span class='ocrx_word' id='word_1_709' title='bbox 762 4787 937 4839; x_wconf 86' lang='lat' dir='ltr'><strong>nanda</strong></span> <span class='ocrx_word' id='word_1_710' title='bbox 966 4794 1099 4837; x_wconf 88' lang='lat' dir='ltr'><strong>erat.</strong></span> 
     </span>
    </p>
   </div>
   <div class='ocr_carea' id='block_1_93' title="bbox 839 4867 2322 4941">
    <p class='ocr_par' dir='ltr' id='par_1_93' title="bbox 839 4867 2322 4941">
     <span class='ocr_line' id='line_1_93' title="bbox 839 4867 2322 4941; baseline -0.004 -14"><span class='ocrx_word' id='word_1_711' title='bbox 839 4897 856 4927; x_wconf 77' lang='grc' dir='ltr'><strong>ι</strong></span> <span class='ocrx_word' id='word_1_712' title='bbox 900 4876 963 4927; x_wconf 86' lang='grc' dir='ltr'>Ει</span> <span class='ocrx_word' id='word_1_713' title='bbox 993 4889 1151 4928; x_wconf 86' lang='lat' dir='ltr'><strong>omne</strong></span> <span class='ocrx_word' id='word_1_714' title='bbox 1210 4887 1399 4925; x_wconf 90' lang='lat' dir='ltr'><strong>nomen</strong></span> <span class='ocrx_word' id='word_1_715' title='bbox 1442 4873 1584 4941; x_wconf 92' lang='lat' dir='ltr'><strong>quod</strong></span> <span class='ocrx_word' id='word_1_716' title='bbox 1626 4870 1953 4933; x_wconf 88' lang='lat' dir='ltr'><strong>nominatur,</strong></span> <span class='ocrx_word' id='word_1_717' title='bbox 2002 4884 2106 4922; x_wconf 93' lang='lat' dir='ltr'><strong>non</strong></span> <span class='ocrx_word' id='word_1_718' title='bbox 2151 4867 2322 4922; x_wconf 81' lang='lat' dir='ltr'><strong>solum</strong></span> 
     </span>
    </p>
   </div>
   <div class='ocr_carea' id='block_1_94' title="bbox 766 4955 2319 5025">
    <p class='ocr_par' dir='ltr' id='par_1_94' title="bbox 766 4955 2319 5025">
     <span class='ocr_line' id='line_1_94' title="bbox 766 4955 2319 5025; baseline -0.008 -5"><span class='ocrx_word' id='word_1_719' title='bbox 766 4970 817 5020; x_wconf 92' lang='lat' dir='ltr'><strong>in</strong></span> <span class='ocrx_word' id='word_1_720' title='bbox 875 4967 974 5019; x_wconf 92' lang='lat' dir='ltr'><strong>hoc</strong></span> <span class='ocrx_word' id='word_1_721' title='bbox 1014 4962 1231 5024; x_wconf 63' lang='lat' dir='ltr'><strong>sarculo,</strong></span> <span class='ocrx_word' id='word_1_722' title='bbox 1268 4976 1455 5014; x_wconf 82' lang='lat' dir='ltr'><strong>vetutn</strong></span> <span class='ocrx_word' id='word_1_723' title='bbox 1483 4959 1646 5013; x_wconf 89' lang='lat' dir='ltr'><strong>etiam</strong></span> <span class='ocrx_word' id='word_1_724' title='bbox 1698 4960 1749 5011; x_wconf 93' lang='lat' dir='ltr'><strong>in</strong></span> <span class='ocrx_word' id='word_1_725' title='bbox 1789 4956 1991 5010; x_wconf 76' lang='lat' dir='ltr'><strong>futuro.</strong></span> <span class='ocrx_word' id='word_1_726' title='bbox 2028 4976 2045 5008; x_wconf 75' lang='grc' dir='ltr'><strong>ι</strong></span> <span class='ocrx_word' id='word_1_727' title='bbox 2084 4956 2137 5009; x_wconf 90' lang='lat' dir='ltr'><strong>Si</strong></span> <span class='ocrx_word' id='word_1_728' title='bbox 2171 4955 2319 5025; x_wconf 77' lang='lat' dir='ltr'><strong>quid,</strong></span> 
     </span>
    </p>
   </div>
   <div class='ocr_carea' id='block_1_95' title="bbox 766 5046 2322 5125">
    <p class='ocr_par' dir='ltr' id='par_1_95' title="bbox 766 5046 2322 5125">
     <span class='ocr_line' id='line_1_95' title="bbox 766 5046 2322 5125; baseline -0.006 -16"><span class='ocrx_word' id='word_1_729' title='bbox 766 5058 961 5125; x_wconf 87' lang='lat' dir='ltr'><strong>inquit,</strong></span> <span class='ocrx_word' id='word_1_730' title='bbox 1010 5054 1060 5107; x_wconf 91' lang='lat' dir='ltr'><strong>in</strong></span> <span class='ocrx_word' id='word_1_731' title='bbox 1092 5052 1225 5106; x_wconf 74' lang='lat' dir='ltr'><strong>cmlu</strong></span> <span class='ocrx_word' id='word_1_732' title='bbox 1251 5063 1353 5114; x_wconf 88' lang='lat' dir='ltr'><strong>est,</strong></span> <span class='ocrx_word' id='word_1_733' title='bbox 1388 5050 1610 5104; x_wconf 77' lang='lat' dir='ltr'><strong>inferius</strong></span> <span class='ocrx_word' id='word_1_734' title='bbox 1642 5058 1725 5103; x_wconf 86' lang='lat' dir='ltr'><strong>est</strong></span> <span class='ocrx_word' id='word_1_735' title='bbox 1772 5057 2045 5117; x_wconf 86' lang='lat' dir='ltr'><strong>assumpto</strong></span> <span class='ocrx_word' id='word_1_736' title='bbox 2087 5058 2141 5101; x_wconf 90' lang='lat' dir='ltr'><strong>ct</strong></span> <span class='ocrx_word' id='word_1_737' title='bbox 2171 5046 2322 5100; x_wconf 74' lang='lat' dir='ltr'><strong>exal-</strong></span> 
     </span>
    </p>
   </div>
   <div class='ocr_carea' id='block_1_96' title="bbox 766 5139 2323 5212">
    <p class='ocr_par' dir='ltr' id='par_1_96' title="bbox 766 5139 2323 5212">
     <span class='ocr_line' id='line_1_96' title="bbox 766 5139 2323 5212; baseline -0.006 -12"><span class='ocrx_word' id='word_1_738' title='bbox 766 5159 896 5212; x_wconf 89' lang='lat' dir='ltr'><strong>tato,</strong></span> <span class='ocrx_word' id='word_1_739' title='bbox 934 5145 1248 5212; x_wconf 85' lang='lat' dir='ltr'><strong>cunctisque</strong></span> <span class='ocrx_word' id='word_1_740' title='bbox 1280 5144 1391 5211; x_wconf 86' lang='lat' dir='ltr'><strong>ipse</strong></span> <span class='ocrx_word' id='word_1_741' title='bbox 1428 5152 1511 5195; x_wconf 90' lang='lat' dir='ltr'><strong>est</strong></span> <span class='ocrx_word' id='word_1_742' title='bbox 1540 5140 1804 5209; x_wconf 75' lang='lat' dir='ltr'><strong>superior.</strong></span> <span class='ocrx_word' id='word_1_743' title='bbox 1846 5139 2111 5193; x_wconf 80' lang='lat' dir='ltr'><strong>Discitnus</strong></span> <span class='ocrx_word' id='word_1_744' title='bbox 2146 5146 2323 5192; x_wconf 88' lang='lat' dir='ltr'><strong>autem</strong></span> 
     </span>
    </p>
   </div>
   <div class='ocr_carea' id='block_1_97' title="bbox 765 5230 2324 5308">
    <p class='ocr_par' dir='ltr' id='par_1_97' title="bbox 765 5230 2324 5308">
     <span class='ocr_line' id='line_1_97' title="bbox 765 5230 2324 5308; baseline -0.004 -18"><span class='ocrx_word' id='word_1_745' title='bbox 765 5240 1021 5308; x_wconf 86' lang='lat' dir='ltr'><strong>quasdam</strong></span> <span class='ocrx_word' id='word_1_746' title='bbox 1069 5250 1188 5292; x_wconf 88' lang='lat' dir='ltr'><strong>esse</strong></span> <span class='ocrx_word' id='word_1_747' title='bbox 1214 5235 1480 5305; x_wconf 86' lang='lat' dir='ltr'><strong>potentias</strong></span> <span class='ocrx_word' id='word_1_748' title='bbox 1521 5232 1770 5301; x_wconf 70' lang='lat' dir='ltr'><strong>quaajam</strong></span> <span class='ocrx_word' id='word_1_749' title='bbox 1813 5232 2027 5301; x_wconf 91' lang='lat' dir='ltr'><strong>quidem</strong></span> <span class='ocrx_word' id='word_1_750' title='bbox 2060 5230 2324 5284; x_wconf 88' lang='lat' dir='ltr'><strong>nominari</strong></span> 
     </span>
    </p>
   </div>
   <div class='ocr_carea' id='block_1_98' title="bbox 766 5327 1785 5401">
    <p class='ocr_par' dir='ltr' id='par_1_98' title="bbox 766 5327 1785 5401">
     <span class='ocr_line' id='line_1_98' title="bbox 766 5327 1785 5401; baseline -0.008 -15"><span class='ocrx_word' id='word_1_751' title='bbox 766 5340 1055 5401; x_wconf 80' lang='lat' dir='ltr'><strong>nequeunt,</strong></span> <span class='ocrx_word' id='word_1_752' title='bbox 1085 5339 1194 5383; x_wconf 89' lang='lat' dir='ltr'><strong>tum</strong></span> <span class='ocrx_word' id='word_1_753' title='bbox 1220 5342 1347 5381; x_wconf 73' lang='lat' dir='ltr'><strong>vero</strong></span> <span class='ocrx_word' id='word_1_754' title='bbox 1385 5327 1785 5381; x_wconf 80' lang='lat' dir='ltr'><strong>revelabntttur.</strong></span> 
     </span>
    </p>
   </div>
   <div class='ocr_carea' id='block_1_99' title="bbox 839 5416 2319 5484">
    <p class='ocr_par' dir='ltr' id='par_1_99' title="bbox 839 5416 2319 5484">
     <span class='ocr_line' id='line_1_99' title="bbox 839 5416 2319 5484; baseline -0.007 -9"><span class='ocrx_word' id='word_1_755' title='bbox 839 5422 1111 5475; x_wconf 67' lang='lat' dir='ltr'><strong>V’eas.9.~2.</strong></span> <span class='ocrx_word' id='word_1_756' title='bbox 1152 5440 1168 5470; x_wconf 79' lang='grc' dir='ltr'><strong>ι</strong></span> <span class='ocrx_word' id='word_1_757' title='bbox 1218 5420 1282 5473; x_wconf 81' lang='lat' dir='ltr'><strong>Et</strong></span> <span class='ocrx_word' id='word_1_758' title='bbox 1313 5419 1491 5471; x_wconf 89' lang='lat' dir='ltr'><strong>omnia</strong></span> <span class='ocrx_word' id='word_1_759' title='bbox 1542 5417 1769 5484; x_wconf 88' lang='lat' dir='ltr'><strong>suhjecit</strong></span> <span class='ocrx_word' id='word_1_760' title='bbox 1812 5416 1911 5469; x_wconf 89' lang='lat' dir='ltr'><strong>sub</strong></span> <span class='ocrx_word' id='word_1_761' title='bbox 1939 5416 2096 5481; x_wconf 86' lang='lat' dir='ltr'><strong>pedes</strong></span> <span class='ocrx_word' id='word_1_762' title='bbox 2125 5416 2260 5484; x_wconf 87' lang='lat' dir='ltr'><strong>ejus.</strong></span> <span class='ocrx_word' id='word_1_763' title='bbox 2301 5433 2319 5465; x_wconf 74' lang='grc' dir='ltr'><strong>ι</strong></span> 
     </span>
    </p>
   </div>
   <div class='ocr_carea' id='block_1_100' title="bbox 771 5508 2325 5580">
    <p class='ocr_par' dir='ltr' id='par_1_100' title="bbox 771 5508 2325 5580">
     <span class='ocr_line' id='line_1_100' title="bbox 771 5508 2325 5580; baseline -0.006 -11"><span class='ocrx_word' id='word_1_764' title='bbox 771 5518 841 5569; x_wconf 65' lang='grc' dir='ltr'><strong>Νι·</strong></span> <span class='ocrx_word' id='word_1_765' title='bbox 871 5532 988 5568; x_wconf 75' lang='lat' dir='ltr'><strong>rum</strong></span> <span class='ocrx_word' id='word_1_766' title='bbox 1023 5516 1174 5567; x_wconf 89' lang='lat' dir='ltr'><strong>audis</strong></span> <span class='ocrx_word' id='word_1_767' title='bbox 1209 5514 1348 5580; x_wconf 83' lang='lat' dir='ltr'><strong>quod</strong></span> <span class='ocrx_word' id='word_1_768' title='bbox 1384 5511 1583 5565; x_wconf 81' lang='lat' dir='ltr'><strong>sederit</strong></span> <span class='ocrx_word' id='word_1_769' title='bbox 1622 5526 1805 5579; x_wconf 88' lang='lat' dir='ltr'><strong>supra,</strong></span> <span class='ocrx_word' id='word_1_770' title='bbox 1839 5510 2112 5563; x_wconf 80' lang='lat' dir='ltr'><strong>existimes</strong></span> <span class='ocrx_word' id='word_1_771' title='bbox 2151 5508 2325 5576; x_wconf 89' lang='lat' dir='ltr'><strong>ipsum</strong></span> 
     </span>
    </p>
   </div>
   <div class='ocr_carea' id='block_1_101' title="bbox 2427 4509 4004 4584">
    <p class='ocr_par' dir='ltr' id='par_1_101' title="bbox 2427 4509 4004 4584">
     <span class='ocr_line' id='line_1_101' title="bbox 2427 4509 4004 4584; baseline -0.003 -17"><span class='ocrx_word' id='word_1_772' title='bbox 2427 4515 2706 4584; x_wconf 81' lang='grc' dir='ltr'>δυνάμεως</span> <span class='ocrx_word' id='word_1_773' title='bbox 2729 4515 3025 4583; x_wconf 84' lang='grc' dir='ltr'>άγγελικῆς</span> <span class='ocrx_word' id='word_1_774' title='bbox 3078 4515 3262 4567; x_wconf 66' lang='grc' dir='ltr'>ἐπάνω</span> <span class='ocrx_word' id='word_1_775' title='bbox 3282 4513 3325 4544; x_wconf 81' lang='grc'><strong>’⁸</strong></span> <span class='ocrx_word' id='word_1_776' title='bbox 3349 4514 3600 4567; x_wconf 81' lang='grc' dir='ltr'>ἐκάθισεν</span> <span class='ocrx_word' id='word_1_777' title='bbox 3623 4514 3657 4581; x_wconf 79' lang='grc' dir='ltr'><strong>ἡ</strong></span> <span class='ocrx_word' id='word_1_778' title='bbox 3690 4513 3823 4584; x_wconf 67' lang='grc' dir='ltr'>πρὶν</span> <span class='ocrx_word' id='word_1_779' title='bbox 3850 4509 4004 4562; x_wconf 76' lang='grc' dir='ltr'>ἐσδε-</span> 
     </span>
    </p>
   </div>
   <div class='ocr_carea' id='block_1_102' title="bbox 2426 4608 2889 4677">
    <p class='ocr_par' dir='ltr' id='par_1_102' title="bbox 2426 4608 2889 4677">
     <span class='ocr_line' id='line_1_102' title="bbox 2426 4608 2889 4677; baseline 0.004 -18"><span class='ocrx_word' id='word_1_780' title='bbox 2426 4608 2669 4677; x_wconf 81' lang='grc' dir='ltr'>λυγμένη</span> <span class='ocrx_word' id='word_1_781' title='bbox 2708 4608 2889 4675; x_wconf 81' lang='grc' dir='ltr'>φύσις.</span> 
     </span>
    </p>
   </div>
   <div class='ocr_carea' id='block_1_103' title="bbox 2510 4867 4006 4939">
    <p class='ocr_par' dir='ltr' id='par_1_103' title="bbox 2510 4867 4006 4939">
     <span class='ocr_line' id='line_1_103' title="bbox 2510 4867 4006 4939; baseline -0.003 -18"><span class='ocrx_word' id='word_1_782' title='bbox 2510 4889 2527 4921; x_wconf 77' lang='grc' dir='ltr'><strong>ι</strong></span> <span class='ocrx_word' id='word_1_783' title='bbox 2571 4872 2679 4924; x_wconf 80' lang='lat' dir='ltr'><strong>Kal</strong></span> <span class='ocrx_word' id='word_1_784' title='bbox 2701 4870 2899 4933; x_wconf 75' lang='grc' dir='ltr'>παντὸς</span> <span class='ocrx_word' id='word_1_785' title='bbox 2922 4869 3185 4939; x_wconf 74' lang='grc' dir='ltr'>ὀνόματος</span> <span class='ocrx_word' id='word_1_786' title='bbox 3209 4868 3635 4938; x_wconf 72' lang='grc' dir='ltr'>ὀνομαζομένου,</span> <span class='ocrx_word' id='word_1_787' title='bbox 3665 4867 3727 4919; x_wconf 79' lang='grc' dir='ltr'><strong>οὑ</strong></span> <span class='ocrx_word' id='word_1_788' title='bbox 3757 4867 3924 4934; x_wconf 74' lang='grc' dir='ltr'>μόνον</span> <span class='ocrx_word' id='word_1_789' title='bbox 3951 4869 4006 4918; x_wconf 79' lang='grc' dir='ltr'><strong>ἐν</strong></span> 
     </span>
    </p>
   </div>
   <div class='ocr_carea' id='block_1_104' title="bbox 2432 4959 4004 5031">
    <p class='ocr_par' dir='ltr' id='par_1_104' title="bbox 2432 4959 4004 5031">
     <span class='ocr_line' id='line_1_104' title="bbox 2432 4959 4004 5031; baseline -0.004 -15"><span class='ocrx_word' id='word_1_790' title='bbox 2432 4962 2508 5031; x_wconf 82' lang='grc' dir='ltr'><strong>τῷ</strong></span> <span class='ocrx_word' id='word_1_791' title='bbox 2554 4962 2708 5017; x_wconf 76' lang='grc' dir='ltr'>αἰῶνι</span> <span class='ocrx_word' id='word_1_792' title='bbox 2740 4961 2935 5029; x_wconf 85' lang='grc' dir='ltr'>τούτῳ,</span> <span class='ocrx_word' id='word_1_793' title='bbox 2968 4963 3104 5016; x_wconf 83' lang='grc' dir='ltr'>ἀλλά</span> <span class='ocrx_word' id='word_1_794' title='bbox 3136 4962 3229 5014; x_wconf 78' lang='grc' dir='ltr'>καὶ</span> <span class='ocrx_word' id='word_1_795' title='bbox 3270 4962 3327 5012; x_wconf 86' lang='grc' dir='ltr'><strong>ἐν</strong></span> <span class='ocrx_word' id='word_1_796' title='bbox 3357 4959 3433 5029; x_wconf 72' lang='grc' dir='ltr'>τῷ</span> <span class='ocrx_word' id='word_1_797' title='bbox 3468 4960 3735 5028; x_wconf 76' lang='grc' dir='ltr'>μέλλοντι.</span> <span class='ocrx_word' id='word_1_798' title='bbox 3780 4978 3798 5009; x_wconf 77' lang='grc' dir='ltr'><strong>ι</strong></span> <span class='ocrx_word' id='word_1_799' title='bbox 3841 4959 3911 5011; x_wconf 76' lang='grc' dir='ltr'><strong>Εἴ</strong></span> <span class='ocrx_word' id='word_1_800' title='bbox 3935 4976 4004 5020; x_wconf 81' lang='grc' dir='ltr'><strong>τι,</strong></span> 
     </span>
    </p>
   </div>
   <div class='ocr_carea' id='block_1_105' title="bbox 2431 5050 4007 5123">
    <p class='ocr_par' dir='ltr' id='par_1_105' title="bbox 2431 5050 4007 5123">
     <span class='ocr_line' id='line_1_105' title="bbox 2431 5050 4007 5123; baseline -0.005 -16"><span class='ocrx_word' id='word_1_801' title='bbox 2431 5056 2616 5123; x_wconf 82' lang='grc' dir='ltr'>φησὶν,</span> <span class='ocrx_word' id='word_1_802' title='bbox 2635 5056 2692 5107; x_wconf 91' lang='grc' dir='ltr'><strong>ἐν</strong></span> <span class='ocrx_word' id='word_1_803' title='bbox 2710 5054 2786 5123; x_wconf 82' lang='grc' dir='ltr'>τῷ</span> <span class='ocrx_word' id='word_1_804' title='bbox 2806 5055 2864 5107; x_wconf 73' lang='grc' dir='ltr'>οὗ</span> <span class='ocrx_word' id='word_1_805' title='bbox 2874 5054 3018 5123; x_wconf 84' lang='grc' dir='ltr'>ρανῷ</span> <span class='ocrx_word' id='word_1_806' title='bbox 3038 5057 3169 5113; x_wconf 78' lang='grc' dir='ltr'>ἐστι,</span> <span class='ocrx_word' id='word_1_807' title='bbox 3197 5050 3400 5105; x_wconf 83' lang='grc' dir='ltr'>κατώτε</span> <span class='ocrx_word' id='word_1_808' title='bbox 3413 5069 3501 5122; x_wconf 90' lang='grc' dir='ltr'><strong>ρον</strong></span> <span class='ocrx_word' id='word_1_809' title='bbox 3517 5050 3609 5103; x_wconf 73' lang='grc' dir='ltr'>τοῦ</span> <span class='ocrx_word' id='word_1_810' title='bbox 3629 5050 4007 5119; x_wconf 69' lang='grc' dir='ltr'>προσληφθέν-</span> 
     </span>
    </p>
   </div>
   <div class='ocr_carea' id='block_1_106' title="bbox 2431 5140 4005 5212">
    <p class='ocr_par' dir='ltr' id='par_1_106' title="bbox 2431 5140 4005 5212">
     <span class='ocr_line' id='line_1_106' title="bbox 2431 5140 4005 5212; baseline -0.004 -14"><span class='ocrx_word' id='word_1_811' title='bbox 2431 5161 2523 5206; x_wconf 87' lang='grc' dir='ltr'><strong>τος</strong></span> <span class='ocrx_word' id='word_1_812' title='bbox 2556 5143 2652 5197; x_wconf 86' lang='grc' dir='ltr'>καὶ</span> <span class='ocrx_word' id='word_1_813' title='bbox 2698 5143 2999 5212; x_wconf 78' lang='grc' dir='ltr'>ὑψωθέντος</span> <span class='ocrx_word' id='word_1_814' title='bbox 3030 5145 3165 5205; x_wconf 70' lang='grc' dir='ltr'>ἐστὶ,</span> <span class='ocrx_word' id='word_1_815' title='bbox 3201 5143 3293 5195; x_wconf 71' lang='grc' dir='ltr'>καὶ</span> <span class='ocrx_word' id='word_1_816' title='bbox 3324 5141 3538 5194; x_wconf 83' lang='grc' dir='ltr'>πάντων</span> <span class='ocrx_word' id='word_1_817' title='bbox 3563 5141 3725 5202; x_wconf 70' lang='grc' dir='ltr'>αὑτὸς</span> <span class='ocrx_word' id='word_1_818' title='bbox 3770 5140 4005 5208; x_wconf 74' lang='grc' dir='ltr'>ὑπέρτε-</span> 
     </span>
    </p>
   </div>
   <div class='ocr_carea' id='block_1_107' title="bbox 2434 5230 4003 5304">
    <p class='ocr_par' dir='ltr' id='par_1_107' title="bbox 2434 5230 4003 5304">
     <span class='ocr_line' id='line_1_107' title="bbox 2434 5230 4003 5304; baseline -0.002 -19"><span class='ocrx_word' id='word_1_819' title='bbox 2434 5251 2547 5304; x_wconf 86' lang='grc' dir='ltr'>ρος.</span> <span class='ocrx_word' id='word_1_820' title='bbox 2571 5235 2928 5304; x_wconf 80' lang='grc' dir='ltr'>Μανθάνομεν</span> <span class='ocrx_word' id='word_1_821' title='bbox 2964 5236 3041 5299; x_wconf 82' lang='grc' dir='ltr'>δὲ,</span> <span class='ocrx_word' id='word_1_822' title='bbox 3077 5236 3156 5286; x_wconf 74' lang='grc' dir='ltr'><strong>ὅτι</strong></span> <span class='ocrx_word' id='word_1_823' title='bbox 3186 5234 3290 5286; x_wconf 83' lang='grc' dir='ltr'>είσί</span> <span class='ocrx_word' id='word_1_824' title='bbox 3314 5250 3457 5295; x_wconf 80' lang='grc' dir='ltr'>τινες</span> <span class='ocrx_word' id='word_1_825' title='bbox 3486 5233 3748 5299; x_wconf 78' lang='grc' dir='ltr'>δυνάμεις</span> <span class='ocrx_word' id='word_1_826' title='bbox 3775 5230 3874 5283; x_wconf 79' lang='grc' dir='ltr'>νῦν</span> <span class='ocrx_word' id='word_1_827' title='bbox 3908 5234 4003 5301; x_wconf 75' lang='grc' dir='ltr'>μὲν</span> 
     </span>
    </p>
   </div>
   <div class='ocr_carea' id='block_1_108' title="bbox 2432 5322 3772 5395">
    <p class='ocr_par' dir='ltr' id='par_1_108' title="bbox 2432 5322 3772 5395">
     <span class='ocr_line' id='line_1_108' title="bbox 2432 5322 3772 5395; baseline -0.003 -16"><span class='ocrx_word' id='word_1_828' title='bbox 2432 5326 2885 5395; x_wconf 82' lang='grc' dir='ltr'>ἁκατονόμαστοι,</span> <span class='ocrx_word' id='word_1_829' title='bbox 2926 5326 3047 5377; x_wconf 81' lang='grc' dir='ltr'>τότε</span> <span class='ocrx_word' id='word_1_830' title='bbox 3074 5324 3129 5376; x_wconf 83' lang='grc' dir='ltr'>δὲ</span> <span class='ocrx_word' id='word_1_831' title='bbox 3160 5322 3772 5390; x_wconf 67' lang='grc' dir='ltr'>ἁποκαλυρθησδμεναι.</span> 
     </span>
    </p>
   </div>
   <div class='ocr_carea' id='block_1_109' title="bbox 2512 5411 3992 5481">
    <p class='ocr_par' dir='ltr' id='par_1_109' title="bbox 2512 5411 3992 5481">
     <span class='ocr_line' id='line_1_109' title="bbox 2512 5411 3992 5481; baseline -0.005 -14"><span class='ocrx_word' id='word_1_832' title='bbox 2512 5436 2529 5467; x_wconf 80' lang='grc' dir='ltr'><strong>ι</strong></span> <span class='ocrx_word' id='word_1_833' title='bbox 2565 5418 2673 5469; x_wconf 87' lang='lat' dir='ltr'><strong>Kal</strong></span> <span class='ocrx_word' id='word_1_834' title='bbox 2704 5417 2878 5467; x_wconf 81' lang='grc' dir='ltr'>πάντα</span> <span class='ocrx_word' id='word_1_835' title='bbox 2912 5416 3177 5481; x_wconf 76' lang='grc' dir='ltr'>ὑπέταξεν</span> <span class='ocrx_word' id='word_1_836' title='bbox 3219 5415 3325 5467; x_wconf 81' lang='grc' dir='ltr'>ὑπὸ</span> <span class='ocrx_word' id='word_1_837' title='bbox 3373 5415 3497 5475; x_wconf 70' lang='grc' dir='ltr'>τοὺς</span> <span class='ocrx_word' id='word_1_838' title='bbox 3554 5413 3719 5473; x_wconf 63' lang='grc' dir='ltr'>πὸδας</span> <span class='ocrx_word' id='word_1_839' title='bbox 3751 5411 3919 5465; x_wconf 70' lang='grc' dir='ltr'>αὑτοῦ</span> <span class='ocrx_word' id='word_1_840' title='bbox 3975 5429 3992 5459; x_wconf 74' lang='grc' dir='ltr'><strong>ι</strong></span> 
     </span>
    </p>
   </div>
   <div class='ocr_carea' id='block_1_110' title="bbox 2436 5505 3998 5577">
    <p class='ocr_par' dir='ltr' id='par_1_110' title="bbox 2436 5505 3998 5577">
     <span class='ocr_line' id='line_1_110' title="bbox 2436 5505 3998 5577; baseline -0.003 -18"><span class='ocrx_word' id='word_1_841' title='bbox 2436 5507 2551 5561; x_wconf 76' lang='grc' dir='ltr'>ἰνα</span> <span class='ocrx_word' id='word_1_842' title='bbox 2574 5508 2646 5577; x_wconf 69' lang='grc' dir='ltr'>μὴ</span> <span class='ocrx_word' id='word_1_843' title='bbox 2672 5506 2906 5568; x_wconf 83' lang='grc' dir='ltr'>ἀκούσας</span> <span class='ocrx_word' id='word_1_844' title='bbox 2923 5508 2987 5571; x_wconf 67' lang='grc' dir='ltr'><strong>τε,</strong></span> <span class='ocrx_word' id='word_1_845' title='bbox 3020 5508 3098 5558; x_wconf 64' lang='grc' dir='ltr'>ἔτι</span> <span class='ocrx_word' id='word_1_846' title='bbox 3142 5525 3158 5556; x_wconf 83' lang='grc' dir='ltr'><strong>ι</strong></span> <span class='ocrx_word' id='word_1_847' title='bbox 3190 5505 3472 5558; x_wconf 76' lang='grc' dir='ltr'>Ἐκάθισεν</span> <span class='ocrx_word' id='word_1_848' title='bbox 3499 5506 3777 5574; x_wconf 73' lang='grc' dir='ltr'>ὑπεράνω,</span> <span class='ocrx_word' id='word_1_849' title='bbox 3803 5526 3821 5559; x_wconf 75' lang='grc' dir='ltr'><strong>ι</strong></span> <span class='ocrx_word' id='word_1_850' title='bbox 3853 5505 3998 5573; x_wconf 76' lang='grc' dir='ltr'>νομὶ-</span> 
     </span>
    </p>
   </div>
   <div class='ocr_carea' id='block_1_111' title="bbox 2107 5650 2651 5711">
    <p class='ocr_par' dir='ltr' id='par_1_111' title="bbox 2107 5650 2651 5711">
     <span class='ocr_line' id='line_1_111' title="bbox 2107 5650 2651 5711; baseline -0.002 -3"><span class='ocrx_word' id='word_1_851' title='bbox 2107 5650 2303 5710; x_wconf 75' lang='lat' dir='ltr'><strong>V&#39;arite</strong></span> <span class='ocrx_word' id='word_1_852' title='bbox 2328 5650 2651 5711; x_wconf 84' lang='lat' dir='ltr'><strong>lectiones.</strong></span> 
     </span>
    </p>
   </div>
   <div class='ocr_carea' id='block_1_112' title="bbox 837 5776 2029 5846">
    <p class='ocr_par' dir='ltr' id='par_1_112' title="bbox 837 5776 2029 5846">
     <span class='ocr_line' id='line_1_112' title="bbox 837 5776 2029 5846; baseline -0.002 -13"><span class='ocrx_word' id='word_1_853' title='bbox 837 5784 880 5812; x_wconf 81' lang='grc'><strong>⁷³</strong></span> <span class='ocrx_word' id='word_1_854' title='bbox 907 5780 1039 5833; x_wconf 66' lang='grc' dir='ltr'>αὐτὰ</span> <span class='ocrx_word' id='word_1_855' title='bbox 1069 5798 1113 5832; x_wconf 77' lang='grc' dir='ltr'><strong>ιι,</strong></span> <span class='ocrx_word' id='word_1_856' title='bbox 1194 5781 1237 5809; x_wconf 79' lang='grc'><strong>⁷³</strong></span> <span class='ocrx_word' id='word_1_857' title='bbox 1273 5777 1493 5845; x_wconf 70' lang='grc' dir='ltr'>μέγεθος</span> <span class='ocrx_word' id='word_1_858' title='bbox 1524 5776 1620 5843; x_wconf 77' lang='grc' dir='ltr'>τῆς</span> <span class='ocrx_word' id='word_1_859' title='bbox 1643 5776 1920 5846; x_wconf 80' lang='grc' dir='ltr'>δυνάμεως</span> <span class='ocrx_word' id='word_1_860' title='bbox 1960 5793 2029 5831; x_wconf 86' lang='grc' dir='ltr'>ιιι.</span> 
     </span>
    </p>
   </div>
   <div class='ocr_carea' id='block_1_113' title="bbox 2106 5776 3016 5847">
    <p class='ocr_par' dir='ltr' id='par_1_113' title="bbox 2106 5776 3016 5847">
     <span class='ocr_line' id='line_1_113' title="bbox 2106 5776 3016 5847; baseline -0.002 -18"><span class='ocrx_word' id='word_1_861' title='bbox 2106 5778 2149 5808; x_wconf 67' lang='grc'><strong>⁷³</strong></span> <span class='ocrx_word' id='word_1_862' title='bbox 2166 5777 2498 5847; x_wconf 77' lang='grc' dir='ltr'>ὁδηγούντων</span> <span class='ocrx_word' id='word_1_863' title='bbox 2538 5776 2912 5846; x_wconf 67' lang='grc' dir='ltr'>φρουρούντων</span> <span class='ocrx_word' id='word_1_864' title='bbox 2947 5791 3016 5827; x_wconf 86' lang='grc' dir='ltr'>ιιι.</span> 
     </span>
    </p>
   </div>
   <div class='ocr_carea' id='block_1_114' title="bbox 3096 5771 3986 5841">
    <p class='ocr_par' dir='ltr' id='par_1_114' title="bbox 3096 5771 3986 5841">
     <span class='ocr_line' id='line_1_114' title="bbox 3096 5771 3986 5841; baseline -0.007 -15"><span class='ocrx_word' id='word_1_865' title='bbox 3096 5774 3138 5804; x_wconf 70' lang='grc'><strong>⁷⁵</strong></span> <span class='ocrx_word' id='word_1_866' title='bbox 3179 5771 3435 5841; x_wconf 78' lang='grc' dir='ltr'>ὑπεράνω</span> <span class='ocrx_word' id='word_1_867' title='bbox 3460 5786 3512 5824; x_wconf 93' lang='lat' dir='ltr'><strong>o.</strong></span> <span class='ocrx_word' id='word_1_868' title='bbox 3616 5772 3662 5801; x_wconf 71' lang='grc' dir='ltr'><strong>τ’</strong></span> <span class='ocrx_word' id='word_1_869' title='bbox 3693 5771 3908 5824; x_wconf 71' lang='grc' dir='ltr'>ἁκούων</span> <span class='ocrx_word' id='word_1_870' title='bbox 3940 5781 3986 5821; x_wconf 90' lang='lat' dir='ltr'><strong>o.</strong></span> 
     </span>
    </p>
   </div>
  </div>
